4074 6260
486 382 494 390 ’
562 420 663 475 ενι

1620 416 1675 471 S.
1715 411 1992 471 CYRILLI
2025 408 2493 465 ALEXANDRINI
2532 406 2850 463 ARClllEP.

3709 397 3816 454 €92

560 545 619 593 et
648 535 853 592 dixitei
895 552 906 587 :
949 532 1089 600 Quid
1136 531 1410 588 somnium
1461 533 1563 587 hoc
1631 531 1778 602 quod
1823 529 2141 586 somniasti?

2250 544 2293 580 τι
2324 527 2417 580 καὶ
2449 526 2637 596 ἕτερον
2670 525 2762 576 ἐπὶ
2795 521 2926 592 τῷδε
2950 518 3298 590 τεθεαμένος,
3328 517 3621 587 ἀφηγεῖται
3654 518 3816 570 πάλιν

562 626 836 697 Numquid
872 626 1159 681 venientes
1173 629 1459 683 veniemus
1487 641 1610 698 ego,
1638 633 1696 680 et
1732 633 1910 679 mater
1940 633 2063 687 tua,
2083 631 2141 676 et

561 718 758 774 fratres
783 718 880 782 tui,
909 717 978 771 ad
1004 717 1343 773 adorandum
1374 729 1428 775 te
1461 733 1627 788 super
1662 717 1899 772 terram?
1923 715 2141 771 Invide-

565 817 696 863 runt
719 816 903 862 autem
942 808 997 863 ei
1034 808 1235 864 fratres
1269 811 1408 881 ejus,
1442 816 1498 864 at
1541 817 1696 879 pater
1741 807 1861 877 ejus
1904 804 2141 861 servavit

563 900 796 953 verbum
823 898 1277 955 ⁸⁸.»Ατιίίίοἱοειιε
1303 916 1493 962 senex,
1520 909 1576 954 et
1593 913 1830 968 superna
1849 897 2142 967 prudentia

565 990 860 1045 excellens.
884 989 1148 1060 intelligit
1174 991 1322 1046 enim
1348 991 1623 1045 visionum
1660 989 1771 1043 vim
1799 1007 1811 1040 :
1839 988 2143 1058 increpavit

568 1089 753 1135 autem
793 1080 992 1143 tilium,
1020 1080 1210 1135 dicens
1237 1099 1249 1133 :
1282 1099 1300 1132 ι
1328 1080 1606 1149 Numquid
1639 1079 1924 1135 venientes
1951 1078 2141 1133 venie-

570 1186 696 1226 mus
725 1187 848 1242 ego,
871 1180 926 1225 et
955 1176 1262 1239 materitua,
1288 1179 1343 1226 et
1368 1171 1564 1226 fratres
1587 1171 1687 1235 tui,
1716 1171 1782 1225 ad
1802 1170 2143 1224 adorandum

575 1268 626 1313 te
653 1275 818 1329 super
843 1265 1081 1314 terram?
1108 1279 1124 1310 ι
1155 1260 1221 1315 Et
1248 1260 1371 1330 quis
1402 1259 1686 1313 advertat?
1720 1268 1779 1312 ut
1818 1258 2040 1327 sapiens
2079 1273 2144 1312 ac

573 1349 884 1404 necessaria
923 1349 1224 1418 increpatio
1250 1349 1516 1403 adhibita.
1546 1347 1800 1404 Occurrit
1841 1348 1989 1401 enim
2025 1348 2141 1403 ele-

572 1448 763 1509 ganter
782 1438 1122 1493 audientium
1148 1439 1455 1504 invidize,et
1475 1440 1645 1493 nimia
1669 1438 1998 1493 conﬁdentia
2021 1452 2146 1509 per-

572 1529 754 1584 fusum
782 1530 1040 1599 juvenem
1081 1530 1380 1600 compescit
1406 1546 1472 1585 ac
1496 1538 1784 1599 temperat,
1811 1544 1988 1599 neque
2014 1528 2146 1583 sinit

573 1620 975 1675 adolescentem
1022 1621 1426 1675 insomniorum
1471 1636 1567 1690 spe
1612 1622 1810 1675 fratres
1841 1619 2142 1689 despicere,

572 1726 754 1781 neque
794 1711 1059 1765 honorem
1092 1711 1236 1781 patri
1272 1711 1520 1767 debitum
1563 1713 1729 1767 stulte
1772 1720 2143 1778 contemnere,

575 1801 1013 1872 intempestivam
1054 1802 1252 1858 futura:
1290 1803 1572 1873 dignitatis
1612 1805 1988 1859 excellentiam
2040 1805 2145 1859 sibi

576 1893 897 1964 arrogando.
924 1893 1061 1949 Vide
1088 1895 1236 1951 enim
1271 1909 1382 1964 quo
1421 1902 1581 1965 pacto
1618 1895 1898 1965 ingeniose
1939 1896 2147 1951 insom-

577 1983 798 2037 niorum
825 1986 936 2038 vim
969 1985 1037 2039 ad
1085 1993 1298 2040 certum
1347 2000 1629 2056 egressum
1672 1985 1889 2057 redigit.
1935 1986 2149 2041 Mortua

577 2072 726 2145 enim
758 2074 871 2144 jam
909 2075 1134 2141 Rachel,
1176 2092 1298 2147 quae
1325 2077 1625 2147 Josephum
1652 2078 1905 2147 peperit:
1940 2078 2149 2132 «Num-

578 2164 712 2233 quid
738 2180 859 2235 ego,
884 2165 1079 2236 inquit,
1098 2175 1154 2221 et
1176 2176 1350 2223 mater
1380 2176 1472 2223 tua
1496 2168 1848 2224 adorabimus
1871 2176 1921 2224 te
1937 2167 2151 2224 ?»Fecit

579 2266 764 2329 autem
800 2259 874 2325 id,
900 2267 960 2313 ut
998 2259 1159 2313 modo
1184 2260 1318 2325 dixi,
1342 2268 1403 2314 ut
1427 2261 1688 2331 juvenilis
1718 2260 1918 2316 mentis
1952 2259 2151 2317 fastum

579 2347 935 2419 infringeret,
981 2357 1037 2404 et
1085 2351 1411 2405 concitatam
1455 2352 1568 2421 jam
1604 2351 1663 2406 in
1703 2353 1882 2421 ipsum
1921 2350 2152 2407 fratrum

583 2438 847 2493 invidiam
910 2441 1138 2509 sopiret.
1188 2438 1805 2497 Nihilominus'tamen
1867 2451 2153 2513 exspectat

580 2530 745 2585 etiam
770 2531 887 2600 ipse
915 2545 1032 2585 rem
1055 2530 1130 2585 ita
1162 2540 1503 2606 eventuram.
1532 2531 1918 2586 Audivitenim
1943 2547 2151 2603 nequa-

582 2636 746 2691 quam
769 2620 1047 2692 languide,
1069 2621 1165 2677 sed
1190 2637 1293 2677 nec
1321 2622 1620 2678 obliviosos
1647 2622 1828 2679 reddit
1849 2638 2149 2689 sermones,

581 2711 802 2766 tametsi
837 2711 917 2766 rei
964 2710 1263 2767 vanitatem
1316 2712 1613 2768 incusaret.
1656 2732 1674 2764 ι
1717 2712 1967 2768 Servavit
2004 2714 2150 2769 enim

580 2801 752 2875 ipsos,
783 2824 802 2857 ι
833 2804 1030 2875 inquit,
1054 2804 1294 2859 conﬁsus
1318 2804 1580 2859 nimirum
1626 2805 1880 2860 celeriter
1904 2805 1957 2860 id
1985 2805 2152 2875 perﬁ-

579 2897 858 2955 ciendum.
903 2894 973 2950 At
1002 2909 1135 2949 vero
1163 2901 1287 2966 post
1326 2896 1483 2966 183
1525 2894 1922 2950 insomniorum
1957 2912 2152 2951 narra—

582 2988 789 3045 tionem
820 3004 838 3037 ι
860 2984 1116 3041 abierunt
1145 2984 1369 3056 quidem
1411 2986 1628 3052 fratres,
1653 3002 1763 3041 una
1801 3001 1926 3041 cum
1964 2997 2152 3057 pasto-

582 3080 737 3133 ribus
777 3076 845 3131 ad
884 3075 1218 3146 pascendum
1254 3075 1562 3132 in‘Sichem
1603 3076 1668 3131 °'.
1697 3096 1715 3128 ι
1744 3076 1951 3133 Deinde
1984 3091 2154 3148 parvo

2240 619 2404 672 αὐτοῦ
2459 618 2593 690 πέρι
2620 615 2697 685 τῷ
2750 613 3005 686 μακαρίῳ
3057 611 3223 681 πατρὶ
3271 610 3511 671 καὶτοῖς
3540 608 3814 676 ἀδελφοῖς.

2248 729 2267 762 ι
2302 705 2424 763 Εἷδε
2453 709 2583 779 γάρ,
2616 706 2803 777 φησὶν,
2843 702 3094 757 ἐνύπνιον
3143 702 3349 772 ἕτερον,
3391 700 3489 753 καὶ
3520 699 3820 770 διηγήσατο

2241 805 2375 860 αὐτὸ
2410 804 2489 874 τῷ
2529 803 2695 872 πατρὶ
2740 797 2904 854 αὐτοῦ
2937 798 3031 851 καὶ
3074 797 3187 858 τοῖς
3218 793 3466 862 ἀδελφοῖς
3497 792 3685 853 αὐτοῦ,
3722 794 3818 846 καὶ

2242 890 2431 949 εἶπεν·
2476 893 2605 946 Ἰδοὺ
2640 890 3050 959 ἐνυπνιασάμην
3079 887 3327 941 ἐνύπνιον
3365 885 3572 956 ἕτερον·
3606 885 3819 945 Ὠσπερ

2242 990 2272 1041 6
2312 988 2461 1058 ἦλιος
2507 986 2601 1038 καὶ
2624 987 2657 1055 ή
2704 983 2900 1055 σελήνη
2933 981 3029 1036 καλ⁸
3055 980 3247 1034 ἐνδεκα
3287 978 3515 1047 ἀστέρες
3549 974 3820 1048 προσεκύ-

2244 1097 2367 1134 νουν
2397 1096 2485 1150 με.
2518 1078 2629 1131 Καὶ
2664 1076 2995 1146 ἐπετίμησεν
3040 1072 3188 1142 αὐτῷ
3214 1074 3242 1125 6
3276 1070 3458 1140 πατὴρ
3501 1068 3689 1133 αὑτοῦ,
3727 1072 3820 1121 καὶ

2245 1166 2398 1224 εἶπεν
2443 1167 2620 1239 αὐτῷ·
2666 1167 2731 1220 Τί
2762 1167 2824 1220 τὸ
2863 1164 3111 1219 ἐνύπνιον
3157 1164 3314 1216 τοῦτο
3363 1161 3391 1214 ὃ
3422 1160 3815 1229 humido-011;;

2244 1257 2394 1331 Ἀρά
2414 1278 2478 1326 γε
2506 1259 2747 1321 ἐλθόντες
2770 1254 3102 1326 ἐλευσόμεθα
3124 1253 3233 1322 ἐγώ
3257 1270 3314 1306 τε
3346 1253 3487 1322 καὶὴ
3514 1255 3695 1322 μήτηρ
3715 1262 3815 1303 ’σου

2248 1354 2340 1408 καὶ
2356 1355 2403 1407 oi
2420 1351 2633 1420 ἀδελφοί
2655 1368 2749 1404 σου
2766 1346 3141 1419 προσκυνῆσαί
3162 1363 3243 1399 σοι
3262 1346 3355 1399 ἐπὶ
3376 1344 3473 1415 τήν
3489 1344 3592 1413 γῆν
3610 1360 3624 1406 ;
3651 1342 3817 1412 ’Ἐξή-

2245 1445 2424 1498 λωσαν
2453 1442 2509 1496 δὲ
2541 1441 2703 1496 αὐτὸν
2742 1441 2791 1494 οἱ
2825 1439 3043 1507 ἀδελφοὶ
3072 1435 3258 1503 αὐτοῦ,
3287 1438 3315 1490 ό
3347 1435 3404 1488 δὲ
3437 1433 3620 1505 πατὴρ
3652 1433 3814 1485 αὑτοῦ

2245 1536 2478 1605 διετήρει
2503 1533 2563 1586 τὸ
2584 1534 2754 1604 ῥῆμα.
2798 1548 2816 1581 ι
2850 1527 3121 1599 Εὗτεχνὴς
3148 1528 3177 1579 6
3210 1523 3542 1596 πρεσϐύτης,
3575 1522 3668 1575 καὶ⁵
3697 1523 3818 1583 ταῖς

2246 1624 2506 1680 ἀνωτάτω
2529 1621 2837 1694 διαπρεπὴς
2865 1620 3183 1691 ἀγχινοίαις.
3213 1617 3434 1687 Συνίησι
3456 1616 3556 1686 μὲν
3583 1614 3688 1684 γὰρ
3711 1613 3819 1665 τῶν

2246 1716 2535 1787 ὁραμάτων
2550 1716 2647 1785 τὴν
2679 1713 2907 1783 δύναμιν
2929 1731 2940 1744 ο
2961 1710 3199 1780 ἐπετίμα
3234 1708 3291 1762 δέ
3308 1706 3384 1778 τῷ
3404 1705 3576 1769 παιδὶ,
3609 1703 3784 1771 λέγων
3804 1720 3818 1734 σ

2254 1826 2274 1861 ι
2308 1804 2455 1878 1Ἀρά
2481 1824 2544 1876 γε
2576 1806 2820 1869 ἐλθόντες
2848 1802 3179 1873 ἐλευσόμεθα
3208 1799 3319 1869 ἐγώ
3350 1816 3410 1852 τε
3440 1798 3540 1852 καὶ
3572 1799 3598 1868 ή
3642 1796 3821 1867 μήτηρ

2179 1877 2221 1933 Β
2251 1915 2345 1952 σου
2368 1877 2461 1952 καὶ
2481 1898 2531 1950 oi
2547 1894 2763 1967 ἀδελφοί
2789 1911 2881 1948 σου
2898 1891 3268 1966 προσκυνῆσαί
3291 1907 3375 1944 σοι
3396 1889 3490 1943 ἐπὶ
3508 1888 3605 1960 τὴν
3628 1886 3732 1957 γῆν
3752 1902 3767 1951 ;
3800 1909 3818 1937 ο

2251 1988 2360 2041 Καὶ
2406 1986 2490 2050 τίς
2532 1986 2598 2039 ἂν
2629 1987 2833 2051 νοοῖτο;
2876 1982 3039 2053 σοφὸς
3077 1981 3135 2035 δέ
3163 1982 3311 2044 ὅπως
3337 1979 3430 2034 καλ⁵
3459 1978 3753 2046 ἀναγκαῖος
3794 1979 3826 2030 6

2250 2077 2349 2148 τῆς
2381 2077 2747 2146 ἐπιτιμήσεως
2791 2073 3012 2145 τρόπος.
3076 2070 3395 2125 Ἀνακόπτει
3439 2070 3537 2139 μὲν
3586 2069 3696 2139 γὰρ
3733 2067 3826 2120 εὐ-

2252 2166 2403 2236 φυῶς
2437 2165 2544 2219 τῶν
2565 2164 2930 2236 ἀκροωμένων
2960 2160 3051 2215 τὸν
3082 2160 3296 2232 φθόνον,
3338 2160 3431 2214 καὶ
3469 2159 3659 2230 θράσει
3688 2159 3825 2227 ἀφο-

2256 2261 2403 2331 ρήτῳ
2434 2257 2524 2312 τὸν
2556 2256 2837 2311 νεανίσκον
2869 2253 3269 2325 καταχεόμενον
3296 2251 3604 2307 τιθασσεύει
3640 2249 3828 2304 λοιπον

2251 2349 2450 2425 τρόπον
2471 2347 2612 2411 τινά,
2639 2348 2732 2401 καὶ
2760 2346 2915 2400 καλεῖ
2943 2345 3079 2416 πρὸς
3103 2344 3164 2397 τὸ
3190 2344 3397 2415 ἥμερον
3418 2361 3431 2375 ο
3466 2344 3567 2397 οὑκ
3595 2344 3658 2414 ἐᾷ
3685 2342 3743 2396 δέ
3766 2343 3829 2395 τὺ

2257 2440 2538 2511 μειράκιον
2564 2442 2629 2510 τῇ
2654 2439 2762 2492 τῶν
2800 2437 3062 2491 ἐνυπνίων
3096 2435 3272 2490 ἐλπίδι
3306 2434 3828 2500 καταλαζονεῦεσθαι

2252 2518 2360 2589 τῶν
2389 2533 2653 2603 ἀδελφῶν,
2690 2533 2805 2586 ἀλλ’
2833 2532 2953 2585 οὐδὲ
2982 2531 3081 2601 τῆς
3109 2532 3189 2595 είς
3219 2530 3433 2603 πατέρα
3468 2531 3634 2601 τιμῆς
3665 2530 3828 2584 ἀδού-

2254 2625 2359 2688 λως
2385 2623 2686 2693 ὀλιγωρεῖν,
2727 2621 3008 2693 μονονουχὶ
3034 2621 3128 2675 καὶ
3158 2621 3405 2692 πρόωρον
3434 2621 3532 2690 τῆς
3562 2620 3830 2691 ἐσομένης

2253 2715 2628 2786 λαμπρότητος
2650 2714 2747 2784 τὴν
2770 2714 3042 2783 ὑπεροχὴν
3072 2712 3338 2783 ἁρπάζειν
3368 2715 3424 2765 ἐν
3455 2712 3655 2783 ἐαυτῷ.
3682 2713 3829 2784 Ὅρα

2255 2808 2362 2879 γάρ
2390 2808 2541 2869 ὅπως
2570 2804 2912 2877 περιίστησιν
2950 2804 3165 2873 εὐφυῶς
3193 2806 3273 2868 είς
3297 2803 3520 2857 ἔκϐασιν
3555 2804 3655 2857 οὐκ
3678 2802 3828 2858 ἐνδεο

2254 2899 2491 2971 χομένην
2517 2898 2625 2951 τῶν
2654 2897 2942 2969 ὁραμάτων
2963 2896 3060 2966 τὴν
3092 2896 3337 2965 δύναμιν.
3372 2894 3686 2965 Τεθνεώσης
3717 2896 3832 2967 γάρ

2256 2992 2356 3063 ήδη
2394 2993 2493 3063 τῆς
2524 2989 2743 3062 Ῥαχὴλ,
2773 2990 2807 3061 ἢ
2835 2990 2925 3042 τὸν
2963 2988 3163 3058 Ἰωσὴφ
3192 2985 3440 3040 ἐκτέτοκε
3460 3027 3476 3053 ,
3514 3004 3534 3037 ι
3573 2986 3664 3057 Μὴ
3692 2984 3830 3055 ἐγὼ,

2257 3082 2412 3152 φησὶ,
2441 3081 2533 3135 καὶ
2562 3083 2596 3151 ἡ
2630 3082 2812 3151 μήτηρ
2845 3095 2938 3132 σου
2967 3076 3414 3148 προσκυνήσομέν
3444 3091 3557 3142 σοις
3602 3093 3621 3126 ι
3656 3076 3836 3146 Ἐδρπ

581 3174 705 3236 post
726 3166 909 3235 elapso
941 3173 1187 3235 tempore
1210 3165 1381 3219 mittit
1413 3174 1569 3236 pater
1595 3165 1853 3236 juvenem
1886 3166 2148 3235 quaesitu-

2257 3173 2313 3226 δὲ
2342 3172 2515 3237 τοῦτο,
2544 3171 2796 3241 καθάπερ
2836 3169 2969 3240 ἔφην
3002 3167 3223 3239 ἀρτίως,
3258 3167 3351 3221 καὶ
3385 3167 3481 3237 τῆς
3510 3167 3603 3221 τοῦ
3648 3167 3837 3221 νεανί-

583 3271 706 3311 rum
737 3255 973 3310 fratres:
1008 3274 1025 3305 ι
1054 3255 1332 3325 Numquid
1371 3256 1570 3310 fratres
1596 3257 1673 3310 tui
1716 3266 1949 3326 pascunt
1972 3258 2029 3311 in
2065 3257 2154 3311 Si-

582 3348 777 3403 cbem?
802 3345 961 3411 Veni,
1002 3346 1213 3401 mittam
1251 3354 1305 3401 te
1343 3346 1411 3400 ad
1451 3361 1566 3400 eos.
1604 3345 1672 3400 Et
1712 3347 1850 3401 dixit
1888 3347 1981 3402 ei:
2014 3348 2155 3402 Ecce

583 3452 707 3507 ego.
743 3436 896 3491 Dixit
942 3445 1127 3491 autem
1174 3437 1225 3491 ei
1271 3437 1477 3491 Israel:
1531 3436 1749 3491 Vadens
1784 3437 1908 3492 vide
1953 3430 1998 3491 si
2038 3438 2155 3491 sani

522 3595 527 3601 .
584 3534 714 3582 sunt
760 3525 959 3580 fratres
1009 3526 1120 3591 tui,
1168 3537 1225 3581 et
1277 3542 1427 3591 oves,
1470 3536 1525 3582 et
1568 3527 1820 3581 renuntia
1859 3526 1995 3580 mihi
2025 3526 2092 3580 ⁸⁸.
2129 3545 2147 3578 ι

583 3615 994 3687 Promptissime
1024 3616 1191 3687 igitur
1218 3632 1276 3673 se
1298 3618 1503 3673 iturum
1527 3618 1819 3688 promittit,
1847 3633 1910 3673 ac
1932 3618 2154 3688 quidem

582 3707 970 3779 proficiscitur,
995 3708 1355 3779 discessitque
1386 3724 1417 3763 e
1445 3709 1583 3763 valle
1606 3708 1880 3764 Chebron.
1907 3708 2154 3779 Cumque

580 3797 943 3871 percurrisset
970 3806 1136 3853 totam
1164 3800 1537 3865 solitudinem,
1563 3801 1758 3856 obvius
1781 3801 2002 3871 quidam
2025 3815 2152 3854 eum

582 3891 813 3963 rogavit,
855 3903 1020 3962 quam
1053 3891 1124 3946 ob
1168 3907 1411 3957 causam,
1451 3894 1617 3959 unde,
1658 3909 1788 3964 quo,
1822 3901 1879 3948 et
1912 3893 1978 3948 ad
2015 3908 2153 3963 quos

581 3985 707 4041 iret.
739 4003 758 4036 ι
787 3982 890 4051 Qui
925 3984 1110 4040 statim
1146 3985 1429 4056 respondit
1455 4003 1467 4038 :
1494 3986 1715 4041 Fratres
1746 4000 1899 4041 meos
1927 4001 2147 4055 quaero;

584 4075 764 4133 indica
803 4075 940 4130 mihi
981 4074 1075 4129 ubi
1114 4086 1365 4144 pascunt.
1412 4076 1560 4131 Dixit
1606 4086 1786 4132 autem
1830 4078 1883 4132 ei
1922 4078 2087 4132 homo
2134 4096 2147 4130 :

582 4166 945 4221 Recesserunt
977 4165 1107 4219 hinc
1140 4184 1152 4218 :
1186 4167 1373 4221 audivi
1408 4169 1556 4221 enim
1594 4183 1690 4223 eos
1727 4169 1973 4224 dicentes
2001 4188 2013 4222 :
2047 4169 2150 4222 Ea-

582 4268 705 4308 mus
733 4253 789 4306 in
827 4252 1080 4307 Dothaim
1111 4254 1176 4307 ⁸⁸.
1212 4275 1231 4306 ι
1258 4256 1378 4321 Quo
1401 4271 1527 4311 cum
1560 4258 1927 4325 pervenisset,
1968 4257 2149 4326 inopi-

581 4352 711 4399 nato
746 4344 1152 4399 circumventus
1204 4356 1305 4401 est.
1354 4347 1670 4417 Opportune
1724 4348 1871 4401 enim
1922 4347 2149 4412 invidia,

580 4435 729 4505 quod
766 4435 895 4488 olim
928 4434 1214 4504 cogitarat,
1239 4437 1443 4492 effecit.
1482 4437 1793 4493 lnterficere
1828 4438 1993 4509 igitur
2019 4453 2147 4493 eum

2260 3280 2390 3316 σκου
2421 3261 2615 3331 φρενὸς
2648 3259 2971 3329 κατασύρων
2998 3258 3089 3311 τὸν
3113 3257 3296 3325 ὖγκον,
3327 3256 3420 3309 καὶ
3446 3256 3555 3310 τῶν
3583 3255 3839 3325 ἀδελφῶν

2257 3356 2347 3407 τὸν
2402 3353 2769 3424 ἐγηγερμένον
2834 3352 2919 3404 ἐπ’
2977 3350 3139 3404 αὐτὸν
3199 3346 3545 3407 κατευνάζων
3610 3349 3837 3417 φθόνον-

2261 3442 2517 3496 Ἕσεσθαί
2538 3460 2599 3511 γε
2635 3442 2739 3512 μὴν
2765 3440 3037 3513 προσδοκᾷ
3061 3440 3119 3493 τὸ
3150 3440 3335 3510 χρῆμα
3363 3438 3545 3502 αὑτός.
3595 3438 3839 3510 Ἃκήκοε

2256 3534 2365 3604 γὰρ
2392 3534 2451 3585 οὐ
2500 3533 2813 3604 παρέργως,
2846 3532 2958 3586 ἀλλ’
3001 3531 3123 3584 οὐδὲ
3168 3530 3339 3600 λήθης
3371 3530 3556 3594 ἀξίους
3592 3533 3845 3585 ποιεῖται

2255 3626 2380 3687 τοὺς
2411 3623 2622 3693 λόγους,
2675 3625 2722 3676 εί
2769 3623 2861 3676 καὶ
2900 3622 2960 3675 τὸ
3006 3624 3211 3675 εἰκαῖον
3266 3620 3443 3675 αὐτῶν
3493 3621 3839 3691 κατέγραφε.

2262 3738 2280 3771 ι
2320 3716 2364 3769 Τ
2367 3718 2601 3787 ετήρηκε
2644 3714 2753 3785 γὰρ
2784 3714 3002 3775 αὐτοὺς,
3044 3732 3062 3764 ι
3096 3714 3178 3766 ὅτι
3209 3715 3303 3766 καὶ
3328 3714 3408 3775 είς
3455 3712 3629 3782 πέρας
3658 3712 3840 3785 ἐκσήο

2257 3826 2441 3862 σονται
2480 3807 2620 3877 τάχα
2672 3823 2774 3859 που
2805 3802 3180 3877 τεθαρρηκώς.
3219 3802 3374 3857 Μετά
3409 3803 3465 3855 δέ
3493 3819 3554 3869 γε
3589 3802 3681 3873 τήν
3722 3805 3841 3857 τῶν

2257 3900 2520 3952 ἐνυπνίων
2563 3899 2869 3968 ἀφήγησιν,
2938 3915 2955 3947 ι
3024 3894 3329 3964 Ἀπῴχοντο
3378 3894 3481 3964 μὲν
3525 3896 3573 3947 οἱ
3609 3894 3840 3963 ἀδελφοὶ

2252 3997 2366 4057 τοῖς
2392 3992 2655 4054 αἰπολίοις
2682 3990 2818 4061 ὁμοῦ
2847 3988 3173 4059 κατανέμειν
3206 3989 3263 4042 ἐν
3295 3987 3485 4057 Σιχέμ.
3522 4006 3541 4039 ι
3577 3981 3712 4040 Εἶτα
3739 4006 3840 4057 μι-

2255 4084 2385 4156 κροῦ
2421 4083 2508 4137 διά
2558 4083 2721 4152 μέσου
2776 4079 3140 4152 παραθέοντος
3179 4078 3413 4149 χρόνουλ
3436 4077 3741 4149 προτρέπει
3776 4080 3842 4131 τὸ

2258 4176 2539 4246 μειράκιον
2580 4172 2811 4243 όπατὴρ
2852 4169 3281 4240 ἐπισκεψόμενον
3330 4169 3463 4221 ἰέναι
3508 4167 3637 4231 τοὺς
3672 4167 3833 4221 ἁδελ-

2256 4265 2408 4333 φούς.
2455 4282 2472 4315 ι
2522 4263 2654 4333 Οὐχὶ
2703 4261 2834 4334 γὰρ,
2883 4261 3067 4332 φησὶν,
3125 4260 3174 4312 oi
3209 4256 3425 4327 ἀδελφοί
3476 4273 3569 4308 σου
3600 4258 3838 4326 ποιμαί-

2255 4373 2434 4410 νουσιν
2465 4358 2521 4408 ἐν
2552 4355 2757 4425 Σιχέμς
2802 4353 2973 4423 Δεῦρο
3006 4348 3287 4405 ἀποστελῶ
3320 4365 3379 4401 σε
3424 4349 3561 4419 πρὸς
3604 4349 3835 4412 αὐτούς.

2253 4449 2363 4501 Καὶ
2399 4441 2551 4499 εἶπεν
2588 4444 2755 4513 αὐτῷ·
2796 4445 2926 4498 Ἰδοὺ
2952 4442 3082 4511 ἐγώ.
3119 4436 3254 4495 Eine
3300 4438 3357 4491 δέ
3385 4439 3533 4510 αὐτῷ
3579 4440 3834 4511 Ἰσραήλ·

579 4528 809 4584 omnino
839 4528 1132 4599 cupiebant
1160 4528 1256 4583 filii
1306 4529 1650 4595 ancillarum,
1676 4529 1861 4593 Balla’,
1893 4529 2140 4598 inquam,

2250 4536 2539 4609 Πορευθεὶς
2598 4534 2671 4605 ίξδε
2716 4535 2763 4586 εί
2809 4532 3140 4602 ὑγιαίνουσιν
3172 4533 3221 4585 οἱ
3252 4530 3468 4599 ἀδελφοί
3498 4546 3591 4583 σου
3631 4530 3727 4582 καὶ
3766 4532 3838 4584 τὰ

580 4629 638 4674 et
676 4619 913 4688 Zelpha.
943 4619 1207 4675 Dixerunt
1247 4620 1436 4675 enim:
1475 4640 1493 4671 ι
1519 4621 1659 4676 Ecce
1697 4619 1998 4675 somniator
2051 4619 2143 4675 ille

580 4710 749 4765 venit.
773 4708 929 4764 Nunc
948 4724 1080 4778 ergo
1102 4710 1363 4775 accedite,
1380 4711 1691 4765 occidamus
1720 4723 1869 4773 eum,
1895 4717 1950 4763 et
1981 4708 2148 4779 proji-

577 4801 786 4859 ciamus
804 4816 929 4857 eum
948 4800 1003 4854 in
1031 4815 1193 4855 unam
1215 4800 1594 4865 cisternarum,
1610 4799 1922 4856 ctdicemus
1940 4816 1952 4853 :
1970 4798 2149 4854 Bestia

580 4895 722 4952 mala
747 4893 1032 4951 devoravit
1057 4907 1215 4957 eum;
1238 4898 1295 4947 et
1317 4890 1626 4947 videbimus
1648 4891 1777 4960 quid
1802 4891 1911 4946 sint
1939 4890 2150 4946 somnia

576 5009 714 5081 ejus.
745 5008 988 5064 Audiens
1010 5022 1142 5062 vero
1169 5004 1385 5070 Ruben,
1407 5004 1636 5059 abstulit
1657 5019 1784 5059 eum
1812 5004 1878 5059 de
1897 5004 2153 5058 manibus

576 5112 790 5159 eorum,
819 5096 1009 5152 dicens
1035 5114 1047 5149 :
1080 5096 1199 5152 Non
1237 5093 1612 5164 percutiamus
1642 5107 1770 5146 eum
1804 5092 1858 5146 in
1886 5092 2145 5146 animam.

464 5204 477 5209 ·
575 5189 722 5243 Dixit
757 5196 938 5242 autem
976 5187 1059 5242 eis
1092 5187 1324 5242 Ruben:
1359 5185 1438 5241 Ne
1467 5182 1764 5239 eﬁ‘undatis
1796 5183 2165 5254 sanguinem:

575 5282 828 5353 projicite
844 5295 970 5335 eum
993 5280 1048 5334 in
1066 5295 1230 5334 unam
1254 5278 1618 5333 cisternarum
1637 5275 1853 5337 harum,
1878 5290 1998 5344 quae
2022 5283 2150 5329 sunt

575 5372 631 5426 in
661 5372 982 5437 solitudine,
1009 5386 1230 5429 manum
1254 5376 1439 5424 autem
1461 5382 1531 5421 ne
1557 5366 1855 5422 intuleritis
1887 5366 1960 5421 ei.
2001 5365 2150 5420 Dixit

574 5471 758 5518 autem
809 5462 889 5516 sic
939 5470 1000 5516 ut
1044 5462 1284 5531 eriperet
1322 5474 1447 5515 eum
1502 5457 1570 5511 de
1618 5456 1872 5512 manibus
1934 5471 2147 5521 eorum,

574 5557 631 5603 et
682 5548 936 5603 redderet
990 5563 1115 5602 eum
1166 5549 1306 5617 patri
1340 5562 1440 5601 suo
1468 5545 1531 5599 “.
1565 5563 1583 5595 ι
1633 5544 1909 5601 Exuentes
1966 5545 2151 5616 itaque

576 5638 773 5708 Joseph
834 5646 983 5691 veste
1057 5639 1246 5701 varia,
1319 5638 1660 5693 demiserunt
1721 5637 1781 5689 in
1834 5636 2150 5699 cisternam,

2250 4628 2517 4701 πρόϐατα,
2562 4626 2656 4680 καὶ
2688 4624 3005 4692 ἀνάγγειλόν
3054 4641 3161 4696 μοι.
3202 4642 3220 4675 ι
3279 4621 3674 4694 Προθυμότατα
3731 4622 3837 4689 μὲν

2252 4718 2343 4777 οὖν
2394 4720 2530 4773 ἰέναι
2580 4714 3109 4783 κατεπαγγέλλεται,
3173 4714 3267 4767 καὶ
3319 4712 3383 4784 δὴ
3432 4714 3527 4765 καὶ
3574 4712 3833 4781 ἀπαίρει,

2254 4814 2348 4866 καὶ
2394 4808 2820 4879 ἀποκεχώρηκεν
2856 4808 2919 4859 ἐκ
2958 4806 3058 4874 τῆς
3108 4805 3351 4868 κοιλάδος
3391 4801 3639 4874 Χεϐρών.
3701 4803 3835 4855 Ἐκ-

2251 4899 2647 4975 περιθέοντιδέ
2695 4897 2791 4969 τὴν
2832 4897 3053 4968 ἔρημον,
3104 4896 3207 4966 ἔφη
3256 4912 3340 4958 τις
3384 4893 3692 4965 περιτυχὼν
3741 4895 3831 4961 ἐφ’

2249 4999 2356 5068 ὅτῳ
2382 5012 2440 5048 τε
2464 4996 2610 5066 ἥκοι,
2643 4993 2735 5045 καὶ
2760 4993 2880 5044 ὅποι
2909 4991 3058 5053 ποτὲ,
3101 4990 3195 5042 καὶ
3219 4989 3311 5041 ἐπὶ
3335 4988 3487 5051 τίνας
3512 4988 3672 5042 ἵεται.
3703 5004 3723 5037 ι
3771 4988 3833 5039 '0

2248 5086 2304 5139 δέ
2352 5084 2488 5158 πρὸς
2544 5082 2715 5136 ταῦτα
2765 5080 2956 5144 εὐθύς·
3006 5081 3146 5143 Τοὺς
3196 5079 3461 5148 ἀδελφούς
3498 5095 3599 5150 μου
3652 5077 3828 5147 ζητῶ,

2250 5174 2582 5244 ἀπάγγειλόν
2605 5190 2694 5243 μοι
2724 5171 2829 5225 ποῦ’
2860 5171 3166 5241 βόσκουσιν.
3192 5168 3327 5224 Eine
3357 5170 3413 5223 δὲ
3436 5168 3606 5239 αὐτῷ,
3637 5170 3827 5239 φησὶν,

2250 5270 2278 5321 ό
2311 5267 2613 5338 ἄνθρωπος,
2643 5263 2956 5332 ἀπήρκασιν
2995 5262 3260 5316 ἐντεῦθεν.
3298 5263 3543 5315 Ἤκουσα
3589 5261 3699 5331 γὰρ
3729 5260 3831 5313 αὖ-

2246 5358 2351 5412 τῶν
2400 5359 2693 5427 λεγόντωνο
2748 5354 3107 5426 Πορευθῶμεν
3160 5355 3238 5417 εἰς
3296 5352 3520 5422 Δοθατμ.
3562 5370 3579 5400 ι
3620 5346 3696 5405 Οῧ
3729 5351 3833 5404 καὶ

2247 5453 2569 5523 ἀφιγμένος,
2598 5451 2876 5523 ἀδοκήτως
2898 5447 3155 5503 ἐπεϐουλε
3166 5446 3307 5500 ύετο.
3346 5444 3469 5497 Ἐπὶ
3492 5440 3688 5512 καιροῦ
3714 5441 3831 5509 γὰρ

2249 5545 2437 5616 ὥσπερ
2463 5546 2491 5598 6
2518 5544 2708 5613 φθόνος
2734 5543 2795 5596 τὸ
2829 5542 2994 5596 πάλαι
3026 5536 3214 5593 δοκοῦν
3248 5534 3553 5607 εἰργάζετο.
3590 5533 3832 5601 Διαχρὴο

2253 5635 2449 5690 σασθαι
2499 5635 2595 5706 μὲν
2639 5629 2730 5688 οὖν
2780 5634 2859 5696 εἰς
2910 5631 3054 5686 ἀπαν
3107 5627 3412 5699 ἐπεθύμουν
3445 5623 3607 5679 αὑτὸν
3639 5623 3686 5674 oi
3715 5619 3834 5674 ἀπὸ

642 5820 684 5848 ⁶¹
716 5814 848 5873 Gen.
886 5831 1077 5886 xxxv",
1110 5818 1254 5875 9-H.
1332 5823 1376 5853 ⁸³
1401 5822 1534 5876 Ibid.
1568 5822 1645 5876 1'2.
1716 5822 1759 5853 ‘"
1783 5820 1917 5877 Ibid.
1946 5821 2027 5889 15,
2076 5821 2156 5875 ll.
2240 5822 2282 5853 ⁸⁸
2308 5820 2444 5876 lbid.
2478 5819 2651 5874 lii-l7.
2713 5821 2756 5851 ⁶⁶
2782 5817 2918 5873 Ibid.
2954 5816 3136 5873 19-22.
