4074 6260
279 422 386 480 293

1295 416 1817 474 GLAPHYRORUM
1856 417 1922 474 ΙΝ
1961 418 2260 476 (ἱΕΝΕδΙΜ
2302 420 2429 475 LIB.
2475 422 2559 475 Ἦ.

3441 427 3541 484 295

280 533 495 594 Βάλλας
541 546 603 582 τε
657 529 756 581 καὶ
804 527 1004 595 Ζελφᾶς
1050 525 1154 581 τῶν
1196 527 1574 598 θεραπαινῶν
1624 529 1861 599 ἔφασκον

1963 546 2071 586 non
2100 540 2400 596 mortuum,
2426 532 2521 586 sed
2560 540 2620 587 ut
2656 533 2986 589 moriturum
3026 551 3136 591 non
3180 537 3352 592 multo
3390 546 3530 608 post.

288 624 402 693 γάρ
423 639 437 651 ·
477 641 497 672 ι
530 619 671 673 Ἰδοὺ
704 622 732 671 ὁ
764 618 1111 688 ὲνυπνιαστὴς
1142 619 1345 682 ἐκεῖνος
1375 618 1613 690 ἔρχεται.
1644 619 1757 673 Νῦν
1775 616 1865 673 οὖν

1970 620 2265 690 Postquam
2287 627 2470 675 autem
2496 621 2781 677 lsmaelita:
2805 624 3030 693 quidam
3054 634 3389 681 mercatores
3419 641 3536 681 aro.

280 715 474 777 δεῦτε,
508 710 918 781 ἀποκτείνωμεν
960 711 1138 773 αὐτὸν,
1173 710 1267 763 καὶ
1302 710 1551 781 ῥίψωμεν
1589 711 1749 765 αὐτὸν
1782 712 1867 779 ἐρ’

284 806 387 857 ἕνα
414 803 530 856 τῶν
561 802 793 864 λάκκων,
818 801 909 853 καὶ
938 799 1171 871 ἐροῦμεν
1196 817 1210 831 ο
1234 800 1435 872 Θηρίον
1466 802 1703 873 πονηρὸν
1733 819 1865 856 κατ-

292 895 503 963 έφαγεν
545 893 730 947 αὐτόν’
778 893 870 946 καὶ
916 892 1158 963 ὀψόμεθα
1212 893 1266 945 τί
1317 892 1470 946 ἔσται
1521 892 1592 946 τά
1639 893 1866 947 ἐνύπνια

296 984 483 1038 αὑτοῦ.
524 981 778 1046 ’Δκούσας
804 981 861 1035 δὲ
892 982 1166 1053 Ῥουὸεὶμ,
1202 982 1435 1049 ἐξείλετο
1471 982 1636 1036 αὑτὸν
1666 984 1730 1036 ὲκ
1756 982 1865 1036 τῶν

298 1074 489 1147 χειρῶν
511 1074 710 1137 αὐτῶν,
733 1072 1010 1140 λέγων-Οὐ
1034 1071 1345 1142 πατάξομεν
1375 1072 1539 1125 αὐτὸν
1561 1074 1639 1134 είς
1663 1071 1860 1142 ψυχήν.

294 1163 430 1221 Εἷπε
456 1165 511 1220 δὲ
536 1164 1008 1234 αὐτοῖςῬουδείμ·
1038 1163 1133 1234 Μὴ
1161 1162 1387 1233 ὲκχέητε
1416 1157 1576 1233 αἷμα,
1612 1162 1863 1234 ἑμ6ά[λ]-

286 1259 402 1321 λετε
443 1258 607 1313 αὐτὸν
651 1260 733 1320 είς
786 1258 884 1310 ἕνα
912 1257 1021 1309 τῶν
1065 1256 1284 1311 λάκκων
1328 1256 1532 1309 τούτων
1565 1256 1671 1308 τῶν
1705 1258 1764 1309 ὲν
1793 1258 1859 1326 τῇ

282 1351 494 1422 ἐρήμῳ,
533 1353 691 1421 χεῖρα
723 1349 782 1402 δὲ
833 1348 911 1419 μὴ
940 1349 1271 1418 ὲπενέγκητε
1318 1348 1484 1418 αὐτῷ.
1521 1343 1659 1401 Eius
1692 1347 1748 1399 δὲ
1771 1343 1864 1398 οὓ-

280 1459 410 1504 τως,
432 1442 585 1503 ὅπως
608 1439 862 1511 ἐξέληται
887 1439 1051 1492 αὐτὸν
1083 1442 1146 1492 ὲκ
1172 1439 1283 1494 τῶν
1308 1439 1508 1510 χειρῶν
1535 1437 1735 1500 αὐτῶν,
1763 1436 1859 1489 καὶ

281 1528 467 1599 ἀποδῷ
510 1529 675 1582 αὐτὸν
707 1528 787 1599 τῷ
826 1528 998 1599 πατρὶ
1037 1529 1220 1582 αὑτοῦ.
1260 1547 1280 1580 ι
1313 1530 1416 1582 Τὸν
1447 1529 1645 1599 χιτῶνα
1675 1528 1740 1599 δὴ
1767 1523 1860 1581 οῦν

282 1620 615 1689 ἀφελόμενοι
666 1619 757 1672 τὸν
811 1619 1076 1677 ποικίλον.
1134 1618 1391 1673 καθίεσαν
1436 1621 1517 1683 είς
1561 1618 1761 1673 λάκκον
1795 1619 1857 1670 οὐ

284 1710 565 1764 τεθνεῶτα
601 1711 692 1764 τὸν
756 1709 973 1781 Ἰωσὴςρ,
1034 1710 1172 1783 πλὴν
1212 1710 1288 1774 ὡς
1335 1711 1721 1781 τεθνηξόμενον
1763 1709 1861 1762 καὶ

224 1820 233 1831 κ
289 1801 396 1853 οὐκ
426 1803 508 1864 είς
534 1800 768 1871 μακράν.
818 1800 1032 1873 Ἐπειδὴ
1053 1802 1109 1855 δὲ
1145 1801 1486 1873 Ἰσμαηλίταί
1513 1819 1677 1867 τινες,
1711 1803 1857 1871 ἀρω-

1967 720 2177 765 matum
2202 710 2256 765 in
2278 710 2567 784 Egyptum
2591 713 3093 783 proﬁciscerentur,
3115 717 3378 774 suadente
3400 717 3541 773 Iuda

1946 802 2178 889 \(aperte
2219 803 2369 860 enim
2407 803 2682 857 clamabat
2732 821 2841 860 non
2879 805 3244 861 occidendum
3275 822 3398 862 esse
3436 807 3540 861 fra-

1966 892 2152 966 trem),
2186 894 2555 950 vendiderunt
2591 911 2720 950 eum
2757 898 3103 968 emptoribus
3126 899 3306 968 pretio
3346 899 3540 970 viginti

1962 1002 2278 1052 aureorum,
2320 987 2649 1057 ablatusque
2704 998 2790 1044 est
2843 991 2898 1044 in
2956 989 3251 1061 Egyptum
3308 990 3537 1061 Ioseph.

1962 1073 2157 1128 Ruben
2182 1089 2333 1139 vero,
2353 1075 2572 1144 ignarus
2591 1076 2753 1148 hujus
2770 1079 2870 1143 rei,
2891 1079 3198 1133 accessitad
3220 1080 3536 1136 cisternam.

1961 1162 2097 1219 Cum
2122 1172 2306 1219 autem
2333 1165 2558 1220 fratrem
2595 1182 2703 1222 non
2741 1168 3066 1234 offenderet,
3097 1177 3376 1223 mortuum
3414 1186 3536 1226 cre-

1961 1255 2121 1319 dens,
2151 1256 2301 1325 rupit
2335 1257 2660 1313 vestimenta
2695 1275 2813 1323 sua,
2841 1260 3205 1315 calumniatur
3241 1259 3438 1316 fratres
3470 1261 3540 1315 de

1959 1344 2219 1414 Iosepho,
2256 1345 2485 1401 dicens:
2519 1366 2537 1398 ι
2565 1348 2710 1402 Puer
2750 1364 2860 1403 non
2899 1358 2984 1403 est
3025 1349 3081 1403 in
3125 1349 3401 1415 cisterna;
3436 1364 3540 1420 ego

1959 1439 2142 1485 autem
2168 1448 2279 1502 quo
2308 1433 2400 1489 ibo
2423 1434 2603 1490 adhuc
2624 1436 2705 1489 στι
2740 1454 2758 1487 ι
2789 1436 2868 1491 Ac
2895 1437 2941 1491 si
2965 1438 3175 1493 diceret
3201 1455 3214 1490 :
3240 1437 3359 1504 Quo
3379 1448 3540 1507 pacto

1964 1521 2125 1594 186
2152 1532 2398 1579 revertar
2428 1524 2496 1579 ad
2529 1534 2762 1594 patrem,
2790 1536 2884 1581 aut
2914 1543 3024 1597 quo
3057 1536 3218 1597 pacto
3243 1529 3468 1583 omnino
3492 1530 3542 1584 is

1958 1627 2060 1667 nos
2085 1612 2359 1679 admittet,
2387 1614 2595 1684 absque
2629 1617 2748 1685 ejus
2774 1616 2977 1671 dilecto
3000 1617 3147 1673 filio?
3178 1617 3319 1684 Quid
3354 1629 3539 1675 autem

1959 1705 2203 1759 dicemus
2231 1706 2282 1760 ei
2318 1720 2548 1775 puerum
2586 1710 2892 1778 repetenti?
2921 1708 3028 1778 Ipsi
3053 1724 3184 1763 vero
3208 1719 3413 1764 vestem
3442 1726 3538 1764 va-

1959 1794 2094 1849 riam
2119 1796 2382 1865 sanguine
2406 1797 2630 1866 caprino
2665 1798 2995 1867 polluentes,
3020 1799 3343 1855 obtulerunt
3364 1803 3534 1870 patri,

297 1894 486 1963 μάτων
515 1892 768 1964 ἔμποροι,
826 1892 964 1962 πρὸς
1021 1893 1120 1964 τὴν
1178 1894 1491 1961 Αἰγυπτίων
1552 1893 1859 1962 ἠπείγοντο,

1963 1884 2338 1941 fraudulenter
2359 1887 2638 1953 acdolose,
2653 1888 2840 1943 ebrios
2857 1903 3142 1945 sermones
3164 1892 3534 1945 commentiti.

294 1982 758 2054 συμϐουλεύοντος
795 1984 967 2038 Ἰούδα
1009 1984 1109 2055 (μὴ
1137 1983 1245 2053 γὰρ
1276 1984 1340 2055 δὴ
1374 1984 1574 2061 χρῆναι
1602 1982 1864 2037 διολλύναι

288 2075 381 2147 τὸν
410 2074 643 2142 ἀδελφὺν
678 2075 1037 2144 άνεκεκράγει
1073 2074 1302 2146 σαφῶς),
1356 2074 1867 2145 ἀπημπολήκασιτὸ

290 2165 584 2236 μειράκιον
614 2163 1010 2234 καταθεμένοις
1040 2164 1181 2236 ὑπὲρ
1205 2163 1369 2219 αὑτοῦ
1398 2168 1510 2227 τοῖς
1537 2164 1862 2235 ἑκπρίασθαι

287 2257 654 2326 βουληθεῖσιν,
707 2256 879 2309 εἴκοσι
924 2255 1175 2327 χρυσοῦς.
1234 2256 1343 2308 Καὶ
1387 2255 1727 2326 ἀπεκομίσθη
1760 2254 1862 2325 μὲν

285 2353 362 2413 είς
400 2352 682 2417 Δίγυπτον
734 2348 950 2418 Ἰωσήφ.
990 2347 1242 2418 Ῥουσεὶμ
1270 2347 1328 2401 δὲ
1359 2348 1521 2401 πάλιν
1546 2348 1607 2401 τὸ
1640 2349 1863 2416 γεγονὸς

287 2442 383 2493 οὐκ
418 2440 598 2503 εἰδὼς,
647 2439 880 2509 ἀφίκετο
908 2438 1006 2508 μὲν
1044 2439 1133 2492 ἐπὶ
1170 2439 1269 2491 τὸν
1300 2439 1519 2492 λάκκον.
1563 2440 1783 2511 Ἐπειδὴ
1804 2440 1861 2492 δὲ

287 2532 346 2584 τὸ
383 2532 667 2602 παιδάριον
700 2531 761 2584 οὐ
797 2529 1067 2595 τεθέαται,
1109 2529 1579 2584 κεκινδυνευκέναι
1609 2533 1859 2602 νομίσας.

291 2625 688 2695 περιρρήγνυσι
742 2623 845 2694 μὲν
905 2622 966 2676 τὸ
1022 2621 1252 2693 ίμάτιον,
1306 2621 1588 2693 ἐπίκλημα
1637 2622 1694 2676 δὲ
1749 2625 1863 2686 τοῖς
1904 2682 1909 2688 ,

290 2713 468 2777 ἄλλοις
500 2715 737 2767 ἐποιεῖτο
774 2712 869 2767 τὸν
902 2712 1116 2784 Ἰωσὴφ,
1155 2711 1299 2766 οὕτω
1324 2713 1529 2782 λέγων’
1559 2730 1579 2765 ι
1636 2712 1710 2766 Τὸ
1736 2730 1865 2767 παι-

293 2804 476 2876 δάριον
517 2805 617 2858 οῦκ
658 2803 835 2858 ἔστιν’
887 2802 1001 2873 ἐγὼ
1033 2803 1089 2857 δὲ
1143 2801 1248 2857 ποῦ
1302 2803 1640 2875 πορεύσομαι
1680 2802 1792 2870 Eu;
1837 2822 1857 2855 ι

298 2896 590 2966 Μονονουχὶ
641 2896 750 2965 γάρ
785 2911 953 2966 φησι·
1006 2894 1131 2958 Πῶς
1166 2894 1232 2949 ἂν
1270 2884 1673 2966 ὑποστρέψαιμι
1726 2895 1865 2966 πρὸς

306 2983 396 3036 τὸν
432 2986 656 3055 πατέρα,
686 2985 719 3056 ἢ
743 2985 861 3049 πῶς
880 2985 947 3039 ἂν
973 2985 1107 3050 ὅλως
1134 2984 1490 3058 προσδέξαιτο
1520 2985 1613 3038 τὸν
1642 2988 1862 3056 ἠγαπη-

312 3076 472 3143 μένον
499 3077 594 3129 οὐκ
615 3077 864 3146 ἐχονταςς
890 3077 944 3129 τί
972 3076 1029 3130 δὲ
1052 3077 1117 3148 δὴ
1148 3079 1244 3131 καὶ
1272 3076 1506 3148 ἐροῦμεν
1540 3076 1862 3130 ἀπαιτοῦντι

304 3168 383 3237 τῷ
408 3169 572 3241 πατρὶ
588 3169 647 3222 τὸ
666 3169 942 3241 παιδάριον
960 3188 976 3237 ;
1007 3171 1069 3224 Οί
1086 3170 1143 3223 δὲ
1163 3169 1254 3223 τὸν
1284 3169 1484 3241 χιτῶνα
1504 3168 1594 3222 τδν
1622 3169 1865 3222 ποικίλον

1960 1974 2111 2030 Hanc
2131 1976 2281 2030 enim
2304 1976 2636 2042 invenimus,
2664 1978 2817 2033 aiunt
2845 1997 2858 2033 :
2892 1998 2909 2029 ι
2945 1994 3131 2045 nosce,
3159 1980 3205 2034 si
3232 1980 3417 2037 tunica
3439 1979 3536 2036 ﬁlii

1960 2063 2038 2118 tui
2075 2071 2179 2127 est,
2229 2079 2296 2118 an
2335 2079 2447 2119 non
2470 2063 2537 2119 ⁸⁸.
2578 2085 2597 2116 ι
2634 2066 2816 2120 Plorat
2858 2074 3042 2122 autem
3083 2076 3258 2137 pater,
3288 2069 3537 2125 invidia!-

1959 2168 2066 2223 que
2098 2152 2334 2208 ﬁliorum
2371 2161 2428 2209 et
2464 2153 2757 2225 impiorum
2796 2157 3151 2213 consiliorum
3187 2159 3394 2215 inscius
3424 2161 3537 2216 cla-

1961 2243 2131 2298 mavit
2175 2243 2365 2299 dicens
2402 2262 2415 2297 :
2448 2263 2466 2295 ι
2504 2245 2642 2300 Fera
2679 2247 2821 2302 mala
2858 2247 3141 2303 devoravit
3178 2250 3380 2320 Ioseph
3408 2251 3484 2317 ⁶⁹;
3515 2272 3531 2300 ι

1960 2333 2386 2404 maestitiamque
2416 2334 2488 2389 ob
2515 2333 2613 2389 ﬁlii
2640 2337 2726 2390 sui
2757 2336 3125 2392 calamitatem
3155 2338 3293 2394 adeo
3314 2338 3539 2410 gravem

1961 2424 2233 2494 concepit,
2258 2432 2320 2478 ut
2346 2424 2494 2479 nulla
2516 2425 2727 2482 ratione
2753 2428 2927 2497 sopiri
2950 2437 3044 2483 aut
3066 2430 3302 2501 mitigari
3331 2441 3536 2501 posset.

1969 2531 1988 2565 ι
2021 2513 2208 2583 Neque
2230 2514 2377 2569 enim
2401 2516 2640 2580 volebat,
2665 2517 2866 2587 inquit,
2890 2517 3180 2575 admittere
3203 2520 3537 2576 consolatio-

1960 2616 2111 2667 nem,
2157 2603 2350 2661 dieens
2376 2623 2389 2659 :
2412 2604 2553 2672 Quia
2592 2607 2922 2663 descendam
2946 2610 3012 2665 ad
3052 2610 3225 2665 ﬁlium
3243 2626 3429 2667 meum
3457 2611 3540 2665 lu—

1961 2709 2096 2765 gens
2112 2694 2169 2749 in
2182 2694 2536 2751 infernum".
2562 2716 2579 2748 ι
2602 2698 2872 2753 Perducto
2895 2700 3076 2770 itaque
3089 2701 3155 2756 ad
3175 2701 3340 2756 ﬁnem
3361 2702 3538 2757 histo-

1964 2785 2057 2841 riae
2080 2792 2253 2851 testu,
2282 2803 2438 2844 mens
2464 2804 2657 2844 rursus
2682 2790 2749 2844 ad
2777 2791 3098 2847 interiorem
3137 2792 3540 2862 indagationem

1964 2888 2024 2930 se
2083 2875 2376 2932 conferet:
2418 2894 2483 2933 ac
2546 2880 2717 2933 veluti
2778 2880 2988 2935 umbris
3044 2881 3374 2951 quibusdam
3411 2896 3540 2936 sen-

1964 2964 2190 3020 sualiter
2247 2966 2426 3030 factis,
2477 2968 2663 3022 vivum
2693 2970 2943 3024 veritatis
2977 2973 3216 3026 colorem
3249 2970 3540 3035 inducens,

1964 3055 2144 3124 quoad
2167 3056 2286 3127 ejus
2322 3056 2439 3111 fieri
2480 3057 2702 3127 poterit,
2737 3060 3246 3127 praestantissimam
3283 3060 3542 3130 spiritua-

1964 3145 2035 3201 lis
2051 3147 2531 3217 contemplationis
2553 3148 3023 3217 pulchritudinem
3046 3150 3119 3206 ob
3145 3150 3334 3206 oculos
3354 3161 3538 3221 ponet.

299 3263 459 3330 αίγὸς
492 3262 677 3332 αἵματι
697 3263 1140 3327 καταδεύσαντες,
1171 3261 1561 3335 προσεκόμιζον
1590 3261 1669 3332 τῷ
1709 3262 1905 3332 πατρὶ,
1944 3262 2080 3333 δόλῳ
2109 3262 2204 3316 καὶ
2229 3263 2415 3334 ἀπάτῃ
2440 3263 2740 3334 μεθύοντας
2762 3265 3045 3332 συνθέντες
3083 3266 3293 3336 λόγους.
3337 3268 3538 3322 Τοῦτον

293 3357 406 3428 γὰρ
435 3357 688 3429 εὕρομεν.
736 3358 935 3426 φασίνς
991 3357 1251 3426 ὲπίγνωθι
1311 3361 1359 3412 εί
1414 3356 1578 3428 χιτὼν
1616 3356 1712 3410 τοῦ
1741 3355 1859 3410 υίοῦ
1899 3356 1994 3410 σού
2027 3359 2175 3410 ἐστιν
2227 3357 2260 3428 ἢ
2294 3356 2378 3412 οῦ.
2432 3376 2450 3409 ι
2498 3358 2843 3431 Κατοιμὼζει
2905 3360 2961 3414 δὲ
2993 3362 3022 3413 6
3052 3361 3254 3430 πατὴρ,
3282 3359 3376 3415 καὶ
3401 3360 3543 3430 τάχα

292 3467 397 3503 που
424 3449 524 3519 τῆς
544 3449 653 3503 τῶν
676 3450 807 3505 υἱῶν
829 3449 1146 3520 βασκανίας,
1170 3452 1264 3505 καὶ
1318 3451 1546 3505 ἀνοσίων
1603 3452 1934 3522 σκεμμάτων
1967 3452 2385 3523 κατεκεκράγει,
2425 3452 2598 3521 λέγων
2619 3470 2633 3484 ’
2675 3473 2694 3505 ι
2739 3455 2939 3525 θηρίον
2990 3456 3224 3527 πονηρὸν
3267 3456 3541 3526 κατέφαγε

289 3537 386 3590 τδν
427 3539 644 3609 Ἰωσήφ.
679 3557 697 3590 ι
740 3537 1108 3593 Δυσεύναστόν
1132 3557 1192 3593 τε
1222 3540 1317 3594 καὶ
1345 3541 1698 3612 ἀνουθέτητον
1722 3540 2020 3631 παντελῶς,
2044 3543 2139 3596 καὶ
2159 3544 2251 3596 ἐπὶ
2278 3545 2344 3613 τῇ
2391 3542 2483 3597 τοῦ
2547 3543 2736 3608 παιδὸς
2796 3548 3049 3618 συμφορᾷ
3109 3547 3207 3617 τὴν
3240 3546 3544 3616 δυσθυμίαν

291 3627 529 3698 ἑὸέχετο.
557 3647 576 3679 ι
604 3628 680 3683 Οὐ
702 3628 809 3697 γὰρ
835 3628 1013 3699 ἤθελε,
1045 3629 1198 3700 φησὶ,
1226 3630 1643 3701 παρακληθῆναι
1664 3627 1854 3698 λέγων,
1899 3633 1977 3685 ὅτι
2006 3633 2401 3704 Καταϐήσομαι
2430 3632 2566 3702 πρὸς
2586 3633 2677 3686 τὸν
2697 3635 2811 3689 υἱόν
2835 3653 2933 3705 μου
2955 3632 3166 3689 πενθῶν
3224 3638 3304 3699 είς
3340 3638 3487 3707 ᾅδου.
3521 3658 3537 3686 ι

304 3721 699 3790 Ἕκεεὸηκάτος
735 3720 798 3790 δὴ
828 3715 921 3772 οὖν
959 3721 1038 3783 είς
1064 3720 1238 3791 πέρας
1258 3721 1352 3774 τοῦ
1380 3723 1478 3792 τῆς
1517 3716 1754 3793 ἱστορίας
1791 3723 1969 3790 λόγου,
2016 3727 2398 3795 μετοιχήσεται
2469 3726 2631 3778 πάλιν
2671 3727 2700 3779 ὁ
2764 3727 2890 3791 νοῦς
2956 3728 3067 3779 τῶν
3113 3728 3370 3781 ἐσωτάτω
3409 3730 3544 3798 πρὸς

294 3817 540 3882 ἔρευναν.
565 3814 676 3867 Καὶ
695 3810 785 3866 οἶά
819 3830 924 3868 τισι
950 3815 1125 3876 σκιαῖς
1152 3814 1264 3876 τοῖς
1283 3813 1551 3884 αἰσθητῶς
1589 3815 1865 3883 γεγονόσιν
1903 3817 2355 3887 ἐπιχρωματίζων
2399 3819 2497 3888 τὴν
2544 3816 2825 3887 ἀλήθειαν,
2894 3816 3167 3885 εὐπρεπὲς
3238 3816 3313 3877 ὡς
3358 3816 3435 3869 ἔνι
3488 3818 3547 3868 τὸ

288 3907 393 3975 τῆς
419 3903 652 3974 θεωρίας
678 3903 1050 3972 ἀπεργάζεται
1082 3901 1294 3965 κάλλος.

363 4002 432 4064 γ’.
473 3994 673 4047 Τέτοκε
697 3995 877 4046 τοίνυν
902 3993 993 4046 τὸν
1024 3993 1221 4064 Ἰωσὴφ
1250 3995 1282 4064 ἡ
1309 3995 1545 4067 νεωτέρα
1582 3996 1803 4065 Ῥαχὴλ.
1832 3996 1864 4064 ἠ
1895 3998 1935 4053 C

289 4085 435 4156 καλὴ
462 4084 541 4155 τῷ
572 4085 725 4149 εῖδει,
763 4080 867 4137 καὶ¹
895 4082 1171 4155 λαμπραῖς
1213 4084 1475 4155 ὀμμάτων
1520 4086 1698 4154 βολαῖς
1729 4086 1865 4137 ἀπο·

288 4176 587 4229 στίλϐουσα
624 4174 687 4227 τὸ
728 4174 983 4245 ἐπίχαριο
1042 4174 1217 4227 καίτοι
1263 4173 1364 4243 τῆς
1407 4174 1571 4235 Λείας
1611 4174 1708 4243 οὐχ
1764 4166 1865 4225 ὦδε

285 4265 547 4337 ἑκούσης.
584 4264 786 4328 Πόθενς
821 4263 1128 4333 Γέγραπται
1159 4262 1289 4332 γὰρ,
1322 4262 1405 4315 ὅτι
1438 4263 1488 4315 oi
1521 4262 1619 4331 μὲν
1662 4281 1680 4313 ι
1736 4263 1862 4330 ’οφ-

286 4355 494 4424 θαλμοὶ
527 4354 692 4418 Λείας
721 4353 999 4414 ἀσθενεῖς’
1051 4351 1249 4423 Ῥαχὴλ
1275 4351 1330 4405 δὲ
1350 4346 1418 4421 ἦν
1449 4351 1584 4422 καλὴ
1624 4351 1699 4423 τῷ
1736 4352 1864 4405 εῖδει

286 4448 390 4502 καὶ
412 4445 592 4517 ὡραία
613 4448 680 4516 τῇ
708 4444 830 4513 ὄψει
854 4442 1076 4514 σφόδρα.
1118 4461 1137 4495 ι
1178 4443 1336 4496 Ἀλλά
1356 4443 1520 4496 Λείαν
1555 4444 1653 4514 μὲν
1680 4442 1863 4511 ὲλέγο·

291 4552 398 4607 μεν
428 4535 528 4605 τὴν
570 4532 678 4586 τῶν
715 4532 983 4586 Ἰουδαίων
1026 4532 1259 4601 μητέρα,
1282 4533 1549 4597 τουτέστι,
1588 4532 1689 4603 τὴν
1732 4532 1865 4583 Συν-

287 4627 523 4695 αγωγήν
543 4641 556 4653 ·
588 4625 686 4687 τὰς
721 4623 811 4676 ἐπὶ
838 4622 1011 4692 τούτῳ
1058 4622 1270 4684 πίστεις
1303 4622 1648 4689 συλλέγοντες
1678 4622 1786 4675 άπό
1806 4638 1864 4674 τε

286 4715 405 4767 τῶν
448 4712 743 4782 ὀφθαλμῶν
794 4713 889 4765 καὶ
937 4711 1038 4780 τῆς
1089 4711 1183 4764 τοῦ
1233 4711 1494 4780 ὀνόματος
1547 4711 1860 4780 ἑρμηνείας.

302 4803 571 4875 ’Δκαλλὴς
600 4802 709 4873 γάρ
735 4802 905 4864 ὅντως
930 4802 1023 4854 καὶ
1054 4802 1188 4855 πολὺ
1227 4802 1457 4856 νοσοῦσα
1478 4802 1540 4854 τὸ
1562 4801 1863 4873 ἄρρωστον,

288 4898 327 4965 ὴ
397 4894 506 4947 ἔσω
546 4910 608 4946 τε
648 4893 743 4946 καὶ
788 4893 871 4956 είς
910 4892 1033 4947 νοῦν
1073 4893 1261 4962 ὅρασις
1300 4892 1397 4963 τῆς
1440 4893 1708 4947 Ἰουδαίων
1732 4894 1865 4945 Συνοο

290 4983 536 5053 αγωγῆς.
577 5002 597 5034 ι
620 4982 919 5051 ὐφθαλμοὶ
950 4982 1055 5054 γὰρ
1087 4983 1288 5046 αὐτοῖς,
1315 4983 1406 5036 καὶ
1439 4984 1500 5036 οὐ
1526 4983 1802 5053 βλέπουσι,
1842 5004 1860 5036 ι

291 5081 438 5130 κατὰ
460 5076 556 5148 τὴν
582 5074 674 5129 τοῦ
709 5077 989 5145 προφήτου
1030 5076 1234 5144 φωνήν.
1261 5076 1333 5127 Οὐ
1358 5076 1466 5144 γὰρ
1494 5076 1765 5142 ἐγνώκασι
1803 5079 1867 5130 τὰ

288 5167 559 5231 Μωσέως,
586 5164 709 5219 οὔτε
753 5166 862 5235 μὴν
906 5165 1192 5234 γεγόνασιν
1228 5158 1329 5218 οἷοί
1370 5182 1429 5217 τε
1465 5166 1755 5236 καταθρεῖν
1799 5166 1866 5219 τὰ

2037 3990 2089 4043 ’5.
2132 3990 2351 4057 Peperit
2397 3991 2581 4059 itaque
2621 3988 2919 4057 Iosephum
2949 3984 3139 4056 juzo;ior
3180 3986 3382 4040 Rachel
3421 3987 3545 4057 pul-

1966 4080 2097 4134 chra
2138 4087 2360 4148 aspectu
2385 4119 2398 4142 ,
2440 4086 2495 4131 et
2542 4075 2846 4148 Splendidis
2887 4075 3172 4129 oculorum
3218 4074 3389 4129 radiis
3427 4091 3549 4147 gra-

1967 4172 2097 4224 tiam
2146 4170 2410 4239 spirans:
2454 4168 2548 4222 Lia
2601 4183 2734 4222 vero
2792 4183 2901 4221 non
2951 4166 3103 4221 it'cm.
3140 4166 3418 4237 Scriptum
3463 4178 3547 4225 est

1965 4262 2113 4316 enim
2158 4261 2306 4331 quod
2339 4280 2355 4312 ι
2387 4261 2532 4316 oculi
2568 4260 2681 4315 Liae
2714 4259 2936 4314 inﬁrmi.
2967 4258 3173 4314 Rachel
3214 4266 3398 4314 autem
3428 4268 3546 4313 erat

1966 4355 2196 4426 pulchra
2245 4364 2470 4425 aspectu
2513 4361 2570 4409 et
2594 4354 2831 4408 formosa
2868 4352 3006 4407 facie
3040 4352 3197 4407 valde
3222 4354 3287 4405 ⁷¹.
3319 4370 3338 4403 ι
3380 4352 3543 4423 Atqui

1969 4445 2124 4500 Liam
2149 4444 2390 4500 diximus
2417 4459 2539 4498 esse
2554 4442 2867 4498 Iudaeorum
2887 4447 3137 4506 matrem,
3161 4441 3267 4496 hoc
3292 4449 3376 4496 est
3404 4440 3543 4512 Syn-

1967 4552 2226 4607 agogam;
2286 4535 2667 4606 probationem
2693 4534 2859 4604 hujus
2891 4532 2969 4587 rei
3004 4542 3285 4587 sumentes
3310 4531 3379 4585 ab
3409 4547 3541 4586 ocu-

1966 4628 2056 4691 lis,
2089 4636 2146 4682 et
2185 4642 2215 4681 a
2261 4626 2504 4680 nominis
2554 4625 3031 4695 interpretatione.
3086 4624 3357 4680 Deformis
3397 4624 3546 4679 enim

1967 4735 2179 4784 revera,
2208 4718 2488 4788 multaque
2520 4716 2833 4772 infirmitate
2856 4718 3068 4772 laborat
3100 4717 3352 4781 interior,
3380 4725 3546 4787 atque

1967 4809 2036 4863 ad
2073 4819 2315 4865 mentem
2361 4808 2645 4878 pertinens
2689 4807 3001 4863 Iudaeorum
3050 4807 3345 4878 Synagogm
3385 4821 3546 4873 aspe-

1967 4909 2108 4955 ctus.
2155 4919 2173 4951 ι
2206 4900 2407 4956 Oculos
2437 4900 2586 4955 enim
2621 4899 2855 4963 habent,
2881 4907 3070 4952 etnon
3101 4897 3305 4957 vident,
3340 4912 3357 4942 ι
3392 4894 3548 4960 juxta

1967 4990 2249 5059 prophetae
2305 5004 2495 5044 vocem
2522 4989 2587 5041 τ’.
2630 4988 2817 5056 Neque
2867 4986 3015 5040 enim
3063 4988 3438 5050 cognoverunt
3484 4996 3545 5036 ea

1968 5096 2089 5151 qua:
2117 5097 2146 5135 a
2174 5080 2320 5136 Mose
2353 5081 2556 5149 scripta
2591 5086 2738 5139 sunt,
2765 5091 2943 5143 nequc
2970 5087 3131 5142 pares
3164 5071 3388 5125 fuerunt
3419 5086 3546 5125 con-

1968 5170 2274 5226 siderandis
2295 5169 2572 5240 mysteriis
2616 5183 2736 5236 quae
2770 5167 2823 5218 in
2856 5164 2989 5233 ipsis
3019 5163 3394 5224 continentur,
3449 5176 3548 5228 per

288 5259 350 5308 ὲν
376 5255 520 5326 αὐτῷ
564 5258 860 5327 μυστήρια,
882 5256 947 5309 δι’
969 5252 1043 5309 ὧν
1083 5254 1432 5326 πολυτρόπως
1460 5257 1487 5308 ὁ
1522 5257 1865 5328 Ἐμμανουὴλ

1968 5280 2088 5335 qua:
2125 5262 2477 5317 multifariam
2513 5256 2834 5315 Emmanuel
2871 5254 3224 5310 describitur.
3266 5253 3547 5321 Interpre-

289 5347 689 5418 κατεγράφετο.
731 5344 1120 5417 Ἐρμηνεύεται
1155 5345 1212 5398 δὲ
1231 5344 1384 5408 Λεία,
1410 5344 1698 5409 κοπιῶσα,
1723 5349 1865 5402 καθὰ

1968 5328 2118 5411 tatur
2169 5361 2353 5408 autem
2400 5352 2526 5413 Lia,
2574 5350 2842 5408 laborans,
2878 5342 3338 5412 quemadmodum
3382 5342 3547 5397 etiam

287 5434 387 5487 κιὶ
434 5436 491 5488 ἐν
547 5436 756 5507 ἑτέροις
801 5436 1120 5506 εἰρήκαμεν.
1170 5434 1482 5489 Κεκοπίακε
1535 5436 1640 5506 γὰρ
1677 5440 1709 5508 ἡ
1756 5440 1862 5492 τῶν

300 5524 573 5579 Ἰουδαίων
607 5524 928 5596 Συναγωγή,
955 5526 1119 5596 βραδὺ
1146 5526 1236 5579 καὶ
1274 5525 1548 5580 δύσοιστον
1576 5528 1736 5597 ἄχθος
1774 5532 1864 5583 τὸν

287 5614 378 5667 διὰ
418 5616 666 5679 Μωσέως
707 5615 906 5684 ἔχουσα
930 5616 1110 5689 νόμον.
1146 5617 1431 5685 Τοιγάρτοι
1458 5621 1597 5672 καὶὸ
1632 5621 1862 5690 Χριστὸς

361 5726 404 5758 ⁸⁷
435 5726 574 5782 Gen.
627 5744 826 5795 xxxvrt,
860 5728 958 5794 29,
1008 5729 1094 5783 50.
1198 5729 1402 5785 “ibid.
1445 5732 1532 5786 5'2.

291 5796 493 5855 Icrem.
523 5817 576 5866 γ,
608 5797 700 5851 ει.

1969 5448 2093 5501 aliis
2135 5445 2191 5497 in
2244 5444 2380 5497 locis
2416 5443 2676 5496 diximus.
2707 5435 2997 5488 Laboravit
3046 5435 3189 5488 enim
3216 5424 3547 5490 'Iudaaorum

1970 5534 2251 5604 Synagoga
2288 5530 2439 5600 gravi
2468 5536 2630 5594 atque
2663 5522 2996 5576 intolerabili
3032 5537 3217 5587 onere,
3247 5523 3417 5591 legem
3452 5536 3544 5589 per

1970 5625 2156 5679 Mosen
2190 5619 2489 5674 sustinens.
2522 5615 2732 5670 Idcirco
2757 5611 2923 5666 etiam
2946 5612 3197 5667 Christus
3221 5621 3277 5666 ut
3299 5612 3544 5668 laborati.

1631 5733 1675 5764 ⁶⁹
1716 5734 1853 5786 Ibid.
1893 5735 1979 5788 35.
2058 5736 2104 5767 "°
2134 5733 2269 5786 Ibid.
2299 5731 2386 5787 55.
2462 5730 2504 5760 '”
2534 5728 2669 5782 Gen.
2696 5725 2830 5788 xxix,
2869 5727 2951 5780 i7.
3029 5727 3072 5756 τί
3112 5725 3253 5779 Psal.
3295 5737 3440 5787 CXIII,
3482 5721 3549 5791 ὃς
