4074 6260
493 411 598 471 295

1534 393 1589 448 S.
1634 388 1911 446 CYRILLI
1949 381 2424 459 ALEXANDle
2462 377 2779 435 ARCHIEP.

3654 365 3758 422 9.96

501 535 585 580 tes
611 537 708 578 eos
744 527 800 574 et
831 523 1060 570 (inustos
1091 510 1161 566 ad
1191 509 1504 565 libertatem
1539 521 1638 575 per
1677 503 1840 556 (idem
1871 496 2085 553 vocavit

2207 497 2256 559 ὓς
2297 492 2601 555 κοπιῶντας
2642 488 2838 550 αὐτοὺς
2889 487 2979 538 καὶ
3016 479 3506 553 κατηχθισμένους,
3549 479 3630 542 είς
3660 481 3761 550 τὴν

499 615 690 671 dicens
720 628 733 662 :
767 629 785 661 ι
809 607 999 664 Venite
1023 605 1092 659 ad
1113 619 1224 667 me,
1247 614 1439 654 omnes
1465 598 1560 666 qui
1586 594 1848 650 laboratis
1871 599 1927 646 et
1942 605 2074 644 one-

501 705 604 762 rati
643 701 795 763 estis,
829 705 885 752 et
915 711 1016 766 ego
1053 693 1294 748 reﬁciam
1321 705 1418 743 vos
1450 688 1515 738 ⁷³.
1551 705 1570 738 ι
1609 683 1716 739 Sed
1761 679 2074 750 huiusmodi

499 797 720 866 quidem
764 798 849 844 est
885 788 983 842 Lia
1025 803 1037 839 :
1078 783 1206 854 puri
1239 788 1422 836 autem
1453 784 1582 831 sunt
1610 772 1903 828 admodum
1931 768 2074 825 oculi

500 861 724 941 Eachel.
756 881 906 936 Vidit
949 879 1099 933 enim
1153 870 1400 928 Ecclesia
1440 885 1507 923 ex
1553 865 1808 936 gentibus
1847 861 2076 932 gloriam

499 974 724 1037 Christi,
746 978 803 1025 ct
831 971 885 1024 in
924 969 1042 1039 ipso
1075 967 1292 1020 Patrem
1320 981 1332 1015 :
1358 967 1547 1016 vocata
1577 965 1756 1012 autem
1789 963 1872 1008 est
1903 952 1971 1006 ad
1996 952 2076 1005 fa-

500 1066 875 1122 miliaritatem
902 1056 1202 1129 spiritualis
1225 1052 1431 1124 sponsi,
1456 1051 1562 1104 hoc
1585 1056 1688 1111 est,
1707 1043 1930 1108 Christi,
1956 1051 2082 1112 post

502 1159 758 1229 primam.
787 1152 945 1223 185
968 1151 1088 1220 Ipsa
1110 1147 1256 1202 enim
1284 1142 1579 1200 novissima
1609 1148 1713 1203 est,
1742 1151 1932 1206 rugam
1968 1150 2079 1188 non

503 1226 734 1309 habens,
783 1245 1064 1312 antiquata
1107 1239 1304 1308 prima,
1351 1250 1415 1289 ac
1450 1240 1737 1302 postquam
1762 1226 2071 1289 consenuit,

504 1351 676 1411 prope
702 1335 844 1389 facto
866 1334 985 1402 ejus
1011 1328 1260 1382 interitu.
1284 1326 1684 1393 Interpretatur
1711 1327 1893 1372 autem
1916 1315 2082 1370 etiam

506 1404 732 1489 haehel,
757 1424 854 1478 Dei
875 1420 1026 1475 ovile.
1053 1418 1205 1474 Ovile
1231 1416 1379 1470 enim
1403 1404 2080 1467 SalvatorisestEcclesia:

505 1521 599 1591 qui
625 1515 827 1573 Judaais
873 1512 1096 1582 quidem
1139 1507 1276 1562 dixit
1309 1521 1408 1575 per
1449 1501 1738 1572 quemdam
1770 1503 2086 1553 sanctorum

505 1585 904 1682 prophetarum
942 1621 955 1655 :
1004 1621 1021 1652 ς
1051 1601 1120 1655 Ει
1166 1599 1279 1654 dixi
1311 1615 1322 1650 :
1359 1595 1479 1650 Non
1517 1606 1734 1669 pascam
1778 1603 1895 1642 vos.
1929 1585 2087 1652 Quod

506 1681 766 1762 moritur,
806 1695 1096 1757 moriatur,
1129 1699 1184 1746 et
1217 1688 1364 1760 quod
1395 1685 1599 1749 deﬁcit,
1633 1681 1870 1743 deﬁciat,
1904 1687 1960 1733 et
1996 1693 2086 1731 re-

508 1795 724 1864 liquiae;
751 1791 980 1845 devoret
1002 1784 1381 1854 unusquisque
1406 1792 1600 1834 carnes
1621 1773 1852 1846 proximi
1881 1771 1966 1826 sui
1983 1768 2049 1825 ⁷⁸.
2064 1787 2082 1819 ι

2179 586 2267 639 διὰ
2318 584 2552 645 πίστεως
2607 582 2790 635 ἄνεσιν
2837 576 3020 630 ἐκάλει
3062 574 3255 642 λέγων·
3296 590 3313 621 ι
3355 569 3521 623 Δεῦτε
3562 571 3760 634 πάντες

2183 677 2316 746 πρός
2354 692 2443 746 με,
2473 677 2520 727 οἱ
2543 671 2842 733 κοπιῶντες
2870 668 2962 722 καὶ
2991 659 3605 737 πεφορτισμένοι,κάγὼ
3629 661 3760 714 ἀνα-

2183 767 2376 820 παύσω
2423 765 2583 833 ὑμᾶς.
2623 782 2642 815 ι
2694 761 2853 814 Ἀλλὰ
2889 759 3018 810 Λεία
3066 757 3162 826 μὲν
3201 757 3257 807 ὲν
3298 753 3531 814 τούτοις.
3580 751 3766 804 Καθαο

2189 860 2269 930 pol
2306 858 2360 910 δὲ
2407 856 2545 923 ἄγαν
2594 855 2641 905 οε
2679 853 2776 920 τῆς
2814 849 3015 919 Ῥαχὴλ
3047 844 3335 915 ὀφθαλμοί.
3364 843 3632 896 Τεθέαται
3658 842 3765 912 γὰρ

2186 948 2292 1019 ήὲξ
2324 947 2490 1000 ἐθνῶν
2520 944 2812 1012 Ἐκκλησία
2835 943 2931 1012 τὴν
2954 939 3108 1004 δόξαν
3143 935 3401 1007 Χριστοῦ,
3424 937 3517 987 καὶ
3541 935 3597 984 ὲν
3619 932 3768 1001 αὗτῷ

2184 1042 2274 1090 τὸν
2324 1037 2568 1105 Πατέρα’
2625 1034 2880 1103 κέκληται
2921 1031 2976 1082 δὲ
3015 1028 3149 1098 πρὸς
3194 1025 3465 1078 οἰκείωσιν
3506 1022 3602 1074 τοῦ
3642 1039 3769 1092 νοη-

2184 1127 2277 1180 τοῦ
2324 1127 2580 1196 νυμφίου,
2621 1121 2864 1174 τουτέστι
2912 1117 3170 1190 Χριστοῦ,
3207 1114 3346 1185 μετὰ
3375 1117 3473 1183 τὴν
3521 1121 3766 1182 πρωτην.

2191 1218 2338 1287 Αὓτη
2370 1217 2536 1286 γάρὴ
2573 1213 2814 1283 νεωτάτη
2869 1212 3054 1282 ῥυτίδα
3093 1209 3166 1279 μὴ
3200 1209 3418 1278 ἔχουσα,
3457 1206 3640 1259 καίτοι
3673 1222 3772 1257 παο

2188 1307 2515 1376 λαιωθείσης
2571 1307 2671 1375 τῆς
2719 1304 2962 1373 πρώτης,
3013 1301 3110 1354 καὶ
3155 1301 3276 1352 ὲπεί
3317 1316 3399 1350 τοι
3433 1301 3767 1367 γεγήρακεν,

2191 1401 2356 1468 ὲγγὺς
2403 1397 2703 1466 γενομένης
2750 1391 3076 1463 ἀφανισμοῦ.
3127 1389 3520 1460 Ἐρμηνεύεται
3572 1388 3627 1440 δὲ
3676 1387 3771 1440 καὶ

2193 1492 2226 1561 ἡ
2263 1488 2482 1560 Ῥαχὴλ,
2517 1487 2663 1542 Θεοῦ
2692 1485 2989 1552 ποίμνιον.
3030 1481 3286 1551 Ποίμνιον
3313 1479 3422 1551 γὰρ
3461 1479 3554 1532 τοῦ
3592 1480 3776 1548 Σωτῆ-

2197 1596 2286 1649 ρος
2315 1580 2349 1648 ἡ
2385 1576 2716 1647 Ἐκκλησία*
2764 1573 2822 1636 ὃς
2867 1569 3135 1631 Ἰουδαίοις
3176 1569 3272 1638 μὲν
3307 1568 3513 1636 ἔφασκε
3565 1567 3774 1630 δι’ὲνδς

2194 1671 2301 1724 τῶν
2324 1669 2489 1737 ἁγίων
2507 1664 2816 1739 προφητῶνο
2846 1683 2864 1714 ι
2902 1663 3012 1716 Καὶ
3038 1656 3186 1712 εἶπαι
3215 1659 3290 1712 Οὐ
3323 1658 3575 1728 ποιμανῶ
3605 1659 3771 1726 sua;

2196 1762 2268 1814 Τὸ
2297 1759 2639 1828 ἀποθνῆσκον
2669 1755 3080 1824 ἀποθνησκέτω,
3114 1755 3209 1805 καὶ
3237 1751 3296 1803 τὸ
3331 1751 3580 1803 ἐκλεῖπον
3611 1748 3778 1800 ἐκλει-

510 1839 1054 1864 ’“ι“··“*ν*---ν---νί
1167 1839 1182 1854 ι
1294 1839 1308 1851 .
1622 1839 1635 1846 -

510 1887 589 1942 De
618 1883 780 1938 nobis
806 1896 938 1934 vero
971 1898 982 1932 :
1021 1898 1038 1929 ‹
1068 1877 1209 1932 Oves
1250 1888 1386 1927 meae
1414 1883 1607 1924 vocem
1641 1880 1815 1920 meam
1845 1861 2094 1924 audiunt,

2207 1852 2351 1906 πέτω
2373 1891 2387 1915 ,
2439 1850 2532 1902 καὶ
2577 1848 2644 1902 τά
2685 1846 2986 1900 κατάλοιπα
3007 1860 3020 1876 ·
3052 1841 3385 1897 κατεσθιέτω
3419 1841 3648 1900 ἕκαστος
3677 1839 3778 1903 τὰς

513 1986 568 2034 et
590 1982 896 2046 sequuntur
921 1987 1008 2025 me
1029 1988 1043 2036 ;
1071 1976 1125 2023 et
1143 1983 1243 2038 ego
1266 1966 1336 2020 do
1364 1964 1496 2034 ipsis
1515 1963 1684 2016 vitam
1707 1965 1966 2012 aeternam
1986 1953 2084 2010 ".i

512 2070 612 2128 Est
646 2044 810 2139 igitur
848 2076 1034 2136 pastor
1070 2065 1272 2123 bonus,
1314 2067 1368 2112 et
1427 2057 1484 2109 in
1522 2051 1779 2109 omnibus
1819 2049 1934 2118 ipse
1975 2044 2095 2116 pri-

515 2177 632 2217 mas
657 2159 932 2214 obtinens.
973 2155 1209 2208 Vocatus
1233 2156 1417 2203 autem
1449 2154 1532 2200 est
1569 2145 1734 2198 etiam
1769 2140 1907 2202 ovis,
1939 2143 2095 2206 post-

517 2266 678 2322 quam
701 2250 876 2304 l'actus
891 2253 974 2300 est
988 2245 1173 2298 homo.
1190 2241 1400 2295 Idcirco
1413 2237 1630 2306 sapiens
1640 2229 1912 2288 JoannesJ
1920 2227 2098 2282 udaeo-

519 2317 642 2393 'rum
680 2337 898 2405 populis
932 2333 1109 2402 ipsum
1148 2327 1409 2388 ostendit,
1431 2325 1622 2378 dicens
1651 2338 1663 2373 :
1699 2339 1716 2370 ι
1748 2320 1888 2374 Ecce
1913 2317 2100 2388 Agnus

524 2427 620 2482 Dei
683 2425 883 2480 tollens
939 2427 1164 2490 peccata
1223 2415 1415 2471 mundi
1448 2414 1514 2470 ⁷⁸.
1553 2432 1572 2464 ι
1626 2408 1902 2465 Innumeri
1951 2406 2100 2462 enim

523 2512 742 2570 mactati
781 2518 928 2572 sunt,
958 2510 1111 2580 juxta
1156 2504 1292 2575 legis
1328 2503 1579 2564 formam,
1605 2499 1701 2555 sed
1737 2498 1922 2554 nullus
1954 2497 2101 2550 dele-

521 2604 603 2660 vit
628 2610 848 2673 peccata
872 2599 1082 2657 mundi.
1111 2594 1487 2667 clmpossibile
1501 2592 1648 2647 enim
1661 2598 1752 2645 est
1781 2587 2100 2659 sanguinem

528 2701 811 2748 taurorum
858 2697 913 2744 et
964 2675 1245 2742 hircorum
1295 2684 1486 2739 tollere
1511 2687 1732 2752 peccata
1760 2681 1826 2731 "".
1854 2698 1872 2730 ι
1901 2678 2104 2732 Abstu-

524 2784 589 2840 lit
614 2766 802 2838 auteni
826 2788 1048 2852 peccata
1075 2777 1264 2836 mundi
1292 2775 1478 2846 Agnus
1507 2772 1891 2830 immaculatus
1913 2784 2099 2834 verus,

525 2875 937 2934 immaculatum
971 2871 1321 2926 sacriﬁcium.
1361 2867 1490 2923 Ideo
1520 2866 1685 2920 etiam
1712 2873 1771 2918 ut
1797 2864 1916 2918 ovis
1942 2877 2105 2931 repu-

529 2976 670 3024 tatus
690 2974 775 3019 est
797 2965 1083 3018 nobiscum
1117 2963 1182 3014 ⁷⁸.
1212 2962 1452 3016 Vocetur
1475 2964 1659 3012 autem
1691 2956 1897 3010 idcirco
1917 2953 2106 3008 Eccle-

525 3057 619 3114 siae
639 3057 803 3119 illius,
830 3066 891 3110 ut
918 3052 1315 3124 primogenitus
1342 3050 1397 3103 in
1424 3049 1686 3104 fratribus
1714 3049 1780 3100 ".
1808 3045 2104 3102 Sciendum

485 3143 501 3167 ‘
527 3163 657 3201 vero
689 3146 832 3216 quod
855 3153 909 3199 et
931 3143 1130 3213 Ioseph
1157 3142 1571 3210 interpretatur,
1606 3137 1828 3207 adjectio
1852 3145 1907 3190 et
1932 3137 2104 3188 incre-

2204 1944 2414 2014 σάρκας
2466 1939 2561 1993 τοῦ
2606 1938 2833 2008 πλησίον
2883 1934 3070 1988 αὐτοῦ.
3115 1952 3132 1985 ›
3172 1932 3358 2002 Ἦμῶν
3405 1932 3462 1983 δὲ
3519 1929 3582 2001 δὴ
3626 1932 3778 2002 πέρι,

2208 2055 2226 2088 ι
2257 2036 2300 2088 Τ
2306 2035 2339 2087 ὰ
2386 2031 2635 2105 πρόϐατα
2696 2027 2766 2081 τὰ
2819 2026 2927 2096 ἔμά
2980 2026 3075 2095 τῆς
3112 2024 3298 2093 φωνῆς
3342 2039 3443 2094 μου
3498 2021 3780 2081 ἀκούουσι.

2203 2128 2298 2182 καὶ
2351 2121 2700 2178 ἀκολουθοῦσι
2767 2137 2899 2189 μοι,
2957 2117 3114 2186 κάγὼ
3165 2117 3359 2185 δίδωμι
3416 2115 3602 2177 αὐτοῖς
3636 2115 3783 2184 ζωὴν

2203 2217 2446 2274 αἰώνιον.
2483 2233 2502 2268 ι
2529 2215 2685 2268 Ἐστι
2723 2213 2819 2284 μὲν
2852 2205 2944 2265 οὖν
2973 2209 3176 2280 ποιμὴν
3211 2207 3434 2276 ἀγαθὸς,
3467 2209 3560 2260 καὶ
3595 2209 3653 2259 ὲν
3680 2207 3785 2258 πᾶς,

2207 2325 2290 2362 σιν
2314 2307 2475 2370 αὐτὸς
2507 2303 2820 2376 πρωτεύων.
2853 2301 3242 2372 Κεχρημάτικε
3263 2299 3319 2353 δὲ
3359 2299 3456 2353 καὶ
3485 2297 3781 2368 πρόϐατον,

2207 2400 2327 2454 ἐπεί
2349 2416 2432 2452 τοι
2465 2398 2654 2466 γέγονε
2684 2393 2805 2448 καθ’
2825 2397 2991 2465 ἡμᾶς.
3031 2392 3140 2446 Καὶ
3171 2392 3303 2462 γοῦν
3331 2393 3360 2444 6
3405 2392 3567 2459 σοφὸς
3606 2391 3788 2443 Ἰωάνα.

2207 2510 2303 2562 νης
2339 2493 2450 2553 τοῖς
2488 2487 2752 2543 Ἰουδαίων
2794 2486 2986 2555 δήμοις
3025 2485 3185 2536 αὐτὸν
3230 2481 3544 2554 παρέδειξε,
3576 2480 3783 2548 λέγων·

2214 2599 2231 2632 ι
2274 2579 2377 2632 Ἴδε
2410 2581 2439 2632 6
2469 2577 2638 2648 ἀμνὸς
2674 2576 2766 2629 τοῦ
2812 2574 2946 2628 Θεοῦ
2989 2577 3016 2627 ὁ
3049 2574 3220 2644 αἴρων
3248 2573 3345 2644 τὴν
3381 2573 3655 2643 ἁμαρτίαν
3691 2571 3786 2625 τοῦ

2209 2670 2436 2738 κόσμου.
2474 2686 2491 2719 ι
2522 2666 2722 2737 Μυρίοι
2763 2665 2860 2736 μὲν
2884 2664 2993 2735 γάρ
3022 2663 3371 2730 ἐσφάττοντο,
3404 2661 3548 2716 κατὰ
3575 2661 3668 2714 τὸν
3692 2659 3788 2716 τοῦ

2208 2763 2371 2833 νόμου
2423 2759 2615 2824 τύπον,
2669 2758 2783 2813 ἀλλ’
2840 2757 3014 2817 οὐδεὶς
3063 2755 3332 2827 ἀπήλειψε
3378 2756 3474 2825 τὴν
3515 2754 3792 2825 ἁμαρτίαν

2208 2854 2302 2908 τοῦ
2362 2852 2588 2923 κόσμου.
2644 2837 2670 2902 ι’
2711 2849 3003 2903 ’Δδύνατον
3067 2847 3166 2918 (ἀρ
3224 2843 3360 2918 αἷμα
3421 2847 3638 2917 ταύρων
3698 2843 3794 2900 καὶ

2209 2929 2426 3014 τράγων
2471 2943 2728 3012 ἀφαιρεῖν
2774 2939 3064 3010 ἁμαρτίαν.
3108 2957 3125 2989 ›
3176 2938 3440 3008 Ἀνῄρηκε
3477 2937 3532 2989 δὲ
3568 2934 3660 2987 τοῦ
3702 2933 3795 2988 κύ⁴

2213 3052 2349 3105 σμου
2385 3034 2483 3103 τὴν
2526 3033 2802 3103 ἁμαρτίαν
2833 3034 2862 3084 6
2909 3031 3080 3100 ἀμνὸς
3118 3030 3146 3080 6
3184 3029 3434 3098 ἄμωμος,
3457 3029 3484 3079 6
3515 3026 3792 3095 ἀληθινὸς,

2212 3128 2271 3180 τὸ
2310 3127 2539 3195 ἄμωμον
2582 3126 2796 3195 ἱερεῖον.
2849 3120 3058 3175 Οὐκοῦν
3091 3121 3184 3172 καὶ
3222 3120 3296 3181 ὡς
3339 3117 3614 3189 πρόϐατον
3645 3117 3793 3170 λελό-

529 3245 763 3292 mentum
793 3233 909 3289 Dei.
954 3233 1182 3302 Semper
1204 3231 1350 3285 enim
1373 3237 1604 3297 augetur
1624 3234 1680 3280 et
1699 3227 1897 3281 crescit
1925 3235 2100 3279 sancta

2226 3235 2409 3286 γισται
2455 3216 2573 3286 μεθ’
2599 3213 2772 3284 ἡμῶν.
2805 3213 3039 3267 Καλοῖτο
3076 3211 3121 3264 δ’
3161 3211 3226 3264 ἂν
3253 3211 3340 3264 διὰ
3376 3211 3534 3264 τοῦτο
3564 3210 3660 3264 καὶ
3695 3210 3794 3279 τῆς

530 3325 765 3380 ﬁliorum
792 3320 1049 3376 Ecclesiae
1075 3319 1386 3374 multitudo.
1415 3315 1680 3383 Quocirca
1707 3315 1872 3367 etiam
1902 3314 2110 3368 dictum

531 3425 617 3469 est
637 3413 704 3467 ad
727 3427 847 3466 eam
883 3430 896 3463 :
942 3431 958 3461 ι
985 3411 1138 3464 Tolle
1164 3409 1219 3463 in
1244 3407 1478 3463 circuitu
1504 3405 1692 3460 oculos
1715 3414 1858 3468 tuos,
1884 3403 2036 3467 Sion,
2058 3412 2114 3458 et

532 3504 679 3559 vide.
721 3503 860 3558 Ecce
897 3500 1208 3570 congregati
1250 3507 1396 3562 sunt,
1425 3506 1482 3550 et
1511 3501 1782 3550 venerunt
1816 3493 1883 3548 ad
1907 3503 1960 3548 te
1989 3494 2054 3546 °.
2087 3512 2106 3543 ι

533 3591 602 3647 Et
628 3604 843 3643 rursum
873 3606 884 3641 :
923 3607 941 3638 ι
973 3589 1113 3642 Ecce
1141 3588 1196 3642 hi
1231 3587 1298 3641 de
1324 3588 1482 3656 longe
1506 3585 1755 3648 veniunt,
1780 3583 1838 3638 hi
1865 3583 1934 3638 ab
1961 3583 2115 3652 aqui-

535 3681 682 3742 lone,
718 3687 774 3732 et
809 3678 864 3732 hi
898 3694 930 3732 a
959 3676 1099 3731 mari
1126 3694 1138 3729 :
1167 3676 1262 3730 alii
1287 3689 1419 3730 vero
1446 3689 1476 3728 e
1505 3681 1648 3727 terra
1673 3673 1964 3726 Persarum
1990 3673 2055 3727 ⁸⁸.
2088 3693 2105 3724 ι

537 3771 812 3842 Scriptum
849 3779 934 3826 est
965 3779 1149 3825 autem
1177 3769 1344 3823 etiam
1377 3767 1433 3821 in
1464 3765 1692 3821 Actibus
1717 3765 2111 3835 apostolorum,

536 3863 738 3918 alicubi
763 3863 1007 3933 quidem,
1035 3859 1181 3932 quod
1221 3859 1421 3930 adjecit
1458 3857 1681 3928 quidem
1718 3856 1982 3910 Dominus
2003 3856 2112 3910 sal—

534 3965 688 4010 vatos
712 3955 958 4024 quotidie
987 3955 1040 4008 in
1067 3953 1210 4008 idem
1228 3953 1303 4018 ⁸²;
1337 3950 1538 4006 alicubi
1561 3963 1691 4004 vero
1717 3966 1729 4000 :
1766 3947 1964 4002 «Aucti
1984 3963 2114 4001 vero

534 4056 664 4102 sunt
706 4047 889 4114 potius
928 4045 1219 4100 credentes
1257 4042 1510 4106 Domino,
1545 4039 1924 4095 multitudines
1961 4039 2112 4094 viro-

537 4153 660 4191 rum
700 4144 757 4190 ct
800 4136 1092 4195 mulierum
1115 4135 1180 4186 ⁸⁸.
1215 4153 1232 4184 ι
1267 4133 1500 4195 Idcirco,
1532 4141 1594 4186 ut
1618 4133 1782 4201 paulo
1822 4140 1948 4189 ante
1978 4132 2111 4196 dixi,

538 4224 734 4278 merito
767 4235 1058 4278 censeatur
1096 4222 1398 4292 spiritualis
1430 4221 1652 4289 Joseph,
1675 4222 1780 4276 hoc
1803 4231 1906 4284 est,
1931 4223 2026 4290 qui
2058 4222 2115 4275 in

535 4315 777 4376 Christo,
804 4313 1038 4382 adiectio
1063 4312 1179 4367 sive
1202 4311 1603 4365 incrementum
1631 4310 1746 4365 Dei.
1773 4310 1961 4378 Neque
1983 4324 2116 4363 vero

535 4420 568 4462 τι
608 4419 775 4474 scopo
816 4402 1278 4466 aberraverimus,
1305 4400 1350 4456 si
1391 4400 1676 4455 credentes
1713 4400 1769 4454 in
1805 4401 2004 4470 ipsum,
2030 4409 2114 4454 at.-

536 4485 644 4567 qne
670 4496 965 4566 ipsummet
987 4495 1062 4549 ita
1091 4493 1445 4564 appellemus.
1471 4493 1590 4563 Ipse
1617 4493 1766 4547 enim
1795 4500 1878 4547 est
1910 4500 2110 4562 caput:

537 4601 739 4657 corpus
759 4594 942 4640 autem
966 4594 1022 4640 et
1046 4585 1294 4640 membra
1318 4601 1387 4640 ex
1408 4594 1561 4656 parte
1585 4601 1684 4640 nos
1707 4585 1776 4640 ⁸⁸.
1798 4585 1974 4656 Atque
1999 4586 2113 4655 ipse

538 4677 762 4751 quldem
784 4676 916 4730 vitis
943 4694 955 4728 :
985 4676 1316 4758 inhaeremus
1341 4687 1520 4731 autem
1546 4677 1650 4746 ipsi
1678 4692 1778 4732 nos
1807 4677 1980 4732 instar
2001 4678 2115 4747 pal—

539 4778 754 4832 mitum,
791 4768 1002 4822 unitate
1044 4767 1345 4832 secundum
1386 4767 1640 4836 spiritum
1680 4783 1778 4840 per
1811 4769 2116 4824 sanctiﬁcaw

537 4861 741 4916 tionem
791 4859 1049 4930 colligati.
1101 4857 1372 4913 Caeterum
1420 4879 1438 4909 ε
1479 4866 1627 4923 erat,
1664 4858 1870 4928 inquit,
1910 4861 2112 4930 Ioseph

535 4951 931 5022 septemdecim
967 4964 1238 5011 annorum
1257 4948 1324 5003 ⁸⁸.
1363 4969 1380 5001 ι
1416 4948 1484 5004 Ει
1515 4949 1658 5020 quod
1699 4949 1921 5018 quidem
1953 4952 2112 5020 juve-

537 5038 624 5098 nis
661 5038 978 5102 admodum,
1008 5038 1170 5109 186
1197 5037 1439 5093 declarat
1474 5053 1573 5110 per
1608 5038 1732 5102 hoc,
1763 5047 1822 5091 ut
1850 5039 2108 5106 arbitror,

537 5129 697 5185 nobis
725 5144 878 5184 saera
906 5128 1210 5199 Scriptura.
1252 5128 1618 5186 Novissimum
1647 5137 1830 5183 autem
1865 5131 2109 5186 omnium

535 5221 704 5277 etiam
742 5221 923 5291 ipsum
947 5220 1359 5275 Emmanuelem
1394 5235 1514 5274 esse
1551 5219 1807 5284 dicimus,
1851 5221 2113 5291 temporis

536 5311 758 5381 quidem
786 5310 1170 5382 antiquitatem
1204 5310 1272 5368 iis
1313 5309 1408 5379 qui
1441 5317 1569 5364 ante
1609 5308 1789 5379 ipsum
1817 5311 1930 5365 nati
1961 5320 2109 5378 sunt,

537 5401 911 5468 ascribentes,
956 5411 1018 5457 ut
1067 5401 1203 5457 Mosi
1254 5408 1312 5456 et
1359 5401 1643 5471 prophetis
1684 5418 1697 5454 :
1741 5401 2114 5458 examinantes

537 5506 671 5548 vero
711 5494 1040 5564 scriptorum
1075 5493 1208 5558 vim,
1250 5492 1397 5547 aliud
1459 5491 1592 5562 quid
1622 5491 1788 5548 etiam
1825 5493 1912 5550 his
1943 5494 2113 5566 signi-

611 5627 659 5658 ⁷³
686 5627 873 5681 Matth.
901 5644 977 5689 xi,
1013 5627 1101 5681 28.
1177 5628 1224 5660 "
1259 5628 1424 5682 Zach.
1465 5645 1541 5693 XI,
1591 5631 1643 5686 9.

1748 5634 1797 5667 "
1826 5635 1982 5691 Joan.
2012 5651 2066 5699 κ,
2097 5637 2186 5700 27,
2226 5635 2315 5691 28.
2393 5637 2439 5670 "
2475 5637 2684 5699 Joan.t,
2712 5637 2800 5690 29.

2227 3309 2551 3378 Ἐκκλησίας
2578 3308 2688 3368 υἱὸς
2716 3307 2790 3368 ὡς
2823 3306 3163 3375 πρωτότοκος
3199 3305 3254 3356 ὲν
3281 3302 3548 3370 ἀδελφοῖς.
3596 3301 3793 3354 Ἰστέον

2215 3399 2272 3453 δὲ
2307 3401 2385 3453 ὃτι
2437 3400 2527 3453 καὶ
2573 3398 2769 3466 Ἰωσὴφ
2804 3395 3162 3466 ἑρμηνεύεται
3196 3394 3512 3462 προσθήκη
3557 3393 3652 3446 καὶ
3690 3391 3795 3444 αὖ.

2217 3492 2397 3559 ξησις
2431 3489 2600 3544 Θεοῦ.
2647 3489 2758 3540 Ἀεὶ
2785 3487 2895 3557 γὰρ
2925 3490 3005 3550 είς
3038 3485 3263 3554 αῦξησιν
3289 3486 3398 3538 τῶν
3427 3485 3524 3554 τῆς
3565 3483 3796 3551 Ἐκκληο

2218 3579 2336 3642 σίας
2362 3578 2565 3631 τέκνων
2594 3578 2624 3647 ἡ
2653 3577 2783 3644 ἁγία
2811 3575 3020 3644 πληθὺς
3047 3575 3356 3628 ὲπιδίδοται.
3385 3573 3679 3642 Τοιγάρτοι
3703 3572 3794 3624 καὶ

2215 3671 2428 3741 εἴρηται
2460 3669 2593 3739 πρὸς
2619 3668 2786 3738 αύτήν
2805 3685 2817 3698 ·
2856 3685 2874 3718 ‹
2901 3662 3071 3738 'Apov
3113 3665 3296 3735 κύκλῳ
3325 3666 3447 3728 τοὺς
3483 3663 3794 3734 ὀφθαλμούς

2217 3758 2520 3825 σου,Σιὼν,
2559 3759 2654 3812 καὶ
2712 3758 2787 3811 ἰδὲ
2836 3759 3062 3819 πάντας.
3113 3757 3244 3810 Ἰδοὺ
3301 3756 3665 3826 συνήχθησαν,
3701 3755 3794 3808 καὶ

2215 3852 2447 3924 ἦλοοσαν
2472 3850 2605 3922 πρὸς
2630 3849 2686 3901 σέ
2709 3890 2722 3904 .
2753 3868 2770 3899 ι
2795 3850 2905 3903 Kal
2931 3847 3114 3901 πάλιν’
3143 3867 3160 3898 ι
3184 3847 3316 3901 Ἰδοὺ
3339 3840 3484 3900 οὗτοι
3511 3846 3796 3917 πόρρωθεν

2213 3943 2486 4013 ἔρχονται,
2521 3936 2666 3994 οὗτοι
2693 3939 2799 3991 ἀπὸ
2829 3938 3018 4008 βορρᾶ,
3044 3937 3138 3990 καὶ
3174 3931 3318 3990 οὗτοι
3345 3937 3453 3989 ἀπὸ
3493 3935 3792 4004 θαλάσσης,

2216 4032 2365 4090 ἄλλοι
2393 4031 2450 4083 δὲ
2474 4033 2538 4083 ὲκ
2561 4031 2658 4100 τῆς
2685 4028 2929 4098 Περσῶν.
2957 4046 2973 4077 ι
3013 4027 3324 4098 Γέγραπται
3363 4025 3419 4077 δὲ
3447 4025 3541 4078 καὶ
3580 4026 3639 4077 ἐν
3677 4027 3799 4088 ταῖς

2215 4124 2454 4197 Πράξεσι
2492 4123 2600 4176 τῶν
2645 4120 2960 4174 ἀποστόλων
2993 4135 3006 4147 ·
3043 4118 3120 4188 πῆ
3153 4119 3272 4189 μὲν,
3295 4120 3375 4172 ὅτι
3401 4119 3428 4170 ὁ
3461 4117 3561 4187 μὲν
3594 4116 3799 4187 Κύριος

2218 4217 2521 4288 προσετίθει
2536 4217 2661 4278 τοὺς
2676 4213 3013 4283 σωζομένους
3028 4212 3149 4266 καθ’
3169 4211 3382 4283 ἡμέραν
3400 4211 3494 4264 ἐπὶ
3509 4209 3694 4263 ταυτό·
3723 4208 3796 4279 πῆ

2215 4310 2272 4362 δὲ
2311 4309 2374 4379 δὴ
2412 4305 2476 4364 αὖ
2499 4326 2512 4340 ο
2553 4307 2804 4362 «Μᾶλλον
2832 4306 2888 4358 δὲ
2924 4304 3305 4376 προσετίθεντο
3337 4302 3684 4366 πιστεύοντες
3719 4300 3798 4369 τῷ

2217 4401 2405 4471 Κυρίῳ
2440 4399 2617 4469 πλήθη
2657 4396 2866 4467 ἀνδρῶν
2901 4412 2960 4447 τε
3005 4393 3409 4462 καὶγυναικῶν.
3433 4411 3466 4444 τ
3502 4391 3795 4461 Ταύτῃτοι,

2219 4492 2467 4564 καθάπερ
2513 4491 2612 4561 ήδη
2667 4490 2948 4560 προεῖπον,
2983 4488 3141 4540 νοοῖτ’
3173 4485 3238 4539 ἂν
3285 4486 3510 4548 εἰκότως
3551 4487 3578 4538 ὀ
3610 4485 3798 4554 νοητὸς

2233 4582 2449 4652 Ἰωσὴφ,
2478 4579 2776 4642 τουτέστιν,
2798 4580 2846 4630 oi
2873 4577 2931 4628 ὲν
2961 4578 3004 4628 Χ
3015 4575 3497 4648 ριστῷ,προσοήκη
3523 4573 3680 4627 Θεοῦ.
3699 4575 3798 4628 Ἴοι

2211 4675 2254 4728 δ’
2283 4673 2347 4728 ἂν
2365 4676 2494 4744 ἡμῖν
2517 4675 2544 4725 6
2564 4672 2718 4738 λόγος
2751 4672 2850 4723 οὐκ
2877 4669 2984 4722 ἀπὸ
3008 4669 3209 4722 σκοποῦ
3237 4669 3364 4730 τοὺς
3397 4669 3476 4728 είς
3520 4667 3684 4719 αὐτὸν
3709 4683 3798 4718 πιο

2214 4765 2548 4826 στεύσαντας
2567 4762 2767 4815 ὡσανεὶ
2796 4758 2892 4814 καὶ
2921 4759 3082 4814 αὐτὸν
3101 4759 3460 4830 οἰκονομικῶς
3493 4755 3794 4827 ὀνομάζων.

2215 4859 2369 4910 Ἔστι
2399 4854 2692 4925 γάρ,αύτὸς
2717 4854 2813 4922 μὲν
2834 4854 2867 4922 ἡ
2895 4851 3124 4921 κεφαλή·
3159 4851 3318 4920 σῶμα
3346 4850 3401 4903 δὲ
3429 4850 3524 4902 καὶ
3556 4849 3714 4919 μέλη,
3733 4850 3801 4902 ὲ).

2217 4947 2416 5018 μέρους
2446 4947 2623 5014 ἡμεῖς.
2641 4944 2750 4996 Καὶ
2765 4942 2927 5007 αὐτὸς
2950 4942 3048 5011 μὲν
3065 4944 3098 5013 ἡ
3117 4942 3381 5012 ἄμπελος·
3395 4941 3800 5012 ἐμπεφύκαμεν

2218 5037 2275 5090 δὲ
2304 5035 2599 5106 κλημάτων
2624 5034 2778 5102 δίκην
2811 5035 2992 5105 ἡμεῖς,
3010 5033 3200 5088 ἑνώσει
3234 5036 3297 5105 τῇ
3321 5033 3463 5087 κατά
3486 5031 3705 5102 πνεῦμα
3729 5031 3797 5084 δι’

2220 5128 2490 5198 ἁγιασμοῦ
2509 5127 2876 5198 συνδούμενοι.
2895 5125 3031 5181 Ἀλλ’
3056 5121 3214 5192 ι’Ἧν,
3240 5126 3425 5196 φησὶν,
3443 5125 3644 5196 Ἰωσὴφ
3665 5122 3798 5180 δέκα

2219 5221 2314 5275 καὶ
2343 5221 2483 5276 ἑπτὰ
2519 5217 2676 5273 ἐτῶν.
2725 5237 2744 5268 ι
2781 5219 2892 5273 Kal
2923 5219 3007 5272 ὅτι
3059 5218 3157 5289 μὲν
3196 5219 3317 5282 νέος
3357 5218 3577 5288 κομιδῇ,
3616 5232 3801 5285 παρα-

2217 5313 2442 5380 δείξειεν
2464 5313 2554 5376 ἂν,
2585 5309 2739 5381 οἶμαί
2766 5327 2890 5374 που,
2911 5311 3003 5363 καὶ
3029 5309 3116 5362 διά
3142 5310 3346 5364 τούτων
3373 5311 3506 5380 ἡμῖν
3527 5310 3560 5378 ἡ
3583 5307 3797 5376 Γραξή.

2219 5404 2506 5459 Νεώτατον
2542 5404 2597 5457 δὲ
2623 5403 2730 5456 τῶν
2761 5403 2938 5457 ἄλλων
2975 5404 3070 5456 καὶ
3116 5403 3277 5456 αὑτὸν
3303 5398 3442 5455 εἷναί
3478 5417 3662 5471 φαμεν
3706 5399 3800 5451 τὸν

2232 5496 2599 5568 Ἐμμανουήλ,
2642 5495 2704 5549 τδ
2737 5497 2793 5548 ὲν
2815 5495 2988 5566 χρόνῳ
3023 5494 3396 5566 πρεσϐύτερον
3423 5496 3536 5554 τοῖς
3562 5491 3671 5563 πρὸ
3703 5490 3806 5543 ai;—

2903 5636 3134 5690 "Hebr.
3167 5652 3220 5697 κ,
3260 5638 3311 5691 4.
3391 5634 3436 5666 ⁷⁸
3460 5633 3565 5689 Isa.
3592 5649 3704 5695 Lm,
3743 5634 3800 5692 ’1.

612 5695 768 5782 βοτη.
803 5713 917 5782 vui,
943 5699 1053 5782 29L
1085 5696 1152 5782 ﬂ”
1175 5697 1276 5751 Isa.
1311 5714 1448 5776 ηιξ,
1481 5700 1577 5782 i8;
1620 5719 1708 5769 ιι,
1732 5705 1784 5758 4.
1863 5707 1906 5738 ⁸⁸
1936 5693 2100 5760 Ιεοίι

2242 5707 2330 5762 ιε.
2407 5705 2600 5761 "Aet.
2655 5693 2828 5770 .i,47.
2906 5693 3296 5768 "Act.v,il.
3377 5703 3422 5736 ει
3463 5703 3579 5765 Col.
3624 5693 3802 5782 ωδ,

539 5763 739 5840 Ephes.
770 5781 820 5831 ν,
845 5767 930 5818 50.
1008 5765 1054 5796 ⁸⁵
1083 5766 1217 5820 Gen.
1253 5771 1448 5836 xxxvii,
1486 5771 1533 5825 1.
