4074 6260
204 328 403 385 ’2θῖ

1323 317 1849 395 GLAPHVRORILM
1889 316 1954 371 lN
1995 314 2295 371 GENESIM
2335 312 2463 368 LIB.
2503 312 2591 369 Vl.

3491 315 3599 374 398

311 447 404 506 τοῦ
447 448 744 516 γεγονόσιν
798 443 1157 506 ἀνάπτοντες,
1200 435 1314 496 οἷον
1347 442 1522 513 Μωσῇ
1571 441 1669 493 καὶ
1703 440 1911 510 προφή-

2016 437 2168 493 ﬁcari
2198 434 2656 492 existimabimus.
2688 434 2976 491 Describet
3003 435 3150 491 enim
3180 437 3342 495 nobis
3363 438 3594 497 fortasse

308 558 437 606 ταις
453 556 471 572 ·
500 534 963 601 ὲκῦασανίζοντες
984 534 1040 588 δὲ
1065 533 1171 587 τῶν
1200 534 1609 604 γεγραμμένων
1634 532 1734 602 τὴν
1745 529 1907 584 δύνα-

315 651 432 706 μιν,
463 628 777 702 οἱησόμεθά
799 646 850 681 τι
884 630 973 682 καὶ
994 627 1178 699 ἕτερον
1200 625 1289 679 διὰ
1334 624 1530 678 τούτου
1557 623 1908 695 κατασημαί-

313 720 929 792 νεσθαι..Καταγράψει
977 719 1086 791 γάρ
1123 735 1241 782 πως
1293 718 1426 789 ήμῖν
1467 717 1566 770 καὶ
1608 716 1740 769 αὐτὸ
1766 715 1907 785 τάχα

317 838 426 875 που
459 819 565 889 τῆς
600 817 736 889 μετὰ
762 814 960 887 σαρκὸς
984 814 1296 885 οἰκονομίας
1324 812 1387 865 τὸ
1411 810 1548 882 βαθὺ
1584 810 1903 881 μυστήριον,

2013 528 2409 584 incarnationis
2441 527 2611 583 altum
2647 527 2970 599 mysterium
2996 529 3160 585 etiam
3193 546 3461 587 annorum
3492 550 3596 589 nu-

2014 635 2218 676 merus.
2265 619 2324 674 ld
2372 619 2537 675 modo
2579 619 2766 689 aliquo
2816 620 3041 690 planum
3083 622 3284 690 facere,
3328 635 3596 696 quantum

2012 714 2161 779 licet,
2202 711 2548 777 conabimur,
2588 719 2651 766 ut
2679 712 2848 768 etiam
2886 714 2943 769 in
2989 715 3114 772 aliis
3151 717 3394 775 diximus
3434 719 3595 788 locis,

2013 822 2281 879 quantum
2316 805 2689 862 commemini.

322 916 420 969 καὶ
454 916 483 968 6
508 911 614 967 τῶν
641 911 772 965 ἑτῶν
802 909 1056 982 ἀριθμός.
1091 909 1205 963 Καὶ
1229 907 1356 962 τίνα
1407 906 1472 979 δὴ
1502 907 1727 980 τρόπον,
1768 904 2090 977 διατρανοῦν
2131 903 2210 968 ὡς
2255 905 2334 957 ενι
2374 902 2742 975 ’πειράσομαι⁸
2798 904 2875 968 ὡς
2920 905 3030 977 γὰρ
3096 905 3236 979 ἔφην
3272 910 3373 982 ἤδη
3414 912 3507 965 καὶ
3540 913 3598 964 ὲν

327 1006 546 1076 ἑτέρως’
577 1002 929 1073 μεμνήσομαι
951 1000 1083 1073 γάρ.

386 1097 444 1150 δ’.
493 1093 656 1158 Ἐθος
684 1095 752 1163 τῇ
782 1091 904 1164 θείᾳ
938 1090 1159 1162 Γραφῇ,
1207 1089 1334 1153 τοὺς
1362 1087 1555 1143 ἀνόπιν
1596 1086 1775 1149 ἰόντας
1801 1084 1911 1140 τῶν

312 1183 580 1257 ἀριθμῶν,
630 1180 772 1253 μετὰ
812 1181 914 1249 τὴν
942 1170 1130 1242 αὖτοῖς
1163 1176 1504 1247 τεταγμένην
1537 1173 1907 1245 ἐκπλήρωσιν,

306 1275 649 1346 τελειότητος
712 1270 989 1326 ποιεῖσθαι
1027 1269 1296 1341 σύμϐολα.
1349 1263 1477 1322 Οἴόν
1506 1266 1559 1320 τί
1597 1281 1774 1336 φημι·
1803 1263 1908 1317 Τὸν

306 1368 438 1423 δέκα
470 1368 635 1437 εἰπερ
671 1382 758 1427 τις
788 1363 1237 1433 ἅναμετρήσαιτο
1256 1361 1351 1415 καὶ
1376 1358 1732 1430 ὑπερτρέχειν
1766 1356 1906 1409 ἕλοι-

304 1472 388 1528 το,
428 1460 596 1514 πάλιν
634 1459 702 1510 ὲκ
747 1457 973 1527 μονάδος
1026 1453 1274 1526 ἄρξεται,
1311 1453 1560 1524 καθάπερ
1614 1451 1695 1515 είς
1753 1451 1909 1513 τέλος

308 1553 592 1624 κατοὶρων
617 1549 803 1604 αὐτόν.
835 1538 1072 1619 ’Ὁμοίως
1107 1547 1203 1600 ἐπὶ
1228 1545 1329 1615 τῆς
1360 1544 1681 1616 ἑϐδομάδος,
1716 1542 1910 1614 Ἀρξάο

314 1661 480 1716 μενος
541 1640 654 1711 γὰρ
691 1641 756 1692 ἐκ
799 1637 1059 1709 πρώτης,
1098 1635 1273 1690 ἄνεισι
1316 1634 1417 1706 μὲν
1462 1631 1658 1704 ἐφεξῆς
1689 1632 1781 1686 ἐπὶ
1808 1632 1909 1703 τὴν

315 1709 560 1812 έόδόμην
582 1755 598 1769 ο
622 1709 631 1711 ν
655 1733 773 1791 εἷτα
812 1734 1182 1796 κατακλείσας
1225 1735 1304 1796 εις
1333 1731 1488 1795 τέλος
1516 1732 1608 1783 τὸν
1637 1729 1744 1783 τῶν
1772 1730 1909 1800 ἡμε·
1940 1709 1984 1765 Β

320 1832 436 1903 ρῶν
480 1829 734 1902 ἀριθμὸν,
764 1826 1025 1897 ἐπανήξει
1058 1825 1222 1879 πάλιν
1262 1824 1356 1878 ἐπὶ
1396 1824 1499 1895 τὴν
1532 1821 1769 1894 πρώτην.
1810 1822 1912 1874 Τε-

315 1923 598 1994 λειότητος
644 1915 738 1975 οὖν
780 1921 889 1990 ἄρα
937 1918 1201 1991 ταύτῃτοι
1254 1917 1495 1969 ποιεῖται
1550 1916 1751 1982 σημεῖα
1787 1914 1913 1976 τοὺς

312 2012 420 2072 ὦδε
460 2015 688 2087 ἔχοντας
732 2012 844 2066 τῶν
892 2010 1146 2082 ἀριθμῶν
1192 2008 1222 2061 6
1264 2008 1411 2079 ἱερὸς
1441 2009 1572 2078 ἡμῖν
1602 2008 1776 2075 λόγος.
1805 2005 1913 2059 Καὶ

310 2109 445 2180 γοῦν
477 2111 546 2180 τῇ
578 2106 689 2160 τῶν
710 2104 995 2159 ταλάντων
1026 2102 1280 2171 διανομῇ,
1312 2100 1403 2154 τὸν
1424 2102 1506 2164 εἰς
1533 2098 1685 2170 λῆξιν
1710 2099 1912 2170 ἥκοντα

310 2200 604 2274 φιλεργίας
649 2198 750 2268 τῆς
780 2199 925 2251 κατὰ
947 2194 1104 2257 Θεὸν,
1141 2194 1273 2247 δέκα
1304 2192 1468 2263 φησὶν
1497 2191 1778 2261 εἰληφέναι
1813 2190 1911 2244 τά-

309 2297 511 2356 λαντα,
538 2292 634 2346 καὶ
674 2291 784 2363 μὴν
827 2289 922 2344 καὶ
956 2289 1146 2343 ἐπάνω
1172 2286 1448 2340 τεθεῖσθαι
1486 2285 1694 2340 πόλεων
1733 2285 1866 2338 δέκα
1891 2299 1906 2312 ·

309 2391 391 2443 ὅτι
412 2386 523 2441 τῶν
556 2384 974 2456 εὐδοκιμήσεων
1000 2381 1298 2452 τελειότητι
1327 2380 1505 2450 πάντη
1536 2396 1596 2432 τε
1635 2379 1732 2433 καὶ
1773 2380 1911 2433 πάν-

309 2498 414 2545 τως
446 2477 792 2550 ίσομοιρήσει
836 2473 907 2527 τὰ
941 2473 1102 2545 γέρα,
1146 2472 1236 2526 διὰ
1262 2471 1456 2525 τούτου
1491 2470 1849 2535 καταδεικνὺς
1883 2473 1913 2525 6

310 2570 516 2626 τούτων
546 2569 863 2640 διανομεὺς,
895 2563 1143 2619 τουτέστι
1180 2564 1416 2637 Χριστός
1438 2579 1452 2593 '
1483 2564 1715 2635 Στεῖραν
1743 2562 1802 2616 δέ
1846 2580 1910 2632 γε

311 2665 489 2717 τεκεῖν
526 2661 689 2725 ἑπτὰ,
719 2659 832 2713 τῶν
864 2659 1039 2727 ἁγίων
1062 2675 1144 2722 τις
1180 2656 1308 2727 ἔφη,
1339 2654 1403 2708 τὸ
1433 2653 1587 2709 ἑπτά
1616 2671 1719 2707 που
1743 2654 1913 2718 τιθεὶς

315 2755 438 2808 ἀντὶ
469 2752 565 2807 τοῦ
596 2751 827 2816 πολλὰ,
859 2750 957 2805 καὶ
991 2751 1092 2804 ὅσα
1132 2750 1295 2820 τυχὸν
1330 2750 1409 2813 είς
1439 2748 1643 2804 τέλειον
1677 2749 1912 2822 ἀριθμὸν

319 2845 759 2913 καταλογισθεῖεν
771 2842 839 2898 ἂν
853 2841 959 2897 ὑπό
974 2860 1070 2896 του
1084 2841 1188 2896 τῶν
1199 2840 1348 2914 ά[να]
1364 2844 1583 2913 μετρεῖν
1595 2843 1703 2915 ῄρη
1712 2842 1909 2914 μένων.

328 2935 496 2989 Ὅταν
526 2936 698 2989 τοίνυν
733 2933 961 3004 λέγηται
1004 2933 1135 3003 περὶ
1178 2928 1273 2986 τοῦ
1319 2931 1538 3003 Ἰωσὴφ,
1561 2933 1643 2987 ὅτι
1675 2929 1744 3005 ἦν
1774 2932 1910 2987 ὲτῶν

333 3028 463 3081 δέκα
492 3026 585 3081 καὶ
606 3028 761 3093 ἑπτὰ,
788 3024 1164 3080 συντεθεῖσθαι
1184 3024 1430 3094 δώσομεν
1451 3026 1542 3078 τὸν
1556 3024 1910 3097 Ἐμμανουήλ
1937 3048 1982 3111 c

327 3122 410 3184 εἰς
442 3119 540 3173 ἕνα
563 3118 789 3190 Χριστὸν
816 3118 911 3173 καὶ
937 3116 1066 3171 Υῑὸν
1106 3118 1172 3169 ὲκ
1194 3115 1339 3170 δυοῖν
1377 3116 1628 3179 τελείοιν,
1658 3116 1910 3188 θεότητός

322 3230 381 3265 τε
406 3212 504 3266 καὶ
538 3210 968 3282 ἁνθρωπότητος.
1006 3203 1082 3261 Οὐ
1121 3208 1232 3278 γάρ
1268 3223 1351 3260 τοι
1397 3205 1820 3277 παραδεξόμεθα
1848 3205 1911 3258 τό

317 3321 431 3358 τισι
458 3302 673 3366 δοκοῦν,
700 3305 970 3374 οἰομένοις
996 3303 1078 3356 ὅτι
1104 3300 1281 3371 ψυχῆς
1301 3300 1526 3369 λογικῆς
1547 3301 1576 3352 6
1597 3300 1738 3365 θεῖος
1768 3302 1911 3354 ἐκεῖ-

316 3413 407 3460 νος
435 3394 713 3449 κεκένωτο
742 3393 891 3457 ναὸς,
924 3390 982 3446 ὃν
1017 3393 1081 3445 ὲκ
1108 3392 1208 3462 τῆς
1241 3391 1402 3459 ἁγίας
1430 3390 1710 3462 Παρθένου
1744 3391 1911 3460 πεφό-

320 3504 494 3561 ρηκεν
520 3488 551 3541 6
575 3486 708 3550 Θεὸς
741 3486 936 3554 Λόγος.
973 3483 1114 3537 Ἀλλ’
1151 3482 1341 3554 ὥσπερ
1369 3478 1439 3554 ἦν
1468 3482 1673 3546 τέλειος
1707 3483 1765 3535 ὲν
1794 3482 1911 3535 056-

318 3593 482 3651 τητι,
543 3578 689 3633 οὕτω
738 3579 835 3631 καὶ
890 3580 948 3629 ὲν
1014 3574 1429 3646 ἁνθρωπότητι,
1496 3573 1634 3646 πλὴν
1685 3575 1766 3638 είς
1815 3572 1910 3625 ἕνα

322 3670 682 3746 συγκείμενος
752 3671 1077 3743 ἀπορῤήτως
1134 3680 1195 3721 τε
1256 3666 1351 3720 καὶ
1397 3666 1538 3737 ὑπὲρ
1567 3664 1712 3719 νοῦν.
1764 3666 1909 3719 Οὔκ-

323 3766 418 3821 οὖν
478 3765 739 3837 σημαίνει
805 3761 904 3834 μὲν
984 3759 1048 3814 τὸ
1126 3758 1331 3813 τέλειον
1400 3759 1458 3811 ὲν
1526 3757 1741 3826 θεότητι
1818 3756 1911 3808 καὶ

326 3856 705 3913 ὕπαινίττεταί
764 3873 884 3920 πως
947 3851 1079 3925 ἡμῖν
1124 3853 1152 3906 6
1225 3851 1356 3905 δέκα
1408 3849 1663 3921 ἀριθμός.
1720 3848 1795 3901 Τὸ
1854 3847 1911 3900 δὲ

323 3947 498 4013 οὕτως
529 3949 673 4021 ἕχον,
715 3949 774 4001 ὲν
827 3938 1207 4017 ἀνθρωπότητι
1242 3945 1404 3998 πάλιν
1433 3938 1808 4014 ὑπεμφήνειεν
1847 3940 1914 3993 ἂν

325 4040 545 4105 ὁὲπτὰ,
597 4037 1080 4110 μειονεκτούμενος
1121 4039 1220 4108 μὲν
1266 4036 1342 4100 ὡς
1375 4037 1434 4088 ἐν
1474 4033 1664 4104 Τριάδι
1692 4031 1787 4085 τοῦ
1829 4031 1915 4083 δέο

319 4151 422 4199 κα,
458 4125 888 4204 ὲπενηνεγμένος
916 4129 973 4183 δὲ
1004 4127 1151 4199 αὐτῷ
1184 4128 1278 4181 καὶ
1307 4125 1473 4180 οἱονεὶ
1502 4123 1911 4195 προσκείμενος.

320 4224 487 4282 Μετὰ
520 4224 629 4295 γάρ
656 4241 742 4276 τοι
769 4223 862 4275 τὸν
890 4219 1018 4274 δέκα
1056 4217 1287 4292 ἀριθμὸν
1315 4217 1660 4289 συμϐέϐηκεν
1688 4218 1716 4269 6
1754 4216 1910 4269 ἑπτά.

334 4318 431 4371 Ἐν
468 4315 710 4386 ὑπεροχῇ
746 4313 805 4367 δὲ
846 4310 1076 4384 Τριάδος
1102 4351 1117 4373 ,
1172 4310 1419 4363 τουτέστι
1464 4306 1752 4379 Θεότητος,
1791 4308 1820 4360 6
1851 4308 1916 4359 ὲκ

2083 1082 2138 1137 4.
2180 1079 2332 1135 Solet
2366 1095 2521 1135 saera
2562 1078 2847 1152 Scriptura
2885 1098 3148 1141 numeros
3177 1094 3326 1144 retro
3363 1090 3594 1149 descen-

2012 1171 2228 1237 dentes,
2269 1177 2394 1241 post
2429 1185 2530 1226 eos
2559 1171 2670 1241 jam
2713 1172 2962 1242 expletos
2998 1184 3054 1229 et
3094 1175 3376 1241 decursos.
3410 1185 3593 1253 perle-

2010 1263 2214 1320 ctionis
2254 1263 2594 1318 constituere
2635 1264 2807 1318 veluti
2855 1266 3118 1337 symbola.
3159 1270 3325 1326 Verbi
3371 1277 3545 1345 gratia
3582 1300 3591 1334 :

2012 1354 2303 1410 denarium
2345 1354 2391 1409 si
2430 1354 2557 1425 quis
2600 1354 2946 1422 remetiatur,
2982 1364 3038 1412 et
3074 1374 3400 1428 percurrere
3442 1368 3594 1432 velit,

2013 1444 2216 1499 iterum
2264 1443 2333 1499 ab
2384 1458 2497 1498 uno
2544 1442 2848 1511 inchoabit,
2889 1447 3045 1503 velut
3082 1450 3150 1504 ad
3203 1450 3366 1508 ﬁnem
3425 1471 3598 1526 usque

2014 1536 2197 1607 ipsum
2250 1536 2609 1591 deducturus.
2657 1536 2721 1591 In
2769 1541 3084 1608 septenario
3131 1543 3263 1598 item
3319 1546 3595 1604 similiter.

2014 1628 2341 1699 Auspicatus
2382 1628 2531 1684 enim
2571 1627 2642 1683 ab
2680 1630 2916 1696 unitate,
2951 1631 3214 1705 deinceps
3240 1636 3307 1692 ad
3340 1649 3598 1710 septena-

2012 1722 2155 1779 rium
2194 1722 2486 1794 pervenit;
2525 1724 2595 1778 ad
2638 1723 2804 1779 tinem
2845 1741 3019 1796 usque
3057 1742 3337 1796 emensus,
3373 1735 3469 1804 qui
3515 1744 3600 1790 est

2012 1822 2221 1884 septem
2254 1813 2470 1869 dierum
2506 1829 2792 1880 numerus,
2826 1816 2974 1872 redit
3003 1816 3203 1875 deinde
3239 1821 3306 1876 ad
3334 1823 3595 1892 primum.

2013 1904 2196 1961 Sacrae
2237 1905 2462 1961 Litterae
2504 1906 2689 1976 itaque
2737 1908 3121 1979 hujuscemodi
3162 1929 3428 1971 numeros
3468 1934 3595 1989 per-

2012 1997 2270 2054 fectionis
2303 1997 2459 2069 signa
2492 1996 2721 2053 faciunt.
2751 1999 2921 2069 Igitur
2956 2000 3013 2056 in
3040 2002 3371 2060 talentorum
3404 2006 3597 2064 distri—

2013 2089 2242 2145 butione
2276 2090 2345 2147 ad
2378 2098 2587 2146 sortem
2618 2090 3023 2147 haereditariam
3053 2095 3365 2151 venientem
3397 2099 3599 2154 seduli-

2014 2181 2142 2236 tatis
2181 2195 2309 2252 erga
2337 2181 2532 2247 Deum,
2563 2181 2753 2237 decem
2790 2184 3067 2254 accepisse
3097 2187 3299 2242 talenta
3332 2189 3409 2243 ait
3434 2188 3504 2257 “,
3539 2206 3595 2247 et

2014 2281 2164 2329 retro
2182 2274 2350 2331 urbes
2368 2274 2561 2331 decem
2572 2276 2622 2332 ei
2643 2276 2895 2342 datas“',
2908 2277 3056 2348 qucd
3068 2278 3138 2333 ad
3161 2280 3400 2337 nominis
3417 2283 3603 2354 splen-

2014 2367 2205 2423 dorem
2234 2367 2559 2439 perfectioni
2589 2369 2739 2425 omni
2767 2378 2823 2425 et
2847 2369 3054 2442 ubique
3083 2375 3307 2443 praemia
3331 2374 3595 2447 adapten~

2016 2465 2126 2512 tur.
2169 2458 2275 2514 Per
2306 2459 2422 2516 haec
2457 2461 2705 2518 ostendit
2734 2455 3076 2519 'distributor
3102 2465 3323 2532 borum,
3360 2468 3464 2525 hoc
3490 2481 3595 2535 est,

2012 2552 2287 2621 Christus,
2313 2558 2557 2613 sterilem
2592 2566 2803 2629 septem
2841 2562 3143 2631 peperisse,
3170 2573 3234 2619 ut
3270 2566 3347 2620 ait
3378 2580 3596 2624 sancto-

2015 2663 2136 2703 rum
2173 2649 2476 2720 quispiam,
2506 2662 2706 2722 septem
2745 2667 2957 2723 ponens
2992 2670 3093 2724 pro
3125 2656 3328 2722 "tuuis,
3362 2674 3417 2714 et
3448 2676 3597 2729 quae-

2014 2756 2231 2813 cunque
2275 2744 2600 2813 obveniunt,
2641 2746 2709 2802 ad
2755 2748 3061 2818 perfectum
3106 2752 3352 2807 revocari
3395 2764 3601 2823 queant

2014 2850 2329 2901 numerum,
2359 2838 2440 2893 sic
2466 2838 2613 2893 dicta
2639 2841 3003 2897 remetiendo.
3028 2841 3165 2898 Cum
3194 2844 3378 2915 itaque
3409 2846 3476 2902 de
3504 2848 3600 2902 Jo—

2015 2927 2149 2997 scph
2178 2928 2415 2995 dicatur,
2449 2944 2720 2985 annorum
2751 2930 2918 2987 fuisse
2951 2935 3366 3003 septemdecim,
3394 2942 3598 2996 consti—

2015 3027 2172 3074 tuere
2214 3019 2469 3075 videatur
2522 3037 2587 3077 ac
2648 3023 2855 3079 referre
2903 3025 3318 3082 Emmanuclem
3376 3029 3431 3083 in
3490 3048 3603 3087 uno

2014 3111 2238 3168 Christo
2277 3127 2341 3168 ac
2368 3113 2528 3179 Filio,
2556 3129 2588 3169 e
2621 3115 2839 3172 duobus
2874 3116 3203 3188 perfectum,
3233 3121 3518 3181 divinitate
3547 3135 3598 3182 et

2014 3204 2380 3261 humanitate.
2406 3205 2525 3261 Non
2552 3208 2701 3261 enim
2728 3208 3047 3280 recipimus,
3073 3212 3222 3283 quod
3252 3214 3475 3285 quidam
3509 3233 3598 3273 as-

2013 3306 2224 3365 serunt,
2250 3297 2499 3353 divinum
2532 3299 2667 3355 illud
2704 3301 2800 3356 Dei
2835 3304 3097 3372 templum
3138 3307 3319 3361 anima
3355 3308 3599 3367 caruisse

2015 3389 2293 3455 rationali,
2325 3391 2472 3461 quod
2498 3407 2529 3447 e
2561 3402 2750 3448 sancta
2773 3394 2996 3466 Virgine
3027 3396 3173 3453 Deus
3201 3398 3441 3455 Verbum
3467 3416 3598 3472 prec

2015 3481 2159 3535 tulit.
2188 3481 2293 3537 Sed
2327 3492 2388 3537 ut
2418 3483 2473 3539 in
2501 3484 2706 3541 deitate
2739 3486 3016 3556 perfectus
3036 3500 3175 3555 crat,
3207 3492 3286 3547 sic
3318 3504 3373 3548 et
3407 3494 3460 3549 in
3491 3494 3595 3548 hu-

2014 3589 2174 3629 mana
2207 3575 2312 3630 fuit
2350 3584 2576 3641 natura,
2614 3594 2759 3633 unus
2799 3588 2979 3635 tamen
3014 3583 3287 3638 exsistcns
3332 3584 3598 3642 ineffabili

2016 3666 2467 3739 intellectumque
2504 3679 2799 3740 superante
2829 3672 3013 3727 modo.
3045 3674 3301 3745 Designat
3335 3677 3518 3747 itaque
3543 3686 3603 3732 et

2017 3760 2261 3815 lnvolute
2311 3762 2473 3816 nobis
2516 3762 2790 3833 significat
2844 3765 3240 3834 perlectionem
3296 3767 3350 3820 in
3395 3768 3600 3823 deitate

2016 3851 2276 3907 denarius
2327 3868 2615 3908 numerus.
2668 3854 2826 3920 Quod
2885 3871 3011 3909 cum
3071 3856 3144 3908 ita
3197 3857 3294 3920 sit,
3344 3869 3599 3929 septena~

2018 3941 2136 3994 rius
2196 3943 2439 3997 vicissim
2504 3942 2905 3996 humanitatem
2962 3943 3126 3997 nobis
3182 3946 3460 4014 exhibeat,
3505 3954 3599 4021 qui

2018 4032 2200 4086 minor
2257 4039 2343 4086 est
2400 4032 2628 4087 denario
2686 4032 2780 4103 qui
2840 4032 2896 4087 in
2959 4034 3227 4091 Trinitate
3288 4039 3446 4111 187
3493 4052 3596 4107 est,

2017 4131 2075 4179 et
2130 4123 2260 4179 huic
2312 4124 2558 4180 inclusus
2606 4133 2663 4181 et
2705 4125 2858 4181 velut
2908 4127 3204 4200 subjectus.
3257 4130 3385 4187 Post
3429 4132 3599 4189 dena-

2018 4217 2161 4271 rium
2229 4217 2376 4272 enim
2433 4218 2779 4288 septenarius
2830 4220 3049 4275 accidit.
3111 4221 3169 4276 In
3215 4228 3600 4295 exsuperantia

2018 4327 2150 4366 vero
2214 4319 2270 4366 et
2329 4311 2666 4367 sublimitate
2723 4313 3047 4380 Trinitatis,
3110 4316 3215 4372 hoc
3278 4327 3362 4374 est
3429 4320 3603 4375 deita-

321 4406 547 4478 Πατρὸς
577 4406 710 4469 Θεὸς
753 4404 954 4472 Λόγος’
990 4404 1048 4456 ἐν
1080 4396 1336 4472 ὑφιζήσει
1370 4398 1425 4454 δὲ
1460 4400 1521 4453 τὸ
1550 4398 1911 4470 ἀνθρώπινον,

2021 4401 2109 4464 tis,
2135 4401 2229 4471 qui
2257 4416 2322 4455 cx
2351 4403 2511 4457 Patre
2532 4403 2677 4458 Deus
2696 4404 2937 4460 Verbum
2967 4425 2977 4459 :
3001 4408 3056 4461 in
3082 4408 3446 4466 submissione
3469 4430 3601 4468 vero

324 4502 424 4556 καὶ
454 4497 590 4554 Θεοῦ
620 4497 776 4568 δόξης
797 4498 856 4549 ὲν
887 4493 1081 4566 μείοσι.
1114 4493 1223 4547 Καὶ
1247 4493 1276 4544 6
1308 4492 1405 4562 μὲν
1433 4490 1564 4553 Θεὸς
1591 4491 1764 4559 Λόγος
1787 4489 1918 4543 νοεῖ-

322 4610 421 4647 ται
472 4588 689 4663 προὼν,
748 4584 1083 4658 προσγέγονε
1130 4583 1187 4637 δὲ
1236 4580 1385 4652 αὑτῷ
1440 4580 1504 4633 τὸ
1553 4579 1913 4654 ἀνθρώπινον.

326 4681 544 4738 ῡῦκοῦν
574 4679 887 4749 ἀναγκαίως
914 4675 1276 4750 προτέτακται
1314 4673 1413 4744 μὲν
1445 4674 1474 4726 6
1497 4672 1629 4727 δέκα
1661 4672 1914 4745 ἀριθμὸς,

327 4771 691 4844 ὲπενήνεκταί
724 4787 787 4840 γε
827 4768 933 4840 μὴν
976 4770 1004 4822 6
1045 4767 1205 4821 ἑπτά.
1260 4785 1278 4817 ι
1325 4764 1521 4835 Ἰωσὴφ
1570 4764 1699 4835 γὰρ,
1732 4766 1917 4835 φησιν,

328 4864 465 4919 δέκα
497 4864 590 4917 καὶ
621 4861 759 4915 ἑπτὰ
782 4856 851 4931 ἦν
889 4858 1047 4911 ἐτῶν.
1078 4877 1096 4909 ι
1129 4856 1319 4929 Ἀθρει
1346 4856 1408 4928 δή
1446 4873 1537 4926 μοι
1580 4855 1715 4926 πρὸς
1748 4856 1923 4927 τούτῳ

328 4957 396 5009 τὸ
433 4953 771 5027 πρόσκαιρὼ
816 4969 876 5004 τε
924 4950 1019 5002 καὶ
1053 4948 1308 5020 ἄναρχον,
1339 4948 1413 5011 ὡς
1442 4947 1499 5000 ἒν
1538 4965 1600 5017 γε
1623 4948 1687 5019 δὴ
1718 4948 1918 5020 χρόνῳ,

332 5051 505 5122 φημὶ,
556 5031 1070 5115 τοῦ”Εμμανουήλ.
1118 5040 1314 5110 Γέγονε
1353 5040 1450 5111 μὲν
1508 5040 1614 5109 γάρ
1644 5036 1780 5093 ὲτῶν
1819 5042 1925 5096 ἀπ-

331 5138 634 5212 αρίθμησις
658 5133 735 5200 ὠς
767 5134 828 5189 έν
859 5133 1029 5187 εἰκόνι
1055 5131 1345 5202 τῷΊωσήφ
1367 5148 1381 5162 ·
1407 5130 1520 5183 ἀλλ’
1555 5132 1917 5201 ὲπενήνεκται

331 5232 398 5284 τὸ
428 5251 447 5283 ι
484 5230 571 5302 ἦν.
624 5248 645 5281 ι
684 5224 965 5297 Κέκληται
1006 5224 1104 5296 μὲν
1151 5223 1260 5294 γὰρ
1292 5225 1372 5286 είς
1412 5223 1623 5290 γένεσιν
1659 5223 1756 5293 τὴν
1793 5223 1896 5278 καθ

334 5323 485 5393 ἡμᾶς
514 5322 835 5392 νοουμένην,
866 5318 1054 5381 καὶεξς
1088 5316 1225 5368 ἐτῶν
1256 5314 1486 5387 ἀριθμὸν
1510 5314 1595 5366 διὰ
1628 5316 1685 5367 τὸ
1708 5315 1916 5387 ἀνθρώ-

330 5429 513 5477 πινον,
547 5416 727 5471 καίτοι
756 5412 888 5472 Θεὸς
929 5409 1004 5463 ὢν
1033 5412 1061 5461 ὁ
1084 5408 1270 5475 Λόγος.
1306 5404 1450 5459 Ἀλλ’
1480 5406 1666 5476 ἕψεται
1701 5410 1920 5473 πάντως

327 5507 393 5563 τὸ
435 5526 455 5561 ι
477 5504 545 5580 ἦν
566 5527 587 5559 ι
620 5504 791 5575 adeo}.
815 5503 1037 5556 Νοεῖται
1055 5502 1161 5569 γάρ
1186 5499 1279 5553 καὶ
1297 5498 1443 5551 ἐστιν
1471 5498 1685 5568 άληθῶς
1702 5500 1779 5569 τῷ
1799 5500 1919 5570 Θεῷ

336 5602 426 5653 καὶ
492 5599 670 5654 Haec!
722 5594 1026 5655 συνατδιος,
1072 5591 1186 5653 καὶ,
1237 5592 1309 5652 ὡς
1349 5593 1377 5642 ὁ
1424 5589 1707 5655 θεσπέσιός
1755 5609 1920 5663 φησιν

410 5782 459 5813 ⁸⁸
483 5784 832 5851 Μεῑιὶωκν,
862 5781 1050 5837 14-29.
1127 5783 1192 5813 ⁸⁶’
1226 5782 1357 5838 an.
1395 5800 1503 5851 XIX,
1551 5784 1634 5841 l7.

660 5879 939 5939 PATROL.
971 5875 1086 5936 Gn.
1140 5876 1341 5936 LXIX.

2019 4502 2102 4547 est
2129 4494 2370 4547 humana
2409 4494 2656 4550 conditio
2685 4504 2740 4551 et
2778 4497 2874 4551 Dei
2900 4498 3072 4567 gloria
3112 4503 3311 4557 minor.
3347 4503 3416 4558 Et
3459 4504 3603 4559 Deus

2020 4585 2243 4656 quidem
2282 4587 2525 4644 Verbum
2566 4588 2889 4661 intelligitur
2922 4593 3319 4663 prmcxsistere,
3364 4594 3600 4651 humana

2019 4694 2154 4733 vero
2188 4679 2242 4733 in
2276 4679 2369 4736 illo
2396 4689 2593 4737 natura
2624 4684 2917 4741 subsecuta
2942 4694 3043 4741 est.
3071 4686 3435 4754 Quamobrem
3460 4704 3600 4758 pra:-

2021 4769 2166 4823 cedit
2196 4772 2507 4827 necessario
2535 4773 2795 4831 denarius
2817 4792 3111 4841 numerus;
3140 4778 3391 4846 sequitur
3420 4787 3602 4846 septe-

2020 4861 2230 4915 narius.
2267 4881 2283 4912 ι
2311 4861 2511 4934 Joseph
2543 4865 2726 4935 itaque
2755 4865 2945 4922 decem
2985 4874 3041 4920 et
3084 4876 3292 4935 septem
3334 4881 3604 4922 annorum

2019 4960 2190 5008 erat.»
2219 4952 2518 5011 Considera
2548 4958 2682 5011 mihi
2709 4957 2776 5011 ad
2801 4958 2918 5012 hate
2942 4957 3334 5025 temporarium
3366 4965 3421 5009 et
3456 4960 3610 5028 prin-

2020 5044 2164 5114 cipio
2187 5061 2402 5108 carens,
2428 5056 2488 5101 ut
2510 5048 2603 5117 qui
2648 5048 2703 5101 in
2741 5056 2985 5116 tempore
3028 5046 3150 5109 fuit,
3180 5046 3352 5116 ipsius
3382 5046 3608 5101 Emma-

2022 5137 2222 5192 nuelis.
2246 5138 2374 5193 Fuit
2402 5140 2547 5194 enim
2578 5156 2849 5195 annorum
2888 5140 3257 5203 enumeratio,
3287 5148 3348 5192 ut
3377 5140 3432 5193 in
3469 5139 3608 5194 ima—

2022 5228 2146 5300 gine
2169 5245 2265 5284 seu
2291 5230 2480 5302 ﬁgura,
2502 5234 2555 5287 in
2581 5231 2840 5300 Joscpho.
2868 5231 2937 5284 At
2962 5230 3208 5284 additum
3230 5239 3334 5293 est,
3360 5248 3376 5278 ς
3405 5240 3547 5298 erat;
3583 5252 3601 5281 ι

2022 5333 2251 5376 vocatus
2269 5333 2349 5376 est
2370 5325 2515 5376 enim
2544 5325 2610 5377 ad
2640 5323 3053 5393 generationem
3077 5321 3380 5377 secundum
3403 5338 3503 5376 nos
3530 5325 3608 5378 in-

2026 5412 2324 5474 tellectam,
2371 5422 2429 5466 ct
2474 5415 2541 5467 ad
2589 5427 2881 5467 numerum
2933 5427 3201 5469 annorum
3251 5414 3608 5471 humanitatis

2025 5516 2209 5563 causa,
2241 5503 2340 5556 etsi
2371 5512 2517 5558 esset
2539 5505 2684 5557 Deus
2709 5502 2971 5566 Verbum,
2996 5505 3092 5559 sed
3124 5507 3183 5559 τὸ
3214 5525 3232 5557 ι
3262 5513 3405 5566 erat.
3441 5528 3458 5557 ›
3495 5526 3611 5565 nm-

2027 5591 2160 5643 nino
2195 5591 2270 5645 illi
2298 5591 2589 5661 _com'cnit.
2621 5590 2946 5660 Intelligitur
2977 5592 3145 5659 enim,
3184 5604 3381 5660 estque
3424 5610 3623 5653 revera

3131 5862 3200 5923 10
