4074 6260
527 367 647 424 τεο

1563 365 1622 424 s.
1665 325 1940 425 erant:
1983 363 2451 423 ALEXANDRINI
2490 366 2806 426 ancmzp.

3691 371 3791 429 τοο

543 479 658 539 Deo
686 488 743 536 et
766 474 912 536 Patri
937 487 1241 536 coaeternus
1266 498 1278 534 :
1305 489 1474 551 utque
1497 479 1719 535 divinus
1745 480 1823 535 ait
1843 480 2113 536 Joannes:

2236 478 2508 547 Ἰωάννης,
2542 499 2561 531 ι
2609 480 2696 534 Ἐν
2734 481 2875 552 ἀρχῇ
2910 474 2976 551 ἦν
3009 481 3037 533 6
3072 480 3242 549 Λόγος
3263 520 3277 544 ,
3313 481 3404 534 καὶ
3449 483 3478 534 6
3526 482 3699 551 Λόγος
3725 479 3794 556 ἦν

551 591 568 621 ε
611 569 670 627 In
697 570 972 641 principio
1015 579 1134 627 erat
1159 571 1422 636 Verbum,
1449 583 1504 627 et
1530 571 1771 626 Verbum
1815 579 1935 626 erat
1974 571 2115 641 apud

519 659 732 732 _Deum,
765 671 822 714 et
856 660 1001 715 Deus
1034 669 1154 714 erat
1178 661 1417 716 Verbum
1444 659 1508 714 ⁸⁷.
1543 679 1562 712 ι
1599 660 1785 716 Dicam
1826 661 1992 732 igitur
2017 660 2116 715 de-

527 733 652 806 ‘nu'o
687 768 700 804 :
737 751 939 822 Joseph
977 753 1161 824 itaque
1208 752 1598 824 septemdecim
1639 767 1907 807 annorum
1948 753 2118 822 patris

537 840 621 894 sui
647 856 838 912 greges
868 844 1018 912 pavit
1039 860 1162 898 cum
1195 844 1316 898 aliis
1338 843 1599 898 fratribus
1621 843 1837 912 Zelpha:
1859 852 1914 897 et
1935 843 2114 908 Ballte,

481 927 489 978 ξ
536 930 642 986 hoc
671 939 776 996 est,
801 933 1124 988 ancillarum
1146 933 1294 989 filiis.
1321 934 1560 989 Verbum
1586 935 1732 989 enim
1763 919 1857 989 Dei
1885 950 2015 989 caro
2034 934 2115 989 fa-

537 1029 688 1076 ctum
704 1021 1019 1078 Judmorum
1040 1025 1316 1096 regionem
1341 1041 1559 1080 sursum
1583 1026 1841 1081 deorsum
1865 1042 2117 1098 peragra-

539 1113 638 1177 vit,
664 1115 992 1186 recolligens
1013 1117 1416 1186 quodammodo
1440 1119 1505 1172 ad
1528 1133 1770 1172 amorem
1795 1134 1922 1190 erga
1945 1120 2115 1174 Deum

538 1219 604 1260 ac
632 1205 848 1261 Patrem
865 1222 996 1262 oves
1021 1209 1264 1278 perditas
1285 1209 1481 1263 domus
1507 1209 1692 1264 Israel.
1711 1209 1870 1275 Nam,
1899 1219 1962 1264 ut
1989 1210 2118 1266 bea-

539 1306 630 1352 tus
661 1299 864 1353 Paulus
899 1299 1092 1353 scribit
1117 1316 1130 1352 :
1170 1318 1188 1351 ι
1218 1300 1364 1354 Deus
1385 1308 1504 1355 erat
1530 1301 1586 1355 in
1606 1300 1826 1356 Christo
1849 1303 2115 1358 mundum

537 1386 644 1443 sibi
669 1388 772 1458 ipsi
801 1388 1101 1443 concilians
1122 1386 1190 1443 “.
1226 1407 1245 1440 ›
1277 1389 1432 1444 Pavit
1455 1389 1638 1460 itaque
1660 1391 1983 1446 Emmanuel
2007 1407 2115 1446 una

537 1494 664 1534 cum
691 1481 758 1534 iis
779 1479 874 1549 qui
899 1479 956 1533 in
985 1479 1308 1535 servitutem
1329 1481 1444 1536 nati
1470 1489 1648 1546 erant,
1671 1482 1876 1553 quique
1895 1499 1963 1537 ex
1983 1483 2118 1538 dua-

537 1573 641 1627 bus
672 1571 886 1626 ancillis
919 1571 1168 1641 spurium
1192 1571 1526 1642 minimeque
1550 1572 1787 1628 liberum
1815 1583 1996 1628 ortum
2025 1590 2116 1629 na-

536 1663 611 1719 cti
639 1671 815 1718 erant.
849 1662 984 1717 Nam
1009 1670 1133 1732 post
1157 1677 1386 1733 regnum
1405 1663 1716 1729 Jeroboam,
1743 1664 2118 1724 discesserunt

536 1753 605 1810 ab
632 1754 938 1810 Jerusalem
968 1753 1160 1809 decem
1187 1753 1392 1821 tribus;
1429 1755 1688 1810 abierunt
1721 1764 1901 1811 autem
1932 1765 1987 1811 et
2020 1757 2116 1812 ha-

2219 572 2356 640 πρὸς
2390 571 2480 624 τὸν
2512 571 2666 636 Θεὸν,
2694 573 2787 625 καὶ
2823 571 2955 634 Θεὸς
2982 567 3049 641 ἦν
3091 573 3120 624 6
3161 572 3351 640 Λόγος.
3386 589 3404 622 ι
3448 572 3659 626 Οὐκοῦν
3685 577 3796 646 ἐρῶ

2218 661 2489 726 εἰσαῦθις·
2524 661 2666 717 Δέκα
2709 662 2807 732 μὲν
2845 663 2938 716 καὶ
2983 661 3120 716 ἑπτὰ
3154 663 3292 716 ὲτῶν
3323 658 3391 734 ἧν
3431 663 3628 734 Ἰωσὴφ
3655 667 3684 718 6
3709 665 3796 718 θε-

2221 752 2464 816 σπέσιος,
2493 753 2592 816 τὰς
2613 752 2669 806 δὲ
2697 752 2791 805 τοῦ
2822 753 3035 824 πατρὸς,
3049 753 3250 821 ἀγέλας
3270 753 3653 824 συνεποίμαινε
3681 757 3796 819 τοῖς

2219 843 2490 913 ἀδελφοῖς,
2524 845 2638 908 τοῖς
2672 845 2781 898 άπὸ
2809 844 3038 914 Ζελφᾶς,
3067 846 3240 916 φημὶ,
3271 847 3365 900 καὶ
3389 845 3618 912 Βάλλας,
3641 865 3796 901 τουτ-

2217 935 2355 1001 έστι,
2380 939 2490 1000 τοῖς
2510 938 2574 990 ὲκ
2604 937 2964 1008 θεραπαινῶν.
3015 937 3260 1006 Γεγονὼς
3299 938 3409 1011 γὰρ
3453 939 3742 1010 ἄνθρωπος
3768 945 3798 995 6

2219 1027 2283 1079 ἐκ
2312 1027 2446 1080 Θεοῦ
2479 1028 2672 1097 Λόγος,
2707 1029 2804 1098 τὴν
2831 1029 2938 1082 τῶν
2979 1030 3248 1083 Ἰουδαίων
3287 1031 3402 1084 ἀνω
3428 1048 3486 1085 τε
3518 1031 3611 1084 καὶ
3643 1033 3796 1086 κάτω

2221 1117 2463 1186 περιέθει
2508 1119 2711 1188 χώραν,
2779 1120 3112 1190 συναγείρων
3158 1119 3350 1191 ὥσπερ
3390 1123 3469 1184 είς
3512 1123 3795 1190 ἀγάπησιν

2218 1208 2316 1278 τὴν
2346 1209 2480 1282 πρὸς
2497 1210 2628 1262 Θεὸν
2655 1210 2750 1263 καὶ
2773 1211 2990 1280 Πατέρα
3032 1212 3346 1264 ἀπολωλότα
3374 1213 3623 1283 πρόϐατα
3643 1215 3796 1268 οίκου

2231 1300 2468 1371 Ἰσραήλ.
2508 1302 2596 1365 Ὠς
2623 1303 2732 1373 γὰρ
2764 1304 2792 1355 6
2830 1304 3099 1374 μακάριος
3139 1304 3340 1374 γράφει
3361 1304 3596 1370 Παῦλος,
3625 1326 3643 1358 ι
3662 1306 3796 1370 Θεὸς

2214 1387 2284 1464 ἦν
2314 1395 2370 1447 ὲν
2399 1395 2642 1465 Χριστῷ,
2668 1395 2872 1464 κόσμον
2903 1395 3082 1464 ἑαυτῷ
3108 1396 3524 1450 καταλλάσσων.
3565 1399 3794 1452 »θἘποί-

2220 1501 2376 1554 μαινε
2412 1483 2590 1538 τοίνυν
2627 1485 2741 1546 τοῖς
2771 1486 2851 1547 εἰς
2877 1484 3118 1538 δουλείαν
3147 1486 3570 1558 γεγεννημένοις
3601 1489 3630 1540 6
3666 1489 3792 1558 Ἐμ-

2220 1575 2480 1646 μανουὴλ,
2505 1575 2599 1628 καὶ
2631 1577 2742 1638 τοῖς
2776 1575 2939 1627 οἱονεί
2972 1577 3182 1638 πως-ὲκ
3219 1575 3312 1630 δύο
3349 1577 3673 1641 παιδισκῶν,
3708 1579 3794 1631 νό-

2217 1665 2338 1736 θην,
2371 1667 2464 1719 καὶ
2510 1667 2610 1718 οὐκ
2661 1665 2947 1736 ἐλευθέραν
2967 1665 3190 1736 λαχοῦσι
3230 1666 3328 1739 τὴν
3357 1669 3594 1735 γένεσιν.
3634 1671 3792 1724 Μετά

2217 1758 2326 1829 γάρ
2354 1774 2436 1811 τοι
2461 1759 2559 1828 τὴν
2590 1757 2683 1811 τοῦ
2728 1757 3010 1828 Ἱεροϐοάμ
3042 1757 3336 1828 βασιλείαν,
3361 1760 3661 1831 ζάπήρκασι
3693 1761 3790 1831 μὲν

537 1849 853 1904 bitaverunt
894 1848 950 1903 in
993 1847 1259 1914 Samaria,
1288 1849 1651 1905 transferente
1691 1865 1758 1906 eo
1798 1850 2110 1907 Jeroboam.

2374 1820 2725 1921 Ἰερουσαλὴμ
2771 1820 2827 1903 αῖ
2871 1820 3004 1903 δέκα
3042 1820 3225 1920 φυλαὶ,
3259 1820 3568 1922 xci-:13)me
3599 1853 3656 1906 δὲ
3693 1820 3792 1906 καὶ

536 1941 810 1996 Errarunt
833 1941 1003 2007 enim,
1040 1940 1447 2011 adoraruntque
1486 1941 1598 1996 illic
1646 1942 1850 1998 vitulos
1893 1959 2111 1999 aureos.

535 2034 691 2090 Unde
730 2042 787 2089 et
817 2049 916 2104 per
948 2049 1137 2090 vocem
1182 2035 1435 2091 Ezechiel
1468 2036 1636 2091 veluti
1670 2036 1807 2092 duas
1854 2037 2116 2093 mulieres

536 2125 860 2181 fornicarias
891 2126 1136 2196 increpat
1165 2127 1309 2182 Deus
1345 2127 1419 2182 ita
1443 2128 1633 2183 dicens
1673 2145 1686 2182 :
1733 2149 1752 2180 ι
1787 2128 1889 2184 Fili
1933 2129 2113 2184 homi-

536 2217 645 2282 nis,
673 2217 795 2272 duaa
823 2217 1082 2272 mulieres
1120 2227 1278 2273 erant
1319 2218 1444 2274 lilia:
1474 2218 1666 2274 matris
1699 2220 1886 2286 unius,
1912 2229 1970 2274 et
1999 2219 2114 2274 for-

535 2310 732 2365 nicata:
764 2316 894 2364 sunt
923 2309 977 2364 in
1011 2308 1272 2380 Egypto;
1311 2309 1366 2363 in
1397 2310 1687 2380 iuventute
1713 2325 1810 2365 sua
1835 2310 2116 2368 fornicata:

535 2408 685 2463 sunt,
711 2400 823 2454 illic
854 2399 1176 2454 ceciderunt
1205 2399 1373 2454 ubera
1401 2416 1610 2466 earum,
1649 2411 1706 2456 et
1729 2402 1842 2458 illic
1872 2402 2114 2474 devirgi-

536 2499 682 2547 natae
717 2499 864 2556 sunt,
890 2498 944 2546 et
968 2491 1192 2546 nomina
1215 2506 1406 2546 earum
1431 2490 1583 2548 Oolla
1610 2495 1818 2560 senior,
1844 2503 1900 2550 et
1922 2494 2114 2552 Ooliba

532 2583 721 2654 junior
744 2598 900 2638 soror
930 2584 1070 2654 ejus,
1097 2592 1155 2638 et
1176 2583 1332 2640 facta
1362 2593 1490 2640 sunt
1511 2586 1666 2651 mihi,
1697 2594 1753 2641 et
1781 2597 2118 2657 pepererunt

536 2678 678 2734 fiiios
721 2689 777 2733 et
820 2676 992 2743 ﬁlias,
1035 2686 1092 2731 et
1135 2677 1360 2731 nomina
1415 2677 1575 2748 188
1606 2693 1830 2745 earum,
1867 2679 2115 2735 Samaria

533 2769 710 2836 Oolla,
743 2777 800 2825 et
820 2770 1125 2826 Jerusalem
1147 2768 1342 2825 Ooliba
1375 2770 1440 2822 ".
1474 2789 1492 2821 ›
1523 2770 1678 2824 Pavit
1712 2770 1895 2840 itaque
1923 2787 2115 2842 greges

534 2863 702 2918 homo
730 2862 909 2918 factus
935 2861 1122 2927 Filius,
1159 2878 1268 2918 una
1293 2877 1417 2918 cum
1445 2862 1511 2916 iis
1534 2862 1629 2931 qui
1665 2877 1733 2916 es
1755 2863 2021 2918 servitute
2058 2871 2116 2919 et

534 2956 896 3012 fornicatione
938 2955 1107 3026 geniti
1150 2963 1296 3010 sunt.
1350 2955 1528 3010 Duces
1570 2955 1720 3010 enim
1761 2962 1891 3010 sunt
1933 2955 2114 3012 adhuc

2216 1942 2600 2012 κατῳκήκασιν
2656 1940 2714 1993 ὲν
2762 1942 2829 2011 τῇ
2874 1941 3192 2012 Σαμαρείᾳ,
3247 1943 3659 2013 παραφέροντος
3713 1945 3795 2006 είς

2215 2032 2372 2087 τοῦτο
2401 2032 2496 2086 τοῦ
2553 2030 2854 2103 Ἱεροϐοάμ.
2889 2031 3271 2094 Πεπλάνηνται
3311 2033 3368 2086 δὲ
3420 2035 3511 2086 καὶ
3557 2050 3797 2104 προσκε-

2215 2125 2484 2196 κυνήκασι
2529 2125 2648 2187 ταῖς
2695 2123 2962 2194 δαμάλεσι
3007 2125 3130 2186 ταῖς
3177 2126 3409 2193 χρυσαῖς
3451 2125 3587 2176 ἐκεῖ.
3625 2124 3794 2177 Ὅθεν

2215 2220 2311 2274 καὶ
2342 2219 2431 2272 διὰ
2469 2217 2654 2288 φωνῆς
2689 2216 2945 2289 Ἰεζεκιὴλ
2965 2257 2980 2282 ,
3015 2217 3091 2280 ὡς
3117 2216 3210 2270 δύο
3226 2220 3494 2286 γυναῖκας
3520 2220 3794 2288 ἐκπεπορ-

2213 2313 2476 2383 νευμένας
2507 2311 2801 2382 κατῃτιᾶτο
2829 2308 2984 2373 Θεὸς,
3011 2310 3154 2362 οὕτω
3179 2309 3373 2377 λέγων’
3405 2329 3424 2361 ‹
3455 2309 3552 2362 re
3577 2308 3792 2380 ἀνθρὼ-

2213 2420 2341 2469 που,
2376 2402 2469 2456 δύο
2501 2405 2752 2472 γυναῖκες
2771 2397 2911 2474 ἦσαν
2952 2401 3251 2472 θυγατέρες
3282 2401 3487 2472 μητρὸς
3519 2403 3673 2473 μιᾶς,
3699 2402 3794 2455 καὶ

2215 2494 2608 2565 ὲξεπόρνευσαν
2665 2497 2723 2547 ὲν
2759 2496 2824 2564 τῇ
2858 2493 3144 2564 Αίγύπτῳ,
3176 2495 3232 2546 ἐν
3263 2495 3330 2563 τῇ
3365 2493 3578 2563 νεότητι
3612 2492 3792 2546 αὐτῶν

2214 2588 2547 2660 ἐπόρνευσαν
2568 2628 2583 2652 ,
2615 2588 2709 2641 καὶ
2756 2587 2946 2640 ἔπεσον
2977 2588 3026 2639 oi
3061 2587 3254 2656 μαστο¹ί⁵
3306 2585 3504 2640 αὐτῶν.
3543 2586 3691 2639 Ἐκεῖ
3716 2587 3792 2640 δι-

2212 2677 2708 2750 επαρθενεύθησαν.
2742 2677 2822 2731 Τὰ
2864 2678 2920 2731 δὲ
2967 2678 3207 2747 ὀνόματα
3259 2677 3465 2740 αὐτῶν,
3525 2677 3715 2731 Ὀόλλα
3759 2680 3791 2748 ἡ

2215 2771 2583 2842 πρεσϐυτέρα,
2610 2770 2703 2824 καὶ
2744 2769 2957 2822 Ὀολίϐα
2987 2769 3020 2838 ἡ
3050 2767 3252 2838 ἀδελφὴ
3285 2769 3474 2838 αὐτῆς.
3525 2769 3635 2821 Καί
3672 2769 3794 2836 ἐγέ-

2213 2862 2365 2917 νοντό
2397 2880 2507 2933 μοι,
2537 2863 2631 2914 καὶ
2684 2860 2867 2913 ἔτεκον
2901 2860 3048 2922 υἱοῦ-ς
3092 2860 3184 2912 καὶ
3230 2859 3536 2928 θυγατέρας
3557 2875 3569 2886 ·
3596 2859 3692 2911 καὶ
3727 2858 3797 2910 τὰ

2214 2955 2452 3024 ὀνόματα
2478 2953 2678 3019 αὐτῶν,
2707 2952 3039 3023 Σαμάρειαὴ
3075 2951 3283 3015 Ὀόλλα,
3311 2951 3406 3004 καὶ
3435 2949 3795 3021 Ἰερουσαλὴμ

533 3048 924 3113 lsraelitarum,
960 3047 1161 3117 legales
1195 3045 1458 3117 praefecti,
1494 3046 1726 3102 docente
1763 3047 1969 3116 alioqui
1999 3048 2112 3118 jam

2215 3048 2248 3118 ἡ
2283 3045 2550 3099 Ὀολίϐα.›
2582 3045 2974 3114 Συνεποίμαινε
3017 3043 3194 3096 τοίνυν
3225 3041 3346 3096 καθ’
3373 3043 3520 3112 ἡμᾶς
3555 3042 3792 3111 γεγονὼς

533 3151 698 3211 atque
721 3141 1031 3212 instruente
1052 3138 1270 3194 Christo
1290 3153 1386 3193 eos
1407 3139 1501 3208 qui
1523 3138 1589 3192 ad
1614 3138 1790 3208 ipsum
1816 3138 2106 3204 accedunt,

2213 3140 2240 3192 6
2271 3137 2396 3201 Υἱὸς
2415 3139 2525 3200 τοῖς
2549 3138 2612 3190 ὲκ
2639 3136 2878 3199 δουλείας
2899 3137 3012 3206 ἅμα
3041 3135 3134 3188 καὶ
3161 3137 3224 3188 ὲκ
3252 3135 3508 3204 πορνείας
3535 3151 3792 3203 γεγεννη-

533 3243 589 3288 ct
618 3234 686 3288 ad
714 3234 962 3288 veritatis
981 3234 1125 3286 viam
1155 3231 1483 3294 deducente,
1513 3247 1632 3301 qua:
1655 3232 1878 3301 quidem
1911 3232 2000 3286 via
2030 3232 2111 3301 ip—

2215 3229 2414 3300 μένοις.
2439 3228 2821 3300 Καθηγοῦνται
2847 3227 2956 3297 γὰρ
2997 3227 3076 3279 ἔτι
3099 3227 3208 3279 τῶν
3229 3226 3289 3291 ἐξ
3327 3225 3544 3297 Ἰσραὴλ
3576 3227 3624 3279 οί
3651 3224 3791 3279 κατά

531 3333 708 3380 scmet
744 3332 846 3380 est.
873 3324 1085 3379 Idcirco
1117 3323 1284 3378 etiam
1321 3322 1460 3377 dixit
1495 3341 1508 3376 :
1544 3342 1560 3372 ι
1593 3323 1704 3393 Ego
1731 3337 1851 3376 sum
1875 3323 1963 3376 via
1985 3323 2050 3375 ’°.
2084 3341 2102 3373 ι

531 3417 800 3472 ϐεεῑοηιιιι
830 3417 1034 3472 Scriba:
1065 3425 1122 3470 et
1146 3416 1403 3471 Pharisazi
1439 3415 1784 3486 legispcritia:
1815 3414 1976 3470 laude
2015 3430 2110 3470 ce-

525 3509 732 3570 lebres,
763 3515 1033 3576 paverunt
1059 3507 1114 3561 in
1140 3507 1394 3570 tribulos,
1425 3506 1478 3560 in
1505 3507 1709 3576 spinas,
1745 3505 1799 3559 in
1839 3521 2107 3571 errorem,

523 3599 589 3653 in
613 3596 888 3652 doctrinas
916 3604 972 3651 et
1006 3604 1275 3667 praecepta
1306 3597 1588 3650 hominum
1618 3615 1629 3648 :
1659 3597 1750 3651 hic
1771 3611 1902 3650 vero
1925 3595 1978 3649 in
2008 3596 2108 3650 bo-

529 3702 657 3744 nam
690 3693 969 3758 pasturam
1006 3695 1063 3742 et
1103 3687 1271 3741 veluti
1313 3686 1370 3740 in
1411 3686 1638 3740 herbam
1681 3685 2107 3751 ﬂoridissimam,

493 3797 501 3806 '
524 3779 856 3852 evangelica:
881 3779 1140 3834 nimirum
1162 3778 1464 3849 disciplinae
1486 3777 1912 3848 pulcherrimam
1936 3777 2112 3832 admi-

530 3871 867 3942 rabilemque
887 3871 1277 3944 cognitionem.
1300 3868 1476 3939 Atque
1499 3869 1577 3922 illi
1601 3868 1822 3939 quidem
1841 3876 1999 3923 erant
2016 3884 2111 3939 pa-

525 3977 705 4020 Stores
727 3965 867 4035 pigri
894 3981 959 4020 ac
983 3963 1264 4029 vecordes,
1289 3977 1354 4016 ac
1373 3969 1639 4032 praeterea
1657 3969 1973 4032 acceptores
1992 3977 2111 4016 mu-

527 4071 744 4120 nerum,
778 4071 1099 4126 summeque
1121 4055 1319 4110 attenti
1355 4054 1423 4109 ad
1461 4061 1729 4128 qiuestum
1764 4053 2109 4118 faciendum,

537 4169 555 4196 ι
586 4145 935 4201 comedentes
967 4147 1071 4211 lac,
1090 4147 1239 4201 molli
1263 4147 1386 4199 lana
1419 4145 1625 4210 induti,
1653 4154 1709 4200 et
1737 4145 1936 4216 pingue
1965 4160 2111 4200 mac-

527 4237 792 4300 tantes",
830 4237 1020 4305 pjuxta
1051 4237 1332 4306 propheta:
1348 4250 1538 4289 vocem
1564 4253 1580 4289 :
1612 4237 1937 4290 mercenarii
1957 4244 2013 4291 et
2033 4235 2112 4290 fa-

2211 3319 2376 3390 νόμον
2415 3317 2849 3388 προεστηκότες,
2923 3316 3102 3369 καίτοι
3158 3316 3500 3378 διδάσκοντος
3549 3314 3650 3384 ἤδη
3696 3315 3790 3367 καὶ

2215 3407 2699 3480 μυσταγωγοῦντος
2727 3406 2962 3478 Χριστοῦ
2987 3407 3110 3470 τοὺς
3135 3406 3459 3478 προσιόντας
3493 3404 3663 3473 αὐτῷ,
3699 3403 3794 3458 καὶ

2209 3503 2289 3565 εἰς
2317 3500 2414 3571 τὴν
2441 3501 2536 3570 τῆς
2563 3499 2819 3571 ἀληθείας
2847 3497 3273 3569 ἀποκομίζοντος
3313 3497 3521 3570 τρίϐον.
3558 3496 3708 3567 Αὕτη
3735 3495 3792 3550 δὲ

2210 3585 2280 3661 ἦν
2314 3589 2494 3651 αὑτός.
2547 3589 2838 3658 Τοιγάρτοι
2880 3587 2976 3640 καὶ⁹
3022 3587 3281 3655 ἔφασκεν·
3324 3605 3343 3638 ι
3407 3584 3550 3655 Ἐγὼ
3587 3588 3701 3656 είμι
3754 3587 3790 3656 ἡ

2211 3682 2348 3745 ὁδός.
2396 3699 2415 3732 ι
2468 3679 2606 3732 Ἀλλ’
2638 3681 2686 3732 οί
2731 3680 2829 3750 μὲν
2868 3680 3219 3757 Γραμματεῖς
3249 3679 3342 3732 καὶ
3377 3679 3660 3750 Φαρισαῖοι
3698 3677 3796 3730 καὶ

2211 3772 2310 3843 τὴν
2355 3771 2453 3842 τῆς
2497 3769 2815 3840 νομοθεσίας
2854 3769 3068 3840 ἔχοντες
3111 3770 3288 3836 δόξαν,
3339 3770 3672 3823 κατὲϐοσκον
3715 3771 3797 3833 είς

2211 3862 2517 3934 τριϐόλους,
2545 3864 2624 3926 είς
2664 3861 2930 3926 ἀκάνθας,
2972 3864 3053 3925 είς
3093 3861 3378 3932 πλάνησιν,
3425 3863 3506 3924 είς
3542 3860 3800 3913 διδασκα-

2176 3981 2182 3991 ι
2210 3954 2330 4018 λίας
2359 3953 2452 4008 καὶ
2476 3952 2789 4024 ἐντάλματα
2819 3953 3151 4024 ἀνθρώπων·
3184 3955 3211 4006 6
3241 3953 3296 4006 δὲ
3336 3955 3416 4015 είς
3457 3953 3628 4024 νομὴν
3657 3953 3804 4020 ἀγα-

2212 4046 2334 4118 θὴν,
2377 4045 2474 4102 καὶ⁷
2521 4046 2601 4109 είς
2645 4045 2784 4098 πόαν
2814 4044 3000 4117 ὥσπερ
3028 4043 3446 4114 εὐανθεστάτην,
3479 4044 3590 4096 τῶν
3629 4043 3807 4112 εὐαγ-

2211 4136 2446 4206 γελικῶν
2501 4135 2886 4208 παιδευμάτων
2945 4135 3047 4208 τὴν
3083 4136 3258 4204 εὐφυᾶ
3319 4135 3412 4188 καὶ
3462 4129 3806 4203 άξιάγαστον

2213 4229 2435 4298 γνῶσιν.
2482 4230 2591 4282 Καὶ
2623 4231 2672 4282 oi
2714 4229 2813 4300 μὲν
2856 4224 2996 4298 ἦσαν
3031 4227 3287 4297 ποιμένες
3329 4224 3562 4299 ῥᾴθυμοί
3608 4241 3668 4278 τε
3699 4225 3807 4278 καὶ

527 4324 726 4387 stuosi,
744 4324 1064 4393 nullumque
1083 4326 1240 4393 plane
1267 4338 1369 4394 pro
1387 4323 1585 4378 ovibus
1606 4323 1848 4377 laborem
1872 4323 2113 4378 subeun-

2213 4323 2685 4384 ἀναπεπτωκότες.
2715 4322 2809 4375 καὶ
2848 4319 2985 4392 πρός
3009 4337 3071 4388 γε
3104 4319 3333 4384 τούτοις,
3366 4319 3671 4391 λημμάτων
3700 4318 3805 4388 ἡτ-

527 4423 611 4468 tes
635 4431 648 4465 :
677 4411 768 4468 hic
793 4418 976 4466 autem
999 4419 1117 4467 erat
1141 4421 1328 4482 pastor
1351 4411 1549 4478 bonus,
1581 4429 1600 4462 ‹
1625 4410 1862 4466 animam
1893 4427 2105 4482 ponens

525 4518 629 4572 pro
671 4502 868 4556 ovibus
899 4502 966 4554 ".
1010 4520 1028 4552 ι
1057 4500 1325 4557 Caeterum
1367 4500 1827 4572 quemadmodum
1857 4500 1954 4555 filii
1981 4501 2104 4556 Zel-

527 4593 650 4664 phae
679 4601 735 4647 et
769 4591 931 4647 Ballte
961 4593 1316 4662 approbrium
1357 4594 1558 4648 malum
1592 4594 1973 4663 excogitarunt
2005 4591 2103 4647 ad-

529 4698 722 4738 versus
758 4683 990 4752 Josepb,
1039 4683 1113 4737 ita
1160 4684 1326 4738 etiam
1368 4684 1661 4755 impiorum
1704 4685 2105 4739 Pharisaeorum

518 4773 894 4846 perditissima
916 4774 1212 4829 multitudo
1237 4776 1608 4830 Emmanuelis
1644 4775 1870 4846 gloriam
1909 4775 2109 4837 calum-

527 4866 668 4921 niari
699 4866 858 4921 veriti
881 4880 991 4920 non
1017 4874 1163 4930 sunt,
1187 4865 1586 4921 Samaritanum
1610 4882 1675 4921 ac
1693 4865 1804 4920 vini
1829 4873 2101 4936 potorem,

527 4959 859 5014 daemonium
905 4959 1198 5015 habentem
1237 4959 1306 5024 ”,
1350 4969 1408 5013 et
1447 4974 1551 5029 ope
1595 4958 1902 5012 Beelzebub
1947 4959 2104 5031 adju-

528 5065 646 5108 tum
687 5055 861 5110 malos
899 5055 1127 5125 spiritus
1160 5071 1226 5110 ex
1261 5051 1494 5122 inﬁrmis
1524 5052 1851 5122 corporibus
1878 5051 2103 5121 ejicien-

523 5154 640 5201 tem
669 5145 835 5216 impie
869 5123 1126 5202 vocantes
1149 5146 1217 5199 ⁸³.
1241 5145 1455 5200 Idcirco
1477 5159 1578 5214 per
1602 5157 1792 5198 vocem
1825 5142 2105 5212 propheta:

527 5242 792 5298 adversus
824 5242 1138 5299 Iudaeorum
1171 5238 1629 5303 maledicentiam,
1669 5235 1992 5293 exclamavit
2020 5235 2106 5290 di-

527 5346 660 5388 cens
684 5332 916 5403 ipsemet
944 5331 1264 5388 Emmanuel
1293 5348 1308 5384 :
1346 5349 1364 5382 ι
1396 5329 1488 5384 ναι
1527 5328 1679 5398 ipsis,
1726 5327 1985 5397 quoniam
2019 5341 2107 5380 re-

517 5434 815 5480 cesserunt
833 5441 863 5480 a
888 5441 993 5480 me.
1017 5424 1199 5480 Miseri
1227 5432 1376 5488 sunt,
1402 5421 1660 5492 quoniam
1685 5419 1849 5488 impie
1876 5427 2109 5489 egerunt

530 5515 587 5571 in
613 5532 719 5570 me.
747 5518 858 5589 Ego
889 5519 1097 5572 redemi
1125 5535 1258 5574 eos:
1288 5519 1390 5589 ipsi
1421 5525 1606 5571 autem
1629 5514 1798 5568 locuti
1824 5521 1951 5567 sunt
1973 5527 2107 5566 con-

583 5708 802 5783 "_Joan.
858 5733 893 5777 ι,
933 5717 983 5777 1,
1062 5715 1107 5746 ⁸⁸
1139 5719 1180 5771 ll
1205 5719 1312 5772 Cor
1365 5736 1417 5779 ν,
1446 5719 1525 5772 l9.
1606 5721 1650 5751 "
1679 5719 1876 5773 Ezech.
1915 5737 2063 5783 xxiii,
2101 5719 2220 5774 2-4.

523 5797 596 5842 au.
635 5781 711 5835 Η.
825 5786 868 5818 ⁵³
901 5787 1057 5841 Joan.
1100 5803 1210 5851 rm,
1239 5789 1342 5852 l8;
1381 5789 1663 5859 Matthxi,
1697 5791 1778 5844 l9.

2209 4413 2464 4484 τώμενοι,
2520 4413 2614 4465 καὶ
2665 4411 3036 4484 φιλοκέρδειαν
3078 4412 3361 4474 νοσοῦντες
3412 4411 3680 4481 ἐσχάτην·
3735 4410 3804 4463 τὸ

2214 4521 2236 4556 ι
2279 4503 2420 4572 γάλα
2459 4503 2854 4570 κατεσθίοντες,
2898 4503 2969 4556 τὰ
3013 4504 3134 4574 ἔρια
3183 4502 3666 4572 περιϐαλλόμενοι,
3702 4501 3802 4555 καὶ

2209 4596 2271 4649 τὸ
2291 4597 2436 4666 παχὺ
2466 4596 2784 4664 σφάζοντες,
2827 4616 2845 4648 ι
2886 4594 3028 4648 κατά
3075 4595 3172 4666 τὴν
3208 4594 3300 4647 τοῦ
3353 4595 3632 4665 προφήτου
3678 4613 3799 4664 φω-

2212 4688 2342 4758 νήν·
2385 4687 2644 4757 μισθωτοὶ
2677 4687 2771 4740 καὶ
2824 4687 3114 4758 ἀγέρωχοι,
3161 4687 3254 4738 καὶ⁹
3289 4685 3472 4753 ὀλίγου
3515 4684 3799 4749 παντελῶς

2213 4777 2486 4842 ἀξιοῦντες
2517 4777 2678 4845 λόγου
2723 4777 2784 4830 τὸ
2841 4796 2857 4828 ι
2896 4777 3092 4848 χρῆναι
3124 4779 3304 4829 πονεῖν
3339 4776 3478 4846 ὑπὲρ
3514 4774 3626 4827 τῶν
3661 4793 3808 4846 προ-

2211 4867 2409 4922 ϐάτων.
2452 4887 2471 4920 ι
2492 4866 2630 4920 Ἀλλ’
2661 4866 2848 4938 ὥσπερ
2879 4868 2928 4920 οί
2957 4866 3065 4920 ἀπὸ
3107 4865 3315 4936 Ζελφᾶς
3343 4881 3402 4917 τε
3436 4866 3529 4917 καὶ
3561 4863 3800 4928 Βάλλας,

2209 4958 2376 5028 ψόγον
2415 4958 2646 5029 πονηρὸν
2674 4958 2986 5027 κατήγαγον
3024 4957 3118 5008 ἐπὶ
3145 4955 3235 5008 τὸν
3281 4954 3499 5025 Ἰωσὴφ,
3525 4952 3673 5006 οῦτω
3705 4952 3798 5007 xei

2211 5051 2318 5104 τῶν
2368 5049 2599 5102 ἀνοσίων
2651 5048 2962 5120 Φαρισαίων
3013 5050 3047 5120 ἠ
3103 5047 3529 5120 δυστροπωτάτη
3583 5044 3801 5116 πληθὺς

2209 5140 2597 5212 διαϐεϐλήκασι
2650 5139 2742 5192 τὸν
2813 5139 3164 5210 Ἐμμανουὴλ
3201 5181 3215 5206 ,
3281 5140 3376 5192 καὶ
3435 5140 3800 5206 συκοφαντεῖν

2211 5223 2532 5305 ἀπετόλμων
2565 5231 2664 5304 τὴν
2688 5231 2848 5296 δόξαν
2880 5232 3070 5285 αὑτοῦ·
3107 5231 3480 5302 Σαμαρείτην,
3527 5229 3624 5282 καὶ
3656 5229 3801 5280 οἰνο-

2212 5328 2402 5397 πότην,
2455 5326 2551 5379 καὶ
2583 5325 2923 5396 δαιμονῶντα
2970 5323 3106 5394 πρὸς
3155 5322 3388 5387 τούτοις,
3431 5322 3527 5374 καὶ
3546 5323 3668 5383 ταῖς
3700 5318 3798 5371 τοῦ

2213 5418 2538 5483 Βεελζεϐοὺλ
2571 5419 2871 5488 ἐνεργείαις
2894 5414 3355 5486 ὲπικουρούμενον
3381 5415 3462 5476 είς
3479 5430 3541 5478 γε
3562 5413 3622 5464 τὸ
3643 5411 3800 5465 δύνα-

2217 5509 2360 5574 σθαι,
2386 5511 2546 5580 φημὶ,
2576 5509 2646 5562 τὰ
2665 5508 2874 5582 πονηρὰ
2895 5509 3001 5562 τῶν
3020 5507 3456 5578 ὴρῤωστηκότων
3483 5501 3801 5568 ἐξελαύνειν

3558 5713 3604 5746 ει
3636 5704 3804 5766 Joan.

2323 5720 2369 5750 '°
2410 5720 2564 5774 Joan.
2603 5737 2707 5784 xiv,
2742 5721 2793 5776 6.
2888 5722 2929 5755 "
2963 5718 3162 5774 Ezecb.
3208 5715 3465 5782 xxxn’,3.

1883 5792 1926 5822 ’δ
1951 5792 2138 5846 Matth.
2168 5807 2258 5856 xu,
2294 5789 2382 5842 9.7.
