4074 6260
321 328 419 383 ὕοι

1318 315 1838 377 σιΑΡΗγιιοιιυιι
1876 314 1944 370 IN
1983 311 2285 370 GENESIM
2325 311 2454 367 LIB.
2497 309 2583 367 Vl.

3482 303 3586 365 ιοι

322 440 644 512 πνεύματα,
673 438 951 502 δυσσεδῶς
978 437 1354 508 ὀνομάζοντες.
1380 436 1670 509 Τοιγάρτοι
1696 436 1790 490 καὶ
1820 432 1909 486 διὰ

2036 446 2095 485 ra
2135 445 2223 484 me
2249 426 2536 483 mendacia
2559 425 2627 479 ".
2660 442 2678 476 ι
2706 424 2775 479 Et
2803 437 3018 478 rursum
3048 441 3060 476 :
3092 441 3110 474 ι
3137 419 3348 478 Cadent
3387 422 3443 476 in
3469 421 3587 493 gia-

331 530 527 599 φωνῆς
579 530 864 600 προφήτου
913 527 1010 597 τῆς
1053 526 1160 579 τῶν
1203 527 1476 581 Ἰουδαίων
1515 524 1914 599 ἀθυροστομίας

328 620 753 691 κατεκεκρὰγει
799 618 971 687 λέγων
1007 617 1166 682 αὐτὸς
1199 622 1227 671 ό
1279 619 1657 692 Ἐμμανουήλ·
1719 637 1737 670 ι
1779 617 1915 671 Οὐαὶ

329 709 548 774 αὺτοῖς,
579 712 663 765 ὅτι
693 711 1039 782 ἀπεπήδησαν
1070 711 1163 767 ἀπ’
1185 711 1341 783 ἐμοῦ.
1378 711 1613 766 Δείλαιοί
1639 713 1797 777 εἰσιν,
1833 711 1914 763 ὅτι

334 802 624 873 ἠσέϐησαν
665 805 742 866 είς
792 803 907 872 ἐμέ.
962 801 1105 871 Ἐγὼ
1151 802 1207 856 δὲ
1252 802 1650 875 ἐλυτρωσάμην
1686 801 1911 869 αὑτούς,-

341 893 503 945 αὐτοὶ
528 893 582 946 δὲ
608 893 974 964 κατελάλησαν
1000 895 1168 967 ψευδῆ
1201 895 1321 949 κατ’
1349 895 1505 967 ἐμοῦ.
1547 914 1565 947 ι
1594 896 1701 950 Καὶ
1733 896 1911 949 πάλιν·

352 1003 372 1035 ο
397 983 689 1038 Πεσοῦνται
716 987 773 1037 ἐν
800 987 1045 1059 ῥομφαίᾳ
1075 988 1128 1040 οἱ
1156 988 1414 1059 ἄρχοντες
1438 987 1638 1053 αὐτῶν,
1668 988 1734 1041 δι’
1758 990 1918 1042 ἀπαιο

344 1072 553 1126 δευσίαν
583 1073 829 1144 γλώττης
879 1076 1082 1131 αὐτῶν.
1127 1095 1147 1129 ι
1185 1077 1543 1149 Πεφλυάρηκε
1574 1076 1751 1130 τοίνυν
1776 1074 1919 1129 κατά

338 1164 571 1235 Χριστοῦ
600 1165 711 1219 τῶν
741 1168 1053 1237 Φαρισαίων
1097 1168 1158 1221 τὸ
1196 1171 1402 1238 στῖφος,
1436 1169 1499 1222 τὸ
1524 1168 1697 1240 θρασύ
1726 1186 1783 1221 τε
1824 1169 1918 1221 καὶ

331 1255 705 1328 ἀνελεύθερον.
739 1260 850 1313 Καὶ
882 1258 1066 1323 τοῦτο,
1094 1256 1274 1330 οἶμαι,
1315 1262 1431 1315 ἐστὶ
1473 1262 1534 1314 τὸ
1568 1264 1918 1329 κατενεγκεῖν

331 1346 457 1410 τοὺς
502 1348 770 1417 ἀδελφοὺς
798 1349 969 1419 ψόγον
1006 1351 1247 1421 πονηρὸν
1290 1351 1428 1406 κατὰ
1462 1351 1685 1423 Ἰωσήφ.
1717 1371 1735 1402 ι
1776 1350 1916 1403 Ἀλλ’

330 1434 610 1503 ἠγαπᾶτο,
665 1439 855 1506 φησιν,
890 1437 1044 1507 παρά
1074 1437 1170 1491 τοῦ
1206 1438 1429 1510 πατρὸς,
1468 1440 1547 1493 ὅτι
1583 1439 1695 1503 υίὸς
1728 1439 1920 1509 γήρως

328 1522 399 1598 ἦν
438 1528 612 1600 αὐτῷ.
653 1547 673 1580 ι
712 1528 979 1596 Γεγόνασι
1016 1530 1114 1599 μὲν
1146 1530 1257 1601 γὰρ
1288 1532 1381 1583 καὶ
1419 1530 1594 1602 ἕτεροι
1641 1530 1917 1601 ποιμένες,

335 1619 497 1672 καλοί
549 1636 612 1672 τε
669 1620 767 1672 καὶ
801 1619 1015 1687 ἁγαθοὶ,
1068 1620 1177 1691 πρὸ
1221 1621 1322 1691 τῆς
1365 1621 1458 1675 τοῦ
1484 1623 1732 1693 Σωτῆρος
1762 1616 1921 1693 ήμῶν

342 1706 675 1771 ἀναδείξεως
703 1708 804 1774 τῆς
835 1709 892 1760 ἐν
920 1709 1107 1780 κόσμῳ
1138 1711 1231 1764 καὶ
1253 1710 1389 1780 μετά
1419 1712 1618 1783 σαρκός
1638 1729 1651 1742 ·
1690 1712 1785 1765 καὶ⁵
1815 1711 1922 1782 πρό

206 1798 241 1824 “
348 1815 414 1866 γε
464 1798 574 1850 τῶν
618 1798 793 1852 ἄλλων
832 1801 1038 1871 Μωσῆς
1064 1801 1423 1867 ὁθεσπέσιος.
1466 1805 1562 1856 καὶ
1597 1805 1647 1857 οἱ
1687 1802 1922 1873 καθεξῆς

353 1887 454 1950 τὰς
487 1887 712 1955 λογικὰς
764 1890 965 1959 ἀγέλας
1003 1891 1496 1963 διαποιμαίνοντες.
1552 1892 1698 1964 Πλὴν
1737 1893 1926 1962 διαφεο

357 1978 560 2048 ρόντως
589 1979 841 2050 ήγάπησε
867 1982 960 2035 τὸν
985 1982 1118 2036 Υἱδν
1135 1985 1163 2037 ὁ
1185 1984 1400 2055 Πατὴρ,
1421 1983 1597 2038 καίτοι
1622 1985 1925 2039 τελευταῖον

349 2069 480 2123 ὄντα
520 2070 665 2140 μετά
696 2072 826 2134 τοὺς
858 2072 1075 2138 ἄλλους,
1120 2076 1214 2128 καὶ
1246 2076 1304 2128 ἐν
1340 2077 1588 2147 ἐσχάτοις
1616 2077 1710 2132 τοῦ
1739 2077 1926 2142 αἰῶνος

348 2161 622 2228 γεγονότα
652 2165 889 2232 καιροῖς.
932 2163 1187 2234 Ἀρμόσει
1222 2166 1324 2235 μὲν
1358 2160 1450 2220 οὖν
1482 2166 1558 2237 τῷ
1598 2166 1790 2222 Ἰακὼϐ
1814 2167 1925 2222 υίόν

346 2256 540 2323 γήρως
579 2252 727 2323 ἔχειν
778 2256 872 2309 τὸν
929 2256 1147 2327 Ἰωσήφ.
1177 2256 1310 2322 Θεὸς
1341 2258 1398 2311 δὲ
1427 2259 1664 2330 ἀγήρως,
1691 2259 1926 2330 ἀναρχός

344 2361 404 2398 τε
434 2345 533 2399 καὶ
562 2346 826 2417 άναυξὴς,
846 2346 940 2401 καὶ
976 2347 1063 2400 ἀεὶ
1091 2349 1421 2413 παντέλειος.
1452 2350 1718 2425 Ταύτῃτοι
1748 2352 1929 2421 σοφῶς

345 2437 447 2506 τῆς
479 2436 575 2490 τοῦ
606 2438 914 2508 πρέποντος
952 2437 1126 2510 θήρας
1167 2440 1513 2512 ἀφαμαρτεῖν
1551 2444 1651 2497 οὐκ
1683 2443 1931 2513 ἐφιέντες

346 2527 439 2580 τὸν
464 2526 644 2594 λόγον,
678 2528 865 2598 γήρως
906 2528 1092 2600 ὥσπερ
1116 2530 1228 2582 υἱὸν
1257 2531 1617 2601 γεγεννῆσθαί
1645 2549 1827 2604 φαμεν
1852 2532 1930 2604 τῷ

348 2614 467 2686 Θεῷ
499 2616 597 2669 καὶ
629 2616 810 2688 Πατρλ⁸
828 2616 922 2671 τὸν
968 2618 1340 2691 Ἐμμανουήλ.
1379 2620 1455 2684 ὡς
1489 2623 1547 2675 ἐν
1585 2622 1799 2693 χρόνοις
1833 2639 1929 2690 γε-

348 2707 545 2774 γονότα
596 2709 713 2770 τοῖς
753 2707 1088 2774 τελευταίοις
1137 2709 1234 2763 τοῦ
1279 2710 1497 2776 αἰῶνος,
1548 2712 1793 2783 δηλονότι
1835 2712 1929 2767 τοῦ

352 2799 671 2863 ἐνεστῶτος,
714 2800 809 2853 καὶ
838 2800 961 2852 ἐπεί
981 2816 1061 2852 τοι
1093 2802 1209 2872 μετ’
1237 2802 1398 2854 αὐτὸν
1415 2802 1599 2873 ἕτερος
1627 2801 1818 2868 οὐδείς.
1854 2805 1928 2859 Οὐ

357 2891 466 2961 γὰρ
508 2892 566 2943 ἐν
614 2890 787 2962 ἑτέρῳ
829 2889 1098 2952 σώζεσθαι
1129 2891 1540 2962 προσδοκῶμεν.
1591 2894 1838 2964 ’Δρκέσει
1866 2895 1931 2965 δὴ

369 2981 545 3049 μόνος,
594 2982 675 3036 ὅτι
716 2981 853 3053 μηδὲ
912 2982 971 3034 ἐν
1019 2981 1164 3053 ἄλλῳ
1204 2983 1415 3037 κεῖσθαί
1466 3002 1645 3055 φαμεν
1687 2985 1785 3057 τὴν
1836 2986 1930 3042 τοῦ

2015 522 2108 577 dio
2133 521 2410 593 principes
2432 533 2644 584 eorum,
2673 524 2898 587 propter
2918 514 3245 585 imperitiam
3272 512 3471 585 linguae
3497 527 3591 568 eo-

2017 632 2139 671 rum
2158 617 2222 669 “.
2244 614 2441 683 simpie
2467 612 2635 683 igitur
2656 610 2875 665 locutus
2899 614 2985 662 est
3008 605 3268 661 adversus
3282 603 3587 671 Christum,

2016 694 2196 763 audax
2235 714 2398 777 atque
2432 703 2723 775 impudens
2756 698 3155 756 Pharisaeorum
3195 706 3387 754 costus.
3416 695 3592 767 Atque

2017 800 2143 864 hoc,
2172 805 2235 852 ut
2266 797 2526 861 arbitror,
2553 803 2658 860 est,
2691 794 2886 849 fratres
2905 790 3209 845 obtendere
3237 788 3594 859 opprobrium

2017 891 2221 946 malum
2253 889 2518 944 adversus
2552 885 2772 956 Joseph.
2805 904 2824 936 ι
2861 885 3032 940 Porro
3066 882 3301 938 dilectus
3330 890 3467 947 erat,
3506 881 3595 936 in-

2016 982 2156 1053 quit,
2187 996 2218 1035 a
2246 988 2420 1051 patre,
2447 978 2576 1049 quia
2604 975 2747 1031 ﬁlius
2777 972 3074 1029 senectutis
3097 979 3218 1028 erat
3246 970 3371 1042 ipsi.
3404 989 3423 1023 ι
3452 970 3596 1026 Fue-

2016 1081 2149 1128 runt
2180 1070 2329 1127 enim
2369 1070 2537 1124 etiam
2580 1067 2673 1123 alii
2716 1073 2963 1137 pastores
3003 1063 3164 1135 probi
3205 1078 3271 1117 ac
3303 1062 3434 1118 boni
3470 1070 3599 1117 ante

2019 1162 2320 1218 Salvatoris
2343 1159 2530 1216 nostri“
2545 1159 2603 1213 in
2621 1157 2887 1213 mundum
2905 1172 3005 1227 per
3024 1168 3245 1210 carnem
3266 1153 3597 1220 adventum;

2018 1264 2184 1327 atque
2208 1256 2354 1310 inter
2383 1252 2523 1308 alios
2537 1250 2758 1307 divinus
2773 1249 3003 1321 Moyses,
3027 1247 3231 1318 quique
3247 1243 3410 1317 189
3446 1243 3602 1299 dein-

2019 1366 2150 1421 ceps
2180 1348 2477 1404 rationales
2498 1361 2692 1418 greges
2719 1350 3007 1416 paverunt.
3030 1340 3301 1397 Caeterum
3320 1337 3600 1409 praecipuo

2019 1439 2257 1510 quodam
2293 1453 2480 1493 amore
2504 1442 2832 1507 prosecutus
2852 1440 2937 1488 est
2969 1431 3141 1486 ﬁlium
3172 1437 3350 1501 pater,
3385 1424 3601 1485 etiamsi

2019 1529 2353 1586 novissimus
2398 1527 2568 1582 fuerit
2608 1534 2734 1596 post
2770 1525 2927 1588 alios,
2968 1530 3026 1578 et
3067 1521 3124 1576 in
3172 1519 3381 1575 ultimis
3419 1514 3605 1575 saeculi

2021 1620 2383 1690 temporibus.
2426 1617 2730 1673 Conveniet
2768 1616 2956 1686 itaque
2994 1612 3163 1669 Jacob
3192 1612 3366 1666 ﬁlium
3399 1610 3605 1667 habere

2021 1711 2321 1767 senectutis
2340 1708 2567 1778 Joseph.
2594 1708 2741 1762 Deus
2767 1713 2953 1761 autem
2983 1719 3266 1774 nunquam
3293 1704 3531 1759 senescit
3550 1710 3606 1756 et

2023 1799 2295 1871 principio
2330 1806 2504 1861 caret,
2529 1811 2708 1867 neque
2744 1795 3084 1850 incrementa
3117 1794 3340 1865 accipit,
3375 1802 3432 1848 et
3459 1808 3605 1849 sem-

2022 1907 2124 1965 per
2146 1901 2232 1946 est
2267 1892 2529 1948 omnibus
2553 1890 2803 1962 partibus
2824 1888 3278 1961 perfectissimus.
3314 1887 3605 1955 Quocirca,

2024 1998 2095 2038 ne
2136 1999 2319 2039 sermo
2360 2000 2391 2039 a
2433 1994 2586 2039 recto
2632 1982 2882 2048 aberret,
2919 1982 3154 2040 dicimus
3192 1982 3605 2039 Emmanuelem

2025 2074 2427 2144 quodammodo
2457 2076 2656 2130 Filium
2697 2075 2998 2131 senectutis
3036 2075 3185 2130 Patri
3218 2074 3513 2140 exstitisse,
3539 2088 3607 2133 eo

2026 2166 2173 2236 quod
2200 2168 2258 2222 in
2282 2168 2491 2225 ultimis
2516 2167 2700 2223 saeculi
2733 2166 3074 2237 temporibus
3098 2167 3433 2236 apparuerit,
3470 2181 3609 2237 prae-

2028 2261 2202 2315 sentis
2224 2260 2507 2326 nimirum,
2532 2269 2589 2315 et
2615 2262 2744 2331 quia
2782 2268 2907 2332 post
2931 2260 3110 2330 ipsum
3133 2260 3275 2315 alius
3289 2274 3473 2315 nemo.
3499 2259 3606 2314 Ne-

2028 2365 2135 2420 que
2157 2351 2305 2405 enim
2328 2351 2382 2409 in
2404 2353 2512 2409 alio
2531 2353 2727 2419 salvari
2747 2359 3131 2422 exspectamus
3150 2351 3219 2404 ".
3250 2349 3461 2407 Suﬂicit
3477 2365 3611 2405 vero

2027 2443 2201 2509 solus,
2228 2443 2357 2514 quia
2392 2460 2571 2514 neque
2606 2444 2660 2499 in
2692 2444 2800 2500 alio
2829 2447 2992 2501 sitam
3016 2459 3139 2500 esse
3161 2443 3398 2500 dicimus
3421 2443 3610 2500 mundi

2028 2536 2262 2591 salutem
2310 2552 2374 2592 ac
2398 2538 2586 2593 vitam.
2610 2537 2733 2609 Ipse
2756 2537 2938 2609 itaque
2965 2553 3066 2593 nos
3095 2538 3153 2592 in
3176 2536 3374 2594 saecula
3402 2545 3609 2610 pascet,

2026 2625 2179 2695 juxta
2200 2627 2499 2683 Psalmista:
2513 2643 2706 2684 vocem
2726 2628 2796 2694 ’⁸,
2817 2628 3133 2699 subditique
3175 2629 3386 2684 erimus
3404 2628 3510 2699 ipsi
3532 2628 3614 2684 di-

2030 2714 2193 2783 lecto,
2222 2717 2316 2787 qui
2346 2718 2601 2789 apparuit
2622 2718 2846 2789 quidem
2868 2719 2923 2773 in
2954 2717 3165 2775 ultimis
3189 2720 3373 2774 saeculi
3403 2727 3614 2793 tempo-

2031 2807 2207 2873 ribus,
2238 2817 2296 2862 ut
2330 2810 2493 2866 modo
2529 2810 2665 2875 dixi,
2703 2825 2869 2865 carne
2906 2818 3206 2880 assumpta,
3230 2810 3620 2879 pra’existebat

2032 2914 2098 2953 au
2107 2908 2214 2954 tem
2230 2908 2289 2954 ut
2301 2901 2466 2957 Deus.
2479 2900 2724 2956 Dicimus
2733 2902 2879 2955 enim
2892 2916 3149 2956 cumesse
3166 2911 3498 2956 coaeternum
3517 2900 3618 2957 Pa-

2035 2990 2127 3043 tri.
2152 2990 2419 3056 Quocirca
2438 2991 2674 3049 dilectus
2697 2991 2921 3061 quidem
2940 3000 3027 3047 est
3048 3008 3079 3046 a
3105 2998 3262 3062 patre
3284 2991 3616 3047 excellenter

370 3069 573 3139 κόσμου
618 3071 889 3141 σωτηρίαν
948 3072 1041 3125 καὶ
1084 3070 1250 3144 ζωήν.
1311 3073 1483 3138 Αὐτὸς
1525 3070 1619 3128 οὖν
1657 3077 1809 3146 ἡμᾶς
1854 3077 1932 3139 εἰς

2035 3082 2256 3152 Ioseph.
2287 3083 2506 3138 Vestem
2535 3091 2720 3138 autem
2756 3084 2857 3153 ipsi
2880 3084 3034 3139 dedit
3057 3083 3288 3150 variam,
3313 3084 3485 3140 veluti
3504 3086 3634 3141 exi-.

372 3159 577 3223 αἰῶνας
609 3165 875 3231 ποιμανεῖ,
918 3162 1061 3216 κατά
1085 3162 1184 3234 τὴν
1236 3162 1334 3217 τοῦ
1371 3164 1680 3229 Ψάλλοντος
1730 3165 1933 3237 φωνὴν,

366 3254 465 3308 καὶ
504 3253 600 3307 ὑπ’
656 3255 799 3327 αὐτῷ
850 3255 1149 3327 κεισόμεθα
1206 3255 1283 3327 τῷ
1340 3258 1633 3339 ἀγαπητῷ,
1672 3259 1937 3330 πεφηνότι

365 3346 466 3415 μὲν
514 3347 572 3400 ἐν
620 3348 867 3418 ἐσχάτοις
911 3348 1007 3401 τοῦ
1038 3349 1231 3412 αἰῶνος
1272 3353 1502 3421 καιροῖς,
1531 3348 1780 3421 καθάπερ
1803 3349 1939 3419 ἔφην

362 3438 601 3508 ἀρτίως,
654 3438 788 3509 μετά
837 3439 1070 3510 σαρκὸς,
1128 3441 1564 3511 προῦφεστηκότι
1599 3440 1655 3493 δὲ
1695 3443 1769 3504 ὼς
1796 3439 1934 3510 Θεῷ.

359 3528 546 3598 Φαμὲν
564 3529 675 3600 γὰρ
699 3525 839 3583 εἶναι
857 3529 934 3600 τῷ
956 3530 1129 3601 Πατρὶ
1153 3531 1439 3583 συναῖδιον.
1458 3531 1666 3584 Οὐκοῦν
1687 3534 1941 3602 ἠγαπᾶτο

364 3620 467 3691 μὲν
493 3621 645 3692 παρά
668 3621 764 3674 τοῦ
789 3622 994 3693 πατρὸς
1022 3621 1382 3690 διαφερόντως
1414 3624 1443 3674 ό
1483 3624 1680 3694 Ἰωσήφ
1700 3640 1711 3654 ·
1736 3624 1940 3695 χιτῶνα

362 3712 421 3767 δὲ
456 3708 621 3785 evang;
666 3714 911 3770 ποικίλον
967 3714 1157 3780 ἐδίδου,
1194 3715 1362 3785 γέρας
1399 3715 1587 3785 ὥσπερ
1637 3716 1938 3789 ἐξαίρετον,

364 3806 461 3859 καὶ
510 3807 613 3877 τῆς
651 3806 882 3877 ἐνούσης
934 3807 1316 3880 φιλοστοργίας
1364 3808 1594 3878 μήνυσιν
1636 3810 1840 3882 ἐναργῆ
1879 3810 1942 3862 τὸ

364 3900 557 3970 χρῆμα
586 3898 776 3963 τιθείς.
794 3895 1014 3970 Ἀλλ’ἦν
1034 3901 1126 3953 καὶ
1150 3900 1307 3953 τοῦτο
1329 3903 1440 3970 τοῖς
1466 3901 1713 3971 ἀδελφοῖς
1737 3901 1942 3971 βασκα-

365 3991 487 4053 νίας
533 3991 834 4063 ὲρέθισμα,
872 3994 967 4045 καὶ
1006 3991 1200 4061 φθόνου
1243 3992 1552 4064 πρόφασις·
1610 3992 1794 4053 καθὼς
1850 3995 1945 4045 καὶ

366 4083 501 4137 αὐτὸ
550 4082 660 4151 τῶν
710 4084 1049 4154 πραγμάτων
1095 4083 1294 4148 διδάξει
1339 4084 1401 4136 τὸ
1447 4083 1643 4153 πέρας.
1685 4081 1947 4150 Ἐπεμαί-

365 4189 522 4226 νοντο
551 4172 609 4226 δὲ
649 4173 747 4226 καὶ
781 4173 830 4228 οἱ
868 4175 1146 4245 Φαρισαῖοι
1186 4173 1264 4244 τῷ
1298 4171 1671 4242 ἠγαπημένῳ,
1702 4170 1947 4223 τουτέστι

366 4262 615 4335 Χριστῷ,
647 4264 738 4319 διά
776 4282 861 4318 τοι
895 4266 957 4319 τὸ
993 4266 1143 4337 παρά
1170 4264 1306 4319 Θεοῦ
1343 4264 1437 4318 καὶ
1476 4263 1691 4335 [ἰατρὸς
1716 4261 1950 4315 ποικιλόο

2030 3173 2214 3241 mium
2243 3173 2448 3228 donum
2482 3184 2538 3230 et
2577 3174 2922 3229 manifestum
2957 3175 3181 3241 amoris,
3207 3190 3317 3246 quo
3335 3191 3462 3232 eum
3494 3192 3615 3248 pro-

2036 3263 2394 3333 sequebatur,
2420 3274 2824 3337 argumentum.
2861 3264 3134 3322 Cmterum
3167 3275 3287 3322 erat
3323 3267 3489 3323 etiam
3515 3268 3619 3326 hoc

2035 3356 2304 3411 fratribus
2335 3354 2648 3412 invidentiae
2668 3357 3072 3414 irritamentum
3113 3367 3276 3424 atque
3298 3359 3410 3415 odii
3431 3373 3615 3419 causa.

2038 3446 2502 3519 quemadmodum
2526 3447 2607 3502 rei
2640 3449 2819 3503 exitus
2849 3449 3170 3506 declarabit.
3193 3449 3422 3505 Accensi
3451 3450 3618 3505 etiam

2030 3547 2171 3599 sunt
2205 3540 2285 3596 ira
2312 3540 2576 3597 adversus
2610 3540 2893 3607 dilectum,
2922 3541 3028 3598 hoc
3045 3551 3130 3598 est
3152 3540 3452 3606 Christum,
3474 3541 3616 3597 Pha~

2040 3630 2206 3695 εἰσαεὶ,
2242 3629 2367 3685 ideo
2410 3630 2557 3700 quod
2591 3646 2623 3686 a
2655 3631 2769 3685 Deo
2800 3645 2864 3687 ac
2907 3630 3065 3686 Patre
3095 3629 3418 3685 multiformi
3449 3627 3618 3699 gloria

2042 3723 2266 3778 indutus
2284 3721 2472 3777 fuerit.
2501 3723 2687 3779 Multis
2705 3724 2853 3777 enim
2874 3738 3064 3777 revera
3086 3721 3263 3776 modis
3280 3719 3621 3797 admirabilis

2041 3815 2167 3878 fuit,
2213 3816 2411 3886 partim
2450 3815 2673 3885 quidem
2716 3823 2780 3868 ut
2819 3814 3126 3877 viviﬁcans,
3164 3811 3363 3881 partim
3396 3825 3530 3864 vero
3563 3818 3623 3883 ut

2042 3905 2157 3969 lux,
2174 3916 2231 3960 et
2252 3907 2563 3961 illuminare
2584 3906 2769 3958 valens
2788 3918 2884 3956 eos
2903 3904 2995 3971 qui
3018 3902 3076 3954 in
3100 3899 3363 3964 tenebris,
3386 3907 3447 3953 ut
3465 3914 3623 3971 mun-

2045 3995 2183 4049 dans
2212 3997 2477 4064 leprosos,
2512 3994 2895 4060 suscitansque
2930 3990 3187 4045 facillime
3214 3990 3382 4045 etiam
3414 3990 3625 4059 olentes

2040 4095 2318 4151 mortuos,
2350 4094 2413 4139 ut
2446 4083 2620 4138 maria
2644 4083 2954 4151 increpans,
2983 4090 3147 4149 atque
3176 4080 3310 4150 ipsis
3347 4096 3445 4137 sua
3468 4088 3624 4155 pote-

2038 4183 2188 4243 ,state
2214 4175 2473 4230 [luctibus
2497 4180 2704 4229 vectus.
2733 4171 2944 4228 Idcirco
2966 4170 3141 4228 Judaei
3167 4170 3402 4228 subinde
3434 4171 3627 4243 inopes

2050 4265 2263 4321 consilii
2294 4264 2621 4333 invidiaeque
2649 4262 2884 4319 ﬂammis
2904 4271 3265 4318 exaestuantes
3293 4264 3522 4321 interse
3544 4264 3626 4321 di-

365 4356 572 4424 τροπόν
601 4374 725 4410 τινα
765 4357 1174 4429 κατημφιέσθαι
1219 4357 1400 4423 δόξαν.
1456 4354 1814 4427 Τεθαύμαστο
1838 4353 1932 4424 γὰρ

2048 4358 2249 4415 cebant
2275 4377 2288 4412 :
2322 4377 2340 4408 ε
2369 4357 2513 4424 Quid
2537 4356 2805 4412 facimus?
2825 4356 2952 4426 quia
2976 4356 3141 4410 homo
3163 4356 3254 4412 hic
3280 4359 3450 4437 [nulla
3473 4360 3625 4437 signa

365 4445 516 4499 γαιτᾶ
531 4446 775 4513 πολλοὺς,
792 4445 841 4501 οἷ
848 4466 968 4518 μαι,
993 4450 1245 4520 τρόπους·
1275 4448 1432 4503 τοῦτο
1449 4448 1548 4520 μὲν
1571 4447 1649 4512 ὡς
1668 4445 1929 4511 ζωοποιδς

2055 4449 2187 4511 facit
2224 4451 2290 4503 ⁸⁸.
2322 4468 2341 4502 ι
2371 4449 2533 4504 Varia
2566 4448 2750 4518 itaque
2780 4448 2947 4503 vestis
2978 4455 3137 4520 typus
3165 4459 3256 4505 .est
3274 4450 3628 4507 multiformis

368 4526 532 4590 τοῦτο
559 4537 617 4590 δὲ
643 4538 718 4601 ὡς
769 4539 886 4609 φῶς
925 4543 1018 4594 καὶ
1067 4541 1462 4610 καταφωτίζειν
1490 4537 1600 4606 οἷός
1628 4558 1686 4595 τε
1716 4541 1841 4604 τοὺς
1890 4540 1948 4592 ἐν

371 4628 587 4700 adesp,
636 4629 711 4694 ὡς
753 4630 988 4704 λεπροὺς
1034 4632 1376 4706 καθαρίζων,
1433 4635 1529 4691 καὶ
1566 4633 1796 4705 νεκροὺς
1845 4633 1948 4686 κᾶν

369 4721 476 4792 ήδη
549 4722 917 4788 δυσωδοῦντας
964 4727 1140 4798 ῥᾷστα
1196 4726 1429 4798 ἐγείρων
1453 4765 1467 4791 ,
1524 4725 1600 4788 ὡς
1655 4723 1950 4786 θαλάσσαις

369 4812 669 4884 ἐπιτιμῶν,
711 4816 807 4871 καὶ
848 4817 1032 4883 αὐτοῖς
1060 4817 1158 4873 ἐπ’
1186 4817 1434 4892 ἐξουσίας
1465 4816 1830 4888 ἐποχούμενος
1853 4814 1952 4869 κύ·

373 4919 530 4972 μασι.
594 4905 706 4958 Καὶ
752 4905 884 4973 γοῦν
925 4907 1024 4978 ήδη
1063 4925 1183 4971 πως
1245 4909 1481 4962 Ἰουδαῖοι
1534 4907 1949 4979 διηπορηκότες,

369 4994 470 5045 καὶ
495 4992 577 5064 τῷ
613 4994 710 5063 τῆς
741 4993 1036 5065 βασκανίας
1071 4998 1204 5067 πυρὶ
1235 4996 1419 5050 λοιπὸν
1459 4997 1749 5068 ἀφορήτως
1778 5012 1947 5050 κατα.⁶

367 5085 720 5156 τρυχόμενοι.
758 5086 894 5157 πρὸς
933 5087 1196 5159 ἀλλήλους
1243 5088 1446 5159 ελεγον’
1486 5108 1504 5141 ι
1550 5088 1616 5141 Τί
1652 5087 1952 5159 ποιοῦμεν;

367 5174 455 5229 δτι
491 5170 646 5254 οὗτος
680 5178 713 5237 6
757 5177 1046 5248 ἄνθρωπος
1077 5179 1247 5233 πολλά
1276 5183 1478 5253 σημεῖα
1506 5182 1666 5234 ποιεῖ.
1710 5198 1730 5232 ι
1760 5180 1945 5250 Αἴνιγ-

374 5283 454 5336 μα
482 5265 550 5339 δή
568 5264 707 5335 οὗνό
727 5269 1093 5341 παμποίκιλος
1112 5271 1257 5341 ἡμῖν,
1271 5270 1437 5343 χιτών
1458 5273 1584 5324 ἐστι
1611 5272 1711 5341 τῆς
1732 5271 1947 5326 πολυει-

2051 4542 2259 4612 gloriae,
2282 4556 2390 4610 qua
2413 4540 2646 4607 Deusac
2666 4540 2828 4595 Pater
2849 4538 3030 4601 induit
3053 4540 3271 4606 Filium,
3296 4541 3458 4596 nobis
3476 4541 3629 4603 simis

2034 4631 2397 4697 .lemt'actum
2429 4638 2656 4702 propter
2689 4631 3105 4688 humanitatem.
3140 4632 3423 4704 Siquidem
3458 4646 3628 4704 quan-

2052 4734 2169 4789 tum
2206 4724 2275 4782 ad
2312 4726 2590 4797 prapriam
2624 4725 2800 4795 ipsius
2834 4730 3089 4791 naturam
3135 4726 3352 4791 attinet,
3395 4724 3510 4796 ipse
3546 4730 3629 4780 est

2051 4818 2321 4883 Dominus
2363 4817 2551 4889 gloria:
2573 4858 2588 4883 ,
2632 4816 2887 4885 tametsi,
2940 4825 3165 4889 propter
3210 4816 3627 4887 similitudinem

2056 4924 2221 4981 quam
2236 4908 2523 4973 nobiscum
2546 4909 2948 4975 habet,dicat:t
2963 4910 3147 4975 Pater,
3172 4904 3627 4975 clariiiea,Fiiium

2057 5008 2214 5062 tuum
2249 4996 2297 5055 ³.
2318 5018 2337 5051 ι
2362 4999 2460 5056 His
2485 4999 2654 5069 igitur
2686 4998 2758 5054 de
2780 4998 2962 5063 causis
2998 5010 3134 5067 quas
3163 4992 3436 5061 recensui,
3463 4993 3630 5067 exsti-

2056 5092 2249 5155 ωηιδιί
2280 5101 2409 5148 sum
2427 5090 2495 5155 ad
2513 5092 2839 5159 iramlatqne
2868 5083 3249 5155 invidiamtilii
3271 5084 3591 5159 ancillarum
3616 5103 3630 5152 ;

2058 5194 2321 5255 praeterea
2351 5183 2407 5238 in
2429 5181 2800 5252 suspicionem
2834 5178 3148 5235 inciderunt
3183 5192 3251 5234 ex
3278 5175 3487 5247 somnii
3510 5189 3634 5230 nar-

2050 5275 2285 5339 ratione.
2304 5273 2465 5343 190
2474 5272 2888 5328 Praenoscentes
2900 5268 3046 5323 enim
3061 5268 3190 5340 quia
3216 5280 3475 5329 successu
3500 5274 3633 5321 tem-

369 5356 497 5423 δοῦς
518 5345 815 5427 ’,εὐκλείαω
857 5364 924 5432 ἦν
956 5361 986 5415 ό
1016 5361 1150 5426 Θεὸς
1185 5362 1280 5415 καὶ
1307 5361 1499 5437 Πατὴρ
1536 5362 1837 5433 περιθεῖναι
1862 5363 1932 5417 λέ·

2032 5366 2203 5437 .poris
2229 5363 2399 5419 futuri
2422 5369 2605 5419 essent
2630 5358 2836 5415 subditi
2854 5357 3030 5424 fratri,
3061 5370 3296 5428 eumque
3326 5354 3634 5427 adoraturi,

369 5462 529 5516 γεται
550 5449 628 5520 τῷ
659 5449 775 5521 Υἱῷ
803 5451 925 5505 καθ’
950 5452 1097 5523 ἡμᾶς
1142 5451 1418 5521 γενομένῳ
1443 5448 1530 5504 διὰ
1575 5451 1634 5505 τὸ
1672 5452 1932 5525 ἀνθρώπι·

2053 5457 2238 5527 ipsum
2264 5469 2398 5509 vero
2422 5455 2582 5522 longe
2606 5449 2950 5519 superiorem
2974 5446 3113 5513 fore,
3146 5454 3311 5518 atque
3332 5445 3390 5501 in
3423 5443 3634 5501 tantum
3670 5476 3673 5477 ν

373 5559 481 5597 νον.
522 5542 675 5595 Ἐπεὶ
722 5543 787 5596 τό
817 5559 881 5611 γε
926 5538 1058 5615 ἧκον
1094 5545 1171 5606 εἰς
1198 5541 1331 5597 ἰδίαν
1357 5541 1537 5612 φύσιν,
1564 5542 1724 5607 αὐτός
1749 5545 1932 5597 ἐστι·θέ

2050 5546 2242 5617 gloriae
2272 5544 2548 5613 fastigium
2583 5539 2951 5604 evehendum,
2981 5545 3043 5593 ut
3065 5538 3135 5594 ab
3164 5538 3300 5610 ipsis
3335 5536 3504 5592 etiam
3539 5551 3638 5610 pa-

453 5725 501 5758 "
523 5724 664 5781 Osee
691 5740 783 5791 v11,
820 5724 908 5779 13.
1011 5725 1058 5758 ’⁸
1081 5724 1215 5780 ibid.
1261 5726 1344 5781 ιε.
1424 5726 1468 5760 ⁸⁷
1493 5727 1613 5782 Act.
1644 5741 1715 5792 ιν,
1746 5724 1831 5778 12.
1906 5727 1932 5759 9"

2032 5722 2113 5776 ta].
2151 5736 2310 5786 xuii,
2346 5718 2429 5774 15.
2509 5717 2552 5747 ⁹⁹
2582 5715 2719 5771 «han
2768 5730 2840 5783 xx,
2884 5717 2970 5771 67.
3052 5717 3386 5780 ’Joan.xru,
3414 5713 3463 5768 1.
