4074 6260
470 335 578 395 305

1494 333 1548 389 S.
1590 333 1862 389 CYRILLI
1903 333 2369 389 ALEXANDRINI
2409 333 2723 390 ARCHIEP.

3622 329 3728 386 306

475 453 725 510 rentibus
750 453 1091 518 adoraretur,
1116 451 1441 506 frendebant
1476 449 1752 514 dentibus,
1779 458 1833 502 et
1864 449 1931 503 de
1966 449 2049 502 in-

2158 452 2252 520 τῆς
2277 449 2433 521 δόξης
2460 450 2661 520 Κύριος
2687 463 2700 478 ⁸
2737 447 2836 502 κᾶν
2887 446 2936 500 εί
2988 446 3137 515 λέγοι
3171 446 3328 517 τυχὸν
3375 445 3728 517 οἰκονομικῶς

475 544 795 601 terﬁciendo
815 560 880 598 eo
895 543 1224 614 cogitarunt.
1247 540 1570 595 Exacerbati
1589 555 1718 594 vero
1737 547 1868 594 sunt
1884 539 2049 593 etiam

401 676 404 680 ι
453 633 666 698 .Judaai,
692 647 868 702 neque
891 647 1084 701 parum
1107 631 1312 695 amicti,
1339 630 1704 700 intelligentes
1725 629 2052 684 Emmanue-

385 734 388 736 ’
470 727 577 780 lcm
608 725 755 794 ipsos
787 723 954 778 etiam
983 731 1202 778 sanctos
1229 732 1410 792 patres
1440 729 1846 791 superaturum,
1872 722 2049 791 quod-

470 831 576 886 que
606 816 674 870 ab
704 815 852 870 omni
901 815 1103 885 populo
1143 813 1454 868 adorandus
1479 821 1641 878 esset,
1670 813 1780 868 imo
1809 829 1940 868 vero
1981 814 2050 868 ab

473 909 731 963 universa
762 915 929 962 terra.
972 907 1148 977 Atque
1178 907 1341 976 hujus
1382 906 1459 959 rei
1501 905 1706 960 conscii
1744 905 1999 960 dicebant
2033 924 2045 958 :

477 997 626 1054 «’Ilic
664 1007 749 1054 est
772 999 947 1053 haeres
987 1016 997 1051 :
1029 999 1232 1062 venite,
1273 997 1586 1052 occidamus
1622 1013 1770 1061 eum,
1803 1005 1858 1051 et
1883 1013 2049 1052 occu-

471 1088 1068 1162 pemus'hmreditatem
1093 1090 1331 1160 ipsius”;
1362 1109 1378 1140 ι
1425 1089 1640 1143 dicente
1680 1089 1846 1144 etiam
1889 1089 2050 1143 beato

469 1182 644 1238 David
683 1179 1294 1252 Unigenito'incarnato
1339 1197 1351 1232 :
1385 1198 1403 1230 ‹
1435 1178 1638 1234 Omnes
1683 1188 1874 1250 gentes
1916 1196 2051 1250 quas

471 1273 651 1328 fecisti
679 1274 921 1337 venient,
947 1271 1332 1326 et'adorabunt
1368 1285 1548 1325 coram
1595 1280 1666 1334 te,
1698 1270 1924 1324 Domine
1950 1271 1988 1334 1';
2025 1290 2042 1321 ι

472 1363 677 1419 alicubi
721 1378 854 1418 vero
908 1376 1128 1415 rursum
1179 1361 1346 1414 etiam
1396 1361 1638 1429 ipsorum
1680 1361 2050 1414 lsraclitarum

467 1454 737 1509 adversus
778 1451 1078 1508 Christum'
1104 1451 1367 1506 invidiam
1411 1452 1744 1522 impiamque
1790 1453 1928 1506 iram
1979 1453 2050 1507 ob

471 1543 661 1599 oculos
686 1551 922 1614 ponente
972 1553 1136 1612 atque
1161 1541 1377 1596 dicente
1406 1559 1418 1594 :
1450 1561 1467 1592 ι
1495 1542 1760 1595 Dominus
1782 1543 2048 1612 regnavit,

471 1635 780 1690 irascantur
807 1634 992 1704 populi
1019 1633 1060 1685 ⁸.
1090 1651 1108 1682 ›
1129 1631 1284 1686 Satis
1318 1631 1502 1699 itaque
1533 1631 1742 1684 crudeli
1777 1640 1939 1700 atque
1965 1632 2050 1684 in-

471 1723 681 1779 domita
711 1725 1026 1779 Iudaeorum
1061 1721 1268 1775 invidia
1302 1732 1539 1785 ostensa,
1565 1729 1873 1790 opportune
1901 1721 2051 1776 dica-

2151 543 2239 598 διὰ
2267 547 2363 615 τὴν
2405 548 2542 617 πρὸς
2574 546 2720 616 ἡμᾶς
2765 544 3040 613 ὁμοίωσιν·
3078 561 3094 592 ι
3136 543 3353 612 Πάτερ,
3384 541 3605 606 δόξασόν
3633 557 3728 594 σου

2151 633 2245 688 τὸν
2280 634 2430 689 Υἱόν.
2476 655 2493 685 ι
2526 633 2904 706 Παρεθήγοντο
2935 633 3000 702 δὴ
3029 627 3123 685 οὖν
3157 633 3236 694 είς
3265 631 3439 694 λύπας
3469 633 3518 683 οἱ
3547 633 3611 684 ὲκ
3643 631 3730 684 θε-
3775 639 3779 645 “

2155 726 2454 796 ραπαινῶν,
2484 727 2566 795 ἐφ’
2594 721 2673 788 οἷς
2695 724 2831 795 ἔφην
2861 725 3082 794 ἀρτίως.
3117 723 3228 776 Καὶ
3252 723 3387 792 πρός
3418 740 3480 791 γε
3512 724 3576 792 δὴ
3605 723 3729 776 τού-

2151 833 2282 880 τοις,
2313 816 2544 869 ὕποπτοι
2589 816 2844 884 γεγόνασι
2877 815 2964 869 διὰ
2994 815 3094 885 τὴν
3153 813 3261 866 τῶν
3305 813 3570 866 ἐνυπνίων
3623 816 3731 882 ἀφ·-

2154 909 2374 978 ήγησιν.
2397 907 2978 979 Προαναμανθάνοντες
2992 907 3124 977 γὰρ,
3142 907 3216 970 ὠς
3230 906 3384 960 αὐτοὶ
3403 907 3499 978 μὲν
3519 906 3729 960 ἔσονται

2153 1000 2294 1053 κατά
2341 1001 2569 1070 καιροὺς
2621 999 2726 1052 ὑπὸ
2773 999 2961 1063 πόδας,
3011 999 3106 1052 καὶ⁴
3161 998 3534 1068 προσκυνηταί
3576 1012 3590 1026 ·
3619 999 3729 1051 ea:

2153 1088 2271 1140 λίαν
2309 1088 2373 1159 δὴ
2415 1089 2819 1160 ὑπερκείσεται,
2855 1089 2947 1142 καὶ
2981 1090 3060 1151 είς
3102 1087 3260 1141 τοῦτο
3302 1088 3459 1158 δόξης
3501 1089 3731 1159 ἀναδρα-

2156 1183 2336 1251 μεῖται
2365 1181 2569 1245 λοιπὸν,
2612 1181 2687 1244 ὡς
2723 1181 2817 1234 καὶ
2845 1182 3028 1244 αὐτοῖς
3073 1179 3326 1249 γενέσθαι
3355 1183 3730 1250 προσκυνητὺν

2150 1276 2262 1335 τοῖς
2288 1272 2672 1342 γεγεννηκὸσιν
2701 1287 2714 1302 °
2769 1273 3052 1344 ὲπέτριζον
3099 1272 3198 1341 ἤδη
3232 1268 3363 1334 τνὺς
3394 1271 3615 1334 ὀδόντας
3637 1272 3732 1324 αὺ-

2151 1364 2279 1426 τῶν,
2311 1363 2404 1416 καὶ
2435 1362 2534 1425 τάς
2566 1365 2663 1416 ἐπὶ
2698 1363 2758 1415 τὸ
2788 1363 2982 1433 χρῆναι
3030 1364 3199 1432 φονᾷν
3243 1362 3572 1431 είσεδέχοντο
3601 1361 3731 1429 γνὼ-

2157 1473 2282 1524 μας.
2313 1453 2696 1524 Παρωξύνοντο
2735 1455 2792 1507 δὲ
2828 1455 2921 1507 καὶ
2944 1455 2992 1506 οἱ
3021 1454 3284 1518 Ἰουδαῖοι,
3309 1453 3406 1506 καὶ
3433 1452 3729 1524 λελύπηντο

2153 1545 2214 1596 οὐ
2245 1544 2480 1613 μικρῶς,
2515 1543 2877 1614 μανθάνοντες
2903 1545 3096 1598 ὃτικαὶ
3127 1544 3322 1606 αὐτοὺς
3348 1543 3729 1614 ὑπερκείσεται

2153 1635 2278 1696 τοὺς
2309 1634 2494 1702 ἁγίους
2521 1635 2772 1704 Πατέρας
2789 1637 2816 1688 6
2839 1635 3206 1704 Ἐμμανουὴλ,
3233 1633 3327 1688 καὶ
3356 1632 3731 1704 προσκυνητός

2157 1725 2308 1778 ἔσται
2339 1727 2504 1780 παντὶ
2537 1725 2613 1796 τῷ
2660 1725 2794 1796 λαῷ,
2827 1727 3026 1796 μᾶλλον
3055 1727 3112 1780 δὲ
3157 1727 3346 1796 ἁπάσῃ
3376 1728 3442 1796 τῇ
3484 1727 3576 1794 γῇ.
3621 1722 3732 1776 Καὶ

471 1831 596 1870 mus
637 1813 1003 1869 intolerabilia
1042 1819 1097 1867 et
1127 1811 1542 1882 sanguinolenta
1576 1811 1840 1876 facinora,
1875 1811 2052 1866 unde-

2158 1817 2311 1870 τοῦτο
2344 1821 2614 1881 συνιέντες
2647 1818 2883 1886 ἔφασκον
2905 1835 2918 1849 ⁸
2949 1813 3114 1880 Οὗτός
3139 1820 3288 1870 ἐστιν
3318 1819 3346 1871 6
3375 1815 3730 1886 κληρονόμος,

473 1921 690 1976 quaque
719 1905 1004 1960 historiam
1041 1912 1331 1968 sectantes,
1362 1910 1525 1973 atque
1562 1903 1618 1956 in
1651 1902 1827 1971 ipsum
1867 1903 2049 1956 incar-

2152 1903 2305 1956 δεῦτε
2335 1903 2738 1973 ἀποκτείνωμεν
2760 1903 2940 1969 αὑτὸν,
2969 1904 3062 1956 καί⁵
3089 1903 3450 1975 κατάσχωμεν
3476 1904 3574 1975 τὴν
3600 1905 3729 1975 κλη-

473 1995 714 2049 nationis
730 1995 1006 2066 Unigeniti
1023 2009 1248 2065 scopum
1275 2002 1643 2048 recurrentes.
1660 1993 1892 2048 Deducit
1907 1992 2054 2049 enim

2158 1994 2411 2064 ρονομίαν
2432 1991 2615 2046 αὑτοῦ·
2651 2014 2669 2046 ι
2705 1995 2880 2047 καίτοι
2903 1993 2995 2046 τοῦ
3022 1993 3290 2065 μακαρίου
3311 1993 3473 2046 Δασὶδ
3493 1994 3730 2061 ἀναφαν-

473 2103 581 2142 nos
603 2102 671 2142 ΕΟ
701 2101 900 2141 sermo.

2158 2085 2237 2140 δὺν
2285 2084 2533 2153 λέγοντος
2562 2085 3006 2157 ὲνηνθρωπηκότι
3037 2085 3113 2156 τῷ
3139 2087 3452 2154 Μονογενεῖ’
3487 2105 3505 2136 ‹
3545 2084 3731 2137 Πάντα

474 2179 543 2232 τά
589 2177 714 2249 ἔθνη
764 2178 865 2232 ὅσα
903 2178 1186 2248 ἐποίησας,
1217 2176 1406 2248 ἥξουσι
1445 2177 1540 2231 καὶ
1583 2175 2052 2246 προσκυνήσουσιν
2090 2175 2318 2230 ἐνώπιόν
2362 2193 2477 2242 σου,
2545 2175 2720 2248 Κύριε
2753 2191 2766 2204 ’
2810 2195 2828 2228 ι
2875 2176 3062 2230 ἄλλοτε
3095 2177 3138 2229 δ’
3170 2174 3236 2229 αὖ
3264 2176 3356 2230 καὶ
3383 2173 3560 2228 αὐτῶν
3623 2172 3733 2226 τῶν

476 2271 536 2337 ἐξ
578 2269 793 2343 Ἰσραὴλ
830 2269 920 2323 τὸν
949 2271 1044 2324 ἐπὶ
1072 2268 1292 2342 Χριστῷ
1335 2270 1528 2338 φθόνον
1574 2269 1668 2322 καὶ
1731 2269 1830 2337 τὴν
1894 2267 2113 2320 ἀνοσίαν
2152 2269 2318 2340 ὀργὴν
2348 2269 2632 2338 καταφανῆ
2677 2267 2917 2332 τιθέντος
2947 2271 3040 2320 καὶ
3066 2269 3333 2336 λέγοντος⁸
3379 2287 3397 2318 ι
3437 2267 3495 2319 'U
3528 2264 3733 2335 Κύριος

478 2363 850 2428 ἐϐασίλευσεν,
881 2363 1287 2433 όργιζέσθωσαν
1328 2363 1467 2416 λαοί.
1503 2381 1521 2413 ι
1564 2359 1954 2431 Ἀποχρώντως
1985 2359 2050 2431 δὴ
2085 2356 2177 2414 οὖν
2209 2362 2299 2414 τὸν
2342 2362 2524 2432 ἀπηνῆ
2593 2361 2686 2414 καὶ
2731 2360 3023 2415 ἀτίθασσον
3061 2361 3168 2413 τῶν
3219 2359 3488 2412 Ἰουδαίων
3558 2371 3722 2408 κατα·

471 2451 749 2517 ’δείξαντες
777 2451 992 2521 φθόνον,
1023 2453 1114 2504 ἐπὶ
1159 2451 1347 2521 καιροῦ
1385 2451 1635 2522 λέγω-μεν
1660 2451 1727 2503 τὰ
1754 2447 2016 2502 δύσοιστά
2043 2467 2103 2502 τε
2142 2450 2235 2503 καὶ
2267 2453 2526 2520 μιαιφόνα
2564 2451 2910 2521 τολμήματα,
2943 2453 3189 2521 πανταχῆ
3235 2451 3325 2504 τὸν
3356 2451 3453 2520 τῆς
3493 2449 3734 2519 ἱστορίας

482 2542 904 2613 παραθλίὸοντες
937 2542 1113 2610 λόγον,
1143 2542 1236 2595 καὶ
1269 2543 1348 2605 είς
1375 2541 1667 2610 αὐτὸντῆς
1705 2540 2166 2612 ὲνανθρωπήσεως
2199 2540 2293 2593 τοῦ
2362 2541 2700 2611 Μονογενοῦς
2748 2541 3064 2607 ἀναθέοντες
3128 2543 3218 2596 τὸν
3282 2543 3503 2596 σκοπόν.
3577 2542 3741 2593 Ἀνα-

475 2634 698 2705 κομίζει
737 2633 845 2705 γὰρ
880 2627 1038 2695 αὖθις
1063 2632 1142 2695 είς
1167 2630 1323 2685 τοῦτο
1357 2633 1505 2702 ἡμᾶς
1534 2632 1562 2684 6
1593 2630 1767 2698 λόγος.
2865 2639 2873 2645 ·

549 2728 602 2782 5.
624 2726 822 2796 Joseph
844 2726 1060 2795 quidem
1089 2725 1262 2795 patris
1286 2725 1368 2778 sui
1391 2725 1543 2795 jussu
1573 2724 1628 2778 in
1647 2724 1868 2778 Sichem
1890 2723 2055 2794 profl-

2236 2729 2296 2774 ε’.
2344 2720 2502 2773 ’ἰέναι
2539 2721 2637 2791 μὲν
2670 2722 2778 2794 γὰρ
2807 2725 2864 2776 ὲν
2891 2724 3063 2794 Σιχὲμ
3089 2724 3178 2777 τὸν
3205 2723 3491 2780 θεσπέσιον
3535 2726 3740 2800 Ἰωσὴφ

465 2820 726 2882 'ciscitur,
752 2817 1127 2872 sciscitaturus
1157 2831 1226 2870 an
1254 2815 1490 2879 valeant,
1525 2823 1687 2884 atque
1714 2814 1809 2868 ubi
1837 2823 1892 2868 et
1917 2829 2055 2883 quo-

2162 2814 2222 2866 τδ
2250 2811 2342 2866 τοῦ
2383 2812 2585 2881 πατρὸς
2613 2815 2893 2867 ἀναπείθει
2919 2815 3252 2885 πρόσταγμα
3273 2857 3287 2879 ,
3321 2818 3480 2886 εἴπερ
3505 2821 3646 2871 εἰσὶν
3677 2824 3740 2874 ὲν

480 2911 644 2965 modo
670 2917 894 2980 pascant
935 2907 1152 2962 fratres.
1195 2907 1315 2976 Ipse
1343 2922 1473 2960 vero
1493 2906 1639 2971 abit,
1671 2921 1744 2960 ac
1772 2905 2055 2960 difﬁculter

2163 2903 2506 2974 εὐρωστίαις,
2540 2906 2634 2957 καὶ
2673 2904 2796 2957 ὅποι
2818 2906 2948 2958 ποτὲ
2978 2908 3072 2959 καὶ
3114 2908 3233 2960 τίνα
3279 2909 3342 2978 δὴ
3378 2911 3576 2979 τρόπον
3616 2913 3740 2964 6m-

480 3018 578 3058 cos
609 3001 838 3064 invenit,
875 3015 982 3054 non
1022 2998 1243 3069 quidem
1279 2999 1332 3051 in
1361 2997 1600 3059 Sichem,
1634 3004 1690 3050 at
1715 2997 1897 3066 potius
1921 3013 2052 3066 pro-

464 3097 655 3151 ’fectos
684 3095 738 3148 in
778 3093 1048 3148 Dothaim.
1092 3091 1265 3146 Simul
1301 3098 1465 3160 atque
1499 3104 1630 3145 vero
1669 3089 2054 3144 adventantem

483 3183 782 3254 conspicati
811 3190 956 3246 sunt,
980 3181 1227 3236 odiosum
1254 3180 1388 3250 ipsis
1411 3187 1466 3234 et
1495 3194 1714 3249 gravem
1740 3179 1942 3245 rident,
1968 3180 2055 3233 di-

471 3283 670 3331 centes
693 3293 706 3327 :
742 3293 760 3324 ι
786 3274 925 3327 Ecce
945 3273 1242 3326 somniator
1264 3271 1354 3324 ille
1377 3270 1526 3323 venit
1547 3270 1587 3322 ⁵.
1619 3288 1636 3320 ι
1664 3268 1909 3338 Cumque
1929 3284 2056 3322 eum

485 3364 797 3420 interficere
827 3361 1161 3424 statuissent,
1194 3359 1448 3429 prohibet
1481 3359 1694 3412 Ruben.
1721 3359 2058 3413 Dimiserunt

466 3456 669 3523 'itaque
701 3453 758 3505 in
789 3465 950 3504 unam
988 3451 1300 3511 cisternam,
1326 3447 1613 3501 consilium
1645 3446 1837 3500 Ruben
1867 3461 2057 3515 asper-

485 3551 701 3599 nantes.
745 3541 931 3610 Neque
971 3541 1142 3592 multo
1169 3546 1310 3608 post,
1339 3537 1595 3592 eductum
1633 3537 1890 3606 juvenem
1917 3552 1947 3591 e
1975 3537 2055 3590 ci-

485 3642 676 3691 sterna
711 3631 1074 3704 vendiderunt
1107 3628 1394 3683 lsmaelitis
1431 3629 1486 3682 in
1517 3626 2056 3698 Egyptum'proﬁci-

487 3725 786 3782 scentibus.
824 3723 1014 3778 Ruben
1037 3737 1332 3778 vero-cum
1358 3720 1422 3774 ad
1456 3721 1744 3774 cisternam
1771 3719 2053 3783 rediisset,

484 3834 665 3890 neque
724 3817 982 3888 juvenem
1031 3814 1367 3885 reperisset,
1431 3822 1705 3864 mortuum
1757 3812 1874 3881 ‘jam
1925 3826 2056 3865 cre-

454 3910 624 3967 'dens
695 3917 856 3978 atque
925 3907 993 3960 ab
1050 3905 1233 3975 impiis
1311 3902 1600 3957 homicidis
1669 3901 2055 3964 interfectum,

489 3999 868 4058 molestissime
910 3997 963 4051 id
998 3998 1139 4051 tulit.
1184 3995 1250 4048 Et
1286 3994 1486 4063 Joseph
1527 3992 1749 4062 quidem
1789 3990 2057 4045 abductus

479 4104 566 4150 est
603 4094 658 4149 In
701 4092 1009 4162 Egyptum.
1051 4090 1210 4142 Pater
1242 4101 1368 4140 vcro
1411 4084 1567 4147 luxit,
1603 4085 1887 4152 multoque
1917 4089 2056 4136 tem-

488 4201 623 4255 pore
692 4181 1096 4236 maestissimam
1170 4177 1336 4229 vitam
1407 4175 1534 4244 egit.
1609 4175 1804 4228 Missus
1875 4181 2057 4227 autem

487 4284 572 4332 est
629 4291 658 4328 a
715 4274 827 4327 Deo
885 4287 948 4324 ac
985 4271 1143 4322 Patre
1193 4269 1307 4336 ipse
1349 4265 1611 4319 Dominus
1661 4273 1846 4318 noster
1904 4265 2062 4318 Jesus

490 4366 786 4426 Christus,
868 4369 930 4415 ut
993 4359 1300 4428 exploraret
1389 4354 1663 4408 lsraelitas
1735 4369 1804 4407 an
1881 4353 2063 4406 adhuc

493 4455 648 4528 ιρι
665 4453 896 4509 sanitate
911 4448 1125 4521 praediti
1148 4455 1350 4511 essent,
1372 4442 1727 4500 intellectuali
1753 4441 2011 4498 nimirum
2044 4458 2056 4493 :

489 4547 730 4615 itemque
782 4558 850 4597 an
901 4555 1032 4596 oves
1069 4539 1202 4609 ipsis
1227 4536 1538 4592 commissae
1561 4534 1617 4588 in
1644 4534 1803 4589 bonis
1845 4532 2063 4603 pascuis

487 4643 859 4696 versarentur,
895 4646 1069 4701 neque
1095 4637 1375 4700 pastorum
1405 4642 1538 4682 cura
1554 4625 1829 4680 destitutae
1855 4631 2060 4679 essent.

487 4728 757 4784 Caeterum
789 4723 984 4777 fratres
1017 4719 1224 4774 inventi
1260 4726 1405 4782 sunt,
1450 4733 1560 4771 non
1588 4717 1644 4769 in
1685 4715 1924 4780 Sichem,
1962 4715 2062 4769 sed

491 4822 546 4874 in
607 4817 879 4874 Dothaim.
923 4813 1139 4868 Sicbem
1182 4810 1572 4880 interpretatur
1621 4809 1885 4860 humerus.
1946 4805 2064 4859 Hoc

491 4917 672 4964 autem
705 4905 1010 4962 membrum
1032 4902 1246 4972 signum
1274 4906 1357 4954 est
1387 4897 1698 4968 diligentiae.
1731 4896 1893 4951 Sacra
1916 4894 2063 4949 enim

489 5000 771 5070 Scriptura
798 4995 1071 5052 interdum
1100 5007 1199 5064 pro
1229 4991 1446 5053 robore,
1482 4988 1755 5043 interdum
1783 5003 1882 5057 pro
1902 5002 2064 5056 opere

488 5094 637 5150 hunc
677 5100 862 5162 typum
905 5095 1152 5156 usurpat,
1192 5091 1254 5138 ut
1300 5080 1432 5136 illud
1465 5097 1476 5133 :
1516 5099 1534 5131 ι
1564 5081 1640 5134 Da
1689 5094 1784 5134 cor
1819 5087 1973 5132 tuum
2008 5077 2064 5130 in

486 5184 750 5240 humeros
777 5183 818 5245 ‘,
850 5202 867 5232 ν
889 5179 995 5234 hoc
1012 5185 1115 5241 est,
1150 5177 1207 5230 in
1235 5173 1474 5230 studium
1504 5170 1785 5241 operandi.
1813 5169 2064 5223 Dothaim

490 5285 672 5331 autem
713 5274 1108 5342 interpretatur
1142 5267 1356 5336 defectio
1388 5280 1600 5333 magna.
1636 5261 1892 5316 Israelita:
1936 5276 2066 5331 ergo

489 5365 815 5436 deprehensi
867 5371 1015 5426 sunt,
1056 5376 1166 5414 non
1208 5357 1429 5429 quidem
1469 5355 1660 5408 dantes
1693 5366 1914 5422 operam
1951 5352 2066 5404 vir-

491 5462 612 5521 tuti,
639 5474 819 5528 neque
853 5457 919 5510 iis
952 5471 1072 5524 quae
1110 5455 1196 5507 lex
1231 5451 1446 5520 probat,
1478 5446 1574 5502 sed
1605 5446 1659 5499 in
1688 5461 1880 5514 magna
1903 5443 2065 5514 justi-

491 5550 577 5602 πίω
606 5557 768 5618 atque
803 5549 937 5600 adeo
973 5545 1151 5600 omnis
1202 5541 1474 5612 aequitatis
1520 5537 1842 5593 defectione.
1879 5537 2066 5605 Neque

561 5728 584 5758 ⁸
605 5725 771 5781 Marc.
799 5739 892 5787 ιιι,
928 5723 980 5775 7.

2158 2993 2541 3064 ποιμαίνουσιν
2595 2994 3000 3066 ὲποπτεύσηται
3057 2997 3184 3060 τοὺς
3223 2997 3502 3066 ἀδελφούς.
3566 3001 3622 3054 Ὀ
3679 3003 3736 3055 δὲ

2157 3084 2343 3138 ἄπεισι
2375 3085 2494 3156 μὲν,
2524 3085 2769 3157 εὑρίσκει
2797 3085 2853 3138 δὲ
2888 3086 3061 3156 μόλις,
3088 3087 3286 3156 ἥκιστα
3321 3089 3420 3159 μὲν
3450 3092 3507 3142 έν
3537 3093 3735 3164 Σιχὲμ,

2155 3179 2580 3248 κατοιχομένους
2637 3178 2696 3230 δὲ
2746 3178 2944 3249 μᾶλλον
3003 3181 3082 3242 είς
3128 3179 3354 3250 Δοθαῖμ.
3416 3181 3505 3245 Ὠς
3565 3183 3623 3236 δὲ
3669 3186 3736 3256 δὴ

2159 3269 2451 3340 προσιόντα
2477 3269 2780 3334 τεθέανται,
2817 3271 3012 3341 πικρὸν
3058 3271 3154 3324 καὶ¹
3183 3273 3574 3343 ἀπηχθημένον
3613 3294 3737 3345 μει-

2157 3359 2332 3424 διῶσι,
2361 3360 2629 3428 λέγοντες·
2675 3381 2693 3412 ι
2739 3362 2845 3415 Ἴδε
2873 3361 2902 3412 6
2940 3363 3300 3432 ὲνυπνιαστὴς
3338 3365 3544 3429 ἐκεῖνος
3571 3365 3736 3437 ἔρχε-

2157 3466 2268 3501 ται.
2305 3468 2323 3500 ι
2360 3451 2767 3521 Διαχρήσασθαι
2797 3451 2851 3504 δὲ
2884 3451 3237 3522 βουλομένους
3284 3454 3541 3524 ἀπείργει
3575 3457 3680 3525 μὲν
3710 3460 3737 3509 6

2171 3541 2426 3611 Ῥουϐείμ
2449 3559 2462 3574 ·
2501 3543 2758 3595 καθίεσαν
2781 3543 2824 3595 δ’
2845 3539 2936 3596 οὖν
2974 3545 3054 3606 εἰς
3086 3544 3181 3596 ’ένα
3218 3548 3328 3600 τῶν
3363 3545 3600 3610 λάκκων,
3638 3551 3737 3602 καί

2158 3633 2256 3702 τῆς
2288 3632 2380 3684 τοῦ
2427 3633 2681 3702 Ῥουϐε¹ιμ
2724 3633 3034 3704 συμϐουλῆς
3075 3633 3461 3706 ἀλογήσαντες.
3497 3637 3635 3691 Μετ’
3675 3641 3735 3692 οὐ

2162 3724 2296 3777 πολὺ
2337 3723 2393 3776 δὲ
2433 3723 2526 3777 τοῦ
2562 3726 2767 3777 λάκκου
2803 3725 2894 3780 τὸν
2919 3726 3135 3781 νεανίαν
3162 3728 3588 3798 ἀνιμησάμενοι,
3617 3735 3737 3795 τοῖς

2173 3816 2541 3887 Ἲσμαηλίταις
2591 3817 2854 3870 ἀπέδοντο
2901 3817 3321 3871 καταϐαίνουσιν
3372 3822 3452 3884 είς
3491 3821 3592 3890 τὴν
3633 3824 3738 3876 Δί-

2159 3907 2423 3975 γυπτίων.
2479 3909 2885 3979 ’Υπονοστήσας
2917 3927 2981 3977 γε
3024 3911 3130 3980 μὴν
3189 3912 3280 3964 ἐπὶ
3319 3912 3408 3964 τὸν
3460 3912 3667 3967 λάκκον
3709 3915 3739 3966 6

2171 3998 2451 4068 Ῥουῦεὶμ,
2485 3993 2605 4052 εἶτα
2635 3999 2696 4052 τὸ
2729 4001 3015 4072 μειράκιον
3047 4003 3144 4071 οὺχ
3179 4003 3375 4073 εὑρὼν,
3413 4004 3738 4060 ὲκτεθνάναι

2159 4087 2215 4141 δὲ
2240 4087 2340 4158 ἤδη
2371 4088 2598 4158 νομίσας
2621 4129 2634 4152 ,
2672 4088 2831 4160 ἔργον
2874 4107 2933 4142 τε
2965 4090 3215 4156 γενέσθαι
3257 4093 3355 4160 τῆς
3382 4091 3490 4144 τῶν
3525 4091 3738 4161 φονῶν-

2161 4196 2268 4230 των
2331 4179 2715 4251 ἀνοσιότητος,
2768 4179 3166 4252 δεδυσφόρηκεν
3217 4182 3277 4233 οὐ
3347 4182 3560 4252 μικρόν.
3619 4185 3739 4236 Καὶ

2093 4247 2136 4300 D
2165 4268 2509 4339 ἀπεκομίσθη
2561 4247 2658 4339 μὲν
2719 4247 3386 4340 ’ῘωσὴφνείςνΑῖγυπτονο
3427 4247 3738 4342 τεθρήνηκε

2161 4358 2218 4410 δὲ
2247 4360 2275 4410 6
2316 4360 2516 4431 πατὴρ,
2548 4363 2640 4412 καὶ
2671 4362 2831 4432 μέχρι
2875 4361 3069 4414 πολλοῦ
3101 4364 3455 4433 κατοιμὼζων
3483 4363 3731 4416 διετέλει.

2175 4449 2477 4518 Ἀπεστάλη
2509 4450 2564 4502 δὲ
2609 4451 2758 4520 παρά
2790 4452 2881 4504 τοῦ
2908 4452 3043 4505 Θεοῦ
3077 4453 3170 4506 καὶ
3208 4454 3419 4524 Πατρός
3449 4454 3542 4507 καὶ
3571 4455 3740 4517 αὐτὸς

2161 4542 2190 4592 ὁ
2227 4540 2430 4610 Κύριος
2452 4541 2607 4611 ἡμῶν
2647 4542 2852 4612 Ἰησοῦς
2875 4545 3125 4614 Χριστὸς,
3152 4545 3580 4614 ἐπισκεψόμενος
3604 4547 3738 4607 τοὺς

2163 4631 2223 4696 ὲξ
2275 4633 2513 4704 Ἰσραὴλ,
2554 4634 2601 4684 εί
2643 4633 2977 4686 διατελοῦσιν
3010 4639 3065 4686 ἐν
3105 4636 3459 4705 εὑρωστίαις,
3485 4636 3646 4705 δῆλον
3680 4637 3740 4688 δὲ

2161 4724 2378 4787 ὃτιταῖς
2401 4726 2650 4794 νοηταῖς,
2700 4727 2793 4776 καὶ
2834 4728 2881 4778 εί
2915 4727 3219 4796 μεμένηκεν
3265 4729 3321 4780 έν
3361 4727 3509 4797 καλῷ
3537 4725 3606 4779 τὰ
3640 4727 3738 4779 ὑπ’

2165 4814 2362 4877 αὐτοὺς
2391 4813 2706 4885 θρέμματα,
2743 4815 2842 4885 τῆς
2865 4817 2972 4868 τῶν
3002 4817 3273 4887 ποιμένων
3299 4818 3596 4879 ἐπιεικείας
3633 4818 3740 4869 οὐκ

2164 4905 2633 4974 ἀπομοιρήσαντα.
2675 4904 2812 4956 Ἀλλ’
2853 4903 3111 4976 εὕρηνται
3146 4908 3242 4976 μὲν
3292 4908 3392 4960 οὐκ
3439 4909 3498 4961 ὲν
3537 4906 3736 4976 Σιχὲμ,

2164 4995 2277 5048 ἀλλ’
2327 4997 2384 5046 ἐν
2424 4995 2649 5065 Δοθαῒμ.
2701 4996 2763 5048 Ἦ
2809 4997 2978 5066 Σιχὲμ
3019 4993 3177 5066 ὦμος
3218 4999 3596 5068 ἑρμηνεύεται.
3629 4998 3739 5067 Ση-

2169 5088 2318 5155 μεῖον
2342 5085 2386 5138 δ’
2422 5087 2486 5139 ἂν
2519 5089 2729 5154 γένοιτο
2759 5087 3042 5158 φιλεργίας
3069 5090 3127 5142 τὸ
3164 5090 3343 5160 μέλος.
3379 5089 3738 5142 Κατείθισται

2165 5177 2273 5245 γάρ
2318 5195 2432 5240 πως
2487 5180 2519 5249 ἡ
2569 5178 2922 5242 θεόπνευστος
2955 5181 3178 5250 Γραφὴ,
3225 5181 3354 5232 ποτὲ
3403 5181 3501 5250 μὲν
3559 5181 3735 5249 ἰσχὺν,

2167 5269 2296 5320 ποτὲ
2329 5267 2384 5320 δὲ
2439 5270 2517 5330 είς
2559 5267 2722 5338 ἔργου
2758 5269 2927 5324 τύπον
2969 5271 3237 5324 ποιεῖσθαι
3275 5272 3366 5324 τὸν
3406 5266 3573 5342 ὦμον.
3606 5265 3738 5323 Οἷον

2170 5360 2340 5412 ἐκεῖνό
2366 5378 2545 5430 φαμεν
2570 5361 2650 5426 τὸ,
2680 5381 2698 5413 ι
2729 5363 2826 5425 Δὸς
2847 5363 3070 5433 καρδίαν
3104 5380 3196 5416 σου
3226 5367 3304 5427 εἰς
3331 5365 3456 5426 τοὺς
3481 5363 3687 5433 ὤμους,
3713 5382 3733 5410 ³

2168 5451 2460 5514 τουτέστιν,
2503 5454 2582 5514 είς
2615 5453 2912 5524 φιλεργίαν.
2935 5453 3139 5524 Δοθαῒμ
3165 5456 3221 5507 δὲ
3246 5455 3426 5520 πάλιν,
3461 5456 3740 5521 ἔκλειψις

2167 5544 2362 5611 ἱκανή.
2404 5544 2834 5617 Κατελήφθησαν
2875 5547 3051 5600 τοίνυν
3085 5550 3132 5600 οἱ
3180 5547 3236 5612 ἐξ
3283 5547 3637 5618 Ίσραὴλ,οὑκ
3679 5548 3740 5599 δν

1062 5722 1081 5753 ³
1111 5720 1251 5774 Psal.
1274 5734 1462 5785 Lxxxv,
1501 5717 1553 5772 9.
1632 5718 1652 5751 ‘
1685 5716 1824 5772 Psal.
1850 5733 2027 5781 xcvm,
2063 5716 2110 5769 l.
2189 5717 2208 5748 ⁵
2242 5715 2376 5770 Gen.
2413 5731 2607 5781 xxxvii,
2641 5715 2726 5769 20.
2805 5719 2824 5750 ⁸
2849 5719 3050 5775 Jercn‘.
3095 5734 3235 5783 xm,
3264 5718 3344 5778 2|.
