4074 6260
293 404 398 462 305

1305 401 1825 481 GLAPHYRORUM
1864 405 1933 462 IN
1971 405 2274 464 GENESIM
2314 406 2445 464 LIB.
2490 407 2574 463 \‘l.

3468 412 3572 471 2306

295 512 614 585 φιλεργίαις
640 510 795 574 δντες
829 512 948 574 ταῖς
971 510 1047 575 εἰς
1078 511 1312 585 ἀρετὴν,
1347 512 1472 569 οὑτε
1507 515 1616 587 μὴν
1644 517 1702 569 ὲν
1736 516 1880 570 εὑδο-

1995 518 2129 575 :nim
2158 529 2280 576 erat
2326 538 2346 573 ι
2389 520 2476 574 vel
2523 534 2667 574 unus
2699 520 2900 591 justus,
2939 535 3041 589 nec
3073 528 3190 577 erat
3238 522 3333 592 qui
3367 520 3576 576 faceret

296 606 568 676 κιμήσεσι
617 603 741 666 ταῖς
790 602 931 656 κατὰ
982 603 1070 657 τόν
1119 604 1312 675 νόμον,
1363 605 1481 659 ἀλλ’
1539 609 1598 660 ιν
1637 606 1878 676 ἐκλείψει

299 695 501 767 πολλῇ,
534 692 878 766 δικαιοσύνης
906 695 1143 766 δηλονότι
1178 698 1274 750 καὶ
1307 697 1527 770 ἀπάσης
1554 698 1877 763 ἐπιεικείας.

304 787 383 840 Οὑ
409 785 525 853 γὰρ
544 778 613 855 ἦν
646 803 665 836 ι
698 784 899 849 δίκαιος
939 786 1059 840 οὑδὲ
1086 780 1185 853 εἷς,
1217 788 1319 841 οὑκ
1345 784 1415 860 ἦν
1443 789 1615 843 ποιῶν
1646 791 1881 862 χρηστό⁹

310 894 483 947 τητα,
511 876 608 930 οὑκ
643 872 710 949 ἦν
747 878 850 942 ἕως
882 878 1003 942 ἑνός
1028 895 1042 910 ο
1080 897 1100 930 ι
1134 879 1274 943 ἀλλ’,
1309 879 1387 945 ὡς
1414 880 1549 944 Θεός
1585 881 1690 935 πού
1742 898 1879 953 φησι

316 969 403 1023 διὰ
430 970 524 1040 τῆς
548 970 638 1024 τοῦ
669 972 954 1042 προφήτου
985 970 1191 1042 φωνῆς,
1226 971 1394 1043 μόνην
1422 972 1573 1044 αὑτῷ
1599 973 1881 1045 προσῆγον

317 1062 411 1131 τὴν
436 1060 539 1115 ἀπὸ
560 1061 801 1131 γλώττης
832 1062 1024 1134 τιμὴν,
1052 1064 1143 1117 τὸν
1172 1062 1299 1116 νοῦν
1340 1063 1568 1134 ἑτέρωθι
1606 1064 1882 1136 μεταστή-

313 1171 516 1221 σαντες,
541 1156 634 1209 καὶ
670 1156 767 1210 τοῦ
803 1158 1004 1228 χρῆναι
1036 1155 1280 1229 πληροῦν
1302 1155 1374 1210 τά
1399 1156 1762 1228 νενομισμένα
1793 1156 1883 1211 διὰ

303 1247 575 1314 Μωσέως,
610 1248 804 1321 πόρρω
847 1265 955 1302 που
1004 1250 1445 1321 μετοικισάμενοι
1490 1251 1589 1322 τὴν
1627 1249 1879 1321 καρδίαν.

294 1339 662 1410 Προσέκειντο
678 1342 791 1411 γάρ
810 1340 1004 1413 μόναις
1014 1340 1407 1407 διδασκαλίαις,
1435 1342 1529 1396 καὶ
1550 1341 1882 1412 ὲντάλμασιν

298 1429 629 1502 ἀνθρώπων.
690 1432 834 1485 Ἀλλ’
891 1432 1212 1501 ἐπέγνωσαν
1282 1433 1378 1503 μὲν
1440 1433 1686 1505 παρόντα
1743 1432 1884 1504 μετὰ

303 1521 507 1593 σαρκὸς
549 1522 645 1575 τὸν
692 1523 1076 1594 ἠγαπημένον,
1117 1523 1214 1576 τὸν
1252 1523 1437 1594 νοητὸν
1475 1524 1696 1595 Ἰωσήφ.
1722 1523 1881 1594 ,Ἔφη

302 1611 416 1684 γάρ
445 1614 475 1665 6
516 1612 791 1683 μακάριος
834 1612 1230 1686 εὑαγγελιστὴς
1284 1615 1556 1687 Ἰωάννης,
1588 1616 1737 1678 ὅπως
1784 1614 1886 1685 μέν

307 1718 391 1755 τοι
423 1702 520 1755 καὶ
563 1721 583 1754 ι
616 1704 680 1755 ὲκ
724 1703 833 1757 τῶν
888 1704 1164 1776 ἀρχόντων
1213 1706 1397 1760 πολλοὶ
1437 1706 1768 1761 ἐπίστευσαν
1803 1708 1888 1770 εἰς

234 1848 245 1859 κ
314 1794 502 1862 αὑτὸν,
538 1794 673 1849 ἀλλὰ
709 1795 798 1849 διὰ
826 1797 952 1861 τοὺς
992 1798 1317 1869 Φαρισαίους
1357 1800 1457 1870 οὑχ
1493 1798 1827 1870 ὡμολόγουν.
1861 1816 1880 1850 ι

1980 605 2296 674 bonum,ne
2329 622 2474 663 unus
2500 607 2725 678 quidem
2758 609 2801 663 ⁷.
2844 627 2861 661 ι
2890 608 2998 671 Sed
3029 611 3171 667 sicut
3193 612 3336 669 Deus
3371 610 3575 667 alicubi

1980 711 2081 768 per
2103 712 2295 753 vocem
2315 697 2599 769 propheta:
2637 699 2731 767 ait,
2772 699 3144 759 exhibuerunt
3168 702 3222 758 ei
3259 703 3435 759 solum
3472 700 3574 757 ho-

1980 803 2173 844 norem
2216 789 2423 861 lingua,
2456 798 2643 846 mente
2671 790 2890 857 interim
2928 793 3148 859 remoti,
3181 803 3239 851 et
3279 794 3472 867 procul
3508 793 3576 849 ab
3602 812 3627 835 ε

1981 881 2301 952 impletione
2348 898 2539 939 eorum
2578 900 2700 955 quae
2724 901 2823 957 per
2849 886 3069 959 Moysen
3105 896 3377 961 praecepta
3422 895 3573 967 sunt,

1982 973 2245 1030 cordibus
2299 984 2429 1030 sunt
2463 976 2688 1032 alienati
2709 977 2751 1032 ⁸.
2795 979 3193 1035 lncumhebant
3245 983 3394 1036 enim
3442 982 3578 1047 solis

1982 1063 2248 1121 doctrinis
2258 1074 2315 1121 et
2326 1068 2600 1125 mandatis
2615 1068 2921 1126 hominum.
2944 1071 3117 1127 Porro
3128 1081 3431 1143 cognorunt
3452 1074 3577 1146 qui-

1982 1156 2107 1212 dem
2140 1157 2541 1230 intelligibilem
2564 1170 2621 1215 et
2650 1161 2913 1217 dilectum
2942 1162 3143 1236 Ioseph
3168 1164 3223 1217 in
3239 1180 3405 1219 carne
3430 1181 3575 1235 pra:-

1985 1255 2221 1302 sentem.
2245 1247 2337 1301 Ait
2368 1248 2517 1304 enim
2537 1249 2736 1305 beatus
2762 1251 3002 1307 Joannes
3030 1252 3382 1323 evangelista,
3426 1253 3574 1324 quod

1992 1356 2011 1388 ι
2044 1337 2204 1392 multi
2233 1338 2457 1409 quidem
2490 1355 2559 1395 ex
2594 1341 2937 1413 principibus
2962 1342 3316 1399 crediderunt
3345 1343 3403 1398 in
3446 1359 3576 1399 eum

1985 1432 2082 1488 sed
2104 1442 2331 1504 propter
2351 1433 2659 1490 Pharisazos
2684 1451 2797 1489 non
2819 1435 3226 1491 conﬁtebantur
3247 1437 3291 1489 ’.
3325 1454 3344 1486 ι
3367 1435 3579 1490 idcirco

1987 1525 2043 1579 in
2076 1540 2203 1580 eum
2256 1541 2418 1595 quem
2442 1527 2554 1597 jam
2605 1536 2995 1597 cognoverant,
3044 1526 3361 1582 debacchati
3426 1534 3575 1582 sunt.

1985 1611 2318 1669 Occiderunt
2338 1615 2506 1681 enim,
2525 1622 2582 1670 et
2606 1615 2662 1670 in
2685 1616 3018 1687 profundum
3041 1627 3204 1689 atque
3225 1618 3577 1674 tenebrosum

1985 1708 2181 1763 mortis
2209 1705 2553 1774 barathrum,
2589 1708 2697 1764 hoc
2727 1719 2831 1774 est,
2859 1710 2916 1765 in
2943 1709 3217 1766 infernum
3255 1726 3353 1766 seu
3380 1710 3434 1765 in
3464 1709 3578 1766 fos-

1988 1813 2105 1854 sam
2132 1799 2427 1870 quamdam
2458 1802 2835 1873 conjecerunt.
2862 1803 2941 1857 ita
2974 1802 3121 1858 enim
3161 1802 3383 1858 divinus
3407 1802 3577 1857 David

329 1886 674 1956 Ἐπιγνόντες
704 1888 880 1943 τοίνυν
923 1892 1389 1963 πεπαρῳνὴκασιν
1418 1894 1498 1955 εἰς
1533 1893 1716 1946 αὑτόν.
1752 1893 1888 1947 ’Λπ-

1995 1887 2169 1959 ipsum
2199 1889 2360 1944 nobis
2391 1889 2686 1961 descripsit
2718 1891 2950 1960 loquens
2973 1890 3042 1945 ad
3076 1891 3293 1945 Patrem
3318 1897 3375 1945 et
3404 1889 3579 1943 Deum

318 1978 573 2032 εκτόνασι
590 1981 718 2052 γὰρ,
742 1982 838 2034 καὶ
860 1981 1051 2054 ὥσπερ
1076 1984 1159 2046 εἰς
1184 2000 1308 2036 τινα
1332 1983 1539 2038 λάκκον
1567 1982 1813 2054 καθῆκαν
1840 1985 1888 2037 οἱ

315 2068 581 2139 δειλαιοι,
611 2074 673 2126 τὸ
712 2073 850 2144 βαθὺ
892 2075 990 2128 καὶ
1020 2074 1294 2131 σκοτεινὸν
1335 2075 1429 2133 τοῦ
1469 2075 1699 2133 θανάτου
1728 2075 1890 2148 βάρα-

313 2163 467 2234 θρον,
488 2165 739 2221 τουτέστι
773 2166 866 2218 τὸν
894 2166 1051 2238 ᾅδην.
1098 2166 1254 2225 Οὕτω
1292 2167 1402 2240 γὰρ
1440 2170 1575 2240 ἡμῖν
1606 2169 1769 2223 αὑτὸν
1797 2171 1891 2224 καὶ

310 2256 338 2306 ό
369 2253 663 2320 θεσπέσιος
699 2255 867 2309 Δαϐἰδ
898 2259 1262 2328 κατεσήμαινε
1292 2258 1467 2326 λέγων
1500 2259 1575 2322 ὡς
1638 2260 1772 2332 πρὸς
1798 2261 1891 2314 τὸν

308 2347 367 2399 ὲν
389 2346 647 2417 οὐρανοῖς
669 2347 890 2416 Πατέρα
918 2349 1012 2402 καὶ
1044 2349 1193 2413 Θεὸν,
1220 2349 1292 2414 ὡς
1325 2351 1389 2402 ἐκ
1420 2349 1711 2422 προσώπου
1752 2353 1891 2423 Χρι-

311 2437 462 2491 στοῦ·
510 2458 531 2490 ι
578 2437 778 2511 Κύριε,
817 2440 1093 2509 ἀνήγαγες
1137 2440 1196 2506 ἐξ
1242 2439 1369 2513 ᾇδου
1409 2440 1511 2514 τὴν
1546 2440 1728 2512 ψυχήν
1764 2460 1891 2513 μου,

312 2527 528 2592 ἔσωσάς
578 2545 647 2603 με
681 2528 792 2582 ἀπὸ
824 2528 938 2583 τῶν
976 2528 1416 2587 καταϐαινόντων
1460 2531 1542 2594 εἰς
1587 2530 1813 2585 λάκκον.
1868 2549 1887 2582 ›

315 2621 505 2691 Ἀθρει
544 2620 602 2673 δέ
652 2637 743 2693 μοι
784 2622 896 2675 τῶν
940 2620 1101 2692 ἱερῶν
1148 2622 1505 2694 Γραμμάτων
1550 2623 1649 2695 τὴν
1711 2626 1891 2696 ἰσχὺν,

313 2712 406 2764 καὶ
436 2711 497 2765 τὸ
538 2712 675 2766 πολὺ
714 2711 838 2769 λίαν
869 2713 1238 2784 ἀπεξεσμὲνον
1272 2715 1352 2778 εἰς
1381 2714 1444 2768 τὸ
1470 2715 1720 2786 ἀκριϐές·
1760 2736 1779 2769 ι
1831 2717 1890 2770 '0

312 2805 545 2871 λάκκος,
575 2805 729 2877 φησὶ,
756 2805 945 2871 κενὸς,
970 2804 1114 2877 ὕδωρ
1156 2807 1255 2859 οὑκ
1287 2799 1467 2877 εἶχεν,
1507 2826 1526 2859 ι
1569 2808 1658 2861 ἶνα
1703 2790 1895 2877 σαξρῶς

321 2901 414 2951 καὶ
448 2897 693 2969 ἐναργῶς
730 2901 759 2952 6
785 2898 938 2967 ᾅδης
965 2899 1096 2970 ἡμῖν
1126 2899 1213 2953 διά
1251 2898 1446 2953 τούτου
1472 2904 1894 2974 κατασημαίνηο

328 3006 436 3041 ται.
464 2991 575 3045 Καὶ
600 2990 721 3044 τινα
740 2990 974 3062 τρόπον,
1002 2989 1133 3061 ὲριῖν
1165 2988 1312 3062 ὕδωρ
1351 2993 1450 3063 μὲν
1482 2992 1593 3065 γάρ
1625 2993 1896 3066 σύμϐολον

332 3079 399 3135 ἂν
440 3081 525 3151 εἴη
568 3081 727 3152 ζωῆς,
773 3083 850 3146 ὡς
893 3081 1178 3147 ζωοποιόν.
1220 3102 1240 3135 ι
1279 3082 1466 3155 ’Υδωρ
1517 3086 1575 3139 δὲ
1606 3086 1708 3140 οὑκ
1756 3083 1897 3141 εἶναι

1990 1981 2270 2036 caelestem
2296 1982 2455 2052 quasi
2482 1981 2537 2036 in
2564 1996 2798 2052 persona
2822 1981 3063 2037 Christi:
3098 2000 3116 2032 ι
3150 1980 3401 2044 Domine,
3435 1980 3574 2035 edu-

1990 2073 2117 2127 xisti
2138 2073 2374 2127 animam
2395 2089 2571 2129 meam
2590 2090 2655 2128 ex
2677 2073 2890 2128 inferno
2914 2091 2926 2127 :
2948 2071 3176 2127 servasti
3197 2086 3284 2125 me
3304 2086 3333 2125 a
3352 2070 3578 2126 descen-

1992 2164 2250 2220 dentibus
2287 2165 2345 2220 in
2384 2164 2566 2221 lacum
2592 2167 2658 2230 ¹⁰,
2703 2184 2722 2218 ι
2763 2180 2860 2221 seu
2903 2164 2959 2218 in
2990 2161 3212 2218 fossam.
3255 2161 3361 2216 ilic
3391 2169 3575 2216 autem

1992 2256 2128 2311 mihi
2154 2256 2529 2312 animadverte
2562 2272 2841 2312 sacrarum
2888 2255 3226 2311 Litterarum
3258 2253 3367 2307 vim
3412 2260 3577 2323 atque

1993 2350 2381 2420 praestantiam.
2439 2369 2458 2402 ι
2510 2350 2709 2414 Fossa,
2774 2348 2985 2420 inquit,
3045 2352 3167 2402 erat
3217 2360 3426 2409 vacua,
3474 2356 3578 2396 nec

1995 2440 2441 2512 habebataquam
2465 2443 2530 2508 η,
2563 2461 2581 2494 ι
2617 2450 2679 2497 ut
2702 2441 2781 2497 sic
2809 2439 2971 2497 nobis
2997 2437 3284 2495 evidenter
3315 2442 3578 2507 etaperto

1994 2533 2232 2602 infernus
2259 2534 2596 2605 designetur.
2634 2532 2751 2601 Qua
2786 2547 2919 2588 vero
2956 2530 3168 2587 ratione
3196 2529 3394 2585 dicam.
3422 2526 3578 2599 Sym-

1995 2624 2182 2679 bolum
2222 2626 2372 2680 enim
2423 2626 2551 2681 vita:
2602 2632 2687 2681 est
2742 2640 2904 2696 aqua,
2958 2632 3217 2695 tanquam
3269 2618 3573 2675 viviﬁcans.

2004 2736 2021 2769 ι
2053 2717 2174 2773 Non
2200 2725 2339 2783 erat,
2374 2718 2574 2789 inquit,
2610 2734 2751 2789 aqua
2772 2718 2829 2772 in
2859 2716 3036 2773 fossa:
3070 2735 3087 2768 ι
3114 2712 3387 2785 siquidem
3407 2709 3577 2765 infer-

1997 2824 2101 2865 nus
2126 2810 2325 2865 merito
2352 2824 2544 2865 eorum
2590 2810 2685 2880 qui
2718 2810 2827 2864 vita
2852 2807 3053 2879 privati
3093 2812 3242 2870 sunt,
3279 2809 3337 2858 et
3383 2801 3581 2857 domus

1996 2909 2053 2956 et
2100 2901 2313 2957 mansio
2357 2902 2570 2957 censeri
2607 2901 2788 2956 debet.
2826 2900 3034 2956 Verum
3084 2894 3347 2969 parvulus
3371 2908 3404 2948 e
3434 2891 3581 2948 fossa

1998 2989 2259 3046 reductus
2305 3000 2408 3046 est.
2440 2992 2509 3045 Et
2550 2990 2804 3046 Christus
2846 2989 3045 3045 revixit
3077 3003 3107 3042 a
3162 2984 3431 3041 mortuis:
3467 2997 3582 3038 non

1998 3081 2146 3135 enim
2176 3081 2357 3150 potuit
2379 3082 2651 3139 contineri
2680 3097 2710 3135 a
2742 3081 2907 3135 fossa.
2934 3080 3046 3134 Nec
3061 3078 3313 3133 Christus
3328 3091 3585 3147 perman-

334 3189 503 3243 φησιν
541 3173 597 3226 ὲν
624 3171 698 3242 τῷ
722 3173 927 3245 λάκκῳ.
974 3192 993 3225 ι
1031 3174 1151 3229 Τῶν
1196 3174 1305 3248 γάρ
1335 3175 1481 3249 ζωῆς
1514 3179 1891 3251 ἐστερημένων

2000 3174 2072 3232 sit
2106 3174 2163 3230 in
2194 3174 2428 3241 inferno,
2464 3174 2629 3249 192
2644 3173 2737 3231 sed
2764 3174 2948 3249 potius
2969 3171 3224 3230 exhausit
3249 3184 3395 3226 eum.
3435 3188 3453 3222 ι
3493 3170 3583 3225 Ait

328 3264 492 3316 νοοῖτ¹
528 3262 596 3318 ἂν
637 3264 854 3329 εἰκότως
895 3268 925 3319 6
964 3265 1099 3337 ᾅδης
1130 3262 1277 3333 οἰκός
1314 3286 1373 3323 τε
1416 3271 1512 3324 καὶ
1550 3272 1893 3343 ἐνδιαίτημα.

326 3356 475 3428 Πλὴν
518 3356 845 3430 ἀνεϐιϐάσθη
892 3358 955 3412 τὸ
998 3346 1307 3432 παιδάριον.
1359 3360 1590 3418 ’Δνεϐίω
1641 3365 1699 3419 δὲ
1737 3367 1832 3419 καὶ
1868 3369 1897 3421 ό

322 3447 561 3519 Χριστὸς
593 3450 657 3502 ὲκ
692 3451 923 3521 νεκρῶν.
965 3451 1041 3504 υὺ
1082 3450 1191 3522 γὰρ
1217 3453 1408 3523 γέγονε
1437 3454 1518 3526 τῷ
1548 3455 1737 3526 λάκκῳ
1762 3459 1897 3512 κάτ-

324 3559 470 3612 οχος.
515 3542 650 3597 Οὑδὲ
702 3544 1012 3615 μεμένηκεν
1031 3547 1310 3618 όΧριστδς
1342 3551 1424 3612 εἰς
1448 3551 1596 3623 ᾅδου,
1625 3555 1898 3612 κεκένωκε

320 3634 380 3686 δὲ
418 3633 620 3704 μᾶλλον
647 3636 828 3690 αὑτόν.
855 3655 874 3688 ι
901 3637 1045 3707 Ἔφη
1070 3639 1178 3709 γὰρ
1204 3642 1316 3705 τοῖς
1340 3643 1399 3695 ὲν
1426 3642 1669 3713 δεσμοῖς·
1715 3647 1898 3712 Ἐξέλ-

323 3726 468 3779 οετε.
512 3745 531 3777 ι
574 3727 790 3799 Ἐπειδὴ
827 3728 884 3782 δὲ
922 3729 1286 3800 ἀνεϐιϐάσθη,
1315 3732 1407 3786 καὶ
1435 3733 1535 3787 οὑκ
1574 3738 1655 3801 εἰς
1684 3740 1901 3811 μακρὰν

327 3818 355 3868 6
397 3816 685 3883 θεσπέσιος
740 3821 940 3892 Ἰωσὴφ
997 3822 1237 3892 ἀπῆλθεν
1286 3826 1367 3888 εἰς
1418 3826 1519 3898 τὴν
1563 3829 1900 3898 Αἰγυπτίων,

332 3912 719 3982 έιπριαμένων
742 3913 905 3967 αὑτὸν
924 3915 1033 3968 τῶν
1071 3916 1424 3989 Ἰσμαηλιτῶν
1452 3937 1466 3951 ο
1497 3917 1639 3993 ἦσαν
1673 3924 1730 3977 δὲ
1756 3928 1903 3995 ἀρω-

331 4004 521 4073 μάτων
566 4004 819 4077 ἔμποροι.
870 4006 1094 4061 Ἀνεϐίω
1136 4008 1236 4078 μὲν
1279 4010 1387 4081 γὰρ
1431 4013 1524 4065 καὶ
1568 4014 1597 4065 6
1644 4016 1902 4085 Χριστὸς,

328 4095 426 4146 καὶ
473 4096 816 4166 ἀναϐέϐηκεν
864 4099 928 4150 ὲκ
961 4096 1053 4151 τοῦ
1092 4098 1317 4155 λάκκου.
1353 4104 1809 4175 Μεταπεφοίτηκε
1847 4107 1903 4161 δὲ

327 4187 430 4257 τὴν
490 4187 752 4242 Ἰουδαίαν
811 4190 990 4258 ἀφεὶς·
1030 4193 1111 4256 εἰς
1158 4193 1259 4265 τὴν
1311 4193 1423 4247 τῶν
1469 4194 1639 4250 ἐθνῶν
1685 4197 1901 4269 χώραν·

329 4279 740 4349 περιφερόντων
815 4282 976 4335 αὑτὸν
1053 4283 1164 4338 τῶν
1236 4285 1445 4354 νοητῶν
1517 4286 1902 4359 Ἰσμαηλιτῶν,

327 4367 609 4429 τουτέστι,
633 4368 743 4422 τῶν
773 4372 830 4423 ὲν
850 4371 1063 4441 ὑπακοῇ
1092 4371 1249 4425 Θεοῦ-
1283 4374 1647 4447 ἑρμηνεύεται
1676 4378 1786 4451 γὰρ
1819 4380 1906 4434 οὑ-

326 4476 439 4522 τως
471 4461 504 4531 ἠ
548 4460 714 4527 λέξις.
748 4463 904 4528 Τίνες
947 4464 992 4517 δ’
1021 4464 1085 4519 ἂν
1130 4462 1242 4521 εἷεν
1274 4469 1323 4521 οἱ
1365 4470 1592 4539 τοιοίδε;
1646 4473 1815 4529 Πάλιν
1853 4477 1903 4529 οἰ

2003 3266 2149 3320 enim
2188 3266 2297 3325 illis
2321 3267 2416 3337 qui
2467 3266 2523 3320 in
2574 3265 2809 3321 vinculis
2867 3273 3044 3330 erant,
3078 3262 3415 3336 Egredimini
3461 3262 3523 3316 η.
3556 3281 3574 3314 ι

2004 3358 2296 3431 Postquam
2354 3374 2486 3413 vero
2531 3357 2752 3413 divinus
2798 3357 3000 3427 Ioseph
3027 3365 3120 3412 est
3142 3355 3394 3421 eductus,
3435 3354 3581 3411 haud

2004 3450 2165 3521 longo
2186 3459 2427 3521 tempore
2451 3451 2756 3522 interjecto,
2788 3449 2843 3503 in
2864 3448 3153 3521 Egyptum
3182 3448 3339 3513 abiit,
3365 3453 3583 3523 emptus

2006 3542 2074 3596 ab
2101 3542 2414 3609 lsmaelilis;
2441 3543 2496 3597 hi
2521 3551 2704 3598 autem
2724 3548 2882 3596 erant
2900 3550 3232 3596 mercatores
3251 3545 3578 3594 aromatum.

2005 3633 2139 3688 Nam
2161 3642 2217 3689 et
2240 3634 2493 3691 Christus
2518 3634 2733 3698 revixit,
2768 3641 2823 3689 et
2853 3650 2920 3690 ex
2947 3633 3090 3689 fossa
3107 3633 3376 3699 ascendit,
3398 3640 3581 3687 trans-

2007 3727 2106 3782 ivit
2136 3743 2271 3783 vero
2291 3729 2478 3785 relicta
2504 3728 2690 3784 Judaea
2719 3728 2776 3783 in
2802 3729 3081 3799 regionem
3095 3726 3359 3799 gentium,
3392 3724 3447 3776 in
3474 3738 3583 3791 qua

2007 3819 2292 3875 lsmaelitaa
2332 3821 2721 3890 intelligibiles,
2751 3820 2856 3874 hoc
2876 3827 2982 3883 est,
3005 3819 3156 3874 dicto
3174 3818 3273 3872 Dei
3294 3814 3585 3869 audientes

2011 3908 2108 3979 (ita
2141 3909 2289 3963 enim
2323 3910 2493 3964 dictio
2524 3909 2641 3963 haec
2664 3905 3002 3977 exponitur),
3029 3907 3207 3973 ipsum
3245 3917 3431 3958 secum
3478 3901 3584 3955 du-

2009 4008 2160 4054 cunt.
2190 4000 2259 4053 At
2279 4001 2502 4069 quinam
2527 4007 2656 4053 sunt
2693 3997 2830 4051 tales
2854 3995 3176 4051 lsmaelitaa?
3201 3995 3413 4062 Rursus
3438 3993 3585 4048 beati

2010 4091 2265 4161 discipuli
2298 4091 2393 4161 qui
2423 4090 2782 4162 praebuerunt
2802 4102 2964 4143 aures
2985 4086 3251 4142 institutis
3276 4084 3500 4148 Christi,
3529 4090 3587 4139 et

2010 4181 2266 4252 primitias
2288 4181 2416 4237 facti
2456 4190 2585 4237 sunt
2609 4195 2803 4236 eorum
2834 4178 2930 4251 qui
2976 4176 3333 4248 acquiescunt
3364 4175 3421 4231 in
3451 4175 3587 4231 obe-

2011 4275 2217 4336 dientia
2270 4274 2475 4340 et,ﬁde
2516 4274 2798 4346 gloriaque
2842 4287 2963 4343 quae
2990 4270 3218 4342 legalem
3265 4279 3487 4342 superat
3519 4270 3583 4324 ".

2010 4368 2203 4424 Merito
2227 4368 2374 4423 enim
2415 4368 2552 4423 tales
2580 4365 2838 4423 censendi
2874 4373 3003 4421 sunt
3040 4372 3341 4419 aromatum
3371 4370 3585 4420 merce;

2010 4467 2176 4523 tores,
2224 4460 2319 4530 qui
2364 4458 2571 4514 Christi
2616 4457 2935 4531 mysterium
2986 4455 3225 4513 reddunt
3272 4454 3581 4517 odoratum,

331 4550 593 4621 μακάριοι
618 4552 878 4622 μαθηταὶ,
902 4554 964 4608 τὸ
987 4551 1080 4619 οὖς
1103 4558 1394 4624 ὑποθέντες
1424 4564 1534 4625 τοῖς
1557 4563 1646 4617 διά
1665 4566 1891 4636 Χριστοῐ

2010 4553 2289 4622 totiusque
2311 4551 2530 4607 virtutis
2545 4550 2723 4605 ideam
2743 4551 2800 4604 in
2823 4548 2938 4604 suis
2964 4548 3251 4603 animabus
3274 4545 3585 4601 luculenter

330 4639 683 4711 παιδεύμασι,
714 4646 809 4697 καὶ⁵
842 4646 1065 4719 ἀπαρχὴ
1098 4649 1386 4717 γεγονότες
1408 4650 1517 4704 τῶν
1551 4653 1902 4726 εὐδοκιμούν-

2005 4641 2339 4713 exprimunt.
2383 4642 2451 4697 Hi
2482 4649 2736 4698 emerunt
2771 4640 3173 4711 quodammodo
3191 4639 3398 4706 Iesum,
3451 4637 3582 4692 reli-

326 4753 437 4789 των
481 4738 543 4790 ἐν
589 4736 800 4810 ὑπακοῇ
844 4740 941 4795 καὶ
988 4741 1204 4807 πίστει,
1252 4743 1347 4797 καὶ
1388 4747 1501 4809 τοῖς
1549 4746 1690 4817 ὑπὲρ
1739 4748 1891 4819 νόμοι

2001 4736 2213 4805 ctisque
2238 4736 2515 4797 omnibus,
2545 4751 2666 4806 quae
2685 4736 2741 4790 in
2775 4734 2894 4806 lege
2918 4733 3202 4805 splendida
3243 4741 3389 4797 sunt,
3431 4746 3583 4787 com-

326 4827 667 4898 αὐχήμασιν.
701 4830 764 4882 Oi
807 4830 915 4901 γὰρ
968 4832 1161 4885 τοιοίδε
1205 4834 1395 4888 νοοῖντ’
1440 4835 1505 4889 ἂν
1548 4837 1773 4901 εἰκότως
1810 4840 1891 4892 καί

2003 4835 2267 4898 pararunt
2303 4828 2409 4883 sibi
2432 4829 2573 4884 hanc
2600 4843 2763 4884 unam
2796 4845 2814 4879 ι
2855 4827 3150 4898 pretiosam
3168 4824 3536 4894 margaritam,
3557 4839 3575 4871 ι

322 4918 639 4989 ἀρωμάτων
675 4919 936 4992 ἔμποροι,
970 4922 1032 4974 τὸ
1074 4924 1308 4993 Χριστοῦ
1345 4927 1644 4998 μυστήριον
1676 4930 1891 4985 εὑωδιά-

1999 4919 2152 4990 juxta
2168 4919 2464 4975 Salvatoris
2475 4919 2649 4973 nostri
2673 4918 2985 4988 parabolam
3002 4917 3065 4970 ιδ.
3082 4914 3172 4977 Hi,
3188 4913 3431 4980 inquam,
3455 4924 3585 4980 gen-

320 5008 543 5071 ζοντες,
591 5008 683 5061 καὶ
724 5010 943 5082 ἀπάσης
989 5012 1189 5099 ἀρετῆς
1225 5014 1367 5068 ἰδέαν
1401 5017 1458 5070 ὲν
1501 5018 1661 5082 ἰδίαις
1697 5019 1891 5091 ψυχαῖς

2002 5013 2154 5068 tibus
2192 5013 2509 5068 obtulerunt
2531 5011 2829 5076 Christum,
2848 5006 3309 5099 \administmnws
3333 5003 3584 5099 Evange-

320 5100 762 5170 ἀναματτόμενοι
799 5103 1052 5171 γενικῶς.
1077 5098 1342 5161 Οὑτοιτὸν
1375 5109 1581 5180 Ἰ-ησοῦν
1611 5111 1891 5184 ἐξεπρίαν-

2006 5108 2163 5169 lium,
2192 5112 2249 5158 et
2275 5118 2370 5173 per
2410 5103 2726 5157 universum
2752 5093 3026 5154 terrarum
3060 5096 3250 5150 orbem
3276 5093 3583 5164 praedican-

320 5207 384 5243 το
424 5192 625 5260 τρόπον
663 5194 820 5260 τινὰ,
867 5196 1047 5250 πάντα
1095 5200 1191 5269 μὲν
1247 5200 1479 5268 ἀφέντες
1537 5203 1605 5257 τὰ
1657 5206 1716 5258 ὲν
1754 5205 1891 5277 νόμιγ

2010 5205 2094 5252 tes
2127 5185 2429 5257 Chiistum,
2462 5201 2718 5261 tanquam
2748 5190 2920 5244 Deum
2942 5194 2998 5241 et
3032 5185 3344 5248 Dominum,
3376 5192 3433 5238 et
3466 5192 3586 5237 tan-

323 5279 585 5352 λαμπρὰ,
609 5282 700 5336 τὸν
730 5283 829 5338 ἕνα
858 5284 916 5338 δὲ
963 5286 1058 5339 καὶ
1103 5305 1121 5338 ι
1161 5287 1459 5357 πολύτιμον
1505 5307 1523 5339 ι
1556 5275 1891 5362 ἑμπορευσάλ

2006 5304 2169 5358 quam
2192 5287 2431 5355 lapidem
2458 5286 2716 5348 electum,
2749 5281 3102 5351 reprobatum
3130 5276 3353 5346 quidem
3379 5290 3411 5329 a
3446 5275 3585 5347 legis

328 5387 483 5440 μενοι
518 5391 537 5424 ι
586 5374 953 5444 μαργαρίτην,
992 5394 1013 5425 ι
1056 5377 1195 5429 κατὰ
1240 5377 1337 5447 τὴν
1366 5376 1532 5431 αὑτοῦ
1564 5379 1660 5432 τοῦ
1718 5381 1891 5451 Σωτῆ·

2003 5390 2059 5436 et
2110 5380 2401 5434 mundanas
2433 5377 2713 5447 sapientiae
2756 5373 3070 5429 architectis
3098 5390 3115 5424 ει
3141 5370 3235 5426 sed
3263 5370 3497 5425 electum
3527 5379 3585 5425 et

328 5481 425 5533 ρος
469 5464 807 5536 παραϐολήν.
860 5460 1022 5521 Οὗτοι
1065 5470 1180 5531 τοῖς
1226 5467 1402 5524 ἔθνεσι
1453 5469 1777 5541 διεκόμισαν
1811 5475 1891 5527 τοι

2006 5473 2308 5542 pretiosum
2337 5469 2483 5538 apud
2511 5470 2703 5529 Deum,
2731 5475 2787 5519 et
2818 5466 3044 5534 incaput
3067 5462 3578 5534 angulipositum“.

326 5553 585 5625 Χριστὸν,
627 5556 1035 5627 ἱερουργοῦντες
1066 5558 1124 5611 τὸ
1149 5559 1500 5628 Εὑαγγέλιον,
1539 5565 1632 5617 καὶ
1661 5565 1763 5619 ἀνὰ
1799 5568 1891 5618 πᾶ-

2005 5564 2276 5619 Czetcrum
2312 5560 2504 5614 Ruben
2532 5557 2814 5626 prohibuit
2838 5557 3032 5612 fratres
3058 5574 3087 5611 a
3123 5555 3268 5611 cmde
3322 5555 3390 5609 Et
3416 5555 3583 5609 Judas

402 5759 422 5788 ⁷
460 5759 595 5829 Psal.
627 5775 738 5821 xm,
774 5760 808 5811 5
836 5776 958 5825 ςιιι,
987 5761 1037 5813 4.
1077 5762 1098 5791 ⁸
1128 5761 1396 5825 isa.xx1x,
1428 5765 1510 5829 l3;
1541 5766 1728 5820 Matth.
1767 5767 1891 5828 ΠΛ

1995 5768 2140 5822 liarc.
2173 5765 2333 5825 vn.6.
2374 5767 2394 5797 θ
2419 5763 2574 5817 Joan.
2608 5775 2699 5823 xu,
2730 5762 2814 5815 42.
2873 5765 2911 5794 ²⁰
2938 5764 3075 5816 Psal.
3114 5776 3253 5823 xxix,
3277 5760 3327 5812 4.
3371 5758 3408 5790 ¹¹
3444 5756 3582 5811 Gem

336 5842 495 5891 xxv”,
522 5828 611 5883 24.
695 5829 861 5884 "lsa.
898 5831 1112 5895 xux,9.
1195 5833 1295 5888 “ll
1326 5828 1517 5892 Thess.
1559 5852 1615 5903 ιι,
1649 5838 1727 5890 l2.
1813 5838 1850 5867 ¹”

2002 5838 2077 5890 th.
2113 5854 2223 5903 xm,
2253 5838 2332 5891 56.
2421 5836 2462 5865 ¹⁵
2493 5831 2632 5886 I'sal.
2672 5848 2827 5895 cxvii,
2858 5833 2943 5886 92.
