  <div class='ocr_page' id='page_1' title='image "/cluster/home/n/w/nwhite01/storage/ocr_20150623/69/mdp.39015078384446/161.png"; bbox 0 0 4074 6260; ppageno 0'>
   <div class='ocr_carea' id='block_1_1' title="bbox 497 420 602 481">
    <p class='ocr_par' dir='ltr' id='par_1_1' title="bbox 497 420 602 481">
     <span class='ocr_line' id='line_1_1' title="bbox 497 420 602 481; baseline 0.019 -2"><span class='ocrx_word' id='word_1_1' title='bbox 497 420 602 481; x_wconf 78' lang='lat'><strong>507</strong></span> 
     </span>
    </p>
   </div>
   <div class='ocr_carea' id='block_1_2' title="bbox 1499 394 2729 484">
    <p class='ocr_par' dir='ltr' id='par_1_2' title="bbox 1499 394 2729 484">
     <span class='ocr_line' id='line_1_2' title="bbox 1499 394 2729 484; baseline -0.001 0"><span class='ocrx_word' id='word_1_2' title='bbox 1499 425 1556 484; x_wconf 90' lang='lat' dir='ltr'><strong>s.</strong></span> <span class='ocrx_word' id='word_1_3' title='bbox 1597 424 1869 484; x_wconf 76' lang='lat' dir='ltr'><strong>cmeu</strong></span> <span class='ocrx_word' id='word_1_4' title='bbox 1907 416 2375 481; x_wconf 77' lang='lat' dir='ltr'><strong>ALEXANDRINI</strong></span> <span class='ocrx_word' id='word_1_5' title='bbox 2413 394 2729 483; x_wconf 59' lang='lat' dir='ltr'><strong>meum.</strong></span> 
     </span>
    </p>
   </div>
   <div class='ocr_carea' id='block_1_3' title="bbox 3644 423 3746 485">
    <p class='ocr_par' dir='ltr' id='par_1_3' title="bbox 3644 423 3746 485">
     <span class='ocr_line' id='line_1_3' title="bbox 3644 423 3746 485; baseline 0.02 -2"><span class='ocrx_word' id='word_1_6' title='bbox 3644 423 3746 485; x_wconf 76' lang='lat'><strong>308</strong></span> 
     </span>
    </p>
   </div>
   <div class='ocr_carea' id='block_1_4' title="bbox 495 526 2069 614">
    <p class='ocr_par' dir='ltr' id='par_1_4' title="bbox 495 526 2069 613">
     <span class='ocr_line' id='line_1_4' title="bbox 495 526 2069 613; baseline 0.001 -18"><span class='ocrx_word' id='word_1_7' title='bbox 495 532 715 611; x_wconf 82' lang='lat' dir='ltr'><strong>quoque</strong></span> <span class='ocrx_word' id='word_1_8' title='bbox 740 532 958 612; x_wconf 75' lang='lat' dir='ltr'><strong>indigne</strong></span> <span class='ocrx_word' id='word_1_9' title='bbox 1002 526 1148 596; x_wconf 77' lang='lat' dir='ltr'><strong>tulit.</strong></span> <span class='ocrx_word' id='word_1_10' title='bbox 1191 541 1361 596; x_wconf 87' lang='lat' dir='ltr'><strong>Porro</strong></span> <span class='ocrx_word' id='word_1_11' title='bbox 1414 539 1615 595; x_wconf 68' lang='lat' dir='ltr'><strong>Ruben”</strong></span> <span class='ocrx_word' id='word_1_12' title='bbox 1647 552 1769 596; x_wconf 88' lang='lat' dir='ltr'><strong>erat</strong></span> <span class='ocrx_word' id='word_1_13' title='bbox 1806 541 2069 613; x_wconf 69' lang='lat' dir='ltr'><strong>primoge</strong></span> 
     </span>
    </p>
   </div>
   <div class='ocr_carea' id='block_1_5' title="bbox 2170 526 3745 614">
    <p class='ocr_par' dir='ltr' id='par_1_5' title="bbox 2188 536 3745 614">
     <span class='ocr_line' id='line_1_5' title="bbox 2188 536 3745 614; baseline -0.001 -20"><span class='ocrx_word' id='word_1_14' title='bbox 2188 558 2288 596; x_wconf 87' lang='grc' dir='ltr'><strong>σαν</strong></span> <span class='ocrx_word' id='word_1_15' title='bbox 2314 541 2413 614; x_wconf 81' lang='grc' dir='ltr'>τὴν</span> <span class='ocrx_word' id='word_1_16' title='bbox 2450 541 2540 610; x_wconf 78' lang='grc' dir='ltr'>ὐφ’</span> <span class='ocrx_word' id='word_1_17' title='bbox 2566 540 2718 610; x_wconf 72' lang='grc' dir='ltr'>ἥλιον</span> <span class='ocrx_word' id='word_1_18' title='bbox 2747 536 3109 611; x_wconf 77' lang='grc' dir='ltr'>κηρύττοντες</span> <span class='ocrx_word' id='word_1_19' title='bbox 3133 537 3209 603; x_wconf 81' lang='grc' dir='ltr'><strong>ὡς</strong></span> <span class='ocrx_word' id='word_1_20' title='bbox 3246 537 3380 593; x_wconf 80' lang='grc' dir='ltr'>Θεὸν</span> <span class='ocrx_word' id='word_1_21' title='bbox 3405 538 3499 592; x_wconf 79' lang='grc' dir='ltr'>καὶ</span> <span class='ocrx_word' id='word_1_22' title='bbox 3523 539 3745 610; x_wconf 77' lang='grc' dir='ltr'>Κύριον,</span> 
     </span>
    </p>
   </div>
   <div class='ocr_carea' id='block_1_6' title="bbox 496 615 2077 707">
    <p class='ocr_par' dir='ltr' id='par_1_6' title="bbox 496 615 2077 707">
     <span class='ocr_line' id='line_1_6' title="bbox 496 615 2077 707; baseline 0.004 -23"><span class='ocrx_word' id='word_1_23' title='bbox 496 620 665 705; x_wconf 81' lang='lat' dir='ltr'><strong>nitus.</strong></span> <span class='ocrx_word' id='word_1_24' title='bbox 690 615 926 686; x_wconf 66' lang='lat' dir='ltr'><strong>etludas</strong></span> <span class='ocrx_word' id='word_1_25' title='bbox 945 648 1012 687; x_wconf 81' lang='lat' dir='ltr'><strong>ex</strong></span> <span class='ocrx_word' id='word_1_26' title='bbox 1035 631 1183 687; x_wconf 89' lang='lat' dir='ltr'><strong>tribu</strong></span> <span class='ocrx_word' id='word_1_27' title='bbox 1213 649 1336 703; x_wconf 76' lang='lat' dir='ltr'><strong>qua:</strong></span> <span class='ocrx_word' id='word_1_28' title='bbox 1364 639 1556 688; x_wconf 80' lang='lat' dir='ltr'><strong>vocata</strong></span> <span class='ocrx_word' id='word_1_29' title='bbox 1575 645 1691 689; x_wconf 90' lang='lat' dir='ltr'><strong>erat</strong></span> <span class='ocrx_word' id='word_1_30' title='bbox 1712 634 1779 689; x_wconf 90' lang='lat' dir='ltr'><strong>ad</strong></span> <span class='ocrx_word' id='word_1_31' title='bbox 1803 635 2077 707; x_wconf 74' lang='lat' dir='ltr'><strong>guberna-</strong></span> 
     </span>
    </p>
   </div>
   <div class='ocr_carea' id='block_1_7' title="bbox 495 712 2080 813">
    <p class='ocr_par' dir='ltr' id='par_1_7' title="bbox 495 712 2080 813">
     <span class='ocr_line' id='line_1_7' title="bbox 495 712 2080 813; baseline 0.006 -38"><span class='ocrx_word' id='word_1_32' title='bbox 495 715 617 813; x_wconf 54' lang='lat' dir='ltr'><strong>gula</strong></span> <span class='ocrx_word' id='word_1_33' title='bbox 662 713 835 793; x_wconf 77' lang='lat' dir='ltr'><strong>regni.</strong></span> <span class='ocrx_word' id='word_1_34' title='bbox 886 723 1029 796; x_wconf 79' lang='lat' dir='ltr'><strong>Ergo</strong></span> <span class='ocrx_word' id='word_1_35' title='bbox 1084 722 1355 796; x_wconf 77' lang='lat' dir='ltr'><strong>quotquot</strong></span> <span class='ocrx_word' id='word_1_36' title='bbox 1408 712 1899 783; x_wconf 68' lang='lat' dir='ltr'><strong>conformationem</strong></span> <span class='ocrx_word' id='word_1_37' title='bbox 1951 743 2080 785; x_wconf 91' lang='lat' dir='ltr'><strong>cum</strong></span> 
     </span>
    </p>
   </div>
   <div class='ocr_carea' id='block_1_8' title="bbox 494 812 2075 883">
    <p class='ocr_par' dir='ltr' id='par_1_8' title="bbox 494 812 2075 883">
     <span class='ocr_line' id='line_1_8' title="bbox 494 812 2075 883; baseline 0.01 -19"><span class='ocrx_word' id='word_1_38' title='bbox 494 812 857 883; x_wconf 83' lang='lat' dir='ltr'><strong>primogenito</strong></span> <span class='ocrx_word' id='word_1_39' title='bbox 879 817 1159 871; x_wconf 90' lang='lat' dir='ltr'><strong>consecuti</strong></span> <span class='ocrx_word' id='word_1_40' title='bbox 1189 825 1335 883; x_wconf 91' lang='lat' dir='ltr'><strong>sunt,</strong></span> <span class='ocrx_word' id='word_1_41' title='bbox 1378 818 1486 873; x_wconf 84' lang='lat' dir='ltr'><strong>etsi</strong></span> <span class='ocrx_word' id='word_1_42' title='bbox 1518 817 1727 874; x_wconf 81' lang='lat' dir='ltr'><strong>fuerint</strong></span> <span class='ocrx_word' id='word_1_43' title='bbox 1751 834 1819 875; x_wconf 81' lang='lat' dir='ltr'><strong>ex</strong></span> <span class='ocrx_word' id='word_1_44' title='bbox 1853 818 2075 880; x_wconf 65' lang='lat' dir='ltr'><strong>Iudaeis.</strong></span> 
     </span>
    </p>
   </div>
   <div class='ocr_carea' id='block_1_9' title="bbox 2180 628 3747 702">
    <p class='ocr_par' dir='ltr' id='par_1_9' title="bbox 2180 628 3747 702">
     <span class='ocr_line' id='line_1_9' title="bbox 2180 628 3747 702; baseline -0.002 -15"><span class='ocrx_word' id='word_1_45' title='bbox 2180 633 2273 687; x_wconf 75' lang='grc' dir='ltr'>καὶ</span> <span class='ocrx_word' id='word_1_46' title='bbox 2301 632 2377 694; x_wconf 85' lang='grc' dir='ltr'>ὡς</span> <span class='ocrx_word' id='word_1_47' title='bbox 2416 631 2562 686; x_wconf 82' lang='grc' dir='ltr'><strong>λίθον</strong></span> <span class='ocrx_word' id='word_1_48' title='bbox 2600 629 2875 695; x_wconf 64' lang='grc' dir='ltr'>ἐκλεκτὸν,</span> <span class='ocrx_word' id='word_1_49' title='bbox 2911 628 3420 702; x_wconf 82' lang='grc' dir='ltr'>άποδοκιμασθέντα</span> <span class='ocrx_word' id='word_1_50' title='bbox 3466 628 3567 700; x_wconf 80' lang='grc' dir='ltr'>μὲν</span> <span class='ocrx_word' id='word_1_51' title='bbox 3599 629 3747 701; x_wconf 76' lang='grc' dir='ltr'>παρὰ</span> 
     </span>
    </p>
   </div>
   <div class='ocr_carea' id='block_1_10' title="bbox 2177 715 3747 796">
    <p class='ocr_par' dir='ltr' id='par_1_10' title="bbox 2177 715 3747 796">
     <span class='ocr_line' id='line_1_10' title="bbox 2177 715 3747 796; baseline -0.003 -17"><span class='ocrx_word' id='word_1_52' title='bbox 2177 725 2286 779; x_wconf 89' lang='grc' dir='ltr'><strong>τῶν</strong></span> <span class='ocrx_word' id='word_1_53' title='bbox 2319 727 2377 779; x_wconf 89' lang='lat' dir='ltr'><strong>tv</strong></span> <span class='ocrx_word' id='word_1_54' title='bbox 2405 724 2555 796; x_wconf 86' lang='grc' dir='ltr'>νόμῳ</span> <span class='ocrx_word' id='word_1_55' title='bbox 2580 723 2673 779; x_wconf 59' lang='grc' dir='ltr'><strong>καὶ⁵</strong></span> <span class='ocrx_word' id='word_1_56' title='bbox 2711 720 2916 792; x_wconf 84' lang='grc' dir='ltr'><strong>νοητῶν</strong></span> <span class='ocrx_word' id='word_1_57' title='bbox 2934 720 3252 793; x_wconf 77' lang='grc' dir='ltr'>οἰκοδόμων,</span> <span class='ocrx_word' id='word_1_58' title='bbox 3281 720 3537 774; x_wconf 77' lang='grc' dir='ltr'>ἐκλεκτὸν</span> <span class='ocrx_word' id='word_1_59' title='bbox 3564 715 3622 774; x_wconf 81' lang='grc' dir='ltr'>δὲ</span> <span class='ocrx_word' id='word_1_60' title='bbox 3653 721 3747 775; x_wconf 76' lang='grc' dir='ltr'>καὶ</span> 
     </span>
    </p>
   </div>
   <div class='ocr_carea' id='block_1_11' title="bbox 2180 811 3743 887">
    <p class='ocr_par' dir='ltr' id='par_1_11' title="bbox 2180 811 3743 887">
     <span class='ocr_line' id='line_1_11' title="bbox 2180 811 3743 887; baseline -0.004 -18"><span class='ocrx_word' id='word_1_61' title='bbox 2180 815 2398 887; x_wconf 74' lang='grc' dir='ltr'>ἔντιμον</span> <span class='ocrx_word' id='word_1_62' title='bbox 2420 814 2573 887; x_wconf 80' lang='grc' dir='ltr'>παρὰ</span> <span class='ocrx_word' id='word_1_63' title='bbox 2604 812 2742 886; x_wconf 82' lang='grc' dir='ltr'>Θεῷ,</span> <span class='ocrx_word' id='word_1_64' title='bbox 2792 814 2888 867; x_wconf 78' lang='grc' dir='ltr'>καὶ</span> <span class='ocrx_word' id='word_1_65' title='bbox 2933 813 3015 877; x_wconf 85' lang='grc' dir='ltr'><strong>είς</strong></span> <span class='ocrx_word' id='word_1_66' title='bbox 3057 811 3302 883; x_wconf 80' lang='grc' dir='ltr'>κεφαλὴν</span> <span class='ocrx_word' id='word_1_67' title='bbox 3329 812 3534 879; x_wconf 78' lang='grc' dir='ltr'><strong>γωνίας</strong></span> <span class='ocrx_word' id='word_1_68' title='bbox 3556 811 3743 881; x_wconf 68' lang='grc' dir='ltr'>κείμεε</span> 
     </span>
    </p>
   </div>
   <div class='ocr_carea' id='block_1_12' title="bbox 493 891 2069 980">
    <p class='ocr_par' dir='ltr' id='par_1_12' title="bbox 493 891 2069 980">
     <span class='ocr_line' id='line_1_12' title="bbox 493 891 2069 980; baseline 0.007 -26"><span class='ocrx_word' id='word_1_69' title='bbox 493 895 549 980; x_wconf 69' lang='grc' dir='ltr'>ξι</span> <span class='ocrx_word' id='word_1_70' title='bbox 590 891 859 975; x_wconf 73' lang='lat' dir='ltr'><strong>quotquot</strong></span> <span class='ocrx_word' id='word_1_71' title='bbox 890 906 1071 961; x_wconf 81' lang='lat' dir='ltr'><strong>vocati</strong></span> <span class='ocrx_word' id='word_1_72' title='bbox 1115 915 1245 962; x_wconf 88' lang='lat' dir='ltr'><strong>sunt</strong></span> <span class='ocrx_word' id='word_1_73' title='bbox 1291 906 1360 961; x_wconf 83' lang='lat' dir='ltr'><strong>ad</strong></span> <span class='ocrx_word' id='word_1_74' title='bbox 1400 923 1627 978; x_wconf 78' lang='lat' dir='ltr'><strong>regnum</strong></span> <span class='ocrx_word' id='word_1_75' title='bbox 1665 909 1930 965; x_wconf 62' lang='lat' dir='ltr'><strong>caelorum</strong></span> <span class='ocrx_word' id='word_1_76' title='bbox 1980 914 2069 980; x_wconf 84' lang='lat' dir='ltr'><strong>pel</strong></span> 
     </span>
    </p>
   </div>
   <div class='ocr_carea' id='block_1_13' title="bbox 2170 891 3748 980">
    <p class='ocr_par' dir='ltr' id='par_1_13' title="bbox 2177 898 3748 976">
     <span class='ocr_line' id='line_1_13' title="bbox 2177 898 3748 976; baseline -0.003 -17"><span class='ocrx_word' id='word_1_77' title='bbox 2177 923 2288 961; x_wconf 91' lang='lat' dir='ltr'><strong>vov.</strong></span> <span class='ocrx_word' id='word_1_78' title='bbox 2363 906 2510 976; x_wconf 84' lang='grc' dir='ltr'><strong>Πλὴν</strong></span> <span class='ocrx_word' id='word_1_79' title='bbox 2563 906 2646 959; x_wconf 85' lang='grc' dir='ltr'>ὃτι</span> <span class='ocrx_word' id='word_1_80' title='bbox 2703 901 3019 957; x_wconf 82' lang='grc' dir='ltr'><strong>κεκώλυκεν</strong></span> <span class='ocrx_word' id='word_1_81' title='bbox 3079 905 3108 956; x_wconf 98' lang='lat'><strong>6</strong></span> <span class='ocrx_word' id='word_1_82' title='bbox 3165 898 3423 973; x_wconf 76' lang='grc' dir='ltr'>Ῥουϐεὶμ</span> <span class='ocrx_word' id='word_1_83' title='bbox 3470 901 3748 969; x_wconf 83' lang='grc' dir='ltr'><strong>φονῶντας</strong></span> 
     </span>
    </p>
   </div>
   <div class='ocr_carea' id='block_1_14' title="bbox 490 976 2078 1069">
    <p class='ocr_par' dir='ltr' id='par_1_14' title="bbox 490 976 2078 1069">
     <span class='ocr_line' id='line_1_14' title="bbox 490 976 2078 1069; baseline 0.005 -20"><span class='ocrx_word' id='word_1_84' title='bbox 490 976 697 1051; x_wconf 82' lang='lat' dir='ltr'><strong>Christi</strong></span> <span class='ocrx_word' id='word_1_85' title='bbox 753 1000 1112 1069; x_wconf 82' lang='lat' dir='ltr'><strong>praeconium,</strong></span> <span class='ocrx_word' id='word_1_86' title='bbox 1161 1015 1272 1055; x_wconf 91' lang='lat' dir='ltr'><strong>non</strong></span> <span class='ocrx_word' id='word_1_87' title='bbox 1352 998 1709 1056; x_wconf 85' lang='lat' dir='ltr'><strong>mediocriter</strong></span> <span class='ocrx_word' id='word_1_88' title='bbox 1760 1000 2078 1057; x_wconf 87' lang='lat' dir='ltr'><strong>discruciati</strong></span> 
     </span>
    </p>
   </div>
   <div class='ocr_carea' id='block_1_15' title="bbox 493 1070 2074 1170">
    <p class='ocr_par' dir='ltr' id='par_1_15' title="bbox 493 1070 2074 1170">
     <span class='ocr_line' id='line_1_15' title="bbox 493 1070 2074 1170; baseline 0.007 -32"><span class='ocrx_word' id='word_1_89' title='bbox 493 1070 621 1170; x_wconf 60' lang='lat' dir='ltr'><strong>sunt</strong></span> <span class='ocrx_word' id='word_1_90' title='bbox 641 1097 868 1160; x_wconf 90' lang='lat' dir='ltr'><strong>propter</strong></span> <span class='ocrx_word' id='word_1_91' title='bbox 894 1091 1186 1147; x_wconf 89' lang='lat' dir='ltr'><strong>temeraria</strong></span> <span class='ocrx_word' id='word_1_92' title='bbox 1213 1092 1476 1148; x_wconf 88' lang='lat' dir='ltr'><strong>adversus</strong></span> <span class='ocrx_word' id='word_1_93' title='bbox 1499 1090 1778 1148; x_wconf 88' lang='lat' dir='ltr'><strong>Christum</strong></span> <span class='ocrx_word' id='word_1_94' title='bbox 1811 1092 2074 1150; x_wconf 78' lang='lat' dir='ltr'><strong>facinora.</strong></span> 
     </span>
    </p>
   </div>
   <div class='ocr_carea' id='block_1_16' title="bbox 491 1178 2077 1255">
    <p class='ocr_par' dir='ltr' id='par_1_16' title="bbox 491 1178 2077 1255">
     <span class='ocr_line' id='line_1_16' title="bbox 491 1178 2077 1255; baseline 0.005 -22"><span class='ocrx_word' id='word_1_95' title='bbox 491 1178 663 1235; x_wconf 88' lang='lat' dir='ltr'><strong>Erant</strong></span> <span class='ocrx_word' id='word_1_96' title='bbox 677 1182 845 1250; x_wconf 89' lang='lat' dir='ltr'><strong>enim,</strong></span> <span class='ocrx_word' id='word_1_97' title='bbox 877 1191 1053 1249; x_wconf 90' lang='lat' dir='ltr'><strong>erant,</strong></span> <span class='ocrx_word' id='word_1_98' title='bbox 1087 1184 1331 1255; x_wconf 88' lang='lat' dir='ltr'><strong>inquam,</strong></span> <span class='ocrx_word' id='word_1_99' title='bbox 1358 1200 1498 1255; x_wconf 89' lang='lat' dir='ltr'><strong>pene</strong></span> <span class='ocrx_word' id='word_1_100' title='bbox 1528 1184 1958 1241; x_wconf 84' lang='lat' dir='ltr'><strong>innumerabiles</strong></span> <span class='ocrx_word' id='word_1_101' title='bbox 1983 1186 2077 1241; x_wconf 92' lang='lat' dir='ltr'><strong>illo</strong></span> 
     </span>
    </p>
   </div>
   <div class='ocr_carea' id='block_1_17' title="bbox 491 1274 2079 1347">
    <p class='ocr_par' dir='ltr' id='par_1_17' title="bbox 491 1274 2079 1347">
     <span class='ocr_line' id='line_1_17' title="bbox 491 1274 2079 1347; baseline 0.005 -23"><span class='ocrx_word' id='word_1_102' title='bbox 491 1278 741 1342; x_wconf 85' lang='lat' dir='ltr'><strong>tempore</strong></span> <span class='ocrx_word' id='word_1_103' title='bbox 761 1274 1221 1346; x_wconf 83' lang='lat' dir='ltr'><strong>etHierosolymis</strong></span> <span class='ocrx_word' id='word_1_104' title='bbox 1245 1285 1301 1330; x_wconf 92' lang='lat' dir='ltr'><strong>et</strong></span> <span class='ocrx_word' id='word_1_105' title='bbox 1325 1276 1382 1330; x_wconf 91' lang='lat' dir='ltr'><strong>in</strong></span> <span class='ocrx_word' id='word_1_106' title='bbox 1403 1276 1613 1346; x_wconf 90' lang='lat' dir='ltr'><strong>reliqua</strong></span> <span class='ocrx_word' id='word_1_107' title='bbox 1633 1276 1817 1332; x_wconf 64' lang='lat' dir='ltr'><strong>Judwa</strong></span> <span class='ocrx_word' id='word_1_108' title='bbox 1834 1277 1927 1347; x_wconf 92' lang='lat' dir='ltr'><strong>qui</strong></span> <span class='ocrx_word' id='word_1_109' title='bbox 1947 1293 2079 1333; x_wconf 90' lang='lat' dir='ltr'><strong>con-</strong></span> 
     </span>
    </p>
   </div>
   <div class='ocr_carea' id='block_1_18' title="bbox 494 1363 2075 1441">
    <p class='ocr_par' dir='ltr' id='par_1_18' title="bbox 494 1363 2075 1441">
     <span class='ocr_line' id='line_1_18' title="bbox 494 1363 2075 1441; baseline 0.004 -24"><span class='ocrx_word' id='word_1_110' title='bbox 494 1363 695 1419; x_wconf 88' lang='lat' dir='ltr'><strong>tristati</strong></span> <span class='ocrx_word' id='word_1_111' title='bbox 726 1377 871 1434; x_wconf 91' lang='lat' dir='ltr'><strong>sunt,</strong></span> <span class='ocrx_word' id='word_1_112' title='bbox 910 1376 967 1423; x_wconf 93' lang='lat' dir='ltr'><strong>et</strong></span> <span class='ocrx_word' id='word_1_113' title='bbox 994 1368 1157 1422; x_wconf 91' lang='lat' dir='ltr'><strong>simul</strong></span> <span class='ocrx_word' id='word_1_114' title='bbox 1202 1368 1463 1423; x_wconf 83' lang='lat' dir='ltr'><strong>luxerunt</strong></span> <span class='ocrx_word' id='word_1_115' title='bbox 1489 1383 1614 1423; x_wconf 90' lang='lat' dir='ltr'><strong>cum</strong></span> <span class='ocrx_word' id='word_1_116' title='bbox 1643 1366 1883 1435; x_wconf 87' lang='lat' dir='ltr'><strong>Christo,</strong></span> <span class='ocrx_word' id='word_1_117' title='bbox 1918 1368 2075 1441; x_wconf 84' lang='lat' dir='ltr'><strong>igno-</strong></span> 
     </span>
    </p>
   </div>
   <div class='ocr_carea' id='block_1_19' title="bbox 490 1453 2075 1528">
    <p class='ocr_par' dir='ltr' id='par_1_19' title="bbox 490 1453 2075 1528">
     <span class='ocr_line' id='line_1_19' title="bbox 490 1453 2075 1528; baseline 0.005 -22"><span class='ocrx_word' id='word_1_118' title='bbox 490 1453 661 1509; x_wconf 89' lang='lat' dir='ltr'><strong>minia</strong></span> <span class='ocrx_word' id='word_1_119' title='bbox 700 1454 914 1511; x_wconf 79' lang='lat' dir='ltr'><strong>affecto.</strong></span> <span class='ocrx_word' id='word_1_120' title='bbox 957 1457 1272 1527; x_wconf 88' lang='lat' dir='ltr'><strong>Deploravit</strong></span> <span class='ocrx_word' id='word_1_121' title='bbox 1303 1466 1489 1513; x_wconf 88' lang='lat' dir='ltr'><strong>autem</strong></span> <span class='ocrx_word' id='word_1_122' title='bbox 1519 1458 1685 1513; x_wconf 90' lang='lat' dir='ltr'><strong>etiam</strong></span> <span class='ocrx_word' id='word_1_123' title='bbox 1725 1466 1881 1528; x_wconf 90' lang='lat' dir='ltr'><strong>pater</strong></span> <span class='ocrx_word' id='word_1_124' title='bbox 1917 1458 2075 1515; x_wconf 83' lang='lat' dir='ltr'><strong>Jose-</strong></span> 
     </span>
    </p>
   </div>
   <div class='ocr_carea' id='block_1_20' title="bbox 489 1530 2078 1616">
    <p class='ocr_par' dir='ltr' id='par_1_20' title="bbox 489 1530 2078 1616">
     <span class='ocr_line' id='line_1_20' title="bbox 489 1530 2078 1616; baseline 0.004 -18"><span class='ocrx_word' id='word_1_125' title='bbox 489 1530 679 1615; x_wconf 85' lang='lat' dir='ltr'><strong>phum.</strong></span> <span class='ocrx_word' id='word_1_126' title='bbox 720 1565 737 1598; x_wconf 73' lang='grc' dir='ltr'><strong>ι</strong></span> <span class='ocrx_word' id='word_1_127' title='bbox 766 1547 999 1603; x_wconf 86' lang='lat' dir='ltr'><strong>Nolebat</strong></span> <span class='ocrx_word' id='word_1_128' title='bbox 1040 1549 1210 1615; x_wconf 88' lang='lat' dir='ltr'><strong>enim,</strong></span> <span class='ocrx_word' id='word_1_129' title='bbox 1253 1549 1349 1616; x_wconf 89' lang='lat' dir='ltr'><strong>ait,</strong></span> <span class='ocrx_word' id='word_1_130' title='bbox 1388 1550 1499 1604; x_wconf 91' lang='lat' dir='ltr'><strong>ulla</strong></span> <span class='ocrx_word' id='word_1_131' title='bbox 1539 1549 1911 1606; x_wconf 89' lang='lat' dir='ltr'><strong>consolatione</strong></span> <span class='ocrx_word' id='word_1_132' title='bbox 1939 1550 2078 1606; x_wconf 85' lang='lat' dir='ltr'><strong>leni—</strong></span> 
     </span>
    </p>
   </div>
   <div class='ocr_carea' id='block_1_21' title="bbox 490 1628 2075 1713">
    <p class='ocr_par' dir='ltr' id='par_1_21' title="bbox 490 1628 2075 1713">
     <span class='ocr_line' id='line_1_21' title="bbox 490 1628 2075 1713; baseline 0.002 -22"><span class='ocrx_word' id='word_1_133' title='bbox 490 1628 538 1713; x_wconf 78' lang='lat' dir='ltr'><strong>ri</strong></span> <span class='ocrx_word' id='word_1_134' title='bbox 568 1637 630 1692; x_wconf 82' lang='grc'><strong>¹⁶.</strong></span> <span class='ocrx_word' id='word_1_135' title='bbox 668 1657 686 1691; x_wconf 78' lang='grc' dir='ltr'><strong>ι</strong></span> <span class='ocrx_word' id='word_1_136' title='bbox 716 1637 931 1696; x_wconf 83' lang='lat' dir='ltr'><strong>Licebit</strong></span> <span class='ocrx_word' id='word_1_137' title='bbox 956 1640 1139 1711; x_wconf 86' lang='lat' dir='ltr'><strong>itaque</strong></span> <span class='ocrx_word' id='word_1_138' title='bbox 1164 1640 1329 1696; x_wconf 87' lang='lat' dir='ltr'><strong>etiam</strong></span> <span class='ocrx_word' id='word_1_139' title='bbox 1351 1641 1482 1696; x_wconf 86' lang='lat' dir='ltr'><strong>hinc</strong></span> <span class='ocrx_word' id='word_1_140' title='bbox 1498 1642 1709 1707; x_wconf 88' lang='lat' dir='ltr'><strong>videre,</strong></span> <span class='ocrx_word' id='word_1_141' title='bbox 1735 1642 1881 1711; x_wconf 92' lang='lat' dir='ltr'><strong>quod</strong></span> <span class='ocrx_word' id='word_1_142' title='bbox 1902 1641 2075 1696; x_wconf 89' lang='lat' dir='ltr'><strong>Deum</strong></span> 
     </span>
    </p>
   </div>
   <div class='ocr_carea' id='block_1_22' title="bbox 490 1727 2076 1787">
    <p class='ocr_par' dir='ltr' id='par_1_22' title="bbox 490 1727 2076 1787">
     <span class='ocr_line' id='line_1_22' title="bbox 490 1727 2076 1787; baseline 0.002 -4"><span class='ocrx_word' id='word_1_143' title='bbox 490 1737 547 1783; x_wconf 90' lang='lat' dir='ltr'><strong>et</strong></span> <span class='ocrx_word' id='word_1_144' title='bbox 570 1727 784 1785; x_wconf 88' lang='lat' dir='ltr'><strong>Patrem</strong></span> <span class='ocrx_word' id='word_1_145' title='bbox 822 1730 876 1785; x_wconf 90' lang='lat' dir='ltr'><strong>in</strong></span> <span class='ocrx_word' id='word_1_146' title='bbox 911 1731 1065 1787; x_wconf 68' lang='lat' dir='ltr'><strong>caelis</strong></span> <span class='ocrx_word' id='word_1_147' title='bbox 1097 1731 1242 1786; x_wconf 88' lang='lat' dir='ltr'><strong>haud</strong></span> <span class='ocrx_word' id='word_1_148' title='bbox 1273 1731 1538 1787; x_wconf 88' lang='lat' dir='ltr'><strong>mediocri</strong></span> <span class='ocrx_word' id='word_1_149' title='bbox 1569 1729 1758 1786; x_wconf 88' lang='lat' dir='ltr'><strong>dolore</strong></span> <span class='ocrx_word' id='word_1_150' title='bbox 1792 1731 2076 1786; x_wconf 83' lang='lat' dir='ltr'><strong>aﬂ&#39;ecerint</strong></span> 
     </span>
    </p>
   </div>
   <div class='ocr_carea' id='block_1_23' title="bbox 490 1820 2075 1893">
    <p class='ocr_par' dir='ltr' id='par_1_23' title="bbox 490 1820 2075 1893">
     <span class='ocr_line' id='line_1_23' title="bbox 490 1820 2075 1893; baseline 0.002 -18"><span class='ocrx_word' id='word_1_151' title='bbox 490 1820 832 1891; x_wconf 80' lang='lat' dir='ltr'><strong>sanguinarii</strong></span> <span class='ocrx_word' id='word_1_152' title='bbox 865 1821 943 1875; x_wconf 88' lang='lat' dir='ltr'><strong>illi</strong></span> <span class='ocrx_word' id='word_1_153' title='bbox 988 1822 1301 1878; x_wconf 70' lang='lat' dir='ltr'><strong>Iudaeorum</strong></span> <span class='ocrx_word' id='word_1_154' title='bbox 1331 1823 1388 1877; x_wconf 87' lang='lat' dir='ltr'><strong>in</strong></span> <span class='ocrx_word' id='word_1_155' title='bbox 1421 1821 1699 1878; x_wconf 88' lang='lat' dir='ltr'><strong>Christum</strong></span> <span class='ocrx_word' id='word_1_156' title='bbox 1737 1821 1975 1893; x_wconf 86' lang='lat' dir='ltr'><strong>impetus</strong></span> <span class='ocrx_word' id='word_1_157' title='bbox 2018 1831 2075 1878; x_wconf 86' lang='lat' dir='ltr'><strong>et</strong></span> 
     </span>
    </p>
   </div>
   <div class='ocr_carea' id='block_1_24' title="bbox 2174 985 3749 1065">
    <p class='ocr_par' dir='ltr' id='par_1_24' title="bbox 2174 985 3749 1065">
     <span class='ocr_line' id='line_1_24' title="bbox 2174 985 3749 1065; baseline -0.004 -17"><span class='ocrx_word' id='word_1_158' title='bbox 2174 997 2301 1059; x_wconf 86' lang='grc' dir='ltr'>τοὺς</span> <span class='ocrx_word' id='word_1_159' title='bbox 2327 993 2610 1065; x_wconf 80' lang='grc' dir='ltr'>ἀδελφούς·</span> <span class='ocrx_word' id='word_1_160' title='bbox 2656 990 3025 1063; x_wconf 84' lang='grc' dir='ltr'>δεδυσφόρηκε</span> <span class='ocrx_word' id='word_1_161' title='bbox 3060 988 3118 1043; x_wconf 85' lang='grc' dir='ltr'>δὲ</span> <span class='ocrx_word' id='word_1_162' title='bbox 3156 991 3252 1044; x_wconf 74' lang='grc' dir='ltr'>καὶ</span> <span class='ocrx_word' id='word_1_163' title='bbox 3286 989 3506 1053; x_wconf 80' lang='grc' dir='ltr'><strong>Ἰούδας.</strong></span> <span class='ocrx_word' id='word_1_164' title='bbox 3541 989 3651 1042; x_wconf 79' lang='grc' dir='ltr'><strong>Καὶ</strong></span> <span class='ocrx_word' id='word_1_165' title='bbox 3680 985 3749 1060; x_wconf 86' lang='grc' dir='ltr'>ἦν</span> 
     </span>
    </p>
   </div>
   <div class='ocr_carea' id='block_1_25' title="bbox 2180 1080 3748 1159">
    <p class='ocr_par' dir='ltr' id='par_1_25' title="bbox 2180 1080 3748 1159">
     <span class='ocr_line' id='line_1_25' title="bbox 2180 1080 3748 1159; baseline 0.003 -18"><span class='ocrx_word' id='word_1_166' title='bbox 2180 1089 2278 1159; x_wconf 80' lang='grc' dir='ltr'>μὲν</span> <span class='ocrx_word' id='word_1_167' title='bbox 2322 1088 2579 1159; x_wconf 76' lang='grc' dir='ltr'>Ῥουΰεὶμ</span> <span class='ocrx_word' id='word_1_168' title='bbox 2625 1087 2991 1157; x_wconf 77' lang='grc' dir='ltr'>πρωτότοκοςο</span> <span class='ocrx_word' id='word_1_169' title='bbox 3037 1082 3238 1146; x_wconf 77' lang='grc' dir='ltr'>Ἰούδας</span> <span class='ocrx_word' id='word_1_170' title='bbox 3284 1099 3349 1151; x_wconf 80' lang='grc' dir='ltr'><strong>γε</strong></span> <span class='ocrx_word' id='word_1_171' title='bbox 3403 1080 3508 1153; x_wconf 78' lang='grc' dir='ltr'>μὴν</span> <span class='ocrx_word' id='word_1_172' title='bbox 3542 1082 3606 1134; x_wconf 76' lang='grc' dir='ltr'>ἐκ</span> <span class='ocrx_word' id='word_1_173' title='bbox 3648 1081 3748 1151; x_wconf 85' lang='grc' dir='ltr'>τῆς</span> 
     </span>
    </p>
   </div>
   <div class='ocr_carea' id='block_1_26' title="bbox 2176 1173 3747 1252">
    <p class='ocr_par' dir='ltr' id='par_1_26' title="bbox 2176 1173 3747 1252">
     <span class='ocr_line' id='line_1_26' title="bbox 2176 1173 3747 1252; baseline -0.005 -18"><span class='ocrx_word' id='word_1_174' title='bbox 2176 1183 2257 1245; x_wconf 85' lang='grc' dir='ltr'><strong>εἰς</strong></span> <span class='ocrx_word' id='word_1_175' title='bbox 2289 1180 2565 1252; x_wconf 84' lang='grc' dir='ltr'>βασιλείαν</span> <span class='ocrx_word' id='word_1_176' title='bbox 2609 1178 2952 1250; x_wconf 85' lang='grc' dir='ltr'>κεκλημένης</span> <span class='ocrx_word' id='word_1_177' title='bbox 2997 1176 3190 1247; x_wconf 83' lang='grc' dir='ltr'><strong>φυλῆς.</strong></span> <span class='ocrx_word' id='word_1_178' title='bbox 3239 1173 3452 1228; x_wconf 79' lang='grc' dir='ltr'>Οὐκοῦν</span> <span class='ocrx_word' id='word_1_179' title='bbox 3492 1173 3606 1227; x_wconf 83' lang='grc' dir='ltr'><strong>ὅσοι</strong></span> <span class='ocrx_word' id='word_1_180' title='bbox 3648 1173 3747 1244; x_wconf 82' lang='grc' dir='ltr'>τὴν</span> 
     </span>
    </p>
   </div>
   <div class='ocr_carea' id='block_1_27' title="bbox 2174 1262 3748 1344">
    <p class='ocr_par' dir='ltr' id='par_1_27' title="bbox 2174 1262 3748 1344">
     <span class='ocr_line' id='line_1_27' title="bbox 2174 1262 3748 1344; baseline -0.006 -18"><span class='ocrx_word' id='word_1_181' title='bbox 2174 1271 2267 1327; x_wconf 77' lang='grc' dir='ltr'><strong>τοῦ</strong></span> <span class='ocrx_word' id='word_1_182' title='bbox 2315 1269 2664 1344; x_wconf 75' lang='grc' dir='ltr'><strong>πρωτοτόκου</strong></span> <span class='ocrx_word' id='word_1_183' title='bbox 2697 1267 3050 1341; x_wconf 85' lang='grc' dir='ltr'>συμμορφίαν</span> <span class='ocrx_word' id='word_1_184' title='bbox 3099 1268 3548 1336; x_wconf 80' lang='grc' dir='ltr'>πεπλουτήκασι,</span> <span class='ocrx_word' id='word_1_185' title='bbox 3590 1262 3748 1333; x_wconf 75' lang='grc' dir='ltr'>εἴπερ</span> 
     </span>
    </p>
   </div>
   <div class='ocr_carea' id='block_1_28' title="bbox 2173 1355 3747 1436">
    <p class='ocr_par' dir='ltr' id='par_1_28' title="bbox 2173 1355 3747 1436">
     <span class='ocr_line' id='line_1_28' title="bbox 2173 1355 3747 1436; baseline -0.006 -17"><span class='ocrx_word' id='word_1_186' title='bbox 2173 1360 2313 1436; x_wconf 77' lang='grc' dir='ltr'>ἦσαν</span> <span class='ocrx_word' id='word_1_187' title='bbox 2338 1364 2397 1430; x_wconf 74' lang='grc' dir='ltr'><strong>ἐξ</strong></span> <span class='ocrx_word' id='word_1_188' title='bbox 2432 1362 2717 1429; x_wconf 84' lang='grc' dir='ltr'>Ἰουδαίων,</span> <span class='ocrx_word' id='word_1_189' title='bbox 2750 1364 2844 1416; x_wconf 73' lang='grc' dir='ltr'>καὶ</span> <span class='ocrx_word' id='word_1_190' title='bbox 2867 1363 2981 1414; x_wconf 81' lang='grc' dir='ltr'>ὅσοι</span> <span class='ocrx_word' id='word_1_191' title='bbox 3008 1359 3303 1430; x_wconf 80' lang='grc' dir='ltr'><strong>κέκληνται</strong></span> <span class='ocrx_word' id='word_1_192' title='bbox 3337 1356 3474 1428; x_wconf 76' lang='grc' dir='ltr'>πρὸς</span> <span class='ocrx_word' id='word_1_193' title='bbox 3504 1356 3606 1426; x_wconf 78' lang='grc' dir='ltr'>τὴν</span> <span class='ocrx_word' id='word_1_194' title='bbox 3639 1355 3747 1410; x_wconf 81' lang='grc' dir='ltr'><strong>τῶν</strong></span> 
     </span>
    </p>
   </div>
   <div class='ocr_carea' id='block_1_29' title="bbox 2174 1448 3745 1528">
    <p class='ocr_par' dir='ltr' id='par_1_29' title="bbox 2174 1448 3745 1528">
     <span class='ocr_line' id='line_1_29' title="bbox 2174 1448 3745 1528; baseline -0.006 -18"><span class='ocrx_word' id='word_1_195' title='bbox 2174 1456 2415 1528; x_wconf 82' lang='grc' dir='ltr'>οὐρανῶν</span> <span class='ocrx_word' id='word_1_196' title='bbox 2452 1454 2761 1527; x_wconf 79' lang='grc' dir='ltr'>βασιλείαν,</span> <span class='ocrx_word' id='word_1_197' title='bbox 2802 1453 2865 1505; x_wconf 84' lang='grc' dir='ltr'>τὸ</span> <span class='ocrx_word' id='word_1_198' title='bbox 2903 1451 2991 1506; x_wconf 78' lang='grc' dir='ltr'><strong>διὰ</strong></span> <span class='ocrx_word' id='word_1_199' title='bbox 3043 1448 3281 1522; x_wconf 78' lang='grc' dir='ltr'><strong>Χριστοῦ</strong></span> <span class='ocrx_word' id='word_1_200' title='bbox 3336 1448 3745 1520; x_wconf 83' lang='grc' dir='ltr'>προσηκάμενοι</span> 
     </span>
    </p>
   </div>
   <div class='ocr_carea' id='block_1_30' title="bbox 2174 1538 3747 1619">
    <p class='ocr_par' dir='ltr' id='par_1_30' title="bbox 2174 1538 3747 1619">
     <span class='ocr_line' id='line_1_30' title="bbox 2174 1538 3747 1619; baseline -0.008 -17"><span class='ocrx_word' id='word_1_201' title='bbox 2174 1550 2463 1619; x_wconf 83' lang='grc' dir='ltr'>κήρυγμα,</span> <span class='ocrx_word' id='word_1_202' title='bbox 2500 1545 2965 1617; x_wconf 85' lang='grc' dir='ltr'>δεδυσφορήκασιν</span> <span class='ocrx_word' id='word_1_203' title='bbox 2997 1542 3059 1595; x_wconf 90' lang='grc' dir='ltr'><strong>οὐ</strong></span> <span class='ocrx_word' id='word_1_204' title='bbox 3098 1540 3308 1613; x_wconf 86' lang='grc' dir='ltr'>μικρῶς</span> <span class='ocrx_word' id='word_1_205' title='bbox 3344 1540 3437 1592; x_wconf 73' lang='grc' dir='ltr'><strong>ἐπὶ</strong></span> <span class='ocrx_word' id='word_1_206' title='bbox 3474 1542 3590 1602; x_wconf 83' lang='grc' dir='ltr'>τοῖς</span> <span class='ocrx_word' id='word_1_207' title='bbox 3627 1538 3747 1592; x_wconf 82' lang='grc' dir='ltr'>κατ’</span> 
     </span>
    </p>
   </div>
   <div class='ocr_carea' id='block_1_31' title="bbox 2173 1618 3748 1710">
    <p class='ocr_par' dir='ltr' id='par_1_31' title="bbox 2173 1618 3748 1710">
     <span class='ocr_line' id='line_1_31' title="bbox 2173 1618 3748 1710; baseline -0.007 -16"><span class='ocrx_word' id='word_1_208' title='bbox 2173 1618 2339 1695; x_wconf 76' lang='grc' dir='ltr'>αὐτοῦ</span> <span class='ocrx_word' id='word_1_209' title='bbox 2356 1618 2721 1710; x_wconf 83' lang='grc' dir='ltr'>τολμήμασιν.</span> <span class='ocrx_word' id='word_1_210' title='bbox 2744 1632 2926 1690; x_wconf 85' lang='grc' dir='ltr'>Ἦσαν</span> <span class='ocrx_word' id='word_1_211' title='bbox 2947 1634 3078 1703; x_wconf 80' lang='grc' dir='ltr'>γὰρ,</span> <span class='ocrx_word' id='word_1_212' title='bbox 3102 1629 3241 1703; x_wconf 76' lang='grc' dir='ltr'>ἦσαν</span> <span class='ocrx_word' id='word_1_213' title='bbox 3266 1633 3365 1686; x_wconf 84' lang='grc' dir='ltr'><strong>οὐκ</strong></span> <span class='ocrx_word' id='word_1_214' title='bbox 3385 1630 3748 1701; x_wconf 81' lang='grc' dir='ltr'><strong>εὐαρίθμητοι</strong></span> 
     </span>
    </p>
   </div>
   <div class='ocr_carea' id='block_1_32' title="bbox 2172 1718 3749 1800">
    <p class='ocr_par' dir='ltr' id='par_1_32' title="bbox 2172 1718 3749 1800">
     <span class='ocr_line' id='line_1_32' title="bbox 2172 1718 3749 1800; baseline -0.008 -13"><span class='ocrx_word' id='word_1_215' title='bbox 2172 1732 2295 1787; x_wconf 78' lang='grc' dir='ltr'>κατ’</span> <span class='ocrx_word' id='word_1_216' title='bbox 2326 1733 2502 1785; x_wconf 77' lang='grc' dir='ltr'>έκεῖνο</span> <span class='ocrx_word' id='word_1_217' title='bbox 2552 1728 2769 1800; x_wconf 74' lang='grc' dir='ltr'>καιροῦ,</span> <span class='ocrx_word' id='word_1_218' title='bbox 2800 1725 2943 1781; x_wconf 90' lang='grc' dir='ltr'>κατά</span> <span class='ocrx_word' id='word_1_219' title='bbox 2978 1743 3037 1780; x_wconf 88' lang='grc' dir='ltr'><strong>τε</strong></span> <span class='ocrx_word' id='word_1_220' title='bbox 3081 1725 3182 1795; x_wconf 84' lang='grc' dir='ltr'>τὴν</span> <span class='ocrx_word' id='word_1_221' title='bbox 3222 1718 3584 1794; x_wconf 80' lang='grc' dir='ltr'>Ἰερουσαλὴμ</span> <span class='ocrx_word' id='word_1_222' title='bbox 3653 1721 3749 1775; x_wconf 81' lang='grc' dir='ltr'>καὶ</span> 
     </span>
    </p>
   </div>
   <div class='ocr_carea' id='block_1_33' title="bbox 2171 1812 3749 1895">
    <p class='ocr_par' dir='ltr' id='par_1_33' title="bbox 2171 1812 3749 1895">
     <span class='ocr_line' id='line_1_33' title="bbox 2171 1812 3749 1895; baseline -0.008 -19"><span class='ocrx_word' id='word_1_223' title='bbox 2171 1823 2269 1895; x_wconf 78' lang='grc' dir='ltr'>τὴν</span> <span class='ocrx_word' id='word_1_224' title='bbox 2312 1822 2506 1892; x_wconf 80' lang='grc' dir='ltr'>ἑτέραν</span> <span class='ocrx_word' id='word_1_225' title='bbox 2545 1818 2655 1873; x_wconf 87' lang='grc' dir='ltr'><strong>τῶν</strong></span> <span class='ocrx_word' id='word_1_226' title='bbox 2715 1817 2983 1873; x_wconf 84' lang='grc' dir='ltr'>Ἰουδαίων</span> <span class='ocrx_word' id='word_1_227' title='bbox 3039 1814 3244 1887; x_wconf 83' lang='grc' dir='ltr'>χώραν,</span> <span class='ocrx_word' id='word_1_228' title='bbox 3275 1815 3325 1867; x_wconf 83' lang='grc' dir='ltr'>οἱ</span> <span class='ocrx_word' id='word_1_229' title='bbox 3377 1812 3749 1884; x_wconf 82' lang='grc' dir='ltr'>λελυπημένοι</span> 
     </span>
    </p>
   </div>
   <div class='ocr_carea' id='block_1_34' title="bbox 491 1903 2069 1981">
    <p class='ocr_par' dir='ltr' id='par_1_34' title="bbox 491 1911 2069 1980">
     <span class='ocr_line' id='line_1_34' title="bbox 491 1911 2069 1980; baseline 0.004 -16"><span class='ocrx_word' id='word_1_230' title='bbox 491 1911 856 1967; x_wconf 68' lang='lat' dir='ltr'><strong>contumeliae.</strong></span> <span class='ocrx_word' id='word_1_231' title='bbox 880 1911 1243 1969; x_wconf 77' lang='lat' dir='ltr'><strong>Oﬂ‘enderunt</strong></span> <span class='ocrx_word' id='word_1_232' title='bbox 1272 1914 1419 1969; x_wconf 89' lang='lat' dir='ltr'><strong>cnim</strong></span> <span class='ocrx_word' id='word_1_233' title='bbox 1451 1914 1588 1969; x_wconf 90' lang='lat' dir='ltr'><strong>adeo</strong></span> <span class='ocrx_word' id='word_1_234' title='bbox 1612 1914 1987 1980; x_wconf 86' lang='lat' dir='ltr'><strong>vehementer,</strong></span> <span class='ocrx_word' id='word_1_235' title='bbox 2014 1922 2069 1970; x_wconf 92' lang='lat' dir='ltr'><strong>ul</strong></span> 
     </span>
    </p>
   </div>
   <div class='ocr_carea' id='block_1_35' title="bbox 2170 1903 3749 1981">
    <p class='ocr_par' dir='ltr' id='par_1_35' title="bbox 2174 1903 3749 1981">
     <span class='ocr_line' id='line_1_35' title="bbox 2174 1903 3749 1981; baseline -0.006 -16"><span class='ocrx_word' id='word_1_236' title='bbox 2174 1911 2269 1966; x_wconf 75' lang='grc' dir='ltr'>καὶ</span> <span class='ocrx_word' id='word_1_237' title='bbox 2302 1910 2739 1981; x_wconf 84' lang='grc' dir='ltr'>συναλγήσαντες</span> <span class='ocrx_word' id='word_1_238' title='bbox 2769 1907 2990 1981; x_wconf 83' lang='grc' dir='ltr'>Χριστῷ</span> <span class='ocrx_word' id='word_1_239' title='bbox 3025 1905 3403 1977; x_wconf 81' lang='grc' dir='ltr'>ἠτιμασμένῳ.</span> <span class='ocrx_word' id='word_1_240' title='bbox 3428 1903 3749 1974; x_wconf 80' lang='grc' dir='ltr'>Τεθρήνηκε</span> 
     </span>
    </p>
   </div>
   <div class='ocr_carea' id='block_1_36' title="bbox 492 2003 2073 2072">
    <p class='ocr_par' dir='ltr' id='par_1_36' title="bbox 492 2003 2073 2072">
     <span class='ocr_line' id='line_1_36' title="bbox 492 2003 2073 2072; baseline 0.003 -16"><span class='ocrx_word' id='word_1_241' title='bbox 492 2017 712 2057; x_wconf 91' lang='lat' dir='ltr'><strong>omnem</strong></span> <span class='ocrx_word' id='word_1_242' title='bbox 741 2003 1169 2060; x_wconf 90' lang='lat' dir='ltr'><strong>consolationem</strong></span> <span class='ocrx_word' id='word_1_243' title='bbox 1199 2005 1464 2072; x_wconf 90' lang='lat' dir='ltr'><strong>renuerit,</strong></span> <span class='ocrx_word' id='word_1_244' title='bbox 1495 2020 1559 2060; x_wconf 91' lang='lat' dir='ltr'><strong>ac</strong></span> <span class='ocrx_word' id='word_1_245' title='bbox 1589 2012 1799 2059; x_wconf 86' lang='lat' dir='ltr'><strong>tantum</strong></span> <span class='ocrx_word' id='word_1_246' title='bbox 1835 2020 1945 2059; x_wconf 91' lang='lat' dir='ltr'><strong>non</strong></span> <span class='ocrx_word' id='word_1_247' title='bbox 1970 2020 2073 2061; x_wconf 89' lang='lat' dir='ltr'><strong>ne-</strong></span> 
     </span>
    </p>
   </div>
   <div class='ocr_carea' id='block_1_37' title="bbox 492 2088 2069 2177">
    <p class='ocr_par' dir='ltr' id='par_1_37' title="bbox 492 2088 2069 2177">
     <span class='ocr_line' id='line_1_37' title="bbox 492 2088 2069 2177; baseline 0.004 -31"><span class='ocrx_word' id='word_1_248' title='bbox 492 2092 696 2177; x_wconf 63' lang='lat' dir='ltr'><strong>minem</strong></span> <span class='ocrx_word' id='word_1_249' title='bbox 727 2094 1034 2162; x_wconf 88' lang='lat' dir='ltr'><strong>admiserit,</strong></span> <span class='ocrx_word' id='word_1_250' title='bbox 1064 2096 1159 2167; x_wconf 90' lang='lat' dir='ltr'><strong>qui</strong></span> <span class='ocrx_word' id='word_1_251' title='bbox 1185 2112 1284 2167; x_wconf 91' lang='lat' dir='ltr'><strong>pro</strong></span> <span class='ocrx_word' id='word_1_252' title='bbox 1308 2097 1441 2168; x_wconf 90' lang='lat' dir='ltr'><strong>ipsis</strong></span> <span class='ocrx_word' id='word_1_253' title='bbox 1479 2095 1863 2152; x_wconf 87' lang='lat' dir='ltr'><strong>intercederet.</strong></span> <span class='ocrx_word' id='word_1_254' title='bbox 1913 2088 2069 2166; x_wconf 72' lang='lat'><strong>193</strong></span> 
     </span>
    </p>
   </div>
   <div class='ocr_carea' id='block_1_38' title="bbox 487 2184 2073 2258">
    <p class='ocr_par' dir='ltr' id='par_1_38' title="bbox 487 2184 2073 2258">
     <span class='ocr_line' id='line_1_38' title="bbox 487 2184 2073 2258; baseline 0.003 -18"><span class='ocrx_word' id='word_1_255' title='bbox 487 2184 624 2240; x_wconf 82' lang='lat' dir='ltr'><strong>Nam</strong></span> <span class='ocrx_word' id='word_1_256' title='bbox 653 2187 935 2258; x_wconf 68' lang='lat' dir='ltr'><strong>prophetae</strong></span> <span class='ocrx_word' id='word_1_257' title='bbox 962 2203 1338 2258; x_wconf 71' lang='lat' dir='ltr'><strong>saepenumero</strong></span> <span class='ocrx_word' id='word_1_258' title='bbox 1371 2189 1605 2245; x_wconf 84' lang='lat' dir='ltr'><strong>orabant</strong></span> <span class='ocrx_word' id='word_1_259' title='bbox 1624 2196 1682 2244; x_wconf 89' lang='lat' dir='ltr'><strong>et</strong></span> <span class='ocrx_word' id='word_1_260' title='bbox 1709 2189 2073 2245; x_wconf 85' lang='lat' dir='ltr'><strong>obsecrabant</strong></span> 
     </span>
    </p>
   </div>
   <div class='ocr_carea' id='block_1_39' title="bbox 488 2276 2070 2351">
    <p class='ocr_par' dir='ltr' id='par_1_39' title="bbox 488 2276 2070 2351">
     <span class='ocr_line' id='line_1_39' title="bbox 488 2276 2070 2351; baseline 0.003 -20"><span class='ocrx_word' id='word_1_261' title='bbox 488 2292 590 2350; x_wconf 88' lang='lat' dir='ltr'><strong>pro</strong></span> <span class='ocrx_word' id='word_1_262' title='bbox 625 2276 846 2344; x_wconf 90' lang='lat' dir='ltr'><strong>lsraele,</strong></span> <span class='ocrx_word' id='word_1_263' title='bbox 881 2287 943 2334; x_wconf 85' lang='lat' dir='ltr'><strong>ut</strong></span> <span class='ocrx_word' id='word_1_264' title='bbox 1006 2280 1190 2336; x_wconf 88' lang='lat' dir='ltr'><strong>salvus</strong></span> <span class='ocrx_word' id='word_1_265' title='bbox 1243 2280 1420 2346; x_wconf 87' lang='lat' dir='ltr'><strong>ﬁeret,</strong></span> <span class='ocrx_word' id='word_1_266' title='bbox 1460 2296 1772 2351; x_wconf 84' lang='lat' dir='ltr'><strong>quanquam</strong></span> <span class='ocrx_word' id='word_1_267' title='bbox 1824 2281 2070 2351; x_wconf 77' lang='lat' dir='ltr'><strong>graviora</strong></span> 
     </span>
    </p>
   </div>
   <div class='ocr_carea' id='block_1_40' title="bbox 488 2369 2071 2443">
    <p class='ocr_par' dir='ltr' id='par_1_40' title="bbox 488 2369 2071 2443">
     <span class='ocr_line' id='line_1_40' title="bbox 488 2369 2071 2443; baseline 0.006 -22"><span class='ocrx_word' id='word_1_268' title='bbox 488 2380 652 2437; x_wconf 84' lang='lat' dir='ltr'><strong>quam</strong></span> <span class='ocrx_word' id='word_1_269' title='bbox 700 2369 883 2425; x_wconf 81' lang='lat' dir='ltr'><strong>verbis</strong></span> <span class='ocrx_word' id='word_1_270' title='bbox 935 2370 1167 2441; x_wconf 77' lang='lat' dir='ltr'><strong>exprimi</strong></span> <span class='ocrx_word' id='word_1_271' title='bbox 1197 2371 1427 2440; x_wconf 89' lang='lat' dir='ltr'><strong>possint,</strong></span> <span class='ocrx_word' id='word_1_272' title='bbox 1477 2373 1739 2428; x_wconf 87' lang='lat' dir='ltr'><strong>adversus</strong></span> <span class='ocrx_word' id='word_1_273' title='bbox 1774 2372 2071 2443; x_wconf 82' lang='lat' dir='ltr'><strong>prophetas</strong></span> 
     </span>
    </p>
   </div>
   <div class='ocr_carea' id='block_1_41' title="bbox 490 2461 2072 2536">
    <p class='ocr_par' dir='ltr' id='par_1_41' title="bbox 490 2461 2072 2536">
     <span class='ocr_line' id='line_1_41' title="bbox 490 2461 2072 2536; baseline 0.005 -23"><span class='ocrx_word' id='word_1_274' title='bbox 490 2462 781 2529; x_wconf 85' lang='lat' dir='ltr'><strong>patrasset.</strong></span> <span class='ocrx_word' id='word_1_275' title='bbox 805 2461 952 2517; x_wconf 87' lang='lat' dir='ltr'><strong>Deus</strong></span> <span class='ocrx_word' id='word_1_276' title='bbox 971 2469 1152 2518; x_wconf 88' lang='lat' dir='ltr'><strong>autem</strong></span> <span class='ocrx_word' id='word_1_277' title='bbox 1169 2479 1310 2534; x_wconf 71' lang='lat' dir='ltr'><strong>saepe</strong></span> <span class='ocrx_word' id='word_1_278' title='bbox 1341 2463 1570 2519; x_wconf 90' lang='lat' dir='ltr'><strong>indulsit</strong></span> <span class='ocrx_word' id='word_1_279' title='bbox 1590 2465 1640 2519; x_wconf 90' lang='lat' dir='ltr'><strong>ei</strong></span> <span class='ocrx_word' id='word_1_280' title='bbox 1661 2481 1763 2536; x_wconf 91' lang='lat' dir='ltr'><strong>pro</strong></span> <span class='ocrx_word' id='word_1_281' title='bbox 1782 2481 1880 2520; x_wconf 89' lang='lat' dir='ltr'><strong>sua</strong></span> <span class='ocrx_word' id='word_1_282' title='bbox 1910 2466 2072 2522; x_wconf 85' lang='lat' dir='ltr'><strong>beni--</strong></span> 
     </span>
    </p>
   </div>
   <div class='ocr_carea' id='block_1_42' title="bbox 487 2547 2067 2624">
    <p class='ocr_par' dir='ltr' id='par_1_42' title="bbox 487 2547 2067 2624">
     <span class='ocr_line' id='line_1_42' title="bbox 487 2547 2067 2624; baseline 0.006 -23"><span class='ocrx_word' id='word_1_283' title='bbox 487 2547 1036 2623; x_wconf 66' lang='lat' dir='ltr'><strong>gnitateulomestici</strong></span> <span class='ocrx_word' id='word_1_284' title='bbox 1071 2551 1219 2607; x_wconf 90' lang='lat' dir='ltr'><strong>enim</strong></span> <span class='ocrx_word' id='word_1_285' title='bbox 1257 2560 1418 2609; x_wconf 88' lang='lat' dir='ltr'><strong>erant</strong></span> <span class='ocrx_word' id='word_1_286' title='bbox 1449 2550 1544 2623; x_wconf 86' lang='lat' dir='ltr'><strong>qui</strong></span> <span class='ocrx_word' id='word_1_287' title='bbox 1591 2553 2067 2624; x_wconf 88' lang='lat' dir='ltr'><strong>periclitabantur.</strong></span> 
     </span>
    </p>
   </div>
   <div class='ocr_carea' id='block_1_43' title="bbox 488 2639 2069 2713">
    <p class='ocr_par' dir='ltr' id='par_1_43' title="bbox 488 2639 2069 2713">
     <span class='ocr_line' id='line_1_43' title="bbox 488 2639 2069 2713; baseline 0.004 -18"><span class='ocrx_word' id='word_1_288' title='bbox 488 2641 559 2696; x_wconf 80' lang='lat' dir='ltr'><strong>At</strong></span> <span class='ocrx_word' id='word_1_289' title='bbox 582 2639 676 2695; x_wconf 88' lang='lat' dir='ltr'><strong>ubi</strong></span> <span class='ocrx_word' id='word_1_290' title='bbox 700 2640 756 2695; x_wconf 90' lang='lat' dir='ltr'><strong>in</strong></span> <span class='ocrx_word' id='word_1_291' title='bbox 772 2639 1053 2697; x_wconf 87' lang='lat' dir='ltr'><strong>Christum</strong></span> <span class='ocrx_word' id='word_1_292' title='bbox 1072 2641 1251 2713; x_wconf 90' lang='lat' dir='ltr'><strong>ipsum</strong></span> <span class='ocrx_word' id='word_1_293' title='bbox 1271 2644 1591 2701; x_wconf 90' lang='lat' dir='ltr'><strong>debacchati</strong></span> <span class='ocrx_word' id='word_1_294' title='bbox 1611 2653 1761 2710; x_wconf 88' lang='lat' dir='ltr'><strong>sunt,</strong></span> <span class='ocrx_word' id='word_1_295' title='bbox 1796 2645 1956 2701; x_wconf 88' lang='lat' dir='ltr'><strong>Pater</strong></span> <span class='ocrx_word' id='word_1_296' title='bbox 1986 2646 2069 2701; x_wconf 81' lang='lat' dir='ltr'><strong>fa-</strong></span> 
     </span>
    </p>
   </div>
   <div class='ocr_carea' id='block_1_44' title="bbox 486 2724 2069 2807">
    <p class='ocr_par' dir='ltr' id='par_1_44' title="bbox 486 2724 2069 2807">
     <span class='ocr_line' id='line_1_44' title="bbox 486 2724 2069 2807; baseline 0.004 -22"><span class='ocrx_word' id='word_1_297' title='bbox 486 2738 610 2787; x_wconf 90' lang='lat' dir='ltr'><strong>ctus</strong></span> <span class='ocrx_word' id='word_1_298' title='bbox 637 2739 723 2787; x_wconf 87' lang='lat' dir='ltr'><strong>est</strong></span> <span class='ocrx_word' id='word_1_299' title='bbox 756 2724 1129 2800; x_wconf 79' lang='lat' dir='ltr'><strong>inexorabilis,</strong></span> <span class='ocrx_word' id='word_1_300' title='bbox 1148 2742 1311 2805; x_wconf 90' lang='lat' dir='ltr'><strong>atque</strong></span> <span class='ocrx_word' id='word_1_301' title='bbox 1347 2734 1485 2790; x_wconf 91' lang='lat' dir='ltr'><strong>iram</strong></span> <span class='ocrx_word' id='word_1_302' title='bbox 1519 2734 1918 2807; x_wconf 85' lang='lat' dir='ltr'><strong>implacabilem</strong></span> <span class='ocrx_word' id='word_1_303' title='bbox 1935 2753 2069 2793; x_wconf 90' lang='lat' dir='ltr'><strong>con-</strong></span> 
     </span>
    </p>
   </div>
   <div class='ocr_carea' id='block_1_45' title="bbox 486 2818 2069 2901">
    <p class='ocr_par' dir='ltr' id='par_1_45' title="bbox 486 2818 2069 2901">
     <span class='ocr_line' id='line_1_45' title="bbox 486 2818 2069 2901; baseline 0.006 -25"><span class='ocrx_word' id='word_1_304' title='bbox 486 2822 652 2893; x_wconf 88' lang='lat' dir='ltr'><strong>cepit.</strong></span> <span class='ocrx_word' id='word_1_305' title='bbox 691 2822 814 2879; x_wconf 90' lang='lat' dir='ltr'><strong>Non</strong></span> <span class='ocrx_word' id='word_1_306' title='bbox 850 2824 999 2880; x_wconf 91' lang='lat' dir='ltr'><strong>enim</strong></span> <span class='ocrx_word' id='word_1_307' title='bbox 1034 2818 1277 2883; x_wconf 73' lang='lat' dir='ltr'><strong>fuerunt</strong></span> <span class='ocrx_word' id='word_1_308' title='bbox 1297 2826 1680 2883; x_wconf 90' lang='lat' dir='ltr'><strong>contumeliosi</strong></span> <span class='ocrx_word' id='word_1_309' title='bbox 1721 2828 1777 2883; x_wconf 91' lang='lat' dir='ltr'><strong>in</strong></span> <span class='ocrx_word' id='word_1_310' title='bbox 1825 2828 2069 2901; x_wconf 90' lang='lat' dir='ltr'><strong>prophe-</strong></span> 
     </span>
    </p>
   </div>
   <div class='ocr_carea' id='block_1_46' title="bbox 488 2902 2068 2992">
    <p class='ocr_par' dir='ltr' id='par_1_46' title="bbox 488 2902 2068 2992">
     <span class='ocr_line' id='line_1_46' title="bbox 488 2902 2068 2992; baseline 0.005 -23"><span class='ocrx_word' id='word_1_311' title='bbox 488 2902 601 2992; x_wconf 74' lang='lat' dir='ltr'><strong>tam</strong></span> <span class='ocrx_word' id='word_1_312' title='bbox 634 2916 970 2987; x_wconf 88' lang='lat' dir='ltr'><strong>quempiam,</strong></span> <span class='ocrx_word' id='word_1_313' title='bbox 993 2918 1088 2974; x_wconf 90' lang='lat' dir='ltr'><strong>sed</strong></span> <span class='ocrx_word' id='word_1_314' title='bbox 1112 2920 1168 2974; x_wconf 91' lang='lat' dir='ltr'><strong>in</strong></span> <span class='ocrx_word' id='word_1_315' title='bbox 1189 2920 1572 2976; x_wconf 88' lang='lat' dir='ltr'><strong>universorum</strong></span> <span class='ocrx_word' id='word_1_316' title='bbox 1593 2919 1952 2987; x_wconf 86' lang='lat' dir='ltr'><strong>Salvatorem,</strong></span> <span class='ocrx_word' id='word_1_317' title='bbox 1972 2919 2068 2992; x_wconf 88' lang='lat' dir='ltr'><strong>qui</strong></span> 
     </span>
    </p>
   </div>
   <div class='ocr_carea' id='block_1_47' title="bbox 487 2990 2066 3079">
    <p class='ocr_par' dir='ltr' id='par_1_47' title="bbox 487 2990 2066 3079">
     <span class='ocr_line' id='line_1_47' title="bbox 487 2990 2066 3079; baseline 0.004 -19"><span class='ocrx_word' id='word_1_318' title='bbox 487 2990 850 3074; x_wconf 77' lang='lat' dir='ltr'><strong>ipsorummet</strong></span> <span class='ocrx_word' id='word_1_319' title='bbox 870 3009 1260 3079; x_wconf 89' lang='lat' dir='ltr'><strong>prophetarum</strong></span> <span class='ocrx_word' id='word_1_320' title='bbox 1282 3011 1546 3066; x_wconf 90' lang='lat' dir='ltr'><strong>Dominus</strong></span> <span class='ocrx_word' id='word_1_321' title='bbox 1556 3020 1660 3076; x_wconf 76' lang='lat' dir='ltr'><strong>est,</strong></span> <span class='ocrx_word' id='word_1_322' title='bbox 1686 3010 1743 3065; x_wconf 90' lang='lat' dir='ltr'><strong>in</strong></span> <span class='ocrx_word' id='word_1_323' title='bbox 1765 2990 2066 3079; x_wconf 78' lang='lat' dir='ltr'><strong>Christum,</strong></span> 
     </span>
    </p>
   </div>
   <div class='ocr_carea' id='block_1_48' title="bbox 488 3094 2069 3175">
    <p class='ocr_par' dir='ltr' id='par_1_48' title="bbox 488 3094 2069 3175">
     <span class='ocr_line' id='line_1_48' title="bbox 488 3094 2069 3175; baseline 0.004 -22"><span class='ocrx_word' id='word_1_324' title='bbox 488 3096 739 3167; x_wconf 74' lang='lat' dir='ltr'><strong>inquam,</strong></span> <span class='ocrx_word' id='word_1_325' title='bbox 768 3114 869 3169; x_wconf 90' lang='lat' dir='ltr'><strong>per</strong></span> <span class='ocrx_word' id='word_1_326' title='bbox 897 3116 1059 3170; x_wconf 89' lang='lat' dir='ltr'><strong>quem</strong></span> <span class='ocrx_word' id='word_1_327' title='bbox 1099 3110 1156 3158; x_wconf 92' lang='lat' dir='ltr'><strong>et</strong></span> <span class='ocrx_word' id='word_1_328' title='bbox 1180 3118 1306 3158; x_wconf 89' lang='lat' dir='ltr'><strong>cum</strong></span> <span class='ocrx_word' id='word_1_329' title='bbox 1332 3119 1443 3175; x_wconf 90' lang='lat' dir='ltr'><strong>quo</strong></span> <span class='ocrx_word' id='word_1_330' title='bbox 1486 3103 1598 3159; x_wconf 91' lang='lat' dir='ltr'><strong>Deo</strong></span> <span class='ocrx_word' id='word_1_331' title='bbox 1624 3118 1689 3158; x_wconf 87' lang='lat' dir='ltr'><strong>ac</strong></span> <span class='ocrx_word' id='word_1_332' title='bbox 1710 3094 1857 3158; x_wconf 87' lang='lat' dir='ltr'><strong>Patri</strong></span> <span class='ocrx_word' id='word_1_333' title='bbox 1896 3100 2069 3174; x_wconf 83' lang='lat' dir='ltr'><strong>gloria</strong></span> 
     </span>
    </p>
   </div>
   <div class='ocr_carea' id='block_1_49' title="bbox 490 3190 1935 3272">
    <p class='ocr_par' dir='ltr' id='par_1_49' title="bbox 490 3190 1935 3272">
     <span class='ocr_line' id='line_1_49' title="bbox 490 3190 1935 3272; baseline 0.006 -32"><span class='ocrx_word' id='word_1_334' title='bbox 490 3198 617 3269; x_wconf 87' lang='lat' dir='ltr'><strong>cum</strong></span> <span class='ocrx_word' id='word_1_335' title='bbox 637 3198 828 3245; x_wconf 88' lang='lat' dir='ltr'><strong>sancto</strong></span> <span class='ocrx_word' id='word_1_336' title='bbox 853 3190 1142 3272; x_wconf 83' lang='lat' dir='ltr'><strong>Spirituin</strong></span> <span class='ocrx_word' id='word_1_337' title='bbox 1157 3195 1355 3250; x_wconf 62' lang='lat' dir='ltr'><strong>sacula</strong></span> <span class='ocrx_word' id='word_1_338' title='bbox 1379 3195 1722 3250; x_wconf 72' lang='lat' dir='ltr'><strong>saeculorum.</strong></span> <span class='ocrx_word' id='word_1_339' title='bbox 1741 3195 1935 3250; x_wconf 81' lang='lat' dir='ltr'><strong>Amen.</strong></span> 
     </span>
    </p>
   </div>
   <div class='ocr_carea' id='block_1_50' title="bbox 2172 1999 3750 2079">
    <p class='ocr_par' dir='ltr' id='par_1_50' title="bbox 2172 1999 3750 2079">
     <span class='ocr_line' id='line_1_50' title="bbox 2172 1999 3750 2079; baseline -0.006 -18"><span class='ocrx_word' id='word_1_340' title='bbox 2172 1999 2229 2060; x_wconf 80' lang='grc' dir='ltr'>δὲ</span> <span class='ocrx_word' id='word_1_341' title='bbox 2271 2008 2299 2061; x_wconf 90' lang='lat'><strong>6</strong></span> <span class='ocrx_word' id='word_1_342' title='bbox 2325 2006 2509 2079; x_wconf 83' lang='grc' dir='ltr'>πατὴρ</span> <span class='ocrx_word' id='word_1_343' title='bbox 2538 2004 2629 2059; x_wconf 79' lang='grc' dir='ltr'>τὸν</span> <span class='ocrx_word' id='word_1_344' title='bbox 2672 2005 2886 2076; x_wconf 80' lang='grc' dir='ltr'>Ἰωσήφ·</span> <span class='ocrx_word' id='word_1_345' title='bbox 2922 2022 2942 2055; x_wconf 84' lang='grc' dir='ltr'><strong>ι</strong></span> <span class='ocrx_word' id='word_1_346' title='bbox 2985 2003 3058 2056; x_wconf 89' lang='grc' dir='ltr'><strong>Οὐ</strong></span> <span class='ocrx_word' id='word_1_347' title='bbox 3105 2002 3214 2073; x_wconf 82' lang='grc' dir='ltr'><strong>γὰρ</strong></span> <span class='ocrx_word' id='word_1_348' title='bbox 3252 2000 3411 2072; x_wconf 74' lang='grc' dir='ltr'>ἤθελε</span> <span class='ocrx_word' id='word_1_349' title='bbox 3453 2001 3750 2069; x_wconf 86' lang='grc' dir='ltr'>παρακλη-</span> 
     </span>
    </p>
   </div>
   <div class='ocr_carea' id='block_1_51' title="bbox 2174 2090 3750 2168">
    <p class='ocr_par' dir='ltr' id='par_1_51' title="bbox 2174 2090 3750 2168">
     <span class='ocr_line' id='line_1_51' title="bbox 2174 2090 3750 2168; baseline -0.004 -16"><span class='ocrx_word' id='word_1_350' title='bbox 2174 2098 2366 2168; x_wconf 86' lang='grc' dir='ltr'>θῆναι,</span> <span class='ocrx_word' id='word_1_351' title='bbox 2402 2116 2421 2149; x_wconf 74' lang='grc' dir='ltr'><strong>ι</strong></span> <span class='ocrx_word' id='word_1_352' title='bbox 2467 2096 2652 2167; x_wconf 82' lang='grc' dir='ltr'>φησίν.</span> <span class='ocrx_word' id='word_1_353' title='bbox 2684 2094 2926 2167; x_wconf 84' lang='grc' dir='ltr'>Πάρεστι</span> <span class='ocrx_word' id='word_1_354' title='bbox 2956 2094 3019 2165; x_wconf 78' lang='grc' dir='ltr'>δὴ</span> <span class='ocrx_word' id='word_1_355' title='bbox 3045 2090 3138 2148; x_wconf 84' lang='grc' dir='ltr'>οὖν</span> <span class='ocrx_word' id='word_1_356' title='bbox 3162 2092 3454 2146; x_wconf 78' lang='grc' dir='ltr'>κάντεῦθεν</span> <span class='ocrx_word' id='word_1_357' title='bbox 3498 2093 3626 2145; x_wconf 77' lang='grc' dir='ltr'>ἰδεῖν</span> <span class='ocrx_word' id='word_1_358' title='bbox 3662 2093 3750 2146; x_wconf 84' lang='grc' dir='ltr'><strong>ὅτι</strong></span> 
     </span>
    </p>
   </div>
   <div class='ocr_carea' id='block_1_52' title="bbox 2172 2184 3751 2261">
    <p class='ocr_par' dir='ltr' id='par_1_52' title="bbox 2172 2184 3751 2261">
     <span class='ocr_line' id='line_1_52' title="bbox 2172 2184 3751 2261; baseline -0.005 -16"><span class='ocrx_word' id='word_1_359' title='bbox 2172 2191 2474 2261; x_wconf 80' lang='grc' dir='ltr'><strong>λελύπηκεν</strong></span> <span class='ocrx_word' id='word_1_360' title='bbox 2519 2190 2581 2244; x_wconf 88' lang='grc' dir='ltr'><strong>οὐ</strong></span> <span class='ocrx_word' id='word_1_361' title='bbox 2614 2187 2850 2260; x_wconf 84' lang='grc' dir='ltr'>μετρίως</span> <span class='ocrx_word' id='word_1_362' title='bbox 2874 2186 2965 2240; x_wconf 85' lang='grc' dir='ltr'><strong>τδν</strong></span> <span class='ocrx_word' id='word_1_363' title='bbox 3002 2190 3059 2240; x_wconf 97' lang='lat' dir='ltr'><strong>tv</strong></span> <span class='ocrx_word' id='word_1_364' title='bbox 3104 2186 3354 2257; x_wconf 82' lang='grc' dir='ltr'>οὐρανοῖς</span> <span class='ocrx_word' id='word_1_365' title='bbox 3396 2184 3619 2255; x_wconf 84' lang='grc' dir='ltr'>Πατέρα</span> <span class='ocrx_word' id='word_1_366' title='bbox 3649 2185 3751 2238; x_wconf 81' lang='grc' dir='ltr'>καὶ</span> 
     </span>
    </p>
   </div>
   <div class='ocr_carea' id='block_1_53' title="bbox 2171 2272 3751 2356">
    <p class='ocr_par' dir='ltr' id='par_1_53' title="bbox 2171 2272 3751 2356">
     <span class='ocr_line' id='line_1_53' title="bbox 2171 2272 3751 2356; baseline -0.006 -18"><span class='ocrx_word' id='word_1_367' title='bbox 2171 2283 2303 2338; x_wconf 81' lang='grc' dir='ltr'>Θεὸν</span> <span class='ocrx_word' id='word_1_368' title='bbox 2332 2286 2367 2356; x_wconf 82' lang='grc' dir='ltr'><strong>ἡ</strong></span> <span class='ocrx_word' id='word_1_369' title='bbox 2402 2284 2481 2348; x_wconf 80' lang='grc' dir='ltr'>εἱς</span> <span class='ocrx_word' id='word_1_370' title='bbox 2524 2281 2761 2352; x_wconf 81' lang='grc' dir='ltr'>Χριστὸν</span> <span class='ocrx_word' id='word_1_371' title='bbox 2809 2279 3068 2351; x_wconf 88' lang='grc' dir='ltr'>παροινία</span> <span class='ocrx_word' id='word_1_372' title='bbox 3097 2278 3192 2331; x_wconf 78' lang='grc' dir='ltr'>καὶ</span> <span class='ocrx_word' id='word_1_373' title='bbox 3232 2276 3300 2330; x_wconf 83' lang='grc' dir='ltr'><strong>τὰ</strong></span> <span class='ocrx_word' id='word_1_374' title='bbox 3337 2276 3595 2347; x_wconf 81' lang='grc' dir='ltr'>μιαιφόνα</span> <span class='ocrx_word' id='word_1_375' title='bbox 3634 2272 3751 2329; x_wconf 86' lang='grc' dir='ltr'><strong>τῶν</strong></span> 
     </span>
    </p>
   </div>
   <div class='ocr_carea' id='block_1_54' title="bbox 2184 2365 3752 2445">
    <p class='ocr_par' dir='ltr' id='par_1_54' title="bbox 2184 2365 3752 2445">
     <span class='ocr_line' id='line_1_54' title="bbox 2184 2365 3752 2445; baseline -0.006 -16"><span class='ocrx_word' id='word_1_376' title='bbox 2184 2374 2452 2429; x_wconf 85' lang='grc' dir='ltr'>Ἰουδαίων</span> <span class='ocrx_word' id='word_1_377' title='bbox 2498 2374 2896 2445; x_wconf 82' lang='grc' dir='ltr'>ὲγχειρήματα.</span> <span class='ocrx_word' id='word_1_378' title='bbox 2950 2368 3438 2442; x_wconf 85' lang='grc' dir='ltr'>Προσκεκρούκασι</span> <span class='ocrx_word' id='word_1_379' title='bbox 3490 2365 3546 2419; x_wconf 84' lang='grc' dir='ltr'>δὲ</span> <span class='ocrx_word' id='word_1_380' title='bbox 3600 2365 3752 2419; x_wconf 78' lang='grc' dir='ltr'>οὕτω</span> 
     </span>
    </p>
   </div>
   <div class='ocr_carea' id='block_1_55' title="bbox 2169 2456 3751 2536">
    <p class='ocr_par' dir='ltr' id='par_1_55' title="bbox 2169 2456 3751 2536">
     <span class='ocr_line' id='line_1_55' title="bbox 2169 2456 3751 2536; baseline -0.009 -13"><span class='ocrx_word' id='word_1_381' title='bbox 2169 2460 2390 2533; x_wconf 82' lang='grc' dir='ltr'>δεινῶς,</span> <span class='ocrx_word' id='word_1_382' title='bbox 2418 2466 2494 2530; x_wconf 86' lang='grc' dir='ltr'>ὡς</span> <span class='ocrx_word' id='word_1_383' title='bbox 2533 2464 2919 2536; x_wconf 84' lang='grc' dir='ltr'>παραιτεῖσθαι</span> <span class='ocrx_word' id='word_1_384' title='bbox 2966 2461 3342 2534; x_wconf 81' lang='grc' dir='ltr'>παράκλησιν,</span> <span class='ocrx_word' id='word_1_385' title='bbox 3374 2456 3658 2530; x_wconf 74' lang='grc' dir='ltr'>μονονουχὶ</span> <span class='ocrx_word' id='word_1_386' title='bbox 3692 2456 3751 2509; x_wconf 73' lang='grc' dir='ltr'>δὲ</span> 
     </span>
    </p>
   </div>
   <div class='ocr_carea' id='block_1_56' title="bbox 2172 2547 3753 2628">
    <p class='ocr_par' dir='ltr' id='par_1_56' title="bbox 2172 2547 3753 2628">
     <span class='ocr_line' id='line_1_56' title="bbox 2172 2547 3753 2628; baseline -0.008 -16"><span class='ocrx_word' id='word_1_387' title='bbox 2172 2558 2266 2612; x_wconf 78' lang='grc' dir='ltr'>καὶ</span> <span class='ocrx_word' id='word_1_388' title='bbox 2307 2556 2595 2628; x_wconf 81' lang='grc' dir='ltr'>ἀνέχεσθαι</span> <span class='ocrx_word' id='word_1_389' title='bbox 2643 2555 2871 2627; x_wconf 84' lang='grc' dir='ltr'>μηδενὸς</span> <span class='ocrx_word' id='word_1_390' title='bbox 2911 2554 3070 2625; x_wconf 80' lang='grc' dir='ltr'>εἴπερ</span> <span class='ocrx_word' id='word_1_391' title='bbox 3109 2551 3283 2606; x_wconf 76' lang='grc' dir='ltr'>ἓλοιτό</span> <span class='ocrx_word' id='word_1_392' title='bbox 3322 2566 3405 2613; x_wconf 89' lang='grc' dir='ltr'><strong>τις</strong></span> <span class='ocrx_word' id='word_1_393' title='bbox 3454 2549 3555 2613; x_wconf 78' lang='grc' dir='ltr'><strong>τὰς</strong></span> <span class='ocrx_word' id='word_1_394' title='bbox 3602 2547 3753 2619; x_wconf 84' lang='grc' dir='ltr'>ὑπὲρ</span> 
     </span>
    </p>
   </div>
   <div class='ocr_carea' id='block_1_57' title="bbox 2170 2640 3751 2716">
    <p class='ocr_par' dir='ltr' id='par_1_57' title="bbox 2170 2640 3751 2716">
     <span class='ocr_line' id='line_1_57' title="bbox 2170 2640 3751 2716; baseline -0.008 -13"><span class='ocrx_word' id='word_1_395' title='bbox 2170 2649 2349 2704; x_wconf 87' lang='grc' dir='ltr'>αὐτῶν</span> <span class='ocrx_word' id='word_1_396' title='bbox 2379 2647 2648 2702; x_wconf 84' lang='grc' dir='ltr'>ποιεῖσθαι</span> <span class='ocrx_word' id='word_1_397' title='bbox 2683 2646 2854 2711; x_wconf 88' lang='grc' dir='ltr'>λιτάς.</span> <span class='ocrx_word' id='word_1_398' title='bbox 2899 2645 3224 2716; x_wconf 81' lang='grc' dir='ltr'>Ἐλιπάρουν</span> <span class='ocrx_word' id='word_1_399' title='bbox 3254 2642 3354 2713; x_wconf 83' lang='grc' dir='ltr'>μὲν</span> <span class='ocrx_word' id='word_1_400' title='bbox 3383 2640 3495 2711; x_wconf 84' lang='grc' dir='ltr'><strong>γὰρ</strong></span> <span class='ocrx_word' id='word_1_401' title='bbox 3527 2641 3577 2694; x_wconf 82' lang='lat' dir='ltr'><strong>oi</strong></span> <span class='ocrx_word' id='word_1_402' title='bbox 3607 2656 3751 2712; x_wconf 74' lang='grc' dir='ltr'><strong>προ⁴</strong></span> 
     </span>
    </p>
   </div>
   <div class='ocr_carea' id='block_1_58' title="bbox 2170 2730 3753 2813">
    <p class='ocr_par' dir='ltr' id='par_1_58' title="bbox 2170 2730 3753 2813">
     <span class='ocr_line' id='line_1_58' title="bbox 2170 2730 3753 2813; baseline -0.007 -18"><span class='ocrx_word' id='word_1_403' title='bbox 2170 2744 2335 2813; x_wconf 80' lang='grc' dir='ltr'>φῆται</span> <span class='ocrx_word' id='word_1_404' title='bbox 2385 2740 2644 2804; x_wconf 86' lang='grc' dir='ltr'>πολλάκις</span> <span class='ocrx_word' id='word_1_405' title='bbox 2670 2781 2685 2805; x_wconf 89' lang='grc'><strong>,</strong></span> <span class='ocrx_word' id='word_1_406' title='bbox 2740 2739 2837 2793; x_wconf 54' lang='grc' dir='ltr'><strong>καὶ⁹</strong></span> <span class='ocrx_word' id='word_1_407' title='bbox 2896 2735 3167 2802; x_wconf 84' lang='grc' dir='ltr'>σώζεσθαι</span> <span class='ocrx_word' id='word_1_408' title='bbox 3239 2732 3589 2806; x_wconf 81' lang='grc' dir='ltr'>παρεκάλουν</span> <span class='ocrx_word' id='word_1_409' title='bbox 3653 2730 3753 2784; x_wconf 78' lang='grc' dir='ltr'>τὸν</span> 
     </span>
    </p>
   </div>
   <div class='ocr_carea' id='block_1_59' title="bbox 2181 2823 3752 2905">
    <p class='ocr_par' dir='ltr' id='par_1_59' title="bbox 2181 2823 3752 2905">
     <span class='ocr_line' id='line_1_59' title="bbox 2181 2823 3752 2905; baseline -0.008 -18"><span class='ocrx_word' id='word_1_410' title='bbox 2181 2833 2418 2905; x_wconf 76' lang='grc' dir='ltr'>Ἰσραήλ’</span> <span class='ocrx_word' id='word_1_411' title='bbox 2449 2832 2627 2886; x_wconf 87' lang='grc' dir='ltr'>καίτοι</span> <span class='ocrx_word' id='word_1_412' title='bbox 2648 2829 2948 2903; x_wconf 84' lang='grc' dir='ltr'>δεδρακότα</span> <span class='ocrx_word' id='word_1_413' title='bbox 2977 2827 3043 2882; x_wconf 77' lang='grc' dir='ltr'>τὰ</span> <span class='ocrx_word' id='word_1_414' title='bbox 3072 2827 3327 2881; x_wconf 75' lang='grc' dir='ltr'>ἐπέκεινα</span> <span class='ocrx_word' id='word_1_415' title='bbox 3346 2825 3508 2893; x_wconf 85' lang='grc' dir='ltr'>λόγου</span> <span class='ocrx_word' id='word_1_416' title='bbox 3538 2823 3752 2885; x_wconf 75' lang='grc' dir='ltr'>παντὸς</span> 
     </span>
    </p>
   </div>
   <div class='ocr_carea' id='block_1_60' title="bbox 2169 2913 3831 2995">
    <p class='ocr_par' dir='ltr' id='par_1_60' title="bbox 2169 2913 3831 2995">
     <span class='ocr_line' id='line_1_60' title="bbox 2169 2913 3831 2995; baseline -0.008 -18"><span class='ocrx_word' id='word_1_417' title='bbox 2169 2922 2311 2977; x_wconf 81' lang='grc' dir='ltr'>κατὰ</span> <span class='ocrx_word' id='word_1_418' title='bbox 2349 2921 2457 2975; x_wconf 83' lang='grc' dir='ltr'><strong>τῶν</strong></span> <span class='ocrx_word' id='word_1_419' title='bbox 2494 2920 2809 2995; x_wconf 70' lang='grc' dir='ltr'>προφητῶν.</span> <span class='ocrx_word' id='word_1_420' title='bbox 2854 2918 3166 2987; x_wconf 81' lang='grc' dir='ltr'>Κατενόησε</span> <span class='ocrx_word' id='word_1_421' title='bbox 3198 2916 3254 2969; x_wconf 85' lang='grc' dir='ltr'>δὲ</span> <span class='ocrx_word' id='word_1_422' title='bbox 3296 2914 3396 2985; x_wconf 81' lang='grc' dir='ltr'>τὴν</span> <span class='ocrx_word' id='word_1_423' title='bbox 3427 2913 3750 2983; x_wconf 81' lang='grc' dir='ltr'>ἡμερότητα</span> <span class='ocrx_word' id='word_1_424' title='bbox 3824 2914 3831 2921; x_wconf 73' lang='grc'><strong>“</strong></span> 
     </span>
    </p>
   </div>
   <div class='ocr_carea' id='block_1_61' title="bbox 2172 3004 3749 3082">
    <p class='ocr_par' dir='ltr' id='par_1_61' title="bbox 2172 3004 3749 3082">
     <span class='ocr_line' id='line_1_61' title="bbox 2172 3004 3749 3082; baseline -0.01 -14"><span class='ocrx_word' id='word_1_425' title='bbox 2172 3013 2429 3078; x_wconf 85' lang='grc' dir='ltr'>πολλάκις</span> <span class='ocrx_word' id='word_1_426' title='bbox 2453 3012 2585 3076; x_wconf 69' lang='grc' dir='ltr'>Θιός</span> <span class='ocrx_word' id='word_1_427' title='bbox 2604 3029 2618 3041; x_wconf 87' lang='grc'><em>’</em></span> <span class='ocrx_word' id='word_1_428' title='bbox 2654 3009 2862 3066; x_wconf 77' lang='grc' dir='ltr'>οἰκέται</span> <span class='ocrx_word' id='word_1_429' title='bbox 2887 3010 2997 3082; x_wconf 84' lang='grc' dir='ltr'>γὰρ</span> <span class='ocrx_word' id='word_1_430' title='bbox 3028 3004 3170 3080; x_wconf 81' lang='grc' dir='ltr'>ἦσαν</span> <span class='ocrx_word' id='word_1_431' title='bbox 3194 3008 3241 3060; x_wconf 81' lang='grc' dir='ltr'>οἱ</span> <span class='ocrx_word' id='word_1_432' title='bbox 3278 3004 3697 3060; x_wconf 79' lang='grc' dir='ltr'>κινδυνεύσαντε</span> <span class='ocrx_word' id='word_1_433' title='bbox 3745 3048 3749 3051; x_wconf 92' lang='grc'>.</span> 
     </span>
    </p>
   </div>
   <div class='ocr_carea' id='block_1_62' title="bbox 2182 3096 3750 3175">
    <p class='ocr_par' dir='ltr' id='par_1_62' title="bbox 2182 3096 3750 3175">
     <span class='ocr_line' id='line_1_62' title="bbox 2182 3096 3750 3175; baseline -0.008 -16"><span class='ocrx_word' id='word_1_434' title='bbox 2182 3104 2335 3159; x_wconf 75' lang='grc' dir='ltr'>Ἐπεὶ</span> <span class='ocrx_word' id='word_1_435' title='bbox 2385 3105 2444 3158; x_wconf 85' lang='grc' dir='ltr'>δὲ</span> <span class='ocrx_word' id='word_1_436' title='bbox 2497 3104 2958 3175; x_wconf 84' lang='grc' dir='ltr'>πεπαρῳνήκασιν</span> <span class='ocrx_word' id='word_1_437' title='bbox 3003 3102 3081 3163; x_wconf 77' lang='grc' dir='ltr'>εἰς</span> <span class='ocrx_word' id='word_1_438' title='bbox 3132 3098 3295 3153; x_wconf 78' lang='grc' dir='ltr'>αὐτὸν</span> <span class='ocrx_word' id='word_1_439' title='bbox 3339 3097 3430 3152; x_wconf 81' lang='grc' dir='ltr'>τὸν</span> <span class='ocrx_word' id='word_1_440' title='bbox 3482 3096 3750 3166; x_wconf 72' lang='grc' dir='ltr'>Χριστὸν.</span> 
     </span>
    </p>
   </div>
   <div class='ocr_carea' id='block_1_63' title="bbox 2172 3185 3749 3266">
    <p class='ocr_par' dir='ltr' id='par_1_63' title="bbox 2172 3185 3749 3266">
     <span class='ocr_line' id='line_1_63' title="bbox 2172 3185 3749 3266; baseline -0.008 -17"><span class='ocrx_word' id='word_1_441' title='bbox 2172 3195 2564 3266; x_wconf 83' lang='grc' dir='ltr'>ἀπαράκλητος</span> <span class='ocrx_word' id='word_1_442' title='bbox 2620 3196 2648 3249; x_wconf 86' lang='lat'><strong>6</strong></span> <span class='ocrx_word' id='word_1_443' title='bbox 2706 3193 2921 3264; x_wconf 78' lang='grc' dir='ltr'>Πατὴρ,</span> <span class='ocrx_word' id='word_1_444' title='bbox 2978 3191 3419 3261; x_wconf 83' lang='grc' dir='ltr'>δυσανάτρεπτος</span> <span class='ocrx_word' id='word_1_445' title='bbox 3466 3188 3495 3241; x_wconf 89' lang='grc' dir='ltr'><strong>ό</strong></span> <span class='ocrx_word' id='word_1_446' title='bbox 3548 3185 3749 3256; x_wconf 82' lang='grc' dir='ltr'>θυμός.</span> 
     </span>
    </p>
   </div>
   <div class='ocr_carea' id='block_1_64' title="bbox 494 3264 3754 3361">
    <p class='ocr_par' dir='ltr' id='par_1_64' title="bbox 494 3264 3754 3361">
     <span class='ocr_line' id='line_1_64' title="bbox 494 3264 3754 3361; baseline 0 -32"><span class='ocrx_word' id='word_1_447' title='bbox 494 3264 789 3350; x_wconf 62' lang='grc' dir='ltr'>⁶Ῡ6ρισται</span> <span class='ocrx_word' id='word_1_448' title='bbox 836 3266 1081 3352; x_wconf 81' lang='grc' dir='ltr'>γὰρούκ</span> <span class='ocrx_word' id='word_1_449' title='bbox 1124 3284 1206 3339; x_wconf 75' lang='grc' dir='ltr'>ἔτι</span> <span class='ocrx_word' id='word_1_450' title='bbox 1234 3304 1320 3351; x_wconf 88' lang='grc' dir='ltr'><strong>τις</strong></span> <span class='ocrx_word' id='word_1_451' title='bbox 1369 3290 1676 3359; x_wconf 79' lang='grc' dir='ltr'>προφήτης,</span> <span class='ocrx_word' id='word_1_452' title='bbox 1725 3287 1840 3340; x_wconf 83' lang='grc' dir='ltr'>ἀλλ’</span> <span class='ocrx_word' id='word_1_453' title='bbox 1886 3290 1914 3340; x_wconf 90' lang='lat'><strong>6</strong></span> <span class='ocrx_word' id='word_1_454' title='bbox 1956 3288 2063 3341; x_wconf 87' lang='grc' dir='ltr'><strong>τῶν</strong></span> <span class='ocrx_word' id='word_1_455' title='bbox 2099 3287 2236 3342; x_wconf 82' lang='grc' dir='ltr'>ὅλων</span> <span class='ocrx_word' id='word_1_456' title='bbox 2276 3264 2500 3361; x_wconf 67' lang='grc' dir='ltr'>Σωτὴρ,</span> <span class='ocrx_word' id='word_1_457' title='bbox 2569 3290 2597 3342; x_wconf 92' lang='lat'><strong>6</strong></span> <span class='ocrx_word' id='word_1_458' title='bbox 2638 3287 2917 3357; x_wconf 85' lang='grc' dir='ltr'>Δεσπότης</span> <span class='ocrx_word' id='word_1_459' title='bbox 2957 3285 3066 3339; x_wconf 87' lang='grc' dir='ltr'><strong>τῶν</strong></span> <span class='ocrx_word' id='word_1_460' title='bbox 3134 3280 3459 3355; x_wconf 78' lang='grc' dir='ltr'>προφητῶν,</span> <span class='ocrx_word' id='word_1_461' title='bbox 3498 3279 3754 3334; x_wconf 82' lang='grc' dir='ltr'>τουτέστι</span> 
     </span>
    </p>
   </div>
   <div class='ocr_carea' id='block_1_65' title="bbox 491 3362 3755 3451">
    <p class='ocr_par' dir='ltr' id='par_1_65' title="bbox 491 3362 3755 3451">
     <span class='ocr_line' id='line_1_65' title="bbox 491 3362 3755 3451; baseline 0.002 -22"><span class='ocrx_word' id='word_1_462' title='bbox 491 3362 744 3434; x_wconf 77' lang='grc' dir='ltr'>Χριστὸς,</span> <span class='ocrx_word' id='word_1_463' title='bbox 785 3368 854 3422; x_wconf 87' lang='grc' dir='ltr'><strong>δι’</strong></span> <span class='ocrx_word' id='word_1_464' title='bbox 897 3363 961 3424; x_wconf 77' lang='grc' dir='ltr'><strong>οὗ</strong></span> <span class='ocrx_word' id='word_1_465' title='bbox 1003 3373 1098 3427; x_wconf 82' lang='grc' dir='ltr'>καὶ</span> <span class='ocrx_word' id='word_1_466' title='bbox 1137 3375 1257 3444; x_wconf 80' lang='grc' dir='ltr'>μεθ’</span> <span class='ocrx_word' id='word_1_467' title='bbox 1290 3368 1351 3430; x_wconf 80' lang='grc' dir='ltr'><strong>οὗ</strong></span> <span class='ocrx_word' id='word_1_468' title='bbox 1392 3376 1471 3448; x_wconf 82' lang='grc' dir='ltr'>τῷ</span> <span class='ocrx_word' id='word_1_469' title='bbox 1515 3377 1634 3449; x_wconf 88' lang='grc' dir='ltr'>Θεῷ</span> <span class='ocrx_word' id='word_1_470' title='bbox 1681 3379 1776 3430; x_wconf 68' lang='grc' dir='ltr'>καὶ</span> <span class='ocrx_word' id='word_1_471' title='bbox 1820 3379 1996 3450; x_wconf 78' lang='grc' dir='ltr'>Πατρὶ</span> <span class='ocrx_word' id='word_1_472' title='bbox 2061 3381 2094 3451; x_wconf 84' lang='grc' dir='ltr'><strong>ὴ</strong></span> <span class='ocrx_word' id='word_1_473' title='bbox 2134 3379 2261 3445; x_wconf 78' lang='grc' dir='ltr'>δόξα</span> <span class='ocrx_word' id='word_1_474' title='bbox 2294 3382 2391 3435; x_wconf 78' lang='grc' dir='ltr'>σὺν</span> <span class='ocrx_word' id='word_1_475' title='bbox 2431 3381 2573 3451; x_wconf 82' lang='grc' dir='ltr'>ἁγίῳ</span> <span class='ocrx_word' id='word_1_476' title='bbox 2604 3381 2884 3450; x_wconf 76' lang='grc' dir='ltr'>Πνεύματι</span> <span class='ocrx_word' id='word_1_477' title='bbox 2925 3379 3005 3439; x_wconf 87' lang='grc' dir='ltr'><strong>είς</strong></span> <span class='ocrx_word' id='word_1_478' title='bbox 3069 3377 3196 3439; x_wconf 82' lang='grc' dir='ltr'>τοὺς</span> <span class='ocrx_word' id='word_1_479' title='bbox 3228 3373 3432 3435; x_wconf 81' lang='grc' dir='ltr'>αἰῶνας</span> <span class='ocrx_word' id='word_1_480' title='bbox 3463 3371 3576 3426; x_wconf 77' lang='grc' dir='ltr'>τῶν</span> <span class='ocrx_word' id='word_1_481' title='bbox 3618 3369 3755 3424; x_wconf 66' lang='grc' dir='ltr'><strong>αῐώ·</strong></span> 
     </span>
    </p>
   </div>
   <div class='ocr_carea' id='block_1_66' title="bbox 491 3458 860 3528">
    <p class='ocr_par' dir='ltr' id='par_1_66' title="bbox 491 3458 860 3528">
     <span class='ocr_line' id='line_1_66' title="bbox 491 3458 860 3528; baseline 0.016 -21"><span class='ocrx_word' id='word_1_482' title='bbox 491 3471 621 3510; x_wconf 92' lang='grc' dir='ltr'>νων.</span> <span class='ocrx_word' id='word_1_483' title='bbox 665 3458 860 3528; x_wconf 82' lang='grc' dir='ltr'>Ἀμήν.</span> 
     </span>
    </p>
   </div>
   <div class='ocr_carea' id='block_1_67' title="bbox 974 3568 1583 3636">
    <p class='ocr_par' dir='ltr' id='par_1_67' title="bbox 974 3568 1583 3636">
     <span class='ocr_line' id='line_1_67' title="bbox 974 3568 1583 3636; baseline 0.013 -8"><span class='ocrx_word' id='word_1_484' title='bbox 974 3572 1052 3629; x_wconf 82' lang='lat' dir='ltr'><strong>De</strong></span> <span class='ocrx_word' id='word_1_485' title='bbox 1083 3568 1225 3630; x_wconf 73' lang='grc' dir='ltr'>Ιιιὶία</span> <span class='ocrx_word' id='word_1_486' title='bbox 1254 3588 1303 3632; x_wconf 83' lang='lat' dir='ltr'><strong>et</strong></span> <span class='ocrx_word' id='word_1_487' title='bbox 1334 3578 1583 3636; x_wconf 82' lang='lat' dir='ltr'><strong>Thamar.</strong></span> 
     </span>
    </p>
   </div>
   <div class='ocr_carea' id='block_1_68' title="bbox 559 3678 2072 3766">
    <p class='ocr_par' dir='ltr' id='par_1_68' title="bbox 559 3678 2072 3766">
     <span class='ocr_line' id='line_1_68' title="bbox 559 3678 2072 3766; baseline 0.012 -33"><span class='ocrx_word' id='word_1_488' title='bbox 559 3681 586 3734; x_wconf 79' lang='grc'><strong>1</strong></span> <span class='ocrx_word' id='word_1_489' title='bbox 598 3719 611 3733; x_wconf 94' lang='grc'><strong>.</strong></span> <span class='ocrx_word' id='word_1_490' title='bbox 631 3679 843 3752; x_wconf 77' lang='lat' dir='ltr'><strong>Scopas</strong></span> <span class='ocrx_word' id='word_1_491' title='bbox 857 3691 1021 3755; x_wconf 82' lang='lat' dir='ltr'><strong>atque</strong></span> <span class='ocrx_word' id='word_1_492' title='bbox 1047 3686 1279 3744; x_wconf 88' lang='lat' dir='ltr'><strong>intentio</strong></span> <span class='ocrx_word' id='word_1_493' title='bbox 1294 3688 1591 3761; x_wconf 61' lang='lat' dir='ltr'><strong>Scriptura</strong></span> <span class='ocrx_word' id='word_1_494' title='bbox 1605 3680 1870 3749; x_wconf 75' lang='lat' dir='ltr'><strong>divinitus</strong></span> <span class='ocrx_word' id='word_1_495' title='bbox 1897 3678 1949 3750; x_wconf 72' lang='lat' dir='ltr'><strong>in</strong></span> <span class='ocrx_word' id='word_1_496' title='bbox 1957 3695 2072 3766; x_wconf 84' lang='lat' dir='ltr'><strong>s&#39;pi-</strong></span> 
     </span>
    </p>
   </div>
   <div class='ocr_carea' id='block_1_69' title="bbox 490 3778 2073 3854">
    <p class='ocr_par' dir='ltr' id='par_1_69' title="bbox 490 3778 2073 3854">
     <span class='ocr_line' id='line_1_69' title="bbox 490 3778 2073 3854; baseline 0.009 -27"><span class='ocrx_word' id='word_1_497' title='bbox 490 3780 625 3829; x_wconf 62' lang='lat' dir='ltr'><strong>rata:</strong></span> <span class='ocrx_word' id='word_1_498' title='bbox 645 3783 751 3840; x_wconf 85' lang='lat' dir='ltr'><strong>est,</strong></span> <span class='ocrx_word' id='word_1_499' title='bbox 777 3781 839 3829; x_wconf 85' lang='lat' dir='ltr'><strong>ut</strong></span> <span class='ocrx_word' id='word_1_500' title='bbox 861 3778 1194 3849; x_wconf 78' lang='lat' dir='ltr'><strong>mysterium</strong></span> <span class='ocrx_word' id='word_1_501' title='bbox 1207 3779 1413 3838; x_wconf 80' lang='lat' dir='ltr'><strong>Christi</strong></span> <span class='ocrx_word' id='word_1_502' title='bbox 1434 3790 1535 3854; x_wconf 87' lang='lat' dir='ltr'><strong>per</strong></span> <span class='ocrx_word' id='word_1_503' title='bbox 1570 3784 1814 3841; x_wconf 81' lang='lat' dir='ltr'><strong>infinitas</strong></span> <span class='ocrx_word' id='word_1_504' title='bbox 1834 3786 1951 3843; x_wconf 80' lang='lat' dir='ltr'><strong>fere</strong></span> <span class='ocrx_word' id='word_1_505' title='bbox 1982 3802 2073 3842; x_wconf 90' lang='lat' dir='ltr'><strong>res</strong></span> 
     </span>
    </p>
   </div>
   <div class='ocr_carea' id='block_1_70' title="bbox 487 3865 2073 3948">
    <p class='ocr_par' dir='ltr' id='par_1_70' title="bbox 487 3865 2073 3948">
     <span class='ocr_line' id='line_1_70' title="bbox 487 3865 2073 3948; baseline 0.01 -29"><span class='ocrx_word' id='word_1_506' title='bbox 487 3865 649 3921; x_wconf 89' lang='lat' dir='ltr'><strong>nobis</strong></span> <span class='ocrx_word' id='word_1_507' title='bbox 663 3865 930 3939; x_wconf 77' lang='lat' dir='ltr'><strong>designet.</strong></span> <span class='ocrx_word' id='word_1_508' title='bbox 955 3869 1144 3941; x_wconf 83' lang='lat' dir='ltr'><strong>Neque</strong></span> <span class='ocrx_word' id='word_1_509' title='bbox 1171 3871 1448 3929; x_wconf 86' lang='lat' dir='ltr'><strong>immerito</strong></span> <span class='ocrx_word' id='word_1_510' title='bbox 1481 3876 1607 3945; x_wconf 83' lang='lat' dir='ltr'><strong>quis</strong></span> <span class='ocrx_word' id='word_1_511' title='bbox 1627 3890 1748 3932; x_wconf 87' lang='lat' dir='ltr'><strong>eam</strong></span> <span class='ocrx_word' id='word_1_512' title='bbox 1773 3878 2073 3948; x_wconf 67' lang='lat' dir='ltr'><strong>splendida:</strong></span> 
     </span>
    </p>
   </div>
   <div class='ocr_carea' id='block_1_71' title="bbox 489 3958 2071 4039">
    <p class='ocr_par' dir='ltr' id='par_1_71' title="bbox 489 3958 2071 4039">
     <span class='ocr_line' id='line_1_71' title="bbox 489 3958 2071 4039; baseline 0.009 -28"><span class='ocrx_word' id='word_1_513' title='bbox 489 3968 554 4011; x_wconf 75' lang='lat' dir='ltr'><strong>ac</strong></span> <span class='ocrx_word' id='word_1_514' title='bbox 573 3958 874 4030; x_wconf 67' lang='lat' dir='ltr'><strong>magniﬁca:</strong></span> <span class='ocrx_word' id='word_1_515' title='bbox 894 3961 1105 4018; x_wconf 82' lang='lat' dir='ltr'><strong>civitati</strong></span> <span class='ocrx_word' id='word_1_516' title='bbox 1128 3965 1545 4035; x_wconf 80' lang='lat' dir='ltr'><strong>comparaverit,</strong></span> <span class='ocrx_word' id='word_1_517' title='bbox 1569 3983 1692 4038; x_wconf 69' lang='lat' dir='ltr'><strong>quas</strong></span> <span class='ocrx_word' id='word_1_518' title='bbox 1713 3969 1935 4039; x_wconf 58' lang='lat' dir='ltr'><strong>quidam</strong></span> <span class='ocrx_word' id='word_1_519' title='bbox 1958 3985 2071 4025; x_wconf 90' lang='lat' dir='ltr'><strong>non</strong></span> 
     </span>
    </p>
   </div>
   <div class='ocr_carea' id='block_1_72' title="bbox 490 4050 2071 4126">
    <p class='ocr_par' dir='ltr' id='par_1_72' title="bbox 490 4050 2071 4126">
     <span class='ocr_line' id='line_1_72' title="bbox 490 4050 2071 4126; baseline 0.01 -26"><span class='ocrx_word' id='word_1_520' title='bbox 490 4053 657 4103; x_wconf 75' lang='lat' dir='ltr'><strong>unam</strong></span> <span class='ocrx_word' id='word_1_521' title='bbox 692 4050 781 4105; x_wconf 85' lang='lat' dir='ltr'><strong>sui</strong></span> <span class='ocrx_word' id='word_1_522' title='bbox 824 4053 972 4122; x_wconf 74' lang='lat' dir='ltr'><strong>regis</strong></span> <span class='ocrx_word' id='word_1_523' title='bbox 994 4061 1093 4108; x_wconf 85' lang='lat' dir='ltr'><strong>aut</strong></span> <span class='ocrx_word' id='word_1_524' title='bbox 1127 4054 1479 4125; x_wconf 85' lang='lat' dir='ltr'><strong>imperatoris</strong></span> <span class='ocrx_word' id='word_1_525' title='bbox 1500 4058 1667 4115; x_wconf 85' lang='lat' dir='ltr'><strong>habet</strong></span> <span class='ocrx_word' id='word_1_526' title='bbox 1688 4066 1945 4126; x_wconf 86' lang='lat' dir='ltr'><strong>statuam,</strong></span> <span class='ocrx_word' id='word_1_527' title='bbox 1974 4061 2071 4116; x_wconf 80' lang='lat' dir='ltr'><strong>sed</strong></span> 
     </span>
    </p>
   </div>
   <div class='ocr_carea' id='block_1_73' title="bbox 489 4140 2071 4216">
    <p class='ocr_par' dir='ltr' id='par_1_73' title="bbox 489 4140 2071 4216">
     <span class='ocr_line' id='line_1_73' title="bbox 489 4140 2071 4216; baseline 0.01 -23"><span class='ocrx_word' id='word_1_528' title='bbox 489 4140 756 4208; x_wconf 85' lang='lat' dir='ltr'><strong>plurimas</strong></span> <span class='ocrx_word' id='word_1_529' title='bbox 789 4149 844 4196; x_wconf 87' lang='lat' dir='ltr'><strong>et</strong></span> <span class='ocrx_word' id='word_1_530' title='bbox 867 4143 1091 4211; x_wconf 86' lang='lat' dir='ltr'><strong>quidem</strong></span> <span class='ocrx_word' id='word_1_531' title='bbox 1122 4144 1179 4199; x_wconf 88' lang='lat' dir='ltr'><strong>in</strong></span> <span class='ocrx_word' id='word_1_532' title='bbox 1208 4146 1331 4202; x_wconf 88' lang='lat' dir='ltr'><strong>loco</strong></span> <span class='ocrx_word' id='word_1_533' title='bbox 1366 4148 1569 4204; x_wconf 86' lang='lat' dir='ltr'><strong>celebri</strong></span> <span class='ocrx_word' id='word_1_534' title='bbox 1612 4151 1836 4216; x_wconf 85' lang='lat' dir='ltr'><strong>locatas,</strong></span> <span class='ocrx_word' id='word_1_535' title='bbox 1882 4154 1977 4208; x_wconf 89' lang='lat' dir='ltr'><strong>ubi</strong></span> <span class='ocrx_word' id='word_1_536' title='bbox 2001 4154 2071 4209; x_wconf 89' lang='lat' dir='ltr'><strong>ab</strong></span> 
     </span>
    </p>
   </div>
   <div class='ocr_carea' id='block_1_74' title="bbox 489 4231 2073 4311">
    <p class='ocr_par' dir='ltr' id='par_1_74' title="bbox 489 4231 2073 4311">
     <span class='ocr_line' id='line_1_74' title="bbox 489 4231 2073 4311; baseline 0.011 -28"><span class='ocrx_word' id='word_1_537' title='bbox 489 4231 748 4286; x_wconf 87' lang='lat' dir='ltr'><strong>omnibus</strong></span> <span class='ocrx_word' id='word_1_538' title='bbox 770 4233 1202 4301; x_wconf 82' lang='lat' dir='ltr'><strong>conspiciantur.</strong></span> <span class='ocrx_word' id='word_1_539' title='bbox 1228 4236 1367 4294; x_wconf 74' lang='lat' dir='ltr'><strong>Vide</strong></span> <span class='ocrx_word' id='word_1_540' title='bbox 1402 4239 1553 4293; x_wconf 83' lang='lat' dir='ltr'><strong>enim</strong></span> <span class='ocrx_word' id='word_1_541' title='bbox 1598 4248 1708 4309; x_wconf 83' lang='lat' dir='ltr'><strong>quo</strong></span> <span class='ocrx_word' id='word_1_542' title='bbox 1755 4252 1918 4311; x_wconf 90' lang='lat' dir='ltr'><strong>pacto</strong></span> <span class='ocrx_word' id='word_1_543' title='bbox 1950 4245 2073 4299; x_wconf 87' lang='lat' dir='ltr'><strong>nul-</strong></span> 
     </span>
    </p>
   </div>
   <div class='ocr_carea' id='block_1_75' title="bbox 490 4317 2070 4394">
    <p class='ocr_par' dir='ltr' id='par_1_75' title="bbox 490 4317 2070 4394">
     <span class='ocr_line' id='line_1_75' title="bbox 490 4317 2070 4394; baseline 0.011 -22"><span class='ocrx_word' id='word_1_544' title='bbox 490 4317 571 4373; x_wconf 83' lang='lat' dir='ltr'><strong>las</strong></span> <span class='ocrx_word' id='word_1_545' title='bbox 598 4333 689 4374; x_wconf 88' lang='lat' dir='ltr'><strong>res</strong></span> <span class='ocrx_word' id='word_1_546' title='bbox 719 4327 919 4390; x_wconf 73' lang='lat' dir='ltr'><strong>gestas,</strong></span> <span class='ocrx_word' id='word_1_547' title='bbox 946 4336 1070 4391; x_wconf 75' lang='lat' dir='ltr'><strong>quae</strong></span> <span class='ocrx_word' id='word_1_548' title='bbox 1090 4323 1160 4379; x_wconf 84' lang='lat' dir='ltr'><strong>ad</strong></span> <span class='ocrx_word' id='word_1_549' title='bbox 1198 4324 1306 4382; x_wconf 82' lang='lat' dir='ltr'><strong>hoc</strong></span> <span class='ocrx_word' id='word_1_550' title='bbox 1333 4327 1646 4394; x_wconf 80' lang='lat' dir='ltr'><strong>conferunt,</strong></span> <span class='ocrx_word' id='word_1_551' title='bbox 1696 4331 1951 4388; x_wconf 82' lang='lat' dir='ltr'><strong>omittat:</strong></span> <span class='ocrx_word' id='word_1_552' title='bbox 1973 4332 2070 4389; x_wconf 82' lang='lat' dir='ltr'><strong>sed</strong></span> 
     </span>
    </p>
   </div>
   <div class='ocr_carea' id='block_1_76' title="bbox 488 4410 2068 4489">
    <p class='ocr_par' dir='ltr' id='par_1_76' title="bbox 488 4410 2068 4489">
     <span class='ocr_line' id='line_1_76' title="bbox 488 4410 2068 4489; baseline 0.008 -23"><span class='ocrx_word' id='word_1_553' title='bbox 488 4410 733 4481; x_wconf 74' lang='lat' dir='ltr'><strong>singulas</strong></span> <span class='ocrx_word' id='word_1_554' title='bbox 767 4418 823 4467; x_wconf 85' lang='lat' dir='ltr'><strong>et</strong></span> <span class='ocrx_word' id='word_1_555' title='bbox 866 4412 1151 4470; x_wconf 68' lang='lat' dir='ltr'><strong>uniVersas</strong></span> <span class='ocrx_word' id='word_1_556' title='bbox 1177 4426 1562 4489; x_wconf 82' lang='lat' dir='ltr'><strong>prosequatur.</strong></span> <span class='ocrx_word' id='word_1_557' title='bbox 1599 4420 1716 4476; x_wconf 90' lang='lat' dir='ltr'><strong>Etsi</strong></span> <span class='ocrx_word' id='word_1_558' title='bbox 1760 4438 1892 4479; x_wconf 89' lang='lat' dir='ltr'><strong>vero</strong></span> <span class='ocrx_word' id='word_1_559' title='bbox 1925 4438 2068 4478; x_wconf 82' lang='lat' dir='ltr'><strong>non-</strong></span> 
     </span>
    </p>
   </div>
   <div class='ocr_carea' id='block_1_77' title="bbox 488 4502 2068 4584">
    <p class='ocr_par' dir='ltr' id='par_1_77' title="bbox 488 4502 2068 4584">
     <span class='ocr_line' id='line_1_77' title="bbox 488 4502 2068 4584; baseline 0.012 -32"><span class='ocrx_word' id='word_1_560' title='bbox 488 4513 769 4569; x_wconf 86' lang='lat' dir='ltr'><strong>nunquam</strong></span> <span class='ocrx_word' id='word_1_561' title='bbox 791 4508 971 4557; x_wconf 77' lang='lat' dir='ltr'><strong>textus</strong></span> <span class='ocrx_word' id='word_1_562' title='bbox 992 4502 1236 4562; x_wconf 61' lang='lat' dir='ltr'><strong>historiae</strong></span> <span class='ocrx_word' id='word_1_563' title='bbox 1249 4506 1500 4564; x_wconf 82' lang='lat' dir='ltr'><strong>videatur</strong></span> <span class='ocrx_word' id='word_1_564' title='bbox 1521 4522 1715 4581; x_wconf 81' lang='lat' dir='ltr'><strong>parum</strong></span> <span class='ocrx_word' id='word_1_565' title='bbox 1736 4514 2068 4584; x_wconf 86' lang='lat' dir='ltr'><strong>aptus,nihil</strong></span> 
     </span>
    </p>
   </div>
   <div class='ocr_carea' id='block_1_78' title="bbox 488 4591 2066 4676">
    <p class='ocr_par' dir='ltr' id='par_1_78' title="bbox 488 4591 2066 4676">
     <span class='ocr_line' id='line_1_78' title="bbox 488 4591 2066 4676; baseline 0.013 -33"><span class='ocrx_word' id='word_1_566' title='bbox 488 4597 674 4645; x_wconf 85' lang='lat' dir='ltr'><strong>tamen</strong></span> <span class='ocrx_word' id='word_1_567' title='bbox 694 4591 800 4651; x_wconf 85' lang='lat' dir='ltr'><strong>hoc</strong></span> <span class='ocrx_word' id='word_1_568' title='bbox 826 4592 1056 4664; x_wconf 84' lang='lat' dir='ltr'><strong>impedit</strong></span> <span class='ocrx_word' id='word_1_569' title='bbox 1083 4599 1378 4667; x_wconf 90' lang='lat' dir='ltr'><strong>quominus</strong></span> <span class='ocrx_word' id='word_1_570' title='bbox 1416 4600 1472 4657; x_wconf 89' lang='lat' dir='ltr'><strong>id</strong></span> <span class='ocrx_word' id='word_1_571' title='bbox 1521 4604 1668 4672; x_wconf 89' lang='lat' dir='ltr'><strong>quod</strong></span> <span class='ocrx_word' id='word_1_572' title='bbox 1724 4607 2066 4676; x_wconf 84' lang='lat' dir='ltr'><strong>propositum</strong></span> 
     </span>
    </p>
   </div>
   <div class='ocr_carea' id='block_1_79' title="bbox 490 4679 2067 4767">
    <p class='ocr_par' dir='ltr' id='par_1_79' title="bbox 490 4679 2067 4767">
     <span class='ocr_line' id='line_1_79' title="bbox 490 4679 2067 4767; baseline 0.012 -32"><span class='ocrx_word' id='word_1_573' title='bbox 490 4679 592 4752; x_wconf 86' lang='lat' dir='ltr'><strong>ipsi</strong></span> <span class='ocrx_word' id='word_1_574' title='bbox 625 4692 729 4747; x_wconf 90' lang='lat' dir='ltr'><strong>est,</strong></span> <span class='ocrx_word' id='word_1_575' title='bbox 754 4683 897 4740; x_wconf 88' lang='lat' dir='ltr'><strong>bene</strong></span> <span class='ocrx_word' id='word_1_576' title='bbox 935 4695 1191 4744; x_wconf 62' lang='lat' dir='ltr'><strong>conterat</strong></span> <span class='ocrx_word' id='word_1_577' title='bbox 1214 4700 1377 4761; x_wconf 88' lang='lat' dir='ltr'><strong>atque</strong></span> <span class='ocrx_word' id='word_1_578' title='bbox 1399 4693 1665 4750; x_wconf 86' lang='lat' dir='ltr'><strong>absolvat.</strong></span> <span class='ocrx_word' id='word_1_579' title='bbox 1703 4697 1892 4767; x_wconf 87' lang='lat' dir='ltr'><strong>Neque</strong></span> <span class='ocrx_word' id='word_1_580' title='bbox 1917 4701 2067 4756; x_wconf 89' lang='lat' dir='ltr'><strong>enim</strong></span> 
     </span>
    </p>
   </div>
   <div class='ocr_carea' id='block_1_80' title="bbox 487 4770 2067 4861">
    <p class='ocr_par' dir='ltr' id='par_1_80' title="bbox 487 4770 2067 4861">
     <span class='ocr_line' id='line_1_80' title="bbox 487 4770 2067 4861; baseline 0.013 -36"><span class='ocrx_word' id='word_1_581' title='bbox 487 4770 637 4827; x_wconf 86' lang='lat' dir='ltr'><strong>illius</strong></span> <span class='ocrx_word' id='word_1_582' title='bbox 655 4786 855 4845; x_wconf 77' lang='lat' dir='ltr'><strong>scopas</strong></span> <span class='ocrx_word' id='word_1_583' title='bbox 874 4783 980 4843; x_wconf 90' lang='lat' dir='ltr'><strong>est,</strong></span> <span class='ocrx_word' id='word_1_584' title='bbox 1010 4787 1073 4833; x_wconf 90' lang='lat' dir='ltr'><strong>ut</strong></span> <span class='ocrx_word' id='word_1_585' title='bbox 1091 4778 1261 4833; x_wconf 83' lang='lat' dir='ltr'><strong>vitam</strong></span> <span class='ocrx_word' id='word_1_586' title='bbox 1295 4790 1609 4838; x_wconf 88' lang='lat' dir='ltr'><strong>sanctorum</strong></span> <span class='ocrx_word' id='word_1_587' title='bbox 1631 4796 1867 4856; x_wconf 81' lang='lat' dir='ltr'><strong>exponat</strong></span> <span class='ocrx_word' id='word_1_588' title='bbox 1888 4788 2067 4861; x_wconf 75' lang='lat' dir='ltr'><strong>(longe</strong></span> 
     </span>
    </p>
   </div>
   <div class='ocr_carea' id='block_1_81' title="bbox 2322 3548 3461 3653">
    <p class='ocr_par' dir='ltr' id='par_1_81' title="bbox 2322 3548 3461 3653">
     <span class='ocr_line' id='line_1_81' title="bbox 2322 3548 3461 3653; baseline -0.007 -13"><span class='ocrx_word' id='word_1_589' title='bbox 2322 3548 2329 3559; x_wconf 29' lang='lat'><strong>&#39;</strong></span> <span class='ocrx_word' id='word_1_590' title='bbox 2414 3584 2556 3653; x_wconf 79' lang='grc' dir='ltr'>Περὶ</span> <span class='ocrx_word' id='word_1_591' title='bbox 2592 3583 2699 3638; x_wconf 85' lang='grc' dir='ltr'>τοῦ</span> <span class='ocrx_word' id='word_1_592' title='bbox 2740 3580 2935 3639; x_wconf 84' lang='grc' dir='ltr'>Ἰούδα</span> <span class='ocrx_word' id='word_1_593' title='bbox 2961 3578 3060 3634; x_wconf 79' lang='grc' dir='ltr'>καὶ</span> <span class='ocrx_word' id='word_1_594' title='bbox 3096 3577 3207 3647; x_wconf 76' lang='grc' dir='ltr'>τῆς</span> <span class='ocrx_word' id='word_1_595' title='bbox 3243 3578 3461 3647; x_wconf 83' lang='grc' dir='ltr'>Θάμαρ,</span> 
     </span>
    </p>
   </div>
   <div class='ocr_carea' id='block_1_82' title="bbox 2242 3688 3760 3767">
    <p class='ocr_par' dir='ltr' id='par_1_82' title="bbox 2242 3688 3760 3767">
     <span class='ocr_line' id='line_1_82' title="bbox 2242 3688 3760 3767; baseline -0.007 -14"><span class='ocrx_word' id='word_1_596' title='bbox 2242 3699 2314 3755; x_wconf 88' lang='grc' dir='ltr'><strong>α’.</strong></span> <span class='ocrx_word' id='word_1_597' title='bbox 2360 3695 2566 3760; x_wconf 82' lang='grc' dir='ltr'>Σκοπὸς</span> <span class='ocrx_word' id='word_1_598' title='bbox 2612 3698 2680 3767; x_wconf 76' lang='grc' dir='ltr'><strong>τῇ</strong></span> <span class='ocrx_word' id='word_1_599' title='bbox 2726 3692 3072 3763; x_wconf 82' lang='grc' dir='ltr'>θεοπνεύστῳ</span> <span class='ocrx_word' id='word_1_600' title='bbox 3120 3692 3349 3762; x_wconf 77' lang='grc' dir='ltr'>Γραφῇ,</span> <span class='ocrx_word' id='word_1_601' title='bbox 3398 3688 3461 3744; x_wconf 83' lang='grc' dir='ltr'><strong>τδ</strong></span> <span class='ocrx_word' id='word_1_602' title='bbox 3503 3689 3760 3761; x_wconf 76' lang='grc' dir='ltr'>Χριστοῦ</span> 
     </span>
    </p>
   </div>
   <div class='ocr_carea' id='block_1_83' title="bbox 2175 3779 3777 3862">
    <p class='ocr_par' dir='ltr' id='par_1_83' title="bbox 2175 3779 3777 3862">
     <span class='ocr_line' id='line_1_83' title="bbox 2175 3779 3777 3862; baseline -0.007 -20"><span class='ocrx_word' id='word_1_603' title='bbox 2175 3790 2475 3862; x_wconf 87' lang='grc' dir='ltr'>μυστήριον</span> <span class='ocrx_word' id='word_1_604' title='bbox 2493 3786 2580 3840; x_wconf 82' lang='grc' dir='ltr'><strong>διὰ</strong></span> <span class='ocrx_word' id='word_1_605' title='bbox 2611 3786 2820 3858; x_wconf 89' lang='grc' dir='ltr'>μυρίων</span> <span class='ocrx_word' id='word_1_606' title='bbox 2846 3785 2984 3838; x_wconf 83' lang='grc' dir='ltr'>ὅσων</span> <span class='ocrx_word' id='word_1_607' title='bbox 3009 3783 3142 3855; x_wconf 77' lang='grc' dir='ltr'>ἡμῖν</span> <span class='ocrx_word' id='word_1_608' title='bbox 3165 3779 3557 3850; x_wconf 84' lang='grc' dir='ltr'>κατασημῆναι</span> <span class='ocrx_word' id='word_1_609' title='bbox 3578 3794 3777 3851; x_wconf 84' lang='grc' dir='ltr'>πραγ-</span> 
     </span>
    </p>
   </div>
   <div class='ocr_carea' id='block_1_84' title="bbox 2176 3872 3767 3952">
    <p class='ocr_par' dir='ltr' id='par_1_84' title="bbox 2176 3872 3767 3952">
     <span class='ocr_line' id='line_1_84' title="bbox 2176 3872 3767 3952; baseline -0.007 -17"><span class='ocrx_word' id='word_1_610' title='bbox 2176 3881 2382 3952; x_wconf 87' lang='grc' dir='ltr'>μάτων.</span> <span class='ocrx_word' id='word_1_611' title='bbox 2424 3878 2770 3951; x_wconf 86' lang='grc' dir='ltr'>Παρεικάσαι</span> <span class='ocrx_word' id='word_1_612' title='bbox 2806 3874 2853 3930; x_wconf 83' lang='grc' dir='ltr'>δ’</span> <span class='ocrx_word' id='word_1_613' title='bbox 2901 3875 2967 3929; x_wconf 80' lang='grc' dir='ltr'>ἄν</span> <span class='ocrx_word' id='word_1_614' title='bbox 3018 3890 3104 3937; x_wconf 88' lang='grc' dir='ltr'><strong>τις</strong></span> <span class='ocrx_word' id='word_1_615' title='bbox 3156 3873 3327 3944; x_wconf 80' lang='grc' dir='ltr'>αὐτὴν</span> <span class='ocrx_word' id='word_1_616' title='bbox 3372 3872 3614 3944; x_wconf 84' lang='grc' dir='ltr'>λαμπρᾷ</span> <span class='ocrx_word' id='word_1_617' title='bbox 3665 3872 3767 3926; x_wconf 67' lang='grc' dir='ltr'>καὶ</span> 
     </span>
    </p>
   </div>
   <div class='ocr_carea' id='block_1_85' title="bbox 2172 3962 3763 4040">
    <p class='ocr_par' dir='ltr' id='par_1_85' title="bbox 2172 3962 3763 4040">
     <span class='ocr_line' id='line_1_85' title="bbox 2172 3962 3763 4040; baseline -0.004 -15"><span class='ocrx_word' id='word_1_618' title='bbox 2172 3971 2490 4040; x_wconf 81' lang='grc' dir='ltr'>άξιαγάστῳ</span> <span class='ocrx_word' id='word_1_619' title='bbox 2514 3969 2690 4033; x_wconf 87' lang='grc' dir='ltr'>πόλει,</span> <span class='ocrx_word' id='word_1_620' title='bbox 2722 3968 2815 4022; x_wconf 75' lang='grc' dir='ltr'>καὶ</span> <span class='ocrx_word' id='word_1_621' title='bbox 2854 3968 2916 4021; x_wconf 91' lang='grc' dir='ltr'><strong>οὐ</strong></span> <span class='ocrx_word' id='word_1_622' title='bbox 2947 3967 3076 4037; x_wconf 85' lang='grc' dir='ltr'>μίαν</span> <span class='ocrx_word' id='word_1_623' title='bbox 3109 3963 3311 4037; x_wconf 73' lang='grc' dir='ltr'>ἐχούσῃ</span> <span class='ocrx_word' id='word_1_624' title='bbox 3343 3966 3442 4032; x_wconf 79' lang='grc' dir='ltr'>τὴν</span> <span class='ocrx_word' id='word_1_625' title='bbox 3478 3962 3763 4033; x_wconf 73' lang='grc' dir='ltr'>βασιλέως</span> 
     </span>
    </p>
   </div>
   <div class='ocr_carea' id='block_1_86' title="bbox 2170 4050 3765 4124">
    <p class='ocr_par' dir='ltr' id='par_1_86' title="bbox 2170 4050 3765 4124">
     <span class='ocr_line' id='line_1_86' title="bbox 2170 4050 3765 4124; baseline -0.008 -10"><span class='ocrx_word' id='word_1_626' title='bbox 2170 4061 2377 4124; x_wconf 78' lang='grc' dir='ltr'>εἰκόνα,</span> <span class='ocrx_word' id='word_1_627' title='bbox 2415 4057 2675 4121; x_wconf 89' lang='grc' dir='ltr'>πλείστας</span> <span class='ocrx_word' id='word_1_628' title='bbox 2701 4056 2758 4109; x_wconf 85' lang='grc' dir='ltr'>δὲ</span> <span class='ocrx_word' id='word_1_629' title='bbox 2784 4057 2934 4120; x_wconf 79' lang='grc' dir='ltr'>ὅσας,</span> <span class='ocrx_word' id='word_1_630' title='bbox 2969 4053 3066 4108; x_wconf 75' lang='grc' dir='ltr'>καὶ</span> <span class='ocrx_word' id='word_1_631' title='bbox 3090 4055 3146 4105; x_wconf 88' lang='lat' dir='ltr'><strong>tv</strong></span> <span class='ocrx_word' id='word_1_632' title='bbox 3172 4052 3324 4121; x_wconf 85' lang='grc' dir='ltr'>τόπῳ</span> <span class='ocrx_word' id='word_1_633' title='bbox 3357 4051 3521 4104; x_wconf 75' lang='grc' dir='ltr'>παντὶ</span> <span class='ocrx_word' id='word_1_634' title='bbox 3548 4050 3765 4103; x_wconf 83' lang='grc' dir='ltr'>ἀνατε-</span> 
     </span>
    </p>
   </div>
   <div class='ocr_carea' id='block_1_87' title="bbox 2170 4134 3764 4222">
    <p class='ocr_par' dir='ltr' id='par_1_87' title="bbox 2170 4134 3764 4222">
     <span class='ocr_line' id='line_1_87' title="bbox 2170 4134 3764 4222; baseline -0.008 -15"><span class='ocrx_word' id='word_1_635' title='bbox 2170 4151 2427 4222; x_wconf 86' lang='grc' dir='ltr'>θειμένας</span> <span class='ocrx_word' id='word_1_636' title='bbox 2450 4148 2784 4221; x_wconf 80' lang='grc' dir='ltr'>περιφανῶς.</span> <span class='ocrx_word' id='word_1_637' title='bbox 2811 4147 2911 4201; x_wconf 80' lang='grc' dir='ltr'><strong>Ἀθ</strong></span> <span class='ocrx_word' id='word_1_638' title='bbox 2922 4164 3003 4217; x_wconf 84' lang='grc' dir='ltr'><strong>ρει</strong></span> <span class='ocrx_word' id='word_1_639' title='bbox 3032 4144 3140 4217; x_wconf 84' lang='grc' dir='ltr'>γὰρ</span> <span class='ocrx_word' id='word_1_640' title='bbox 3166 4144 3314 4206; x_wconf 84' lang='grc' dir='ltr'>ὅπως</span> <span class='ocrx_word' id='word_1_641' title='bbox 3338 4134 3445 4195; x_wconf 83' lang='grc' dir='ltr'><strong>τῶν</strong></span> <span class='ocrx_word' id='word_1_642' title='bbox 3475 4142 3558 4204; x_wconf 85' lang='grc' dir='ltr'><strong>είς</strong></span> <span class='ocrx_word' id='word_1_643' title='bbox 3590 4141 3764 4195; x_wconf 80' lang='grc' dir='ltr'>τοῦτο</span> 
     </span>
    </p>
   </div>
   <div class='ocr_carea' id='block_1_88' title="bbox 2168 4233 3768 4312">
    <p class='ocr_par' dir='ltr' id='par_1_88' title="bbox 2168 4233 3768 4312">
     <span class='ocr_line' id='line_1_88' title="bbox 2168 4233 3768 4312; baseline -0.006 -15"><span class='ocrx_word' id='word_1_644' title='bbox 2168 4244 2465 4298; x_wconf 83' lang='grc' dir='ltr'>τελούντων</span> <span class='ocrx_word' id='word_1_645' title='bbox 2495 4241 2850 4312; x_wconf 82' lang='grc' dir='ltr'>διηγημάτων</span> <span class='ocrx_word' id='word_1_646' title='bbox 2877 4239 3029 4293; x_wconf 80' lang='grc' dir='ltr'>οὐδὲν</span> <span class='ocrx_word' id='word_1_647' title='bbox 3067 4237 3164 4308; x_wconf 81' lang='grc' dir='ltr'>μὲν</span> <span class='ocrx_word' id='word_1_648' title='bbox 3192 4233 3455 4305; x_wconf 83' lang='grc' dir='ltr'>παρίησιν</span> <span class='ocrx_word' id='word_1_649' title='bbox 3474 4274 3489 4299; x_wconf 91' lang='grc'><strong>,</strong></span> <span class='ocrx_word' id='word_1_650' title='bbox 3522 4233 3768 4306; x_wconf 77' lang='grc' dir='ltr'>ἔρχεται</span> 
     </span>
    </p>
   </div>
   <div class='ocr_carea' id='block_1_89' title="bbox 2168 4324 3766 4400">
    <p class='ocr_par' dir='ltr' id='par_1_89' title="bbox 2168 4324 3766 4400">
     <span class='ocr_line' id='line_1_89' title="bbox 2168 4324 3766 4400; baseline -0.006 -12"><span class='ocrx_word' id='word_1_651' title='bbox 2168 4335 2224 4389; x_wconf 80' lang='grc' dir='ltr'>δὲ</span> <span class='ocrx_word' id='word_1_652' title='bbox 2267 4334 2357 4388; x_wconf 82' lang='grc' dir='ltr'>διὰ</span> <span class='ocrx_word' id='word_1_653' title='bbox 2386 4333 2627 4387; x_wconf 89' lang='grc' dir='ltr'>πάντων.</span> <span class='ocrx_word' id='word_1_654' title='bbox 2658 4331 2776 4386; x_wconf 82' lang='grc' dir='ltr'>Κᾶν</span> <span class='ocrx_word' id='word_1_655' title='bbox 2804 4333 2852 4383; x_wconf 77' lang='grc' dir='ltr'>εἰ</span> <span class='ocrx_word' id='word_1_656' title='bbox 2883 4329 2995 4400; x_wconf 80' lang='grc' dir='ltr'>ἑχοι</span> <span class='ocrx_word' id='word_1_657' title='bbox 3027 4345 3081 4381; x_wconf 87' lang='grc' dir='ltr'><strong>τι</strong></span> <span class='ocrx_word' id='word_1_658' title='bbox 3107 4327 3171 4381; x_wconf 79' lang='grc' dir='ltr'>τὸ</span> <span class='ocrx_word' id='word_1_659' title='bbox 3207 4324 3439 4387; x_wconf 77' lang='grc' dir='ltr'>ἀκαλλὲς</span> <span class='ocrx_word' id='word_1_660' title='bbox 3466 4324 3571 4393; x_wconf 86' lang='grc' dir='ltr'>τῆς</span> <span class='ocrx_word' id='word_1_661' title='bbox 3608 4328 3766 4379; x_wconf 76' lang='grc' dir='ltr'>ἱστο-</span> 
     </span>
    </p>
   </div>
   <div class='ocr_carea' id='block_1_90' title="bbox 2172 4416 3765 4499">
    <p class='ocr_par' dir='ltr' id='par_1_90' title="bbox 2172 4416 3765 4499">
     <span class='ocr_line' id='line_1_90' title="bbox 2172 4416 3765 4499; baseline -0.003 -19"><span class='ocrx_word' id='word_1_662' title='bbox 2172 4427 2293 4499; x_wconf 82' lang='grc' dir='ltr'>ρίας</span> <span class='ocrx_word' id='word_1_663' title='bbox 2323 4428 2350 4479; x_wconf 86' lang='lat'><strong>6</strong></span> <span class='ocrx_word' id='word_1_664' title='bbox 2387 4424 2581 4493; x_wconf 86' lang='grc' dir='ltr'>λόγος,</span> <span class='ocrx_word' id='word_1_665' title='bbox 2607 4422 2673 4476; x_wconf 82' lang='grc' dir='ltr'><strong>δι’</strong></span> <span class='ocrx_word' id='word_1_666' title='bbox 2713 4421 2928 4484; x_wconf 84' lang='grc' dir='ltr'>οὐδενὸς</span> <span class='ocrx_word' id='word_1_667' title='bbox 2961 4424 3194 4477; x_wconf 84' lang='grc' dir='ltr'>ποιεῖται</span> <span class='ocrx_word' id='word_1_668' title='bbox 3248 4422 3320 4477; x_wconf 85' lang='grc' dir='ltr'><strong>τὰ</strong></span> <span class='ocrx_word' id='word_1_669' title='bbox 3343 4416 3523 4471; x_wconf 58' lang='grc' dir='ltr'>τοιάδε</span> <span class='ocrx_word' id='word_1_670' title='bbox 3556 4419 3765 4489; x_wconf 70' lang='grc' dir='ltr'>τυχὸν,</span> 
     </span>
    </p>
   </div>
   <div class='ocr_carea' id='block_1_91' title="bbox 2164 4511 3760 4588">
    <p class='ocr_par' dir='ltr' id='par_1_91' title="bbox 2164 4511 3760 4588">
     <span class='ocr_line' id='line_1_91' title="bbox 2164 4511 3760 4588; baseline -0.008 -14"><span class='ocrx_word' id='word_1_671' title='bbox 2164 4518 2222 4584; x_wconf 76' lang='grc' dir='ltr'><strong>ές</strong></span> <span class='ocrx_word' id='word_1_672' title='bbox 2250 4519 2297 4572; x_wconf 86' lang='grc' dir='ltr'>τ’</span> <span class='ocrx_word' id='word_1_673' title='bbox 2319 4517 2385 4572; x_wconf 85' lang='grc' dir='ltr'>ἂν</span> <span class='ocrx_word' id='word_1_674' title='bbox 2428 4517 2567 4588; x_wconf 85' lang='grc' dir='ltr'>αὐτῇ</span> <span class='ocrx_word' id='word_1_675' title='bbox 2609 4516 2671 4569; x_wconf 80' lang='grc' dir='ltr'>τὸ</span> <span class='ocrx_word' id='word_1_676' title='bbox 2720 4517 3077 4587; x_wconf 86' lang='grc' dir='ltr'>προκείμενον</span> <span class='ocrx_word' id='word_1_677' title='bbox 3118 4517 3478 4586; x_wconf 78' lang='grc' dir='ltr'>ὲξυφαινηται</span> <span class='ocrx_word' id='word_1_678' title='bbox 3533 4511 3760 4574; x_wconf 83' lang='grc' dir='ltr'>καλῶς·</span> 
     </span>
    </p>
   </div>
   <div class='ocr_carea' id='block_1_92' title="bbox 2168 4605 3766 4682">
    <p class='ocr_par' dir='ltr' id='par_1_92' title="bbox 2168 4605 3766 4682">
     <span class='ocr_line' id='line_1_92' title="bbox 2168 4605 3766 4682; baseline -0.006 -13"><span class='ocrx_word' id='word_1_679' title='bbox 2168 4611 2453 4670; x_wconf 87' lang='grc' dir='ltr'>Ποιεῖσθαι</span> <span class='ocrx_word' id='word_1_680' title='bbox 2479 4611 2589 4681; x_wconf 82' lang='grc' dir='ltr'>γὰρ</span> <span class='ocrx_word' id='word_1_681' title='bbox 2632 4610 2972 4682; x_wconf 75' lang='grc' dir='ltr'>κατάρῤησιν</span> <span class='ocrx_word' id='word_1_682' title='bbox 3014 4611 3113 4682; x_wconf 85' lang='grc' dir='ltr'><strong>τῆς</strong></span> <span class='ocrx_word' id='word_1_683' title='bbox 3139 4611 3253 4665; x_wconf 85' lang='grc' dir='ltr'><strong>τῶν</strong></span> <span class='ocrx_word' id='word_1_684' title='bbox 3287 4610 3459 4678; x_wconf 78' lang='grc' dir='ltr'>ἁγίων</span> <span class='ocrx_word' id='word_1_685' title='bbox 3488 4605 3652 4675; x_wconf 80' lang='grc' dir='ltr'>ζωῆς</span> <span class='ocrx_word' id='word_1_686' title='bbox 3695 4607 3766 4661; x_wconf 86' lang='grc' dir='ltr'><strong>οὐ</strong></span> 
     </span>
    </p>
   </div>
   <div class='ocr_carea' id='block_1_93' title="bbox 2168 4699 3767 4775">
    <p class='ocr_par' dir='ltr' id='par_1_93' title="bbox 2168 4699 3767 4775">
     <span class='ocr_line' id='line_1_93' title="bbox 2168 4699 3767 4775; baseline -0.005 -15"><span class='ocrx_word' id='word_1_687' title='bbox 2168 4704 2370 4768; x_wconf 81' lang='grc' dir='ltr'>σκοπὸς</span> <span class='ocrx_word' id='word_1_688' title='bbox 2396 4705 2555 4775; x_wconf 81' lang='grc' dir='ltr'>αὐτῇ·</span> <span class='ocrx_word' id='word_1_689' title='bbox 2592 4702 2788 4757; x_wconf 83' lang='grc' dir='ltr'>πολλοῦ</span> <span class='ocrx_word' id='word_1_690' title='bbox 2825 4720 2891 4772; x_wconf 87' lang='grc' dir='ltr'><strong>γε</strong></span> <span class='ocrx_word' id='word_1_691' title='bbox 2918 4703 3013 4756; x_wconf 79' lang='grc' dir='ltr'>καὶ</span> <span class='ocrx_word' id='word_1_692' title='bbox 3039 4702 3139 4756; x_wconf 81' lang='grc' dir='ltr'>δεῑ’</span> <span class='ocrx_word' id='word_1_693' title='bbox 3163 4701 3495 4773; x_wconf 76' lang='grc' dir='ltr'>διαμορφοῦν</span> <span class='ocrx_word' id='word_1_694' title='bbox 3516 4700 3581 4753; x_wconf 68' lang='grc' dir='ltr'>δὲ</span> <span class='ocrx_word' id='word_1_695' title='bbox 3615 4699 3767 4770; x_wconf 80' lang='grc' dir='ltr'><strong>μᾶλ-</strong></span> 
     </span>
    </p>
   </div>
   <div class='ocr_carea' id='block_1_94' title="bbox 2164 4787 3765 4867">
    <p class='ocr_par' dir='ltr' id='par_1_94' title="bbox 2164 4787 3765 4867">
     <span class='ocr_line' id='line_1_94' title="bbox 2164 4787 3765 4867; baseline -0.004 -16"><span class='ocrx_word' id='word_1_696' title='bbox 2164 4797 2256 4851; x_wconf 90' lang='grc' dir='ltr'><strong>λον</strong></span> <span class='ocrx_word' id='word_1_697' title='bbox 2300 4799 2433 4867; x_wconf 79' lang='grc' dir='ltr'>ἡμῖν</span> <span class='ocrx_word' id='word_1_698' title='bbox 2469 4794 2564 4849; x_wconf 81' lang='grc' dir='ltr'>τοῦ</span> <span class='ocrx_word' id='word_1_699' title='bbox 2615 4797 2914 4866; x_wconf 87' lang='grc' dir='ltr'>μυστηρίου</span> <span class='ocrx_word' id='word_1_700' title='bbox 2939 4793 3045 4863; x_wconf 83' lang='grc' dir='ltr'>τὴν</span> <span class='ocrx_word' id='word_1_701' title='bbox 3076 4794 3299 4864; x_wconf 89' lang='grc' dir='ltr'>γνῶσίν,</span> <span class='ocrx_word' id='word_1_702' title='bbox 3330 4794 3400 4847; x_wconf 86' lang='grc' dir='ltr'><strong>δι’</strong></span> <span class='ocrx_word' id='word_1_703' title='bbox 3433 4787 3510 4847; x_wconf 80' lang='grc' dir='ltr'><strong>ὧν</strong></span> <span class='ocrx_word' id='word_1_704' title='bbox 3538 4794 3616 4846; x_wconf 82' lang='grc' dir='ltr'>ἂν</span> <span class='ocrx_word' id='word_1_705' title='bbox 3654 4792 3765 4861; x_wconf 82' lang='grc' dir='ltr'>γέ-</span> 
     </span>
    </p>
   </div>
   <div class='ocr_carea' id='block_1_95' title="bbox 484 4864 2069 4966">
    <p class='ocr_par' dir='ltr' id='par_1_95' title="bbox 484 4864 2066 4966">
     <span class='ocr_line' id='line_1_95' title="bbox 484 4864 2066 4966; baseline 0.011 -47"><span class='ocrx_word' id='word_1_706' title='bbox 484 4864 635 4966; x_wconf 75' lang='lat' dir='ltr'><strong>enim</strong></span> <span class='ocrx_word' id='word_1_707' title='bbox 657 4865 858 4966; x_wconf 75' lang='lat' dir='ltr'><strong>abest),</strong></span> <span class='ocrx_word' id='word_1_708' title='bbox 883 4869 979 4926; x_wconf 86' lang='lat' dir='ltr'><strong>sed</strong></span> <span class='ocrx_word' id='word_1_709' title='bbox 997 4870 1184 4941; x_wconf 88' lang='lat' dir='ltr'><strong>potius</strong></span> <span class='ocrx_word' id='word_1_710' title='bbox 1198 4881 1259 4928; x_wconf 92' lang='lat' dir='ltr'><strong>ut</strong></span> <span class='ocrx_word' id='word_1_711' title='bbox 1277 4890 1378 4932; x_wconf 92' lang='lat' dir='ltr'><strong>nos</strong></span> <span class='ocrx_word' id='word_1_712' title='bbox 1400 4878 1643 4947; x_wconf 80' lang='lat' dir='ltr'><strong>mysterii</strong></span> <span class='ocrx_word' id='word_1_713' title='bbox 1662 4877 1866 4935; x_wconf 84' lang='lat' dir='ltr'><strong>Christi</strong></span> <span class='ocrx_word' id='word_1_714' title='bbox 1881 4881 2066 4953; x_wconf 79' lang='lat' dir='ltr'><strong>cogni-</strong></span> 
     </span>
    </p>
   </div>
   <div class='ocr_carea' id='block_1_96' title="bbox 2170 4864 3767 4966">
    <p class='ocr_par' dir='ltr' id='par_1_96' title="bbox 2170 4864 3767 4959">
     <span class='ocr_line' id='line_1_96' title="bbox 2170 4864 3767 4959; baseline -0.005 -15"><span class='ocrx_word' id='word_1_715' title='bbox 2170 4864 2527 4959; x_wconf 38' lang='lat' dir='ltr'><strong>vononcatpﬁ;</strong></span> <span class='ocrx_word' id='word_1_716' title='bbox 2572 4864 2633 4939; x_wconf 80' lang='grc' dir='ltr'><strong>τε</strong></span> <span class='ocrx_word' id='word_1_717' title='bbox 2677 4864 3022 4956; x_wconf 43' lang='lat' dir='ltr'><strong>“tamen;</strong></span> <span class='ocrx_word' id='word_1_718' title='bbox 3063 4887 3093 4939; x_wconf 74' lang='grc' dir='ltr'>ὁ</span> <span class='ocrx_word' id='word_1_719' title='bbox 3122 4887 3209 4940; x_wconf 81' lang='grc' dir='ltr'><strong>ἐπ’</strong></span> <span class='ocrx_word' id='word_1_720' title='bbox 3244 4885 3393 4956; x_wconf 84' lang='grc' dir='ltr'>αὐτῷ</span> <span class='ocrx_word' id='word_1_721' title='bbox 3435 4884 3624 4953; x_wconf 88' lang='grc' dir='ltr'>λόγος·</span> <span class='ocrx_word' id='word_1_722' title='bbox 3659 4885 3767 4937; x_wconf 78' lang='grc' dir='ltr'>καὶ</span> 
     </span>
    </p>
   </div>
   <div class='ocr_carea' id='block_1_97' title="bbox 488 4955 2061 5040">
    <p class='ocr_par' dir='ltr' id='par_1_97' title="bbox 488 4955 2061 5040">
     <span class='ocr_line' id='line_1_97' title="bbox 488 4955 2061 5040; baseline 0.013 -31"><span class='ocrx_word' id='word_1_723' title='bbox 488 4955 636 5011; x_wconf 81' lang='lat' dir='ltr'><strong>tione</strong></span> <span class='ocrx_word' id='word_1_724' title='bbox 657 4957 896 5016; x_wconf 87' lang='lat' dir='ltr'><strong>instruat</strong></span> <span class='ocrx_word' id='word_1_725' title='bbox 924 4977 1024 5032; x_wconf 90' lang='lat' dir='ltr'><strong>per</strong></span> <span class='ocrx_word' id='word_1_726' title='bbox 1044 4964 1380 5035; x_wconf 82' lang='lat' dir='ltr'><strong>ejuscemodi</strong></span> <span class='ocrx_word' id='word_1_727' title='bbox 1402 4982 1515 5035; x_wconf 89' lang='lat' dir='ltr'><strong>res,</strong></span> <span class='ocrx_word' id='word_1_728' title='bbox 1552 4970 1752 5040; x_wconf 89' lang='lat' dir='ltr'><strong>quibus</strong></span> <span class='ocrx_word' id='word_1_729' title='bbox 1776 4973 2061 5030; x_wconf 74' lang='lat' dir='ltr'><strong>manifesta</strong></span> 
     </span>
    </p>
   </div>
   <div class='ocr_carea' id='block_1_98' title="bbox 484 5048 2061 5133">
    <p class='ocr_par' dir='ltr' id='par_1_98' title="bbox 484 5048 2061 5133">
     <span class='ocr_line' id='line_1_98' title="bbox 484 5048 2061 5133; baseline 0.014 -33"><span class='ocrx_word' id='word_1_730' title='bbox 484 5060 725 5117; x_wconf 81' lang='lat' dir='ltr'><strong>veraque</strong></span> <span class='ocrx_word' id='word_1_731' title='bbox 763 5048 833 5106; x_wconf 86' lang='lat' dir='ltr'><strong>de</strong></span> <span class='ocrx_word' id='word_1_732' title='bbox 865 5051 985 5122; x_wconf 87' lang='lat' dir='ltr'><strong>ipso</strong></span> <span class='ocrx_word' id='word_1_733' title='bbox 1022 5056 1200 5112; x_wconf 89' lang='lat' dir='ltr'><strong>oratio</strong></span> <span class='ocrx_word' id='word_1_734' title='bbox 1230 5058 1350 5114; x_wconf 82' lang='lat' dir='ltr'><strong>ﬁeri</strong></span> <span class='ocrx_word' id='word_1_735' title='bbox 1397 5067 1604 5130; x_wconf 86' lang='lat' dir='ltr'><strong>potest;</strong></span> <span class='ocrx_word' id='word_1_736' title='bbox 1639 5078 1708 5118; x_wconf 81' lang='lat' dir='ltr'><strong>ex</strong></span> <span class='ocrx_word' id='word_1_737' title='bbox 1731 5079 1842 5133; x_wconf 90' lang='lat' dir='ltr'><strong>quo</strong></span> <span class='ocrx_word' id='word_1_738' title='bbox 1866 5073 1922 5119; x_wconf 90' lang='lat' dir='ltr'><strong>et</strong></span> <span class='ocrx_word' id='word_1_739' title='bbox 1971 5082 2061 5122; x_wconf 84' lang='lat' dir='ltr'><strong>re-</strong></span> 
     </span>
    </p>
   </div>
   <div class='ocr_carea' id='block_1_99' title="bbox 485 5138 2061 5217">
    <p class='ocr_par' dir='ltr' id='par_1_99' title="bbox 485 5138 2061 5217">
     <span class='ocr_line' id='line_1_99' title="bbox 485 5138 2061 5217; baseline 0.011 -24"><span class='ocrx_word' id='word_1_740' title='bbox 485 5138 751 5207; x_wconf 85' lang='lat' dir='ltr'><strong>prehendi</strong></span> <span class='ocrx_word' id='word_1_741' title='bbox 771 5144 983 5213; x_wconf 88' lang='lat' dir='ltr'><strong>nequit,</strong></span> <span class='ocrx_word' id='word_1_742' title='bbox 1021 5149 1177 5217; x_wconf 85' lang='lat' dir='ltr'><strong>quasi</strong></span> <span class='ocrx_word' id='word_1_743' title='bbox 1205 5165 1237 5205; x_wconf 92' lang='lat' dir='ltr'><strong>a</strong></span> <span class='ocrx_word' id='word_1_744' title='bbox 1260 5164 1392 5206; x_wconf 87' lang='lat' dir='ltr'><strong>vero</strong></span> <span class='ocrx_word' id='word_1_745' title='bbox 1424 5152 1752 5210; x_wconf 86' lang='lat' dir='ltr'><strong>aberrasset.</strong></span> <span class='ocrx_word' id='word_1_746' title='bbox 1786 5154 2061 5211; x_wconf 85' lang='lat' dir='ltr'><strong>Describi-</strong></span> 
     </span>
    </p>
   </div>
   <div class='ocr_carea' id='block_1_100' title="bbox 486 5231 2062 5304">
    <p class='ocr_par' dir='ltr' id='par_1_100' title="bbox 486 5231 2062 5304">
     <span class='ocr_line' id='line_1_100' title="bbox 486 5231 2062 5304; baseline 0.012 -21"><span class='ocrx_word' id='word_1_747' title='bbox 486 5236 576 5284; x_wconf 85' lang='lat' dir='ltr'><strong>tur</strong></span> <span class='ocrx_word' id='word_1_748' title='bbox 605 5231 790 5303; x_wconf 77' lang='lat' dir='ltr'><strong>itaque</strong></span> <span class='ocrx_word' id='word_1_749' title='bbox 811 5235 1214 5304; x_wconf 88' lang='lat' dir='ltr'><strong>quodammodo</strong></span> <span class='ocrx_word' id='word_1_750' title='bbox 1240 5242 1401 5298; x_wconf 90' lang='lat' dir='ltr'><strong>nobis</strong></span> <span class='ocrx_word' id='word_1_751' title='bbox 1425 5258 1643 5299; x_wconf 89' lang='lat' dir='ltr'><strong>rursum</strong></span> <span class='ocrx_word' id='word_1_752' title='bbox 1682 5245 1739 5299; x_wconf 88' lang='lat' dir='ltr'><strong>in</strong></span> <span class='ocrx_word' id='word_1_753' title='bbox 1766 5245 1905 5301; x_wconf 78' lang='lat' dir='ltr'><strong>Juda</strong></span> <span class='ocrx_word' id='word_1_754' title='bbox 1927 5256 1985 5301; x_wconf 90' lang='lat' dir='ltr'><strong>et</strong></span> <span class='ocrx_word' id='word_1_755' title='bbox 2006 5248 2062 5304; x_wconf 90' lang='lat' dir='ltr'><strong>in</strong></span> 
     </span>
    </p>
   </div>
   <div class='ocr_carea' id='block_1_101' title="bbox 403 5317 2057 5410">
    <p class='ocr_par' dir='ltr' id='par_1_101' title="bbox 403 5317 2057 5410">
     <span class='ocr_line' id='line_1_101' title="bbox 403 5317 2057 5410; baseline 0.013 -37"><span class='ocrx_word' id='word_1_756' title='bbox 403 5384 412 5405; x_wconf 48' lang='lat'><strong><em>&#39;</em></strong></span> <span class='ocrx_word' id='word_1_757' title='bbox 487 5317 724 5378; x_wconf 86' lang='lat' dir='ltr'><strong>Thamar</strong></span> <span class='ocrx_word' id='word_1_758' title='bbox 743 5322 1133 5386; x_wconf 87' lang='lat' dir='ltr'><strong>incarnationis</strong></span> <span class='ocrx_word' id='word_1_759' title='bbox 1175 5332 1474 5391; x_wconf 87' lang='lat' dir='ltr'><strong>Salvatoris</strong></span> <span class='ocrx_word' id='word_1_760' title='bbox 1517 5339 1692 5392; x_wconf 88' lang='lat' dir='ltr'><strong>nostri</strong></span> <span class='ocrx_word' id='word_1_761' title='bbox 1715 5339 2057 5410; x_wconf 82' lang='lat' dir='ltr'><strong>mysterium.</strong></span> 
     </span>
    </p>
   </div>
   <div class='ocr_carea' id='block_1_102' title="bbox 480 5411 2060 5501">
    <p class='ocr_par' dir='ltr' id='par_1_102' title="bbox 480 5411 2060 5501">
     <span class='ocr_line' id='line_1_102' title="bbox 480 5411 2060 5501; baseline 0.014 -33"><span class='ocrx_word' id='word_1_762' title='bbox 480 5411 616 5469; x_wconf 84' lang='lat' dir='ltr'><strong>Nam</strong></span> <span class='ocrx_word' id='word_1_763' title='bbox 662 5433 682 5466; x_wconf 83' lang='grc' dir='ltr'><strong>ι</strong></span> <span class='ocrx_word' id='word_1_764' title='bbox 710 5415 913 5474; x_wconf 80' lang='lat' dir='ltr'><strong>factum</strong></span> <span class='ocrx_word' id='word_1_765' title='bbox 934 5429 1038 5485; x_wconf 88' lang='lat' dir='ltr'><strong>est,</strong></span> <span class='ocrx_word' id='word_1_766' title='bbox 1066 5423 1141 5478; x_wconf 88' lang='lat' dir='ltr'><strong>ait</strong></span> <span class='ocrx_word' id='word_1_767' title='bbox 1178 5433 1377 5492; x_wconf 78' lang='lat' dir='ltr'><strong>textus,</strong></span> <span class='ocrx_word' id='word_1_768' title='bbox 1411 5428 1467 5483; x_wconf 88' lang='lat' dir='ltr'><strong>in</strong></span> <span class='ocrx_word' id='word_1_769' title='bbox 1513 5435 1757 5501; x_wconf 87' lang='lat' dir='ltr'><strong>tempore</strong></span> <span class='ocrx_word' id='word_1_770' title='bbox 1795 5432 1910 5498; x_wconf 91' lang='lat' dir='ltr'><strong>illo,</strong></span> <span class='ocrx_word' id='word_1_771' title='bbox 1961 5433 2060 5488; x_wconf 87' lang='lat' dir='ltr'><strong>de-</strong></span> 
     </span>
    </p>
   </div>
   <div class='ocr_carea' id='block_1_103' title="bbox 482 5506 2060 5585">
    <p class='ocr_par' dir='ltr' id='par_1_103' title="bbox 482 5506 2060 5585">
     <span class='ocr_line' id='line_1_103' title="bbox 482 5506 2060 5585; baseline 0.011 -23"><span class='ocrx_word' id='word_1_772' title='bbox 482 5506 697 5563; x_wconf 75' lang='lat' dir='ltr'><strong>scendit</strong></span> <span class='ocrx_word' id='word_1_773' title='bbox 733 5507 902 5565; x_wconf 87' lang='lat' dir='ltr'><strong>Judas</strong></span> <span class='ocrx_word' id='word_1_774' title='bbox 939 5527 971 5567; x_wconf 90' lang='lat' dir='ltr'><strong>a</strong></span> <span class='ocrx_word' id='word_1_775' title='bbox 1014 5511 1277 5572; x_wconf 84' lang='lat' dir='ltr'><strong>fratribus</strong></span> <span class='ocrx_word' id='word_1_776' title='bbox 1312 5519 1446 5585; x_wconf 89' lang='lat' dir='ltr'><strong>suis,</strong></span> <span class='ocrx_word' id='word_1_777' title='bbox 1484 5522 1711 5578; x_wconf 87' lang='lat' dir='ltr'><strong>etvenit</strong></span> <span class='ocrx_word' id='word_1_778' title='bbox 1757 5524 1827 5579; x_wconf 90' lang='lat' dir='ltr'><strong>ad</strong></span> <span class='ocrx_word' id='word_1_779' title='bbox 1878 5524 2060 5579; x_wconf 88' lang='lat' dir='ltr'><strong>virum</strong></span> 
     </span>
    </p>
   </div>
   <div class='ocr_carea' id='block_1_104' title="bbox 2162 4975 3766 5050">
    <p class='ocr_par' dir='ltr' id='par_1_104' title="bbox 2162 4975 3766 5050">
     <span class='ocr_line' id='line_1_104' title="bbox 2162 4975 3766 5050; baseline -0.004 -16"><span class='ocrx_word' id='word_1_780' title='bbox 2162 4980 2460 5050; x_wconf 72' lang='grc' dir='ltr'>οὐδαμόθεν</span> <span class='ocrx_word' id='word_1_781' title='bbox 2487 4978 2627 5049; x_wconf 73' lang='grc' dir='ltr'>ἔχων</span> <span class='ocrx_word' id='word_1_782' title='bbox 2647 4978 2707 5030; x_wconf 74' lang='grc' dir='ltr'>τὸ</span> <span class='ocrx_word' id='word_1_783' title='bbox 2729 4977 3086 5047; x_wconf 76' lang='grc' dir='ltr'>ἐπιτιμᾶσθαι</span> <span class='ocrx_word' id='word_1_784' title='bbox 3110 4977 3239 5043; x_wconf 85' lang='grc' dir='ltr'>δεῖν,</span> <span class='ocrx_word' id='word_1_785' title='bbox 3257 4977 3333 5040; x_wconf 82' lang='grc' dir='ltr'>ὡς</span> <span class='ocrx_word' id='word_1_786' title='bbox 3353 4979 3452 5047; x_wconf 86' lang='grc' dir='ltr'>τῆς</span> <span class='ocrx_word' id='word_1_787' title='bbox 3478 4975 3766 5046; x_wconf 81' lang='grc' dir='ltr'>ἀληθείας</span> 
     </span>
    </p>
   </div>
   <div class='ocr_carea' id='block_1_105' title="bbox 2160 5067 3845 5141">
    <p class='ocr_par' dir='ltr' id='par_1_105' title="bbox 2160 5067 3845 5141">
     <span class='ocr_line' id='line_1_105' title="bbox 2160 5067 3845 5141; baseline -0.004 -17"><span class='ocrx_word' id='word_1_788' title='bbox 2160 5069 2520 5141; x_wconf 71' lang='grc' dir='ltr'>ἡμαρτηκὼς.</span> <span class='ocrx_word' id='word_1_789' title='bbox 2557 5069 2831 5138; x_wconf 81' lang='grc' dir='ltr'>Γράφεται</span> <span class='ocrx_word' id='word_1_790' title='bbox 2871 5068 3050 5120; x_wconf 89' lang='grc' dir='ltr'>τοίνυν</span> <span class='ocrx_word' id='word_1_791' title='bbox 3082 5069 3211 5138; x_wconf 80' lang='grc' dir='ltr'>ἡμῖν</span> <span class='ocrx_word' id='word_1_792' title='bbox 3252 5067 3329 5131; x_wconf 83' lang='grc' dir='ltr'>ὼς</span> <span class='ocrx_word' id='word_1_793' title='bbox 3357 5069 3415 5119; x_wconf 89' lang='lat' dir='ltr'><strong>tv</strong></span> <span class='ocrx_word' id='word_1_794' title='bbox 3446 5067 3527 5136; x_wconf 83' lang='grc' dir='ltr'>τῷ</span> <span class='ocrx_word' id='word_1_795' title='bbox 3570 5068 3770 5137; x_wconf 80' lang='grc' dir='ltr'>Ἰούδᾳ</span> <span class='ocrx_word' id='word_1_796' title='bbox 3836 5092 3845 5099; x_wconf 89' lang='grc'><strong>·</strong></span> 
     </span>
    </p>
   </div>
   <div class='ocr_carea' id='block_1_106' title="bbox 2163 5156 3767 5230">
    <p class='ocr_par' dir='ltr' id='par_1_106' title="bbox 2163 5156 3767 5230">
     <span class='ocr_line' id='line_1_106' title="bbox 2163 5156 3767 5230; baseline -0.004 -13"><span class='ocrx_word' id='word_1_797' title='bbox 2163 5163 2345 5229; x_wconf 87' lang='grc' dir='ltr'>πάλιν,</span> <span class='ocrx_word' id='word_1_798' title='bbox 2406 5161 2500 5216; x_wconf 67' lang='grc' dir='ltr'>καὶ</span> <span class='ocrx_word' id='word_1_799' title='bbox 2536 5160 2721 5230; x_wconf 87' lang='grc' dir='ltr'>μέντοι</span> <span class='ocrx_word' id='word_1_800' title='bbox 2763 5160 2856 5212; x_wconf 79' lang='grc' dir='ltr'>καὶ</span> <span class='ocrx_word' id='word_1_801' title='bbox 2889 5161 2955 5230; x_wconf 82' lang='grc' dir='ltr'><strong>τῇ</strong></span> <span class='ocrx_word' id='word_1_802' title='bbox 2986 5158 3204 5228; x_wconf 87' lang='grc' dir='ltr'>Θάμαρ,</span> <span class='ocrx_word' id='word_1_803' title='bbox 3230 5157 3332 5227; x_wconf 85' lang='grc' dir='ltr'>τῆς</span> <span class='ocrx_word' id='word_1_804' title='bbox 3357 5156 3452 5211; x_wconf 74' lang='grc' dir='ltr'>τοῦ</span> <span class='ocrx_word' id='word_1_805' title='bbox 3484 5158 3767 5229; x_wconf 77' lang='grc' dir='ltr'>Σωτῆρος</span> 
     </span>
    </p>
   </div>
   <div class='ocr_carea' id='block_1_107' title="bbox 2162 5250 3770 5324">
    <p class='ocr_par' dir='ltr' id='par_1_107' title="bbox 2162 5250 3770 5324">
     <span class='ocr_line' id='line_1_107' title="bbox 2162 5250 3770 5324; baseline -0.004 -15"><span class='ocrx_word' id='word_1_806' title='bbox 2162 5254 2472 5324; x_wconf 76' lang='grc' dir='ltr'>οἰκονομίας</span> <span class='ocrx_word' id='word_1_807' title='bbox 2516 5252 2578 5305; x_wconf 85' lang='grc' dir='ltr'>τὸ</span> <span class='ocrx_word' id='word_1_808' title='bbox 2614 5253 2930 5322; x_wconf 82' lang='grc' dir='ltr'>μυστήριον.</span> <span class='ocrx_word' id='word_1_809' title='bbox 2991 5251 3236 5319; x_wconf 84' lang='grc' dir='ltr'>Ἐγένετο</span> <span class='ocrx_word' id='word_1_810' title='bbox 3272 5251 3413 5321; x_wconf 84' lang='grc' dir='ltr'>γάρ,</span> <span class='ocrx_word' id='word_1_811' title='bbox 3451 5250 3667 5319; x_wconf 67' lang='grc' dir='ltr'>φησὶν,</span> <span class='ocrx_word' id='word_1_812' title='bbox 3702 5252 3770 5302; x_wconf 82' lang='grc' dir='ltr'>ἐν</span> 
     </span>
    </p>
   </div>
   <div class='ocr_carea' id='block_1_108' title="bbox 2164 5341 3767 5417">
    <p class='ocr_par' dir='ltr' id='par_1_108' title="bbox 2164 5341 3767 5417">
     <span class='ocr_line' id='line_1_108' title="bbox 2164 5341 3767 5417; baseline -0.001 -18"><span class='ocrx_word' id='word_1_813' title='bbox 2164 5346 2240 5417; x_wconf 83' lang='grc' dir='ltr'>τῷ</span> <span class='ocrx_word' id='word_1_814' title='bbox 2262 5345 2438 5417; x_wconf 81' lang='grc' dir='ltr'>καιρῷ</span> <span class='ocrx_word' id='word_1_815' title='bbox 2464 5345 2688 5415; x_wconf 76' lang='grc' dir='ltr'>ἐκείνῳ,</span> <span class='ocrx_word' id='word_1_816' title='bbox 2717 5344 2925 5412; x_wconf 76' lang='grc' dir='ltr'>κατέϐη</span> <span class='ocrx_word' id='word_1_817' title='bbox 2978 5343 3182 5406; x_wconf 85' lang='grc' dir='ltr'>Ἰούδας</span> <span class='ocrx_word' id='word_1_818' title='bbox 3212 5342 3321 5396; x_wconf 81' lang='grc' dir='ltr'><strong>ἀπὸ</strong></span> <span class='ocrx_word' id='word_1_819' title='bbox 3356 5343 3467 5395; x_wconf 85' lang='grc' dir='ltr'><strong>τῶν</strong></span> <span class='ocrx_word' id='word_1_820' title='bbox 3489 5341 3767 5414; x_wconf 76' lang='grc' dir='ltr'>ἀδελφῶν</span> 
     </span>
    </p>
   </div>
   <div class='ocr_carea' id='block_1_109' title="bbox 2164 5432 3766 5504">
    <p class='ocr_par' dir='ltr' id='par_1_109' title="bbox 2164 5432 3766 5504">
     <span class='ocr_line' id='line_1_109' title="bbox 2164 5432 3766 5504; baseline -0.003 -13"><span class='ocrx_word' id='word_1_821' title='bbox 2164 5437 2327 5492; x_wconf 83' lang='grc' dir='ltr'>αὐτοῦ</span> <span class='ocrx_word' id='word_1_822' title='bbox 2349 5478 2364 5502; x_wconf 92' lang='grc'><strong>,</strong></span> <span class='ocrx_word' id='word_1_823' title='bbox 2397 5437 2490 5490; x_wconf 77' lang='grc' dir='ltr'>καὶ</span> <span class='ocrx_word' id='word_1_824' title='bbox 2521 5436 2748 5501; x_wconf 81' lang='grc' dir='ltr'>ἀφίκετο</span> <span class='ocrx_word' id='word_1_825' title='bbox 2783 5435 2920 5504; x_wconf 83' lang='grc' dir='ltr'>πρὸς</span> <span class='ocrx_word' id='word_1_826' title='bbox 2963 5434 3133 5503; x_wconf 81' lang='grc' dir='ltr'>ἄνδρα</span> <span class='ocrx_word' id='word_1_827' title='bbox 3176 5433 3299 5487; x_wconf 83' lang='grc' dir='ltr'>τινὰ</span> <span class='ocrx_word' id='word_1_828' title='bbox 3357 5432 3766 5504; x_wconf 84' lang='grc' dir='ltr'>Ὀδολαμίτην,</span> 
     </span>
    </p>
   </div>
   <div class='ocr_carea' id='block_1_110' title="bbox 2157 5522 3769 5600">
    <p class='ocr_par' dir='ltr' id='par_1_110' title="bbox 2157 5522 3769 5600">
     <span class='ocr_line' id='line_1_110' title="bbox 2157 5522 3769 5600; baseline -0.002 -17"><span class='ocrx_word' id='word_1_829' title='bbox 2157 5522 2202 5597; x_wconf 81' lang='grc' dir='ltr'><strong>ᾧ</strong></span> <span class='ocrx_word' id='word_1_830' title='bbox 2251 5529 2423 5600; x_wconf 78' lang='grc' dir='ltr'>δνομα</span> <span class='ocrx_word' id='word_1_831' title='bbox 2454 5530 2630 5599; x_wconf 87' lang='grc' dir='ltr'>⁶Ἰρας.</span> <span class='ocrx_word' id='word_1_832' title='bbox 2682 5528 2792 5582; x_wconf 80' lang='grc' dir='ltr'><strong>Καὶ</strong></span> <span class='ocrx_word' id='word_1_833' title='bbox 2838 5524 2977 5582; x_wconf 84' lang='grc' dir='ltr'>εἶδεν</span> <span class='ocrx_word' id='word_1_834' title='bbox 3026 5528 3144 5580; x_wconf 74' lang='grc' dir='ltr'>ἐκεῖ</span> <span class='ocrx_word' id='word_1_835' title='bbox 3201 5526 3405 5590; x_wconf 87' lang='grc' dir='ltr'>Ἰούδας</span> <span class='ocrx_word' id='word_1_836' title='bbox 3456 5526 3769 5599; x_wconf 80' lang='grc' dir='ltr'>θυγατέρα</span> 
     </span>
    </p>
   </div>
   <div class='ocr_carea' id='block_1_111' title="bbox 483 5597 2069 5692">
    <p class='ocr_par' dir='ltr' id='par_1_111' title="bbox 483 5597 2059 5692">
     <span class='ocr_line' id='line_1_111' title="bbox 483 5597 2059 5692; baseline 0.011 -37"><span class='ocrx_word' id='word_1_837' title='bbox 483 5597 772 5692; x_wconf 56' lang='lat' dir='ltr'><strong>quemdam</strong></span> <span class='ocrx_word' id='word_1_838' title='bbox 818 5600 1221 5692; x_wconf 66' lang='lat' dir='ltr'><strong>Qdollamitem,</strong></span> <span class='ocrx_word' id='word_1_839' title='bbox 1268 5612 1357 5666; x_wconf 92' lang='lat' dir='ltr'><strong>cui</strong></span> <span class='ocrx_word' id='word_1_840' title='bbox 1401 5629 1602 5669; x_wconf 88' lang='lat' dir='ltr'><strong>nomen</strong></span> <span class='ocrx_word' id='word_1_841' title='bbox 1625 5625 1744 5671; x_wconf 88' lang='lat' dir='ltr'><strong>erat</strong></span> <span class='ocrx_word' id='word_1_842' title='bbox 1768 5617 1944 5672; x_wconf 82' lang='lat' dir='ltr'><strong>lliras.</strong></span> <span class='ocrx_word' id='word_1_843' title='bbox 1991 5617 2059 5672; x_wconf 89' lang='lat' dir='ltr'><strong>Et</strong></span> 
     </span>
    </p>
   </div>
   <div class='ocr_carea' id='block_1_112' title="bbox 2170 5597 3768 5692">
    <p class='ocr_par' dir='ltr' id='par_1_112' title="bbox 2170 5597 3768 5692">
     <span class='ocr_line' id='line_1_112' title="bbox 2170 5597 3768 5692; baseline -0.003 -19"><span class='ocrx_word' id='word_1_844' title='bbox 2170 5597 2445 5690; x_wconf 66' lang='grc' dir='ltr'>ἱνθρώπου</span> <span class='ocrx_word' id='word_1_845' title='bbox 2494 5597 2835 5682; x_wconf 75' lang='grc' dir='ltr'>Χαναναίου,</span> <span class='ocrx_word' id='word_1_846' title='bbox 2952 5618 3123 5688; x_wconf 69' lang='grc' dir='ltr'>ὄνομα</span> <span class='ocrx_word' id='word_1_847' title='bbox 3178 5616 3346 5671; x_wconf 82' lang='grc' dir='ltr'>Σαϐά.</span> <span class='ocrx_word' id='word_1_848' title='bbox 3388 5617 3497 5670; x_wconf 70' lang='grc' dir='ltr'><strong>Καὶ</strong></span> <span class='ocrx_word' id='word_1_849' title='bbox 3542 5597 3768 5672; x_wconf 73' lang='grc' dir='ltr'>ἐλαϐεν</span> 
     </span>
    </p>
   </div>
   <div class='ocr_carea' id='block_1_113' title="bbox 483 5682 2056 5773">
    <p class='ocr_par' dir='ltr' id='par_1_113' title="bbox 483 5682 2056 5773">
     <span class='ocr_line' id='line_1_113' title="bbox 483 5682 2056 5773; baseline 0.018 -36"><span class='ocrx_word' id='word_1_850' title='bbox 483 5682 621 5740; x_wconf 81' lang='lat' dir='ltr'><strong>vidit</strong></span> <span class='ocrx_word' id='word_1_851' title='bbox 640 5687 719 5743; x_wconf 90' lang='lat' dir='ltr'><strong>ibi</strong></span> <span class='ocrx_word' id='word_1_852' title='bbox 741 5688 910 5747; x_wconf 76' lang='lat' dir='ltr'><strong>ludos</strong></span> <span class='ocrx_word' id='word_1_853' title='bbox 951 5692 1116 5750; x_wconf 83' lang='lat' dir='ltr'><strong>ﬁliam</strong></span> <span class='ocrx_word' id='word_1_854' title='bbox 1140 5698 1379 5759; x_wconf 87' lang='lat' dir='ltr'><strong>hominis</strong></span> <span class='ocrx_word' id='word_1_855' title='bbox 1410 5703 1721 5773; x_wconf 62' lang='lat' dir='ltr'><strong>Chananei,</strong></span> <span class='ocrx_word' id='word_1_856' title='bbox 1749 5710 1836 5764; x_wconf 88' lang='lat' dir='ltr'><strong>cui</strong></span> <span class='ocrx_word' id='word_1_857' title='bbox 1858 5725 2056 5765; x_wconf 85' lang='lat' dir='ltr'><strong>nomen</strong></span> 
     </span>
    </p>
   </div>
   <div class='ocr_carea' id='block_1_114' title="bbox 555 5840 1102 5908">
    <p class='ocr_par' dir='ltr' id='par_1_114' title="bbox 555 5840 1102 5908">
     <span class='ocr_line' id='line_1_114' title="bbox 555 5840 1102 5908; baseline 0.007 -12"><span class='ocrx_word' id='word_1_858' title='bbox 555 5840 596 5871; x_wconf 83' lang='lat'>“</span> <span class='ocrx_word' id='word_1_859' title='bbox 621 5841 757 5901; x_wconf 83' lang='lat' dir='ltr'><strong>Ger.</strong></span> <span class='ocrx_word' id='word_1_860' title='bbox 800 5862 999 5908; x_wconf 62' lang='lat' dir='ltr'><strong>xxxv&quot;.</strong></span> <span class='ocrx_word' id='word_1_861' title='bbox 1034 5845 1102 5900; x_wconf 79' lang='lat'><strong>55</strong></span> 
     </span>
    </p>
   </div>
   <div class='ocr_carea' id='block_1_115' title="bbox 2159 5705 3762 5780">
    <p class='ocr_par' dir='ltr' id='par_1_115' title="bbox 2159 5705 3762 5780">
     <span class='ocr_line' id='line_1_115' title="bbox 2159 5705 3762 5780; baseline -0.002 -16"><span class='ocrx_word' id='word_1_862' title='bbox 2159 5710 2349 5780; x_wconf 78' lang='grc' dir='ltr'>αὐτὴν,</span> <span class='ocrx_word' id='word_1_863' title='bbox 2406 5711 2498 5764; x_wconf 82' lang='grc' dir='ltr'>καὶ</span> <span class='ocrx_word' id='word_1_864' title='bbox 2547 5710 2765 5779; x_wconf 84' lang='grc' dir='ltr'>εἰσῆλθε</span> <span class='ocrx_word' id='word_1_865' title='bbox 2823 5709 2958 5780; x_wconf 81' lang='grc' dir='ltr'>πρὸς</span> <span class='ocrx_word' id='word_1_866' title='bbox 3006 5707 3205 5780; x_wconf 82' lang='grc' dir='ltr'>αὐτὴν,</span> <span class='ocrx_word' id='word_1_867' title='bbox 3250 5707 3344 5761; x_wconf 76' lang='grc' dir='ltr'>καὶ</span> <span class='ocrx_word' id='word_1_868' title='bbox 3386 5705 3762 5761; x_wconf 72' lang='grc' dir='ltr'>συλλαϐοῦσα</span> 
     </span>
    </p>
   </div>
  </div>
