4074 6260
355 290 462 347 300

1359 290 1880 351 GLAPHYRORUM
1919 297 1983 351 ΓΝ
2023 298 2325 354 GENESIM
2367 299 2494 355 LIB.
2539 299 2625 358 Vl.

3522 302 3626 360 IIO

355 412 547 464 ιτςκιν
578 409 695 464 υἱὸν
715 450 732 474 ,
768 411 861 464 καὶ
895 408 1116 463 ικάλισε
1145 410 1206 463 τὸ
1236 409 1410 481 ὄνομα
1439 411 1607 466 αὑτοῦ
1647 411 1781 484 Ἥρ.
1827 414 1928 466 Καὶ

2041 413 2204 480 Saba,
2235 424 2290 470 et
2332 417 2544 487 accepit
2589 433 2733 484 eam,
2773 427 2828 475 et
2877 420 3154 491 ingressus
3200 429 3282 476 est
3327 421 3396 476 ad
3421 423 3622 492 ipsum;

359 499 712 554 συλλαϐοῦσα
742 499 924 565 πάλιν,
949 499 1127 554 ἔτεκεν
1150 499 1286 566 υἱὸν,
1311 502 1403 554 καὶ
1427 501 1654 554 ἐκάλεσε
1682 501 1742 554 τὸ
1769 501 1940 572 ὄνομα

357 590 531 645 αὑτοῦ
567 591 772 666 Δύνᾶν.
817 591 925 645 Καὶ
964 591 1293 664 προσθεῖσα,
1333 593 1415 646 ἔτι
1446 593 1631 646 ἔτεκεν
1665 594 1813 658 υἱὸν,
1846 594 1938 646 καὶ

360 681 601 734 ἐκάλεσε
647 681 709 734 τὸ
753 680 917 751 ὄνομα
949 680 1110 735 αὑτοῦ
1151 682 1372 754 Σηλώμ.
1408 702 1427 735 ι
1475 684 1670 748 Παῖδες
1715 685 1813 756 μὲν
1843 679 1937 739 οὖν

363 768 517 828 οὗτοι
560 773 809 843 γεγόνασι
859 773 936 844 τῷ
992 775 1165 846 Ἰούδᾳ
1228 778 1397 848 τρεῖς.
1459 776 1678 848 Ἐπειδὴ
1740 777 1798 830 δὲ
1857 779 1936 840 είς

367 865 512 935 ἠόην
540 860 670 936 ἧκον
702 867 748 918 oi
786 866 1025 931 νεανίαι,
1053 867 1269 937 δέχεται
1311 867 1410 940 τὴν
1449 867 1677 940 Θάμαρ,
1724 869 1820 922 καὶ
1859 867 1935 939 τῷ

374 954 696 1025 πρωτοτόκῳ
765 957 1264 1028 συγκαθείργνυσι,
1325 959 1606 1022 τουτέστι,
1657 957 1735 1029 τῷ
1802 960 1930 1029 Ἤρ.

391 1045 602 1118 Ἐπειδὴ
626 1047 682 1100 δὲ
709 1041 778 1119 ἦν
809 1049 1046 1121 πονηρὸς
1090 1050 1148 1104 ἐν
1178 1049 1473 1122 ὀφθαλμοῖς
1509 1050 1602 1104 τοῦ
1631 1049 1789 1119 Θεοῦ,
1828 1050 1933 1123 πρὸ

361 1137 562 1192 παίδων
600 1139 768 1211 γονῆς
799 1140 909 1194 τῶν
959 1141 1082 1194 καθ’
1124 1143 1274 1211 ἡμᾶς
1301 1142 1694 1212 ἀπηλλάττετο.
1743 1161 1762 1195 ι
1808 1144 1934 1195 Ἀπ-

353 1230 560 1284 ικτεινε
593 1231 725 1301 γὰρ,
757 1231 945 1302 φησὶν,
975 1233 1141 1286 αὑτὸν
1168 1234 1197 1285 6
1217 1233 1368 1297 Θεός.
1401 1251 1420 1285 ι
1460 1231 1593 1287 Εἶτα
1624 1233 1930 1305 προτρέπει

351 1321 442 1374 τὸν
467 1321 651 1376 Δῦνᾶν
672 1324 702 1377 6
735 1324 919 1394 πατὴρ
939 1364 954 1389 ,
992 1327 1060 1395 τῇ
1096 1322 1190 1377 τοῦ
1222 1324 1452 1394 ἀδελφοῦ
1496 1324 1930 1394 συγκατευνάζε-

352 1408 476 1463 σθαι
505 1411 768 1480 γυναικὶ,
807 1412 903 1464 καὶ
950 1413 1253 1484 ἀναστῆσαι
1299 1413 1522 1485 σπέρμα
1563 1413 1641 1485 τῷ
1681 1431 1930 1483 κατοιχο-

351 1500 520 1571 μένῳ.
547 1499 613 1556 Ὀ
651 1501 731 1567 δὲ,
760 1503 992 1573 ἐπείπερ
1021 1503 1120 1555 ούκ
1161 1502 1326 1556 αὑτοῦ
1358 1521 1521 1574 φησιν
1549 1502 1774 1572 ἔμελλεν
1809 1502 1930 1556 ἔσε-

352 1589 479 1643 σθαι
535 1589 599 1643 τδ
656 1589 1033 1661 γεννώμενον,
1081 1592 1174 1646 τὸν
1233 1593 1450 1648 συνόδου
1514 1594 1673 1664 νόμον
1723 1593 1923 1663 ἠδίκει,

353 1681 645 1750 καταχέων
679 1684 758 1746 είς
789 1685 922 1754 γῆν,
956 1685 1050 1737 καὶ
1081 1684 1202 1755 οὐχὶ
1233 1685 1433 1756 μᾶλλον
1462 1685 1630 1740 ἐδίδου
1657 1685 1756 1756 τὴν
1790 1701 1926 1738 σπο-

362 1770 482 1840 ράν.
517 1770 793 1826 Διόλλυται
825 1753 881 1826 δὲ
925 1775 1017 1827 καὶ
1048 1753 1205 1838 οὗτος
1231 1753 1392 1839 εὐθὺς
1435 1775 1502 1828 ὲκ
1543 1773 1692 1838 θείας
1713 1753 1923 1846 ῆόργῆς.
1958 1753 2000 1808 Β

361 1855 439 1917 Οῦ
487 1865 807 1933 γεγονότος,
847 1866 1035 1920 ἐδεδίει
1071 1867 1260 1920 λοιπὸν
1294 1869 1322 1920 ὁ
1367 1865 1569 1928 Ἰούδας
1609 1866 1700 1924 τὸν
1744 1866 1924 1936 τρίτον

357 1957 498 2027 αὐτῇ
537 1957 975 2025 συγκατοικίζειν
1010 1958 1147 2022 υἱὸν,
1193 1958 1336 2028 φημὶ
1361 1958 1424 2026 δὴ
1452 1958 1540 2010 τὴν
1569 1957 1790 2028 Σηλώμ.
1821 1957 1928 2012 Καὶ

356 2049 465 2102 τῶν
495 2051 578 2113 εἰς
623 2050 783 2104 τοῦτο
822 2053 1094 2122 δειμάτων
1116 2053 1160 2121 ἡ
1201 2052 1473 2122 πρόφασις
1505 2047 1592 2123 ἦν,
1637 2071 1655 2103 ι
1691 2051 1779 2122 Μὴ
1824 2050 1928 2122 ἄρα

355 2152 475 2200 πως
522 2137 621 2190 καὶ
671 2137 835 2202 αὐτὸς
884 2139 1174 2201 ἀπόλοιτο,
1232 2157 1253 2190 ι
1313 2139 1496 2210 φησίν.
1556 2139 1818 2193 Ἐποιεῖτο
1869 2141 1928 2194 δὲ

352 2226 558 2298 σκῆψιν
594 2227 690 2280 τοῦ
723 2227 797 2299 μὴ
831 2230 1028 2299 χρῆναι
1064 2228 1306 2300 πληροῦν
1351 2230 1442 2283 τὸν
1486 2230 1689 2300 γάμον,
1732 2233 1792 2284 τὸ
1828 2232 1928 2302 τῆς

347 2318 440 2372 τοῦ
472 2319 668 2382 παιδὸς
697 2320 915 2390 ἡλικίας
962 2320 1155 2392 κομιδῇ
1203 2319 1396 2391 βραχύ.
1432 2316 1562 2374 Eine
1593 2323 1734 2395 γὰρ,
1770 2323 1926 2394 φησι,

343 2415 412 2484 τῇ
438 2411 627 2486 νύμφῃ
658 2412 847 2466 αύτοῦ-
885 2431 903 2464 ι
929 2413 1112 2466 Κάθου
1153 2413 1298 2484 χήρα
1333 2413 1392 2467 ὲν
1429 2413 1506 2483 τῷ
1535 2413 1670 2484 οίκῳ
1697 2413 1793 2467 τοῦ
1820 2431 1928 2468 πα·

346 2507 472 2577 τρός
517 2521 643 2569 σου,
689 2504 796 2569 ἕως
829 2504 1003 2574 μέγας
1035 2505 1262 2576 γένηται
1297 2503 1495 2576 Σηλὼμ
1519 2505 1547 2558 6
1591 2506 1703 2569 υἱός
1737 2523 1860 2576 μου.
1900 2523 1920 2558 ι

346 2597 483 2654 Eius
509 2599 621 2671 γάρ
642 2615 654 2627 ·
695 2617 714 2649 ι
752 2599 844 2669 Μή
886 2614 1019 2650 ποτε
1049 2597 1298 2670 ἀποθάνῃ
1329 2598 1422 2651 καὶ
1450 2589 1632 2662 οὗτος,
1662 2597 1854 2669 ὥσπερ
1877 2599 1926 2653 οί

347 2689 563 2759 ἀδελφοὶ
590 2687 780 2742 αὑτοῦ.
811 2706 829 2738 ι
879 2686 1216 2740 Ἀπελθοῦσα
1249 2688 1305 2740 δὲ
1338 2687 1536 2759 Θάμαρ
1575 2688 1831 2759 ἐκάθητο,
1867 2690 1926 2742 ὲν

349 2782 422 2852 τῷ
447 2785 580 2852 οἴκῳ
611 2780 705 2834 τοῦ
745 2781 955 2851 πατρὸς
995 2779 1186 2850 αὐτῆς.
1220 2774 1355 2833 Εἶτα
1395 2779 1590 2850 καιροῦ
1616 2779 1933 2849 διαγεγονό⁸

355 2891 465 2939 τος,
496 2871 892 2943 δεδυσφόρηκεν
933 2875 968 2943 ἡ
1013 2871 1214 2942 Θάμαρ
1251 2871 1345 2924 ἐπὶ
1365 2871 1443 2943 τῷ
1493 2871 1789 2943 μελλησμῷ
1826 2871 1922 2926 τοῦ

361 2963 553 3032 γάμου.
587 2962 806 3034 Συνίησι
840 2961 897 3015 δὲ
933 2961 1034 3033 ἤδη
1069 2979 1206 3026 πως,
1240 2961 1313 3025 ὡς
1353 2962 1456 3014 οὐκ
1491 2962 1558 3014 ἂν
1599 2963 1734 3015 οίσει
1785 2961 1924 3033 πρὸς

365 3054 534 3124 πέρας
557 3055 688 3125 αὐτῇ
711 3055 770 3108 τὸ
801 3053 1211 3124 ἐπηγγελμένον
1235 3055 1263 3107 6
1297 3053 1587 3125 κηδεστής.
1611 3053 1922 3124 Σκήπτεται

356 3143 636 3214 δὲμᾶλλον
675 3145 940 3209 ἀνατιθεὶς
974 3147 1054 3208 είς
1096 3145 1394 3215 ὑπέρθεσιν
1434 3144 1530 3196 καὶ
1574 3145 1654 3208 είς
1698 3144 1923 3209 ἐλπίδας

351 3236 456 3290 οὐκ
497 3237 754 3307 ἐσομένας
779 3253 840 3290 το
875 3236 1270 3308 προσδοκηθέν.
1303 3237 1413 3290 Καὶ
1454 3236 1505 3289 τί
1547 3235 1611 3307 δὴ
1654 3236 1761 3308 ἄρα
1789 3237 1926 3308 πρὸς

347 3331 510 3384 τοῦτο
557 3331 868 3402 μηχανᾶται
909 3329 1128 3395 λοιπόν;
1185 3348 1202 3380 ι
1259 3328 1606 3400 ’Λπηγγέλη,
1661 3329 1825 3398 φησὶ,
1857 3331 1923 3402 τῇ

345 3423 550 3495 Θάμαρ
587 3425 656 3495 τῇ
692 3421 880 3494 νύμφῃ
916 3421 1102 3487 αὑτοῦ,
1139 3421 1411 3489 λέγοντες·
1455 3420 1584 3476 Ἰδοὺ
1609 3423 1636 3475 ό
1667 3421 1925 3492 πενθερός

349 3533 444 3570 σου
475 3515 756 3571 ἀναϐαίνει
789 3516 869 3577 είς
893 3513 1085 3584 Θαμνὰ
1126 3516 1308 3585 κεῖραι
1352 3512 1424 3567 τὰ
1454 3512 1700 3585 πρόδατα
1732 3511 1919 3567 αὐτοῦ.

344 3609 457 3663 Καὶ
508 3607 866 3681 περιελομένη
927 3606 996 3660 τὰ
1042 3607 1236 3678 ἱμάτια
1293 3606 1394 3677 τῆς
1454 3606 1770 3685 χηρεύσεως
1826 3606 1922 3675 ἀφ’

347 3701 568 3772 ἑαυτῆς,
580 3700 847 3773 περιεδάλ
862 3697 937 3772 [λ]
953 3715 1042 3753 ero
1053 3698 1111 3751 θέ
1122 3715 1358 3769 ριστρον,
1378 3698 1471 3752 καὶ
1487 3697 1920 3766 ὲκαλλωπίσατο,

347 3797 443 3849 καὶ
486 3795 726 3864 ἐκάθητο
778 3793 915 3865 πρὸς
957 3795 1076 3856 ταῖς
1118 3790 1314 3854 πύλαις
1360 3790 1560 3855 Αίνὰν,
1605 3789 1640 3862 ἥ
1681 3791 1827 3845 ἐστιν
1865 3791 1924 3843 ὲν

348 3887 573 3959 παρόδῳ
604 3885 818 3956 Θαμνά.
867 3881 991 3939 Εἶδε
1024 3885 1133 3954 γὰρ
1178 3883 1259 3936 δτι
1295 3881 1470 3954 μέγας
1494 3881 1718 3952 γέγονεν
1752 3885 1781 3936 6
1809 3882 1924 3944 υἱὸς

347 3978 516 4034 αὐτοῦ
563 3975 787 4048 Σηλὼμ,
837 3974 1001 4038 αὐτὸς
1050 3974 1106 4028 δὲ
1151 3974 1252 4027 ούκ
1301 3973 1505 4027 ἔδωκεν
1554 3971 1727 4042 αὐτὴν
1775 3969 1924 4042 αὐτῷ

348 4072 603 4139 γυναῖκα.
643 4070 752 4140 καὶ
805 4067 930 4122 ἰδὼν
974 4067 1143 4139 αὐτὴν
1186 4067 1214 4120 6
1269 4063 1509 4128 Ἰούδας,
1543 4061 1721 4128 ἔδοξεν
1752 4062 1922 4134 αὐτὴν

350 4163 559 4235 πόρνην
591 4157 749 4217 εἶναι.
782 4159 1214 4228 Κατεκαλύψατο
1246 4155 1356 4227 γὰρ
1391 4154 1453 4207 τὸ
1497 4153 1786 4224 πρόσωπον
1825 4153 1922 4206 αύ-

349 4253 470 4322 τῆς.
513 4251 609 4308 καὶ
657 4251 756 4306 οὐκ
790 4249 1006 4317 ἐπέγνω
1050 4247 1240 4318 αὑτήν.
1287 4263 1305 4295 ι
1358 4240 1489 4295 Εἶτα
1538 4241 1923 4311 camp-uagam

353 4348 490 4422 πρὸς
524 4347 840 4417 ἐπιθυμίανο
868 4345 1108 4400 αἰτοῦντι
1139 4346 1195 4398 δὲ
1220 4345 1297 4417 τῷ
1331 4345 1538 4416 γυναίῳ
1572 4342 1920 4414 μισθώματα,

2039 521 2273 576 cumque
2289 509 2651 579 concepisset,
2669 511 2883 580 peperit
2899 509 3095 577 lilium,
3118 522 3173 568 et
3189 512 3402 568 vocavit
3424 528 3625 570 nomen

2037 596 2157 667 ejus
2175 596 2302 652 Her.
2323 597 2390 653 Et
2407 615 2596 654 rursus
2616 599 2886 669 concepit,
2908 601 3228 671 peperitque
3250 602 3441 666 tilium,
3460 617 3624 672 quem

2037 688 2251 743 vocavit
2288 689 2505 744 Aunan.
2548 690 2617 747 Et
2648 691 2828 746 adhuc
2861 691 3076 762 peperit
3106 693 3300 758 tilium,
3341 695 3496 764 cujus
3521 709 3628 748 no-

2037 794 2162 834 men
2194 781 2376 836 Selom
2427 782 2492 836 ".
2529 802 2547 835 ι
2591 783 2736 854 Ergo
2763 784 2817 838 hi
2849 794 2962 840 tres
3004 783 3102 838 ﬁlii
3148 795 3277 841 sunt
3307 787 3419 840 nati
3449 785 3620 842 Iudae.
3652 791 3663 866 ξ

2039 871 2199 944 194
2241 872 2535 944 Postquam
2578 885 2762 930 autem
2801 876 3178 932 adolescentes
3233 889 3506 933 venerunt
3556 877 3638 934 ad»

2033 963 2403 1032 pubertatem,
2454 964 2622 1020 Judas
2669 965 2909 1020 Thamar
2954 967 3324 1038 primogenito
3373 984 3493 1036 suo,
3521 968 3626 1027 hoc

2032 1062 2135 1119 est,
2164 1052 2292 1119 Her,
2331 1055 2629 1124 copulavit.
2657 1055 2796 1112 Cum
2819 1064 3001 1112 autem
3026 1067 3174 1113 esset
3201 1059 3382 1114 malus
3409 1060 3466 1114 in
3494 1073 3628 1115 ocu-

2031 1139 2100 1199 lis
2139 1145 2257 1212 Dei,
2306 1147 2479 1202 orbus
2522 1147 2776 1205 decessit.
2812 1167 2830 1200 ι
2859 1149 3071 1205 Occidit
3122 1150 3290 1214 enim,
3322 1152 3418 1216 ait,
3467 1151 3625 1208 illum

2031 1237 2258 1292 Deus".
2290 1257 2309 1291 ι
2365 1239 2574 1296 Deinde
2634 1241 2888 1298 hortatur
2922 1245 3116 1299 Aunan
3145 1284 3159 1308 ,
3223 1252 3284 1297 ut
3324 1259 3448 1299 cum
3508 1243 3622 1299 fra-

2031 1329 2132 1384 tris
2161 1345 2330 1386 uxore
2353 1333 2704 1399 concumbat,
2753 1334 3090 1403 suscitetque
3127 1350 3316 1392 semen
3363 1335 3623 1391 defuncto

2029 1417 2203 1474 fratri.
2240 1420 2347 1477 Sed
2387 1422 2479 1478 hic
2515 1439 2644 1479 cum
2693 1424 2908 1481 diceret
2957 1441 3069 1481 non
3125 1425 3241 1481 fore
3284 1442 3443 1482 suum
3475 1427 3620 1496 quod

2029 1521 2367 1577 nasceretur,
2407 1513 2635 1570 violavit
2691 1516 2869 1586 legem
2923 1517 3273 1586 procreandi,
3336 1516 3623 1574 etfundens

2028 1615 2214 1656 semen
2253 1603 2310 1656 in
2339 1610 2542 1659 terram
2569 1623 2582 1658 ε
2609 1620 2712 1662 nec
2740 1607 2818 1661 illi
2848 1608 3160 1677 impertitus
3186 1617 3289 1664 est.
3321 1608 3618 1664 Confestim

2029 1692 2196 1764 igitur
2248 1694 2414 1765 periit
2465 1697 2631 1752 etiam
2670 1699 2772 1754 iste
2817 1713 2886 1754 ex
2941 1700 3128 1756 divina
3169 1701 3268 1756 ira.
3304 1701 3422 1769 Quo
3451 1703 3616 1766 facto,

2031 1785 2256 1842 timebat
2278 1787 2538 1859 deinceps
2567 1790 2735 1848 Judas
2764 1791 2816 1847 ei
2845 1793 3065 1848 tertium
3086 1793 3279 1858 tilium,
3304 1795 3508 1862 Selom,
3535 1797 3617 1852 in-

2031 1891 2216 1946 quam,
2269 1878 2585 1952 adjungere.
2633 1882 2811 1952 Atque
2857 1884 2974 1939 haec
3013 1894 3130 1941 erat
3172 1895 3349 1941 metus
3377 1889 3614 1944 occasio.

2029 1969 2290 2024 Aitenim
2323 1977 2506 2028 textus
2537 1990 2552 2027 :
2590 1993 2608 2026 ι
2634 1973 2934 2046 Nequando
2959 1985 3016 2032 et
3055 1978 3148 2034 hic
3181 1978 3460 2051 dispereat
3489 1981 3552 2036 ".
3592 2003 3610 2033 ι

2031 2054 2138 2111 Sed
2182 2058 2298 2128 ipse
2335 2062 2634 2131 quominus
2686 2065 2986 2121 conﬁceret
3027 2069 3270 2138 nuptias,
3321 2071 3618 2127 excusabat

2029 2153 2188 2222 pueri
2213 2162 2452 2220 aetatem,
2478 2154 2626 2225 quod
2653 2157 2867 2212 scilicet
2893 2157 2938 2212 is
2961 2158 3128 2214 nimis
3151 2163 3414 2229 parvulus
3471 2173 3618 2218 esset

2028 2249 2085 2295 et
2112 2241 2333 2310 ineptus
2358 2241 2428 2296 ad
2470 2244 2807 2314 conjugium.
2835 2245 3071 2316 Ideoque
3109 2247 3248 2303 dixit
3284 2249 3352 2304 ad
3381 2250 3619 2307 Thamar

2027 2347 2226 2388 nurum
2256 2349 2412 2389 suam
2448 2353 2462 2388 :
2503 2353 2522 2388 ι
2560 2335 2692 2392 Esto
2723 2337 2888 2392 vidua
2913 2339 2968 2393 in
2998 2339 3161 2395 domo
3190 2342 3362 2411 patris
3392 2341 3494 2408 tui,
3516 2341 3618 2398 do-

2026 2438 2130 2480 nec
2175 2425 2445 2496 pubescat
2481 2425 2627 2485 ﬁlius
2676 2444 2835 2485 meus
2887 2429 3070 2486 Selom
3100 2433 3166 2486 ".
3202 2452 3220 2485 ι
3248 2432 3393 2488 Dixit
3426 2433 3606 2490 enim:

2035 2532 2054 2567 ι
2083 2515 2386 2586 Nequando
2411 2518 2682 2573 moriatur
2707 2528 2762 2575 et
2786 2519 2900 2586 ille,
2946 2521 3090 2576 sicut
3115 2521 3312 2578 fratres
3343 2525 3463 2595 ejus
3485 2524 3551 2579 ²¹.
3591 2543 3609 2575 ι

2025 2604 2280 2677 Digressu
2317 2617 2501 2664 autem
2543 2610 2782 2666 Thamar
2817 2612 2961 2668 sedit
3002 2614 3057 2669 in
3087 2613 3252 2669 domo
3299 2617 3472 2686 patris
3506 2617 3613 2673 sui.

2025 2694 2206 2753 Medio
2237 2707 2360 2768 post
2409 2710 2657 2771 tempore
2678 2716 2827 2774 aegre
2863 2705 2993 2759 tulit
3021 2721 3227 2761 moram
3274 2709 3613 2778 nuptiarum.

2025 2786 2284 2859 lntelligit
2305 2791 2452 2845 enim
2491 2809 2558 2847 ex
2583 2802 2760 2863 parte,
2785 2794 2933 2864 quod
2963 2811 3119 2851 socer
3142 2812 3253 2850 non
3277 2798 3346 2852 sit
3380 2799 3616 2866 promis-

2027 2894 2146 2933 sum
2171 2881 2273 2951 ipsi
2301 2883 2670 2951 praestiturus,
2697 2885 2794 2940 sed
2826 2893 3036 2940 tantum
3070 2896 3334 2956 praetextu
3359 2888 3613 2958 quopiam

2028 2977 2235 3034 utatur,
2270 2988 2380 3042 quo
2404 2989 2519 3028 rem
2546 2974 2765 3029 differat
2802 2985 2967 3045 atque
2995 2978 3382 3046 procrastinet,
3420 2978 3615 3048 ipsam-

1950 3079 1998 3143 ο
2027 3077 2134 3130 que
2159 3062 2307 3116 inani
2337 3078 2432 3133 spe
2475 3065 2640 3120 iactet
2674 3073 2731 3120 et
2782 3066 3194 3121 circumveniat.
3233 3068 3301 3122 At
3345 3069 3476 3137 quid
3501 3069 3616 3139 ipsa

2030 3153 2294 3224 deinceps
2327 3162 2520 3210 contra
2542 3157 2649 3211 hoc
2681 3158 3066 3214 machinatur?
3109 3180 3127 3213 ι
3170 3161 3492 3217 Nuntiatum
3508 3171 3611 3228 est,

2027 3244 2124 3311 ait,
2153 3246 2391 3301 Thamar
2437 3249 2601 3303 nurui
2646 3265 2801 3320 ejus:
2833 3251 2975 3308 Ecce
2999 3269 3155 3310 socer
3193 3261 3324 3310 tuus
3368 3256 3615 3311 ascendit

2027 3337 2083 3391 in
2109 3336 2356 3392 Thamna
2381 3337 2449 3392 ad
2479 3338 2783 3394 tondendas
2807 3356 2938 3396 oves
2961 3357 3104 3397 suas.
3132 3343 3199 3397 Et
3223 3343 3486 3414 depositis
3508 3360 3538 3399 a
3555 3359 3616 3402 se

2023 3428 2373 3484 vestimentis
2390 3429 2694 3496 viduitatis,
2725 3430 2905 3486 induit
2937 3448 2995 3488 se
3027 3435 3306 3500 theristro,
3329 3445 3384 3491 et
3421 3445 3612 3493 osten-

2025 3519 2191 3576 debat
2229 3521 2698 3593 pulchritudinem
2730 3540 2905 3591 suam,
2951 3526 3283 3598 sedebatque
3311 3527 3380 3582 ad
3425 3539 3612 3599 portas

2025 3615 2234 3681 Aenan,
2267 3632 2388 3686 quae
2416 3625 2502 3672 est
2527 3617 2585 3672 in
2611 3617 2697 3672 via
2718 3617 2786 3673 ad
2816 3619 3080 3674 Thamna.
3109 3621 3256 3676 Vidit
3287 3621 3434 3676 enim
3463 3621 3610 3692 quod

2025 3705 2171 3762 ﬁlius
2193 3708 2312 3778 ejus
2350 3708 2530 3764 Selom
2553 3710 2774 3781 grandis
2803 3712 2915 3783 jam
2942 3711 3118 3767 factus
3138 3721 3302 3770 esset.
3339 3713 3453 3780 ipse
3479 3728 3610 3766 vero

2024 3811 2136 3851 non
2160 3797 2319 3852 daret
2351 3813 2472 3854 eam
2510 3798 2615 3868 ipsi
2649 3815 2897 3853 uxorem.
2933 3799 3002 3854 Et
3026 3799 3144 3853 visa
3181 3814 3242 3852 ea
3268 3798 3436 3853 Judas
3459 3798 3610 3852 arbi-

2024 3891 2201 3942 tratus
2249 3894 2335 3942 est
2380 3897 2624 3943 scortum
2671 3903 2812 3942 esse.
2861 3887 3159 3942 Obtexerat
3211 3889 3360 3944 enim
3413 3889 3609 3946 faciem

2025 3993 2202 4042 suam,
2243 3993 2425 4047 neque
2466 3979 2724 4047 cognovit
2753 3993 2876 4033 eam
2921 3979 2989 4031 “.
3031 3997 3050 4030 ι
3083 3977 3291 4034 Deinde
3335 3980 3612 4037 desiderio

2025 4071 2144 4139 ejus
2190 4069 2529 4138 rapiebatur.
2565 4068 2778 4124 Mulieri
2806 4076 2990 4124 autem
3020 4070 3229 4140 petenti
3277 4071 3608 4135 mercedem,

2024 4159 2316 4231 pollicetur
2342 4175 2400 4215 se
2424 4159 2720 4216 missurum
2747 4160 2985 4226 haedum,
3015 4162 3346 4233 arrhamque
3375 4166 3609 4235 promis-

2024 4252 2448 4324 sionisexigenti
2476 4252 2628 4308 dedit
2654 4252 2933 4319 baculum,
2969 4255 3231 4310 annulum
3262 4264 3320 4311 et
3384 4258 3608 4326 monile.

2021 4345 2128 4400 hoc
2154 4354 2258 4410 est,
2282 4354 2664 4400 ornamentum
2694 4345 2969 4416 quoddam
2993 4347 3141 4404 circa
3165 4349 3384 4405 collum.
3413 4350 3614 4407 Existi-

351 4439 589 4512 πέμψειν
634 4439 823 4511 ἔριφον
864 4437 1260 4510 ἐπηγγέλλετο,
1307 4438 1494 4510 ὅμηρά
1536 4454 1597 4491 τε
1623 4437 1720 4507 τῆς
1749 4437 1922 4503 ὲπαγ-

2028 4437 2257 4490 maverit
2279 4445 2463 4492 autem
2496 4437 2790 4508 quispiam,
2824 4454 3004 4508 neque
3035 4439 3134 4494 abs
3166 4455 3247 4508 re,
3294 4441 3491 4498 Judam
3519 4451 3609 4498 ut-

351 4532 540 4600 γελίας
571 4531 819 4603 αἰτούσῃ,
848 4530 1032 4585 δίδωσι
1065 4531 1179 4602 τὴν·
1200 4531 1427 4601 ῥάϐδον,
1468 4532 1562 4585 καὶ
1591 4531 1683 4584 τὸν
1721 4528 1922 4583 δακτύ-

352 4626 488 4691 λιον,
532 4623 625 4677 καὶ
668 4623 759 4676 τὸν
802 4622 1092 4692 ὁρμίσκον·
1138 4621 1387 4674 τουτέστι
1413 4621 1676 4692 κόσμημά
1721 4639 1771 4673 τι
1817 4619 1926 4671 τῶν

347 4716 480 4789 περὶ
513 4715 610 4788 τὴν
637 4714 783 4785 δέριν
815 4712 1049 4783 (οἰηθείη
1081 4713 1124 4764 δ’
1158 4713 1222 4768 ἄν
1256 4730 1360 4778 τις,
1386 4713 1481 4767 καὶ
1507 4712 1651 4783 μάλα
1679 4711 1922 4773 εἰκότως,

354 4814 452 4866 ἅτε
484 4807 544 4878 δὴ
581 4807 848 4863 Χαλδαῖον
891 4807 1019 4858 ὄντα
1054 4803 1145 4858 τὸν
1183 4804 1404 4867 Ἰούδαν,
1461 4802 1534 4873 μὴ
1575 4805 1632 4855 ὲν
1681 4801 1925 4873 ῥᾳθυμίᾳ

352 4899 609 4970 γενέσθαι
647 4898 743 4952 τοῦ
761 4895 1180 4952 κατακλίνεσθαι
1213 4894 1430 4964 φιλεῖν)·
1466 4893 1784 4963 φιλόκοσμοι
1815 4893 1922 4964 γὰρ

351 4994 400 5046 οί
431 4993 711 5054 Χαλδαῖοι,
731 4991 921 5063 χρυσῷ
944 4991 1000 5043 δὲ
1028 4990 1122 5043 καὶ
1145 4992 1330 5060 χεῖρας
1353 4990 1445 5043 καὶ
1474 4989 1622 5058 δέριν
1650 4987 1927 5057 καταλαμ-

325 5077 614 5160 ξπρύνουσι
632 5125 648 5151 ,
675 5085 770 5139 καὶ
793 5083 962 5153 αὐτὴν
998 5083 1054 5136 δὲ
1079 5082 1239 5153 τρίχα
1275 5080 1631 5148 στεφανοῦσιν
1670 5079 1784 5133 ἔσθ’
1815 5081 1926 5134 ὅτε.

360 5123 648 5160 "ww..."
677 5123 959 5153 mnu..."
999 5123 1054 5136 ν..
1090 5123 1239 5153 ὟἋ..
1276 5123 1627 5148 -.-γ-..-ηπ
1671 5123 1762 5133 --ν
1817 5123 1926 5134 ν.-.

323 5123 690 5249 ιΝενόμισται
718 5175 775 5230 δὲ
804 5176 898 5228 καὶ
923 5173 1080 5226 τοῦτο
1113 5174 1243 5243 παρ’
1279 5173 1458 5233 αὐτοῖς
1506 5170 1600 5222 καὶ
1629 5170 1929 5240 άνδροπρε-

355 5269 486 5334 πὲς,
542 5267 835 5338 γνώρισμά
877 5283 936 5318 τε
991 5265 1088 5333 τῆς
1136 5263 1394 5316 ἀνωτάτω
1426 5259 1613 5312 λοιπὸν
1653 5260 1929 5328 εὐγενείας

357 5363 449 5415 καὶ
476 5361 586 5414 τῶν
613 5362 693 5426 είς
720 5359 970 5428 ἀνδρείαν
996 5355 1236 5408 ἐπαίνων
1270 5354 1371 5406 οὐκ
1397 5350 1676 5422 ἁμοιροῦν.
1715 5352 1931 5406 Τούτων

358 5451 412 5504 δὲ
444 5444 545 5505 ὧδε
567 5448 994 5518 τετελεσμένων,
1025 5445 1195 5517 ᾤχετο
1238 5444 1334 5514 μὲν
1374 5447 1400 5497 ὀ
1442 5444 1639 5507 Ἰούδας
1674 5438 1832 5514 οἷπερ
1864 5439 1930 5514 ἦν

360 5545 417 5596 ιν
443 5544 642 5615 ἀρχαῖς
667 5544 694 5594 6
730 5541 930 5603 σκοπὸς
954 5539 1119 5609 αὐτῷ.
1160 5538 1220 5590 Ἠ
1243 5537 1296 5590 δὲ
1323 5537 1455 5607 πρὸς
1482 5536 1575 5607 τὴν
1609 5536 1699 5591 τοῦ
1727 5536 1931 5606 πατρὸς

435 5729 473 5757 ¹⁷
503 5727 637 5784 Cen.
679 5741 900 5790 xxxviii,
930 5723 1043 5776 1-5.
1124 5721 1322 5776 1"‘lhid.
1353 5722 1433 5774 l0.

1602 5722 1640 5753 "
1693 5719 1827 5774 Ibid.
1879 5719 1956 5772 ll.

2030 4535 2157 4596 pote
2187 4526 2523 4594 Chaldaeum,
2547 4544 2740 4583 eorum
2783 4545 2906 4600 quae
2935 4529 3003 4585 ad
3027 4541 3283 4588 ornatum
3309 4537 3610 4604 pertinent,

2032 4618 2258 4673 minime
2289 4619 2654 4690 negligentem
2701 4619 2890 4675 fuisse.
2919 4621 3059 4678 Sunt
3083 4626 3229 4679 enim
3256 4626 3411 4696 politi
3445 4626 3611 4684 Chal-

2033 4707 2134 4762 daei
2159 4717 2457 4764 etornatus
2481 4718 2749 4774 amantes,
2767 4711 2969 4783 quippe
2991 4714 3192 4785 quibus
3216 4731 3408 4772 manus
3432 4720 3614 4774 etcol-

2031 4798 2142 4853 lum
2164 4816 2380 4871 semper
2395 4801 2820 4874 sintsplendida,
2850 4805 3006 4875 195
3034 4809 3239 4877 quique
3273 4808 3421 4876 ipsos
3445 4810 3612 4864 etiam

2029 4893 2253 4962 capillos
2265 4895 2424 4948 sertis
2450 4895 2745 4951 redimiant
2769 4915 2780 4950 :
2808 4898 3076 4967 siquidem
3099 4899 3203 4952 hoc
3226 4899 3367 4968 apud
3391 4915 3486 4954 eos
3508 4917 3611 4958 usu

2033 4996 2315 5056 receptum
2338 4995 2440 5051 est,
2464 4997 2519 5042 et
2546 4989 2680 5043 viris
2704 4989 2952 5058 dignum,
2993 4996 3154 5058 atque
3178 4987 3313 5043 adeo
3337 5005 3611 5046 summum

2035 5077 2339 5132 nobilitatis
2378 5078 2610 5149 insigne,
2672 5094 2851 5147 neque
2901 5093 2936 5130 a
2975 5077 3313 5135 fortitudinis
3360 5081 3614 5136 laudibus

2038 5169 2278 5223 alienum
2314 5179 2590 5223 censetur.
2643 5169 2738 5221 His
2788 5176 2970 5223 autem
3023 5170 3098 5225 ita
3139 5173 3395 5240 peractis,
3436 5175 3615 5242 pergit

2029 5259 2198 5313 Judas
2219 5259 2272 5312 in
2303 5274 2429 5312 eum
2455 5259 2658 5319 locum,
2685 5272 2846 5324 quem
2872 5259 2977 5311 sibi
2996 5259 3108 5330 jam
3133 5259 3290 5312 initio
3310 5275 3613 5329 proposue-

2031 5360 2134 5406 rat.
2164 5353 2284 5421 Ipsa
2318 5367 2450 5404 vero
2501 5351 2569 5402 ad
2611 5349 2783 5416 patris
2828 5350 3052 5404 domum
3086 5351 3492 5416 revertebatur,
3519 5369 3614 5422 spe

2031 5444 2172 5497 bona
2193 5450 2377 5495 erecta
2405 5440 2551 5509 quod
2590 5445 2737 5490 esset
2768 5439 3013 5507 gravida.
3063 5441 3217 5508 Quod
3268 5443 3360 5498 ubi
3397 5444 3617 5497 rescivit

2030 5534 2217 5596 Judas,
2243 5529 2597 5584 occidendam
2625 5541 2744 5578 esse
2771 5530 2862 5594 ait,
2887 5538 3138 5601 tanquam
3164 5533 3485 5589 adulteram.
3508 5533 3626 5590 Sed.

1976 5780 1986 5788 ο
2035 5719 2078 5750 ιο
2123 5715 2256 5771 una.
2311 5714 2375 5784 ,υ
2408 5709 2543 5764 Ibid.
2625 5709 2665 5736 ιτ
2701 5706 2837 5766 Ibid.
2873 5711 3056 5767 13-15.
