4074 6260
400 301 496 357 811

1405 279 1459 364 s.
1500 309 1773 365 CYRlLLl
1812 311 2281 371 ALl-ZXANDRIN!
2320 316 2639 374 AllClllEP.

3567 326 3673 381 διε

396 440 524 484 cum
548 430 663 501 jam
702 433 757 488 in
782 436 1042 491 extremis
1076 444 1243 501 esset,
1279 435 1521 492 ostendit
1550 437 1603 491 ei
1641 435 1898 491 baculum
1932 447 1978 492 el

2093 439 2277 494 ἑστίαν
2310 441 2684 514 ἀνεκομίζετο,
2718 443 2812 497 καὶ
2841 443 2906 515 δὴ
2942 444 3037 498 καὶ
3059 443 3116 498 ὲν
3154 443 3302 515 καλῷ
3331 445 3429 516 τῆς
3465 445 3676 513 ἐλπίδος

396 518 631 590 reliqua,
660 522 890 580 dicens:
933 545 951 577 ι
983 526 1060 580 Ex
1102 525 1197 582 illo
1221 526 1444 581 homine
1488 526 1647 598 cuius
1669 526 1787 582 haec
1832 535 1983 594 sunt,

394 610 527 680 'gero
571 620 807 669 uterum.
844 615 913 670 Et
959 617 1097 672 dixit
1124 635 1137 671 :
1160 616 1440 689 Cognosce
1467 617 1752 689 cujusnam
1794 619 1864 674 sit
1893 619 1985 675 hic

394 705 652 772 annulus,
699 713 754 760 et
797 709 1021 777 monile,
1067 717 1124 766 et
1164 711 1396 766 baculus
1428 711 1554 765 iste.
1593 709 1763 766 Iudas
1801 719 1986 767 autem

394 797 649 866 cognovit
676 806 732 852 et
776 798 955 856 dixit:
985 801 1222 856 Thamar
1253 801 1550 874 justiﬁcata
1595 811 1679 857 est
1727 818 1840 873 prae
1874 819 1982 859 me.

391 884 570 951 Quare
603 904 713 944 non
739 890 864 945 dedi
889 907 1010 946 eam
1042 892 1157 947 ﬁlio
1201 908 1327 948 meo
1360 892 1580 948 Selom?
1604 908 1708 947 nec
1751 893 1987 963 amplius

389 973 593 1052 adjecit
621 990 681 1037 ut
716 995 1078 1056 cognosceret
1100 1002 1242 1041 eam.
1292 986 1511 1049 Accidit
1544 994 1729 1040 autem
1763 985 1985 1054 quando

390 1070 629 1142 peperit,
656 1081 713 1128 et
733 1075 937 1144 gemini
965 1084 1123 1131 erant
1149 1075 1206 1130 in
1230 1083 1388 1130 utero
1411 1076 1547 1147 ejus.
1571 1073 1820 1145 Cumque
1842 1084 1988 1133 esset

390 1156 450 1216 in
472 1172 657 1233 partu,
690 1182 836 1222 unus
870 1169 1066 1224 extulit
1103 1185 1325 1224 manum
1363 1184 1537 1224 suam.
1574 1168 1853 1225 Obstetrix
1890 1187 1987 1225 au—

390 1260 507 1308 tem
529 1266 756 1328 accepto
789 1261 1036 1325 coccino,
1072 1261 1262 1332 ligavit
1283 1277 1411 1316 eum
1449 1262 1506 1316 in
1541 1276 1762 1317 manum
1788 1262 1981 1333 ipsius,

393 1343 624 1401 dicens:
650 1347 755 1402 Iste
784 1349 1099 1420 egredietur
1125 1350 1297 1421 prior.
1340 1351 1410 1406 At
1438 1351 1532 1406 ubi
1564 1368 1789 1407 manum
1814 1362 1984 1409 retra-

391 1434 494 1501 xit,
524 1436 671 1493 illico
702 1455 958 1509 egressus
983 1449 1068 1496 est
1102 1440 1273 1498 frater
1299 1444 1439 1513 ejus.
1480 1442 1559 1498 Ea
1591 1454 1775 1498 autem
1803 1444 1940 1499 dixit
1967 1463 1979 1499 :

391 1526 571 1593 Quare
594 1538 822 1599 propter
849 1539 902 1587 te
936 1533 1249 1604 interrupta
1274 1542 1359 1588 est
1378 1535 1654 1599 maceria?
1676 1535 1746 1594 Et
1765 1537 1985 1591 vocavit

390 1633 591 1675 nomen
630 1621 770 1692 ejus,
799 1623 1027 1679 Phares.
1074 1625 1273 1681 Postea
1295 1635 1352 1680 et
1379 1625 1548 1681 frater
1574 1628 1700 1698 ejus
1729 1643 1983 1698 egressus

390 1715 496 1774 est,
522 1709 577 1763 in
602 1712 758 1781 cujus
781 1728 947 1767 manu
972 1721 1092 1768 erat
1112 1715 1423 1780 coccinum,
1456 1723 1512 1771 et
1534 1717 1752 1772 vocavit
1776 1732 1980 1773 nomen

2093 527 2163 605 ἦν
2190 532 2532 605 κυοφοροῦσα
2572 534 2777 590 λοιπόν.
2818 535 3035 609 Ἐπειδὴ
3077 537 3135 590 δὲ
3165 535 3325 591 τοῦτο
3351 537 3672 610 μεμάθηκεν

2091 622 2121 674 6
2172 622 2394 690 Ἰούδας,
2424 624 2679 681 τεθνάναι
2717 626 2828 680 δεῖν
2862 625 2966 698 ἔφη
2996 627 3056 682 τὸ
3085 626 3309 697 γύναιον
3355 628 3432 691 ὡς
3462 646 3669 701 πεπορο

2090 712 2369 785 νευμένον.
2414 714 2504 777 Ὠς
2539 714 2596 767 δὲ
2641 710 2712 787 ἦν
2757 716 2816 768 ὲν
2853 716 3124 788 ἐσχάτοις,
3172 715 3493 787 παρέδειξεν
3527 718 3672 786 αὐτῷ

2087 805 2189 876 τὴν
2222 805 2419 876 ῥάϐδον
2449 806 2544 860 καὶ
2565 805 2633 859 τά
2658 805 2843 871 λοιπὰ,
2872 807 3126 878 λέγουσα·
3162 827 3182 860 ί
3225 807 3320 862 Ἐκ
3341 806 3433 860 τοῦ
3469 808 3672 879 ἀνθρώ-

2090 914 2194 950 που
2229 890 2441 962 οὗτινος
2480 897 2657 953 ταῦτά
2687 899 2858 965 ἐστιν,
2898 898 3010 969 ἐγὼ
3046 899 3107 954 ὲν
3152 901 3354 971 γαστρὶ
3392 899 3521 971 ἔχω.
3558 901 3669 956 Καὶ

2087 982 2261 1041 εἶπεν·
2308 987 2602 1058 Ἑπίγνωθι
2624 989 2767 1054 τίνος
2803 992 2831 1046 6
2857 990 3164 1059 δακτύλιος,
3202 993 3298 1046 καὶ
3327 993 3354 1046 6
3383 992 3665 1063 ὁρμίσκος,

2087 1079 2181 1133 καὶ
2221 1082 2255 1151 ἡ
2294 1079 2486 1150 ῥάϐδος
2524 1080 2688 1154 αὕτη.
2741 1082 2993 1151 Ἐπέγνω
3040 1082 3096 1137 δὲ
3141 1083 3345 1147 Ἰούδας
3386 1084 3480 1137 καὶ
3523 1079 3664 1148 εἷπε,

2084 1168 2429 1223 δεδικαίωται
2450 1170 2650 1242 Θάμαρ
2677 1170 2710 1242 ἢ
2755 1169 2885 1239 ἐγώ.
2912 1164 2987 1224 Οῦ
3027 1170 3195 1224 ἕνεκα
3223 1170 3325 1224 οὐκ
3355 1168 3533 1222 ἔδωκα
3567 1170 3666 1223 αύ-

2085 1259 2184 1332 τὴν
2218 1261 2420 1332 Σηλὼμ
2442 1261 2520 1332 τῷ
2550 1260 2653 1333 υίῷ
2685 1279 2825 1333 μου;
2857 1262 2970 1315 Kal
2997 1262 3059 1315 ού
3091 1262 3390 1333 προσέθετο
3417 1261 3497 1314 ἔτι
3524 1260 3664 1330 γνῶ-

2085 1369 2171 1406 ναι
2214 1352 2407 1425 αὐτήν.
2455 1353 2703 1427 Ἐγένετο
2758 1352 2845 1418 δὲ,
2879 1353 3076 1425 φησὶν,
3103 1354 3273 1426 ήνίκα
3309 1353 3520 1415 ἔτικτε,
3572 1353 3665 1408 καὶ

2083 1446 2209 1518 τῇδε
2231 1441 2300 1517 ἦν
2326 1445 2526 1517 δίδυμα
2564 1447 2622 1501 έν
2659 1448 2726 1518 τῇ
2761 1446 2961 1518 γαστρὶ⁸
2999 1444 3194 1517 αὐτῆς.
3233 1445 3484 1515 Ἐγένετο
3516 1444 3575 1499 δὲ
3606 1447 3662 1500 ὲν

2081 1538 2160 1605 τῷ
2189 1537 2396 1592 τίκτειν
2426 1537 2596 1613 αὐτὴν
2617 1578 2631 1603 ,
2670 1539 2699 1591 6
2731 1531 2812 1601 εἷς
2847 1537 3221 1609 προεξήνεγκε
3249 1537 3348 1609 τὴν
3378 1539 3538 1608 χεῖρα
3572 1537 3663 1594 αύ-

2080 1628 2197 1684 τοῦ.
2223 1628 2551 1683 Δαϐοῦσαδὲ
2580 1631 2612 1700 ὴ
2647 1629 2804 1700 μαῖα,
2833 1629 3022 1700 ἔδησεν
3053 1628 3146 1682 ἐπὶ
3170 1629 3271 1700 τὴν
3308 1630 3470 1699 χεῖρα
3497 1627 3661 1681 αὐτοῦ

2084 1722 2367 1790 κόκκινον,
2397 1721 2660 1791 λέγουσα·
2691 1713 2857 1786 Οὗτος
2898 1720 3238 1791 ἐξελεύσεται
3272 1721 3554 1792 πρότερος·
3590 1719 3663 1784 ὡς

389 1800 510 1870 ejus
530 1801 667 1857 Zara
692 1803 758 1860 ⁸³.
794 1823 812 1856 ›
848 1806 1027 1875 Atque
1079 1805 1196 1861 ha>c
1216 1806 1440 1876 quidem
1467 1811 1892 1864 commemoravi
1916 1825 1978 1865 ex

2085 1812 2141 1866 δὲ
2180 1813 2555 1884 ὲπισυνήγαγε
2590 1812 2688 1884 τὴν
2725 1815 2904 1885 χεῖρα,
2937 1813 3099 1877 εὐθὺς
3120 1812 3343 1883 ἐξῆλθεν
3380 1815 3409 1865 6
3440 1810 3664 1879 ἀδελφὸς

392 1891 596 1947 littera.
629 1893 834 1950 Sensus
850 1902 1034 1950 autem
1074 1911 1287 1964 eorum,
1327 1914 1451 1975 quae
1487 1899 1645 1954 utilia
1668 1907 1819 1963 sunt,
1850 1901 1981 1956 abs-

393 1992 582 2039 trusus
624 1992 729 2052 est,
755 2002 919 2057 quem
968 1998 1025 2044 et
1053 1988 1317 2045 brevibus
1345 1989 1623 2060 quomodo
1647 2006 1706 2046 se
1756 1991 1977 2059 habeat,

385 2092 417 2131 0
428 2095 670 2137 ruemus.

2082 1904 2268 1961 αὐτοῦ.
2313 1905 2379 1959 Ἦ
2407 1905 2466 1960 δὲ
2491 1902 2634 1959 εἶπε·
2677 1904 2742 1959 Τί
2778 1905 3004 1976 διεκόπη
3034 1905 3122 1959 διὰ
3151 1906 3209 1962 σὲ
3242 1904 3495 1976 φραγμός
3515 1920 3531 1970 ;
3553 1902 3663 1956 Καὶ

2082 1992 2310 2053 ἐκάλεσε
2333 1996 2394 2049 τὸ
2423 1996 2594 2067 ὄνομα
2614 1996 2804 2061 αὐτοῦ,
2831 1997 3027 2066 Φαρές.
3061 1994 3217 2050 Μετά
3248 1994 3407 2048 τοῦτο
3440 1992 3663 2064 ἐξῆλθεν

2083 2090 2111 2143 6
2138 2088 2365 2159 ἀδελφὸς
2405 2089 2573 2144 αὐτοῦ
2597 2129 2612 2153 ,
2658 2089 2742 2158 ἐφ’
2780 2081 2855 2157 ᾧν
2889 2083 2958 2159 ἦν
2997 2090 3054 2140 ὲν
3093 2090 3159 2159 τῇ
3199 2088 3344 2160 χειρὶ
3393 2084 3557 2140 αὐτοῦ
3602 2083 3663 2137 τὸ

389 2169 668 2226 κόκκινον·
706 2174 802 2227 καὶ
834 2175 1065 2229 ἐκάλεσε
1099 2176 1160 2231 τὸ
1197 2176 1371 2249 ὄνομα
1403 2176 1592 2243 αὐτοῦ,
1634 2179 1805 2249 Ζαρᾶ.
1844 2197 1862 2231 ι
1908 2178 2019 2233 Kal
2055 2180 2213 2234 ταυτὶ
2271 2181 2369 2252 μὲν
2397 2180 2534 2252 ἔφην
2563 2180 2673 2234 ἀπό
2704 2197 2768 2250 γε
2805 2179 2899 2234 τοῦ
2936 2180 3285 2251 γράμματος.
3324 2176 3662 2250 Κεκρυμμέ-

387 2279 478 2328 νος
511 2263 569 2317 δὲ
605 2266 768 2321 πάλιν
797 2269 904 2322 τῶν
938 2269 1255 2338 ἀναγκαίων
1293 2272 1321 2324 6
1357 2269 1502 2334 νοῦς.
1546 2271 1645 2324 ’ον
1682 2271 1778 2325 καὶ
1806 2271 1957 2333 ὅπως
1993 2270 2060 2325 ἂν
2087 2271 2222 2342 ἔχοι,
2259 2270 2694 2341 διασκεψόμεθα,
2723 2270 2818 2324 καὶ
2847 2269 2949 2324 οὐκ
2985 2271 3067 2332 είς
3096 2268 3339 2340 μακράν.

456 2354 512 2409 2.
533 2355 810 2426 Imprimis
832 2357 999 2430 igitur
1037 2359 1171 2414 illud
1213 2359 1509 2415 dicendum
1544 2367 1630 2415 est
1667 2360 1839 2431 quod,
1877 2361 1982 2416 etsi

386 2443 499 2498 sint
519 2446 767 2515 quaedam
792 2462 1042 2518 persona:
1076 2448 1338 2520 insignes,
1369 2465 1492 2520 quae
1514 2449 1720 2520 aliquid
1751 2465 1864 2504 non
1883 2447 1979 2505 ad-

309 2562 312 2567 -
388 2535 613 2591 modum
672 2538 902 2595 honeste
957 2541 1189 2612 gessisse
1238 2541 1744 2611 deprehendantur,
1797 2550 1980 2596 tamen

386 2642 514 2683 cum
547 2628 693 2684 Deus
717 2646 815 2701 per
826 2630 927 2687 has
951 2632 1157 2703 aliquid
1185 2633 1332 2703 quod
1353 2633 1422 2688 ad
1450 2633 1684 2689 salutem
1703 2634 1978 2705 expediat,

386 2722 445 2777 in
480 2738 634 2779 sacra
664 2714 1355 2796 Scriptura'subministrat
1377 2768 1391 2793 ,
1424 2727 1752 2798 repellamus
1782 2729 1975 2798 procul

386 2829 418 2870 a
444 2814 607 2872 nobis
628 2815 682 2871 id
716 2817 864 2887 quod
899 2817 1179 2874 oﬂendere
1206 2817 1379 2889 possit
1411 2836 1424 2873 :
1461 2818 1507 2874 si
1547 2820 1710 2875 modo
1753 2820 1973 2889 sapien-

385 2904 461 2961 t'a
485 2915 541 2962 et
559 2908 869 2965 intellectus
890 2911 1052 2966 nobis
1071 2926 1217 2965 cura:
1243 2910 1370 2976 sint,
1402 2926 1581 2982 neque
1600 2911 1759 2981 plane
1783 2926 1974 2966 eorum

387 3014 508 3070 quae
539 3000 609 3058 ad
639 3017 756 3055 rem
790 3012 1037 3058 nostram
1067 3011 1336 3074 spectant,
1373 3003 1547 3074 ignari
1590 3003 1781 3058 simus.
1811 3002 1974 3074 Cogi-

391 3103 565 3146 temus
594 3093 741 3148 enim
771 3096 918 3165 quod
956 3104 1012 3151 et
1043 3097 1236 3152 beatus
1277 3097 1542 3167 propheta
1576 3095 1745 3152 Oseas
1773 3097 1973 3152 mulie-

2154 2360 2217 2433 β’.
2259 2359 2474 2432 Χρῆναι
2507 2360 2564 2415 δὲ
2595 2358 2748 2430 οἶμαι
2776 2361 2871 2415 καὶ
2899 2360 3006 2433 πρό
3042 2376 3107 2427 γε
3140 2359 3248 2413 τῶν
3283 2358 3458 2415 ἄλλων
3488 2359 3664 2412 ἐκεῖνο

2078 2452 2273 2517 εἰπεῖν,
2310 2452 2392 2505 ὅτι
2440 2452 2547 2509 κᾶν
2584 2454 2633 2507 εί
2662 2451 2906 2523 γένοιντό
2950 2469 3068 2515 πως
3094 2454 3152 2504 ὲν
3185 2453 3299 2516 τοῖς
3344 2451 3407 2504 ού
3452 2451 3661 2522 σφόδρα

2080 2544 2295 2611 σεμνοῖς
2321 2544 2372 2596 οἱ
2413 2542 2570 2609 δόξαν
2617 2542 2834 2617 ἔχοντες
2878 2543 2977 2614 τὴν
3015 2542 3253 2613 διαφανῆ
3313 2542 3469 2613 παρά
3496 2559 3561 2611 γε
3595 2545 3684 2625 τῇ.

2079 2632 2424 2705 θεοπνεύστῳ
2452 2635 2669 2709 Γραφῇ,
2704 2634 2841 2689 Θεοῦ
2863 2651 2918 2690 τι
2942 2636 3051 2689 τῶν
3082 2628 3398 2703 ἀναγκαίων
3428 2635 3509 2698 είς
3537 2633 3662 2705 ὄνη-

2081 2744 2164 2780 σιν
2198 2721 2257 2780 εὖ
2289 2726 2436 2798 μάλα
2461 2727 2854 2800 διοικουμένου,
2884 2726 3196 2798 διωσόμεθά
3225 2744 3314 2780 ποι
3348 2727 3566 2797 μακρὰν
3600 2726 3660 2780 τδ

2078 2819 2142 2872 ἐκ
2174 2817 2267 2873 τοῦ
2308 2818 2754 2885 σκανδαλίζεσθαι
2777 2815 3003 2891 βλάϐος·
3034 2821 3082 2879 εἰ
3105 2817 3169 2873 ὲν
3196 2818 3340 2889 λόγῳ
3362 2817 3662 2888 ποιούμεθα

2077 2912 2138 2966 τὸ
2180 2908 2320 2966 εἶναι
2366 2913 2520 2981 σοφοὶ
2565 2915 2662 2967 καὶ
2704 2913 2977 2984 ἀγχίνοοι,
3025 2914 3116 2975 καὶ
3153 2912 3261 2966 τῶν
3301 2910 3660 2981 οἰκονομικῶς

2076 3006 2479 3078 χρειωδέστατα
2503 3005 2795 3078 δρωμένων
2819 3007 2918 3061 οὐκ
2941 3008 3392 3078 ἀνεπιστήμονες.
3434 3003 3659 3058 Ἐννοῶ-

2081 3113 2178 3167 μεν
2201 3095 2329 3165 γὰρ,
2356 3096 2439 3151 ὅτι
2458 3097 2553 3149 καὶ
2579 3098 2607 3149 6
2632 3095 2903 3168 μακάριος
2920 3096 3205 3167 προφήτης
3238 3093 3397 3163 Ὠσηὲ
3424 3094 3659 3161 γυναῖκα

392 3199 503 3238 rem
549 3187 897 3243 meretricem
931 3189 1037 3244 sibi
1062 3190 1409 3253 conduxerit,
1450 3205 1630 3261 neque
1666 3190 1804 3244 adeo
1833 3187 1975 3244 infa-

2081 3189 2181 3260 μὲν
2213 3189 2420 3261 πόρνην
2448 3189 2628 3261 ἑαυτῷ
2652 3187 3057 3260 ιιατεμισθοῦτό
3086 3204 3241 3253 ποτε,
3286 3186 3493 3243 καὶτὸν
3519 3185 3658 3239 οὕτω

390 3288 506 3327 mes
542 3277 763 3345 nuptias
788 3278 1074 3343 recusarit,
1124 3288 1180 3333 et
1210 3279 1446 3339 filiorum
1472 3280 1786 3335 odiosorum
1814 3290 1971 3349 pater

390 3370 615 3417 vocatus
640 3365 746 3431 sit;
776 3381 1011 3436 quorum
1042 3368 1266 3423 nomina
1292 3367 1514 3424 fuerunt
1554 3387 1567 3422 :
1607 3388 1624 3420 ι
1655 3369 1773 3427 Non
1797 3384 1973 3446 popu-

389 3453 476 3509 lus
508 3468 691 3520 meus;
719 3474 737 3506 ι
768 3463 843 3521 et,
872 3476 889 3508 ι
924 3457 1045 3513 Non
1075 3458 1509 3514 misericordiam
1541 3459 1911 3517 consecuta“,
1946 3479 1963 3512 ι

390 3544 600 3615 Ecquid
628 3545 735 3606 sibi
761 3548 879 3609 vult
902 3548 1020 3604 haec
1050 3551 1179 3604 res?
1202 3550 1432 3604 Edicere
1448 3566 1559 3605 non
1580 3549 1968 3607 reformidabo.

390 3634 524 3690 Nam
544 3644 897 3714 posteaquam
929 3640 1004 3694 illi
1031 3640 1125 3710 qui
1172 3640 1372 3696 summi
1409 3649 1464 3696 et
1508 3643 1785 3713 principes
1817 3650 1974 3704 erant

390 3727 445 3783 in
493 3728 688 3794 Israel,
747 3730 1183 3791 adversabantur
1231 3733 1518 3802 praeconiis
1557 3734 1969 3804 prophetarum,

391 3819 748 3893 ingratusque
775 3822 858 3878 eis
877 3833 997 3879 erat
1026 3840 1206 3887 sermo
1250 3824 1470 3880 divinus
1488 3868 1502 3892 ,
1556 3825 1716 3901 196
1739 3825 1975 3880 faciebat

391 3912 666 3968 interdum
689 3913 833 3970 Deus
861 3929 959 3984 per
983 3929 1113 3971 suos
1153 3923 1373 3970 sanctos
1397 3916 1667 3989 ejusmodi
1702 3934 1714 3969 :
1743 3923 1803 3970 ut
1823 3917 1973 3971 scili-

389 4017 479 4064 cet
503 4024 570 4063 ex
604 4004 691 4064 his
729 4026 850 4080 qua:
894 4009 1136 4075 ﬁebant,
1165 4010 1352 4065 futura
1393 4010 1812 4082 prospicientes,
1850 4019 1972 4068 tan-

389 4118 553 4174 quam
595 4103 652 4157 in
688 4103 870 4158 tabula
909 4102 1195 4173 splendide
1226 4112 1281 4158 et
1327 4118 1585 4172 expresse
1628 4104 1863 4175 depicta,
1906 4105 1973 4159 ad

391 4195 477 4259 sui
502 4195 773 4248 commodi
799 4194 1209 4263 inquisitionem
1236 4193 1449 4247 animos
1467 4204 1870 4261 converterent,
1889 4206 1974 4253 at-

392 4299 502 4354 que
549 4282 682 4337 illud
711 4282 859 4353 quod
891 4281 1034 4337 foret
1078 4282 1323 4337 salutare
1362 4283 1511 4336 omni
1561 4284 1745 4337 studio
1782 4301 1969 4355 perse-

392 4379 713 4451 querentur,
749 4372 1002 4441 idemque
1048 4379 1105 4425 et
1151 4370 1274 4426 aliis
1323 4368 1632 4427 faciendum
1679 4375 1977 4443 persuade-

2072 3282 2498 3353 διαϐεϐλημένον
2527 3282 2588 3335 οὐ
2628 3285 2923 3354 παρῃτεῖτο
2962 3282 3161 3352 γάμον,
3187 3279 3283 3334 καὶ
3309 3279 3514 3331 τέκνων
3546 3277 3654 3330 ἀπ-

2074 3371 2401 3442 ηχθημένων
2450 3373 2829 3445 κεχρημάτικε
2889 3373 3077 3443 πατήρ
3099 3388 3112 3402 ·
3165 3366 3247 3434 οἷς
3276 3364 3347 3441 ἦν
3375 3369 3619 3439 ὀνόματα
3638 3382 3651 3399 ·

2080 3481 2097 3513 ι
2142 3465 2214 3516 Ού
2245 3464 2373 3528 λαός
2419 3483 2557 3534 μου,
2612 3485 2632 3518 ι
2671 3467 2800 3528 καὶ,
2851 3484 2871 3518 ι
2915 3468 3029 3520 Οὐκ
3067 3466 3372 3539 ὴλεημένη.
3412 3485 3431 3517 ι
3464 3465 3578 3518 Kal
3603 3460 3655 3517 τί

2074 3555 2133 3608 τὸ
2176 3556 2364 3626 χρῆμα
2410 3556 2508 3611 καὶ
2570 3557 2663 3610 ἐπὶ
2704 3557 2849 3611 τίσιν
2894 3559 3216 3626 ἐπράττετο,
3281 3557 3510 3612 διειπείν
3558 3554 3657 3616 οὐκ

2075 3646 2403 3718 δκνήσομεν.
2446 3647 2663 3718 Ἐπειδὴ
2691 3649 2802 3720 γὰρ
2831 3654 2944 3713 τοῖς
2976 3652 3086 3704 τῶν
3116 3648 3411 3721 προφητῶν
3441 3645 3650 3719 κηρύγ-

2079 3757 2243 3812 μασιν
2272 3740 2626 3813 ἀντεφέροντο
2649 3741 2755 3796 τῶν
2776 3742 2835 3808 ἐξ
2870 3742 3086 3814 Ἰσραὴλ
3116 3744 3164 3796 οἱ
3198 3742 3483 3805 δοκοῦντες
3518 3736 3662 3796 εἷναι

2076 3829 2560 3899 περιφανέστατοι,
2606 3830 2697 3884 καὶ
2725 3831 3104 3900 ἀπαράδεκτος
3132 3833 3319 3896 αὐτοῖς
3360 3832 3390 3884 6
3416 3830 3563 3895 θεῖος
3587 3827 3657 3902 ἦν

2076 3920 2234 3989 λόγος
2257 3938 2269 3952 ·
2303 3912 2604 3993 ἐπράττετο
2646 3922 2734 3976 διὰ
2772 3923 2879 3980 τῶν
2916 3924 3086 3993 ἀγίων
3124 3927 3308 3979 ἐκεῖνα
3346 3925 3489 3980 κατὰ
3529 3940 3658 3976 καις

2079 4010 2224 4081 ροὺς,
2256 4010 2343 4063 ἵνα
2376 4009 2478 4068 κᾶν
2513 4012 2644 4081 γοῦν
2679 4013 2736 4065 ὲν
2764 4012 2945 4077 αὐτοῖς
2973 4014 3084 4077 τοῖς
3114 4013 3414 4086 δρωμένοις
3440 4014 3509 4068 τά
3534 4012 3655 4067 €06-

2080 4119 2216 4174 μενα
2270 4102 2558 4174 βλέποντες
2603 4102 2854 4176 καθάπερ
2900 4105 2957 4158 ὲν
3001 4104 3190 4159 πίνακι
3242 4105 3513 4179 λαμπρῶς
3563 4106 3658 4161 καὶ

2077 4192 2378 4263 ἀναφανδὸν
2406 4194 2774 4265 γεγραμμένα
2794 4233 2808 4259 ,
2855 4194 2992 4266 πρὸς
3019 4195 3119 4266 τὴν
3154 4193 3250 4249 τοῦ
3283 4196 3657 4268 συμφέροντος

2076 4281 2294 4358 εὕρεσιν
2346 4284 2630 4338 καταθεῖεν
2681 4283 2770 4337 τὸν
2813 4285 2962 4350 νοῦν,
3001 4287 3095 4338 καὶ
3141 4286 3278 4358 πρός
3323 4303 3388 4355 γε
3429 4285 3493 4339 τὸ
3546 4285 3657 4340 δεῖν

2078 4375 2295 4430 ἑλέσθαι
2331 4376 2394 4429 τὸ
2431 4376 2675 4445 ὠφελοῦν
2713 4377 2867 4431 αὐτοί
2911 4395 2969 4430 τε
3012 4380 3492 4451 μεταφοιτήσειαν,
3527 4379 3658 4432 ἀνα-

393 4475 537 4521 rent.
579 4464 874 4520 Discebant
913 4463 1061 4519 enim
1116 4463 1247 4519 hinc
1294 4463 1442 4535 quod
1485 4464 1597 4521 sint
1641 4465 1814 4521 futuri
1865 4482 1977 4522 non

2081 4469 2316 4523 πείθοιεν
2344 4469 2399 4530 δὲ
2428 4470 2524 4523 καὶ
2555 4470 2796 4542 ἑτέρους.
2830 4470 3164 4542 Ἐμάνθανον
3189 4473 3321 4543 γὰρ,
3351 4473 3436 4526 ὅτι
3468 4472 3564 4526 καὶ
3594 4471 3658 4526 ού

391 4557 647 4628 populus,
704 4564 761 4612 et
792 4556 938 4611 inter
996 4572 1091 4612 eos
1141 4557 1343 4629 quibus
1388 4558 1781 4614 misericordias
1829 4559 1977 4617 fores

2081 4560 2206 4625 λαὸς
2227 4560 2439 4614 ἔσονται
2459 4561 2598 4616 κατὰ
2620 4531 2865 4634 καιροὺς,
2889 4531 2983 4616 καὶ
3006 4565 3062 4616 ὲν
3079 4531 3320 4628 τοῖςυούκι
3334 4562 3660 4633 ἠλεημένοις

394 4653 596 4706 clausae
629 4657 758 4703 sunt
797 4650 1144 4705 numerandi.
1178 4650 1461 4720 Siquidem
1483 4652 1608 4707 duri
1638 4660 1695 4706 et
1724 4654 1975 4708 immori-

395 4741 510 4821 geri
535 4739 777 4796 fuerunt.
801 4740 885 4797 An
914 4755 1028 4797 non
1080 4750 1138 4797 et
1163 4742 1364 4797 talibus
1394 4744 1603 4798 morbis
1634 4743 1974 4811 laborarunt,

394 4844 560 4903 atquc
610 4832 853 4902 undique
890 4831 1064 4886 ferme
1118 4832 1361 4902 coarguti
1405 4834 1565 4888 sunt?
1612 4835 1783 4889 Porro
1830 4835 1977 4905 quod

393 4925 661 5007 propheta
689 4922 1086 4993 cohabitaverit
1109 4938 1233 4979 cum
1258 4932 1437 4981 scorto
1452 4926 1518 4992 ",
1542 4934 1702 4997 typus
1723 4936 1841 4982 erat
1859 4929 1978 4995 Dei,

395 5015 489 5086 qui
529 5017 696 5071 veluti
736 5033 860 5072 cum
903 5016 1193 5080 meretrice
1243 5017 1477 5092 quadam
1505 5017 1981 5091 impurissimaque

379 5106 646 5170 'muliere,
683 5105 995 5160 Judaeorum
1016 5105 1225 5161 scilicet
1248 5105 1548 5185 Synagoga,
1573 5107 1859 5178 copulatus
1877 5117 1981 5177 est,

395 5216 462 5253 ex
482 5216 589 5269 qua
617 5216 837 5272 gravem
869 5201 1107 5267 ﬁliorum
1127 5201 1536 5272 generationem
1559 5201 1788 5271 accepit.
1815 5203 1982 5258 Intel-

382 5282 630 5361 iligcntcs
659 5291 843 5362 itaque
867 5307 1014 5347 nunc
1041 5292 1215 5359 divini
1250 5292 1465 5349 consilii
1492 5292 1606 5347 suis
1646 5295 1985 5364 temporibus

398 5384 666 5437 rationem
690 5392 850 5453 atque
873 5384 1358 5455 dispensationem,
1384 5400 1728 5465 nequaquam
1751 5370 1987 5457 amplius

400 5474 783 5539 damnabimus
843 5477 1231 5531 scortationem
1271 5476 1509 5530 Thamar
1552 5486 1609 5531 et
1661 5476 1834 5542 Judze,
1887 5479 1982 5533 sed

402 5566 586 5641 potius
615 5573 760 5620 hunc
785 5583 1134 5638 congressum
1177 5568 1425 5623 dicemus
1449 5567 1617 5623 fuisse
1640 5585 1708 5624 ex
1747 5570 1842 5625 Dei
1868 5572 1982 5626 dis-

473 5741 519 5779 "
552 5741 687 5806 Gen.
719 5759 941 5813 xxxvm,
974 5746 1165 5801 25-50.
1241 5750 1281 5780 “
1314 5746 1450 5805 Osee
1486 5767 1521 5816 ι,
1550 5750 1661 5805 ‘3-6.

1745 5754 1788 5783 "
1827 5754 1961 5808 ibid.
1997 5755 2042 5808 1.

2083 4652 2561 4721 κατατετάξονται,
2616 4654 2842 4724 σκληροί
2890 4671 2949 4707 τε
2981 4655 3074 4708 καὶ
3118 4656 3429 4726 ἀφιλήκοοι,
3476 4654 3574 4707 καὶ
3604 4652 3659 4706 τί

2083 4750 2190 4819 γὰρ
2239 4747 2360 4817 οὐχὶ
2416 4746 2527 4799 τῶν
2576 4747 2831 4804 τοιούτων
2879 4748 3300 4819 ὴρρωστηκότες
3352 4748 3446 4800 καὶ
3495 4747 3699 4821 μέχρι.Δ

2081 4837 2280 4903 παντὸς
2306 4829 2746 4908 ἐξεληλεγμένοι;
2775 4839 2847 4891 Τὸ
2875 4838 2932 4893 δέ
2965 4855 3028 4907 γε
3054 4842 3120 4911 τῇ
3148 4839 3321 4911 πόρνῃ
3351 4855 3661 4910 συγκατηυ-

2080 4928 2261 4984 λίσθαι
2280 4930 2439 4999 τυχὸν
2466 4929 2556 4983 τὸν
2586 4931 2890 5002 προφήτην,
2917 4930 3087 4994 τύπος
3113 4927 3182 5004 ἦν
3207 4932 3314 5004 ἄρα
3342 4931 3501 4997 Θεοῦ,
3523 4930 3661 4985 καθ-

2082 5025 2225 5093 άπερ
2257 5022 2365 5076 τινὶ
2396 5023 2569 5094 πόρνῃ
2607 5023 2704 5078 καὶ
2755 5025 3124 5096 μυσαρωτάτῃ
3173 5025 3397 5092 γυναικὶ
3431 5026 3501 5095 τῇ
3550 5024 3662 5079 τῶν

2095 5114 2361 5168 Ἰουδαίων
2390 5114 2684 5185 Συναγωγῇ
2731 5117 3108 5187 συνῳκηκότος
3142 5116 3344 5187 τρόπον
3380 5116 3533 5182 τινὰ,
3567 5116 3664 5170 καὶ

2083 5205 2289 5258 παίδων
2303 5203 2514 5275 γένεσιν
2538 5206 2635 5275 τὴν
2653 5204 2873 5275 ἀπηχθη
2882 5205 3047 5276 μένην
3064 5207 3156 5259 ἀπ’
3182 5206 3354 5275 αὐτῆς
3381 5206 3662 5277 ἑλομένου.

2094 5296 2432 5360 Ἐννοοῦντες
2472 5293 2566 5351 οὖν
2619 5298 2726 5369 ἄρα
2766 5301 2863 5368 τῆς
2897 5299 3039 5352 κατά
3087 5299 3311 5369 καιροὺς
3346 5297 3661 5368 οἰκονομίας

2078 5390 2205 5452 τοὺς
2237 5390 2503 5461 τρόπους,
2545 5389 2715 5459 ψόγου
2761 5373 2856 5445 καὶ
2889 5389 3160 5458 καταϐοῆς
3200 5390 3301 5459 τῆς
3348 5389 3441 5443 ὲπί
3470 5406 3533 5458 γε
3579 5388 3662 5460 τῷ

2082 5481 2397 5554 πορνεῦσαι,
2459 5485 2623 5554 φημὶ.
2671 5484 2840 5556 αὑτήν
2874 5501 2932 5543 τε
2975 5484 3072 5553 τὴν
3100 5483 3299 5555 Θάμαρ
3339 5485 3433 5538 καὶ
3475 5482 3662 5554 μέντοι

2081 5573 2176 5627 καὶ
2208 5574 2298 5628 τὸν
2357 5574 2556 5629 Ἰούδαν
2601 5577 2823 5641 εῐκότως
2867 5575 3280 5645 ἀπαλλάξομεν·
3334 5573 3553 5628 σύνοδον
3598 5575 3662 5630 δι
