4074 6260
317 330 425 388 313

1314 337 1832 398 οιΑῐιιιγιιοιιωι
1872 342 1939 397 ΙΝ
1974 343 2275 403 GENESIM
2314 350 2443 407 LIB.
2484 353 2572 409 Π.

3468 371 3568 427 314

320 444 521 515 μᾶλλον
574 447 928 520 οἰκονομικὴν
976 448 1230 517 γενέσθαι
1271 454 1473 524 φαμὲν.
1533 456 1599 508 Ἦ
1641 457 1738 526 μὲν
1784 458 1886 529 γάρ

1994 464 2337 533 pensatione.
2373 468 2507 522 Nam
2528 469 2618 524 illa
2649 471 2873 540 quidem
2915 474 3259 533 desiderabat
3279 493 3467 535 semen
3502 484 3561 536 li-

318 533 595 606 ὲπεθύμει
625 538 797 607 γονῆς
821 538 1124 609 ἐλευθέρας,
1148 540 1245 594 τοῦ
1273 542 1415 596 κατά
1457 544 1621 614 νόμον
1654 562 1900 618 συνῳκη-

316 626 478 689 κότος
522 627 865 698 ὲστερημένη
891 643 905 660 ·
951 631 980 683 6
1016 631 1072 684 δὲ
1112 628 1183 701 ἦν
1223 632 1323 703 ἤδη
1372 651 1488 698 πως
1516 636 1617 689 οὐκ
1651 637 1711 690 ἐν
1749 639 1900 711 αἰτίᾳ

319 715 498 786 πολλῇ
528 716 625 770 τοῦ
651 719 761 777 καὶ.
779 720 932 790 εἴπερ
955 721 1146 788 ἕλοιτο,
1174 725 1446 779 συνελθεῖν
1466 728 1647 799 ξτέρᾳ,
1672 730 1899 785 τεθνεώ-

327 824 433 875 σης
460 807 610 876 αὐτῷ
629 809 724 878 τῆς
748 810 984 880 πρώτης.
1010 812 1311 878 Κοινωνίας
1328 815 1384 868 δὲ
1407 817 1505 887 τῆς
1523 821 1898 891 πνευματικῆς

336 899 434 951 καὶ
469 899 576 969 μὴν
610 902 698 952 καὶ
741 901 896 955 τόκου
926 903 1020 956 τοῦ
1052 905 1245 976 νοητοῦ
1288 907 1505 971 σύνοδός
1545 928 1638 963 ποι
1678 912 1897 976 πάντως

337 990 465 1058 ἡμῖν
496 992 586 1043 καὶ
625 992 882 1059 ἀπότεξις
925 998 1214 1066 σωματικὴ
1259 1002 1665 1071 καταγράψειεν
1710 1003 1777 1057 ἂν
1810 1007 1894 1073 ἐφ’

331 1082 525 1150 ἑαυτῆς
566 1084 690 1145 τοὺς
734 1085 960 1150 τύπους.
1001 1089 1456 1163 Χειραγωγηθείη
1502 1092 1611 1163 γὰρ
1653 1088 1754 1147 ὦδε
1800 1096 1895 1147 καὶ

323 1174 416 1243 οὐχ
457 1174 660 1246 ἑτέρως
690 1174 759 1230 ἂν
802 1178 1006 1247 μᾶλλον
1050 1181 1144 1234 ἐπὶ
1170 1181 1232 1235 τὸ
1262 1183 1460 1253 ἀληθὲς
1491 1186 1520 1239 6
1557 1185 1893 1257 ἀνθρώπινος

318 1281 458 1329 νους.

381 1362 448 1422 γ’.
489 1358 863 1429 Καταὸέδηκε
892 1360 1074 1415 τοίνυν
1115 1363 1316 1428 Ἰούδας
1335 1405 1351 1430 ,
1379 1366 1474 1420 καὶ
1498 1366 1726 1436 ἀφίκετο
1755 1368 1893 1439 πρὸς

314 1445 621 1518 ἄνθρωπον,
663 1447 709 1519 ᾧ
743 1452 917 1523 ὄνομα
948 1455 1123 1524 Ἵρας.
1163 1457 1392 1521 Δίπόλος
1428 1458 1484 1511 δὲ
1512 1453 1667 1522 οὗτος
1693 1460 1787 1512 καὶ
1811 1477 1893 1513 τε·

304 1538 504 1607 ’χνὶτης
519 1540 591 1593 τὰ
617 1544 932 1612 ποιμενικά.
964 1545 1076 1599 Καὶ
1091 1546 1189 1615 τὴν
1210 1547 1388 1602 Σαὸᾶν
1417 1549 1595 1602 ἐκεῖσε
1618 1548 1891 1620 θεασάμε-

316 1643 429 1691 νος,
474 1630 709 1684 ἐποιεῖτο
758 1632 856 1702 μὲν
877 1634 1121 1690 σύνοικον
1139 1676 1154 1700 ,
1186 1638 1392 1709 μητέρα
1411 1638 1468 1693 δὲ
1494 1640 1586 1692 καὶ
1601 1639 1763 1712 τριῶν
1785 1641 1891 1694 ἀπ-

1999 555 2215 621 berum,
2244 558 2436 613 orbata
2458 575 2526 614 eo
2556 563 2649 630 qui
2690 562 2795 617 sibi
2848 564 3087 635 legitime
3129 568 3307 625 fuerat
3335 574 3567 643 conjun-

1999 656 2160 703 ctus:
2192 648 2282 703 hic
2310 664 2443 704 vero
2476 650 2532 705 in
2566 653 2670 707 levi
2702 655 2861 725 culpa
2886 656 3011 721 fuit,
3044 667 3105 712 ut
3124 661 3219 730 qui
3242 678 3299 716 se
3338 671 3569 718 commi-

1998 740 2207 794 scuerit
2249 754 2374 793 cum
2421 740 2613 807 libera,
2649 744 2818 813 priori
2858 761 3027 803 uxore
3059 748 3167 803 sibi
3192 752 3303 821 jam
3332 764 3568 809 mortua.

2002 830 2181 901 Typos
2213 840 2398 885 autem
2438 835 2840 904 conjunctionis
2864 838 3186 908 spiritualis,
3210 851 3268 897 et
3288 853 3473 913 partus
3489 846 3566 900 in-

1998 922 2326 977 tellectualis
2351 938 2450 993 per
2477 939 2536 979 se
2579 926 2738 980 nobis
2752 927 3104 999 descripserit
3137 933 3241 988 ista
3259 937 3570 1005 coniunctio

1994 1021 2051 1067 et
2079 1014 2360 1082 generatio
2418 1016 2736 1084 corporalis.
2778 1018 2936 1074 Nulla
2981 1022 3132 1075 enim
3182 1023 3288 1078 alia
3358 1026 3567 1080 ratione

1993 1117 2150 1157 mens
2183 1103 2420 1160 humana
2447 1106 2785 1163 commodius
2819 1109 2887 1164 ad
2911 1111 3200 1168 veritatem
3223 1113 3422 1170 deduci
3465 1131 3568 1185 po-

1995 1201 2119 1247 test.
2476 1204 2487 1217 ’

2061 1365 2114 1420 5.
2141 1366 2434 1422 Descendit
2459 1368 2627 1439 igitur
2658 1370 2847 1437 Iudas,
2887 1382 2944 1428 et
2962 1374 3186 1430 divertit
3211 1375 3356 1459 apud
3387 1375 3563 1431 homi-

1990 1470 2141 1520 nem,
2181 1457 2271 1511 cui
2299 1471 2500 1512 nomen
2527 1458 2676 1513 Hira.
2726 1461 2852 1515 Fuit
2890 1471 3074 1517 autem
3132 1457 3418 1533 caprarum
3470 1480 3564 1535 pa-

1991 1553 2127 1610 stor,
2152 1548 2470 1617 peritusque
2496 1549 2574 1602 rei
2599 1552 2907 1619 pastoralis.
2930 1553 3119 1623 ibique
3150 1553 3347 1610 Sabam
3386 1556 3561 1612 visam

1989 1634 2145 1689 duxit
2174 1635 2231 1690 in
2254 1650 2499 1701 uxorem,
2530 1651 2595 1691 ac
2621 1637 2786 1692 trium
2815 1640 3054 1695 filiorum
3083 1651 3315 1698 matrem
3344 1644 3559 1715 effecit;

320 1718 492 1785 ἔδειξε
524 1721 736 1775 τέκνων
758 1739 773 1754 ·
812 1726 919 1797 Ἤρ
943 1727 1009 1798 δὴ
1036 1729 1179 1796 λέγω
1200 1731 1293 1783 καὶ
1323 1731 1523 1794 Δὺνᾶν,
1579 1731 1674 1785 καὶ
1704 1731 1886 1802 μέντοι

1989 1727 2245 1782 nimirum
2260 1727 2391 1793 Her,
2418 1730 2609 1783 Aunan
2630 1738 2686 1784 et
2716 1729 2916 1785 Selom.
2941 1732 3022 1786 Ex
3054 1732 3141 1788 his
3173 1734 3282 1790 Her
3297 1736 3565 1805 signiﬁcat

324 1807 424 1860 καὶ
451 1809 668 1881 Σηλώμ.
711 1814 818 1867 Καὶ
853 1791 898 1868 6'
924 1791 1023 1886 μὲν
1069 1791 1179 1891 Ἤρ
1223 1791 1580 1888 δερμάτινος
1602 1864 1617 1886 ,
1645 1791 1886 1876 τουτέστι

1995 1817 2261 1887 pellicem,
2316 1791 2426 1873 hoc
2463 1829 2547 1874 est
2582 1820 2849 1888 carnalis;
2883 1823 3076 1878 Aunan
3121 1841 3275 1890 vero,
3321 1791 3562 1898 stupidus

326 1897 618 1967 σάρκινος
639 1942 654 1966 ,
713 1906 1069 1976 ἑρμηνεύεται
1087 1925 1101 1940 ο
1169 1911 1495 1981 πεπληγὼς
1542 1913 1599 1966 δὲ
1646 1912 1893 1982 καρδίαν

321 1990 533 2044 Αὐνᾶν·
564 1993 921 2064 ἐκσπασμὸς
962 1997 1021 2051 δὲ
1058 2000 1088 2052 6
1124 2000 1340 2072 τρίτος,
1389 2001 1556 2072 ἦγουν
1598 2005 1894 2070 ὐπόλυσις

317 2080 415 2133 καὶ
430 2082 798 2153 εἰρήνευσις.
810 2087 1167 2161 Καταδέσηκε
1193 2091 1251 2144 δὲ
1273 2092 1362 2144 καὶ
1378 2093 1436 2158 ἐξ
1452 2091 1707 2163 οὐρανῶν,
1725 2094 1891 2148 καθά-

317 2189 428 2244 περ
454 2173 521 2228 εκ
564 2194 712 2240 τινος
745 2179 908 2247 άγιας
940 2181 1062 2251 γῆς,
1104 2182 1133 2234 6
1165 2185 1462 2253 μονογενὴς
1492 2184 1585 2237 τοῦ
1608 2185 1739 2239 Θεοῦ
1781 2186 1890 2239 Λό-

313 2280 431 2331 γος,
472 2268 503 2319 6
549 2268 769 2337 ἀληθῶς
802 2272 1167 2343 ὑμνούμενος,
1210 2276 1306 2328 καὶ
1342 2275 1439 2343 τῆς
1488 2276 1760 2345 βασιλείας
1779 2277 1886 2344 τὴν

310 2351 474 2418 δόξαν
501 2357 750 2422 φυσικῶς
778 2359 1109 2429 ἀνημμένος.
1147 2362 1309 2416 Τουτὶ
1338 2364 1447 2435 γὰρ
1471 2366 1600 2434 ἡμῖν
1620 2367 1680 2420 τὸ
1718 2365 1889 2421 Ἰούδα

312 2447 606 2514 πρόσωπον
635 2448 1008 2520 ύπεμφήνειεν
1033 2454 1125 2508 ἄν’
1170 2455 1412 2509 αἴγεσιν
1454 2457 1554 2527 μὲν
1580 2457 1687 2529 γὰρ
1717 2460 1749 2528 ἡ
1790 2457 1888 2512 τοῦ

311 2532 574 2603 ὀνόματος
602 2538 850 2606 σημασία
865 2540 1034 2609 δηλοῖ.
1056 2541 1464 2615 Βασιλικωτάτη
1487 2545 1544 2598 δὲ
1564 2546 1672 2598 τῶν
1690 2545 1887 2613 ἄλλων,

315 2624 407 2676 καὶ
440 2626 497 2676 ὲν
537 2629 660 2689 ταῖς
698 2630 780 2692 είς
817 2629 992 2702 ἄκρον
1030 2633 1324 2705 ὑπεροχαῖς
1355 2637 1388 2706 ή
1435 2636 1603 2691 Ἰούδα
1643 2637 1888 2691 τέθειται

317 2715 483 2785 φυλή.
529 2718 823 2790 Τοιγάρτοι
847 2723 944 2776 καὶ
992 2725 1020 2776 6
1061 2725 1346 2790 θεσπέσιος
1398 2728 1613 2792 Ἰακὼϐ,
1653 2727 1751 2799 τὴν
1795 2730 1886 2783 ἐπ’

320 2806 465 2878 αὖτῷ
504 2810 831 2880 ποιούμενος
864 2814 1133 2884 εὐλογίαν,
1178 2818 1347 2871 Ἰούδα
1378 2821 1532 2889 φησὶ,
1572 2838 1590 2872 ι
1638 2821 1705 2873 Σὲ
1736 2822 1885 2876 αἰνέ-

327 2892 583 2953 οαισαν“οι
615 2903 831 2967 ἀδελφοί
871 2922 986 2959 σου.
1031 2925 1049 2959 ι
1094 2909 1499 2980 Μεμαρτύρηκε
1521 2911 1577 2965 δὲ
1608 2912 1701 2965 καὶ
1740 2915 1769 2966 6
1796 2929 1887 2965 σο-

330 2986 565 3056 φώτατος
594 2993 823 3058 Παῦλος,
854 2996 932 3059 ὡς
963 2999 1027 3050 ὲκ
1050 2999 1147 3069 τῆς
1164 3000 1330 3052 Ἰούδα
1356 3001 1527 3072 φυλῆς
1556 3003 1726 3071 ἀνέφυ
1751 3006 1887 3075 Χρι-

324 3174 465 3239 όηκε
508 3177 681 3230 τοίνυν
712 3181 739 3232 6
780 3182 1074 3253 μονογενὴς
1110 3181 1206 3235 τοῦ
1241 3183 1378 3238 Θεοῦ
1416 3185 1609 3253 Λόγος,
1643 3187 1737 3239 καὶ
1782 3189 1880 3240 ἐπ-

318 3266 576 3337 εφοὶτησε
601 3269 697 3337 μὲν
722 3273 788 3341 τῇ
825 3273 1016 3343 ἐρήμῳ
1053 3272 1277 3342 Μαδιάμ
1302 3274 1736 3344 διαποιμαίνοντι
1758 3277 1880 3331 τότε

314 3355 395 3425 τῷ
429 3360 683 3430 μακαρίῳ
705 3362 912 3419 Μωσεῖ.
950 3363 1124 3434 Ὠφθη
1155 3362 1264 3435 γὰρ
1294 3362 1441 3431 αὑτῷ
1467 3369 1522 3418 ὲν
1555 3366 1684 3421 εῖδει
1709 3369 1881 3439 πυρὸς

311 3448 376 3498 ὲν
405 3451 469 3518 τῇ
507 3447 673 3520 βάτῳ,
705 3453 797 3504 καὶ
821 3453 1064 3525 συνήφθη
1092 3455 1291 3525 τρόπον
1317 3456 1439 3510 τινὰ
1468 3457 1535 3510 δι’
1558 3458 1741 3521 αὑτοῦ,
1778 3478 1879 3514 κα-

311 3537 492 3609 Θάπερ
513 3539 796 3611 ἀλλοφύλῳ
819 3543 1097 3614 Χαναναία
1116 3546 1353 3611 γυναικὶ,
1376 3548 1442 3615 τῇ
1465 3547 1584 3602 κατ’
1607 3548 1879 3615 Αἴγυπτον

310 3628 610 3703 Συναγωγῇ
650 3632 758 3685 τῶν
792 3632 921 3687 υἱῶν
968 3635 1213 3705 Ἰσραήλ·
1253 3634 1505 3708 καθάπερ
1551 3637 1739 3708 ἀμέλει
1788 3642 1880 3693 καὶ

306 3724 339 3777 6
386 3724 586 3788 Ἰούδας
612 3724 702 3781 διὰ
729 3724 823 3780 τοῦ
851 3727 1226 3795 ποιμαίνοντος
1274 3730 1340 3799 τῇ
1377 3729 1523 3798 Σασᾷ
1548 3769 1563 3794 ,
1596 3732 1628 3801 ἢ
1658 3730 1881 3802 διερμη-

308 3814 529 3869 νεύεται
573 3817 816 3885 ὕψωσίς
862 3834 921 3870 τε
967 3818 1060 3873 καὶ
1096 3819 1370 3887 ἔπαρσις.
1410 3821 1732 3892 Κεκλημένη
1773 3824 1881 3892 γὰρ

305 3908 506 3979 ὥσπερ
535 3912 615 3973 εἰς
639 3911 947 3981 οἰκειότητα
979 3911 1075 3982 τὴν
1103 3911 1179 3975 ὡς
1211 3911 1348 3982 πρὸς
1369 3912 1501 3966 Θεὸν
1534 3915 1567 3982 ἡ
1601 3913 1709 3966 τῶν
1752 3914 1882 3967 Ἰου·

306 4000 481 4054 δαίων
502 4002 823 4073 Συναγωγὴ,
850 4002 1103 4075 χθαμαλὴ
1141 4003 1241 4074 μὲν
1267 3999 1334 4074 ἦν
1364 4005 1548 4058 οὐκέτι
1575 4006 1668 4059 καὶ
1701 4021 1878 4059 πεπα-

302 4093 546 4163 τημένη,
578 4094 677 4147 καὶ
702 4094 763 4147 τὸ
800 4098 897 4163 τῆς
929 4095 1170 4158 δουλείας
1200 4095 1397 4165 ἔχουσα
1436 4078 1879 4166 σμικροπρεπὲς,

304 4185 495 4255 ὑψηλὴ
523 4186 582 4238 δὲ
605 4187 793 4254 γέγονε
822 4189 916 4241 καὶ
951 4187 1235 4256 διαφανής.
1278 4186 1625 4258 Λελύτρωται
1659 4188 1768 4258 γάρ
1804 4188 1879 4252 ὡς

303 4279 379 4329 ἐκ
402 4278 634 4346 καμίνου
668 4279 912 4348 σιδηρᾶς,
944 4280 1037 4332 καὶ
1067 4279 1127 4342 ἐξ
1152 4277 1303 4332 οἴκου
1327 4278 1570 4343 δουλείας
1594 4319 1608 4342 ,
1643 4279 1783 4333 κατά
1816 4281 1877 4335 τὸ

301 4369 713 4439 γεγραμμένον.
730 4366 862 4423 Εἶτα
884 4370 979 4439 τῆς
992 4374 1048 4423 ὲν
1062 4370 1320 4439 Αἰγύπτῳ
1335 4371 1666 4441 Συναγωγῆς
1689 4373 1785 4443 τῆς
1803 4374 1879 4437 ὼς

1992 1905 2107 1960 sive
2136 1905 2401 1976 perculsus
2429 1908 2618 1972 corde;
2645 1909 2840 1965 tertius
2866 1921 3070 1977 autem,
3111 1904 3306 1969 evulsio
3338 1918 3452 1972 sive
3477 1918 3560 1972 di-

1991 1999 2168 2052 missio
2199 2006 2256 2052 et
2286 1998 2605 2069 paciﬁcatio.
2641 2000 2812 2055 Porro
2847 2016 2878 2057 e
2917 2003 3071 2058 caelis
3088 2005 3255 2060 etiam
3277 2006 3563 2066 descendit

1989 2096 2251 2157 tanquam
2288 2102 2320 2142 e
2366 2096 2554 2142 sancta
2587 2088 2823 2159 quadam
2862 2099 3011 2146 terra
3065 2093 3409 2163 unigenitum
3461 2096 3559 2153 Dei

1988 2179 2249 2244 Verbum,
2287 2180 2383 2250 qui
2411 2179 2582 2237 Filius
2602 2195 2730 2235 vere
2756 2181 2988 2237 celebris
3012 2192 3115 2249 est,
3161 2185 3376 2255 sibique
3403 2195 3563 2242 natu-

1988 2272 2177 2327 raliter
2216 2272 2528 2344 adjunctam
2562 2273 2730 2329 habet
2763 2273 2915 2345 regni
2939 2276 3297 2347 maiestatem.
3328 2277 3388 2333 ld
3413 2278 3560 2334 enim

1987 2362 2148 2418 nobis
2172 2379 2410 2433 persona
2439 2362 2594 2419 Judas
2634 2374 3008 2434 repraesentat,
3043 2366 3315 2436 siquidem
3358 2382 3561 2424 nomen

1985 2451 2157 2522 ipsius
2172 2453 2436 2524 signiﬁcat
2456 2453 2686 2519 laudem,
2698 2471 2795 2511 seu
2810 2453 3225 2512 celebrationem.
3243 2459 3446 2516 Tribus
3461 2475 3562 2516 au-

1987 2552 2095 2600 tem
2111 2545 2262 2601 Iuda:
2275 2561 2387 2616 prae
2402 2546 2525 2602 aliis
2543 2546 2798 2619 insignita
2813 2548 3184 2605 fuit'tribubus
3200 2550 3408 2607 honore
3426 2560 3484 2607 et
3497 2552 3556 2609 in

1985 2650 2237 2705 suprema
2256 2636 2575 2691 excellentia
2594 2637 2792 2707 posita.
2811 2639 2964 2695 Unde
2979 2639 3199 2696 divinus
3211 2641 3400 2707 Iacob,
3419 2642 3559 2697 dans

1985 2728 2420 2784 benedictionem
2432 2730 2606 2796 Judaa,
2628 2731 2737 2785 ait:
2765 2751 2782 2782 ι
2807 2733 2881 2786 Te
2896 2732 3121 2789 laudent
3132 2735 3329 2789 fratres
3348 2735 3428 2788 tui
3450 2734 3548 2787 ".o

1990 2818 2144 2888 197
2168 2819 2341 2897 Atqui)
2352 2820 2787 2890 sapientissimus
2803 2824 3003 2879 Paulus
3015 2826 3183 2881 etiam
3205 2835 3436 2881 testatus
3450 2833 3554 2891 est,

1985 2911 2130 2979 quod
2161 2926 2227 2965 ex
2247 2912 2396 2966 tribu
2436 2912 2575 2967 Juda
2602 2914 2847 2969 oriturus
2875 2916 2946 2971 sit
2976 2916 3248 2981 Christus,
3273 2917 3416 2971 ultra
3441 2930 3559 2970 om-

1986 3016 2086 3054 nes
2121 3008 2402 3055 creaturas
2427 3003 2870 3058 celebrandus".
2903 3006 3198 3061 Descendit
3216 3006 3397 3076 itaque
3429 3005 3554 3060 uni-

204 3090 223 3103 ‘
335 3082 457 3144 στὸς
480 3123 492 3146 ,
522 3086 550 3136 ὁ
580 3086 720 3157 παρά
750 3088 932 3159 πάσης
976 3089 1201 3154 κτίσεως
1234 3092 1590 3162 ὑμνούμενος.
1638 3095 1882 3148 Καταὸέ-

1987 3094 2204 3164 genitus
2228 3094 2325 3150 Dei
2352 3094 2542 3159 Filius,
2585 3104 2641 3151 et
2669 3096 2840 3152 exivit
2887 3113 2987 3168 per
3028 3098 3307 3154 desertum
3340 3100 3556 3156 Madian

1987 3184 2054 3239 ad
2085 3184 2306 3239 beatum
2327 3185 2579 3257 Moysen,
2618 3194 2750 3240 tunc
2791 3186 2867 3241 ibi
2908 3195 3243 3258 pascentem.
3289 3187 3557 3260 Apparuit

1985 3275 2131 3331 enim
2156 3276 2259 3346 ipsi
2296 3275 2350 3330 in
2406 3278 2587 3347 specie
2631 3278 2770 3349 ignis
2816 3278 2872 3333 in
2894 3279 3035 3334 rubo
3064 3277 3131 3346 ",
3173 3287 3229 3335 et
3261 3279 3423 3335 simul
3455 3295 3557 3350 per

1985 3370 2163 3439 ipsum
2187 3385 2288 3425 con
2288 3371 2511 3441 junctus
2521 3381 2606 3428 est
2620 3372 3021 3442 quodammodo
3035 3373 3327 3445 Synagogte
3340 3372 3558 3429 lsraeli-

1984 3469 2159 3516 tarum
2191 3462 2246 3516 in
2268 3461 2526 3533 Egypto;
2550 3472 2804 3534 tanquam
2827 3464 3141 3537 alienigenae
3166 3474 3222 3520 et
3238 3464 3558 3520 Chananea

1985 3554 2234 3618 mulieri,
2276 3554 2735 3623 quemadmodum
2759 3565 2815 3612 et
2840 3557 3008 3613 Iudas
3036 3573 3133 3627 per
3159 3564 3432 3627 pastorem
3462 3570 3559 3625 ap-

1984 3646 2162 3715 paruit
2192 3645 2293 3715 ipsi
2318 3645 2492 3711 Sebte,
2522 3662 2642 3715 quae
2658 3648 3046 3719 interpretatur
3074 3648 3295 3701 altitudo
3322 3662 3418 3702 seu
3446 3645 3530 3699 ela

1985 3738 2075 3790 tio.
2125 3738 2260 3791 Nam
2307 3737 2620 3792 Judaeorum
2663 3737 2940 3809 Synagoga
2967 3738 3137 3793 veluti
3164 3738 3220 3791 in
3260 3736 3555 3790 amicitiam

1984 3828 2278 3883 Deivocata
2296 3836 2399 3890 est,
2425 3845 2604 3898 neque
2633 3830 2865 3898 amplius
2879 3838 2997 3883 erat
3022 3830 3231 3897 abiecta
3259 3836 3315 3880 et
3340 3827 3558 3895 procul-

1986 3926 2125 3981 cata,
2159 3919 2544 3987 sordidamque
2563 3934 2844 3972 servorum
2865 3918 3231 3972 conditionem
3258 3916 3553 3982 sustinens,

1987 4007 2081 4061 sed
2102 4007 2335 4059 exaltata
2375 4015 2537 4074 atque
2572 4005 2820 4060 illustris.
2857 4006 3058 4074 Erepta
3096 4004 3242 4058 enim
3268 4012 3405 4069 erat,
3442 4012 3557 4058 tan-

1986 4112 2148 4167 quam
2178 4112 2244 4151 ex
2266 4095 2482 4151 fornace
2519 4096 2696 4151 ferrea
2739 4104 2876 4150 etex
2897 4094 3060 4150 domo
3090 4094 3389 4158 servitutis,
3416 4094 3558 4149 sicut

1985 4189 2247 4258 scriptum
2293 4196 2378 4242 est
2422 4190 2485 4240 ’⁸.
2513 4188 2704 4242 Postea
2732 4202 2863 4242 vero
2886 4185 3013 4241 huic
3057 4186 3347 4257 Synagogae
3386 4184 3556 4240 veluti

1984 4280 2321 4350 alienigene,
2355 4286 2411 4333 et
2438 4278 2581 4333 idola
2609 4278 2830 4343 colenti,
2871 4277 3088 4333 tandem
3121 4285 3230 4331 tres
3267 4275 3380 4330 nati
3428 4285 3555 4330 sunt

1984 4372 2191 4443 populi,
2230 4371 2547 4440 supplentes
2572 4372 2683 4425 Deo
2698 4371 2946 4425 ordinem
2981 4369 3239 4434 ﬁliorum,
3273 4376 3329 4423 et
3355 4385 3422 4425 ex
3447 4383 3555 4424 una

300 4458 611 4527 ἀλλοφύλου
638 4477 695 4512 τε
733 4461 827 4513 καὶ
851 4461 1339 4533 εἰδωλολατρούσης
1372 4464 1503 4516 ποτὲ
1532 4468 1681 4534 τρεῖς
1715 4466 1876 4532 γεγό-

1987 4462 2202 4530 quidem
2237 4469 2411 4514 matre
2438 4460 2626 4530 geniti,
2658 4460 2753 4514 sed
2801 4468 3042 4528 tempore
3076 4461 3262 4530 partiti
3294 4468 3422 4514 sunt
3459 4476 3554 4530 ge-

302 4566 438 4604 νασι
471 4550 610 4615 λαοὶ,
644 4551 741 4620 τὴν
773 4551 904 4603 υἱῶν
936 4552 1087 4618 τάξιν
1114 4554 1555 4624 ἀποπληροῦντες
1593 4556 1711 4626 Θεῷ
1734 4599 1747 4620 ,
1787 4558 1879 4610 καὶ

310 4646 447 4716 μιᾶς
485 4643 584 4713 μὲν
616 4642 805 4715 ὥσπερ
845 4644 1214 4713 ὲκπεφυκότες
1244 4646 1481 4716 μητρὸς,
1527 4648 1881 4716 μερισάμενοι

303 4735 371 4790 δὲ
408 4735 507 4803 τὴν
543 4735 601 4786 ὲν
640 4735 814 4804 χρόνῳ
834 4734 1193 4800 γένεστν.Κα“ι
1219 4735 1338 4787 τίνα
1374 4736 1437 4806 δὴ
1469 4738 1689 4805 τρόπον,
1726 4738 1883 4807 ὲροῦ-

310 4830 419 4896 μεν
449 4827 547 4878 οὐκ
571 4827 649 4887 είς
678 4826 914 4896 μακράν.
941 4820 1073 4879 Εἶτα
1095 4827 1194 4893 τὴν
1225 4825 1419 4895 Θάμαρ
1448 4825 1647 4896 πρώτῳ
1682 4826 1778 4894 μὲν
1806 4825 1883 4895 τῷ

311 4918 457 4989 Ἤρ,
492 4917 549 4981 ὃς
578 4914 651 4989 ἦν
686 4917 1027 4989 πρωτότοκος
1051 4958 1066 4980 ,
1099 4916 1332 4987 συνῆψεν
1389 4917 1607 4981 Ἰούδας.
1652 4918 1803 4970 Ἐπεὶ
1829 4918 1885 4971 δὲ

307 5008 550 5079 πονηρὸν
588 5008 718 5061 ὄντα
748 5008 970 5061 διώλεσε
1016 5008 1144 5073 Θεὸς
1169 5048 1182 5071 ,
1227 5008 1530 5078 διαδέχεται
1569 5010 1662 5062 τὸν
1709 5010 1886 5079 γάμον

308 5098 478 5162 εὐθὺς
507 5102 535 5152 6
573 5101 778 5161 Αύνᾶν,
813 5099 871 5162 ὃς
900 5096 967 5170 ἦν
994 5101 1085 5152 καὶ
1124 5099 1333 5166 γενέσει
1367 5100 1459 5152 καὶ
1487 5098 1662 5171 χρόνῳ
1703 5099 1885 5153 δεύτε-

314 5207 429 5260 ρος.
473 5192 531 5243 Ὀ
571 5190 629 5243 δὲ
664 5190 897 5261 ἐπείπερ
939 5193 1038 5244 οὐκ
1073 5190 1259 5261 ἤθελεν
1303 5192 1511 5259 ἐγεῖραι
1554 5190 1772 5261 σπέρμα
1810 5191 1887 5261 τῷ

311 5278 549 5348 ἀδελφῷ,
573 5279 942 5332 συνδιόλλυται
967 5279 1045 5349 τῷ
1072 5277 1293 5349 πρώτῳ,
1330 5279 1480 5339 Θείας
1501 5279 1594 5331 καὶ
1620 5279 1779 5334 αὑτὸν
1808 5283 1887 5344 είς

311 5370 471 5423 τοῦτο
490 5372 899 5441 ὑπενεγκούσης
916 5371 1104 5441 ὀργῆς.
1131 5365 1263 5422 Εῐτα
1278 5370 1368 5422 τὸν
1393 5370 1593 5440 τρίτον,
1620 5373 1883 5435 τουτέστι,

312 5462 406 5513 τὸν
441 5463 642 5532 Σηλὼμ
664 5503 678 5524 ,
710 5464 810 5515 οὐκ
835 5464 1048 5532 ἐφίησιν
1074 5463 1101 5513 6
1140 5462 1320 5531 πατὴρ
1354 5463 1760 5531 μεταποιεῖσθαι
1789 5462 1883 5515 τοῦ

319 5554 530 5623 γάμου,
576 5554 652 5627 μὴ
694 5555 803 5625 ἄρα
855 5557 965 5617 τοῖς
1002 5554 1235 5625 πρώτοις
1276 5552 1642 5622 συναπόληται
1675 5553 1882 5616 δεδιώς.

919 5732 959 5763 ⁸⁷
992 5732 1151 5784 ΙΙι-ῗῖγ.

389 5719 433 5747 ﬂ
476 5730 640 5785 Hebr.
683 5748 751 5791 γι,
788 5732 836 5782 7.
919 5732 959 5763 "
992 5732 1151 5784 ΙΙι-ῗῖγ.
1188 5750 1275 5795 γη,
1331 5733 1409 5784 Η.

1490 5731 1531 5758 ’³
1575 5730 1741 5782 Exod.
1799 5747 1871 5791 HI,
1921 5730 2117 5795 lseqq.

1981 4554 2344 4609 nerationem.
2404 4551 2523 4618 Quo
2567 4560 2749 4605 autem
2786 4551 2948 4605 modo
2998 4552 3236 4606 breviter
3285 4550 3550 4605 dicemus.

1980 4645 2118 4699 Nam
2142 4642 2312 4698 Judas
2358 4642 2605 4712 adjunxit
2631 4641 2854 4711 quidem
2888 4641 3123 4696 Thamar
3160 4641 3271 4695 lilio
3301 4655 3429 4704 suo,
3458 4639 3554 4709 qui

1981 4742 2099 4790 erat
2120 4733 2515 4805 primogenitus
2549 4751 2562 4787 :
2600 4734 2692 4804 qui
2725 4749 2851 4788 cum
2888 4743 3032 4790 esset
3079 4734 3276 4798 malus,
3317 4730 3555 4801 perdidit

1984 4843 2111 4881 eum
2132 4828 2293 4881 Deus.
2324 4826 2463 4882 Huic
2504 4828 2768 4882 continuo
2814 4826 2870 4880 in
2917 4826 3124 4896 nuptiis
3157 4824 3403 4878 succedit
3445 4825 3557 4876 Au-

1986 4934 2114 4983 nan,
2145 4918 2240 4987 qui
2265 4926 2384 4971 erat
2424 4927 2581 4973 ortus
2622 4926 2870 4988 tempore
2920 4915 3197 4970 secundus
3233 4930 3245 4965 :
3281 4913 3371 4965 hic
3421 4924 3555 4966 vero

1982 5009 2109 5078 quia
2134 5009 2309 5063 noluit
2338 5010 2605 5064 suscitare
2648 5025 2833 5065 semen
2861 5007 3016 5061 fratri
3043 5022 3163 5068 suo,
3204 5004 3366 5059 simili
3391 5003 3554 5061 modo

1983 5109 2043 5154 ut
2058 5100 2267 5170 primus
2284 5101 2511 5165 interiit,
2530 5102 2612 5156 ira
2628 5101 2809 5154 divina
2823 5099 2986 5153 etiam
3006 5098 3179 5166 ipsum
3198 5096 3549 5166 corripiente.

1985 5191 2230 5247 Tertium
2254 5201 2458 5257 autem,
2493 5194 2598 5247 hoc
2621 5200 2706 5246 est
2735 5191 2935 5252 Selom,
2964 5203 3072 5242 non
3111 5186 3379 5258 permittit
3400 5194 3557 5257 pater

1990 5285 2129 5340 inire
2169 5286 2424 5354 nuptias,
2458 5285 2668 5338 veritus
2709 5298 2777 5336 ne
2822 5282 2959 5333 forte
2986 5288 3047 5332 ut
3088 5277 3248 5348 primi
3280 5277 3559 5334 interiret.

1990 5375 2201 5445 Ecquid
2229 5376 2344 5430 haec
2372 5389 2460 5427 res
2482 5374 2585 5427 sibi
2610 5374 2724 5425 vult
2744 5371 3011 5424 ?Edicere
3035 5370 3297 5433 conabor,
3320 5370 3430 5425 Deo
3457 5371 3557 5424 ad-

1983 5468 2228 5536 juvante.
2247 5464 2380 5517 Nam
2406 5476 2530 5515 cum
2546 5461 2690 5514 Deus
2715 5459 3046 5528 Synagogam
3071 5458 3299 5528 primam
3324 5459 3377 5512 in
3399 5458 3498 5528 Aig
3510 5478 3562 5529 y-

1990 5564 2083 5623 pto
2122 5553 2313 5624 (quam
2360 5546 2720 5616 alienigenam
2763 5562 2880 5602 esse
2919 5548 3260 5611 tradidimus,
3299 5564 3365 5604 eo
3410 5551 3561 5619 quod

2198 5731 2240 5760 ν’
2263 5724 2434 5783 Exod.
2458 5740 2568 5787 xm,
2599 5725 2648 5776 5.
