4074 6260
483 341 587 400 515
1509 337 1566 394 S.
1605 333 1882 393 CYRILLI
1920 333 2392 392 ALEXANDRINI
2428 339 2750 396 ARCHIEP.
3637 334 3739 392 3H5

481 457 640 514 valde
674 458 903 514 barbara
917 467 972 514 et
998 458 1229 530 agrestis
1259 456 1436 528 esset)
1462 455 1530 512 ad
1562 469 1746 510 mores
1778 453 2058 508 instituta-

2166 457 2276 511 Καὶ
2304 457 2356 511 τί
2385 459 2448 529 δὴ
2481 458 2540 512 τὸ
2567 459 2776 531 χρῆμα,
2808 457 3036 512 δισιπεῐν
3081 459 3413 531 πειράσομαι
3453 454 3736 525 σοφοῦντος

481 562 589 617 que
614 546 930 604 Graecorum
957 548 1280 618 redegisset,
1324 560 1488 618 atque
1529 547 1584 600 in
1606 545 1838 600 formam
1875 545 2064 615 reipu-

483 639 640 694 bilem
670 655 770 710 per
810 641 985 710 legem
1015 641 1320 712 coegisset,
1364 648 1478 693 tum
1525 652 1647 693 eam
1671 636 1828 707 quasi
1868 652 2067 693 novam

484 729 728 785 reddidit
752 731 1116 802 Synagogam,
1153 747 1218 786 ac
1247 729 1416 786 veluti
1449 729 1680 792 alteram
1714 737 1771 783 et
1792 728 2064 784 diversam

480 819 550 874 ab
601 820 718 891 ipsa
745 823 940 892 prima.
993 823 1172 893 Atque
1206 823 1322 878 haec
1366 829 1452 878 est
1496 821 1753 886 Thamar,
1806 829 1864 876 et
1906 822 2062 890 quasi

480 914 720 970 secunda
745 915 1045 986 Synagoga.
1075 915 1345 971 Caeterum
1369 913 1493 969 vide
1529 911 1805 983 quomodo
1832 927 1900 966 ex
1930 913 2063 982 ipsis

479 1006 764 1060 nominum
793 1007 1341 1078 interpretationibus
1372 1006 1682 1062 inveniatur
1719 1006 2057 1077 mysterium.

478 1095 615 1150 Nam
649 1097 890 1153 Thamar
922 1100 1217 1170 exponitur
1231 1099 1448 1168 defectio
1470 1105 1565 1153 aut
1597 1097 1832 1151 dimotio.
1873 1097 2060 1167 Siqui-

479 1186 605 1244 dem
647 1189 930 1262 Synagoga
979 1191 1292 1246 Judazorum
1318 1206 1507 1246 revera
1533 1190 1739 1244 dimota
1771 1198 1934 1246 estet
1961 1191 2060 1246 de-

477 1281 627 1336 fecit.
667 1281 994 1349 Quomodo?
1022 1282 1158 1348 Quia
1187 1299 1296 1337 non
1323 1284 1545 1337 omnino
1570 1283 1769 1338 mansit
1801 1283 2058 1338 immobi-

477 1375 566 1440 lis,
612 1392 793 1446 neque
834 1377 1197 1432 inconcussus
1241 1376 1424 1431 cultus
1465 1376 1690 1447 legalis,
1739 1375 1834 1431 sed
1893 1375 2060 1430 cessit

476 1465 883 1534 quodammodo
916 1507 931 1532 ,
971 1474 1028 1521 et
1091 1466 1368 1537 spirituali
1423 1467 1598 1521 cultui
1643 1467 1826 1521 locum
1881 1466 2054 1523 dedit.

477 1553 720 1611 Tandem
745 1573 876 1613 vero
901 1557 1113 1614 Christi
1139 1559 1421 1630 Synagoga
1465 1573 1563 1613 seu
1589 1559 1942 1628 congregatio
1973 1567 2059 1614 est

476 1645 813 1712 introducta,
841 1663 964 1718 qua
988 1649 1204 1703 incusat
1233 1649 1487 1718 primam,
1525 1647 1687 1718 198
1711 1649 1913 1718 quippe
1937 1664 2058 1719 qua:

472 1750 585 1790 non
608 1739 834 1792 omnino
860 1747 1017 1793 vacet
1037 1739 1487 1808 reprehensione.
1509 1737 1764 1793 Christus
1799 1754 1928 1810 ergo
1957 1755 2056 1809 ap-

473 1829 820 1898 plicavitsibi
849 1829 1150 1885 Ecclesiam
1183 1845 1281 1884 seu
1326 1829 1598 1898 virginem
1640 1836 1845 1883 castam
1867 1829 1934 1894 ³ο,
1964 1844 2062 1882 an-
2089 1821 2131 1876 Β

473 1923 627 1994 liqua
651 1924 754 1979 ista
782 1933 837 1979 et
867 1924 1045 1993 prima
1068 1921 1373 1992 repudiata.
1409 1921 1564 1978 Unde
1584 1921 1898 1976 Iudaeorum
1915 1920 2058 1992 Syn-

471 2029 640 2085 agoga
665 2015 864 2069 merito
893 2023 1160 2083 quantum
1194 2011 1261 2067 ad
1288 2012 1395 2067 hoc
1445 2020 1705 2067 censetur
1728 2011 1977 2067 defectus
2003 2019 2061 2068 et

472 2105 722 2161 dimotio.
773 2105 929 2172 Quod
977 2114 1161 2160 autem
1215 2119 1378 2160 nemo
1427 2120 1497 2159 ex
1557 2103 1677 2174 lege
1728 2103 2060 2175 iustiﬁcetur

472 2197 620 2268 apud
644 2198 843 2262 Deum,
872 2212 1053 2266 neque
1091 2197 1148 2250 in
1182 2195 1463 2267 Synagoga
1487 2194 1798 2250 Iudaeorum
1823 2195 1895 2250 sit
1922 2195 2061 2250 divi-

469 2300 556 2341 nae
588 2287 740 2356 pacis
772 2284 1144 2356 participatio,
1186 2284 1350 2339 «'Lex
1376 2285 1524 2339 enim
1551 2285 1685 2338 iram
1710 2287 2050 2354 operatur,'t

472 2377 616 2430 sicut
657 2377 928 2445 scriptum
973 2374 1142 2438 est“,
1185 2375 1466 2428 notaverit
1493 2374 1730 2429 latenter
1779 2374 2060 2445 generatio

475 2465 711 2520 ﬁliorum
746 2466 919 2529 Iudae,
943 2467 1037 2535 qui
1060 2463 1299 2519 Thamar
1322 2465 1602 2536 conjuncti
1631 2465 1878 2520 fuerunt.
1921 2465 2059 2520 Nam

473 2555 584 2613 Her
619 2556 1020 2628 primogenitus
1057 2565 1141 2612 est
1189 2556 1460 2628 pelliceus,
1510 2557 1626 2611 sive
1683 2563 1945 2611 terrenus.
1990 2556 2060 2612 At

471 2650 732 2719 quoniam
764 2650 940 2704 malus
972 2656 1112 2715 erat,
1154 2649 1278 2703 ideo
1305 2656 1484 2704 morte
1523 2649 1790 2704 multatus
1826 2657 1930 2704 est.
1955 2649 2062 2704 Po-

471 2741 634 2812 pulus
663 2743 810 2796 enim
835 2741 1069 2811 primus,
1104 2755 1295 2796 revera
1333 2741 1512 2796 malus
1545 2749 1631 2795 est
1661 2740 2058 2811 deprehensus,

469 2847 594 2887 cum
626 2841 995 2888 murmuraret
1024 2841 1214 2887 contra
1258 2832 1452 2897 Deum,
1481 2840 1537 2886 et
1568 2831 1778 2891 diceret
1807 2849 1820 2885 :
1860 2851 1878 2883 ‹
1913 2832 2062 2887 Nun-

469 2924 600 2994 quid
626 2926 831 2995 poterit
855 2925 1001 2980 Deus
1037 2940 1232 2995 parare
1261 2940 1504 2980 mensam
1533 2925 1591 2978 in
1617 2924 1882 2980 deserto?
1916 2924 2062 2992 Quo—

468 3012 614 3067 niam
636 3015 908 3084 percussit
929 3023 1161 3086 petram,
1189 3023 1244 3070 et
1273 3015 1550 3070 ﬂuxerunt
1567 3029 1742 3085 aquae,
1769 3023 1827 3070 et
1844 3023 2060 3070 torren-

469 3113 551 3159 tes
592 3104 1018 3160 inundaverunt.
1072 3107 1215 3161 Num
1247 3114 1304 3160 et
1325 3121 1523 3176 panem
1558 3106 1764 3174 poterit
1793 3106 1927 3161 dare
1943 3107 2049 3160 ³η»

468 3193 584 3248 lmo
615 3209 746 3249 vero
774 3203 830 3249 et
863 3203 1220 3266 posteaquam
1272 3197 1372 3259 illi,
1399 3197 1495 3266 qui
1539 3195 1694 3251 missi
1719 3196 1941 3252 fuerant
1986 3197 2055 3252 ad

471 3293 672 3340 terram
697 3286 1082 3355 promissionis
1132 3286 1523 3356 explorandam
1549 3328 1564 3352 ,
1609 3288 1818 3341 reversi
1848 3295 2053 3353 essent,

469 3375 626 3442 quasi
659 3377 770 3446 jam
794 3377 995 3445 perditi
1049 3377 1336 3447 pueriliter
1380 3376 1678 3447 ejulabant,
1724 3379 2057 3434 contumelia

469 3465 645 3529 illum,
669 3466 762 3535 qui
793 3467 977 3521 omnia
1022 3476 1225 3537 potest,
1263 3483 1360 3521 sua
1413 3465 1789 3520 inobedientia
1813 3466 2050 3523 allicien-

472 3564 572 3611 tes.
607 3557 762 3613 Unde
785 3566 842 3612 et
862 3558 1161 3628 perierunt,
1194 3573 1373 3628 neque
1391 3559 1536 3614 ullus
1558 3574 1753 3614 eorum
1780 3560 2056 3630 ingressus

469 3655 552 3703 est
607 3659 806 3703 terram
853 3649 1276 3720 promissionis;
1313 3650 1411 3705 sed
1469 3670 1488 3702 ι
1520 3652 1768 3706 membra
1810 3652 2054 3722 ipsorum

469 3750 932 3812 computruerunt
968 3743 1024 3796 in
1044 3741 1287 3807 deserto,
1323 3762 1341 3794 ι
1385 3743 1528 3799 sicut
1565 3743 1830 3813 scriptum
1878 3752 1963 3799 est
1984 3743 2049 3798 ³³.

363 3851 366 3854 '
468 3835 872 3907 Primogenitus
895 3835 1062 3907 igitur
1084 3835 1215 3900 Her,
1255 3835 1362 3891 hoc
1383 3842 1487 3901 est,
1520 3834 1625 3890 iste
1658 3835 1966 3890 malitiosus
1998 3849 2053 3891 et

468 3927 724 3992 carnalis,
767 3925 1021 3997 disperiit
1053 3927 1533 3996 primus,,nullum
1577 3925 1786 3982 habens
1833 3927 2054 3996 pietatis

468 4022 730 4080 fructum.
759 4022 873 4080 Hoc
897 4024 1046 4079 enim
1077 4024 1238 4079 nobis
1270 4023 1480 4078 orbitas
1511 4029 1575 4076 ut
1599 4021 1655 4076 in
1678 4019 1846 4092 ﬁgura
1870 4029 2054 4076 osten-

469 4113 562 4171 dat
585 4116 785 4171 denuo.
837 4116 1010 4171 Sensa
1053 4117 1199 4171 enim
1241 4115 1298 4170 in
1343 4114 1625 4170 intellectu
1680 4121 1742 4167 ut
1789 4113 2053 4183 imagines

471 4215 618 4261 sunt.
653 4205 864 4260 Deinde
909 4206 1059 4260 hunc
1087 4206 1340 4274 seq'uitur
1367 4204 1664 4267 secundus,
1692 4203 1798 4258 hoc
1816 4210 1921 4268 est,
1955 4218 2053 4272 po-

469 4297 633 4367 pulus
669 4304 794 4365 post
832 4290 992 4350 hunc'
1021 4302 1314 4366 generatus
1349 4302 1612 4362 tanquam
1651 4292 1795 4347 [ilius
1827 4293 2051 4361 quidam

471 4387 591 4450 Dei,
616 4388 711 4457 qui
739 4386 973 4441 redemit
999 4395 1056 4441 et
1086 4385 1341 4441 liberavit
1361 4400 1392 4439 e
1420 4383 1585 4438 domo
1609 4383 1914 4439 servitutis.
1950 4383 2052 4440 Hic

2169 550 2325 604 Θεοῦ.
2359 550 2472 621 Τὴν
2497 551 2605 622 γάρ
2634 568 2716 604 τοι
2747 549 2972 622 πρώτην
2999 566 3058 604 τι
3104 550 3198 605 καὶ
3229 553 3287 604 ἑν
3321 548 3587 620 Δίγύπτίρ
3611 547 3743 601 Iuv-

2167 642 2390 715 αγωγὴν
2409 683 2424 707 ,
2455 645 2522 714 ἦν
2551 642 2842 711 ἀλλόφυλον
2883 637 3020 698 εἶναι
3065 643 3400 712 δεδώκαμεν,
3434 639 3525 694 διά
3553 656 3636 692 τοι
3679 637 3740 691 τὸ

2165 735 2282 788 λίαν
2313 734 2701 806 ἁπηγριῶσθαι
2732 733 2854 788 τότε
2906 735 3131 806 τρόποις
3157 751 3218 786 τε
3249 733 3344 787 καὶ
3397 731 3576 786 ἔθεσιν
3618 729 3737 786 Ἐλ-

2163 825 2422 897 ληνικοίς,
2460 827 2908 899 μεταρρυθμίσας
2945 827 3098 890 Θεὸς,
3131 825 3218 879 διὰ
3250 824 3526 887 πολιτείας
3557 825 3622 876 ἐκ
3652 822 3738 876 νό-

2166 933 2267 988 μου
2297 956 2312 977 ,
2348 915 2474 969 νέαν
2515 916 2703 988 ὥσπερ
2743 915 2990 980 ἀπέδειξε
3033 914 3364 985 Συναγωγὴν
3390 954 3405 978 ,
3438 914 3535 967 καὶ
3577 911 3738 964 οἱονεί

2163 1024 2280 1071 πως
2316 1008 2510 1078 ἑτέραν
2561 1009 2715 1080 παρά
2739 1009 2840 1078 τὴν
2887 1007 3133 1078 πρώτην.
3178 1007 3288 1060 Καὶ
3326 1004 3486 1058 τοῦτό
3523 1005 3672 1056 ἐστιν
3705 1004 3737 1072 ή

2149 1100 2376 1171 Θάμαρ.
2399 1101 2590 1171 Ἀθρει
2635 1102 2714 1167 δὲ,
2759 1103 2910 1164 ὅπως
2949 1100 3042 1153 καὶ
3073 1101 3132 1153 ὲν
3161 1101 3283 1160 ταῖς
3321 1097 3429 1151 τῶν
3461 1094 3739 1164 ὀνομάτων

2161 1195 2480 1266 ἑρμηνείαις
2509 1195 2824 1265 εὑρίσκεται
2853 1193 2912 1247 τὸ
2945 1194 3263 1264 μυστήριον.
3307 1185 3736 1260 Διερμηνεύεται

2160 1286 2320 1357 γάρὴ
2353 1285 2572 1356 Θάμαρ,
2590 1286 2882 1354 ἔκλειψις,
2911 1283 3366 1356 ἢσαλευομένη.
3406 1279 3736 1334 Σεσάλευται

2158 1377 2216 1429 δὲ
2241 1378 2334 1431 καὶ
2357 1376 2671 1430 ἐκλέλοιπεν
2688 1374 2905 1448 ἀληθῶς
2929 1378 2962 1447 ή
2987 1377 3098 1429 τῶν
3127 1374 3393 1428 Ἰουδαίων
3413 1373 3730 1441 Συναγωγή.

2159 1467 2332 1538 Πῶςῆ
2353 1467 2474 1522 τίνα
2503 1467 2701 1538 τρόπον
2724 1483 2740 1533 ;
2763 1467 2838 1520 Οὐ
2859 1465 2968 1536 γάρ
2998 1464 3309 1536 μεμένηκεν
3341 1460 3734 1521 ἀκατάσειστος

2158 1561 2239 1622 είς
2256 1559 2317 1612 τὸ
2335 1559 2594 1622 παντελὲς
2615 1560 2648 1630 ή
2671 1559 2815 1612 κατὰ
2835 1557 2999 1629 νόμον
3019 1555 3265 1628 λατρεία,
3296 1551 3734 1624 παρακεχώρηκε

2157 1649 2214 1703 δὲ
2259 1651 2323 1721 τῇ
2373 1651 2431 1703 ὲν
2478 1649 2772 1721 πνεύματι.
2821 1649 2931 1704 Καὶ
2972 1646 3326 1718 εἰσεκομίσθη
3361 1643 3548 1698 λοιπὸν
3586 1644 3620 1713 ή
3650 1639 3736 1695 διὰ

2158 1739 2416 1812 Χριστοῦ,
2449 1740 2830 1812 κατηγοροῦσα
2871 1741 2972 1811 τῆς
3003 1738 3249 1811 πρώτης,
3273 1737 3349 1800 ὠς
3379 1737 3477 1790 οὐκ
3506 1735 3738 1805 ἐχούσης

2159 1833 2222 1886 τὸ
2247 1833 2559 1903 ἄμεμπτον.
2598 1832 2910 1903 Ἢρμόσατο
2943 1831 2999 1884 δὲ
3025 1831 3119 1884 καὶ
3153 1831 3180 1882 6
3207 1829 3444 1899 Χριστὸς
3467 1826 3566 1897 τὴν
3613 1826 3735 1877 Ἐκ-

2160 1924 2390 1994 κλησίαν
2417 1924 2670 1996 καθάπερ
2693 1924 2816 1978 τινὰ
2849 1922 3115 1994 παρθένον
3146 1921 3337 1991 ἁγνὴν,
3371 1919 3472 1990 τὴν
3501 1917 3738 1988 ἀρχαίαν

2159 2016 2372 2087 ἐκείνην
2398 2016 2493 2069 καὶ
2523 2014 2744 2086 πρώτην
2777 2015 2956 2084 ἀφείς.
2991 2012 3273 2081 Ἐκλειψις
3294 2010 3359 2082 δὴ
3387 2007 3482 2064 οὖν
3515 2008 3612 2063 καὶ
3638 2025 3736 2061 σα·-

2159 2109 2424 2180 λευομένη
2458 2108 2716 2180 ταύτῃτοι
2765 2106 3048 2176 δικαίωςή
3079 2105 3191 2158 τῶν
3240 2102 3510 2157 Ἰουδαίων
3537 2102 3737 2154 νοεῖται

2161 2202 2482 2272 Συναγωγή.
2513 2201 2635 2254 Ὅτι
2671 2199 2728 2252 δὲ
2777 2199 2952 2261 οὐδεὶς
2987 2200 3044 2251 ἐν
3081 2197 3231 2268 νόμῳ
3259 2194 3564 2249 δικαιοῦται
3587 2191 3739 2262 παρὰ

2158 2291 2296 2362 Θεῷ,
2319 2292 2442 2346 οῦτε
2470 2293 2575 2363 μὴν
2599 2293 2656 2344 ὲν
2681 2293 2747 2360 τῇ
2769 2291 2876 2343 τῶν
2911 2288 3179 2344 Ἰουδαίων
3195 2289 3490 2357 Συναγωγῇ
3517 2285 3616 2354 τῆς
3645 2281 3737 2336 τοῦ

2159 2382 2292 2436 Θεοῦ
2321 2382 2685 2454 γαληνότητος
2715 2383 2748 2452 ή
2783 2380 2998 2453 μέθεξις
3013 2378 3082 2452 ἦν
3105 2380 3156 2453 (ι
3177 2381 3234 2433 '0
3251 2381 3359 2450 γὰρ
3380 2378 3546 2447 νόμος
3569 2375 3739 2447 ὀργὴν

2160 2471 2576 2545 κατεργάζεται,
2592 2493 2610 2525 ι
2631 2471 2771 2527 κατά
2789 2473 2850 2526 τὸ
2869 2471 3302 2543 γεγραμμένον),
3324 2470 3654 2539 ὐποφὴνειεν
3673 2467 3739 2520 ἂν

2160 2566 2569 2637 αἰνιγματωδῶς
2591 2565 2702 2620 τῶν
2744 2565 2911 2619 Ἰούδα
2937 2565 3142 2618 παίδων
3171 2564 3204 2632 ἡ
3233 2563 3468 2632 γένεσις’,
3501 2576 3740 2629 συνῳκηο

2161 2658 2334 2710 κότων
2369 2660 2436 2728 τῇ
2483 2657 2700 2729 Θάμαρ.
2741 2659 2848 2728 Ἢρ
2884 2658 2982 2728 μὲν
3019 2656 3130 2727 γὰρ
3173 2657 3202 2709 6
3246 2652 3596 2726 πρωτότοκός
3625 2654 3737 2704 ἐστι

2160 2747 2540 2818 δερμάτινος,
2576 2749 2696 2818 ήτοι
2726 2748 2954 2818 γήινος.
3002 2746 3265 2817 Ἐπείπερ
3289 2746 3345 2799 δὲ
3381 2741 3448 2815 ἦν
3481 2740 3738 2809 πονηρὸς,

2161 2840 2373 2909 θανάτῳ
2408 2839 2818 2904 κατεδικάζετο.
2854 2838 3096 2911 Πονηρὸς
3133 2839 3189 2892 δὲ
3218 2837 3361 2892 κατὰ
3398 2836 3459 2889 τὸ
3484 2832 3684 2903 ἀληθὲς
3711 2833 3739 2884 6

2161 2931 2377 2998 πρῶτος
2402 2929 2558 3002 ὤφθη
2581 2931 2731 2998 λαὸς,
2753 2931 3181 3000 καταγογγύζων
3217 2928 3353 2983 Θεοῦ
3385 2928 3480 2981 καὶ
3515 2926 3695 2993 λέγων
3719 2938 3731 2952 ·

2168 3043 2186 3076 ι
2227 3023 2320 3095 Μὴ
2347 3024 2636 3093 δυνήσεται
2667 3025 2696 3076 6
2733 3023 2865 3088 Θεὸς
2893 3022 3178 3094 ἑτοιμάσαι
3201 3019 3478 3092 τράπεζαν
3519 3021 3579 3072 ὲν
3609 3017 3737 3091 ἐρή-

2166 3131 2282 3185 μῳ;
2320 3113 2475 3168 Ἐπεὶ
2495 3113 2735 3177 ἐπάταξε
2761 3113 2986 3184 πέτραν,
3011 3114 3106 3166 καὶ
3131 3113 3407 3186 ἐρρύησαν
3436 3111 3620 3175 ῦδατα,
3640 3109 3735 3163 καὶ

2158 3205 2447 3276 χείμαρῤοι
2502 3205 2969 3276 κατεκλύσθησαν,
3017 3206 3090 3275 μὴ
3139 3205 3237 3257 καὶ⁵
3303 3204 3463 3273 ἄρτον
3515 3202 3733 3256 δύναται

2157 3295 2371 3360 δοῦναι;
2411 3296 2574 3350 Ἀλλά
2615 3297 2709 3350 καὶ
2739 3298 2829 3351 ὅτε
2853 3297 2952 3368 τὴν
2979 3297 3085 3366 γῆν
3120 3297 3220 3366 τῆς
3256 3294 3589 3363 ἐπαγγελίας
3633 3310 3732 3347 και

2157 3387 2564 3456 τασκεψάμενοι
2607 3388 2863 3459 παρῆσαν
2890 3389 2939 3442 oi
2966 3389 3370 3458 ἀπεσταλμένοι
3391 3427 3405 3451 ,
3435 3389 3510 3452 ὡς
3535 3386 3732 3441 αὐτίκα

2157 3479 2220 3548 δὴ
2258 3477 2399 3549 μάλα
2446 3479 2804 3549 ἀπολούμενοι
2838 3479 3218 3551 μειρακιωδῶς
3247 3479 3620 3551 ὠλοφύροντο.
3644 3479 3733 3532 τὸν

2159 3571 2337 3624 πάντα
2377 3570 2628 3641 ἰσχύοντα
2643 3571 2775 3624 Θεὸν
2797 3575 2916 3635 ταῖς
2938 3571 3242 3634 ἀπειθείαις
3264 3570 3730 3644 περιυϐρίζοντες.

2157 3661 2446 3732 Τοιγάρτοι
2486 3663 2582 3714 καὶ
2615 3661 2900 3719 διολώλασι
2924 3703 2938 3727 ,
2971 3664 3066 3717 καὶ⁸
3094 3662 3389 3733 είσδέὸηκε
3425 3663 3526 3733 μὲν
3552 3663 3732 3724 οὐδεὶς

2155 3752 2234 3815 είς
2271 3751 2369 3820 τὴν
2392 3751 2495 3821 γῆν
2531 3751 2630 3822 τῆς
2656 3752 3008 3821 ἐπαγγελίας,
3066 3771 3086 3805 ι
3123 3753 3383 3808 πέπτωκε
3417 3754 3473 3807 δὲ
3492 3755 3559 3807 τὰ
3583 3755 3733 3807 κῶλα

2156 3842 2334 3895 αὐτῶν
2363 3843 2420 3897 ὲν
2450 3846 2516 3914 τῇ
2538 3844 2751 3915 ἐρήμῳ,
2789 3865 2808 3898 ι
2835 3848 2980 3900 κατά
3006 3846 3068 3900 τὸ
3091 3847 3495 3918 γεγραμμένον.
3523 3847 3732 3900 Οὐκοῦν
3779 3908 3819 3938 η.

2155 3931 2184 3982 6
2210 3930 2553 4002 πρωτότοκος
2580 3931 2708 4002 Ἤρ,
2733 3933 3032 3997 τουτέστιν,
3068 3936 3097 3987 6
3129 3933 3362 4005 πονηρός
3387 3952 3445 3988 τε
3471 3934 3566 3988 καὶ
3602 3951 3733 4005 σαρ·

2155 4021 2328 4086 κικὸς,
2347 4021 2566 4076 διόλωλε
2584 4022 2818 4094 πρῶτος,
2834 4024 3046 4094 καρπὸν
3061 4025 3249 4078 οὐδένα
3273 4025 3409 4095 ἔχων
3429 4025 3728 4088 εὐσεϐείας.

2155 4113 2318 4166 Τουτὶ
2340 4113 2447 4184 γάρ
2475 4113 2852 4185 ὐπεμφήνειεν
2880 4112 2947 4168 ἂν
2982 4115 3113 4184 ἡμῖν
3132 4113 3207 4178 ὡς
3232 4116 3290 4168 ὲν
3319 4114 3474 4185 τύπῳ
3507 4115 3670 4168 πάλιν
3697 4117 3732 4184 ή

2154 4205 2382 4259 ἀπαιδία
2399 4222 2412 4234 ·
2444 4206 2652 4270 εἰκόνες
2663 4206 2772 4277 γὰρ
2790 4205 2976 4277 ὥσπερ
2994 4205 3102 4259 τῶν
3119 4207 3178 4259 ὲν
3193 4207 3375 4276 νοήσει
3393 4206 3463 4260 τὰ
3478 4207 3729 4278 αἰσθητά.

2154 4294 2287 4349 Elea
2321 4299 2439 4367 μετ’
2491 4299 2697 4350 ἐκεῖνον
2728 4297 2979 4369 δεύτερος
3018 4297 3207 4369 ὥσπερ
3249 4315 3334 4362 τις
3364 4298 3481 4362 υίὸς
3513 4298 3608 4353 τοῦ
3637 4299 3731 4352 λυ-

2154 4387 2508 4458 τρωσαμένου
2534 4388 2693 4450 Θεοῦ,
2721 4390 2817 4442 καὶ
2839 4388 2898 4453 ἐξ
2916 4389 3064 4442 οἴκου
3089 4387 3332 4452 δουλείας
3347 4386 3728 4458 ἐξαγαγόντος,

470 4480 710 4552 populus
741 4479 955 4549 trajecit
981 4478 1202 4548 quidem
1246 4477 1564 4541 Jordanem,
1607 4475 1747 4530 duce
1776 4475 1962 4540 Josua,
1998 4481 2056 4530 et

2159 4480 2199 4554 6‘
2222 4479 2338 4548 μετ’
2371 4477 2610 4540 ἐκείνους
2631 4479 2790 4543 λαόςο
2823 4479 2883 4542 ὃς
2910 4478 3229 4550 διεκομίσθη
3265 4478 3364 4550 μὲν
3401 4479 3494 4532 τὸν
3526 4479 3730 4548 Ἰορδά-

473 4571 817 4628 haereditavit
841 4577 1044 4624 terram
1076 4569 1496 4640 promissionis:
1529 4568 1625 4624 sed
1673 4577 1861 4637 postea
1893 4567 2060 4623 etiam

470 4663 538 4716 ad
557 4663 774 4734 judiccs
797 4662 1070 4730 pervenit,
1098 4670 1152 4714 at
1171 4661 1365 4715 incidit
1385 4660 1576 4729 etipse
1605 4660 1660 4713 in
1687 4659 1784 4714 Dei
1809 4660 2060 4730 indigna-

469 4752 698 4808 tionem.
730 4752 861 4806 Erat
890 4751 1036 4805 enim
1063 4766 1255 4806 revera
1288 4752 1503 4813 Aunan,
1534 4750 1639 4805 hoc
1665 4759 1766 4813 est,
1791 4750 2065 4821 perculsus

468 4845 644 4900 corde.
672 4843 900 4918 Deﬂexit
927 4844 1075 4900 enim
1101 4842 1337 4898 absurde
1372 4857 1436 4897 ac
1466 4843 1700 4912 turpiter
1730 4843 1797 4897 ad
1839 4844 2065 4913 plurali-

472 4947 638 4994 tatem
657 4939 908 5003 deorum,
953 4939 1204 5008 neglecto
1241 4951 1308 4992 eo
1336 4937 1429 5005 qui
1458 4951 1603 4991 unus
1635 4937 1958 4991 naturaliter
1997 4953 2061 4992 ac

470 5047 600 5085 vere
615 5039 699 5085 est
715 5032 876 5085 Deus.
902 5031 1142 5100 Ideoque
1171 5037 1227 5084 et
1253 5028 1354 5082 iste
1373 5029 1554 5098 periit,
1578 5034 1630 5082 et
1667 5027 1890 5081 servivit
1923 5028 2057 5082 alie-

471 5123 703 5194 nigenis.
742 5123 820 5176 lta
855 5122 1004 5176 enim
1043 5137 1146 5176 nos
1188 5121 1349 5176 docet
1398 5120 1558 5184 liber,
1605 5120 1698 5190 qui
1735 5120 2055 5174 inscribitur

470 5213 746 5268 Judicum.
779 5213 847 5267 Et
871 5213 942 5268 ob
974 5213 1081 5267 hoc
1109 5228 1328 5282 quoque
1355 5220 1607 5267 mortuus
1629 5219 1712 5266 est
1737 5213 1793 5266 in
1820 5211 2055 5266 orbitate

471 5302 796 5366 liberorum,
823 5303 966 5358 sicut
995 5312 1052 5358 et
1079 5304 1207 5367 Her,
1235 5314 1400 5373 atque
1426 5303 1482 5358 in
1510 5304 1743 5358 nihilum
1761 5345 1774 5368 ,
1802 5303 1909 5358 hoc
1949 5309 2052 5367 est,

474 5391 529 5446 in
554 5402 758 5449 terram
802 5395 1110 5449 seminavit.
1157 5394 1309 5451 Unde
1337 5411 1436 5465 par
1477 5403 1598 5449 erat
1646 5395 1800 5448 illum
1840 5393 2055 5448 nullum

473 5481 756 5552 percipere
823 5483 1107 5549 fructum,
1171 5493 1268 5538 aut
1329 5499 1517 5539 semen
1586 5483 1738 5539 fratri
1799 5501 1900 5539 suo
1959 5501 2054 5539 su-

474 5569 700 5628 scitare.
765 5570 1069 5626 Cunctatus
1131 5580 1216 5628 est
1295 5582 1477 5628 autem
1545 5574 1710 5628 etiam
1794 5572 2053 5637 medius,

2158 4583 2257 4636 νην
2283 4608 2296 4632 ,
2331 4569 2763 4640 στρατηγοῦντος
2812 4568 2987 4640 Ἰησοῦ
3012 4611 3026 4635 ,
3058 4569 3506 4641 κεκληρονόμηκε
3545 4567 3603 4622 δέ
3635 4571 3734 4640 τὴν

2159 4660 2264 4729 γῆν
2291 4660 2390 4730 τῆς
2414 4661 2765 4730 ἐπαγγελίας.
2814 4662 3008 4730 Γέγονε
3033 4662 3092 4714 δὲ
3136 4660 3273 4732 μετά
3317 4660 3476 4713 τοῦτο
3505 4660 3598 4713 καὶ
3628 4659 3736 4713 ὑπὸ

2157 4752 2370 4823 κριτὰς,
2406 4753 2520 4806 ἀλλ’
2550 4754 2916 4808 ὐποπέπτωκε
2945 4755 3036 4808 καὶ
3065 4754 3226 4816 αὐτὸς
3253 4754 3631 4821 ἀγανακτήσει
3667 4754 3732 4819 τῇ

2159 4845 2381 4899 ἀνωθεν.
2405 4841 2514 4897 Ἦν
2533 4845 2639 4916 γὰρ
2661 4845 2878 4916 ἀληθῶς
2904 4847 3108 4908 Αὐνᾶν,
3133 4847 3380 4898 τουτέστι
3408 4843 3736 4912 πεπληγὼς

2163 4937 2432 5005 καρδίαν.
2466 4938 2766 5008 Ἐτράπετο
2793 4939 2900 5008 γὰρ
2925 4938 3171 5001 ἐκτόπως
3196 4941 3276 5000 εἰς
3307 4935 3619 4996 πολυθεῒαν,
3641 4935 3735 4988 τὸν

2161 5030 2258 5081 ἕνα
2297 5031 2390 5082 καὶ
2431 5029 2592 5096 φύσει
2643 5031 2734 5083 καὶ
2779 5029 2998 5100 ἀληθῶς
3041 5027 3468 5090 καταλελοιπώς.
3517 5025 3734 5080 Οὐκοῦν

2161 5120 2255 5172 καὶ
2282 5120 2528 5174 ἀπώλετο
2555 5123 2648 5174 καὶ
2687 5121 3028 5174 δεδούλευκεν
3058 5120 3395 5189 ἀλλοφύλοις.
3426 5119 3598 5173 Ταυτὶ
3624 5119 3733 5186 γάρ

2163 5213 2309 5282 ἡμᾶς
2346 5215 2379 5282 ἡ
2431 5213 2542 5266 τῶν
2593 5213 2940 5284 καλουμένων
3000 5212 3220 5283 Κριτῶν
3266 5212 3472 5277 ἐδίδαξε
3526 5211 3729 5281 βίϐλος.

2155 5305 2394 5375 Τέθνηκε
2422 5305 2601 5360 τοίνυν
2636 5307 2694 5358 ὲν
2723 5305 2952 5376 ἀπαιδίᾳ
2977 5305 3071 5358 xal.
3119 5297 3274 5366 οὗτος
3299 5341 3315 5367 ,
3351 5302 3534 5364 καθὼς
3568 5302 3664 5356 καὶ
3704 5303 3732 5353 ό

2161 5392 2288 5461 Ἦρ,
2317 5393 2555 5462 σπείρων
2585 5396 2666 5457 είς
2687 5393 2860 5460 οὐδὲν,
2893 5392 3169 5445 τουτέστιν
3197 5392 3278 5454 είς
3311 5392 3437 5460 γῆν.
3477 5390 3643 5444 Ὅθεν
3665 5386 3731 5458 ἦν

2155 5483 2303 5546 είκὸς
2329 5485 2518 5537 οὐδένα
2542 5486 2758 5546 πάντως
2782 5483 3143 5553 ἀποκερδᾶναι
3163 5483 3395 5554 καρπὸν,
3426 5480 3459 5550 ἢ
3483 5480 3576 5533 καὶ
3601 5481 3728 5531 ἀνα-

2157 5573 2351 5641 στῆσαι
2408 5572 2628 5642 σπέρμα
2677 5572 2754 5642 τῷ
2789 5571 3003 5640 ἀδελφῷ
3051 5569 3237 5626 αὐτοῦ.
3289 5567 3626 5638 Κατώκνησε
3675 5566 3726 5618 δᾶ

542 5679 587 5709 ³⁸
608 5680 808 5749 Ephes.
836 5683 995 5749 v,27.
1075 5684 1114 5716 ³¹
1137 5685 1292 5740 Rom.
1337 5703 1408 5752 ιν,
1452 5688 1535 5742 l5.
1614 5690 1655 5721 "
1691 5690 1830 5745 Psal.
1875 5705 2068 5752 LXXVII,
2118 5687 2202 5752 l9,
2247 5689 2332 5742 50.
2415 5691 2456 5718 ³³
2492 5691 2651 5744 Num.
2687 5707 2794 5758 xrv,
2823 5690 2912 5747 23.
