4074 6260
291 396 397 454 317

1306 384 1838 447 GLAPHYROBUM
1874 381 1944 440 IN
1981 381 2285 441 GENESIM
2323 384 2450 441 LIB.
2493 382 2579 441 Vl.

3496 372 3603 431 818

297 513 397 568 καὶ
445 514 479 568 δ
533 509 706 582 μέσος
745 526 809 563 τε
849 508 942 563 καὶ
979 508 1053 574 ὥς
1098 508 1154 561 ἐν
1196 509 1376 580 χρόνῳ
1419 507 1676 577 δεύτερος
1724 502 1936 568 λαὸς,1

2035 518 2057 559 c
2118 501 2289 558 veluti
2344 500 2623 558 secundus
2661 508 2908 571 tempore
2965 497 3224 570 populus,
3267 494 3432 569 199
3496 509 3597 566 per

300 604 394 660 διὰ
432 604 539 674 τῆς
570 600 719 656 κατά
744 601 908 673 νόμον
936 599 1231 662 ἐπιεικείας
1265 598 1387 653 ἀντὶ
1416 597 1529 673 τῶν
1561 595 1899 667 άπειθησάν-

305 710 419 747 των
451 690 651 745 ἑαυτὸν
678 689 865 763 ὥσπερ
890 690 1189 760 ἀναστῆσαι
1210 687 1352 760 Θεῷ,
1384 688 1479 742 καὶ
1503 688 1624 742 νέον
1651 686 1752 756 ἤδη
1781 700 1900 747 πως

314 783 701 854 ἁνταναφύντα
730 782 855 836 λαὸν
887 781 1149 849 ἐπιδεῖξαι
1189 780 1278 836 διὰ
1323 779 1688 851 πραγμάτων.
1729 774 1902 829 Τοῦτο

320 877 433 947 γάρ
452 877 616 938 ἐστιν,
638 870 805 946 οἶμαι,
826 872 1242 944 αἰνιγματωδῶς
1264 872 1324 925 τὸ
1344 870 1650 941 ἀναστῆσαι
1681 866 1904 937 σπέρμα

327 967 406 1039 τῷ
434 966 634 1038 ἀδελφῷ
663 965 850 1021 αύτοῦ.
891 969 1092 1040 Ἀνηρη
1103 966 1286 1035 μένοιν
1309 964 1374 1036 δὴ
1399 959 1493 1018 οὖν
1512 964 1628 1016 τοῖν
1658 960 1802 1014 δυοῖν
1827 958 1904 1022 ὠς

325 1061 414 1115 ἐπ’
441 1059 637 1123 αἰτίαις
664 1059 908 1128 εὐλόγοις
930 1060 979 1129 (ὁ
1003 1058 1104 1129 μὲν
1125 1057 1237 1130 γὰρ
1268 1053 1337 1129 ἦν
1367 1055 1624 1128 πονηρὸς,
1656 1055 1685 1106 ό
1712 1052 1768 1106 δὲ
1801 1067 1903 1104 πε-

317 1149 539 1221 πληγὼς
561 1151 810 1222 καρδίαν)
821 1150 1089 1223 ,¹ἐξείργει
1105 1150 1197 1203 τὸν
1220 1150 1402 1221 τρίτον
1420 1148 1517 1219 τῆς
1542 1145 1678 1219 πρὸς
1706 1144 1906 1215 Θάμαρ

317 1241 554 1313 ὁμιλίας,
599 1242 792 1307 δεδιὼς
822 1242 889 1314 δὴ
940 1244 970 1296 ό
1002 1242 1184 1313 πατὴρ
1225 1243 1300 1312 μὴ
1338 1242 1447 1311 ἄρα
1495 1256 1614 1301 πως
1644 1238 1759 1300 τοῖς
1802 1235 1905 1308 ήδη

312 1334 588 1389 διολωλόσι
622 1335 719 1389 καὶ
753 1335 919 1400 αὐτὸς
944 1335 1383 1407 καταφθείροιτο.
1413 1333 1516 1385 Τὸν
1544 1329 1655 1401 γάρ
1679 1345 1762 1381 τοι
1788 1326 1906 1399 τρίς

314 1441 402 1481 τον
443 1427 578 1482 λαὸν
612 1427 709 1483 τὸν
755 1429 920 1483 οἱονεὶ
951 1429 1049 1483 καὶ
1078 1427 1365 1491 νεώτατον,
1390 1425 1480 1479 τὸν
1513 1426 1586 1487 ὡς
1619 1424 1675 1475 ἒν
1709 1420 1911 1491 λοίσθῳ

314 1517 498 1591 καιρῷ
522 1519 639 1572 τῶν
669 1519 841 1587 ἁγίων
872 1518 1169 1590 προφητῶν
1201 1517 1344 1589 (μεθ’
1374 1509 1448 1571 ὧν
1477 1516 1571 1569 καὶ
1600 1515 1795 1584 γείτων
1823 1511 1913 1564 εὑ-

1999 595 2233 668 legalem
2275 594 2539 666 pietatem
2574 608 2633 648 se
2698 588 3107 663 quodammodo
3157 588 3427 645 suscitare
3488 584 3604 642 Deo

2000 691 2061 746 in
2107 690 2231 746 loco
2278 703 2472 744 eorum
2513 687 2605 756 qui
2648 685 2874 741 fuerunt
2922 679 3330 746 inobedientes,
3375 693 3442 736 ac
3499 691 3604 734 no-

2000 796 2130 836 vum
2194 778 2600 851 quodammodo
2658 776 2922 848 populum
2993 781 3375 830 renascentem
3438 767 3609 831 factis

2004 874 2138 946 ipsis
2159 888 2279 927 sese
2309 870 2607 926 declarare.
2631 868 2747 924 Hoc
2768 868 2939 931 enim,
2957 876 3019 922 ut
3038 866 3302 928 arbitror,
3325 862 3608 936 significat

2003 982 2193 1022 semen
2233 963 2391 1020 fratri
2438 978 2541 1019 suo
2570 963 2859 1017 suscitare.
2898 959 3143 1016 Sublatis
3176 958 3347 1029 igitur
3378 954 3609 1012 duobus

2006 1059 2156 1124 llliis,
2180 1058 2344 1131 justis
2366 1071 2497 1112 sane
2521 1057 2588 1111 de
2612 1054 2793 1111 causis
2824 1056 2992 1125 (uitus
3008 1052 3156 1107 enim
3186 1058 3308 1105 erat
3331 1062 3596 1119 nequam,

2006 1162 2062 1209 et
2085 1154 2227 1207 alter
2259 1148 2428 1206 corde
2463 1146 2798 1220 perculsus),
2820 1145 3065 1201 excludit
3102 1143 3327 1199 tertium
3351 1157 3382 1197 a
3402 1142 3599 1211 conju-

2007 1244 2096 1316 gio
2125 1242 2298 1314 ipsius
2320 1241 2580 1296 Thamar.
2601 1238 2764 1294 Pater
2794 1246 2977 1293 autem
3014 1236 3227 1291 veritus
3249 1240 3353 1296 est,
3384 1246 3455 1287 ne
3484 1231 3603 1285 for-

2008 1345 2065 1393 te
2092 1337 2259 1392 etiam
2297 1334 2406 1399 hic,
2447 1333 2590 1389 sicut
2628 1332 2739 1387 duo
2772 1331 3004 1403 priores,
3032 1328 3272 1398 periret.
3308 1324 3444 1380 Nam
3486 1332 3602 1379 ter-

2011 1427 2152 1482 tium
2215 1426 2523 1497 populum,
2572 1423 2732 1494 quasi
2786 1430 2921 1477 natu
2979 1418 3270 1474 minimum
3320 1416 3376 1472 in
3406 1416 3604 1472 ultimo

2011 1527 2263 1590 tempore
2289 1524 2604 1572 sanctorum
2641 1512 3038 1584 prophetarum
3077 1510 3310 1581 (quibus
3338 1519 3395 1566 et
3421 1507 3609 1581 proxi-

318 1610 418 1674 θὺς
437 1611 468 1663 ὁ
495 1610 788 1674 Θεσπέσιος
809 1611 1144 1682 Βαπτιστὴς,
1174 1610 1264 1664 τὸν
1294 1608 1359 1679 δὴ
1388 1606 1631 1680 παρόντα
1649 1602 1913 1658 δεικνύων

2035 1626 2138 1666 nus
2168 1608 2277 1665 fuit
2307 1607 2548 1664 Joannes
2577 1604 2839 1676 Baptista,
2872 1602 3174 1659 ostendens
3208 1603 3364 1657 illum
3402 1617 3473 1657 ex
3510 1614 3604 1656 su—

321 1701 417 1756 τδν
462 1700 526 1767 ἐξ
551 1700 808 1772 ούρανοῦ,
841 1702 1086 1756 τουτέστι
1118 1702 1399 1775 Χριστὸν),
1440 1703 1542 1756 οὐκ
1578 1702 1747 1772 ἐφῆκε
1778 1697 1915 1761 Θεὸς

2035 1698 2221 1763 iernis,
2246 1696 2352 1752 hoc
2378 1695 2782 1760 est,Cltristum
2813 1693 3190 1765 praesentem),
3216 1709 3327 1748 non
3355 1691 3610 1763 permisit

330 1792 519 1877 οἱονεί⁴
541 1810 661 1857 πως
701 1793 975 1865 ἐνέχεσθαι
1011 1795 1134 1859 ταῖς
1170 1795 1440 1862 ἀγκάλαις
1486 1793 1593 1847 τῶν
1646 1790 1915 1847 Ἰουδαίων

2035 1794 2164 1848 )cus
2192 1787 2600 1877 quodammodo
2639 1784 2975 1857 complexari
3014 1784 3259 1839 brachiis
3311 1784 3611 1855 Synagoga

335 1873 671 1955 Συναγωγῆς
685 1924 701 1949 ,
737 1842 861 1940 οὔτε
915 1886 1023 1958 μὴν
1065 1842 1240 1941 ἐθέλει
1289 1886 1381 1940 τδν
1413 1842 1741 1956 ’διτῖσὶιιτξιξ
1757 1842 1914 1954 ἔχειν

2035 1881 2353 1944 Iudaeorum,
2377 1893 2480 1934 nec
2500 1876 2698 1940 voluit,
2722 1884 2783 1930 ut
2821 1890 2889 1929 ex
2910 1890 2974 1929 ea
3002 1872 3242 1928 fructum
3275 1842 3449 1927 ullum
3478 1842 3610 1943 per-

336 1978 575 2048 καρπὸν,
616 1978 692 2051 μὴ
725 1979 833 2050 ἄρα
860 1996 977 2042 πως
1007 1977 1265 2033 ἀπόλοιτο
1296 1979 1393 2032 καὶ
1420 1977 1603 2041 αὑτός.
1644 1997 1663 2029 ι
1725 1977 1783 2029 ’0
1808 1974 1917 2046 γάρ

2035 1975 2248 2047 :iperet,
2272 1988 2345 2028 ne
2374 1970 2516 2027 forte
2542 1969 2752 2040 periret
2772 1967 2938 2023 etiam
2963 1965 3075 2020 ille.
3104 1983 3123 2016 ι
3155 1964 3266 2019 Lex
3297 1964 3447 2019 enim
3472 1963 3612 2018 iram

330 2068 501 2141 νόμος
526 2071 700 2141 ὀργὴν
733 2071 1169 2143 κατεργάζεται,
1215 2090 1236 2124 ι
1271 2069 1574 2127 δικαιοῦται
1606 2067 1660 2122 δὲ
1689 2069 1746 2121 ἑν
1774 2064 1920 2136 αύτῷ

2035 2075 2281 2138 iperatnr
2310 2063 2376 2128 ",
2418 2082 2438 2115 ι
2472 2076 2654 2132 neque
2688 2076 2790 2133 per
2822 2059 2992 2130 ipsam
3025 2057 3299 2128 quispiam
3329 2053 3604 2127 justillca-

332 2162 621 2227 παντελῶς
649 2163 848 2227 οὐδείς.
870 2163 1060 2236 Ἀθρει
1093 2164 1168 2229 δὲ,
1204 2164 1352 2228 ὅπως
1377 2163 1472 2216 τοῦ
1502 2161 1710 2216 λοίσθου
1736 2178 1795 2215 τε
1825 2160 1922 2215 καὶ

2035 2156 2295 2216 Lur.Vide
2334 2160 2520 2210 autem
2569 2168 2736 2224 quam
2780 2150 3065 2221 eleganter
3102 2146 3287 2203 Selom
3330 2146 3386 2200 in
3429 2145 3614 2214 scipso

328 2263 412 2318 ὡς
441 2256 504 2308 ἐν
533 2255 717 2308 πίστει
748 2254 880 2309 λαοῦ
940 2234 1253 2321 διαδείξειεν
1282 2255 1350 2310 ἂν
1382 2254 1469 2323 ἐφ’
1503 2253 1679 2325 ἐαυτῷ
1709 2253 1802 2308 τὸν
1828 2252 1925 2307 τύ-

2035 2259 2214 2322 typum
2249 2262 2362 2318 prm
2382 2261 2441 2300 se
2464 2246 2607 2300 ferat
2626 2242 2805 2299 ultimi
2835 2239 3048 2312 populi,
3076 2237 3172 2309 qui
3193 2246 3279 2293 est
3297 2250 3396 2307 per
3426 2234 3613 2289 ﬁdem.

330 2362 432 2398 πον
456 2341 521 2400 εὖ
561 2346 711 2416 μάλα
737 2345 958 2417 Σηλώμ.
977 2346 1369 2421 Ἐρμηνεύεται
1395 2346 1503 2416 γάρ
1534 2344 1918 2414 ἐκσπασμὸς,

2035 2340 2159 2398 Nam
2190 2338 2376 2395 Selom
2407 2335 2707 2407 exponitur
2743 2333 2999 2388 extractio
3040 2337 3136 2385 aut
3179 2328 3436 2383 dimiuia.
3475 2324 3617 2381 Cum

330 2435 365 2507 ἢ
392 2436 721 2504 ἀπόλυσις.
748 2437 1087 2511 Δαπανώσης
1106 2439 1217 2511 γὰρ
1246 2436 1437 2510 ὥσπερ
1464 2437 1562 2508 τῆς
1585 2437 1733 2500 θείας
1754 2437 1925 2507 ὀργῆς

332 2528 461 2593 τοὺς
500 2528 562 2594 ἐξ
593 2529 832 2600 αἵματος
891 2530 1141 2603 Ἰσραὴλ,
1190 2530 1281 2584 διά
1330 2545 1414 2583 τοι
1451 2528 1519 2583 τὰ
1561 2530 1642 2593 είς
1686 2526 1928 2600 Χριστὸν

336 2621 551 2675 ἀνοσιου
563 2622 825 2693 ργήματα
873 2622 968 2679 καὶ⁵
986 2624 1047 2676 ού
1078 2624 1320 2696 φορητὴν
1350 2621 1662 2693 παροινίαν,
1692 2620 1929 2685 ᾶξεσπά-

341 2711 548 2783 σθησαν
573 2712 651 2777 ὼς
680 2713 791 2767 ἀπὸ
813 2713 979 2785 θηρὸς
1007 2715 1056 2767 οί
1080 2714 1531 2778 πεπιστευκότες,
1563 2712 1661 2766 καὶ
1688 2713 1927 2766 ἀνεῖνται

342 2805 540 2875 τρόπον
575 2805 701 2860 τινὰ
739 2806 852 2860 τῶν
885 2808 967 2873 είς
1008 2807 1070 2861 τὺ
1101 2805 1426 2870 κολάζεσθαι
1458 2806 1569 2860 δεῖν
1606 2803 1930 2873 κατειληφό-

348 2910 454 2948 των
484 2894 719 2967 δεσμῶν.
769 2897 1048 2951 Σέσωσται
1096 2896 1205 2970 γὰρ
1255 2897 1318 2951 τὸ
1355 2895 1739 2966 κατάλειμμα,
1786 2891 1932 2947 κατὰ

354 2981 451 3046 τὰς
471 2983 712 3055 Γραφάς.
740 2986 854 3039 Καὶ
878 2985 1012 3054 γοῦν
1043 2985 1148 3056 ἔφη
1180 3003 1284 3040 που
1318 2984 1452 3049 Θεὸς
1472 2984 1562 3038 διὰ
1586 2986 1771 3055 φωνῆς
1800 2998 1932 3051 προ-

361 3073 559 3142 φήτου·
584 3096 604 3129 ί
633 3079 725 3132 ’ον
755 3080 957 3150 τρόπον
986 3079 1113 3132 ὅταν
1144 3077 1398 3149 ὲκσπάσῃ
1419 3079 1447 3130 ὁ
1484 3075 1685 3147 ποιμὴν
1708 3076 1774 3128 ὲκ
1806 3074 1930 3128 στό-

2023 2431 2173 2490 enim
2225 2431 2411 2487 divina
2475 2428 2559 2483 ira
2590 2424 2749 2497 quasi
2796 2421 3234 2493 consumpsisset
3279 2432 3377 2475 eos
3406 2417 3501 2489 qui
3549 2431 3616 2474 ex

2024 2525 2293 2597 sanguine
2320 2520 2539 2578 lsraelis
2566 2518 2881 2600 ohscelera
2908 2517 2964 2571 in
2985 2515 3268 2572 Christum
3298 2511 3621 2568 commissa.

2025 2627 2083 2676 et
2106 2619 2181 2674 ob
2208 2614 2613 2673 intolerandam
2642 2609 3036 2668 contumeliam
3065 2608 3169 2679 ipsi
3209 2607 3416 2661 illatam
3453 2621 3467 2657 :
3500 2612 3619 2658 tum

2027 2709 2218 2766 ﬁdeles
2242 2707 2400 2780 quasi
2422 2723 2454 2762 e
2485 2704 2743 2761 faucibus
2784 2701 2977 2757 bestiae
3002 2698 3179 2770 erepti
3210 2703 3361 2759 sunt,
3406 2695 3617 2750 libera-

2031 2804 2185 2873 tique
2225 2796 2635 2872 quodammodo
2662 2811 2695 2852 e
2720 2794 2962 2850 vinculis
2980 2832 2996 2857 ,
3026 2791 3233 2862 quibus
3254 2785 3521 2859 puniendi
3557 2784 3624 2839 ll—

2029 2892 2272 2964 laqueati
2306 2899 2486 2947 erant.
2516 2888 2748 2944 Salvam:
2772 2884 2923 2940 enim
2972 2881 3226 2951 reliquiae
3246 2920 3261 2943 ,
3313 2877 3623 2933 secundum

2034 2982 2348 3053 Scripturas
2367 2982 2433 3035 ³⁸.
2462 2976 2622 3036 Unde
2646 2984 2704 3031 et
2731 2975 2879 3030 Deus
2913 2970 3117 3027 alicubi
3152 2986 3253 3040 per
3274 2982 3466 3022 vocem
3489 2979 3623 3035 ιιι-οσ-

2033 3074 2217 3145 pheta
2244 3070 2322 3125 ait
2347 3087 2360 3123 :
2402 3085 2421 3121 ι
2446 3064 2734 3135 Quomodo
2756 3064 2801 3117 si
2826 3069 3017 3133 pastor
3052 3067 3214 3115 emat
3236 3074 3305 3113 ex
3328 3073 3427 3112 ore
3447 3055 3627 3112 leonis

356 3181 532 3238 ματος
566 3166 657 3221 τοῦ
688 3145 898 3232 λέοντος
928 3167 1023 3222 δύο
1051 3166 1250 3238 σκέλη,
1281 3167 1315 3238 ἢ
1340 3145 1497 3220 λοϐὸν
1534 3145 1731 3228 ὠτίου,
1762 3163 1934 3229 οὕτως

2035 3164 2148 3220 duo
2177 3176 2361 3226 crura,
2411 3166 2508 3214 aut
2546 3163 2854 3212 extremum
2881 3150 3177 3217 auriculae,
3206 3149 3288 3204 sic
3318 3147 3628 3217 eripientur

352 3257 822 3328 ἑκσπασθήσονται
852 3260 902 3312 οί
938 3259 1042 3313 υἱοὶ
1083 3259 1322 3331 Ἰσραήλ.
1358 3277 1378 3311 ι
1426 3257 1809 3328 Ἑκσπασμός
1844 3252 1939 3310 οὖν

349 3348 574 3420 Σηλὼμ,
619 3348 880 3421 ταύτητοι
921 3351 1016 3405 καὶ
1047 3349 1396 3421 ὀνομάζεται.
1442 3348 1844 3422 Παραιτοῦνται
1882 3347 1940 3401 δὲ

346 3440 434 3495 ὅτι
471 3440 577 3512 τῆς
614 3440 815 3513 Θάμαρ
851 3442 952 3512 τὴν
988 3441 1225 3513 ὁμιλίαν,
1271 3440 1541 3503 τουτέστι,
1579 3440 1641 3493 τὸ
1681 3441 1740 3493 ὲν
1791 3439 1941 3509 νόμῳ

351 3533 811 3603 καρποφορεῖν,οί
834 3532 1282 3594 πεπιστευκότες,
1309 3530 1403 3584 καὶ⁸
1427 3529 1819 3601 ὲξεσπασμένοι
1845 3530 1941 3599 τῆς

350 3621 465 3677 τῶν
501 3621 867 3677 ἁπωλολότων
906 3621 1179 3695 πληθύος,
1216 3621 1517 3695 άναμάθοις
1560 3621 1629 3677 ἂν
1667 3622 1939 3694 ἀμογητὶ,

353 3716 610 3786 λέγοντος
634 3715 731 3770 τοῦ
762 3715 1034 3788 μακαρίου
1060 3714 1275 3769 Παύλου
1308 3715 1438 3785 περὶ
1466 3714 1802 3787 αὐχημάτων
1833 3713 1943 3767 τῶν

356 3811 502 3865 κατὰ
523 3809 619 3864 τὸν
655 3808 841 3879 νόμον
880 3827 899 3861 ι
938 3808 1080 3862 Ἀλλ’
1106 3806 1163 3861 εἴ
1185 3825 1308 3862 τινα
1330 3803 1399 3879 ἦν
1431 3824 1521 3879 μοι
1550 3806 1741 3884 κέρδη,
1772 3805 1945 3859 ταῦτα

356 3904 577 3975 ἥγημαι
618 3902 709 3958 διὰ
741 3895 974 3975 Χριστὸν
1006 3901 1231 3973 ζημίαν.
1284 3919 1304 3953 ι
1360 3898 1655 3970 Ἐπεθύμει
1708 3898 1818 3968 γάρ
1863 3896 1944 3950 δι-

358 3995 659 4067 καιοσύνην
702 3995 804 4066 μὲν
849 3994 987 4048 ἰδίαν
1020 3995 1122 4048 οὐκ
1154 3992 1333 4065 ἔχειν,
1369 3992 1514 4062 φημ)⁵
1560 3991 1617 4043 δὲ
1648 3988 1714 4059 δὴ
1750 3987 1847 4058 τὴν
1879 3988 1946 4040 ’ὲν

357 4087 516 4160 νόμῳ
551 4087 753 4152 πάλιν,
796 4085 934 4141 ἀλλά
960 4084 1308 4148 δικαιοσύνην
1336 4084 1435 4155 τὴν
1474 4085 1539 4136 ὲκ
1580 4080 1815 4142 πίστεως
1849 4078 1948 4148 τῆς

358 4181 424 4236 ὲν
455 4179 679 4253 Χριστῷ
718 4177 916 4251 Ἰησοῦ.
968 4177 1275 4248 ’Δσυναφὴς
1299 4172 1395 4231 οὖν
1422 4176 1488 4246 τῇ
1519 4172 1719 4243 Θάμαρ
1749 4168 1950 4243 Σηλὼμ

358 4276 395 4328 ὁ
435 4272 727 4336 νεώτατος.
767 4273 868 4325 Δια
898 4269 955 4323 δὲ
985 4269 1144 4325 τοῦτο
1176 4271 1324 4341 χήρα
1371 4265 1669 4338 μεμένηκε,
1708 4262 1804 4317 καὶ
1847 4278 1951 4332 μα-

362 4368 533 4438 κροὺς
565 4368 625 4419 ἐν
650 4363 827 4434 τούτῳ
853 4362 1191 4417 διατετέλεκε
1219 4359 1464 4432 χρόνους.
1493 4359 1567 4412 υύ
1596 4355 1705 4427 γὰρ
1731 4357 1951 4425 ἐφέντος

2038 3256 2136 3313 ﬁlii
2163 3254 2333 3311 Israel
2362 3254 2429 3307 “.
2468 3271 2487 3305 ι
2521 3250 2706 3306 Selom
2729 3263 2862 3319 ergo
2900 3244 3117 3316 ereptio
3148 3258 3248 3298 seu
3271 3239 3490 3296 evulsio
3525 3238 3630 3293 hac

2038 3349 2108 3406 de
2134 3362 2301 3404 causa
2328 3353 2482 3402 recte
2525 3341 2866 3399 nominatur.
2903 3337 3061 3407 Quod
3086 3346 3272 3393 autem
3312 3332 3503 3389 ﬁdeles
3528 3328 3629 3386 de-

2037 3444 2215 3500 vitent
2236 3436 2699 3497 consuetudinem
2721 3434 2981 3499 Thamar,
3028 3430 3136 3487 hoc
3162 3438 3268 3494 est,
3295 3424 3631 3483 fructiﬁcare

2040 3535 2098 3591 in
2141 3534 2281 3605 lege,
2307 3531 2569 3604 quodque
2601 3522 2844 3598 exempti
2882 3525 2996 3582 sint
3020 3539 3089 3579 ex
3114 3521 3278 3577 turba
3307 3533 3501 3575 eorum
3534 3514 3631 3586 qui

2038 3626 2349 3699 perierunt,
2384 3623 2547 3679 facile
2591 3637 2660 3677 ex
2695 3619 2861 3675 beato
2890 3617 3065 3674 Paulo
3093 3612 3378 3677 didiceris,
3419 3608 3516 3681 qui
3562 3606 3633 3660 de

2034 3697 2177 3791 legis
2199 3714 2624 3790 gloriationibus
2651 3712 2729 3768 ita
2753 3710 2924 3768 dicit:
2963 3726 2981 3758 ι
3022 3704 3132 3762 Sed
3160 3719 3283 3775 qua:
3312 3710 3472 3756 erant
3495 3697 3635 3791 mihi

2041 3788 2221 3876 lucra,
2233 3825 2298 3865 ea
2317 3804 2628 3864 existimavi
2640 3809 2866 3874 propter
2879 3798 3160 3856 Christum
3177 3795 3378 3849 damna
3395 3792 3436 3821 ³⁷
3448 3829 3461 3843 .
3474 3788 3635 3876 iNon

2044 3899 2194 3953 enim
2249 3895 2509 3966 cupiebat
2539 3891 2812 3963 justitiam
2846 3886 3130 3958 propriam
3171 3881 3381 3935 habere
3402 3918 3417 3941 ,
3442 3875 3632 3966 illam,

2051 3986 2296 4055 inquam,
2324 3964 2562 4038 rursum
2605 3992 2728 4048 quae
2747 3985 2833 4032 est
2858 3975 2916 4029 in
2959 3974 3099 4041 lege,
3146 3967 3244 4024 sed
3275 3964 3545 4038 justitiam
3571 3978 3637 4017 ex

2050 4077 2156 4132 ﬁde
2178 4090 2301 4147 quae
2327 4082 2415 4129 est
2441 4072 2501 4129 in
2523 4069 2750 4127 Christo
2779 4066 2932 4123 Jesu.
2958 4063 3143 4120 Selom
3179 4060 3349 4132 igitur
3378 4056 3641 4112 minimus

2048 4177 2183 4226 natu
2214 4167 2453 4224 Thamar
2489 4160 2738 4235 copulari
2776 4175 2890 4215 non
2940 4165 3145 4231 potest,
3195 4154 3435 4223 ideoque
3475 4148 3640 4204 vidua

2048 4259 2373 4336 permansit,
2395 4267 2452 4314 et
2478 4255 2702 4328 quidem
2721 4254 2887 4326 longo
2918 4261 3188 4323 tempore.
3214 4247 3352 4304 Nam
3379 4259 3493 4336 non
3510 4257 3639 4314 per-

2050 4335 2305 4412 mittente
2338 4353 2451 4408 Deo
2494 4346 2827 4406 fructificare
2858 4345 3096 4417 amplius
3124 4340 3441 4400 Judaeorum
3470 4335 3642 4408 Syna-

361 4431 504 4513 Θεοῦ
524 4431 896 4530 καρποφορεῖν
917 4454 997 4509 ἔτι
1017 4454 1116 4526 τὴν
1148 4431 1416 4508 Ἰουδαίων
1442 4448 1789 4519 Συναγωγὴν,
1806 4448 1874 4518 χή
1884 4464 1936 4519 ρο

2052 4463 2265 4521 gogam,
2287 4444 2461 4501 veluti
2506 4443 2675 4498 vidua
2705 4439 2955 4512 quaedam
2993 4445 3052 4494 et
3103 4437 3299 4492 orbata
3342 4431 3557 4494 liberis,
3584 4434 3641 4483 et

361 4563 449 4611 1ιίς
474 4526 665 4620 ὥσπερ
705 4526 801 4599 καί
838 4543 1196 4616 ἠτεκνωμένη
1241 4543 1336 4596 καὶ
1371 4540 1565 4613 ἀνδρὸς
1615 4540 1819 4611 ἐρήμη,
1852 4535 1936 4591 τοί

2054 4537 2277 4595 deserta
2325 4549 2357 4590 a
2401 4534 2524 4589 viro
2563 4530 2840 4602 spirituali
2869 4544 3072 4600 sponso
3111 4526 3383 4598 appellata
3422 4530 3540 4585 est,
3578 4533 3643 4574 ac

364 4636 563 4708 νοητοῦ
589 4636 843 4709 νυμφίου,
871 4653 1041 4708 κεχρη
1052 4634 1249 4707 μάτικέ
1269 4650 1328 4686 τε
1353 4633 1444 4687 καὶ
1464 4632 1685 4702 γέγονεν
1710 4629 1949 4702 άληθῶς.

370 4729 520 4798 Ἔφη
562 4728 671 4798 γάρ
721 4745 826 4781 που
862 4728 1122 4799 Χριστὸς,
1153 4727 1235 4781 ὃτι
1284 4743 1304 4778 ι
1344 4725 1494 4797 Αὕτη
1526 4725 1585 4778 οὐ
1630 4724 1765 4795 γυνή
1812 4739 1948 4793 μου,

367 4818 526 4881 κάγὼ
552 4819 653 4871 ούκ
683 4818 825 4888 ἀνὴρ
868 4817 1061 4886 αὐτῆς.
1091 4813 1217 4888 'Ap’
1249 4811 1342 4870 οὖν
1377 4816 1552 4878 οὐδεὶς
1586 4814 1649 4867 τὸ
1692 4814 1955 4884 παράπαν

370 4910 544 4981 αὐτῆς
572 4909 713 4980 μετὰ
735 4908 896 4962 τοῦτο
918 4909 1108 4978 γέγονε
1136 4908 1322 4977 λόγος;
1349 4910 1410 4962 οὐ
1433 4905 1713 4979 φροντίδος
1732 4905 1961 4975 ἠξίωται

368 5002 471 5073 τῆς
496 5002 651 5073 παρὰ
677 5000 846 5067 Θεοῦ;
876 5002 968 5071 Μὴ
994 4999 1153 5054 τοῦτο
1176 5000 1473 5071 ὑπολάϐῃς.
1506 4999 1698 5052 Καίτοι
1729 4997 1836 5068 γὰρ
1871 4996 1964 5049 ἐπὶ

370 5096 494 5157 ταῖς
537 5093 766 5148 ἁπασῶν
811 5094 1067 5165 ἐσχάταις
1106 5093 1444 5157 δυσσεϐείαις
1482 5091 1962 5161 κατεγνωσμένην,

372 5184 441 5238 δι’
472 5183 715 5258 ἔμφυτον
735 5183 1052 5255 ἡμερότητα
1105 5183 1424 5254 κατελεὴσει
1467 5181 1600 5245 Θεὸς
1630 5181 1688 5233 ὲν
1718 5180 1966 5250 ἐσχάτοις

374 5276 472 5330 τοῦ
511 5277 709 5340 αἰῶνος
746 5279 992 5349 καιροῖς·
1028 5276 1445 5348 καρποφορήσει
1482 5274 1539 5327 δὲ
1583 5274 1679 5327 καὶ
1720 5273 1859 5344 αὑτὴ
1891 5272 1964 5325 τὰ

376 5368 617 5441 Χριστοῦ
645 5369 1024 5440 γνωρίσματα.
1064 5369 1310 5423 Κατόπιν
1340 5367 1397 5420 δὲ
1437 5367 1520 5420 ὅτι
1558 5365 1819 5436 βαδιεῖται
1855 5364 1965 5417 τῶν

380 5462 572 5529 ἐθνῶν,
605 5462 676 5517 δι’
716 5461 896 5515 αὐτῶν
938 5462 1089 5516 οὐδὲν
1118 5455 1280 5534 ἦττον
1319 5460 1426 5515 τῶν
1464 5459 1866 5532 γεγραμμένων
1888 5460 1965 5511 εί-

384 5555 611 5626 σύμεθα.
650 5553 1031 5626 Ἀναθεϐηκὼς
1051 5555 1159 5627 γὰρ
1199 5555 1398 5620 Ἰούδας
1423 5557 1608 5626 κεῖραι
1631 5555 1699 5608 τά
1721 5551 1968 5622 πρόϐατα

385 5644 571 5709 αὐτοῦ,
588 5647 710 5702 ὀδοῦ
727 5649 1005 5721 πάρεργον
1023 5646 1120 5719 τὴν
1137 5648 1272 5719 πρὸς
1292 5647 1458 5717 αὐτὴν
1477 5649 1711 5701 ἐποιεῖτο
1734 5642 1966 5697 σύνοδον·

457 5760 504 5793 ⁸⁸
550 5764 712 5820 Rom.
766 5781 841 5830 tv,
872 5764 954 5817 l5.
1035 5763 1078 5794 ⁸⁵
1103 5761 1281 5818 Judic.
1315 5760 1629 5825 v,15;lsa.
1664 5776 1718 5820 π,
1746 5758 1846 5821 9.2;
1879 5757 2036 5809 Rom.
2078 5766 2150 5812 ις,
2175 5747 2263 5800 27.

397 5849 455 5899 ιι,
481 5831 536 5887 2.

2056 4644 2190 4686 vere
2233 4626 2357 4682 fuit.
2393 4623 2557 4694 200
2594 4622 2739 4677 Dixit
2762 4619 2910 4675 enim
2950 4618 3082 4673 alibi
3118 4616 3375 4673 Christus
3406 4629 3421 4666 :
3457 4630 3474 4662 ι
3502 4608 3643 4676 Quia

2059 4721 2179 4792 ipsa
2211 4734 2323 4773 non
2358 4723 2445 4772 est
2485 4730 2624 4770 uxor
2651 4728 2775 4768 mea
2798 4752 2815 4779 ,
2866 4726 3049 4782 neque
3097 4725 3200 4781 ego
3244 4707 3331 4763 vir
3376 4699 3581 4775 ejus“.
3617 4719 3634 4750 ι

2059 4811 2218 4867 Nulla
2247 4824 2380 4881 ergo
2428 4805 2720 4879 postmodo
2766 4804 2887 4876 ejus
2914 4803 3056 4858 ratio
3094 4800 3287 4855 habita
3315 4804 3418 4859 est,
3445 4802 3500 4849 et
3544 4793 3645 4848 Dei

2059 4919 2190 4960 cura
2226 4901 2451 4973 indigna
2479 4899 2677 4956 eﬂ‘ecta
2702 4897 2821 4953 est?
2842 4896 3198 4964 Nequaquam
3234 4888 3290 4943 id
3322 4883 3641 4954 suspiceris.

2060 4995 2302 5052 Tametsi
2356 4993 2504 5049 enim
2556 4999 2817 5047 extremae
2862 4981 3163 5054 impietatls
3217 4978 3475 5033 damnata
3514 4983 3600 5028 est
3629 5013 3642 5037 ,

2060 5086 2421 5143 nihilominus
2486 5084 2634 5138 Deus
2677 5080 2748 5135 ob
2810 5079 3052 5131 innatam
3086 5071 3190 5142 ipsi
3249 5067 3646 5137 benignitatem

2062 5179 2418 5235 miserebitur
2442 5175 2564 5245 ejus
2590 5183 2814 5227 rursum
2849 5166 2905 5220 in
2933 5163 3250 5220 novissimis
3297 5159 3481 5214 saeculi
3504 5167 3647 5211 tem-

2060 5270 2308 5341 poribus.
2335 5266 2475 5319 Tum
2498 5272 2554 5317 et
2591 5263 2707 5332 ipsa
2751 5254 3107 5312 fructiﬁcabit
3145 5250 3351 5308 Christi
3371 5248 3645 5303 notitiam.

2062 5339 2218 5426 Quod
2247 5364 2430 5410 autem
2453 5361 2643 5423 gentes
2665 5365 2696 5404 a
2724 5357 2878 5416 tergo
2896 5352 3153 5399 secutura
3185 5342 3279 5405 sit,
3314 5357 3414 5412 per
3437 5355 3503 5395 ea
3530 5339 3649 5409 ipsa

2064 5463 2189 5519 quae
2243 5446 2335 5499 hic
2389 5442 2594 5508 scripta
2650 5446 2807 5502 sunt,
2855 5433 3218 5490 nihilominus
3251 5432 3645 5502 intelligemus.

2065 5543 2203 5598 Nam
2261 5550 2386 5592 cum
2422 5531 2591 5588 ludas
2620 5530 2996 5585 descendisset
3029 5535 3293 5583 tonsurus
3319 5540 3452 5581 oves
3483 5537 3646 5587 suas,

2069 5632 2251 5688 obiter
2297 5640 2422 5681 cum
2465 5622 2581 5690 ipsa
2614 5630 2669 5676 et
2699 5622 2854 5691 quasi
2892 5621 2948 5677 in
2974 5630 3289 5676 transcursu
3322 5615 3652 5673 commisce-

2360 5740 2402 5770 ³⁸
2430 5737 2694 5803 Ᾱιηοειιι,
2736 5738 2815 5793 l2.
2893 5737 3158 5809 "Philip.
3184 5752 3262 5792 ιιι.
3290 5736 3344 5790 7.
3421 5729 3467 5765 "'
3515 5727 3654 5781 Osee
