4074 6260
406 371 512 429 3i)

1429 359 1485 414 S.
1525 356 1803 414 CYRILLI
1841 354 2310 412 ALEXANDRINI
2349 355 2670 411 ARCHIEP.

3557 361 3666 418 320

407 499 537 541 tur:
571 483 826 540 baculum
853 487 1058 540 autem,
1100 484 1157 532 et
1193 477 1482 540 annulum,
1537 484 1594 529 et
1626 474 1830 528 monile
1863 487 1979 527 eam

2087 472 2282 543 ῥάϐδον
2300 473 2377 538 δὲ,
2405 473 2499 525 καὶ
2516 471 2818 538 δακτύλιον,
2842 472 2932 527 καὶ
2963 472 3225 544 ὁρμίσκον
3250 472 3418 544 αὐτὴν
3448 473 3667 545 ἐφίησιν

405 579 532 632 sivit
594 575 829 640 habere,
873 572 1088 627 haedum
1139 568 1306 624 etiam
1357 566 1642 637 proprium
1686 565 1983 618 missurum

407 670 750 739 promittens.
776 667 1061 735 Pmpriam
1091 663 1241 719 enim
1271 669 1434 729 atque
1471 658 1705 712 maxime
1733 671 1986 711 necessa-

409 760 540 813 riam
577 772 764 812 curam
803 771 997 827 gerens
1023 754 1274 808 Christus
1295 749 1600 820 accipiendi
1625 748 1837 803 fructus
1868 748 1984 818 spi—

406 849 620 903 ritualis
658 846 856 918 gregis,
886 845 1151 910 ﬁdelium,
1184 845 1429 913 inquam,
1453 839 1984 895 etsanctiﬁcatorum

405 941 460 993 in
501 939 733 1008 spiritu,
768 936 1200 1007 perfunctoriam
1231 932 1522 1004 quamdam
1553 947 1733 1001 neque
1759 931 1984 986 omnino

403 1030 738 1085 elaboratam
763 1028 1001 1082 initurus
1030 1035 1113 1082 est
1139 1042 1262 1080 cum
1289 1026 1568 1096 Synagoga
1591 1023 1903 1077 Judaaorum
1927 1023 1983 1078 in

404 1121 599 1191 spiritu
628 1121 973 1186 societatem;
1003 1126 1372 1189 prmgnantem
1396 1132 1527 1170 vero
1555 1115 1980 1185 quodammodo,

403 1220 459 1265 et
488 1212 824 1265 fructuosam
879 1225 1032 1264 suam
1077 1207 1402 1278 sapientiam
1446 1216 1530 1260 est
1577 1205 1978 1261 declaraturus.

404 1301 700 1357 Exhibebit
729 1310 911 1355 autem
956 1301 1007 1354 ei
1055 1300 1320 1369 scipsum,
1347 1298 1518 1351 veluti
1546 1307 1602 1353 et
1633 1297 1794 1352 nobis
1825 1297 1978 1366 ipsis,

405 1399 663 1460 tanquam
697 1391 904 1460 virgam
935 1389 1176 1455 virtutis,
1210 1397 1272 1442 ut
1302 1387 1594 1457 imaginem
1632 1396 1689 1440 et
1719 1387 1980 1441 similitu-

401 1484 587 1538 dinem
623 1483 716 1537 Dei
755 1499 818 1537 ac
859 1482 1038 1536 Patris
1077 1479 1096 1551 (
1125 1480 1179 1534 id
1209 1481 1358 1535 enim
1400 1479 1740 1550 signiﬁcatur
1763 1495 1862 1548 per
1885 1495 1982 1532 an-

399 1574 637 1640 nulum),
674 1574 804 1628 item
849 1580 909 1626 ut
948 1571 1249 1625 formosum
1296 1569 1433 1622 facie
1465 1585 1578 1639 prae
1635 1568 1762 1623 ﬁliis
1799 1568 1982 1622 homi-

397 1681 531 1720 num
551 1665 636 1719 ‘3'.
663 1666 778 1718 I-loc
797 1665 946 1719 enim
974 1663 1216 1717 arbitror
1238 1660 1545 1731 signiﬁcare
1564 1661 1786 1714 monile.
1806 1659 1980 1716 Omne

397 1759 544 1812 enim
577 1765 858 1826 gestamen
885 1753 1031 1823 quod
1067 1752 1196 1806 facit
1225 1752 1294 1806 ad
1334 1759 1608 1817 ornatum,
1643 1751 1854 1806 censeri
1879 1751 1978 1805 de-

398 1848 491 1902 bet
521 1815 736 1916 signum
770 1815 1218 1915 pulchritudinis.
1263 1843 1430 1896 Mittit
1471 1815 1654 1897 autem
1703 1842 1781 1895 illi
1808 1843 1976 1896 etiam
2011 1815 2054 1873 Β

397 1937 636 2002 haedum,
664 1939 767 1992 hoc
793 1943 895 2002 est,
931 1946 1281 2006 peccatorum
1309 1934 1688 1991 remissionem
1721 1935 1974 2004 largitur.

397 2027 596 2082 Hmdus
643 2028 789 2082 enim
838 2027 1142 2082 secundum
1175 2025 1350 2095 legem
1385 2041 1486 2097 pro
1517 2033 1744 2096 peccato
1773 2033 1979 2078 macta-

397 2119 580 2183 batur,
610 2129 667 2173 et
697 2119 1027 2172 delictorum
1060 2118 1443 2173 remissionem
1469 2116 1780 2170 adumbrat.
1806 2115 1980 2170 Caete-

397 2227 518 2264 rum
544 2210 783 2264 Thamar
799 2225 909 2264 non
939 2209 1233 2274 occiditur,
1262 2208 1367 2263 etsi
1395 2210 1506 2278 jam
1539 2208 1811 2263 sententia
1833 2223 1981 2260 mor-

396 2304 466 2357 tis
490 2303 596 2357 lata
632 2302 819 2367 fuerit,
845 2309 900 2356 et
925 2311 1232 2357 extremum
1263 2301 1592 2370 supplicium
1623 2300 1678 2352 in
1703 2313 1824 2353 eam
1851 2315 1982 2354 con-

395 2395 648 2450 stitutum
678 2394 938 2467 (Thamar
975 2396 1123 2448 enim
1155 2395 1306 2448 velut
1337 2393 1585 2447 adultera
1614 2393 1978 2448 condemnata

395 2484 557 2555 erat).
608 2485 860 2540 Salvatur
893 2493 1076 2540 autem
1125 2496 1346 2541 ostenso
1403 2486 1634 2553 baculo,
1671 2487 1874 2540 annulo
1922 2495 1980 2542 et

395 2575 608 2639 monili,
657 2574 1018 2644 confessaque
1051 2582 1134 2629 est
1158 2577 1394 2646 ingenue
1423 2584 1480 2631 et
1518 2576 1714 2641 libere,
1738 2579 1884 2646 quod
1911 2594 1979 2634 ex

394 2667 535 2723 Juda
564 2667 636 2721 sit
668 2667 912 2737 gravida,
966 2675 1130 2736 atque
1163 2666 1335 2735 ipsius
1368 2666 1608 2721 fructum
1644 2674 1840 2738 gestet.
1867 2667 1977 2723 Sed

395 2769 451 2815 et
483 2759 734 2815 Christus
765 2774 865 2813 suo
890 2765 1138 2828 tempore
1168 2758 1426 2812 liberabit
1453 2757 1769 2813 Iudaeorum
1800 2757 1979 2830 Syna-

394 2866 625 2921 gogam,
676 2849 974 2919 quominus
1018 2849 1299 2918 puniatur,
1349 2848 1628 2903 societatis
1673 2863 1800 2903 cum
1856 2848 1977 2918 ipso

397 2946 544 3000 initae
600 2946 845 3017 symbola
897 2961 1011 3015 prae
1041 2961 1098 3000 se
1145 2945 1434 3009 ferentem,
1483 2945 1978 3016 ostendentemque

395 3033 681 3089 manifeste
708 3035 853 3104 quod
878 3051 944 3088 ex
970 3034 1088 3103 ipso
1114 3035 1430 3104 conceperit
1454 3076 1468 3098 ,
1499 3043 1554 3090 et
1578 3052 1862 3106 praagnans
1893 3036 1975 3091 ef-

394 3122 535 3178 fecta
562 3123 649 3176 sit.
669 3124 745 3176 Ita
772 3123 918 3178 enim
949 3122 1152 3177 alicubi
1182 3124 1348 3177 etiam
1389 3123 1424 3177 ii
1446 3123 1655 3189 dicunt,
1692 3126 1785 3195 qui
1812 3125 1974 3180 ﬁdem
2003 3156 2045 3216 ο

396 3213 451 3268 in
515 3213 796 3269 Christum
862 3214 1097 3284 amplexi
1146 3224 1326 3269 sunt:
1370 3234 1388 3266 ι
1432 3215 1665 3285 Propter
1717 3217 1974 3271 timorem

397 3308 572 3365 tuum,
599 3302 828 3356 Domine
851 3345 866 3368 ,
901 3301 958 3355 in
1010 3300 1168 3358 utero
1200 3305 1576 3373 concepimus,
1602 3313 1658 3359 et
1681 3308 1977 3375 parturivi-

395 3407 538 3455 mus,
565 3400 621 3446 et
651 3393 968 3461 peperimus
999 3395 1256 3463 spiritum
1286 3395 1479 3449 salutis
1521 3407 1648 3461 tum,
1685 3414 1849 3466 quem
1877 3416 1974 3470 ge-

395 3484 618 3538 nuimus
667 3500 834 3554 super
872 3493 1076 3540 terram
1105 3487 1171 3539 3’.
1212 3506 1229 3537 ι
1273 3485 1514 3541 Thamar
1548 3497 1732 3542 autem
1760 3505 1885 3544 cum
1917 3498 1976 3547 et

395 3578 509 3645 ipsa
539 3592 638 3645 par
673 3576 942 3630 infantum
959 3578 1114 3646 201
1138 3578 1462 3646 parturiret,
1487 3581 1702 3649 peperit
1730 3582 1968 3638 tandem.

393 3667 599 3722 Deinde
624 3668 1023 3738 primogenitus
1049 3669 1270 3738 quidem
1296 3668 1499 3723 emittit
1522 3685 1764 3734 manum,
1790 3672 1884 3726 sed
1906 3689 1973 3728 eo

391 3757 458 3812 ad
499 3772 556 3812 se
578 3757 826 3812 eamdem
857 3758 1171 3812 retrahente
1201 3756 1439 3829 (tametsi
1455 3758 1569 3828 jam
1597 3760 1823 3814 coccino
1853 3769 1974 3816 erat

391 3846 602 3917 ligata),
631 3847 845 3918 prosilit
883 3847 1178 3911 secundus,
1206 3848 1377 3902 veluti
1426 3863 1554 3919 sepe
1579 3848 1815 3918 quadam
1842 3865 1971 3920 per-

389 3938 582 4004 fracta,
614 3948 777 4010 atque
821 3941 894 3994 ita
929 3941 1084 4011 prius
1125 3940 1412 4011 egreditur
1454 3943 1750 4012 posterior.
1785 3943 1972 3999 Potest

390 4037 570 4083 autem
602 4031 768 4083 etiam
788 4031 892 4084 hoc
917 4033 1076 4086 nobis
1097 4031 1244 4085 haud
1271 4032 1568 4088 obscurum
1592 4034 1807 4105 signum
1824 4051 1967 4102 esse,

390 4117 536 4185 quod
569 4127 760 4187 gentes
785 4119 940 4188 prius
973 4128 1179 4174 vocatae
1222 4120 1365 4185 sint,
1415 4139 1580 4192 quam
1613 4125 1707 4193 qui
1736 4140 1803 4179 ex
1842 4141 1969 4180 san-

390 4208 554 4276 guine
587 4209 752 4261 Israel
787 4225 800 4260 :
835 4217 890 4262 et
926 4210 1246 4279 dignilatem
1293 4213 1740 4283 primogenitum
1773 4232 1970 4272 conse-

392 4297 574 4351 cuturi
600 4298 818 4367 sintqui
852 4299 907 4352 in
927 4301 1135 4355 ultimis
1160 4303 1502 4369 temporibus
1533 4306 1825 4375 eligentur.
1858 4309 1969 4361 F-u-

394 4396 579 4441 tnrum
611 4395 696 4440 est
719 4397 901 4440 autem
942 4389 1131 4457 procul
1156 4390 1345 4454 dubio,
1373 4400 1433 4446 ut
1459 4393 1622 4447 etiam
1663 4395 1779 4464 ipse
1801 4396 1968 4451 Israel

2089 563 2262 634 ἔχειν,
2303 563 2650 617 ἀποστέλλειν
2690 565 2782 617 καὶ
2803 564 2990 634 ἔριφον
3018 565 3470 636 ὑπισχνούμενος.
3510 567 3667 621 Ἰδίαν

2085 657 2194 727 γάρ
2231 655 2420 728 ὥσπερ
2458 657 2552 709 καὶ
2595 657 3032 728 ἀναγκαιοτάτην
3062 655 3201 728 ἔχων
3244 656 3501 728 φροντίδα
3531 658 3668 728 Χρι-

2087 747 2209 811 στὸς
2264 747 2326 800 τὸ
2350 747 2596 818 δέχεσθαι
2625 747 2750 811 τοὺς
2780 748 3027 819 καρποὺς
3058 747 3158 817 τῆς
3193 748 3415 818 λογικῆς
3443 749 3666 817 ἀγέλης,

2084 839 2239 910 δῆλον
2277 839 2332 892 δὲ
2363 839 2444 891 ὅτι
2481 837 2589 892 τῶν
2627 839 3068 892 πεπιστευκότων
3101 840 3192 892 καὶ
3225 840 3574 912 ἡγιασμένων
3610 842 3668 892 ἐν

2087 929 2378 1000 πνεύματι,
2431 930 2731 1000 παροδικὴν
2777 928 2964 1000 ὥσπερ
2998 932 3117 984 τινὰ
3154 931 3249 984 καὶ
3287 932 3407 1001 οὐχὶ
3451 931 3669 994 πάντως

2085 1022 2527 1093 ἐσπουδασμένην
2592 1023 2876 1094 ποιήσεται
2919 1022 3063 1076 κατὰ
3107 1026 3334 1095 καιροὺς
3381 1023 3478 1095 τὴν
3528 1024 3666 1090 πρὸς

2083 1113 2182 1185 τὴν
2203 1113 2311 1168 τῶν
2344 1113 2611 1166 Ἰουδαίων
2635 1113 2961 1184 Συναγωγὴν
2986 1116 3042 1167 έν
3067 1116 3336 1184 πνεύματι
3359 1117 3662 1170 κοινωνίαν⁶

2083 1204 2359 1274 ἔγκαρπον
2392 1204 2448 1256 δὲ
2477 1203 2666 1274 ῶσπερ
2695 1205 2984 1274 ἀποφανεῖ,
3001 1204 3097 1276 τὴν
3126 1208 3252 1276 παρ’
3276 1205 3440 1259 αὐτοῦ
3476 1209 3665 1276 σοφίαν

2083 1294 2788 1365 ὠδίνουσαν.Παραθήσεται
2814 1295 2870 1347 δὲ
2894 1293 3081 1366 ὥσπερ
3104 1298 3295 1350 ἑαυτὸν
3318 1298 3476 1369 αὐτῇ,
3498 1299 3666 1353 καθά-

2083 1403 2189 1456 περ
2218 1387 2310 1440 καὶ
2342 1388 2475 1457 ἡμῖν
2505 1386 2707 1452 αὐτοῖς,
2735 1387 2811 1450 ὡς
2834 1387 3026 1458 ῥάϐδον
3051 1388 3352 1454 δυνάμεως,
3379 1390 3454 1453 ὡς
3481 1391 3667 1443 εἰκόνα

2083 1478 2178 1530 καὶ
2217 1477 2475 1548 ὁμοίωσιν
2516 1475 2610 1531 τοῦ
2635 1477 2771 1530 Θεοῦ
2797 1479 2892 1532 καὶ
2921 1479 3132 1549 Πατρὸς
3174 1479 3356 1561 (τοῦτο
3381 1480 3488 1551 γὰρ
3515 1483 3543 1534 ὁ
3569 1482 3665 1536 δα-

2082 1568 2340 1640 κτύλιος),
2369 1570 2445 1632 ὡς
2471 1570 2670 1640 ὡραῖον
2704 1569 2889 1624 κάλλει
2916 1571 3067 1640 παρὰ
3088 1570 3214 1634 τοὺς
3247 1572 3397 1635 υἱοὺς
3428 1572 3535 1625 τῶν
3569 1575 3665 1627 ἀν-

2083 1659 2335 1731 θρώπων.
2363 1661 2526 1714 Τουτὶ
2545 1661 2651 1733 γὰρ
2673 1659 2822 1734 οἶμαι
2845 1661 3037 1733 δηλοῦν
3053 1662 3142 1716 τὸν
3160 1665 3442 1734 ὁρμίσκον.
3465 1663 3666 1730 Σκεῦος

2084 1754 2190 1823 γὰρ
2221 1755 2368 1808 ἅπαν
2393 1754 2454 1806 τὸ
2484 1754 2670 1808 τελοῦν
2705 1757 2782 1818 είς
2811 1755 3095 1825 κόσμημα,
3129 1754 3358 1818 κάλλους
3394 1755 3461 1809 ἂν
3494 1760 3669 1810 νοοῖτο

2085 1847 2328 1914 σημεῖον.
2379 1845 2722 1898 Ἀποστέλλει
2754 1845 2812 1898 δὲ
2845 1845 2982 1916 αὐτῇ
3009 1845 3100 1898 καὶ
3133 1845 3221 1897 τὸν
3252 1846 3468 1916 ἔριφον,
3507 1865 3666 1901 τουτ-

2081 1932 2197 1986 ἐστι
2220 1973 2233 1998 ,
2266 1933 2375 1986 τῶν
2415 1935 2822 2006 ἡμαρτημένων
2852 1938 3120 2007 χαριεῖται
3142 1935 3238 2008 τὴν
3261 1937 3473 2006 ἄφεσιν.
3508 1939 3666 2009 Ἐρι-

2081 2042 2180 2095 φος
2211 2025 2320 2097 γὰρ
2350 2027 2492 2082 κατὰ
2528 2028 2690 2098 νόμον
2729 2028 2870 2100 ὑπὲρ
2915 2029 3192 2100 ἁμαρτίας
3228 2029 3523 2097 ἐσφάζετο,
3571 2033 3667 2084 καὶ⁷

2081 2117 2569 2189 πλημμελημάτων
2613 2119 2807 2188 ἄφεσιν
2845 2120 3239 2173 ὑπαινίττεται.
3273 2119 3511 2185 Σώζεται
3543 2121 3598 2174 δὲ
3629 2125 3663 2194 ή

2079 2208 2301 2279 Θάμαρ,
2336 2209 2514 2263 καίτοι
2542 2209 2720 2281 ψῆφον
2759 2211 3001 2265 λαϐοῦσα
3029 2212 3295 2276 θανάτου,
3326 2213 3425 2267 καὶ
3454 2217 3666 2278 ποιναῖς

2077 2299 2198 2360 ταῖς
2233 2298 2490 2368 ἐσχάταις
2532 2298 2942 2371 ὑπενηνεγμένη
2978 2300 3184 2355 λοιπόν.
3230 2301 3666 2357 Καταδεδίκαστο

2079 2388 2186 2460 γὰρ
2218 2390 2250 2458 ἢ
2296 2389 2494 2460 Θάμαρ
2522 2389 2599 2453 ὡς
2637 2391 3070 2464 πεπορνευμένη.
3117 2392 3357 2457 Σώζεται
3397 2394 3453 2448 δὲ
3491 2395 3660 2465 ὅμως·

2079 2481 2327 2547 ὑπέδειξε
2362 2481 2469 2552 γὰρ
2498 2481 2598 2551 τὴν
2631 2483 2860 2551 ῥάϐδον,
2900 2483 2988 2536 τὸν
3017 2484 3300 2538 δακτύλιόν
3339 2502 3399 2538 τε
3447 2485 3541 2538 καὶ
3573 2486 3664 2539 τδν

2079 2571 2362 2642 ὁρμίσκον.
2400 2571 2782 2642 Διωμολόγηκέ
2809 2591 2874 2627 τε
2913 2575 3100 2644 σαφῶς
3141 2575 3216 2639 ὼς
3253 2576 3663 2647 κεκυοφόρηκεν

2079 2663 2138 2727 ἐξ
2176 2663 2344 2716 Ἰούδα
2367 2702 2382 2726 ,
2425 2663 2520 2716 καὶ
2556 2663 2648 2716 τὸν
2689 2663 2856 2718 αὑτοῦ
2903 2665 3114 2735 καρπὸν
3152 2664 3285 2736 ἔχοι.
3338 2665 3662 2731 ’Δπαλλάξει

2077 2755 2132 2809 δὲ
2162 2757 2255 2810 καὶ
2284 2755 2454 2826 αὐτὴν
2479 2757 2574 2810 τοῦ
2605 2757 2928 2822 κολάζεσθαι
2957 2758 3068 2811 δεῖν
3100 2758 3198 2830 τὴν
3237 2759 3346 2812 τῶν
3391 2760 3662 2812 Ἰουδαίων

2079 2848 2411 2921 Συναγωγὴν
2437 2850 2578 2904 κατὰ
2607 2853 2832 2923 καιροὺς
2859 2855 2886 2905 ὁ
2920 2851 3176 2923 Χριστὸς,
3205 2853 3303 2924 τῆς
3333 2853 3468 2925 πρὸς
3497 2853 3663 2907 αὑτὸν

2079 2941 2365 3005 κοινωνίας
2395 2941 2464 2995 τὰ
2502 2941 2746 3013 σύμϐολα
2788 2943 3083 3013 φέρουσαν,
3131 2945 3224 2997 καὶ
3265 2945 3344 2998 ὄτι
3396 2944 3664 3013 κεκυοφὸ-

2083 3049 2215 3102 ρηκε
2246 3031 2316 3086 τὰ
2352 3033 2515 3086 αὑτοῦ
2546 3033 2894 3088 δεικνύουσαν
2926 3036 3192 3105 ἐναργῶς.
3234 3035 3389 3089 Οὕτω
3418 3027 3526 3107 γάρ
3558 3053 3661 3089 που

2079 3124 2173 3176 καὶ
2204 3124 2356 3177 αὐτοί
2391 3142 2574 3194 φασιν,
2613 3126 2660 3178 οἱ
2684 3124 2773 3178 διά
2800 3125 2900 3195 τῆς
2936 3127 3015 3190 είς
3042 3127 3279 3196 Χριστὸν
3306 3128 3542 3191 πίστεως
3567 3128 3660 3180 εὐ-

2077 3215 2320 3286 δοκιμεῖν
2353 3217 2653 3289 ᾑρημένοι·
2695 3236 2714 3269 ι
2750 3217 2848 3271 Διὰ
2888 3218 2976 3271 τὸν
3007 3220 3171 3288 φόϐον
3204 3238 3318 3281 σου,
3352 3221 3526 3290 Κύριε
3547 3263 3559 3282 ,
3604 3223 3661 3272 ἐν

2076 3307 2277 3378 γαστρὶ
2325 3308 2627 3379 ἐλάϐομεν,
2675 3309 2770 3363 καὶ
2821 3309 3202 3382 ὼδινήσαμεν,
3254 3311 3348 3364 καὶ
3400 3312 3660 3381 ἐτέκομεν

2076 3399 2294 3470 πνεῦμα
2328 3402 2606 3471 σωτηρίας
2637 3419 2764 3465 σου,
2806 3401 2835 3454 ὃ
2864 3403 3176 3473 ὲκυήσαμεν
3209 3404 3300 3457 ἐπὶ
3338 3403 3438 3471 τῆς
3471 3402 3595 3471 γῆς.
3635 3421 3652 3452 ι

2075 3489 2271 3562 Θάμαρ
2311 3491 2366 3544 δὲ
2406 3491 2671 3563 ξυνωρίδα
2718 3493 2932 3566 βρεφῶν
2979 3494 3272 3558 ὠδίνουσα,
3321 3493 3457 3564 πρὸς
3509 3491 3660 3562 αύτῷ

2074 3581 2263 3650 γέγονε
2304 3581 2379 3652 τῷ
2409 3582 2551 3652 τόκῳ
2583 3582 2787 3638 λοιπόν.
2828 3579 2962 3637 Εἶτα
2996 3583 3218 3652 καθίησι
3251 3581 3349 3654 μὲν
3389 3585 3416 3636 ὁ
3450 3581 3661 3651 πρωτό-

2072 3690 2230 3738 τοκος
2251 3673 2349 3744 τὴν
2382 3678 2539 3744 χεῖρα
2562 3693 2574 3708 ·
2602 3676 3015 3744 συνενεγκόντος
3044 3675 3101 3727 δὲ
3129 3670 3194 3728 αὖ
3226 3675 3360 3746 πρὸς
3379 3674 3440 3726 τδ
3469 3674 3658 3726 άνόπιν

2073 3768 2274 3838 αὐτὴν,
2317 3769 2494 3821 καίτοι
2536 3768 2794 3839 σπαρτίον
2839 3768 2940 3838 ἤδη
2988 3765 3256 3820 λαϐοῦσαν
3287 3767 3349 3819 τὸ
3382 3767 3655 3828 κόκκινον,

2075 3855 2485 3928 προεκθρώσκει
2509 3857 2569 3910 τὸ
2600 3857 2873 3927 δεύτερον,
2903 3854 2992 3909 οἷά
3020 3873 3164 3918 τινος
3193 3857 3448 3926 φραγμοῦ
3473 3856 3656 3908 διακε-

2072 3942 2368 4013 κομμένον,
2393 3939 2514 3998 εἶτα
2552 3943 2796 3998 κάτεισιν
2825 3945 2854 3997 6
2892 3945 3129 4015 πρῶτος,
3175 3943 3403 4008 λοῖσθος.
3445 3945 3657 3998 Γένοιτο

2069 4031 2114 4085 δ’
2146 4032 2213 4086 ἂν
2257 4034 2351 4088 καὶ
2399 4033 2558 4088 τοῦτο
2603 4036 2830 4104 σημεῖον
2869 4035 2969 4089 οὐκ
3011 4035 3331 4105 ἀσυμφανὲς
3380 4038 3508 4106 ἡμῖν
3560 4035 3654 4089 τοῦ

2070 4125 2473 4196 προκεκλῆσθαι
2502 4127 2572 4180 τὰ
2601 4126 2726 4196 ἔθνη
2755 4127 2862 4180 τῶν
2891 4127 2952 4193 ἐξ
2993 4129 3226 4198 αἵματος
3274 4128 3508 4198 Ἰσραὴλ,
3560 4128 3654 4182 καὶ

2067 4213 2168 4282 τὴν
2192 4212 2288 4265 τοῦ
2310 4216 2657 4284 πρωτοτόκου
2681 4213 2838 4280 δόξαν
2867 4217 3004 4270 ἑλεῖν
3024 4219 3149 4281 τοὺς
3173 4219 3232 4270 ὲν
3259 4217 3504 4288 ὑστέροις
3532 4235 3655 4271 και-

2070 4305 2184 4374 ροῖς
2218 4304 2700 4376 ὲκτετιμημένους.
2743 4307 2974 4378 Ἐψεται
2996 4309 3049 4362 δὲ
3087 4309 3170 4362 ὅτι
3208 4310 3301 4362 καὶ
3334 4309 3518 4373 αὐτὸς,
3553 4310 3653 4362 οὐκ

2066 4392 2391 4463 ἀμφίλογον,
2412 4396 2511 4464 τὴν
2555 4398 2792 4466 Χριστοῦ
2837 4399 3028 4452 Θυσίαν
3057 4398 3526 4469 καταδεξάμενος·
3566 4399 3654 4452 αἶ’⁴

389 4475 593 4532 Christi
639 4476 967 4531 sacriﬁcium
993 4479 1274 4550 suscipiat.
1305 4483 1438 4537 Nam
1464 4485 1750 4540 coccinum
1783 4495 1867 4541 est
1888 4495 1967 4561 ty-

2078 4501 2244 4554 ματος
2267 4485 2376 4557 γὰρ
2401 4486 2496 4540 τοῦ
2541 4485 2696 4556 ἁγίου
2723 4489 2893 4554 τύπος
2925 4491 2991 4545 ἂν
3024 4491 3108 4562 εἴη
3141 4491 3202 4544 τὸ
3240 4491 3510 4544 κόκκινον.
3556 4490 3652 4554 Τίς

390 4582 494 4636 pus
517 4567 657 4621 sacri
690 4567 987 4636 sanguinis.
1017 4568 1149 4635 Quis
1180 4572 1346 4643 igitur
1365 4582 1449 4628 est
1471 4574 1564 4643 qui
1605 4574 1966 4633 interstitium

390 4659 644 4713 maceria:
680 4659 1007 4729 disrupit“,
1062 4671 1225 4732 atque
1277 4665 1332 4718 in
1383 4666 1563 4720 locum
1617 4669 1971 4740 primogeniti

389 4750 608 4804 vocavit
641 4751 963 4818 secundum,
1014 4754 1317 4822 postposito
1349 4757 1569 4824 primo?
1613 4756 1810 4812 Annon
1857 4775 1972 4814 ma-

391 4841 651 4896 nifestum
704 4848 788 4896 est
840 4843 985 4912 quod
1036 4842 1290 4897 Christus
1325 4843 1533 4899 Jesus?
1567 4860 1666 4914 per
1700 4861 1862 4914 quem
1913 4856 1969 4902 et

391 4945 517 4985 cum
547 4946 657 5001 quo
685 4931 757 4985 sit
786 4931 954 5001 gloria
981 4932 1092 4988 Deo
1113 4948 1177 4986 ac
1207 4932 1354 4987 Patri
1378 4948 1504 4988 cum
1533 4933 1743 5004 Spiritu
1777 4945 1967 4992 sancto

389 5018 445 5073 in
475 5020 673 5074 saecula
696 5021 1040 5075 saeculorum.
1087 5019 1283 5074 Amen.

920 5153 1102 5207 Adhuc
1117 5153 1180 5207 de
1199 5152 1438 5223 Josepho.

460 5263 541 5317 Ad
583 5264 851 5334 reliquam
901 5265 1147 5320 historia:
1189 5273 1399 5335 partem
1426 5265 1494 5319 de
1527 5264 1785 5333 Josepho,
1811 5265 1968 5336 cujus

391 5355 546 5424 prius
583 5355 812 5412 fecimus
863 5357 1233 5422 mentionem,
1269 5356 1609 5411 redeundum
1654 5357 1816 5412 nobis
1861 5368 1962 5414 est.

393 5447 673 5517 Siquidem
698 5451 808 5520 jam
834 5451 902 5505 ad
945 5451 1108 5506 ﬁnem
1153 5451 1404 5505 debitum
1443 5449 1709 5519 perducta
1749 5461 1832 5505 est
1877 5453 1969 5505 illa

391 5554 515 5612 qum
543 5540 762 5595 interim
804 5543 1004 5597 accidit
1045 5543 1112 5596 de
1143 5543 1380 5597 Thamar
1417 5551 1474 5597 et
1495 5542 1651 5612 Juda.
1682 5543 1815 5596 Nam
1843 5559 1968 5598 cum

396 5625 642 5679 divinum
675 5629 874 5698 Joscph
916 5631 1356 5685 transtulerimus
1383 5631 1454 5686 ad
1484 5647 1776 5701 personam
1807 5632 1967 5687 Chri-

471 5776 537 5809 ⁵³³
567 5777 707 5833 Psal.
745 5795 882 5844 κων,
916 5782 965 5833 5.
1047 5783 1088 5814 ³⁹
1120 5784 1219 5838 Isa.
1254 5800 1376 5848 xxv,
1404 5784 1492 5839 26.
1577 5785 1616 5815 ‘“
1645 5784 1844 5852 Ephes.
1882 5803 1937 5852 ιι,
1980 5787 2056 5840 Η.

2070 4572 2164 4630 οὖν
2199 4578 2306 4648 ἄρα
2340 4580 2488 4634 ἐστὶν
2524 4583 2552 4634 ὁ
2580 4580 2640 4634 τὸ
2672 4583 2987 4653 μεσότοιχον
3025 4584 3120 4637 τοῦ
3167 4584 3423 4656 φραγμοῦ
3459 4583 3649 4646 λύσας,

2069 4669 2164 4720 καὶ
2189 4669 2246 4720 έν
2268 4669 2418 4734 τάξει
2444 4671 2542 4741 μὲν
2564 4673 2909 4744 πρωτοτόκου
2947 4674 3232 4744 κεκληκὼς
3259 4675 3348 4730 τὸν
3373 4676 3647 4746 δεύτερον,

2073 4761 2301 4816 κατόπιν
2327 4763 2383 4815 δὲ
2415 4762 2528 4827 θεὶς
2555 4765 2647 4819 τὸν
2676 4765 2926 4834 πρῶτον;
2972 4769 3042 4820 Ἦ
3074 4768 3230 4838 δῆλον
3262 4769 3343 4822 ὅτι
3377 4769 3610 4839 Χριστός
3633 4785 3646 4797 '

2073 4851 2140 4904 δι’
2187 4846 2248 4906 οὗ
2283 4853 2376 4906 καὶ
2414 4854 2531 4924 μεθ’
2572 4849 2633 4910 οὗ
2672 4859 2706 4929 ἡ
2749 4857 2876 4922 δόξα
2909 4856 2985 4927 τῷ
3030 4858 3147 4928 Θεῷ
3189 4861 3285 4913 καὶ
3331 4859 3504 4929 Πατρὶ
3551 4861 3648 4912 σὺν

2076 4944 2213 5016 ἁγίῳ
2237 4945 2512 5016 Πνεύματι
2540 4949 2620 5011 εἰς
2644 4950 2769 5014 τοὺς
2797 4951 3000 5014 αἰῶνας
3030 4950 3139 5004 τῶν
3173 4951 3406 5008 αἰώνων.
3453 4952 3643 5021 Ἀμήν.

2498 5163 2628 5217 Ἔτι
2671 5164 2803 5235 περὶ
2830 5165 2936 5221 τοῦ
2986 5167 3228 5237 Ἰωσήφ.

2157 5276 2277 5329 Ἐπὶ
2308 5276 2374 5330 τὰ
2397 5277 2558 5332 λοιπὰ
2591 5279 2696 5332 τῶν
2720 5281 2894 5349 λόγων
2921 5273 3182 5347 ίτέον,’ὧν
3209 5281 3311 5353 ἤδη
3344 5279 3649 5350 φθάσαντες

2078 5369 2444 5439 πεποιήμεθα,
2479 5371 2723 5440 περὶτοῦ
2770 5375 2987 5446 ’ῐωσήφο
3021 5375 3102 5436 είς
3126 5373 3277 5436 τέλος
3314 5375 3448 5443 ἡμῖν
3487 5370 3653 5443 ἡκού-

2078 5473 2176 5526 σης
2204 5457 2264 5509 τὸ
2286 5459 2422 5529 αὑτῇ
2457 5461 2660 5530 πρέπον
2687 5462 2783 5532 ἤδη
2820 5464 2918 5532 τῆς
2951 5463 3152 5534 μεταξὺ
3183 5461 3649 5534 παρεισκεκριμέ-

2075 5561 2168 5614 νης
2191 5546 2448 5618 ἱστορίας.
2477 5549 2575 5619 τῆς
2607 5551 2845 5621 περὶτοῦ
2885 5552 3073 5616 Ἰούδα,
3109 5551 3283 5622 φημὶ,
3316 5550 3412 5604 καὶ
3465 5548 3652 5618 μέντοι

2077 5639 2170 5690 καὶ
2217 5638 2314 5708 τῆς
2354 5640 2568 5713 Θάμαρ.
2610 5643 3018 5707 Μεταϐαλὸντες
3050 5643 3158 5714 γὰρ
3196 5645 3274 5706 είς
3313 5643 3374 5695 τὸ
3411 5640 3652 5714 Χριστοῦ
