4074 6260
300 306 396 365 3ὶὶ

1288 291 1812 349 GLAPHYRORUM
1856 291 1920 342 ΙΝ
1961 288 2261 341 (ἱΕΝΕδΙΜ
2302 287 2431 338 LIB.
2476 286 2568 339 Vl.

3470 287 3578 342 8'21

304 422 602 494 πρόσωπον
629 416 724 471 τδν
745 413 1030 468 θεσπέσιον
1069 409 1291 481 Ἰωσὴφ,
1312 407 1684 481 ἐμϐεϐλῆσθαι
1708 407 1807 478 μὲν
1834 408 1891 459 ὲν

1995 402 2087 468 sti,
2127 402 2440 472 conjectum
2465 397 2690 469 quidem
2734 398 2791 453 in
2843 398 3044 455 fossam
3075 415 3106 454 a
3136 400 3401 456 fratribus
3432 402 3575 458 dixi-

302 512 381 583 τῷ
409 509 608 578 λάκκῳ
655 504 812 577 παρά
854 504 964 556 τῶν
1005 499 1250 569 ἀδελφῶν
1302 499 1582 570 ἐλέγομεν·
1625 501 1888 552 ἀνακεκο-

310 602 507 673 μίσθαι
537 600 596 651 δὲ
626 593 693 651 αὖ
725 596 821 650 καὶ
845 591 1296 665 καταππράσθαι
1327 593 1442 655 τοῖς
1487 588 1885 660 Ἰσραηλίταις,

310 695 362 749 οἳ
392 695 494 747 καὶ¹
523 690 830 763 ἀρωμάτων
856 688 962 741 τῶν
990 686 1367 758 εύοσμοτάτων
1394 682 1623 756 ἔμποροί
1661 698 1721 734 τε
1748 676 1888 751 ἦσαν

318 785 418 839 καὶ
438 784 554 846 τοῖς
580 783 678 835 οὐκ
699 781 873 851 ἔχουσι
900 775 1263 848 διακομισταί.
1309 774 1695 846 ’Δπενηνέχθαι
1724 789 1785 826 τε
1821 772 1889 825 δι’

322 872 550 925 ἐκείνων
584 869 738 923 αὑτὸν
776 870 856 932 εἰς
898 867 997 938 τὴν
1038 865 1387 935 Αἰγυπτίων,
1444 863 1775 935 προσθέντες
1820 861 1893 914 εἰ·

332 963 589 1033 ρήκαμεν.
624 958 699 1025 (l)
723 956 845 1009 Ὅτι
870 954 1060 1018 καθεὶς
1083 953 1275 1008 ἑαυτὸν
1295 952 1376 1015 εἰς
1396 951 1625 1003 κένωσιν
1648 948 1678 1000 6
1709 949 1882 999 Mavo-

326 1052 496 1121 γενὴς,
521 1051 611 1104 καὶ
638 1051 696 1101 ἐν
724 1050 836 1112 τοῖς
864 1046 987 1101 καθ’
1014 1048 1160 1116 ἡμᾶς
1189 1041 1448 1113 γεγονώς·
1465 1035 1883 1110 κεχρηματικὼς

322 1140 410 1193 καὶ
433 1138 652 1208 ἀδελφὸς
681 1141 797 1203 τοῖς
818 1140 911 1193 ἐπὶ
938 1137 1040 1209 τῆς
1073 1138 1199 1209 γῆς,
1230 1137 1323 1191 καὶ
1353 1137 1457 1209 πρό
1484 1152 1548 1203 γε
1579 1134 1689 1189 τῶν
1716 1135 1892 1190 ἀλλων

313 1232 420 1292 τοῖς
451 1231 507 1296 ἐξ
530 1230 767 1301 Ἰσραὴλ,
799 1229 1028 1285 θάνατον
1059 1229 1342 1299 ὑπέμεινε,
1373 1230 1466 1282 καὶ
1494 1228 1688 1299 ἀνέτλη
1725 1245 1888 1281 σταυο

312 1320 422 1391 ρὸν,
446 1320 802 1390 καταϐέϐηκὲ
826 1338 888 1373 τε
914 1321 995 1384 εἰς
1024 1320 1174 1392 ᾅδου,
1201 1312 1265 1373 οὗ
1296 1320 1387 1373 καὶ
1408 1321 1489 1383 εἰς
1519 1318 1687 1373 τύπον
1705 1319 1735 1371 6
1761 1318 1894 1372 λάκ-

306 1427 419 1474 κος.
451 1411 601 1481 Πλὴν
624 1410 829 1464 ἀνεϐίω
858 1411 1045 1472 πάλιν,
1073 1411 1166 1464 καὶ
1192 1409 1301 1463 τῶν
1325 1409 1383 1477 ἐξ
1409 1410 1640 1479 αἵματος
1673 1408 1893 1480 Ἰσραὴλ

312 1502 734 1571 ἀπενοσφίζετο.
778 1501 999 1554 Διδοται
1047 1501 1105 1552 δὲ
1152 1500 1343 1571 ῶσπερ
1384 1504 1495 1563 τοῖς
1538 1500 1649 1554 τῶν
1687 1499 1893 1569 νοητῶν

308 1592 628 1664 ἀρωμάτων
655 1592 953 1663 ἐμπόροις,
979 1591 1226 1644 τουτέστι
1245 1631 1261 1657 ,
1295 1594 1408 1655 797.;
1452 1591 1626 1661 ἁγίοις
1654 1590 1893 1644 ἀποστό-

310 1687 451 1750 λοις,
486 1685 539 1739 οἳ
583 1684 647 1738 τδ
692 1684 857 1738 αὑτοῦ
890 1683 1060 1755 μῦρον
1098 1684 1507 1751 εύωδιάζοντες,
1548 1687 1627 1748 εἰς
1662 1685 1763 1755 τὴν
1783 1682 1894 1736 τῶν

1993 509 2138 558 mus,
2169 492 2264 547 sed
2290 492 2490 545 iterum
2513 498 2822 545 extractum
2847 499 2904 545 et
2924 491 3206 546 venditum
3245 492 3538 548 lsmaelitis
3558 534 3573 557 ,

1992 583 2090 654 qui
2119 582 2633 640 odoratissimorum
2663 590 2972 638 aromatum
3010 593 3170 640 erant
3197 592 3533 640 mercatores
3558 625 3573 649 ,

1994 684 2160 745 atque
2199 674 2268 729 ad
2312 688 2410 729 eos
2434 713 2449 739 ,
2503 674 2597 743 qui
2642 674 2751 728 illis
2778 674 3074 739 carebant,
3109 677 3574 746 transportabant.

1994 766 2201 821 Deinde
2230 764 2410 835 ipsum
2442 780 2540 835 per
2581 764 2684 820 bos
2712 764 3012 819 abductum
3053 766 3110 820 in
3151 766 3443 839 [Egyptum
3477 756 3593 823 ad“

1994 855 2191 911 dentes
2210 854 2623 925 explicavimus.
2665 854 2805 911 Cum
2855 855 3003 911 enim
3044 855 3375 927 Unigenitus
3399 858 3580 915 demi-

1996 945 2158 1000 sisset
2182 945 2425 1016 seipsum
2449 946 2505 999 in
2536 946 2963 1002 exinanitionem
2994 948 3061 1012 “,
3104 948 3381 1019 homoque
3404 949 3582 1005 factus

1995 1044 2163 1102 esset,
2190 1052 2255 1091 ac
2281 1045 2513 1093 vocatus
2538 1037 2706 1093 frater
2727 1053 2920 1094 eorum
2945 1040 3041 1109 qui
3079 1040 3135 1094 in
3163 1042 3328 1096 terris
3352 1042 3578 1112 degunt,

1996 1142 2110 1197 prae
2136 1127 2260 1182 aliis
2283 1129 2545 1183 sustinuit
2584 1136 2814 1183 mortem
2840 1130 2910 1184 ab
2936 1130 3201 1185 lsraelitis
3225 1131 3326 1200 ipsi
3352 1131 3579 1197 illatam,

1996 1232 2330 1286 crucemque
2366 1218 2631 1286 suscepit,
2654 1234 2719 1272 ac
2745 1218 3032 1274 descendit
3061 1220 3117 1274 in
3140 1220 3437 1285 infernum,
3480 1237 3581 1277 cu-

1991 1306 2082 1376 jus
2104 1314 2292 1377 typum
2310 1323 2421 1377 prze
2445 1322 2503 1362 se
2530 1307 2639 1362 fert
2668 1309 2838 1363 lacus.
2870 1309 3143 1364 Caeterum
3170 1312 3399 1375 revixit,
3429 1320 3486 1367 et
3509 1313 3582 1368 ab

1998 1398 2069 1453 iis
2094 1400 2188 1469 qui
2215 1399 2284 1453 de
2318 1402 2585 1471 sanguine
2625 1402 2789 1455 Israel
2832 1412 3010 1465 erant,
3046 1405 3294 1460 secessit.
3322 1405 3583 1461 Traditus

1998 1501 2182 1547 autem
2224 1501 2329 1558 est,
2364 1495 2521 1563 quasi
2556 1494 2924 1563 spiritualium
2968 1505 3278 1550 aromatum
3305 1507 3580 1554 mercato-

1999 1585 2177 1648 ribus,
2208 1585 2314 1639 hoc
2334 1595 2439 1650 est,
2465 1587 2671 1640 sanctis
2701 1586 2985 1655 apostolis,
3014 1587 3111 1656 qui
3134 1588 3309 1656 ipsius
3332 1605 3584 1659 unguen-

1999 1682 2116 1729 tum
2139 1674 2451 1730 redolentes
2474 1676 2529 1730 in
2546 1677 2793 1746 gentium
2819 1677 3100 1747 regionem
3131 1679 3583 1750 commigrarunt.

316 1776 490 1830 ὲθνῶν
525 1774 783 1844 ἀφίκοντο
814 1775 1018 1846 χώραν,
1047 1774 1136 1827 διὰ
1165 1774 1274 1827 τῶν
1297 1773 1663 1842 εύαγγελικῶν
1690 1788 1894 1843 κηρυγ-

1996 1766 2422 1836 perevangelica
2454 1768 2728 1837 praeconia
2752 1768 3136 1838 ignorantibus
3160 1785 3287 1824 eum
3318 1771 3414 1839 qui
3441 1772 3585 1825 servi

332 1867 522 1937 μάτων
551 1868 663 1929 τοῖς
692 1866 790 1920 οὐκ
822 1865 1019 1920 εἰδόσιν
1050 1866 1213 1919 αὑτὸν
1251 1864 1646 1935 ἀποφέροντες,
1677 1863 1774 1932 τὴν
1800 1861 1896 1915 τοῦ

320 1954 512 2008 δούλου
567 1954 778 2027 μορφὴν
826 1954 1229 2026 περικείμενον.
1290 1952 1642 2023 Κηρύσσεται
1681 1951 1788 2022 γὰρ
1831 1950 1896 2004 δι’

317 2047 468 2117 ἡμᾶς
495 2048 555 2099 ὲν
580 2046 746 2116 σαρκὶ
772 2044 1034 2114 γεγονὼς.
1061 2046 1157 2099 καὶ
1183 2046 1243 2098 ὲν
1269 2047 1336 2115 τῇ
1363 2042 1458 2097 τοῦ
1485 2043 1670 2096 δούλου
1699 2044 1897 2114 μορφῇ.

313 2136 511 2202 Τοῦτο,
535 2132 712 2208 οἶμαι.
742 2138 862 2191 ἐστὶ
889 2137 950 2190 τὸ
975 2136 1336 2207 ἀπενεχθῆναι
1364 2135 1457 2188 τὸν
1487 2134 1679 2204 Ἰωσὴφ
1694 2134 1777 2187 διὰ
1792 2134 1899 2189 τῶν

326 2229 691 2300 Ἰσμαηλιτῶν
718 2230 799 2292 εἰς
824 2213 1117 2297 Αἴγυπτον.
1150 2228 1215 2280 Τί
1235 2223 1329 2281 οὖν
1355 2226 1462 2297 ἄρα
1486 2225 1682 2297 συνέϐη
1704 2224 1899 2278 παθεῖν

308 2320 431 2372 ἐκεῖ
459 2319 744 2387 γεγονότα,
780 2318 837 2371 τί
879 2318 935 2371 δὲ
964 2317 1072 2371 ἔδει
1110 2318 1247 2388 πρὸς
1280 2318 1439 2372 τοῦτο
1466 2317 1696 2388 δράσαι,
1726 2333 1898 2370 κατα-

309 2410 557 2481 θρῶμεν,
589 2411 640 2463 εἰ
667 2409 833 2463 δοκεῖ.
881 2410 1002 2463 Ἔτι
1044 2410 1143 2480 μὲν
1168 2409 1294 2479 ,γὰρ
1323 2409 1443 2472 νέος
1476 2408 1550 2463 ῶν
1583 2411 1679 2466 καὶ
1707 2412 1766 2464 ὲν
1799 2412 1900 2480 ἐφ-

308 2501 464 2573 ήϐοις
496 2499 692 2566 τελῶν,
724 2500 882 2556 ἐνίκα
896 2501 997 2571 τῆς
1016 2502 1319 2570 Αἰγυπτίας
1347 2502 1410 2555 τὸ
1439 2502 1685 2571 ἀσελγὲς,
1712 2520 1901 2574 μονον-

307 2596 428 2665 ουχὶ
459 2594 552 2648 καὶ
584 2594 683 2649 σὺν
714 2592 806 2665 βίᾳ
830 2594 999 2665 πολλῇ
1032 2594 1446 2664 κατωθούμενος
1467 2595 1549 2657 εἰς
1577 2612 1640 2664 γε
1667 2596 1727 2649 τὸ
1747 2595 1902 2667 θελῆ-

311 2704 402 2740 σαι
436 2688 568 2759 δρᾷν
591 2686 629 2741 ἀ
656 2687 733 2758 μὴ
759 2687 939 2757 θέμις.
975 2688 1036 2741 ’Π
1061 2688 1160 2758 μὲν
1184 2687 1293 2758 γὰρ
1317 2687 1520 2757 ἐξῆπτο
1535 2687 1645 2741 τῶν
1670 2688 1900 2759 ἰματίων

311 2777 480 2847 ἀπρίξ
513 2794 574 2830 τε
611 2778 708 2831 καί⁵
736 2776 988 2844 ἀναιδῶς,
1020 2776 1113 2831 καὶ
1139 2779 1220 2840 εἰς
1267 2777 1587 2848 ἀνεθέλητον
1625 2777 1901 2848 ἁμαρτίαν

316 2870 378 2922 οὐ
417 2870 649 2942 μετρίως
682 2868 1058 2934 κατεϐιάζετο.
1107 2869 1167 2923 '0
1201 2868 1259 2923 δὲ
1301 2870 1396 2923 καί⁸
1428 2868 1561 2925 αὐτὸ
1592 2869 1655 2924 τὸ
1688 2870 1899 2940 ίμάτιον

324 2962 502 3031 ἀφεὶς,
537 2962 824 3034 μαχλώσης
849 2962 1050 3033 ἀγρίας
1086 2961 1480 3034 ἀπηλλάττετο,
1501 2962 1596 3017 καὶ
1625 2961 1899 3022 ἀνάλωτος

324 3048 395 3124 ἦν
434 3053 510 3125 τῷ
540 3054 715 3111 πάθει.
764 3054 1243 3125 Σεσυκοφάντηται
1265 3055 1323 3109 δὲ
1358 3054 1499 3125 μετά
1528 3052 1708 3121 τοῦτο,
1739 3071 1893 3125 περι.

322 3147 617 3214 τρέποντας
644 3145 719 3207 εἰς
757 3144 920 3197 αὑτὸν
948 3143 1041 3198 τοῦ
1074 3143 1297 3212 γυναίου
1332 3143 1401 3197 τά
1428 3145 1786 3213 ἐγκλήματα.
1833 3145 1893 3197 ἐν

317 3232 528 3295 αἰτίαις
559 3234 904 3304 αἰσχρότητος
950 3232 981 3285 6
1020 3230 1251 3302 σώφρων
1278 3248 1338 3284 τε
1380 3232 1477 3284 καὶ
1515 3229 1895 3301 φιλελεύθερος

313 3318 404 3396 ἦν.
438 3322 585 3396 Πλὴν
614 3324 834 3396 ἐκράτει
860 3322 960 3378 τοῦ
990 3322 1389 3393 δεσμωτηρίου,
1422 3321 1575 3391 φησί.
1615 3320 1806 3389 Γέγονε
1838 3320 1895 3374 δὲ

311 3413 408 3468 καὶ
438 3416 497 3467 ὲν
522 3416 633 3477 τοῖς
661 3412 869 3467 ἔθνεσιν
898 3413 927 3465 6
953 3411 1208 3483 Χριστὸς,
1227 3411 1302 3475 ὡς
1328 3411 1387 3465 ὲν
1406 3408 1704 3482 προσώπῳ,
1727 3412 1893 3479 φημὶ,

309 3503 420 3556 τῶν
457 3503 627 3570 ἁγίων
672 3501 1019 3564 ἀποστόλων,
1052 3500 1102 3555 οἳ
1151 3500 1245 3555 καὶ
1288 3500 1357 3553 τά
1405 3500 1679 3573 στίγματα
1728 3499 1893 3555 αὐτοῦ

309 3594 633 3667 περιφέρειν
665 3593 900 3662 ἔφασκον
922 3595 978 3647 ὲν
1010 3592 1123 3663 ἰδίῳ
1152 3592 1382 3662 σώματι.
1416 3592 1763 3665 Παρῃτοῢντο
1795 3594 1893 3663 μὲν

309 3686 423 3756 γάρ
455 3684 959 3756 συσχηματίζεσθαι
989 3686 1101 3746 τοῖς
1128 3682 1197 3736 τά
1221 3685 1279 3736 ἐν
1313 3682 1505 3753 κόσμῳ
1533 3685 1748 3754 φρονεῖν
1779 3684 1894 3737 ἐλο-

313 3775 519 3847 μὲνοις,
562 3775 836 3829 ἀπωτάτω
856 3774 914 3827 δὲ
943 3769 1081 3844 ἦσαν
1111 3773 1389 3843 σαρκικῶν
1420 3773 1745 3844 ἐπιθυμιῶν.
1771 3774 1893 3826 Τοι-

309 3866 495 3919 ουτοσὶ
514 3865 626 3937 γάρ
649 3865 737 3919 ἀεὶ
759 3866 787 3917 6
805 3865 914 3919 τῶν
940 3865 1109 3932 ἀγίων
1137 3864 1268 3933 βίος.
1310 3863 1449 3915 Ἀλλ’
1476 3864 1894 3918 ἐπεϐουλεύοντο

308 3957 401 4011 διὰ
435 3956 628 4022 τοῦτο,
668 3957 763 4011 καὶ
800 3956 865 4028 δὴ
912 3956 1007 4009 καὶ
1056 3955 1549 4026 συκοφαντούμενοι
1595 3956 1747 4026 παρά
1787 3954 1893 4008 τῶν
1940 4028 1945 4035 Ο

310 4047 582 4102 εἰωθότων
621 4044 876 4118 ἡγεῖσθαι
924 4046 1213 4117 φορτικοὺς
1257 4043 1385 4106 τοὺς
1429 4046 1486 4095 ὲν
1528 4042 1750 4111 Χριστῷ
1795 4041 1894 4112 ζῇν

309 4142 633 4205 ἐθέλοντας,
696 4140 1022 4210 πειρασμοῖς
1076 4133 1567 4206 περιπεπτώκασι,
1618 4132 1893 4203 δεσμῶται

308 4234 585 4303 γεγόνασι.
613 4234 762 4308 Πλὴν
791 4234 1095 4306 ἐμέμνηντο
1122 4232 1358 4304 Χριστοῦ
1387 4231 1654 4299 λέγοντος·
1691 4247 1710 4280 ι
1739 4227 1800 4280 Εἰ
1819 4218 1884 4280 ἐκ

307 4325 407 4379 τοῦ
444 4326 648 4396 κόσμου
678 4321 799 4396 ἦτε,
831 4327 860 4379 6
891 4325 1090 4395 κόσμος
1127 4324 1193 4377 ἀν
1221 4323 1281 4377 τὸ
1323 4322 1453 4375 ίδιον
1481 4320 1674 4390 ἐφίλει·
1697 4318 1883 4390 ἐπειδὴ

228 4416 238 4423 ’
306 4416 367 4471 δὲ
403 4420 467 4470 ἐκ
501 4416 592 4470 τοῦ
624 4417 831 4484 κόσμου
867 4416 967 4468 οὐκ
997 4414 1151 4475 ἐστὲ,
1188 4413 1275 4467 διά
1305 4412 1461 4466 τοῦτο
1501 4412 1649 4481 μισεί
1681 4411 1824 4481 ὑμᾶς
1854 4411 1884 4462 6

305 4505 516 4575 κόσμος
539 4521 552 4534 ·
586 4524 604 4556 ι
629 4504 880 4574 καθάπερ
898 4502 1088 4572 ἀμέλει
1111 4502 1202 4554 καὶ
1222 4499 1314 4553 τὸν
1347 4499 1541 4570 Ἰωσὴφ
1568 4502 1601 4571 ἠ
1630 4499 1893 4571 μαχλῶσα

306 4598 470 4669 γυνή.
513 4595 661 4667 Πλὴν
693 4595 788 4649 καὶ
831 4598 888 4648 ὲν
933 4595 1119 4656 αὐτοῖς
1153 4590 1512 4646 ὲπλατύνοντο
1543 4595 1653 4654 τοῖς
1687 4592 1891 4654 πόνοις,

304 4688 409 4758 τῆς
439 4687 536 4741 τοῦ
569 4687 705 4741 Θεοῦ
750 4687 971 4758 χάριτος
1011 4685 1387 4756 ἐξημερούσης
1430 4685 1657 4749 αὐτοὺς,
1702 4684 1795 4748 οὓς
1825 4680 1893 4755 ἦν

308 4782 547 4853 μάλιστα
594 4780 944 4850 διαπονήσειν
993 4779 1159 4843 εἰκός.
1217 4776 1580 4845 Ἐπεγάννυτο
1625 4776 1766 4847 γὰρ,
1818 4777 1895 4840 ὡς

305 4875 467 4944 ἔφην,
498 4874 526 4926 6
562 4870 909 4943 δεσμοφύλαξ
946 4869 1027 4941 τῷ
1066 4868 1286 4938 Ἰωσήφ.
1318 4865 1449 4921 Εἶτα
1479 4867 1587 4920 τῶν
1625 4866 1893 4938 εὐνούχων

303 4963 405 5017 τοῦ
429 4963 631 5034 Φαραὼ
650 5005 665 5029 ,
693 4962 789 5016 τοῦ
824 4979 881 5015 τε
910 4960 1171 5030 οἰνοχόου,
1202 4959 1368 5029 φημὶ,
1408 4959 1505 5012 καὶ
1538 4958 1765 5029 προσέτι
1798 4958 1891 5012 τοῦ

307 5054 609 5121 σιτοποιοῦ,
640 5046 979 5125 δεδεμένων,
1003 5053 1247 5122 διεσάφει
1278 5052 1344 5106 τά
1365 5052 1637 5119 ὀνείρατα.
1669 5052 1778 5105 Καὶ
1806 5052 1894 5106 διὰ

304 5149 490 5217 τοῦτο,
518 5150 676 5220 φησὶ,
703 5151 731 5202 6
761 5145 1044 5210 θεσπέσιος
1085 5145 1283 5216 Ἰωσὴφ
1309 5146 1368 5198 ού
1400 5144 1631 5215 μετρίως
1657 5143 1896 5213 ἐθαυμά-

307 5241 437 5303 ζετο
459 5257 474 5271 ⁸
503 5235 955 5300 ὲνυπνιασθὲντος
978 5237 1033 5289 δὲ
1064 5236 1156 5289 καὶ
1185 5232 1348 5289 αὑτοῦ
1376 5233 1469 5286 τοῦ
1491 5231 1691 5304 Φαραὼ
1709 5234 1809 5304 τήν
1834 5249 1893 5285 τε

308 5330 573 5401 ἐσομένην
602 5330 703 5383 οὐκ
733 5331 811 5391 εἰς
845 5328 1061 5399 μακρὰν
1094 5326 1399 5396 εὐκαρπίαν
1445 5324 1648 5378 καὶτὸν
1685 5326 1748 5376 ἐκ
1799 5323 1893 5376 τοῦ

306 5423 470 5494 λιμοῦ
498 5424 660 5477 πόνον
680 5463 695 5484 ,
733 5421 806 5485 ὡς
840 5424 897 5474 ὲν
938 5421 1090 5491 βουσί
1128 5421 1223 5490 μὲν
1257 5420 1517 5489 πρότερον
1542 5417 1687 5470 πίοσί
1716 5435 1773 5471 τε
1803 5419 1896 5470 καὶ

307 5514 556 5589 ἰσχναίς,
587 5513 664 5576 ὡς
695 5514 752 5565 ἐν
782 5513 1045 5582 ἀστάχυσι
1076 5511 1132 5564 δὲ
1164 5511 1302 5582 μετὰ
1335 5510 1491 5563 τοῦτο
1526 5508 1856 5575 τεθεαμένον
1879 5526 1892 5538 ·

1997 1856 2228 1911 formam
2259 1859 2505 1928 accepit,
2530 1859 2844 1915 offerentes.
2881 1860 3222 1916 Praedicatur
3262 1861 3412 1916 enim
3459 1877 3588 1932 pro-

1997 1959 2122 2020 pter
2148 1965 2251 2005 nos
2284 1951 2445 2021 202
2468 1951 2684 2007 venisse
2726 1952 2783 2007 in
2824 1968 2989 2009 carne
3009 1994 3022 2019 ,
3056 1954 3401 2026 formamque
3433 1957 3581 2011 servi

1998 2042 2295 2112 accepisse.
2318 2043 2399 2107 ιιι,
2426 2043 2688 2109 arbitror,
2704 2053 2789 2099 est
2813 2045 2962 2115 quod
2982 2046 3182 2116 Ioseph
3200 2047 3273 2102 sit
3291 2047 3361 2102 ab
3381 2048 3585 2104 lsmae-

1997 2132 2113 2186 litis
2139 2133 2196 2187 in
2223 2132 2518 2205 Egyptum
2555 2134 2863 2189 traductus.
2889 2133 3033 2201 Quid
3057 2136 3225 2206 igitur
3245 2134 3297 2190 ei
3331 2136 3426 2191 ubi
3453 2137 3585 2192 illuc

1996 2224 2258 2290 venisset,
2294 2224 2580 2290 acciderit,
2605 2233 2701 2280 aut
2723 2226 2858 2295 quid
2885 2225 2953 2280 ad
2980 2226 3084 2280 hoc
3112 2226 3427 2282 faciendum
3455 2226 3582 2290 fuit.

2000 2314 2435 2380 consideremus,
2464 2315 2509 2371 si
2537 2316 2773 2371 videtur.
2801 2315 2939 2371 Cum
2977 2315 3126 2371 enim
3156 2316 3339 2371 adhuc
3368 2317 3588 2387 juvenis

2003 2412 2061 2459 ει
2092 2406 2147 2460 in
2167 2406 2400 2475 ephebis
2434 2414 2601 2470 esset,
2632 2405 2897 2477 Egyptia:
2945 2406 3196 2462 mulieris
3224 2407 3585 2478 petulantiam

2000 2499 2303 2568 superavit,
2348 2499 2564 2555 etiamsi
2595 2515 2787 2570 magna
2835 2500 2889 2554 vi
2929 2500 3338 2570 propellebatur
3382 2501 3451 2556 ad
3507 2502 3584 2566 id,

2002 2589 2150 2658 quod
2182 2589 2265 2645 fas
2288 2605 2398 2645 non
2430 2598 2536 2655 est,
2569 2591 3044 2645 committendum.
3073 2591 3209 2670 Nam
3244 2592 3362 2647 haec
3386 2592 3589 2647 mulier

2001 2684 2274 2739 consertis
2303 2685 2561 2739 manibus
2600 2684 2952 2754 impudenter
2986 2684 3063 2738 illi
3091 2682 3302 2739 veétem
3325 2684 3584 2749 detraxit,

2001 2782 2167 2845 atque
2194 2774 2333 2830 adeo
2380 2776 2616 2830 invitum
2658 2775 2726 2830 ad
2776 2774 3116 2845 peccandum
3173 2774 3452 2844 adigebat.
3491 2775 3587 2829 llle

1999 2879 2133 2919 vero
2166 2866 2359 2920 relicto
2382 2865 2548 2935 pallio
2576 2864 2877 2935 eﬂ‘ugiebat
2903 2880 2934 2919 a
2961 2880 3164 2919 vesana
3180 2864 3435 2919 mulieris
3458 2865 3587 2918 libi-

2000 2954 2149 3020 dine,
2180 2971 2360 3025 neque
2400 2963 2616 3026 poterat
2638 2956 2747 3010 ulla
2791 2954 2885 3009 tali
2924 2955 3219 3010 aﬂ'ectione
3262 2955 3585 3025 expugnari.

2000 3046 2308 3103 Accusatus
2338 3062 2472 3101 vero
2504 3046 2705 3100 deinde
2746 3053 2831 3100 est
2876 3046 2980 3101 hac
3008 3046 3076 3101 de
3121 3060 3308 3110 causa,
3356 3046 3589 3101 muliere

1919 3130 1961 3187 C
1995 3138 2212 3206 culpam
2246 3138 2302 3192 in
2345 3137 2526 3207 ipsum
2577 3144 2950 3206 retorquente.
3001 3136 3124 3206 Ipse
3163 3142 3347 3190 autem
3392 3134 3448 3190 in
3497 3136 3588 3190 illa

1999 3228 2360 3297 turpitudinis
2392 3228 2740 3282 accusatione
2788 3241 3058 3281 summam
3103 3224 3424 3280 modestiam
3468 3241 3587 3281 ma-

1998 3318 2520 3391 gnanimitatemque
2550 3333 2665 3388 prae
2706 3333 2765 3373 se
2810 3318 2954 3372 tulit.
2987 3317 3259 3373 Caeterum
3293 3317 3348 3372 in
3398 3332 3587 3374 carce-

1997 3426 2114 3466 rem
2158 3412 2439 3482 conjectus
2483 3410 2590 3465 fuit
2613 3410 2681 3462 ".
2725 3410 2897 3464 Porro
2920 3407 3181 3464 Christus
3218 3408 3387 3464 etiam
3436 3409 3585 3463 inter

1995 3512 2185 3576 gentes
2218 3502 2341 3568 fuit,
2385 3502 2649 3557 nimirum
2682 3502 2848 3557 veluti
2888 3501 2944 3555 in
2984 3516 3221 3571 persona
3263 3510 3582 3558 sanctorum

1996 3596 2388 3666 apostolorum,
2416 3594 2511 3665 qui
2547 3602 2603 3649 et
2637 3594 2758 3665 ejus
2792 3592 3082 3649 cicatrices
3134 3594 3496 3652 circumferre
3526 3596 3582 3650 in

1996 3702 2098 3742 suo
2126 3687 2374 3757 ipsorum
2417 3700 2651 3755 corpore
2680 3684 3075 3754 prazdicabant.
3116 3686 3391 3742 Nolebant
3429 3688 3581 3743 enim

1998 3794 2056 3833 se
2079 3778 2497 3834 accommodare
2512 3778 2642 3844 illis,
2659 3780 2753 3848 qui
2777 3778 3055 3833 mundana
3067 3786 3342 3847 saperent,
3358 3779 3453 3832 sed
3467 3780 3588 3834 lon-

1994 3871 2214 3941 gissime
2245 3871 2523 3925 aberanta
2544 3869 2860 3924 carnalibus
2900 3869 3387 3935 concupiscentiis.
3422 3867 3586 3939 Ejus-

1995 3961 2145 4015 modi
2183 3961 2331 4014 enim
2367 3974 2584 4027 semper
2625 3966 2712 4010 est
2766 3964 3082 4009 sanctorum
3140 3956 3270 4010 vita.
3313 3956 3585 4012 Caeterum

1996 4051 2138 4105 banc
2159 4050 2230 4104 ob
2259 4065 2373 4104 rem
2405 4047 2618 4102 insidia:
2643 4047 2726 4101 eis
2754 4046 3144 4111 tendebantur,
3179 4047 3585 4119 calumniisque

1995 4140 2242 4211 oppressi
2264 4140 2333 4195 ab
2350 4140 2489 4203 istis,
2516 4138 2608 4209 qui
2633 4146 3042 4193 consueverunt
3061 4137 3373 4195 Christiane
3395 4142 3586 4198 vivere

1994 4236 2243 4291 volentes
2266 4234 2471 4290 habere
2504 4249 2603 4303 pro
2646 4232 2976 4297 maledictis,
3009 4233 3064 4287 in
3093 4233 3427 4289 tentationes
3457 4251 3584 4305 gra-

1994 4327 2247 4383 vissimas
2286 4325 2603 4382 inciderunt
2654 4323 2969 4394 captivique
2992 4322 3143 4379 ducti
3181 4334 3328 4379 sunt.
3366 4324 3473 4381 Sed
3500 4334 3583 4382 ta-

1996 4432 2125 4472 men
2157 4432 2376 4486 semper
2400 4414 2665 4470 memoria
2703 4415 2971 4470 tenebant
3004 4424 3063 4469 et
3106 4430 3219 4485 prae
3249 4415 3425 4469 oculis
3449 4416 3583 4470 illud

1995 4505 2202 4562 Christi
2232 4524 2245 4559 :
2282 4524 2299 4555 ι
2330 4504 2387 4560 Si
2420 4521 2487 4559 ex
2512 4503 2717 4558 mundo
2739 4505 2954 4569 essetis,
2994 4505 3232 4559 mundus
3254 4504 3400 4574 quod
3422 4520 3582 4559 suum

1992 4607 2078 4652 est
2100 4596 2370 4666 diligeret.
2402 4594 2676 4661 Quoniam
2711 4603 2894 4650 autem
2928 4609 3040 4649 non
3080 4596 3213 4651 estis
3235 4595 3304 4649 de
3342 4594 3581 4661 mundo,

1994 4690 2202 4745 idcirco
2238 4704 2337 4743 vos
2372 4687 2615 4743 mundus
2642 4688 2771 4743 odio
2800 4690 3155 4758 prosequitur
3171 4690 3235 4750 u;
3266 4709 3284 4741 ι
3328 4689 3473 4744 sicut
3499 4705 3584 4744 re-

1993 4798 2121 4838 vera
2164 4790 2220 4835 et
2266 4780 2563 4850 Joscphum
2604 4780 2707 4835 ista
2756 4780 3050 4835 libidinosa
3104 4782 3321 4835 mulier.
3352 4782 3586 4835 Verum—

1994 4874 2281 4929 enimvero
2344 4873 2510 4927 etiam
2580 4873 2634 4927 in
2676 4872 2809 4942 ipsis
2846 4872 3134 4927 laboribus
3187 4870 3580 4935 dilatabantur,

1999 4965 2171 5036 gratia
2211 4965 2307 5019 Dei
2334 4964 2649 5019 emolliente
2678 4979 2807 5028 eos,
2852 4978 2991 5031 quos
3034 4977 3133 5030 par
3163 4969 3284 5013 erat
3315 4962 3577 5015 maximo-

2001 5073 2129 5127 pere
2174 5056 2446 5111 laborare.
2478 5055 2791 5110 Lzetabatur
2820 5054 2970 5107 enim
3003 5060 3189 5105 custos
3219 5053 3461 5105 careeris
3481 5092 3495 5115 ,
3523 5063 3582 5107 ut

2000 5148 2134 5212 dixi,
2152 5162 2317 5215 super
2336 5146 2597 5213 Josepho.
2622 5143 2828 5197 Deinde
2854 5141 3159 5196 enuntiavit
3180 5142 3390 5194 somnia
3411 5157 3585 5196 eunu-

2001 5239 2228 5293 chorum
2254 5236 2555 5290 Pharaonis
2573 5276 2585 5297 ,
2612 5234 2917 5303 pincernaz,
2965 5232 3186 5300 inquam
3209 5272 3222 5293 ,
3260 5242 3314 5285 et
3337 5232 3582 5300 pistoris.

2001 5328 2095 5397 qui
2117 5326 2288 5379 vincti
2327 5334 2506 5379 erant.
2543 5322 2659 5388 Qua
2686 5322 2753 5374 de
2785 5337 2947 5375 causa
2982 5322 3203 5375 divinus
3221 5321 3456 5390 Joseph,
3485 5325 3580 5384 ait.

2003 5419 2059 5473 in
2096 5432 2308 5471 summa
2333 5425 2453 5469 erat
2480 5412 2867 5467 admiratione.
2908 5413 3044 5467 Cum
3070 5422 3253 5466 autem
3278 5415 3443 5469 etiam
3466 5415 3583 5486 ipso

2002 5510 2214 5563 Pharao
2242 5504 2569 5559 somniasset
2600 5504 2841 5557 futuram
2874 5521 2984 5559 non
3010 5505 3183 5560 multo
3220 5514 3345 5575 post
3389 5506 3587 5578 ingen-

415 5658 718 5728 “Philipp.
759 5672 817 5718 ιι,
844 5656 895 5708 7.
968 5655 1011 5687 ⁸²
1040 5654 1173 5708 Gen.
1214 5667 1398 5713 xxxix,
1439 5650 1590 5705 1-23.
1667 5649 1713 5681 “
1737 5647 1895 5702 Joan.
1939 5664 2026 5710 xv,
2062 5648 2146 5701 19.

415 5749 491 5811 (l)
531 5748 712 5804 Codex
750 5745 1058 5800 llarlaaanus
1080 5744 1223 5799 addit
1263 5762 1274 5796 :
1307 5739 1435 5795 Εἶτα
1462 5742 1541 5793 ὅτι
1570 5741 1698 5794 ποτέ
1733 5742 1845 5793 ἐστι
1871 5758 1894 5793 τ

1995 5739 2147 5792 scivi}:
2183 5736 2626 5807 διερμηιλεύοντες
2662 5733 3025 5802 ἐδιδάσκομεν.
