4074 6260
514 254 619 309 ι’)Ξῦ

1522 247 1584 303 S.
1624 243 1901 303 CYRILLI
1941 240 2413 300 ALEXANDRINI
2449 246 2770 311 ARCHIEP.

3682 253 3795 311 824

513 383 622 429 tem
688 370 1037 429 sterilitatem
1086 376 1142 421 οι
1189 368 1456 439 insignem
1507 380 1574 420 ex
1628 364 1774 421 fame
1823 363 2092 429 laborem,

2205 363 2308 417 τῶν
2343 381 2402 418 τε
2456 367 2514 420 ἐν
2555 367 2819 441 Αἰγύπτῳ
2861 369 3044 439 σοφῶν
3079 369 3234 425 οὐδὲν
3293 369 3531 441 ἐχόντων
3581 370 3792 439 είπεῖν,

515 477 670 534 prius
712 461 939 532 quidem
978 456 1042 515 in
1094 459 1275 516 beluus
1320 458 1616 530 pinguibus
1648 465 1706 511 et
1750 454 2091 520 macilentis,

515 564 703 629 postea
730 570 863 611 vero
887 565 936 609 et
972 555 1023 607 iu
1067 554 1236 623 spicis
1270 551 1543 622 ejusmodi
1574 550 1841 617 vidisset;
1873 550 2096 620 sapien-

514 646 663 703 tibus
695 646 919 701 interim
942 643 1166 715 Λεωτριί
1216 642 1352 699 ιιὶιιὶι
1396 641 1711 701 valentibus
1737 641 1945 707 dicere,
1976 640 2097 710 pla-

512 752 691 807 neque
719 736 1145 807 desperantibus
1166 734 1232 790 de
1252 747 1450 789 eorum
1477 747 1599 802 quie
1622 748 1720 802 per
1742 731 1957 787 somnia
1983 731 2100 787 lucc

511 837 775 885 eventum
834 826 1310 899 significabantur,
1357 824 1730 881 deelaratione
1775 823 2102 894 praeclarum

500 921 618 991 ipsi
640 922 915 976 tributum
943 929 1030 976 est
1051 921 1456 985 testimonium,
1480 917 1626 989 quod
1662 917 1875 972 scilicet
1902 916 1983 970 eis
2001 930 2100 971 ex-

512 1012 783 1083 plicandis
806 1027 906 1081 par
922 1020 1099 1067 esset.
1128 1011 1286 1081 203
1310 1011 1608 1082 Aggressus
1623 1009 1807 1078 itaque
1822 1006 2099 1077 patefacit.

511 1099 831 1155 Admiratus
857 1101 1042 1170 itaque
1063 1101 1296 1163 Pharao,
1325 1101 1761 1170 dispensatorem
1782 1105 1946 1166 atque
1966 1096 2104 1152 adeo

512 1191 818 1264 principem
844 1192 1013 1247 totius
1033 1192 1188 1262 regni
1209 1190 1293 1246 sui
1317 1206 1441 1246 eum
1471 1190 1764 1245 constituit
1786 1190 1850 1242 δ’.
1878 1189 2013 1244 Nam
2047 1196 2105 1243 et

512 1281 800 1348 Christus,
835 1291 893 1339 ut
932 1283 1097 1338 modo
1120 1283 1254 1349 dixi,
1303 1283 1749 1354 persecutionem
1790 1282 2106 1352 patiebatur

512 1375 673 1445 quasi
706 1375 763 1430 in
798 1389 1033 1444 persona
1082 1374 1484 1444 apostolorum.
1525 1372 1636 1429 Sed
1676 1373 1781 1438 illi,
1807 1372 1876 1427 de
1903 1372 2106 1442 quibus

513 1481 662 1523 nunc
713 1475 799 1521 est
836 1480 1048 1530 sermo,
1084 1480 1210 1521 cum
1268 1464 1328 1520 in
1378 1464 1517 1534 ipsis
1563 1464 1957 1520 afﬂictionibus
1988 1474 2107 1519 tan-

2196 457 2580 528 ἁπειρηκὸτων
2626 461 2685 515 δὲ
2728 461 3009 525 παντελῶς
3061 462 3200 535 πρὸς
3245 468 3307 516 το
3359 461 3625 517 δύνασθαι
3674 463 3797 520 δια-

2197 549 2429 618 τρανοῦν
2479 550 2549 605 τὰ
2596 554 2661 606 ἐκ
2697 553 2808 607 τῶν
2855 554 3148 626 ὁραμάτων
3200 554 3646 627 ὑποδηλούμενα’
3699 573 3797 625 με·

2202 641 2548 714 μαρτύρηται
2604 646 2705 717 μὲν
2763 648 2929 713 αὐτὸς
2992 649 3068 711 ὡς
3132 641 3245 713 οἶός
3302 666 3365 703 τε
3428 650 3587 703 τοῦτο
3640 649 3795 722 δρᾷν·

2199 734 2487 804 παρελθὼν
2521 737 2579 791 δὲ
2617 738 2883 810 διεσάφει,
2922 742 3031 795 Καὶ
3058 741 3127 814 δὴ
3161 742 3253 796 καὶ
3295 742 3588 813 Θαυμάσας
3624 744 3655 795 ὁ
3685 744 3798 798 Φα-

2203 826 2343 897 ραὼ,
2376 829 2582 899 ταμίαν
2626 831 2791 887 αὐτὸν
2825 834 2918 886 καὶ
2961 833 3264 905 ἡγούμενον
3311 835 3407 886 ἐπὶ
3454 832 3554 904 τὴν
3597 832 3797 889 ἑαυτοῦ

2202 918 2524 990 καθίστησιν
2558 922 2754 995 ἀρχήν.
2799 924 3083 979 Ἐδιὼκετο
3134 925 3237 997 μὲρ
3293 925 3404 996 γὰρ
3458 928 3487 980 ὀ
3535 927 3807 999 Χριστὸς,

2202 1011 2455 1084 καθάπερ
2485 1013 2623 1085 ἔφην
2671 1016 2895 1085 ἀρτίως,
2942 1016 3020 1081 ὡς
3065 1019 3123 1071 ἐν
3172 1018 3454 1090 προσώπῳ
3488 1018 3600 1072 τῶν
3626 1019 3803 1088 ἁγίων

2204 1104 2538 1175 ἀποστόλων.
2585 1106 2726 1159 Ἀλλ’
2759 1108 2818 1162 ἐν
2850 1108 3036 1172 αὐτοῖς
3062 1107 3214 1174 ὄντες
3241 1112 3353 1174 τοῖς
3379 1111 3566 1175 πόνοις
3595 1112 3644 1164 oi
3668 1111 3799 1181 περὶ

2204 1190 2282 1251 ὧν
2309 1198 2338 1249 ὁ
2360 1196 2535 1266 λόγος,
2566 1198 2643 1262 ὡς
2670 1201 2830 1269 σοφοὶ
2857 1200 2977 1254 λίαν
3021 1202 3117 1255 καὶ
3145 1201 3216 1254 τὰ
3261 1203 3479 1267 πολλοῖς
3506 1204 3799 1275 ἀπόρρητα

2205 1287 2527 1360 διατρανοῦν
2562 1284 2665 1343 οἶοί
2687 1308 2769 1352 τε,
2796 1292 3019 1364 φανεροὶ
3053 1292 3152 1364 μὲν
3179 1288 3321 1364 ἦσαν
3359 1296 3417 1348 ὲν
3459 1295 3656 1366 ἀρχαῖς
3686 1295 3797 1349 τῶν

2207 1380 2266 1432 ἐν
2297 1380 2490 1452 κόσμῳ
2526 1382 2692 1446 τισὶν,
2726 1378 2846 1436 εἶτα
2896 1384 2992 1436 καὶ
3024 1384 3209 1447 αὐτοῖς
3240 1388 3354 1449 τοῖς
3392 1384 3653 1457 κρατοῦσι
3696 1388 3799 1458 τῆς

2205 1468 2331 1536 γῆς,
2361 1469 2410 1522 οἳ
2446 1468 2542 1522 καὶ
2588 1468 2982 1534 πιστεύσαντες
3018 1471 3104 1524 ὅτι
3147 1470 3245 1524 καὶ
3279 1471 3451 1544 αὐτὴν
3481 1472 3663 1543 ἔχουσι
3687 1472 3798 1527 τῶν

511 1575 678 1634 quam
728 1559 889 1615 valde
942 1558 1224 1629 sapientes
1268 1558 1558 1628 potuerint
1609 1557 2105 1614 abstrusa'multis

2207 1555 2480 1628 ἐσομένων
2498 1556 2598 1629 τὴν
2624 1558 2845 1627 γνῶσιν,
2877 1557 2938 1623 ἐξ
2956 1558 3350 1628 ἀποκαλύψεως
3373 1560 3510 1614 Θεοῦ
3544 1562 3605 1614 ὲν
3626 1560 3799 1617 11νεῦ-

511 1669 739 1720 eruere,
766 1652 1049 1708 manifesti
1085 1650 1402 1722 cognitique
1443 1650 1574 1706 facti
1605 1658 1737 1706 sunt
1774 1651 2104 1721 quihusdam

2211 1666 2363 1721 ματι,
2388 1651 2709 1720 οἰκονόμους
2733 1652 2827 1706 καὶ
2853 1653 3123 1723 ἄρχοντας
3144 1652 3312 1707 ἐθνῶν
3333 1653 3580 1722 γίνεσθαι
3603 1672 3800 1724 συγκε-

513 1748 573 1803 ἰιι
615 1745 896 1801 mundana
925 1750 1200 1815 potestate
1230 1743 1565 1809 constitutis,
1599 1750 1765 1814 atque
1792 1743 1932 1799 adeo
1971 1745 2105 1815 ipsis

2206 1742 2521 1814 χωρήκασι,
2549 1743 2824 1815 διανέμειν
2856 1761 2917 1797 τε
2940 1745 3055 1808 τοῖς
3089 1745 3147 1798 ἐν
3175 1743 3320 1816 λιμῷ
3365 1744 3729 1817 μαθημάτων,
3761 1744 3799 1800 ἃ.

512 1838 741 1908 regibus
765 1845 947 1899 terrae,
983 1834 1387 1905 quicredentes
1417 1850 1515 1891 eos
1549 1835 1756 1891 habere
1790 1835 2105 1893 futurorum

2206 1834 2301 1887 καί
2330 1836 2411 1899 είς
2444 1834 2590 1906 ζωὴν
2640 1835 2854 1907 συνέχει
2903 1836 3002 1907 τὴν
3043 1837 3345 1908 ἀκήρατον,
3409 1837 3658 1891 τουτέστι
3705 1837 3799 1892 τὸν

512 1928 802 1986 scientiam
820 1942 889 1982 ex
907 1926 1006 1982 Dei
1029 1926 1366 1981 revelatione
1385 1927 1441 1980 in
1474 1926 1694 1996 spiritu,
1712 1936 2105 1989 concesserunt

2207 1926 2351 1981 θεῖόν
2380 1944 2442 1980 τε
2471 1927 2567 1981 καὶ
2593 1927 2843 2001 οὐράνιον
2873 1928 3031 1998 λόγον
3051 1969 3066 1995 ,
3101 1929 3201 1983 καὶ
3230 1927 3327 2000 τὴν
3372 1930 3452 1994 είς
3478 1931 3588 1983 πᾶν
3616 1929 3801 1985 ὁτιοῦν

512 2019 652 2092 ipsis
686 2016 1222 2075 administrationem
1247 2025 1307 2073 et
1330 2017 1703 2089 principatum
1729 2019 2008 2091 gentium,
2045 2027 2105 2076 ut

2205 2017 2316 2072 τῶν
2366 2017 2607 2090 ἀρίστων
2653 2020 3107 2090 ἁποκομίξουσαν
3151 2021 3452 2077 παίδευσιν.
3493 2014 3654 2075 Οὗτοι
3702 2026 3802 2077 καὶ

512 2111 729 2170 scilicet
749 2111 1149 2167 distribuerent
1175 2110 1559 2165 laborantibus
1598 2110 1743 2165 fame
1770 2111 2104 2179 doctrinam,

2207 2111 2635 2180 κατεκτήσαντο,
2689 2111 2888 2183 μᾶλλον
2915 2113 2972 2168 δὲ
3017 2114 3084 2166 δι’
3123 2114 3305 2167 αὐτῶν
3350 2116 3380 2168 ὀ
3416 2112 3671 2187 Χριστὸς,
3715 2114 3801 2186 τῷ

513 2221 637 2276 qua:
658 2204 728 2260 ad
770 2203 1140 2258 immortalem
1163 2202 1332 2258 vitam
1356 2210 1648 2269 sustentat,
1683 2203 1791 2259 hoc
1827 2213 1934 2271 est,
1966 2205 2105 2263 divi-

2205 2200 2326 2272 Θεῷ
2381 2201 2477 2256 καὶ
2527 2203 2705 2274 Πατρὶ
2742 2203 2840 2275 τὴν
2902 2204 3013 2259 τῶν
3063 2204 3236 2259 ἐθνῶν
3282 2203 3487 2277 χώραν,
3543 2205 3800 2278 καθάπερ

510 2313 649 2355 num
693 2312 758 2352 ac
797 2296 1079 2352 caelestem
1131 2310 1476 2361 sermonem,
1526 2295 1991 2367 disciplinamque
2034 2297 2105 2353 ad

2205 2293 2398 2365 ἀμέλει
2420 2295 2516 2348 καὶ
2546 2295 2624 2367 τῷ
2662 2295 2864 2369 Φαραὼ
2884 2297 2983 2369 τὴν
3019 2298 3130 2351 τῶν
3159 2298 3476 2367 Αίγυπτίων
3509 2300 3539 2353 ὁ
3573 2299 3795 2370 Ἰωσὴφ,

512 2390 722 2460 optima
778 2404 1012 2459 qumque
1054 2386 1443 2442 deducentem.
1491 2386 1558 2442 Hi
1593 2389 1974 2458 acquisierunt
2018 2390 2105 2462 (ac

2205 2378 2251 2455 ᾧ
2279 2387 2375 2441 καὶ
2411 2387 2701 2457 γεγόνασιν
2734 2390 2842 2443 υἱοὶ
2887 2390 3002 2455 δύο,
3042 2391 3346 2463 Μανασσῆς
3386 2391 3482 2445 καὶ
3528 2390 3796 2462 Ἐφραῒμ,

512 2481 699 2552 potius
721 2494 821 2550 per
846 2480 996 2549 ipsos
1023 2476 1300 2548 Christus)
1332 2478 1445 2532 Deo
1473 2492 1538 2532 ac
1566 2477 1717 2533 Patri
1746 2480 1990 2550 gentium
2014 2497 2104 2537 re-

513 2569 756 2641 gionem,
800 2567 1265 2641 quemadmodum
1299 2575 1357 2623 et
1380 2567 1586 2638 Joseph
1631 2570 1926 2639 acquisivit
1959 2572 2104 2628 Pha-

512 2661 672 2716 raoni
695 2659 1012 2732 Egyptum.
1034 2659 1138 2716 Cui
1160 2659 1327 2715 etiam
1352 2659 1580 2715 fuerunt
1609 2660 1707 2716 filii
1730 2662 1861 2729 duo,
1888 2665 2105 2722 Manas-

513 2771 605 2813 ses
626 2764 685 2811 et
712 2754 1001 2825 Ephraim,
1030 2768 1099 2809 ex
1116 2760 1290 2808 matre
1324 2751 1564 2808 Asenetb
1597 2752 1917 2825 Putipharis
1959 2756 2068 2814 filia
2087 2800 2104 2827 ,

513 2847 609 2918 qui
646 2855 768 2902 erat
795 2844 1075 2901 sacerdos.
1107 2843 1176 2898 Et
1203 2844 1503 2915 exponitur
1534 2846 1760 2916 quidem
1792 2848 2067 2905 Manasses
2086 2891 2102 2917 ,

514 2941 706 2996 oblivio
730 2937 1004 2995 malorum
1047 2953 1166 3009 quae
1199 2937 1542 3003 acciderunt;
1571 2938 1831 3009 Ephraim
1868 2956 2002 2996 vero
2024 2942 2105 2998 si-

2204 2480 2272 2532 ἐκ
2322 2479 2529 2550 μητρὸς
2576 2481 2791 2536 Ἀσενέθ
2836 2483 2936 2553 τῆς
2985 2483 3239 2554 Πετεφρῆ
3297 2484 3587 2556 θυγατρὸς,
3636 2486 3695 2550 ὃς
3726 2481 3798 2557 ἦν

2207 2568 2409 2640 ἱερεύς.
2436 2571 2546 2625 Καὶ
2578 2572 2946 2644 ἑρμηνεύεται
2979 2575 3078 2646 μὲν
3108 2577 3137 2628 ὁ
3159 2576 3479 2647 Μανασσῆς,
3499 2576 3658 2645 λήθη
3692 2594 3800 2631 κα-

2205 2661 2332 2717 κῶν
2361 2661 2483 2717 τῶν
2509 2666 2995 2736 συμϐεϐηκότων
3029 2671 3116 2735 εἰς
3141 2669 3341 2738 αὔξην
3376 2688 3444 2724 τε
3467 2671 3566 2726 καὶ
3593 2672 3799 2727 ἐπίδο-

2206 2768 2313 2808 σιν
2340 2754 2458 2823 τὴν
2485 2757 2576 2824 εἵς
2619 2774 2687 2828 γε
2719 2758 2786 2812 τὸ
2834 2759 3100 2830 ἄμεινον,
3130 2762 3159 2814 ὁ
3198 2760 3458 2833 Ἐφραϊμ.
3501 2761 3593 2828 Ἐξ
3642 2763 3795 2835 ἱερᾶς

2206 2847 2316 2919 γὰρ
2345 2848 2535 2923 ὥσπερ
2573 2853 2802 2925 μητρὸς,
2825 2854 2968 2925 φημὶ
2995 2855 3052 2909 δὲ
3075 2856 3174 2927 τῆς
3207 2846 3557 2929 Ἐκκλησίας,
3589 2861 3799 2930 καρποὶ

2206 2941 2487 3010 γεγόνασι,
2514 2945 2611 2997 καὶ
2646 2947 2704 2998 ἐν
2732 2949 2866 3009 υἱοῖς
2894 2946 3032 3001 Θεοῦ
3069 2948 3158 3002 διὰ
3195 2949 3435 3015 πίστεως
3461 2952 3560 3024 τῆς
3581 2955 3639 3006 ὲν
3660 2954 3800 3026 Χρι-

514 3032 762 3104 gniﬁcat,
791 3037 1133 3102 augmentum
1167 3037 1217 3082 et
1241 3028 1622 3083 incrementum
1647 3032 1701 3085 in
1737 3031 1943 3087 melius.
1970 3033 2105 3088 Nam

2211 3031 2324 3103 στῷ
2355 3035 2802 3104 καταλογισθεῖεν
2854 3038 2921 3093 ἂν
2950 3041 2999 3093 οἱ
3051 3041 3109 3108 ἐξ
3158 3041 3327 3095 ἐθνῶν
3369 3044 3718 3115 κεκλημένοι,
3742 3046 3801 3101 οἳ

512 3122 731 3180 fructus
751 3122 1009 3177 Ecclesiae
1033 3128 1293 3190 tanquam
1317 3136 1385 3175 ex
1417 3136 1576 3176 sacra
1609 3130 1788 3177 matre
1810 3124 1923 3178 nati
1951 3134 2100 3193 sunt,

515 3224 681 3285 atque
714 3213 861 3267 inter
886 3212 1030 3265 filios
1074 3209 1173 3279 Dei
1204 3224 1305 3280 per
1331 3209 1495 3265 fidem
1518 3210 1577 3264 in
1598 3210 1878 3266 Christum
1904 3229 2103 3270 nume-

514 3306 630 3362 rari
656 3310 888 3375 possunt
918 3301 1023 3367 illi,
1050 3302 1147 3371 qui
1192 3316 1263 3356 ex
1285 3301 1543 3371 gentibus
1589 3302 1769 3357 vocati
1804 3311 1963 3368 sunt,
2006 3306 2104 3376 qui

516 3397 686 3455 etiam
734 3396 794 3449 in
835 3394 1170 3449 oblivionem
1203 3393 1432 3449 venient
1466 3393 1718 3448 laborum
1762 3400 1821 3448 et
1849 3394 2102 3452 afllictio-

515 3503 674 3545 num.
702 3505 722 3537 ι
751 3484 1345 3549 Obliviscenturenim,
1374 3483 1575 3553 inquit,
1601 3484 2104 3544 tribulationissuae

517 3580 731 3653 primae,
752 3592 933 3648 neque
954 3575 1191 3646 amplius
1213 3575 1477 3630 ascendet
1498 3575 1617 3631 haec
1636 3575 1694 3630 in
1715 3591 1813 3631 cor
1832 3576 2100 3648 ipsorum.

516 3673 579 3729 In
605 3671 785 3742 capite
814 3670 1060 3740 ipsorum
1092 3675 1181 3722 est
1213 3667 1333 3721 laus
1362 3673 1419 3722 et
1444 3666 1773 3733 exsultatio,
1811 3675 1870 3723 et
1911 3669 2101 3728 laetitia

517 3761 899 3836 apprehendet
921 3775 1019 3819 eos
1036 3760 1106 3815 “.
1142 3779 1161 3812 ι
1191 3758 1492 3814 Facessivit
1513 3758 1695 3825 dolor,
1731 3760 1983 3829 tristitia,
2005 3779 2104 3820 an—

516 3856 750 3930 gustiae:
787 3854 1013 3911 venient
1043 3852 1214 3926 igitur
1258 3867 1362 3907 suo
1390 3860 1639 3923 tempore
1664 3852 1723 3907 in
1766 3854 2100 3914 oblivionem

514 3951 808 4014 malorum,
862 3947 1174 4019 faciemque
1215 3960 1570 4018 progressus,
1628 3946 1697 4002 ad
1723 3946 1941 4005 dulcem
1983 3951 2101 4022 spei

513 4041 681 4098 finem
713 4038 1131 4095 contendentes.
1166 4035 1381 4108 Quippe
1421 4037 1518 4108 qui
1561 4037 1877 4109 migrabunt
1905 4056 1938 4096 e
1984 4047 2103 4096 ter-

483 4132 668 4212 ‘renis
708 4130 777 4184 ad
807 4129 1050 4184 ccelestia
1077 4169 1092 4192 ,
1141 4143 1173 4181 a
1213 4127 1564 4197 temporariis
1608 4128 1677 4183 ad
1703 4144 1922 4212 eaque
1945 4140 2102 4188 extra

511 4235 679 4276 omne
709 4227 927 4287 tempus
947 4218 1128 4288 posita
1152 4224 1303 4279 sunt,
1330 4232 1400 4271 ex
1423 4211 1785 4287 corruptione
1804 4221 1874 4275 ad
1912 4220 2104 4277 incor—

490 4306 964 4395 iruptihilitatem,
995 4320 1062 4359 ex
1088 4303 1389 4375 ignominia
1412 4304 1480 4360 ad
1501 4305 1752 4375 gloriam,
1774 4321 1842 4362 ex
1865 4307 2104 4364 infirmi--

2211 3124 2305 3179 καὶ
2321 3126 2399 3189 είς
2413 3126 2583 3200 λήθην
2599 3129 2980 3202 ἐνεχθήσονται
3004 3133 3113 3188 τῶν
3141 3134 3342 3190 πόνων.
3369 3154 3388 3188 ι
3411 3137 3600 3210 Ἑπιλή
3609 3156 3798 3194 σονται

2208 3223 2339 3290 γὰρ,
2365 3220 2518 3289 φησὶ,
2541 3221 2641 3292 τὴν
2679 3221 2857 3292 θλίψιν
2882 3224 3064 3278 αὐτῶν
3097 3225 3196 3295 τὴν
3225 3227 3469 3300 πρώτην,
3497 3231 3589 3283 καί
3614 3231 3675 3284 οὗ
3716 3233 3799 3304 μὴ

2209 3308 2383 3382 ἅναὸῇ
2410 3311 2587 3366 αὐτῶν
2615 3312 2705 3366 ἐπὶ
2728 3313 2829 3384 τὴν
2861 3316 3111 3387 καρδίαν.
3150 3318 3275 3372 Ἐπὶ
3302 3318 3411 3390 γὰρ
3432 3322 3672 3392 κεφαλῆς
3693 3324 3803 3378 αὑ-

2208 3400 2319 3453 τῶν
2346 3402 2571 3467 αίνεσις,
2605 3406 2700 3459 καὶ
2747 3405 3080 3478 ἀγαλλίαμα,
3119 3411 3213 3463 καὶ
3268 3412 3575 3486 εὐφροσύνη
3623 3432 3801 3470 κατα-

2208 3492 2441 3564 λήψεται
2482 3494 2698 3559 αὐτούς.
2744 3491 2768 3549 ί
2803 3498 3040 3571 Ἀπὲδρα
3090 3500 3284 3571 ὀδύνη,
3325 3501 3471 3574 λύπη
3535 3505 3630 3560 καὶ
3667 3524 3797 3561 στε-

2208 3585 2435 3657 ναγμός.
2455 3586 2682 3653 ’Ἦξουσι
2710 3588 2775 3661 δὴ
2795 3586 2888 3645 οῦν
2908 3593 3047 3646 κατὰ
3071 3594 3258 3664 καιρὸν
3284 3597 3365 3655 είς
3387 3595 3556 3669 λήθην
3583 3602 3803 3667 κακῶν,

2211 3676 2520 3749 βαδιοῦνται
2536 3680 2592 3734 δὲ
2621 3683 2715 3735 καί⁵
2742 3683 2823 3747 είς
2848 3682 3041 3755 αὔξην,
3061 3686 3153 3739 ἐπὶ
3178 3687 3239 3740 τὸ
3259 3689 3358 3760 τῆς
3383 3689 3596 3756 ἐλπίδος
3616 3693 3800 3762 γλυκὺ

2207 3771 2581 3843 διατρέχοντες
2609 3773 2801 3843 πέρας.
2835 3774 3265 3846 Μετοιχήσονται
3299 3780 3406 3851 γὰρ
3436 3782 3501 3835 ἐκ
3533 3784 3643 3838 τῶν
3670 3788 3802 3840 ἐπι-

2209 3862 2372 3933 γείων
2399 3865 2478 3929 είς
2508 3864 2577 3918 τὰ
2607 3865 2926 3936 ἐπουράνια,
2951 3866 3060 3921 ἀπὸ
3084 3868 3193 3922 τῶν
3214 3870 3273 3923 ἐν
3300 3872 3478 3944 χρόνῳ
3512 3891 3804 3949 μεμετρη..

2213 3956 2392 4028 μένων
2461 3958 2541 4021 εἰς
2607 3957 2678 4011 τὰ
2734 3959 2992 4014 ἐπέκεινα
3061 3962 3251 4033 χρόνου
3279 3972 3296 3991 ⁸
3349 3966 3415 4017 ὲκ
3452 3966 3661 4039 φθορᾶς
3710 3972 3807 4036 είς

2210 4048 2545 4121 ἀφθαρσίαν,
2571 4050 2651 4114 είς
2680 4048 2840 4114 δόξαν
2864 4051 2923 4116 ἐξ
2942 4052 3186 4122 ἀτιμίας,
3205 4051 3264 4118 ἐξ
3281 4054 3567 4120 ἀσθενείας
3595 4060 3674 4122 είς
3694 4058 3803 4113 δύ-

2209 4159 2394 4212 ναμιν.
2443 4141 2795 4210 Ἐγκειμένου
2853 4141 2910 4195 δὲ
2956 4142 3036 4197 ἔτι
3084 4144 3179 4198 καὶ
3232 4148 3654 4217 παρατείνοντος
3696 4155 3800 4209 τοῦ

2207 4231 2395 4303 λιμοῦ,
2414 4233 2725 4303 κατέϐησαν
2746 4232 2797 4286 οἱ
2812 4231 2872 4298 ἐξ
2911 4231 3111 4287 Ἴακὼὸ
3124 4241 3208 4299 είς
3227 4236 3504 4305 Αἴγυπτον
3528 4240 3803 4313 πρίασθαι

2208 4323 2436 4393 τροφάς.
2473 4319 2606 4376 Εἶτα
2641 4324 2841 4397 μικροῦ
2891 4324 3095 4396 μεταξὺ
3148 4329 3565 4399 παρεισθέοντος
3606 4332 3797 4402 λόγου,

512 4407 628 4456 tate
651 4396 720 4454 ad
752 4398 1078 4469 potentiam.
1103 4396 1242 4454 Cum
1267 4411 1402 4453 vero
1418 4397 1530 4468 jam
1558 4398 1769 4471 vigeret
1790 4407 1855 4456 et
1878 4416 2096 4472 grassa-

2209 4415 2491 4487 μονονουχὶ
2533 4416 2590 4471 δὲ
2649 4418 2744 4471 καὶ
2803 4418 3157 4492 ἐναθύροντος
3213 4396 3399 4486 αὐτοῖς
3447 4422 3544 4478 τοῦ
3594 4396 3801 4498 Ἰωῆᾇ

514 4498 671 4547 retur
688 4488 883 4553 fames,
903 4487 1317 4544 descenderunt
1336 4494 1394 4544 et
1414 4486 1512 4544 lilii
1536 4489 1708 4546 Jacob
1724 4490 1781 4546 in
1801 4490 2100 4564 Egyptum

512 4582 584 4637 ad
616 4580 914 4637 emendum
957 4578 1319 4636 frumentum.
1345 4580 1557 4638 Deinde
1591 4598 1718 4639 cum
1758 4582 1964 4655 Ioseph
1986 4584 2103 4641 fra-

502 4684 629 4730 tres
654 4673 843 4745 iocose
886 4671 1103 4727 luderet
1136 4671 1397 4744 (dicebat
1428 4674 1585 4730 [enim
1618 4689 1717 4731 eos
1754 4690 2103 4748 nequaquam

513 4768 583 4825 ad
625 4765 1056 4837 comparandum
1081 4764 1442 4833 frumentum,
1475 4767 1572 4823 sed
1603 4768 1671 4823 ad
1707 4770 2103 4839 explorandam

502 4868 722 4915 .terram
735 4854 998 4926 venisse),
1009 4864 1334 4929 peteretque
1349 4856 1654 4929 Beniamin,
1666 4859 1772 4929 qui
1795 4869 1916 4917 erat
1932 4861 2106 4932 ipsius

512 4949 687 5005 frater
731 4948 997 5006 minimus
1036 4958 1208 5015 .natu,
1243 4948 1407 5022 204
1443 4957 1608 5020 atque
1657 4949 1892 5007 instaret
1932 4969 2008 5010 ne
2033 4954 2104 5011 ab

511 5039 784 5114 Egyptiis
809 5041 1164 5098 discederent
1204 5041 1464 5112 impuniti
1490 5081 1506 5105 ,
1546 5041 1658 5097 nisi
1698 5058 1827 5099 eum
1858 5043 2102 5105 adduca-

514 5168 640 5217 rent
679 5172 890 5223 secum,
915 5157 1008 5212 vix
1036 5158 1259 5215 tandem
1288 5158 1644 5230 permittente
1672 5168 1828 5229 patre
1868 5159 2100 5217 adduci-

514 5260 626 5307 tur.
658 5251 1022 5322 Posteaquam
1052 5259 1235 5307 autem
1259 5265 1366 5306 una
1394 5265 1521 5306 cum
1545 5250 1716 5307 fratre
1740 5250 1916 5322 ipsius
1935 5266 2101 5307 vene-

515 5350 667 5407 runt,
706 5341 872 5397 domo
900 5356 998 5397 sua
1037 5356 1136 5396 eos
1159 5341 1385 5412 excipit,
1408 5352 1572 5413 atque
1598 5356 1741 5408 aqua
1783 5342 1927 5396 lotos
1955 5355 2095 5411 pane

513 5439 571 5485 et
619 5432 751 5487 vino
802 5440 1013 5488 saturat
1035 5431 1100 5486 “.
1128 5432 1300 5489 Judtei
1331 5432 1500 5498 enim,
1526 5433 1771 5505 graviter
1810 5432 1994 5488 affecti
2038 5442 2096 5489 et

514 5525 776 5588 tanquam
800 5519 1133 5575 intolerabili
1165 5520 1308 5577 fume
1330 5526 1533 5591 pressi,
1564 5521 1896 5593 intelligibili
1924 5521 2091 5575 nimi-

2208 4504 2445 4576 (ἔφασκε
2465 4506 2574 4578 γὰρ
2609 4509 2685 4573 ὡς
2715 4509 2915 4580 ἥκιστα
2945 4510 3045 4581 μὲν
3077 4512 3262 4567 σιτίων
3302 4513 3487 4579 ἕνεκα,
3521 4533 3800 4575 κατασκε-

2203 4596 2429 4668 ψόμενοι
2457 4597 2514 4651 δὲ
2545 4599 2745 4669 μᾶλλον
2772 4601 2968 4672 ἥκουσι
2996 4602 3095 4673 τὴν
3127 4604 3803 4679 γῆν),προσαπαιτοῦντος

2203 4687 2263 4743 δὲ
2287 4688 2379 4742 τδν
2407 4690 2688 4761 Βενιαμὶν,
2713 4691 2773 4756 ὃς
2816 4688 2887 4763 ἦν
2926 4692 3152 4765 ἀδελφὸς
3184 4696 3334 4767 αὐτῷ
3377 4699 3470 4753 καὶ
3501 4701 3794 4768 νεώτατος,

2204 4780 2559 4854 ἐνισταμένου
2591 4783 2648 4837 δέ
2679 4784 2761 4837 ὅτι
2808 4785 2911 4839 οὐκ
2953 4785 3022 4840 ἂν
3065 4787 3165 4859 τῆς
3202 4789 3518 4858 Αἰγυπτίων
3564 4792 3797 4866 ἀζήμιοι

2204 4873 2594 4941 ἀπαλλάξειαν,
2614 4875 2664 4928 εἰ
2693 4876 2768 4948 μὴ
2806 4877 3127 4949 παροίσειαν
3157 4879 3218 4933 τὸ
3254 4881 3561 4954 μειράκιονο
3597 4884 3795 4952 ἄγεται

2204 4966 2358 5039 μόλις
2407 4968 2629 5036 ἐφέντος
2660 4969 2843 5034 αὐτοῖς
2897 4969 2992 5024 τοῦ
3039 4973 3267 5045 πατρός.
3308 4974 3525 5048 Ἐπειδὴ
3562 4976 3619 5030 δὲ
3655 4972 3795 5045 ἧκον

2201 5057 2337 5129 ὁμοῦ
2366 5057 2444 5129 τῷ
2472 5059 2640 5127 παιδὶ,
2675 5059 2861 5115 λοιπὸν
2899 5062 2993 5116 ἐπὶ
3025 5062 3123 5136 τὴν
3158 5064 3344 5120 ἑστίαν
3392 5066 3598 5133 ἐκάλει,
3635 5068 3793 5124 ὕδατι

2200 5149 2259 5203 δὲ
2303 5149 2750 5222 διανενιμμένους
2780 5152 2966 5224 ἄρτοις
3015 5172 3075 5209 τε
3112 5156 3211 5211 acui.
3251 5157 3381 5230 οῐνῳ
3426 5160 3789 5230 κατεκορέννυ

2199 5241 2405 5296 λοιπόν.
2437 5243 2801 5316 Τεθλιμμένοι
2834 5245 2947 5318 γὰρ
2973 5245 3164 5322 ὥσπερ
3205 5250 3300 5304 καὶ
3339 5251 3602 5324 ἀφορήτῳ
3642 5250 3789 5323 λιμῷ

2203 5334 2647 5406 ἐκπεπιεσμένοι,
2673 5336 2835 5405 δῆλον
2859 5337 2916 5391 δὲ
2945 5340 3027 5393 ὅτι
3054 5339 3133 5411 τῷ
3156 5342 3355 5414 νοητῷ,
3386 5342 3530 5397 κατὰ
3560 5343 3787 5416 καιροὺς

2215 5425 2479 5492 Ἰουδαῖοι,
2508 5427 2609 5497 τὴν
2663 5428 2836 5501 ὀφρῦν
2878 5430 3110 5499 ἀφέντες
3145 5431 3244 5503 τὴν
3272 5433 3484 5506 ὑψηλὴν
3527 5436 3621 5489 καὶ
3653 5435 3783 5504 ἀγέ-

2204 5535 2393 5590 ρωχον,
2434 5517 2657 5588 ἥξουσιν
2687 5519 2778 5572 ἐπὶ
2811 5520 3065 5590 Χριστὸν,
3100 5521 3202 5593 τῆς
3235 5525 3367 5594 παρ’
3392 5522 3562 5578 αὐτοῦ
3603 5523 3778 5595 γλιχο-

592 5696 638 5731 ⁸⁸
664 5695 799 5752 Gen.
846 5716 942 5767 ιι,
994 5715 1099 5754 xu.
1178 5702 1223 5734 “
1270 5703 1371 5763 lsa.
1414 5719 1533 5775 uv,
1562 5705 1647 5761 16.
1728 5706 1772 5737 ⁸⁸
1802 5706 1939 5763 Gen.
1977 5723 2102 5775 xui,
2139 5722 2282 5764 sun.
