4074 6260
395 303 504 361 ὗδίδ

1388 289 1904 350 GLAPHYRORUM
1944 289 2011 344 IN
2050 285 2348 342 GENESIM
2386 284 2512 339 LIB.
2556 283 2644 340 π.

3562 283 3667 341 826

403 438 556 494 μενοι
582 417 820 493 τροφῆς,
850 416 1008 485 ἁγίας
1039 431 1097 468 τε
1126 414 1220 468 καὶ
1250 411 1654 481 πνευματικῆς,
1687 409 1850 479 φημι,
1891 408 1984 458 καὶ

2089 420 2233 467 rum,
2259 401 2480 457 tandem
2510 401 2750 457 demisso
2774 400 3069 472 supercilio
3096 409 3153 456 et
3175 398 3431 456 insolenti
3448 401 3665 472 jactan-

402 510 695 579 ζωοποιοῦ.
733 511 797 562 '0
829 510 887 561 δὲ
916 509 975 560 οὐ
1027 503 1372 575 προσδέξεται
1421 501 1541 571 μὲν,
1582 500 1718 570 πλὴν
1763 500 1824 552 οὑ
1865 498 1985 568 δίχα

402 601 503 655 τοῦ
532 601 658 654 νέου
684 598 836 658 λαοῦ,
879 591 940 650 οῦ
975 595 1065 648 καὶ
1102 595 1180 653 εις
1218 591 1389 645 τύπον
1421 590 1504 660 εἴη
1546 589 1613 642 ἂν
1651 592 1679 642 6
1707 588 1982 657 Βενιαμίν.

419 691 706 754 Ἐλθόντες
740 690 795 743 δὲ
825 687 1009 758 ὥσπερ
1046 688 1102 738 ἐν
1145 682 1415 754 ὁμοψυχίᾳ
1441 682 1534 734 καὶ
1570 682 1646 743 ὡς
1685 681 1743 731 ἐν
1792 679 1987 749 γνώμῃ

418 783 544 853 μιᾷ,
571 779 912 852 προσδέξεται
941 779 1040 848 μὲν
1079 775 1301 845 ίλαρῶς,
1338 773 1560 826 εἰσοίσει
1601 771 1657 824 δὲ
1689 771 1876 839 ὥσπερ
1905 772 1984 832 είς

419 873 548 926 [διον
572 869 727 934 οἷκον,
757 870 1025 927 τουτέστι.
1055 869 1153 938 τὴν
1199 864 1540 934 Ἐκκλησίαν.
1566 859 1700 917 Εἶτα
1727 862 1984 930 διανίψων

421 963 564 1016 ὕδατι
593 961 831 1031 καθαρῷ,
869 960 950 1030 τῷ
970 961 1066 1029 τῆς
1101 955 1522 1025 παλιγγενεσίας
1571 953 1802 1024 λουτρῷ,
1833 953 1984 1022 ἄρτῳ

413 1069 469 1104 τε
506 1051 593 1103 καὶ
615 1051 738 1120 οἴνῳ
759 1048 1062 1118 διαθρέψει.
1103 1045 1395 1106 Μυστικῶς
1431 1044 1460 1094 6
1505 1042 1682 1109 λόγος.
1709 1040 1855 1112 Πλὴν
1886 1043 1986 1093 κά-

408 1144 547 1194 κεῖνο
587 1141 722 1210 πρὸς
751 1139 928 1209 τούτῳ
955 1138 1233 1206 λέγωμενο
1286 1135 1684 1203 ἁνεγνωρίζετο
1724 1132 1823 1201 μὲν
1875 1131 1983 1202 γὰρ

400 1235 507 1295 τοῖς
532 1232 779 1300 ἀδελφοῖς
807 1233 838 1284 6
882 1230 1080 1300 Ἰωσὴφ
1110 1229 1226 1298 ἅμα
1255 1227 1330 1296 τῷ
1356 1227 1609 1296 Βενιαμὶν
1636 1226 1982 1296 ἀφιγμένοις,

398 1323 488 1376 καὶ
517 1323 582 1393 δὴ
618 1323 711 1375 καὶ
743 1319 1029 1392 τραπέζης
1058 1319 1254 1381 αὐτοὺς
1280 1317 1453 1387 ἠξίου,
1483 1318 1734 1388 καθάπερ
1755 1317 1983 1386 ἔναγχος

397 1416 553 1486 ἔφην.
576 1416 794 1484 Κλῆρον
815 1413 872 1466 δὲ
888 1413 1082 1465 οὐδένα
1101 1411 1245 1476 δοὺς,
1265 1411 1401 1474 ὅλως
1423 1411 1744 1480 ἀποτρέχειν
1764 1409 1981 1462 ἐκέλευε

397 1505 874 1577 κατακομιοῦντας
903 1504 1039 1574 πρὸς
1072 1503 1232 1556 αὑτὸν
1263 1503 1354 1555 τὸν
1381 1503 1607 1572 πατέρα,
1635 1518 1708 1572 φη
1719 1501 1778 1570 μὶ
1799 1499 1863 1570 δὴ
1891 1500 1982 1554 τὸν

413 1597 631 1652 ’1ακιὶιὸ.
671 1594 893 1664 Ἐπειδὴ
938 1595 994 1646 δὲ
1048 1592 1413 1663 καταδέδηκε,
1456 1593 1549 1644 καὶ
1591 1592 1694 1663 ήδη
1737 1589 1982 1660 παρόντα

402 1689 658 1743 τεθέαται
685 1690 798 1750 τοῖς
823 1687 1032 1749 τέκνοις
1061 1684 1220 1754 ὁμοῦ,
1237 1685 1356 1737 τότε
1383 1673 1467 1754 δὴ,
1491 1684 1610 1736 τότε
1628 1685 1726 1754 τὴν
1754 1679 1982 1735 ἀπασῶν

2086 497 2162 550 tia
2200 495 2423 550 venient
2446 494 2513 548 ad
2539 493 2816 549 Christum
2841 533 2856 558 ,
2907 493 3064 548 avide
3091 493 3160 548 ab
3197 493 3316 563 ipso
3344 490 3665 563 expetentes

2083 591 2301 654 cibum,
2351 589 2694 658 spiritualem
2731 588 2996 642 nimirum
3041 596 3100 642 et
3140 587 3529 641 viviﬁcantem.
3569 585 3666 640 llle

2083 700 2215 739 vero
2243 698 2355 736 non
2384 681 2614 752 recipiet
2644 697 2740 736 eos
2772 681 2889 736 sine
2919 695 3063 734 novo
3081 680 3303 749 populo,
3328 679 3487 748 cujus
3506 687 3668 747 typus

2082 785 2168 830 est
2188 775 2492 845 Benjamin.
2516 773 2652 830 Cum
2680 783 2862 828 autem
2898 773 3152 826 venerint
3177 779 3434 840 tanquam
3459 769 3514 822 in
3542 767 3668 822 uni-

2079 877 2192 923 tate
2256 868 2484 937 spiritus
2542 867 2687 920 idem
2731 865 3072 928 sentientes,
3105 864 3340 932 benigne
3386 861 3666 916 hilariter-

2083 971 2189 1025 que
2215 971 2312 1009 eos
2347 954 2605 1024 excipiet,
2642 953 3065 1022 introducetque
3103 953 3270 1008 veluti
3303 952 3358 1004 in
3391 966 3545 1005 suam
3571 950 3668 1004 do.

2082 1059 2269 1107 mum,
2303 1043 2409 1097 hoc
2429 1053 2534 1105 est,
2585 1043 2910 1097 Ecclesiam.
2975 1042 3179 1095 Deinde
3228 1041 3416 1094 lavans
3463 1039 3666 1093 munda

2082 1149 2244 1204 aqua,
2271 1134 2533 1188 nimirum
2564 1135 2781 1189 lavacro
2805 1134 3254 1205 regenerationis.
3287 1148 3427 1202 pane
3458 1139 3516 1185 et
3538 1132 3668 1185 vino

2082 1223 2351 1278 saturabit
2382 1239 2496 1279 eos.
2521 1224 2777 1294 Mysticus
2799 1240 3008 1279 sermo.
3034 1224 3303 1278 Cancrum
3335 1211 3470 1275 illud
3499 1221 3666 1275 etiam

2080 1314 2446 1385 adjiciamus,
2495 1317 2642 1386 quod
2685 1317 2958 1386 Joscphus
3005 1315 3168 1370 simul
3214 1330 3279 1368 ac
3317 1313 3668 1368 adduxerunt

2082 1403 2387 1474 Benjamin,
2418 1405 2671 1474 cognitus
2701 1405 2772 1459 sit
2815 1420 2847 1458 a
2897 1405 3013 1459 suis
3053 1403 3336 1467 fratribus,
3367 1417 3666 1472 mensaque

2080 1509 2196 1559 eos,
2235 1504 2295 1548 ut
2337 1495 2500 1550 modo
2541 1496 2672 1558 dixi,
2718 1495 2995 1565 dignatus.
3024 1494 3170 1549 Nihil
3199 1503 3382 1548 autem
3408 1494 3492 1547 eis
3514 1492 3670 1547 dedit

2081 1587 2330 1640 muneris
2354 1626 2368 1650 ,
2404 1586 2501 1640 sed
2554 1602 2771 1640 rursum
2807 1586 3090 1640 discedere
3126 1585 3376 1655 jubebat,
3419 1593 3481 1640 ut
3513 1583 3582 1638 ad
3611 1598 3669 1638 se

2081 1686 2317 1747 patrem,
2343 1677 2535 1741 Jacob,
2560 1677 2804 1746 inquam,
2825 1676 3183 1731 adducerent.
3197 1677 3489 1745 Postquam
3505 1675 3670 1745 igitur

409 1779 640 1851 ἀρίστην
693 1779 957 1849 ἀπένειμε
999 1777 1124 1847 γῆν.
1173 1777 1404 1846 Σημεῖον
1448 1776 1493 1828 δ’
1534 1773 1600 1828 ἂν
1647 1775 1855 1842 γένοιτο
1888 1771 1984 1824 καὶ

2083 1767 2388 1833 descendit,
2445 1776 2502 1823 et
2535 1769 2647 1838 jam
2679 1776 3006 1839 praesentem
3052 1769 3372 1838 conspexit,
3402 1785 3510 1824 una
3539 1783 3669 1824 cum

409 1871 569 1925 τοῦτο
589 1872 775 1940 σαφὲς,
793 1872 875 1924 ὅτι
891 1871 1102 1935 δέξεται
1126 1870 1224 1940 μὲν
1249 1872 1278 1922 6
1298 1867 1528 1939 Χριστος
1551 1867 1673 1928 τοὺς
1696 1863 1983 1936 ἐξἸσραὴλ

410 1951 838 2036 ἐπιστρέφοντας
864 1964 922 2014 ὲν
955 1961 1205 2031 ἐσχάτοις
1242 1957 1338 2012 τοῦ
1381 1957 1574 2020 αἰῶνος
1603 1957 1827 2026 καιροῖς,
1862 1970 1984 2007 συν-

405 2054 564 2117 όντος
605 2055 789 2114 αὐτοῖς
845 2049 1089 2122 δηλονότι
1135 2050 1276 2103 κατά
1317 2049 1518 2120 τρόπον
1557 2046 1860 2117 ὀμοψυχίας
1892 2045 1983 2097 καὶ

403 2143 502 2198 τοῦ
531 2144 656 2196 νέου
680 2141 834 2196 λαοῦ.
861 2141 1031 2195 Τοῦτο
1053 2139 1180 2209 γὰρ,
1206 2139 1280 2202 ὡς
1305 2139 1460 2208 ἔφην,
1487 2139 1515 2189 6
1538 2135 1810 2206 Βενιαμίν.
1838 2135 1981 2206 Πλὴν

399 2236 464 2287 οὐ
498 2235 625 2303 δίχα
659 2233 770 2287 τῶν
799 2233 971 2299 ἀγίων
1010 2231 1270 2302 Πατέρων
1299 2232 1326 2282 6
1363 2231 1420 2282 ἐν
1460 2229 1668 2281 ἐλπίσιν
1692 2228 1819 2298 ἡμῖν
1850 2228 1984 2281 ἀπο-

395 2323 685 2390 δοθήσεται
711 2321 1150 2392 κλῆρος.⁸Ὠσπερ
1178 2319 1284 2388 γὰρ
1313 2319 1485 2382 αὐτοὶ,
1517 2317 1692 2370 καίτοι
1719 2318 1857 2370 κατά
1892 2317 1984 2369 πί-

396 2428 514 2463 στιν
552 2409 949 2473 ἀποθανόντες,
997 2408 1073 2471 ὡς
1119 2406 1244 2476 γοῦν
1285 2409 1312 2460 6
1371 2407 1536 2474 σοφὸς
1593 2406 1695 2477 ἔφη
1747 2405 1979 2468 Παῦλος,

399 2523 417 2553 ι
448 2505 563 2558 Οὐκ
619 2499 950 2570 ἐκομίσαντο
993 2501 1091 2569 τὴν
1129 2497 1479 2567 ἐπαγγελίαν,
1527 2497 1618 2551 τοῦ
1663 2496 1820 2562 Θεοῦ,
1853 2499 1983 2567 περὶ

393 2594 553 2664 ἡμῶν
577 2593 827 2665 κρεῖττόν
851 2611 905 2646 τι
932 2591 1398 2662 προϐλεψαμένου,
1421 2589 1508 2642 ἵνα
1536 2591 1609 2659 μὴ
1633 2591 1801 2659 χωρὶς
1827 2590 1982 2658 ἡμῶν

396 2682 783 2737 τελειωθῶσινο
827 2700 849 2732 ι
891 2680 1034 2735 οὕτω
1072 2683 1164 2734 καὶ
1209 2683 1368 2750 ἡμεῖς
1416 2679 1818 2748 περιμενοῦμεν
1857 2680 1981 2741 τοὺς

401 2774 673 2845 Πατέρας,
719 2774 806 2826 ἵνα
845 2772 921 2844 μὴ
952 2773 1120 2844 χωρὶς
1161 2771 1340 2825 αὐτῶν
1372 2770 1764 2840 τελειωοῶμεν.
1815 2769 1980 2840 Ὁμοῦ

399 2865 690 2936 τοιγαροῦν
717 2867 831 2928 τοῖς
890 2865 1066 2933 ἁγίοις
1114 2864 1414 2934 Πατράσιν,
1465 2864 1514 2914 οἱ
1547 2863 1749 2932 πρῶτοὶ
1786 2879 1845 2914 τε
1887 2862 1982 2915 καὶ

415 2959 564 3023 μέσοι
589 2956 682 3011 καὶ
717 2958 1019 3010 τελευταῖοι
1049 2955 1188 3020 λαοὶ,
1216 2955 1308 3007 τὸν
1350 2953 1572 3024 ἄριστόν
1609 2970 1665 3006 τε
1696 2955 1787 3006 καὶ
1817 2954 1980 3006 ἀνεκ-

417 3047 628 3116 πςίητον
670 3048 765 3117 τῆς
807 3047 916 3100 τῶν
959 3045 1205 3118 οὐρανῶν
1256 3045 1533 3116 βασιλείας
1591 3044 1981 3114 ἀποληψόμεοα

2083 1860 2274 1914 liberis
2295 1869 2352 1915 et
2391 1859 2594 1915 familia
2621 1901 2635 1926 ,
2675 1868 2807 1915 tunc
2849 1860 3070 1914 demum
3104 1860 3298 1915 tribuit
3337 1861 3420 1915 eis
3464 1869 3668 1915 terram

2083 1953 2331 2006 omnium
2363 1953 2626 2022 optimam
2651 1953 2718 2008 ".
2744 1951 2900 2019 Quod
2937 1967 3067 2007 sane
3111 1952 3340 2008 evidens
3377 1969 3670 2023 argumen-

2084 2047 2202 2096 tum
2247 2058 2367 2097 esse
2394 2051 2596 2112 potest,
2623 2044 2790 2098 etiam
2812 2043 3112 2105 Israelitas,
3144 2044 3200 2097 in
3223 2045 3537 2099 novissimis
3563 2060 3668 2100 ste-

2083 2131 2192 2186 culi
2212 2133 2551 2202 temporibus
2575 2142 2932 2198 revertentes,
2960 2150 2991 2189 a
3023 2133 3243 2190 Christo
3265 2144 3551 2204 acceptum
3575 2135 3666 2198 iri,

2084 2224 2338 2279 videlicet
2365 2225 2584 2296 quando
2610 2226 2990 2280 consenserint
3020 2241 3145 2278 cum
3181 2241 3324 2279 novo
3363 2227 3588 2296 populo.
3617 2227 3669 2280 la

2082 2316 2228 2370 enim
2272 2327 2375 2381 est,
2410 2326 2470 2372 ut
2499 2317 2632 2380 dixi,
2655 2317 2958 2388 Benjamin.
2984 2317 3156 2372 Porro
3183 2317 3477 2373 hereditas
3503 2334 3668 2389 quam

2083 2423 2397 2477 speramus,
2424 2423 2533 2462 non
2561 2409 2782 2463 dabitur
2808 2407 2970 2462 nobis
3012 2407 3219 2477 absque
3248 2409 3454 2463 sanctis
3489 2408 3668 2478 patri-

2084 2497 2204 2553 bus.
2233 2498 2701 2565 Quemadmodum
2733 2500 2880 2554 enim
2915 2499 3078 2554 etiam
3108 2499 3143 2553 ii
3172 2499 3268 2570 qui
3297 2501 3349 2558 in
3383 2500 3489 2554 (ide
3516 2515 3670 2554 mor-

2083 2591 2160 2643 tui
2189 2599 2353 2655 sunt,
2396 2599 2456 2644 ut
2493 2592 2710 2661 sapiens
2733 2591 2937 2646 Paulus
2993 2591 3208 2660 inquit,
3248 2612 3266 2643 ι
3306 2609 3415 2647 non
3438 2607 3672 2661 accepe-

2084 2689 2212 2737 runt
2241 2683 2746 2752 repromissionem,
2775 2685 2887 2737 Deo
2921 2697 3022 2752 pro
3045 2683 3204 2737 nobis
3237 2685 3434 2738 melius
3460 2681 3670 2752 aliquid

2083 2772 2431 2842 providente,
2461 2782 2520 2826 ut
2542 2789 2650 2826 non
2675 2775 2791 2827 sine
2816 2774 2980 2827 nobis
3002 2781 3518 2827 consummarentur
3542 2771 3608 2838 “';
3644 2791 3663 2822 ι

2083 2863 2159 2916 ita
2201 2862 2368 2917 etiam
2412 2879 2513 2917 nos
2551 2863 2993 2932 exspectabimus
3028 2872 3238 2932 patres,
3278 2877 3346 2916 ne
3387 2862 3504 2916 sine
3537 2862 3673 2932 ipsis

2082 2953 2454 3023 perﬁciamur.
2484 2954 2601 3010 Una
2617 2955 2762 3009 enim
2786 2970 2850 3008 ac
2874 2955 3082 3024 pariter
3102 2969 3226 3008 cum
3255 2953 3462 3008 sanctis
3494 2955 3670 3024 patri-

2083 3045 2189 3098 bus
2218 3045 2381 3114 primi
2412 3053 2467 3098 et
2493 3045 2659 3099 medii
2699 3054 2756 3100 et
2787 3046 2964 3100 ultimi
2995 3045 3180 3114 populi
3207 3086 3222 3110 ,
3249 3045 3512 3114 optimam
3544 3046 3670 3100 nul-

415 3141 614 3210 γλῆρον
644 3139 698 3190 ἐν
725 3137 976 3210 Χριστῷ·
1017 3138 1082 3191 δι’
1127 3132 1189 3192 οὗ
1229 3139 1324 3192 κοιλ¹
1372 3137 1490 3208 μεθ’
1523 3131 1582 3191 οῦ
1626 3137 1701 3208 τῷ
1735 3137 1852 3207 Θεῷ
1889 3138 1981 3190 καὶ

2083 3135 2244 3204 laque
2268 3151 2431 3188 manu
2468 3134 2688 3198 factam,
2714 3143 2810 3188 aut
2851 3133 3171 3203 acquisitam
3214 3135 3367 3202 regni
3407 3135 3671 3189 cmlorum

411 3230 585 3302 Πατρὶ
615 3231 643 3301 ὴ
672 3229 793 3296 δόξα
835 3230 931 3284 σῦν
962 3229 1102 3300 ἁγίῳ
1149 3229 1429 3300 Πνεύματι
1472 3230 1550 3292 είς
1592 3229 1716 3290 τοὺς
1755 3228 1977 3292 αἰῶνας.

417 3323 472 3374 Ἀ
483 3322 610 3392 μήν.

401 3536 543 3605 Περὶ
587 3537 697 3594 τοῦ
760 3539 982 3608 Ἰωσὴφ
1021 3540 1118 3594 καὶ
1153 3537 1274 3594 τῶν
1313 3539 1459 3596 υίῶν
1506 3539 1688 3596 αὐτοῦ
1743 3540 1984 3610 Ἐφραῒμ

965 3632 1065 3684 καὶ
1095 3631 1426 3700 Μανασσῆ.

480 3779 511 3815 α
531 3801 544 3814 .
588 3781 608 3813 ι
639 3764 797 3816 Πᾶσα
837 3763 932 3833 μὲν
965 3761 1109 3826 δόσις
1142 3762 1342 3834 ἀγαθὴ,
1372 3763 1468 3816 καὶ
1508 3765 1611 3818 πᾶν
1635 3764 1866 3835 δώρημα
1892 3765 1981 3817 τέ-

400 3852 542 3905 λειον
572 3852 779 3907 ἄνωθέν
824 3854 941 3905 ἐστι
989 3853 1316 3908 καταϐαῖνον
1367 3855 1432 3908 ἐκ
1483 3854 1577 3908 τοῦ
1617 3856 1830 3926 Πατρὸς
1874 3854 1984 3908 τῶν

403 3945 618 4010 φώτων.
653 3961 672 3993 ι
701 3941 870 3998 Οὐδὲν
897 3943 954 3995 δὲ
986 3940 1123 3996 εἷναί
1166 3961 1308 4014 φημι
1339 3943 1447 3998 τῶν
1480 3943 1622 3998 οὕτω
1652 3945 1864 3997 σεπτῶν
1891 3945 1985 3998 καὶ

402 4033 758 4104 ἐξῃρημένων
791 4033 1029 4102 ἀγαθῶν,
1057 4034 1086 4086 ὃ
1122 4035 1196 4105 μὴ
1222 4035 1308 4087 διὰ
1332 4034 1572 4106 Χριστοῦ
1604 4034 1982 4102 κερδαίνομεν.

409 4141 426 4173 ι
467 4124 661 4192 Γέγονε
709 4123 839 4195 γὰρ,
887 4126 1039 4196 φησὶ,
1086 4126 1314 4196 μεσίτης
1352 4125 1488 4178 Θεοῦ
1519 4125 1614 4178 καὶ
1664 4125 1983 4196 ἀνθρώπων,

403 4214 495 4266 καὶ
519 4213 759 4267 διἀὑτοῦ
781 4215 880 4285 τὴν
901 4218 1266 4286 προσαγωγὴν
1293 4218 1606 4286 ἐσχήκαμεν
1629 4217 1686 4270 ἐν
1709 4217 1788 4269 ἐνὶ
1813 4217 1984 4270 Πνεῦ-

406 4322 536 4374 ματι
563 4305 700 4377 πρὸς
729 4305 821 4360 τὸν
857 4307 916 4359 ἐν
956 4308 1203 4378 οὐρανοῖς
1241 4308 1458 4377 Πατέρα
1494 4307 1588 4360 καὶ
1619 4308 1772 4363 Θεόν.
1813 4327 1830 4360 ι
1863 4311 1984 4363 Τοι-

401 4397 595 4466 γάρτοι
623 4398 721 4450 καὶ
745 4397 1004 4464 ἔφασκεν·
1045 4415 1063 4448 ι
1104 4397 1290 4460 οὐδεὶς
1320 4396 1537 4467 ἔρχεται
1583 4397 1720 4468 πρὸς
1750 4398 1838 4451 τὸν
1870 4400 1982 4451 Πα-

399 4465 554 4559 τέρα,
593 4488 642 4540 ει
672 4489 746 4558 μὴ
801 4487 870 4541 δι’
909 4487 1066 4558 ἐμοῦ.
1099 4507 1117 4540 ι
1157 4489 1246 4540 Ἐν
1297 4465 1443 4559 αιέῷ
1491 4489 1547 4542 δὲ
1582 4465 1675 4542 ta
1720 4489 1788 4542 δι’
1815 4489 1981 4544 αὐτοῦ
2008 4465 2059 4525 Ι)

401 4581 508 4631 πᾶν
534 4578 810 4650 πλήρωμα
835 4577 1054 4651 χάριτος
1077 4581 1169 4633 καὶ
1197 4579 1518 4650 κληροδοσία
1539 4581 1786 4653 λαμπρά.
1816 4581 1982 4636 Πλοῦ-

403 4687 516 4734 σιος
555 4670 666 4741 γὰρ
693 4670 768 4724 ῶν
799 4672 828 4724 6
851 4671 1012 4738 Θεὸς,
1043 4669 1354 4742 ἐπτώχευσε
1398 4672 1466 4724 δι’
1487 4674 1654 4744 ἡμᾶς,
1690 4674 1777 4728 ἴνα
1819 4677 1984 4746 ἡμεῖς

399 4764 465 4832 τῇ
505 4761 676 4816 αὐτοῦ
726 4763 968 4834 πτωχείᾳ
1021 4763 1438 4834 πλουτήσωμεν,
1490 4766 1582 4818 καὶ
1630 4767 1710 4830 είς
1743 4767 1842 4838 τὴν
1878 4766 1988 4822 τῶν

401 4855 575 4921 ἁγίων
605 4855 868 4925 Πατέρων
914 4855 1312 4923 ἀναφοιτῶντες
1346 4857 1523 4926 δόξαν,
1558 4859 1650 4911 καὶ
1681 4859 1778 4929 τῆς
1805 4859 1987 4923 αὐτοῖς

401 4948 483 5000 ὅτι
507 4947 744 5016 μάλιστα
766 4947 1226 5020 πρεπωδεστάτης
1249 4949 1461 5013 ἐλπίδος
1494 4951 1815 5022 μεταλαχεῖν
1841 4953 1990 5023 ἰσχύ-

405 5055 612 5109 σωμεν.
639 5039 750 5092 Θέα
775 5039 830 5093 δὲ
851 5039 1022 5110 ἀληθῆ
1044 5042 1136 5094 τὸν
1157 5042 1248 5094 ἐπὶ
1273 5041 1480 5106 τούτοις
1499 5044 1798 5112 λόγον,τοῖς
1827 5045 1990 5115 ἱεροῖς

313 5201 318 5204 _
405 5131 738 5202 Γράμμασιν
767 5131 928 5194 ἐνιεὶς
956 5131 1046 5184 τὸν
1090 5132 1189 5203 τῆς
1222 5133 1466 5197 διανοίας
1503 5134 1799 5206 ὀφθαλμόν.
1833 5136 1984 5206 Ἔχει

405 5225 515 5294 γάρ
536 5217 640 5277 ὦδε
663 5222 825 5278 πάλιν
844 5239 857 5252 ⁸
889 5241 907 5274 ι
949 5223 1198 5291 Ἐγένετο
1220 5223 1276 5276 δὲ
1302 5224 1440 5295 μετά
1461 5225 1528 5279 τὰ
1550 5228 1769 5297 ῥήματα
1788 5226 1982 5292 ταῦτα,

405 5315 500 5367 καὶ
525 5313 803 5384 ἀνηγγέλη
825 5311 902 5383 τῷ
940 5313 1157 5383 Ἰωσὴφ,
1177 5314 1259 5365 ὅτι
1287 5316 1314 5366 6
1349 5314 1530 5385 πατὴρ
1562 5315 1726 5368 αὐτοῦ
1754 5315 1984 5386 ἐνοχλεῖ-

402 5422 510 5458 ται.
557 5405 669 5458 Kal.
704 5403 991 5458 ἀναλαϐὼν
1022 5405 1147 5468 τοὺς
1186 5403 1279 5456 δύο
1321 5405 1468 5466 υίοὺς
1520 5405 1682 5460 αὐτοῦ
1727 5406 1818 5460 τὸν
1863 5408 1984 5460 Μα-

401 5498 578 5568 νασσῆ
617 5498 710 5550 καὶ
747 5497 839 5548 τὸν
879 5495 1137 5568 Ἔφραῒμ,
1169 5492 1297 5568 ἦ).οε
1337 5496 1471 5567 πρὸς
1525 5498 1736 5552 Ἰακώϐ.
1778 5499 1984 5566 ’Δπηγ-

477 5658 519 5689 ⁸⁷
555 5658 692 5713 Gen.
730 5673 1044 5712 xtrv-xtvu.
1123 5661 1168 5691 ⁵³
1197 5659 1361 5714 Hebr.
1390 5676 1463 5725 xl,
1498 5659 1581 5713 39.

407 5728 453 5758 ”
487 5727 530 5782 11
574 5729 699 5784 Cor.
747 5744 856 5793 vui,
902 5729 954 5782 9.

1664 5661 1706 5692 δ’
1740 5659 1850 5712 Jac.
1889 5675 1924 5721 ι,
1959 5659 2042 5709 17.
2120 5658 2163 5687 ⁵ο
2197 5657 2212 5708 1
2244 5655 2385 5707 Tim.
2419 5668 2474 5713 ιι,
2504 5651 2554 5702 5.

2083 3225 2462 3282 Ιιαποᾶίιιιιοηι
2507 3227 2842 3296 accipiemus
2889 3227 2943 3278 in
2977 3225 3216 3290 Christo,
3264 3242 3368 3297 per
3409 3240 3571 3296 quem
3615 3234 3673 3280 et

2082 3335 2208 3374 cum
2235 3335 2344 3389 quo
2377 3319 2448 3374 sit
2472 3320 2585 3374 Deo
2617 3329 2672 3374 et
2699 3320 2846 3374 Patri
2863 3320 3039 3390 gloria
3075 3335 3200 3374 cum
3231 3327 3422 3374 sancto
3453 3316 3669 3389 Spiritu

2082 3410 2140 3466 in
2172 3413 2371 3466 saecula
2393 3412 2742 3467 saeculorum.
2767 3411 2962 3465 Amen.

2084 3543 2244 3615 205
2299 3543 2377 3598 De
2413 3543 2638 3615 Josepho
2682 3552 2731 3597 et
2762 3543 2890 3612 [iliis
2940 3503 3104 3614 ipsius
3155 3543 3412 3615 Ephraim
3472 3553 3522 3598 et
3550 3544 3670 3598 Ma-

2779 3653 2954 3690 nasse.

2155 3765 2205 3818 l.
2245 3783 2262 3814 ‹
2295 3763 2467 3820 Omne
2500 3765 2689 3819 datum
2713 3766 3003 3834 optimum,
3029 3774 3085 3817 et
3101 3778 3263 3817 omne
3293 3763 3498 3816 donum
3537 3779 3668 3832 per.

2081 3854 2284 3910 fectum
2307 3856 2594 3910 descendit
2619 3872 2649 3909 a
2679 3857 2838 3909 Patre
2862 3855 3132 3908 luminum
3157 3854 3221 3906 δ’.
3260 3872 3277 3903 ι
3297 3853 3516 3906 Nullum
3542 3871 3672 3910 vero

2084 3945 2222 3999 adeo
2263 3945 2634 4013 pretiosorum
2681 3952 2844 4011 atque
2875 3943 3203 3996 eximiorum
3242 3942 3514 3996 bonorum
3552 3960 3672 3998 esse

2083 4049 2304 4100 censeo,
2330 4034 2477 4103 quod
2500 4050 2607 4086 non
2637 4047 3040 4101 consequamur
3063 4047 3162 4101 per
3186 4031 3488 4088 Christum.
3523 4054 3540 4085 ι
3568 4035 3670 4088 Fa-

2083 4133 2206 4179 ctus
2229 4132 2313 4178 est
2338 4123 2486 4178 enim
2527 4122 2796 4177 mediator
2833 4123 2930 4177 Dei
2954 4131 3011 4177 et
3040 4123 3327 4177 hominum
3372 4123 3438 4177 '°.
3481 4125 3550 4178 Et
3575 4141 3672 4195 per

2083 4217 2262 4288 ipsum
2292 4231 2571 4271 accessum
2587 4213 2853 4268 habemus
2885 4213 2940 4267 in
2982 4229 3092 4267 uno
3123 4212 3331 4282 Spiritu
3387 4213 3456 4268 ad
3495 4215 3672 4269 Deum

2081 4317 2138 4364 et
2174 4311 2389 4365 Patrem
2410 4307 2686 4362 ccelestem
2711 4305 2777 4358 ⁸³.
2809 4325 2827 4356 ι
2863 4304 3020 4361 Unde
3045 4313 3102 4358 et
3127 4304 3244 4374 ipse
3267 4304 3450 4360 dixit:
3489 4325 3508 4357 ι
3561 4307 3670 4360 Ne-

2085 4417 2174 4456 mo
2199 4402 2350 4456 venit
2380 4399 2448 4454 ad
2474 4401 2689 4454 Patrem
2717 4397 2822 4452 nisi
2849 4413 2949 4467 per
2972 4414 3060 4453 me
3090 4399 3155 4450 ".
3206 4417 3224 4449 ›
3259 4397 3320 4452 In
3359 4398 3480 4468 ipso
3521 4398 3670 4452 enim

2085 4501 2142 4548 et
2165 4493 2456 4563 peripsum
2481 4490 2662 4544 omnis
2706 4489 2893 4559 gratiae
2951 4489 3260 4560 plenitudo,
3294 4497 3350 4542 et
3384 4489 3671 4558 splendida

2087 4584 2397 4640 haereditas.
2439 4583 2586 4636 Deus
2631 4581 2777 4635 enim
2804 4581 2959 4634 dives
3009 4583 3313 4646 exsistens,
3357 4579 3534 4634 factus
3587 4589 3674 4633 est

2087 4684 2312 4748 propter
2339 4690 2438 4730 nos
2471 4689 2699 4744 pauper,
2736 4680 2799 4728 ut
2829 4689 2930 4728 nos
2961 4672 3133 4744 ipsius
3172 4682 3496 4744 paupertate
3531 4673 3670 4727 dita-

2087 4785 2272 4825 remur
2285 4768 2351 4833 ⁸³,
2371 4775 2540 4837 utque
2560 4765 2627 4821 ad
2657 4774 2971 4822 sanctorum
3008 4776 3224 4838 patrum
3252 4765 3483 4836 gloriam
3535 4780 3668 4819 con-

2087 4861 2395 4924 tendentes,
2414 4859 2578 4914 etiam
2611 4874 2764 4929 spem
2797 4859 2932 4929 ipsis
2954 4859 3117 4928 longe
3137 4856 3514 4924 dignissimam
3539 4869 3670 4908 con-

2087 4953 2240 5023 sequi
2265 4967 2570 5023 possemus.
2601 4951 2727 5006 llaac
2752 4961 2936 5005 autem
2961 4950 3034 5002 ita
3059 4963 3118 5001 se
3149 4945 3356 4998 habere
3379 4945 3540 5000 facile
3569 4960 3666 5000 θοα-

2085 5059 2336 5114 gnosces,
2363 5043 2408 5099 si
2435 5042 2635 5098 mentis
2655 5041 2816 5096 oculo
2846 5053 3031 5094 sacras
3063 5036 3300 5090 Litteras
3335 5037 3668 5106 contemple—

2086 5133 2182 5188 ris.
2225 5130 2463 5186 ltaenim
2488 5130 2695 5184 habent
2726 5147 2738 5180 :
2781 5147 2798 5177 ι
2838 5127 3066 5181 Factum
3091 5133 3371 5179 estautem
3407 5133 3530 5194 post
3553 5126 3669 5179 haec

2087 5224 2277 5288 verba,
2302 5232 2358 5278 et
2397 5221 2708 5276 nuntiatum
2748 5227 2833 5273 est
2853 5217 3116 5286 Josepho,
3174 5215 3320 5285 quod
3357 5219 3515 5286 pater
3551 5217 3670 5286 ejus

2087 5315 2329 5385 graviter
2355 5303 2662 5383 agi-citaret.
2693 5309 2760 5362 Et
2811 5307 3051 5376 acceptis
3081 5307 3298 5361 duobus
3349 5305 3475 5362 ﬁliis
3534 5309 3666 5373 suis,

2089 5408 2334 5460 Manassc
2359 5412 2415 5455 ct
2448 5399 2731 5471 Ephraim,
2753 5399 2904 5452 venit
2943 5398 3009 5450 ad
3035 5399 3321 5452 Jacobum.
3361 5399 3667 5452 Annuntia-

2092 5503 2289 5549 verunt
2341 5501 2524 5544 autem
2563 5487 2769 5542 Jacobo
2821 5487 3066 5541 dicentes
3105 5504 3116 5539 :
3155 5488 3289 5541 Ecce
3341 5486 3487 5539 [ilius
3544 5494 3670 5563 tuus

2643 5644 2681 5673 "
2715 5645 2917 5715 Ephcs.
2955 5663 3009 5708 ιι,
3047 5647 3131 5700 l8.
3211 5649 3254 5677 "
3287 5647 3440 5701 Joan.
3476 5659 3581 5707 xlv,
3617 5643 3668 5697 6.
