4074 6260
432 258 533 315 ’527

1463 252 1519 309 S.
1562 251 1836 307 CYRILLI
1878 244 2346 304 ALEXANDRiNl
2386 240 2705 299 ARCUIEP.

3594 236 3695 294 528

429 368 631 444 Ioseph
658 369 810 426 venit
829 368 893 425 ad
923 375 1008 435 te;
1034 375 1090 424 et
1114 366 1456 424 confortatus
1480 368 1643 424 Israel
1667 366 1912 438 erigebat
1949 378 2008 418 se

2130 359 2244 431 rél'q
2266 358 2323 412 δὲ
2346 357 2426 430 τῷ
2466 356 2677 422 Ἰακὼϐ,
2707 354 2957 423 λέγοντες
2977 369 2990 384 ⁶
3027 353 3158 407 Ίδοῖ)
3187 355 3214 407 ό
3246 352 3362 414 υἱός
3388 367 3484 405 σου
3502 351 3694 423 Ἰωσὴφ

431 465 489 518 in
514 443 677 530 lecto,
700 470 757 518 et
780 462 917 517 dixit
936 461 1002 517 ad
1025 461 1324 533 Josephum
1349 480 1361 515 :
1386 462 1534 517 Deus
1553 476 1712 516 meus
1758 456 2012 529 apparuit

2130 451 2334 523 ἔρχεται
2375 449 2512 522 πρὸς
2564 449 2624 502 σέ
2650 465 2664 478 ·
2706 448 2801 501 καὶ
2849 445 3139 517 ἐνισχύσας
3184 444 3405 516 Ἰσραὴλ
3448 443 3699 499 ἐκάθισεν

431 554 567 611 mihi
594 555 651 609 in
681 554 826 608 Luza
842 553 899 607 in
918 552 1201 619 Chanaan,
1226 552 1615 622 benedixitque
1636 550 1794 616 mihi,
1835 556 1892 603 et
1931 547 2015 602 di-

432 645 512 702 xit
537 645 749 700 ad'me:
790 644 933 698 Ecce
955 659 1058 715 ego
1097 643 1310 715 augebo
1340 652 1415 708 te,
1448 652 1504 697 et
1530 639 1908 711 multiplicabo
1936 648 2011 704 te,

433 744 490 791 et
509 736 700 791 faciam
728 741 781 790 te
806 734 864 790 in
892 736 1345 807 congregationes
1369 735 1639 807 gentium,
1664 742 1721 788 et
1740 732 1885 787 dabo
1914 729 2016 785 tibi

433 834 638 882 terram
677 826 841 890 hanc,
864 834 920 881 et
946 826 1141 881 semini
1171 836 1267 882 tuo
1298 835 1423 897 post
1452 833 1505 881 te
1528 825 1584 880 in
1612 825 2017 896 possessionem

431 927 717 974 aeternam.
760 919 921 973 Nunc
950 918 1119 990 igitur
1178 919 1258 973 illi
1311 920 1422 974 duo
1460 918 1580 984 ﬁlii,
1607 918 1704 989 qui
1747 916 1863 972 nati
1889 922 2019 971 sunt

433 1011 534 1066 tibi
556 1013 611 1067 in
652 1011 905 1083 Egypto,
948 1020 1243 1082 antequam
1306 1027 1408 1083 ego
1441 1011 1509 1067 ad
1536 1019 1589 1066 te
1630 1011 1741 1065 huc
1767 1009 2016 1065 venerim

432 1103 492 1160 in
519 1102 835 1176 Egyptum,
858 1105 967 1160 mei
988 1112 1137 1170 sunt,
1166 1104 1426 1174 Ephraim
1474 1110 1530 1158 et
1578 1102 1846 1166 Manasse,
1877 1101 2019 1155 sicut

435 1195 633 1251 Ruben
657 1206 714 1251 et
742 1196 965 1251 Simeon
996 1197 1104 1251 mei
1128 1207 1313 1251 erunt.
1363 1194 1471 1261 Qui
1515 1202 1700 1249 autem
1751 1201 1874 1265 post
1916 1209 2018 1248 na-

437 1296 662 1342 scentur
684 1287 784 1342 tibi
810 1288 889 1342 tui
910 1294 1102 1351 erunt,
1143 1286 1590 1357 quandoquidem
1619 1295 1676 1340 et
1702 1286 1758 1340 hi
1796 1286 2021 1341 nomine

435 1376 665 1431 fratrum
703 1393 929 1431 suorum
972 1378 1321 1433 vocabuntur
1356 1377 1412 1431 in
1451 1377 1672 1431 illorum
1723 1377 2020 1432 haeredita-

436 1470 603 1524 tibus.
630 1469 859 1536 Quando
892 1479 1078 1526 autem
1109 1487 1211 1542 ego
1229 1470 1580 1526 discedebam
1617 1486 1682 1524 ex
1712 1470 2021 1540 Me50pota-

435 1561 543 1615 mia
580 1560 770 1633 Syriae,
808 1572 1027 1618 mortua
1059 1570 1146 1618 est
1177 1562 1382 1617 Rachel
1416 1572 1595 1618 mater
1635 1570 1729 1616 tua
1785 1561 1841 1615 in
1876 1569 2024 1616 terra

433 1652 712 1720 Chanaan,
745 1641 833 1710 me
864 1656 1339 1726 appropinquante
1356 1655 1425 1710 ad
1444 1655 1866 1727 hippodromum
1883 1654 2025 1711 Cha-

434 1745 644 1800 bratha:
677 1756 859 1809 terrae,
906 1762 1006 1817 per
1040 1763 1205 1817 quam
1237 1746 1350 1801 itur
1381 1747 1439 1802 in
1501 1756 1706 1802 terram
1740 1748 2020 1818 Ephratm,

436 1843 603 1905 atque
648 1837 877 1906 sepelivi
905 1852 1026 1891 eam
1059 1837 1116 1890 in
1142 1837 1229 1892 via
1259 1838 1631 1908 hippodromi.
1676 1838 1799 1909 Ipsa
1836 1845 2023 1893 autem

436 1939 523 1984 est
556 1928 875 1983 Bcthlehem
906 1929 975 1984 ⁸⁸.
1015 1948 1033 1981 ι
1083 1929 1586 2001 Pervenitquidem
1614 1931 1784 1987 Jacob
1822 1931 1891 1987 ad
1938 1946 2023 1986 se-

436 2027 717 2075 nectutem
768 2020 990 2087 bonam,
1035 2029 1098 2076 ut
1130 2022 1394 2093 scriptum
1452 2030 1536 2078 est
1568 2041 1581 2077 :
1618 2023 1714 2078 sed
1763 2022 2023 2094 quoniam

436 2111 543 2181 iam
572 2128 638 2166 ex
678 2111 935 2167 humanis
958 2113 1126 2168 rebus
1156 2114 1446 2183 migrabat,
1486 2114 1818 2170 benedicere
1877 2114 2028 2186 cogi-

439 2202 589 2256 tabat
622 2202 749 2257 ﬁliis
780 2203 1018 2273 Ioseph;
1062 2205 1226 2275 206
1261 2205 1353 2275 qui
1380 2220 1505 2259 cum
1528 2212 1715 2260 essent
1749 2220 1817 2259 ex
1849 2212 2026 2262 matre

437 2293 765 2363 alienigena,
815 2293 1058 2349 Aseneth
1091 2293 1201 2349 ﬁlia
1234 2295 1535 2350 sacerdotis
1592 2295 1927 2366 Putipharae,
1955 2310 2027 2350 ne

437 2382 563 2451 quis
592 2382 734 2438 forte
764 2383 1136 2438 Israelitarum
1165 2398 1263 2438 eos
1314 2384 1750 2450 abominaretur,
1781 2391 2028 2455 putaret—

436 2490 544 2543 que
575 2475 724 2545 ipsos
758 2484 1079 2531 extraneum
1108 2491 1173 2530 ac
1191 2475 1468 2531 diversum
1497 2492 1670 2547 genus
1705 2493 1859 2544 esse;
1900 2478 2027 2533 ideo

438 2566 739 2635 prudenter
778 2566 1035 2637 bonoque
1084 2567 1319 2622 consilio
1371 2566 1593 2622 divinus
1635 2567 1805 2623 Jacob
1868 2568 2026 2624 Jose-

437 2657 608 2726 phum
653 2659 901 2730 aliosque
924 2644 1126 2714 fratres
1162 2668 1395 2715 conatur
1432 2661 1651 2726 docere,
1684 2661 1854 2732 quod,
1890 2661 2031 2717 divi-

434 2751 526 2805 nis
556 2751 795 2806 oraculis
822 2751 1084 2816 monitus,
1119 2767 1311 2806 omnes
1331 2752 1425 2822 qui
1454 2768 1522 2808 ex
1558 2753 1691 2824 ipsis
1730 2754 1844 2809 nati
1875 2762 2024 2821 sunt,

429 2841 541 2895 sisi
591 2842 869 2912 mancipet
904 2849 960 2897 et
1001 2843 1123 2898 loco
1163 2842 1400 2897 ﬁliorum
1435 2845 1655 2900 habeat.
1698 2844 1790 2901 Ait
1827 2847 1974 2902 enim
2011 2864 2024 2901 :

448 2952 466 2983 ι
496 2933 760 3011 Apparuit
792 2935 929 2990 mihi
957 2936 1103 2990 Deus
1131 2936 1189 2991 in
1231 2945 1380 2992 terra
1406 2937 1688 3005 Chanaan,
1736 2959 1755 2992 ι
1797 2956 2027 3011 expres-

2115 544 2210 597 ἐπὶ
2239 543 2337 616 τὴν
2366 542 2573 611 κλίνην.
2605 542 2714 594 Καὶ
2736 536 2889 594 εἶπεν
2924 538 3118 593 Ἰακὼϐ
3139 537 3220 609 τῷ
3250 536 3548 607 ἸωσήφσΌ
3570 535 3700 600 Θεός

2120 654 2222 709 μου
2249 636 2406 707 ὤφθη
2440 653 2530 707 μοι
2561 637 2619 689 ἐν
2644 634 2827 707 Λουζᾷ
2853 634 2912 686 ἐν
2942 636 3012 705 γῇ
3038 631 3282 697 Χαναὰν,
3316 631 3412 684 καὶ
3441 629 3701 699 εὐλόγησέ

2120 748 2209 802 με,
2236 732 2328 785 καὶ
2363 725 2484 782 εἷπέ
2513 744 2635 799 μοι’
2678 728 2810 781 Ἰδοὺ
2842 723 2948 791 ἐγὼ
2982 725 3203 797 αύξήσω
3232 741 3290 777 σε
3321 723 3418 776 καὶ
3448 721 3703 794 πληθυνῶ

2119 836 2200 888 σε,
2234 824 2328 876 καὶ
2366 823 2579 895 ποιήσω
2623 836 2682 873 σε
2710 821 2790 884 είς
2829 819 3151 889 συναγωγὰς
3188 809 3380 880 ἐθνῶν,
3416 816 3512 871 καὶ
3548 813 3705 870 δώσω

2121 923 2204 965 σοι
2232 912 2333 982 τὴν
2357 912 2461 981 γῆν
2482 910 2707 981 ταύτην,
2732 910 2828 965 καὶ
2853 909 2931 981 τῷ
2952 907 3226 981 σπέρματί
3251 924 3346 962 σου
3375 907 3515 978 μετὰ
3542 906 3604 960 σέ
3626 908 3706 972 είς

2120 1004 2452 1075 κατάσχεσιν
2473 1002 2711 1058 αἰώνιον.
2738 1001 2854 1056 Νῦν
2883 997 2979 1056 οῦν
3007 1002 3057 1054 οί
3078 1000 3173 1055 δύο
3199 1017 3293 1055 σου
3323 1000 3449 1064 υἱοὶ,
3476 1000 3528 1054 οἱ
3553 1000 3708 1068 γενό·

2124 1096 2275 1169 μενοί
2307 1113 2389 1150 σοι
2416 1097 2474 1150 ἐν
2499 1099 2572 1168 γῇ
2603 1095 2883 1165 Αίγύπτῳ,
2912 1093 3020 1166 πρὸ
3052 1092 3147 1147 τοῦ
3178 1110 3247 1163 με
3282 1092 3457 1146 ἐλθεῖν
3485 1091 3623 1163 πρὸς
3647 1093 3707 1145 σὲ

2121 1190 2202 1253 είς
2247 1189 2543 1257 Αἴγυπτον,
2592 1188 2717 1258 ἐμοί
2767 1189 2926 1253 εἰσιν,
2973 1185 3218 1258 Ἐφραῖμ
3262 1185 3359 1240 καὶ
3382 1185 3704 1255 Μανασσῆς.

2121 1278 2197 1342 ὡς
2236 1279 2495 1349 Ῥουὸεὶμ
2527 1280 2622 1332 καὶ
2648 1277 2874 1350 Συμεὼν
2910 1277 3122 1331 ἔσονταί
3154 1293 3263 1349 μοι.
3303 1278 3384 1331 Τὰ
3412 1278 3469 1331 δὲ
3487 1277 3708 1346 ἔκγονα,

2122 1370 2159 1425 ἃ
2188 1370 2281 1425 ἐὰν
2308 1372 2579 1443 γεννήσῃς
2610 1370 2749 1442 μετὰ
2763 1370 2958 1436 ταῦτα,
2993 1372 3076 1424 σοὶ
3106 1370 3341 1434 ἔσονται,
3365 1370 3455 1424 ἐπὶ
3492 1370 3572 1441 τῷ
3595 1371 3711 1424 6V6-

2127 1480 2260 1533 ματι
2294 1462 2402 1516 τῶν
2424 1462 2665 1532 ἀδελφῶν
2690 1462 2871 1515 αὐτῶν
2889 1463 3252 1535 κληθήσονται
3273 1465 3329 1516 ἐν
3348 1466 3460 1527 τοῖς
3486 1463 3712 1517 ἐκείνων

2125 1554 2371 1625 κλήροις.
2412 1552 2552 1622 Ἐγὼ
2584 1554 2650 1624 δὴ
2677 1554 2843 1627 ἡνίκα
2873 1554 3124 1626 ἠρχόμην
3156 1556 3220 1607 ἐκ
3249 1555 3350 1625 τῆς
3381 1551 3709 1609 Meconem-

2130 1646 2258 1718 μίας
2284 1647 2383 1717 τῆς
2410 1646 2629 1719 Συρίας,
2654 1646 2894 1700 ἀπέθανε
2929 1647 3130 1717 Ῥαχὴλ
3153 1649 3186 1718 ἠ
3220 1649 3405 1719 μήτηρ
3430 1665 3525 1701 σου
3547 1649 3605 1701 ἐν
3637 1651 3713 1719 γῇ

2061 1707 2099 1762 Β
2125 1707 2376 1804 Χαναὰν,
2404 1707 2717 1807 ἐγγίζοντός
2759 1756 2861 1810 μου
2899 1707 3061 1793 κατά.
3081 1707 3186 1792 τὸν.
3214 1707 3550 1810 ἱππόδρομον
3599 1707 3718 1794 Χαῖ

2125 1830 2308 1902 ὁραθᾶ
2336 1829 2436 1900 τῆς
2481 1830 2586 1901 γῆς
2626 1829 2720 1884 τοῦ
2751 1830 2929 1885 ἐλθεῖν
2952 1833 3031 1895 είς
3047 1831 3150 1903 γῆν
3176 1832 3554 1903 Ἐφραθᾶ,καῒ
3582 1844 3720 1888 καῦ-

2124 1919 2311 1994 ὠρυξα
2345 1922 2515 1993 αὐτὴν
2549 1924 2606 1975 ἐν
2645 1925 2713 1994 τῇ
2744 1922 2850 1995 ὀδῷ
2876 1923 2970 1977 τοῦ
3002 1923 3363 1996 ἱπποδρόμου.
3410 1924 3562 1996 Αὕτη
3596 1926 3718 1981 ἐστὶ

2125 2013 2397 2085 Βηθλεέμ,
2437 2035 2456 2067 υ
2513 2013 2844 2086 Ἑτέθραπτο
2879 2016 2977 2086 μὲν
3016 2016 3125 2088 γάρ
3151 2019 3179 2071 ὁ
3210 2017 3483 2089 μακάριος
3517 2019 3723 2072 Ἰακὼὸ

2126 2107 2185 2160 ἐν
2214 2106 2372 2178 γήρει
2397 2104 2566 2176 καλῷ,
2591 2105 2730 2160 κατὰ
2751 2107 2810 2160 τὸ
2834 2108 3237 2179 γεγραμμένον.
3278 2110 3498 2180 Ἐπειδὴ
3524 2110 3582 2163 δέ
3605 2126 3721 2164 των

2125 2198 2248 2253 καθ’
2281 2200 2428 2271 ἡμᾶς
2457 2198 2725 2270 ἀπεδήμει
2752 2200 3117 2271 πραγμάτων,
3150 2199 3393 2270 εὐλογεῖν
3419 2202 3722 2254 ἐσκέπτετο

2126 2289 2251 2353 τοὺς
2276 2288 2337 2357 ἐξ
2378 2287 2601 2360 Ἰωσήφ’
2651 2290 2701 2344 οἳ
2746 2289 2976 2362 ἐπείπερ
3017 2285 3157 2360 ἦσαν
3198 2291 3263 2344 ἐκ
3303 2291 3509 2363 μητρὸς
3553 2290 3722 2345 ἁλλο-

2126 2379 2341 2457 γενοῦς,
2376 2380 2474 2451 τῆς
2516 2382 2732 2435 Ἀσενέθ
2768 2380 3040 2454 θυγατρὸς
3079 2381 3271 2453 ἱερέως
3298 2382 3394 2436 τοῦ
3423 2383 3721 2456 Πετεφρῆ,

2129 2472 2216 2527 ἵνα
2260 2474 2420 2546 μήτις
2459 2474 2657 2538 αὐτοὺς
2698 2474 3170 2545 καταμυσάττοιτο
3213 2474 3322 2529 τῶν
3365 2474 3427 2541 ἐξ
3476 2474 3722 2547 Ἰσραὴλ.

2128 2560 2362 2631 ἐκφυλόν
2389 2580 2449 2615 τε
2500 2564 2594 2616 καὶ
2634 2563 2840 2618 ὀθνεῖον
2886 2565 3073 2637 ἡγοῖτο
3114 2565 3174 2618 τὸ
3226 2564 3401 2634 γένος,
3444 2565 3628 2635 σοφῶς
3660 2580 3725 2619 τε

2127 2653 2224 2708 καὶ
2270 2654 2627 2727 οἰκονομικῶς
2660 2657 2688 2710 ὁ
2730 2655 3020 2721 θεσπέσιος
3069 2657 3264 2713 Ἰακὼὸ
3324 2659 3487 2713 αὐτόν
3522 2677 3583 2712 τε
3627 2661 3728 2714 τὸν

2140 2746 2339 2819 Ἰωσὴφ
2371 2750 2459 2802 καὶ
2496 2750 2717 2823 ἐτέρους
2751 2751 2902 2815 υἱοὺς
2937 2752 3284 2824 εἰσπειρᾶται
3314 2752 3614 2818 διδάσκειν,
3636 2755 3731 2807 ὅτι

2128 2843 2249 2904 ταῖς
2277 2840 2449 2906 θείαις
2474 2842 2739 2913 ἑπόμενος
2758 2841 3000 2915 ψήφοις,
3020 2844 3230 2909 πάντας
3261 2844 3557 2900 οἰκειοῦται
3595 2849 3732 2911 τοὺς
3790 2862 3805 2877 ·

2130 2930 2190 2999 ἐξ
2216 2933 2396 2988 αὐτῶν
2425 2934 2738 3003 γεγονότας.
2777 2952 2794 2985 ι
2827 2934 3005 3005 ’Ὡςρθη
3029 2936 3138 3006 γάρ
3168 2953 3280 3007 μοι,
3312 2938 3501 3009 φησιν,
3523 2941 3553 2992 ό
3587 2939 3732 3004 Θεὸς

439 3040 608 3096 seque
632 3026 765 3080 mihi
807 3027 1061 3096 promisit
1087 3043 1174 3083 me
1206 3026 1323 3083 fore
1349 3036 1560 3098 patrem
1595 3031 2027 3101 quamplurima-

2132 3025 2190 3079 ἐν
2221 3028 2292 3097 γῇ
2324 3026 2568 3091 Χαναὰν,
2607 3046 2625 3078 ι
2660 3026 2754 3080 καὶ
2804 3026 2886 3080 ὅτι
2926 3027 3197 3083 πλείστων
3229 3028 3329 3099 μὲν
3356 3031 3500 3085 ὅσων
3526 3030 3733 3103 ἔσομαι

440 3132 563 3170 rum
625 3118 976 3186 populorum,
1038 3134 1237 3188 meque
1277 3118 1616 3175 diiatandum
1671 3120 1726 3175 in
1758 3128 1949 3192 gentes
1976 3130 2033 3177 et

440 3205 685 3275 gentium
719 3205 1192 3276 congregationes.
1227 3207 1333 3261 Per
1363 3207 1470 3262 hoc
1499 3208 1669 3278 igitur
1690 3210 1773 3263 eis
1807 3226 2034 3279 persua-

440 3296 536 3348 det
568 3307 627 3349 ut
663 3295 836 3349 Deum
864 3294 1081 3349 sincera
1126 3303 1312 3351 mente
1344 3297 1639 3353 honorent.
1667 3300 1838 3355 Docet
1876 3301 2033 3356 insu-

440 3399 543 3454 per
607 3391 669 3437 ut
732 3384 1074 3454 propinquos
1108 3400 1210 3454 pro
1266 3385 1534 3442 fratribus
1597 3388 1713 3444 suis
1751 3397 2030 3460 reputent,

443 3474 619 3528 multo
656 3473 828 3543 magis
894 3474 1040 3538 illos,
1096 3475 1191 3545 qui
1239 3491 1309 3530 ex
1366 3475 1502 3546 ipsis
1569 3478 1676 3531 orti
1738 3488 1900 3544 sunt,
1949 3488 2033 3536 ta-

442 3565 606 3619 metsi
641 3564 785 3620 forte
813 3580 881 3620 ex
915 3572 1091 3619 matre
1143 3565 1449 3638 alienigena
1479 3567 1589 3622 sint
1615 3571 1907 3638 procreati.

512 3654 567 3708 2.
594 3653 844 3710 Breviter
873 3655 1060 3725 itaque
1100 3655 1343 3711 historiae
1382 3665 1532 3712 textu
1570 3659 1865 3729 explicato,
1899 3660 2034 3717 illud

442 3744 698 3808 dicimus,
734 3746 882 3817 quod
915 3754 972 3801 et
1010 3762 1112 3802 nos
1145 3747 1249 3802 [ide
1271 3748 1559 3820 justiﬁcati
1594 3750 1723 3805 facti
1750 3767 1946 3809 sumus
1975 3754 2034 3809 in

442 3839 664 3896 Christo
699 3839 795 3894 lilii
836 3839 1059 3910 quidem
1094 3840 1215 3907 Dei,
1260 3849 1318 3896 et
1346 3840 1637 3898 domestici
1688 3853 2032 3913 sanctorum,

443 3931 720 3987 mediante
763 3931 904 4002 ipso,
939 3940 995 3988 et
1043 3948 1143 4003 per
1184 3932 1429 4006 seipsum
1469 3949 1572 3990 nos
1602 3937 1897 4006 copulante
1925 3937 2033 3993 sibi

444 4034 501 4080 et
526 4025 693 4091 Patri,
724 4025 1007 4094 choroque
1044 4035 1399 4082 sanctorum:
1431 4029 1897 4098 quemadmodum
1919 4030 2035 4086 fere

445 4116 613 4171 etiam
664 4117 868 4186 Josepb
924 4116 1306 4185 interpositus,
1340 4120 1516 4188 patris
1544 4120 1631 4174 sui
1678 4121 1819 4176 ﬁlios
1850 4121 2036 4177 eﬂ'ecit

362 4208 367 4213 ’
418 4194 711 4279 1Ephraim
758 4217 816 4263 et
871 4208 1179 4271 Manassen,
1217 4218 1274 4263 et
1322 4211 1761 4279 patriarcharum
1790 4216 2036 4286 catalogo

419 4285 433 4375 ᾖ
466 4300 656 4356 ιεονίὒί
697 4318 707 4352 :
753 4318 771 4349 ι
808 4300 969 4354 Nunc
1022 4303 1194 4369 enim,
1243 4300 1343 4365 ait,
1402 4300 1514 4355 duo
1549 4301 1648 4356 filii
1671 4303 1752 4358 tui
1790 4304 1886 4375 qui
1919 4285 2035 4359 nati

2133 3118 2279 3174 λαῶν
2310 3121 2512 3191 πατὴρ,
2543 3119 3056 3193 κατευρυνθήσομαι
3102 3122 3158 3176 δὲ
3205 3122 3299 3178 καὶ
3349 3127 3432 3189 είς
3469 3124 3596 3198 ἔθνη
3627 3129 3734 3181 καὶ

2137 3211 2457 3279 συναγωγὰς
2480 3211 2669 3278 ἐθνῶν,
2696 3214 2998 3284 ἀναφανδὸν
3014 3216 3375 3287 ἐπηγγέλλετο
3433 3221 3523 3273 Ἐν
3542 3222 3734 3294 ταν-τῷ

2133 3300 2199 3371 δὴ
2220 3299 2335 3368 οὖν,
2361 3303 2458 3356 καὶ
2484 3303 2617 3357 Θεὸν
2654 3305 2941 3359 ἀναπείθει
2972 3310 3139 3380 τιμᾷν
3181 3312 3304 3375 ταῖς
3336 3312 3417 3376 είς
3459 3311 3731 3382 ἀλήθειαν

2133 3392 2333 3458 δόξαις.
2375 3395 2483 3448 Καὶ
2513 3396 2746 3460 οἰκείους
2791 3398 3046 3469 ἡγεῖσθαι
3090 3400 3332 3456 διδάσκει
3385 3404 3514 3468 τοὺς
3561 3406 3730 3478 ἀγχι-

2137 3487 2447 3555 στεύοντας,
2482 3488 2683 3560 μᾶλλον
2709 3490 2768 3544 δὲ
2799 3493 2924 3555 τοὺς
2954 3493 3014 3560 ἐξ
3044 3494 3224 3548 αὐτῶν
3255 3496 3597 3566 ἀναφύντας,
3626 3498 3731 3554 κᾶν

2135 3580 2184 3632 εί
2215 3578 2474 3647 γεγόνασι
2505 3580 2669 3652 τυχὸν
2697 3583 2762 3635 ἐκ
2804 3584 3012 3656 μητρὸς
3035 3585 3380 3655 άλλογενοῦς.

2208 3670 2274 3742 β’.
2304 3672 2490 3744 Βραχῦ
2518 3672 2586 3741 ,δὲ
2626 3674 2726 3744 τῆς
2761 3675 3005 3746 ἱστορίας
3045 3677 3108 3731 τὸ
3134 3678 3308 3750 πάχος
3354 3680 3730 3751 ἐκϐαίνοντες,

2136 3764 2313 3845 ἐκεῖνό
2342 3779 2544 3835 φαμεν
2570 3764 2728 3821 Οὕτω
2750 3768 2843 3821 καὶ
2874 3770 3036 3840 ἡμεῖς
3067 3771 3119 3823 oi
3148 3772 3206 3825 ἐν
3237 3772 3419 3826 πίστει
3447 3773 3735 3831 δεδικαιω-

2139 3853 2289 3926 μένοι
2318 3856 2624 3929 γεγόναμεν
2674 3859 2731 3910 ἐν
2764 3852 3014 3929 Χριστῷ,
3051 3861 3187 3915 Θεοῦ
3226 3863 3325 3934 μὲν
3371 3866 3500 3931 υἱοὶ,
3527 3866 3645 3920 τῶν
3676 3867 3734 3921 δὲ

2138 3946 2309 4012 ἁγίων
2343 3948 2551 4013 οἰκεῖοι,
2604 3949 2984 4018 μεσιτεύοντος
3033 3952 3222 4022 αὑτοῦ,
3275 3956 3372 4009 καὶ
3418 3956 3489 4009 δι’
3527 3958 3733 4014 ἑαυτοῦ

2139 4038 2446 4103 συνδέοντος
2470 4039 2621 4112 αῦτῷ
2651 4058 2711 4094 τε
2741 4043 2835 4096 καὶ
2859 4043 2938 4114 τῷ
2967 4045 3143 4118 Ila-:91
3165 4046 3260 4101 καὶ
3287 4050 3398 4112 τοῖς
3417 4048 3529 4104 τῶν
3555 4050 3733 4120 ἁγίων

2136 4133 2349 4200 χοροῖς·
2388 4129 2640 4200 καθάπερ
2692 4132 2885 4201 ἀμέλει
2919 4135 3013 4189 καὶ
3054 4136 3275 4209 Ἰωσὴφ,
3325 4140 3490 4193 οἱονεὶ
3520 4143 3733 4212 μεταξὺ

2138 4218 2409 4286 κείμενος,
2467 4219 2619 4282 υἱοὺς
2671 4220 2772 4290 μὲν
2828 4223 3000 4278 ἐποίει
3059 4225 3155 4279 τοῦ
3209 4228 3339 4282 ἰδίου
3391 4230 3602 4301 πατρὸς
3643 4232 3733 4286 τὸν

2150 4305 2391 4377 Ἐφραῖμ
2417 4308 2511 4361 καὶ
2543 4310 2833 4382 Μανασσῆ,
2866 4314 3238 4387 ἐγγράφεσθαι
3263 4318 3319 4372 δὲ
3354 4320 3448 4373 καὶ
3471 4321 3629 4393 αὐτῷ

450 4397 581 4448 sunt
606 4389 704 4445 tibi
718 4389 779 4445 in
799 4389 1052 4462 IEgypto,
1069 4391 1175 4445 mei
1194 4398 1343 4458 sunt,
1371 4390 1632 4463 Ephraim
1654 4400 1711 4449 et
1724 4393 2027 4461 Manasses,

2140 4396 2426 4468 καταλόγῳ
2461 4398 2569 4454 τῶν
2605 4380 2984 4477 πατριάρχῶνί
3038 4380 3066 4459 ι⁷
3106 4409 3222 4463 Νῦν
3266 4411 3396 4481 γὰρ.
3455 4380 3647 4484 φησιν.
3684 4380 3733 4467 ἐι

423 4472 595 4536 ἐἱουι
638 4482 833 4537 Ruben
880 4492 938 4538 et
985 4484 1209 4541 Simeon
1263 4492 1430 4540 erunt
1478 4486 1608 4551 mei,
1643 4505 1662 4539 ι
1704 4487 1809 4544 hoc
1833 4496 1940 4555 est,
1976 4489 2035 4545 in

427 4559 834 4645 kprimogenitis
860 4585 1155 4645 ponentur,
1183 4586 1348 4648 atque
1378 4579 1748 4651 adiungentur
1771 4581 1899 4647 illis,
1941 4582 2036 4653 qui

451 4682 519 4720 ex
537 4666 852 4722 obedientia
887 4676 1034 4723 sunt.
1062 4670 1199 4724 Nam
1234 4669 1431 4724 Ruben
1454 4680 1577 4725 erat
1591 4671 1994 4743 primogenitus
2018 4692 2032 4729 :

452 4767 506 4813 et
537 4757 776 4832 Symeon
802 4760 1096 4830 exponitur
1118 4760 1431 4817 obedientia.
1459 4761 1611 4817 Facti
1640 4777 1832 4819 sumus
1852 4774 2037 4819 autem

451 4861 618 4908 etnos
650 4853 826 4908 ultimi
849 4860 948 4924 per
976 4852 1138 4908 {idem
1167 4853 1326 4924 primi
1346 4852 1414 4918 ⁸⁵,
1445 4861 1504 4908 et
1522 4854 1758 4924 populus
1787 4856 2033 4926 gentium

453 4945 801 5007 baereditavit
825 4948 1053 5019 gloriam
1089 4943 1761 5019 primogeniti.Caeterum
1796 4946 1902 5003 hoc
1929 4947 2035 5002 ho-

425 5027 590 5095 rnore
616 5039 798 5095 aﬂ‘ecti
821 5048 950 5095 sunt
974 5051 1198 5112 propter
1220 5037 1595 5094 obedientiam
1621 5047 1678 5093 et
1702 5036 1886 5093 ﬁdem.
1955 5040 2035 5095 Ita

450 5128 599 5185 enim
622 5129 876 5186 Christus
904 5131 1019 5202 ipse
1046 5138 1278 5187 testatus
1302 5136 1386 5185 est
1409 5128 1476 5184 de
1507 5129 1609 5194 eis,
1636 5129 1855 5185 dicens:
1884 5150 1903 5182 ι
1926 5131 2033 5186 Ρο-

452 5223 616 5293 pulus
648 5238 810 5293 quem
844 5239 955 5278 non
981 5223 1233 5296 cognovi,
1264 5221 1488 5277 servivit
1531 5222 1691 5287 mihi,
1728 5222 1784 5277 in
1844 5222 2037 5278 auditu

452 5310 606 5365 auris
623 5312 868 5367 obedivit
907 5314 1042 5368 mihi
1077 5312 1161 5368 ⁸⁶.’
1195 5333 1213 5366 ι
1253 5313 1369 5368 Etsi
1398 5313 1547 5368 enim
1568 5328 1636 5367 ex
1657 5323 1834 5367 matre
1880 5313 2037 5385 quasi

453 5401 759 5473 alienigena
789 5406 905 5459 nati
929 5422 1142 5471 sumus,
1181 5422 1249 5461 eo
1275 5406 1421 5475 quod
1454 5405 1701 5459 Ecclesia
1740 5420 1808 5460 ex
1859 5405 2037 5477 genti-

453 5490 559 5549 bus
582 5503 776 5551 vocata
801 5496 893 5562 sit,
920 5497 1153 5553 sufﬁciet
1188 5506 1369 5552 tamen
1388 5498 1550 5553 nobis
1572 5498 1897 5555 Emmanuel
1916 5514 2034 5554 me-

2138 4485 2236 4541 δύο
2285 4504 2379 4541 σου
2419 4489 2524 4544 υίοῒ⁵
2566 4493 2617 4545 οἱ
2666 4495 2952 4565 γενόμενοί
3004 4514 3084 4552 σοι
3142 4501 3201 4553 ἐν
3254 4500 3542 4575 Αἰγύπτῳ,
3602 4504 3732 4577 ἐμοί

2139 4578 2295 4644 εἰσιν,
2341 4580 2581 4654 Ἐφραῒμ
2608 4587 2703 4639 καὶ
2735 4586 3057 4658 Μανασσῆς,
3084 4591 3161 4654 ὡς
3208 4592 3466 4664 Ῥουόεὶμ
3502 4596 3599 4649 καὶ
3630 4597 3733 4650 Συ·

2144 4670 2289 4742 μεὼν
2335 4670 2549 4728 ἔσονται
2601 4677 2741 4748 ἐμοί.
2776 4697 2795 4731 ι
2853 4680 3185 4748 Τουτέστιν,
3238 4685 3298 4737 ἐν
3358 4687 3731 4756 πρωτοτόκοις

2140 4761 2377 4832 ἔσονται,
2414 4767 2827 4833 συντετάξονται
2867 4770 2923 4825 δέ
2957 4772 3052 4826 καὶ
3102 4776 3216 4838 τοῖς
3262 4775 3320 4830 ἐν
3342 4776 3583 4850 ὑπακοῇ.
3618 4775 3733 4832 Ἦν

2144 4852 2244 4922 μὲν
2271 4854 2381 4926 γὰρ
2421 4859 2765 4926 πρωτότοκος
2813 4860 3088 4933 Ῥου6είμ.
3138 4863 3406 4936 ’Υπακοὴ
3450 4867 3507 4921 δὲ
3563 4869 3730 4924 πάλιν

2140 4946 2168 4998 ὁ
2199 4945 2423 5016 Συμεὼν
2449 4948 2832 5020 ἑρμηνεύεται.
2864 4953 3176 5026 Γεγόναμεν
3207 4958 3265 5012 δὲ
3290 4958 3379 5014 διὰ
3409 4961 3647 5027 πίστεως
3674 4966 3730 5016 σι

2140 5035 2388 5106 ἔσχατοι
2421 5040 2657 5109 πρῶτοι,
2687 5042 2781 5097 καὶ
2807 5044 2905 5116 τὴν
2934 5048 3028 5102 τοῦ
3057 5052 3402 5119 πρωτοτόκου
3423 5054 3583 5121 δόξαν
3617 5058 3648 5110 ὁ
3670 5055 3731 5122 ἐξ

2141 5125 2311 5220 ἐθνῶν
2351 5128 2702 5203 ἐκληρώσατο
2721 5133 2869 5198 λαός.
2904 5136 3237 5211 Τετίμηνται
3280 5143 3336 5196 δὲ
3381 5144 3449 5198 δι’
3479 5147 3730 5220 ὑπακοὴν

2139 5219 2234 5272 καὶ
2266 5220 2599 5280 εὐπείθειαν.
2630 5225 2802 5290 Αὐτὸς
2832 5227 2942 5300 γάρ
2986 5233 3173 5296 αὐτοῖς
3227 5237 3660 5309 μεμαρτύρηκεν
3686 5219 3733 5291 ό

2138 5312 2395 5383 Χριστὸς,
2420 5314 2562 5369 οὕτω
2582 5317 2775 5386 λέγων·
2810 5338 2829 5372 ι
2860 5322 3005 5387 Λαὸς
3035 5324 3093 5377 ὃν
3121 5325 3221 5378 οῦκ
3244 5327 3419 5395 ἔγνων
3445 5330 3730 5384 ἐδούλευσέ

2141 5421 2252 5474 μοι,
2287 5409 2368 5469 εἰς
2399 5407 2567 5479 ἀκοὴν
2618 5409 2775 5464 ὠτίου
2843 5414 3119 5485 ὑπήκουσέ
3175 5434 3298 5487 μου.
3332 5437 3353 5471 ›
3397 5421 3461 5475 Εί
3491 5422 3598 5493 γὰρ
3635 5424 3730 5476 καὶ

2138 5499 2442 5569 γεγόναμεν
2500 5503 2564 5555 ἐκ
2620 5504 2825 5574 μητρὸς
2877 5505 3066 5579 ὥσπερ
3128 5510 3477 5579 ἐτερογενοῦς
3524 5512 3610 5566 διὰ
3668 5516 3731 5568 τὸ

527 5678 576 5714 ⁸⁸
606 5678 744 5734 Gen.
779 5696 958 5749 vam,
999 5683 1113 5738 1-7.
1193 5687 1237 5719 ⁸³
1270 5688 1461 5744 Matth.
1495 5706 1604 5758 xxx,
1641 5689 1727 5747 30.
1805 5690 1850 5725 "
1873 5686 2017 5745 Psal.
2054 5700 2186 5755 xv",
2216 5687 2306 5745 45.
