4074 6260
499 292 587 352 53!

1515 293 1572 346 S.
1611 290 1884 346 CYRILLI
1924 286 2392 344 ALEXANDRINI
2441 285 2759 340 ARCIIIEP.

3619 298 3712 356 53%|

562 408 614 462 5.
637 406 908 462 Caeterum
952 406 1096 477 quod
1149 406 1311 460 Israel
1343 405 1741 476 primogenitus
1767 405 1857 471 sit,
1903 413 1958 460 et
2000 403 2068 458 ob

2243 408 2310 470 γ’.
2354 401 2476 453 Ὀτι
2522 400 2580 452 δὲ
2619 399 2959 469 πρωτότοκος
3009 398 3103 463 ὢν,
3167 398 3258 451 καὶ
3313 403 3418 465 τοῖς
3463 405 3535 468 εἰς
3576 409 3715 464 τοῦτο

493 503 595 554 hoc
619 498 1061 568 primogenitum
1094 495 1304 552 honore
1339 496 1590 561 aﬂ‘ectus,
1617 497 1748 552 item
1783 495 1932 566 quod
1972 511 2068 549 ex-

490 590 687 646 ciderit
728 590 796 645 ab
825 605 887 644 ea
939 605 1046 659 qua
1091 588 1355 658 praeditus
1404 597 1523 644 erat
1559 589 1756 659 gloria,
1813 587 2070 658 quodque

490 681 660 750 gratia
689 678 852 750 hujus
877 687 984 733 tam
1007 680 1222 735 eximite
1252 680 1438 750 gloria
1474 679 1735 734 translata
1767 678 1839 734 sit
1884 679 1942 733 in
1967 693 2070 732 no-

493 787 616 825 vum
661 771 925 841 populum
968 772 1260 825 collectum
1302 786 1368 826 ex
1397 772 1678 842 gentibus,
1730 787 1827 842 per
1857 787 1921 826 ea
1949 787 2071 841 quae

487 863 745 934 deinceps
762 863 816 916 in
842 863 1071 917 historia
1102 871 1431 932 sequuntur,
1461 863 1756 919 manifeste
1778 864 1946 919 etiam
1973 879 2070 918 no-

487 957 571 1012 bis
615 955 907 1010 constabit.
934 953 1027 1009 Ait
1053 955 1200 1010 enim
1243 974 1254 1009 :
1295 975 1312 1008 ι
1367 955 1556 1020 Israel,
1592 956 1906 1026 conspectis
1945 955 2072 1010 ﬁliis

485 1045 730 1116 Iosephi,
755 1046 891 1102 dixit
918 1064 929 1099 :
957 1045 1058 1114 Qui
1081 1059 1212 1100 sunt
1237 1046 1333 1100 hi?
1357 1046 1662 1117 Respondit
1689 1046 1892 1117 Ioseph
1925 1045 2070 1116 patri

485 1155 586 1195 suo
613 1158 625 1194 :
651 1139 774 1196 Filii
801 1139 910 1195 mei
935 1147 1084 1204 sunt,
1115 1154 1255 1208 quos
1275 1137 1431 1194 dedit
1449 1138 1748 1192 mihiDeus
1774 1137 1884 1194 hic.
1922 1138 2071 1192 Dixit

467 1242 670 1288 .autem
693 1231 863 1288 Iacob
897 1248 910 1283 :
951 1229 1143 1284 Adduc
1165 1229 1296 1282 mihi
1327 1230 1494 1299 ipsos,
1535 1237 1593 1282 ut
1617 1228 1696 1282 eis
1725 1227 2066 1283 benedicam.

471 1321 640 1379 Oculi
661 1323 810 1378 enim
834 1323 955 1392 ejus
977 1320 1286 1390 caligabunt
1325 1335 1436 1390 pra:
1477 1327 1784 1384 senectute,
1810 1334 1914 1374 nec
1943 1328 2068 1389 pot-

485 1423 606 1469 erat
626 1413 814 1468 videre
845 1427 960 1467 eos.
998 1411 1062 1466 Et
1085 1411 1315 1468 adduxit
1338 1412 1460 1466 illos
1486 1411 1554 1466 ad
1587 1412 1790 1482 ipsum,
1821 1421 1878 1466 et
1904 1425 2069 1466 oscu-

485 1507 630 1558 latus
665 1511 751 1558 est
777 1517 893 1568 eos,
920 1511 1084 1572 atque
1116 1501 1493 1571 amplexatus;
1522 1500 1770 1570 dixitque
1797 1501 1962 1556 Israel
2001 1501 2069 1556 ad

484 1596 718 1666 Ioseph:
746 1596 885 1651 Ecce
910 1604 1006 1650 tuo
1035 1603 1260 1665 aspectu
1283 1609 1396 1648 non
1419 1610 1540 1648 sum
1567 1594 1833 1665 privatus,
1857 1603 1916 1648 et
1938 1609 2069 1648 ecce

483 1687 724 1744 ostendit
756 1687 890 1740 mihi
919 1687 1065 1742 Deus
1088 1687 1255 1740 etiam
1285 1700 1469 1741 semen
1518 1694 1693 1740 tuum.
1731 1687 1801 1741 Et
1843 1685 2071 1740 deduxit

2176 491 2484 564 πρεσϐεξοις
2513 489 2874 562 τετιμημένος
2900 491 2930 544 6
2969 491 3205 563 Ἰσραὴλ,
3228 488 3493 546 άπώλισθε
3522 497 3610 565 μὲν
3628 501 3717 568 τῆς

2175 585 2400 655 ἐνούσης
2458 581 2612 655 δόξης
2664 581 2846 653 αὐτῷ,
2895 582 3332 655 μεταπεφοίτηκε
3378 583 3433 638 δὲ
3473 585 3562 655 τῆς
3592 587 3718 641 οὕτω

2174 678 2432 750 λαμπρᾶς
2481 675 2732 739 εὐκλείας
2779 676 2813 745 ἠ
2863 675 3022 747 χάρις
3069 675 3162 728 ἐπὶ
3199 675 3290 728 τὸν
3318 673 3432 728 νόον
3469 692 3526 729 τε
3552 679 3640 732 καὶ
3666 679 3721 745 ἐξ

2173 771 2343 825 ἐθνῶν
2368 772 2572 842 ἥκοντα
2600 769 2750 834 λαὸν,
2790 769 2882 822 καὶ
2918 769 3006 822 διὰ
3034 769 3142 822 τῶν
3179 769 3376 838 ἐφεξῆς
3399 769 3545 824 οὐδὲν
3575 767 3720 844 ἦττον

2173 860 2451 930 εἰσόμεθα.
2504 877 2523 911 ι
2589 857 2736 912 Ἰδὼν
2785 861 2914 930 γὰρ,
2958 859 3143 928 φησὶν,
3183 857 3397 928 Ἰσραὴλ
3441 861 3559 922 τοὺς
3587 862 3720 927 υἱοὺς

2185 951 2416 1022 Ἰωσὴφ,
2453 946 2607 1004 εἷπε·
2650 951 2807 1015 Τίνες
2850 967 2932 1003 σοι
2963 945 3137 1015 οὖτοις
3168 943 3303 1001 Εῐπι
3336 949 3392 1003 δέ
3433 947 3621 1020 Ἰωσὴφ
3653 951 3723 1021 τῷ

2179 1043 2349 1112 πατρὶ
2391 1041 2579 1095 αὑτοῦ·
2613 1041 2734 1095 Υἱοι
2788 1057 2890 1110 μου
2937 1040 3074 1093 εἰσὶν
3105 1037 3200 1102 οὒς
3229 1037 3397 1092 ἐδωκέ
3440 1054 3525 1108 μοι
3554 1040 3580 1091 6
3605 1040 3722 1103 Θεὸς

2171 1134 2424 1189 ἐνταῦθα.
2477 1131 2612 1187 Εἶπε
2663 1133 2720 1186 δὲ
2784 1131 3000 1187 Ἰακώϐ·
3036 1129 3365 1202 Προσάγαγέ
3400 1147 3486 1200 μοι
3523 1131 3719 1196 αὐτοὺς,

2172 1225 2258 1278 ἵνα
2293 1225 2572 1293 εὐλογήσω
2623 1222 2841 1286 αὐτούς.
2893 1223 2956 1274 0i
2995 1221 3051 1274 δέ
3102 1219 3373 1290 ὀφθαλμοὶ
3417 1217 3577 1272 αὐτοῦ
3607 1220 3722 1272 ἐϐα-

2175 1315 2469 1388 ρυὼπησαν
2522 1314 2630 1368 ἀπὸ
2669 1313 2762 1367 τοῦ
2804 1315 3012 1384 γήρως,
3060 1311 3155 1366 καὶ
3196 1312 3298 1364 οὐκ
3329 1309 3584 1380 ἠδύναντο
3619 1309 3722 1380 $16-

2171 1387 2312 1464 πειν.
2341 1387 2457 1463 ’Καὶ
2487 1407 2713 1478 ἤγγισεν
2750 1406 2945 1468 αὐτοὺς
2976 1402 3112 1476 πρὸς
3145 1403 3331 1466 αὐτὸν,
3371 1402 3466 1454 καὶ
3491 1401 3720 1472 ἐφίλησεν

2171 1499 2388 1562 αὐτοὺς,
2433 1498 2525 1551 καὶ
2556 1493 2880 1567 περιέλαϐεν
2915 1495 3135 1560 αὐτοὺς,
3187 1492 3282 1546 καὶ
3329 1486 3483 1544 εἶπεν
3535 1489 3723 1562 Ἰσραὴλ

2170 1589 2307 1660 πρὸς
2345 1588 2434 1640 τὸν
2477 1587 2672 1656 Ἰωσήφ
2693 1604 2704 1616 ·
2749 1585 2879 1639 Ἰδοὺ
2907 1583 3000 1638 τοῦ
3029 1583 3323 1656 προσώπου
3355 1597 3452 1635 σου
3477 1582 3571 1635 οὐκ
3595 1583 3726 1635 ἐστι·

2171 1681 2366 1752 ρήθην,
2410 1680 2505 1733 καὶ
2562 1678 2667 1732 ἰδοὺ
2711 1676 2880 1742 ἐδειξέ
2937 1693 3028 1748 μοι
3066 1676 3095 1729 6
3129 1675 3260 1737 Θεὸς
3294 1675 3485 1730 καὶτὸ
3529 1674 3727 1745 σπέρμα

483 1792 579 1833 eos
599 1777 802 1846 Ioseph
833 1793 862 1830 a
896 1775 1130 1845 genibus
1187 1775 1380 1845 ipsius,
1425 1784 1481 1830 et
1527 1775 1901 1830 adoraverunt
1942 1790 2068 1830 eum

2174 1789 2288 1825 σου.
2322 1772 2432 1824 Καὶ
2459 1771 2726 1841 ἐξήγαγεν
2760 1769 2956 1832 αὐτοὺς
3003 1767 3202 1837 Ἰωσὴφ
3234 1767 3342 1820 ἀπὸ
3377 1767 3483 1819 τῶν
3512 1765 3728 1834 γονάτων

486 1867 638 1920 humi
663 1866 920 1937 prostrati
947 1866 1001 1919 in
1035 1864 1249 1919 faciem.
1291 1864 1492 1934 Ioseph
1527 1873 1709 1919 autem
1739 1879 1866 1919 cum
1906 1879 2064 1919 acoe-

485 1958 655 2026 pisset
691 1954 834 2011 ﬁlios
855 1971 1002 2019 suos,
1027 1955 1284 2025 Ephraim
1309 1954 1364 2010 in
1389 1954 1667 2009 dexteram
1692 1954 1916 2024 quidem
1938 1953 2064 2018 sibi,

484 2044 580 2100 sed
609 2045 793 2102 Israeli
821 2060 890 2098 ex
917 2043 1158 2099 sinistris
1189 2062 1200 2096 :
1237 2052 1294 2098 et
1339 2042 1625 2098 Manassen
1650 2061 1682 2098 e
1711 2043 1930 2098 diverso
1961 2042 2066 2097 sibi

485 2135 551 2190 ad
577 2136 876 2201 sinistram,
911 2133 1096 2189 Isracli
1135 2149 1165 2188 a
1191 2133 1422 2199 dextris,
1448 2133 1678 2190 adduxit
1713 2148 1810 2190 eos
1831 2133 1930 2188 illi.
1955 2132 2068 2188 Ca-

487 2238 664 2282 terum
703 2227 864 2282 Israel
888 2234 1168 2282 extentam
1194 2241 1418 2281 manum
1449 2225 1699 2281 dextram
1731 2224 1963 2280 immisit
2011 2224 2067 2278 in

485 2327 647 2390 caput
671 2317 927 2388 Ephraim
955 2317 1022 2388 (is
1035 2317 1185 2371 enim
1205 2325 1325 2371 erat
1348 2325 1479 2371 natu
1496 2316 1698 2388 minor)
1711 2323 1768 2371 et
1790 2316 2068 2372 sinistram

487 2411 542 2464 in
573 2417 736 2478 caput
764 2406 1030 2471 Manasse,
1064 2407 1390 2476 permutatis
1417 2407 1694 2461 manibus.
1726 2407 1791 2461 Et
1836 2404 2067 2460 benedi-

488 2501 566 2556 xit
594 2500 677 2554 eis
715 2497 906 2553 dicens
936 2516 947 2550 :
973 2497 1139 2562 Deus,
1179 2498 1266 2552 cui
1301 2498 1627 2568 placuerunt
1646 2506 1831 2569 patres
1877 2497 1985 2552 mei
2013 2497 2068 2551 in

473 2599 781 2660 conspectu
823 2605 944 2652 suo,
978 2588 1255 2642 Abraham
1301 2599 1357 2644 et
1400 2589 1588 2655 Isaac;
1624 2591 1806 2654 Deus,
1839 2590 1934 2660 qui
1981 2603 2068 2642 me

481 2683 619 2736 aluit
645 2697 712 2736 ex
737 2682 1028 2752 juventute
1053 2695 1174 2735 mea
1205 2697 1376 2751 usque
1405 2681 1463 2736 in
1489 2681 1635 2736 hunc
1689 2681 1870 2747 diem;
1900 2696 2066 2752 ange-

486 2772 592 2836 lus,
619 2773 712 2842 qui
751 2771 1007 2826 liberavit
1045 2787 1131 2826 me
1172 2788 1240 2826 ex
1285 2772 1543 2828 omnibus
1572 2772 1751 2836 malis,
1781 2773 2071 2828 benedicat

485 2865 672 2934 pueris
707 2863 907 2918 istis".
943 2882 960 2914 ι
994 2862 1258 2918 Astabant
1275 2863 1422 2918 enim
1446 2863 1857 2930 adolescentes;
1884 2873 1940 2918 et
1986 2879 2072 2919 se-

2176 1861 2363 1926 αὑτοῦ,
2408 1863 2500 1916 καὶ
2534 1860 2950 1933 προσεκύνησαν
2999 1859 3148 1929 αὑτῷ
3192 1860 3285 1911 ἐπὶ
3318 1859 3606 1929 πρόσωπον
3650 1858 3731 1911 ἐπὶ

2175 1954 2275 2024 τῆς
2303 1954 2422 2025 γῆς.
2451 1952 2641 2008 Λαϐὼν
2674 1951 2730 2006 δὲ
2771 1950 2969 2022 Ἰωσὴφ
3002 1950 3126 2014 τοὺς
3161 1950 3310 2014 υἱοὺς
3341 1948 3536 2013 αὑτοῦ,
3568 1949 3650 2002 τόν
3679 1967 3730 2003 τε

2188 2043 2426 2116 Ἐφραῒμ
2461 2045 2518 2096 ἐν
2561 2046 2627 2114 τῇ
2660 2043 2829 2114 δεξιᾷ,
2859 2042 2919 2108 ἐξ
2947 2041 3250 2114 ἀριστερῶν
3275 2041 3332 2094 δὲ
3383 2040 3617 2112 Ἰσραήλ·
3654 2039 3732 2093 τὸν

2175 2137 2441 2206 Μανασσῆ
2471 2136 2529 2189 δὲ
2568 2138 2625 2188 ἐν
2668 2139 2735 2206 τῇ
2762 2135 3044 2206 ἀριστερᾷ,
3087 2134 3150 2186 ἐκ
3189 2131 3388 2197 δεξιῶν
3419 2131 3473 2185 δὲ
3513 2131 3730 2203 Ἰσραήλ·

2174 2228 2402 2298 ἤγγισεν
2425 2226 2621 2290 αὐτοὺς
2641 2227 2808 2294 αὐτῷ.
2847 2224 3125 2287 Ἐκτείνας
3148 2224 3203 2277 δὲ
3242 2223 3465 2296 Ἰσραὴλ
3483 2222 3575 2295 τὴν
3595 2225 3734 2294 χεῖρα

2175 2319 2273 2388 τὴν
2336 2317 2536 2382 δεξιὰν,
2596 2317 2862 2372 ἐπέϐαλεν
2904 2319 2998 2371 ἐπὶ
3037 2318 3137 2389 τὴν
3192 2318 3444 2390 κεφαλὴν
3497 2317 3733 2388 Ἐφραιμ·

2175 2405 2329 2472 οὗτος
2361 2409 2416 2462 δὲ
2456 2407 2520 2480 ἦν
2575 2411 2603 2462 6
2645 2407 2927 2480 νεώτερος
2963 2409 3057 2462 καὶ
3083 2409 3180 2480 τὴν
3207 2409 3513 2481 ἀριστερὰν
3543 2411 3629 2463 ἐπὶ
3649 2408 3736 2480 τὴν

2177 2501 2418 2572 κεφαλὴν
2449 2499 2736 2570 Μανασσῆ,
2767 2499 3062 2565 ἐναλλάξας
3091 2500 3189 2564 τὰς
3230 2504 3452 2571 χεῖρας.
3481 2503 3586 2556 Καὶ
3607 2502 3738 2554 εὐλό-

2177 2610 2345 2663 γησεν
2380 2592 2597 2656 αὐτοὺς,
2633 2595 2727 2646 καὶ
2757 2588 2908 2646 εἶπεν
2929 2609 2942 2623 ο
2985 2593 3042 2648 ’0
3075 2592 3205 2656 Θεὸς
3302 2595 3673 2667 εὐηρέστησαν
3697 2595 3740 2645 οι

2177 2684 2412 2755 πατέρες
2452 2703 2553 2753 μου
2582 2683 2810 2737 ἐνώπιον
2840 2683 3028 2747 αὐτοῦ,
3076 2684 3326 2756 Ἀϐραὰμ
3349 2687 3453 2740 καὶ
3489 2685 3660 2738 Ἰσαάκ
3679 2700 3690 2712 '
3716 2685 3740 2736 6

2176 2774 2306 2839 Θεὸς
2342 2777 2370 2829 6
2407 2775 2621 2847 τρέφων
2655 2792 2723 2845 με
2753 2777 2817 2846 ἐκ
2856 2775 3104 2846 νεότητός
3147 2793 3247 2847 μου
3277 2777 3392 2841 ἕως
3423 2775 3522 2845 τῆς
3549 2775 3741 2846 ἡμέρας

2175 2867 2409 2936 ταύτηςο
2451 2868 2479 2920 6
2525 2866 2752 2935 ἄγγελος
2789 2867 2817 2920 6
2865 2867 3124 2937 ρυόμενός
3158 2884 3225 2937 με
3259 2869 3328 2937 ,ἐκ
3391 2868 3602 2922 πάντων
3643 2866 3741 2918 τῶν

478 2970 588 3010 ne:
637 2955 1071 3026 percontabatur
1104 2957 1392 3026 cujusnam
1433 2964 1636 3011 essent.
1671 2956 1752 3012 Ad
1803 2956 1908 3011 hoc
1939 2971 2068 3012 vero

2178 2957 2386 3023 κακῶν,
2424 2957 2714 3029 εὐλογῆσαι
2762 2958 2830 3010 τὰ
2872 2958 3058 3011 παιδία
3093 2958 3287 3012 ταῦτα.
3329 2978 3347 3010 ι
3395 2956 3738 3029 Παρειστήκει

486 3047 781 3118 respondet
809 3047 1012 3117 Ioseph
1042 3064 1055 3101 :
1096 3067 1114 3098 ι
1149 3047 1212 3102 Ili
1241 3057 1368 3104 sunt
1390 3047 1499 3103 duo
1532 3047 1629 3103 ﬁlii
1655 3049 1782 3105 mei.
1810 3069 1827 3100 ι
1860 3048 2068 3105 Deinde

2182 3049 2279 3120 μὲν
2313 3049 2420 3121 γὰρ
2445 3047 2512 3102 τὰ
2548 3049 2826 3120 μειράκια.
2862 3048 3256 3103 Διεπυνθάνετο
3277 3050 3332 3102 δὲ
3356 3053 3391 3104 ὁ
3426 3048 3738 3122 πρεσϐύτης,

487 3139 710 3209 propius
765 3137 1017 3194 admotos
1063 3140 1345 3210 amplexus
1387 3140 1758 3196 osculabatur.
1805 3139 2068 3210 Intelligis

2175 3140 2316 3204 τινος
2341 3135 2479 3196 εἷεν.
2513 3143 2656 3212 Ἀρα
2694 3141 2787 3196 καὶ
2819 3144 2954 3213 πρός
2990 3160 3052 3210 γε
3080 3142 3145 3213 δὴ
3172 3142 3344 3195 ταῦτά
3378 3158 3543 3212 φησιν
3575 3142 3602 3194 6
3643 3139 3740 3192 Ίωο

487 3244 632 3293 nunc
661 3247 774 3301 quo
803 3242 962 3302 pacto
999 3248 1100 3287 nos
1131 3233 1287 3300 quasi
1307 3233 1476 3302 ignoti
1505 3233 1616 3286 Deo
1639 3248 1703 3286 ac
1724 3233 1872 3286 Patri
1911 3232 2069 3286 inuo-

487 3322 776 3388 tuerimus,
831 3333 991 3396 atque
1017 3323 1311 3394 propinqui
1345 3324 1400 3377 in
1432 3323 1653 3378 Christo
1699 3323 1828 3377 facti
1873 3323 2064 3378 simus.

486 3413 739 3470 Admittit
775 3425 959 3470 autem
982 3416 1218 3472 libenter
1243 3414 1557 3480 admodum,
1603 3415 1929 3472 testiﬁcante
1969 3431 2070 3486 pro

491 3503 649 3558 nobis
675 3505 832 3570 Filio,
864 3516 1107 3561 nostram
1132 3523 1258 3564 cum
1277 3508 1394 3577 ipso
1429 3507 1878 3572 familiaritatem,
1905 3517 2070 3578 atque

490 3602 562 3648 ita
583 3609 768 3649 amore
795 3594 989 3666 dignos
1018 3606 1225 3661 censet,
1249 3607 1306 3652 et
1337 3597 1406 3652 ad
1442 3598 1708 3653 unitatem
1739 3605 1915 3660 vocat,
1955 3598 2069 3668 spi-

493 3684 702 3740 ritalem
732 3686 1012 3742 nimirum.
1039 3688 1204 3759 209
1234 3689 1404 3744 Porro
1444 3688 1694 3744 osculum
1746 3688 2071 3744 manifestus

487 3785 571 3830 est
589 3777 843 3832 amicitia:
869 3787 1048 3850 typus,
1079 3780 1224 3835 sicut
1259 3787 1315 3836 et
1338 3781 1623 3850 amplexus
1674 3779 1922 3835 unitatis.
1977 3780 2068 3835 Id-

489 3867 706 3923 circoet
730 3868 1168 3940 sapientissimus
1195 3871 1400 3926 Paulus
1430 3871 1644 3937 scribit,
1675 3861 1866 3927 (mens
1892 3872 1961 3927 iis
1975 3873 2070 3942 qui

491 3961 540 4011 in
600 3959 879 4016 Christum
928 3961 1306 4028 crediderunt,
1361 3963 1638 4020 interdum
1682 3963 1907 4035 quidem
1940 3965 2065 4019 sic:

497 4075 512 4095 ι
541 4049 642 4116 Qui
668 4052 797 4105 olim
827 4052 1134 4124 longe.jam
1163 4070 1334 4124 prope
1363 4054 1494 4111 facti
1526 4056 1664 4112 estis
1684 4057 1751 4122 ⁸³,
1782 4076 1800 4107 ι
1845 4054 2070 4111 Christo

490 4139 857 4196 \idelicetnos
884 4143 1208 4199 adducente.
1224 4145 1506 4200 Interdum
1525 4155 1709 4202 autem
1740 4148 1818 4202 sic
1839 4166 1850 4200 :
1873 4167 1890 4198 ι
1914 4147 2072 4202 Nunc

487 4245 614 4284 (um
657 4229 828 4286 Dequ
872 4231 1262 4302 coguoveritis,
1317 4236 1428 4291 imo
1458 4237 1664 4306 cogniti
1704 4253 1735 4290 a
1786 4238 1900 4291 Deo
1942 4239 2006 4290 “.
2045 4257 2062 4290 ι

493 4323 727 4390 Aspectu
748 4322 897 4376 enim
931 4322 1209 4393 dignatur,
1237 4335 1294 4380 et
1334 4327 1480 4382 solos
1511 4329 1636 4382 illos
1662 4329 1807 4383 Deus
1836 4338 1891 4382 et
1912 4329 2072 4382 Pater

488 4410 788 4482 cognoscit,
803 4413 899 4482 qui
913 4414 1218 4485 spiritalem
1238 4431 1362 4472 cum
1384 4419 1519 4474 Filio
1539 4419 1836 4476 amicitiam
1855 4419 2066 4481 ineunt,

489 4504 696 4574 quique
735 4505 1208 4576 regenerationem
1258 4509 1557 4580 spiritalem
1585 4511 1654 4566 ab
1683 4512 1823 4582 ipso,
1863 4519 1918 4564 et
1973 4525 2070 4579 per

493 4597 671 4663 ipsum
698 4603 826 4648 sunt
849 4597 1132 4650 consecuti
1155 4600 1643 4667 :quemadmodum
1666 4607 1722 4654 et
1751 4601 1806 4652 in
1839 4599 2070 4668 Aigypto

493 4683 616 4740 illos
669 4684 837 4750 solos,
885 4686 979 4756 qui
1030 4690 1295 4758 sanguine
1331 4693 1454 4760 agni
1481 4694 1632 4746 tiucti
1695 4703 1874 4753 erant,
1926 4693 2071 4745 inter

491 4784 652 4831 notos
698 4775 954 4847 ponebat,
1009 4775 1241 4834 dicens;
1282 4800 1299 4830 ι
1359 4781 1566 4835 Videbo
1629 4780 1967 4851 sanguinem,
2015 4791 2071 4834 et

492 4877 768 4939 protegam
791 4883 908 4933 vos,
935 4882 1037 4923 nec
1081 4869 1188 4925 erit
1219 4871 1275 4925 in
1295 4872 1452 4926 vobis
1493 4875 1667 4944 plaga,
1701 4883 1760 4927 ut
1791 4890 1884 4927 vos
1907 4874 2070 4928 absu-

491 4978 655 5027 mam,
683 4961 904 5032 quando
929 4979 1257 5034 percussero
1282 4973 1482 5019 terram
1501 4964 1719 5036 {Egypti
1749 4967 1813 5018 ".
1851 4985 1868 5016 ι
1899 4965 2066 5019 Exhi-

491 5054 697 5106 laratus
717 5061 902 5107 autem
936 5061 1021 5107 est
1058 5068 1221 5124 supra
1250 5054 1468 5108 modum
1499 5054 1666 5109 Iacob
1705 5065 1927 5124 aspectu
1978 5054 2069 5108 Io-

488 5143 664 5213 sephi.
711 5141 802 5198 Ait
847 5144 1041 5199 enim:
1082 5163 1098 5196 ι
1159 5145 1321 5212 Ecce,
1357 5162 1464 5200 non
1514 5145 1761 5216 privatus
1817 5161 1937 5199 sum
1973 5157 2068 5199 tuo

489 5241 730 5304 aspectu.
784 5233 929 5291 Deus
959 5237 1200 5292 ostendit
1230 5237 1364 5292 mihi
1409 5245 1465 5290 et
1506 5250 1691 5291 semen
1731 5246 1885 5290 tuum
1939 5234 2005 5288 ⁶⁶.
2041 5253 2060 5284 ι

489 5326 764 5390 Quantum
812 5327 961 5382 enim
996 5327 1190 5383 attinet
1223 5325 1292 5384 ad
1348 5327 1588 5391 Iudaeos,
1631 5327 1792 5383 Pater
1842 5326 2069 5382 orbatus

490 5421 573 5468 est
608 5414 764 5470 Filio.
803 5415 1066 5473 Arbitrati
1109 5419 1254 5472 enim
1282 5428 1410 5474 sunt
1433 5419 1579 5488 quod
1607 5435 1637 5473 a
1656 5419 1830 5488 portis
1861 5417 2066 5472 infero-

491 5517 610 5556 rum
635 5506 858 5561 retineri
877 5519 1080 5576 posset,
1102 5509 1380 5578 quodque,
1401 5518 1459 5564 ut
1483 5510 1573 5565 alii
1601 5519 1773 5565 morte
1795 5507 2064 5578 oppressi,

576 5679 620 5728 σε,
643 5677 774 5732 Ceu.
815 5694 995 5746 xum,
1024 5683 1169 5734 8—16.

2107 4472 2145 4523 Ι)

1249 5684 1291 5714 ⁸⁸
1324 5685 1522 5755 Ephcs.
1557 5703 1608 5750 ιι,
1647 5688 1727 5742 15.
1807 5688 1850 5719 ⁸³
1879 5686 1996 5743 Gal.
2033 5705 2102 5754 tv,
2136 5690 2191 5744 9.

2172 3232 2304 3301 σήφο
2365 3250 2381 3282 ι
2418 3233 2482 3284 Ol.
2531 3231 2625 3285 δύο
2675 3231 2778 3286 υἱοί
2815 3248 2938 3302 μου.
2975 3250 2994 3284 ι
3039 3229 3171 3286 Εἶτα
3214 3230 3742 3304 προσενηνεγμένους

2172 3322 2266 3373 καὶ
2288 3321 2579 3390 γεγονότας
2607 3321 2794 3391 ἐγγὺς,
2823 3321 3146 3392 φιλημάτων
3171 3339 3230 3374 τε
3261 3323 3467 3386 αὐτοὺς
3489 3322 3580 3374 καὶ
3598 3334 3740 3388 περι-

2171 3413 2387 3469 πλοκῶν
2417 3412 2590 3486 ἠξίου.
2621 3415 2784 3480 Σύνες
2809 3412 2902 3468 οὖν
2923 3415 3068 3480 ὅπως
3091 3415 3251 3468 οἱονεί
3278 3431 3402 3478 πως
3421 3415 3482 3468 οὐ
3502 3409 3746 3482 γινωσκό-

2173 3523 2323 3576 μενοι
2366 3505 2444 3577 τῷ
2492 3503 2609 3576 Θεῷ
2651 3505 2748 3561 καὶ
2796 3506 2996 3577 Πατρὶ,
3031 3504 3298 3577 γνώριμοι
3331 3523 3397 3558 τε
3434 3503 3742 3574 γεγόναμεν.

2171 3599 2266 3652 καὶ
2291 3598 2458 3667 ἐγγὺς
2483 3601 2540 3653 ἐν
2563 3599 2804 3670 Χριστῷ.
2825 3600 3116 3671 Προσίεται
3141 3599 3196 3650 δὲ
3219 3597 3314 3652 καὶ
3331 3596 3460 3650 λίαν
3483 3593 3741 3666 ἀσμένως.

2171 3689 2674 3762 ἐπιμαρτυροῦντος
2714 3692 2845 3762 ἡμῖν
2894 3692 2992 3762 τὴν
3044 3691 3178 3762 πρὸς
3218 3689 3416 3742 ἐαυτὸν
3451 3685 3745 3752 οἰκειότητα

2171 3783 2264 3837 τοῦ
2307 3781 2458 3849 Υἱοῦ,
2489 3783 2710 3854 ἀγάπης
2757 3800 2815 3836 τε
2847 3783 3022 3847 οὕτως
3059 3783 3205 3854 ἡμᾶς
3235 3780 3402 3848 ἀξιοῖ,
3439 3779 3596 3836 καλεῖ
3620 3773 3747 3848 πρὸς

2173 3876 2386 3944 ἕνωσιν,
2435 3875 2592 3948 δῆλον
2618 3877 2675 3929 δὲ
2705 3876 2787 3928 ὅτι
2831 3875 2930 3944 τὴν
2971 3873 3167 3944 νοητὴν
3213 3875 3306 3927 καὶ
3355 3875 3419 3928 ἐν
3466 3869 3746 3939 πνεύματί.

2172 3966 2214 4018 Τ
2219 3965 2352 4030 ύπος
2397 3965 2441 4020 δ’
2475 3967 2540 4020 ἂν
2573 3966 2781 4035 γένοιτο
2825 3965 2916 4019 καὶ
2961 3965 3107 4036 μάλα
3159 3964 3357 4036 σαφὴς,
3412 3963 3626 4035 φίλημα
3658 3957 3750 4029 μὲν

2172 4057 2418 4131 ἀγάπης,
2442 4057 2685 4120 ἐνώσεως
2715 4056 2770 4109 δὲ
2806 4055 3096 4128 περίληψις
3125 4057 3242 4124 ἤτοι
3272 4055 3606 4127 περιπλοκὴ.
3633 4049 3747 4102 Τοι-

2172 4149 2364 4219 γάρτοι
2406 4149 2498 4202 aut
2538 4148 2566 4200 6
2611 4147 2916 4217 σοφώτατος
2968 4147 3179 4208 Παῦλος
3229 4146 3544 4200 ἐπιστέλλει
3586 4140 3752 4208 λόγων

2172 4243 2283 4302 τοῖς
2327 4241 2407 4302 εἰς
2444 4239 2678 4310 Χριστὸν
2717 4239 3089 4302 πιστεύσασιν,
3131 4240 3222 4292 ὁτὲ
3270 4239 3394 4310 μὲν,
3429 4239 3512 4293 ὅτι
3569 4253 3591 4287 ι
3625 4228 3754 4287 Νυνὶ

2172 4329 2229 4381 δὲ
2259 4329 2313 4380 οἰ
2339 4344 2468 4380 ποτε
2502 4328 2653 4392 ὄντες
2700 4329 2916 4400 μακρὰν
2965 4329 3258 4399 ἐγενήθητε
3287 4327 3483 4394 ἐγγὺς,
3531 4346 3548 4378 ι
3592 4333 3753 4395 προσ·

2175 4416 2490 4489 κομίζοντος
2526 4418 2767 4488 δηλονότι
2814 4420 2910 4475 τοῦ
2943 4419 3201 4490 Χριστοῦ,
3237 4418 3323 4472 ὁτὲ
3351 4417 3410 4470 δὲ
3447 4412 3541 4482 αὖ,
3576 4433 3595 4467 ι
3625 4409 3754 4467 Νυνὶ

2177 4508 2232 4561 δὲ
2254 4508 2470 4574 γνόντες
2501 4507 2655 4574 Θεὸν,
2710 4509 2910 4580 μᾶλλον
2938 4510 2993 4564 δέ
3023 4510 3353 4579 γνωσθέντες
3391 4507 3502 4561 ὑπὸ
3537 4502 3692 4558 Θεοῦ.
3732 4518 3750 4551 ι

2191 4597 2515 4662 Ἑποπτείας
2567 4599 2676 4671 γὰρ
2727 4599 2887 4667 ἀξιοῖ,
2941 4606 3035 4654 καὶ
3095 4600 3449 4668 ἐπιγινώσκει
3509 4595 3702 4667 μόνους
3729 4591 3756 4642 δ

2177 4688 2309 4751 θεὸς
2335 4689 2426 4741 καὶ
2453 4689 2642 4760 Πατὴρ
2663 4690 2787 4754 τοὺς
2813 4691 3183 4763 πνευματικὴν
3206 4692 3428 4762 ἔχοντας
3449 4686 3756 4754 οἰκειότητα

2179 4779 2314 4851 πρὸς
2343 4781 2432 4835 τὸν
2468 4781 2616 4843 Υἱὸν,
2665 4783 2757 4835 καὶ
2808 4785 2904 4854 τὴν
2946 4785 3033 4838 διὰ
3068 4783 3374 4855 πνεύματος
3399 4781 3757 4850 ἀναγέννησιν

2178 4876 2267 4928 ὑπ’
2305 4874 2457 4947 αὑτῷ
2500 4894 2557 4930 τε
2588 4878 2681 4930 καὶ
2711 4878 2778 4931 δι’
2811 4878 2976 4932 αὑτοῦ
3016 4861 3447 4950 πλουτήσαντας.
3489 4869 3758 4936 Καθάπερ

2177 4964 2371 5038 ἀμέλει
2397 4968 2492 5020 καὶ
2527 4968 2586 5020 ἐν
2629 4969 2886 5040 Αἰγύπτῳ
2933 4971 3061 5032 τοὺς
3101 4969 3179 5040 τῷ
3223 4968 3410 5038 αἵματι
3453 4963 3551 5017 τοῦ
3587 4957 3754 5030 άμνοῦ

2177 5059 2658 5128 καταχρωμένους,
2704 5061 3012 5133 γνωρίμως
3058 5063 3295 5114 ἐποιεῖτο
3342 5057 3544 5125 λέγων·
3589 5072 3608 5104 ι
3653 5047 3757 5102 Καὶ

2169 5147 2374 5219 ὂψομαι
2419 5150 2478 5202 τὸ
2527 5146 2686 5221 αἷμα,
2719 5151 2813 5204 καὶ
2848 5151 3108 5205 σκεπὰσω
3139 5151 3302 5221 ὑμᾶς,
3337 5148 3431 5201 καὶ
3470 5145 3577 5198 οὐκ
3609 5141 3755 5193 ἔσται

2167 5241 2226 5292 ἐν
2290 5242 2417 5311 ὑμῖν
2462 5243 2642 5314 πληγὴ
2698 5243 2791 5296 τοῦ
2850 5244 3166 5314 ἐκτριϐἧναι
3216 5242 3378 5311 ὑμᾶς,
3436 5237 3574 5291 ὃταν
3618 5231 3759 5285 παίω

2166 5329 2224 5380 ἐν
2281 5331 2350 5401 γῇ
2400 5332 2680 5404 Αἰγύπτῳ.
2735 5353 2752 5386 ι
2825 5333 3070 5402 Εὔθυμος
3115 5333 3170 5386 δὲ
3234 5330 3354 5382 λίαν
3416 5322 3670 5394 γεγονὼς
3731 5318 3758 5368 δ

2181 5420 2373 5472 Ἰακὼϐ
2411 5424 2545 5493 πρὸς
2595 5425 2683 5477 τὸν
2735 5425 2870 5488 υἱὸν,
2915 5425 3180 5486 τουτέστι,
3216 5422 3309 5475 τὸν
3357 5415 3584 5486 Ἰωσὴφς
3633 5411 3754 5478 ἔφη’

2176 5529 2193 5560 ι
2242 5512 2370 5567 Ἰδοὺ
2401 5514 2491 5566 τοῦ
2530 5515 2822 5586 προσώπου
2853 5533 2942 5568 σου
2989 5517 3088 5568 οὐκ
3131 5511 3454 5583 ἐστερήθην,
3508 5505 3604 5560 καὶ
3649 5498 3758 5556 ιόῡὺ

2269 5689 2311 5720 ⁸³
2344 5689 2512 5743 Exod.
2555 5707 2644 5754 xu,
2689 5692 2772 5743 l5.
2857 5694 2897 5722 “
2931 5693 3065 5746 (Ian.
3103 5707 3294 5754 xum,
3333 5688 3412 5742 ll.
