4074 6260
579 378 685 432 Ξὗὸ

1576 366 1628 420 S.
1674 364 1946 421 CYRILLI
1986 364 2455 419 ALEXANDRINI
2495 364 2813 420 ARCHIEP.

3741 363 3856 418 1-35

575 493 710 548 Nam
737 498 1005 562 quatenus
1028 486 1094 538 ad
1121 482 1629 544 sauctilicationem,
1660 496 1765 532 una
1797 493 1859 532 ac
1886 477 2001 548 pari
2034 494 2154 548 gra—

2269 477 2536 548 ιτροφήτου
2595 478 2799 547 φωνήν·
2849 475 3168 546 ὑπέρκειται
3213 473 3270 527 δὲ
3328 473 3447 528 λίαν
3484 475 3512 527 ὸ
3558 472 3617 538 ll;
3657 473 3854 532 ὶθνῶν,

579 583 653 638 tia
676 578 993 649 locupletati
1016 584 1166 640 sunt,
1194 582 1249 629 et
1269 572 1364 644 qui
1391 588 1456 627 ex
1481 571 1666 636 lsrael,
1693 570 1857 640 etqui
1884 585 1951 624 ex
1975 568 2154 638 genti-

580 673 682 726 bus
712 669 1090 731 crediderunt,
1123 675 1286 736 atque
1332 661 1614 736 justiﬁcati
1647 667 1775 716 sunt
1797 661 1854 714 in
1891 659 2112 715 Christo
2139 677 2151 712 :

578 779 675 831 per
705 775 869 831 quem
919 769 976 814 et
1024 773 1149 812 cum
1187 772 1296 826 quo
1341 755 1411 809 sit
1434 756 1546 809 Deo
1582 761 1636 808 et
1658 752 1810 808 Patri
1833 751 2007 822 gloria
2026 766 2152 806 cum

577 861 767 908 sancto
791 852 997 925 Spiritu
1030 851 1086 904 in
1113 848 1309 904 smcula
1343 846 1690 902 sazculorum.
1709 842 1902 898 Amen.

2263 568 2355 621 καὶ
2385 570 2463 633 είς
2506 567 2826 637 συναγωγὰς
2871 566 3016 621 λαῶν
3047 567 3460 638 κατευρύνεται,
3503 566 3598 618 καὶ
3649 565 3858 634 μείζων

2260 659 2378 712 ἐστὶ
2435 659 2528 712 τοῦ
2605 660 2822 731 Ἰσραὴλ
2873 662 2937 730 τῇ
2984 659 3092 713 τῶν
3151 657 3560 712 πιστευσάντων
3627 656 3860 726 ἀμέτρῳ

2259 751 2462 822 πληθύῖ
2516 752 2838 823 ποιούμενος
2883 753 2982 823 τὴν
3017 753 3293 824 ὑπεροχήν
3314 771 3328 784 ·
3365 751 3464 822 μιᾷ
3494 750 3603 820 γάρ
3633 749 3731 802 καὶ
3766 748 3856 817 ἴση

2257 843 2440 915 χάριτι
2467 843 2891 914 κατεστέμμεθα
2921 843 3057 915 πρὸς
3090 843 3362 914 άγιασμδν
3395 841 3521 895 οἵτε
3543 839 3602 905 ἐξ
3637 839 3855 912 Ἰσραὴλ

577 943 670 994 καί
722 924 930 1010 μέντοι
985 939 1076 992 καὶ
1122 937 1171 990 οἱ
1212 935 1270 1000 ἐξ
1334 933 1502 988 ἐθνῶν
1545 932 1960 995 πιστεύσαντες,
2031 931 2125 984 καὶ
2175 932 2232 983 ὲν
2271 931 2492 1002 Χριστῷ
2515 931 2951 1003 δεδικαιωμένοι·
2985 932 3054 986 δι’
3076 926 3137 985 οὗ
3157 932 3252 986 καὶ
3279 932 3398 1002 μεθ’
3427 924 3490 986 οὗ
3515 933 3593 1000 τῷ
3619 930 3740 1002 Θεῷ
3763 931 3858 984 καὶ

579 1030 752 1101 Πατρὶ
795 1031 827 1101 ὴ
859 1028 984 1094 δόξα
1029 1029 1126 1082 σὺν
1170 1026 1310 1097 ἁγίῳ
1344 1024 1620 1095 Πνεύματι
1660 1024 1740 1086 εἰς
1778 1024 1904 1085 τοὺς
1953 1022 2154 1086 αἰῶνας
2192 1021 2300 1074 τῶν
2334 1021 2570 1076 αἰώνων.
2621 1023 2813 1094 Ἀμήν.

1145 1225 1178 1234 -.
1186 1219 2230 1248 W.___

2356 1223 2466 1244 ---¹-.--
2491 1223 2886 1248 ‘.---_———m'
2715 1223 2736 1231 "
2789 1223 2796 1232 '
2838 1224 2872 1233 "'
2889 1225 2934 1246 σὲ
2951 1217 3824 1251 Μ

2001 1222 2230 1242 .—-__
2296 1222 2934 1246 --.——:——:__—_————.—.-_

1117 1375 1906 1499 ΓΑΑΦΥΡΩΝ
1973 1383 2212 1494 ΕΙΣ
2295 1384 2610 1496 ΤΗΝ
2676 1383 3317 1500 ΙἚΝΕΣΙΝ

1952 1607 2390 1696 ΒΙΒΛΙΟΝ
2467 1611 2525 1694 Ζ
2546 1608 2589 1692 ’.

805 1927 1722 2023 GLAPHYRORUM
1805 1929 1926 2017 IN
1973 1927 2500 2017 GENESIM
2554 1928 2911 2080 LlBEll
2990 1928 3630 2019 SEPTIMUS.

651 2224 807 2294 211
847 2223 920 2279 De
955 2225 1304 2281 benedictione
1343 2227 1612 2282 duodecim
1653 2228 2103 2297 patriarcharum.

649 2337 860 2408 Scopus
873 2339 1095 2409 quidem
1113 2349 1279 2410 atque
1297 2341 1613 2396 institutum
1633 2341 1918 2411 praesentis
1946 2357 2160 2398 sermo-

579 2428 665 2482 nis
689 2436 775 2483 est
801 2444 1024 2482 narrare
1056 2445 1121 2484 ea
1146 2443 1270 2498 quas
1293 2427 1463 2484 Jacob
1485 2428 1614 2484 ﬁliis
1638 2445 1707 2484 ex
1739 2445 1798 2484 se
1828 2430 1972 2485 natis
1999 2445 2166 2486 even-

581 2531 718 2574 tura‘
741 2521 1011 2590 praedixit.
1055 2521 1163 2576 Sed
1202 2521 1356 2591 prius
1387 2520 1546 2592 quasi
1579 2531 1943 2589 contestatur,
1967 2523 2164 2578 didici-

580 2610 688 2664 lem
720 2611 1018 2666 admodum
1053 2627 1174 2667 esse
1204 2612 1480 2668 dictorum
1514 2629 1758 2680 sensum,
1791 2629 1971 2685 neque
2000 2616 2164 2686 vulgo

579 2703 824 2766 obvium,
871 2703 964 2757 sed
1014 2704 1324 2759 abstrusam
1361 2704 1763 2775 obscuramque
1809 2704 2164 2777 signiﬁcatio-

580 2808 704 2848 nem
745 2793 799 2846 in
835 2810 892 2848 se
931 2793 1154 2848 habere.
1194 2795 1502 2855 Immistum
1539 2811 1671 2850 vero
1699 2806 1784 2852 est
1820 2797 2163 2852 benedictio-

581 2886 669 2940 nis
701 2885 884 2947 modo,
921 2885 974 2939 id
1015 2886 1162 2956 quod
1186 2903 1298 2942 non
1328 2887 1401 2941 ita
1427 2901 1484 2942 se
1516 2887 1702 2952 habet,
1733 2898 1790 2944 et
1813 2891 1959 2960 quod
1985 2891 2165 2947 adhuc

579 2978 667 3031 his
710 2975 983 3031 diilieilius
1033 2986 1134 3032 est.
1177 2978 1453 3033 Promittit
1485 2979 1709 3049 quidem
1750 2979 1970 3036 divinus
1995 2981 2163 3037 Jacob

582 3068 878 3139 praedicere
905 3068 1030 3123 ﬁliis
1047 3085 1172 3139 quae
1220 3070 1518 3126 novissime
1553 3081 1820 3126 eventura
1849 3072 1996 3139 sint;
2034 3074 2165 3129 facit

583 3177 714 3216 vero
748 3162 1153 3230 prmteritorsum
1189 3162 1545 3227 mentionem,
1582 3171 1637 3217 et
1675 3173 1960 3234 peccatum
2001 3167 2162 3220 meti-

580 3265 694 3319 tur,
744 3255 983 3324 primum
1032 3255 1256 3324 quidem
1305 3255 1479 3324 ipsius
1527 3256 1742 3321 Ruben,
1795 3273 1860 3313 ac
1894 3268 2022 3328 post
2060 3261 2164 3314 hoc

585 3347 860 3400 Simeonis
893 3354 950 3400 et
982 3346 1134 3401 Levi.
1175 3345 1310 3412 Quis
1349 3362 1481 3402 vero
1506 3347 1690 3403 dicere
1713 3349 1914 3404 audeat
1935 3365 2056 3405 esse
2085 3351 2164 3404 le-

585 3436 835 3503 gitimum
874 3435 1237 3491 benedicendi
1267 3437 1492 3492 modum
1529 3439 1930 3507 praeteritorum
1968 3455 2162 3510 pecea-

587 3538 769 3580 torum
812 3529 1446 3584 commemorationem?
1494 3529 1689 3584 Annon
1732 3531 1777 3586 is
1819 3532 2053 3586 mendax
2110 3543 2166 3587 et

586 3636 615 3673 a
656 3628 802 3673 recta
837 3619 1046 3673 ratione
1082 3620 1296 3675 alienus
1332 3621 1952 3678 habeatur?0bscurus
1985 3624 2168 3694 itaque

586 3710 882 3766 admodum
926 3720 1014 3765 est
1037 3725 1236 3780 capere
1277 3712 1590 3769 volentibus
1631 3715 1733 3768 hac
1772 3715 1839 3770 de
1880 3731 1940 3770 re
1965 3731 2165 3772 sermo.

585 3803 726 3870 Quid
765 3819 898 3873 ergo
931 3803 1199 3866 dicemus,
1239 3803 1568 3864 adhibentes
1603 3806 1984 3876 probationem
2019 3807 2169 3863 hisce

581 3915 616 3950 ι
671 3895 831 3950 nobis
879 3895 1176 3966 propositis
1234 3896 1634 3952 commodam?
1683 3898 1822 3964 Quia
1877 3898 2168 3969 explicatio

586 3989 760 4058 ipsius
810 3988 1111 4057 prophetiae
1161 3990 1277 4043 sive
1329 3989 1704 4059 praedictionis
1741 3993 1966 4046 omnino
2007 3993 2170 4049 nobis

585 4079 898 4133 introdueet
945 4087 1132 4149 typum
1189 4078 1484 4152 Synagogze
1539 4081 1876 4145 Judreorum,
1937 4091 2051 4146 aut,
2110 4091 2170 4138 ut

585 4171 902 4223 summatim
928 4169 1127 4232 dicam,
1165 4171 1333 4224 totius
1357 4173 1592 4240 generis,
1617 4183 1780 4241 atque
1813 4173 1951 4228 adeo
1974 4189 2165 4228 eorum

583 4278 706 4332 quae
738 4262 1170 4331 uniuscujusque
1209 4263 1388 4316 tribus
1426 4273 1576 4327 sunt,
1611 4266 1916 4332 qualisnam
1956 4267 2046 4319 illa
2087 4267 2170 4320 fu-

587 4361 710 4405 tura
761 4352 834 4404 sit
877 4365 978 4405 suo
1016 4360 1283 4420 tempore,
1326 4367 1394 4404 an
1435 4351 1764 4418 damnanda,
1803 4368 1870 4406 an
1895 4369 1924 4407 e
1952 4354 2169 4408 diverso

584 4443 936 4513 approbanda
964 4461 976 4496 :
1007 4442 1136 4498 item
1164 4442 1460 4512 quomodo,
1492 4453 1588 4498 aut
1644 4445 1696 4498 in
1727 4446 1928 4515 quibus
1983 4446 2166 4511 fuerit,

583 4545 640 4588 et
678 4548 790 4603 quo
829 4533 919 4586 illa
951 4549 1073 4602 quae
1109 4535 1413 4589 secundum
1451 4535 1566 4604 ipsa
1592 4545 1724 4590 sunt
1753 4536 2005 4590 evadant.
2037 4537 2170 4591 Vide

585 4630 770 4676 autem
801 4637 911 4690 quo
947 4631 1105 4691 pacto
1135 4623 1259 4677 aliis
1279 4623 1525 4692 quidem,
1550 4640 1616 4678 ex
1652 4625 1720 4678 iis
1739 4641 1862 4694 qua:
1886 4627 1998 4696 jam
2030 4627 2168 4680 facta

587 4723 736 4779 sunt,
771 4713 957 4768 futura
989 4713 1273 4778 describit,
1313 4716 1439 4770 aliis
1469 4731 1603 4769 vero
1638 4732 1705 4769 ex
1740 4716 1856 4784 ipsa
1884 4717 2168 4772 nominum

585 4806 957 4862 declaratinne
993 4805 1109 4860 sive
1151 4806 1607 4875 interpretatione
1657 4806 1969 4860 futurorum
2005 4823 2169 4863 even-

589 4904 704 4950 tum
757 4895 1020 4948 deelarat.
1075 4894 1353 4963 Scriptum
1403 4902 1494 4949 est
1539 4895 1706 4964 igitur
1741 4897 1862 4950 sic:
1900 4917 1916 4947 ι
1948 4898 2170 4954 Vocavit
2203 4925 2245 4979 ι)

584 4996 768 5041 autem
805 4987 976 5041 Jacob
997 4987 1140 5040 ﬁlios
1167 5000 1317 5048 suos,
1345 4994 1403 5038 et
1425 4985 1562 5040 dixit
1590 5004 1601 5038 :
1643 4986 2080 5058 (longregarnini,
2108 5001 2168 5045 ut

587 5083 908 5134 snnuntiem
944 5081 1101 5134 vobis
1140 5078 1275 5150 quid
1307 5079 1520 5134 accidet
1558 5079 1714 5133 vobis
1761 5080 1818 5134 in
1855 5083 2168 5138 novissimis

586 5169 802 5224 diebus.
821 5169 1268 5241 Congregamini,
1299 5180 1354 5225 et
1379 5169 1586 5234 audite,
1622 5169 1718 5225 lilii
1748 5171 1950 5238 Jacob;
1979 5174 2166 5229 audite

586 5262 842 5317 lsraelem
883 5274 1093 5333 patrem
1121 5272 1364 5317 vestrum
1402 5264 1470 5316 ⁷⁷.
1521 5286 1536 5315 ι

1115 5465 1276 5534 212
1317 5464 1393 5517 De
1438 5463 1636 5520 Ruben.

667 5598 688 5628 ιι
713 5577 905 5632 Ruben
931 5578 1334 5647 primOgvnitus
1364 5594 1537 5645 meus,
1566 5589 1621 5634 tu
1655 5597 1713 5635 es
1737 5580 1999 5635 fortitudo
2024 5596 2165 5646 mea,

680 5733 722 5762 ⁷⁷
746 5733 880 5787 Gen.
917 5743 1062 5789 χιιι,
1091 5727 1139 5787 l,
1164 5726 1221 5779 ἃ.

2205 2233 2253 2294 Β

2423 2233 2561 2303 Περὶ
2589 2232 2698 2302 τῆς
2731 2233 3014 2301 εὐλογίας
3049 2229 3165 2284 τῶν
3195 2231 3270 2295 ιβ’
3301 2229 3702 2299 πατριαρχῶν.

2337 2347 2542 2412 Σκοπὸς
2563 2347 2660 2417 μὲν
2675 2344 2754 2417 τῷ
2775 2345 2918 2415 λόγῳ
2937 2343 2997 2396 τὸ
3019 2342 3408 2414 ἀφηγήσασθαι
3428 2344 3538 2396 δεῖν
3565 2342 3678 2394 τῶν
3706 2345 3860 2413 εἰρη-

2267 2439 2444 2509 μένων
2470 2437 2676 2491 ἒκαστα
2707 2433 2858 2503 παρὰ
2887 2433 2980 2486 τοῦ
3005 2431 3348 2504 προπάτορος
3387 2429 3581 2486 Ἰακὼϐ
3622 2432 3736 2483 τῶν
3763 2434 3860 2484 ἐκ·

2264 2528 2587 2600 σησομένων
2617 2525 2759 2580 κατὰ
2780 2525 3004 2593 καιρούς
3028 2524 3121 2576 ἐπὶ
3161 2524 3271 2586 τοῖς
3301 2523 3360 2587 ἐξ
3385 2522 3551 2575 αὐτοῦ
3574 2521 3860 2590 γεγονόσιν

2265 2622 2415 2683 υἱοῖς.
2468 2617 3014 2690 Προδιαμαρτύρεται
3046 2617 3103 2670 δὲ
3131 2616 3318 2683 ῶσπερ
3350 2619 3527 2669 έκεῖνο
3562 2614 3752 2684 σαφῶς
3783 2614 3858 2676 ὡς

2262 2711 2584 2782 δυσέφικτος
2616 2711 2713 2781 μὲν
2743 2708 2937 2780 κομιδῇ
2971 2708 3080 2762 τῶν
3111 2707 3415 2779 εἰρημένων
3439 2707 3467 2759 ὁ
3487 2705 3635 2772 νοῦς,
3665 2705 3762 2760 καὶ
3796 2705 3856 2756 οὐ

2266 2801 2498 2872 βάσιμος
2523 2805 2639 2866 τοῖς
2673 2801 2890 2866 πολλοῖς
2911 2841 2926 2866 ,
2955 2800 3359 2872 αἱνιγματώδης
3388 2799 3444 2852 δὲ
3480 2800 3573 2853 καὶ
3601 2801 3860 2870 άσυμφα-

2265 2894 2363 2966 νὴς
2380 2895 2477 2964 τὴν
2496 2893 2748 2964 δήλωσιν.
2771 2893 3052 2963 Μέμικται
3069 2891 3126 2946 δὲ
3148 2891 3228 2963 τῷ
3251 2890 3350 2961 τῆς
3371 2890 3624 2959 εὐλογίας
3646 2891 3858 2961 τρόπῳ,

2265 2988 2325 3043 τδ
2353 2989 2426 3060 μὴ
2456 2987 2628 3052 οὕτως
2652 2987 2794 3058 ἔχον,
2824 2987 2916 3042 καὶ
2937 2987 2998 3039 τὸ
3032 2985 3111 3040 ἔτι
3135 2986 3344 3040 τούτων
3376 2987 3856 3056 δυσεφικτότερον.

2278 3075 2700 3146 Ἐπαγγέλλεται
2737 3076 2834 3146 μὲν
2866 3075 2974 3147 γὰρ
3008 3077 3036 3128 ὁ
3068 3075 3354 3139 θεσπέσιος
3390 3073 3587 3128 Ἰακὼϐ
3616 3091 3864 3146 προαγο-

2268 3169 2444 3240 ρεύειν
2472 3171 2584 3232 τοῖς
2622 3168 2832 3232 τέκνοις
2863 3167 2933 3221 τὰ
2965 3169 3022 3220 ἐν
3052 3169 3303 3239 ἐσχάτοις
3326 3185 3340 3198 ·
3379 3167 3614 3222 ποιεῖταί
3643 3183 3707 3233 γε
3744 3165 3860 3236 μὴν

2265 3257 2372 3312 τῶν
2416 3255 2823 3328 παρῳχηκότων
2864 3255 2965 3325 τὴν
3019 3257 3260 3326 μνήμην,
3313 3254 3407 3308 καλ⁵
3465 3253 3857 3325 πλημμέλειαν

2265 3349 2583 3420 άναμετρεϊ,
2615 3347 2842 3419 πρώτην
2874 3347 2972 3417 μὲν
2999 3347 3100 3418 τὴν
3125 3347 3220 3399 τοῦ
3266 3345 3479 3400 Ῥουσεὶ
3490 3363 3556 3416 μ,
3592 3341 3710 3397 εἶτα
3737 3345 3839 3410 γεί-

2267 3460 2395 3496 τονα
2423 3441 2586 3505 εὐθὺς
2619 3441 2715 3494 καὶ
2753 3439 2870 3510 μετ’
2909 3439 3150 3508 ἑκείνην,
3183 3439 3284 3510 τὴν
3314 3437 3538 3509 Συμεὼν
3569 3438 3662 3492 καὶ
3699 3438 3857 3490 Acut.

2270 3528 2402 3587 Εἶτα
2431 3533 2514 3595 τίς
2557 3531 2586 3583 ὁ
2625 3530 2791 3600 φάναι
2823 3530 3066 3600 θαρρῶν,
3112 3531 3185 3594 ὼς
3230 3531 3486 3598 εὐλογίας
3527 3531 3666 3583 τισὶν
3701 3529 3862 3582 ἔσται

2271 3622 2493 3695 τῷπος,
2526 3622 2558 3692 ή
2592 3619 2702 3674 τῶν
2735 3621 2837 3692 ήδη
2868 3622 3362 3692 προεπταισμένων
3387 3621 3724 3691 ἀνάμνησις,
3760 3623 3866 3673 καὶ

2271 3715 2372 3768 οὐκ
2406 3715 2473 3769 ἂν
2509 3717 2681 3768 νοοῖτο
2710 3713 3049 3784 ψευδοεπὴς.
3093 3713 3188 3765 καὶ
3226 3713 3318 3766 τοῦ
3353 3711 3686 3783 καθήκοντος
3721 3712 3869 3778 ἐξώ-

2271 3805 2418 3860 κειλε
2452 3804 2542 3860 νοῦ
2563 3822 2577 3871 ;
2602 3805 2778 3868 Βαθὺς
2801 3800 2894 3858 οὖν
2914 3803 3022 3875 ἄρα
3047 3803 3140 3856 καὶ
3167 3805 3228 3856 οὐ
3249 3803 3371 3856 λίαν
3396 3803 3718 3873 ὲκκείμενος
3741 3805 3868 3864 τοῖς

2271 3898 2412 3950 ἑλεῖν
2439 3894 2714 3949 ἐθέλουσιν
2753 3897 2782 3948 ὁ
2810 3894 2904 3947 ἐπὶ
2933 3894 3070 3964 τῷδε
3099 3893 3274 3960 λόγος.
3308 3893 3373 3946 Τί
3413 3889 3508 3947 οὖν
3536 3895 3646 3964 ἄρα
3675 3895 3872 3963 φαμὲν

2273 3988 2373 4060 τὴν
2395 3985 2748 4056 ινδεχομένην
2769 3986 2880 4047 τοῖς
2905 3983 3316 4052 προκειμένοιςς
3347 3982 3422 4054 (Ι)
3449 3984 3520 4036 Ἦ
3538 3983 3633 4036 καὶ
3660 3982 3858 4049 συλλή.

2275 4080 2408 4146 ὁδην
2428 4080 2602 4132 εἰπεῖν
2629 4075 2830 4138 παντὸς
2851 4074 2943 4128 τοῦ
2961 4074 3170 4142 γένους,
3199 4075 3320 4144 ήτοι
3339 4074 3447 4127 τῶν
3469 4075 3716 4135 ἑκάστοις
3749 4090 3832 4141 φυ
3849 4105 3865 4114 ο

2270 4168 2366 4239 λῆς
2393 4166 2584 4232 τύπον,
2616 4165 2798 4228 ὁποῖός
2828 4180 2915 4226 τις
2960 4163 3114 4216 ἔσται
3145 4163 3286 4216 κατὰ
3333 4163 3591 4233 καιροὺς,
3623 4161 3718 4214 καὶ
3753 4177 3870 4212 κα-

2269 4259 2678 4331 ταρρηθήσεται
2705 4256 2802 4326 μὲν
2830 4255 2922 4309 ἐπί
2957 4271 3118 4319 τισιν,
3161 4255 3512 4327 εὐδοκιμήσει
3536 4255 3593 4308 δὲ
3621 4255 3796 4318 ὅπως,
3832 4257 3869 4325 ἢ

2272 4355 2366 4405 καὶ
2413 4351 2471 4402 tv
2517 4350 2658 4402 τίσιν
2709 4348 2862 4401 ἔσται
2896 4348 3079 4417 τυχὸν,
3116 4349 3212 4401 καὶ
3250 4351 3481 4419 ὅποιπερ
3518 4346 3583 4400 ἂν
3629 4346 3700 4398 τὰ
3734 4350 3872 4398 κατ’

2272 4441 2442 4510 αὐτὴν
2491 4440 2954 4512 ἑκτελευτήσειενο
2996 4442 3270 4511 εἰσκομιεῖ
3317 4457 3420 4492 που
3462 4440 3681 4501 πάντως
3727 4439 3874 4505 ἡμῖν

2271 4535 2372 4603 τῆς
2433 4534 2772 4604 προφητείας
2819 4535 2851 4604 ή
2906 4534 3205 4604 ἀφήγησις.
3257 4531 3448 4603 Ἀθρει
3489 4532 3546 4584 δὲ
3589 4531 3735 4592 ὅπως
3779 4524 3872 4590 οἷς

2276 4628 2374 4696 μὲν
2401 4627 2508 4678 ἀπὸ
2538 4624 2646 4678 τῶν
2680 4625 2778 4695 ήδη
2819 4625 3202 4696 γεγενημένων
3241 4625 3308 4678 τὰ
3351 4626 3409 4676 ἐν
3453 4622 3702 4693 ὑστέροις
3743 4623 3873 4673 ἔσο-

2277 4733 2414 4787 μενα
2452 4719 2762 4787 ζωγραφεῖ,
2813 4716 3020 4787 ἑτέροις
3069 4716 3125 4769 δὲ
3180 4712 3246 4769 αὖ
3285 4718 3384 4785 τὴν
3422 4715 3530 4768 τῶν
3575 4714 3870 4784 ὀνομάτων

2272 4809 2567 4877 ἀφήγησιν,
2603 4808 2719 4876 ήτοι
2757 4807 2855 4876 τὴν
2886 4807 3202 4878 ἑρμηνείαν,
3255 4808 3488 4875 μήνυσιν
3517 4803 3707 4874 ὥσπερ
3735 4807 3871 4857 τινὰ

2273 4902 2512 4951 ποιεῖται
2533 4896 2643 4950 τῶν
2669 4897 2976 4966 ¹ἐσομένων,
3008 4898 3102 4951 καὶ
3136 4897 3284 4966 σαφῆ
3319 4896 3718 4966 προανάὸειξιν.
3764 4895 3810 4947 Γ
3812 4897 3870 4946 έ-

2274 5007 2517 5064 γραπται
2538 4990 2717 5043 τοίνυν
2743 4989 2860 5042 ὡδίυ
2895 5008 2912 5040 ι
2957 4990 3213 5044 Ἐκάλεσε
3241 4989 3298 5042 δὲ
3335 4987 3530 5042 Ἰακὼὸ
3559 4991 3687 5052 τοὺς
3709 4989 3869 5050 υἱοὺς

2275 5083 2462 5148 αὐτοῦ,
2500 5085 2593 5136 καὶ
2636 5077 2757 5134 εἷπε
2785 5098 2798 5112 ·
2840 5082 3153 5153 Συνάχοητε
3181 5083 3266 5136 ἵνα
3300 5082 3623 5150 ἀπαγγείλω
3653 5081 3786 5150 ὑμῖν
3811 5083 3868 5132 τί

2273 5176 2576 5244 ἀπαντήσει
2623 5174 2751 5244 ὑμῖν
2792 5175 2876 5226 ἐπ’
2908 5173 3138 5244 ἐσχάτου
3183 5173 3292 5226 τῶν
3332 5174 3578 5244 ἡμερῶν.
3648 5172 3866 5241 ’Λθροί-

2277 5264 2439 5336 σΘητε
2468 5267 2560 5318 καὶ
2599 5264 2890 5327 ἀκούσατε,
2921 5267 3026 5317 υἱοὶ
3063 5263 3284 5318 Ἰακώϐ·
3322 5264 3594 5318 ἀκούσατε
3644 5263 3866 5331 Ἰσραὴλ

2274 5357 2366 5410 τοῦ
2402 5357 2602 5427 πατρὸς
2633 5357 2800 5426 ὑμῶν.
2844 5377 2860 5406 ι

2841 5467 2976 5534 Περὶ
3032 5466 3322 5534 Ῥουσείμ.

2353 5598 2370 5630 ι
2422 5577 2675 5648 Ῥουῦεὶμ
2725 5576 3069 5648 πρωτότοκος
3120 5594 3260 5646 μου,
3312 5575 3376 5629 σύ
3426 5573 3580 5643 ἰσχύς
3626 5589 3731 5643 μου
3767 5576 3868 5627 καὶ

676 5825 752 5894 (l)
782 5822 981 5894 Supple
1017 5833 1080 5873 ex
1108 5817 1226 5872 cod.
1268 5815 1946 5888 ίΙαιικὶιιηοβεωρήμασιν
1973 5816 2380 5889 ὲπιριπτοῦντες
2408 5816 2657 5888 βάσανον,
2682 5816 2760 5869 ὅτι
2791 5819 2886 5888 τῆς
2928 5815 3196 5870 Ἰουδαίων
3219 5810 3568 5882 Συναγωγῆς,
3592 5810 3724 5884 ἦα..
