4074 6260
607 335 719 402 559,

1599 333 1652 386 S.
1693 331 1970 387 CYRiLLl
2005 331 2478 388 ALEXANDMNI
2511 333 2830 388 ARCHIEP.

3770 329 3882 384 5m

608 450 745 504 Nam
799 447 966 504 rixosi
1009 461 1225 515 seniper
1264 455 1318 499 et
1372 445 1576 516 stupidi
1635 444 1893 500 Pharisaei
1943 444 2013 500 ad
2062 460 2189 500 eum

2299 448 2511 517 ἐκείνης
2564 447 2672 500 Καὶ
2715 447 2778 500 σὺ
2825 443 3219 514 ιξεπόρνευσας
3258 441 3315 492 ὲν
3365 440 3589 509 ποιμέσι
3628 439 3882 505 πολλοῖς,

609 549 964 600 accesserunt
1009 540 1258 596 dicentes
1293 557 1305 593 :
1361 559 1378 591 ι
1417 538 1595 606 Quare
1625 539 1880 610 discipuli
1906 540 1984 594 tui
2014 549 2192 596 trans—

609 634 934 705 grediuntur
987 631 1335 688 traditionem
1377 633 1707 688 seniorum?
1745 633 1864 688 Non
1913 633 2062 688 enim
2115 633 2192 689 la—

609 731 737 779 vant
761 739 957 779 manus
983 739 1110 778 suas
1137 739 1262 779 cum
1291 739 1488 794 panem
1513 725 1864 780 manducant.
1903 745 1920 777 ι
1951 725 2032 781 Ad
2053 741 2193 796 quos

606 813 896 868 Christus:
935 832 952 863 ι
987 812 1166 878 Quare
1189 821 1245 868 et
1267 829 1384 880 vos,
1421 813 1519 879 ait,
1561 814 2002 885 transgredimini
2033 830 2190 869 man-

607 907 736 963 data
773 908 867 964 Dei
908 919 1133 980 propter
1171 911 1521 968 traditionem
1557 912 1838 966 vestram?
1881 911 2014 966 Nam
2049 911 2192 968 Deus

609 1001 782 1056 dixit:
813 1002 1032 1058 Honora
1058 1013 1266 1073 patrem
1289 1013 1345 1059 et
1365 1012 1594 1059 matrem
1626 1014 1798 1068 tuam,
1842 1012 1903 1058 ut
1938 1003 2078 1057 bene
2120 1003 2193 1057 sit

612 1094 732 1149 tibi.
761 1095 868 1150 Vos
901 1105 1084 1151 autem
1110 1098 1293 1154 dicitis
1323 1115 1335 1150 :
1361 1097 1684 1167 Quicunque
1712 1097 1914 1153 dixerit
1934 1096 2076 1166 patri
2107 1096 2191 1150 vel

614 1186 776 1241 matri
809 1185 1024 1242 Corbau
1049 1190 1175 1258 (hoc
1196 1199 1298 1254 est,
1324 1191 1527 1245 donum
1551 1190 1916 1260 quodcunque
1935 1188 2101 1244 fuerit
2125 1202 2192 1241 ex

614 1294 723 1342 me,
767 1287 818 1334 te
853 1281 1112 1350 juvabit.)
1148 1299 1256 1336 non
1303 1283 1595 1337 honorabit
1645 1292 1856 1352 patrem
1901 1296 2060 1336 suum
2098 1289 2192 1334 aut

613 1377 862 1436 matrem,
903 1380 959 1425 et
989 1372 1066 1426 sic
1105 1373 1323 1426 irritum
1367 1373 1577 1428 fecistis
1607 1373 1924 1428 mandatum
1963 1372 2060 1426 Dei
2090 1386 2192 1441 per

612 1461 934 1518 traditiones
980 1474 1197 1520 vestras
1231 1464 1298 1516 ⁸³.
1332 1486 1348 1516 ι
1401 1465 1602 1520 Audin’
1631 1465 1908 1535 quomodo
1945 1463 2048 1520 sub
2073 1463 2193 1518 aliis

608 1551 843 1607 ducibus
885 1553 990 1608 alia
1030 1570 1194 1624 quam
1241 1570 1272 1608 α
1306 1555 1618 1624 legislatore
1667 1554 1914 1608 instituta
1945 1560 2094 1618 sunt,
2137 1561 2194 1607 et

609 1659 801 1714 sapere
848 1655 904 1700 et
948 1645 1127 1701 facere
1174 1647 1672 1718 prmsumpserint?
1709 1648 1998 1703 Fornicata
2026 1647 2192 1718 igitur

608 1743 691 1788 est
730 1735 1044 1791 Iudaeorum
1083 1737 1382 1810 Synagoga.
1413 1739 1508 1794 Illa
1539 1755 1670 1794 vero
1703 1756 1825 1810 qua:
1851 1739 2006 1810 virgo
2045 1747 2192 1795 easta

2294 540 2388 593 καὶ
2425 539 2775 608 άνέκαμπτες
2805 535 2940 606 πρός
2969 551 3073 605 με;
3110 531 3260 601 λέγει
3286 530 3511 602 Κύριος.
3544 547 3565 581 ι
3598 530 3703 584 Τδν
3729 529 3789 584 δέ
3818 546 3888 600 γε

2291 633 2390 702 τῆς
2433 631 2524 684 ἐπὶ
2565 628 2740 699 τούτῳ
2785 627 3042 698 πορνείας
3092 626 3294 696 τρόπον
3342 623 3436 676 καὶ
3468 622 3627 687 αὑτδς
3673 623 3808 692 ἡμῖν
3856 624 3887 675 6

2293 717 2484 789 Σωτὴρ
2520 716 2797 781 ὑπέδειξεν
2841 715 3105 786 ἐναργῶς.
3144 715 3206 767 Οί
3243 713 3341 784 μὲν
3383 713 3494 783 γάρ
3524 712 3786 781 φιλαίτιοι
3821 729 3883 766 τε

2293 811 2379 864 ἀεὶ
2427 810 2522 865 καὶ⁵
2571 809 2822 863 ἀσύνετοι
2885 809 3170 879 Φαρισαῖοι
3236 805 3547 878 προσῄεσαν
3595 803 3882 872 λέγοντες·

2297 922 2316 954 ι
2355 903 2508 957 Διατί
2534 905 2584 955 οἰ
2615 900 2859 973 μαθηταί
2891 917 2986 953 σου
3015 898 3416 970 παραϐαίνουσι
3443 897 3542 968 τὴν
3580 896 3892 967 παράδοσιν·

2292 993 2400 1046 τῶν
2442 990 2862 1064 πρεσϐυτέρων;
2909 989 2983 1040 Οὑ
3025 987 3136 1060 γὰρ
3186 988 3466 1042 νίπτονται
3510 986 3609 1050 τὰς
3657 988 3882 1056 χεῖρας,

2292 1085 2420 1137 ὅταν
2451 1084 2613 1155 άρτον
2645 1081 2889 1141 ἐσθίουσι.
2938 1101 2958 1132 ι
3011 1081 3153 1151 Πρὸς
3199 1079 3396 1143 αὐτοὺς
3440 1078 3498 1131 δὲ
3542 1080 3570 1131 6
3613 1078 3879 1148 Χριστός·

2301 1195 2318 1227 ι
2357 1174 2506 1230 Διατί
2538 1175 2632 1230 καὶ
2670 1175 2826 1246 ὑμεῖς
2855 1172 3224 1244 παραδαίνετε
3252 1171 3351 1242 τὴν
3385 1169 3605 1240 ἐντολὴν
3626 1168 3720 1223 τοῦ
3744 1169 3882 1223 Θεοῦ

2292 1267 2381 1321 διὰ
2404 1267 2501 1339 τὴν
2525 1267 2822 1338 παράδοσιν
2851 1267 2878 1318 ὑ
2888 1267 3040 1336 μῶν;
3075 1265 3133 1317 '0
3159 1263 3267 1336 γὰρ
3284 1263 3418 1326 Θεὸς
3443 1259 3585 1316 εἴπεο
3615 1261 3764 1331 Τίμα
3789 1262 3882 1314 τὸν

2295 1360 2508 1434 πατέρα
2547 1377 2639 1414 σου
2686 1361 2778 1413 καὶ
2804 1360 2900 1430 τὴν
2928 1358 3140 1430 μητέρα
3167 1373 3285 1420 σου,
3313 1357 3401 1408 ἵνα
3429 1350 3486 1409 εὖ
3513 1371 3597 1407 σοι
3623 1353 3875 1422 γένηται·

2296 1455 2452 1526 ὑμεῖς
2481 1453 2539 1506 δὲ
2581 1452 2790 1520 λέγετε,
2833 1450 3018 1521 φησίνο
3053 1452 3149 1513 Ὃς
3172 1448 3268 1502 ἐὰν
3297 1448 3428 1519 εἴπῃ
3453 1445 3531 1517 τῷ
3557 1444 3728 1516 πατρὶ
3755 1444 3788 1514 ἢ
3813 1448 3880 1515 τῇ

2298 1545 2467 1618 μητρί
2504 1545 2669 1599 αὑτοῦ
2721 1543 2960 1613 Κορϐάν,
2993 1544 3019 1595 ὅ
3052 1543 3170 1594 ἐστι
3219 1540 3392 1612 δῶρον
3433 1539 3461 1592 ὃ
3505 1539 3599 1593 ἐὰν
3636 1537 3697 1602 ἐξ
3745 1536 3880 1608 ἐμοῦ

2293 1638 2602 1708 ὠφεληθῇς,
2634 1638 2692 1690 οὑ
2737 1637 2812 1707 μὴ
2857 1636 3076 1706 τιμήσει
3116 1634 3209 1686 τὸν
3237 1632 3451 1703 πατέρα
3492 1628 3658 1685 αὑτοῦ
3703 1630 3739 1700 ἢ
3780 1628 3881 1698 τὴν

2299 1730 2513 1801 μητέρα
2548 1727 2736 1792 αὑτοῦ,
2771 1729 2864 1782 καὶ
2896 1725 3222 1797 ἡκυρώσατε
3251 1725 3350 1796 τὴν
3376 1723 3596 1794 ἐντολὴν
3619 1721 3716 1775 τοῦ
3744 1719 3880 1774 Θεοῦ

608 1830 694 1878 cst
727 1833 784 1880 et
815 1799 1328 1899 iuculpataiatqu;
1355 1851 1372 1882 ι
1410 1831 1478 1886 ab
1507 1831 1652 1885 omni
1685 1799 1896 1886 macula
1937 1799 2193 1901 rugisque

2299 1799 2384 1876 διὰ
2417 1799 2516 1891 την
2554 1820 2851 1892 παράδοσιν
2885 1819 3059 1892 ὑμῶν.
3105 1835 3123 1869 ι
3174 1816 3416 1880 Ἀκούεις
3453 1817 3603 1879 ὅπως
3628 1815 3720 1882 ὑφ’
3765 1813 3882 1865 ὲτὲ-

611 1913 784 1970 Iibera
812 1915 880 1981 ",
911 1936 928 1966 ι
965 1917 1068 1972 hoc
1100 1928 1184 1972 est
1233 1919 1497 1984 Ecclesia,
1543 1921 1814 1991 promittit
1848 1936 1905 1975 se
1949 1931 2191 1975 sanctam

611 2013 668 2058 ct
713 2003 1094 2063 intemeratum
1139 2009 1360 2065 Christo
1408 2012 1647 2083 coujugii
1683 2011 1912 2068 formam
1943 2023 2191 2068 servatu-

615 2115 751 2163 ram,
783 2098 1010 2156 dicens:
1050 2121 1066 2150 ι
1100 2101 1462 2158 Fratermeus
1482 2113 1567 2158 est
1587 2104 1932 2175 mihi,etego
1953 2104 2054 2174 ipsi
2073 2106 2138 2158 ".
2168 2125 2186 2156 ι

611 2191 929 2246 Statuemus
961 2191 1144 2261 itaque
1186 2193 1240 2250 in
1275 2201 1465 2264 typum
1493 2193 1788 2266 Syuagoga:
1816 2195 2067 2264 pellicem
2100 2195 2189 2249 Ja-

610 2284 736 2350 cob,
771 2284 975 2340 Ballam
1007 2286 1292 2352 nimirum,
1321 2303 1447 2342 cum
1471 2304 1578 2358 qua
1611 2302 1936 2358 congressus
1957 2298 2042 2344 est
2076 2289 2191 2343 Ru-

614 2380 740 2445 ben,
776 2379 882 2434 hoc
903 2387 1008 2442 est,
1034 2379 1432 2449 primogenitus
1461 2381 1712 2450 populus,
1736 2381 2040 2450 praesertim
2066 2396 2191 2435 cum

613 2471 759 2526 Bulla
783 2471 1052 2542 significet
1071 2473 1363 2526 utveterata
1387 2489 1404 2536 ;
1432 2479 1488 2526 et
1516 2472 1730 2537 Ruben,
1761 2471 1905 2540 ﬁlius
1932 2474 2190 2527 contami-

615 2564 863 2617 natiom‘s.
890 2563 1194 2617 inveterata
1225 2563 1372 2618 enim
1403 2571 1507 2626 est,
1545 2572 1601 2627 et
1636 2565 1791 2634 quasi
1830 2565 1982 2635 rugis
2030 2565 2194 2638 214

613 2652 850 2708 obducta
892 2653 1206 2708 Iudaeorum
1252 2653 1532 2725 Synagoga
1563 2673 1576 2709 τ
1621 2664 1676 2710 at
1710 2671 1884 2710 novus
1922 2665 1979 2710 et
2018 2656 2193 2711 fidelis

615 2744 850 2814 populus
890 2761 922 2800 e
959 2744 1174 2799 diverso
1211 2744 1465 2799 effloruit.
1505 2747 1735 2816 Propter
1763 2747 1910 2800 hunc
1933 2754 1992 2800 et
2019 2747 2191 2801 David

611 2851 738 2889 cum
761 2836 962 2906 gaudio
995 2837 1177 2907 psallit
1214 2855 1226 2890 :
1276 2857 1292 2887 ‹
1323 2838 1565 2908 Papulus
1602 2839 1696 2908 qui
1723 2848 1962 2903 creatur,
2000 2839 2192 2894 lauda-

608 2928 696 2983 bit
721 2929 1013 2986 Dominum
1043 2931 1110 2996 ⁸⁸,
1151 2949 1168 2981 ι
1200 2937 1389 3001 utpote
1416 2946 1556 2986 nova
1589 2940 1842 2986 creatura
1875 2932 1931 2986 in
1951 2930 2188 2997 Christo,

613 3019 756 3075 sicut
784 3022 1048 3091 scripturn
1075 3029 1179 3076 est.
1202 3021 1453 3091 lmpurus
1479 3029 1661 3076 autem
1687 3029 1743 3076 et
1764 3038 1996 3092 rugosus
2034 3023 2192 3076 intel-

2302 1931 2416 1985 ροις
2448 1914 2734 1984 γεγονότες
2773 1912 3113 1984 καθηγηταῖς
3154 1909 3317 1980 ἕτερα
3361 1908 3496 1962 ἅττα
3536 1906 3691 1978 παρὰ
3719 1904 3781 1957 τὸ
3804 1903 3886 1973 τῷ

2301 2005 2568 2078 νομοθέτῃ
2594 2004 2786 2059 δοκοῦν
2831 2004 3050 2074 φρονεῖν
3094 2003 3189 2056 καὶ
3230 2001 3363 2073 δρᾷν
3407 1997 3677 2070 ᾑρημένοι
3715 2013 3884 2049 κατα-

2301 2096 2606 2168 φωραθεῖεν
2637 2095 2703 2150 ἂν
2747 2094 2841 2149 καὶ
2873 2094 2994 2149 λίαν
3037 2093 3312 2164 άμογητί;
3353 2088 3562 2144 Οὑκοῦν
3605 2085 3886 2155 ἐκπεπόρ-

2299 2196 2492 2243 νευκεν
2531 2189 2565 2258 ἡ
2610 2189 2720 2242 τῶν
2779 2185 3050 2240 Ἰουδαίων
3091 2182 3410 2253 Συναγωγὴ,
3447 2180 3561 2234 ἀλλ’
3587 2181 3623 2250 ἢ
3651 2196 3716 2248 γε
3741 2194 3886 2248 παρ-

2301 2283 2450 2346 θένος
2482 2281 2619 2352 ἁγνή
2644 2297 2706 2334 τε
2735 2280 2830 2334 καὶ
2852 2279 3104 2350 ἄμωμος,
3130 2276 3164 2347 ἡ
3195 2275 3384 2328 σπίλου
3408 2272 3608 2336 παντὸς
3632 2271 3728 2330 καὶ
3745 2268 3883 2341 ῥυτί-

2297 2375 2404 2428 δων
2436 2371 2829 2442 ἀπηλλαγμένη
2848 2411 2863 2430 ,
2901 2369 3204 2429 τουτέστιν,
3232 2369 3266 2435 ὴ
3317 2363 3616 2434 Ἐκκλησία
3638 2403 3652 2425 ,
3688 2360 3885 2421 σεπτρν

2300 2474 2393 2526 καὶ
2419 2469 2786 2541 άδιαλώόητον
2815 2468 2892 2539 τῷ
2917 2465 3140 2538 Χριστῷ
3165 2466 3256 2519 τὸν
3283 2466 3382 2535 τῆς
3413 2461 3675 2531 συζυγίας
3700 2461 3886 2530 διατη-

2304 2565 2490 2636 ρήσειν
2517 2561 2686 2615 τύπον
2711 2561 3050 2630 ὑπισχνεῖται
3081 2557 3332 2625 λέγουσα·
3369 2574 3404 2638 ἰ
3447 2553 3754 2620 ’Λδελιριδός
3781 2569 3884 2623 μου

2299 2657 2457 2728 ἐμοὶ,
2489 2653 2644 2723 κάγὼ
2669 2653 2838 2722 αὐτῷ.
2873 2671 2891 2702 ι
2924 2649 3136 2703 Οὐκοῦν
3170 2649 3249 2711 είς
3274 2647 3458 2701 εἰκόνα
3477 2646 3574 2715 τῆς
3619 2644 3884 2698 Ἰουδαίων

2299 2749 2653 2818 Συναγωγῆς,
2681 2745 2781 2816 τὴν
2810 2743 2904 2797 τοῦ
2947 2740 3141 2796 Ἰακὼϐ
3169 2738 3522 2809 παροίσωμεν
3555 2735 3880 2799 παλλακίδςι,

2301 2842 2444 2912 φημί
2467 2839 2531 2911 δὴ
2576 2838 2675 2909 τὴν
2710 2837 2919 2891 Βάλλαν
2943 2875 2959 2899 ,
3077 2830 3478 2902 κεκοινώνηκεν
3511 2830 3540 2882 6
3597 2826 3878 2896 Ῥουὸεὶμ,

2298 2935 2594 2999 τουτέστιν,
2624 2935 2652 2987 6
2685 2932 3026 3004 πρωτότοκος
3055 2930 3206 2994 λαός*
3237 2926 3450 3000 μάλισθ’
3479 2927 3563 2980 ὅτι
3595 2923 3889 2994 ἑρμηνεύε-

2297 3047 2390 3086 ται
2421 3030 2519 3102 μὲν
2561 3031 2596 3100 ἠ
2641 3026 2822 3080 Βάλλα
2860 3021 3359 3092 πεπαλαιωμένη,
3415 3019 3511 3072 καὶ
3552 3019 3580 3070 6
3626 3015 3888 3085 Ῥουεεὶμ

613 3111 707 3182 ligi
749 3111 915 3168 debet
951 3114 1185 3183 populus
1218 3115 1403 3177 lsrael,
1443 3130 1568 3169 cum
1610 3113 1814 3169 Christi
1849 3114 2188 3184 purificatio-

2301 3126 2431 3191 υἱός
2453 3124 2870 3191 ,Βεσηλώσεωᾳ
2908 3117 3295 3173 Πεπαλαίωται
3323 3114 3432 3185 γὰρ
3461 3113 3555 3167 καὶ
3589 3109 3886 3180 ῥυτιδώδης

613 3219 740 3258 nem
784 3219 894 3259 nou
935 3207 1254 3275 susceperit.
1295 3205 1366 3260 At
1391 3207 1524 3275 quid
1553 3207 1698 3271 dico,
1728 3222 1838 3262 non
1869 3209 2194 3276 susceperit,

614 3311 740 3349 cum
783 3297 951 3350 etiam
997 3298 1047 3350 ei
1092 3297 1186 3366 qui
1219 3297 1285 3351 ad
1327 3297 1623 3366 puritatem
1644 3299 1896 3364 vocabat,
1931 3299 2200 3354 violentas

616 3401 812 3442 manus
845 3387 1095 3442 intulerit
1123 3387 1146 3439 ?
1175 3387 1331 3443 Unde
1367 3403 1466 3457 per
1492 3404 1681 3443 vocem
1719 3398 2032 3444 sanctorum
2068 3406 2199 3459 pro-

617 3476 906 3544 phetarum
933 3476 1142 3530 dictum
1163 3485 1267 3540 est,
1289 3477 1489 3531 alicubi
1525 3477 1748 3546 quidem
1773 3496 1786 3531 :
1817 3497 1835 3528 ι
1863 3478 1918 3532 Si
1946 3477 2200 3549 Ethiops

616 3567 852 3621 mutabit
902 3568 1101 3638 pellem
1141 3583 1317 3633 suam,
1367 3576 1423 3621 et
1462 3567 1698 3637 pardalis
1753 3583 1878 3624 suas
1937 3569 2197 3632 maculas,

619 3670 754 3714 tunc
784 3669 842 3714 et
881 3675 979 3715 vos
1007 3660 1262 3731 poteritis
1287 3661 1428 3716 bene
1452 3675 1632 3731 agere,
1661 3662 1755 3730 qui
1788 3661 1856 3716 ad
1890 3663 2030 3716 maia
2069 3678 2200 3716 eru-

616 3752 716 3807 diti
737 3753 870 3808 estis
900 3753 966 3808 "'.
1005 3772 1023 3805 ι
1052 3753 1266 3809 Alicubi
1291 3769 1420 3808 vero
1439 3754 1511 3809 ita
1531 3753 1598 3808 ad
1617 3753 1920 3810 Jerusalem
1943 3764 2202 3825 tanquam

617 3843 685 3899 ad
715 3845 1000 3901 mulierem
1025 3865 1037 3900 :
1067 3866 1084 3898 ι
1121 3847 1177 3902 Si
1199 3845 1384 3903 abluta
1405 3846 1576 3904 fueris
1611 3849 1757 3903 nitro
1782 3856 1837 3904 et
1870 3848 2200 3918 multiplica-

619 3937 763 3993 veris
790 3938 891 3993 tibi
927 3938 1029 4010 ipsi
1049 3939 1298 4005 herbam,
1329 3949 1508 3996 tamen
1537 3955 1719 3996 coram
1743 3956 1828 3996 mc
1853 3955 1914 3996 es
1933 3941 2202 3996 macuiata

619 4030 674 4082 iu
711 4027 822 4084 t'uis
851 4029 1025 4100 ipsius
1069 4030 1472 4100 iniquitatibus,
1505 4031 1641 4088 dicit
1669 4029 1936 4090 Dominus
1963 4032 2030 4084 ⁸⁸.
2069 4051 2086 4083 ›
2115 4031 2204 4087 Ja-

619 4120 724 4174 rob
753 4120 920 4190 igitur
941 4121 1021 4176 ait
1053 4140 1066 4174 :
1112 4142 1130 4173 ι
1154 4123 1350 4178 Ruben
1387 4124 1789 4195 primogenitae
1811 4139 1985 4179 meus.
2029 4123 2110 4179 Tu
2144 4141 2204 4180 es

621 4209 888 4266 fortitudo
934 4226 1054 4266 mea
1091 4221 1148 4267 et
1175 4215 1509 4283 principium
1541 4217 1840 4271 liberorum
1879 4233 2149 4273 meorum.
2178 4239 2194 4269 ι

625 4301 682 4353 lu
725 4300 1092 4371 primogenito
1138 4304 1286 4358 enim
1343 4306 1566 4374 populo,
1616 4322 1779 4376 quem
1831 4309 2086 4364 liberavit
2135 4326 2202 4365 cx

621 4387 872 4461 Aigypto,
923 4406 1116 4460 magna
1156 4391 1494 4450 fortitudinis
1526 4396 1850 4467 signiﬁcatio
1879 4399 2027 4454 edita
2057 4409 2139 4455 est
2172 4416 2202 4454 a

2306 3234 2367 3286 γε
2401 3217 2506 3288 μὴν
2541 3218 2574 3286 η
2616 3213 2723 3268 τῶν
2770 3211 3038 3265 Ἰουδαίων
3083 3207 3416 3278 Συναγωγή·
3447 3204 3723 3272 άντανέφυ
3767 3203 3822 3255 δὲ
3860 3205 3887 3254 6

2299 3307 2416 3369 νέος
2452 3306 2547 3359 καί
2593 3306 2652 3357 ὲν
2693 3304 2876 3357 πίστει
2917 3300 3068 3364 λαός.
3113 3298 3227 3352 Καὶ
3270 3298 3356 3351 ἐπ’
3403 3294 3554 3366 αὑτῷ
3582 3293 3648 3364 δὴ
3677 3293 3887 3364 χαίρων

2299 3396 2548 3467 ψαλλέτω
2580 3395 2762 3449 Δαϐίδ·
2801 3413 2820 3446 ι
2849 3391 2990 3457 Λαὸς
3019 3395 3048 3446 6
3077 3391 3395 3461 κτιζόμενος
3421 3389 3632 3443 αἰνέσει
3655 3386 3749 3449 τὸν
3776 3385 3886 3438 Κύ-

2303 3505 2436 3560 ριον.
2478 3507 2496 3540 ι
2550 3486 2727 3557 Καινὴ
2769 3485 2879 3557 γὰρ
2919 3485 3100 3548 κτίσις
3127 3483 3198 3536 τὰ
3236 3485 3294 3536 ὲν
3335 3480 3591 3553 Χριστῷ,
3619 3477 3766 3532 κατὰ
3788 3477 3886 3537 τὰς

2302 3579 2544 3650 Γραφάς·
2579 3577 2805 3648 βέϐηλος
2833 3577 2890 3630 δὲ
2919 3577 3014 3632 καὶ
3043 3573 3232 3646 ῥυπῶν
3259 3575 3419 3628 νοοῖτ’
3457 3573 3523 3626 ἂν
3562 3574 3590 3625 6
3629 3569 3851 3641 Ἰσραὴλ
3871 3609 3885 3630 ,

2301 3671 2398 3742 τὴν
2440 3670 2528 3724 διὰ
2568 3669 2808 3742 Χριστοῦ
2852 3667 3120 3740 κάθαρσιν
3170 3667 3272 3720 οὑκ
3324 3661 3752 3733 είσδεδεγμένος·
3794 3662 3887 3714 καὶ

2298 3763 2351 3817 τί
2381 3760 2525 3831 λέγω
2557 3761 2745 3826 τοῦτο;
2779 3759 2872 3813 καὶ
2911 3757 3062 3828 αὑτῷ
3099 3757 3199 3820 τὰς
3236 3758 3426 3827 χεῖρας
3465 3751 3782 3822 ἐπενεγκὼν
3810 3749 3890 3821 τῷ

2300 3851 2549 3906 λαλοῦντι
2592 3850 2729 3922 πρὸς
2770 3848 3058 3915 κάθαρσιν.
3100 3847 3389 3914 Τοιγάρτοι
3434 3843 3526 3897 καὶ
3567 3841 3659 3896 διὰ
3704 3840 3888 3910 φωνῆς

2303 3942 2481 3998 αὑτῶν
2511 3942 2724 4011 εἴρηται
2751 3938 2857 3994 τῶν
2882 3938 3052 4007 ἁγίων
3085 3936 3400 4006 προφητῶν,
3431 3935 3564 3988 ποτὲ
3595 3935 3698 4005 μέν
3719 3948 3732 3961 ·
3773 3950 3792 3984 ι
3825 3931 3886 3985 Εί

2302 4034 2593 4101 ἀλλάξεται
2616 4031 2808 4100 Αἰθίοψ
2833 4032 2895 4083 τὸ
2933 4029 3110 4100 δέρμα
3148 4028 3337 4091 αὑτοῦ,
3389 4027 3484 4081 καὶ
3515 4024 3783 4094 πάρδαλις
3820 4025 3888 4075 τὰ

2303 4129 2637 4199 ποικίλματα
2665 4125 2856 4195 αὑτῆς·
2890 4123 2984 4178 καὶ
3028 4124 3187 4193 ὑμεῖς
3227 4120 3523 4190 δυνήσεσθε
3566 4115 3625 4172 εὖ
3665 4118 3887 4188 ποιῆσαι

2306 4225 2687 4296 μεμαθηκότες
2719 4221 2787 4275 τὰ
2819 4220 2984 4274 κακά’
3019 4238 3038 4270 ι
3068 4217 3198 4271 ποτὶ
3219 4216 3277 4270 δὲ
3304 4210 3370 4269 αὖ
3395 4215 3471 4278 ὡς
3493 4214 3632 4285 πρὸς
3653 4213 3888 4283 γυναῖκα

2303 4318 2401 4389 τὴν
2452 4314 2842 4387 Ἰερουσαλήμο
2893 4330 2912 4363 t
2969 4311 3096 4364 Ἐὰν
3129 4309 3414 4380 ἁπὺπλύνῃ
3459 4309 3518 4361 ὲν
3551 4307 3757 4377 νίτρῳ,
3791 4304 3887 4357 καὶ

2307 4407 2584 4477 πληθὺνῃς
2615 4405 2814 4474 σεαυτῇ
2861 4403 3018 4468 πόαν,
3059 4401 3424 4470 κεκηλίδωσαι
3463 4397 3705 4452 ἐναντίον
3751 4394 3886 4465 ἐμοῦ

623 4480 754 4534 Deo.
787 4477 1164 4552 Egyptiorum
1194 4484 1342 4539 enim
1372 4486 1522 4557 regio
1553 4488 1907 4544 multifariam
1935 4490 2195 4560 mirisque

2309 4499 2364 4551 ἐν
2382 4497 2501 4557 ταῖς
2522 4496 2770 4565 ἅνομίαις
2787 4511 2901 4559 σου,
2920 4491 3066 4562 λέγει
3086 4493 3306 4564 Κύριος.
3333 4509 3352 4544 ι
3374 4521 3446 4530 -
3467 4509 3486 4541 ι
3508 4486 3887 4558 Ῥουσεὶμτοί-

624 4570 804 4627 modis
837 4573 1026 4641 punita
1064 4583 1167 4640 est,
1213 4576 1376 4631 modo
1417 4579 1575 4648 aquis
1612 4580 1665 4633 in
1715 4582 2036 4650 sanguinem
2063 4598 2199 4637 con-

623 4661 820 4725 versis,
861 4662 1024 4718 modo
1064 4665 1336 4721 culicibus
1371 4669 1642 4733 excitatis,
1678 4669 1840 4726 modo
1870 4672 2016 4727 illata
2047 4688 2198 4738 rana,

624 4767 773 4809 nunc
799 4753 1043 4809 immissa
1061 4757 1345 4826 grandine,
1370 4775 1517 4815 nunc
1547 4761 1778 4816 sublatis
1801 4763 2198 4835 primogenitis,

623 4855 891 4915 praeterea
911 4847 1173 4903 euntibus
1193 4863 1290 4920 per
1327 4851 1570 4906 medium
1605 4868 1776 4918 mare,
1815 4862 2070 4925 tauquatu
2105 4874 2202 4927 per

624 4939 830 4996 siceum
849 4939 1118 4996 liberatis.
1154 4941 1347 4998 Ruben
1375 4943 1556 5014 itaque
1580 4955 1808 5000 eatenus
1831 4947 2081 5017 fortitudo
2111 4949 2203 5004 Dei

625 5039 710 5086 est
741 5041 988 5087 vocatus.
1011 5032 1118 5088 Sed
1138 5042 1259 5098 erat
1291 5033 1527 5091 diilicilis
1558 5035 1788 5092 toleratu
1811 5048 1866 5094 et
1892 5039 2085 5106 durus,
2125 5051 2205 5096 at-

625 5135 733 5193 que
772 5123 1153 5190 intractabilis,
1205 5127 1312 5184 hoc
1354 5136 1459 5190 est,
1499 5128 1812 5186 inﬂexibilis
1853 5142 1910 5188 et
1950 5135 2201 5204 agrestis,

624 5229 723 5269 seu
755 5212 905 5269 ferus
935 5221 1098 5285 atque
1124 5216 1484 5287 impctuosus.
1515 5219 1688 5274 Judai
1707 5221 1854 5275 enim
1881 5236 2071 5278 revera
2107 5225 2206 5278 im.

625 5307 841 5374 pctuosi
868 5314 995 5363 sunt
1021 5315 1078 5362 et
1101 5307 1359 5365 eﬂrenes.
1381 5309 1520 5365 llinc
1539 5309 1706 5365 etiam
1729 5313 1927 5367 merito
1949 5314 2198 5369 audiunt:

633 5419 651 5447 ι
682 5400 827 5458 Dura
855 5403 1094 5466 cervice,
1119 5409 1175 5456 et
1191 5402 1562 5459 incircumcisi
1584 5403 1749 5457 corde
1767 5411 1931 5474 atque.
1953 5406 2200 5464 auribus.

627 5507 725 5550 vos
748 5509 963 5563 semper
989 5493 1218 5561 Spiritui
1251 5503 1441 5550 saneto
1470 5492 1883 5562 resistitis-“9'.
1925 5516 1942 5547 ι
1982 5495 2122 5563 Quin
2151 5509 2205 5552 et.

699 5674 744 5705 "
775 5675 962 5746 Matth.
990 5691 1082 5746 xv,
1107 5678 1210 5730 1-6.
1289 5677 1330 5702 ’⁸⁵
1353 5676 1552 5746 Ephes.
1580 5688 1632 5734 ν,
1671 5677 1761 5730 2'7.

629 5741 718 5796 ἓξ.
831 5743 949 5775 ”"°
982 5745 1102 5800 Act.
1135 5762 1228 5811 vn,
1263 5745 1352 5798 5|.

1838 5680 1878 5706 "'
1912 5677 2070 5735 Cant.
2099 5697 2155 5748 ιι,
2185 5681 2268 5738 16.
2349 5683 2392 5713 ⁸⁸
2425 5683 2567 5738 Psal.
2603 5700 2669 5747 ει,
2714 5685 2794 5737 l9.

2299 4607 2415 4652 νυν,
2455 4608 2471 4637 ι
2497 4587 2631 4659 φησὶ
2687 4584 2903 4653 Ἰακὼϐ,
2931 4601 2950 4636 ι
2987 4583 3327 4654 πρωτότοκός
3359 4597 3483 4652 μοιν
3511 4581 3577 4634 σὺ
3600 4580 3755 4650 ίσχὺς
3787 4593 3888 4648 μου

2300 4679 2392 4732 καὶ
2433 4678 2574 4749 ἀρχὴ
2625 4677 2835 4730 τέκνων
2862 4692 3005 4746 μου.
3043 4693 3060 4727 ι
3123 4673 3250 4728 Ἐπὶ
3284 4673 3394 4744 γὰρ
3429 4670 3509 4740 τῷ
3554 4665 3889 4737 πρωτατόκῳ

2301 4771 2390 4824 καὶ
2421 4767 2480 4834 ἐξ
2516 4768 2789 4836 Αἰγύπτου
2816 4766 2930 4838 λαῷ
2956 4765 3158 4834 πολλῆς
3190 4763 3372 4834 ἰσχύος
3399 4759 3665 4824 ἐπίδειξις
3693 4759 3884 4827 γέγονε

2302 4863 2453 4934 παρὰ
2491 4862 2648 4916 Θεοῦ.
2699 4861 3018 4924 Ἑκολά-ζετο
3063 4859 3171 4929 γὰρ
3215 4856 3357 4911 κατὰ
3401 4853 3689 4915 πλείστους
3732 4852 3888 4910 ὅσους

2302 4957 2395 5009 καὶ
2446 4955 2544 5008 οὑκ
2593 4953 2978 5024 άθαυμάστους
3035 4950 3269 5022 τρόπους
3322 4946 3434 5000 τῶν
3480 4941 3796 5014 Αίγυπτίων
3855 4941 3888 5008 ἡ

2303 5046 2484 5118 χώρα’
2535 5045 2692 5098 τοῦτο
2735 5045 2834 5114 μὲν
2896 5044 3102 5098 ὑδάτων
3159 5036 3757 5112 μεταστοιχειουμένων
3807 5033 3888 5094 είς

2304 5135 2462 5207 αἷμα,
2493 5136 2735 5188 σκνιπῶν
2777 5132 3272 5205 ἀνερριπισμένων,
3313 5124 3890 5198 ἀνενηνεγμένου-βαο

2303 5230 2506 5299 τράχον
2526 5267 2538 5289 ,
2572 5225 2811 5298 χαλάζης
2843 5225 3194 5293 καθιεμένης,
3220 5221 3582 5292 πρωτοτόκων
3610 5216 3890 5288 ἀνῃρημέο

2309 5337 2432 5381 νων,
2467 5321 2560 5373 καὶ
2590 5317 2724 5389 πρὸς
2747 5319 2957 5379 τούτοις
2987 5315 3066 5368 ἔτι
3090 5315 3177 5367 διὰ
3201 5314 3372 5384 μέσης
3399 5312 3588 5366 ἰόντων
3613 5308 3892 5375 θαλάσσης

2308 5409 2383 5470 ὡς
2400 5407 2486 5460 διά
2511 5407 2680 5478 ξηρᾶς
2699 5405 2808 5458 τῶν
2827 5403 3270 5475 λελυτρωμένων.
3289 5401 3499 5470 Ἰσχὺς
3517 5395 3612 5453 οῦν
3633 5399 3743 5469 ἄρα
3764 5395 3894 5448 tati-

2310 5517 2460 5571 τῃτοι
2489 5500 2634 5554 Θεοῦ
2654 5501 2907 5571 κέκληται
2942 5498 3215 5569 Ῥουϐείμ·
3251 5497 3364 5552 ἀλλ’
3383 5494 3448 5567 ἦν
3475 5494 3709 5565 σκληρὸς
3735 5494 3886 5564 φέρε-

2874 5688 2913 5714 ¹²τ
2947 5687 3145 5741 Jerem.
3188 5699 3299 5746 xm,
3336 5681 3421 5737 23.
3503 5681 3547 5708 ’⁸
3577 5680 3788 5733 Jerem.
3824 5697 3899 5743 tt,
