4074 6260
1965 172 2040 189 Ὦ..

308 369 407 425 3H
1307 364 1829 421 σιΑΡιιγιιοιιυιι
1870 365 1880 419 1

1982 364 2272 422 GENESIM
2312 367 2438 421 LIB.
2480 367 2591 422 VII.
3464 369 3568 426 διε

306 487 458 550 σθαι,
493 481 595 539 xal.
620 478 864 551 σκληρὸς
891 474 1141 547 αὐθάδης,
1164 475 1464 542 τουτέστιν,
1492 478 1880 552 ἀμεταποίητος

1995 482 2248 539 Christus
2288 479 2401 551 ipse
2436 497 2447 532 :
2490 497 2507 529 ι
2533 475 2727 547 Quem,
2773 477 2869 544 ait,
2914 479 3302 550 prephetarum
3331 496 3443 539 non
3481 484 3570 541 in-

305 578 402 631 καὶ
412 577 527 629 ana
537 572 811 643 μπὴς,καὶ
826 571 1032 641 ἄγριος,
1045 567 1450 634 ἑπελευστικός.
1467 569 1761 653 ὀρμητίαι
1782 572 1880 643 γὰρ

2002 573 2337 628 terfecerunt
2364 581 2548 644 patres
2575 571 2745 626 vestri
2771 568 2799 624 ?
2834 570 2902 627 Et
2931 586 3029 627 vos
3062 572 3387 645 implevistis
3419 589 3572 633 men-

304 668 357 721 oi
393 664 646 722 Ἰουδαῖοι
671 661 809 716 κατὰ
834 661 892 714 τὸ
905 659 1098 731 ἀληθὲς
1114 661 1209 715 καὶ
1226 659 1365 713 πολύ
1385 659 1507 715 λίαν
1527 659 1752 734 ἐξήνιοι.
1776 662 1897 719 Tot-

308 752 510 824 γάρτοι
531 750 749 813 δικαίως
765 748 1067 803 ἀκούουσι-ι
1090 747 1565 821 Σκληροτράχηλοι
1587 751 1685 805 καὶ
1702 752 1893 825 ἀπερί-

316 860 514 915 τμητοι
544 841 778 913 καρδίαις
803 840 896 894 καὶ
920 841 1031 905 τοῖς
1050 840 1207 906 ὠσὶν,
1231 842 1391 912 ὑμεῖς
1416 841 1498 896 αεὶ
1522 842 1599 913 τῷ
1616 842 1894 916 Πνεῦματι

318 932 398 1004 τῷ
409 932 542 1003 ἁγίῳ
556 930 917 985 ἀντιπίπτετε.
932 950 951 982 ι
968 931 1078 985 Καὶ
1089 930 1247 996 αὐτὸς
1264 931 1321 985 δέ
1340 933 1369 985 δ
1387 933 1644 1005 Χριστός
1660 952 1681 987 ι
1698 934 1852 997 τίνα,
1869 955 1887 987 ι

322 1026 449 1097 φησί
470 1042 589 1084 που,
613 1043 632 1076 ι
656 1023 764 1077 τῶν
787 1022 1086 1097 προφητῶν
1110 1026 1210 1078 οὐκ
1240 1022 1570 1080 ἀπέκτειναν
1589 1027 1638 1079 οἰ
1658 1025 1894 1095 πατέρες

316 1114 489 1186 ὐμῶνς
517 1115 626 1169 Καὶ
663 1116 825 1185 ὑμεῖς
864 1113 1221 1185 ἐπληρώσατε
1248 1115 1311 1170 τὸ
1347 1115 1548 1188 μέτρον
1582 1117 1694 1171 τῶν
1725 1118 1898 1172 πατέ-

313 1224 422 1275 ρων
451 1203 626 1275 ὐμῶν.
652 1223 674 1258 ι
696 1203 913 1276 ’ἰταμὸς
932 1199 1026 1258 οὖν
1059 1205 1170 1276 ἄρα
1200 1204 1297 1259 καὶ
1331 1190 1886 1281 προαλὴςείςόργάς,

304 1297 394 1350 καὶ
422 1296 702 1353 δύσοιστον
728 1296 869 1368 ἔχων
898 1296 997 1368 τὴν
1028 1296 1216 1366 ἐφοδον
1240 1298 1269 1351 δ
1299 1296 1533 1371 Ἰσραὴλ,
1552 1300 1649 1354 καὶ
1668 1298 1887 1370 ἐξυϐρί-

301 1391 414 1453 ζων
455 1389 532 1454 ὡς
573 1388 720 1461 ὕδωρ
743 1428 760 1455 ,
800 1388 1104 1454 τουτέστιν,
1152 1390 1423 1462 ἀφόρητον
1462 1392 1603 1463 ἔχων
1627 1391 1725 1463 την
1766 1390 1887 1445 καθ’

297 1474 373 1533 ὦν
399 1478 465 1535 ἂν
490 1477 670 1537 ἐλοιτο
692 1477 1067 1551 καταδρομήν.
1095 1479 1351 1535 Τοιαῦται
1379 1480 1487 1553 γάρ
1517 1479 1631 1545 πώς
1657 1481 1796 1534 εἰσιν
1821 1482 1879 1534 αἰ

299 1572 410 1627 τῶν
434 1571 648 1629 ὑδάτων
675 1571 861 1644 φοραί.
913 1590 933 1624 ι
960 1572 1124 1627 Ἀλλὰ
1154 1575 1231 1645 μη
1254 1573 1503 1649 ἐκζέσῃς,
1535 1593 1555 1629 ι
1593 1576 1746 1647 φησί.
1776 1575 1886 1630 Καὶ

300 1664 356 1716 τί
384 1661 454 1733 δὴ
476 1659 638 1715 τοῦτό
662 1662 812 1725 im;
843 1659 915 1715 Τδ
953 1660 1142 1729 ἐκζέον
1166 1662 1310 1734 ὕδωρ
1337 1664 1450 1718 ἄνω
1490 1680 1593 1718 που
1633 1665 1881 1736 φέρεται,

306 1752 418 1808 τῶν
452 1751 698 1824 λεδητων
721 1752 1138 1826 ὑπερχεόμενον,
1174 1756 1267 1811 καὶ
1304 1756 1449 1810 δοκεῖ
1468 1773 1586 1821 πως
1626 1751 1764 1811 εἶναι
1793 1760 1886 1811 καὶ

2000 680 2182 722 suram
2214 673 2432 737 patrum
2452 673 2758 721 vestrorum
2787 664 2856 719 ἰ.
2886 685 2903 716 ι
2941 662 3191 737 Praeceps
3211 665 3375 738 igitur
3396 676 3481 724 est
3512 668 3569 725 in

1999 757 2131 824 iras,
2187 766 2244 812 et
2292 766 2606 824 contumax,
2648 766 2813 828 atque
2858 757 3190 815 intolerabili
3233 757 3439 831 impetu
3479 776 3569 817 ra-

1996 849 2147 919 pitur
2189 847 2376 912 Israel,
2429 859 2593 919 atque
2641 847 2956 904 redundans
3004 856 3067 903 ut
3114 864 3275 920 aqua,
3325 849 3430 906 hoc
3461 858 3566 913 est,

1997 937 2217 994 immani
2249 938 2306 993 in
2333 953 2396 993 ea
2435 954 2555 1009 qua:
2580 939 2695 993 vult
2744 939 2952 1009 impetu
2999 938 3196 993 fertur.
3246 939 3567 1012 Hujusmodi

1994 1030 2139 1086 enim
2185 1038 2270 1086 est
2307 1045 2459 1101 aqua
2496 1030 2776 1086 currentis
2817 1031 3072 1102 impetus.
3113 1052 3130 1083 ι
3165 1031 3272 1087 Sed
3301 1047 3370 1087 ne
3401 1031 3567 1089 eler-

1994 1121 2199 1187 bueris,
2242 1141 2260 1173 »
2318 1121 2514 1192 inquit.
2554 1121 2763 1193 Ecquid
2797 1123 2903 1178 hoc
2954 1122 3090 1177 est?
3142 1125 3295 1195 Aqua
3332 1121 3565 1179 en‘erve-

1992 1227 2153 1268 scens
2196 1227 2414 1267 sursum
2467 1213 2643 1269 fertur
2693 1214 2747 1268 in
2793 1214 3086 1281 lebetibus,
3134 1212 3452 1275 diﬂundens
3482 1227 3562 1277 se,

1993 1304 2067 1358 ita
2118 1311 2178 1358 ut
2233 1304 2405 1359 multa
2455 1320 2574 1360 esse
2625 1305 2894 1361 videatur.
2949 1305 3136 1376 Itaque
3188 1315 3475 1376 postquam
3512 1306 3564 1359 ei

1990 1409 2144 1464 aqua:
2184 1393 2446 1466 impetum
2492 1395 2707 1460 tribuit,
2748 1395 2994 1467 persistit
3027 1395 3083 1450 in
3121 1395 3462 1466 metaphora,
3509 1401 3565 1448 et

1988 1486 2083 1549 ait,
2146 1503 2164 1536 ι
2206 1499 2275 1540 ne
2310 1485 2657 1551 efferbueris,
2697 1505 2714 1537 ι
2768 1486 2873 1541 hoc
2912 1493 3018 1548 est,
3066 1500 3135 1552 ne
3181 1484 3460 1540 extollaris
3509 1484 3563 1537 in

1989 1574 2415 1631 multitudinem.
2460 1575 2718 1632 Israelita:
2756 1575 2903 1631 enim
2936 1590 3033 1647 per
3068 1574 3229 1640 ﬁdem
3266 1576 3320 1630 in
3345 1574 3563 1631 Christo

1982 1666 2265 1739 justiﬂcati
2295 1667 2438 1724 bene
2464 1667 2837 1723 numerabiles
2878 1675 3007 1722 sunt
3037 1676 3288 1739 respectu
3313 1667 3559 1723 multitu-

1989 1759 2133 1815 dinis
2168 1759 2433 1832 gentium.
2478 1758 2640 1830 ἰε
2683 1758 2891 1815 Deinde
2931 1773 3151 1814 causam
3198 1759 3363 1814 affert
3416 1758 3565 1813 illius

312 1842 469 1898 πολύ.
487 1840 701 1914 Ἐπειδὴ
723 1842 901 1899 τοίνυν
925 1844 1117 1911 ὓδατος
1139 1845 1286 1917 αὐτῷ
1305 1845 1680 1917 περιτέθεικεν
1691 1848 1880 1920 ὁρμὴν¹

1988 1849 2135 1921 quod
2168 1850 2451 1917 acciderit,
2480 1858 2535 1906 et
2556 1850 2632 1907 ait
2664 1868 2677 1904 :
2718 1868 2735 1901 ι
2763 1848 3072 1906 Ascendisti
3094 1847 3242 1903 enim
3264 1849 3320 1904 in
3360 1847 3560 1904 lectum

306 1935 558 2005 ἐπιμένει
584 1938 650 2008 τῇ
690 1936 783 1993 τοῦ
825 1935 986 2006 λόγου
1018 1938 1336 2008 μεταφορᾷ.
1370 1938 1467 1992 καί
1510 1953 1676 2010 φησι·
1734 1958 1752 1991 ι
1796 1938 1886 2010 Μὴ

299 2022 570 2097 ἐκζέσῃς,
605 2043 625 2076 ι
666 2024 694 2078 ὃ
725 2024 875 2092 ἐστι,
917 2025 993 2096 μὴ
1033 2025 1350 2099 ὐπεραρθῇς
1380 2028 1459 2091 είς
1488 2025 1723 2097 πλῆθος,
1755 2026 1886 2099 μηδὲ

297 2115 482 2181 γένοιο
526 2113 716 2179 πολύς.
759 2116 1131 2187 εὐαρίθμητοι
1186 2117 1293 2188 γὰρ
1334 2117 1410 2180 ὡς
1467 2118 1603 2186 πρὸς
1643 2117 1741 2188 τὴν
1780 2117 1887 2170 τῶν

307 2205 585 2278 Ἑλλήνων
639 2205 850 2278 πληθὺν
895 2209 944 2260 οί
982 2207 1040 2274 ἐξ
1081 2207 1309 2277 αἵματος
1349 2207 1566 2280 Ἰσραὴλ
1605 2209 1884 2264 ἀνασεσω-

295 2298 492 2368 σμένοι
533 2298 622 2352 διὰ
653 2299 890 2363 πίστεως
928 2298 1025 2369 τῆς
1058 2300 1117 2351 ἐν
1145 2298 1383 2370 Χριστῷ-
1416 2295 1548 2352 Εῐτα
1577 2301 1676 2370 τὴν
1703 2300 1884 2355 αἰτίαν

288 2392 546 2462 ἐπιφέρει
592 2390 688 2445 τοῦ
739 2389 1198 2461 συμϐησομένου,
1243 2391 1337 2443 καί
1390 2407 1542 2461 φησι·
1588 2411 1604 2444 ι
1656 2391 1886 2463 Ἀνέδης

286 2482 397 2553 γαρ
462 2481 555 2535 ἐπὶ
610 2480 801 2550 κοίτην
853 2481 1058 2552 πατρός
1115 2497 1208 2533 σου
1236 2521 1251 2547 ,
1310 2483 1431 2535 τότε
1494 2482 1728 2553 ἐμίανας
1787 2482 1884 2554 τὴν

287 2570 578 2644 στρωμνὴν
643 2565 705 2626 οὗ
750 2571 973 2642 ἀνέσης.
1031 2591 1050 2624 ι
1121 2572 1208 2636 Ὡς
1266 2571 1374 2645 γὰρ
1435 2571 1537 2645 ήδη
1597 2574 1882 2644 προεῖπον,

287 2665 473 2718 οὐκέτι
500 2664 600 2736 μὲν
629 2663 701 2717 τὰ
735 2666 795 2717 ἐν
824 2664 973 2735 νόμῳ
1010 2662 1420 2735 διερευνώμενοι
1464 2664 1558 2719 καὶ
1587 2666 1701 2728 τοῖς
1744 2662 1884 2718 ἄνω·

293 2751 386 2804 θεν
440 2750 641 2821 λογίοις
682 2753 779 2806 καὶ
836 2753 950 2816 τοῖς
1009 2751 1310 2823 ἀνθρώπων
1379 2753 1719 2823 ἐντάλμασι,
1783 2752 1883 2823 τῆς

313 2843 406 2896 ἐπὶ
453 2842 671 2916 Χριστῷ
722 2841 978 2913 γνώσεως
1017 2842 1270 2918 ταύτῃτοι
1306 2843 1739 2916 διημαρτήκασι.
1785 2845 1882 2896 Διὶ

302 2931 458 2986 τοῦτο
494 2934 584 2987 καί
621 2934 782 2998 αὐτός
822 2950 1009 3004 φησιν·
1064 2952 1082 2985 ‹
1145 2934 1436 3005 Ἐρευνᾶτε
1482 2932 1581 2996 τὰς
1625 2932 1878 3006 Γραφὰς,

302 3022 385 3074 δτι
425 3016 579 3092 ὑμεῖς
612 3023 808 3077 δοκεῖτε
843 3025 902 3077 ἐν
929 3024 1124 3087 αὐταῖς
1150 3022 1295 3097 ζωὴν
1320 3023 1537 3077 αἰώνιον
1566 3023 1731 3094 εχειν.
1767 3025 1877 3079 Καὶ

300 3113 518 3167 ἐκεῖναί
545 3114 677 3169 εἰσιν
705 3117 757 3169 αἰ
790 3113 1165 3188 μαρτυροῦσαι
1197 3116 1325 3187 περὶ
1370 3115 1538 3187 ἐμοῦ,
1575 3118 1665 3170 καὶ
1692 3118 1752 3171 οὐ
1785 3117 1875 3171 θέ-

295 3203 420 3257 λετε
452 3202 625 3256 ἐλθεῖν
656 3204 787 3275 πρός
819 3221 910 3277 με,
956 3203 1046 3258 ῖνα
1078 3205 1221 3276 ζωὴν
1255 3204 1433 3276 ἐχητε.
1471 3224 1490 3258 ι
1538 3207 1644 3259 Kal.
1679 3206 1871 3261 πάλιν·

296 3314 316 3347 ε
352 3294 416 3348 Ei
442 3296 755 3350 ἐπιστεύετε
777 3298 985 3363 Μωσεῖ,
1005 3297 1318 3351 ἐπιστεύετε
1347 3295 1413 3352 ἂν
1440 3298 1585 3368 ἐμοί’
1618 3297 1745 3369 περὶ
1764 3297 1872 3371 γὰρ

288 3384 429 3456 ἐμοῦ
461 3387 669 3451 ἐκεῖνος
704 3387 960 3459 έγραψεν.
995 3407 1014 3440 ι
1056 3387 1352 3460 Ἔπῃτιᾶτο
1383 3387 1441 3441 δέ
1473 3387 1592 3442 λίαν
1628 3388 1719 3441 Ital.
1746 3388 1874 3450 τοὺς

284 3476 401 3533 τῶν
441 3476 709 3532 Ἰουδαίων
736 3476 1073 3549 καθηγητὰς,
1110 3476 1255 3532 οὕτω
1280 3477 1475 3547 λέγων·
1512 3496 1531 3529 ι
1560 3478 1694 3532 Οὐαὶ
1722 3478 1871 3548 ὑμῖν,

285 3566 650 3639 Γραμματεῖς
696 3570 790 3623 καὶ
833 3570 1116 3641 Φαρισαῖοι
1161 3569 1492 3641 ὑποκριταὶ,
1536 3570 1616 3623 δτι
1667 3569 1874 3623 κλείετε

284 3661 390 3732 τὴν
425 3659 708 3730 βασιλείαν
738 3660 847 3714 τῶν
888 3660 1133 3732 οὐρανῶν
1160 3660 1474 3732 εμπροσθεν
1513 3660 1621 3714 τῶν
1668 3658 1872 3730 ἀνθρὼ-

287 3766 429 3805 πων.
472 3750 666 3819 Ὑμεῖς
698 3752 808 3824 γὰρ
826 3753 924 3804 οὐκ
958 3751 1290 3821 εἰσέρχεσθε,
1326 3748 1447 3803 οὔτε
1481 3750 1606 3813 τοὺς
1636 3750 1879 3821 εἰσερχο-

290 3841 491 3912 μένους
520 3842 709 3911 ἀφίετε
738 3842 1024 3897 εἰσελθεῖν.
1057 3860 1076 3893 ι
1122 3842 1231 3895 Καὶ
1274 3841 1461 3894 πάλιν·
1500 3857 1519 3892 ι
1550 3841 1689 3895 Οὐαὶ
1728 3840 1877 3910 ὑμῖν,

286 3935 648 4007 Γραμματεῖς
681 3935 776 3989 καὶ
800 3936 1083 4005 1Ιιαρισαίοι
1111 3932 1438 4004 ὑποκριταὶ,
1472 3932 1553 3985 ὅτι
1585 3930 1877 4000 περιάγετε

284 4027 391 4097 τὴν
416 4024 696 4081 θάλασσαν
718 4028 814 4080 καὶ
836 4028 935 4097 τὴν
960 4026 1129 4096 ξηρὰν
1155 4025 1380 4096 ποιῆσαι
1400 4023 1498 4075 ἱνα
1520 4021 1874 4091 προσήλυτον.

285 4118 402 4172 Καὶ
426 4118 555 4173 δταν
579 4118 804 4189 γένηται
829 4158 844 4181 ,
875 4120 1075 4170 ποιεῖτε
1103 4115 1264 4171 αὐτὸν
1294 4115 1411 4167 υἰὸν
1448 4112 1672 4181 γεέννης
1700 4110 1877 4165 διπλό-

1988 1942 2160 2012 patris
2194 1942 2293 2007 tui,
2318 1950 2449 1997 tunc
2472 1940 2717 2013 polluisti
2735 1948 2968 1996 stratum
2991 1940 3110 2012 ejus
3132 1940 3187 1993 in
3208 1938 3356 2010 quod
3375 1953 3569 1995 ascen-

1988 2034 2135 2089 disti.
2198 2052 2216 2085 ι
2265 2032 2422 2097 Nam,
2477 2040 2538 2089 ut
2597 2030 2763 2087 modo
2803 2031 2938 2096 dixi,
2986 2045 3113 2087 cum
3168 2046 3276 2089 non
3328 2029 3563 2101 amplius

1986 2139 2199 2189 eorum,
2256 2137 2378 2195 quae
2433 2121 2489 2176 in
2522 2122 2639 2193 lege
2666 2122 3039 2185 continentur,
3069 2134 3255 2175 curam
3290 2128 3562 2190 gererent,

1989 2231 2167 2287 neque
2211 2213 2467 2286 supernis
2516 2213 2682 2268 rebus
2732 2211 3135 2276 incumberent,
3185 2218 3242 2266 et
3276 2209 3566 2281 praeceptis

1988 2302 2294 2366 hominum,
2331 2299 2456 2356 ideo
2487 2316 2517 2356 a
2555 2300 2867 2372 cognitione
2898 2299 3104 2355 Christi
3145 2300 3558 2355 aberraverunt.

1987 2391 2221 2464 Ideoque
2267 2392 2434 2447 etiam
2481 2392 2597 2463 ipse
2633 2391 2748 2446 ait:
2800 2410 2820 2443 ι
2855 2390 3190 2448 Scrutamini
3229 2388 3559 2461 Scriptum,

1986 2483 2114 2552 quia
2147 2499 2245 2538 vos
2270 2484 2472 2553 putatis
2506 2483 2562 2538 in
2592 2483 2726 2553 ipsis
2753 2482 2921 2539 vitam
2956 2491 3217 2538 aeternam
3241 2482 3464 2539 habere.
3494 2477 3563 2535 Et

1987 2576 2091 2629 illa:
2117 2583 2249 2630 sunt
2270 2589 2391 2646 qua:
2419 2573 2780 2630 testificantur
2805 2573 2873 2629 de
2900 2589 3010 2637 me,
3044 2589 3145 2629 nec
3176 2575 3342 2630 vultis
3371 2576 3560 2631 venire

1984 2664 2051 2719 ad
2075 2679 2183 2729 me,
2203 2664 2447 2719 utvitam
2476 2663 2727 2719 habeatis
2746 2664 2918 2718 ⁹³·⁹⁸.ι
2948 2664 3017 2719 Et
3046 2680 3272 2729 rursus:
3301 2685 3331 2715 σε
3354 2664 3413 2721 Si
3433 2681 3558 2722 cre-

1984 2754 2188 2811 deretis
2234 2754 2387 2819 Mosi,
2426 2753 2725 2809 crederetis
2763 2760 2820 2807 et
2861 2753 3035 2808 mihi:
3065 2753 3134 2807 de
3168 2769 3254 2808 me
3284 2754 3432 2811 enim
3468 2753 3560 2810 ille

1984 2844 2204 2914 scripsit
2240 2845 2307 2898 “.
2351 2864 2368 2895 ι
2414 2843 2720 2898 Accusabat
2754 2851 2938 2898 autem
2970 2844 3328 2899 vehementer
3349 2845 3556 2914 princi—

1984 2948 2079 3003 pes
2105 2932 2441 2994 Judasorum,
2469 2931 2543 2985 ita
2582 2930 2809 2986 dicens:
2857 2948 2876 2981 ι
2913 2932 3004 2986 Vc
3048 2932 3227 2996 vobis,
3252 2931 3462 2988 Scriba
3501 2941 3560 2987 et

1984 3020 2241 3076 Pharisaei
2269 3018 2581 3089 hypocrita,
2605 3019 2733 3089 quia
2751 3018 3006 3074 clauditis
3037 3034 3265 3090 regnum
3295 3021 3565 3076 calorum

1985 3127 2168 3168 coram
2204 3109 2539 3165 hominibus.
2588 3111 2697 3165 Vos
2732 3112 2880 3165 enim
2924 3126 3034 3166 non
3081 3112 3341 3178 introltls,
3368 3122 3425 3169 et
3463 3116 3567 3185 qui-

1904 3173 1948 3233 Ο
1983 3206 2265 3259 introeunt
2297 3200 2602 3272 prohibetis
2632 3203 2700 3257 ”.
2739 3221 2758 3255 ι
2794 3202 2862 3259 Ει
2906 3218 3096 3259 rursus
3127 3221 3141 3258 :
3195 3223 3213 3255 ι
3240 3173 3336 3260 ναί
3379 3173 3555 3271 vobis,

1982 3296 2187 3352 Scriba
2223 3307 2278 3351 et
2312 3295 2573 3353 Pharisaei
2606 3296 2924 3369 hypocrita,
2974 3298 3069 3368 qui
3114 3295 3362 3352 circuitis
3407 3313 3558 3353 mare

1979 3402 2035 3444 et
2073 3388 2304 3453 aridam,
2337 3396 2398 3444 ut
2432 3388 2643 3445 faciatis
2674 3404 2844 3445 unum
2873 3389 3210 3462 prouelytum
3252 3408 3265 3443 :
3305 3389 3402 3460 qui
3431 3405 3557 3446 cum

1980 3480 2156 3536 factus
2199 3480 2385 3544 fuerit,
2443 3479 2656 3537 eilicitis
2697 3497 2825 3537 eum
2877 3479 3048 3537 illium
3096 3482 3358 3553 gehennae
3392 3481 3558 3553 duplo

1983 3574 2243 3644 majorem
2281 3588 2444 3643 quam
2482 3589 2578 3627 vos
2613 3574 2747 3629 estis
2774 3573 2841 3629 “.
2873 3594 2891 3626 ι
2918 3574 3038 3629 Non
3071 3583 3252 3629 autem
3288 3575 3559 3645 potuisset

1984 3663 2129 3718 illius
2175 3664 2437 3733 gehennae
2484 3665 2624 3729 ﬁeri,
2664 3666 2767 3720 nisi
2809 3664 3204 3721 fornicaton
3234 3667 3569 3720 commentis,

1984 3753 2179 3809 fuisset
2212 3755 2476 3810 imbutus.
2510 3756 2651 3825 Ergo
2687 3756 2944 3811 Israelita:
2981 3755 3351 3810 ascenderunt
3386 3755 3444 3809 in
3475 3754 3557 3809 Iu-

1982 3851 2130 3897 etum
2157 3846 2349 3913 patris,
2383 3853 2738 3914 aspernantes
2765 3844 2987 3913 quidem
3018 3843 3342 3912 Iegislatoris
3361 3844 3557 3897 volun-

1981 3943 2169 3996 tatem,
2219 3942 2278 3987 ut
2308 3948 2502 3987 vanam
2530 3950 2545 3997 ;
2578 3948 2707 3987 suos
2739 3941 2922 3985 autem
2954 3946 3236 3985 sermones
3277 3930 3559 4002 discipulis

1977 4024 2094 4077 suis
2129 4023 2470 4077 inculcantes
2512 4030 2569 4077 et
2608 4020 2968 4078 immunditim
3006 4020 3217 4075 semina
3260 4020 3393 4092 ipsis
3459 4022 3560 4076 im.-

1977 4112 2276 4169 mittentes.

281 4225 447 4281 τερον
492 4209 670 4281 ὑμῶν.
723 4228 742 4260 ι
805 4207 945 4262 Ἀλλ’
990 4209 1089 4262 οὐκ
1126 4208 1193 4262 ἂν
1236 4205 1457 4275 ἐγένετο
1502 4202 1725 4273 γεέννης
1764 4203 1897 4267 υἰδς,
1939 4206 1988 4258 εἰ
2032 4204 2106 4276 μὴ
2152 4207 2263 4268 τοῖς
2290 4203 2400 4258 τῶν
2442 4205 2792 4276 μοιχωμένων
2832 4204 3129 4277 προσετέθη
3162 4206 3357 4276 λόγοις.
3406 4205 3557 4259 Ἀναρ

283 4304 555 4376 σεσήκασι
595 4304 775 4357 τοίνυν
823 4306 914 4358 ἐπὶ
958 4304 1143 4374 κοίτην
1190 4301 1393 4377 πατρὸς
1436 4299 1485 4351 οἰ
1530 4298 1589 4365 ἐξ
1642 4298 1871 4368 αἵματος
1907 4300 2145 4373 Ἰσραήλ’
2217 4302 2629 4373 παρωθούμενοι
2665 4302 2763 4372 μὲν
2803 4301 2867 4355 τὸ
2926 4301 3003 4373 τῷ
3041 4301 3308 4376 νομοθέτῃ
3342 4302 3553 4368 δοκοῦν,

285 4400 366 4463 ὡς
398 4398 583 4457 ἕωλον·
627 4400 754 4463 τούς
781 4398 941 4462 ἰδίους
971 4397 1027 4451 δέ
1070 4400 1182 4461 τοῖς
1217 4397 1623 4469 παιδευομένοις
1665 4395 2026 4466 εἰσκρίνοντες
2063 4397 2270 4465 λόγους,
2304 4399 2397 4450 καὶ
2448 4398 2788 4468 ἀκαθαρσίας
2848 4399 3027 4463 αὐτοῖς
3091 4400 3323 4464 ἐνιέντες
3384 4401 3553 4471 σπέρ-

288 4508 460 4561 ματα.

716 4610 855 4676 napi
879 4609 1124 4678 Συμεὼν
1147 4608 1245 4664 καί
1276 4611 1440 4664 Λευΐ.

356 4718 430 4774 a'.
472 4737 491 4771 ι
531 4719 761 4790 Συμεὼν
789 4721 884 4776 καὶ
929 4721 1061 4775 Λευῒ
1096 4722 1319 4791 ἀδελφοὶ.
1366 4724 1722 4778 συνετέλεσαν
1759 4722 1876 4777 ἀδι-

280 4812 413 4865 κίαν
441 4811 503 4876 ἐξ
534 4812 803 4883 αἱρέσεως
830 4813 1033 4868 αὐτῶν.
1066 4815 1162 4878 Ei;
1197 4815 1390 4887 βουλὴν
1417 4815 1601 4870 αὐτῶν
1630 4814 1703 4885 μὴ
1732 4813 1875 4867 έλθοι

280 4906 314 4973 η
356 4903 506 4975 ψυχή
550 4921 676 4975 μου,
705 4905 803 4960 καὶ
827 4906 921 4959 ἐπὶ
937 4908 1005 4977 τῇ
1030 4908 1289 4963 συστάσει
1327 4907 1507 4962 αὐτῶν
1552 4907 1627 4979 μὴ
1667 4904 1875 4976 ἐρείσαι

276 4994 354 5049 τὰ
385 4995 576 5065 ἧπατά
610 5013 737 5066 μου,
776 4998 859 5051 ὅτι
914 4998 972 5051 ἐν
1007 4997 1086 5068 τῷ
1138 4998 1297 5069 θυμῷ
1332 4999 1511 5052 αὐτῶν
1548 4997 1876 5054 ἀπέκτειναν

168 5124 184 5132 ο
277 5085 629 5157 ἀνθρώπους,
658 5087 753 5141 καὶ
768 5087 828 5140 ἐν
848 5090 914 5159 τῇ
944 5087 1207 5160 ἐπιθυμίᾳ
1226 5087 1406 5142 αὐτῶν
1434 5087 1871 5157 ἐνευροκόπησαν

276 5172 506 5245 ταῦρον.
534 5176 969 5250 Ἐπικατάρατος
998 5180 1025 5231 ὁ
1054 5178 1224 5249 θυμὸς
1263 5178 1464 5243 αὐτῶν,
1492 5177 1572 5230 ὅτι
1612 5177 1871 5248 αὐθάδης,

278 5265 383 5320 καὶ
404 5268 439 5337 ή
470 5267 631 5338 μῆνις
646 5268 847 5331 αὐτῶν,
871 5270 953 5322 ὅτι
982 5268 1342 5340 ἐσκληρύνθη.
1376 5267 1652 5339 Διαμεριῶ
1678 5268 1872 5331 αὐτοὺς

276 5359 342 5413 ἐν
363 5357 583 5422 Ἰακὼϐ,
622 5361 720 5413 καὶ
751 5359 1026 5429 διασπερώ
1056 5361 1255 5423 αὐτοὺς
1304 5364 1360 5414 ἐν
1392 5359 1631 5432 Ἰσραήλ.
1683 5378 1703 5412 I
1746 5360 1870 5412 Ἐκ-

276 5453 739 5523 πεπορνευμένης
771 5455 869 5523 τῆς
911 5452 1287 5526 Ἰερουσαλὴμ,
1320 5454 1413 5507 καὶ
1444 5452 1676 5516 ἀνοσίοις
1705 5469 1870 5522 φενα-

276 5545 504 5610 κισμοῖς
530 5543 640 5597 τῶν
658 5544 1149 5615 ἑτεροδιδασκαλεῖν
1172 5544 1437 5598 εἰωθότων
1466 5543 1870 5611 ὐπενεγκούσης

280 5772 308 5793 ν
342 5704 394 5823 3"
427 5703 619 5759 Matth.
647 5721 797 5768 χχιιι,
827 5705 910 5758 52.
991 5708 1107 5747 ⁹¹-”²¹
1130 5707 1289 5767 Joan,
1315 5723 1360 5771 ι’,
1397 5708 1483 5760 59.

280 5793 330 5823 ί)-
381 5813 396 5823 .

274 5793 396 5826 ἂι.

1562 5707 1606 5735 ’³³
1646 5706 1775 5759 ibid.
1822 5703 1906 5757 i6.

1908 4592 1949 4644 Ι)
2471 4603 2548 4660 De
2584 4603 2826 4660 Simeone
2858 4614 2904 4659 et
2939 4606 3077 4663 Levi.

2041 4717 2093 4770 i.
2124 4737 2142 4769 ι
2183 4716 2406 4772 Simeon
2437 4727 2492 4773 et
2520 4716 2650 4773 Levi
2670 4717 2867 4775 fratres
2901 4731 3423 4777 consummaverunt
3443 4723 3552 4777 ini-

1971 4807 2239 4877 quitatem
2271 4808 2539 4879 propositi
2564 4807 2668 4865 sui.
2699 4808 2895 4865 Anima
2922 4826 3045 4866 mea
3070 4826 3180 4865 non
3208 4809 3551 4881 ingrediatur

1970 4898 2025 4952 in
2052 4898 2342 4954 consilium
2365 4914 2581 4954 eorum.
2607 4898 2668 4954 In
2696 4909 2839 4956 ccetu
2876 4900 3118 4969 ipsorum
3154 4915 3263 4952 non
3294 4898 3551 4954 dicentur

1970 4991 2226 5049 sublimia
2250 5007 2390 5058 mea,
2416 4993 2541 5063 quia
2580 4993 2635 5047 in
2670 4992 2855 5048 furore
2885 5007 2984 5045 suo
3012 4989 3410 5044 interfecerunt
3444 4990 3547 5046 ho-

1979 5082 2185 5149 mines,
2228 5090 2285 5137 ct
2331 5081 2386 5136 in
2436 5081 2878 5150 concupiscentia
2937 5096 3033 5134 sua
3077 5079 3550 5135 subnervaverunt

1979 5185 2220 5229 taurum.
2262 5173 2580 5229 Maledictus
2612 5172 2761 5226 furor
2794 5188 3007 5235 eorum,
3035 5173 3160 5242 quia
3196 5173 3468 5243 pertinax,
3494 5180 3549 5225 et

1975 5267 2058 5319 ira
2081 5279 2274 5319 eorum
2300 5262 2427 5330 quia
2456 5260 2707 5315 indurata
2735 5269 2836 5313 est.
2869 5259 3113 5314 Dividam
3146 5275 3241 5312 eos
3271 5259 3325 5312 in
3355 5257 3544 5322 Jacoh,

1974 5364 2029 5410 et
2052 5355 2358 5423 dispergam
2382 5367 2478 5406 eos
2503 5352 2558 5404 in
2582 5349 2746 5402 Israel
2782 5349 2846 5399 ⁸⁷.
2883 5367 2899 5398 ι
2933 5348 3065 5403 Nam
3095 5364 3216 5402 cum
3242 5349 3545 5405 Jerusalem

1973 5445 2361 5507 fornicaretur,
2387 5448 2734 5510 mentemque
2756 5439 3051 5511 subiiceret
3071 5441 3253 5510 impiis
3273 5440 3545 5496 illusioni-

1974 5538 2075 5591 IIIIS
2099 5548 2307 5596 eorum.
2336 5532 2430 5600 qui
2464 5529 2680 5583 diversa
2705 5543 2733 5583 ιι
2762 5528 2877 5599 lege
2899 5530 2995 5586 Dei
3021 5531 3217 5587 docere
3242 5546 3541 5586 consueve-

2713 5688 2755 5719 "
2784 5690 2918 5745 ibid.
2955 5694 3038 5747 i5.
3135 5696 3179 5726 ’⁷
3207 5693 3343 5749 Gen.
3396 5705 3540 5753 ntx.

2017 5701 2061 5732 ’⁸
2099 5697 2282 5751 Matth.
2337 5710 2484 5758 XXIII,
2517 5691 2601 5743 15.
