4074 6260
491 306 623 364 515-

1517 310 1574 365 5.
1614 308 1890 364 ρῖιιιιιι
1927 260 2397 395 ΑιειΑὲῡξιιΝι
2439 306 2757 365 ARCHIEP.

3644 301 3745 359 ΚΗ

496 426 647 482 runt,
666 415 791 488 jure
816 417 1024 488 Optimo
1046 416 1116 472 iis
1161 417 1405 475 offensus
1426 428 1547 475 erat
1572 419 1736 483 Deus,
1760 434 1859 490 per
1881 433 2068 474 vocem

2182 416 2263 469 τὸν
2301 417 2445 478 νοῦν,
2480 415 2802 487 ἐχαλέπαινε
2860 414 2958 484 μὲν
2985 412 3207 475 εἰκότως
3239 412 3267 463 6
3298 411 3403 463 τῶν
3433 410 3573 464 ὅλων
3594 408 3747 474 Θεὸς,

494 491 647 563 Isaia
668 516 860 579 aperte
885 508 1078 567 dicens
1104 528 1117 564 :
1154 528 1173 562 ι
1207 510 1449 582 Populus
1471 511 1576 567 iste
1597 510 1759 567 labiis
1778 495 1869 566 “me
1892 509 2067 566 hono-

495 583 602 664 rat,
651 614 748 655 cor
771 607 958 656 autem
987 616 1179 659 eorum
1215 603 1405 674 procul
1429 610 1514 661 est
1533 589 1692 658 a’me.
1720 604 1946 660 Frustra
1974 618 2068 657 co-

460 738 463 757 .
494 689 616 743 lunt
638 704 747 755 me,
773 686 1036 748 docentes
1074 691 1355 748 doctrinas
1385 692 1550 765 216
1577 701 1634 749 et
1663 703 1935 764 praecepta
1974 688 2074 746 ho-

457 773 463 780 ’
496 773 707 834 minum
731 779 798 834 ".
833 799 853 833 ›
898 776 1195 853 Postquam
1223 799 1357 839 vero
1394 783 1537 839 Deus
1569 798 1634 838 ac
1664 782 1828 839 Pater
1851 779 2072 857 excogi—

497 870 631 926 tavit
654 887 765 942 quo
788 882 948 943 pacto
971 872 1131 931 istam
1161 874 1445 946 profanam
1467 875 1769 932 Jerusalem
1790 874 2075 931 erroribus

494 970 552 1017 et
574 964 831 1020 vecordia
859 966 1217 1022 temulentam
1255 967 1313 1021 in
1348 966 1544 1023 melius
1575 967 1887 1034 reduceret,
1923 964 2075 1023 misit

496 1050 699 1132 Filium
739 1071 899 1111 suum
937 1074 969 1113 e
1005 1056 1159 1115 caelis
1188 1058 1389 1116 factum
1420 1068 1480 1115 ut
1504 1075 1625 1126 nos,
1650 1060 1756 1115 hoc
1780 1069 1864 1116 est
1892 1061 2073 1116 homi-

497 1163 647 1213 nem,
694 1155 775 1213 ut,
797 1149 1060 1218 quoniam
1114 1151 1366 1206 desiisset
1419 1152 1712 1207 multitudo
1757 1159 2073 1209 sanctorum

497 1229 891 1309 prophetarum
945 1239 1161 1297 infectis
1208 1242 1376 1297 rebus
1417 1242 1696 1314 (dicebant
1744 1244 1891 1299 enim
1944 1261 2073 1315 pro—

497 1328 680 1398 pheta:
704 1347 719 1385 :
752 1331 1030 1399 «Domine,
1055 1332 1181 1403 quis
1204 1332 1441 1388 credidit
1469 1334 1679 1390 auditui
1709 1336 2072 1407 nostro”?i),

496 1420 584 1475 vel
626 1419 805 1491 ipsum
846 1418 1064 1490 Filium,
1110 1418 1156 1479 si
1193 1424 1429 1490 veniret,
1467 1428 1832 1497 susciperent.
1872 1430 2074 1485 Verum

498 1516 588 1571 isti
610 1531 678 1571 eo
709 1517 960 1573 amentia:
983 1527 1279 1585 venerunt,
1304 1528 1365 1575 ut
1399 1528 1657 1589 putarent
1685 1536 1743 1576 se
1774 1537 1933 1592 posse
1965 1523 2072 1577 Do-

499 1607 754 1663 minicam
787 1608 1163 1675 htereditatem
1195 1611 1405 1677 tollere,
1431 1611 1476 1667 si
1504 1612 1667 1667 modo
1705 1620 1923 1668 sanctos
1954 1622 2073 1668 tru-

498 1700 774 1767 cidarent;
836 1711 1001 1773 atque
1061 1702 1200 1758 adeo
1259 1719 1451 1760 omnes
1518 1705 1815 1776 impietatis
1873 1706 2078 1776 gradus

2172 509 2377 579 ἔφασκε
2414 506 2472 563 δὲ
2507 507 2595 563 διὰ
2648 507 2831 578 φωνῆς
2894 504 3114 559 Ἡσαΐου
3183 502 3276 557 καὶ
3335 500 3749 584 μάλαὶσαφῶς·

2178 618 2197 649 τ
2245 594 2304 652 ⁸0
2336 594 2464 661 λαὸς
2515 589 2669 661 οὗτος
2695 595 2808 660 τοῖς
2842 593 3043 665 χείλεσι
3084 609 3152 665 με
3201 592 3355 662 τιμᾷ,
3390 593 3424 663 ἡ
3461 591 3519 645 δὲ
3557 589 3751 661 καρδία

2174 688 2351 743 αὐτῶν
2390 688 2578 761 πόρῤω
2615 688 2809 758 ἀπέχει
2857 686 2953 739 ἀπ’
3001 684 3157 755 ἐμοῦ.
3197 683 3391 754 Ματην
3420 682 3477 735 δέ
3506 681 3753 736 σέϐονταί

2177 792 2268 846 με,
2308 762 2649 839 διδάσκοντες
2673 772 3020 837 διδασκαλίας
3050 771 3364 843 ἐντάλματα
3393 771 3748 843 ἀνθρώπων.»

2173 866 2396 940 Ἐπειδὴ
2433 866 2489 921 δὲ
2520 870 2641 932 ταῖς
2664 870 2744 933 είς
2772 863 2928 943 τοῦτο
2962 867 3310 937 παραφοραῖς
3360 881 3419 917 τε
3458 864 3550 918 καὶ
3590 862 3744 935 ρᾳθυ-

2180 958 2328 1030 μίαις
2365 957 2528 1014 οἱονεί
2572 978 2687 1024 πως
2726 957 3176 1031 καταμεθύουσαν
3230 954 3329 1027 τὴν
3369 955 3598 1027 βέϐηλον
3662 955 3741 1009 Ἰε-

2178 1050 2460 1123 ρουσαλὴμ
2487 1051 2912 1124 μεταρυθμίζειν
2951 1047 3045 1104 ἐπὶ
3081 1049 3142 1103 τὸ
3175 1048 3396 1119 ἄμεινον
3433 1046 3462 1101 6
3489 1047 3624 1110 Θεὸς
3663 1047 3755 1101 καὶ

2179 1143 2369 1216 Πατὴρ
2406 1144 2723 1208 ἐσκέπτετο,
2764 1140 3052 1213 πέπομφεν
3111 1140 3171 1205 ἐξ
3208 1136 3438 1212 οὐρανοῦ
3476 1137 3569 1192 τδν
3628 1138 3756 1192 [διον

2179 1237 2305 1289 Υἱὸν
2337 1235 2457 1290 καθ’
2488 1238 2638 1307 ἡμᾶς
2688 1230 2971 1304 γεγονότα,
3010 1233 3311 1297 τουτέστιν,
3351 1230 3655 1299 ἄνθρωπον·
3687 1222 3754 1275 ἶν’

2179 1327 2410 1399 ἐπείπερ
2437 1327 2522 1379 ἐπ’
2554 1325 2838 1397 ἀνηνύτοις
2869 1322 3244 1395 πράγμασινὴ
3281 1320 3388 1374 τῶν
3428 1320 3598 1388 ἁγίων
3628 1334 3755 1390 προ-

2179 1420 2363 1492 φητῶν
2409 1419 2673 1473 κατέλυσε
2704 1419 2931 1489 πληθύς·
2985 1417 3225 1487 ἔφασκον
3250 1414 3378 1486 γάρ·
3408 1406 3429 1465 ά
3458 1412 3652 1485 Κύριε,
3674 1411 3756 1474 τίς

2178 1514 2463 1567 ἐπίστευσε
2491 1514 2556 1583 τῇ
2578 1512 2712 1581 ἀκοῇ
2729 1509 2914 1580 ἠμῶν;
2939 1528 2956 1561 ι
2984 1508 3088 1562 κᾶν
3110 1504 3413 1576 γοῦναύτδν
3430 1506 3633 1576 ἥκοντα
3650 1505 3754 1557 λοιο

2181 1602 2280 1657 πὺν
2300 1602 2645 1673 ὲντρέποιντο
2660 1600 2746 1654 τὸν
2756 1598 2905 1654 Υίόν.
2924 1600 2984 1652 Oi
3005 1599 3060 1652 δὲ
3082 1599 3177 1651 καὶ
3192 1600 3272 1661 είς
3284 1592 3440 1651 τοῦτο
3454 1596 3759 1665 καθήκοντο

2178 1692 2519 1757 δυσϐουλίας,
2558 1691 2697 1745 ὥστε
2735 1689 2943 1744 οἴεσθαι
2969 1689 3063 1743 καὶ
3093 1689 3294 1761 κλῆρον
3320 1688 3459 1743 ἑλεῖν
3495 1685 3760 1740 δύνασθαι

496 1792 733 1861 ρει-θεοί.
780 1794 836 1855 in
882 1793 1063 1863 ipsum
1112 1794 1279 1849 etiam
1331 1794 1529 1850 Filium
1584 1773 1823 1852 absurde
1872 1773 2074 1853 invecti

2185 1784 2273 1838 τὸν
2302 1782 2635 1843 δεσποτικὸν,
2683 1781 3041 1844 ἀπεκτονότες
3078 1779 3135 1833 δέ
3164 1779 3289 1842 τοὺς
3329 1778 3540 1846 ἁγίους,
3574 1774 3760 1830 δυσσε-

498 1888 647 1938 sunt.
691 1901 709 1934 ι
738 1882 1006 1938 Dixerunt
1027 1882 1173 1939 enim
1202 1883 1346 1955 apud
1371 1900 1428 1940 se
1456 1902 1468 1937 :
1496 1883 1597 1940 Hic
1621 1893 1703 1940 est
1732 1887 1907 1941 haeres
1944 1904 1957 1940 :
1985 1902 2077 1942 vc-

500 1973 636 2039 nite,
664 1972 1059 2029 interﬁeiamus
1079 1989 1228 2039 eum,
1257 1984 1314 2031 et
1342 1991 1675 2046 occupemus
1700 1972 2077 2031 hmreditatem

497 2064 617 2134 ejus
642 2064 682 2117 '.
714 2082 734 2115 ›
776 2062 890 2118 lmo
912 2079 1044 2120 vero
1067 2079 1176 2119 non
1207 2063 1512 2121 suﬂiciebat
1546 2066 1656 2121 illis
1683 2080 1749 2139 eo
1778 2064 2078 2135 impietatis

497 2155 857 2223 processisse,
878 2155 972 2211 sed
1014 2157 1218 2214 sanctis
1251 2156 1535 2227 prophetis
1558 2156 1879 2230 adjecerunt
1907 2166 1962 2211 et
1988 2174 2075 2213 se-

497 2245 729 2312 cundos,
747 2256 987 2312 sanctos,
1011 2247 1257 2318 inquam,
1276 2249 1571 2318 apostolos,
1594 2265 1828 2320 quorum
1855 2250 2076 2321 sangui-

497 2352 624 2393 nem
659 2337 853 2393 itidem
882 2338 1223 2395 eil'uderunt.
1252 2340 1537 2410 Ejusmodi
1573 2340 1719 2396 enim
1749 2357 1968 2397 sensum
1998 2342 2080 2413 gi-

497 2426 617 2497 gnit
662 2428 827 2489 nobis
874 2429 1183 2499 praepositae
1228 2430 1534 2500 prophetiae
1581 2446 1799 2503 seopus.
1847 2432 2079 2488 Videtur

497 2519 648 2575 enim
694 2518 915 2575 divinus
964 2519 1133 2575 Iacob
1176 2535 1393 2588 eorum,
1423 2536 1545 2592 quae
1590 2521 1645 2576 in
1683 2520 1901 2577 Sicimis
1958 2530 2079 2577 acta

497 2619 648 2677 sunt,
675 2612 876 2668 iterum
912 2613 1253 2669 meminisse.
1277 2614 1358 2669 lta
1382 2622 1566 2670 autem
1601 2630 1793 2669 revera
1828 2630 1885 2669 se
1912 2615 2081 2671 habet

499 2701 674 2758 sancti
712 2718 886 2757 mens.
923 2702 1062 2758 Nam
1106 2704 1384 2774 quomodo
1425 2703 1482 2758 id
1538 2703 1683 2775 quod
1719 2706 1828 2776 jam
1873 2704 2080 2760 factum

496 2800 642 2860 erat,
676 2801 935 2865 tanquam
963 2811 1065 2851 suo
1090 2804 1338 2867 tempore
1368 2796 1615 2852 futurum
1649 2797 1775 2868 quis
1809 2798 2081 2867 accipiat?

498 2886 577 2942 Ex
598 2902 666 2941 eo
688 2885 856 2958 igitur
891 2886 1041 2957 quod
1066 2887 1125 2943 in
1152 2887 1372 2944 Sicimis
1403 2889 1608 2948 factum
1643 2890 1767 2958 fuit,
1795 2892 1861 2949 ad
1895 2908 2078 2963 requa-

496 2979 607 3035 lem
632 2977 847 3049 peccati
867 2979 1093 3036 modum
1117 2978 1289 3037 refert
1309 2996 1374 3037 ea
1396 2997 1519 3053 qua:
1542 2981 1598 3037 in’
1621 2982 1840 3039 Christo
1866 2994 2081 3054 patrata

2177 1876 2330 1939 ϐείας
2352 1892 2411 1928 τε
2432 1876 2531 1947 τῆς
2548 1877 2627 1938 εἰς
2664 1875 2830 1946 ἄκρον
2865 1873 3031 1936 ἰόντες
3061 1872 3337 1933 ἐπέκεινα,
3372 1872 3466 1924 καὶ
3491 1871 3573 1933 εἰς
3599 1870 3763 1923 αὐτὸν

2176 1968 2422 2033 ἐκτόπως
2486 1969 2916 2039 πεπαρῳνήκασι
2957 1965 3045 2019 τὸν
3085 1965 3232 2019 Υἱόν.
3279 1982 3298 2016 ι
3346 1960 3514 2018 Εἶπον
3556 1963 3666 2035 γὰρ
3707 1964 3763 2016 ἐν

2177 2052 2427 2127 tatu-wh"
2451 2055 2619 2125 Οὗτός
2656 2062 2803 2113 ἐστιν
2837 2060 2866 2111 6
2908 2047 3263 2131 κληρονόμος,
3304 2056 3458 2111 δεῦτε
3499 2054 3764 2110 ἀποκτεί-

2176 2168 2357 2223 νωμεν
2396 2150 2579 2214 αὐτὸν,
2622 2149 2716 2204 καὶ
2745 2151 3107 2220 κατάσχωμεν
3142 2147 3241 2218 τὴν
3271 2145 3637 2219 κληρονομίαν
3663 2145 3765 2199 αὕ-

2176 2242 2292 2297 τοῦ.
2328 2261 2346 2293 ι
2372 2240 2485 2294 Καὶ
2520 2240 2582 2294 οὐ
2620 2239 2786 2312 μέχρι
2825 2239 3033 2293 τούτων
3074 2238 3143 2292 τά
3171 2239 3273 2308 τῆς
3312 2238 3636 2301 δυσσεϐείας
3664 2237 3767 2291 αὒ-

2175 2338 2308 2402 τοῖς,
2338 2333 2475 2389 ἀλλά
2523 2333 2632 2405 γὰρ
2686 2335 2801 2397 τοῖς
2852 2332 3028 2400 ἁγίοις
3083 2330 3386 2402 προφήταις
3426 2329 3769 2403 προσέθεσαν

2177 2431 2302 2492 τοὺς
2335 2424 2642 2497 δευτέρους,
2684 2425 2811 2489 τοὺς
2848 2422 3037 2491 ἁγίους
3073 2422 3406 2487 ἀποστόλους
3446 2421 3616 2492 φημὶ,
3646 2421 3769 2474 οὐδὲ

2177 2518 2355 2573 αὐτῶν
2399 2517 2645 2588 αἱμάτων
2674 2504 2761 2569 ἔτί
2802 2515 3125 2585 φειδόμενοι.
3170 2513 3445 2568 Τοιουτονί
3474 2531 3595 2567 τινα
3642 2509 3771 2566 νοῦν

2177 2613 2203 2664 6
2229 2610 2328 2681 τῆς
2360 2606 2729 2678 προκειμένης
2780 2606 2911 2676 ἡμῖν
2960 2603 3295 2675 προφητείας
3332 2603 3511 2656 ὠδίνει
3543 2603 3767 2667 σκοπός.

2182 2705 2368 2757 Ἐοικε
2403 2701 2503 2773 μὲν
2540 2699 2650 2771 γὰρ
2686 2700 2714 2751 6
2742 2696 3025 2757 θεσπέσιος
3056 2693 3255 2749 Ἰακὼϐ
3288 2696 3395 2750 τῶν
3426 2697 3483 2749 ἐν
3519 2694 3772 2766 Σικίμοις

2180 2794 2582 2866 πεπραγμένων
2625 2789 3031 2862 διαμεμνῆσθαι
3093 2789 3275 2845 πάλιν.
3320 2788 3474 2859 Ἔχει
3516 2786 3574 2842 δὲ
3624 2787 3776 2841 οὕτω

2179 2886 2320 2939 κατὰ
2371 2885 2633 2957 ἀλήθειαν
2663 2883 2692 2937 6
2724 2882 2817 2936 τοῦ
2876 2881 3087 2936 δικαίου
3131 2879 3353 2946 σκοπός·
3391 2880 3509 2945 πῶς
3552 2879 3663 2954 γὰρ
3717 2879 3777 2934 τὸ

2177 2980 2278 3052 ήδη
2319 2976 2685 3048 γεγενημένον
2725 2975 2800 3038 ὡς
2850 2974 3106 3044 ἐσόμενον
3145 2972 3289 3028 κατὰ
3320 2973 3547 3044 καιροὺς
3584 2989 3662 3027 πα
3674 2989 3776 3045 ρα-

497 3071 647 3129 sunt,
674 3071 736 3119 ut
774 3072 923 3121 certe
959 3075 1017 3122 et
1047 3068 1105 3124 in
1140 3069 1509 3141 primogenito
1549 3071 1763 3127 Ruben.
1801 3071 1907 3127 Sed
1944 3074 2078 3143 quid

2182 3072 2391 3139 δέξαιτο
2406 3071 2470 3126 ἀν
2490 3088 2572 3134 τις
2593 3066 2834 3135 ;Οὑκοῦν
2868 3067 2974 3121 ἀπὸ
2999 3065 3092 3120 τοῦ
3117 3066 3399 3135 γεγονότος
3414 3066 3471 3117 ἐν
3500 3060 3777 3135 Σικίμοις,

498 3154 893 3211 commiserunt
917 3157 972 3227 in
1001 3157 1223 3215 Sicimis
1248 3159 1469 3216 Simeon
1500 3169 1557 3217 et
1577 3161 1750 3219 Levi?
1779 3164 1916 3219 Dina
1946 3164 2076 3220 Levi

2185 3163 2277 3216 ἐπὶ
2310 3162 2398 3216 τὸν
2432 3161 2545 3219 ἴσον
2576 3162 2675 3231 τῆς
2709 3159 2983 3231 ἁμαρτίας
3033 3158 3235 3230 τρόπον
3286 3157 3545 3229 ἀναφέρει
3583 3157 3649 3210 τὰ
3694 3153 3780 3209 ἐπὶ

496 3253 555 3301 et
599 3243 874 3303 Simeonis
913 3264 1096 3315 soror,
1141 3253 1390 3321 paternis
1439 3255 1696 3315 tentoriis
1729 3271 1969 3327 egressa,
2018 3267 2079 3315 ut

497 3336 710 3406 puellas
743 3337 863 3409 ejus
906 3339 1148 3410 regionis
1175 3342 1464 3413 aspiceret,
1495 3359 1527 3398 a
1567 3343 1787 3401 Sichem
1823 3347 2077 3402 Emmore

499 3432 750 3496 stuprata
783 3436 888 3491 est,
915 3430 1230 3501 virginitate
1271 3433 1474 3488 ablata.
1502 3434 1587 3490 llli
1626 3443 1810 3491 autem
1846 3437 1955 3493 hoc
1990 3438 2077 3493 in-

499 3515 818 3587 dignissime
855 3519 1116 3588 ferentes,
1148 3538 1213 3578 ac
1256 3520 1661 3580 fraudulentam
1702 3527 1838 3598 ipsis
1874 3529 2079 3585 caedem

498 3609 900 3678 machinantes,
925 3614 1333 3684 persuadehant
1365 3623 1426 3671 ut
1459 3617 1661 3674 avitam
1691 3620 1934 3691 ipsorum
1969 3624 2080 3678 eir-

497 3701 890 3763 cumcisienem
925 3705 1272 3777 susciperent
1306 3714 1471 3778 atque
1507 3710 1900 3781 observarent;
1933 3716 2079 3786 quod

496 3792 542 3848 si
582 3792 763 3852 facere
808 3811 918 3854 non
960 3809 1299 3867 recusarent,
1331 3818 1533 3875 genere
1573 3808 1897 3878 eonjunctos
1940 3809 2076 3865 fore.

497 3886 617 3952 Quo
647 3887 793 3947 facto
825 3907 922 3947 eos
957 3891 1358 3966 imprudentes,
1383 3912 1449 3954 ac
1476 3898 1617 3955 nihil
1652 3902 1757 3958 tale
1793 3904 2080 3974 suspican-

496 3986 601 4041 res.
627 3981 972 4050 occiderunt,
1006 3987 1257 4045 arbitrati
1296 3990 1403 4046 hoc
1429 3989 1565 4062 ipsis
1592 3993 1659 4049 ad
1701 3994 2081 4052 defensionem

496 4071 858 4130 suii‘ecturum
895 4075 941 4131 si
977 4077 1231 4136 dicerent
1262 4099 1275 4135 :
1315 4102 1333 4133 r
1367 4082 1445 4137 An
1474 4092 1535 4140 ut
1561 4094 1744 4141 scorto
1782 4086 2082 4143 abutentur

498 4176 691 4218 sorore
716 4172 902 4220 nostra
931 4168 992 4219 ’τ
1025 4188 1042 4219 ι

570 4437 623 4492 2.
665 4432 838 4496 Porro
883 4437 1128 4501 eundum
1185 4448 1347 4504 nobis
1394 4459 1478 4506 est
1508 4451 1576 4507 ad
1626 4452 1702 4519 id,
1758 4457 1904 4525 quod
1954 4457 2085 4513 huic
2119 4449 2159 4501 ο

2183 3254 2424 3326 Χριστῷ,
2481 3252 2734 3324 καθάπερ
2789 3251 2981 3322 ἀμέλει
3031 3250 3124 3304 καὶ
3173 3249 3266 3303 ἐπὶ
3315 3247 3393 3319 τῷ
3439 3249 3781 3320 πρωτοτόκοι

2194 3348 2469 3417 Ῥουϐεῐμ.
2509 3346 2574 3400 Τί
2603 3345 2783 3399 τοίνυν
2815 3344 3161 3416 πεπράκασιν
3181 3344 3238 3398 ἐν
3262 3343 3512 3409 Σικίμοις
3545 3342 3777 3408 Συμεὼν

2184 3439 2276 3491 καὶ
2305 3435 2471 3503 Aeni;
2497 3435 2626 3489 Δίνα
2652 3435 2747 3505 μὲν
2769 3434 2878 3505 γὰρ
2907 3435 2940 3504 ἡ
2979 3432 3109 3488 Λευί
3138 3450 3196 3488 τε
3236 3433 3331 3486 καὶ
3368 3428 3601 3501 Συμεὼν
3624 3430 3777 3486 ἀδελ-

2184 3529 2259 3601 φὴ
2291 3529 2391 3600 τῆς
2414 3528 2507 3582 τοῦ
2539 3513 2740 3599 πατρὸς
2771 3526 2945 3592 ἐξέθει
2972 3525 3198 3597 σκηνῆς,
3236 3525 3332 3588 τὰς
3362 3524 3471 3579 τῶν
3489 3524 3778 3597 ἐγχωρίων

2185 3622 2424 3694 ὀψομένη
2452 3620 2778 3691 θυγατέραςο
2808 3617 2980 3690 Σιχέμ
3011 3618 3067 3672 δὲ
3110 3617 3280 3688 αὐτὴν
3311 3618 3340 3671 6
3384 3616 3604 3688 Ἐμμὸρ
3630 3615 3779 3671 ἐϐιά-

2186 3717 2330 3782 ζετο.
2372 3713 2803 3786 Διεπαρθένευσε
2856 3711 2967 3781 γὰρ
3013 3710 3207 3781 αὐτήν.
3235 3709 3314 3785 .οἱ
3347 3709 3403 3763 δὲ
3447 3708 3585 3782 πρὸς
3619 3706 3780 3762 τοῦτο

2185 3806 2566 3879 ἀσχάλλοντες,
2591 3806 2686 3859 καὶ⁵
2706 3805 2797 3859 τὸν
2829 3803 2888 3871 ἐξ
2918 3802 3133 3873 ἀπάτης
3166 3801 3336 3873 αὐτῆς
3373 3800 3780 3872 ἐκμηχανώμε-

2185 3916 2265 3952 νοι
2312 3899 2493 3968 φόνον,
2542 3893 2935 3969 προανέπειθον
2988 3894 3085 3965 μὲν
3126 3892 3227 3964 τὴν
3260 3889 3532 3962 πατρικὴν
3590 3890 3781 3949 αὐτοῖς

2187 3991 2501 4046 συνελέσθαι
2519 3988 2842 4060 περιτομὴν,
2864 3986 2939 4049 ὼς
2963 3985 3251 4060 ἐσομένους
3282 3983 3480 4038 αὐτίκα
3511 3980 3605 4037 καὶ
3634 3983 3782 4036 κατὰ

2183 4086 2338 4153 γένος
2364 4083 2620 4147 οἰκείους,
2647 4080 2696 4133 εί
2722 4077 2879 4133 τοῦτο
2899 4078 3030 4148 δρᾷν
3061 4076 3287 4130 ἕλοιντο.
3319 4070 3687 4145 Πεπραχότας
3716 4088 3779 4140 γε

2187 4175 2293 4246 μὴν
2331 4173 2695 4229 ἀπεκτόνασιν
2751 4169 3046 4239 ἀδοκήτως·
3082 4167 3416 4238 ἀποχρήσειν
3465 4165 3660 4228 αὐτοῖς
3701 4164 3783 4225 είς

2186 4268 2478 4336 ἀπολογίαν
2507 4265 2770 4336 οίομενοι,
2806 4261 2864 4317 τὸ
2889 4262 2953 4332 δὴ
2976 4262 3174 4333 χρῆναι
3205 4260 3407 4328 λέγειν·
3429 4277 3447 4309 ι
3471 4257 3614 4312 Ἀλλ’
3647 4256 3784 4309 ὡσεὶ

2189 4361 2361 4432 πόρνῃ
2380 4359 2670 4429 χρήσονται
2700 4359 2765 4428 τῇ
2795 4354 2998 4425 ἀδελφῇ
3018 4354 3207 4424 ήμῶν;
3258 4372 3275 4404 ι

2261 4452 2326 4521 β’.
2359 4449 2518 4504 ’ἰτέον
2543 4448 2605 4519 δὴ
2643 4444 2736 4501 οὖν
2768 4448 2861 4501 ἐπὶ
2896 4447 2956 4501 τὸ
2990 4445 3164 4516 τούτῳ
3187 4445 3251 4517 δὴ
3280 4442 3628 4518 προσεοικὸς,
3690 4446 3786 4496 καὶ

500 4532 780 4599 convenit,
806 4537 971 4605 atque
1002 4535 1145 4595 hanc
1181 4544 1724 4611 commentationem,
1749 4548 1931 4616 quoad
1966 4551 2079 4619 ejus

2182 4545 2247 4613 δὴ
2275 4541 2672 4609 διαπλάττομεν
2696 4538 2769 4602 ὡς
2799 4537 2900 4601 ἔνι,
2938 4537 3116 4601 καλῶς
3151 4537 3214 4591 τὸ
3237 4534 3523 4608 θεώρημα,
3547 4535 3619 4587 τά
3660 4551 3790 4586 συνε-

502 4621 622 4676 ﬁeri
669 4624 895 4692 poterit,
935 4621 1164 4697 pulchre
1207 4627 1683 4699 concinnahimus,
1719 4637 2085 4709 undequaque

500 4726 563 4769 ea
586 4723 711 4785 qua
733 4713 801 4770 ad
824 4715 944 4787 ejus
972 4718 1401 4779 declarationem
1425 4728 1705 4795 pertinere
1728 4728 2083 4795 videbuntur,

501 4805 834 4879 colligentes.
869 4807 1067 4882 Ampio
1085 4810 1270 4883 itaque
1292 4826 1548 4874 sermone
1569 4819 1637 4874 de
1658 4816 1827 4875 Jacola
1849 4822 2082 4892 egimus,

501 4905 784 4971 totamque
822 4901 943 4973 ejus
987 4903 1112 4959 vitae
1154 4905 1424 4963 rationem
1469 4921 1660 4967 sumus
1701 4913 1999 4982 prosecuti,
2029 4923 2083 4971 et

502 4999 641 5061 quas
661 4991 885 5063 quidem
911 4994 1134 5052 duxerit
1161 5012 1381 5063 uxores,
1414 5001 1576 5071 217
1601 5008 1657 5057 et
1684 5013 1819 5073 quot
1846 5003 2081 5062 ﬁliorum

502 5089 659 5151 pater
692 5081 863 5139 fuerit
894 5084 1147 5142 effectus.
1185 5087 1433 5145 Diximus
1470 5090 1616 5146 enim
1659 5093 1804 5162 quod
1844 5094 2084 5164 primum

501 5171 723 5232 duxerit
736 5174 913 5242 Liam,
935 5176 1174 5235 ﬁliarum
1191 5179 1378 5238 Laban
1397 5191 1527 5238 natu
1551 5184 1863 5252 maximam,
1886 5187 2084 5246 deinde

503 5263 733 5323 alteram
784 5268 934 5325 haud
981 5272 1158 5329 multo
1190 5281 1318 5344 post
1357 5282 1490 5330 natu
1537 5275 1821 5333 minimam
1860 5279 2081 5339 Rachel.

505 5353 858 5417 Asseruimus
898 5372 1084 5420 autem
1121 5364 1266 5436 quod
1292 5365 1390 5422 Lia
1412 5365 1636 5438 quidem
1664 5369 1735 5424 sit
1759 5379 1916 5444 typus
1947 5370 2086 5446 Syn-

2184 4633 2440 4688 τελοῦντα
2470 4630 2962 4703 πρὸςιδιασάφησιν
2997 4628 3334 4699 πανταχόθεν
3374 4627 3785 4700 ἐρανιζόμενοι.

2186 4727 2318 4781 "Ave
2362 4725 2539 4779 τοίνυν
2560 4723 2651 4777 τὸν
2685 4724 2779 4777 ἐπὶ
2800 4722 2877 4794 τῷ
2903 4723 3100 4777 Ἰακὼϐ
3134 4719 3560 4791 κατευρύνοντες
3591 4718 3786 4785 λόγον,

2185 4822 2332 4884 ὅπως
2370 4836 2429 4873 τε
2468 4819 2563 4873 καὶ
2590 4818 2712 4873 τίνα
2742 4818 2941 4889 τρόπον
2967 4818 3099 4871 ἐϐίω
3134 4815 3466 4887 διηγήμεθα,
3501 4814 3596 4867 καὶ
3624 4813 3791 4873 τίνας

2193 4911 2290 4980 μὲν
2319 4909 2648 4981 είσῳκίσατο
2671 4906 2968 4977 γυναικῶν,
2992 4907 3200 4961 τέκνων
3228 4906 3286 4960 δέ
3319 4906 3461 4959 ὅσων
3485 4900 3786 4973 ἀνεδείχθη

2194 5004 2398 5075 πατήρ.
2431 5000 2725 5073 Ἐλέγομεν
2772 5001 2853 5055 ὅτι
2894 5000 3134 5070 ἠγάγετο
3186 5000 3284 5069 μὲν
3333 4998 3434 5069 τὴν
3467 4998 3640 5052 Λείαν
3673 4996 3789 5049 τῶν

2192 5096 2287 5151 τοῦ
2318 5095 2505 5150 Λάϐαν
2535 5093 2847 5166 θυγατέρων
2862 5092 2959 5164 τὴν
2996 5091 3401 5164 πρεσϐυτάτην,
3437 5090 3709 5161 δευτέραν
3730 5087 3789 5142 δὲ

2193 5189 2308 5263 μετ’
2357 5186 2593 5256 ἐκείνην,
2640 5184 2735 5239 καὶ
2784 5184 2883 5238 οὐκ
2940 5185 3020 5247 εἰς
3076 5183 3293 5254 μακρὰν
3352 5181 3450 5248 τὴν
3499 5180 3793 5246 νεωτάτην

2196 5279 2420 5353 Ῥαχήλ.
2469 5275 2925 5346 Διεϐεϐαιούμεθα
2972 5275 3029 5329 δὲ
3064 5276 3145 5329 ὅτι
3178 5275 3313 5329 Λεία
3354 5274 3454 5343 μὲν
3496 5275 3572 5336 είς
3609 5271 3789 5325 τύπον

2188 5375 2319 5446 ἡμῖν
2348 5374 2447 5442 τῆς
2480 5368 2747 5425 Ἰουδαίων
2766 5368 2917 5423 ἔσται
2941 5368 3289 5440 Συναγωγῆς,
3304 5365 3507 5438 Ῥαχὴλ
3525 5363 3582 5419 δέ
3598 5362 3712 5431 τῆς
3731 5360 3794 5426 ἐξ

504 5452 688 5516 uaga:
727 5446 991 5517 Iudaica,
1024 5446 1228 5508 Rachel
1252 5469 1384 5511 vero
1404 5453 1662 5512 Ecclesia:
1694 5459 1962 5529 gentium.
1992 5459 2079 5515 Lia

2190 5464 2359 5519 ἐθνῶν
2413 5460 2756 5532 Ἐκκλησίας.
2792 5460 2945 5514 Ἐπεί
2993 5478 3074 5515 τοι
3105 5458 3239 5514 Λεία
3287 5459 3385 5528 μὲν
3411 5455 3793 5529 ἑρμηνεύεται

507 5537 654 5594 enim
680 5540 975 5611 exponitur
1010 5543 1283 5607 laborans,
1313 5543 1517 5617 quippe
1553 5562 1676 5619 qua:
1710 5548 1876 5631 lippis
1912 5559 1969 5606 et
2001 5550 2089 5606 iu.

599 5649 646 5682 "
680 5652 781 5706 lsa.
814 5672 957 5721 xm,
998 5659 1081 5712 l5.

2190 5553 2483 5611 κοπιῶσα.
2508 5551 2916 5622 ἀσθενεστέροις
2938 5551 2994 5605 δὲ
3022 5551 3112 5604 καὶ
3133 5549 3549 5621 ἀκαλλεστέροις
3571 5546 3795 5616 ἐχρῆτο

1183 5660 1228 5692 ”
1260 5661 1362 5717 lsa.
1399 5677 1507 5727 Lm,
1535 5663 1594 5730 1;
1629 5664 1784 5719 Joan.
1813 5681 1907 5731 xu,
1933 5665 2029 5735 38;
2062 5666 2225 5723 Rom.
2247 5685 2296 5736 τ,
2330 5668 2413 5722 16.
2495 5668 2507 5697 ¹
2540 5665 2728 5721 Matth.
2756 5682 2863 5729 nt,
2892 5666 2977 5721 58.
3056 5667 3075 5696 ’
3103 5663 3239 5720 Gen.
3276 5678 3437 5717 xxxiv
3498 5657 3655 5713 ι-δι.
