4074 6260
326 422 432 485 345

1315 422 1836 482 GLAPiiYRORUM
1876 428 1942 483 ΙΝ
1982 426 2283 484 CENESIH
2320 428 2451 482 LIB.
2492 427 2600 483 VII.

3483 430 3593 488 316

324 548 437 609 τοῖς
477 540 807 612 ὀφθαλμοῖς.
837 537 1097 607 Κίκμηκε
1136 534 1193 587 δὲ
1237 534 1357 587 λίαν
1397 536 1431 606 ἡ
1477 534 1585 589 τῶν
1640 535 1906 591 Ἰουδαίων

2025 538 2348 595 irmioribus
2386 539 2560 595 oculis
2593 548 2860 594 uteretur.
2905 541 3067 596 Valde
3103 551 3286 596 autem
3321 543 3591 603 laboravit

329 631 643 702 Συναγωγή
674 631 825 701 νόμῳ
850 628 924 700 τῷ
956 627 1040 683 διὰ
1073 626 1317 691 Μωσέως
1351 628 1791 699 κατηχθισμὲνη,
1820 631 1912 683 καὶ

332 725 439 779 οὐκ
471 720 780 776 εὐσθινέσιν
804 718 1092 788 όςοαλμοῖς
1111 718 1246 786 πρὸς
1269 717 1328 771 τὸ
1356 717 1449 771 τοῦ
1473 719 1724 790 Σωτῆρος
1752 718 1913 790 ἡμῶν

339 813 526 886 δρῶσα
556 811 867 882 μυστήριον.
919 807 1117 879 Ῥαχὴλ
1163 808 1219 860 δὲ
1262 803 1328 878 ἦν
1353 808 1495 881 καλὴ
1532 809 1610 881 τῷ
1642 810 1775 865 εῖδει
1821 811 1912 864 καὶ

344 902 520 975 ὡραία
558 900 772 972 σφόδρα.
832 899 1282 969 Ἑκπρεπεστάτη
1310 899 1366 952 δὲ
1405 898 1526 953 λίαν
1583 901 1616 971 ἡ
1657 901 1714 967 ἐξ
1745 900 1912 955 ἐθνῶν

345 990 648 1064 Ἐκκλησία.
675 992 843 1055 Λείας
880 990 943 1061 δὴ
972 987 1064 1044 οὖν
1104 991 1390 1045 τελευταία
1419 982 1667 1064 θυγάτηρ
1694 991 1914 1061 γέγονεν

345 1087 376 1155 ἡ
402 1085 536 1138 diva.
567 1081 749 1147 Τόπος
774 1083 820 1135 δ’
850 1082 914 1137 ἂν
936 1084 1147 1151 γένοιτο
1185 1084 1279 1137 καὶ
1307 1080 1446 1154 αὕτη
1465 1084 1568 1154 τῆς
1597 1086 1661 1139 ἐκ
1695 1101 1911 1155 περιτο-

341 1172 442 1244 μῆς
457 1170 716 1245 πληθύος,
739 1172 775 1244 ἢ
807 1172 900 1226 καὶ
942 1175 1000 1226 ὲν
1028 1173 1239 1244 χρόνοις
1280 1173 1472 1241 γέγονε
1500 1175 1613 1237 τοῖς
1638 1173 1911 1243 ἐσχάτοις,

333 1261 452 1318 καθ’
476 1262 569 1328 οὓς
618 1262 1046 1334 ὲνηνθρὼπησεν
1073 1264 1102 1315 ό
1128 1263 1459 1331 Μονογενής.
1495 1263 1627 1317 Ὅτε
1663 1263 1838 1318 τοίνυν
1878 1266 1911 1332 ἡ

329 1356 432 1408 τῶν
455 1355 520 1409 ὲκ
553 1352 865 1426 περιτομῆς
882 1354 1162 1409 τελευταία
1186 1354 1412 1426 πληθὺς,
1442 1354 1545 1421 ἔξω
1563 1354 1735 1426 βραχῦ
1760 1371 1913 1424 revo-

329 1442 466 1515 μένη
492 1445 597 1514 τῆς
632 1442 900 1515 πατρῴας
947 1442 1174 1514 σκηνῆς.
1208 1444 1471 1507 τουτέστι,
1507 1443 1613 1496 τῶν
1646 1445 1788 1497 κατὰ
1824 1443 1915 1498 τὸν

326 1533 493 1603 νόμον
519 1531 684 1598 ὶθῶν,
724 1535 836 1592 τοῖς
867 1532 1150 1605 ἐγχωρίοις
1192 1532 1572 1604 προσέϐαλλεν·
1613 1524 1780 1603 ἤγουν
1818 1533 1916 1585 ἐπ-

331 1626 600 1694 εμίσγετο
615 1623 760 1677 κατὰ
790 1622 1044 1694 μάθησιν,
1079 1623 1222 1692 λέγω
1241 1622 1303 1694 δὴ
1332 1627 1445 1689 τοῖς
1482 1626 1656 1693 ἁγίοις
1681 1623 1909 1677 ἀποστόι

333 1716 473 1779 λοις,
500 1715 602 1768 οὐκ
632 1714 715 1768 ῐτι
758 1714 853 1786 μὲν
887 1714 1056 1781 ζῶσιν
1099 1715 1428 1791 Ἰουδαϊκῶς,
1466 1719 1522 1769 ἐν
1569 1714 1832 1786 ὑπολήψει
1859 1715 1915 1769 δὲ

340 1801 534 1877 ὥσπερ
565 1806 813 1875 γεγονόσι
828 1805 934 1859 τῶν
951 1804 1302 1878 ἑτερογενῶνο
1326 1807 1445 1859 τότε
1461 1806 1550 1871 δὴ,
1578 1807 1697 1860 τότε
1714 1807 1916 1876 νοητῶς

2014 631 2329 689 Ιιιάαιοιιυω
2368 629 2671 701 Synagoga,
2705 628 2937 685 Mosaica
2975 630 3091 703 lege
3131 644 3376 697 onerata,
3412 651 3592 705 neque.

2013 721 2191 776 acutis
2223 719 2399 776 oculis
2434 718 2734 774 Salvatoris
2772 720 2947 775 nostri
2990 722 3310 793 mysterium
3348 725 3586 781 intuens.

2016 815 2218 870 Rachel
2260 823 2445 870 autem
2482 822 2603 870 erat
2640 814 2869 884 pulchra
2911 813 3050 871 facie
3086 825 3144 870 et
3183 816 3382 872 decora
3412 818 3569 874 valde

2014 907 2430 978 Elegantissima
2453 922 2584 962 vero
2612 915 2700 963 est
2715 922 2941 977 ea,qu:e
2972 923 3037 961 ex
3068 909 3324 978 gentibus
3355 920 3592 976 constat,

2015 999 2281 1055 Ecclesia.
2308 997 2420 1054 Lia:
2453 998 2620 1069 igitur
2650 998 2845 1053 ultimo
2876 999 2998 1053 loco
3031 1009 3157 1053 nata
3189 1009 3273 1055 est
3301 1000 3410 1055 tilia
3434 1002 3591 1067 Dina,

2013 1106 2134 1159 qua:
2166 1098 2221 1143 et
2249 1088 2364 1157 ipsa
2399 1095 2580 1158 potest
2606 1101 2729 1142 esse
2761 1094 2921 1157 typus
2952 1087 3324 1142 multitudinis
3357 1088 3597 1144 circum-

2014 1181 2279 1242 cisorum,
2317 1190 2376 1235 ut
2411 1195 2532 1248 qua:
2567 1186 2693 1232 nata
2729 1178 2802 1232 sit
2839 1177 2896 1231 in
2936 1177 3195 1232 extremis
3228 1179 3592 1247 temporibus,

2013 1270 2237 1340 quando
2285 1271 2612 1340 Unigenitus
2657 1269 2821 1323 homo
2861 1276 2947 1323 est
2993 1269 3189 1323 factus.
3232 1268 3369 1324 Cum
3407 1269 3593 1339 itaque

2018 1362 2209 1416 ultima
2234 1361 2689 1416 circumcisorum
2724 1360 3040 1423 multitudo,
3065 1360 3345 1428 paululum
3374 1376 3593 1430 egressa

2014 1453 2185 1507 fuerit
2211 1468 2242 1507 e
2267 1452 2464 1506 castris
2497 1452 2761 1520 paternis,
2789 1452 2891 1505 hoc
2915 1460 3018 1514 est,
3046 1452 3117 1505 ab
3146 1452 3414 1505 institutis
3447 1453 3594 1520 lega-

2016 1546 2182 1607 libus,
2219 1544 2413 1599 incidit
2453 1544 2508 1599 in
2553 1544 2859 1613 indigenas,
2893 1553 2989 1599 aut
3026 1544 3312 1599 eommista
3350 1553 3433 1598 est
3467 1558 3592 1597 cum

2016 1635 2267 1691 doctrina
2302 1643 2619 1689 sanctorum
2653 1635 3052 1703 apostolorum,
3087 1634 3182 1703 qui
3231 1649 3341 1688 non
3370 1634 3592 1701 quidem

2016 1726 2253 1796 amplius
2286 1726 2544 1779 vivebant
2569 1723 2817 1787 Iudaico.
2841 1723 2936 1779 scd
2967 1724 3315 1778 habebantur
3336 1738 3437 1793 pro
3459 1723 3593 1777 alie-

2019 1814 2252 1885 nigenis.
2302 1813 2476 1878 Tunc,
2515 1822 2666 1877 tunc,
2696 1813 2939 1882 inquam,
2968 1813 3196 1884 mystice
3239 1820 3595 1882 constuprata

343 1896 808 1967 διεπαρθενεΰετο,
831 1897 931 1968 τῆς
971 1899 1027 1951 ὲν
1057 1897 1279 1970 Χριστῷ
1325 1895 1596 1961 πολιτείας
1633 1898 1725 1952 καὶ
1753 1899 1915 1966 εὐαγ-

2025 1914 2122 1969 est,
2162 1907 2280 1975 ejus
2316 1920 2437 1975 quae
2481 1904 2536 1959 in
2568 1904 2787 1960 Christo
2829 1913 2915 1959 est
2959 1904 3164 1974 politire
3207 1912 3263 1957 et
3313 1903 3593 1973 Evangelii

344 1982 572 2056 γελικῆς
622 1986 690 2040 τὰ
743 1987 1033 2059 σπέρματα
1083 1988 1212 2058 παρ’
1247 1987 1429 2040 αὑτῶν
1463 1986 1742 2058 δεχομένη.
1779 1987 1917 2040 Ἀλλ’

338 2078 689 2151 ἠγανάκτουν
721 2080 856 2152 πρὸς
876 2073 1032 2159 ῖοῦτο
1054 2080 1163 2133 τῶν
1195 2076 1390 2133 Ἰακὼό
1424 2074 1637 2147 παίδων
1658 2080 1795 2143 τινὲς
1822 2078 1920 2131 Συ-

341 2165 493 2240 μεὼν
532 2168 628 2224 καὶ
655 2172 807 2232 Λευὶ,
831 2167 1125 2232 τουτέστιν,
1161 2169 1291 2222 οἵτε
1324 2170 1384 2221 ἐν
1412 2167 1663 2238 ὑπηκόων
1686 2167 1919 2238 κείμενοι

336 2259 518 2326 τάξει,
561 2263 657 2313 καὶ
690 2261 787 2313 σὺν
822 2261 1005 2324 αὐτοῖς
1039 2261 1096 2311 τὸ
1124 2259 1267 2329 ἱερὸν
1288 2259 1380 2311 καὶ
1408 2258 1702 2311 ἁπόλεκτον
1740 2258 1914 2326 γένος.

347 2347 747 2423 Ἐρμηνεύεται
806 2351 906 2421 μὲν
955 2351 1061 2420 γὰρ
1102 2349 1328 2420 Συμεὼν
1384 2348 1643 2418 ὑπακοή
1683 2350 1812 2405 Λευὶ
1862 2348 1919 2403 δι

332 2442 859 2511 προσειλημμένος
895 2442 928 2512 ἢ
960 2442 1313 2506 ιὶπόλεκτος.
1356 2441 1479 2495 Ὀτι
1502 2440 1559 2493 δὲ
1598 2444 1709 2504 τοῖς
1743 2440 1920 2509 ἁγίοις

331 2528 653 2597 ἀποστόλοις
693 2532 994 2602 ἐπεφύοντο
1040 2532 1226 2597 δεινῶς
1261 2533 1312 2587 οἱ
1339 2532 1439 2603 τῆς
1467 2532 1608 2586 κατὰ
1650 2534 1814 2605 νόμον
1848 2533 1923 2585 ιε-

336 2624 566 2697 ροσύνης
597 2624 855 2695 λαχόντες
889 2614 967 2677 τί
1015 2625 1328 2695 αὐχήματα,
1362 2622 1694 2677 συνθεόντων
1737 2625 1921 2686 αὐτοῖς

336 2719 428 2772 καὶ
450 2717 621 2778 λαῶν,
651 2715 765 2779 πῶς
799 2715 943 2768 ἔστιν
968 2714 1355 2786 ἀμφιϐάλλεινς
1374 2714 1695 2785 Ἐπέτριζον
1722 2715 1778 2769 δὲ
1796 2716 1922 2778 τοὺς

336 2806 573 2872 ὀδόντας,
615 2806 726 2861 τῶν
774 2808 866 2861 ὑπ’
900 2807 1084 2870 αὐτοῖς
1122 2806 1421 2876 γεγονότων
1465 2806 1566 2877 τὴν
1590 2803 1921 2878 ἐπιστροφὴν

341 2898 688 2971 καταψθορὰν
727 2899 1105 2969 ὀνομάζοντες,
1130 2897 1227 2952 καὶ
1255 2894 1344 2952 οἷά
1388 2915 1439 2951 τι
1467 2897 1576 2950 τῶν
1606 2898 1743 2966 ἄγαν
1772 2896 1923 2952 ἐκτό-

349 3007 462 3044 πων
495 2991 846 3063 ὶπιφέροντες
882 2972 1265 3063 ἐγκλημάτων·
1292 3008 1309 3041 ι
1338 2988 1472 3043 Ἰδοὺ
1505 2990 1635 3061 γὰρ.
1660 2989 1919 3059 ἔφασκον,

356 3080 737 3151 πεπληρώκατε
776 3081 876 3152 τὴν
910 3079 1268 3152 Ἰερουσαλὴμ
1294 3080 1395 3150 τῆς
1428 3078 1653 3151 διδαχῆς
1685 3079 1859 3150 ὑμῶν.
1898 3099 1915 3132 ι

367 3164 584 3240 Ἐπειδὴ
620 3171 674 3226 δὲ
718 3171 1102 3236 κατωνείδιζον
1123 3170 1200 3235 ὡς
1238 3172 1423 3225 οὐκέτι
1456 3170 1663 3235 ζῶντας
1700 3171 1923 3225 Ἰουδαῖ-

352 3260 482 3323 κῶς.
502 3232 789 3332 ἐμανθανον
811 3263 895 3316 ὅτι
917 3232 1193 3335 τετίμητον
1208 3263 1340 3335 παρ’
1360 3232 1543 3327 αὐτοῖς
1573 3265 1605 3334 ὴ
1629 3232 1920 3336 περιτομήο
1950 3232 1993 3287 C

347 3350 407 3404 τὸ
432 3352 747 3423 διατειχίζον
761 3356 817 3408 δὲ
843 3354 981 3419 δλως
1009 3357 1088 3419 είς
1109 3355 1373 3426 διαφορὰν
1389 3356 1560 3409 οὐδέν·
1579 3358 1735 3427 εῐπερ
1755 3356 1925 3409 ἕλοιν-

347 3460 407 3495 το
441 3445 582 3496 νοεῖν
609 3444 677 3497 τὰ
710 3445 953 3510 Μωσέως
983 3444 1104 3498 καθ’
1131 3444 1190 3498 δν
1220 3445 1327 3499 ἔδει
1358 3446 1591 3522 τρόπον..
1611 3465 1628 3498 ι
1662 3447 1737 3500 Οὐ
1766 3447 1874 3518 γὰρ
1900 3448 1927 3499 ὁ

346 3537 404 3587 ἐν
428 3534 507 3605 τῷ
563 3535 802 3607 φανερῷ,
835 3536 989 3606 φησὶ,
1035 3536 1292 3601 Ἰουδαῖός
1347 3538 1513 3602 ἐστιν,
1549 3538 1668 3591 οὐδὲ
1698 3540 1731 3609 ἡ
1767 3540 1823 3591 ὲν
1849 3537 1926 3609 τῷ

346 3627 566 3699 ςανερῷ
622 3629 679 3679 ἐν
728 3628 892 3696 σαρκὶ
948 3627 1240 3698 περιτομή’
1300 3627 1414 3680 ἀλλ’
1442 3628 1470 3679 ό
1502 3630 1556 3681 ὲν
1582 3628 1661 3699 τῷ
1703 3630 1928 3701 κρυπτῷ

344 3717 619 3782 Ἰουδαῖος,
674 3720 768 3772 καὶ
819 3718 1089 3789 περιτομὴ
1145 3718 1372 3787 καρδίας
1423 3721 1480 3772 ὲν
1529 3720 1821 3788 πνεύματι,
1866 3722 1927 3774 οὐ

346 3805 673 3881 γραμματιξ
700 3828 721 3862 ι
760 3810 922 3881 Ὁρᾷς
948 3812 1097 3874 ὅπως
1124 3812 1171 3863 οἱ
1200 3810 1355 3877 δόξαν
1384 3810 1597 3881 ἔχοντες
1627 3812 1929 3881 ἀλλογενῶν

352 3902 878 3973 συνεσχηματίζοντο
921 3905 1032 3966 τοῖς
1061 3903 1351 3963 Ἰουδαίοις,
1398 3902 1495 3973 τὴν
1546 3905 1604 3956 ὲν
1659 3905 1929 3972 πνεύματι

352 3993 671 4063 περιτομὴν.
700 3994 798 4047 καὶ
825 3994 915 4046 τὸν
949 3996 1005 4047 ὲν
1033 3994 1108 4065 τῷ
1137 3995 1363 4066 κρυπτῷ
1391 3996 1776 4066 περιφέροντες
1798 3997 1930 4049 Ἰου-

348 4084 514 4138 διῖον.
554 4083 713 4137 Ἀλλὰ
743 4085 833 4137 καὶ
854 4085 1023 4148 οὕτως
1046 4085 1772 4157 ἀπεκτόνασιπροανελόντες
1804 4102 1933 4157 προ-

351 4176 549 4245 φήτας,
584 4176 678 4228 καὶ
712 4176 871 4229 αὐτὸν
913 4176 970 4229 δὲ
1007 4176 1098 4230 τὸν
1147 4176 1522 4249 Ἐμμανουήλ.
1571 4177 1932 4229 Συνετέλεσαν

349 4265 548 4330 τοίνυν,
582 4264 771 4335 φησὶν,
830 4264 1042 4319 ἀδικίαν
1080 4264 1303 4333 Συμεὼν
1338 4266 1433 4318 καὶ
1484 4264 1638 4328 Λευὶ,
1676 4264 1735 4329 ἐξ
1783 4265 1933 4336 αίρέ-

350 4370 488 4418 σεως
543 4355 745 4410 αὐτῶν*
803 4358 1273 4428 συμπεφωνήκασι
1321 4356 1430 4429 γὰρ
1478 4359 1572 4410 καὶ
1629 4358 1933 4429 συνέϐησαν

348 4445 597 4519 αλλήλοις
624 4449 703 4512 είς
718 4449 816 4519 τὴν
845 4448 985 4502 κατὰ
1005 4448 1113 4501 τῶν
1140 4448 1308 4517 ἁγίων
1336 4447 1548 4501 ἀδικίαν
1566 4449 1594 4502 ὃ
1618 4465 1676 4501 τε
1707 4448 1931 4517 Συμεὼν

2019 1997 2227 2052 semine
2271 1997 2340 2051 ab
2382 1996 2515 2066 ipsis
2561 2005 2812 2066 recepto;
2850 1996 2945 2051 sed
2985 1996 3059 2051 ob
3097 1996 3202 2050 hoc
3241 1994 3599 2050 vehementer

2018 2091 2493 2146 excandescebant
2526 2089 2747 2159 quidam
2779 2104 2847 2143 ex
2879 2088 3004 2144 ﬁliis
3029 2088 3218 2149 Jacob,
3245 2086 3466 2143 Simeon
3508 2087 3594 2141 ni-

2020 2181 2221 2234 mirum
2256 2188 2312 2234 et
2344 2178 2497 2244 Levi,
2527 2178 2631 2235 hoc
2657 2186 2763 2243 est,
2792 2177 2887 2247 qui
2931 2179 3035 2248 legi
3079 2177 3285 2232 subditi
3326 2183 3507 2239 erant,
3541 2185 3592 2229 et

2020 2286 2144 2324 cum
2162 2270 2264 2322 ~his
2294 2284 2510 2323 sacrum
2541 2277 2704 2338 atque
2734 2269 2970 2323 electum
2995 2284 3186 2338 genus.
3213 2268 3346 2322 Nam
3374 2266 3596 2321 Simeon

2019 2359 2295 2431 signiﬁcat
2352 2360 2735 2424 obedientiam;
2789 2358 2919 2413 Levi
2980 2366 3164 2413 autem
3219 2366 3459 2428 acceptus
3505 2365 3600 2410 aut

2020 2450 2237 2504 electus.
2264 2449 2417 2517 Quod
2442 2459 2624 2505 autem
2648 2451 2854 2506 sanctis
2879 2449 3141 2520 apostolis
3164 2449 3402 2519 graviter
3423 2447 3598 2502 insul-

2020 2543 2189 2597 tarint
2230 2541 2267 2595 ii
2324 2541 2419 2612 qui
2473 2541 2766 2596 sacerdotii
2837 2540 3158 2611 dignitatem
3209 2538 3390 2609 adepti
3441 2545 3602 2594 erant

2024 2633 2261 2702 (papulis
2288 2648 2393 2686 una
2424 2648 2548 2688 cum
2576 2633 2708 2703 ipsis
2740 2630 3231 2702 conspirantibus),
3252 2631 3457 2686 nemini
3494 2630 3600 2682 du-

2022 2722 2172 2776 bium
2200 2738 2320 2778 esse
2354 2731 2557 2794 potest.
2594 2722 2914 2778 Stridcbant
2945 2724 3093 2777 enim
3126 2721 3388 2776 dentibus
3407 2721 3603 2775 adver-

2022 2829 2116 2867 sus
2160 2828 2224 2869 ea
2272 2829 2394 2884 qua:
2438 2814 2713 2869 faciebant
2769 2814 3023 2883 apostoli,
3057 2820 3320 2867 vocantes
3359 2811 3601 2881 ipsorum

2022 2905 2438 2980 conversionem
2465 2905 2897 2975 corruptionem,
2922 2919 2985 2958 ac
3012 2915 3266 2970 tanquam
3301 2915 3466 2971 grave
3500 2900 3604 2954 ali-

2023 2995 2171 3065 quod
2203 2995 2465 3065 ﬂagitium
2500 3003 2860 3050 accusantes:
2895 3012 2912 3044 ι
2942 2993 3084 3047 Ecce
3110 2992 3257 3045 enim
3282 2988 3608 3059 implevistis

2022 3087 2326 3142 Jerusalem
2347 3085 2599 3141 doctrina
2622 3093 2802 3140 vestra
2820 3084 2861 3148 ³,
2895 3103 2913 3135 ι
2944 3081 3284 3153 inquiebant.
3311 3081 3603 3150 Postquam

2027 3192 2158 3231 vero
2196 3176 2602 3248 exprobrarunt
2633 3175 2733 3239 eis,
2764 3175 2911 3245 quod
2948 3190 3057 3229 non
3094 3172 3327 3241 amplius
3361 3171 3608 3226 viverent

2026 3266 2274 3332 Judaice,
2308 3276 2422 3322 tum
2456 3265 2770 3322 didicerunt
2807 3265 2912 3322 coli
2949 3265 3018 3320 ab
3057 3264 3193 3335 ipsis
3229 3261 3607 3318 circumcisio-

2028 3374 2174 3423 nem,
2204 3374 2382 3429 neque
2405 3357 2703 3429 quidquam
2730 3357 2956 3412 omnino
2989 3372 3110 3412 esse
3144 3354 3288 3426 quod
3324 3355 3608 3409 discerne-

2029 3459 2112 3506 ret
2136 3467 2231 3506 cos
2253 3468 2282 3506 a
2306 3452 2582 3522 gentibus.
2608 3451 2878 3521 siquidem
2902 3451 3107 3506 vellent
3127 3465 3194 3505 eo
3213 3464 3323 3519 quo
3344 3448 3610 3503 deberent

2028 3559 2190 3598 sensu
2222 3542 2424 3599 Moscm
2458 3543 2783 3615 intelligere.
2817 3562 2835 3596 ι
2865 3543 3055 3613 Neque
3083 3543 3230 3597 enim
3256 3542 3350 3612 qui
3389 3542 3445 3596 in
3487 3555 3607 3595 ma—

2028 3634 2249 3699 nifcsto,
2277 3634 2473 3704 inquit,
2501 3634 2724 3690 Iudaeus
2749 3643 2852 3700 est,
2876 3650 3055 3705 neque
3088 3648 3150 3687 ea
3179 3649 3300 3702 quae
3341 3634 3395 3686 in
3430 3630 3609 3685 mani-

2030 3728 2170 3781 festo
2198 3727 2251 3781 in
2284 3743 2448 3782 carne
2488 3738 2571 3781 est
2616 3728 2984 3790 circumcisio,
3016 3727 3111 3781 sed
3154 3726 3249 3795 qui
3294 3727 3349 3779 in
3394 3723 3610 3778 occulto

2028 3826 2113 3870 est
2135 3816 2377 3881 Iudaeus,
2410 3824 2465 3870 et
2494 3817 2844 3871 circumcisio
2877 3817 3045 3883 218
3079 3815 3265 3868 cordis
3299 3813 3354 3866 in
3387 3813 3606 3881 spiritu,

2031 3923 2140 3961 non
2182 3907 2237 3961 in
2279 3907 2464 3961 littera
2495 3907 2534 3959 ‘.
2565 3926 2583 3956 ι
2616 3907 2780 3959 Vides
2811 3904 3087 3972 quomodo
3143 3902 3219 3953 illi
3260 3901 3354 3970 qui
3392 3901 3611 3970 Opinio-

2031 4013 2157 4050 nem
2201 3996 2479 4051 habebant
2526 3996 2975 4063 alienigenarum,
3010 3991 3332 4046 conformati
3370 3992 3479 4046 sint
3511 3992 3609 4047 Ju-

2032 4087 2185 4149 daais,
2228 4086 2355 4140 dum
2404 4084 2880 4140 circumcisionem
2910 4083 3233 4152 spiritalem,
3268 4091 3323 4137 et
3363 4084 3608 4139 Judaeum

2034 4178 2089 4231 in
2134 4177 2351 4231 occulto
2396 4175 2879 4233 circumferebant.
2935 4175 3133 4230 Verum
3179 4175 3344 4229 etiam
3391 4176 3491 4245 ipsi
3538 4176 3607 4229 ita

2034 4269 2165 4325 olim
2208 4268 2557 4323 trucidabant
2591 4268 2906 4339 prophetas,
2933 4267 3044 4321 imo
3082 4269 3247 4321 etiam
3284 4267 3604 4322 Emmanue-

2031 4364 2161 4418 lem.
2205 4362 2739 4417 Consummaverunt
2782 4360 2948 4430 igitur
2994 4359 3339 4429 iniquitatem
3388 4360 3608 4414 Sinicon

2032 4464 2089 4510 et
2124 4455 2279 4515 Levi.
2323 4470 2386 4509 ac
2433 4454 2656 4523 quidem
2715 4472 2812 4509 sua
2857 4455 3157 4509 voluntate.
3212 4452 3608 4521 Conspirarnnt

350 4540 444 4591 καὶ
483 4539 582 4609 μέν
609 4557 690 4593 τοι
715 4542 808 4593 καὶ
855 4542 884 4593 ὁ
910 4540 1058 4602 Λευὶ,
1095 4539 1340 4592 τουτέστι
1371 4538 1489 4591 λαοί
1536 4555 1594 4590 τε
1629 4539 1721 4591 καὶ
1746 4540 1924 4607 ἱερεῖς.

2035 4546 2181 4600 enim
2217 4553 2272 4599 et
2305 4554 2680 4598 convenerunt
2726 4544 2868 4597 inter
2910 4559 2967 4597 se
3012 4543 3079 4596 ad
3117 4541 3372 4611 injuri-am
3407 4540 3609 4593 sanctis

352 4631 425 4684 Τὸ
454 4630 514 4685 δὲ
540 4630 601 4696 ἐξ
628 4633 890 4704 αἱρέσεως
925 4628 1126 4693 αὐτῶν,
1174 4630 1294 4682 ἀντὶ
1337 4628 1430 4681 τοῦ
1459 4628 1600 4682 κατά
1623 4628 1810 4697 σκέψιν
1840 4628 1932 4681 καὶ

355 4724 629 4795 βούλησιν.
653 4725 727 4777 Οὐ
762 4725 872 4795 γὰρ
906 4723 968 4776 ἐκ
996 4739 1060 4791 γε
1097 4720 1191 4775 τοῦ
1213 4720 1622 4792 συμδεϐηκότος
1649 4719 1836 4782 ἁπλῶς
1864 4719 1931 4771 τὰ

350 4816 497 4869 δεινὰ
547 4814 656 4869 τῶν
701 4812 1048 4868 πεπονθότων
1109 4810 1575 4880 κατεσχεδιάζετο,
1643 4810 1758 4862 ἀλλ’
1811 4810 1931 4863 οὐδὲ

352 4906 761 4979 ἀπροϐούλευτα
793 4903 863 4958 τὰ
899 4903 1227 4973 τολμήματα
1270 4901 1364 4954 καὶ
1414 4901 1474 4954 τὸ
1528 4901 1753 4953 ἔκτοπον
1801 4900 1933 4971 θρά-

356 5013 464 5062 σοςο
498 4997 615 5053 ἀλλ’
648 4999 713 5051 ὲκ
745 4994 1038 5066 συνεδρίων
1076 4991 1255 5047 αὐτῶν
1285 4992 1377 5047 ἐπὶ
1402 4992 1463 5046 τὸ
1490 4993 1623 5064 δρᾷν
1653 4993 1818 5063 ᾔεσαν
1866 4992 1932 5043 τὰ

354 5086 550 5152 παντὸς
572 5088 830 5141 ἐπέκεινα
860 5083 1051 5140 κακοῦ.
1088 5084 1440 5153 Παραιτεῖται
1468 5081 1531 5152 δὴ
1549 5079 1640 5136 οὖν
1671 5084 1698 5135 ὁ
1729 5081 1928 5135 θεσπέ-

357 5193 464 5244 σιος
492 5176 693 5233 ’ἰακὼὸ
716 5179 815 5249 τὴν
839 5178 932 5232 ἐπὶ
953 5174 1090 5246 τῷδε
1116 5173 1384 5236 σύνθεσιν,
1410 5174 1509 5237 τὰς
1543 5173 1931 5236 κοινοόουλίας,

355 5269 446 5341 τὴν
477 5270 690 5340 σκέψιν.
723 5290 740 5322 ι
766 5270 858 5342 Μὴ
882 5271 990 5342 γὰρ
1018 5268 1270 5332 εἰσέλθοι,
1293 5269 1525 5339 φησὶν,ὴ
1556 5266 1699 5337 ψυχή
1723 5284 1822 5336 μου
1854 5267 1933 5331 εἰς

357 5359 546 5433 βουλὴν
567 5360 767 5426 αὐτῶν,
798 5365 893 5416 καὶ
922 5363 1015 5415 ἐπὶ
1036 5365 1102 5433 τῇ
1136 5362 1393 5415 συστάσει
1422 5359 1601 5413 αὐτῶν
1632 5358 1704 5431 μὴ
1730 5360 1933 5431 ἑρεῖται

355 5450 419 5503 τὰ
444 5453 634 5523 ἥπατὰ
663 5470 786 5525 μου.
817 5472 834 5505 ι
867 5455 1096 5525 ’Ὅμοιον
1126 5452 1233 5525 γὰρ
1257 5453 1331 5516 ὼς
1369 5455 1417 5506 εἰ
1450 5452 1618 5522 λέγον
1654 5456 1789 5525 μήτε
1821 5458 1933 5516 τοῖς

363 5540 450 5609 τῆς
472 5542 712 5608 διανοίας
740 5542 981 5614 ὄμμασιν
1004 5542 1373 5612 ὲνατενίσαιμὶ
1404 5559 1534 5596 ποτε
1558 5544 1675 5607 ταῖς
1698 5543 1933 5596 τοιαῖσδε

360 5630 595 5698 βουλαῖς,
650 5636 786 5704 μήτε
824 5634 929 5706 μὴν
964 5636 1041 5698 είς
1073 5634 1299 5707 καρδίαν
1343 5635 1477 5697 ὅλως
1526 5634 1934 5706 παραδεξαίμην

457 5803 476 5835 ³
500 5805 621 5860 Act.
657 5823 731 5871 tv,
770 5807 851 5861 16.
961 5807 975 5835 "
1010 5808 1167 5863 Rom.
1202 5824 1256 5871 η,
1287 5807 1339 5861 8.

2034 4635 2373 4689 inferendam
2411 4633 2631 4689 Simcon
2670 4644 2724 4688 et
2762 4635 2913 4694 Levi.
2953 4635 3055 4689 hoc
3087 4643 3189 4693 est,
3218 4631 3402 4703 populi
3434 4638 3489 4686 et
3522 4647 3608 4684 sa-

2033 4726 2306 4781 cerdotes.
2345 4726 2515 4779 Porro
2549 4744 2565 4776 ι
2597 4741 2693 4779 sua
2717 4724 3015 4788 voluntate,
3048 4745 3065 4774 ι
3102 4724 3347 4777 additum
3378 4730 3481 4785 est,
3512 4735 3608 4789 pro

2032 4834 2099 4873 eo
2123 4819 2268 4889 quod
2306 4826 2411 4881 est,
2439 4817 2619 4872 dedita
2648 4834 2813 4887 opera
2839 4828 2895 4872 et
2929 4817 3198 4871 consulto.
3228 4816 3344 4868 Non
3370 4815 3515 4868 cnim
3544 4826 3609 4865 ex

2035 4926 2162 4965 casu
2204 4911 2433 4966 fortuito
2485 4911 2600 4965 haec
2647 4911 2786 4963 mala
2835 4910 3212 4968 obvenerunt,
3263 4919 3438 4972 neque
3492 4905 3611 4957 sine

2033 5000 2428 5055 deliberatione
2458 5002 2593 5055 adeo
2627 5001 2866 5054 nefarios
2900 5007 3129 5052 conatus
3161 4994 3397 5063 aggressi
3432 5002 3559 5047 sunt
3593 5011 3606 5047 :

2032 5093 2127 5148 sed
2159 5094 2347 5148 habito
2386 5093 2529 5147 inter
2563 5109 2619 5148 sc
2657 5091 2886 5145 consilio
2924 5089 2989 5143 ad
3030 5096 3271 5142 extrema
3309 5086 3509 5154 ﬂagitia
3552 5102 3610 5140 se

2032 5184 2402 5237 contulerunt.
2440 5183 2751 5236 Detcslatur
2796 5179 2977 5247 itaque
3017 5178 3235 5230 divinus
3268 5174 3435 5229 Jacob
3476 5174 3609 5226 isto-

2034 5289 2155 5327 rum
2188 5288 2538 5337 consensum,
2571 5269 3229 5334 communicationemque
3257 5266 3611 5320 consiliorum

2036 5374 2091 5419 ct
2125 5366 2487 5433 propositum.
2524 5383 2539 5413 ‹
2571 5363 2689 5416 Non
2718 5360 2886 5422 enim,
2925 5359 3020 5421 ait,
3061 5356 3398 5426 ingrediatur
3428 5356 3609 5410 anima

2042 5470 2161 5508 mea
2206 5454 2260 5507 in
2303 5453 2597 5507 consilium
2643 5464 2860 5510 corum,
2896 5456 2951 5501 et
3002 5449 3053 5501 in
3093 5456 3235 5502 cmtu
3281 5461 3469 5499 eorum
3501 5461 3611 5499 non

2043 5546 2296 5600 dicentur
2339 5542 2541 5599 eximia
2584 5556 2726 5595 mea.
2791 5559 2808 5589 ›
2873 5539 3104 5594 Perinde
3149 5555 3211 5592 ac
3259 5539 3301 5591 si
3352 5538 3558 5591 diceret
3596 5552 3608 5564 ν

2046 5637 2264 5691 Awrtat
2292 5636 2456 5693 Dens.
2486 5647 2552 5686 ne
2588 5628 2803 5701 quando
2833 5630 2973 5686 Oculi
3013 5631 3320 5685 intellectus
3350 5627 3453 5682 mei
3491 5641 3611 5679 ver-
