4074 6260
345 399 453 455 547
1334 407 1389 465 S.
1431 410 1708 469 CYRILLI
1747 415 2217 474 ALEXANDRINI
2257 421 2575 478 ARCHIEP.
3504 414 3611 480 348

348 525 479 586 gant
501 516 557 571 in
582 517 708 572 talia
734 520 982 586 consilia,
1014 533 1109 578 aut
1136 540 1232 580 eor
1265 544 1448 584 meum
1481 531 1716 589 subeant
1740 531 1922 591 istius-

2035 537 2255 594 πώποτε
2278 529 2348 594 τὰ
2383 541 2712 613 παγχάλεπα
2746 544 2899 599 ταυτὶ
2925 543 3033 598 τῶν
3062 541 3414 614 ἠσεϐηκότων
3437 543 3611 612 σκέμ-

348 606 501 663 modi
542 607 722 678 impia:
764 611 1215 671 machinationes.
1259 618 1349 676 Sic
1373 629 1429 676 et
1469 623 1637 679 Isaias
1664 627 1928 697 propheta

350 694 516 751 deﬂet
540 699 771 767 populos
799 700 1138 771 Iudaeorum,
1168 706 1358 766 dicens
1386 728 1400 765 :
1435 732 1453 763 ι
1490 713 1579 769 Vae
1616 694 1811 772 animae
1852 719 1931 790 ip-

350 800 556 852 sorum,
595 788 724 858 quia
768 791 1014 850 inierunt
1054 799 1259 854 malum
1296 804 1586 862 consilium
1621 816 1810 864 contra
1844 828 1930 870 sc-

350 876 528 945 ipsos,
584 879 878 938 dicentes:
922 885 1242 957 Ligabimus
1289 893 1538 963 justum,
1587 899 1717 969 quia
1770 904 1930 962 nobis

349 969 672 1026 commodus
698 988 810 1028 non
838 985 924 1031 est
947 978 1067 1032 Μ.»
1099 981 1288 1037 Psaliit
1316 986 1481 1041 etiam
1506 988 1676 1045 David
1705 1010 1717 1045 :
1750 1013 1769 1045 ι
1792 995 1927 1051 Bea-

352 1065 440 1113 tus
468 1057 555 1113 vir
582 1061 678 1131 qui
704 1078 817 1119 non
847 1065 985 1121 abiit
1020 1069 1076 1123 in
1111 1074 1400 1129 consilium
1435 1077 1751 1148 impiorum,
1791 1088 1928 1144 etin

348 1148 438 1202 via
481 1159 834 1219 peccatorum
879 1173 990 1214 non
1034 1163 1188 1217 stetit
1220 1166 1259 1218 ⁷.
1297 1186 1314 1218 ν
1356 1167 1423 1222 Et
1456 1187 1675 1228 rursum
1716 1194 1728 1229 :
1779 1198 1795 1229 ι
1824 1178 1926 1234 Odi

348 1237 639 1295 ecclesiam
671 1243 1116 1317 malignantium,
1161 1260 1220 1306 et
1277 1270 1404 1310 cum
1443 1259 1628 1330 impiis
1674 1280 1785 1321 non
1845 1283 1930 1324 se-

348 1324 494 1382 debo
514 1328 556 1382 '.
590 1349 609 1380 ›
650 1332 892 1391 Discedit
918 1338 1104 1408 itaque
1130 1340 1325 1400 beatus
1355 1324 1580 1406 Jacob-a
1610 1353 1927 1413 Iudaeorum

350 1422 866 1493 consultationibus,
900 1439 958 1487 et
997 1432 1151 1490 addit
1170 1453 1392 1495 causam
1424 1460 1436 1495 :
1477 1466 1495 1494 ‹
1523 1444 1681 1513 Quia,
1726 1448 1924 1519 inquit,

351 1512 624 1572 in‘l‘urore
658 1532 759 1573 suo
794 1520 1194 1583 interfecerunt
1225 1529 1498 1601 homines,
1525 1545 1583 1592 et
1610 1512 1673 1594 in
1699 1512 1927 1621 libidine

349 1622 446 1662 sua
478 1624 885 1670 enervaverunt
919 1625 1159 1673 taurum.
1211 1641 1230 1673 ι
1275 1622 1610 1684 Deciderunt
1645 1634 1815 1702 enim,
1866 1647 1928 1693 ut

347 1695 483 1760 dixi,
505 1707 726 1755 sanctos
753 1701 959 1760 furiosa
988 1707 1072 1761 ira
1098 1710 1239 1779 rapti
1262 1712 1331 1767 ad
1358 1717 1621 1773 savitiam
1651 1695 1815 1793 atque
1839 1726 1926 1782 in-

348 1786 777 1859 humanitatem;
831 1809 1068 1867 cumque
1117 1801 1306 1858 miseri
1354 1810 1522 1864 semel
1572 1810 1628 1867 in
1683 1827 1924 1873 mentem

346 1893 501 1933 suam
537 1880 891 1939 admisissent
914 1887 1235 1947 eﬂ'renatam
1263 1902 1320 1949 et
1347 1902 1690 1958 temerariam
1718 1919 1923 1963 concu-
1956 1889 1995 1944 Β

346 1967 705 2037 piseentiam,
750 1988 1156 2038 enervaverunt
1199 1991 1453 2053 taurum,
1494 1989 1599 2046 hoc
1642 2006 1726 2051 est
1761 1994 1924 2052 Chri-

345 2066 512 2114 stum.
537 2059 667 2127 Qua:
687 2072 871 2120 autem
894 2069 966 2124 sit
982 2070 1086 2126 ista
1113 2079 1582 2148 concupiscentia,
1605 2093 1765 2142 antea
1786 2088 1926 2143 dixi-

346 2163 489 2205 mus.
536 2152 671 2208 Nam
708 2155 802 2211 ubi
842 2162 1227 2231 cognovissent
1276 2170 1423 2238 quod
1465 2171 1510 2226 is
1544 2183 1691 2231 esset
1724 2177 1921 2247 haeres,

344 2241 781 2311 concupiverunt
808 2249 930 2319 ejus
962 2251 1357 2314 haereditatem.

413 2434 468 2490 5.
513 2437 621 2493 Sed
646 2442 773 2498 vide
804 2460 969 2515 quam
1009 2461 1266 2510 accurate
1301 2455 1528 2515 historia
1559 2462 1768 2534 singula
1795 2481 1923 2535 per-

347 2530 567 2582 tractet.
595 2529 733 2585 Nam
771 2536 1096 2596 occiderunt
1119 2544 1340 2613 quidem
1375 2529 1770 2618 homines,‘sed
1795 2529 1925 2611 tau-

346 2631 471 2669 rum
505 2634 925 2684 enervaverunt.
966 2629 1104 2697 Quia
1147 2644 1367 2694 sanctos
1407 2640 1631 2711 quidem
1677 2646 1922 2705 tradide-

342 2715 473 2762 runt
506 2712 691 2778 morti,
727 2715 780 2785 2
797 2718 893 2789 [9
922 2722 1015 2791 qui
1043 2732 1099 2778 et
1127 2740 1550 2794 permanserunt
1577 2738 1801 2804 mortui,
1826 2754 1921 2794 ex-

340 2806 652 2867 spectantes
676 2810 892 2878 tempus
912 2815 1335 2872 resurrectionis
1358 2835 1370 2872 :
1390 2819 1489 2875 sed
1506 2826 1764 2894 tanquam
1781 2828 1926 2882 vitu-

341 2890 429 2946 lus
469 2894 692 2962 quidam
737 2900 807 2955 ab
849 2904 1031 2973 aquila
1072 2919 1368 2966 enervatus
1409 2890 1923 2988 cecidit—quodam-

341 2980 507 3036 modo
530 2982 586 3037 in
609 2992 815 3043 terram
838 2989 1113 3060 Christus,
1135 2997 1433 3070 volensque
1457 3018 1558 3072 pro
1588 2980 1750 3062 nobis
1777 3024 1925 3063 mor-

340 3079 451 3126 tem
487 3089 781 3147 perpessus
817 3091 933 3150 est;
983 3101 1092 3142 non
1136 3098 1320 3147 tamen
1367 3108 1397 3147 a
1444 3103 1623 3152 morte
1667 3098 1924 3158 detentus

339 3162 463 3229 fuit,
496 3166 607 3221 imo
634 3184 766 3227 vero
796 3173 925 3230 licet
950 3178 1118 3233 veluti
1159 3181 1325 3239 homo
1365 3196 1617 3244 mortuus
1644 3190 1737 3257 sit,
1764 3207 1921 3247 man-

339 3255 412 3309 sit
459 3264 643 3314 tamen
693 3262 855 3318 vivus
903 3265 959 3321 in
1009 3269 1194 3327 divina
1236 3285 1453 3332 natura.
1498 3279 1715 3337 Taurus
1756 3283 1923 3354 igitur

337 3346 609 3416 Christus,
635 3352 763 3421 quia
792 3355 1235 3419 robustissimum
1262 3368 1462 3423 animal
1481 3381 1585 3437 est,
1608 3346 1919 3444 atqueitem

341 3455 543 3508 purum
574 3446 1111 3522 sanctissimumque.
1133 3455 1303 3512 Filius
1330 3469 1514 3515 autem
1540 3473 1624 3518 est
1652 3465 1923 3524 Dominus

339 3530 684 3591 fortitudinis
718 3545 774 3593 et
811 3543 1090 3610 potentiae,
1128 3548 1222 3617 qui
1267 3564 1379 3605 non
1421 3554 1694 3610 commisit
1734 3574 1926 3627 pecca-

340 3632 460 3677 tum
482 3625 597 3691 9'“,
627 3628 739 3685 imo
764 3648 898 3689 vero
924 3637 1164 3708 seipsum
1196 3641 1399 3699 obtulit
1414 3661 1514 3715 pro
1531 3649 1691 3705 nobis
1717 3625 1769 3705 in
1787 3653 1922 3708 odo-

340 3730 461 3770 rem
505 3723 794 3779 suavitatis
827 3725 940 3782 Deo
978 3744 1043 3784 ac
1075 3731 1223 3787 Patri
1258 3733 1317 3789 “.
1381 3737 1624 3795 Audiant
1660 3741 1829 3813 igitur
1868 3744 1923 3798 hi

339 3806 435 3876 qui
496 3809 646 3867 hunc
703 3815 842 3873 adeo
896 3831 1146 3877 sanctum
1193 3831 1409 3882 taurum
1462 3845 1865 3891 enervaverunt
1906 3856 1918 3890 :

346 3920 364 3951 ι
403 3901 727 3965 Maledictus
769 3911 927 3969 furor
970 3915 1237 3987 ipsorum,
1271 3922 1402 3992 quia
1446 3927 1720 3995 pertinax,
1749 3938 1803 3985 et
1842 3930 1923 3987 ira

338 3990 581 4063 ipsorum
609 4001 737 4070 quia
773 4004 1043 4064 induruit.
1095 4029 1114 4063 ι
1171 3990 1553 4085 Βοάίηιιὶἀ-οι)
1581 4020 1688 4076 hoc
1707 3990 1800 4078 eis
1828 4039 1922 4079 ac-

337 4085 508 4142 cidit?
532 4090 704 4160 Ejecti
746 4104 877 4151 sunt
908 4114 940 4155 e
973 4103 1088 4158 suis
1122 4103 1366 4174 ipsorum
1404 4108 1681 4177 domibus,
1707 4115 1925 4175 οχευιετ

339 4189 576 4250 runtqne
615 4199 682 4239 ex
717 4191 914 4257 patria,
945 4193 1194 4264 dissipati
1239 4209 1388 4266 sunt,
1419 4210 1474 4255 et
1506 4202 1634 4258 facti
1676 4215 1922 4264 extorres

339 4277 505 4339 atque
554 4272 797 4341 advenaa,
833 4287 891 4333 et
941 4281 1008 4335 ad
1062 4299 1330 4351 summam
1389 4289 1629 4360 inepiam
1690 4297 1917 4351 redacti.

340 4359 543 4416 Verum
572 4364 721 4419 enim
747 4377 832 4424 est
858 4373 1026 4441 quod,
1063 4374 1205 4431 sicut
1240 4379 1358 4435 avis
1389 4398 1514 4437 cum
1550 4385 1853 4441 evolaverit
1889 4404 1921 4443 e

341 4451 473 4508 nido
505 4468 637 4521 suo,
679 4455 755 4513 ita
789 4460 863 4515 sit
903 4463 1068 4520 etiam
1118 4467 1283 4524 homo
1322 4473 1415 4543 qui
1458 4491 1489 4529 a
1521 4478 1760 4547 propriis
1787 4478 1922 4535 locis

2034 646 2201 701 ματα.
2230 630 2389 686 οὕτω
2421 632 2515 687 καὶ
2540 632 2570 684 6
2600 635 2883 706 προφήτης
2929 634 3158 698 Ἡσαΐας
3184 634 3310 697 τούς
3342 631 3452 686 τῶν
3475 633 3613 686 Ἰου-

2028 722 2196 777 δαίων
2215 722 2423 795 δήμους
2451 723 2747 793 ταλανίζει,
2783 726 2976 794 λέγων·
3010 745 3029 778 ι
3075 725 3214 780 Οὐαὶ
3241 728 3318 798 τῇ
3337 724 3483 797 ψυχῇ
3512 724 3611 778 αὐ-

2029 814 2159 883 τῶν,
2189 815 2324 870 διότι
2347 815 2725 888 βεϐούλευνται
2744 817 2943 891 βουλὴν
2969 818 3236 889 πονηρὰν,
3265 818 3387 873 καθ’
3400 817 3610 872 ἑαυτῶν

2029 906 2298 972 εἰπόντες,
2331 910 2596 981 Δήσωμεν
2624 909 2717 964 τὸν
2736 910 2969 975 δίκαιον,
3003 912 3085 966 ὅτι
3109 910 3447 984 δύσχρηστος
3477 911 3610 980 ημῖν

2028 999 2165 1053 ἐστι.
2201 1017 2220 1052 ι
2249 999 2455 1054 Ψάλλει
2476 1001 2533 1055 δὲ
2565 1002 2659 1056 καὶ
2696 1005 2725 1057 6
2752 1002 2938 1057 Δαϐίδ·
2982 1023 3002 1056 ι
3034 1002 3322 1073 Μακάριος
3356 1001 3494 1075 ἀνὴρ
3549 1000 3607 1067 ὃς

2028 1089 2129 1144 οὐκ
2149 1089 2421 1163 ἐπορεύθη
2451 1094 2508 1145 εν
2534 1090 2697 1164 βουλῇ
2728 1094 2964 1158 ἀσεϐῶν,
3001 1094 3097 1149 καὶ
3135 1095 3193 1147 ἐν
3215 1093 3320 1164 6δῷ
3348 1094 3608 1165 ἀμαρτω-

2029 1179 2136 1234 λῶν
2173 1180 2276 1235 οὐκ
2318 1180 2471 1253 ἔστη.
2504 1202 2523 1234 ›
2580 1185 2691 1239 Καὶ
2720 1184 2903 1241 πάλινο
2941 1204 2960 1237 ‹
2992 1184 3265 1257 Ἑμίσησα
3311 1185 3609 1256 ἐκκλησίαν

2029 1272 2500 1344 πονηρευομένων,
2541 1275 2638 1328 καὶ
2684 1275 2823 1347 μετά
2851 1275 3065 1330 ἀσεϐῶν
3092 1277 3156 1331 οὐ
3205 1275 3281 1348 μὴ
3311 1274 3537 1331 καθίσω.
3581 1295 3599 1329 ι

2041 1364 2337 1436 ’Δποφοιτᾷ
2367 1365 2655 1437 τοιγαροῦν
2681 1370 2711 1421 6
2762 1366 3048 1431 θεσπέσιος
3090 1365 3284 1421 Ἰακὼϐ
3309 1366 3418 1421 τῶν
3473 1368 3602 1421 ’1ου-

2026 1454 2229 1510 δαῖκῶν
2264 1456 2615 1528 σκεμμάτων·
2670 1458 2915 1528 ἐπιλέγει
2941 1458 2998 1513 δὲ
3025 1460 3125 1524 τάς
3146 1460 3349 1524 αίτίας,
3372 1459 3464 1514 καί
3492 1477 3599 1531 φη-

2029 1563 2132 1607 σιν,
2164 1565 2183 1598 ι
2224 1547 2346 1601 Ὀτι
2377 1549 2436 1602 ὲν
2463 1547 2541 1621 τῷ
2582 1548 2738 1621 θυμῷ
2783 1549 2964 1604 αὐτῶν
3017 1550 3344 1605 ἀπέκτειναν
3390 1549 3596 1622 ἀνθρὼ-

2027 1654 2185 1704 πους,
2220 1638 2312 1692 καὶ
2330 1641 2388 1693 ἐν
2416 1642 2482 1711 τῇ
2509 1639 2774 1713 ἐπιθυμίᾳ
2800 1641 2978 1697 αὐτῶν
3013 1641 3454 1714 ἑνευροκόπησαν
3472 1640 3603 1697 ταῦ-

2030 1746 2141 1802 ρον,
2192 1747 2212 1782 ι
2248 1731 2607 1787 Ἀπεκτόνασι
2638 1734 2738 1804 μὲν
2760 1733 2870 1806 γὰρ
2898 1735 3109 1803 ἁγίους,
3134 1734 3211 1800 ὡς
3229 1734 3385 1807 ἔφην,
3408 1735 3607 1806 ἀνοσίῳ

2027 1817 2183 1890 θυμῷ
2209 1820 2344 1891 πρὸς
2368 1822 2628 1894 ὠμότητα
2647 1825 2740 1878 καὶ
2767 1825 3165 1898 ἀπανθρωπίαν
3192 1825 3604 1899 στρατηγούμε-

2026 1929 2126 1978 νοι,
2157 1913 2417 1986 ἀνήνυτον
2446 1915 2504 1970 δὲ
2543 1918 2637 1970 καὶ
2684 1917 3107 1972 ἀκατάσκεπτον
3137 1917 3432 1989 ἐπιθυμίαν
3462 1934 3603 1971 παν-

2025 2001 2195 2066 τελῶς
2234 2005 2314 2069 είς
2346 2003 2469 2060 νοῦν
2497 2005 2709 2072 ἑλόντες
2763 2009 2811 2061 οί
2862 2007 3112 2074 τάλανες,
3161 2006 3601 2079 ἐνευροκόπησαν

2024 2092 2259 2166 ταῦρον,
2317 2096 2562 2150 τουτέστι
2618 2099 2873 2169 Χριστόν.
2935 2101 3045 2154 Καὶ
3071 2099 3178 2164 ’τίς
3228 2101 3263 2172 ἡ
3316 2097 3600 2169 ἐπιθυμία,

2026 2186 2391 2258 προλαϐόντες
2426 2190 2748 2260 εἰρήκαμεν.
2793 2191 3200 2260 Ἐπεγνωκότες
3238 2192 3340 2263 μὲν
3380 2192 3488 2262 γὰρ
3519 2192 3599 2244 ὅτι

2027 2276 2356 2349 κληρονόμος
2386 2279 2555 2345 ἐστὶν,
2577 2280 2929 2352 ἐπεθύμησαν
2954 2278 3099 2353 εχειν
3120 2281 3220 2353 τὴν
3240 2279 3604 2353 κληρονομίαν

2027 2367 2215 2424 αὐτοῦ.

2095 2468 2165 2531 γ.
2200 2461 2308 2516 Καὶ
2344 2464 2447 2535 δρα
2479 2461 2572 2516 τοῦ
2619 2463 2777 2532 λόγου
2817 2465 2917 2537 τὴν
2947 2465 3292 2536 ὲπιτήρησιν.
3343 2463 3603 2518 ’Λπεκτό-

2025 2568 2149 2609 νασι
2198 2552 2298 2624 μὲν
2330 2553 2441 2625 γάρ
2476 2555 2604 2619 τοὺς
2655 2555 2999 2627 ἀνθρώπους,
3058 2554 3496 2627 ἔνευροκόπησαν
3543 2554 3602 2608 δὲ

2024 2645 2114 2700 τὸν
2144 2645 2365 2719 ταῦρον.
2414 2645 2642 2717 Θανάτῳ
2687 2647 2786 2718 μὲν
2840 2646 2948 2717 γὰρ
2996 2644 3427 2718 περιδεδλήκασι
3477 2645 3603 2709 τοὺς

2027 2737 2235 2808 ἀγὶους,
2262 2738 2353 2793 καὶ
2385 2740 2727 2811 μεμενήκασι
2758 2738 2944 2808 νεκροὶ
2988 2737 3082 2792 τὸν
3119 2738 3221 2808 τῆς
3249 2738 3603 2841 ἀναστάσεως

2026 2831 2215 2903 καιρὸν
2240 2831 2646 2904 περιμένοντες.
2686 2830 2825 2885 Ἀλλ’
2851 2826 2942 2930 οξά
2971 2847 3055 2930 τις
3079 2830 3279 2930 μόσχος
3311 2830 3418 2930 ὐπὸ
3440 2827 3605 2930 ἀετοῦ

2025 2920 2544 2992 νευροκοπούμενος,
2577 2920 2792 2975 ὤκλασε
2841 2920 2939 2991 μὲν
2981 2921 3143 2975 οἱονεί
3177 2937 3295 2986 πως
3322 2922 3403 2985 είς
3435 2920 3541 2990 γῆν
3574 2922 3604 2973 6

2026 3012 2278 3085 Χριστὸς,
2304 3012 2445 3067 ἑκὼν
2474 3013 2768 3085 ὑπομείνας
2816 3013 2907 3067 τὸν
2948 3012 3047 3084 τῆς
3088 3013 3291 3084 σαρκὰς
3331 3011 3557 3067 θάνατον
3582 3028 3597 3042 ·

2027 3104 2164 3177 πλὴν
2193 3107 2255 3160 οὐ
2288 3105 2477 3174 γέγονε
2503 3104 2579 3176 τῷ
2610 3103 2826 3177 θανάτῳ
2856 3106 3090 3206 κάτοχος
3114 3122 3126 3136 σ
3156 3104 3269 3158 ἀλλ’
3283 3105 3359 3206 "ei
3390 3105 3485 3206 καὶ
3512 3104 3604 3206 7-6-

2025 3213 2150 3266 γονε
2178 3196 2369 3269 νεκρὸς
2392 3195 2468 3260 ὡς
2499 3195 2595 3251 ἀνθ
2606 3213 2807 3268 ρωπος.
2838 3196 3231 3268 ἀπομεμένηκε
3278 3194 3388 3273 Ca.”
3412 3198 3476 3268 τῇ
3500 3194 3602 3265 τῆς

2026 3288 2277 3360 θεότητος
2307 3289 2488 3359 φύσει.
2527 3289 2738 3361 Ταῦρος
2768 3290 2824 3345 δὲ
2849 3291 2878 3344 6
2911 3291 3147 3362 Χριστός
3170 3306 3183 3319 ⁸
3216 3289 3465 3353 εὐσθενὲς
3491 3289 3602 3360 γὰρ

2024 3382 2106 3435 ὅτι
2141 3382 2375 3452 μάλιστα
2405 3381 2464 3435 τὸ
2495 3382 2650 3449 ζῶον,
2675 3382 2914 3452 καθαρόν
2939 3399 2996 3438 τε
3024 3383 3117 3437 καὶ
3144 3382 3461 3454 ἱερώτατον.
3489 3380 3603 3436 Κύ-

2028 3487 2140 3544 ριος
2162 3473 2219 3525 δὲ
2242 3474 2350 3527 τῶν
2370 3474 2659 3545 ’δυνάμεων
2679 3476 2707 3528 ό
2732 3475 2880 3542 Υίὺς,
2911 3474 2970 3539 ὃς
2998 3477 3060 3529 οὐ
3093 3476 3395 3547 πεποίηκεν
3420 3475 3600 3546 ἀμαρ-

2025 3565 2165 3630 τίαν,
2209 3563 2398 3619 ἑαυτὸν
2448 3565 2505 3619 δὲ
2565 3566 2766 3637 μᾶλλον
2821 3566 3088 3639 ἀνέθηκεν
3140 3567 3278 3639 ὑπὲρ
3325 3568 3481 3639 ἡμῶν
3520 3568 3602 3631 είς

2025 3654 2199 3724 ὀσμὴν
2256 3653 2482 3719 εὐωδίας
2535 3655 2613 3727 τῷ
2666 3655 2785 3728 Θεῷ
2840 3657 2935 3712 καὶ
2988 3658 3184 3729 Πατρί.
3230 3657 3602 3712 Ἀκουέτωσαν

2023 3745 2202 3799 τοίνυν
2226 3746 2276 3799 οἱ
2312 3745 2398 3800 τὸν
2428 3745 2569 3801 οὕτω
2607 3747 2801 3803 σεπτὸν
2829 3750 3331 3821 νευροκοπήσαντες
3360 3746 3561 3820 ταῦρον
3579 3766 3596 3780 ·

2031 3856 2049 3888 ι
2092 3837 2518 3910 Ἐπικατάρατος
2543 3838 2571 3892 6
2599 3839 2769 3911 θυμὸς
2795 3841 2996 3906 αὐτῶν,
3030 3841 3112 3894 ὅτι
3136 3840 3374 3912 αὐθάδης
3396 3857 3411 3871 °
3444 3840 3536 3896 καὶ
3564 3840 3601 3908 ἡ

2028 3928 2187 3999 μῆνις
2220 3929 2420 3994 αὐτῶν,
2450 3929 2530 3983 ὃτι
2572 3931 2936 4005 ὲσκληρύνθη.
2979 3951 2998 3984 ι
3040 3931 3106 3985 Τί
3139 3931 3202 4002 δὴ
3240 3927 3333 3987 οὖν
3366 3934 3471 4003 ἄρα
3503 3949 3601 3985 πε-

2025 4019 2323 4085 πόνθασιν;
2367 4020 2659 4093 Ἑξῴχοντο
2691 4022 2789 4093 τῆς
2822 4023 3051 4091 ἑαυτῶν,
3088 4024 3184 4078 καὶ
3213 4023 3602 4078 ἀπολελοίπασι

2027 4113 2127 4181 μὲν
2151 4111 2249 4182 τὴν
2291 4112 2646 4181 ἐνεγκοῦσαν·
2695 4113 3068 4187 διεσπάρησαν
3114 4115 3171 4169 δὲ
3213 4115 3308 4170 καὶ
3345 4115 3598 4184 γεγόνασι

2024 4204 2300 4274 πανταχοῦ
2332 4204 2493 4271 ξένοι.
2524 4206 2617 4260 καὶ
2646 4205 2908 4277 ἐπήλυδες
2945 4208 3039 4261 καὶ
3070 4208 3355 4279 περιδεεῖς.
3383 4206 3599 4277 “Amet;

2023 4295 2131 4366 γάρ
2164 4296 2243 4349 ὃτι
2273 4295 2461 4368 ὥσπερ
2495 4298 2672 4369 δρνιον
2704 4299 2830 4354 ὅταν
2860 4299 3172 4396 ἐκπετασθῇ
3197 4301 3468 4396 τῆςῄίδίας
3496 4317 3598 4396 κα-

2023 4382 2162 4447 λιᾶς,
2193 4383 2335 4438 οὕτω
2387 4387 2479 4438 καὶ
2524 4384 2811 4458 ἄνθρωπος
2858 4387 2986 4442 ὅταν
3044 4387 3329 4459 ὲκσπασθῇ
3379 4391 3443 4443 ὲκ
3490 4387 3598 4439 τιῖιν

2029 4474 2174 4528 ίδίων
2206 4476 2403 4529 τόπων.
2426 4480 2821 4550 Προσεπειπεϊν
2854 4480 2912 4535 δὲ
2937 4478 3092 4551 οἶμαι
3119 4482 3339 4535 κάκεῖνο
3366 4480 3594 4552 πρέπον,

339 4547 562 4603 avulsus
583 4557 685 4605 est.
712 4552 883 4610 Porro
916 4555 1048 4613 illud
1087 4561 1251 4617 etiam
1289 4565 1658 4636 adjiciendum
1695 4586 1915 4638 censeo,

2024 4567 2105 4621 ὄτι
2137 4568 2249 4631 τοῖς
2298 4568 2396 4637 μὲν
2456 4547 2546 4624 τὸν
2598 4571 2800 4642 ταῦρον
2834 4547 3299 4645 νευροκοπήσασιν
3336 4547 3425 4637 είς-
3458 4573 3602 4643 ἁράν

340 4638 487 4708 quod
513 4638 583 4695 iis
609 4642 833 4710 quidem
871 4647 965 4716 qui
1003 4657 1219 4706 taurum
1256 4670 1679 4724 enervaverunt,
1711 4677 1799 4717 res
1824 4678 1916 4717 ce-

340 4730 434 4786 det
458 4730 515 4786 in
539 4735 982 4794 maledictionem
1008 4759 1019 4794 :
1050 4743 1120 4797 iis
1142 4761 1275 4800 vero
1302 4750 1396 4818 qui
1425 4750 1724 4817 doluerint,
1755 4753 1919 4809 adeo-

339 4836 445 4891 que
471 4839 634 4895 grave
656 4826 866 4884 crimen
887 4846 917 4885 a
940 4846 998 4887 se
1021 4838 1346 4902 amaverint,
1372 4845 1478 4896 erit
1502 4843 1556 4895 in
1583 4843 1915 4915 redemptio-

340 4927 486 4978 nem,
509 4916 1000 4991 pnrgationemque
1035 4932 1086 4978 et
1118 4937 1463 4995 peccatorum
1512 4933 1911 4992 remissionem.

343 5002 700 5072 Repericmus
746 5018 929 5066 autem
985 5013 1151 5069 etiam
1197 5016 1301 5072 hoc
1346 5006 1618 5093 per‘legis
1664 5024 1913 5080 umbram

338 5092 694 5165 descriptum.
734 5100 813 5155 Ita
853 5120 982 5159 vero
1008 5106 1174 5163 habet
1204 5108 1258 5163 in
1287 5092 1716 5169 Deuteronomio
1751 5133 1763 5168 :
1798 5135 1815 5167 ‹
1857 5116 1911 5171 Si

341 5182 620 5240 inventum
673 5189 839 5246 fuerit
883 5195 1117 5251 cadaver
1160 5198 1399 5257 hominis
1437 5204 1603 5258 occisi
1643 5205 1699 5260 in
1744 5216 1910 5273 terra,

336 5288 501 5341 quam
541 5277 804 5336 Dominus
833 5281 976 5337 Deus
1003 5293 1129 5341 tuus
1154 5287 1248 5344 dat
1273 5289 1369 5345 tibi
1404 5290 1456 5345 in
1486 5294 1910 5359 possessionem,

332 5363 519 5431 jacens
560 5367 615 5422 in
656 5385 870 5442 campo,
904 5382 959 5428 et
988 5391 1095 5429 non
1126 5379 1483 5448 cognoverint
1508 5397 1633 5435 cum
1662 5382 1754 5451 qui
1789 5400 1914 5453 per—

337 5456 508 5512 cussit
560 5460 746 5528 illum,
802 5466 1117 5535 egredietur
1157 5477 1382 5524 senatus
1426 5478 1573 5533 tuus,
1610 5483 1665 5528 et
1699 5474 1913 5545 judiccs

342 5548 441 5610 tui,
466 5562 523 5606 et
564 5557 861 5611 metientur
894 5559 960 5612 ad
999 5561 1162 5616 urbes
1191 5564 1283 5634 qui
1320 5564 1373 5618 in
1413 5565 1648 5621 circuitu
1688 5568 1865 5623 necati
1896 5587 1906 5621 :

339 5650 397 5690 et
434 5644 538 5697 erit
575 5648 703 5701 urbs
738 5650 1041 5719 propinqua
1082 5663 1294 5720 necato,
1333 5665 1388 5710 et
1426 5657 1655 5727 accipiet
1688 5670 1911 5714 senatus

2022 4657 2174 4711 ἔσται
2215 4657 2275 4712 τὸ
2320 4660 2539 4731 χρῆμα·
2575 4664 2691 4725 τοῖς
2728 4678 2792 4731 γε
2839 4662 2947 4733 μὴν
2996 4662 3354 4734 ἐπηλγηκόσι,
3404 4661 3499 4716 καὶ
3536 4662 3598 4715 τὸ

2020 4751 2162 4807 οὕτω
2194 4753 2366 4808 δεινὸν
2415 4754 2829 4827 ἀποσειομένοις
2880 4756 3153 4829 ἔγκλημα,
3201 4756 3398 4828 λύτρον
3442 4755 3597 4810 ἔσται

2020 4844 2113 4898 καὶ
2151 4844 2417 4919 κάθαρσις
2445 4846 2540 4901 καὶ
2569 4848 2855 4921 ἁμαρτιῶν
2875 4849 3158 4912 ἀπόθεσις.
3193 4849 3513 4921 Εὐρὴσομεν
3540 4846 3596 4899 δὲ

2017 4935 2103 4989 διὰ
2132 4935 2231 5005 τῆς
2258 4937 2314 4990 ὲν
2346 4936 2498 5008 νόμῳ
2527 4939 2705 5003 σκιᾶς,
2727 4938 2866 5010 ὅπερ
2892 4937 3027 5042 ἔφην
3056 4938 3596 5042 ypa—cp‘6pav‘ov..'E;/;zf

2015 5028 2123 5100 γὰρ
2166 5027 2339 5092 οὔτως
2382 5029 2440 5082 ὲν
2484 5028 2562 5100 τῷ
2608 5030 3035 5103 Δευτερονομίῳ·
3072 5049 3089 5084 ι
3131 5030 3256 5085 Ἐἀν
3301 5028 3361 5085 δὶ
3398 5026 3595 5099 εὑρεθῇ

2015 5120 2357 5192 τραυματίας
2406 5122 2463 5174 ὲν
2491 5122 2556 5194 τῇ
2588 5123 2679 5194 γῇ,
2718 5122 2785 5193 ἢν
2818 5122 3022 5192 Κύριος
3054 5122 3084 5176 6
3121 5121 3256 5183 Θεός
3288 5137 3382 5175 σου
3410 5118 3594 5173 δίδωσί

2020 5226 2100 5263 σοι
2132 5210 2560 5281 κληρονομῆσαι,
2594 5209 2899 5275 πεπτωκὼς
2936 5210 2995 5267 ἐν
3034 5208 3113 5280 τῷ
3158 5209 3347 5281 πεδίῳ,
3379 5207 3469 5261 καὶ
3491 5207 3596 5260 οὐκ

2014 5301 2185 5354 οἴδασι
2213 5301 2304 5354 τὸν
2330 5299 2662 5367 πατάξαντα,
2706 5301 3048 5369 ἐξελεύσεται
3091 5302 3124 5372 ή
3160 5298 3426 5399 ’γερουσία
3461 5314 3592 5399 σου,

2018 5388 2111 5441 xui.
2135 5390 2181 5441 οἱ
2212 5387 2395 5458 κριταί
2429 5405 2544 5456 σου,
2572 5390 2663 5441 καὶ
2695 5390 3123 5461 ὲκμετρήσουσιν
3156 5388 3249 5442 ἐπὶ
3272 5388 3370 5450 τὰς

2019 5476 2115 5539 τὰς
2165 5475 2347 5551 κύκλῳ
2384 5476 2477 5530 τοῦ
2528 5480 2884 5549 τραυματίου,
2939 5477 3031 5532 καὶ
3070 5477 3224 5531 ἔσται
3267 5478 3301 5547 ἡ
3353 5472 3505 5536 πόλις
3539 5474 3591 5576 ’ἡ

2019 5565 2309 5634 ἐγγίζουσα
2353 5565 2431 5635 τῷ
2466 5568 2787 5639 tenuius-5;.
2836 5570 2944 5622 Καὶ
2982 5566 3209 5638 λήψεται
3257 5568 3289 5637 η
3331 5580 3593 5667 γερουσια

2016 5658 2113 5725 τῆς
2138 5656 2342 5719 πόλεως
2372 5656 2581 5726 ἐκείνης
2608 5657 2835 5728 δάμαλιν
2858 5660 2918 5711 ἐκ
2945 5658 3099 5719 βοῶν,
3125 5659 3242 5728 ἥτις
3263 5656 3362 5710 οὐκ
3402 5656 3594 5723 εἴργ¹²⁶

408 5821 600 5879 "'lsa.
640 5842 716 5891 nt,
747 5826 796 5883 9.
879 5828 896 5854 ⁷
932 5826 1072 5881 Ρδιιι.
1113 5844 1150 5895 ι,
1192 5832 1241 5888 1.
1319 5837 1335 5865 ³
1364 5835 1505 5889 Psal.
1551 5836 1749 5904 xxv,5.
1829 5836 2138 5891 ""lPrtr.
2167 5834 2329 5899 II,‘l‘-’-
2412 5836 2445 5865 ¹¹
2476 5836 2674 5906 Ειιξτοδ-
2719 5837 2845 5899 "o9"

4058 2592 4063 2639 ι

4058 2652 4061 2711 Α

4056 2712 4063 2815 1

4048 2824 4059 2929 J

4036 2936 4053 3023 ξ
