4074 6260
322 376 425 432 531

328 584 574 638 utentem
603 582 833 654 gloriam
894 580 1222 651 reportabis.
1264 580 1549 652 Siquidem
1583 578 1790 635 nemini
1826 577 1904 633 al-

328 673 435 729 teri
467 672 723 744 congruit
751 671 1013 733 laudibus
1048 686 1113 727 ac
1159 671 1335 744 gloria
1367 672 1578 735 eﬂ‘erri,
1601 685 1767 741 quam
1801 668 1904 724 soli

328 781 455 821 vere
490 763 780 821 exsistenti
824 770 884 820 et
926 765 1148 835 cognito
1176 764 1308 820 Deo.
1341 763 1478 819 Nam
1503 763 1611 818 etsi
1638 770 1800 818 natus
1830 761 1907 817 sis

326 855 513 920 homo,
548 862 606 910 et
638 855 876 925 teipsum
904 855 1303 921 exinaniveris,
1339 864 1523 911 tamen
1554 852 1905 925 cognosceris

328 956 553 1002 sanctus
602 955 661 1002 et
706 947 1099 1018 sempiternus.
1161 947 1383 1003 Fratres
1429 954 1615 1001 autem
1675 951 1904 1015 propter

324 1032 621 1087 humanam
661 1042 915 1089 naturam
951 1049 1065 1090 non
1097 1040 1358 1105 tanquam
1406 1034 1616 1090 homini
1654 1032 1903 1089 adhaere-

324 1124 483 1188 bunt,
512 1123 611 1180 sed
642 1125 793 1180 inter
832 1124 1037 1181 fratres
1066 1126 1308 1195 positum
1356 1124 1720 1181 celebrabunt
1749 1124 1904 1181 velut

323 1213 636 1280 Dominum,
654 1214 1118 1287 gloriﬁeabuutut
1148 1224 1479 1283 creatorem,
1506 1223 1564 1273 et
1588 1231 1901 1287 quanquam

323 1304 470 1361 inter
506 1321 604 1363 eos
637 1315 951 1374 censeatur,
993 1317 1235 1379 quantus
1268 1309 1326 1364 in
1359 1311 1632 1365 creaturis
1669 1317 1773 1374 est,
1805 1325 1901 1365 eo-

321 1404 792 1467 gnoseenttameu
838 1414 968 1455 eum
1008 1399 1180 1455 totius
1218 1401 1463 1457 universi
1494 1402 1786 1457 Dominum
1837 1417 1904 1457 ac

322 1487 685 1559 Regem,licet
710 1489 886 1546 forma
915 1492 1061 1546 servi
1091 1500 1437 1562 coopertum.
1455 1493 1727 1548 Praeterea
1753 1492 1899 1563 quod

319 1589 682 1651 superaturus
723 1582 797 1637 sit
844 1597 1038 1639 omnes
1072 1585 1168 1653 qui
1199 1584 1303 1654 ipsi
1341 1583 1670 1648 restiterim,
1711 1582 1901 1638 facile-

318 1685 426 1739 que
456 1670 637 1726 victor
696 1685 966 1727 evasurus
1000 1672 1328 1727 Emmanuel
1366 1673 1615 1727 omnium
1642 1672 1899 1727 inimico-

319 1775 463 1828 rum,
498 1762 965 1834 prasigniﬁcavit,
1006 1763 1229 1818 dicens:
1277 1763 1506 1818 «Manus
1534 1772 1641 1818 tute
1670 1764 1727 1817 in
1749 1770 1899 1835 tergo

1316 372 1373 427 S.
1413 368 1689 427 CYBILLI
1726 357 2199 422 ALEXANDle
2237 360 2557 419 ARCBIEP.
2731 424 2737 430 θ

326 489 587 547 άοοὶιιηι.
615 487 699 545 Τιι
746 490 897 545 enim
926 487 1291 544 celebrandas
1321 505 1384 544 es
1410 489 1636 558 Deeque
1701 498 1895 541 conve-

2017 480 2188 536 Ἰούδα
2219 479 2416 550 φυλῆς,
2434 476 2633 548 ἀληθὲς
2663 475 2837 546 τινομά
2862 490 2966 534 σοι,
2991 471 3146 542 φησὶ,
3166 470 3307 526 καθά
3329 472 3421 526 καὶ
3450 469 3581 534 αὐτὴ

3485 354 3584 411 51}?

2007 573 2118 626 τῶν
2152 570 2494 644 πραγμάτων
2522 568 2555 640 ἡ
2585 566 2816 638 δύναμις
2855 562 3137 630 ἐνδείξειεν
3186 559 3273 618 ἄν.
3305 561 3448 634 Ἐσῃ
3479 563 3588 638 γὰρ

2007 663 2396 734 ὑμνητὸς-νκαὶ
2418 661 2521 733 τὴν
2545 659 2623 731 τῷ
2647 656 2768 729 Θεῷ
2787 656 3106 728 πρέπουσαν
3131 654 3380 720 ἀποίσεις
3408 654 3584 721 δόξαν.

2017 755 2283 829 ’Δρμόσει
2320 754 2430 826 γὰρ
2461 752 2527 807 ἀν
2567 752 2666 824 οὐχ
2698 750 2874 823 ἑτέρῳ
2910 748 2971 803 τὸ
3017 744 3415 817 δοξολογεῖσθαι
3458 750 3587 820 πρέ-

2006 866 2152 914 πειν,
2203 847 2343 919 πλὴν
2384 848 2467 901 ὅτι
2514 846 2661 917 μόνῳ
2710 844 2790 916 τῷ
2855 860 2921 913 γε
2967 841 3185 913 ἀληθῶς
3228 842 3341 896 δντι
3385 859 3445 895 τε
3496 855 3588 896 και

2005 938 2336 1009 ἐγνωσμένῳ
2377 936 2515 1007 Θεῷ.
2562 937 2625 991 El
2661 934 2770 1006 γὰρ
2817 935 3070 1006 πέφηνας
3122 930 3430 1003 ἄνθρωπος,
3491 934 3587 988 καὶ

2004 1029 2319 1094 κεκένωκας
2339 1025 2554 1092 ἑαυτὸν,
2583 1025 2697 1080 ἀλλ’
2725 1020 2821 1078 οὖν
2848 1021 2948 1096 ἔσῃ
2972 1017 3252 1093 γνώριμος
3273 1019 3469 1085 σεπτδς
3493 1024 3586 1077 καὶ

2004 1122 2268 1192 ἀοίδιμος.
2308 1121 2371 1175 0i
2418 1119 2475 1173 δὲ
2516 1116 2735 1188 ἀδελφοὶ
2768 1115 2857 1169 διὰ
2898 1116 2959 1170 τὸ
2997 1113 3337 1187 ἀνθρώπινον
3380 1114 3479 1185 οὐχ
3509 1110 3585 1176 ὡς

2004 1210 2279 1285 ἀνθρώπῳ
2320 1208 2773 1281 προσκείσονται,
2808 1204 2924 1260 ἀλλ’
2961 1207 3019 1259 ἐν
3062 1205 3311 1274 ἀδελφοῖς
3358 1201 3584 1258 τεθέντα

1966 1350 1975 1357 .
2005 1302 2508 1376 κατακροτήσουσιν
2542 1298 2618 1362 ὼς
2659 1296 2960 1368 Δεσπότην,
3013 1296 3352 1368 ὑμνήσουσιν
3383 1295 3460 1359 ὡς
3486 1294 3581 1367 δη-

2007 1395 2289 1468 μιουργὸν,
2339 1395 2518 1457 καίτοι
2550 1392 2811 1448 τελοῦντα
2836 1392 2952 1465 μετ’
2987 1392 3167 1447 αὐτῶν
3201 1393 3260 1446 ἐν
3291 1390 3584 1463 κτίσμασιν

2004 1484 2397 1556 ἐπιγνώσονται
2451 1484 2543 1537 τὸν
2592 1483 2701 1539 τῶν
2752 1484 2890 1538 ὅλων
2942 1482 3169 1555 βασιλέα
3221 1483 3318 1537 καὶ
3356 1480 3582 1555 Κύριον,

2003 1577 2181 1631 καίτοι
2206 1578 2271 1648 τῇ
2299 1575 2393 1630 τοῦ
2429 1575 2616 1630 δούλου
2647 1578 2828 1647 μορφῇ
2861 1574 3351 1645 κατεσκιασμένον.
3384 1574 3507 1627 Ὀτι
3528 1573 3586 1628 δὲ

2004 1668 2261 1723 ἁπάντων
2287 1668 2550 1738 κρατήσει
2574 1666 2684 1718 τῶν
2707 1665 3143 1737 ἀνθεστηκότων,
3173 1664 3270 1718 καὶ
3300 1663 3585 1736 περιέσται

2004 1755 2204 1827 ῥαδίως
2234 1755 2261 1808 ὁ
2302 1753 2648 1826 Ἑμμανουὴλ
2668 1753 2774 1808 τῶν
2810 1753 3042 1827 ἐχθρῶν,
3082 1753 3476 1827 προανεφώνει,
3500 1753 3584 1807 λέ-

317 1850 559 1908 hostium
601 1860 847 1908 tuorum.
890 1871 908 1905 ι
950 1852 1100 1908 Idem
1130 1853 1296 1908 etiam
1343 1853 1598 1908 (bristus
1658 1854 1773 1924 ipse
1804 1869 1895 1924 per

2003 1859 2147 1910 γωιν
2195 1861 2213 1893 ι
2252 1843 2319 1895 Ai
2351 1842 2534 1912 χεῖρές
2566 1859 2658 1896 σου
2701 1842 2793 1895 ἐπὶ
2822 1842 2994 1897 νώτου
3028 1842 3135 1897 τῶν
3167 1842 3380 1915 ἐχθρῶν
3411 1860 3525 1898 σου.
3560 1863 3579 1894 ν

318 1956 520 1996 vocem
585 1941 812 1997 Davidis
861 1942 1017 2012 prius
1053 1942 1279 1997 oraculo
1330 1942 1522 1998 edixit.
1572 1942 1656 1998 Ait
1698 1943 1894 1998 enim:

323 2032 502 2099 «Quia
555 2048 856 2103 persequar
906 2033 1096 2088 hostes
1146 2049 1333 2100 meos;
1383 2042 1440 2090 et
1484 2032 1897 2105 apprehendam

312 2136 429 2185 eos,
462 2130 520 2178 et
550 2138 663 2178 non
689 2130 957 2187 revertar,
1001 2123 1181 2179 donec
1218 2124 1495 2181 deﬁciant.
1546 2124 1896 2196 Confringam

316 2210 488 2273 istos.
540 2226 646 2267 nee
720 2220 983 2283 poterunt
1053 2220 1201 2268 stare
1248 2231 1260 2266 :
1301 2213 1499 2268 cadent
1564 2213 1668 2269 sub
1731 2214 1899 2284 pedes

314 2319 466 2360 meos
491 2305 556 2359 “.
590 2324 610 2358 ι
658 2305 829 2361 Recte
861 2320 993 2376 ergo
1028 2305 1140 2359 ait:
1168 2323 1185 2355 ι
1210 2304 1271 2359 In
1302 2312 1454 2375 tergo
1477 2304 1720 2360 hostium
1734 2311 1898 2361 erunt

314 2409 513 2450 manus
528 2396 649 2465 ejus
672 2410 688 2461 ;
713 2415 733 2446 ι
766 2395 970 2465 quippe
1004 2395 1101 2465 qui
1118 2395 1422 2449 insectetur
1451 2409 1515 2450 ac
1538 2395 1688 2465 fuget
1713 2394 1897 2464 potius

315 2501 477 2555 quam
525 2485 719 2557 fugiat,
757 2495 813 2541 et
868 2486 1040 2557 magis
1074 2484 1353 2556 percutiat
1400 2501 1569 2556 quam
1627 2486 1891 2541 cedatur.

316 2575 515 2632 Verum
538 2576 686 2632 enim
705 2589 791 2633 est
813 2578 948 2632 illud
973 2577 1120 2647 quod
1148 2577 1202 2632 in
1228 2576 1372 2632 libro
1417 2578 1762 2632 Psalmorum
1796 2577 1891 2632 dc-

312 2673 602 2720 cautatur:
645 2666 835 2722 «Nihil
862 2665 1118 2737 proficiet
1150 2666 1413 2721 inimicus
1439 2666 1494 2720 in
1530 2682 1619 2729 eo,
1657 2676 1715 2721 et
1750 2666 1896 2720 ﬁlius

314 2754 625 2824 iniquitatis
673 2770 785 2810 non
833 2755 1074 2825 amplius
1121 2754 1346 2810 nocebit
1374 2755 1426 2811 ei
1462 2754 1597 2808 ”'".
1625 2774 1643 2805 ι
1676 2754 1811 2809 Nam
1846 2755 1892 2810 si

314 2844 432 2917 ipse
458 2845 620 2902 nobis
648 2845 744 2901 dat
778 2856 839 2903 ut
866 2846 1105 2917 pedibus
1147 2856 1498 2903 eonteramus
1526 2854 1814 2917 serpentes
1840 2855 1895 2901 et

313 2938 653 3009 scorpiones,
706 2954 1040 3010 omnemque
1090 2939 1356 2995 virtutem
1408 2939 1621 2995 inimici
1676 2941 1741 3005 ",
1781 2956 1893 3011 quo

312 3037 471 3099 pacto
503 3046 615 3086 non
644 3046 871 3087 necesse
902 3032 1074 3088 fuerit
1125 3031 1399 3097 conﬁteri,
1460 3032 1609 3103 quod
1633 3032 1748 3103 ipse
1778 3049 1892 3105 prie

312 3121 470 3176 nobis
490 3121 691 3178 habeat
714 3122 817 3178 sub
854 3124 1112 3179 manibus
1161 3123 1277 3179 suis
1303 3140 1400 3180 eos
1425 3123 1521 3194 qui
1580 3124 1774 3180 volunt
1803 3140 1892 3181 re-

312 3228 575 3285 pugnare,
622 3230 854 3285 seseque
912 3215 1080 3285 impie
1140 3215 1442 3271 extollere?
1496 3213 1654 3282 Quod
1702 3224 1889 3271 autem
1918 3207 1959 3261 C

310 3306 500 3376 fugere
524 3307 755 3370 nesciat,
784 3305 882 3362 sed
913 3307 1097 3376 potius
1119 3306 1398 3376 persequi,
1427 3315 1484 3360 et
1530 3322 1893 3376 quoscunque

311 3395 549 3451 voluerit
597 3411 883 3465 superare,
911 3397 1217 3467 etquidem
1251 3396 1459 3467 absque
1493 3397 1683 3453 labore
1727 3398 1893 3460 (vicit

312 3485 458 3542 enim
499 3484 766 3539 mundum
796 3485 887 3556 ⁸⁸),
923 3485 1369 3555 ρπεείεηίθοσνὶι
1424 3485 1649 3540 divinus
1697 3486 1891 3550 Jacob,

309 3575 531 3630 dicens:
580 3573 816 3630 «Manus
870 3585 978 3631 tua:
1044 3592 1210 3646 supra
1262 3577 1894 3633 dorsuminimicorum

311 3672 555 3728 tuorum,
604 3671 662 3719 et
691 3663 1000 3719 adorabunt
1046 3673 1097 3719 te
1140 3665 1233 3720 ﬁlii
1273 3666 1446 3736 patris
1475 3666 1574 3721 tui.
1601 3685 1619 3718 ›
1652 3667 1719 3721 Et
1746 3667 1895 3737 quod

310 3755 511 3810 iterum
540 3755 880 3828 intelligatur
902 3757 1201 3813 discrimen
1240 3758 1474 3813 fratrum
1525 3758 1891 3824 laudantium,

308 3856 361 3901 et
394 3846 632 3904 ﬁliorum
653 3849 958 3921 patris,qui
995 3849 1356 3906 adorantibus
1387 3851 1668 3921 conjuncti
1698 3853 1894 3907 erunt?

310 3937 389 3992 A‘n
408 3953 518 3994 non
544 3953 726 4010 operae
742 3941 985 4011 pretium
999 3940 1244 4011 estquod
1262 3940 1318 3995 in
1337 3939 1581 3996 medium
1608 3941 1895 3997 aﬁ‘eratur?

309 4028 594 4101 Ascriptus
608 4030 791 4103 itaque
804 4041 889 4088 est
906 4033 961 4087 in
984 4040 1193 4102 patrem
1208 4031 1432 4088 Christo
1449 4031 1648 4087 beatus
1662 4031 1864 4103 Ioseph
1875 4073 1889 4097 ,

308 4122 525 4178 etiamsi
560 4138 755 4179 revera
787 4133 944 4193 pater
982 4141 1092 4178 non
1142 4132 1308 4179 esset.
1343 4124 1515 4179 Erant
1563 4133 1746 4180 autem
1785 4124 1890 4196 ipsi

308 4215 403 4269 ﬁlii
432 4223 491 4270 et
511 4214 637 4269 ﬁliae
689 4231 757 4269 ex
789 4216 986 4285 primis
1012 4217 1243 4285 nuptiis.
1269 4215 1408 4271 Cum
1450 4217 1611 4285 222
1639 4233 1771 4273 vero
1798 4234 1889 4273 es-

307 4312 431 4362 sent
456 4306 713 4361 nonnihil
745 4304 968 4361 Christo
1026 4306 1346 4371 familiares,
1403 4309 1658 4363 videntes
1707 4309 1890 4379 ipsum

308 4397 572 4454 miracula
598 4397 785 4463 edere,
838 4412 1023 4468 neque
1077 4398 1316 4452 multum
1359 4399 1628 4469 legalibus
1678 4416 1889 4471 praece-

2001 1930 2170 1983 Τοῦτο
2202 1932 2296 1984 καὶ
2325 1932 2486 1994 αὐτὸς
2506 1931 2595 1984 διὰ
2622 1931 2807 2004 φωνῆς
2828 1932 2921 1987 τοῦ
2950 1934 3114 1988 Δαὸὶδ
3143 1933 3585 2007 προκεχρησμῴσ

1998 2021 2162 2091 δηκεν
2195 2022 2223 2074 ὁ
2252 2020 2505 2093 Χριστός.
2542 2022 2686 2095 Ἔφη
2712 2020 2844 2094 γάρ’
2885 2044 2904 2076 ι
2938 2024 3061 2079 Ὅτι
3101 2023 3421 2092 καταδιώξω
3462 2027 3582 2088 τοὺς

1999 2113 2226 2187 ἐχθρούς
2285 2131 2410 2185 μου,
2464 2115 2560 2169 καὶ
2617 2115 3005 2188 καταλήψομαι
3063 2118 3282 2183 αὐτοὺς,
3348 2118 3443 2171 καὶ
3484 2118 3582 2172 οὐκ

1998 2206 2520 2278 ἀποστραφήσομαι,
2564 2208 2671 2272 ἕως
2711 2206 2776 2262 ἂν
2814 2208 3135 2265 ἐκλίπωσιν.
3184 2209 3456 2279 Ἐκθλίίξρω
3490 2210 3582 2263 αὖ·

1998 2299 2143 2363 τοὺς,
2196 2298 2290 2351 καὶ
2334 2298 2396 2351 οὔ
2445 2298 2520 2371 μὴ
2549 2298 2814 2353 δύνωνται
2864 2301 3090 2371 στῆναιο
3150 2300 3442 2356 πεσοῦνται
3482 2301 3582 2355 ὑπὸ

1997 2391 2122 2453 τοὺς
2165 2390 2331 2454 πόδας
2372 2408 2496 2461 μου.
2532 2409 2551 2443 ι
2594 2390 2805 2444 Οὺκοῦν
2845 2410 2862 2442 ι
2904 2394 2998 2446 ἐπὶ
3033 2391 3202 2447 νώτου
3230 2393 3339 2447 τῶν
3372 2390 3582 2466 ἐχθρῶν

1997 2484 2053 2537 αἱ
2086 2486 2267 2554 χεῖρες
2308 2483 2539 2546 ἔσονται,
2592 2502 2611 2534 ι
2664 2483 2850 2552 φησὶν,
2879 2482 2953 2546 ὡς
2978 2482 3269 2547 διώκοντος
3309 2484 3511 2556 μᾶλλον
3546 2486 3577 2553 ἢ

1998 2575 2319 2643 φεύγοντος·
2365 2574 2460 2643 οὐχ
2502 2573 2577 2637 ὡς
2628 2572 3003 2642 πληττομένου
3057 2574 3290 2645 μᾶλλον,
3339 2574 3452 2628 ἀλλ’
3503 2575 3577 2639 ὡς

1996 2665 2163 2719 αὐτοῦ
2207 2665 2619 2730 καταπαίοντος.
2664 2664 2887 2737 Ἀληθὲς
2926 2667 3034 2738 γὰρ
3066 2665 3127 2722 τὸ
3167 2667 3225 2720 ἐν
3272 2666 3444 2739 βίϐλῳ
3472 2668 3577 2721 τῶν

1996 2760 2243 2830 Ψαλμῶν
2276 2759 2632 2830 ὑμνούμενον,
2672 2759 2754 2813 ὅτι
2791 2780 2809 2811 ε
2847 2760 2959 2813 Οὐκ
2990 2748 3265 2831 ὠφελῆσει
3304 2759 3493 2832 ἐχθρὸς
3520 2763 3575 2814 ἐν

1993 2851 2162 2922 αὐτῷ,
2210 2853 2304 2905 καὶ
2337 2851 2450 2915 υίὸς
2492 2850 2723 2920 ἀνομίας
2754 2851 2815 2904 οἳ»
2865 2850 3163 2922 προσθήσει
3200 2850 3293 2905 τοῦ
3330 2852 3575 2907 κακῶσαι

1994 2941 2174 2995 αὐτόν.
2216 2961 2236 2993 ι
2275 2943 2335 2994 Ei
2363 2940 2471 3013 γὰρ
2488 2941 2582 2994 καὶ
2611 2941 2773 3005 αὐτὸς
2796 2941 3010 2997 δίδωσιν
3024 2943 3155 3014 ἡμῖν
3179 2945 3370 2997 πατεῖν
3395 2944 3577 2998 ἐπάνω

1993 3033 2172 3104 ὄφεων
2202 3034 2295 3088 καὶ⁸
2328 3032 2626 3103 σκορπίων,
2648 3033 2743 3086 κα)⁵
2769 3033 2860 3086 ἐπὶ
2888 3034 3068 3087 πᾶσαν
3106 3032 3204 3105 τὴν
3237 3032 3468 3104 δυνάμιν
3486 3032 3573 3087 τοῦ

1993 3124 2213 3197 ἐχθροῦ,
2248 3122 2366 3188 πῶς
2399 3125 2500 3177 οὐκ
2528 3123 2826 3192 ἀναγκαῖον
2860 3123 3139 3196 ὁμολογεῖν
3169 3126 3250 3179 ὅτι
3286 3124 3395 3196 πρὸ
3424 3125 3576 3196 ἡμῶν

1996 3218 2156 3281 αὐτὸς
2206 3217 2311 3270 ὑπὸ
2349 3218 2539 3287 χεῖρας
2591 3215 2883 3287 κειμένους
2928 3215 3039 3282 ἕξει
3083 3217 3210 3281 τοὺς
3260 3215 3572 3286 ἀντεξάγειν

1995 3308 2301 3371 ἐθέλοντας,
2334 3307 2430 3361 καὶ
2458 3304 2691 3369 ἀνοσίως
2718 3308 3233 3379 ἀντεγειρομένουςς
3255 3309 3379 3364 Ὀτι
3400 3309 3575 3364 τοίνυν

1994 3398 2057 3451 τὸ
2088 3398 2311 3467 φεύγειν
2338 3397 2438 3450 οὐκ
2464 3392 2592 3462 οἶδε,
2640 3395 2861 3450 διώκειν
2900 3397 2956 3450 δὲ
2998 3398 3220 3469 μᾶλλον,
3258 3399 3354 3453 καὶ
3392 3391 3467 3452 ὧν
3510 3398 3575 3452 ἂν

1998 3489 2240 3560 βούλοιτο
2266 3491 2508 3559 κρατεῖν,
2544 3488 2638 3541 καὶ
2682 3487 2840 3542 τοῦτο
2874 3489 3135 3560 ἀμογητί·
3179 3490 3430 3560 νενίκηκε
3469 3489 3578 3560 γὰρ

1993 3584 2084 3637 τὸν
2129 3584 2354 3653 κόσμον·
2402 3581 2940 3652 προκαταμεμήνυκε
2988 3578 3162 3649 λέγων
3214 3580 3243 3631 ὀ
3290 3579 3573 3641 θεσπέσιος

2007 3673 2223 3728 Ἰακώϐ⁸
2260 3673 2357 3725 «Αἱ
2386 3670 2563 3743 χεῖρές
2604 3687 2698 3723 σου
2744 3671 2837 3724 ἐπὶ⁸
2871 3669 3039 3724 νώτου
3071 3670 3177 3725 τῶν
3212 3670 3423 3742 ἐχθρῶν
3459 3688 3572 3733 σου,

1994 3764 2089 3819 καὶ
2118 3763 2556 3836 προσκυνήσουσί
2587 3780 2669 3817 σοι
2700 3764 2749 3816 οἱ
2779 3763 2884 3816 υἱοὶ
2905 3762 2998 3817 τοῦ
3024 3764 3227 3835 πατρός
3255 3781 3376 3819 σου.
3413 3784 3431 3817 ι
3467 3764 3574 3818 Καὶ

1992 3855 2077 3917 τίς
2113 3852 2179 3907 ἀν
2220 3855 2393 3907 νοοῖτο
2432 3852 2592 3905 πάλιν
2622 3854 2656 3923 ἡ
2680 3852 2916 3924 διαφορά
2944 3853 3051 3907 τῶν
3082 3851 3375 3909 αῖνούντών
3418 3854 3566 3911 d8th-

1994 3944 2131 4014 φῶν,
2158 3943 2252 3997 καὶ
2288 3942 2394 3996 τῶν
2422 3940 2515 3994 τοῦ
2543 3942 2748 4013 πατρὸς
2791 3942 2942 4006 υἱῶν,
2966 3942 3015 3997 οἳ
3048 3947 3159 4008 τοῖς
3195 3944 3560 4015 προσκυνοῦσι

1994 4035 2439 4101 συντετάξονται;
2468 4034 2591 4098 Πῶς
2620 4033 2719 4087 οὑκ
2746 4034 3045 4104 ἀναγκαῖον
3065 4037 3271 4101 εῖπεῖν;
3307 4038 3573 4109 Ἐπεγρά-

1994 4145 2124 4197 φετο
2141 4128 2317 4181 τοίνυν
2345 4129 2426 4189 είς
2453 4123 2664 4196 πατέρα
2684 4124 2761 4195 τῷ
2780 4125 3000 4197 Χριστῷ
3018 4127 3194 4181 καίτοι
3222 4129 3365 4196 πατὴ
3374 4146 3405 4198 ρ
3427 4129 3566 4181 κατά

1991 4218 2245 4287 ἀλήθειαν
2274 4217 2374 4270 οὐκ
2399 4213 2474 4269 ὣν
2496 4216 2524 4268 δ
2556 4214 2823 4286 μακάριος
2859 4215 3081 4287 Ἰωσήφ.
3117 4212 3297 4270 *Ησαν
3330 4218 3385 4272 δὲ
3430 4217 3572 4287 αὐτῷ

1990 4309 2096 4360 υἱοὶ
2144 4309 2238 4360 καὶ
2283 4307 2584 4378 θυγατέρες
2616 4308 2681 4360 ἐκ
2716 4308 2946 4379 πρώτων
2971 4309 3186 4380 γάμων.
3248 4310 3468 4382 Ἐπειδὴ
3514 4310 3571 4365 δὲ

1989 4394 2130 4470 ἦσαν
2168 4400 2310 4469 τάχα
2353 4414 2457 4450 που
2510 4399 2605 4452 καὶ
2634 4400 2902 4454 συνέστιοι
2956 4400 3032 4472 τῷ
3078 4402 3319 4473 Χριστῷ,
3364 4407 3564 4474 σημεῖα

307 4492 416 4561 ptis
444 4499 731 4562 parentem
755 4488 828 4546 ob
853 4489 1109 4546 ciborum
1138 4490 1594 4557 indiﬁerentiam,
1628 4494 1889 4564 quodque

1996 4488 2248 4543 ποιοῦντα
2293 4487 2601 4557 βλέποντες,
2656 4490 2750 4543 καὶ
2794 4492 2855 4544 οὐ
2905 4492 3109 4565 σφόδρα
3162 4497 3273 4558 τοῖς
3328 4499 3568 4566 νομικοῖς

306 4585 547 4654 quietem
573 4586 629 4640 in
652 4583 894 4640 Sabbato
924 4599 1035 4639 non
1067 4600 1401 4657 magnopere
1430 4587 1672 4652 coleret;
1732 4587 1887 4643 dice-

308 4676 401 4732 bat
422 4676 608 4732 enim:
644 4694 664 4726 ι
685 4675 804 4731 Non
829 4675 976 4747 quod
1004 4676 1314 4748 ingreditur
1339 4679 1396 4733 in
1434 4696 1519 4744 os,
1565 4679 1889 4751 coinquinat

309 4769 587 4825 hominem
613 4769 761 4835 ⁸¹·¹’;
793 4787 812 4821 ι
849 4776 905 4825 et
926 4768 1071 4839 quod
1094 4768 1266 4824 Filius
1292 4769 1536 4825 hominis
1564 4771 1637 4825 sit
1661 4770 1889 4827 Sabbati

308 4860 572 4917 Dominus
610 4861 691 4929 “;
720 4860 846 4917 ideo
882 4860 1028 4917 inter
1064 4875 1123 4916 se
1165 4860 1587 4926 dissentiebant,
1624 4877 1805 4932 neque
1833 4863 1887 4918 ei

305 4949 552 5005 debitum
606 4950 875 5006 honorem
900 4950 1246 5016 deferebant,
1301 4951 1506 5022 quippe
1537 4952 1632 5022 qui
1665 4952 1888 5010 videre-

309 5051 398 5096 tur
430 5058 624 5113 parum
654 5042 842 5099 dextre
876 5045 1083 5100 sentire
1109 5043 1178 5100 de
1212 5044 1349 5115 lege.
1385 5044 1497 5099 Nec
1554 5054 1736 5100 tamen
1774 5045 1885 5101 fer-

310 5149 367 5188 re
398 5142 652 5203 poterant
678 5142 739 5190 ut
763 5135 931 5191 homo
987 5135 1127 5192 adeo
1183 5136 1485 5207 prmelarus
1539 5137 1595 5192 in
1650 5138 1890 5194 obscuro

307 5224 569 5281 latitaret.
594 5226 751 5284 Unde
801 5242 1155 5286 accesserunt
1203 5229 1271 5285 ad
1301 5246 1428 5285 eum
1469 5229 1774 5294 interdum,
1802 5231 1889 5285 di-

308 5327 529 5373 centes:
574 5317 679 5374 cSi
734 5321 1008 5391 ejusmodi
1062 5322 1220 5387 facis,
1277 5323 1567 5378 manifesta
1602 5330 1654 5378 te
1708 5322 1888 5394 ipsum

309 5408 536 5463 mundo.
564 5408 762 5466 Nullus
785 5413 933 5468 enim
962 5412 1018 5467 in
1073 5414 1294 5469 occulto
1330 5414 1463 5470 facit
1489 5413 1812 5484 quidquam,
1841 5415 1896 5469 si

308 5505 517 5566 quierat
544 5498 660 5568 ipse
695 5500 1018 5558 manifestus
1051 5502 1170 5557 ﬁeri
1200 5504 1264 5556 “.
1288 5522 1305 5554 ι
1338 5502 1683 5573 Evangelista
1705 5512 1888 5558 autem

386 5634 441 5668 ¹⁶’
466 5635 606 5689 Ρςπι.
649 5651 776 5694 \vu.
809 5638 895 5692 48.

315 5707 362 5742 ⁸³
393 5706 585 5762 Matth.
632 5719 723 5763 vn,
760 5708 808 5759 ἃ,

979 5641 1091 5670 ¹”’”¹¹¹
1127 5641 1265 5694 Psal.
1308 5658 1557 5705 tum",
1584 5642 1670 5697 93.

917 5709 956 5739 ἰ
993 5708 1145 5762 anm.
1186 5727 1274 5769 γη,
1311 5712 1363 5777 τι,
1407 5713 1446 5765 ι,

1783 5643 1820 5673 ιε’
1848 5640 1980 5695 Luc.
2017 5654 2071 5703 τ,
2118 5636 2201 5688 19.

1993 4581 2212 4634 εἴκοντα
2247 4580 2476 4649 νεύμασι
2512 4580 2603 4635 διά
2651 4598 2735 4635 τοι
2779 4582 2841 4636 τὸ
2887 4584 2966 4645 εἰς
3004 4586 3211 4656 τροφὰς
3258 4586 3566 4658 ἀδιάφορον,

1990 4672 2086 4727 καὶ
2119 4671 2180 4725 τὸ
2233 4671 2310 4742 μὴ
2352 4672 2469 4725 λίαν
2522 4673 2739 4728 ἑλέσθαι
2794 4676 2958 4745 τιμᾷν
3011 4677 3108 4745 τὴν
3163 4678 3223 4730 ἐν
3276 4679 3569 4739 Σαϐϐάτοις

1990 4763 2207 4835 ἀργίανο
2256 4763 2464 4832 ἔφασκε
2499 4765 2628 4835 γάρ·
2686 4782 2705 4817 ι
2760 4765 2834 4818 Οὐ
2876 4766 2936 4819 τὸ
2979 4767 3359 4838 εἰσερχόμενον
3399 4771 3476 4833 εἰς
3511 4768 3568 4821 τὸ

1992 4857 2165 4929 στόμα
2194 4856 2365 4909 κοινοῖ
2389 4856 2479 4909 τὸν
2511 4854 2819 4925 ἄνθρωπον·
2855 4876 2873 4907 ι
2915 4857 3006 4911 καὶ
3032 4858 3111 4911 ὅτι
3152 4877 3169 4909 ι
3209 4858 3413 4930 Κύριός
3455 4861 3568 4912 ἐστι

1990 4951 2082 5005 τοῦ
2116 4950 2395 5004 Σαδδάτου
2440 4950 2468 5001 δ
2499 4949 2623 5011 Υἱὸς
2664 4947 2759 5002 τοῦ
2811 4948 3138 5021 ἀνθρώπου·.
3175 4970 3195 5003 ι
3256 4951 3568 5023 ἐμερίζοντο

1994 5045 2060 5114 τῇ
2088 5040 2303 5114 γνώμῃ,
2335 5040 2429 5093 καὶ
2457 5038 2580 5093 οὔτε
2612 5041 2777 5111 τιμᾷν
2802 5041 3111 5112 ὁλοτρόπως
3143 5042 3353 5112 ἤθελον,
3389 5043 3478 5096 διά
3506 5061 3566 5111 γε

1989 5135 2051 5188 τὸ
2077 5134 2253 5187 δοκεῖν
2282 5134 2381 5187 οὐκ
2425 5131 2800 5203 ἀπλημμελῶς
2833 5132 2977 5204 ἔχειν
3010 5132 3160 5204 αὐτῷ
3192 5134 3263 5187 τὰ
3308 5135 3439 5207 περὶ
3478 5134 3565 5187 τὸν

1988 5223 2168 5291 νόμον,
2197 5220 2319 5275 οὔτε
2363 5222 2468 5293 μὴν
2516 5220 2867 5292 ἀθαύμαστον
2904 5224 3000 5293 ἐᾷν
3048 5222 3235 5291 ἠξίουν
3290 5224 3381 5277 τὸν
3428 5224 3568 5279 οὕτω

1988 5313 2259 5384 λαμπρόν.
2297 5314 2408 5367 Καὶ
2450 5314 2578 5383 γοῦν
2624 5313 2935 5385 προσῄεσαν
2964 5315 3114 5384 αὐτῷ
3147 5332 3281 5367 ποτε
3318 5316 3566 5385 λέγοντες

1988 5406 2232 5477 ἐναργῶς
2255 5423 2266 5434 ·
2308 5424 2325 5456 ι
2369 5406 2429 5458 Εἰ
2455 5405 2629 5458 ταῦτα
2660 5408 2850 5470 ποιεῖς,
2884 5407 3199 5476 φανέρωσον
3239 5407 3466 5462 σεαυτὸν
3489 5407 3564 5475 τῷ

1989 5497 2201 5567 κόσμῳ.
2251 5498 2438 5561 Οὐδεὶς
2471 5500 2577 5568 γάρ
2620 5515 2670 5550 τι
2701 5499 2756 5550 ἐν
2793 5496 3020 5568 κρυπτῷ
3068 5498 3230 5560 πονεῖ,
3275 5498 3368 5551 καὶ
3416 5496 3562 5565 ζητεῖ

2306 5637 2349 5665 ἠ
2392 5634 2547 5690 Ιηηη.
2583 5650 2687 5696 xu,
2723 5633 2811 5687 55.
2890 5633 3031 5705 ,_"-”
3064 5631 3252 5687 Matth.
3322 5648 3409 5697 xv,
3473 5630 3557 5687 Η.
