4074 6260
410 402 519 459 ³553

1416 387 1936 447 οιλρῆῑιοιιυν
1979 387 2044 443 IN
2083 388 2383 446 GENESIH
2423 391 2550 447 LIB.
2594 390 2702 448 νη.

3577 399 3684 460 εδι

419 518 589 579 αὐτὸς
619 516 679 568 έν
720 509 1002 584 παρρησίᾳ
1035 501 1193 563 εἶναι.
1236 526 1254 559 ι
1294 506 1612 577 Προσέθηκε
1649 505 1705 559 δὶ
1745 503 1953 566 τούτοις
1983 503 2011 556 6

2116 503 2464 561 Iddiditbis:
2510 525 2528 559 ι
2558 505 2696 575 Quia
2742 523 2845 563 nec
2886 508 3083 565 iratres
3121 513 3242 582 ejus
3276 513 3575 571 credebant
3626 517 3683 575 in

425 605 829 676 εὐαγγελιστής
847 618 859 629 ·
890 620 910 653 ι
940 600 1071 654 Ούεὶ
1101 599 1209 672 γὰρ
1228 600 1278 653 oi
1304 597 1524 668 ἀδελφοὶ
1544 596 1713 651 αὑτοῦ
1728 596 2012 649 ἐπίστευον

429 702 513 760 εἰς
563 696 744 751 αὐτόν.
794 713 814 747 ι
883 693 1020 746 Ἀλλ’
1057 693 1105 746 οί
1152 690 1327 746 ταῦτα
1371 689 1624 759 λέγοντες
1669 689 1729 740 ἐν
1778 687 1996 758 ἀρχαῖς,

433 788 713 861 προίόντος
733 783 826 839 τοῦ
854 784 1044 856 χρόνου
1066 781 1519 838 πεπιστεύκασιν.
1544 778 2010 851 Ιίεπληροφόρην-

439 900 529 937 ται
562 880 666 949 γὰρ
697 878 776 932 ὅτι
808 876 905 931 καὶ
927 875 1059 939 Θεὸς
1073 874 1216 929 κατὰ
1248 873 1409 943 φύσιν
1429 873 1572 932 ἐστὶ.
1594 871 1689 925 καὶ
1718 871 1768 923 εί
1788 870 2011 939 γέγονεν

438 974 492 1025 ὲν
534 970 710 1041 σαρκὶ,
746 968 842 1022 καὶ
869 966 1119 1036 πέφηνεν
1162 961 1472 1034 ἄνθρωπος.
1510 958 1687 1013 Τοῦτό
1720 975 1803 1012 τοι
1855 958 1953 1011 καὶ
1982 958 2011 1010 6

433 1063 690 1134 μακάριος
714 1060 1001 1131 προφήτης
1045 1055 1330 1129 Ἱερεμίας,
1366 1051 1735 1125 προεγνωκὼς
1762 1052 1820 1104 ὲν
1848 1049 2013 1102 πνεύ-

426 1174 573 1226 ματι,
605 1155 745 1226 πρὸς
764 1153 937 1207 αὐτόν
970 1168 1104 1223 φησι
1138 1150 1233 1204 τὸν
1274 1147 1633 1219 Ἐμμανουήλ
1659 1163 1673 1179 ο
1718 1164 1735 1196 ι
1768 1146 1886 1198 ’Ὁτι
1916 1142 2010 1196 καὶ

417 1246 467 1300 οι
490 1245 712 1315 ἀδελφοί
744 1262 864 1309 σου,
883 1245 978 1298 καὶ
1003 1247 1032 1299 6
1055 1240 1203 1306 οἶκος
1237 1243 1330 1294 τοῦ
1351 1238 1560 1311 πατρός
1583 1255 1702 1299 σου,
1732 1237 1827 1290 καὶ
1852 1228 2001 1289 οὗτοι

416 1339 697 1410 ἠθέτησάν
723 1354 809 1401 σε,
851 1338 946 1391 καὶ
977 1337 1133 1391 αὐτοὶ
1171 1334 1404 1405 ἐϐόησαν
1442 1334 1508 1386 ἐκ
1538 1330 1651 1385 τῶν
1675 1330 1855 1383 ὀπίσω
1889 1343 2006 1380 σου.

428 1427 943 1498 Ἐπισυνήχθησαν,
979 1427 1053 1498 μὴ
1084 1424 1380 1497 πιστεύσῃς
1413 1426 1493 1487 είς
1532 1423 1752 1486 αὐτούς,
1796 1422 1879 1474 ὅτι
1911 1418 2009 1471 λα-

416 1523 649 1591 λήσουσι
699 1519 841 1590 πρὸς
881 1519 941 1572 σὲ
975 1517 1140 1572 κακά.
1183 1535 1201 1566 ι
1234 1517 1301 1570 Οἱ
1342 1516 1451 1587 γὰρ
1493 1514 1661 1568 πάλαι
1689 1513 1803 1575 τοῖς
1829 1509 2009 1571 ἄλλοις

425 1618 564 1688 ὁμοῦ
596 1611 1077 1685 κατακεκραγότες
1089 1607 1277 1671 αὑτοῦ,
1300 1606 1703 1678 συνηνέχθησαν
1720 1607 1779 1658 ιν
1803 1603 2006 1664 πίστει,

431 1708 645 1779 χρηστα
664 1704 991 1774 λελαλήκασι
1019 1718 1085 1754 πε
1096 1701 1147 1772 ρὶ
1177 1697 1362 1752 αὐτοῦ.
1402 1696 1661 1760 Ἰάκωϐος
1682 1694 1816 1763 γοῦν
1834 1695 1868 1747 6
1898 1708 2001 1761 μα-

439 1803 629 1871 κάριος
655 1800 774 1861 ταῖς
801 1795 1008 1851 δώδεκα
1038 1793 1230 1864 φυλαῖς
1255 1790 1559 1845 ἐπιστέλλει
1589 1789 1785 1856 λέγων’
1833 1803 1851 1837 ι
1900 1784 2008 1837 Ἰά-

443 1892 615 1954 κωϐος
655 1889 788 1945 Θεοῦ
829 1888 924 1942 καὶ
968 1885 1180 1957 Κυρίου
1244 1881 1421 1955 Ἰησοῦ
1465 1879 1701 1952 Χριστοῦ
1743 1876 1947 1939 δοῦλος.
1983 1894 2002 1927 ι

443 1981 648 2035 οὐκοῦν
682 1981 986 2034 αῑνέσουςιν
1018 1977 1093 2038 ὼς
1122 1974 1255 2027 Θεὸν
1304 1974 1399 2027 καὶ
1431 1974 1479 2025 οἱ
1508 1972 1598 2024 διὰ
1634 1972 1863 2034 πίστεως
1916 1968 2012 2024 καὶ

440 2071 715 2145 ἀγιασμοῦ
754 2070 852 2125 τοῦ
912 2069 1000 2122 διὰ
1045 2068 1279 2129 πίστεως
1316 2063 1642 2134 κεκλημένοι
1677 2061 1812 2133 πρὸς
1853 2061 2006 2114 ἁδελο

437 2166 677 2237 φύτητα·
709 2162 1154 2235 προσκυνήσουσι
1196 2157 1255 2211 δὲ
1296 2155 1449 2209 οὐδὲν
1494 2150 1656 2226 ἦττον
1691 2152 1784 2205 καὶ
1823 2152 1873 2205 οί
1916 2149 2010 2204 τοῦ

431 2256 645 2330 πατρὸς
672 2254 802 2308 υἱοί.
842 2252 1117 2323 Πρόδηλον
1130 2250 1190 2302 δὲ
1218 2250 1301 2303 ὅτι
1320 2249 1369 2300 οἱ
1399 2242 1829 2318 προσκυνοῦντες
1865 2241 2013 2295 αίνέ-

436 2364 614 2410 σουσι,
644 2346 736 2399 καὶ
767 2346 819 2398 οἱ
850 2344 943 2397 τὸν
974 2340 1122 2396 αἶνον
1143 2340 1479 2409 ὑφαίνοντες,
1509 2335 1663 2390 οὐδὲν
1676 2330 1839 2407 ἦττον
1861 2333 2011 2386 Ξσονο

424 2455 516 2492 ται
553 2435 949 2509 προσκυνηταί.
981 2434 1089 2489 Καὶ
1120 2433 1227 2502 γάρ
1258 2432 1373 2484 ἔστι
1404 2448 1423 2481 ι
1466 2428 1707 2498 σκύμνος
1732 2426 1946 2487 λέοντος
1982 2443 2001 2509 ι

422 2530 483 2595 ἐξ
524 2508 700 2583 Ἰούδα
728 2526 986 2600 Χριστὸς,
1015 2524 1142 2587 Υίὺς
1162 2523 1236 2576 ὢν
1268 2520 1404 2575 Θεοῦ
1436 2520 1615 2574 πάντα
1645 2517 1942 2590 ἰσχύοντος,
1966 2508 2011 2583 ᾧ

421 2624 483 2675 τὸ
510 2621 690 2691 ἀμαχὶ
723 2619 987 2690 πρόσεστι
1019 2616 1175 2686 νικᾷν
1204 2614 1300 2667 καὶ
1330 2612 1393 2666 τὸ
1442 2612 1591 2683 μόνῳ
1616 2608 1880 2665 δύνασθαι
1908 2624 2009 2661 κα-

422 2714 751 2783 ταπλήττειν
780 2709 927 2779 λόγῳ
957 2710 1081 2771 τοὺς
1120 2704 1526 2776 ἀνθεστηκότας
1547 2721 1560 2733 ·
1594 2701 1672 2765 ὡς
1702 2701 1813 2772 γάρ
1846 2716 2010 2770 φησιν

424 2809 453 2860 6
496 2806 820 2878 προφήτης
861 2820 883 2854 ι
920 2800 1070 2856 Λέων
1104 2798 1410 2872 ὲρεύξεται,
1441 2796 1535 2849 καὶ
1569 2795 1653 2855 τίς
1674 2794 1738 2847 ού
1762 2791 2006 2863 φοϐηθή-

431 2912 614 2962 οεταις
653 2914 673 2947 ι
717 2893 970 2964 Σκύμνος
1012 2886 1106 2945 οὖν
1128 2890 1343 2952 λέοντος
1370 2889 1400 2940 6
1439 2886 1710 2958 Χριστός’
1759 2882 2010 2952 καθάπερ

438 2991 539 3042 ἀπ’)
565 2986 795 3060 βλαστοῦ
842 2985 938 3039 καὶ
980 2985 1044 3037 ὲκ
1108 2982 1263 3054 ῥίζης
1311 2979 1569 3048 εὐγενοῦς
1618 2976 1851 3044 ἁναφὺς,
1906 2973 2010 3041 τῆς

444 3080 591 3150 ἁγίας
617 3076 921 3151 Παρθένου.
949 3077 1061 3130 Καὶ
1083 3075 1191 3144 γάρ
1222 3075 1377 3125 ἐστιν
1396 3071 1559 3132 αὐτὸς
1594 3085 1614 3119 ι
1660 3069 1694 3138 ἡ
1718 3069 1817 3136 τῆς
1853 3065 2012 3119 δυνά-

2116 596 2294 665 ipsnm
2317 598 2382 651 ".
2410 616 2430 648 ο
2459 597 2731 654 Caeterum
2755 600 2849 670 qui
2874 601 2990 656 haac
3036 601 3195 657 initio
3222 604 3504 673 dicebant,
3554 624 3684 666 suc-

2115 702 2272 742 cessu
2298 690 2562 759 temporis
2595 690 2973 746 crediderunt.
3024 692 3359 754 Certissimis
3389 699 3538 755 enim
3591 715 3684 757 ar-

2112 780 2388 850 gumentis
2420 781 2567 835 docti
2619 789 2748 836 sunt
2778 783 2923 853 quod
2968 785 3134 840 etiam
3181 787 3327 844 Deus
3381 790 3685 848 secundum

2112 879 2364 927 naturam
2384 879 2555 937 esset,
2604 874 2711 927 etsi
2736 874 2914 928 factus
2944 875 2998 930 in
3032 892 3198 934 carne
3224 888 3283 936 et
3310 880 3476 938 homo
3502 892 3682 939 natus.

2113 963 2228 1018 Hoc
2245 979 2375 1018 sane
2403 964 2569 1019 etiam
2587 964 2783 1021 beatus
2796 968 3067 1039 propheta
3094 971 3359 1029 Jeremias
3384 991 3509 1031 cum
3533 977 3688 1047 prius

2114 1053 2168 1106 in
2190 1052 2388 1122 spiritu
2419 1055 2785 1125 cognovisset,
2828 1058 2903 1113 ita
2954 1059 3134 1129 ipsum
3165 1062 3577 1120 Emmanuelem
3602 1064 3686 1119 ul-

2112 1144 2391 1214 loquitnr:
2428 1164 2447 1197 ι
2469 1144 2606 1213 Quia
2631 1154 2689 1202 et
2711 1147 2913 1205 fratres
2936 1150 3037 1215 tui,
3058 1161 3117 1207 et
3144 1151 3345 1208 domus
3384 1154 3559 1224 patris
3582 1156 3685 1219 tui,

2111 1247 2168 1291 et
2209 1239 2263 1292 bi
2294 1247 2345 1293 te
2371 1241 2706 1310 rejecerunt,
2739 1252 2797 1298 et
2822 1254 2948 1299 sunt
2994 1260 3063 1299 ex
3096 1244 3184 1299 his
3204 1247 3298 1315 qui
3323 1254 3449 1316 post
3494 1256 3548 1303 te
3572 1247 3686 1304 cla-

2112 1340 2420 1386 maverunt.
2455 1330 2780 1404 Congregati
2828 1343 2980 1400 sunt,
3014 1350 3084 1390 ne
3117 1337 3428 1393 credideris
3461 1338 3560 1393 ulli
3587 1353 3686 1395 eo-

2114 1437 2257 1486 rum,
2290 1423 2418 1493 quia
2448 1424 2616 1479 locuti
2656 1434 2784 1480 sunt
2819 1425 3115 1482 adversum
3166 1436 3220 1483 te
3243 1430 3388 1484 mala
3416 1429 3482 1483 “.
3508 1448 3528 1481 ι
3550 1428 3687 1485 Nam

2111 1516 2205 1585 qui
2238 1516 2368 1570 olim
2398 1532 2507 1571 una
2537 1533 2662 1572 cum
2686 1519 2808 1572 aliis
2839 1520 2891 1574 ei
2929 1521 3324 1586 reclamarunt,
3364 1536 3514 1579 nunc
3552 1537 3691 1578 oon-

2111 1609 2316 1680 gregati
2346 1610 2400 1663 in
2432 1610 2558 1673 ﬁde,
2585 1621 2641 1665 et
2680 1611 2820 1666 bona
2862 1612 2931 1667 de
2989 1629 3059 1668 eo
3116 1615 3291 1669 locuti
3320 1622 3473 1671 sunt.
3532 1613 3689 1673 Unde

2110 1699 2304 1754 beatus
2333 1700 2574 1755 Iacobus
2595 1701 2888 1756 duodecim
2923 1704 3180 1760 tribubus
3213 1706 3429 1772 scribit,
3463 1706 3686 1763 dicens:

2118 1794 2395 1849 «Jacobus
2421 1795 2516 1849 Dei
2540 1804 2597 1850 et
2638 1797 2854 1852 Domini
2910 1799 3040 1854 Jesu
3095 1798 3299 1855 Christi
3351 1817 3546 1857 servus
3569 1802 3636 1856 ".
3661 1822 3680 1852 ι

2112 1884 2443 1941 Laudabunt
2489 1887 2658 1957 igitur
2687 1897 2749 1942 ut
2772 1890 2944 1944 Deum
2987 1893 3154 1945 etiam
3189 1892 3226 1946 ii
3256 1899 3350 1963 qut
3382 1908 3482 1963 per
3523 1893 3689 1948 ﬁdem

2110 1984 2167 2031 et
2196 1979 2684 2034 sanctificationem
2728 1982 2907 2036 vocati
2964 1992 3092 2037 sunt
3137 1983 3205 2038 ad
3251 1983 3683 2040 fraternitatem:

2112 2069 2425 2125 adorabunt
2456 2087 2586 2127 vero
2634 2073 2996 2129 nihilominus
3024 2077 3191 2130 etiam
3222 2075 3317 2131 ﬁlii
3342 2077 3534 2147 patris.
3572 2076 3687 2132 Hae

2112 2158 2370 2215 nifestum
2405 2169 2587 2215 autem
2616 2174 2717 2225 est,
2748 2164 2895 2232 quod
2947 2165 3240 2220 adorantes
3269 2166 3593 2231 laudabunt,
3631 2173 3689 2220 et

2111 2249 2206 2320 qui
2228 2250 2487 2305 laudibus
2519 2266 2644 2305 eum
2677 2252 2983 2317 celebrant,
3018 2253 3299 2307 adoraturi
3327 2255 3495 2309 etiam
3536 2264 3685 2310 sunt.

2111 2341 2397 2412 Siquidem
2422 2362 2440 2392 ι
2461 2343 2864 2398 catulusleonis
2887 2364 2904 2394 ι
2924 2354 3008 2399 est
3027 2343 3283 2399 Christus
3294 2360 3362 2398 ex
3375 2344 3536 2409 Juda,
3562 2359 3689 2400 cum

2111 2430 2185 2485 sit
2221 2431 2393 2486 Filius
2416 2433 2511 2487 Dei
2536 2434 2955 2503 omnipotentis,
2987 2434 3083 2505 qui
3109 2444 3166 2489 et
3219 2436 3337 2490 sine
3359 2450 3540 2507 pugna
3571 2436 3691 2490 vir.-

2112 2523 2208 2587 cit,
2251 2530 2310 2577 et
2349 2525 2469 2579 solo
2512 2526 2683 2580 verbo
2728 2533 2913 2596 potest
2965 2530 3400 2597 perterrefarere
3459 2543 3557 2584 eos
3593 2527 3688 2597 qui

2113 2614 2216 2685 ipsi
2246 2616 2531 2682 resistunt,
2560 2618 2705 2672 sicut
2747 2619 3015 2689 propheta
3040 2619 3154 2673 ait.
3203 2641 3218 2669 α
3244 2619 3355 2674 Leo
3379 2619 3581 2690 rugiet,
3634 2627 3692 2673 et

2110 2708 2233 2777 quis
2287 2724 2398 2763 non
2455 2709 2673 2765 timebit
2706 2708 2790 2763 "1'
2816 2730 2833 2761 ι
2870 2710 3099 2765 Catulus
3157 2711 3343 2780 itaque
3387 2711 3564 2765 leonis
3605 2720 3691 2764 est

2110 2799 2390 2865 Christus,
2429 2800 2575 2855 sicut
2628 2808 2684 2854 et
2733 2816 2801 2854 ex
2858 2800 3107 2871 germine
3158 2808 3215 2854 et
3284 2798 3460 2854 nobili
3504 2800 3691 2854 radice

2112 2903 2269 2948 ortus
2314 2900 2437 2957 est,
2485 2907 2553 2946 ex
2611 2901 2800 2946 sancta
2854 2892 3098 2961 Virgine.
3162 2891 3380 2945 Etenim
3426 2890 3545 2961 ipse
3605 2902 3693 2946 est

2122 2987 2303 3055 «virga
2351 2984 2573 3038 virtutis
2614 2985 2684 3045 ”,
2716 3004 2734 3034 ›
2771 2998 2938 3052 quam
2986 2998 3053 3037 ex
3099 2981 3234 3036 Sion
3314 2980 3479 3037 nobis
3536 2982 3689 3037 misit

2114 3076 2278 3138 Deus,
2332 3088 2528 3142 nempe
2556 3073 2808 3137 baculus,
2832 3075 2927 3143 qui
2943 3088 3135 3126 omnes
3155 3072 3471 3126 consolatur
3492 3080 3550 3128 et
3569 3087 3692 3127 sus-

449 3188 587 3240 μεως
619 3170 828 3242 ῥάϐδος,
871 3188 891 3221 ι
927 3170 993 3241 ἢν
1027 3169 1091 3220 ἐκ
1120 3165 1259 3220 Σιὼν
1288 3166 1421 3235 ἡμῖν
1450 3159 1773 3226 ἀπέστειλεν
1793 3160 1823 3211 6
1855 3156 2005 3217 Θεὸς.

2116 3177 2307 3231 tentat,
2352 3186 2369 3217 ι
2390 3168 2650 3236 virgaque
2673 3166 2832 3235 223
2859 3163 3181 3220 directionis
3197 3172 3253 3218 et
3278 3163 3431 3233 regni
3455 3164 3521 3229 “,
3545 3179 3695 3235 iquae

443 3266 473 3334 ἡ
521 3263 715 3326 πάντας
771 3258 1166 3332 παρακαλοῦσα
1218 3258 1315 3311 καὶ
1367 3257 1636 3325 ἀνέχουσα
1696 3249 2005 3323 βακτηρία,

444 3377 459 3407 ι
500 3357 532 3427 ἡ
564 3354 856 3425 εὐθύτητος
900 3369 960 3405 τε
995 3350 1090 3405 καί¹
1119 3348 1416 3421 βασιλείας,
1454 3365 1472 3397 ι
1524 3342 1759 3417 ήόρθῶς
1798 3342 1896 3413 μὲν
1918 3340 2013 3392 καὶ

436 3448 622 3518 πράως
674 3449 773 3508 τὰς
835 3444 944 3498 τῶν
1013 3443 1186 3511 ἁγίων
1251 3439 1453 3508 ἀγέλας
1516 3436 1971 3507 διαποιμαίνουσα
1993 3472 2009 3497 ,

440 3552 480 3591 ι·
500 3536 860 3610 συντρίϐουσα
900 3534 956 3588 δὲ
989 3533 1242 3604 καθάπερ
1273 3529 1466 3594 σκεῦος
1506 3528 1794 3601 κεραμέως
1832 3545 1852 3578 ι
1885 3529 2017 3587 τοὺς

436 3629 694 3699 ύπάύτῷ
731 3624 990 3699 νέμεσθαι
1024 3625 1098 3697 μὴ
1124 3623 1507 3695 ἀνεχομένους.
1552 3619 1723 3681 Αύτδς
1760 3620 1792 3689 ἡ
1821 3616 2014 3689 ῥάϐδος

430 3724 466 3792 ἠ
510 3720 795 3793 Ἀαρὼν,ἠ
825 3718 986 3771 τύπον
1014 3716 1211 3787 ἔχουσα
1238 3715 1338 3785 τὴν
1372 3713 1520 3766 θείαν
1552 3711 1778 3781 σκηνὴν,
1810 3710 1906 3762 καὶ
1932 3708 2013 3770 είς

429 3814 503 3867 τὰ
548 3814 727 3882 ’Ᾱγια
756 3810 865 3863 τῶν
895 3808 1065 3878 ἁγίων
1103 3803 1552 3877 εἰσενηνεγμένῃ,
1586 3804 1620 3872 ἡ
1672 3800 2014 3868 ἐξανθήσασα

431 3906 650 3976 κάρυα⁹
672 3905 811 3974 ὅπερ
840 3902 989 3955 ἐστὶν
1013 3898 1364 3960 ἀναστάσεως
1389 3896 1676 3967 σύμϐολον.
1710 3892 1875 3946 Ξύλον
1907 3890 2016 3959 γὰρ

408 3998 499 4076 ’τὸ
528 4000 591 4051 ὲκ
618 3994 849 4068 καρύας,
891 3993 1126 4054 ἀῦπνίας
1165 3990 1282 4044 έστί
1317 4006 1433 4052 πως
1473 3985 1851 4058 ὲμποιητικόν.
1897 3982 2019 4033 Ἐκ-

429 4090 722 4161 τετίμηται
751 4086 809 4140 δὲ
839 4086 901 4138 τὸ
938 4087 1039 4156 τῆς
1076 4082 1429 4144 ἀναστάσεως
1462 4080 1760 4151 μυστήριον
1802 4077 1858 4127 ιν
1898 4076 2017 4128 Ἐκ·

433 4182 695 4253 κλησίαις
749 4175 906 4233 Θεοῦ.
947 4176 1048 4230 Διὰ
1091 4175 1252 4230 τοῦτο
1292 4174 1386 4227 καὶ
1419 4173 1448 4224 6
1494 4169 1765 4241 μακάριος
1826 4167 2018 4221 Ἰακὼϐ

400 4274 405 4277 ’
424 4274 718 4343 βλαστὸν
746 4271 1043 4342 ὀνομάσας,
1080 4267 1240 4331 εὐθὺς
1264 4264 1635 4336 διαμέμνηται
1657 4261 1766 4315 τῶν
1788 4262 1846 4313 έν
1878 4261 2019 4314 τέλει

424 4369 538 4438 τῆς
583 4363 921 4435 οίκονομίας,
951 4360 1048 4416 καί
1077 4375 1248 4430 φησι·
1294 4376 1312 4409 ι
1353 4354 1672 4411 Ἀναπεσὼν
1718 4354 2020 4425 ἐκοιμήθης

424 4460 515 4524 ὡς
547 4458 705 4522 λέων,
736 4475 755 4509 ι
792 4454 1092 4517 τουτέστιν,
1118 4451 1219 4505 οὒκ
1255 4449 1552 4520 ἀϐούλητον
1588 4448 1828 4517 ὑπέστης
1857 4446 2019 4499 Θάνα-

426 4565 551 4614 τον,
582 4547 723 4603 ἀλλὰ
752 4546 845 4600 καί
875 4560 957 4597 τοι
986 4542 1196 4604 πάντας
1241 4540 1381 4592 ἑλεῖν
1424 4538 1498 4602 ὡς
1533 4536 1669 4591 λέων
1718 4535 1811 4589 καὶ
1851 4550 2019 4588 κατα-

2118 3269 2265 3314 recte
2291 3274 2353 3314 ac
2382 3259 2619 3329 benigne
2668 3272 2862 3329 greges
2894 3265 3209 3311 sanctorum
3238 3257 3434 3326 pascit,
3475 3264 3643 3325 atque
3663 3271 3696 3310 ο

2119 3352 2338 3407 diverso
2380 3370 2398 3402 ι
2420 3349 2719 3420 confringit
2755 3356 3013 3420 tanquam
3055 3363 3152 3402 vas
3183 3346 3332 3417 ﬁguli
3364 3346 3407 3378 "
3434 3366 3453 3399 ι
3482 3362 3580 3402 eos
3600 3349 3694 3417 qui

2115 3459 2174 3498 se
2207 3445 2276 3498 ab
2308 3458 2421 3498 uno
2444 3430 2594 3514 pasci
2624 3458 2735 3497 non
2782 3441 2986 3497 ferunt.
3014 3440 3135 3511 Ipse
3179 3438 3418 3510 denique
3433 3448 3520 3495 est
3544 3438 3695 3508 virga

2117 3539 2338 3605 Aaron;
2368 3552 2489 3609 quae
2511 3537 2679 3591 habet
2708 3535 2890 3590 locum
2924 3534 2981 3589 in
3014 3534 3205 3590 divino
3230 3534 3492 3598 tentorio,
3531 3542 3696 3603 atque
3753 3544 3762 3553 ’

2117 3630 2172 3684 in
2199 3628 2398 3684 Sancta
2426 3637 2745 3683 sanctorum
2777 3628 2927 3683 illata
2964 3635 3072 3693 est,
3104 3641 3228 3697 qua:
3271 3626 3500 3696 protulit
3526 3640 3697 3679 nuces

2117 3719 2510 3791 amygdalinas,
2538 3725 2593 3772 et
2624 3727 2708 3772 est
2765 3717 3191 3771 resurrectionis
3223 3716 3553 3784 symbolum.
3586 3713 3693 3766 Hu-

2112 3816 2203 3885 jus
2226 3813 2373 3867 enim
2399 3811 2616 3865 arboris
2641 3810 2849 3879 lignum
2873 3823 3131 3864 somnum
3157 3816 3329 3870 arcet,
3372 3804 3588 3874 vigilias
3611 3806 3696 3857 ef-

2119 3903 2328 3957 ﬁciens.
2355 3899 2803 3956 Resurrectionis
2818 3906 3000 3950 autem
3020 3894 3342 3966 mysterium
3367 3895 3422 3948 in
3439 3894 3698 3948 Eeclesiis

2119 3993 2215 4045 Dei
2242 3991 2538 4061 gloriosum
2557 3986 2855 4040 admodum
2883 3993 2986 4039 est.
3019 3983 3263 4052 Ideoque
3292 3982 3482 4037 beatus
3506 3982 3695 4044 Jacoli,

2122 4099 2246 4138 cum
2276 4083 2456 4150 ipsum
2482 4076 2823 4133 nominasset
2850 4073 3287 4146 germen,statim
3307 4082 3696 4128 commemorat

2122 4185 2321 4230 statum
2372 4184 2559 4227 rerum
2602 4169 2697 4240 qui
2755 4168 2859 4223 sub
2888 4167 3051 4223 ﬁnem
3080 4164 3301 4220 futurus
3340 4173 3482 4229 erat,
3532 4174 3695 4234 atque

2122 4269 2197 4323 ait
2238 4287 2249 4320 :
2298 4284 2316 4317 ι
2364 4262 2712 4320 Recumbens
2756 4257 3069 4315 dormivisti
3120 4264 3179 4311 ut
3222 4257 3340 4323 leo;
3391 4275 3409 4307 ι
3452 4254 3559 4309 hoc
3590 4263 3695 4315 est,

2122 4378 2230 4415 non
2268 4369 2466 4429 praeter
2507 4357 2846 4411 voluntatem
2896 4351 3212 4408 sustinuisti
3266 4358 3522 4413 mortem,
3576 4346 3694 4405 sed.

2119 4450 2332 4505 etiamsi
2356 4447 2613 4504 omnibus
2634 4455 2695 4500 ut
2724 4447 2811 4499 leo
2839 4458 3098 4515 pavorem
3144 4442 3393 4496 incutere
3438 4446 3614 4510 potes,
3639 4447 3689 4491 et

2122 4549 2445 4596 venatorum
2473 4552 2667 4592 manus
2690 4535 3090 4606 subterfugere,
3118 4543 3212 4589 tua
3233 4541 3428 4602 sponte
3478 4540 3532 4586 te
3561 4531 3695 4587 sub-

426 4641 678 4719 -πτοῆσαί
705 4624 1026 4716 δυνάμενος,
1044 4642 1140 4696 καὶ
1170 4639 1270 4710 τῆς
1296 4638 1403 4690 τῶν
1428 4637 1493 4709 θη
1501 4637 1770 4708 ρευόντων
1800 4633 2012 4690 ἐκδῦναι

2125 4632 2359 4687 misisti:
2388 4644 2567 4699 neque
2583 4636 2644 4682 ut
2665 4627 2702 4681 ii
2727 4626 2823 4697 qui
2847 4633 2899 4680 te
2928 4624 3322 4681 cruciﬁxerunt
3360 4621 3695 4694 cogitabant,

431 4747 645 4822 χειρὸς,
675 4744 961 4816 ἐθελοντὴς
999 4741 1310 4811 ἀνεκλίθης,
1343 4738 1436 4793 καὶ
1461 4738 1539 4802 ού,
1569 4736 1819 4806 καθάπερ
1840 4735 2022 4808 ᾠήθη-

433 4872 540 4911 σαν
598 4834 649 4907 οί
694 4846 965 4919 σταυροῦν
987 4845 1277 4917 ᾑρημένοι,
1322 4842 1537 4913 θανάτῳ
1590 4837 2020 4930 κατεσχημένος,

432 4951 557 5009 ἀλλ’
596 4945 712 5005 οἷον
743 4946 897 5018 ὕπνῳ
927 4945 1295 5019 χρησάμενος,
1333 4942 1428 4998 καὶ
1468 4939 1793 5011 καταμύσας
1819 4939 2018 5012 βραχύ.

390 5088 401 5095 .
433 5054 539 5116 Τίς
557 5046 654 5106 οὖν
670 5048 835 5105 αὐτὸν
854 5045 1069 5116 ὲγερεῖ;
1088 5040 1243 5115 φησί.
1271 5042 1497 5113 Ὅμοιον
1528 5041 1602 5104 ὡς
1631 5040 1680 5093 εί
1706 5038 1873 5108 λέγοι,
1893 5056 2024 5094 κατ-

434 5158 632 5229 εκλίθη
807 5148 973 5216 ἑκὼν,
1002 5146 1141 5217 πλὴν
1165 5144 1226 5198 ού
1258 5145 1356 5213 τῆς
1387 5142 1517 5213 παρ’
1543 5142 1732 5212 ἑτέρου
1772 5142 2025 5213 δεήσεται

440 5255 741 5327 συνεργίας
786 5253 866 5315 είς
896 5249 1215 5305 ἀνάστασιν.
1266 5241 1558 5312 ῐῐαναλκὴς
1597 5242 1707 5312 γὰρ
1747 5242 1909 5305 αὐτὸς
1950 5242 2026 5306 ὡς

440 5354 675 5425 δύναμις
708 5351 804 5405 τοῦ
845 5350 1061 5421 Πατρός
1078 5367 1090 5379 ·
1128 5349 1227 5401 καὶ
1253 5346 1358 5400 οὐκ
1381 5342 1655 5406 ἀνικάνως
1681 5340 1840 5413 ἔχων,
1865 5341 1944 5405 είς
1965 5356 2029 5409 γε

2127 4724 2323 4780 mortis
2348 4721 2585 4778 vinculis
2640 4720 2930 4786 detentus;
2986 4717 3083 4774 sed
3114 4717 3283 4772 veluti
3311 4729 3509 4771 somno
3545 4719 3707 4775 usus;

2126 4825 2291 4888 atque
2317 4815 2515 4887 exiguo
2543 4811 2809 4884 temporis
2832 4810 3012 4881 spatio
3057 4809 3313 4864 occlusus
3343 4804 3515 4859 fuisti.
3566 4803 3698 4868 Quis

2127 4910 2294 4983 igitur
2320 4908 2502 4979 ipsum
2523 4903 2831 4962 excitabit?
2858 4903 3071 4972 inquit;
3096 4898 3249 4967 quasi
3290 4896 3470 4949 dicat:
3520 4894 3695 4948 Decu-

2130 5002 2251 5058 buit
2281 5000 2503 5072 quidem
2519 5000 2730 5060 volens,
2764 4996 2836 5048 ita
2872 5003 3053 5046 tamen
3073 4996 3133 5042 ut
3170 4985 3381 5040 nullius
3406 4990 3572 5052 Opera
3610 4985 3687 5037 in-

2096 5094 2099 5097 ’
2132 5095 2345 5166 digeret
2367 5090 2435 5145 ad
2466 5083 2869 5156 resurgendum
2908 5078 3172 5166 :_quippe
3222 5074 3317 5144 qui
3380 5073 3434 5127 in
3459 5089 3518 5127 se
3538 5087 3696 5166 omne

2133 5159 2305 5240 robur
2368 5180 2667 5240 contineat,
2724 5159 2984 5241 tanquam
3037 5166 3133 5223 Dei
3203 5166 3380 5220 Patris
3422 5163 3696 5232 potentia:

2134 5292 2312 5347 neque
2357 5272 2655 5343 quidquam
2714 5267 2771 5319 in
2813 5264 2933 5332 ipso
2983 5258 3360 5319 desideratur,
3406 5254 3696 5324 quominus

2127 5342 2321 5439 possit,
2362 5342 2419 5419 et
2468 5360 2692 5431 quidem
2751 5355 2909 5408 facile
2945 5348 3262 5411 admodum,
3310 5359 3469 5399 suum
3530 5342 3697 5411 ipsius

442 5454 510 5508 τὸ
528 5453 815 5519 δύνασθαι,
841 5453 939 5506 καὶ
957 5451 1103 5522 μάλα
1123 5447 1343 5519 ῥᾳδίως,
1361 5445 1452 5499 τὸν
1471 5442 1664 5499 ἑαυτοῦ
1695 5440 2007 5512 ζωοποιῆσαι

2131 5434 2393 5529 templum
2446 5452 2743 5508 vivitieare.
2808 5445 3016 5500 Idcirco
3068 5441 3289 5496 dicebat
3331 5437 3399 5492 ad
3449 5434 3698 5520 ludatis;

447 5555 599 5609 ναόν.
649 5555 821 5609 Τοῦτό
856 5572 940 5607 τοι
971 5555 1064 5608 καὶ
1096 5551 1333 5620 ἔφασκεν
1380 5547 1650 5611 Ἰουδαίοις
1684 5543 2026 5617 προσλαλῶνο

2138 5574 2155 5603 ι
2174 5527 2380 5608 Solvite
2414 5544 2677 5614 templum
2703 5538 2827 5604 hoc,
2857 5545 2914 5592 et
2939 5537 2994 5590 in
3019 5535 3197 5590 tribus
3219 5531 3415 5587 diebus
3451 5527 3701 5614 excitabo

454 5672 477 5705 ε
521 5655 733 5711 Λύσατε
771 5657 862 5709 τὸν
904 5656 1027 5710 ναὸν
1070 5653 1280 5716 τοῦτον,
1325 5651 1420 5707 καὶ
1471 5653 1528 5705 έν
1565 5648 1747 5722 τρισὶν
1796 5647 2012 5718 ἡμέραις

2133 5607 2269 5699 illud
2295 5638 2429 5692 3"”.
2475 5656 2491 5686 ι
2528 5607 2683 5700 Quod
2718 5631 2883 5699 igitur
2913 5627 3118 5684 nullius
3143 5622 3476 5681 adminiculo
3500 5616 3566 5671 ad
3599 5607 3701 5695 11:00.

528 5749 571 5780 ’⁸
612 5748 772 5804 Joan.
802 5765 894 5815 vn,
936 5750 986 5803 5.
1068 5749 1114 5780 "
1152 5748 1354 5802 Jerem.
1395 5760 1490 5807 τη.
1524 5744 1576 5800 6.
1668 5743 1711 5774 ’⁷
1747 5738 1914 5796 Jacob
1953 5754 1991 5804 ι,

2166 5736 2209 5768 ’⁸
2248 5735 2413 5791 Amos
2447 5747 2522 5795 In,
2558 5728 2608 5780 8.
2687 5727 2730 5756 ’ν
2770 5724 2908 5779 Psal.
2954 5738 3057 5788 cxx,
3091 5721 3144 5775 ‘2.
3229 5720 3270 5751 ³ο
3300 5715 3441 5771 Psal.
3480 5725 3619 5771 xm,
3647 5708 3701 5761 7.

452 5805 499 5837 ³⁸
545 5820 685 5875 Psal.
720 5836 778 5882 ιι,
809 5805 893 5873 9.’
964 5818 1084 5859 "—3‘
1115 5818 1270 5874 Joan.
1314 5832 1369 5877 ιι.
1407 5805 1493 5869 19}
