4074 6260
337 355 448 410 335

1367 333 1422 386 S.
1463 329 1736 386 CYRIIJJ
1777 326 2244 382 ALEXANDRI‘NI
2285 324 2604 380 ARCIHEP.

3489 314 3594 370 356

340 468 412 522 sit
438 477 590 524 usus,
629 458 728 513 sed
757 457 871 526 ipse
905 451 1054 507 solus
1076 447 1378 510 suffecerit,
1440 453 1701 513 tanquam
1751 441 1913 494 forti-

2038 440 2195 511 ;-;ερῶ
2245 429 2428 493 αὐτόν.
2473 458 2490 488 ο
2526 438 2647 489 ’Θτι
2678 437 2855 488 τοίνυν
2897 433 3074 496 οὐδεὶς
3101 434 3166 486 ἂν
3209 432 3420 499 γένοιτο
3460 433 3594 503 πρὸς

342 520 475 611 tudo
497 520 693 613 Patris,
743 520 892 601 haud
916 543 1151 598 obscure
1173 534 1636 593 demonstraverit
1668 531 1913 586 historiae

2038 531 2172 584 τοῦτο
2222 528 2372 600 αὐτῷ
2423 527 2707 600 συνεργὸς,
2755 525 2980 596 ἀρκέσει
3023 521 3078 576 δέ
3110 522 3271 594 μόνος
3309 520 3472 584 αὐτὸς
3522 525 3596 585 ὡς

343 653 543 701 textus.
585 637 740 706 Quod
769 650 898 690 vero
931 633 1004 688 sit
1059 630 1233 701 ipsius
1262 626 1533 682 adventus
1574 633 1791 693 tempus
1823 635 1914 676 os-

345 736 540 798 tendit,
580 732 803 786 dicens:
837 745 856 777 ι
879 725 1000 780 Non
1029 721 1248 778 deﬁciet
1283 719 1539 790 princeps
1566 731 1634 771 ex
1669 714 1828 779 Juda,
1859 721 1917 768 et

342 830 452 886 dux
473 827 544 883 ei
564 821 871 880 femoribus
909 818 1049 889 ejus,
1103 815 1280 870 donec
1334 811 1521 867 veniat
1565 808 1656 863 cui
1703 804 1917 877 reposi-

347 929 461 976 tum
497 925 600 974 est.
645 916 714 971 Et
743 915 861 984 ipse
897 920 984 965 est
1028 903 1366 978 exspectatio
1407 902 1674 974 gentium.
1735 918 1752 950 ι
1815 897 1921 952 Be-

344 1019 582 1084 gnarunt
612 1008 760 1064 eniin
793 1004 988 1069 Judaei,
1035 1008 1091 1056 et
1127 1015 1196 1055 ex
1242 997 1508 1067 sanguine
1544 991 1761 1048 lsraelis
1798 989 1920 1044 fue-

346 1081 480 1160 runt
505 1103 639 1174 ipsis
671 1101 861 1163 duces,
883 1095 1060 1150 donec.
1120 1090 1387 1154 Herodes,
1431 1083 1706 1155 Antipatri
1755 1081 1920 1145 ﬁlius,

347 1211 548 1268 genere
577 1192 919 1254 Palaestinus,
945 1185 1042 1258 qui
1065 1184 1338 1240 tetrarcha
1380 1177 1798 1251 cognominatus
1815 1181 1920 1237 est,

347 1285 641 1357 acquisivit
677 1282 785 1338 sibi
834 1293 1064 1350 regnum
1092 1275 1195 1331 sub
1235 1289 1345 1343 quo
1387 1280 1444 1327 et
1486 1271 1604 1340 ipse
1645 1275 1810 1322 natus
1841 1273 1927 1320 est

347 1377 620 1442 Christus,
655 1371 1046 1443 «Exspectatio
1093 1367 1359 1440 gentium.
1387 1383 1406 1416 ι
1462 1359 1618 1430 Quod
1669 1359 1817 1415 enim
1859 1371 1926 1411 eo

350 1477 479 1525 nato
524 1467 769 1540 gentium
807 1460 1107 1518 multitudo
1153 1460 1226 1515 sit
1259 1464 1494 1522 servata,
1530 1468 1643 1508 non
1680 1457 1766 1506 est
1789 1464 1928 1520 opus

349 1560 537 1616 multis
586 1557 771 1614 verbis
808 1555 1210 1628 demonstrare,
1243 1564 1370 1605 cum
1413 1562 1504 1602 res
1545 1546 1663 1615 ipsa
1722 1558 1820 1613 per
1868 1555 1928 1596 se

352 1654 623 1723 loquatur.
682 1649 1075 1704 Verumtamen
1118 1625 1265 1713 qimd
1325 1639 1480 1710 prius
1535 1636 1810 1690 admissus
1861 1632 1932 1688 sit

352 1743 588 1813 populus
614 1751 810 1795 recens
843 1752 940 1807 per
968 1734 1130 1788 ﬁdem
1153 1738 1314 1786 natus
1337 1744 1401 1784 ac
1447 1741 1643 1791 novus,
1672 1723 1930 1796 quodque

2019 623 2171 692 ἰσχὺς
2200 621 2295 675 τοῦ
2321 619 2735 690 γεγεννηκότος,
2773 614 3171 686 ὑποδηλὼσειεν
3195 613 3263 667 ἂν
3289 613 3392 666 οὐκ
3417 613 3594 683 ἀσυμ-

2017 713 2202 782 φανῶς
2225 715 2255 765 6
2313 712 2492 781 λόγος.
2540 710 2705 763 Ἀλλὰ
2734 710 2818 772 τίς
2855 707 2927 780 δὴ
2964 708 3072 778 ἄρα
3105 707 3198 761 καί
3225 708 3253 760 6
3284 706 3383 776 τῆς
3414 706 3597 774 ἐπιδη-

2021 805 2150 875 μίας
2183 804 2334 856 ἔσται
2351 801 2564 871 καιρὸς,
2593 800 2883 870 ἐμφανίζει
2910 798 3116 868 λέγων’
3159 817 3177 850 ι
3209 798 3323 851 Οὐκ
3353 797 3593 866 ἐκλείψει

2020 896 2204 968 ἄρχων
2223 894 2284 960 ἐξ
2323 893 2514 957 Ἰούδα,
2531 892 2626 946 καὶ
2653 890 2960 963 ἡγούμενος
2978 892 3043 946 ἐκ
3059 888 3170 942 τῶν
3202 888 3393 961 μηρῶν
3412 886 3600 950 αὐτοῦ,

2019 988 2125 1052 ἕως
2169 987 2236 1043 ἃν
2285 987 2416 1060 ἔλθῃ
2466 979 2512 1054 ᾧ
2557 985 2869 1041 ἀπόκειται.
2921 983 3032 1038 Καὶ
3080 983 3245 1046 αὐτὸς
3307 972 3604 1052 προσδοκία

2021 1079 2210 1135 ἐθνῶν.
2259 1098 2278 1131 ι
2323 1075 2531 1151 ’Ἦρχον
2576 1079 2674 1148 μὶν
2705 1076 2814 1147 γὰρ
2863 1075 3120 1140 Ἰουδαῖοι,
3153 1075 3246 1127 καὶ
3278 1073 3337 1140 ἐξ
3377 1073 3605 1144 αἵματος

2034 1171 2253 1245 Ἰσραὴλ
2289 1166 2431 1241 ἦσαν
2468 1172 2517 1224 οί
2560 1171 2689 1240 παρ’
2722 1168 2906 1232 αὐτοῖς
2943 1165 3265 1238 ⁴ἡγούμενοι·
3311 1165 3506 1236 μέχρις
3540 1164 3606 1218 ἂν

2034 1264 2331 1335 Ἦρώδηςὸ
2385 1261 2746 1333 Ἀντιπάτρου
2789 1261 2940 1322 παῖς,
2969 1256 3328 1320 Παλαιστινδς
3376 1254 3472 1320 ῶν,
3520 1272 3608 1310 τε-

2026 1357 2272 1428 τράρχης
2303 1353 2642 1426 ὠνόμασται,
2691 1352 2787 1406 καὶ
2833 1350 3234 1421 μετεποιήσατο
3267 1348 3368 1418 τῆς
3394 1346 3568 1419 ἀρχῆς
3589 1361 3600 1371 ·

2027 1447 2114 1517 ἐφ’
2142 1442 2203 1501 οῦ
2233 1447 2326 1500 καὶ
2355 1445 2516 1510 αὐτὸς
2549 1442 2871 1513 γεγέννηται
2901 1440 3156 1511 Χριστὸς,
3196 1460 3213 1491 ι
3245 1440 3278 1510 ἠ
3304 1438 3415 1492 τῶν
3440 1436 3607 1491 ἐθνῶν

2028 1538 2344 1610 προσδοκία.
2383 1556 2400 1587 ι
2439 1537 2564 1590 Ὅτι
2596 1534 2703 1606 γὰρ
2755 1533 3023 1587 σέϐωσται
3055 1533 3088 1602 ὴ
3123 1531 3230 1584 τῶν
3269 1529 3441 1583 ἐθνῶν
3475 1529 3609 1598 πλησ

2030 1633 2125 1695 θὺς
2155 1630 2505 1701 γεννηθέντος
2539 1626 2726 1690 αὑτοῦ,
2753 1623 2981 1698 μακρῶν
3014 1623 3075 1676 οὐ
3107 1622 3288 1693 δεήσει
3319 1621 3453 1692 πρὸς
3478 1618 3609 1674 ἀπό·

2028 1720 2194 1786 δειξιν
2225 1720 2422 1788 λόγων,
2455 1717 2619 1772 αὐτοῦ
2651 1712 3082 1784 διακεκραγότος
3126 1710 3222 1764 τοῦ
3261 1711 3604 1780 πράγματος.

352 1800 474 1904 post
501 1824 649 1888 hunc
671 1800 951 1886 vocandus
977 1827 1046 1881 sit
1071 1823 1257 1888 Israel,
1317 1820 1582 1876 continuo
1606 1817 1819 1881 docuit,
1849 1814 1935 1868 di-

2038 1813 2182 1884 [Ιλὴν
2213 1813 2297 1866 ὅτι
2331 1809 2734 1882 προεισέφρησε
2770 1807 2868 1878 μὲν
2906 1804 2993 1858 διὰ
3029 1804 3265 1904 «sicut»;
3293 1804 3320 1855 6
3349 1802 3409 1866 ἐξ
3443 1800 3610 1854 ἐθνῶν

355 1942 526 1981 cens:
570 1945 586 1975 ε
636 1924 836 1994 Ligans
897 1920 965 1975 ad
1012 1919 1180 1972 vitem
1229 1914 1441 1984 pullum
1501 1925 1682 1965 suum.
1731 1928 1749 1960 ι
1792 1906 1931 1963 Vitis

352 2019 502 2073 enim
533 2017 624 2071 illa
648 2029 799 2075 vera.
827 2013 932 2067 hoc
967 2022 1053 2065 est
1075 2008 1351 2070 Christus,
1382 2004 1539 2074 quasi
1575 2003 1678 2057 sibi
1707 1999 1812 2070 ipsi
1835 2014 1931 2070 per

356 2106 516 2161 tidem
544 2102 787 2173 alligavit
823 2098 988 2170 225.
1032 2097 1295 2168 populum
1343 2109 1411 2149 ex
1456 2091 1734 2163 gentibus,
1766 2103 1930 2158 quem

356 2192 510 2261 pullo
539 2196 843 2259 comparat.
887 2185 1046 2252 Quod
1077 2193 1258 2239 autem
1300 2181 1535 2252 alligarit
1572 2179 1827 2249 capreolo
1847 2177 1930 2230 vi-

358 2284 445 2347 tis,
483 2283 706 2346 hocest,
733 2280 1027 2336 dilectione
1067 2293 1184 2340 sua,
1210 2275 1423 2346 pullum
1448 2274 1633 2337 asinae,
1668 2271 1932 2342 populum

356 2377 602 2444 inquam,
633 2373 729 2442 qui
774 2369 1012 2426 credidit
1053 2384 1121 2422 ex
1142 2367 1324 2437 prisca
1369 2363 1684 2420 Iudaeorum
1732 2368 1930 2424 matre,

356 2475 454 2522 aut
479 2467 782 2539 Synagoga,
809 2461 1086 2532 quomodo
1111 2458 1234 2528 quis
1277 2453 1629 2519 dubitaverit,
1658 2468 1782 2507 cum
1809 2451 1933 2505 uni-

356 2573 534 2622 versa,
557 2565 619 2612 ut
640 2570 751 2611 uno
777 2553 950 2607 verbo
975 2551 1178 2612 dicam,
1207 2562 1363 2603 sacra
1397 2540 1680 2614 Scriptura
1705 2550 1934 2598 testetur

358 2649 466 2703 hoc
519 2643 888 2718 mysterium?
932 2639 1028 2696 sed
1073 2636 1222 2708 quod
1275 2633 1498 2706 proprio
1546 2632 1810 2702 sanguine
1864 2630 1934 2684 sit

358 2754 511 2795 suam
532 2737 706 2808 ipsius
735 2748 962 2790 carnem
990 2731 1268 2786 tincturus
1301 2727 1450 2796 ligno
1489 2723 1682 2780 amxus
1724 2738 1791 2778 ac
1812 2724 1933 2776 lan-

357 2847 454 2887 cea
509 2805 840 2901 perforatus,
881 2821 1125 2878 ostendit
1165 2820 1254 2874 bis
1299 2817 1510 2872 verbis:
1548 2835 1565 2865 ι
1590 2805 1819 2868 Lavabit
1879 2812 1932 2866 in

358 2924 490 2979 vino
544 2920 742 2975 stolam
807 2930 984 2977 suam,
1047 2922 1104 2967 et
1155 2913 1210 2966 in
1249 2908 1515 2979 sanguine
1555 2921 1671 2960 uvae
1710 2904 1935 2974 pallium

361 3029 542 3070 suum.
592 3031 610 3062 ι
655 3008 811 3065 Unde
851 3017 908 3062 et
962 3003 1380 3061 divinuslsaias
1400 3014 1689 3054 ascensum
1731 2995 1934 3052 Christi

363 3105 429 3160 ad
458 3104 629 3159 caelos
656 3114 947 3162 enarrans,
975 3097 1199 3167 angelos
1226 3103 1320 3148 aut
1338 3105 1605 3162 supernas
1635 3097 1937 3160 potestates

365 3194 670 3250 introduxit
718 3193 796 3246 ita
843 3191 1024 3259 ipsum
1073 3187 1300 3241 aﬂ‘atos:
1350 3183 1526 3249 «Quis
1570 3190 1656 3236 est
1704 3181 1806 3235 iste
1842 3179 1939 3249 qui

365 3287 516 3342 venit
542 3301 610 3340 ex
633 3283 847 3340 Edom?
875 3279 1106 3335 Bubedo
1130 3279 1186 3331 in
1221 3274 1567 3335 vestimentis
1591 3275 1712 3344 ejus
1744 3287 1810 3326 ex
1831 3271 1938 3326 Bo-

363 3394 456 3433 sor
484 3378 620 3430 "'3'.
653 3395 672 3427 ι
702 3375 770 3430 Et
792 3386 1014 3427 rursus:
1058 3389 1075 3420 σ
1097 3367 1208 3423 Cur
1241 3367 1409 3421 rubra
1457 3371 1591 3420 sunt
1617 3364 1940 3418 vestimenta

279 3490 292 3501 ·
371 3477 562 3533 tua,et
609 3466 930 3522 indumenta
977 3471 1070 3515 tua
1106 3469 1366 3527 tanquam
1398 3471 1465 3509 ex
1507 3453 1717 3509 calcato
1755 3461 1941 3506 torcu-

366 3559 469 3615 ιιινὶ
500 3558 584 3611 ³δῖ
611 3578 629 3609 ι
661 3558 833 3611 Porro
855 3552 1000 3622 quod
1030 3550 1134 3604 etsi
1162 3554 1414 3603 mortuus
1435 3545 1621 3608 fuerit,
1645 3552 1701 3597 et
1723 3542 1942 3597 Iudaeo-

369 3667 490 3706 rum
517 3662 816 3721 perpessus
853 3646 925 3700 sit
961 3639 1469 3702 debacchationem,
1501 3637 1704 3706 alapas,
1741 3649 1943 3704 oppro-

367 3745 520 3800 bria:
549 3751 732 3798 tamen
780 3754 893 3794 non
928 3735 1166 3792 multum
1207 3746 1276 3787 ea
1313 3729 1546 3792 curarit,
1593 3742 1789 3798 passus
1845 3741 1944 3796 pro

367 3834 546 3896 nobis,
581 3843 884 3899 omnesque
909 3826 1154 3888 salvans;
1209 3819 1307 3875 sed
1352 3817 1536 3889 potius
1573 3831 1671 3887 pro
1695 3815 1943 3886 gratissi-

368 3926 490 3988 mis,
520 3923 746 3992 sibique
796 3916 1034 3975 assuetis
1078 3911 1297 3970 deliciis
1337 3908 1615 3973 habuerit,
1651 3906 1948 3962 declaravit

367 4015 538 4072 Jaeob
587 4015 676 4070 bis
713 4012 931 4068 verbis:
976 4005 1252 4064 «Gratiosi
1283 4002 1430 4059 oculi
1469 4001 1552 4058 tui
1593 4016 1663 4055 ex
1712 3999 1866 4054 vino.
1919 4017 1938 4050 ›

368 4107 504 4162 Nam
538 4121 607 4160 ex
631 4103 740 4167 bis,
775 4111 838 4158 ut
858 4101 1120 4163 arbitror,
1147 4095 1382 4165 intelligi
1435 4092 1602 4148 debet
1615 4090 1944 4162 jucundum,

370 4200 554 4253 laetum
593 4205 653 4251 et
701 4194 902 4255 hilare,
951 4204 1062 4258 quo
1115 4188 1305 4242 divina
1340 4187 1516 4255 ipsius
1552 4194 1755 4238 natura
1811 4198 1949 4252 pra:-

369 4290 485 4344 dita
545 4294 650 4342 est.
707 4283 861 4338 Mens
896 4294 1093 4336 eorum
1131 4277 1227 4347 qui
1281 4276 1474 4330 vinum
1526 4274 1806 4337 biberunt,
1857 4274 1947 4343 ju-

371 4377 550 4434 cunda
585 4375 698 4430 fere
721 4387 843 4428 esse
873 4371 1035 4435 solet,
1096 4378 1153 4424 et
1179 4369 1248 4423 ab
1275 4368 1342 4422 iis
1364 4381 1478 4438 qua
1539 4365 1818 4421 tristitiam
1865 4365 1949 4436 gi-

2031 1879 2327 1978 (ipf-ﬂairch
2363 1879 2424 1958 τε
2455 1902 2552 1956 καὶ
2594 1879 2716 1964 νέος
2756 1899 2906 1962 λαὸς,
2935 1879 3354 1967 είσκλῆθήσεται
3401 1893 3458 1946 δέ
3493 1892 3608 1964 μετ’

2033 2000 2196 2054 αὐτὸν
2246 1999 2341 2052 καὶ
2381 2000 2409 2050 6
2459 1995 2696 2067 Ἰσραὴλ,
2746 1991 2948 2056 ἐδίδαξε
2994 1991 3167 2059 λέγων
3208 1987 3394 2052 εὐθύς·
3451 2005 3470 2038 ι
3511 1989 3608 2039 Δε-

2033 2089 2253 2160 σμεύων
2277 2087 2412 2159 πρὸς
2442 2086 2687 2158 ἄμπελον
2717 2084 2809 2138 τὸν
2843 2083 3022 2137 πῶλον
3052 2080 3273 2136 αὐτοῦ.»
3304 2078 3610 2150 Προσὲδησε

2035 2181 2144 2251 γὰρ
2173 2179 2361 2250 ὥσπερ
2391 2177 2570 2248 ἐαυτῷ
2585 2177 2674 2230 διὰ
2694 2177 2954 2240 πίστεως,
2981 2175 3014 2244 ή
3039 2171 3281 2244 ἄμπελος
3299 2173 3332 2241 ἡ
3363 2167 3611 2240 ἀληθινὴ.

2035 2272 2279 2325 τουτέστι
2311 2270 2566 2340 Χριστὸς,
2599 2269 2692 2320 τὸν
2725 2265 2786 2331 ἐξ
2831 2263 3000 2318 ἐθνῶν
3042 2261 3192 2331 λαὸν,
3239 2261 3298 2315 ὃν
3328 2260 3407 2332 τῷ
3451 2258 3613 2330 πώλῳ

2036 2361 2382 2435 παρεικάζει.
2411 2359 2716 2432 Προσέδησε
2740 2357 2798 2411 δὲ
2833 2356 2914 2410 ὅτι
2943 2357 3008 2426 τῇ
3039 2354 3179 2409 ἕλικι
3213 2352 3314 2423 τῆς
3343 2351 3611 2424 ἀμπέλου.

2036 2454 2336 2520 τουτέστιν,
2359 2452 2548 2521 ἀγάπῃ
2577 2453 2643 2521 τῇ
2669 2450 2798 2520 παρ’
2827 2445 3047 2510 ἐαυτοῦ,
3064 2444 3156 2498 τὸν
3180 2443 3356 2498 πῶλον
3374 2442 3472 2512 τῆς
3492 2441 3613 2495 δνου

2037 2546 2228 2613 αὑτοῦ,
2251 2545 2394 2615 φημὶ
2409 2544 2474 2614 δὴ
2502 2542 2592 2596 τὸν
2614 2542 2679 2594 ἐκ
2699 2542 2798 2612 τῆς
2827 2538 3190 2610 ἀρχαιοτέρας
3213 2535 3314 2604 τῆς
3347 2534 3614 2588 Ἰουδαίων

2043 2640 2270 2713 μητρὸς,
2293 2639 2412 2710 ἦτοι
2430 2635 2530 2705 τῆς
2546 2633 2878 2702 Συναγωγῆς
2903 2628 3307 2684 πεπιστευκότα
3333 2627 3482 2691 λαὸν,
3505 2627 3615 2690 πῶς

2041 2734 2107 2787 ἂν
2140 2727 2432 2784 ἐνδοιάσειέ
2463 2745 2548 2791 τις
2569 2765 2583 2790 ,
2616 2725 2854 2796 ἁπάσης,
2887 2723 2962 2786 ὡς
2993 2722 3122 2784 ἔπος
3147 2723 3342 2786 εἰπεῖν,
3375 2719 3475 2788 τῆς
3503 2718 3616 2771 θεο-

2041 2821 2304 2877 πνεύστου
2341 2819 2562 2891 Γραφῆς
2586 2817 2856 2886 λαλούσης
2885 2817 3016 2886 ἡμῖν
3043 2813 3102 2868 τὸ
3135 2813 3470 2885 μυστήριον;
3498 2811 3617 2866 Ὅτι

2041 2913 2096 2966 δὲ
2123 2911 2350 2982 ἔμελλεν
2385 2911 2579 2980 αἵματι
2608 2907 2685 2978 τῷ
2721 2906 2834 2976 ἰδίῳ
2873 2906 2970 2976 τὴν
3003 2902 3197 2958 ἑαυτοῦ
3239 2900 3618 2970 καταφοινίξαι

2046 3005 2244 3073 σάρκα,
2289 2999 2733 3072 προσηλούμενος
2766 2995 2843 3067 τῷ
2876 2995 3038 3066 ξύλῳ,
3078 2995 3173 3047 καὶ
3201 2996 3267 3064 τῇ
3302 2993 3474 3065 λόγχῃ
3502 2991 3617 3045 δια-

1991 3141 2008 3160 ,
2045 3091 2398 3162 νενυγμένος,
2428 3090 2713 3159 ἐνέφηνεν,
2749 3086 2949 3141 εἰπών’
2991 3105 3010 3138 ι
3051 3085 3250 3140 Πλυνεῖ
3279 3087 3336 3138 ἐν
3370 3086 3498 3156 οίνῳ
3523 3083 3617 3156 τὴν

1999 3181 2008 3192 ’
2046 3185 2238 3255 στολὴν
2267 3180 2455 3247 αὐτοῦ,
2489 3181 2584 3235 καὶ
2608 3182 2666 3234 ἐν
2689 3179 2885 3250 αἵματι
2904 3177 3178 3248 σταφυλῆς
3204 3177 3303 3248 τὴν
3328 3175 3622 3248 περιϐολὴν

2041 3275 2227 3330 αὑτοῦ.
2265 3293 2283 3325 ι
2315 3274 2428 3327 Καὶ
2461 3271 2590 3341 γοῦν
2628 3272 2655 3324 6
2691 3269 2978 3333 θεσπέσιος
3017 3269 3266 3332 Ἡσαΐας,
3297 3266 3397 3340 τὴν
3425 3267 3506 3330 εἰς
3533 3265 3623 3319 οὐ·

2047 3366 2244 3437 ρανοὺς
2280 3363 2638 3433 ἀναφοίτησιν
2674 3361 2770 3415 τοῦ
2809 3360 3045 3432 Χριστοῦ
3079 3360 3456 3431 διηγούμενος,
3501 3358 3625 3420 τοὺς

2046 3457 2233 3525 ἁγίους
2265 3456 2466 3525 ἔφησεν
2510 3454 2776 3523 ἀγγέλους
2809 3456 3008 3518 εἰπεῖν,
3039 3453 3157 3523 ἦτοι
3197 3453 3295 3515 τὰς
3330 3451 3442 3505 ἄνω
3470 3450 3626 3504 δυνά-

2049 3563 2191 3618 μεις·
2230 3565 2248 3597 ι
2279 3547 2373 3609 Τίς
2405 3539 2557 3609 οὗτος
2587 3546 2616 3597 6
2647 3545 3092 3617 παραγενόμενος
3115 3543 3174 3610 ἐξ
3218 3542 3432 3613 Ἐδώμ;
3472 3539 3629 3614 Ἐρύ-

2048 3639 2236 3711 θρημα
2271 3638 2501 3709 ἱματίων
2528 3636 2693 3691 αὑτοῦ
2727 3639 2791 3690 ἐκ
2813 3637 3004 3707 Βοσὸρ.
3043 3656 3060 3688 ι
3096 3635 3208 3690 Καὶ
3234 3633 3426 3689 πάλινο
3455 3653 3474 3686 ι
3515 3635 3631 3687 Ἱνα

2045 3733 2099 3786 τί
2134 3749 2227 3785 σου
2258 3730 2464 3802 ἐρυθρὰ
2489 3730 2558 3784 τὰ
2590 3731 2818 3800 ἱμάτια;
2865 3730 2960 3783 καὶ
3008 3728 3076 3781 τὰ
3119 3727 3398 3798 ἐνδύματά
3424 3743 3520 3781 σου
3555 3727 3626 3790 ὡς

2048 3823 2156 3876 ἀπὸ
2184 3821 2424 3891 πατητοῦ
2453 3820 2615 3891 ληνοῦ
2637 3861 2653 3875 .
2684 3840 2702 3873 ο
2743 3821 2864 3874 ’Ότι
2895 3820 2951 3874 δὲ
2981 3819 3082 3873 κᾶν
3118 3821 3166 3872 εί
3201 3819 3425 3888 γέγονεν
3457 3821 3515 3874 ἐν
3545 3836 3631 3873 νε-

2049 3915 2222 3985 κροῖς,
2258 3912 2360 3966 κᾶν
2392 3914 2441 3966 εί
2470 3913 2570 3976 τὰς
2608 3912 2715 3966 τῶν
2768 3911 3034 3965 Ἰουδαίων
3076 3913 3365 3982 παροινίας
3410 3911 3629 3981 ἀνέτλη,

2053 4005 2374 4079 ῥαπίσματα
2392 4005 2484 4058 καὶ
2498 4004 2859 4074 ὀνειδισμοὺς,
2880 4003 2940 4056 οὐ
2966 4003 3134 4066 πολὺς
3155 4003 3304 4075 αὑτῴ
3330 4004 3440 4057 τῶν
3461 4003 3633 4058 τοιού-

2049 4113 2156 4149 των
2186 4096 2214 4149 6
2257 4094 2434 4162 λόγος,
2482 4093 2779 4146 πεπονθότι
2828 4091 2896 4144 δι’
2944 4091 3114 4161 ἡμᾶς,
3155 4092 3246 4144 καὶ
3287 4089 3631 4144 ἁνασὼσαντι

2049 4188 2149 4259 τὴν
2179 4188 2268 4241 ὑπ’
2296 4187 2524 4258 οὐρανόν
2545 4203 2559 4217 ³
2589 4186 2705 4240 ἐστι
2735 4185 2791 4238 δέ
2823 4183 3021 4254 μᾶλλον
3053 4186 3110 4239 ἐν
3131 4185 3252 4247 ταῖς
3281 4181 3430 4253 αὐτῷ
3452 4182 3632 4252 φιλαιο

2050 4278 2240 4340 τὰταις
2289 4277 2376 4329 ἀεὶ
2437 4277 2530 4330 καὶ
2579 4275 2870 4348 συνήθεσιν
2903 4275 3218 4345 εὐθυμίαις,
3255 4272 3633 4345 παραδείξειεν

2053 4367 2119 4422 ἂν
2148 4367 2336 4421 εἰπών·
2375 4386 2392 4419 ι
2429 4368 2678 4438 Χαροποὶ
2705 4369 2752 4421 oi
2785 4366 3055 4438 ὀφθαλμοὶ
3080 4365 3244 4421 αὑτοῦ
3269 4365 3377 4421 ἀπὸ
3405 4364 3572 4418 οἴνου.
3611 4381 3628 4414 ι

371 4475 578 4540 guunt,
631 4476 987 4532 summopere
1047 4460 1333 4516 abhorret.
1390 4457 1529 4514 Cum
1593 4471 1724 4512 vero
1769 4469 1935 4511 sermt

2051 4460 2288 4531 Νοηθείη
2320 4460 2428 4527 γὰρ
2469 4459 2536 4514 ἂν
2573 4461 2630 4514 ἐν
2655 4459 2889 4526 τούτοις,
2921 4459 3173 4532 καθάπερ
3205 4457 3319 4526 ἐγὼ
3356 4453 3533 4528 οἶμαι,
3576 4456 3636 4509 τὸ

371 4553 778 4627 quodammodo
796 4567 830 4608 e
865 4549 1127 4606 dentibus
1149 4543 1433 4620 [hocedag
1462 4547 1588 4604 ideo
1610 4555 1666 4603 et
1697 4547 1800 4603 bos
1828 4561 1950 4602 esse

371 4649 451 4704 ait
483 4644 777 4709 candidos,
807 4651 870 4698 ut
891 4641 986 4712 qui
1015 4656 1327 4698 sermonem
1358 4640 1658 4697 candidum
1702 4655 1804 4709 per
1840 4639 1950 4694 lin-

372 4755 534 4812 guam
555 4736 836 4794 emittant.
860 4733 1118 4791 Christus
1171 4731 1320 4786 enim
1351 4746 1698 4802 nequaquam
1736 4730 1950 4786 vanilo-

373 4845 517 4902 quus
569 4835 675 4893 est,
730 4826 827 4882 sed
880 4825 1064 4898 potius
1117 4822 1412 4879 veridicus.
1461 4821 1745 4893 Siquidem
1791 4836 1954 4876 omne

371 4920 522 4992 quod
547 4919 793 4991 loquitur
819 4924 1072 4974 sanctum
1107 4922 1216 4980 est,
1260 4923 1429 4984 atque
1472 4912 1839 4970 admiratione
1872 4912 1958 4968 di-

373 5026 566 5083 gnum,
597 5020 761 5082 atque
815 5009 954 5066 adeo
984 5007 1112 5072 tale,
1152 5014 1215 5060 ut
1244 5004 1441 5061 anima:
1475 5015 1533 5059 et
1582 5001 1753 5058 menti
1793 5002 1954 5058 audi-

379 5117 560 5160 tarum
596 5100 1103 5174 splendidissimum
1127 5098 1324 5154 lumen
1347 5095 1628 5152 immittat.

2055 4551 2221 4605 οἱονεὶ
2251 4549 2585 4619 φιλομειδές,
2619 4551 2714 4604 καὶ
2758 4551 2821 4603 τὸ
2867 4551 2953 4604 ἀεί
3002 4567 3116 4614 πως
3160 4548 3414 4619 εὔθυμόν.
3441 4565 3500 4601 τε
3545 4547 3635 4600 καὶ

2060 4642 2242 4712 ἱλαρὸν
2273 4641 2371 4711 τῆς
2393 4641 2646 4711 θεότητος
2677 4641 2866 4696 αὑτοῦ.
2908 4643 3112 4713 Ίλαρὸς
3129 4642 3238 4714 γάρ
3265 4657 3385 4704 πως
3415 4642 3504 4695 ἀεὶ
3529 4642 3638 4702 τοῖς

2059 4733 2373 4787 πεπωκόσιν
2401 4736 2427 4788 6
2457 4733 2601 4799 νοῦς,
2633 4734 2729 4787 καὶ
2757 4734 2867 4787 τῶν
2895 4735 3103 4788 καταλυ
3115 4735 3232 4788 πεῖν
3258 4731 3529 4786 εἰωθότων
3558 4730 3638 4784 ὅτι

2059 4825 2299 4897 μάλιστα
2326 4827 2760 4898 καταφρονητὴς.
2795 4827 3013 4897 Ἐπειδὴ
3040 4825 3097 4880 δέ
3126 4824 3185 4889 ἐξ
3203 4825 3435 4879 ὀδόντων
3453 4822 3638 4895 ὥσπερ

2059 4917 2307 4989 πρόεισιν
2340 4919 2368 4971 6
2391 4916 2569 4985 λόγος,
2601 4917 2825 4981 λευκοὺς
2857 4911 2996 4971 εἶναι
3035 4917 3130 4972 καὶ
3161 4917 3358 4981 αὐτούς
3385 4933 3542 4988 φησι,
3566 4915 3639 4977 ὡς

2058 5007 2296 5082 καθαρόν
2329 5025 2388 5063 τε
2426 5009 2521 5063 καὶ
2572 5009 2832 5063 ἐκλευκον
2873 5010 2966 5064 τὸν
3017 5009 3126 5065 ἀπὸ
3165 5009 3412 5080 γλώττης
3465 5009 3641 5069 ἱέντας

2059 5099 2238 5168 λόγον.
2296 5099 2679 5173 Ἀμαρτοεπὴς
2733 5101 2842 5170 γὰρ
2893 5101 3167 5173 οὐδαμῶς.
3219 5101 3556 5173 εὐθυρήμων
3586 5098 3686 5177 δικ

381 5195 580 5264 μᾶλλον
604 5195 700 5248 καὶ
732 5193 940 5266 ἀληθὴς
975 5193 1006 5244 ὁ
1036 5189 1274 5261 Χριστός
1295 5206 1307 5219 ·
1334 5189 1431 5245 καὶ
1470 5190 1601 5279 πᾶν,
1635 5188 1688 5243 εἴ
1747 5207 1800 5245 τι
1863 5191 2176 5262 φθέγξαιτο,
2206 5194 2363 5248 τοῦτό
2425 5196 2576 5250 ἐστιν
2613 5195 2975 5267 ἁγιοπρεπὲς,
3043 5195 3137 5250 καὶ
3171 5195 3638 5268 τιθαυμασμένον,

378 5288 472 5340 καὶ
509 5285 768 5357 πλείστην
798 5289 929 5359 ὅσην
963 5285 1231 5357 ἐμποιοῦν
1269 5287 1401 5350 τοῖς·
1427 5284 1804 5357 ἀκροωμένοις
1853 5287 1952 5359 τὴν
1990 5291 2070 5354 εις
2099 5289 2278 5360 ψυχήν
2306 5307 2364 5344 τι
2392 5292 2486 5345 καὶ
2515 5289 2646 5344 νοῦν
2665 5289 3051 5363 λαμπρότητα.

981 5397 1058 5452 De
1089 5395 1352 5452 tabulae.

457 5506 475 5538 ι
507 5487 754 5543 Zabulon
801 5489 1134 5551 maritimus,
1199 5488 1474 5544 habitabit
1524 5497 1581 5543 et
1628 5488 1746 5560 ipse
1792 5489 1950 5561 juxta

381 5583 598 5647 portum
650 5577 890 5641 navium,
936 5587 996 5631 et
1044 5577 1304 5632 extendet
1331 5592 1394 5631 sc
1434 5592 1607 5647 usque
1654 5578 1722 5632 ad
1782 5577 1944 5634 Sido-

453 5751 566 5782 “"’
601 5753 700 5805 lsa.
733 5766 874 5817 Lxm,
914 5754 960 5806 Ι.
1041 5753 1081 5782 ³⁸
1107 5751 1238 5806 ibid.
1273 5753 1324 5804 2.

2522 5402 2664 5471 Περί
2685 5403 2793 5459 τοῦ
2822 5402 3170 5460 Ζαϐουλὼν.

2135 5507 2158 5541 ι
2197 5489 2485 5545 Ζαϐουλὼν
2509 5493 2797 5566 παράλιος,
2822 5495 3144 5566 κατοικήσει
3181 5493 3278 5548 καὶ
3307 5492 3473 5555 αὐτὸς
3518 5489 3642 5562 παρ’

2055 5581 2227 5655 ὅρμον
2251 5583 2472 5652 πλοίων,
2497 5587 2590 5641 καὶ
2613 5591 2908 5658 παρατενετ
2930 5589 3035 5653 ἕως
3070 5586 3318 5649 Σιδῶνος.
3357 5605 3373 5636 ι
3408 5585 3641 5640 Φθάσανο
