4074 6260
271 349 374 407 357

1268 342 1787 399 GLAPIIYRORUN
1825 343 1888 397 IN
1930 342 2229 398 CENESIM
2271 342 2399 397 LIB.
2444 344 2552 399 VII.

3440 347 3544 404 5’33

274 486 364 533 τις
398 466 507 540 ήδη
546 464 912 536 προείπομεν,
940 461 1020 514 ὅτι
1049 459 1140 514 τὸν
1185 459 1283 530 τῆς
1332 461 1699 533 προκειμένης
1728 461 1859 531 ήμῖν

1967 473 2089 512 nem
2127 458 2263 512 "'“.
2289 478 2306 509 ι
2362 457 2538 529 Supra
2581 457 2820 515 diximus
2866 459 3010 531 quod
3047 462 3404 518 extendentes
3454 480 3543 517 ra~

276 556 624 630 προφητείας
666 550 1048 626 βασανίζοντες
1094 551 1272 620 λόγον,
1332 553 1427 606 καὶ
1463 553 1610 617 ὅπως
1638 552 1704 606 ἂν
1745 552 1858 622 ἔχοι

282 652 379 704 καὶ
438 647 843 719 διαπεραίνοιτο
889 643 1086 709 καλῶς,
1115 643 1401 716 καταθρεῖν
1445 643 1857 709 σπουδάζοντες,

283 737 450 792 τοῦτο
477 737 577 807 μὲν
599 736 670 799 ὡς
697 735 754 799 ἐξ
777 735 1088 805 ὁμοιότητος
1112 733 1221 787 τῶν
1242 734 1342 805 ήδη
1372 733 1859 806 προειργασμένων

291 826 629 897 πεποιῆσθαι
666 842 863 896 φαμεν,
891 824 1051 879 τοῦτο
1076 825 1132 879 δὲ
1176 827 1270 879 καὶ
1314 825 1374 894 ἐξ
1400 827 1572 897 αὐτῆς
1614 822 1673 882 εὖ
1715 828 1861 899 μάλα

294 919 398 991 τῆς
413 917 520 972 τῶν
541 918 809 989 ὀνομάτων
821 917 1141 988 ἑρμηνείας,
1158 917 1441 989 μονονουχὶ
1459 916 1862 991 πλαστουργού-

304 1025 476 1079 μενον.
506 1008 595 1061 καὶ
630 1007 728 1080 τήν
767 1008 876 1062 τῶν
904 1007 1179 1079 ἐσομένων
1210 1008 1350 1061 ἰδέαν
1385 1009 1862 1080 προαναφαίνοντα

298 1100 592 1167 διαδείξειεν
607 1100 697 1167 ἄν,
711 1095 888 1170 οἶμαι,
905 1099 991 1163 τὶς
1004 1099 1129 1154 νοῦν
1146 1099 1303 1170 ἔχων.
1317 1101 1381 1153 Ὀ
1397 1101 1461 1175 δὴ
1476 1101 1714 1171 μάλιστα
1728 1118 1859 1154 κατ-

293 1193 412 1245 ιδεῖν
444 1190 659 1257 ἐξέσται
703 1191 868 1245 πάλιν
903 1192 998 1244 ἐπί
1041 1209 1101 1245 τε
1139 1190 1232 1246 τοῦ
1278 1192 1588 1258 Ζασουλὼν,
1622 1194 1717 1247 καὶ
1751 1192 1862 1246 τῶν

285 1281 499 1355 ἑφεξῆς.
531 1282 969 1355 Διερμηνεὺεται
1009 1282 1119 1353 γὰρ
1146 1283 1353 1338 εὐοδία
1388 1301 1449 1337 τε
1482 1285 1579 1338 καὶ
1614 1285 1862 1354 εὐλογία

284 1375 433 1446 παρᾶ
466 1391 533 1444 γε
561 1378 676 1438 τοῖς
714 1374 785 1429 τὰ
812 1373 1043 1428 τοιαῦτα
1063 1375 1385 1448 διατρανοῦν
1408 1371 1468 1432 εὗ
1500 1376 1649 1448 μάλα
1676 1393 1862 1431 κατει-

281 1453 594 1539 θισμένοις.
626 1466 1046 1539 Εὐλογημένους
1077 1467 1143 1541 δὴ
1188 1464 1280 1523 οὖν
1312 1486 1464 1532 τινας
1495 1470 1604 1540 ἄρα
1643 1468 1754 1523 τῶν
1803 1465 1866 1533 ἐξ

293 1556 520 1628 Ἰσραὴλ
541 1556 874 1627 εὑρήσομεν,
900 1556 998 1610 καὶ
1018 1556 1116 1628 τὴν
1139 1559 1224 1628 ἐφ’
1252 1558 1421 1612 ἅπασι
1449 1562 1558 1622 τοῖς
1580 1558 1864 1614 ἁνδάνουσι

283 1649 406 1719 Θεῷ
448 1649 667 1703 εὐοδίαν
702 1649 1148 1721 πεπλουτηκότας
1175 1664 1189 1679 ’
1226 1650 1363 1722 πλὴν
1390 1652 1474 1704 ὃτι
1503 1653 1627 1715 τοὺς
1658 1652 1747 1705 διὰ
1776 1652 1866 1704 πί-

291 1757 465 1802 στεως
507 1739 611 1808 τῆς
649 1740 729 1801 εἰς
759 1739 994 1810 Χριστὸν
1032 1740 1507 1812 δεδικαιωμένους,
1540 1743 1634 1796 καὶ
1676 1746 1741 1815 τῇ
1770 1742 1864 1796 τοῦ

1966 548 2173 603 tionem
2221 549 2521 620 propositae
2584 550 2892 620 prophetia:
2922 592 2936 616 ,
3001 562 3057 606 et
3114 568 3223 622 quo
3273 560 3434 623 pacto
3482 565 3543 607 se

1963 639 2162 695 habeat
2221 647 2384 711 atque
2452 652 2793 712 propagetur
2844 641 3174 714 investigare
3231 642 3541 707 studentes,

1961 731 2121 802 225
2146 731 2344 800 partim
2374 747 2441 786 ex
2464 731 2824 789 similitudine
2842 750 3033 790 eorum
3063 753 3185 806 qua:
3209 745 3334 792 ante
3358 745 3537 792 trans-

1961 833 2081 877 acta
2122 830 2271 890 sunt,
2306 822 2424 879 ﬁeri
2462 823 2717 891 dicimus,
2743 827 2939 897 partim
2965 842 3031 882 ex
3055 828 3338 882 nominum
3372 828 3540 885 inter-

1962 916 2270 985 pretatione
2300 923 2509 971 tantum
2537 932 2647 971 non
2681 915 2882 988 ellingi,
2918 928 2973 972 et
3007 917 3318 972 futurorum
3354 917 3547 989 imagi-

1963 1018 2087 1057 nem
2122 1005 2531 1073 praemonstrari
2579 1023 2591 1059 :
2637 1015 2805 1076 prout
2842 1006 3003 1062 facile
3050 1007 3327 1062 notaverit
3368 1007 3551 1078 quivis

1963 1103 2145 1148 mente
2167 1094 2451 1165 praeditus.
2467 1094 2620 1162 Quod
2644 1096 2822 1165 ipsum
2849 1095 3035 1153 videre
3055 1097 3184 1152 licet
3200 1098 3254 1151 in
3277 1097 3545 1164 Zabulon,

1962 1191 2017 1237 et
2047 1183 2292 1254 reliquis.
2331 1183 2612 1256 Signiﬁcat
2641 1186 2789 1241 enim
2822 1188 3220 1258 prosperitate»:
3246 1188 3360 1242 sive
3388 1188 3545 1244 bette-

1961 1274 2243 1329 dictionem
2274 1275 2420 1347 apud
2446 1291 2563 1343 eos,
2595 1277 2692 1348 qui
2726 1276 3040 1350 huiusmodi
3070 1278 3334 1334 vocabula
3369 1280 3545 1335 inter-

1963 1369 2273 1431 pretantur.
2318 1363 2671 1421 Inveniemus
2711 1367 2898 1438 itaque
2944 1369 3236 1422 nonnullos
3274 1384 3345 1424 ex
3380 1369 3549 1426 Israel

1963 1452 2306 1521 benedictos,
2336 1463 2597 1528 recteque
2632 1460 2689 1514 in
2724 1460 2985 1515 omnibus
3024 1476 3145 1531 qua:
3185 1461 3296 1517 Deo
3334 1462 3551 1533 placent

1965 1545 2315 1614 incedentes;
2344 1556 2603 1604 caeterum
2634 1567 2736 1621 per
2766 1551 2929 1607 ﬁdem
2961 1553 3015 1606 in
3043 1553 3323 1608 Christum
3345 1554 3549 1624 justiﬁ-

1965 1642 2133 1700 catos,
2170 1644 2226 1691 et
2265 1638 2440 1692 sancti
2479 1636 2717 1709 Spiritus
2746 1641 2920 1712 gratia
2958 1641 3259 1697 illustratos
3284 1660 3296 1695 :
3324 1642 3462 1699 adeo
3490 1652 3553 1697 ut

1967 1722 2227 1797 deinceps
2251 1743 2378 1784 vere
2414 1730 2719 1785 exclamare
2752 1732 2963 1801 possint
2990 1750 3003 1786 :
3040 1753 3056 1783 ι
3087 1732 3365 1787 Benedicti
3392 1748 3493 1789 nos
3516 1751 3548 1790 ε

293 1826 457 1896 ἁγίου
490 1824 806 1897 Πνεῦματος
840 1826 1365 1900 λελαμπρυσμένους
1401 1829 1616 1900 χάριτι·
1647 1831 1722 1895 ὡς
1767 1830 1863 1884 καὶ

1967 1818 2218 1885 Domino,
2261 1821 2358 1891 qui
2398 1820 2528 1876 fecit
2556 1822 2756 1877 omium
2782 1830 2839 1878 et
2878 1831 3079 1878 terram
3111 1826 3177 1902 ξ’.
3211 1843 3229 1876 ι
3260 1824 3379 1880 Huc
3406 1840 3546 1896 qua-

301 1917 521 1990 ἱσχύσαι
546 1916 734 1973 λοιπὸν
759 1919 819 1971 οὑ
842 1917 1278 1988 ψευδοεποῦντας
1330 1921 1660 1989 ἀνακραγεῖν
1677 1935 1691 1948 ·
1724 1938 1741 1971 ι
1765 1921 1867 1973 Εὐ·

296 2008 589 2079 λογημένοι
617 2010 776 2079 ἡμεῖς
798 2008 878 2079 τῷ
905 2009 1098 2081 Κυρίῳ
1121 2009 1200 2080 τῷ
1221 2011 1510 2081 ποιήσαντι
1540 2009 1630 2063 τὸν
1651 2011 1868 2082 οὐρανὸν

291 2101 385 2154 καὶ
422 2101 527 2170 τὴν
558 2100 684 2172 γῆν.
723 2119 742 2152 ι
789 2101 1056 2172 ’Δρμόσαι
1080 2101 1123 2154 δ’
1156 2086 1223 2156 ἄν
1245 2098 1402 2173 οἶμαι
1431 2100 1525 2156 καὶ
1549 2102 1673 2174 περὶ
1696 2102 1869 2156 αὐτῶν

287 2189 380 2242 τὸν
435 2189 713 2261 μακάριον
759 2193 1051 2263 προφήτην
1119 2191 1346 2244 Ἡσαΐαν
1385 2193 1578 2246 εἰπεῖν·
1639 2211 1659 2245 ι
1727 2194 1868 2259 Ὁδὸς

287 2279 539 2335 εὐσεϐῶν
571 2279 754 2335 εὐθεῖα
781 2281 1020 2350 ἐγένετο,
1060 2282 1153 2336 καὶ
1182 2286 1669 2356 παρεσκευασμένη
1700 2286 1868 2357 ήόδὸς

282 2372 392 2427 τῶν
435 2370 700 2429 εὐσεϐῶν.
741 2373 809 2428 Ἢ
855 2374 968 2446 γὰρ
996 2374 1111 2439 ὁδὸς
1146 2374 1357 2447 Κυρίου
1404 2376 1603 2447 κρίσις.
1662 2397 1683 2430 ι
1728 2378 1867 2443 Τοὺς

266 2459 384 2537 ,ὧδε
404 2465 702 2541 ⁴λαμπροὺς
733 2465 828 2520 καὶ
858 2466 1263 2538 εὐλογημένους
1291 2469 1372 2532 εἰς
1388 2468 1487 2540 τὴν
1510 2469 1661 2541 ἱεράν
1681 2485 1743 2523 τε
1774 2471 1869 2524 καὶ

283 2555 432 2609 θείαν
468 2554 642 2626 αὐλὴν
687 2555 1066 2609 εἰσκαλείσθαι
1110 2555 1475 2628 προστέταχεν
1519 2560 1549 2612 6
1576 2557 1686 2613 τῶν
1731 2558 1868 2612 ὅλων

283 2645 431 2711 Θεὸς,
479 2644 624 2699 οὕτω
673 2644 883 2714 λέγων·
922 2664 941 2697 ι
997 2646 1266 2713 ’Δνοίξατε
1309 2647 1525 2712 πύλας·
1581 2647 1870 2702 εἰσελθέτω

285 2737 407 2802 λαδς
437 2737 729 2807 φυλάσσων
750 2738 1122 2810 δικαιοσύνην,
1154 2740 1249 2793 καὶ
1275 2739 1566 2809 φυλάσσων
1587 2741 1867 2813 ἀλήθειαν,

286 2828 814 2901 ἀντιλαμϐανόμενος
831 2830 1116 2903 ἀληθείας,
1135 2833 1228 2885 καὶ
1249 2832 1540 2902 φυλάσσων
1573 2834 1815 2904 είρήνην.
1844 2850 1864 2885 ι

304 2920 439 2973 Ἀλλ’
471 2921 557 2974 ἵνα
594 2922 671 2993 μὴ
696 2924 809 2986 τοῖς
833 2922 925 2976 διὰ
956 2923 1123 2994 μέσον
1158 2924 1477 2988 σκανδάλοις
1506 2924 1870 2996 προσπταίον-

300 3013 571 3078 τες,δκνον
594 3015 925 3081 εἰσδέξαιντο
943 3016 1037 3069 τὸν
1058 3017 1146 3070 ἐπ’
1168 3017 1413 3087 ἀγαθοῖς,
1446 3017 1657 3072 εὐοδίαν
1680 3017 1869 3091 ὥσπερ

301 3102 552 3173 γενέσθαι
584 3107 936 3179 προστέταχε,
959 3109 1053 3162 καὶ
1079 3109 1510 3175 καταψιλοῦσθαι
1535 3110 1631 3182 τὴν
1659 3110 1866 3182 εἰσδρο-

296 3190 433 3265 μὴν,
468 3190 611 3246 οὕτω
634 3194 798 3264 λέγων
820 3199 936 3260 τοῖς
958 3197 1134 3265 ἁγίοις
1165 3198 1467 3269 ίερουργοίς
1483 3214 1497 3229 ο
1522 3218 1540 3249 ι
1562 3199 1863 3270 Πορεύεσθε

287 3284 381 3338 διὰ
406 3283 515 3337 τῶν
556 3286 736 3339 πυλῶν
770 3305 889 3359 μου,
931 3288 1028 3342 καὶ
1058 3289 1184 3353 τοὺς
1212 3287 1393 3352 λίθους
1426 3289 1524 3361 τῆς
1556 3289 1677 3343 ὁδοῦ
1709 3291 1865 3362 διαρσ

288 3375 508 3446 ῥίψατε.
548 3396 569 3430 ι
600 3377 809 3432 οὐκοῦν
830 3376 939 3433 εἶεν
964 3380 1033 3435 ἂν
1056 3380 1415 3452 εὐλογημένοι
1441 3398 1501 3436 τε
1532 3382 1624 3436 καὶ
1653 3382 1865 3437 εὐοδοῦ-

286 3484 465 3538 μενοι,
511 3467 614 3539 τὴν
665 3470 746 3534 είς
789 3471 1026 3541 Χριστὸν
1076 3471 1257 3526 πίστιν
1301 3473 1353 3527 οἰ
1408 3474 1766 3545 τετιμηκότες
1806 3473 1867 3539 ἐξ

298 3559 541 3631 Ἰσραήλ.
599 3560 966 3632 Κατοικήσειν
1017 3578 1082 3631 γε
1138 3562 1246 3634 μὴν
1291 3563 1492 3628 αὐτοὺς
1538 3565 1658 3636 ήτοι
1702 3583 1721 3617 ι
1773 3567 1865 3619 τὸν

287 3650 576 3707 Ζαϐουλὼν
620 3652 721 3726 τὴν
756 3656 824 3726 τῇ
862 3654 1110 3730 θαλάσσῃ
1143 3656 1360 3724 γείτονα
1399 3654 1589 3728 χώραν
1627 3676 1648 3710 ι
1693 3657 1865 3712 διεδε-

287 3742 508 3800 6αιοῦτο
540 3745 754 3816 σαφῶς.
800 3747 976 3800 Οίονεί
1020 3765 1136 3811 πως
1164 3750 1343 3802 ἐκεῖνο
1374 3747 1570 3818 λέγων,
1621 3748 1704 3803 δτι
1753 3750 1865 3814 τοῖς

287 3834 499 3890 ἔθνεσιν
518 3837 725 3907 ἀναμὶξ
762 3836 914 3893 ἔσται
954 3838 1142 3893 λοιπὸν
1180 3842 1208 3894 6
1246 3839 1484 3912 Ἰσραὴλ,
1522 3838 1620 3895 ﬁte
1658 3841 1725 3914 δὴ
1769 3843 1865 3896 καὶ

290 3929 367 3991 εἰς
395 3928 527 3998 μίαν
558 3929 799 3999 ποίμνην
821 3931 1299 4002 συνενηνεγμένων
1325 3931 1433 3985 τῶν
1454 3931 1548 3986 δύο
1573 3931 1737 3995 λαῶν,
1774 3933 1866 3985 καὶ

291 4012 391 4065 ὑπὸ
417 4016 579 4085 χεῖρα
599 4013 699 4085 τὴν
723 4015 842 4076 ἑνὸς
866 4015 961 4069 τοῦ
988 4018 1128 4070 κατὰ
1155 4018 1315 4088 φύσιν
1334 4019 1539 4087 ἀγαθοῦ
1566 4020 1866 4088 γεγονότων

290 4104 704 4175 ὰρχιποιμένος,
730 4107 975 4161 τουτέστι
1009 4108 1264 4179 Χριστοῦ.
1298 4110 1422 4163 Ὅτι
1449 4109 1507 4162 δὲ
1544 4110 1605 4163 τὸ
1640 4109 1868 4179 αἴνιγμα

291 4191 510 4261 ἀληθὲς,
537 4193 947 4267 πληροφορήσει
986 4198 1183 4268 ῥαδίως
1209 4199 1310 4270 τῆς
1340 4198 1700 4253 θεοπνεύστου
1734 4199 1870 4271 Γραε

290 4286 395 4357 φῆς
419 4286 451 4341 6
486 4288 666 4358 λόγος,
701 4292 811 4354 τοῖς
839 4290 896 4357 ἐξ
931 4291 1100 4345 ἐθνῶν
1126 4292 1416 4362 ἀπονέμων
1451 4291 1550 4364 τήν
1579 4293 1867 4364 πρόσοικον

290 4380 353 4447 τῇ
384 4377 628 4450 θαλάττῃ
673 4378 878 4451 χώραν.
923 4381 1069 4450 Ἔφη
1106 4381 1215 4453 γὰρ
1243 4380 1451 4446 οὕτως’
1500 4400 1518 4434 ι
1556 4380 1720 4454 Χώρα
1761 4384 1865 4437 Ζα-

1968 1909 2169 1974 drabit,
2213 1912 2472 1979 arbitror,
2502 1914 2669 1969 etiam
2696 1915 2828 1971 illud
2856 1917 3139 1988 prophetae
3175 1917 3325 1974 Isaiae
3351 1936 3364 1973 :
3398 1937 3416 1971 ι
3446 1919 3545 1974 Via

1968 2002 2184 2073 piorum
2212 2003 2352 2060 facta
2384 2014 2469 2061 est
2500 2016 2667 2072 recta,
2699 2016 2753 2062 et
2784 2008 2889 2063 iter
2915 2010 3133 2080 piorum
3167 2020 3418 2082 paratum
3439 1996 3571 2068 est.-

1968 2096 2065 2152 Via
2099 2097 2248 2153 enim
2278 2099 2491 2154 Domini
2516 2101 2783 2171 judicium
2823 2104 2888 2155 δ’.
2924 2123 2940 2153 ι
2979 2103 3124 2157 Deus
3163 2113 3346 2158 autem
3385 2103 3551 2176 hujus

1969 2188 2211 2243 universi
2247 2191 2527 2260 praecepit,
2555 2198 2616 2244 ut
2640 2191 2719 2245 illi
2745 2193 2839 2263 qui
2867 2191 2940 2248 ita
2978 2192 3249 2263 splendidi
3284 2207 3349 2247 ac
3374 2192 3545 2249 bene-

1968 2277 2102 2333 dicti
2141 2288 2298 2345 sunt,
2335 2290 2603 2336 vocentur
2632 2282 2687 2336 in
2734 2298 2945 2337 sacram
2972 2291 3027 2337 et
3056 2283 3298 2338 divinam
3330 2284 3508 2352 aulam
3528 2325 3544 2349 ,

1969 2367 2158 2425 dicens
2189 2388 2201 2423 :
2239 2390 2257 2422 ι
2298 2370 2522 2441 Aperite
2556 2381 2772 2443 portas;
2812 2373 3151 2445 ingrediatur
3175 2374 3412 2445 populus
3450 2389 3549 2430 cu-

1969 2461 2511 2533 stodiensjustitiam,
2527 2472 2582 2519 et
2597 2464 2911 2519 custodiens
2924 2465 3232 2529 veritatem,
3245 2464 3551 2537 apprehen-

1969 2549 2106 2606 dens
2126 2552 2431 2618 veritatem,
2449 2562 2505 2609 et
2523 2553 2840 2609 cus'todiens
2858 2570 3046 2624 pacem
3068 2555 3133 2609 ".
3166 2574 3183 2606 ι
3206 2555 3275 2609 At
3295 2570 3363 2610 ne
3379 2555 3551 2611 inter-

1970 2643 2317 2699 venientibus
2334 2645 2603 2700 scandalis
2625 2645 2990 2717 impingentes
3005 2647 3353 2702 retardeutur
3373 2648 3429 2703 in
3445 2647 3552 2705 hac

1969 2750 2229 2807 prospera
2250 2737 2357 2800 via,
2373 2753 2491 2806 quae
2511 2733 2682 2792 tendit
2695 2738 2760 2791 ad
2784 2737 2946 2803 bona,
2961 2737 3239 2792 ordinavit
3254 2747 3314 2792 ut
3327 2739 3552 2809 planum

1967 2826 2215 2884 facerent
2241 2828 2471 2895 aditum,
2504 2829 2577 2883 ita
2608 2828 2675 2884 ad
2708 2836 2926 2884 sanctos
2955 2830 3269 2885 sacerdotes
3313 2831 3505 2885 dicens
3534 2849 3549 2886 :

1977 2937 1995 2970 ι
2022 2918 2377 2993 lngredimini
2402 2936 2499 2990 per
2517 2930 2704 2992 portas
2724 2936 2893 2986 meas,
2917 2929 2975 2975 et
2994 2922 3203 2991 lapides
3220 2939 3251 2977 e
3273 2923 3361 2976 via
3380 2923 3552 2978 dimoo

1970 3022 2092 3068 vete
2111 3012 2174 3065 “.
2197 3012 2481 3067 ilsraelitae
2505 3013 2670 3083 igitur
2685 3014 2777 3083 qui
2796 3015 3201 3092 amplectqntur
3217 3014 3380 3069 ﬁdem
3394 3012 3555 3071 Chri-

1971 3105 2064 3168 sti,
2085 3104 2248 3158 erunt
2270 3101 2568 3168 benedicti,
2590 3118 2888 3173 omnesque
2907 3104 3147 3175 ipsorum
3167 3105 3413 3162 actiones
3426 3123 3552 3178 pro-

1970 3210 2130 3265 spere
2156 3193 2288 3265 ipsis
2309 3193 2624 3249 succedent.
2648 3193 2819 3249 Porro
2843 3194 3075 3269 afﬁrmat
3100 3204 3301 3262 textus,
3321 3212 3418 3253 eos
3437 3199 3553 3255 sive

1976 3306 1992 3337 ι
2015 3285 2261 3341 Zabulon
2284 3285 2561 3357 regionem
2581 3286 2908 3341 maritimam
2934 3306 2952 3338 ι
2971 3287 3396 3344 inhabitaturos.
3422 3290 3555 3347 Per-

1968 3374 2093 3431 inde
2139 3393 2203 3432 ac
2248 3376 2426 3441 dicat,
2458 3376 2623 3432 Israel
2668 3378 2897 3449 posthac
2935 3378 3329 3436 admiscebitur
3369 3382 3551 3453 genti-

1966 3467 2091 3535 bus,
2122 3477 2183 3525 ut
2212 3470 2286 3525 ita
2313 3469 2424 3525 duo
2463 3471 2649 3541 populi
2691 3481 3092 3544 congregemur
3135 3472 3191 3527 in
3224 3490 3394 3529 unum
3424 3490 3550 3546 gre-

1966 3575 2108 3629 gem,
2144 3568 2307 3631 atque
2339 3562 2432 3615 ιιιιί
2463 3571 2654 3632 suapte
2683 3571 2878 3617 natura
2912 3563 3055 3618 bono
3081 3580 3297 3619 summo
3318 3567 3548 3636 pastori.

1966 3650 2020 3704 id
2048 3658 2132 3705 est
2154 3650 2394 3715 Christo,
2424 3652 2807 3723 subjiciantur.
2839 3650 2994 3719 Quod
3024 3663 3205 3709 autem
3232 3654 3349 3709 haec
3377 3655 3550 3725 ﬁgura

1966 3742 2038 3796 sit
2079 3758 2230 3807 vera,
2266 3758 2434 3798 sacrae
2469 3742 2765 3814 Scriptura
2805 3760 2987 3798 sermo
3027 3746 3345 3815 plenissime
3388 3746 3550 3801 nobis

1966 3832 2330 3898 conﬁrmarit,
2372 3849 2493 3903 qua:
2532 3837 2789 3904 gentibus
2828 3836 3107 3905 regionem
3141 3836 3277 3888 mari
3312 3836 3549 3891 vicinam

1967 3924 2225 3993 assignat.
2261 3926 2351 3978 Ait
2398 3925 2548 3977 enim
2594 3925 2676 3978 sic
2718 3942 2731 3976 :
2782 3943 2801 3973 ι
2860 3923 3033 3993 Regio
3078 3923 3357 3988 Zabulon,
3399 3934 3547 3981 terra

1966 4015 2317 4084 Nephthalim
2347 4016 2500 4084 juxta
2533 4015 2675 4067 viam
2719 4013 2886 4067 maris
2909 4020 2964 4067 et
3008 4013 3221 4068 caeteris
3268 4015 3360 4083 qui
3400 4030 3549 4072 mare

1967 4106 2255 4170 accolunt,
2326 4104 2546 4160 Galilaa
2618 4104 2882 4175 gentium.
2938 4104 3180 4175 Populus
3236 4106 3330 4175 qui
3393 4107 3549 4163 sedet

1968 4197 2023 4251 in
2046 4196 2291 4251 tenebris
2307 4196 2445 4251 vidit
2470 4196 2651 4250 lumen
2678 4211 2933 4266 magnum
2949 4198 3015 4251 ".
3045 4218 3063 4249 ι
3096 4197 3359 4270 lntelligis
3377 4216 3544 4268 nunc,

1966 4289 2244 4360 quomodo
2282 4290 2562 4360 regionem
2594 4288 2839 4343 Zabulon
2870 4290 3088 4345 vocavit
3120 4310 3137 4342 ι
3185 4298 3385 4347 terram
3410 4308 3546 4364 gen.

1971 4385 2127 4448 tium,
2169 4403 2186 4434 ι
2224 4400 2345 4453 qua:
2373 4390 2429 4437 et
2458 4383 2644 4435 lumen
2674 4396 2931 4452 magnum
2968 4382 3230 4438 viderunt
3257 4399 3355 4454 per
3379 4383 3545 4441 Chri-

294 4468 516 4535 6ουλὼν,
549 4469 625 4540 γῆ
666 4470 982 4541 Νεφθαλείμ
1006 4473 1124 4526 ὁδὸν
1153 4473 1450 4545 θαλάσσης,
1481 4476 1575 4529 καὶ
1606 4476 1657 4528 οἰ
1685 4474 1862 4528 λοιποὶ

1974 4485 2138 4530 stum.
2168 4474 2331 4530 Israel
2351 4488 2480 4543 ergo
2503 4489 2628 4528 cum
2651 4475 2907 4544 gentibus
2924 4474 3181 4529 habitans
3202 4475 3367 4545 226
3384 4475 3547 4530 simul

293 4562 339 4612 οί
370 4561 470 4631 τήν
508 4562 783 4634 παραλίαν
802 4563 1106 4628 οἰκοῦντες,
1147 4564 1407 4619 Γαλιλαία
1437 4565 1541 4619 τῶν
1568 4566 1757 4622 ιθνῶν.
1803 4569 1863 4621 '0

293 4648 415 4714 λαὸς
445 4653 478 4705 6
498 4652 806 4725 καθήμενος
838 4656 898 4707 ὲν
922 4655 1126 4720 σκότει,
1164 4654 1280 4725 φῶς
1305 4655 1381 4709 ίδε
1414 4657 1576 4726 μέγα.
1616 4678 1635 4711 ι
1672 4659 1866 4730 Συνίης

295 4736 439 4806 ὅπως
506 4762 524 4795 ι
557 4742 744 4816 χώραν
774 4764 793 4797 ι
835 4744 1123 4801 Ζαϐουλὼν
1163 4765 1183 4798 ι
1219 4746 1317 4819 τὴν
1348 4748 1457 4801 τῶν
1500 4748 1668 4803 ὲθνῶν
1706 4768 1725 4802 ι
1764 4749 1872 4803 ἀτι-

297 4833 502 4900 εκάλει,
523 4836 573 4890 οἶ
610 4838 703 4890 καὶ
734 4837 849 4906 φῶς
871 4825 1162 4893 τεθέανται
1189 4839 1350 4910 μέγα,
1382 4840 1541 4907 δῆλον
1570 4841 1628 4894 ει
1669 4841 1752 4895 ὅτι
1780 4841 1869 4895 διὰ

297 4923 548 4996 Χριστοῦ.
587 4927 1048 5000 Συμπεφῶτισται
1082 4929 1147 5002 δὴ
1175 4926 1271 4985 οὖν
1310 4935 1421 4995 τοῖς
1460 4933 1560 5003 τὴν
1592 4933 1864 5004 παραλίαν

297 5016 659 5082 κατοικοῦσιν,
684 5020 719 5071 6
754 5018 1001 5085 σύνοικος
1060 5021 1296 5094 Ἰσραήλ.
1335 5021 1433 5088 Εἴη
1471 5022 1515 5076 δ’
1564 5022 1651 5087 ἂν,
1685 5018 1859 5092 οἶμαι,

294 5113 434 5164 τουτὶ
462 5111 528 5163 τὺ
565 5110 878 5165 εὐοδοῦσθαι
905 5112 1057 5183 παρὰ
1103 5112 1259 5166 Θεοῦ.
1294 5114 1417 5167 Ὅτι
1442 5115 1550 5185 γὰρ
1586 5114 1663 5185 τῷ
1697 5115 1864 5184 φωτί-

298 5199 477 5261 ζεσθαι
504 5203 681 5275 πάντη
729 5216 790 5257 τε
826 5207 920 5257 καὶ
954 5205 1174 5270 πάντως
1215 5206 1400 5258 ἕποιτο
1433 5205 1503 5258 ἂν
1529 5206 1589 5258 τὸ
1618 5207 1713 5258 καὶ
1740 5207 1861 5260 εὐο-

297 5289 512 5346 δοῦσθαι
547 5295 684 5360 δεῖν,
717 5294 983 5366 εἰσόμεθα
1016 5296 1179 5351 πάλιν
1207 5296 1302 5350 τοῦ
1342 5297 1597 5367 Σωτῆρος
1617 5296 1864 5365 λέγοντος

296 5386 399 5450 τοῖς
433 5385 708 5441 Ἰουδαίων
735 5387 950 5460 δήμοις·
980 5406 997 5439 ι
1025 5388 1170 5453 Ἕως
1193 5389 1253 5442 τὸ
1281 5387 1397 5457 φῶς
1423 5387 1592 5459 ἔχετε,
1629 5404 1865 5458 περιπα-

294 5479 428 5532 τεῖτε
458 5479 520 5533 ἐν
548 5478 824 5551 τῷφωτὶ,
864 5480 951 5533 ἱνα
982 5480 1054 5553 μὴ
1094 5480 1286 5535 σκοτία
1320 5481 1464 5553 ὑμᾶς
1504 5480 1806 5554 καταλάση.
1843 5500 1861 5533 ι

306 5568 361 5622 ὐ
383 5573 549 5627 πάλαι
576 5571 759 5626 τοίνυν
780 5571 907 5636 λαὸς
926 5575 1239 5646 καταμόνας
1254 5574 1440 5637 οἰκῶν,
1474 5577 1499 5629 6
1523 5578 1634 5647 τοζς
1658 5574 1865 5628 ἔθνεσιν

362 5688 475 5720 ⁸³³⁸
501 5689 640 5746 Gen.
679 5706 823 5754 xm,
867 5693 945 5747 l5.

302 5756 340 5786 “
360 5758 515 5817 Joan.
552 5776 647 5819 xu.
672 5762 770 5817 δῖε.

1029 5696 1070 5725 ⁵¹
1099 5694 1238 5749 Psal.
1275 5709 1422 5757 cxm,
1449 5694 1539 5747 25.
1620 5694 1662 5724 δ’
1697 5693 1799 5748 lsa.
1845 5709 1986 5758 xxvi,
2018 5693 2070 5744 7.

1972 4582 2097 4623 cum
2126 4565 2260 4635 ipsis
2288 4580 2440 4619 mare
2462 4564 2856 4631 accolentibus,
2879 4566 3220 4621 illuminatus
3245 4574 3349 4621 est.
3371 4565 3429 4620 ld
3451 4581 3548 4620 au-

1970 4669 2079 4715 tem
2114 4667 2197 4713 est
2228 4670 2549 4727 prosperum
2584 4672 2615 4710 a
2656 4655 2768 4711 Deo
2795 4656 2902 4712 iter
2924 4656 3148 4713 habere.
3179 4658 3333 4723 Quod
3362 4665 3546 4713 autem

1967 4750 2427 4807 illuminationem
2451 4756 2718 4819 perpetuo
2749 4750 3043 4805 comitetur
3067 4765 3298 4820 prosper
3325 4765 3545 4804 succes-

1968 4855 2063 4896 sus
2096 4839 2330 4903 itineris,
2360 4838 2729 4909 intelligemus
2773 4855 3013 4903 rursum,
3045 4839 3263 4892 dicente
3306 4837 3547 4891 Iudaica

1971 4933 2182 4987 nationi
2210 4932 2490 4988 Salvatore
2517 4949 2530 4984 :
2558 4948 2577 4982 ι
2600 4931 2784 4986 Donec
2804 4932 2983 4987 lucem
3009 4929 3243 4992 habetis,
3270 4928 3546 4983 ambulate

1971 5023 2028 5078 in
2056 5023 2201 5089 luce,
2227 5039 2297 5078 ne
2326 5023 2569 5078 tenebrae
2599 5037 2698 5077 vos
2730 5019 3198 5091 comprehendant
3228 5018 3292 5072 δ’.
3328 5038 3346 5068 ι
3379 5019 3546 5074 Vetus

1971 5115 2138 5187 igitur
2161 5113 2416 5185 populus,
2441 5112 2534 5182 qui
2565 5126 2811 5166 seorsum
2850 5108 3138 5172 habitavit,
3174 5109 3379 5178 quique
3410 5123 3543 5177 gen-

1970 5208 2119 5263 tibus
2149 5203 2441 5261 admisceri
2480 5203 2791 5264 recusabat,
2836 5201 2918 5254 eis
2958 5198 3066 5252 erit
3108 5196 3539 5259 contubernalis,

1964 5314 2089 5354 cum
2128 5301 2237 5368 jam
2290 5297 2427 5351 nihil
2478 5295 2549 5350 sit
2602 5293 2747 5363 quod
2785 5308 2880 5346 eos
2924 5292 3204 5360 sejungat;
3249 5296 3539 5357 propterea
3620 5314 3632 5329 π

1964 5389 2110 5461 quod
2136 5386 2490 5442 interstitium
2516 5382 2765 5437 maceria:
2798 5381 2869 5433 sit
2896 5379 3161 5443 dirutum,
3188 5386 3244 5431 et
3276 5377 3363 5431 lex
3394 5390 3545 5429 man—
3615 5401 3623 5413 -

1965 5480 2220 5535 datorum
2251 5481 2535 5535 evacuata,
2562 5471 2779 5538 duoque
2803 5468 2989 5538 populi
3014 5466 3274 5537 deinceps
3296 5465 3351 5518 in
3373 5478 3545 5519 unum

1967 5584 2169 5625 novum
2203 5566 2478 5621 hominem
2510 5559 2710 5613 conditi
2740 5560 2849 5612 sint
2879 5560 2932 5612 in
2966 5558 3206 5624 Christo,
3236 5572 3334 5628 per
3367 5554 3542 5627 Spiri-

2182 5690 2223 5719 “
2258 5685 2391 5742 ibid.
2426 5683 2479 5735 2.
2561 5680 2601 5711 δ’·
2636 5678 2733 5733 lsa.
2770 5694 2895 5746 mu,
2930 5680 3015 5736 I0.
3092 5682 3132 5713 "
3162 5680 3258 5736 lsa.
3297 5692 3373 5741 ts,
3407 5679 3459 5741 i,
3484 5676 3549 5730 2.
