4074 6260
496 349 614 406 «⁸559

1537 343 1594 398 8.
1632 340 1906 397 εγιιιιιι
1947 338 2418 396 Αιεχωῡιιιιιι
2456 336 2775 397 Αιιυιιιει».

3670 336 3771 392 590

506 502 646 543 turn.
686 509 701 538 ι
736 484 856 544 Erit
885 490 1092 546 autem,
1140 481 1342 552 inquit,
1394 479 1448 534 in
1499 478 1735 533 statione
1775 476 2021 540 navium,
2068 492 2085 525 ι

2198 471 2570 542 ἁναφύρεσθαι
2604 468 3060 539 παραιτούμενος,
3092 469 3273 532 αὐτοῖς
3297 468 3777 540 ἓσταιυσυγκάτοιο

507 582 613 634 hoc
656 585 740 634 est
795 575 850 629 in
892 581 1077 645 portu,
1102 572 1362 627 videlicet
1391 578 1508 625 tuto
1546 578 1602 625 et
1637 568 1952 638 tranquillo,
1979 567 2096 637 spei

507 667 841 725 rudentibus
864 664 1086 721 Christo
1115 662 1474 734 acquiescens
1499 669 1662 732 atque
1687 660 1946 716 innitens.
1968 658 2098 714 Elu-

507 768 685 816 ctatus
715 758 865 813 enim
892 754 1295 826 quodammodo
1325 769 1356 809 e
1394 753 1715 825 gravissima
1772 758 2096 821 tempestate

507 850 739 921 recipiet
786 864 846 904 se
884 847 1105 903 tandem
1137 847 1191 901 in
1221 845 1447 918 gratiam
1474 844 1593 909 Dei,
1632 841 2095 914 quemadmodum

507 956 700 997 revera
726 939 946 995 olcades
977 938 1093 994 sive
1113 952 1281 992 naves
1300 935 1565 991 onerariae
1594 935 1649 989 in
1672 942 1910 1004 portum.
1939 931 2095 998 Quod

504 1042 690 1088 autem
713 1033 994 1103 pertingat
1024 1050 1041 1081 ι
1071 1029 1139 1084 ad
1166 1028 1423 1083 Sidonem
1445 1042 1639 1097 usque,
1672 1045 1690 1077 ι
1721 1025 1942 1080 videtur
1965 1023 2093 1078 sub-

506 1121 774 1188 indicare,
799 1131 1009 1177 tantum
1035 1119 1269 1175 duorum
1297 1118 1626 1189 populorum
1656 1130 1986 1170 concursum
2008 1114 2092 1168 fu-

507 1228 717 1281 turum,
746 1223 805 1269 ut
832 1215 1091 1272 lsraelitae
1115 1215 1220 1268 sint
1252 1210 1577 1282 completuri
1616 1209 1780 1265 etiam
1819 1207 2091 1271 civitates,

509 1324 631 1377 qua:
655 1316 784 1363 sunt
811 1305 957 1377 apud
989 1306 1161 1359 Deum
1185 1303 1496 1377 culpabiles
1520 1308 1685 1370 atque
1716 1299 2004 1362 damnatm,
2028 1314 2094 1353 eo

505 1400 653 1473 quod
700 1399 1040 1455 seduxerunt
1081 1396 1213 1451 olim
1263 1404 1430 1466 atque
1467 1398 1787 1449 averterunt
1825 1389 2093 1462 quodam-

505 1491 668 1546 modo
690 1490 811 1561 ejus
842 1489 1105 1544 cultores.
1138 1486 1218 1541 Ita
1244 1485 1393 1540 enim
1426 1482 1632 1537 alicubi
1673 1481 1750 1536 ait
1776 1495 1874 1550 per
1901 1494 2095 1534 vocem

505 1580 900 1653 prophetarum
943 1596 955 1631 :
995 1596 1013 1628 ι
1047 1576 1259 1645 Ecquid
1278 1575 1441 1649 vobis
1478 1588 1717 1638 mecum,
1750 1572 1890 1644 Tyre
1919 1577 1975 1626 et
2006 1569 2093 1627 Si-

504 1671 635 1737 don,
668 1672 915 1740 adeoque
948 1675 1060 1724 tota
1099 1666 1322 1722 Galilzea
1365 1663 1834 1735 alienigenarum?
1859 1662 2000 1719 Num
2040 1669 2096 1717 et

504 1778 601 1819 vos
633 1761 961 1818 retaliabitis
994 1759 1152 1824 mihi,
1183 1766 1279 1812 aut
1306 1754 1724 1812 reminiscimini
1750 1754 1964 1824 injuria:
2000 1752 2096 1807 ad—

505 1869 698 1909 versus
731 1853 852 1907 me?
884 1852 995 1922 Ego
1019 1859 1206 1906 autem
1243 1847 1509 1904 retaliabo
1540 1846 1697 1902 vobis
1723 1847 1833 1901 cito
1856 1853 1912 1900 et
1943 1844 2093 1900 velo-

498 1945 645 1998 citer
676 1944 734 1998 in
765 1942 944 2012 capita
972 1951 1175 2005 vestra,
1206 1955 1272 1995 eo
1302 1937 1448 2010 quod
1489 1945 1773 2009 argentum
1820 1951 2003 1990 meum
2039 1942 2096 1989 et

505 2050 701 2090 aurum
730 2048 914 2089 meum
946 2031 1255 2102 accepistis,
1299 2039 1463 2100 atque
1497 2030 1670 2085 electa
1713 2043 1833 2083 mea
1875 2036 1931 2082 et
1973 2025 2093 2096 pul-

505 2126 640 2181 chra
662 2124 998 2197 importastis
1024 2123 1081 2178 in
1102 2130 1286 2177 vestra
1307 2122 1554 2177 delubra.
1580 2121 1737 2187 Item,
1763 2120 1904 2175 lilios
1927 2117 2094 2176 Israel

503 2223 560 2271 et
584 2215 738 2271 Iudae
765 2213 1091 2269 vendidistis
1124 2198 1250 2267 ﬁliis
1275 2211 1613 2275 Grmcorum,
1643 2218 1705 2265 ut
1745 2207 2095 2264 abducerétis

504 2322 601 2364 eos
629 2323 660 2362 a
682 2308 798 2362 suis
815 2305 1017 2360 ﬁnibus
1033 2305 1092 2336 ιτ·
1104 2305 1166 2358 ⁸⁵⁸.
1180 2304 1345 2359 ινὶάο
1361 2319 1492 2374 ergo
1505 2301 1780 2372 quomodo
1797 2301 1902 2355 illae
1921 2314 2097 2370 quon-

506 2397 632 2451 dam
673 2395 909 2466 grandes
945 2404 1002 2451 et
1043 2394 1480 2453 bellicosissima:
1518 2393 1713 2458 urbes,
1759 2408 1880 2462 quae
1918 2406 2096 2447 causae

507 2487 733 2544 fuerunt
752 2486 1082 2557 perditionis
1107 2486 1389 2550 Israelitis,
1411 2501 1559 2541 nunc
1584 2492 1712 2539 sunt
1735 2482 1956 2538 eosdem
1977 2496 2095 2538 cre-

506 2577 700 2632 dentes
725 2576 794 2631 ab
827 2577 976 2631 omni
1014 2591 1217 2648 pavore
1240 2577 1448 2631 liberos
1479 2583 1801 2646 recepturae,
1826 2589 1951 2629 cum
1978 2573 2094 2629 Sal-

507 2674 664 2722 vator
691 2675 880 2722 noster
912 2667 1071 2723 Jesus
1108 2667 1361 2724 Christus
1395 2668 1535 2723 duos
1561 2669 1792 2739 populos
1821 2664 2092 2739 redegerit

507 2757 575 2813 ad
605 2758 869 2814 unitatem
902 2760 958 2814 in
994 2775 1148 2830 pace,
1176 2769 1235 2817 et
1263 2760 1575 2816 dissolverit
1612 2760 1979 2825 inimicitiam,
2012 2759 2089 2815 si-

509 2852 731 2922 mulque
761 2867 888 2906 cum
913 2851 1170 2923 gentibus
1193 2851 1449 2932 lsraelem
1481 2853 1538 2908 in
1558 2852 1911 2908 dilectionem
1935 2867 2091 2908 suam

508 2943 868 2999 transtulerit.
894 2942 974 2998 Ita
1002 2959 1154 3015 ergo,
1182 2960 1362 3016 neque
1388 2945 1498 3000 ulla
1530 2945 1635 3000 alia
1673 2944 1906 3010 ratione,
1936 2942 2089 3001 arbi-

508 3045 644 3103 tror,
668 3036 914 3092 Zabulon
946 3037 1283 3092 maritimum
1316 3038 1499 3093 locum
1524 3036 1877 3093 habitaverit.

2200 581 2316 627 κος,
2361 562 2674 625 διαστάντος
2727 560 2861 634 πρὸς
2906 560 3167 632 δια-ροράν
3204 561 3438 626 οὐδενός·
3477 561 3569 617 διά
3605 580 3667 618 τι
3717 565 3781 619 τὸ

2199 653 2450 707 λελύσθαι
2486 653 2636 725 παρὰ
2665 649 2899 722 Χριστοῦ
2933 654 2995 706 τὸ
3028 652 3341 723 μεσότοιχον
3370 642 3467 708 τοῦ
3494 656 3778 727 φραγμοῦ,

2200 743 2407 798 καὶτὸν
2437 743 2599 813 νόμον
2632 743 2741 797 τῶν
2774 741 3002 797 ἐντολῶν
3025 741 3340 813 ἐνδεῑγμασι
3372 745 3778 817 κατηργῆσθαι,

2200 837 2437 900 καὶτοὺς
2472 837 2565 891 δύο
2595 835 2758 900 λαοὺς
2799 836 3053 889 ἐκθέσθαι
3099 836 3283 889 λοιπον
3325 837 3406 900 είς
3450 837 3545 892 ἕνα
3593 841 3780 893 καινδν

2197 929 2483 1000 ἄνθρωπον
2523 929 2582 981 ὲν
2617 926 2839 999 Χριστῷ
2880 927 2967 981 διὰ
3013 927 3347 998 Πνεύματος.
3403 946 3422 980 ι
3464 929 3660 983 Ἔσται
3697 931 3779 991 δὲ.

2199 1021 2353 1090 φησὶ,
2385 1020 2481 1073 καὶ
2526 1021 2653 1091 παρ’
2692 1021 2861 1090 ὅρμον
2912 1016 3197 1085 πλοίων,⁷»
3245 1023 3545 1086 τουτέστιν,
3587 1021 3665 1085 ὡς
3720 1023 3776 1075 έν

2197 1114 2377 1183 λιμένι
2412 1112 2575 1182 τυχὸν
2596 1113 2850 1182 ἀσφαλεῖ,
2878 1111 2972 1165 καὶ
3017 1111 3278 1182 ἀκύμονι,
3306 1112 3402 1165 καὶ
3438 1114 3514 1176 εἰς
3538 1114 3775 1182 Χριστὸν

2198 1205 2454 1259 ἀνάπτων
2480 1203 2581 1273 τῆς
2610 1204 2822 1267 ἐλπίδος
2846 1204 2914 1257 τὰ
2956 1204 3255 1274 πείσματα.
3300 1203 3397 1256 Ἐκ
3431 1202 3634 1274 πολλῆς
3666 1203 3773 1273 γὰρ

2197 1296 2388 1366 ὥσπερ
2436 1297 2807 1371 ἀποφοιτήσας
2847 1296 3035 1368 ζάλης,
3088 1295 3543 1366 ὲνορμισθήσεται
3591 1295 3774 1350 λοιπον

2198 1391 2264 1459 τῇ
2292 1390 2421 1459 παρ’
2456 1388 2605 1458 αύτῷ
2636 1387 3111 1459 χάριτι,καθάπερ
3127 1386 3319 1457 ἀμέλει
3354 1386 3446 1440 καὶ
3471 1386 3528 1440 έν
3558 1384 3772 1457 λιμέσιν

2201 1482 2444 1546 ὁλκάδες.
2485 1482 2558 1535 Τὸ
2589 1481 2645 1534 δὲ
2682 1481 2747 1553 δὴ
2784 1481 2879 1534 καὶ
2925 1498 2942 1531 ι
2992 1478 3184 1550 μέχρις
3231 1478 3400 1548 αὐτῆς
3439 1497 3458 1531 ι
3517 1476 3777 1552 παρατεί-

2201 1574 2386 1628 νεσθαι
2423 1593 2440 1625 ι
2489 1574 2589 1644 τῆς
2613 1573 2843 1636 Σιδῶνος
2877 1592 2894 1625 ι
2927 1574 3119 1637 εἰπεῖν,
3152 1568 3454 1643 ὑποδηλοῖΝ
3479 1571 3656 1625 ἔοικεν
3693 1571 3774 1626 ὅτι

2196 1665 2432 1735 τοσαύτη
2462 1664 2600 1736 πρὸς
2622 1664 2818 1718 ἕνωσιν
2851 1661 3229 1734 πνευματικὴν
3254 1662 3527 1734 συνδρομὴ
3556 1661 3666 1715 τῶν
3682 1661 3780 1716 δύο

2197 1759 2486 1830 γενήσεται
2533 1756 2700 1820 λαῶν,
2744 1757 2818 1821 ὡς
2861 1757 2987 1820 τοὺς
3028 1755 3085 1822 ἐξ
3126 1755 3357 1825 αἵματος
3410 1753 3630 1825 Ἰσραὴλ
3683 1755 3780 1807 καὶ

2199 1849 2369 1913 αύτὰς
2398 1848 2677 1921 ἐμπλῆσαι
2699 1849 2800 1913 τὰς
2835 1850 3037 1911 πόλεις,
3070 1847 3165 1913 τὰς
3192 1850 3250 1901 ὲν
3282 1849 3451 1920 πολλῇ
3483 1847 3634 1920 παρὰ
3661 1847 3783 1918 Θεῷ

2200 1942 2577 2011 γεγενημένας
2627 1941 2776 2012 αίτίᾳ
2821 1941 2913 1995 καὶ
2960 1941 3204 2012 διαϐολῇ,
3251 1939 3326 1997 ὼς
3377 1937 3783 2003 ἀποπλανὼσας

2200 2032 2329 2086 ποτε
2361 2032 2454 2085 καὶ
2486 2031 2891 2103 διαρπαζούσας
2924 2032 3125 2103 τρόπον
3151 2031 3272 2085 τινὰ
3298 2031 3424 2094 τοὺς
3452 2029 3784 2102 σεϐομένους

2199 2125 2382 2180 αὐτόν.
2424 2126 2567 2197 Ἔφη
2604 2124 2713 2196 γάρ
2759 2106 2873 2177 που.
2906 2123 2993 2177 διά
3033 2123 3215 2194 φωνῆς
3247 2122 3578 2194 προφητῶν
3614 2140 3635 2174 ι
3671 2124 3785 2176 Καὶ

2198 2216 2251 2268 τί
2278 2216 2434 2285 ὑμεῖς
2473 2217 2617 2286 ἐμοὶ,
2652 2200 2827 2286 ’Ῡύρος
2871 2217 2965 2269 καὶ
2995 2213 3183 2280 Σιδὼν,
3214 2215 3308 2269 καὶ
3333 2216 3483 2268 πᾶσα
3518 2213 3785 2268 Γαλιλαία

2202 2305 2543 2375 ἀλλοφύλωνς
2577 2308 2669 2379 Μὴ
2695 2306 3047 2381 ἀνταπόδομα
3089 2307 3183 2360 καὶ⁸
3214 2307 3368 2378 ὑμεῖς
3396 2305 3784 2361 ἀνταποδίδοτξ

2204 2414 2315 2469 μοι,
2349 2397 2382 2469 ἢ
2419 2399 2807 2468 μνησικακεῖτε
2836 2398 2931 2451 καὶ
2964 2398 3121 2468 ὑμεῖς
3149 2397 3236 2450 ἐπ’
3266 2396 3420 2466 spot;
3465 2396 3668 2462 Ὀξέως
3692 2397 3788 2452 καὶ

2198 2487 2409 2559 ταχέως
2441 2486 2809 2541 ἀνταποδώσω
2833 2486 2892 2540 τὸ
2921 2485 3269 2557 ἀνταπόδομα
3302 2485 3458 2556 ὑμῶν
3497 2485 3579 2550 εἰς
3607 2502 3789 2556 κιφα-

2199 2577 2298 2643 λάς
2336 2577 2515 2649 ὑμῶν,
2555 2578 2671 2633 ἀνθ’
2705 2570 2779 2634 ὧν
2812 2578 2872 2632 τὸ
2910 2577 3175 2650 ἀργύριόν
3206 2596 3309 2649 μου
3341 2577 3524 2633 καὶτὸ
3553 2579 3788 2650 χρυσίον

2202 2687 2304 2741 μου
2332 2669 2573 2735 ἐλάϐετε,
2619 2670 2715 2724 καὶ
2745 2670 2814 2723 τὰ
2841 2670 3103 2723 ἐπίλεκτά
3136 2687 3239 2742 μου
3273 2669 3368 2724 καὶ
3394 2668 3465 2724 τὰ
3493 2670 3637 2725 καλὰ
3667 2672 3788 2725 εισ-

2197 2761 2468 2833 ηνέγκατε
2519 2762 2596 2826 εἰς
2644 2761 2772 2824 τοὺς
2853 2763 3016 2825 ναοὺς
3073 2761 3249 2832 ὑμῶν.
3293 2761 3405 2815 Καὶ
3457 2762 3586 2826 τοὺς
3626 2762 3793 2827 υἱοὺς

2212 2852 2382 2906 Ἰούδα
2428 2852 2522 2906 καὶ
2562 2853 2690 2916 τοὺς
2738 2854 2889 2917 υἱοὺς
2932 2854 3152 2926 Ἰσραὴλ
3183 2854 3451 2909 ἀπέδοσθε
3479 2857 3595 2919 τοῖς
3642 2857 3791 2920 υἱοῖς

2196 2943 2306 2997 τῶν
2347 2943 2638 3016 Ἑλλήνων,
2681 2944 2829 3007 ὅπως
2870 2941 3109 3016 ὲξώσητε
3149 2945 3345 3010 αὐτοὺς
3373 2946 3440 3000 ὲκ
3473 2943 3583 2999 τῶν
3610 2945 3792 3021 ὁρίων

2199 3034 2403 3089 αὐτῶν.
2441 3054 2460 3087 ι
2498 3035 2688 3108 ’Δθρει
2731 3035 2794 3106 δὴ
2827 3030 2920 3090 οὖν
2955 3037 3102 3100 ὅπως
3141 3038 3196 3090 αἱ
3245 3036 3413 3093 πάλαι
3461 3030 3638 3093 δειναὶ
3692 3036 3794 3091 καὶ

508 3129 917 3201 πολεμιώταται
953 3130 1160 3195 πόλεις,
1193 3130 1289 3184 καὶ
1335 3129 1560 3201 ὀλέθρου
1632 3127 1881 3200 πρόξενοι
1926 3128 2038 3191 τοῖς
2104 3127 2163 3192 ἐξ
2213 3127 2462 3199 Ἰσραήλ,
2517 3129 2717 3192 παντὸς
2765 3127 3086 3200 ἐλευθέρους
3131 3128 3387 3199 δείματος
3445 3127 3796 3196 εἰσδέξονται

505 3220 633 3282 τοὺς
667 3221 1116 3285 πεπιστευκότας,
1152 3220 1461 3284 συνδέοντος
1494 3222 1552 3274 ὲν
1574 3222 1764 3293 εἰρήνῃ
1791 3218 1926 3290 πρὸς
1952 3216 2258 3289 δμοψυχίαν
2289 3220 2417 3283 τοὺς
2479 3218 2572 3273 δύο
2628 3218 2792 3284 λαοὺς
2831 3219 2926 3274 τοῦ
2992 3221 3246 3293 Σωτῆρος
3312 3218 3470 3293 ἡμῶν
3507 3220 3794 3293 Χριστοῦ,

509 3312 604 3364 καὶ
650 3304 1019 3376 καταλύοντος
1052 3312 1150 3384 μὲν
1182 3312 1280 3385 τὴν
1317 3313 1538 3386 ἔχθραν,
1587 3302 2094 3381 συγκατοικίζοντος
2131 3311 2188 3365 δὲ
2220 3316 2332 3377 τοῖς
2365 3311 2575 3367 ἔθνεσιν
2605 3315 2663 3367 έν
2726 3313 2917 3388 ἀγάπῃ
2954 3313 3047 3368 τὸν
3086 3313 3324 3387 Ἰσραήλ.
3363 3311 3533 3386 οἶμαι
3573 3315 3648 3388 δὴ
3696 3313 3798 3370 οὖν

507 3397 609 3456 ὧδέ
649 3420 703 3456 τε
739 3404 832 3456 καὶ
860 3404 919 3457 ού
950 3404 1071 3457 καθ’
1098 3405 1285 3476 ἕτερον
1325 3405 1525 3477 τρόπον
1549 3405 1641 3459 τὸν
1672 3403 1958 3460 Ζαϐουλὼν
2000 3405 2348 3477 κατοικήσειν
2379 3405 2665 3478 παράλιον.

710 3566 713 3575 ,
1131 3515 1208 3569 De
1237 3515 1478 3570 Isachar.

437 3679 448 3690 l
508 3675 515 3683 .
580 3606 740 3676 227
771 3626 789 3658 ι
819 3606 1041 3663 Isachar
1065 3606 1270 3662 bonum
1290 3609 1627 3679 concupivit,
1654 3611 2005 3680 requiescens
2034 3613 2094 3669 in

512 3696 692 3753 medio
704 3696 1106 3754 hazreditatum.
1122 3698 1192 3754 Et
1202 3697 1398 3755 videns
1408 3700 1676 3770 requiem,
1690 3702 1838 3771 quod
1855 3702 1997 3758 bona
2008 3719 2095 3765 es.

510 3795 614 3854 set,
632 3794 689 3842 et
708 3795 909 3845 terram
930 3788 1077 3859 quod
1091 3789 1331 3861 pinguis,
1350 3790 1605 3855 submisit
1621 3792 1911 3849 humerum
1933 3811 2093 3852 suum

507 3876 576 3933 ad
603 3878 988 3946 laborandum,
1025 3879 1282 3943 etractus
1314 3888 1400 3937 est
1426 3878 1513 3934 vir
1535 3882 1773 3953 agricola
1810 3884 1875 3938 δ’.
1920 3902 1938 3936 ι
1978 3884 2092 3940 isa-

507 3967 641 4023 char
668 3984 860 4025 rursus
884 3969 1177 4040 exponitur
1207 3984 1423 4024 merces.
1459 3970 1647 4026 Potest
1676 3979 1883 4037 autem,
1916 3987 2092 4042 quan-

510 4067 625 4113 tum
646 4059 715 4113 ad
736 4061 980 4115 nominis
1002 4059 1478 4130 signiﬁcationem,
1510 4070 1671 4133 typus
1689 4071 1745 4117 et
1771 4062 1948 4134 imago
1973 4078 2093 4119 esse

508 4149 657 4204 haud
692 4151 929 4206 obscura
959 4150 1205 4215 illorum,
1233 4166 1356 4221 quae
1387 4152 1508 4205 loco
1541 4154 1814 4209 mercedis
1836 4170 1867 4209 a
1892 4156 2004 4210 Deo
2031 4170 2095 4210 ac

508 4241 668 4295 Patre
695 4239 900 4295 tributa
926 4250 1055 4295 sunt
1074 4239 1315 4295 Christo.
1339 4242 1432 4294 Ait
1452 4242 1600 4296 enim
1621 4244 1791 4298 David
1820 4262 1833 4298 :
1860 4264 1878 4296 ι
1907 4246 2037 4300 Pete
2061 4262 2092 4301 a

509 4344 619 4397 me,
635 4338 693 4384 et
707 4328 966 4397 dabotibi
989 4340 1180 4403 gentes
1197 4332 1576 4389 haereditatem
1598 4343 1769 4400 tuam,
1790 4343 1846 4391 et
1874 4352 2091 4407 posses-

508 4422 721 4481 sionem
740 4432 889 4479 tuam
907 4422 1173 4480 terminos
1186 4426 1424 4481 terrai".
1438 4425 1764 4483 nEtrursum
1786 4428 1932 4485 idem
1950 4430 2094 4500 psal-

506 4514 675 4572 lendo
708 4515 865 4585 quasi
901 4525 1294 4593 commemorat
1317 4534 1415 4576 eos
1453 4518 1553 4592 qui
1574 4519 1686 4575 dati
1716 4529 1845 4577 sunt
1868 4522 2090 4578 Emma-

508 4606 659 4661 nueli
686 4624 700 4660 :
734 4629 751 4658 ι
782 4608 923 4662 Ecce
956 4607 1251 4667 hzereditas
1284 4610 1527 4675 Domini,
1560 4611 1681 4676 lilii,
1720 4628 1934 4670 merces
1970 4613 2090 4668 fru-

508 4703 633 4752 ctus
651 4697 866 4751 ventris
886 4697 952 4751 ⁸¹.
984 4716 1001 4748 ι
1031 4697 1136 4765 Qui
1158 4700 1308 4754 enim
1334 4700 1709 4763 crediderunt,
1741 4708 1855 4755 tum
1880 4717 1951 4757 ex
1969 4717 2094 4758 san-

2348 3588 2355 3593 ,
2684 3524 2826 3592 Περὶ
2863 3524 2969 3579 τοῦ
3017 3525 3290 3595 Ἰσάκῳ.

2271 3630 2289 3664 ι
2344 3612 2562 3683 Ἰσάχαρ
2611 3614 2673 3667 τὸ
2719 3614 2882 3668 καλὸν
2941 3616 3311 3686 ἐπεθύμησεν,
3361 3618 3805 3691 ἀναπαυόμενος

2193 3702 2298 3759 ἀνά
2326 3703 2491 3779 μέσον
2528 3704 2636 3759 τῶν
2671 3705 2907 3778 κλήρων.
2942 3707 3052 3761 Καὶ
3086 3706 3210 3762 ἰδὼν
3240 3709 3338 3779 τὴν
3360 3709 3689 3768 ἀνάπαυσιν
3715 3713 3806 3768 ὅτι

2192 3793 2356 3863 καλὴ,
2385 3797 2478 3850 καὶ
2513 3796 2612 3869 τήν
2640 3798 2742 3868 γῆν
2775 3800 2857 3853 ὅτι
2893 3799 3055 3864 πίων,
3085 3799 3328 3871 ὑπέθηκε
3358 3801 3451 3855 τὸν
3483 3795 3653 3873 ὦμον
3694 3805 3805 3859 αὖ·

2192 3884 2286 3941 τοῦ
2319 3889 2399 3952 εἰς
2426 3886 2488 3941 τὸ
2521 3891 2722 3955 πονεῖν,
2757 3890 2851 3944 καὶ
2876 3890 3108 3963 ἐγενήθη
3144 3890 3280 3964 ἀνὴρ
3308 3893 3580 3963 γεωργός.
3630 3915 3654 3949 ι
3683 3899 3807 3953 Μι-

2193 3981 2342 4049 σθὸς
2373 3981 2437 4054 δὴ
2472 3982 2634 4038 πάλιν
2664 3983 2692 4036 ὁ
2737 3984 2961 4054 Ἰσάκαρ
2980 3984 3365 4055 ἑρμηνεύεται.
3412 3986 3513 4058 Εῖη
3546 3988 3596 4042 δ’
3624 3989 3704 4045 ἄν
3723 3990 3809 4053 ὡς

2193 4069 2301 4123 ἀπό
2343 4086 2408 4138 γε
2443 4071 2536 4143 τοῦ
2580 4072 2981 4144 σημαινομένου
3029 4072 3198 4138 τύπος
3237 4068 3328 4129 οἶά
3362 4092 3447 4139 τις
3481 4077 3585 4131 καὶ
3621 4079 3810 4134 εῖκὼν

2193 4162 2291 4215 ούκ
2332 4163 2659 4233 ἀσυμῳανὴς
2700 4162 2808 4231 τῶν
2844 4164 2920 4228 ὡς
2969 4166 3027 4218 ἐν
3060 4164 3212 4230 τάξει
3248 4165 3442 4237 μισθοῦ
3481 4170 3655 4243 παρὰ
3704 4173 3811 4226 τοῦ

2194 4251 2330 4306 Θεοῦ
2368 4254 2463 4313 καὶ
2500 4253 2712 4324 Ιιατρδς
2754 4255 3211 4326 ἀπονιμηθέντων
3247 4258 3502 4329 Χριστῷ·
3545 4279 3567 4313 σ
3618 4263 3811 4332 Αἴτη-

2197 4358 2288 4396 σαι
2319 4362 2336 4396 ι
2366 4343 2494 4415 γὰρ,
2524 4345 2688 4415 φησὶν
2715 4345 2744 4399 ὁ
2767 4345 2951 4408 Δασὶδ.
2982 4364 3000 4398 ι
3040 4350 3172 4419 παρ’
3196 4349 3353 4420 ἐμοῦ,
3375 4350 3470 4404 καὶ
3497 4350 3684 4410 δώσω
3720 4372 3814 4409 σοι

2193 4432 2320 4503 ἔθνη
2349 4435 2448 4505 τὴν
2494 4435 2859 4508 κληρονομίαν
2898 4455 2990 4491 σου
3012 4477 3026 4500 ,
3062 4439 3158 4494 καὶ
3185 4440 3285 4511 τὴν
3311 4442 3668 4513 κατάσχεσιν
3708 4463 3816 4501 σου

2192 4522 2259 4577 τὰ
2295 4523 2505 4596 πέρατα
2530 4530 2622 4597 τῆς
2657 4527 2782 4598 γῆς.
2825 4548 2843 4579 ι
2879 4530 3085 4584 Ψάλλει
3116 4531 3175 4585 δέ
3203 4548 3305 4586 που
3337 4532 3434 4587 καὶ
3462 4533 3649 4590 πάλιν
3671 4536 3818 4602 τοὺς

2191 4612 2463 4680 δοθέντας,
2525 4612 2680 4689 oliui
2732 4636 2860 4678 που.
2913 4621 2991 4692 τῷ
3059 4622 3429 4695 Ἐμμανουήλ,
3486 4630 3823 4701 μονονουχὶ

2192 4706 2544 4772 καταδεικνύς
2570 4724 2584 4740 ο
2640 4728 2659 4762 ι
2709 4710 2840 4766 Ἰδοὺ
2882 4713 2914 4781 ἡ
2944 4712 3280 4786 κληρονομία
3306 4717 3536 4787 Κυρίου,
3584 4720 3712 4775 υἱοί
3736 4737 3751 4750 ·
3788 4724 3825 4777 ὁ

507 4785 674 4860 guine
714 4786 902 4854 'srael,
949 4796 1065 4843 tum
1104 4804 1174 4845 ex
1215 4790 1568 4846 multitudine
1610 4791 1804 4856 altera,
1845 4794 2089 4863 gentium

2198 4794 2384 4867 μισθὸς
2432 4797 2525 4851 τοῦ
2577 4798 2790 4871 καρποῦ
2832 4801 2933 4872 τῆς
2964 4785 3220 4876 γαστρός.
3279 4824 3299 4859 ι
3340 4785 3611 4865 Δέδονται
3682 4812 3821 4885 τὰρ,

507 4879 792 4946 nimirum,
816 4888 945 4936 sunt
968 4880 1126 4951 quasi
1151 4895 1368 4937 merces
1388 4881 1500 4936 dati
1528 4882 1891 4938 Emmanueli.
1916 4885 2089 4940 Porro

2198 4865 2327 4958 ιρησὶ
2345 4928 2360 4952 ,
2390 4887 2471 4961 τῷ
2503 4865 2849 4965 Ἐμμανουήλ
2876 4865 3069 4966 μισθὸς
3089 4865 3288 4962 οἷάήτις
3310 4899 3362 4952 οι
3411 4865 3825 4961 πεπιστιῶ

505 4972 694 5029 Jesum
741 4973 1037 5045 appellavit
1083 4973 1407 5040 Dominum,
1456 4981 1512 5029 et
1554 4973 1808 5030 eumdem
1851 4975 2090 5033 fructum

507 5063 718 5118 ventris
748 5064 953 5119 factum
988 5064 1085 5130 ait,
1115 5071 1339 5135 propter
1366 5072 1611 5119 nostram
1649 5064 2088 5125 similitudinem.

506 5152 681 5209 Natus
710 5155 859 5209 enim
885 5164 970 5210 est
1001 5171 1071 5210 ex
1098 5155 1349 5222 muliere,
1374 5164 1432 5212 et
1452 5155 1665 5211 fructus
1687 5155 1897 5211 ventris
1919 5155 2092 5227 virgi-

508 5245 649 5299 nalis
687 5245 1015 5303 declaratus.
1057 5246 1327 5315 Quocirca
1364 5248 1655 5304 credentes
1680 5247 1956 5305 lucrit‘ecit
1985 5247 2090 5303 sibi

505 5334 759 5391 Christus
793 5355 805 5389 :
835 5337 905 5392 ob
936 5353 1075 5409 quos
1114 5338 1318 5395 alicubi
1363 5347 1419 5395 et
1457 5339 1733 5395 cmlcstem
1766 5339 1987 5395 Patrem
2025 5353 2091 5394 ac

509 5426 680 5480 Deum
718 5428 919 5483 aﬂ‘atur
948 5447 961 5483 :
995 5450 1013 5482 ι
1046 5429 1193 5497 Quos
1234 5431 1435 5487 dedisti
1463 5431 1599 5486 mihi
1626 5447 1694 5486 ex
1735 5430 1962 5494 mundo,
2008 5430 2087 5484 tui

508 5524 687 5579 erant,
731 5526 789 5571 et
824 5518 956 5573 mihi
991 5534 1086 5574 eos
1123 5521 1322 5577 dedisti
1352 5523 1419 5576 δ’.
1467 5542 1484 5574 ι
1514 5521 1595 5576 illi
1639 5521 1806 5592 igitur
1833 5519 2087 5574 eximiam

511 5611 718 5657 sortem
740 5609 1107 5677 cxpetieruut,
1124 5610 1229 5665 hoc
1247 5622 1352 5677 est,
1372 5613 1735 5682 quodcunque
1754 5611 1858 5664 dici
1885 5620 2084 5680 potest,

2193 4995 2284 5042 τες
2320 4980 2427 5033 ἀπό
2464 4997 2523 5033 τε
2550 4981 2658 5035 τῶν
2699 4984 2759 5051 ἐξ
2789 4985 3023 5057 αἵματος
3062 4987 3300 5061 Ἰσραὴλ.
3327 4990 3422 5045 καὶ
3448 4992 3560 5062 τῆς
3591 4993 3821 5067 ἑτέρας

2194 5069 2453 5141 πληθύος,
2481 5076 2623 5144 φημὶ
2646 5074 2711 5147 δὴ
2740 5076 2838 5146 τῆς
2867 5075 2929 5141 ἐξ
2955 5079 3144 5134 ἐθνῶν.
3174 5081 3378 5153 Κύριον
3406 5082 3464 5137 δὲ
3493 5082 3823 5157 ὀνομάσας

2190 5158 2283 5213 τὸν
2326 5161 2564 5232 Ἰησοῦν,
2599 5165 2694 5217 καὶ
2718 5166 2931 5236 καρπον
2970 5168 3134 5223 αὐτὸν
3176 5170 3347 5241 ἔφησε
3391 5173 3680 5240 γενέσθαι
3711 5196 3822 5249 γα-

2192 5251 2371 5322 στρὸς,
2391 5253 2478 5309 διὰ
2495 5270 2578 5309 τοι
2594 5254 2691 5327 τήν
2715 5257 2838 5311 καθ’
2854 5260 3002 5330 ἡμᾶς
3023 5259 3299 5330 ὁμοίωσιν.
3319 5262 3682 5335 Γεγέννηται
3700 5270 3821 5339 γὰρ

2191 5344 2256 5397 ὲκ
2278 5347 2557 5412 γυναικὸς,
2589 5348 2682 5401 καὶ
2706 5350 2917 5421 καρπὸς
2942 5351 3134 5422 νηδύος
3165 5352 3381 5423 ἐδείχθη
3405 5353 3820 5429 παρθενικῆς.

2191 5435 2400 5489 Οὐκοῦν
2425 5439 2551 5502 τοὺς
2585 5440 2941 5506 πιστεύοντας
2974 5442 3420 5514 ἀποκεκέρδηκεν
3446 5445 3477 5496 ό
3514 5445 3823 5516 Χριστὸς,

2190 5526 2286 5579 καὶ
2319 5528 2449 5599 περὶ
2487 5531 2667 5583 αὐτῶν
2704 5532 2843 5604 τάχα
2870 5550 2975 5587 που
3003 5533 3138 5605 πρὸς
3162 5534 3254 5587 τὸν
3276 5537 3335 5587 ἐν
3374 5534 3663 5603 οὐρανοῖς
3700 5539 3830 5593 Πι-

2190 5616 2321 5688 τέρα
2355 5611 2457 5672 κ.
2486 5621 2618 5675 Θεόν
2657 5641 2827 5696 φησι·
2871 5645 2890 5677 ι
2919 5625 3025 5690 Οὓς
3052 5625 3291 5689 δεδωκάς
3329 5642 3417 5697 μοι
3446 5624 3525 5680 ὲκ
3568 5630 3682 5685 τοῦ
3718 5631 3822 5687 κύ.

585 5711 701 5744 ⁸⁷⁸³⁸
732 5716 847 5773 Joel
877 5735 955 5787 ιιι,
993 5724 1104 5777 4-6.
1182 5725 1226 5755 δ’
1252 5725 1385 5780 Gen.
1421 5741 1562 5792 χιιι,
1598 5726 1790 5793 14,15.
1867 5727 1912 5758 ⁵⁰
1935 5726 2078 5784 Psal-

2198 5731 2244 5788 B.
2322 5736 2361 5768 "
2397 5737 2537 5794 Psal.
2573 5756 2747 5808 cxxvr,
2778 5742 2829 5795 3.
2909 5743 2953 5774 "
2999 5742 3153 5799 Joan.
3176 5758 3306 5809 xvn,
3337 5742 3388 5797 6.
