4074 6260
283 369 380 427 331

1286 365 1804 422 αιΑΡιιγιιοῐιιςκ
1845 369 1909 422 IN
1950 367 2249 423 GENESIM
2288 369 2416 423 LIB.
2463 371 2569 424 VII.

3435 361 3539 427 361

285 503 453 558 σμου,
494 485 580 537 σοὶ
609 479 774 554 ἦσαν,
811 482 905 534 καὶ
948 479 1072 550 ἐμοὶ
1111 480 1308 543 αὐτοὺς
1343 480 1604 544 δέδωκας.
1653 500 1670 532 ι
1707 479 1864 533 Οὗτοι

1966 491 2018 534 et
2039 492 2123 536 est
2141 498 2327 536 revera
2355 482 2638 545 eximium,
2657 483 2924 552 longeque
2951 480 3060 536 Deo
3077 482 3538 552 acceptissimum.

283 581 351 650 δὴ
383 573 482 632 οῦν
515 576 578 628 τὸ
612 574 776 628 καλὸν
807 573 1177 643 ἐπεθύμησαν,
1215 572 1463 626 τουτέστι
1497 575 1605 626 πᾶν
1638 575 1775 643 ὅπερ
1802 573 1867 626 ἂν

283 669 506 738 λέγοιτό
531 684 593 720 τε
639 666 732 720 καὶ
757 665 904 718 ἐστιν
938 663 1155 736 ἀληθῶς
1186 663 1489 734 ἐξαίρετον,
1529 664 1622 717 καὶ
1650 665 1757 717 τῶν
1786 665 1869 716 δτι

293 762 535 829 μάλιστα
574 758 838 828 φιλτάτων
869 756 1007 826 Θεῷ.
1062 756 1234 810 Τοῦτο
1264 756 1541 810 ποιοῦνται
1573 757 1702 827 περὶ
1742 757 1868 808 πολ-

294 851 396 905 λοῦ
424 894 440 916 ,
475 852 567 904 καὶ
613 847 914 918 κατορθοῦν
955 846 1372 912 σπουδάζουσιν,
1412 847 1488 910 ὡς
1537 848 1602 900 ὲκ
1625 848 1866 909 διανοίας

300 942 506 1011 ἀγαθῆς
545 937 952 1008 ἀναφωνοῦντες
987 937 1193 1008 λέγειν’
1237 957 1255 989 ι
1288 939 1366 991 Τὰ
1391 941 1635 1010 κρίματα
1661 939 1868 1009 Κυρίου

303 1032 534 1106 ἀληθινὰ,
560 1030 962 1101 δεδικαιωμένα
988 1032 1081 1084 ἐπὶ
1126 1030 1187 1083 τὸ
1211 1031 1366 1084 αὐτό·
1394 1032 1704 1102 ἐπιθυμητὰ
1731 1031 1868 1102 ὑπὲρ

297 1125 502 1195 χρυσίον
518 1123 610 1176 καλ⁵
626 1123 774 1175 λίθον
791 1122 974 1190 τίμιον
1001 1121 1218 1176 πολύν.»
1240 1122 1419 1176 Καλὸν
1434 1122 1490 1175 δὲ.
1511 1122 1648 1192 πρὸς
1670 1122 1864 1192 τούτῳ,

290 1218 346 1268 τὸ
367 1215 647 1284 ἐπιθυμεῖν
681 1213 778 1267 ὑπ’
816 1212 966 1284 αὐτῷ
995 1213 1249 1280 γενέσθαι
1287 1213 1530 1284 Χριστῷ.
1575 1216 1642 1266 "0
1676 1214 1740 1284 δὴ
1774 1216 1868 1267 καὶ

285 1307 523 1378 ήνύμφη
551 1307 720 1376 φησιν
743 1307 807 1357 ὲν
838 1305 919 1374 τῷ
951 1307 1190 1376 ’ᾼσματι
1215 1304 1325 1358 τῶν
1363 1305 1628 1377 ᾀσμάτων
1648 1325 1661 1337 ·
1704 1324 1722 1356 ι
1779 1307 1867 1359 Ἐν

281 1402 343 1471 τῇ
375 1401 502 1471 σκιᾷ
527 1397 698 1452 αὐτοῦ
723 1397 1072 1468 ἐπεθύμησα,
1099 1399 1194 1450 καὶ
1219 1399 1467 1452 ἐκάθισα.
1497 1419 1516 1452 ι
1555 1400 1613 1452 ’0
1640 1398 1866 1469 γνώμης

280 1492 456 1545 τοίνυν
497 1493 579 1554 εἰς
609 1490 778 1543 τοῦτο
829 1491 1087 1560 προήκων
1121 1489 1246 1553 λαὸς
1274 1530 1290 1555 ,
1325 1491 1730 1560 κατασκέψεται
1764 1491 1865 1561 μὲν

280 1583 529 1654 ἀκριϐῶς
570 1584 699 1644 τοὺς
745 1581 879 1650 περὶ
917 1579 1050 1634 Θεοῦ
1082 1580 1316 1652 κλήρους
1338 1623 1354 1647 ,
1385 1583 1632 1636 τουτέστι
1654 1626 1667 1647 ,
1699 1582 1766 1635 τὰ
1807 1585 1865 1634 ὲν

282 1674 499 1728 ἐλπίσιν
523 1673 706 1741 ἀγαθά
722 1675 836 1734 τοῖς
858 1671 1169 1725 εὐσεϐοῦσιν
1201 1673 1604 1743 ἐπηγγελμένα.
1631 1673 1766 1742 Περὶ
1788 1666 1864 1726 ὧν

285 1764 382 1817 καὶ⁸
410 1764 440 1815 6
468 1763 612 1825 θεῖος
641 1762 746 1832 ἔφη
772 1761 952 1815 Δαϐίδ·
983 1781 1000 1814 ι
1037 1763 1122 1815 Ἐν
1152 1765 1272 1826 ταῖς
1299 1764 1453 1834 χερσί
1482 1781 1574 1816 σου
1603 1766 1652 1816 οἱ
1671 1763 1864 1833 κλῆροί

295 1872 422 1928 μου.
445 1872 464 1905 ι
481 1852 698 1908 Καταλύ
707 1869 787 1906 σει
803 1854 858 1906 δὲ
879 1852 1068 1923 ὥσπερ
1085 1855 1140 1906 ἐν
1154 1853 1362 1916 αὐτοῖς,
1380 1853 1472 1904 καὶ
1487 1853 1863 1906 ὲπαναπαύσε-
1899 1831 1939 1888 Β

295 1963 386 2000 ται
420 1946 601 2017 πάντη
635 1963 696 1998 τε
727 1946 822 2000 καλ⁸
867 1945 1108 2007 πάντως,
1145 1945 1227 1997 ὅτι
1261 1943 1510 2010 τεύξεται
1539 1945 1864 2014 προσδοκῶν.

306 2036 638 2100 Ἐπαινέσας
665 2037 730 2108 δὴ
754 2033 850 2090 οῦν
884 2037 986 2106 τὴν
1016 2034 1208 2088 ἑαυτοῦ
1240 2034 1436 2106 βουλήν
1461 2052 1518 2088 τε
1553 2036 1644 2088 καὶ
1674 2036 1865 2107 κρίσιν,

287 2129 384 2185 καὶ
412 2130 476 2182 οὐ
511 2129 736 2200 μετρίου
764 2127 1047 2198 θαύματος
1073 2128 1175 2200 τὴν
1213 2126 1271 2180 ἐν
1305 2144 1368 2195 γε
1396 2127 1607 2191 τούτοις
1636 2126 1866 2193 ἀξιώσας

284 2221 622 2287 ἀνάπαυσιν,
661 2219 937 2283 τουτέστι,
971 2219 1070 2290 τὴν
1101 2220 1182 2282 είς
1216 2217 1386 2272 αίῶνα
1423 2219 1607 2290 τιμήν,
1653 2219 1750 2290 τὴν
1789 2219 1864 2283 ὡς

282 2317 342 2367 ὲν
377 2312 644 2383 ἁγιασμῷ
689 2311 882 2381 τελείῳ
931 2311 1106 2381 ἔχοντι
1149 2311 1316 2382 ζωὴν,
1363 2311 1462 2382 τὴν
1505 2311 1864 2384 ἀτελεύτητον

280 2403 471 2470 δόξαν,
508 2402 608 2474 τὴν
645 2401 1023 2469 ἀναπόϐλητον
1059 2399 1352 2469 βασιλείαν,
1385 2400 1479 2452 καὶ
1508 2400 1609 2453 ὅσα
1643 2401 1736 2454 καὶ
1770 2401 1864 2456 νοῦ

283 2497 372 2550 καὶ
394 2492 649 2564 γλώττης
675 2492 961 2557 ἐπέκεινα,
991 2489 1268 2561 τληπαθὴς
1304 2490 1454 2543 ἔσται
1477 2490 1686 2545 λοιπόν.
1729 2491 1866 2546 Ἕω·

288 2586 464 2659 ρακὼς
484 2585 596 2656 γὰρ
630 2585 711 2638 ᾶτι
746 2583 888 2637 πίων
919 2585 952 2654 ή
987 2582 1088 2652 γῆ,
1128 2599 1146 2633 ι
1187 2581 1279 2634 τὸν
1313 2575 1464 2652 ὦμον
1493 2582 1792 2650 ὑποθήσει,
1840 2603 1860 2634 ι

288 2679 436 2749 φησι,
465 2678 560 2731 καὶ
584 2676 866 2746 ἀγαπήσει
896 2674 990 2727 τὸν
1035 2673 1212 2726 πόνον.
1249 2673 1478 2743 Δέχεται
1514 2673 1571 2727 δὲ
1599 2674 1660 2727 τὸ
1689 2675 1864 2745 παρέ-

290 2767 477 2838 δειγμα
507 2766 661 2838 παρά
697 2764 807 2818 τῶν
841 2764 917 2826 ὡς
946 2762 1147 2832 ἀριστα
1190 2763 1448 2832 γηπονεῖν
1483 2760 1772 2827 εἰωθότων,
1811 2764 1861 2814 οἳ

295 2857 695 2930 ψιλεργέστατοί
726 2855 789 2909 τέ
819 2857 927 2908 εἰσι
961 2855 1054 2908 καὶ
1099 2853 1388 2923 σκαπάνης
1423 2851 1601 2920 φίλοι,
1630 2853 1720 2906 καὶ
1754 2854 1862 2923 μὴν

304 2946 388 2997 καὶ
433 2945 679 3016 ἀρότροις
726 2942 971 3013 ὲνιδροῦν
1011 2942 1422 3006 σπουδάζουσιν,
1457 2944 1506 2994 εί
1543 2941 1607 3012 δὴ
1642 2942 1860 3011 πιείρας

309 3034 540 3088 λάὗοιντο
567 3039 686 3107 γής,
708 3034 1036 3099 ἐννοοῦντες,
1063 3028 1216 3104 οἶμαι
1241 3050 1365 3095 που,
1392 3034 1604 3104 καρπὸν
1635 3033 1724 3086 τὸν
1754 3035 1862 3102 ἀμ-

1972 571 2028 626 Id
2059 574 2207 627 enim
2232 574 2624 644 magnifaciunt
2651 583 2814 643 atque
2838 572 3113 644 praecipue
3135 585 3392 644 prastare
3413 593 3543 631 eon-

1973 665 2225 730 tendunt,
2249 674 2310 721 ut
2339 666 2551 721 scilicet
2582 681 2649 720 ex
2683 666 2828 720 bono
2851 665 3016 720 corde
3044 667 3429 733 exclamantes,
3455 669 3540 723 di-

1970 767 2097 811 cant
2123 776 2134 810 :
2169 778 2186 808 ι
2212 758 2426 814 Judicia
2446 759 2661 814 Domini
2687 774 2838 822 vera,
2859 757 3156 830 justiﬁcata
3179 759 3236 814 in
3262 759 3498 831 idipsum
3526 801 3538 813 .

1969 848 2352 904 desiderabilia
2371 866 2536 920 super
2553 866 2745 905 aurum
2761 860 2818 904 et
2832 849 3068 921 lapidem
3085 850 3388 921 pretiosum
3407 853 3543 906 mul-

1968 947 2086 994 tum
2111 940 2174 994 ".
2206 961 2222 992 ι
2251 942 2576 997 Praeclarum
2601 942 2730 996 item
2761 957 2824 996 ac
2847 941 3050 997 bonum
3074 951 3159 998 est
3180 952 3437 1013 expetere
3484 950 3542 998 ut

1969 1032 2092 1101 quis
2116 1033 2186 1086 sit
2221 1032 2324 1086 sub
2358 1033 2597 1097 Christo,
2625 1034 2766 1088 sicut
2802 1043 2858 1088 et
2883 1050 3080 1104 sponsa
3117 1036 3196 1089 ait
3223 1035 3276 1089 in
3299 1035 3543 1091 Canticis

1968 1122 2304 1176 canticorum
2338 1141 2350 1177 :
2386 1144 2402 1175 ι
2450 1125 2564 1178 Sub
2601 1125 2795 1178 umbra
2825 1126 2995 1199 ipsius
3037 1125 3362 1191 desideravi,
3404 1127 3540 1181 etin

1967 1229 2032 1268 ea
2060 1214 2177 1268 sedi
2201 1215 2267 1267 ⁸³.
2301 1235 2318 1266 ι
2349 1216 2588 1284 Populus
2625 1215 2790 1286 igitur
2831 1218 2904 1271 ita
2944 1217 3171 1272 affectus
3228 1218 3539 1273 considerat

1966 1306 2212 1362 studiose
2270 1307 2616 1364 hereditates
2670 1325 2792 1379 quae
2833 1325 2862 1363 a
2906 1309 3135 1364 Domino
3180 1311 3538 1380 proveniunt,

1967 1396 2073 1452 hoc
2097 1407 2201 1464 est,
2237 1399 2380 1453 bona
2419 1401 2623 1454 sanctis
2651 1401 2942 1469 promissa,
2985 1416 3106 1470 quae
3144 1401 3323 1455 adhuc
3363 1403 3417 1456 in
3445 1417 3540 1470 spe

1966 1489 2071 1542 sita
2095 1498 2223 1542 sunt
2249 1507 2262 1543 :
2289 1489 2356 1543 de
2379 1489 2580 1559 quibus
2602 1500 2658 1544 et
2680 1491 2901 1545 divinus
2920 1490 3088 1545 David
3116 1491 3364 1547 meminit
3392 1509 3403 1544 :
3438 1513 3454 1542 ι
3481 1493 3540 1546 1η

1966 1582 2220 1636 manibus
2243 1582 2352 1636 tuis
2376 1591 2555 1637 sortes
2581 1598 2715 1637 meae
2743 1583 2810 1637 ⁸⁸.
2846 1603 2862 1634 ι
2892 1582 3333 1638 Commorabitur
3357 1593 3538 1639 autem

1965 1672 2368 1742 quodammodo
2400 1681 2457 1726 et
2503 1673 2853 1742 conquiescet
2900 1673 2956 1726 in
2996 1673 3097 1738 eis,
3147 1675 3274 1743 quia
3317 1690 3540 1745 compos

1967 1779 2077 1818 sua:
2112 1763 2228 1832 spei
2269 1772 2354 1818 est
2382 1763 2618 1818 futurus.
2663 1763 2800 1819 Cum
2845 1765 3012 1836 igitur
3051 1767 3336 1836 probasset
3379 1785 3538 1823 suum

1968 1852 2252 1907 consilium
2272 1869 2337 1907 ac
2352 1853 2642 1924 judicium,
2664 1869 2842 1924 neque
2862 1871 3054 1924 parum
3077 1857 3376 1912 admiratus
3396 1867 3539 1914 esset

1966 1945 2207 2015 quietem
2255 1946 2311 2000 in
2350 1946 2458 2011 his,
2497 1945 2601 1999 hoc
2626 1954 2728 2010 est,
2761 1955 3027 2000 azternum
3059 1947 3224 2017 228
3249 1948 3537 2013 honorem.

1967 2037 2132 2090 vitam
2167 2034 2406 2106 perfecte
2430 2033 2816 2089 sanetiﬂcatam
2833 2075 2848 2100 ,
2875 2036 3253 2090 incessabilem
3279 2037 3536 2108 gloriam,

1969 2142 2196 2197 regnum
2239 2126 2657 2196 sempiternum,
2683 2141 2746 2180 ac
2774 2142 3114 2197 quzecunque
3140 2143 3357 2181 omnem
3387 2144 3536 2182 men-

1968 2227 2076 2271 tem
2099 2233 2163 2271 ac
2183 2217 2424 2288 linguam
2459 2224 2740 2287 superant,
2767 2225 2880 2271 tum
2904 2217 3124 2272 demum
3147 2217 3322 2272 factus
3343 2227 3427 2272 est
3448 2235 3542 2288 pa-

1968 2311 2107 2364 tiens
2130 2309 2402 2364 laborum.
2443 2307 2578 2364 Cum
2615 2308 2762 2363 enim
2788 2307 3017 2362 vidisset
3042 2308 3188 2378 quod
3215 2318 3360 2364 terra
3395 2321 3541 2366 esset

1965 2401 2202 2471 pinguis,
2233 2401 2310 2454 ait
2351 2408 2550 2464 textus,
2599 2418 2618 2452 ι
2657 2399 2955 2456 Submittet
2996 2399 3290 2455 humerum
3326 2401 3392 2466 ⁸⁸,
3438 2421 3455 2453 ι
3485 2412 3540 2456 et

1964 2491 2168 2546 amabit
2190 2492 2449 2546 laborem.
2477 2491 2756 2546 Mutuatur
2775 2502 2958 2547 autem
2973 2491 3280 2562 exemplum
3305 2492 3372 2546 ab
3420 2492 3539 2548 istis

1964 2585 2056 2653 qui
2083 2594 2285 2638 terram
2316 2584 2498 2638 colere
2525 2593 2946 2648 consueverunt,
2973 2583 3068 2654 qui
3104 2591 3231 2638 sunt
3265 2584 3321 2637 in
3345 2585 3540 2654 primis

1963 2675 2242 2741 laboriosi,
2269 2683 2431 2745 atque
2455 2674 2830 2746 agricolationi
2854 2675 3046 2738 dediti,
3074 2681 3296 2743 totoque
3319 2683 3540 2744 pectore

1962 2768 2158 2822 aratris
2178 2767 2523 2831 incumbunt,
2547 2766 2766 2836 quando
2790 2766 2991 2836 pingue
3018 2766 3194 2820 solum
3217 2766 3360 2820 nacti
3385 2776 3532 2832 sunt,

1961 2859 2294 2929 uberemque
2318 2859 2556 2913 fructum
2587 2873 2643 2912 se
2668 2857 2794 2912 inde
2819 2867 3176 2927 percepturos
3198 2858 3529 2929 intelligunt.

1960 2951 2297 3005 Adhortatur
2322 2958 2504 3004 autem
2532 2964 2633 3003 nos
2652 2948 2720 3002 ad
2741 2949 2846 3003 hoc
2869 2948 3034 3002 etiam
3054 2949 3321 3018 propheta
3343 2949 3530 3018 Oseas,

1959 3042 2186 3096 dicens:
2221 3060 2237 3093 ι
2271 3041 2548 3097 Seminate
2588 3039 2744 3094 vobis
2783 3039 2851 3093 ad
2888 3038 3176 3109 justitiam,
3203 3047 3260 3096 et
3297 3041 3536 3110 colligite

305 3125 530 3197 φιλαφῆ,
578 3127 668 3181 καὶ
685 3127 746 3179 τὰ
770 3127 826 3193 ἐξ
843 3127 1014 3196 αὐτῆς
1036 3125 1284 3194 ἐσόμενα.
1305 3125 1639 3194 Παροτρύνει
1663 3125 1720 3178 δέ
1741 3143 1858 3190 πως

1966 3135 2016 3187 in
2044 3133 2285 3187 fructum
2306 3132 2452 3186 vitae.
2478 3129 2776 3185 Accendite
2799 3130 2854 3183 in
2878 3128 3036 3183 vobis
3056 3129 3241 3184 lumen
3266 3130 3535 3200 cognitio-

291 3221 373 3283 εἰς
396 3218 556 3273 τοῦτο
579 3220 666 3273 καὶ
686 3221 711 3272 ὀ
731 3220 889 3289 σοφὸς
915 3220 1063 3290 ἡμᾶς
1100 3217 1276 3288 Ὠσηὲ,
1303 3216 1476 3285 λέγων
1504 3233 1515 3246 ·
1543 3237 1562 3269 ‹
1593 3219 1856 3290 Σπείρατε

1966 3226 2066 3279 nis.
2092 3222 2377 3293 Exquirite
2404 3221 2697 3276 Dominum
2724 3220 2900 3276 donec
2929 3221 3155 3275 veniant
3175 3220 3334 3276 vobis
3357 3220 3539 3291 fruges

287 3311 505 3372 ἑαυτοῖς
529 3311 609 3374 είς
628 3308 992 3378 δικαιοσύνην,
1009 3308 1319 3380 τρυγήσατε
1345 3309 1424 3370 είς
1446 3309 1656 3377 καρπὸν
1681 3309 1823 3379 ζωῆς
1841 3328 1853 3341 ·

1966 3319 2183 3389 iustitiae
2224 3318 2290 3371 ".
2325 3336 2342 3369 ι
2377 3315 2576 3371 Paulus
2614 3328 2834 3384 quoque
2871 3312 3084 3368 fructus
3120 3312 3346 3384 justitiaa
3380 3313 3538 3368 nobis

279 3402 560 3468 φωτίσατε
604 3401 815 3462 ἑαυτοῖς
867 3399 981 3468 φῶς
1030 3399 1307 3467 γνώσεως.
1358 3396 1726 3470 Ἐκζητήσατε
1765 3403 1857 3455 τὸν

1966 3421 2237 3482 precatur,
2260 3409 2481 3465 dicens:
2508 3427 2526 3458 ι
2547 3405 2651 3474 Qui
2680 3405 2991 3477 suppeditat
3014 3421 3200 3461 semen
3221 3406 3532 3471 seminanti,

275 3492 492 3562 Κύριον
515 3491 622 3554 ἕως
645 3483 707 3543 οὗ
742 3490 871 3561 ἔλθῃ
894 3488 1262 3561 γεν[ν]ἡματα
1287 3490 1636 3562 δικαιοσύνης
1668 3494 1814 3563 ὑμῖν.
1832 3512 1850 3544 ›

1966 3514 2015 3558 et
2037 3519 2232 3574 panem
2254 3502 2309 3556 in
2333 3501 2539 3564 cibum,
2564 3497 3017 3569 suppeditabit,et
3037 3498 3425 3568 multiplicabit
3445 3514 3535 3554 se-

285 3581 602 3654 Ἐπηύξατο
633 3581 688 3634 δὲ
727 3583 822 3635 καὶ
849 3584 877 3634 ὁ
921 3582 1190 3651 μακάριος
1227 3581 1437 3644 Παῦλος
1473 3583 1642 3635 εἰπών
1666 3600 1679 3613 ·
1723 3603 1741 3636 ι
1795 3586 1856 3638 Ὀ

1966 3601 2200 3648 mentem
2217 3601 2477 3656 vestram,
2495 3589 2824 3659 augebitque
2845 3587 3057 3643 fructus
3073 3589 3296 3660 justitize
3317 3597 3533 3652 vestrae,

260 3672 326 3726 δὲ
383 3671 734 3744 ἐπιχορηγῶν
765 3671 986 3742 σπέρμα
1027 3670 1105 3740 τῷ
1144 3671 1418 3742 σπείροντι
1444 3671 1538 3726 καὶ
1573 3674 1735 3746 ἄρτον
1775 3677 1856 3740 είς

1966 3695 2023 3741 ιιι
2048 3687 2253 3755 ubique
2274 3697 2493 3738 omnem
2521 3680 2903 3735 sufﬁcientiam
2929 3679 3215 3744 habentes,
3245 3679 3537 3734 abundetis

259 3761 487 3833 βρῶσιν
513 3801 529 3827 ,
559 3762 861 3833 χορηγήσει
897 3761 993 3815 καὶ⁸
1024 3760 1284 3830 πληθυνεῖ
1322 3761 1412 3814 τὸν
1447 3763 1650 3836 σπόρον
1678 3768 1852 3838 ὑμῶν,

1966 3777 2019 3830 in
2052 3789 2214 3829 omne
2250 3786 2389 3842 opus
2416 3770 2622 3825 bonum
2660 3769 2726 3822 ³⁸.
2770 3786 2790 3819 ι

253 3857 368 3909 καὶ
392 3855 621 3925 αὐξήσει
651 3854 721 3908 τὰ
745 3853 1112 3927 γεν[ν]ήματα
1133 3855 1230 3924 τῆς
1257 3853 1603 3928 δικαιοσύνης
1629 3861 1804 3933 ὑμῶν,
1846 3870 1932 3925 ἵνα
1971 3869 2202 3922 πάντοτε
2233 3866 2414 3917 πᾶσαν
2459 3861 2789 3930 αὐτάρκειαν
2822 3857 3035 3925 ἔχοντες
3068 3854 3427 3926 περισσεύητε
3457 3857 3536 3921 είς

250 3951 380 4004 πᾶν
410 3948 571 4022 ἔργον
594 3947 817 4017 ἀγαθόν.
854 3968 874 4001 ι

844 4063 979 4132 Περὶ
1012 4063 1116 4118 τοῦ
1137 4065 1276 4120 Δάν.

2622 4055 2700 4110 De
2735 4055 2879 4110 Dan.

328 4177 355 4209 ο
402 4156 521 4210 Δὰν
550 4158 728 4227 κρινεῖ
774 4155 870 4208 τὸν
896 4155 1023 4207 λαὸν
1057 4155 1242 4221 αὑτοῦ,
1278 4156 1412 4209 ὡσεὶ
1456 4157 1551 4208 καὶ
1591 4159 1688 4227 μία
1719 4158 1856 4229 φυλή

2037 4175 2054 4206 ι
2085 4153 2200 4208 Dan
2225 4147 2494 4222 judicabit
2527 4146 2792 4218 populum
2825 4159 3007 4211 suum,
3038 4147 3180 4201 sicut
3205 4155 3260 4202 et
3289 4163 3397 4205 una
3434 4153 3533 4208 tri-

229 4252 304 4307 ιν
358 4252 408 4305 Ἰ
425 4247 624 4322 σραήλο
664 4249 776 4305 καὶ.
801 4246 1089 4318 γενηθήτω
1134 4247 1242 4300 Δὰν
1273 4248 1418 4317 ὄφις,
1444 4248 1529 4316 ἐφ’
1558 4248 1663 4318 ὁδῷ
1687 4250 1856 4318 ἐγκα-

1966 4247 2062 4300 bus
2085 4245 2142 4299 in
2175 4241 2362 4306 Israel,
2386 4248 2441 4295 et
2465 4238 2560 4294 ﬁat
2596 4239 2712 4294 Dan
2749 4239 2976 4294 coluber
3004 4239 3060 4292 in
3091 4240 3179 4293 via
3212 4241 3456 4300 insidens
3477 4246 3534 4301 in

227 4346 517 4416 Of;ch
554 4339 648 4420 ἐπὶ
702 4337 925 4410 τρίϐου,
972 4339 1182 4392 δάκνων
1230 4339 1468 4411 πτέρναν
1525 4339 1715 4405 ἵππου,
1763 4342 1857 4394 καὶ

1966 4339 2174 4403 semita,
2203 4333 2462 4390 mordens
2487 4331 2802 4387 calcaneum
2828 4330 2978 4401 equi,
3002 4339 3058 4385 et
3079 4331 3238 4387 cadet
3259 4349 3429 4404 eques
3453 4355 3536 4394 re.

223 4436 574 4494 πεσεῖταιδ
603 4434 800 4496 ἱππεὺς
829 4435 909 4494 είς
928 4433 997 4486 τὰ
1027 4431 1270 4496 ὀπίσθια,
1315 4432 1413 4504 τὴν
1446 4434 1718 4504 σωτηρίαν
1758 4451 1855 4487 πε-

1966 4441 2228 4494 Lrorsum;
2259 4427 2508 4482 Salutare
2548 4431 2870 4493 exspectans
2908 4423 3125 4477 Domini
3150 4424 3215 4478 δ’.
3250 4444 3267 4477 ι
3299 4427 3534 4485 Historia

228 4529 518 4602 ριμένιων
560 4524 714 4596 παρά
745 4524 971 4596 Κυρίου.
1009 4542 1028 4575 ι
1067 4522 1300 4578 Ἔπεται
1328 4523 1488 4577 πάλιν
1512 4530 1580 4598 τῇ
1612 4525 1706 4579 τοῦ
1736 4526 1853 4580 ὀνό-

1966 4534 2175 4575 rursum
2199 4515 2437 4571 nominis
2458 4513 2837 4586 etymologiam
2861 4512 3126 4581 sequitur.
3150 4512 3263 4567 Dan
3283 4516 3429 4569 enim
3452 4529 3537 4572 est

228 4601 440 4693 ματος
476 4615 810 4688 ἐτυμολογίᾳ
851 4617 880 4668 ὁ
904 4615 1082 4683 λόγος.
1117 4613 1341 4683 Κριτὴς
1368 4615 1477 4688 γὰρ
1503 4618 1622 4687 ήτοι
1653 4617 1855 4684 κρίσις

1966 4613 2137 4675 iudex,
2171 4617 2267 4664 aut
2288 4606 2567 4678 judicium.
2598 4605 2714 4658 Pra:
2755 4618 2813 4657 se
2856 4601 2964 4657 fert
2992 4611 3176 4658 autem
3207 4605 3297 4659 bic
3329 4607 3536 4678 glorio-

219 4719 253 4769 ὸ
285 4714 447 4768 Δάν.
487 4707 786 4778 Ἐμφήνειε
806 4707 850 4760 δ’
879 4705 945 4759 ἂν
969 4704 1044 4769 ὠς
1071 4705 1155 4773 ἔφ’
1179 4705 1358 4776 ἑαυτῷ
1389 4708 1482 4761 καὶ⁹
1513 4702 1666 4770 οὗτος
1695 4707 1867 4762 πάλιν

1966 4717 2077 4756 sum
2139 4711 2302 4770 atque
2355 4696 2739 4752 admirabilem
2792 4705 3109 4751 sanctorum
3162 4700 3535 4766 apostolorum

216 4807 327 4862 τὸν
375 4800 608 4858 εὐκλεᾶ
636 4799 728 4852 καὶ
752 4797 1045 4869 περίοπτον
1074 4795 1182 4850 τῶν
1210 4796 1379 4864 ἁγίων
1421 4797 1733 4852 ἀποστόλων
1763 4817 1854 4868 χο-

1966 4794 2210 4856 chorum,
2236 4791 2332 4861 qui
2375 4791 2430 4844 in
2462 4788 2827 4860 principatum
2870 4786 3113 4842 fidelium
3156 4797 3284 4841 sunt
3327 4792 3534 4844 consti-

219 4903 332 4974 ρόν
354 4916 372 4930 ο
417 4896 482 4950 οἳ
523 4894 606 4956 είς
636 4891 812 4963 ἀρχὴν
845 4889 1114 4944 τέθεινται
1138 4889 1248 4944 τῶν
1279 4893 1738 4957 πεπιστευκότων,
1763 4893 1858 4946 καὶ

1966 4888 2084 4950 tuti,
2108 4895 2163 4940 et
2181 4884 2448 4957 judicium
2472 4881 2774 4945 consecuti,
2801 4880 3076 4934 tribuente
3099 4880 3203 4933 hoc
3225 4879 3359 4948 ipsis
3379 4880 3535 4935 Chri-

214 4967 286 5050 τδ
326 4991 578 5063 κρίνειν
626 4984 840 5053 ἔλαχον,
883 4982 1290 5051 κατανέμοντος
1339 4982 1521 5046 αὐτοῖς
1554 4983 1616 5036 τὺ
1661 4984 1853 5054 χρῆμα

1966 4987 2063 5033 sto.
2111 4977 2249 5031 Hinc
2284 4983 2341 5029 et
2391 4973 2611 5028 divinus
2655 4972 2859 5026 Paulus
2897 4971 2974 5023 ait
3015 4987 3027 5021 :
3064 4986 3081 5018 ι
3116 4967 3352 5023 Nescitis
3393 4986 3534 5040 quo-

213 5060 534 5156 Χρισίτοῦ.
569 5076 681 5130 Καὶ
703 5073 836 5143 γοῦν
861 5075 890 5127 ὁ
920 5072 1209 5133 θεσπέσιος
1236 5071 1445 5135 Παῦλός
1475 5089 1638 5141 φησι.
1682 5092 1699 5124 ί
1739 5073 1853 5126 οὐκ

1966 5071 2106 5125 niam
2138 5070 2360 5139 angelos
2409 5065 2583 5121 simus
2626 5060 2944 5133 judicaturi,
2999 5072 3109 5112 non
3168 5066 3375 5112 tantum
3427 5076 3533 5116 saa-

211 5148 430 5231 οῖδατε
475 5171 569 5224 ὅτι
601 5165 869 5233 ἀγγέλους
919 5160 1233 5234 κρινοῦμεν,
1273 5164 1469 5234 μήτιγε
1505 5162 1771 5232 βιωτικά;
1829 5182 1847 5214 ι

1966 5162 2167 5217 cularia
2219 5161 2297 5212 °°?
2342 5178 2360 5210 ι
2427 5156 2731 5222 Quocirca,
2781 5151 2911 5205 licet
2956 5164 3097 5203 unus
3134 5148 3303 5218 judex
3354 5158 3410 5203 et
3457 5152 3534 5204 le-

209 5263 470 5336 Κριτὴς
512 5258 615 5329 μὲν
645 5252 738 5309 οὖν
761 5249 841 5318 εἷς
877 5255 972 5308 καὶ
1017 5253 1315 5324 νομοθέτης
1344 5253 1483 5306 κατὰ
1508 5252 1606 5314 τὰς
1633 5253 1854 5322 Γραφὰς

1966 5254 2182 5323 gislator
2201 5252 2289 5313 sit,
2312 5249 2464 5317 juxta
2488 5246 2799 5313 Scripturas
2823 5240 2912 5303 °°°,
2933 5254 3128 5306 nempe
3157 5237 3429 5301 Christus,
3455 5248 3532 5294 ta—

205 5359 239 5411 ὸ
617 5345 682 5400 Εἰ
702 5345 760 5400 δὲ
798 5343 1194 5415 πρεσϐεύουσιν
1220 5343 1357 5414 ὑπὲρ
1384 5341 1618 5413 Χριστοῦ
1644 5343 1690 5395 οί
1718 5344 1855 5398 ἀπό-

1966 5360 2084 5398 men
2097 5350 2152 5397 et
2165 5339 2416 5410 apostoli,
2432 5337 2522 5405 qui
2537 5350 2634 5404 pro
2644 5332 2860 5387 Christo
2872 5327 2894 5380 f
2896 5327 3452 5397 ungunturlegatione
3464 5333 3503 5360 "
3515 5371 3530 5393 ,

207 5419 453 5506 στολοι,
488 5438 594 5493 καὶ
613 5439 672 5490 ὲν
691 5437 876 5498 αὐτοῖς
895 5435 1129 5489 τέθειται
1146 5434 1245 5504 τῆς
1268 5434 1612 5506 καταλλαγῆς
1629 5437 1657 5488 ό
1675 5435 1851 5504 λόγος,

1966 5446 2014 5489 et
2031 5434 2237 5504 quibus
2265 5427 2590 5484 commissus
2609 5434 2694 5478 est
2725 5419 3180 5475 reconciliationis
3198 5433 3401 5484 sermo,
3421 5435 3530 5476 non

202 5538 387 5592 οὐδὲν
429 5531 516 5586 τὸ
547 5526 872 5600 παράδοξον,
895 5528 944 5579 εί
969 5528 1062 5580 καὶ
1086 5530 1288 5580 νοοῖντο
1316 5527 1500 5598 κριταὶ
1524 5526 1644 5580 καθ’
1670 5528 1854 5597 ὁμοιό-

1966 5527 2059 5581 abs
2081 5541 2140 5579 re
2164 5521 2390 5590 intelligi
2415 5516 2628 5588 possint
2651 5523 2708 5568 et
2738 5511 2839 5580 ipsi
2862 5510 3094 5580 iudices,
3127 5513 3427 5569 secundum
3460 5517 3535 5570 si-

281 5675 340 5708 ⁸³
369 5665 562 5726 Psal.
593 5678 742 5728 mu,
781 5661 867 5727 I0,
899 5662 986 5716 Il.
1057 5661 1278 5717 “Cant.
1310 5678 1366 5719 ιι.
1401 5663 1452 5715 5.
1531 5663 1576 5694 ⁵³
1601 5662 1742 5717 Psal.
1765 5676 1867 5715 xxx

1966 5659 2011 5712 6.
2091 5658 2293 5711 “Gen.
2323 5671 2463 5710 xux.
2500 5652 2582 5704 15.
2663 5648 2718 5728 (τ’
2736 5645 2896 5708 Osee,
2921 5663 2972 5711 κ,
2995 5649 3078 5705 l2.
3156 5652 3202 5681 ”
3237 5648 3279 5702 Il
3303 5647 3428 5702 Cor.
3454 5665 3528 5714 Ix,

202 5743 300 5814 to,
337 5718 524 5798 {17'
562 5718 936 5797 "suam,
974 5733 1058 5797 l6,
1094 5733 1178 5785 Π.
1288 5718 1723 5796 “ICor.vr,3.
1804 5731 1865 5761 σο·

1966 5745 2010 5780 c.
2048 5746 2118 5789 ιν,
2157 5730 2240 5782 l2.
2275 5730 2313 5757 ⁶¹
2353 5728 2390 5778 ll
2426 5726 2549 5779 Cor.
2579 5738 2628 5781 ν,
2663 5718 2748 5770 ‘20.

594 5829 868 5888 ΡΑτῐιοι..
913 5829 1026 5886 Gn.
1072 5828 1273 5889 LXIX.

3069 5814 3136 5873 1‘2
