4074 6260
513 336 621 400 363

1506 339 1560 394 S.
1606 340 1878 394 CYlllLLl
1918 339 2384 396 ALEXANDRINI
2420 339 2736 395 ARCHIEP.

3652 340 3755 394 36$

519 456 881 515 militudinem
893 451 1118 510 Christi.
1131 450 1390 505 luclamat
1402 459 1584 507 autem
1596 453 1725 507 alibi
1744 452 1904 507 nobis
1920 451 2081 507 etiam

2188 469 2324 521 τητα
2361 452 2455 505 τοῦ
2490 450 2747 523 Χριστοῦ.
2784 450 3123 521 Διακέκραγε
3153 448 3210 503 δέ
3253 465 3356 502 που
3392 450 3485 502 καὶ
3514 451 3542 503 6
3584 451 3758 519 μέγας

518 564 747 620 magnus
769 546 955 609 lsaias,
980 544 1332 599 introducens
1353 552 1409 598 et
1431 559 1657 614 regnum
1683 544 1888 599 Christi
1911 560 2082 614 angu-

518 651 683 704 stum,
698 645 754 692 et
768 646 1077 692 sanctorum
1089 635 1455 705 apostolorum
1469 635 1734 690 illustrem
1750 635 2085 706 praedicatio-

517 746 641 786 nem
664 728 859 798 :229
879 747 896 779 ι
916 728 1083 793 Ecce,
1102 727 1374 797 inquiens,
1400 743 1496 782 rex
1522 730 1700 798 justus
1733 728 2001 798 regnabit,
2031 737 2088 784 et

515 819 794 890 principes
817 834 939 874 cum
951 818 1161 889 judicio
1175 827 1453 887 praeerunt
1465 819 1549 871 δι’.
1572 819 1733 873 rNam
1750 818 1881 873 olim
1897 819 2088 873 Hiero-

519 911 1280 984 solymisregnabantquidem
1300 911 1375 965 illi
1391 911 1484 981 qui
1516 921 1750 967 erantex
1764 912 1906 967 tribu
1916 913 1943 968 J
1950 913 2052 967 uda
2069 930 2083 979 ;

518 1005 613 1061 sed
628 1005 721 1074 qui
735 1014 922 1059 sancto
941 1004 1291 1059 tabernaculo
1303 1012 1587 1072 praeerant,
1601 1011 1656 1059 et
1696 1004 2087 1059 sacerdotalem

519 1095 836 1167 dignitatem
851 1095 1190 1157 obtinebant,
1205 1093 1439 1148 ordinati
1454 1102 1612 1148 erant
1627 1094 1693 1149 ad
1709 1094 2084 1165 judicandum.

526 1203 545 1237 ι
566 1184 733 1240 Labia
748 1184 894 1240 enim
910 1184 1207 1239 sacerdotis
1221 1183 1832 1254 custodiuntjudicium,
1844 1193 1902 1238 et
1914 1184 2086 1255 legem

522 1275 804 1345 requirent
817 1291 882 1329 ex
898 1289 992 1328 ore
1009 1275 1129 1344 ejus
1145 1274 1209 1326 °’.
1235 1273 1556 1343 iPostquam
1581 1283 1765 1329 autem
1795 1275 1988 1330 umbra
2012 1276 2089 1330 le-

519 1367 601 1436 gis
621 1365 1020 1436 quodammodo
1040 1373 1318 1420 contracta
1338 1374 1442 1428 est,
1457 1374 1511 1418 et
1527 1380 1686 1419 verus
1703 1366 1882 1420 cultus
1903 1367 1956 1420 in
1980 1366 2091 1436 spi—

519 1455 625 1509 ritu
654 1454 910 1509 iuductus
945 1469 1041 1524 per
1062 1453 1363 1519 Christum,
1392 1454 1784 1509 illustrioribus
1808 1455 2090 1525 judicibus

518 1545 796 1615 indigebat
825 1543 1080 1609 mundus,
1104 1544 1392 1612 vocatique
1415 1552 1543 1597 sunt
1567 1544 1633 1598 ad
1659 1545 1764 1600 hoc
1801 1546 1968 1600 divini
2006 1546 2091 1599 di-

519 1633 736 1703 scipuli,
752 1632 1118 1705 quilegaljum
1137 1631 1422 1686 doctorum
1445 1633 1624 1687 locum
1649 1634 1914 1688 subirent.
1934 1635 2089 1691 Unde

517 1726 582 1781 ad
605 1725 918 1781 Judaeorum
943 1735 1196 1788 matrem,
1218 1724 1324 1779 hoc
1339 1733 1422 1779 est
1442 1725 1509 1779 ad
1531 1725 1855 1792 Jerusalem,
1881 1728 2088 1783 dictum

518 1817 622 1871 fuit
642 1833 672 1871 a
695 1817 806 1870 Deo
826 1830 925 1886 per
944 1830 1134 1869 vocem
1155 1814 1454 1870 Psalmista:
1478 1834 1490 1869 :
1524 1835 1542 1867 ι
1573 1817 1677 1871 Pro
1704 1818 1953 1887 patribus
1972 1821 2088 1875 nati

520 1914 648 1960 sunt
680 1904 779 1960 tibi
801 1903 919 1970 ﬁlii,
954 1924 971 1956 ι
1002 1904 1107 1958 hoc
1126 1912 1229 1968 est,
1257 1902 1373 1969 lilii,
1400 1905 1494 1974 qui
1519 1905 1616 1958 tibi
1644 1907 1734 1976 jus
1760 1907 1969 1973 dicunt,
2004 1909 2087 1963 lo-

519 2012 645 2051 cum
681 2004 896 2067 patrum
938 1995 1117 2050 sortiti
1157 2002 1305 2049 sunt.
1331 1994 1413 2050 Ad
1444 1995 1732 2051 Dominum
1769 2006 1951 2054 autem
1985 2016 2086 2055 no-

518 2096 690 2144 strum
710 2087 897 2144 Jesum
919 2085 1199 2141 Christum
1220 2086 1305 2140 ait
1327 2102 1341 2140 :
1375 2105 1393 2137 ‹
1428 2088 1741 2143 Constitucs
1763 2104 1859 2144 eos
1879 2091 2086 2160 princi-

517 2194 614 2249 pes
644 2193 808 2248 super
838 2191 1057 2232 omnem
1091 2183 1288 2230 terram
1329 2176 1392 2230 ⁸³.
1426 2196 1443 2227 ι
1474 2175 1626 2243 Quod
1667 2188 1849 2233 autem
1885 2180 1989 2235 hoc
2016 2181 2088 2235 sit

517 2271 820 2341 impletum,
855 2277 912 2323 et
943 2268 1012 2322 ad
1039 2267 1242 2323 exitum
1266 2267 1619 2337 perductum,
1656 2268 1815 2325 facile
1847 2271 1972 2339 quis
2002 2271 2086 2326 vi-

514 2363 676 2417 derit.
702 2361 984 2429 Principes
1004 2359 1152 2414 enim
1176 2374 1250 2412 .ac
1278 2358 1494 2430 judices
1525 2359 1862 2415 universales
1887 2362 2085 2417 habui-

517 2466 639 2506 mus
678 2458 894 2505 sanctos
944 2448 1276 2518 discipulos,
1324 2464 1557 2519 quorum
1599 2450 1849 2505 doctrina
1905 2452 2086 2523 ipsum

513 2541 716 2599 Christi
745 2540 1065 2612 mysterium
1089 2540 1415 2610 explicatum
1440 2539 1826 2611 est.Siquidem
1848 2543 1951 2613 ipsi
1971 2544 2085 2600 dis-

515 2642 838 2706 pensatores
878 2631 1146 2687 salutiferi
1184 2631 1373 2696 verbi,
1414 2639 1470 2686 et
1521 2647 1704 2687 rerum
1752 2633 2085 2704 agendarum

512 2736 791 2801 auctores;
818 2726 1019 2796 quippe
1042 2724 1136 2794 qui
1167 2722 1434 2794 quidquid
1460 2723 1654 2778 inutile
1688 2732 1781 2778 est
1821 2723 2084 2780 discenti-

511 2818 646 2893 bus,
686 2826 944 2887 tanquam
976 2816 1344 2870 adulterinum
1386 2823 1712 2879 secernunt,
1751 2821 1807 2868 et
1844 2815 2086 2870 vicissim

510 2908 658 2990 quod
691 2908 826 2962 utile
853 2917 956 2972 est,
985 2915 1044 2962 ut
1074 2906 1466 2975 amplectamur
1498 2911 1741 2959 monent.
1777 2905 1890 2959 Dan
1920 2905 2086 2976 igitur

510 2999 606 3064 ait,
636 2997 741 3052 hoc
766 3004 849 3052 est
874 2995 951 3049 illi
975 2995 1071 3066 qui
1122 3002 1263 3050 stato
1290 3001 1536 3064 tempore
1557 2994 1828 3066 eligentur
1851 2994 1918 3049 ad
1934 2996 2084 3066 judi-

511 3088 714 3149 candos
735 3086 966 3158 populos
987 3094 1042 3141 et
1061 3094 1269 3155 gentes,
1287 3085 1425 3161 adeo
1442 3077 1694 3154 potenter
1714 3070 2081 3155 imperabunt,

510 3187 567 3234 et
598 3195 722 3234 eum
767 3186 916 3232 tanto
956 3176 1246 3246 splendore
1280 3191 1344 3230 ac
1375 3176 1567 3246 gloria,
1608 3184 1809 3246 quanta
1841 3192 1947 3230 una
1980 3177 2082 3230 tri-

510 3271 615 3325 bus
645 3285 715 3324 ex
742 3267 912 3322 Israel
936 3267 1201 3337 regnavit.
1227 3267 1412 3321 lnnuit
1444 3276 1627 3321 autem
1660 3268 1905 3333 omnino,
1932 3268 2083 3322 arbi-

510 3366 657 3422 tror,
686 3362 1004 3426 regnantem
1040 3355 1244 3409 tribum
1271 3354 1412 3409 Juda
1432 3395 1446 3419 ,
1492 3362 1549 3409 et
1588 3369 1698 3408 non
1725 3355 1906 3408 aliam.
1951 3354 2084 3421 Quis

512 3448 659 3523 enim
686 3445 1023 3500 dubitaverit
1059 3447 1193 3515 quin
1218 3445 1295 3499 illi
1318 3444 1413 3514 qui
1463 3445 1625 3500 electi
1651 3455 1779 3501 sunt
1808 3447 2084 3518 principes

511 3536 807 3603 mundi,.in
835 3535 1070 3590 maximo
1094 3536 1203 3590 sint
1228 3536 1427 3606 pretio,
1450 3542 1615 3606 atque
1634 3552 1849 3592 summo
1872 3537 2081 3594 honore

512 3628 929 3702 prosequendia
942 3626 1147 3683 Christi
1171 3627 1506 3682 cultoribus?
1525 3628 1914 3684 Verumtamen
1936 3631 2080 3700 quod

509 3725 752 3795 ipsorum
775 3721 1066 3793 imperium
1097 3735 1208 3776 non
1232 3719 1304 3776 sit
1326 3718 1571 3775 futurum
1593 3735 1788 3790 expers
1807 3737 2079 3777 aerumna-

508 3832 662 3882 rum,
706 3815 803 3872 sed
844 3814 992 3886 quod
1038 3813 1229 3868 multis
1273 3812 1877 3884 innumerabilibusque
1924 3814 2081 3869 malis

506 3908 618 3963 sint
642 3907 909 3972 tentandi,
938 3922 1117 3985 neque
1147 3904 1426 3960 inventuri
1455 3904 1565 3960 sint
1589 3904 1923 3974 apostolatus
1947 3921 2079 3960 cur-

506 4013 627 4053 sum
654 3998 951 4052 immunem
973 4013 1037 4052 ac
1063 3997 1300 4052 liberum
1322 4012 1352 4050 a
1372 3996 1653 4067 periculis,
1678 3996 1849 4051 veluti
1873 3997 1928 4050 in
1952 4003 2078 4067 typo

505 4088 922 4151 demonstravit,
942 4087 1167 4141 dicens:
1201 4105 1219 4137 ‹
1254 4085 1373 4140 Fiat
1390 4086 1526 4151 Dan,
1559 4106 1577 4137 ι
1603 4087 1708 4141 hoc
1728 4096 1832 4152 est,
1859 4086 2080 4142 futurus

504 4185 591 4232 est
614 4177 730 4230 Dan
754 4177 989 4247 populus
1020 4190 1373 4245 persequens,
1410 4194 1427 4225 ‹
1471 4184 1730 4244 tanquam
1759 4191 1985 4245 serpens
2020 4175 2078 4230 in

507 4267 595 4319 v'ia
652 4280 1026 4331 commorans,
1086 4267 1142 4320 in
1197 4265 1389 4318 semita
1451 4264 1707 4318 mordens
1761 4265 2077 4319 caleancum

503 4357 633 4427 equi
656 4355 729 4422 “,
758 4376 777 4408 ι
805 4355 966 4426 230
986 4355 1092 4409 hoc
1113 4363 1215 4420 est,
1255 4354 1426 4410 ardua
1452 4363 1507 4409 et
1532 4354 1931 4425 inexplicabilia
1974 4356 2075 4410 do-

2183 545 2317 613 ήμῖν
2360 543 2614 606 Ἡσαΐας,
2652 542 2752 612 τήν
2793 558 2850 594 τε
2883 541 3045 594 αὑτοῦ
3086 540 3177 593 τοῦ
3208 539 3444 612 Χριστοῦ
3476 540 3758 611 θεοπρεπῆ

2187 634 2483 705 βασιλείαν,
2547 633 2639 687 καὶ
2687 633 2784 702 τὴν
2837 633 3016 685 αὐτῶν
3060 631 3169 684 τῶν
3221 631 3393 696 ἁγίων
3436 631 3754 687 ἀποστόλων

2186 725 2487 794 ἀνάρρησιν
2545 722 2765 794 ἐμφανῆ
2805 722 3099 785 καθιστάςο
3149 742 3168 773 ι
3226 722 3357 775 Ἰδοὺ
3405 722 3470 792 δὴ
3498 722 3755 792 βασιλεὺς

2185 816 2391 881 δίκαιος
2421 815 2764 887 βασιλεύσει,
2795 816 2889 870 καὶ
2918 815 3178 884 ἄρχοντες
3218 814 3357 883 μετά
3390 815 3625 884 κρίσεως
3656 816 3763 887 ἄρ-

2191 905 2358 972 ξουσι.
2400 927 2419 959 ι
2457 907 2631 961 Πάλαι
2661 905 2759 976 μὲν
2786 905 2894 977 γὰρ
2919 894 3253 958 ἐδασίλευον⁶
3269 905 3365 975 τῆς
3403 905 3761 976 Ἰερουσαλὴμ

2186 1002 2236 1054 οἱ
2258 1003 2319 1054 ὲκ
2350 1000 2444 1071 τῆς
2480 998 2647 1051 Ἰούδα
2671 997 2840 1067 φυλῆς
2865 1013 2878 1027 ·
2915 997 3207 1066 τετάχαντο
3230 996 3287 1049 δὲ
3312 996 3446 1067 πρὸς
3471 996 3530 1049 τὸ
3553 997 3758 1066 κρίνειν

2186 1095 2234 1146 οί
2267 1094 2331 1162 τῇ
2365 1090 2495 1160 ἁγίᾳ
2522 1092 2693 1159 σκηνῇ
2722 1087 3197 1159 προσεδρεύοντες,
3234 1088 3326 1140 καὶ
3353 1088 3444 1140 τὸν
3474 1087 3573 1157 τῆς
3600 1091 3760 1159 ἱερωο

2190 1185 2353 1256 σύνης
2379 1184 2634 1254 λαχόντες
2667 1181 2869 1250 κλῆρον
2896 1197 2909 1210 ·
2960 1200 2980 1232 ι
3024 1180 3193 1248 Χείλη
3221 1179 3330 1251 γὰρ
3359 1179 3548 1249 ἱερέως
3588 1178 3759 1248 φυλά-

2190 1276 2335 1341 ξεται
2364 1276 2562 1347 κρίσιν,
2591 1276 2685 1328 καὶ
2706 1276 2865 1343 νόμον
2886 1273 3272 1343 ὲκζητήσουσιν
3296 1274 3359 1324 ὲκ
3380 1272 3642 1342 στόματος
3659 1272 3759 1325 αύ-

2187 1368 2303 1421 τοῦ.
2343 1386 2361 1419 ι
2412 1366 2631 1436 Ἐπειδὴ
2657 1365 2711 1418 δὲ
2734 1366 2831 1434 τῆς
2852 1366 2909 1416 ἐν
2932 1364 3081 1433 νόμῳ
3103 1361 3442 1425 σκιᾶςοίονεὶ
3475 1361 3758 1415 συνεσταλ-

2193 1452 2378 1524 μένης,
2408 1452 2501 1505 καὶ
2523 1453 2619 1523 τῆς
2639 1454 2695 1504 ὲν
2727 1450 2999 1520 πνεύματί
3022 1467 3081 1503 τε
3116 1451 3210 1503 καὶ
3235 1449 3470 1519 ἀληθοῦς
3501 1450 3754 1521 λατρείας

2190 1542 2678 1613 είσκεκομισμένης
2708 1541 2797 1595 διά
2822 1537 3056 1610 Χριστοῦ
3075 1582 3089 1603 ,
3118 1539 3513 1610 λαμπροτέρων
3542 1539 3646 1593 ἔδει
3678 1538 3756 1609 τῷ

2192 1634 2380 1705 κόσμῳ
2418 1633 2621 1705 κριτῶν
2654 1675 2669 1701 ,
2718 1634 3090 1704 είσκέκληνται
3127 1633 3261 1703 πρὸς
3304 1631 3460 1684 τοῦτο
3492 1629 3674 1684 λοιπὸν
3706 1633 3755 1684 oi

2192 1722 2467 1778 θεσπέσιοι
2492 1723 2751 1794 μαθηταὶ,
2770 1723 2865 1777 καὶ
2893 1725 2971 1786 είς
3000 1723 3089 1776 τὸν
3110 1722 3218 1776 τῶν
3249 1724 3391 1788 κατὰ
3425 1723 3587 1792 νόμον
3618 1724 3756 1776 καθ-

2118 1810 2162 1864 Β
2188 1817 2411 1886 ηγητῶν
2442 1816 2774 1887 εἰσέφρησαν
2796 1815 3017 1885 κλῆρον.
3052 1816 3338 1885 Τοιγάρτοι
3368 1815 3501 1885 πρὸς
3532 1815 3631 1885 μὲν
3657 1814 3757 1885 τὴν

2201 1910 2465 1965 Ἰουδαίων
2502 1908 2743 1979 μητέρα,
2778 1910 2922 1978 φημὶ
2965 1906 3028 1978 δὴ
3061 1906 3158 1977 τὴν
3205 1904 3584 1977 Ἰερουσαλὴμ,
3637 1905 3758 1959 ἐλέ-

2187 2016 2315 2068 γετο
2348 1999 2498 2070 ποιρά
2526 1997 2621 2052 τοῦ
2647 1997 2781 2051 Θεοῦ
2812 1996 2901 2051 διὰ
2933 1997 3032 2067 τῆς
3066 1996 3159 2051 τοῦ
3189 1997 3498 2061 Ψάλλοντος
3530 1997 3754 2066 φωνῆς·

2193 2109 2212 2142 ι
2255 2090 2399 2143 Ἀντὶ
2426 2089 2533 2142 τῶν
2557 2088 2804 2160 πατέρων
2835 2105 2928 2140 σου
2946 2087 3308 2159 ἐγεννήθησαν
3336 2087 3439 2140 υἱοί
3467 2104 3583 2146 σου,
3604 2104 3759 2140 »του-

2184 2184 2385 2246 τέστιν,
2414 2182 2477 2234 υί
2516 2181 2599 2234 σοὶ
2624 2179 3055 2251 χρηματίζοντες
3079 2181 3208 2243 υἱοὶ,
3236 2179 3333 2250 τὴν
3362 2178 3470 2232 τῶν
3503 2180 3756 2247 πατέρων

2185 2275 2336 2341 τάξιν
2371 2274 2634 2343 διέλαχον.
2669 2274 2812 2343 Πρὸς
2833 2272 2891 2326 δέ
2915 2289 2978 2340 γε
3004 2272 3093 2325 τὸν
3121 2272 3324 2344 Κύριον
3355 2272 3512 2340 ἡμῶν
3548 2271 3757 2339 Ἰησοῦν

2186 2368 2447 2437 Χριστόν·
2488 2386 2506 2418 ι
2539 2367 2917 2434 Καταστήσεις
2941 2365 3138 2428 αὐτοὺς
3164 2365 3429 2435 ἄρχοντας
3460 2363 3552 2416 ἐπὶ
3575 2364 3757 2415 πᾶσαν

2185 2459 2284 2529 τὴν
2304 2460 2427 2528 γῆν.
2472 2478 2491 2512 ι
2534 2459 2599 2512 ’Ὀ
2630 2457 2692 2528 δὴ
2726 2457 2818 2510 καὶ
2844 2458 2925 2520 είς
2952 2456 3123 2527 πέρας
3148 2456 3504 2527 ὲνηνεγμένον
3545 2455 3642 2508 ἴδοι
3671 2471 3757 2519 τις

2186 2552 2270 2607 ἄν.
2303 2550 2604 2620 Ἀρχοντας
2632 2549 2742 2619 γὰρ
2768 2547 3130 2618 πεποιήμεθα,
3163 2548 3256 2601 καὶ
3286 2546 3479 2617 κριτὰς
3516 2547 3756 2619 ἐσχήκα-

2190 2658 2287 2713 μεν
2319 2638 2755 2708 οἰκουμενικοὺς,
2805 2638 2929 2701 τοὺς
2969 2637 3158 2705 ἁγίους
3209 2636 3474 2708 μαθητὰς,
3515 2629 3591 2691 ὧν
3632 2638 3756 2699 ταῖς

2187 2732 2483 2802 ὑποθήκαις
2514 2730 2609 2782 καὶ
2636 2730 2768 2782 αὐτὸ
2791 2728 2851 2781 τὸ
2879 2728 3114 2798 Χριστοῦ
3147 2727 3384 2780 λαλείται
3414 2729 3751 2798 μυστήριον,

2186 2823 2416 2890 ἐπείπερ
2446 2821 2582 2874 είσὶν
2615 2819 2766 2873 αὐτοὶ
2788 2819 2882 2871 καὶ
2910 2818 3104 2888 ταμίαι
3137 2816 3231 2870 τοῦ
3261 2815 3523 2881 σώζοντος
3555 2816 3718 2884 λόγου
3737 2856 3752 2876 ,

2185 2911 2413 2967 καὶτῶν
2447 2908 2734 2981 πρακτέων
2775 2907 3082 2978 είσηγηταί·
3118 2907 3179 2960 τὸ
3211 2906 3309 2976 μὲν
3339 2907 3461 2959 ὅσον
3500 2904 3617 2958 ἐστὶ
3641 2909 3759 2966 τοῖς

2188 3003 2593 3072 παιδευομένοις
2628 2999 2910 3063 ἀσυντελὲς
2939 3000 3017 3061 είς
3036 2997 3220 3068 ὄνησιν
3244 2997 3318 3060 ὡς
3345 2997 3596 3066 κίϐδηλον
3620 2996 3758 3050 ἀπο-

2188 3094 2463 3162 κρίνοντες
2487 3130 2502 3155 ,
2530 3089 2886 3143 εἰσποιεῖσθαι
2924 3105 2988 3156 γε
3026 3088 3129 3158 μὴν
3156 3088 3238 3140 ὃτι
3272 3087 3472 3158 πρέποι
3496 3087 3555 3139 τὸ
3581 3103 3760 3156 πεφυ-

2187 3183 2281 3246 κὸς
2316 3181 2544 3251 ὠφελεῖν
2578 3178 3050 3250 συμϐουλεύοντες.
3099 3178 3205 3231 Δάν
3234 3178 3413 3230 τοίνυν
3443 3176 3593 3248 φησὶ,
3628 3192 3757 3230 του-

2184 3274 2386 3336 τέστιν,
2420 3274 2580 3343 οἵπερ
2612 3272 2679 3325 ἂν
2706 3272 2842 3335 ὅλως
2886 3268 3316 3341 προχειρισθείεν
3345 3268 3487 3322 κατὰ
3526 3267 3761 3337 καιροὺς

2184 3363 2279 3416 ἐπὶ
2308 3361 2368 3414 τὸ
2407 3361 2612 3432 κρίνειν
2644 3360 2770 3429 ἔθνη
2799 3361 2892 3413 καὶ
2921 3360 3081 3422 λαοὺς
3101 3400 3116 3425 ,
3143 3358 3285 3412 οὕτω
3314 3344 3643 3427 κατάρξουσι
3666 3356 3758 3409 δυ-

2183 3451 2358 3514 νατῶς
2375 3451 2467 3503 καὶ
2491 3451 2584 3503 σὺν
2598 3449 2816 3520 εὐκλείᾳ
2843 3448 3029 3519 πολλῇ,
3055 3447 3303 3518 καθάπερ
3324 3449 3514 3517 ἀμέλει
3537 3448 3633 3500 καὶ
3655 3446 3756 3517 μία

2183 3541 2320 3610 φυλὴ
2343 3539 2448 3592 τῶν
2471 3540 2529 3604 ἐξ
2561 3539 2792 3610 Ἰσραήλ.
2811 3541 2945 3608 Φησὶ
2963 3537 3041 3599 δὲ,
3056 3534 3228 3608 οἶμαι,
3253 3537 3348 3610 τὴν
3368 3536 3757 3607 βασιλεύουσαν

2182 3630 2278 3702 τὴν
2304 3631 2470 3685 Ἰούδα
2485 3630 2720 3694 πάντως,
2739 3631 2833 3683 καὶ
2844 3629 2941 3699 οὐχ
2957 3628 3419 3700 ὲτέραν.”οτιγάρ
3432 3628 3759 3698 ἐκτετίμην-

2179 3741 2292 3789 ται,
2323 3724 2416 3777 καὶ
2443 3726 2521 3787 είς
2536 3724 2704 3793 ἄκρον
2720 3722 2914 3792 ἥκουσι
2931 3719 3111 3791 δόξης,
3142 3721 3291 3792 παρά
3309 3736 3374 3788 γε
3398 3722 3513 3782 τοῖς
3528 3720 3624 3771 τοῦ
3647 3720 3760 3772 Σω-

2180 3815 2343 3884 τῆρος
2360 3816 2781 3885 προσκυνηταῖς,
2811 3813 2860 3865 οί
2889 3813 3018 3882 παρ’
3046 3810 3209 3865 αὑτοῦ
3242 3810 3762 3882 προκεχειρισμένοι

2178 3905 2279 3976 τῆς
2302 3906 2391 3973 ὑφ’
2406 3905 2540 3975 ήλίῳ
2553 3904 2882 3974 καθηγηταὶ,
2900 3902 3014 3965 πῶς
3030 3900 3175 3955 ἔστιν
3199 3901 3584 3972 ἀμφιϐάλλεινς
3605 3900 3763 3972 Πλὴν

2179 3995 2336 4050 ὅτιτὸ
2357 3995 2544 4065 ἄρχειν
2571 3995 2752 4057 αὐτοῖς
2766 3995 2865 4048 οὐκ
2880 3994 3255 4065 ἀταλαίπωρον
3283 3994 3432 4046 ἔσται
3449 3991 3760 4058 παντελῶς,

2178 4085 2401 4156 ἔμελλον
2427 4086 2482 4138 δὲ
2512 4083 2719 4138 πολλῶν
2753 4084 2849 4139 καὶ
2884 4085 3270 4155 ἀναριθμήτων
3321 4082 3614 4157 πειρᾶσθαι
3649 4099 3763 4138 κα-

2178 4174 2892 4244 κῶψπαραποδισθήσονται
2909 4172 2964 4226 δὲ
2986 4175 3066 4227 ὅτι
3095 4174 3189 4227 καὶ
3215 4174 3313 4227 ούκ
3338 4173 3417 4236 είς
3435 4171 3763 4248 ἆπανεύρῆ.

2181 4282 2331 4319 σουσι
2350 4266 2448 4336 τῆς
2465 4266 2764 4334 ἀποστολῆς
2778 4266 2870 4318 τὸν
2891 4265 3087 4336 δρόμον
3114 4266 3371 4319 κινδύνων
3386 4265 3761 4339 ἀπηλλαγμέ-

2178 4372 2286 4422 νον,
2305 4356 2381 4418 ὡς
2404 4358 2460 4408 ἐν
2481 4357 2636 4428 τύπῳ
2665 4356 3104 4428 παραδείγματος
3132 4358 3517 4431 ὐπεμφήνειεν,
3553 4361 3762 4424 εἰπὼν,

506 4455 685 4520 gmata
727 4461 1054 4517 proponens.
1082 4445 1294 4500 Mersus
1337 4445 1483 4500 enim
1516 4444 1825 4516 viperarum
1852 4445 2081 4501 inevita-

2182 4447 2264 4499 ὅτι
2298 4465 2317 4498 ι
2356 4446 2646 4517 Γενηθήτω
2667 4447 2792 4503 Adv
2825 4464 2853 4501 1
2878 4449 2997 4503 ἀντὶ
3040 4449 3155 4516 τοῦ,
3198 4451 3345 4505 ἔσται
3370 4451 3432 4504 τὸ
3463 4451 3566 4505 Δὰν
3587 4453 3615 4504 6
3636 4451 3768 4505 τῶν

506 4538 645 4595 b’iles
676 4536 1075 4607 quodammodo
1101 4544 1248 4600 sunt,
1279 4536 1493 4591 etiamsi
1519 4537 1572 4591 in
1601 4537 1779 4607 ipsum
1805 4536 1935 4591 fiant
1960 4539 2073 4592 cal-

504 4639 755 4679 eancum.
794 4622 960 4693 (ipse
982 4625 1149 4689 enim,
1174 4624 1270 4689 ait,
1298 4624 1612 4681 observabit
1634 4634 1797 4695 caput
1821 4635 1998 4692 tuum,
2019 4636 2076 4682 et

506 4725 561 4770 tu
590 4716 907 4771 observalris
931 4716 1244 4770 caleancum
1271 4716 1417 4770 illius
1440 4716 1505 4769 ".
1539 4736 1557 4767 ι
1584 4716 1664 4770 Ita
1699 4717 1846 4771 enim
1874 4718 2075 4773 sanctis

504 4806 765 4877 apostolis
789 4813 915 4861 sunt
955 4806 1215 4871 insidiati,
1243 4815 1301 4860 ut
1340 4806 1504 4861 etiam
1544 4814 1778 4861 mortem
1812 4821 2074 4878 corpora-

504 4898 609 4951 lem
645 4897 777 4968 ipsis
808 4897 1115 4953 intulerint.
1141 4896 1297 4953 Unde
1337 4897 1442 4952 tale
1479 4897 1611 4968 quid
1651 4912 1747 4953 eos
1788 4914 2078 4968 perpessos

501 5001 620 5041 esse
643 4986 898 5053 dicimus,
924 4985 1231 5058 cujusmodi
1256 4994 1536 5056 pateretur
1566 5002 1755 5055 eques,
1780 4986 1825 5042 si
1860 4987 2077 5043 labente

503 5092 646 5147 equo
676 5077 870 5132 solutis
908 5079 1308 5148 posterioribus
1336 5077 1596 5147 pedibus,
1639 5077 1880 5132 insessor
1920 5079 2074 5147 supi-

507 5184 609 5222 nus
640 5169 694 5223 in
731 5177 926 5223 terram
958 5169 1224 5239 procidat,
1253 5175 1574 5238 exspectans
1604 5170 1697 5239 qui
1737 5185 1895 5238 opem
1935 5169 2076 5223 ferat

501 5272 563 5311 ac
589 5259 776 5314 salvet.
807 5258 1135 5330 Exspectant
1174 5271 1357 5314 autem
1397 5260 1561 5313 etiam
1602 5259 1775 5313 divini
1815 5260 2071 5328 discipuli

500 5356 867 5416 opportunum
892 5367 1003 5406 sua:
1034 5352 1217 5422 gloriae
1247 5359 1303 5406 ct
1340 5350 1531 5405 salutis
1561 5361 1794 5420 tempus,
1830 5365 1938 5420 quo
1970 5365 2067 5402 vo-

501 5439 768 5495 cabuntur
802 5443 855 5495 in
898 5458 1120 5512 regnum
1160 5444 1539 5497 inconcussum
1578 5450 1740 5511 atque
1782 5442 2069 5510 sempiter-

502 5545 654 5596 num,
686 5534 1017 5589 acclamante
1057 5536 1139 5589 eis
1172 5535 1388 5611 Christo
1433 5552 1447 5589 :
1489 5553 1505 5585 ι
1536 5534 1748 5599 Venite,
1794 5532 2067 5589 benedicti

2177 4536 2481 4591 διωκόντων
2508 4538 2700 4608 δῆμος,
2742 4560 2760 4591 ι
2795 4539 2870 4603 ὡς
2913 4540 3037 4610 ὄφις
3098 4542 3154 4594 ὲν
3182 4540 3284 4611 ὁδῷ
3312 4541 3615 4611 καθήμενος
3653 4542 3774 4597 ἐπὶ

2175 4627 2362 4707 τρίϐου
2387 4628 2595 4683 δάκνων
2625 4630 2859 4702 πτέρναν
2887 4632 3077 4694 ἵππου,
3119 4651 3137 4683 ι
3165 4632 3444 4698 τουτέστι,
3477 4631 3624 4685 δεινά
3651 4636 3776 4689 καὶ

2177 4718 2391 4788 ἄφυκτα
2405 4719 2648 4791 δόγματα
2670 4721 2859 4784 διδούς.
2876 4723 3163 4793 Τοιγάρτοι
3183 4722 3290 4777 τῶν
3313 4724 3477 4794 ἔχεων
3490 4723 3778 4794 δήγματα

2175 4810 2543 4881 δυσδιὰφυκτὰ
2565 4811 2679 4876 πῶς
2701 4814 2856 4876 εἰσιν,
2888 4816 2936 4867 εί
2960 4814 3052 4867 καὶ
3083 4815 3162 4877 είς
3184 4815 3352 4884 αὐτὴν
3380 4815 3615 4882 γένοιντο
3645 4816 3781 4885 τὴν

2176 4899 2436 4969 πτέρναν.
2480 4917 2499 4950 ι
2539 4900 2709 4964 Αὐτὸς
2735 4902 2842 4972 γάρ
2873 4918 2985 4962 σου,
3019 4903 3152 4973 φησι
3179 4943 3193 4968 ,
3223 4906 3451 4974 τηρήσει
3478 4903 3782 4974 κεφαλὴν,

2175 4992 2269 5045 καὶ
2299 4992 2363 5044 σὺ
2396 4993 2658 5062 τηρήσεις
2681 4991 2846 5045 αὐτοῦ
2884 4995 3169 5064 πτέρναν.»
3218 4993 3651 5048 Ἐπεσούλευσαν
3696 4996 3785 5052 δὲ

2172 5082 2316 5135 οὕτω
2358 5082 2503 5146 τινὲς
2547 5085 2661 5145 τοῖς
2695 5083 2870 5151 ἁγίοις
2907 5086 3260 5150 ἀποστόλοις,
3306 5085 3382 5147 ὡς
3433 5085 3525 5138 καὶ
3576 5084 3789 5142 αὑτὸν

2172 5174 2469 5242 ἐπαγαγεῖν
2485 5172 2576 5226 τδν
2596 5174 2695 5243 τῆς
2715 5175 2914 5244 σαρκὸς
2937 5175 3181 5230 θάνατον.
3206 5177 3315 5230 Καὶ
3340 5178 3402 5246 δή
3427 5193 3481 5229 τι
3502 5175 3793 5234 τοιοῦτον

2175 5262 2474 5332 ύποστῆναί
2505 5280 2684 5333 φαμεν
2712 5263 2927 5329 αὐτοὺς,
2966 5267 3146 5318 ὁποῖον
3188 5267 3254 5320 ἂν
3292 5267 3438 5338 πάθῃ
3470 5268 3630 5337 τυχὸν
3662 5272 3796 5324 ἱπ-

2177 5353 2331 5416 πεὺς,
2366 5354 2693 5417 ὀκλάσαντος
2730 5355 2897 5408 ἵππου
2919 5397 2932 5422 ,
2965 5357 3057 5409 καὶ
3087 5357 3278 5410 ἀνόπιν
3317 5357 3504 5430 ὥσπερ
3544 5361 3747 5436 ὑεριζη
3764 5396 3797 5408 -

2176 5443 2351 5506 κότος.
2394 5444 2848 5516 Ὑπτιασθήσεται
2877 5447 2982 5517 γὰρ
3010 5448 3037 5500 6
3060 5447 3348 5519 ἐπιϐάτης,
3383 5451 3478 5502 καὶ
3506 5451 3588 5513 εἷς
3612 5452 3794 5524 γῆν.

2176 5529 2348 5604 οἶμαι,
2421 5536 2623 5603 πεσὼν,
2653 5540 2935 5610 περιμενεῖ
2958 5538 3048 5593 τὸν
3086 5538 3346 5604 σώζοντα.
3381 5542 3803 5614 Περιμενοῦσι

579 5705 763 5762 “‘lsa.
793 5724 954 5775 xxx”,
1002 5711 1089 5763 29..
1167 5715 1209 5745 δ’
1240 5713 1469 5767 Malach.
1516 5729 1574 5776 ιι,
1602 5715 1653 5767 7.
1732 5716 1774 5748 ⁸³
1812 5713 1952 5770 Psal-
2008 5729 2081 5768 ιι]

2191 5715 2274 5770 l7.
2334 5717 2558 5800 “‘Gen.
2597 5735 2737 5785 xux,
2770 5719 2855 5773 l7.
2932 5719 2975 5752 "
2999 5706 3133 5775 Gen.
3166 5735 3245 5787 ιιι,
3275 5722 3359 5778 l5.
