4074 6260
376 334 484 391 368

1332 334 1850 390 GLAPBYRORUM
1889 334 1955 387 IN
1996 334 2296 388 GENESLM
2334 335 2464 390 LIB.
2508 335 2616 393 vn.

3516 336 3624 395 366

376 446 436 503 δὲ
454 449 504 502 οἱ
536 446 821 501 θεσπέσιοι
847 446 1087 519 μαθηταὶ
1114 447 1207 501 τὸν
1233 449 1332 519 τῆς
1354 449 1563 503 ἑαυτῶν
1592 450 1750 520 δόξης
1770 467 1828 501 τε
1858 450 1952 503 καὶ

2062 449 2233 504 Patris
2254 451 2383 515 mei,
2412 453 2688 521 possidete
2718 470 2951 527 regnum
2978 455 3133 513 vobis
3153 473 3184 512 a
3206 456 3395 512 mundi
3423 461 3627 514 constio

366 539 661 609 σωτηρίας
675 541 884 607 καιρὸν,
903 539 1022 593 καθ’
1037 539 1097 592 ὃν
1110 541 1364 611 εἰσκεκλή
1373 558 1553 596 σονται
1576 545 1655 606 εις
1682 541 1954 611 βασιλείαν

381 632 693 701 ἀκλόνητον
739 632 832 685 καὶ
876 630 1114 697 αἰώνιον,
1166 632 1569 701 ἐπιφωνοῦντος
1629 635 1813 697 αὐτοῖς
1859 632 1953 686 τοῦ

386 721 630 794 Χριστοῦ
654 737 669 753 ⁸
703 741 722 773 ι
759 721 951 786 Δεῦτε,
989 724 1036 776 oi
1065 723 1420 793 εὐλογημένοι
1444 724 1537 778 τοῦ
1573 725 1788 795 Πατρός
1827 741 1951 794 μου,

392 813 827 885 κληρονομήσατε
853 812 951 885 τὴν
979 815 1381 887 ἡτοιμασμένην
1404 816 1532 886 ὑμῖν
1553 815 1830 885 βασιλείαν
1850 815 1958 868 ἀπὺ

392 905 687 975 καταϐολῆς
709 908 803 960 τοῦ
825 907 1052 978 κόσμου.
1086 927 1108 960 ι
1140 908 1185 960 Τ
1187 907 1465 962 ετελέκασι
1492 906 1603 977 γὰρ
1622 907 1712 960 τὸν
1737 906 1953 977 δρόμον,

390 1001 707 1070 τετηρήκασι
738 1000 795 1053 δὲ
825 999 925 1054 καὶ
958 999 1056 1071 τὴν
1082 1000 1283 1054 πίστιν.
1327 998 1537 1053 οὐκοῦν
1575 998 1668 1051 τὸν
1706 999 1956 1068 ἀμάραν-

383 1106 470 1143 τον
515 1091 614 1160 τῆς
660 1090 824 1158 δόξης
879 1090 1304 1161 ἀποκομιοῦνται
1347 1089 1629 1159 στέφανον.
1683 1090 1746 1142 Et
1792 1088 1849 1139 δέ
1892 1087 1955 1156 δὴ

373 1179 613 1248 βούλοιτό
649 1198 742 1243 τις
787 1181 913 1251 οὐχὶ
958 1180 1035 1251 τῷ
1069 1181 1178 1235 Δὰν
1220 1179 1436 1234 ἔσεσθαι
1479 1196 1633 1243 τινας
1680 1179 1758 1241 ὼς
1804 1178 1957 1246 ὄφεις

369 1268 791 1338 ἐγκαθημένους
823 1268 951 1339 όδῷ,
982 1269 1092 1323 ἀλλ’
1117 1268 1281 1322 αὑτὸν
1301 1268 1507 1340 ἑτέροις
1542 1267 1957 1321 ἐπιϐουλεύσειν

367 1357 457 1409 τὸν
484 1358 625 1410 Δάν·
661 1358 849 1409 ἐκεῖνο
873 1356 1121 1428 ἐροῦμεν,
1149 1359 1232 1411 ὅτι
1261 1357 1323 1411 τὸ
1360 1358 1568 1429 κρίνειν
1599 1373 1656 1410 τε
1694 1357 1789 1409 καὶ
1820 1356 1956 1408 καθ-

365 1449 626 1518 ηγεῖσθαι
661 1449 816 1502 λαῶν
858 1449 1068 1519 ἔχοντες
1103 1451 1152 1503 οἱ
1193 1450 1231 1502 Γ
1236 1453 1536 1522 ραμματείς
1570 1467 1630 1503 τε
1656 1450 1752 1502 καὶ
1789 1450 1957 1519 ⁴ιἀρι-

368 1543 533 1599 σαῖοι,
564 1540 920 1610 πικροτάτων
940 1540 1108 1611 ἔχεων
1127 1542 1422 1611 ἐπεφύοντο
1442 1542 1597 1612 δίκην
1612 1541 1690 1611 τῷ
1710 1539 1952 1611 Χριστῷ,

370 1633 472 1684 καὶ⁸
509 1632 679 1684 οἱονεί
702 1650 820 1695 πως
855 1633 1024 1687 ἱππέα
1054 1633 1142 1686 διὰ
1164 1633 1324 1704 ψιλῆς
1347 1651 1407 1687 τε
1426 1635 1521 1688 καὶ⁸
1551 1634 1699 1696 λείας
1725 1633 1955 1705 ᾄττοντα

376 1721 598 1791 τρίϐου,
649 1721 894 1791 δήγμασι
926 1725 1366 1794 παρακόπτοντες
1400 1725 1624 1787 ἀνοσίως
1647 1724 1952 1793 ἡλίσκοντο.

2059 542 2268 598 tutione
2288 554 2535 613 paratum
2557 546 2622 599 “.
2637 546 3128 606 nConsummarunt
3144 550 3289 605 enim
3304 564 3546 613 cursum.
3569 561 3628 606 et

2056 631 2220 687 ﬁdem
2259 646 2582 701 servarunt,
2635 637 2869 710 ideoque
2911 656 3171 696 coronam
3213 640 3397 711 gloria
3442 655 3630 710 repor-

2057 724 2253 781 tabunt
2283 726 2794 784 immareescibilem
2821 731 2907 786 η’.
2949 732 3143 797 Porro,
3164 734 3211 788 si
3246 732 3370 802 quis
3389 741 3630 787 statuere

2054 816 2190 870 velit
2213 833 2324 872 non
2363 816 2578 874 futuros
2597 837 2719 876 esse
2756 824 2871 878 Dan
2900 824 3040 879 ullos
3068 834 3325 894 tanquam
3348 831 3631 893 serpentes

2057 908 2360 965 insidentes
2396 911 2518 975 via,
2546 912 2642 967 sed
2682 913 2858 984 ipsum
2898 917 3013 971 Dan
3047 916 3169 971 aliis
3211 917 3629 980 insidiaturum,

2057 1007 2174 1054 tum
2205 1001 2339 1055 illud
2375 1002 2633 1069 dicimus,
2680 1006 2828 1075 quod
2872 1006 3079 1063 Scriba
3115 1018 3171 1063 et
3194 1009 3452 1063 Pharisai
3480 1008 3630 1079 judio

2056 1091 2203 1145 cium
2245 1092 2454 1161 pariter
2492 1103 2549 1148 et
2579 1096 2947 1167 principatum
2987 1098 3321 1163 obtinentes,
3350 1100 3523 1154 instar
3548 1112 3631 1155 tc-

2057 1176 2408 1238 terrima‘rum
2446 1185 2761 1256 viperarum
2805 1190 3071 1245 irruerint
3112 1192 3167 1245 in
3213 1189 3525 1256 Christum,
3568 1207 3632 1245 ac

2059 1274 2216 1343 quasi
2236 1275 2477 1344 equitem
2504 1292 2603 1346 per
2628 1290 2914 1347 angustam
2935 1281 3288 1352 glabramque
3313 1283 3453 1336 viam
3475 1282 3631 1336 festi-

2060 1374 2285 1419 nantem
2324 1366 2603 1422 morsibus
2624 1367 2864 1434 inﬁictis,
2889 1371 3055 1441 impie
3080 1373 3342 1442 ceperint.
3360 1372 3630 1428 Caterum

2056 1455 2267 1509 etiamsi
2296 1471 2465 1525 eques
2495 1458 2777 1524 ceciderit,
2806 1460 2996 1515 volens
3030 1471 3261 1518 mortem
3292 1464 3471 1517 carnis
3503 1480 3631 1535 per-

2056 1560 2268 1615 pessus,
2302 1553 2483 1600 tamen
2526 1547 2726 1602 iterum
2765 1551 3077 1617 reviviscet,
3108 1554 3509 1610 constituturus
3530 1556 3631 1610 Pa-

2057 1646 2195 1691 trem
2219 1636 2525 1707 adjutorem
2563 1645 2727 1709 atque
2753 1642 3159 1710 opitulatorem.
3185 1645 3319 1699 Nam
3356 1662 3479 1701 cum
3517 1648 3633 1718 ipse

2057 1726 2127 1781 sit
2155 1727 2252 1781 Dei
2276 1742 2339 1782 ac
2363 1728 2542 1783 Patris
2574 1730 2840 1798 potentia,
2870 1747 3028 1785 suum
3060 1733 3232 1803 ipsius
3257 1737 3518 1806 templum
3549 1739 3634 1792 via

393 1811 538 1864 Ἀλλ’
571 1814 621 1864 εἰ
650 1814 743 1866 καὶ
774 1814 1060 1869 πέπτωκεν
1099 1817 1126 1869 ό
1161 1817 1389 1880 ἱππεὺς,
1418 1816 1696 1885 ἐθελοντὴς
1719 1815 1954 1878 ἀνατλὰς

2062 1817 2311 1872 viﬁcavit.
2353 1817 2590 1888 Ideoque
2629 1826 2685 1872 et
2712 1821 2953 1877 salvatus
2985 1823 3191 1878 dicitur
3215 1841 3247 1879 a
3272 1826 3454 1891 Patre,
3483 1828 3633 1897 peri-

389 1902 481 1956 τδν
508 1903 608 1972 τῆς
637 1906 837 1976 σαρκὸς
863 1908 1117 1960 θάνατον·
1148 1906 1263 1961 ἀλλ’
1301 1903 1395 1960 οῦν
1441 1908 1539 1959 καὶ
1563 1906 1918 1960 ἀναδιώσεται
1938 1945 1954 1971 ,

391 1995 739 2067 συλλήπτορα
767 1997 861 2049 καὶ
907 1997 1195 2068 ἐπαρωγὸν
1229 1996 1553 2065 ποιούμενος
1590 1997 1681 2050 τὸν
1718 1996 1954 2069 Πατέρα.

385 2084 633 2156 Δύναμις
666 2087 777 2156 γὰρ
814 2086 891 2140 ῶν
920 2088 1012 2141 τοῦ
1061 2087 1197 2141 Θεοῦ
1231 2089 1326 2142 καὶ
1370 2087 1604 2157 Πατρὸς,
1640 2090 1669 2141 ό
1700 2088 1842 2154 Υἱὸς,
1869 2089 1958 2143 τὸν

382 2180 521 2233 ἴδιον
548 2181 713 2246 αὐτὸς
741 2179 1073 2252 ἐζωοποίησε
1119 2182 1262 2235 ναόν.
1296 2181 1560 2252 Ταύτῃτοι
1594 2180 1854 2235 σεσῶσθαι
1876 2182 1962 2236 λέ-

375 2287 543 2338 γεται
572 2272 724 2343 παρὰ
750 2273 845 2325 τοῦ
870 2274 1082 2342 Πατρός
1115 2270 1536 2334 κεκινδυνευκὼς
1556 2272 1631 2334 ὠς
1649 2272 1956 2344 ἄνθρωπος,

376 2363 564 2417 καίτοι
596 2364 735 2416 κατὰ
764 2363 929 2433 φύσιν
951 2365 1210 2437 ὑπάρχων
1229 2365 1381 2432 Θεὸς,
1408 2364 1505 2418 καὶ
1532 2363 1659 2435 ὃλην
1684 2365 1846 2427 αὐτὸς
1875 2368 1958 2429 εἰς

2055 1909 2195 1964 culis
2237 1915 2300 1963 ut
2337 1909 2504 1964 homo
2543 1910 2843 1981 subjectus,
2870 1929 3181 1986 quanquam
3210 1927 3403 1988 suapte
3436 1926 3633 1974 natura

2058 2001 2130 2055 sit
2148 2001 2312 2065 Deus,
2342 2009 2621 2071 totamque
2642 2003 2916 2058 visibilem
2940 2015 3101 2076 atque
3132 2009 3459 2066 invisibilem
3485 2026 3636 2066 crea-

2059 2100 2239 2149 turam
2264 2094 2322 2148 in
2352 2108 2454 2149 suo
2503 2102 2648 2150 statu
2683 2096 2990 2152 continens.
3020 2098 3134 2153 Hoc
3158 2101 3321 2155 modo
3348 2102 3632 2157 intellexe-

2058 2184 2138 2238 ris
2170 2183 2317 2254 quod
2355 2182 2516 2238 divus
2558 2183 2761 2238 Paulus
2804 2184 2936 2238 alibi
2982 2185 3050 2241 de
3087 2202 3155 2242 eo
3194 2189 3424 2244 scribit:
3455 2209 3473 2241 ι
3519 2190 3635 2247 Etsi

2064 2273 2212 2329 enim
2244 2273 2542 2329 cruciﬁxus
2571 2281 2658 2327 est
2691 2288 2759 2327 ex
2788 2271 3126 2344 inﬁrmitate,
3171 2275 3312 2334 vivit
3350 2284 3531 2333 tamen
3568 2293 3637 2333 ex

2062 2365 2306 2435 potentia
2331 2366 2427 2421 Dei
2456 2365 2522 2419 ".
2553 2383 2575 2418 ι

374 2458 437 2510 τὸ
465 2454 530 2511 εὖ
562 2455 707 2512 εἶναι
741 2461 980 2528 συνέχων
1007 2460 1208 2530 όρατήν
1238 2476 1298 2512 τε
1352 2459 1448 2512 καὶ
1484 2458 1716 2529 ἀόρατον
1757 2458 1959 2513 κτίσιν.
1997 2458 2153 2513 Οῦτω
2175 2475 2278 2513 που
2303 2461 2504 2523 συνιεὶς
2529 2463 2623 2516 καὶ
2643 2465 2672 2517 ό
2701 2460 2985 2525 Θεσπέσιος
3004 2459 3237 2531 Παῦλος,
3277 2464 3409 2536 περὶ
3465 2458 3638 2517 αὐτοῦ

376 2568 534 2621 φησι·
567 2570 589 2602 ‹
614 2551 726 2605 Καὶ
755 2548 866 2621 γὰρ
902 2551 954 2603 εἰ
981 2548 1297 2621 ἐσταυρώθη
1316 2550 1375 2617 ἐξ
1400 2549 1703 2615 ἀσθενείας,
1728 2549 1867 2604 ἀλλά
1897 2549 1963 2619 ζῇ
2004 2552 2066 2603 ἐκ
2092 2551 2371 2621 δυνάμεως
2393 2550 2548 2607 Θεοῦ.
2589 2572 2607 2604 ι

956 2666 1097 2735 Περὶ
1128 2666 1234 2720 τοῦ
1262 2666 1409 2721 ι’άδ.

465 2801 484 2833 ι
514 2780 625 2835 Γὰδ
651 2780 1009 2851 πειρατήριον
1027 2777 1370 2850 πειρατεύσει
1396 2776 1747 2842 αὑτόν·αὑτδς
1771 2779 1827 2833 δέ
1849 2796 1965 2832 πει-

392 2873 638 2945 ρατεύσει
661 2873 826 2928 αὐτὸν
846 2871 989 2927 κατά
1017 2871 1204 2935 πόδας.
1219 2891 1237 2922 ι
1256 2871 1603 2942 Ἡρμήνευσε
1635 2869 1797 2925 πάλιν
1829 2871 1889 2924 τὸ
1911 2868 1965 2924 τί

397 2965 459 3017 ἂν
483 2965 722 3034 βούλοιτο
746 2963 940 3034 δηλοῦν
970 2965 998 3015 ό
1021 2962 1127 3016 Γάδ
1152 2962 1513 3031 ’πειρασμὸς
1539 2961 1669 3033 γὰρ,
1700 2963 1731 3034 ἢ
1764 2979 1963 3031 πειρα-

2722 2668 2802 2724 De
2831 2669 2966 2729 Gud.

2143 2799 2161 2831 ι
2198 2778 2313 2835 Gad
2350 2780 2579 2837 tentatio
2605 2783 2840 2838 tentabit
2874 2799 3021 2839 eum.
3052 2784 3172 2855 Ipse
3193 2790 3379 2839 autem
3404 2780 3639 2837 tentabit

2063 2884 2190 2924 eum
2211 2870 2364 2941 juxta
2392 2872 2562 2941 pedes
2594 2870 2660 2927 ⁸⁸.
2692 2892 2710 2924 ι
2738 2873 2945 2928 lterum
2971 2874 3368 2944 interpretatus
3382 2880 3470 2928 est
3507 2873 3641 2948 quid

2064 2960 2170 3014 sibi
2198 2961 2332 3015 velit
2352 2962 2510 3033 231
2548 2978 2751 3018 nomen
2788 2963 2939 3030 Gad;
2975 2963 3246 3035 signiﬁcat
3279 2963 3429 3019 enim
3467 2970 3643 3017 tenta-

402 3054 620 3123 τήριογ.
659 3055 862 3127 Πρέποι
895 3054 940 3107 δ’
971 3052 1056 3118 ἂν,
1076 3049 1360 3123 οἷμαι,κα“ι
1389 3053 1478 3107 διὰ
1505 3053 1694 3106 τούτου
1729 3053 1959 3108 νοεῖσθαι

2071 3052 2286 3106 tionem.
2314 3053 2436 3108 Non
2463 3062 2646 3108 autem
2688 3056 2797 3109 erit
2833 3055 3122 3120 absonum,
3175 3064 3238 3110 ut
3283 3053 3544 3120 arbitror,
3594 3055 3647 3110 si»

403 3147 494 3200 τὸν
514 3147 763 3217 θεοστυγῆ
776 3164 834 3200 τε
858 3145 955 3199 καὶ
976 3143 1215 3206 ἀλαζόνα
1243 3142 1351 3196 τῶν
1377 3143 1754 3215 Γραμματέων
1782 3161 1842 3197 τε
1867 3146 1960 3197 καὶ

396 3239 704 3309 Φαρισαίων
740 3238 925 3308 ἐσμόνο
977 3236 1027 3289 οἳ
1072 3236 1136 3288 τὸ
1177 3235 1317 3288 θεῖόν
1364 3252 1422 3288 τε
1469 3236 1562 3288 καὶ
1609 3235 1961 3303 εύαγγελικὸν

394 3330 803 3400 παρωθούμενοι
827 3331 1110 3400 κήρυγμα,
1147 3327 1241 3381 καὶ
1269 3325 1378 3379 τῶν
1416 3327 1729 3395 ἀναγκαίων
1759 3326 1960 3397 τιμῶν-

386 3438 478 3486 τες
509 3425 590 3486 εἰς
629 3423 814 3493 δνησιν
862 3423 1013 3475 οὐδὲν
1036 3460 1049 3483 ,
1080 3420 1381 3492 ἐπέϐρυχον
1422 3421 1549 3481 τοὺς
1582 3419 1795 3483 ὀδόντας
1827 3422 1961 3492 Χρι-

388 3515 520 3586 στῷ,
548 3514 853 3568 διδάσκοντι
889 3514 986 3585 μὲν
1010 3513 1078 3565 τὰ
1109 3513 1250 3582 ὑπὲρ
1282 3511 1439 3565 σκιὰν
1476 3512 1571 3564 καὶ
1593 3512 1774 3582 νόμον,
1812 3512 1962 3566 εὐδο-

384 3606 639 3679 κιμοῦντι
666 3606 723 3658 δὲ
753 3606 875 3659 λίαν
904 3605 1000 3658 καὶ
1027 3603 1495 3673 τεθαυμασμένῳ,
1528 3603 1959 3674 καταπλήττοντί

382 3714 444 3751 τε
485 3697 642 3751 οὐδὲν
679 3693 842 3768 ἦττον
884 3697 1014 3758 τοὺς
1058 3695 1164 3748 ἀνὰ
1206 3695 1389 3746 πᾶσαν
1449 3692 1549 3763 τὴν
1591 3694 1852 3747 Ἰουδαίαν
1890 3696 1957 3765 τῇ

380 3787 495 3841 τῶν
536 3785 1127 3859 τετερατουργημένων
1174 3782 1449 3854 ὑπερϐολῇ
1472 3823 1487 3849 ,
1527 3782 1621 3836 καὶ
1680 3785 1799 3847 ταῖς
1848 3785 1959 3836 εἰσ-

387 3881 628 3951 ηγήσεσι
677 3881 797 3941 ταῖς
840 3880 923 3941 εἰς
954 3878 1066 3930 πᾶν
1092 3875 1272 3930 ὁτιοῦν
1315 3876 1425 3928 τῶν
1456 3875 1797 3946 ἀρεσκόντων
1845 3873 1964 3943 Θεῷ

386 3971 803 4041 συνεισφέροντι
833 3969 904 4021 τὰ
937 3967 1232 4039 παράδοξα.
1266 3966 1377 4021 Καὶ
1405 3965 1534 4034 γοῦν
1556 3968 1666 4031 ὅτε,
1694 3965 1838 4019 κατὰ
1863 3967 1963 4036 τὴν

378 4061 486 4129 ⁸τοῦ
513 4062 801 4132 προφήτου
824 4059 1135 4129 φωνὴν,τὴν
1161 4057 1432 4128 Βηθανίαν
1452 4054 1964 4124 ἀφεὶς,εῑσέφρησεν

379 4154 471 4217 εἰς
511 4151 883 4224 Ἰεροσόλυμα,
924 4148 1085 4211 αὐτὸς
1112 4148 1287 4220 πραῢς
1330 4145 1681 4217 ἐπιϐεϐηκὼς
1710 4147 1802 4198 ἐπὶ
1829 4147 1964 4199 ὑπο-

381 4244 582 4311 ζύγιον
611 4243 710 4296 καὶ
741 4239 923 4293 πῶλον
951 4238 1100 4303 νέον,
1140 4238 1190 4290 οι
1222 4237 1321 4308 μὲν
1351 4234 1752 4309 προηγούμενοι
1783 4235 1966 4298 παῖδες

379 4333 769 4405 εὐφημοῦντες
807 4331 1065 4401 ἔφασκον⁸
1099 4346 1117 4380 ι
1139 4328 1369 4383 Ὡσαννά
1395 4328 1474 4397 τῷ
1509 4326 1608 4396 υἱῷ
1639 4325 1821 4381 Δαδίδ.
1856 4326 1959 4378 Εύο

2062 3160 2163 3214 per
2194 3143 2342 3198 hunc
2378 3143 2747 3217 intelligamus
2782 3147 2896 3202 Deo
2930 3147 3218 3202 adversam
3251 3153 3308 3202 et
3346 3146 3642 3216 superbam

2066 3234 2384 3290 Scribarum
2431 3243 2594 3307 atque
2644 3237 3045 3294 Pbarisaorum
3098 3238 3339 3308 turbam,
3380 3237 3475 3306 qui
3516 3252 3643 3291 cum

2063 3326 2309 3381 divinum
2344 3336 2508 3398 atque
2549 3330 2923 3399 evangelicum
2963 3329 3294 3400 praconium
3320 3327 3430 3383 sint
3454 3343 3643 3399 asper-

2062 3420 2199 3485 nati,
2239 3435 2418 3491 neque
2457 3419 2756 3491 quidquam
2791 3438 2981 3477 eorum
3012 3437 3134 3493 qua
3173 3429 3301 3477 sunt
3329 3421 3645 3477 necessaria

2062 3512 2129 3565 ad
2181 3512 2413 3567 salutem
2457 3513 2753 3581 coluerint,
2802 3513 3109 3569 fremebant
3152 3514 3409 3569 dentibus
3452 3521 3645 3567 contra

2061 3602 2362 3669 Christum,
2388 3602 2677 3659 docentem
2706 3620 2827 3675 qua
2857 3605 3248 3661 excellentiora
3276 3611 3434 3658 erant
3455 3603 3644 3674 ﬁguris

2062 3693 2220 3764 legis,
2262 3710 2641 3767 summamque
2670 3696 2741 3751 ob
2773 3698 2992 3768 egregia
3017 3697 3160 3751 facta
3193 3696 3413 3749 laudem
3449 3693 3644 3747 existi-

2063 3789 2470 3857 mationemque
2509 3798 2885 3852 consecutum,
2942 3797 2999 3841 et
3039 3785 3415 3855 prodigiorum
3461 3784 3644 3839 excel-

2063 3875 2232 3931 lentia
2306 3887 2478 3931 totam
2554 3877 2799 3931 Judaam
2844 3872 3427 3944 perterrefacientem,
3477 3879 3646 3941 atque

2065 3983 2175 4021 una
2200 3966 2465 4020 doctrinae
2485 3981 2676 4020 eorum
2706 3980 2827 4033 qua
2852 3965 2965 4018 Deo
2994 3963 3049 4017 in
3074 3962 3267 4032 primis
3288 3962 3525 4031 placent.
3556 3963 3649 4016 in-

2065 4055 2253 4111 audita
2297 4055 2562 4110 miracula
2602 4053 2971 4124 adjicientem.
3014 4050 3171 4109 Unde
3208 4050 3449 4121 quando,
3489 4052 3644 4123 juxta

2065 4161 2255 4200 vocem
2285 4145 2566 4216 propheta
2596 4144 2664 4211 ον,
2704 4143 2897 4199 relicta
2933 4142 3217 4208 Bethania,
3253 4142 3532 4214 ingressus
3560 4153 3644 4199 est

2068 4238 2493 4308 Hierosolymam
2513 4245 2834 4292 mansuetus
2853 4250 3151 4290 conscensa
3170 4235 3322 4289 asina
3347 4234 3641 4307 subjugali,

2068 4337 2124 4384 et
2168 4330 2320 4400 pullo
2371 4329 2510 4400 ejus,
2542 4328 2699 4399 pueri
2728 4328 2952 4397 quidem
2988 4333 3302 4397 praeuntes
3335 4325 3594 4381 dicebant
3627 4346 3639 4380 :

374 4429 523 4497 λογη
533 4426 693 4495 μένος
716 4425 746 4477 ὁ
778 4422 1069 4493 ἐρχόμενος
1090 4421 1147 4473 ἐν
1178 4419 1405 4489 ὀνόματι
1430 4418 1660 4490 Κυρίου.
1702 4436 1721 4470 ι
1755 4418 1799 4470 Τ
1802 4417 1879 4469 ὦν
1906 4415 1959 4469 δὲ

2074 4442 2092 4474 ι
2128 4422 2382 4477 Hosanna
2423 4420 2535 4475 ﬁlio
2560 4421 2750 4475 David.
2784 4418 3116 4475 Benedictus
3152 4418 3247 4488 qui
3276 4418 3430 4472 venit
3463 4418 3517 4471 in
3540 4435 3643 4472 no-

384 4517 729 4574 συνθεόντων
760 4514 903 4577 τινὲς
944 4512 1014 4566 τά
1047 4508 1721 4580 ἱμάτιαεκατεστρώννυον
1750 4512 1807 4561 ἐν
1842 4509 1962 4570 ταῖς

376 4600 551 4672 ὁδοῖς,
581 4607 677 4660 καὶ
715 4605 818 4659 οὐκ
855 4604 1204 4674 ἀθαύμαστον
1244 4599 1524 4655 ἐποιοῦντο
1556 4602 1656 4671 τὴν
1688 4600 1960 4672 εἰσϐολήν·

375 4702 441 4756 o'.
470 4700 527 4754 δὲ
569 4699 981 4770 διερρήγνυντο,
1023 4696 1118 4748 καὶ
1143 4694 1421 4766 δευτέροις
1440 4692 1534 4746 τοῦ
1572 4693 1765 4762 φθόνου
1795 4693 1964 4763 πλητ-

375 4792 610 4861 τόμενοι
642 4791 919 4860 κέντροις,
963 4786 1329 4856 προσελάλουν
1357 4785 1642 4856 ἀλλήλοις,
1686 4783 1966 4856 μονονουχὶ

375 4885 451 4939 δὲ
493 4883 582 4936 καὶ
637 4879 973 4954 κατῃτιῶντο
1023 4878 1314 4949 μέλλοντας
1359 4877 1439 4930 ἐτι
1486 4877 1616 4948 περὶ
1662 4876 1723 4929 τὸ
1770 4876 1964 4946 χρῆναι

378 4976 582 5045 φονᾷν.
619 4973 898 5042 Ἐφασκον
918 4970 1062 5041 γὰρ,
1094 4972 1177 5023 ὃτι
1216 4987 1233 5020 ι
1268 4968 1536 5039 Θεωρεῖτε
1579 4970 1660 5022 ὅτι
1695 4967 1793 5019 οὐκ
1821 4967 1966 5034 ὠφε-

381 5064 483 5119 λεῖ
528 5063 703 5117 οὐδέν.
735 5061 843 5115 Ἴδε
869 5064 898 5114 ὁ
938 5060 1146 5129 κόσμος
1190 5058 1311 5121 ὅλος
1371 5057 1547 5110 ὀπίσω
1592 5054 1760 5109 αὐτοῦ
1786 5055 1964 5124 ἀπῆλ-

380 5158 509 5211 θεν.
554 5174 572 5207 ι
612 5154 831 5224 Ἐπειδὴ
852 5153 909 5206 δὲ
933 5151 1033 5223 τὴν
1072 5151 1180 5204 τῶν
1212 5150 1312 5221 ήδη
1347 5149 1790 5202 πεπιστευκότων
1828 5148 1968 5218 πλη-

381 5250 497 5303 θὺν
530 5248 825 5310 ἐδεδίεσαν,
855 5244 1057 5316 χειρῶν
1091 5244 1189 5313 μὲν
1228 5242 1367 5303 τέως
1414 5240 1706 5309 ἐφείδοντο,
1735 5241 1828 5290 καὶ
1865 5239 1963 5308 τῆς

380 5344 478 5403 εἰς
504 5336 780 5413 προῦπτον
805 5336 1080 5405 ἐπιϐολῆς.
1113 5335 1229 5386 Ἵνα
1262 5332 1319 5383 δέ
1340 5333 1452 5392 τοῖς
1484 5328 1769 5399 Ῥωμαίων
1797 5345 1964 5399 προσ-

382 5431 647 5503 κρούσειι
687 5428 1047 5499 στρατηγοῖς,
1079 5420 1453 5490 ἐπιπέμπουσί
1492 5435 1645 5482 τινας
1676 5418 1784 5471 τῶν
1822 5420 1966 5473 ἰδίων

387 5520 658 5596 μαθητῶν
700 5520 839 5591 μετὰ
881 5518 988 5570 τῶν
1025 5513 1374 5585 καλουμένων
1413 5510 1759 5585 Ἦρωδιανῶν
1784 5512 1968 5580 λέγον-

2070 4514 2216 4568 mine
2244 4512 2461 4567 Domini
2489 4512 2556 4564 ".
2595 4530 2614 4563 ι
2639 4510 2897 4565 Nonnulli
2923 4524 3057 4563 vero
3077 4524 3271 4563 eorum
3294 4508 3390 4579 qui
3418 4523 3647 4562 concur-

2069 4603 2283 4666 rebant,
2323 4601 2649 4658 vestimenta
2674 4617 2774 4657 sua
2808 4610 3119 4657 straverunt
3155 4603 3213 4657 in
3240 4603 3368 4669 viis,
3396 4602 3646 4658 celeber-

2069 4693 2318 4765 rimeciue
2361 4709 2489 4748 eum
2527 4700 2902 4764 exceperunt:
2944 4693 3195 4748 nonnulli
3232 4708 3364 4749 vero
3409 4693 3649 4747 disrum—

2069 4786 2361 4855 pebantur,
2412 4791 2469 4839 et
2504 4783 2789 4839 acerrimis
2829 4784 3045 4839 invidia
3088 4784 3324 4838 stimulis
3368 4781 3645 4850 exagitati.

2070 4876 2523 4946 colloquebantur
2561 4875 2707 4930 inter
2745 4890 2823 4939 se,
2863 4883 3026 4944 atque
3072 4871 3398 4926 incusabant
3424 4885 3520 4924 eos
3551 4872 3644 4940 qui

2070 4966 2138 5021 ad
2178 4967 2357 5038 ipsum
2384 4966 2827 5021 interﬁciendum
2860 4965 3132 5019 tardiores
3151 4968 3367 5023 essent;
3393 4960 3648 5015 dicebant

2069 5056 2267 5112 enim:
2322 5076 2342 5108 ‹
2397 5057 2607 5112 Videtis
2669 5055 2817 5126 quod
2868 5053 3006 5108 nihil
3051 5065 3279 5122 prorsus
3327 5049 3643 5119 proﬁciatis.

2072 5148 2212 5202 Ecce
2255 5154 2405 5202 totus
2450 5146 2689 5201 mundus
2737 5144 2990 5213 sequitur
3016 5156 3144 5195 eum
3185 5141 3252 5195 ".
3283 5159 3302 5191 ι
3337 5138 3474 5195 Cum
3515 5154 3647 5193 vero

2072 5238 2331 5292 timerent
2366 5237 2774 5291 multitudinem
2802 5249 2996 5288 eorum
3018 5234 3113 5302 qui
3137 5233 3251 5302 jam
3274 5230 3640 5291 crediderant.

2070 5329 2312 5398 primum
2358 5326 2580 5403 quidem
2609 5323 2959 5378 abstinebant
2999 5336 3216 5387 manus,
3261 5328 3318 5374 et
3372 5328 3646 5389 tempera—

2072 5420 2204 5473 bant
2243 5417 2346 5471 sibi
2392 5418 2461 5470 ab
2499 5424 2687 5484 aperta
2724 5412 2930 5469 Christi
2975 5412 3257 5468 invasione
3288 5429 3303 5477 ;
3349 5412 3443 5467 sed
3494 5421 3552 5466 ut
3590 5412 3647 5466 in

2072 5509 2430 5564 offensionem
2480 5505 2717 5559 militum
2764 5505 3135 5561 Romanorum
3184 5505 3512 5567 incurreret,
3543 5502 3648 5557 mi-

471 5680 517 5711 ⁸⁸
543 5678 739 5737 Matth.
789 5691 912 5738 xxv,
942 5662 1030 5728 δέ.
1107 5673 1167 5704 ⁸⁸⁸
1192 5673 1237 5729 ll
1257 5671 1494 5728 Timoth.
1529 5687 1603 5734 IV,
1633 5671 1687 5732 '7,
1725 5671 1758 5723 8
1781 5671 1959 5737 ;lPet1

2070 5710 2082 5735 ,
2118 5669 2169 5721 4.
2249 5668 2292 5699 ⁸⁷
2317 5666 2361 5722 ll
2385 5664 2513 5722 Cor.
2544 5678 2656 5727 mi,
2695 5661 2748 5716 4.
2824 5659 3199 5726 “Gemitus,
3237 5659 3324 5716 19.
3403 5658 3446 5689 θ’
3483 5655 3686 5711 Zach.’

384 5765 476 5819 lx,
506 5750 569 5807 9.
640 5749 688 5782 "
715 5745 912 5809 Matth.
946 5760 1055 5813 xm,
1086 5744 1138 5797 9.
1227 5744 1268 5775 “
1292 5742 1478 5796 Matth.
1517 5756 1591 5806 xl,
1636 5740 1722 5792 47.
