4074 6260
443 315 548 372 367

1468 310 1525 366 S.
1559 310 1833 366 CYRILLI
1871 308 2341 367 ΑιΕΧΑΝυιιιΜ
2381 313 2697 371 ARCHIEP.

3595 318 3696 373 563

444 439 639 487 serunt
680 429 944 501 quosdam
980 441 1206 483 suorum
1238 425 1638 496 discipulorum
1665 441 1792 481 cum
1823 425 1892 481 iis
1927 429 2020 496 qui

2125 447 2243 493 τας·
2287 451 2306 484 ι
2353 432 2684 499 Διδάσκαλε,
2730 433 2952 504 οἴδαμεν
2989 435 3072 488 δτι
3128 435 3336 508 ἀληθὴς
3377 434 3460 499 εί,
3506 438 3598 491 καὶ
3641 455 3700 489 α-

445 532 714 580 vocantur
752 519 1070 583 Herodiani,
1113 525 1174 573 ut
1213 517 1461 572 dicerent
1500 516 1569 572 ad
1614 517 1826 587 ipsum:
1865 537 1881 569 ι
1912 518 2024 573 Ma-

445 618 635 688 gister,
657 615 860 670 scimus
887 611 1033 682 quod
1050 625 1218 665 verax
1241 609 1336 674 sis,
1359 624 1463 664 nec
1483 624 1644 664 cures
1661 625 2022 679 quemquam:

418 715 432 773 ί
445 723 624 780 neque
661 707 809 762 enim
855 703 1086 775 respicis
1125 718 1414 773 personam
1459 701 1766 756 hominum.
1802 701 2026 758 Licetne

443 801 576 855 dare
611 813 837 854 censum
850 796 1074 860 Caesari,
1107 811 1173 850 an
1193 795 1398 864 nom“?
1431 813 1448 844 ι
1473 792 1581 848 Sed
1600 793 1746 847 illico
1762 808 2026 865 coargue-

443 891 644 945 bantur
673 904 704 943 a
732 887 951 944 Christo
977 885 1195 953 dicente
1221 885 1354 954 ipsis
1373 892 1497 954 post
1527 884 1899 939 ostensionem
1928 884 2028 940 de-

441 983 584 1051 narii
623 1001 634 1036 :
687 1001 705 1035 ι
743 982 879 1036 Date
921 995 1044 1051 quae
1076 977 1306 1034 Casaris
1343 983 1492 1041 sunt,
1536 975 1770 1041 Caesari;
1814 982 1870 1032 et
1906 991 2028 1046 qua:

442 1049 540 1132 Dei
571 1083 720 1138 sunt,
741 1074 856 1129 Deo
881 1049 957 1126 ".—
987 1091 1005 1123 ι
1039 1070 1157 1138 Qua
1177 1068 1402 1140 quidem
1433 1067 1501 1123 de
1529 1083 1692 1122 causa
1725 1083 1850 1122 cum
1882 1068 2028 1137 ipsos

442 1167 652 1239 pudere
681 1165 766 1220 sui
796 1172 1095 1235 oporteret,
1123 1177 1292 1231 seque
1312 1160 1572 1229 deinceps
1593 1159 1660 1214 ab
1687 1175 1752 1214 eo
1768 1160 2029 1216 tentando

442 1258 726 1313 continere
773 1255 1073 1318 deberent,
1123 1269 1193 1308 en
1255 1253 1422 1307 etiam
1477 1252 1705 1307 alteram
1765 1253 2028 1308 adversus

444 1350 624 1421 ipsum
651 1347 1107 1402 machinabantur
1136 1345 1516 1399 tentationem.
1550 1344 1713 1400 Facto
1746 1346 1892 1400 enim
1927 1345 2026 1402 lla-

441 1439 582 1510 gello
611 1453 677 1494 ex
700 1436 852 1501 fune,
884 1450 1010 1490 cum
1035 1434 1265 1505 ejiceret
1283 1449 1314 1488 e
1341 1435 1547 1504 templo
1566 1435 1869 1491 vendentes
1897 1453 2029 1492 oves

440 1545 505 1585 ac
532 1530 721 1593 b‘oves,
749 1527 978 1582 dicens:
1020 1545 1038 1576 ‹
1067 1524 1294 1580 Auferte
1333 1525 1438 1580 ista
1481 1525 1611 1580 hinc
1647 1544 1660 1579 :
1705 1541 1776 1581 ne
1813 1525 2028 1582 faciatis

439 1620 662 1678 domum
694 1619 875 1674 Patris
908 1618 1036 1682 mei,
1062 1618 1287 1672 domum
1317 1617 1707 1688 negotiationis
1731 1619 1776 1649 ⁷⁸
1805 1635 1820 1685 ;
1857 1639 1874 1671 ι
1913 1628 2027 1674 tum

439 1713 551 1778 isti,
583 1712 805 1782 indigne
833 1711 939 1765 hoc
981 1709 1240 1776 ferentes,
1268 1717 1659 1764 accesserunt:
1701 1727 1719 1761 ‹
1752 1710 1832 1764 Ex
1869 1710 2027 1779 cujus

438 1811 730 1875 potestate,
767 1801 1100 1871 inquientes,
1139 1802 1256 1856 haec
1288 1800 1424 1856 facis
1450 1802 1473 1854 ?
1506 1801 1709 1870 Ecquis
1737 1801 1890 1856 dedit
1921 1801 2019 1857 tibi

438 1895 583 1950 hanc
607 1900 936 1965 potestatem
960 1891 1052 1946 7‘?
1087 1912 1105 1944 ι
1139 1892 1282 1958 Quid
1308 1902 1494 1948 autem
1516 1892 1585 1948 ad
1604 1893 1707 1947 ista
1725 1892 2021 1948 Christus?

446 2006 465 2040 ι
487 1986 647 2058 232
669 1985 1023 2056 lnterrogabo
1039 2027 1052 2050 ,
1074 1985 1270 2054 inquit,
1286 1993 1453 2056 etego
1469 2000 1567 2040 vos
1599 1999 1752 2039 mum
1766 1985 2019 2040 verbum.

437 2073 612 2130 Dicite
625 2073 757 2128 mihi
777 2090 790 2125 :
810 2072 1081 2143 Baptisma
1096 2069 1323 2128 Joannis
1337 2074 1480 2128 unde
1497 2073 1688 2128 erat?e
1702 2075 1932 2140 caelone,
1951 2091 2020 2130 an

439 2166 757 2222 hominibus
773 2166 796 2219 ?
813 2165 880 2221 lli
895 2173 1099 2230 autem,
1127 2166 1204 2221 ait
1233 2175 1434 2231 textus,
1451 2165 1763 2237 cogitabant
1788 2183 1976 2223 secum
2002 2185 2017 2234 ;

440 2259 486 2315 si
508 2258 832 2324 dixerimus,
867 2274 898 2313 e
934 2258 1098 2324 caelo,
1127 2257 1276 2313 dicet
1302 2258 1464 2313 nobis
1490 2276 1502 2312 :
1543 2257 1722 2325 Quare
1749 2274 1880 2330 ergo
1909 2275 2020 2317 non

440 2349 756 2406 credidistis
791 2349 905 2403 illi?
940 2348 998 2404 Si
1029 2354 1215 2403 autem
1249 2348 1570 2415 dixerimus,
1597 2367 1666 2404 ex
1680 2350 2018 2417 hominibus,

441 2443 701 2496 timemus
741 2440 994 2504 turbam;
1027 2453 1218 2495 omnes
1259 2439 1408 2496 enim
1445 2439 1724 2495 habebant
1753 2441 2020 2496 Joannem

439 2541 699 2601 tanquam
743 2529 1090 2599 prophetam,
1127 2543 1303 2598 eoque
1342 2528 1632 2584 dicebant:
1667 2529 2012 2584 Nescimus.»

437 2623 579 2690 Quid
597 2622 664 2677 ad
683 2622 800 2677 haec
813 2620 1100 2677 Christus?
1131 2641 1148 2672 ι
1170 2621 1358 2691 Neque
1369 2637 1490 2693 ego,
1509 2622 1707 2691 inquit,
1727 2623 1850 2678 dico
1864 2623 2022 2678 vobis

437 2732 507 2772 ex
531 2716 688 2787 cujus
723 2721 996 2784 potestate
1022 2712 1138 2767 haec
1165 2712 1308 2768 facio
1339 2714 1406 2767 ".
1437 2733 1454 2765 ›
1479 2713 1733 2770 Tentatio
1758 2715 1923 2786 igitur
1938 2723 2021 2770 est

434 2806 576 2873 Gad,
618 2805 726 2860 hoc
765 2810 870 2868 est,
906 2803 1190 2869 Pharisaei,
1230 2804 1324 2874 qui
1359 2819 1574 2874 semper
1599 2813 1829 2862 tentant.
1862 2808 2020 2861 Atta-

440 2913 568 2953 men
586 2897 850 2952 continuo
873 2894 1073 2949 iterum
1097 2902 1378 2951 tentantur
1393 2905 1449 2952 et
1468 2896 1593 2967 ipsi.
1610 2897 1862 2954 Christus
1873 2901 2019 2955 enim

438 2990 530 3045 ille
555 2997 677 3044 erat
718 2986 835 3059 qui,
865 2987 1019 3059 justa
1057 3001 1249 3042 vocem
1276 2987 1671 3058 prophetarum
1704 2991 1772 3057 ⁷⁷,
1818 3006 2018 3061 appre-

439 3079 633 3134 hendit
669 3080 946 3149 sapientes
985 3077 1042 3131 in
1081 3078 1371 3149 sapientia,
1407 3089 1464 3135 et
1489 3080 1860 3151 sophistarum
1884 3098 2018 3138 con-

438 3169 561 3225 silia
586 3170 804 3241 egregie
824 3173 1106 3236 retorquet
1130 3167 1186 3221 in
1211 3170 1568 3238 quaestionem
1594 3172 1948 3227 contrariam.

1094 3279 1171 3335 De
1207 3282 1359 3336 Aser.

517 3393 535 3426 ι
573 3373 710 3427 Aser
756 3375 974 3446 pinguis
1027 3375 1184 3446 panis
1224 3375 1363 3445 ejus,
1395 3381 1452 3428 et
1491 3373 1607 3443 ipse
1646 3374 1800 3428 dabit
1837 3374 2023 3429 cibum

438 3465 787 3538 principibus
816 3465 884 3519 ’⁸.
923 3484 942 3517 ι
991 3467 1130 3520 Aser
1162 3480 1383 3520 rursum
1421 3463 1692 3536 signiﬁcat
1721 3466 1931 3520 divitiw.
1965 3466 2024 3521 Id

437 3559 590 3615 enim
620 3558 865 3614 declarat
897 3571 1120 3613 nomen.
1165 3557 1422 3611 Arbitror
1453 3563 1638 3612 autem
1678 3556 1810 3611 hinc
1857 3557 2022 3611 intel-

437 3651 532 3722 ligi
565 3665 728 3721 posse
763 3663 911 3715 eum,
950 3668 968 3700 ι
1004 3649 1060 3703 in
1096 3662 1207 3718 quo
1233 3662 1423 3703 omnes
1451 3647 1696 3703 thesauri
1741 3648 2024 3718 sapientizc

437 3752 496 3798 et
525 3740 768 3798 scientiae
790 3749 918 3796 sunt
953 3740 1227 3796 reconditi
1260 3741 1327 3805 τ’,
1365 3761 1383 3792 ›
1423 3741 1527 3795 hoc
1569 3749 1673 3806 est,
1717 3741 2020 3808 Christum,

436 3835 532 3906 qui
559 3841 644 3890 est
681 3852 699 3886 ι
724 3833 1020 3890 thesaurus
1055 3833 1111 3888 in
1144 3848 1275 3904 agro
1320 3832 1677 3888 absconditus
1709 3831 1777 3900 ⁸ο,
1810 3853 1828 3886 ι
1878 3850 2024 3888 mar-

435 3923 611 3995 garita
643 3924 736 3980 illa
773 3925 1055 3996 pretiosa;
1096 3925 1303 3995 quique
1352 3923 1407 3978 in
1449 3940 1685 3994 persona
1737 3925 2022 3996 sapientia:

436 4015 883 4072 manifestissime
913 4017 1050 4071 dicit
1083 4034 1096 4070 :
1147 4035 1166 4067 ι
1193 4016 1407 4072 Divitis:
1427 4024 1483 4071 et
1508 4017 1682 4087 gloria
1705 4017 1841 4072 mihi
1867 4026 2017 4082 sunt,

433 4113 491 4158 et
512 4105 786 4175 possessio
825 4105 1129 4158 multorum
1182 4111 1346 4174 atque
1379 4106 1593 4175 justitia
1628 4107 1698 4160 εί.
1727 4125 1745 4158 ι
1793 4105 1914 4176 Ipse
1937 4115 2020 4162 est

435 4193 530 4263 qui
560 4193 748 4247 visitat
775 4201 1000 4257 terram,
1041 4195 1183 4248 sicut
1222 4195 1401 4265 inquit
1433 4196 1603 4250 David
1642 4215 1653 4249 :
1699 4215 1717 4247 ι
1751 4197 2018 4267 Multipli-

435 4283 574 4339 casti
614 4293 675 4337 ut
711 4282 883 4353 ipsam
921 4283 1130 4338 ditares
1171 4283 1241 4338 ⁸⁸.
1273 4305 1291 4336 ι
1341 4284 1547 4341 Scribit
1579 4287 1726 4340 enim
1758 4287 1890 4342 alibi
1926 4304 2018 4344 sa-

439 4373 815 4446 pientissimus
844 4375 1046 4429 Paulus
1077 4375 1238 4431 nobis
1257 4377 1325 4435 de
1351 4378 1567 4448 seipse:
1608 4398 1626 4431 ι
1665 4379 1883 4435 Gratias
1915 4396 2017 4453 ago

2131 515 2282 584 μέλει
2310 533 2394 570 σοι
2425 519 2556 588 περὶ
2586 519 2818 583 οὐδενός*
2861 521 2922 574 06
2963 521 3072 594 γὰρ
3128 522 3347 593 βλέπεις
3392 527 3471 588 είς
3530 527 3702 597 πρόσ-

2127 623 2278 658 ωπον
2317 605 2646 678 ἀνθρώπων.
2679 609 2896 675 Ἔξεστι
2929 610 3111 666 δοῦναι
3155 613 3353 684 κῆνσον
3382 613 3645 687 Καίσαρι,
3670 617 3703 684 ἦ

2126 695 2218 764 οῡ;
2261 717 2278 748 ι
2319 697 2458 751 ’Δλλ’
2493 700 2784 770 ἠλέγχοντο
2829 704 3193 776 παραχρῆμα,
3229 705 3478 774 λέγοντος
3519 707 3701 770 αὐτοῖς

2127 786 2220 840 τοῦ
2237 788 2498 857 Χριστοῦ,
2533 791 2670 860 μετά
2686 791 2782 864 τὴν
2799 793 2907 846 τῶν
2932 795 3205 866 δηναρίων
3219 795 3401 862 δεῖξιν·
3416 817 3434 848 ‹
3448 797 3706 854 Ἀπόδοτε

2130 874 2199 928 τὰ
2233 876 2512 948 Καίσαρος
2542 879 2802 952 Καίσαρι,
2843 883 2938 936 καὶ
2959 883 3026 936 τὰ
3053 883 3147 937 τοῦ
3178 884 3314 938 Θεοῦ
3346 885 3425 957 τῷ
3455 887 3703 958 Θεῷ.»οί

2127 965 2184 1019 δὲ
2200 966 2286 1036 δὴ,
2319 969 2455 1040 πρὸς
2474 970 2634 1025 τοῦτο
2659 973 3087 1045 κατερυθριάσαι
3110 977 3226 1031 δέον
3249 979 3342 1030 καὶ
3368 979 3700 1050 ἀποσχέσθαι

2127 1056 2310 1113 λοιπὸν
2333 1059 2430 1114 τοῦ
2466 1061 2748 1132 πειράζειν
2782 1064 2966 1132 αὐτὸν,
3003 1068 3200 1137 πεῖραν
3238 1067 3404 1120 αὐτοῦ
3440 1069 3702 1124 καθίεσαν

2127 1150 2223 1204 καὶ
2269 1150 2485 1222 ἑτέραν.
2535 1154 2775 1222 Ποιήσας
2809 1156 2908 1226 μέν
2951 1155 3060 1227 γὰρ
3092 1158 3226 1211 ὡσεὶ
3267 1159 3596 1231 φραγέλλιον
3637 1163 3701 1215 ἐκ

2129 1245 2387 1314 σχοινίου,
2405 1245 2613 1310 πάντας
2633 1247 2884 1314 ἐξέϐαλεν
2910 1249 2975 1302 ἐκ
2996 1249 3091 1302 τοῦ
3125 1250 3270 1322 ἱεροῦ
3306 1253 3434 1314 τοὺς
3459 1253 3698 1308 πωλοῦνσ

2126 1353 2227 1399 τας
2256 1336 2325 1391 τὰ
2351 1338 2597 1408 πρόϐατα
2615 1339 2710 1392 καὶ
2737 1339 2834 1403 τὰς
2850 1337 2997 1408 βοῦς,
3025 1341 3224 1408 λέγων·
3259 1345 3498 1414 «Ἀρατε
3527 1346 3700 1402 ταῦτα

2129 1428 2400 1484 ἐντεῦθεν·
2429 1430 2519 1500 Μὴ
2545 1432 2748 1483 ποιεῖτε
2767 1430 2859 1484 τὸν
2880 1427 3027 1485 οἷκον
3049 1433 3145 1487 τοῦ
3171 1435 3386 1505 Πατρός
3411 1454 3535 1506 μου,
3557 1434 3699 1492 οἷκον

2127 1521 2414 1592 ἐμπορίου.
2445 1541 2463 1572 ι
2492 1525 2554 1575 Οἱ
2576 1522 2634 1576 δέ
2653 1523 3088 1592 ἀγανακτοῦντες
3111 1528 3527 1598 παραγίνονται·
3557 1549 3574 1582 ι
3614 1529 3697 1583 Ἐν

2129 1613 2259 1684 ποίᾳ
2303 1612 2523 1684 ἐξουσίᾳ
2561 1613 2731 1667 ταῦτα
2761 1619 2953 1682 ποιεῖς,
3003 1618 3098 1670 καὶ
3145 1618 3230 1682 τίς
3274 1618 3444 1673 ἔδωκέ
3488 1637 3570 1673 σοι
3603 1621 3698 1695 τὴν

2127 1701 2375 1769 ἐξουσίαν
2419 1704 2656 1776 ταύτην;
2706 1724 2724 1756 ι
2761 1707 2828 1759 Τί
2869 1703 2962 1761 οὗν
3004 1708 3139 1776 πρὸς
3173 1708 3332 1764 τοῦτο
3369 1713 3398 1764 6
3429 1712 3693 1783 Χριστόςς

2058 1783 2099 1836 Β
2134 1811 2151 1844 ι
2197 1794 2524 1865 Ἐρωτήσω,
2559 1797 2722 1867 φησι,
2756 1798 2912 1866 κάγὼ
2944 1799 3104 1869 -ὑμᾶς
3149 1800 3334 1868 λόγον,
3367 1804 3460 1856 καὶ
3509 1806 3695 1859 εἴπατέ

2131 1902 2247 1956 μοι·
2287 1886 2360 1939 Τὸ
2405 1886 2687 1959 βάπτισμα
2732 1887 2979 1944 Ἰωάννου
3025 1891 3190 1945 πόθεν
3223 1889 3316 1964 ἧν;
3353 1893 3411 1960 ἐξ
3444 1895 3694 1966 οὐρανοῦ,

2126 1977 2160 2047 ἢ
2194 1977 2253 2042 ἐξ
2279 1977 2612 2050 ἀνθρώπων;
2655 1981 2717 2035 Oi
2756 1980 2814 2035 δὲ
2847 1981 3228 2051 διελογίζοντο,
3269 1986 3455 2056 φησιν,
3487 1987 3547 2038 ἐν
3575 1988 3697 2041 ἑαυ-

2125 2071 2261 2136 τοῖς,
2291 2071 2374 2124 ὅτι
2411 2071 2534 2126 Ἐὰν
2569 2071 2844 2142 εῐπωμεν,
2869 2072 2928 2137 ἐξ
2949 2073 3204 2146 οὐρανοῦ,
3236 2076 3352 2145 ἐρεῖ
3371 2077 3523 2147 ήμῖνο
3549 2079 3699 2132 Διατί

2127 2157 2220 2213 οὖν
2261 2162 2362 2215 οὐκ
2407 2162 2764 2217 ἐπιστεύσατε
2811 2163 2996 2232 αὑτῷς
3056 2165 3182 2218 Ἐὰν
3221 2167 3485 2237 είπωμεν,
3517 2167 3578 2233 ἐξ
3609 2169 3699 2222 ἀν·

2129 2251 2384 2324 θρώπων,
2413 2253 2726 2326 φοϐούμεθα
2755 2255 2846 2309 τὸν
2871 2255 3048 2326 ὄχλον.
3081 2257 3291 2320 Πάντες
3314 2258 3424 2330 γὰρ
3463 2259 3539 2322 ὠς
3571 2277 3699 2332 προ-
3787 2326 3799 2333 _

2129 2346 2307 2418 φήτην
2337 2342 2479 2418 εἶχον
2515 2347 2606 2401 τὸν
2650 2348 2925 2419 Ἰωάννην.
2965 2349 3075 2402 Καὶ
3105 2349 3346 2417 λέγουσι,
3372 2352 3564 2421 φησίν·
3589 2351 3702 2406 Οὐκ

2127 2436 2372 2506 οἴδαμεν.
2405 2454 2425 2488 ι
2455 2437 2520 2490 Τί
2551 2433 2645 2492 οὖν
2671 2438 2809 2509 πρὸς
2837 2436 3014 2491 ταῦτα
3043 2438 3316 2508 Χριστός;
3366 2459 3383 2492 ‹
3419 2439 3558 2494 Οὐδὲ
3592 2438 3701 2511 ἐγὼ

2127 2526 2270 2594 λέγω
2309 2529 2438 2598 ὑμῖν
2479 2529 2538 2583 ἐν
2580 2530 2710 2602 ποίᾳ
2748 2531 2969 2604 ἐξουσίᾳ
3018 2530 3192 2586 ταῦτα
3233 2533 3391 2586 ποιῶ.
3435 2551 3454 2585 ι
3492 2534 3700 2588 θὺκοῦν

2129 2620 2480 2692 πειρατήριον
2503 2624 2531 2675 6
2557 2622 2681 2688 Γὰδ,
2706 2624 3006 2689 τουτέστιν,
3031 2624 3188 2677 οἱάεὶ
3221 2624 3575 2696 πειράζοντες
3597 2627 3701 2680 Φα-

2132 2715 2351 2782 ρισαῖοι.
2377 2713 2524 2783 Πλὴν
2556 2714 3011 2784 άντεπειράζοντο
3038 2717 3370 2780 καταπόδας,
3396 2715 3696 2779 τουτέστιν,

2127 2804 2310 2867 εὐθύς.
2357 2805 2589 2876 Χριστὸς
2638 2805 2746 2876 γὰρ
2783 2801 2849 2877 ’ἦν
2891 2809 2918 2859 6
2957 2805 3099 2860 κατὰ
3140 2808 3240 2877 τὴν
3272 2807 3367 2861 τοῦ
3419 2809 3698 2879 προφήτου

2129 2897 2312 2967 φωνὴν
2337 2897 2702 2970 δρασσόμενος
2731 2899 2856 2962 τοὺς
2884 2899 3079 2969 σοφοὺς
3107 2901 3162 2952 ἐν
3195 2902 3262 2971 τῇ
3301 2901 3464 2972 σοφίᾳ
3499 2901 3695 2962 αὐτῶν,

2127 2985 2223 3039 καὶ
2254 2986 2353 3050 τὰς
2399 2986 2506 3042 τῶν
2546 2987 2897 3041 πολυπλόκων
2951 2987 3148 3058 βουλάς
3183 2989 3445 3060 περιστὰς
3470 2989 3697 3052 ἀστείως

2128 3077 2206 3138 είς
2230 3077 2584 3148 ἀντίστροφον
2613 3076 2863 3149 ζήτησιν.

2640 3280 2781 3348 Περὶ
2821 3280 2924 3335 τοῦ
2985 3282 3189 3352 Ἀσήρ.

2203 3386 2220 3418 ‹
2264 3367 2432 3440 Ἀσὴρ
2458 3368 2596 3423 πίων
2622 3370 2787 3423 αὐτοῦ
2822 3373 2850 3424 6
2885 3372 3069 3444 ἄρτος,
3097 3377 3192 3429 καὶ
3213 3376 3375 3440 αὐτὸς
3399 3377 3560 3431 δώσει
3584 3396 3699 3451 τρο-

2123 3457 2230 3529 φὴν
2270 3459 2521 3530 ἄρχουσι.
2577 3480 2595 3512 ι
2636 3461 2909 3529 Πλοῦτός
2950 3481 3031 3517 τοι
3071 3467 3230 3520 πάλιν
3263 3471 3292 3521 6
3343 3470 3533 3542 ’Δσήρ.
3571 3463 3695 3525 Ὧδε

2122 3550 2230 3620 γὰρ
2276 3549 2389 3620 ἔχει
2427 3551 2520 3604 τοῦ
2570 3551 2975 3624 σημαινομένου
3020 3557 3054 3626 ἡ
3099 3556 3351 3627 δήλωσις.
3387 3559 3488 3632 Είη
3527 3561 3571 3615 δ’
3610 3562 3691 3627 ἂν,

2124 3640 2276 3712 οἶμαί
2308 3659 2437 3707 που,
2488 3643 2767 3697 κάνταῦθα
2809 3645 3124 3717 νοούμενος,
3169 3667 3188 3699 ι
3219 3650 3274 3702 ἐν
3307 3642 3351 3718 ᾧ
3391 3636 3592 3715 πάντες
3619 3654 3694 3706 εί-

2125 3735 2207 3789 σ¹ιν
2247 3737 2296 3788 οἱ
2337 3737 2605 3807 θησαυροὶ⁵
2645 3737 2746 3808 τῆς
2801 3739 2993 3809 σοφίας
3029 3739 3126 3813 καὶ
3157 3740 3414 3809 γνώσεως
3454 3745 3694 3814 ἀπόκρυ-

2122 3841 2234 3892 φοι,
2274 3844 2292 3876 ι
2335 3824 2584 3907 τουτέστι
2609 3826 2868 3897 Χριστὸς,
2907 3847 2926 3880 ι
2976 3829 3004 3880 6
3031 3831 3090 3884 ἐν
3127 3817 3283 3903 άγρῷ
3323 3835 3694 3907 κρυπτόμενος

2122 3899 2439 3984 Θησαυρδςτ
2470 3933 2488 3966 ›
2537 3915 2566 3967 6
2611 3917 2980 3988 πολυτίμητος
3024 3899 3392 3994 μαργαρίτης,
3441 3927 3468 3977 6
3501 3899 3596 3980 καὶ
3639 3929 3694 3980 ὲν

2121 4005 2398 4077 προσώπῳ
2420 4007 2518 4077 τῆς
2545 4007 2738 4076 σοφίας
2760 4007 3137 4078 ἐναργέστατα
3179 4012 3373 4081 λέγων’
3407 4035 3426 4066 ι
3461 4017 3692 4082 Πλοῦτος

2121 4098 2214 4151 καὶ
2241 4098 2370 4163 δόξα
2412 4097 2535 4169 ἐμοὶ
2566 4097 2832 4170 ὑπάρχει,
2873 4101 2967 4153 καὶ
2996 4101 3190 4171 κτῆσις
3223 4104 3463 4172 πολλῶν,
3499 4109 3591 4162 καὶ
3613 4108 3690 4162 δι-

2120 4190 2401 4260 καιοσύνη.
2441 4209 2459 4241 ι
2504 4190 2677 4254 Αὐτὸς
2711 4191 2740 4242 6
2769 4191 2868 4260 τὴν
2905 4191 3008 4261 γῆν
3043 4194 3515 4266 ἐπισκεψάμενος,
3554 4199 3694 4252 καθά

2121 4298 2284 4352 φησιν
2312 4283 2342 4334 6
2367 4281 2550 4335 Δαὸίδο
2583 4302 2600 4335 ι
2655 4281 2994 4355 Ἐπλήθυνας
3023 4285 3119 4338 τοῦ
3143 4283 3426 4343 πλουτίσαι
3455 4293 3643 4365 αὑτήν.
3668 4312 3687 4345 ›

2119 4373 2326 4443 Γράφει
2369 4373 2426 4426 δέ
2476 4390 2578 4426 που
2613 4374 2708 4426 καὶ
2750 4374 2778 4427 ὀ
2819 4373 3132 4444 σοφώτατος
3159 4378 3368 4443 Παῦλος
3407 4383 3540 4452 ἡμῖν
3570 4382 3694 4455 περὶ

440 4469 550 4524 Deo
614 4483 739 4524 meo
793 4467 998 4537 ubique
1027 4467 1096 4524 de
1146 4469 1305 4526 vobis
1344 4481 1572 4542 propter
1624 4472 1854 4544 gloriam
1895 4473 2013 4542 Dei,

2122 4465 2305 4518 αὐτοῦ·
2331 4484 2349 4516 ι
2373 4465 2693 4536 Εὑχαριστῶ
2719 4465 2796 4536 τῷ
2827 4466 2945 4537 Θεῷ
2981 4484 3083 4538 μου
3110 4469 3344 4524 πάντοτε
3371 4475 3500 4544 περὶ
3519 4475 3690 4544 ὑμῶν,

436 4577 556 4631 qua:
589 4560 716 4614 data
740 4568 825 4614 est
855 4559 1015 4615 vobis
1048 4561 1107 4614 in
1143 4559 1362 4618 Christo
1397 4564 1526 4619 Jesu
1561 4583 1573 4619 :
1609 4565 1738 4634 quia
1776 4564 1835 4619 in
1865 4566 2016 4621 omni

439 4651 598 4706 «litati
659 4650 793 4705 estis
853 4649 909 4703 in
968 4649 1109 4720 ipso,
1169 4651 1225 4706 in
1271 4653 1421 4707 omni
1455 4668 1712 4708 sermone
1744 4661 1800 4708 et
1831 4655 2019 4725 cogni-

434 4745 584 4799 tione
621 4741 687 4796 ⁸³.
717 4762 735 4794 ι
770 4741 908 4797 Nam
941 4742 1109 4809 Deus,
1149 4744 1254 4799 etsi
1299 4755 1492 4816 suapte
1519 4753 1716 4800 natura
1742 4745 1898 4801 dives
1922 4747 2015 4814 sit,

431 4851 641 4908 pauper
673 4849 784 4889 una
823 4833 1116 4889 nobiseum
1147 4844 1232 4890 est
1263 4835 1460 4902 factus,
1499 4845 1560 4892 ut
1590 4852 1691 4892 nos
1721 4852 1819 4908 per
1846 4837 2018 4908 ipsius

428 4934 812 4998 paupertatem
840 4926 1260 4984 ditesceremus.
1293 4928 1433 4984 Hinc
1466 4930 1650 5002 itaque
1682 4931 1907 4986 omnino
1931 4942 2018 4987 est

429 5025 485 5072 et
509 5015 668 5086 panis
694 5015 934 5086 pinguis,
968 5017 1075 5072 hoc
1096 5025 1202 5083 est,
1225 5017 1386 5073 valde
1429 5018 1668 5088 opimus,
1696 5029 1754 5075 et
1774 5019 1843 5074 ad
1861 5019 2015 5074 alen-

427 5108 559 5164 dum
608 5106 1038 5163 eﬂicacissimus.
1085 5109 1201 5164 Alit
1245 5111 1396 5164 enim
1436 5119 1494 5166 et
1520 5112 1732 5167 enutrit
1761 5127 1863 5168 nos
1894 5111 2017 5168 Sal-

425 5206 581 5254 vator
618 5204 808 5254 noster
847 5197 1009 5254 Jesus
1057 5198 1332 5267 Christus,
1378 5217 1487 5258 non
1529 5204 1789 5259 sensibile
1816 5220 2017 5262 manna

425 5288 698 5360 praebens,
731 5289 876 5345 sicut
895 5289 1026 5344 olim
1053 5289 1335 5358 Israelitis,
1375 5286 1473 5347 sed
1513 5294 1756 5364 seipsum
1792 5296 1848 5350 in
1885 5296 2011 5349 ani-

423 5397 542 5436 mas
601 5379 845 5436 ﬁdelium
899 5381 1204 5440 immittens
1253 5401 1353 5455 per
1413 5385 1676 5457 Spiritum
1733 5397 2006 5443 sanctum.

426 5472 581 5529 Unde
619 5481 676 5528 et
728 5473 1018 5528 dicebatur
1072 5478 1292 5548 populis
1334 5478 1650 5536 Iudaeorum
1687 5498 1700 5533 :
1755 5500 1773 5531 ι
1804 5481 2004 5548 Amen,

2115 4559 2206 4610 ἐπὶ
2244 4559 2310 4628 τῇ
2344 4557 2528 4628 χάριτι
2567 4556 2662 4610 τοῦ
2695 4557 2830 4611 Θεοῦ
2863 4561 2930 4629 τῇ
2960 4559 3176 4634 δοθείσῃ
3223 4563 3352 4632 ὑμῖν
3387 4565 3445 4618 ἐν
3474 4566 3694 4636 Χριστῷ

2128 4648 2322 4718 Ἰησοῦ,
2355 4648 2437 4702 ὅτι
2473 4650 2530 4700 ἐν
2561 4647 2722 4700 παντὶ
2758 4647 3146 4720 ἐπλουτίσθητε
3180 4651 3238 4703 ἐν
3259 4650 3429 4722 αὐτῷ,
3449 4654 3506 4705 ὲν
3533 4655 3695 4707 παντὶ

2113 4738 2258 4810 λόγῳ
2289 4738 2384 4793 καὶ
2426 4737 2574 4809 πάσῃ
2619 4736 2840 4806 γνώσει.
2873 4757 2892 4789 ι
2925 4739 3347 4812 Συνεπτώχευσε
3375 4744 3485 4816 γὰρ
3537 4748 3693 4816 ἡμῖν,

2116 4832 2291 4886 καίτοι
2345 4830 2601 4894 πλούσιος
2651 4829 2727 4884 ὢν
2765 4833 2794 4885 6
2847 4831 3015 4898 Θεὸς,
3068 4833 3159 4887 ἵνα
3206 4837 3367 4905 ἡμεῖς
3412 4840 3478 4909 τῇ
3531 4839 3694 4892 αὑτοῦ

2115 4926 2363 4998 πτωχείᾳ
2395 4927 2809 4998 πλουτήσωμεν.
2833 4927 3022 4998 Τούτῳ
3068 4927 3133 4998 δὴ
3171 4927 3392 4994 πάντως
3444 4933 3565 4984 ἐστὶ
3599 4932 3696 4985 καὶ

2114 5019 2254 5074 πίων
2285 5021 2312 5071 6
2342 5019 2526 5088 ἄρτος,
2549 5018 2833 5083 τουτέστι,
2860 5019 3087 5091 λιπαρὸς
3117 5019 3256 5090 ἄγαν
3290 5023 3384 5074 καὶ
3413 5023 3697 5094 τροφιμώ-

2112 5130 2292 5176 τατος.
2337 5112 2541 5183 Τρέφει
2593 5111 2703 5182 γὰρ
2745 5112 2894 5182 ἡμᾶς
2933 5115 2962 5166 6
3016 5114 3224 5185 Κύριος
3266 5113 3421 5185 ήμῶν
3484 5115 3696 5187 Ἰησοῦς

2113 5207 2380 5276 Χριστὸς,
2411 5206 2473 5258 οὐ
2509 5203 2685 5275 μάννα
2731 5205 2792 5257 τὸ
2819 5205 3080 5276 αἰσθητὸν
3125 5205 3368 5270 καθιεὶς,
3416 5207 3562 5262 καθὰ
3602 5209 3696 5261 καὶ

2119 5300 2287 5353 πάλαι
2315 5301 2424 5361 τοῖς
2445 5297 2502 5365 ἐξ
2522 5296 2755 5368 Ἰσραὴλ,
2781 5297 2898 5350 ἀλλ’
2915 5297 3252 5360 έαυτὺν”ταῖς
3272 5296 3380 5350 τῶν
3408 5300 3693 5352 πιστευόν-

2117 5405 2224 5442 των
2267 5387 2546 5450 ὲνοικίζων
2593 5387 2790 5456 ψυχαῖς
2833 5386 2924 5440 διὰ
2986 5386 3082 5440 τοῦ
3135 5386 3292 5456 ἁγίου
3349 5385 3690 5456 Πνεύματος.

2115 5481 2406 5551 Τοιγάρτοι
2427 5479 2521 5532 καὶ
2544 5477 2753 5548 ἔφασκε
2780 5480 2890 5543 τοῖς
2921 5478 3191 5534 Ἰουδαίων
3207 5480 3424 5550 δήμοις·
3462 5499 3481 5532 ι
3521 5479 3692 5549 ’Δμὴν

492 5585 540 5662 1'
568 5583 914 5662 Matthgxrt,
938 5586 1119 5662 4§,17.
1197 5592 1244 5624 ⁷³
1281 5593 1444 5656 lbid.,
1472 5594 1562 5648 21.
1635 5595 1682 5626 ⁷⁸
1708 5595 1900 5650 Matth.
1927 5612 2012 5650 xx:

2122 5597 2166 5649 5.
2242 5597 2287 5628 ⁷⁵
2310 5594 2477 5658 lbid.,
2502 5592 2594 5647 2'5.
2669 5594 2715 5625 "
2748 5593 2909 5658 lbid.,
2933 5593 3125 5649 24—27.
3207 5595 3254 5626 ’⁷
3287 5594 3390 5649 Isa.
3421 5611 3574 5662 xxxx,
3603 5595 3690 5662 M;

647 5654 806 5734 μεθ..
869 5655 916 5734 ῗ
953 5650 1090 5714 Gen.
1125 5677 1266 5727 χιιι,
1299 5662 1386 5716 20.
1433 5650 1511 5696 ’⁷⁸
1541 5663 1750 5720 Coloss.
1781 5681 1837 5732 ιι,
1861 5665 1913 5718 5.
1986 5666 2020 5699 ⁸(

2125 5666 2262 5722 atth.
2301 5684 2412 5731 xm,
2446 5650 2532 5720 44.
2608 5664 2653 5701 ⁸⁸
2683 5665 2844 5721 Prov.
2871 5650 2984 5734 vui,
3025 5665 3113 5721 18.
3175 5662 3221 5698 ⁸³
3251 5665 3395 5722 Psal.
3430 5650 3688 5734 ιιινξιθί

421 5717 470 5754 ³³
501 5717 675 5780 'Cor.
701 5737 741 5790 ι,
780 5723 832 5788 4,
873 5723 926 5778 5.
