4074 6260
1416 432 1941 491 GLAPHYRORUM
1979 435 2047 491 IN
2088 435 2392 494 GENESIM
2431 440 2560 495 LIB.
2605 441 2715 496 VII.

3634 443 3742 501 δτθ

458 546 611 618 ἀμὴν
647 545 798 613 λέγω
825 543 976 615 ὕμιν,
1010 543 1070 597 οὒ
1103 543 1310 617 Μωσῆς
1335 546 1571 603 δέδωκεν
1606 549 1734 620 ὑμῖν
1765 549 1857 605 τὸν
1881 551 2017 623 ἄρτο

2152 568 2315 610 amen
2354 553 2484 610 dico
2512 554 2691 619 vobis,
2733 570 2846 611 non
2883 555 3063 612 loses
3085 554 3238 611 dedit
3264 555 3424 613 vobis
3450 572 3646 629 panem
3670 560 3740 616 de

461 640 532 693 ὲκ
583 636 684 691 τοῦ
727 635 965 707 οὐρανοῦ
1006 634 1095 689 τὸν
1136 636 1413 709 ἀληθινόν.
1473 639 1533 694 ὐ
1582 640 1692 712 γὰρ
1737 640 1903 714 ἄρτος
1950 641 2047 697 τοῦ

464 727 608 783 Θεοῦ
636 730 782 782 ἔστιν
818 729 848 781 6
876 726 1219 783 καταϐαίνων
1255 730 1322 783 ἐκ
1346 729 1442 784 τοῦ
1473 731 1707 803 οὐρανοῦ
1726 773 1742 799 ,
1769 733 1866 788 καὶ
1901 734 2047 807 ζωὴν

469 819 973 891 διδοὺςτῷκόσμῳ.
1008 834 1028 874 ι
1064 820 1176 875 Καὶ
1203 820 1384 877 πάλιν·
1417 841 1437 875 ι
1484 822 1627 893 Ἐγὼ
1663 826 1782 897 είμι
1814 828 1844 879 6
1879 826 2044 899 ἄρτος

471 912 571 983 τῆς
599 911 758 983 ζωῆς.
802 930 820 964 ι
872 912 1071 983 Ἀρτος
1105 912 1162 966 δὲ
1185 913 1281 968 καὶ
1303 914 1508 985 ἑτέρως
1540 918 1743 972 νοεῖται
1773 916 2044 983 ζωοποιδς

472 1005 606 1060 κατά
634 1022 686 1058 τι
711 1004 823 1059 τῶν
845 1006 1329 1079 άπαρῤητοτέρων.
1369 1008 1564 1062 Δίδωσι
1593 1008 1650 1063 δὲ
1678 1012 1792 1074 τοῖς
1812 1011 2044 1085 ἄρχουσι

464 1090 679 1161 τροφήν.
704 1090 882 1161 {taqu
918 1090 1030 1162 γὰρ
1056 1089 1124 1146 ἂν
1145 1134 1160 1157 ,
1199 1092 1284 1145 ὅτι
1310 1091 1503 1164 Θρόνοι
1522 1109 1582 1146 τε
1616 1094 1713 1147 καὶ
1744 1094 2041 1161 Ἐξουσίαι,

427 1183 646 1255 ,Ἆρχαὶ
683 1184 782 1237 καὶ
809 1183 1114 1255 Δυνάμεις,
1141 1183 1368 1253 ἄγγελοι
1409 1185 1505 1239 καὶ
1531 1185 1899 1258 ἀρχάγγελοι,
1946 1188 2043 1243 καὶ

449 1276 601 1330 πᾶσα
647 1276 835 1341 κτίσις
868 1276 1002 1345 ἁγία
1023 1277 1118 1331 καὶ
1145 1276 1362 1349 λογικὴ,
1404 1280 1610 1350 τροφήν
1647 1284 1883 1335 ποιεῖται
1907 1282 2044 1351 Χρι-

448 1366 597 1423 στόν.
624 1367 741 1421 Καὶ
775 1368 856 1432 ὡς
889 1368 957 1423 ἂν
992 1369 1230 1423 νοεῖσθαι
1267 1367 1332 1423 τὸ
1380 1372 1568 1443 χρῆμα
1610 1371 1838 1444 πρέποι.
1879 1373 2042 1428 Ἀλλὰ

448 1460 545 1513 καὶ
566 1462 688 1523 τοῖς
714 1460 829 1514 τῶν
859 1462 953 1515 ἐπὶ
986 1460 1093 1531 γῆς
1121 1464 1388 1532 ποιμνίων
1421 1464 1761 1536 καθηγηταῖς
1790 1465 2041 1537 διανέμει

448 1550 689 1621 τροφὰς,
709 1549 873 1621 δῆλον
894 1551 952 1605 δὲ
974 1554 1057 1606 ὅτι
1078 1553 1178 1617 τὰς
1205 1556 1602 1627 πνευματικὰς,
1618 1558 1718 1629 τὴν
1734 1557 1846 1614 τῶν
1877 1558 2040 1613 θείων

456 1642 787 1712 μυστηρίων
813 1644 1176 1715 ἀποκάλυψιν,
1207 1647 1309 1718 τὴν
1332 1648 1552 1721 ἁπάσης
1575 1650 1783 1723 εῑόησιν
1810 1653 2037 1724 ἀρετῆς,

457 1732 550 1785 ἵνα
606 1734 707 1788 καὶ
764 1734 920 1789 αὐτοὶ
985 1737 1108 1802 τοὺς
1186 1739 1626 1813 ὑπεξευγμένους
1675 1744 2039 1816 ἁποτρέφοιεν

338 1886 353 1901 κ
459 1822 627 1887 λαοὺς
682 1826 797 1888 τοῖς
847 1826 928 1889 είς
989 1826 1132 1899 ζωὴν
1181 1830 1544 1901 παιδεύμασι.
1592 1834 1882 1904 Τοιγάρτοι
1941 1835 2038 1889 καὶ

2152 644 2294 700 calo
2322 659 2534 701 verum.
2569 647 2733 703 Panis
2765 648 2915 703 enim
2942 648 3041 703 Dei
3073 657 3160 704 est
3188 648 3280 704 ille
3333 650 3428 719 qui
3451 650 3740 708 descendit

2149 736 2219 792 de
2260 737 2422 803 coelo,
2460 746 2518 795 et
2538 738 2706 794 vitam
2729 738 2824 795 dat
2850 739 3060 796 mundo
3080 740 3147 796 “.
3177 761 3195 793 ι
3221 740 3289 796 Ει
3308 741 3469 814 233
3501 757 3699 799 rursus
3720 760 3739 798 :
3766 752 3773 755 '

2156 849 2174 882 ι
2206 831 2320 902 Ego
2354 845 2476 924 sum
2514 831 2674 902 panis
2706 831 2833 887 vitm
2864 829 2932 888 ⁸³.
2970 852 2988 885 ι
3022 834 3207 889 Potest
3228 842 3412 889 autem
3438 835 3605 890 etiam
3633 835 3736 892 ali-

2147 928 2235 978 ter
2276 922 2509 993 intelligi
2546 923 2706 994 panis
2736 922 3009 989 viviﬁcus,
3036 924 3339 980 occultiore
3370 924 3607 995 quadam
3644 941 3735 980 ra-

2149 1013 2320 1069 tione.
2372 1013 2473 1068 Dat
2499 1023 2684 1070 autem
2733 1014 3077 1087 principibus
3105 1016 3453 1071 alimentum.
3492 1016 3734 1072 Dixerit.

2143 1103 2291 1158 enim
2325 1103 2474 1173 quod
2498 1102 2707 1159 Throni
2730 1111 2787 1159 et
2808 1104 3135 1171 Potestates,
3162 1105 3511 1176 Principatus
3533 1112 3590 1161 et
3609 1105 3733 1161 Vir-

2146 1201 2316 1259 tutes,
2366 1194 2560 1266 Angeli
2612 1203 2666 1252 et
2708 1196 3059 1269 Arcbangeli,
3094 1196 3343 1267 adeoque
3366 1197 3549 1252 omnis
3573 1212 3731 1252 crea-

2146 1294 2272 1341 tura
2309 1295 2502 1342 sancta
2539 1294 2596 1340 et
2632 1287 2917 1342 rationalis
2952 1288 3139 1343 cibum
3186 1303 3349 1343 suum
3377 1287 3545 1343 faciat
3571 1287 3733 1344 ειπε-

2143 1388 2309 1435 stum.
2353 1379 2559 1434 Verum
2593 1380 2713 1437 haec
2750 1396 2842 1437 res
2890 1388 2954 1436 ut
2986 1395 3087 1452 par
3123 1389 3210 1437 est
3260 1381 3490 1453 intelligi
3539 1381 3734 1438 debet.

2143 1471 2260 1526 imo
2282 1486 2417 1528 vero
2445 1480 2501 1527 et
2520 1471 2870 1543 principibus
2894 1488 3119 1545 gregum
3148 1473 3205 1527 in
3249 1480 3397 1529 terra
3443 1473 3732 1531 distribuit

2140 1562 2424 1628 alimenta,
2461 1562 2729 1634 spiritalia
2765 1564 3052 1630 nimirum,
3085 1580 3152 1621 ac
3187 1564 3502 1620 divinorum
3524 1573 3729 1638 myste-

2140 1654 2353 1710 riorum
2387 1655 2784 1711 revelationem
2823 1657 3117 1728 omnisque
3157 1658 3387 1715 virtutis
3416 1658 3728 1726 scientiam,

2140 1754 2202 1802 ut
2233 1753 2290 1801 et
2324 1745 2430 1818 ipsi
2462 1746 2700 1818 populos
2732 1761 2846 1803 suae
2871 1747 3000 1804 ﬁdei
3029 1749 3356 1805 commissos
3384 1758 3611 1820 pascant
3631 1749 3729 1806 do-

2141 1841 2320 1897 ctrina
2349 1841 2418 1896 ad
2450 1840 2621 1896 vitam
2648 1841 2897 1898 salutari.
2930 1841 3069 1899 Hinc
3096 1843 3174 1898 ait
3203 1843 3273 1899 ad
3306 1844 3456 1915 ipsos
3483 1861 3497 1898 :
3534 1862 3553 1895 ι
3586 1842 3728 1899 Gra-

464 1913 604 1985 πρδς
631 1916 847 1980 αὐτοὺς,
880 1937 899 1969 ι
938 1919 1158 1990 Δωρεὰν
1186 1920 1607 1994 ὶλάδετε,φησὶ,
1625 1925 1828 1997 δωρεὰν
1849 1927 1987 1981 δότε.
2011 1946 2017 1978 ι

2143 1935 2214 1991 tis
2242 1934 2552 2005 accepistis,
2589 1934 2763 2005 gratis
2790 1935 2917 1991 date
2943 1935 3009 1990 “.
3041 1954 3060 1989 ι
3090 1935 3227 1992 item
3251 1906 3469 1993 et-alibi
3494 1955 3509 1992 :
3541 1954 3562 1989 ι
3592 1935 3731 2003 Quis

459 2006 574 2059 Καὶ
603 2008 715 2078 μὴν
742 2008 838 2061 καὶ
866 2009 1116 2079 ἑτέρωθι*
1156 2031 1174 2063 ι
1211 2012 1311 2076 Τίς
1338 2014 1448 2085 ἄρα
1478 2017 1625 2069 ἐστὶν
1648 2017 1678 2068 6
1706 2018 1889 2082 πιστὸς
1913 2019 2035 2075 605-

452 2097 545 2161 λος
602 2099 701 2153 καὶ
747 2100 1042 2171 φρόνιμος,
1086 2103 1145 2156 ὃν
1204 2107 1537 2177 καταστήσει
1574 2110 1604 2161 6
1642 2109 1844 2182 Κύριος
1868 2113 2032 2168 αὑτοῦ

446 2191 544 2244 ἐπὶ
578 2191 682 2260 τῆς
711 2192 897 2254 οίκίας
927 2194 1120 2260 αὐτοῦ,
1145 2195 1241 2249 τοῦ
1279 2196 1465 2252 δοῦναι
1498 2200 1559 2253 ἐν
1587 2202 1763 2273 καιρῷ
1793 2205 1853 2257 τὸ
1889 2221 2032 2259 σιτο-

445 2281 704 2352 μέτριον;
756 2284 932 2354 Ἀμὴν
954 2284 1098 2353 λέγω
1130 2287 1281 2357 ύμτνο
1314 2289 1588 2360 μακάριος
1614 2293 1643 2345 6
1666 2292 1851 2358 δοῦλος
1881 2300 2027 2352 ἐκεί-

439 2391 548 2438 νος,
578 2374 640 2428 ὃν
671 2374 848 2428 ὲλθὼν
876 2380 906 2431 6
936 2377 1140 2449 Κύριος
1162 2379 1329 2434 αὐτοῦ
1356 2382 1583 2453 εὑρήσει
1611 2384 1790 2451 οὕτως
1813 2391 2031 2445 ποιοῦν-

437 2481 526 2521 τα.
572 2467 748 2538 ’Δμήν
778 2466 925 2537 λέγω
948 2469 1103 2535 ὑμῖν,
1135 2472 1218 2525 ὅτι
1248 2472 1343 2527 ἐπὶ
1372 2475 1508 2528 πᾶσι
1541 2479 1656 2542 τοῖς
1684 2481 2028 2552 ὑπάρχουσιν

435 2556 601 2611 αὐτοῦ
630 2560 973 2630 καταστήσει
1006 2563 1188 2619 αὐτόν.
1224 2583 1243 2615 ι
1278 2562 1452 2620 Τοῦτο
1474 2568 1765 2635 ποιοῦντας
1793 2575 2028 2647 εὑρήσο-

438 2664 538 2720 μεν
558 2651 688 2714 τοὺς
733 2650 846 2705 τῶν
885 2652 1226 2725 Ἐκκλησιῶν
1265 2655 1651 2727 διδασκάλους,
1677 2666 1771 2719 καὶ
1808 2667 1916 2739 πρό
1960 2686 2025 2737 γε

434 2741 499 2812 δὴ
532 2741 741 2797 τούτων
764 2744 895 2809 τοὺς
922 2747 1114 2815 ἁγίους
1138 2749 1491 2817 ἀποστόλους.
1526 2753 1866 2813 Ἐπιστέλλει
1892 2761 2024 2830 γοῦν

432 2832 477 2925 67
499 2834 775 2905 μακάριος
820 2837 1035 2902 Παῦλος
1076 2855 1249 2895 τισιν*
1300 2861 1321 2894 ι
1379 2843 1661 2901 Ἐπιποθῶ
1713 2849 1823 2924 γὰρ
1877 2854 2023 2925 ὑμᾶς

441 2924 600 2990 ιδείν,
631 2928 721 2981 ίνα
753 2946 808 2983 τι
848 2932 1066 3001 μεταδῶ
1100 2933 1346 3005 χάρισμα
1377 2937 1507 3009 ὑμῖν
1537 2944 1909 3013 πνευματικὸν
1940 2949 2020 3013 είς

446 3017 505 3069 τὺ
543 3020 894 3092 στηριχθῆναι
933 3025 1101 3096 ὑμᾶς.
1139 3044 1160 3078 ι
1208 3028 1671 3103 Παρακεκλῆσθαι
1797 3040 1891 3092 καὶ⁵
1921 3042 2019 3095 αὺ-

449 3109 532 3160 τοὶ
569 3108 779 3180 λέγουσι
815 3116 971 3188 παρὰ
1010 3117 1169 3186 Θεοῦ,
1204 3122 1319 3184 τοῖς
1347 3120 1558 3178 ἄνωθεν
1609 3126 1837 3196 ἀγαθοῖς
1885 3131 2015 3187 ἀνα-

2134 2036 2225 2082 est
2259 2025 2439 2081 ﬁdelis
2476 2041 2671 2082 servus
2708 2034 2766 2082 et
2800 2028 3067 2099 prudens,
3104 2043 3269 2100 quem
3301 2030 3603 2085 constituet
3620 2027 3726 2085 do-

2135 2120 2321 2177 minus
2363 2135 2532 2191 super
2566 2123 2791 2179 domum
2830 2137 3008 2188 suam,
3047 2130 3109 2177 ut
3140 2121 3298 2177 daret
3339 2131 3587 2193 tempore
3618 2136 3721 2201 op-

2135 2223 2376 2286 portuno
2401 2216 2773 2275 demensum?
2803 2216 2977 2272 Amen
3001 2215 3128 2271 dico
3158 2216 3334 2281 vobis,
3374 2216 3572 2271 beatus
3601 2230 3721 2271 ser-

2133 2322 2236 2363 vus
2276 2307 2389 2373 ille,
2435 2323 2601 2379 quem
2645 2307 2911 2364 Dominus
2940 2321 3196 2364 reversus
3230 2304 3504 2361 invenerit
3531 2304 3608 2360 ita
3636 2303 3725 2360 fac

2130 2397 2390 2454 cientem.
2444 2398 2619 2456 Amen
2659 2400 2787 2457 dico
2822 2399 3004 2465 vobis,
3045 2398 3306 2470 quoniam
3344 2411 3513 2467 super
3534 2397 3716 2452 omnia

2128 2504 2228 2545 sua
2268 2491 2675 2549 eonstituturus
2706 2493 2778 2549 sit
2804 2492 2984 2564 ipsum
3021 2491 3089 2547 ".
3131 2511 3150 2544 ι
3184 2490 3300 2547 Hoc
3326 2489 3507 2547 facere
3530 2488 3718 2546 cerni-

2128 2599 2253 2639 mus
2304 2584 2561 2641 doctorcs
2611 2585 3004 2652 Ecclesiarum,
3057 2591 3115 2640 et
3173 2592 3301 2639 ante
3361 2583 3465 2639 bos
3520 2580 3720 2648 fecisse

2125 2684 2347 2731 sanctos
2379 2677 2678 2747 apostolos.
2717 2677 2877 2734 Unde
2914 2678 3110 2733 beatus
3136 2675 3342 2732 Paulus
3375 2675 3451 2730 ita
3474 2673 3713 2731 scribit:

2132 2786 2150 2817 ι
2177 2767 2355 2839 Cupio
2404 2785 2504 2825 vos
2551 2770 2763 2836 videre,
2817 2779 2878 2825 ut
2922 2769 3235 2841 impertiam
3277 2768 3436 2824 vobis
3480 2768 3715 2839 gratiam

2122 2861 2470 2931 spiritualem
2504 2862 2562 2917 in
2597 2862 2723 2927 hoc,
2761 2870 2823 2917 ut
2860 2877 2960 2917 vos
2995 2860 3398 2917 conﬁrmemini
3432 2858 3502 2915 ⁸⁸.
3535 2879 3555 2913 ι
3589 2859 3713 2930 Fir-

2120 2969 2266 3009 mam
2288 2954 2436 3009 enim
2464 2961 2519 3009 et
2538 2954 2642 3024 ipsi
2660 2954 2852 3009 dicunt
2874 2969 2932 3011 se
2962 2954 3397 3010 consolationem
3435 2951 3713 3024 accepisse

2119 3059 2151 3098 a
2182 3045 2316 3108 Deo,
2347 3046 2442 3115 qui
2474 3045 2711 3115 replevit
2740 3061 2838 3101 eos
2860 3045 3121 3100 omnibus
3149 3044 3312 3100 bonis
3344 3044 3621 3115 supernis,
3653 3052 3712 3100 et

2120 3135 2506 3206 spiritualibus
2543 3137 2705 3191 donis
2734 3137 2997 3226 opulente
3034 3138 3321 3192 saturavit.
3355 3134 3536 3205 Quare
3570 3136 3709 3194 Aser

443 3204 780 3303 πιμπλαντος
795 3209 991 3274 αὐτοὺς
1005 3211 1271 3282 δηλονότι,
1307 3217 1403 3270 καὶ
1428 3220 1551 3283 ταῖς
1574 3218 1661 3274 διὰ
1691 3222 1831 3276 lived
1840 3241 2010 3294 ματος

2122 3204 2204 3281 θέει
2226 3225 2501 3291 Christus,
2547 3235 2644 3281 aut
2681 3226 2718 3281 ii
2770 3204 2865 3297 ξιιῖί
2896 3241 3025 3283 cum
3072 3225 3297 3283 Christo
3346 3204 3508 3282 ditati
3555 3233 3707 3293 sunt,

438 3294 727 3386 χορηγίαις
771 3299 1043 3365 πλουσίως
1091 3306 1566 3372 καταπιαίνοντος.
1615 3311 1783 3384 ’Δσὴρ
1821 3313 1886 3386 δὴ
1918 3312 2012 3370 οὖν

418 3384 538 3455 ἄρα
583 3386 914 3464 lima-cogi}
963 3395 1014 3446 οἱ
1054 3394 1291 3465 Χριστὸν
1334 3398 1769 3474 πλουτήσαντες,
1817 3384 1894 3462 ὧν
1944 3409 2012 3464 ἂν

426 3480 602 3533 νοοῖτο
630 3483 726 3535 καὶ
764 3483 908 3538 πίων
934 3487 963 3539 6
992 3487 1178 3557 ἄρτος.

868 3599 1007 3668 Περὶ
1035 3603 1143 3657 τοῦ
1176 3605 1539 3678 Νεφθαλείμ.

495 3705 538 3784 ι-
562 3687 884 3784 Ιβεφθαλεὶμ
929 3693 1182 3765 στέλεχος
1232 3697 1545 3770 ἀνειμένον,
1605 3703 1883 3774 ἐπιδιδοὺς
1927 3712 2005 3784 τῷ

418 3778 778 3853 γεν[ν]ήματι
795 3784 1012 3848 κάλλος.
1041 3804 1058 3837 ι
1090 3788 1486 3861 Ἐφαρμόσειεν
1500 3792 1588 3861 ἂν,
1610 3794 1765 3868 οἶμαί
1791 3818 1893 3867 τις,
1911 3778 2005 3858 καλ

418 3871 656 3965 condno
696 3874 924 3965 σκοποῦ,
967 3878 1062 3931 καὶ
1092 3878 1212 3933 τόδε
1245 3879 1309 3951 δή
1354 3883 1518 3938 πάλιν
1546 3887 1695 3960 αὐτῷ
1729 3908 1832 3944 που
1861 3893 2003 3965 τάχα

416 3958 494 4029 τῷ
521 3960 895 4033 Ἐμμανουὴλ,
915 3965 1134 4039 καὶμὴν
1162 3969 1213 4023 εί
1248 3968 1515 4040 βούλοιτο,
1544 3978 1640 4031 καὶ
1668 3958 1853 4047 αὐτοῖς
1889 3958 2001 4049 τοίς

418 4051 474 4103 ὲν
513 4051 698 4106 πίστει
726 4053 1188 4129 δεδικαιωμένοις,
1224 4065 1318 4117 καὶ
1356 4066 1714 4138 ἡγιασμένοις
1742 4073 1801 4126 ὲν
1831 4076 1996 4127 πνεύ·

419 4159 570 4212 ματι.
631 4144 884 4216 Ἐλέγετο
931 4150 1028 4219 μὲν
1085 4153 1193 4225 γὰρ
1243 4156 1379 4226 πρὸς
1428 4158 1530 4228 τὴν
1579 4160 1685 4212 τῶν
1726 4163 1999 4221 Ἰουδαίων

417 4233 652 4329 μητέρα,
853 4238 918 4310 δὴ
951 4240 1051 4312 τὴν
1081 4243 1460 4318 Ἰερουσαλὴμ,
1484 4249 1574 4303 διὰ
1605 4251 1791 4323 φωνῆς
1832 4256 1997 4329 Ἱερε-

416 4322 559 4390 μίου’
600 4343 621 4376 ι
667 4325 891 4381 Ἐλαίαν
908 4329 1139 4401 ὡραίαν,
1179 4332 1399 4390 εὔσκιον
1440 4337 1518 4409 τῷ
1562 4341 1713 4407 εῖδει,
1748 4322 1992 4404 ἐκάλεσε

412 4412 617 4514 iitipto;
647 4416 911 4514 τδ-ὃνομᾲ
954 4438 1068 4477 σου.
1121 4425 1216 4489 Εἰς
1256 4428 1439 4500 φωνήν
1482 4437 1785 4507 περιτομῆς
1822 4442 1993 4514 αὐτῆς

409 4505 621 4597 diri];qu
657 4507 770 4578 πῦρ
814 4511 903 4563 ἐπ’
943 4514 1136 4585 αὐτήν.
1177 4518 1403 4590 Μεγάλη
1456 4525 1489 4592 ἠ
1535 4505 1850 4597 ολεψίςιπι
1907 4505 1987 4588 σέζ

2121 3335 2357 3389 quorum
2380 3320 2538 3390 panis
2565 3334 2696 3376 vere
2727 3320 2945 3392 pinguis
2988 3319 3215 3393 intelligi
3240 3319 3426 3377 debet.

2661 3618 2739 3675 De
2777 3618 3134 3692 Nephthalim.

2184 3736 2209 3768 4
2242 3715 2594 3787 Nephtbalim
2660 3723 2891 3778 truncus
2938 3717 3226 3780 remissus,
3276 3719 3414 3771 dans
3465 3714 3702 3785 germini

2111 3823 2212 3863 suo
2258 3806 2727 3877 pulchritudinem
2759 3806 2826 3863 ¹¹⁹.
2869 3827 2887 3860 ι
2937 3807 3094 3862 Haud
3127 3803 3495 3865 incommode,
3522 3812 3585 3861 ut
3607 3819 3700 3859 ar-

2110 3895 2309 3958 bitror,
2347 3894 2846 3950 accommodaverit
2880 3894 3006 3962 quis
3027 3893 3195 3948 etiam
3222 3893 3328 3947 hoc
3354 3906 3548 3946 rursus
3592 3890 3697 3964 ipsi

2110 3986 2479 4049 Emmanueli,
2517 3999 2756 4048 necnon,
2786 3984 2831 4038 si
2856 3984 3054 4052 placet,
3086 3983 3154 4038 iis
3180 3983 3274 4052 qui
3298 3998 3398 4053 per
3417 3982 3581 4038 ﬁdem
3603 3984 3695 4056 ju-

2108 4076 2329 4132 stiticati
2380 4085 2509 4130 sunt
2548 4074 2987 4144 sanctiﬁcalique
3021 4075 3076 4129 in
3120 4074 3340 4145 spiritu.
3398 4075 3696 4133 Dicebatur

2105 4167 2254 4222 enim
2294 4166 2363 4221 ad
2396 4165 2713 4221 Iudaeorum
2759 4173 3013 4230 matrem,
3069 4164 3401 4233 Jerusalem,
3443 4166 3690 4237 inquam,

2106 4275 2205 4330 per
2254 4274 2444 4316 vocem
2485 4258 2781 4316 Ieremia}:
2838 4278 2856 4310 ι
2886 4257 3097 4314 Oiivam
3146 4259 3328 4329 specie
3379 4258 3689 4331 pulchram,

2103 4368 2352 4424 opacam,
2390 4352 2610 4409 vocavit
2644 4352 2910 4408 Dominus
2941 4366 3142 4407 nomen
3187 4360 3359 4407 tuum.
3392 4353 3474 4409 Ad
3496 4369 3689 4410 vocem

2103 4445 2277 4515 ipsius
2300 4442 2741 4500 circumcisionis
2764 4458 3028 4499 accensus
3054 4451 3139 4499 est
3161 4444 3303 4515 ignis
3328 4455 3518 4502 contra
3540 4461 3684 4502 eam.

2102 4537 2292 4608 Magna
2324 4535 2609 4591 tribulatio
2635 4535 2745 4589 erit
2774 4535 2829 4589 in
2855 4542 2928 4588 te.
2967 4534 3196 4590 inutiles
3226 4534 3356 4590 facti
3391 4545 3521 4591 sunt
3546 4537 3685 4592 rami

423 4595 834 4700 'ilxpettbilnaav
866 4606 914 4658 οἱ
950 4606 1137 4660 κλάδοι
1162 4609 1352 4681 αὐτῆς,
1383 4614 1477 4666 καὶ⁸
1516 4595 1720 4687 Κύριος
1747 4621 1857 4676 τῶν
1901 4624 1990 4678 δυ-

2122 4595 2238 4700 :jus,
2290 4638 2347 4683 et
2391 4628 2660 4683 Dominus
2706 4628 2975 4683 virtutum
3020 4636 3107 4683 est
3156 4628 3252 4699 qui
3300 4629 3570 4700 plantavit.
3608 4637 3679 4685 te.

409 4686 625 4759 νάμεων
646 4694 674 4746 6
701 4699 1116 4766 καταφυτεύσας
1149 4718 1231 4767 σε,
1267 4703 1527 4778 ἐλάλησεν
1554 4686 1646 4763 ἐπὶ
1672 4712 1730 4765 σὲ
1760 4716 1926 4771 κακά.
1962 4736 1980 4769 ι

409 4779 544 4876 Ὀτε-
584 4782 693 4855 γὰρ
740 4785 846 4840 ἔδει
899 4789 1001 4859 τῆς
1054 4791 1408 4868 καθηκούσης
1455 4800 1624 4871 αὐτὴν
1667 4804 1987 4876 ἐπιμελείας

404 4874 583 4966 τυχεῖν
626 4877 905 4947 (σημαίνει
939 4885 1066 4953 γὰρ,
1086 4878 1261 4955 οἶμαι,
1278 4890 1447 4954 τουτὶ,
1470 4893 1565 4945 κα.)⁸
1592 4874 1780 4966 ἕτερον
1810 4898 1985 4966 οὐδὲν,

2098 4719 2340 4774 Locutus
2385 4726 2469 4774 est
2516 4724 2711 4773 contra
2747 4725 2801 4773 te
2837 4717 3039 4773 malum
3086 4719 3154 4772 ’°.
3189 4737 3206 4770 ι
3236 4717 3375 4774 Cum
3395 4720 3542 4775 enim
3576 4719 3681 4790 ipsi

2095 4826 2228 4866 cura
2260 4810 2597 4867 conveniens
2640 4818 2788 4865 esset
2827 4808 3140 4865 adhibenda
3184 4806 3348 4879 234
3389 4809 3467 4872 (id
3507 4808 3676 4876 enim,

2094 4912 2248 4973 puto,
2268 4913 2322 4958 et
2338 4902 2474 4957 nihil
2492 4900 2662 4965 aliud,
2686 4899 2955 4972 signiﬁcat
2983 4900 3100 4969 ipsa
3123 4895 3518 4967 circumcisio),
3546 4913 3679 4954 tunc

404 4964 436 5032 ὴ
477 4970 798 5063 περιτομή),
828 4972 952 5025 τότε
976 4976 1070 5027 καὶ
1101 4977 1441 5049 ἡχρειῶσθαι
1470 4985 1563 5037 καὶ
1593 4964 1987 5063 ἐμπεπρῆσθαί

2123 4964 2415 5047 tinutilem
2444 4964 3087 5046 factamietcombustam
3113 4999 3233 5039 eam
3263 4983 3360 5050 ait,
3390 4964 3520 5056 quia
3542 5002 3677 5057 pra:-

404 5072 565 5128 φησιν
604 5061 797 5151 αὐτὴν,
836 5064 917 5117 ὅτι
952 5065 1029 5151 μὴ
1056 5069 1302 5140 παρόντα
1331 5072 1421 5125 τὸν
1454 5077 1701 5147 γεωργὸν
1730 5061 1987 5151 ἐπιγινώ-

2087 5093 2299 5141 sentem
2351 5082 2648 5154 agricolam
2696 5079 2876 5135 noluit
2914 5090 3236 5149 agnoscere,
3276 5075 3372 5146 qui
3412 5083 3673 5147 tanquam

404 5161 551 5202 σκειν
578 5150 759 5220 ἧθελε,
787 5156 898 5218 τὸν,
923 5139 1010 5208 οἶά
1037 5173 1141 5211 τινι
1171 5157 1413 5234 δρεπάνῃ
1446 5167 1508 5235 τῇ
1541 5139 1854 5245 τομωτάτῃ,
1892 5173 1983 5227 τοῦ

2122 5178 2220 5232 tice
2273 5176 2588 5231 acutissima
2633 5189 2732 5243 per
2777 5170 3008 5241 spiritus
3064 5168 3359 5224 eﬂicaciam
3394 5169 3463 5224 ab
3498 5170 3669 5225 inuti-

402 5241 712 5313 πνεύματος
733 5245 987 5320 ἐνεργείᾳ
1011 5250 1121 5303 τῶν
1160 5251 1398 5322 ἀχρείων
1432 5258 1464 5326 ὴ
1476 5258 1583 5326 μᾶς
1618 5241 1984 5320 ἀπαλλάττον-

2082 5266 2230 5320 libus
2256 5281 2356 5320 nos
2378 5263 2675 5327 abscindit,
2702 5262 2808 5316 hoc
2828 5268 2934 5324 est,
2963 5276 2993 5314 a
3011 5260 3246 5314 terrenis
3261 5265 3317 5313 et
3335 5259 3667 5324 carnalibus,

400 5346 461 5383 τα
480 5373 493 5396 ,
540 5335 823 5406 τουτέστι,
849 5338 958 5391 τῶν
1000 5341 1382 5412 γεωδεστέρων
1409 5347 1503 5399 καὶ
1552 5351 1860 5420 σαρκικῶν,
1892 5355 1978 5410 ἵνα

2131 5367 2149 5411 ι
2173 5357 2510 5412 desiderium
2538 5353 2984 5421 alacritatemque
3002 5350 3069 5404 ad
3088 5365 3151 5404 ea
3169 5364 3290 5419 quae
3306 5350 3668 5406 admiratione

398 5421 493 5492 τήν
535 5427 616 5489 είς
653 5429 766 5481 πᾶν
813 5428 995 5483 ὁτιοῦν
1036 5433 1146 5486 τῶν
1188 5432 1655 5510 τεθαυμασμένων
1688 5443 1873 5514 ἔφεσιν
1916 5467 1976 5504 τε

2127 5450 2251 5522 igna
2286 5458 2434 5512 sunt,
2481 5446 2920 5514 conciperemus.
2962 5441 3169 5496 Deltoc
3194 5439 3361 5511 igitur
3388 5441 3518 5497 licet
3545 5442 3663 5499 Sal-

398 5512 486 5565 καὶ
529 5515 846 5588 προθυμίαν
883 5520 1218 5593 ὲκτέκωμεν.
1259 5525 1414 5583 Ἔστι
1460 5531 1591 5599 γοῦν
1627 5512 1858 5592 ἀκουσαι
1887 5540 1977 5593 13'-

398 5619 578 5671 γοντος
608 5609 859 5681 ἐναργῶς
890 5613 983 5668 τοῦ
1004 5616 1223 5671 πάντων
1250 5620 1407 5692 ἡμῶν
1429 5624 1685 5699 Σωτῆρος
1709 5630 1972 5702 Χριστοῦ’

2084 5551 2331 5597 vatorem
2355 5541 2601 5595 omnium
2625 5544 2876 5590 nostrum
2913 5532 3105 5588 audire
3134 5532 3409 5589 dicentem
3438 5552 3449 5587 :
3502 5552 3519 5586 ι
3547 5535 3671 5605 Ego

2086 5649 2208 5690 sum
2246 5632 2374 5688 vitis
2407 5645 2558 5695 vera,
2591 5637 2647 5684 et
2668 5628 2829 5683 Pater
2859 5641 3015 5683 meus
3043 5625 3280 5699 agricola
3302 5634 3404 5682 est.
3431 5624 3659 5682 Omnem

487 5781 734 5879 :‘Joann.
768 5803 841 5879 vi,
1008 5793 1084 5879 ,ξ’
1117 5795 1278 5866 lbid.,
1304 5798 1392 5854 55.
1470 5801 1515 5833 ⁸⁸
1553 5801 1745 5861 Matth.
1778 5825 1831 5875 χ,
1871 5809 1922 5864 8.
2002 5812 2017 5842 ⁸

2122 5827 2206 5866 uc.
2240 5828 2333 5879 κη,
2370 5809 2551 5867 42-“.
2629 5802 2673 5837 ⁸⁸
2707 5803 2865 5859 Rom.
2900 5820 2937 5871 ι,
2969 5804 3055 5858 li.
3133 5805 3328 5860 "Gen.
3381 5821 3521 5869 χιιι,
3562 5803 3656 5856 21.

459 5853 503 5886 '°
530 5855 736 5912 Jerem.
783 5873 855 5924 χι,
890 5860 972 5928 16,
1006 5862 1088 5919 i7.
