4074 6260
380 399 483 459 ττι
1421 394 1478 450 S.
1518 391 1795 449 CYRILLI
1827 388 2297 444 ALEXANDRINI
2333 384 2649 444 ARCHIEP.
3534 371 3649 427 3τὶ

388 514 675 588 palmitem
700 511 796 582 qui
826 511 882 565 in
908 524 996 564 me
1020 522 1134 563 non
1158 505 1269 562 fert
1290 505 1557 569 fructum,
1583 504 1747 567 tollit,
1773 510 1830 558 et
1854 517 1966 557 om—
1994 529 2006 558 Α

2143 500 2288 570 Ἐγώ
2317 502 2435 571 ειμι
2467 502 2500 570 ἠ
2529 499 2774 570 ἄμπελος
2806 499 2839 568 ἡ
2867 493 3117 566 ἀληθινὴ,
3147 492 3291 548 καὶὸ
3314 488 3508 588 Πατήρ
3538 502 3642 558 μου

387 583 516 661 item
547 605 641 674 qui
663 603 771 657 fert
795 601 1056 664 fructum,
1081 605 1299 670 purgat,
1332 606 1395 652 ut
1430 597 1670 653 fructum
1696 595 1964 666 producat

2129 594 2375 665 γεωργός
2408 595 2544 646 ἐστι.
2583 592 2698 645 Πᾶν
2727 590 2912 661 κλῆμα
2953 592 3012 643 ἐν
3041 589 3168 659 ἐμοὶ
3209 586 3285 657 μὴ
3319 583 3488 674 φέρον
3511 597 3645 674 καρο

389 671 754 767 cepiosiorem
796 695 862 747 ⁸³.
897 713 915 744 ι
966 692 1103 747 Nam
1128 691 1394 746 Dominus
1415 698 1604 745 noster
1624 688 1784 744 Jesus
1803 687 1965 743 Chri-

2108 686 2194 753 τὸν,
2228 684 2372 755 αἴρει
2400 682 2554 737 αὐτό·
2596 683 2692 736 καὶ
2723 682 2833 735 πᾶν
2865 680 2927 734 τὺ
2954 678 3167 750 καρπὸν
3191 676 3358 746 φέρον
3391 671 3645 767 καθαίρει

391 761 511 844 stus
558 796 643 843 est
689 787 860 841 veluti
906 786 1063 839 radix
1101 784 1349 855 quaedam
1388 791 1446 838 et
1496 783 1666 853 stipes
1705 781 1835 835 vitis
1868 780 1968 835 ad-

2110 777 2236 839 ύτὸ,
2280 777 2366 829 ἵνα
2407 773 2617 846 καρπὸν
2659 770 2882 826 πλείονα
2920 770 3081 842 φέρῃ.
3123 788 3141 821 ι
3196 768 3352 831 Ῥἱζα
3398 764 3497 836 μὲν
3536 761 3648 833 γὰρ

392 879 616 934 modum
660 877 1015 933 exuberantia
1064 854 1231 946 atque
1276 882 1487 930 onustae
1531 874 1732 928 talibus
1770 871 1968 937 botris,

2108 865 2160 924 ῑά
2178 886 2282 933 τις,
2299 867 2649 939 καὶάμπέλου
2671 865 2919 935 στέλεχος
2941 860 3275 934 ἐμόεὸοθρευ
3285 854 3651 963 μένηςέιῖϊφα-

391 970 488 1040 qui
527 969 597 1023 ad
636 969 937 1025 novitatem
972 968 1201 1039 spiritus
1232 975 1362 1024 sunt
1383 965 1627 1022 adducti.
1655 965 1765 1021 Nos
1786 972 1972 1020 autem

2108 961 2199 1024 ῶς,
2232 959 2339 1013 τῶν
2371 960 2451 1022 είς
2483 958 2779 1028 καινότητα
2805 957 2947 1026 ζωῆς
2973 951 3348 1023 ἐνηνεγμένων
3379 951 3407 1003 6
3443 949 3649 1040 Κύριος

396 1039 588 1116 sumus
643 1061 818 1115 instar
869 1061 1160 1131 palmitum
1202 1059 1261 1113 in
1314 1058 1526 1113 unitate
1584 1055 1812 1126 spiritus
1868 1054 1974 1125 ipsi

2116 1053 2232 1124 μῶν
2289 1052 2499 1125 Ἰησοῦς
2548 1049 2803 1122 Χριστός.
2841 1047 3151 1119 κλημάτων
3196 1043 3254 1097 δέ
3294 1040 3449 1111 δίκην
3487 1039 3648 1131 ἡμεῖς

398 1155 580 1225 agnati
601 1161 657 1208 et
685 1154 860 1219 insiti,
895 1170 1020 1209 cum
1045 1152 1465 1225 intelligibiliter
1505 1167 1605 1221 per
1648 1149 1974 1206 charitatem

398 1249 451 1303 ei
501 1248 782 1312 uniamur,
831 1263 897 1302 ac
945 1247 1117 1302 veluti
1151 1245 1484 1317 pinguedine
1516 1244 1585 1299 ab
1608 1245 1728 1315 ipso
1752 1252 1977 1312 accepta

397 1338 762 1403 luxuriantes,
812 1339 999 1394 divina
1046 1338 1220 1409 gratia
1256 1338 1467 1393 alamur
1509 1336 1576 1391 ad
1597 1334 1978 1391 fructiﬁcatio-

400 1445 529 1484 nem
569 1430 807 1484 virtutis.
847 1429 1023 1484 Porro
1062 1445 1169 1483 una
1197 1443 1322 1483 cum
1348 1427 1485 1482 Filio
1506 1428 1672 1481 etiam
1696 1426 1858 1481 Pater
1879 1440 1978 1479 cu—

403 1535 521 1574 ram
566 1519 708 1591 gerit
752 1519 951 1574 nostri.
994 1519 1110 1574 Imo
1142 1534 1278 1574 vero
1313 1516 1663 1572 manifestum
1703 1516 1978 1585 estquod,

405 1610 620 1665 etiamsi
661 1609 915 1665 Christus
956 1610 1294 1680 intelligatur
1334 1608 1485 1672 vitis,
1539 1608 1701 1662 Pater
1746 1608 1983 1678 agricola

405 1709 510 1765 est,
565 1718 728 1757 omne
770 1716 1173 1772 supervacuum
1220 1701 1279 1755 in
1321 1699 1543 1755 Christo
1578 1709 1889 1770 amputans,
1929 1710 1986 1756 et

407 1805 597 1844 curam
632 1791 901 1847 adhibens
951 1799 1011 1846 ut
1034 1807 1198 1862 quam
1229 1790 1434 1861 Optime
1472 1791 1798 1861 proveniant
1820 1793 1982 1858 bona,

411 1891 577 1951 atque
621 1883 677 1936 in
725 1883 846 1952 ipso
893 1892 1100 1953 queant
1131 1882 1486 1940 fructiﬁcare.
1512 1884 1650 1940 Cum
1681 1885 1866 1955 itaque
1892 1885 1988 1941 de-

410 1973 619 2028 cuisset
638 1973 952 2029 Judaeorum
978 1982 1207 2043 matrem
1235 1976 1671 2045 praestantiorem
1699 1976 1897 2043 videri,
1932 1985 1989 2032 et

412 2076 535 2116 esse
555 2063 851 2118 formosam
873 2072 1036 2134 atque
1060 2080 1286 2134 opacam
1314 2064 1533 2130 olivam,
1559 2066 1701 2121 sicut
1722 2067 1990 2136 propheta

414 2150 531 2206 ait:
572 2161 690 2207 tum
728 2153 843 2222 ipsa
879 2154 1061 2223 periit,
1102 2154 1352 2225 ignisque
1376 2154 1432 2209 in
1453 2170 1516 2210 ea
1539 2171 1821 2210 accensus.
1852 2155 1992 2211 Hinc

406 2250 475 2297 .et
517 2244 735 2313 sapiens
770 2245 1011 2300 Joannes
1041 2263 1053 2297 :
1103 2264 1120 2295 ‹
1146 2244 1266 2300 Jam
1296 2245 1508 2300 securis
1531 2245 1599 2300 ad
1632 2246 1873 2301 radicem
1900 2262 1990 2300 ar-

417 2331 570 2386 boris
607 2334 787 2401 posita
819 2343 923 2398 est,
950 2334 1147 2404 inquit.
1179 2334 1370 2390 Omnis
1400 2336 1566 2405 igitur
1587 2337 1752 2390 arbor
1775 2352 1885 2391 non
1909 2336 1993 2391 fa-

419 2419 573 2476 ciens
611 2419 849 2476 fructum
890 2422 1096 2476 bonum
1150 2424 1490 2478 exscinditur
1521 2434 1578 2479 et
1611 2426 1904 2497 conjicitur
1937 2428 1996 2482 in

421 2508 604 2578 ignem
634 2511 702 2565 θ’.
741 2530 760 2562 ι
806 2509 960 2577 Quod
999 2521 1183 2566 autem
1216 2512 1450 2569 celebris
1485 2514 1577 2569 illa
1601 2514 1732 2569 urbs
1753 2516 1808 2569 in
1832 2514 1996 2570 tinem

425 2617 599 2672 usque
644 2605 1007 2673 opprimenda
1053 2606 1125 2662 sit
1163 2606 1595 2672 calamitatibus,
1652 2609 1827 2663 multo
1870 2616 1999 2664 ante

425 2692 613 2748 docuit
650 2679 915 2764 prepheta
958 2695 1268 2761 Zacharias,
1315 2697 1544 2753 dicens:
1581 2717 1599 2749 ι
1628 2699 1697 2753 Et
1718 2699 1826 2753 erit
1846 2700 2001 2769 plan-

422 2788 548 2839 ctus
594 2782 652 2837 in
688 2783 1019 2851 Jerusalem,
1077 2786 1221 2841 sicut
1277 2789 1530 2858 planctus
1590 2790 1719 2844 mali
1775 2790 1996 2860 punici,

423 2872 572 2941 quod
594 2872 650 2927 in
674 2889 867 2945 campo
888 2876 1192 2932 succiditur
1224 2878 1291 2933 ³³.
1328 2898 1347 2930 ι
1390 2879 1460 2933 Ει
1495 2894 1692 2935 rursus
1723 2881 1894 2935 veluti
1932 2880 2001 2935 ad

424 2960 602 3037 ipsam
638 2966 753 3019 ait:
796 2958 825 3017 γε
858 2967 1087 3033 Libane,
1135 2969 1285 3039 aperi
1306 2978 1494 3039 portas
1528 2977 1667 3035 tuas,
1692 2979 1749 3025 et
1777 2972 2004 3026 devoret

427 3054 570 3125 ignis
598 3056 795 3112 cedros
824 3065 966 3113 tuos.
999 3059 1184 3115 Ululct
1211 3060 1396 3130 pinus,
1424 3076 1491 3115 eo
1517 3062 1662 3131 quod
1685 3063 1886 3118 cecidit
1910 3080 2003 3119 ce-

399 3145 582 3203 ‘drus.
617 3145 754 3212 Quia
788 3149 1047 3219 praecipui
1078 3159 1362 3221 magnates
1384 3153 1463 3205 tui
1489 3151 1543 3206 in
1569 3152 1872 3222 perniciem
1905 3154 2003 3208 de-

430 3247 722 3296 venerunt.
755 3239 993 3307 Ululate,
1043 3257 1283 3312 quercus
1341 3243 1536 3309 Basan,
1593 3244 1723 3313 quia
1763 3246 2009 3302 succisus

432 3336 518 3382 est
543 3330 714 3383 saltus
744 3331 991 3386 consitus
1018 3331 1085 3386 ".
1122 3350 1141 3383 ι
1184 3331 1426 3388 Libanus
1451 3336 1601 3388 enim
1631 3349 1788 3388 mons
1811 3342 1895 3388 est
1915 3348 2009 3388 ce-

435 3419 552 3475 dris
586 3420 844 3486 refertus,
885 3438 1007 3491 quae
1039 3423 1171 3478 boni
1195 3424 1383 3479 odoris
1415 3432 1499 3479 est
1522 3426 1724 3494 planta,
1750 3427 2010 3495 pulchra-

435 3526 544 3579 que
569 3511 625 3565 in
650 3510 863 3581 primis.
888 3513 1098 3573 Libano
1112 3530 1242 3586 ergo
1262 3527 1544 3587 comparat
1559 3519 2011 3591 Hierosolymam,

437 3601 600 3675 235
647 3619 771 3674 quae
816 3620 949 3661 sane
991 3606 1371 3662 admirandam
1431 3610 1600 3669 habet
1666 3614 2016 3671 sacerdotum

436 3695 871 3763 multitudinem,
918 3706 1184 3768 quantum
1222 3699 1433 3761 scilicet
1466 3702 1534 3756 ad
1569 3702 1836 3757 honorem
1880 3703 2016 3774 legis

438 3788 652 3843 attinet.
699 3789 763 3843 Hi
809 3790 956 3845 enim
981 3790 1207 3846 l'uerunt
1230 3793 1506 3862 praepositi
1537 3793 1824 3859 duces,‘ac
1845 3795 2016 3849 veluti

440 3880 498 3935 in
541 3880 693 3937 silvis
724 3881 950 3938 robusta
971 3899 1034 3938 ac
1056 3883 1314 3954 praecelsa
1337 3883 1502 3956 ligna,
1528 3885 1729 3955 quippe
1755 3886 1847 3956 qui
1882 3886 2019 3943 alios

440 3986 634 4027 omnes
677 3975 1007 4033 auctoritate
1074 3976 1422 4041 antecellant,
1481 3978 1855 4048 populumque
1912 3978 2019 4034 sibi

443 4065 748 4134 subjectum
795 4066 954 4137 longe
998 4076 1278 4136 superent.
1321 4067 1592 4123 Caeterum
1639 4085 1900 4125 succensa
1939 4078 2022 4124 est

441 4155 765 4221 Jerusalem,
807 4158 913 4212 hoc
954 4165 1059 4223 est,
1098 4158 1381 4224 Libanus;
1431 4160 1527 4228 qui
1556 4175 1688 4214 vero
1727 4160 1784 4214 in
1808 4161 1925 4230 ipsa
1950 4160 2019 4214 il-

444 4231 649 4303 lustres
691 4262 755 4301 ac
796 4256 1123 4318 praestantes
1160 4256 1339 4315 erant,
1378 4250 1673 4320 gloriaque
1732 4251 2022 4305 altitudine

445 4338 775 4403 eminentes,
825 4339 1156 4409 planxerunt
1209 4356 1267 4394 se
1324 4340 1589 4403 invicem,
1649 4340 1908 4395 cadentes
1960 4357 2024 4396 ac

447 4439 772 4505 pereuntes:
799 4432 1001 4502 quippe
1028 4431 1120 4503 qui
1147 4432 1203 4487 in
1226 4433 1636 4490 robustissimos
1651 4433 2023 4488 Romanorum

2076 1145 2199 1200 καθ’
2225 1146 2419 1199 ἕνωσιν
2449 1144 2547 1216 τὴν
2574 1146 2630 1197 ἐν
2660 1141 2929 1212 πνεύματι
2960 1133 3432 1210 προσπεφύκαμέν
3463 1147 3524 1184 τε
3556 1129 3649 1183 καὶ

2078 1236 2447 1309 ἁπηρτήμεθα
2479 1233 2703 1307 νοητῶς,
2735 1234 2922 1303 ἀγάπῃ
2959 1232 3026 1301 τῇ
3059 1232 3140 1292 είς
3172 1226 3333 1281 αὐτὸν
3360 1221 3652 1288 συνδούμε-

2079 1348 2180 1392 νοι,
2210 1331 2305 1383 καὶ
2330 1327 2779 1389 ἐνσπαταλῶντες
2808 1325 3026 1393 πιότητι
3052 1324 3120 1392 τῇ
3159 1320 3290 1389 παρ’
3321 1315 3487 1371 αὐτοῦ
3505 1358 3520 1380 ,
3558 1312 3653 1367 καὶ

2079 1424 2147 1492 τῇ
2171 1420 2291 1492 θείᾳ
2313 1420 2637 1492 τρεφόμενοι
2662 1419 2845 1489 χάριτι
2873 1415 3010 1486 πρὸς
3027 1409 3407 1485 καρποφορίαν
3430 1405 3652 1478 ἀρετῆς.

2096 1510 2517 1565 Ἐπισκέπτεται
2544 1509 2602 1563 δὲ
2644 1510 2714 1561 τὰ
2745 1507 2868 1562 καθ’
2899 1505 3047 1577 ἡμᾶς
3082 1503 3178 1557 σὺν
3217 1499 3336 1571 Υἱῷ
3375 1500 3470 1552 καὶ
3495 1494 3660 1554 αύτδς

2086 1605 2115 1657 6
2145 1601 2514 1674 Πατήρ.’Δλλ’
2547 1600 2664 1654 ἐστι
2702 1616 2804 1653 που
2841 1598 3025 1667 δῆλον,
3066 1597 3150 1649 ὄτι
3185 1594 3291 1648 κᾶν
3329 1593 3378 1644 εί
3416 1585 3658 1660 ἄμπελος

2087 1699 2262 1750 νοοῖτο
2285 1694 2554 1765 Χριστὸς,
2582 1693 2827 1764 γεωργὸς
2851 1690 2908 1745 δὲ
2938 1691 2967 1744 6
2997 1688 3221 1759 Πατὴρ,
3250 1687 3308 1739 ἐν
3345 1678 3570 1752 Χριστῷ
3596 1677 3660 1750 δὴ

2090 1786 2313 1850 πάντως
2346 1787 2408 1839 τὸ
2452 1785 2673 1856 ἀχρεῖον
2703 1784 3001 1854 ἀποκερεῖ,
3042 1780 3137 1834 καὶ
3195 1775 3478 1850 φροντίδος
3522 1770 3665 1836 ἀξιοῖ

2088 1879 2148 1933 τὸ
2176 1878 2252 1943 ὡς
2290 1877 2487 1949 ἄριστα
2529 1877 2674 1947 ἔχειν
2715 1875 3014 1946 δυνάμενον
3052 1873 3145 1926 καὶ
3181 1863 3569 1942 καρποφοροῦν
3603 1866 3662 1918 ἐν

2088 1970 2263 2040 αὐτῷ.
2306 1971 2437 2024 ’Ὀτε
2468 1970 2647 2023 τοίνυν
2694 1968 2859 2038 ἐχρῆν
2892 1968 2948 2019 ἐν
2989 1964 3269 2035 ἀμείνοσιν
3310 1959 3545 2029 ὁρᾶσθαι
3570 1971 3663 2024 γε·

2088 2062 2397 2135 γενημένην
2455 2062 2555 2131 τὴν
2583 2060 2692 2114 τῶν
2734 2058 2999 2113 Ἰουδαίων
3031 2055 3275 2126 μητέρα,
3302 2051 3402 2122 τὴν
3448 2046 3665 2102 εὗσκιόν

2090 2173 2148 2208 τε
2185 2155 2282 2208 καὶ
2327 2153 2537 2224 ὡραίαν
2577 2151 2788 2217 ἐλαίαν,
2827 2150 2903 2213 ὡς
2931 2151 2959 2202 ὁ
2996 2148 3284 2219 προφήτης
3329 2140 3500 2211 φησὶ.
3545 2137 3665 2190 τότε

2092 2245 2189 2300 καὶ
2238 2244 2516 2308 ἀπόλωλε,
2558 2243 2653 2296 καὶ
2694 2241 2909 2312 ἀνήφθη
2944 2239 3055 2308 πῦρ
3084 2239 3142 2291 ἐν
3173 2237 3332 2305 αὐτῇ.
3377 2229 3668 2301 Τοιγάρτοι

2093 2335 2234 2390 καὶὸ
2269 2334 2430 2403 σοφὴς
2480 2333 2751 2400 Ἰωάννης,
2793 2350 2811 2381 ι
2854 2329 2993 2396 Ἤδη
3018 2328 3073 2380 δὲ
3107 2327 3200 2379 καὶ
3222 2326 3256 2394 ἡ
3283 2323 3464 2392 ἀξίνη,
3512 2318 3667 2388 φησὶ,

2095 2427 2232 2497 πρὸς
2256 2425 2354 2495 τὴν
2385 2423 2544 2495 ῥίζαν
2573 2421 2681 2475 τῶν
2714 2421 2944 2490 δένδρων
2969 2419 3167 2470 κεῖται·
3197 2415 3307 2467 πᾶν
3329 2407 3422 2466 οὖν
3459 2409 3671 2480 δένδρου

2100 2520 2176 2590 μὴ
2220 2517 2406 2571 ποιοῦν
2451 2515 2664 2586 καρπὸν
2701 2513 2886 2576 καλὸν,
2919 2510 3277 2569 ἐκκόπτεται,
3316 2505 3413 2558 καὶ⁵
3443 2504 3524 2566 εἰς
3562 2499 3673 2571 πῦρ

2102 2611 2377 2682 βάλλεται.
2418 2628 2436 2662 ι
2476 2609 2600 2662 Ὅτι
2632 2606 2687 2659 δὲ
2725 2604 2918 2676 ἔμελλε
2950 2605 3069 2664 ταῖς
3103 2603 3185 2663 εἰς
3229 2598 3384 2667 λῆξιν
3417 2593 3673 2665 ἡκούσαις

2100 2702 2270 2758 κακοῦ
2306 2698 2720 2771 περιπεσεῖσθαι
2763 2698 3072 2767 συμφοραῖς
3104 2696 3138 2763 ἡ
3182 2689 3467 2761 διαϐόητος
3499 2685 3671 2749 πόλις.

2104 2790 2677 2866 προανεχρησμῲδησε
2731 2789 2907 2857 λέγων
2956 2788 2985 2840 6
3040 2784 3327 2857 προφήτης
3379 2777 3673 2848 Ζαχαρίας·

2110 2909 2129 2941 ι
2171 2890 2279 2942 Καὶ
2308 2887 2457 2941 ἔσται
2487 2887 2516 2938 6
2554 2883 2783 2946 κοπετὸς
2821 2884 2921 2953 τῆς
2958 2874 3424 2950 Ἰερουσαλὴμὼς
3451 2870 3678 2933 κοπετδς

2108 2980 2307 3050 ροὦνος
2371 2982 2428 3033 ἐν
2472 2977 2640 3046 πεδίῳ
2703 2971 3132 3042 ἐκκοπτομένου.
3181 2988 3199 3020 ι
3243 2967 3357 3020 Καὶ⁵
3400 2963 3565 3018 πάλιν
3607 2961 3679 3024 ὡς

2108 3074 2244 3146 πρὸς
2280 3059 2474 3142 αὑτήν·
2500 3091 2518 3122 ι
2549 3067 2844 3133 Διάνοιξον,
2874 3067 2903 3118 6
2926 3063 3178 3126 Λίϐανος,
3210 3059 3311 3122 τὰς
3349 3056 3523 3126 θύρας
3557 3069 3677 3146 σου,

2110 3144 2207 3220 καὶ
2245 3162 2607 3233 καταφαγέτω
2638 3159 2748 3230 πῦρ
2785 3157 2885 3221 τὰς
2925 3154 3154 3226 κέδρους
3197 3168 3313 3205 σου,
3356 3144 3683 3208 Ὀλολυζέτω

2114 3258 2309 3322 πίτυς,
2350 3255 2484 3307 διότι
2510 3252 2769 3305 πέπτωκε
2812 3248 3025 3319 κέδρος.
3055 3246 3177 3298 Ὅτι
3230 3240 3485 3312 μεγάλως
3535 3250 3685 3306 μεγι-

2114 3351 2306 3410 στᾶνες
2347 3342 2822 3413 ἐταλαιπώρησαν.
2877 3337 3212 3401 Ὀλολύξατε,
3236 3332 3397 3406 δρύες
3449 3330 3549 3400 τῆς
3577 3328 3680 3380 Βα-

2117 3439 2416 3503 σανίτιδος,
2445 3437 2526 3489 ὅτι
2572 3430 2927 3501 κατεσπάσθη
2960 3432 2988 3484 6
3017 3425 3222 3498 δρυμὸς
3262 3425 3291 3477 6
3333 3421 3630 3492 σύμφυτος.
3661 3432 3679 3464 ι

2115 3531 2344 3594 Λίϐανος
2365 3527 2588 3600 μὲνγὰρ
2607 3526 2731 3597 ὅρος
2757 3522 2874 3577 ἐστὶ
2900 3524 2967 3593 τῇ
2998 3520 3175 3591 κέδρῳ
3216 3514 3553 3584 κατάκομον.
3596 3509 3688 3563 Et»

2116 3626 2249 3687 ῶδες
2265 3624 2320 3676 δὲ
2335 3621 2396 3675 τὸ
2410 3620 2596 3691 φυτὸν,
2616 3618 2711 3672 καὶ
2734 3617 2842 3669 τῶν
2868 3616 2951 3668 ὅτι
2972 3612 3206 3685 μάλιστα
3225 3602 3687 3678 τεθαυμασμένων

2118 3721 2197 3782 εἰς
2214 3711 2648 3782 κάλλος.Λι6ἁνῳ
2668 3709 2732 3776 δὴ
2748 3704 2838 3762 οὖν
2856 3703 3182 3776 παρεικάζει
3196 3701 3293 3773 τὴν
3315 3693 3684 3770 Ἰερουσαλὴμ,

2117 3811 2218 3865 οὐκ
2266 3805 2613 3877 ἀθαύμαστον
2662 3801 2892 3873 ἔχουσαν
2930 3797 3026 3868 τὴν
3076 3795 3186 3847 τῶν
3222 3793 3410 3866 ἱερέων
3449 3787 3685 3860 πληθὺν,

2118 3903 2178 3955 τό
2198 3918 2261 3970 γε
2290 3893 2445 3971 ἧκον,
2485 3895 2648 3967 φημὶ,
2684 3893 2818 3965 πρὸς
2850 3890 2949 3952 τὰς
2968 3892 3030 3942 ἐκ
3046 3888 3210 3958 νόμον
3241 3885 3424 3956 τιμάς.
3444 3882 3690 3935 Τέθειντο

2119 3994 2229 4066 γὰρ
2266 3991 2589 4063 ἡγούμενοι,
2625 3987 2720 4042 καὶ
2766 3980 2963 4056 οἷάπερ
3014 3985 3070 4036 ἐν
3100 3983 3323 4052 δρυμοῖς
3355 3976 3493 4048 ἀδρά
3518 3992 3576 4028 τε
3602 3972 3692 4027 καὶ

2121 4083 2575 4157 εύθυμηκὲστατα
2604 4078 2753 4144 ξύλα,
2779 4077 2840 4130 τὸ
2868 4077 2974 4129 τῶν
2998 4075 3170 4129 ἄλλων
3196 4071 3449 4126 ἁπάντων
3480 4068 3694 4157 ἀνέχον-

2120 4195 2212 4241 τες
2245 4156 2461 4247 μέτρον,
2492 4171 2584 4225 καὶ
2615 4169 2750 4223 πολὺ
2782 4167 2888 4220 τῶν
2927 4165 3031 4218 ὑπὸ
3068 4167 3226 4235 χεῖρα
3256 4160 3400 4214 λαῶν
3439 4156 3693 4229 ὑπερκεί-

2127 4286 2299 4340 μενοι.
2365 4265 2501 4319 Ἀλλ’
2547 4262 2934 4334 ἐμπέπρησται
2986 4257 3083 4327 μὲν
3141 4251 3527 4326 Ἰερουσαλὴμ,
3577 4266 3697 4303 του·

2123 4363 2324 4424 τὲστιν,
2363 4359 2391 4409 6
2421 4355 2673 4416 Λίϐανος.
2703 4355 2765 4405 Οἱ
2790 4352 2846 4403 δὲ
2880 4351 2938 4402 ἐν
2963 4349 3099 4419 αὐτῇ
3127 4346 3390 4417 λαμπροὶ,
3423 4343 3518 4397 καὶ
3547 4356 3698 4413 περι-

2127 4451 2471 4521 φανέστατοι,
2496 4447 2589 4498 καὶ
2615 4445 2676 4497 τὸ
2702 4445 2759 4496 ἐν
2782 4441 3049 4503 εύκλείαις
3075 4438 3289 4509 ἔχοντες
3311 4436 3442 4505 ὕψος
3459 4476 3474 4499 ,
3503 4432 3699 4504 τεθρη-

448 4521 618 4576 duces
639 4536 749 4576 non
780 4522 940 4577 aliter
983 4538 1147 4592 quam
1182 4524 1235 4578 in
1268 4524 1565 4595 lignatores
1589 4525 1852 4595 quosdam
1879 4524 2006 4579 inci-

2127 4545 2353 4613 νήκασιν
2402 4537 2691 4608 ἀλλήλους,
2740 4533 3030 4596 πίπτοντες
3072 4547 3133 4583 τε
3173 4530 3266 4583 καὶ
3312 4526 3697 4594 ἀπολλύμενοι,

447 4611 648 4667 derint.
681 4612 885 4667 Verum
922 4612 1185 4669 Dominus
1226 4622 1414 4669 noster
1441 4614 1600 4670 Jesus
1627 4614 1898 4679 Christus,
1925 4632 2023 4670 eo-

447 4718 572 4757 rum
598 4701 692 4770 qui
720 4701 846 4755 mali
880 4703 1019 4757 male
1060 4703 1362 4772 perierunt,
1395 4714 1623 4757 truncus
1654 4710 1739 4757 est
1773 4703 2021 4778 effectus.

446 4793 659 4847 Gaudet
680 4793 827 4847 cnim
857 4807 1074 4861 semper
1099 4792 1329 4847 inﬁnitis
1352 4793 1525 4862 copiis
1557 4807 1775 4846 sursum
1817 4792 2021 4846 vehen-

448 4884 554 4949 dis,
594 4890 650 4938 et
687 4899 787 4953 per
822 4892 1020 4950 totum,
1056 4891 1116 4938 ut
1150 4899 1261 4938 uno
1296 4883 1466 4938 verbo
1489 4883 1687 4949 dicam,
1712 4883 1902 4937 orbem
1936 4884 2022 4938 di-

448 4972 668 5029 latatur.
704 4974 860 5041 Quod
902 4976 1080 5046 ipsum
1114 4974 1551 5047 pnesigniﬁcavit
1584 4976 1730 5030 Deus
1755 4976 1901 5030 clare
1925 4992 2024 5045 per

448 5081 637 5119 vocem
679 5065 985 5122 Ezechielis
1020 5068 1095 5121 ita
1118 5065 1309 5120 dicens
1345 5083 1356 5117 :
1390 5082 1408 5115 ‹
1439 5064 1507 5118 Ει
1536 5065 1797 5135 accipiam
1825 5081 1890 5119 ex
1912 5067 2025 5119 elc-

457 5157 558 5209 ctis
591 5156 763 5219 cedri,
806 5171 875 5210 ex
912 5157 1227 5211 summitate
1260 5156 1443 5210 cordis
1479 5155 1724 5226 ipsorum
1772 5157 2023 5221 evellam,

448 5254 507 5299 et
537 5244 794 5315 plantabo
831 5248 884 5301 in
927 5257 1167 5303 montem
1194 5248 1385 5314 altum,
1410 5258 1466 5302 et
1494 5248 1820 5319 suspendam
1848 5249 2027 5321 ipsum

451 5338 508 5391 in
551 5347 792 5394 montem
826 5341 1116 5396 sublimem
1151 5341 1388 5395 lsraelis.
1417 5342 1483 5396 Et
1507 5342 1787 5412 plantabo,
1812 5350 1869 5397 et
1895 5357 2025 5411 pro-

451 5429 615 5485 ducet
638 5448 882 5500 germen,
910 5433 1182 5503 facietque
1210 5433 1472 5499 fructum,
1494 5443 1547 5489 et
1574 5434 1680 5489 erit
1713 5434 1771 5487 in
1797 5433 2022 5488 cedrum

450 5539 722 5591 magnam,
759 5532 815 5578 et
846 5527 1093 5594 quiescet
1129 5528 1231 5579 sub
1264 5527 1377 5597 ipsa
1406 5528 1585 5582 omnis
1607 5527 1742 5591 fera,
1771 5535 1827 5581 et
1848 5527 2029 5579 omnis

454 5615 676 5668 Voinccr
703 5615 806 5668 sub
844 5618 1038 5669 umbra
1064 5617 1183 5685 ejus
1206 5619 1471 5685 quiescet.
1498 5618 1756 5673 Gcrmina
1794 5618 1911 5687 ejus
1937 5632 2026 5669 re-

2129 4612 2221 4687 καὶ
2248 4632 2435 4700 ὥσπερ
2458 4628 2568 4680 τισὶ
2605 4625 2894 4697 δρυτόμοις
2932 4621 3322 4692 περιπεσόντες
3347 4612 3700 4671 εὐσθενεστά-

2126 4741 2239 4786 τοις
2259 4726 2368 4785 τοῖς
2383 4720 2666 4788 Ῥωμαίων
2688 4719 3030 4787 στρατηγοῖς.
3052 4714 3189 4767 Ἀλλ’
3206 4716 3234 4767 ὃ
3252 4729 3315 4780 γε
3332 4710 3534 4782 Κύριος
3551 4705 3702 4777 ἡμῶν

2139 4816 2343 4887 Ἰησοῦς
2374 4813 2625 4885 Χριστὸς,
2645 4811 2711 4863 δι’
2741 4804 2816 4863 ὧν
2853 4811 3049 4862 ἐκεῖνοι
3082 4806 3242 4860 κακοὶ
3272 4802 3456 4864 κακῶς
3490 4796 3701 4854 ἀπολῶ·

2125 4885 2270 4967 λασι,
2313 4904 2563 4972 στέλεχος
2591 4901 2809 4969 γέγονεν
2838 4895 3138 4967 ἀνειμένον.
3184 4891 3458 4963 Ἑντρυφᾷ
3480 4888 3590 4959 γὰρ
3622 4885 3706 4939 ἀεὶ

2122 5002 2243 5062 ταῖς
2273 4996 2667 5064 ἀκαταλήκτοις
2697 4993 2775 5052 είς
2811 4989 2872 5043 τὸ
2899 4989 3011 5042 ἄνω
3052 4986 3265 5056 φοραῖς,
3297 4981 3392 5036 καὶ
3430 4980 3593 5048 ὅλης,
3633 4976 3706 5064 ὡς

2125 5090 2253 5152 ἔπος
2277 5088 2470 5147 εἰπεῖν,
2497 5085 2595 5153 τῆς
2624 5082 2713 5136 ὑπ’
2744 5079 2973 5151 οὐρανὸν
2998 5074 3413 5143 κατευρύνεται.
3444 5069 3556 5123 Καὶ⁵
3577 5063 3707 5121 αὐτὸ

2126 5184 2190 5251 δὴ
2218 5181 2376 5235 τοῦτο
2407 5175 2784 5249 προανεφὼνει
2823 5171 3011 5240 σαφῶς
3050 5171 3078 5221 ὁ
3108 5168 3239 5229 Θεὸς
3272 5163 3360 5217 διὰ
3389 5160 3577 5231 φωνῆς
3618 5160 3709 5211 Ἰε-

2128 5272 2314 5343 ζεχιὴλ
2345 5270 2486 5325 οὕτω
2507 5269 2698 5336 λέγων·
2734 5285 2753 5317 ‹
2788 5267 2896 5319 Καὶ
2915 5265 3155 5334 λήψομαι
3188 5262 3253 5312 ὲκ
3275 5258 3383 5311 τῶν
3410 5253 3708 5343 ἐπιλέκτων

2133 5364 2230 5434 τῆς
2257 5363 2470 5434 κέδρου,
2495 5363 2558 5415 ἐκ
2576 5360 2820 5431 κορυφῆς
2855 5356 3076 5426 καρδίας
3104 5352 3283 5407 αὐτῶν
3313 5346 3581 5411 ἀποκνιῶ,
3617 5341 3710 5434 καλ.

2134 5431 2524 5521 καταφυτεύσω
2545 5450 2654 5519 ἐγὼ
2677 5450 2768 5503 ἐπὶ
2787 5450 2909 5520 ὅρος
2933 5447 3157 5519 ὑψηλὸν,
3180 5444 3275 5499 καὶ
3296 5439 3565 5513 κρεμάσω
3582 5431 3711 5490 αὐτὸ

2134 5550 2191 5599 ἐν
2218 5547 2332 5616 ὄρει
2359 5543 2618 5617 μετεώρῳ
2646 5541 2739 5595 τοῦ
2774 5540 3008 5612 Ἰσραήλ.
3032 5537 3142 5591 Καὶ
3165 5531 3585 5603 καταφυτεύσω,
3618 5523 3711 5617 καὶ

2095 5660 2107 5667 ν
2136 5637 2330 5704 ἐξοίσει
2367 5635 2628 5707 βλαστὸν,
2662 5634 2754 5687 καὶ
2784 5634 2996 5702 ποιήσει
3031 5626 3272 5700 καρπὸν,
3314 5624 3407 5678 καὶ
3450 5622 3606 5675 ἔσται
3633 5616 3711 5681 εις

524 5829 566 5867 ⁸⁸
617 5793 877 5890 JtianJv,
912 5824 958 5889 ι,
987 5824 1040 5879 '2.
1116 5825 1159 5854 θ’
1205 5823 1392 5879 Matth.
1430 5841 1505 5890 ιιι,
1546 5825 1625 5877 l0.
1704 5824 1749 5855 θ’
1790 5822 2006 5877 Ζίιριιςιιτ

2108 5839 2138 5883 ῖ,
2166 5822 2242 5873 ll.
2322 5821 2364 5850 ’³ἰ
2405 5818 2629 5872 Zachar.
2670 5831 2740 5881 xl,
2780 5812 2892 5867 1-3.
