4074 6260
326 373 436 432 373

1299 373 1819 432 GLAPHYRORUM
1861 376 1931 431 IN
1969 376 2274 435 GENESIM
2311 381 2443 438 LIB.
2486 385 2593 440 VH.

3494 400 3598 460 δη

325 493 521 563 κέδρον
561 487 841 561 μεγάλην,
881 486 979 542 καὶ
1015 487 1399 544 ἀναπαύσεται
1442 493 1703 548 ὑποκάτω
1747 492 1912 547 αὑτοῦ

2022 495 2343 563 stituentur,
2369 508 2429 554 et
2462 502 2651 556 omnia
2685 503 2831 574 ligna
2869 509 3047 578 campi
3072 525 3400 582 cognoscent
3452 520 3599 588 quod

326 586 439 638 πᾶν
478 582 705 653 θηρίον,
737 581 835 633 καὶ
866 581 971 633 πᾶν
1002 580 1247 634 πετεινὸν
1277 581 1383 634 ὑπὸ
1413 584 1513 653 τὴν
1548 589 1706 639 σκιὰν
1746 583 1912 639 αὐτοῦ

328 672 735 729 ἀναπαύσεται.
763 671 872 726 Καὶ
898 671 967 724 τά
995 671 1250 742 κλήματα
1276 673 1439 726 αὑτοῦ
1466 675 1915 745 ἀποκατασταθῆ-

334 781 517 827 σεται,
552 765 645 817 καὶ
673 762 968 832 γνώσονται
995 764 1170 818 πάντα
1199 764 1268 818 τὰ
1306 764 1438 829 ξύλα
1466 766 1562 819 τοῦ
1599 766 1805 830 πεδίου,
1831 769 1914 821 ὄτι

339 857 456 925 ἑγὼ
488 856 714 928 Κύριος,
760 858 791 909 6
829 856 1100 911 ταπεινῶν
1134 857 1289 921 ξύλον
1332 857 1537 928 ὑψηλὸν
1559 900 1575 925 ,
1624 860 1720 912 καὶ
1763 859 1916 928 ὑψῶν

345 947 498 1015 ξύλον
522 947 793 1011 ταπεινὸν,
820 947 919 999 καὶ
939 945 1208 1018 ξηραίνων
1230 947 1387 1013 ξύλον
1411 949 1644 1019 χλωρὸν,
1678 949 1772 1002 καὶ
1793 951 1917 1003 ἀναο

347 1039 543 1093 θάλλων
598 1038 757 1103 ξύλον
808 1037 993 1109 ξηρόν.
1061 1039 1203 1107 Ἐγὼ
1251 1040 1455 1110 Κύριος
1502 1040 1776 1112 ἐλάλησα,
1820 1042 1915 1096 καὶ

341 1130 562 1196 ποιήσω.
605 1146 626 1181 ι
673 1128 876 1198 Συνίης
906 1122 999 1181 οὖν
1037 1128 1121 1181 ὅτι
1162 1127 1233 1181 τὰ
1276 1129 1534 1182 ιπίλεκτα
1578 1130 1679 1198 τῆς
1725 1130 1915 1201 κέδρου

331 1220 527 1284 λαϐὼν,
558 1218 1051 1287 καταπεφύτευκεν
1092 1221 1226 1289 ἡμῖν
1269 1220 1333 1273 τὸ
1371 1221 1470 1290 τῆς
1505 1221 1650 1291 ζωῆς
1687 1221 1843 1287 ξύλον
1886 1222 1917 1275 6

328 1311 455 1375 Θεὸς
483 1313 582 1366 καὶ
612 1312 829 1381 Πατὴρ,
859 1309 1099 1364 τουτέστι
1120 1311 1374 1381 Χριστόν.
1416 1312 1708 1366 Ἐπίλεκτα
1734 1312 1790 1365 δὲ
1817 1312 1916 1381 τῆς

328 1401 521 1470 κέδρου
546 1401 685 1471 φησὶ
717 1401 822 1471 τὴν
858 1398 1021 1453 Ἰούδα
1048 1400 1243 1472 φυλὴν,
1265 1402 1362 1472 τὴν
1392 1403 1774 1474 κατάρχουσαν
1807 1403 1913 1466 ἀεὶ,

330 1496 427 1548 καὶ
448 1494 561 1547 τῶν
588 1494 770 1549 ἀλλων
809 1493 1215 1565 εὐκλεεστέραν·
1247 1496 1308 1560 ἐξ
1339 1489 1406 1566 ἧς
1440 1496 1610 1566 ἀνέφυ
1648 1498 1743 1549 καὶ
1787 1495 1916 1549 Ἰεσ-

335 1587 450 1648 σαὶ,
478 1587 578 1639 καὶ
604 1585 793 1648 Δαῦὶδ,
827 1586 919 1637 καὶ
951 1587 984 1654 ἡ
1016 1586 1143 1655 ἀγία
1186 1587 1477 1657 Παρθένος,
1504 1590 1538 1660 ἡ
1565 1587 1658 1641 τὸν
1708 1586 1917 1659 Ἰησοῦν

337 1679 654 1732 ὲκτέτοκεν.
694 1678 824 1730 Ὅτι
865 1676 923 1729 δὲ
964 1678 1057 1730 καὶ
1099 1678 1189 1731 ἐπὶ
1230 1678 1386 1743 ξύλου
1435 1680 1805 1752 κεκρὲμασται
1847 1678 1915 1731 δι’

345 1772 496 1840 ἡμᾶς
521 1771 585 1823 τὸ
613 1771 679 1822 ὲκ
698 1769 804 1838 τῆς
845 1769 1138 1823 ἀπολόκτου
1161 1771 1352 1843 κέδρου
1382 1772 1604 1842 ληφθὲν,
1631 1772 1725 1827 καὶ
1751 1770 1916 1839 φυτόν

349 1863 467 1914 ἔστι
487 1861 653 1914 καλόν
678 1874 734 1914 τε
762 1861 856 1914 καὶ
876 1860 1288 1926 εὐανθέστατον,
1318 1862 1435 1924 πῶς
1468 1861 1614 1915 ἔστιν
1644 1860 1916 1931 ἀμφιὸἀλ-
1950 1853 1993 1908 Β

350 1951 503 2013 λεινς
549 1950 1051 2020 Ἀνεδλαστήσαμεν
1087 1950 1146 2003 δὲ
1169 1951 1266 2002 καὶ⁵
1291 1953 1451 2020 ἡμεῖς
1487 1949 1578 2002 διὰ
1609 1950 1793 2021 βουλῆς
1820 1948 1917 2005 τοῦ

348 2041 590 2111 Πατρδς,
617 2041 690 2094 τὰ
725 2041 896 2095 πάλαι
926 2040 1066 2111 ξηρά
1089 2042 1186 2094 καὶ
1213 2040 1426 2111 καρπὸν
1445 2040 1544 2094 οὐκ
1560 2039 1744 2109 ἔχοντα
1767 2041 1915 2105 ξύλα,

344 2133 531 2203 ξηρῶν
561 2133 865 2201 γεγονότων
895 2134 989 2186 καὶ
1023 2133 1364 2187 αύανθέντων
1410 2133 1611 2204 τρόπον
1653 2132 1772 2187 τι.νά
1810 2133 1916 2188 τῶν

338 2225 414 2285 ὡς
447 2224 507 2275 ἐν
529 2223 792 2294 ὑγρότητι
821 2226 916 2277 καὶ
940 2224 1051 2294 ζωῇ
1084 2223 1178 2277 τοῦ
1206 2223 1392 2293 νόμου,
1415 2224 1689 2288 τουτέστι,
1718 2225 1823 2277 τῶν
1858 2225 1918 2290 ἐξ

350 2314 588 2384 Ἰσραήλ.
634 2316 747 2368 Καὶ
786 2316 836 2367 οἱ
866 2315 968 2385 μὲν
990 2310 1130 2384 ἦσαν
1164 2315 1372 2384 ὑψηλοὶ,
1411 2316 1651 2369 ταπεινοὶ
1676 2315 1731 2370 δὲ
1754 2310 1918 2387 ἡμεῖς

336 2408 430 2461 καλ⁵
469 2408 930 2478 κατερῤιμμένοι.
984 2407 1121 2461 ⁹Δλλ’
1159 2409 1450 2479 ύψὼθημεν
1483 2412 1541 2462 έν
1569 2410 1789 2481 Χριστῷ
1828 2410 1918 2465 διά

336 2497 591 2560 πίστεως.
636 2500 698 2551 Οἱ
726 2497 783 2550 δὲ
822 2498 925 2566 τῆς
965 2497 1197 2567 ἀρχαίας
1237 2498 1567 2552 κατώλισθον
1597 2500 1786 2570 δόξης,
1822 2503 1918 2554 καὶ

337 2588 590 2656 γεγόνασι
616 2587 883 2641 ταπεινοί.
911 2588 1048 2652 Θεὸς
1066 2584 1158 2642 οὖν
1184 2590 1333 2642 ἐστιν
1352 2592 1380 2643 ὁ
1400 2590 1508 2643 τῶν
1530 2591 1669 2645 ὅλων
1692 2591 1915 2662 Κύριος,

336 2683 366 2734 6
388 2681 485 2733 καὶ
516 2680 668 2742 ἰδίοις
696 2680 932 2751 νεύμασι
963 2680 1232 2735 ταπεινῶν
1259 2682 1327 2736 τὰ
1358 2682 1560 2753 ὑψηλὰ,
1597 2685 1692 2738 καὶ
1714 2685 1916 2739 ἀνακο-

341 2772 507 2843 μίξων
528 2771 664 2841 ὑψοῦ
690 2772 758 2825 τά
787 2772 1046 2836 ταπεινὰ,
1078 2773 1171 2827 καὶ¹
1203 2772 1470 2846 ξηραὶνων
1490 2775 1647 2841 ξύλον
1681 2775 1914 2847 χλωρὸν,

339 2862 434 2914 καὶ
454 2861 772 2915 ἀναθάλλων
801 2862 957 2928 ξύλον
991 2862 1174 2931 ξηρόν.
1204 2863 1324 2916 Ὅτι
1351 2864 1458 2936 γάρ
1490 2865 1523 2937 ἢ
1553 2865 1794 2936 ἀκάνθης
1822 2866 1916 2919 καὶ

346 2953 582 3021 τριϐόλου
614 2954 986 3023 διενεγκόντες
1006 2956 1180 3021 οὐδὲν,
1210 2957 1258 3009 oi
1290 2958 1355 3009 ὲκ
1376 2956 1474 3026 τῆς
1514 2957 1747 3029 ἀρχαίας
1780 2959 1914 3012 Συνε-

356 3046 565 3112 αγωγῆς
605 3047 884 3117 μονονουχὶ
919 3047 1139 3118 καὶτῆς
1168 3048 1328 3117 ἁγίας
1361 3049 1747 3121 ἀποκείρονται
1786 3051 1913 3121 γῆς,

360 3134 619 3203 ἀντανέφυ
640 3137 694 3189 δὲ
717 3137 910 3209 ὥσπερ
948 3139 981 3207 ἡ
1003 3139 1112 3191 τῶν
1142 3139 1201 3191 ἑν
1232 3120 1421 3192 πίστει.
1435 3139 1663 3209 πληθὺς,
1689 3141 1915 3204 καὶτοῖς

353 3223 462 3279 τῶν
502 3225 722 3297 δένδρων
756 3230 1145 3299 εύοσμοτάτοις
1183 3230 1608 3300 παρεικάζεται,
1659 3230 1917 3304 μαθήσῃ,

257 3336 267 3343 ο
348 3315 593 3385 λέγοντος
620 3315 711 3372 τοῦ
752 3318 918 3373 Θεοῦ·
971 3339 989 3372 ι
1040 3322 1150 3374 Καὶ
1194 3322 1405 3392 ποιήσω
1451 3323 1550 3393 τὴν
1598 3323 1803 3394 ἔρημον
1840 3327 1917 3388 εἰς

344 3410 459 3479 ἕλη.
488 3413 581 3464 καὶ
606 3411 706 3481 τὴν
731 3412 837 3481 γῆν
880 3414 939 3465 ὲν
971 3412 1329 3484 ὑδραγωγοῖς.
1367 3414 1532 3485 Θήσω
1566 3417 1645 3477 εἰς
1685 3417 1784 3484 τὴν
1826 3416 1919 3469 ἄν·

342 3500 500 3571 υδρον
551 3501 657 3570 γῆν
708 3502 917 3573 κέδρον,
974 3504 1069 3557 καὶ
1114 3503 1320 3570 πύξον,
1368 3506 1800 3577 καιμυρσίνην,
1826 3507 1918 3560 καὶ

340 3594 698 3663 κυπάρισσον,
742 3596 837 3647 καὶ
872 3594 1091 3666 λεύκην.
1140 3614 1159 3646 ι
1198 3597 1306 3650 Καὶ
1347 3597 1464 3668 μεθ’
1509 3598 1689 3667 ἕτερα·
1742 3620 1759 3650 ι
1807 3602 1915 3653 Καὶ

337 3684 492 3738 ἕσται
522 3686 644 3738 ἀντὶ
668 3687 769 3755 τῆς
800 3687 1016 3757 «mea;
1046 3688 1378 3759 ἀναϐήσεται
1412 3690 1767 3760 κυπάρισσος,
1798 3693 1918 3747 ἀντὶ

337 3780 396 3834 δὲ
430 3780 533 3851 τῆς
564 3781 799 3853 κονύζης
838 3784 1167 3854 ἀναϐήσεται
1198 3788 1452 3858 μυρσίνη.
1503 3807 1523 3842 ι
1555 3790 1653 3844 Διά
1687 3790 1785 3860 μὲν
1811 3793 1919 3862 γὰρ

337 3874 442 3944 τῆς
486 3873 680 3945 κέδρου
718 3876 933 3945 νοήσεις
971 3877 1070 3947 τὴν
1111 3879 1191 3939 εἰς
1232 3878 1540 3950 ἀφθαρσίαν
1585 3883 1774 3949 ἐλπίδα
1810 3883 1921 3938 τῶν

335 3966 809 4019 πεπιστευκότων·
847 3968 1119 4038 σήπεσθαι
1160 3970 1270 4041 γὰρ
1314 3972 1415 4025 οὐκ
1455 3969 1594 4027 οἶδεν
1628 3977 1660 4044 ἡ
1707 3977 1916 4045 κέδρος.

334 4056 443 4107 Διά
472 4056 529 4108 δὲ
562 4057 662 4126 τῆς
695 4057 888 4124 πύξου,
926 4059 988 4111 τὸ
1021 4060 1158 4131 μήτε
1192 4063 1248 4114 ὲν
1277 4066 1569 4134 κουφότητι
1605 4066 1698 4119 νοῦ
1718 4106 1735 4131 ,
1785 4070 1922 4137 μήτε

336 4146 454 4216 μὴν
492 4147 552 4199 ὲν
599 4147 833 4219 ἐλαφρίᾳ
868 4150 1108 4219 φρενῶν,
1143 4153 1268 4217 τοὺς
1320 4154 1379 4206 ὲν
1420 4157 1638 4227 Χριστῷ
1684 4160 1921 4214 νοεῖσθαι

333 4237 574 4307 πρέπον.
609 4239 829 4292 Συνετοὶ
869 4241 977 4311 γὰρ
1011 4242 1281 4308 ἅπαντες,
1335 4245 1538 4298 ὲπείτοι
1575 4246 1700 4301 νοῦν
1738 4248 1921 4321 ἔχουσι

331 4328 433 4380 τὸν
462 4330 716 4396 Χριστόν.
745 4332 961 4386 Ναστὸν
983 4335 1038 4388 δὲ
1069 4336 1223 4402 ξύλον
1252 4337 1313 4390 τὸ
1341 4338 1581 4405 πύξινον,
1607 4342 1700 4395 καὶ
1724 4344 1922 4417 πολλὴν

331 4418 467 4489 ἔχον
498 4422 557 4472 ὲν
590 4420 772 4492 ἑαυτῷ
801 4427 899 4495 τὴν
923 4426 1220 4482 πύκνωσιν.
1251 4433 1349 4485 Διά
1370 4433 1426 4485 δὲ
1460 4435 1559 4503 τῆς
1596 4433 1823 4505 μύρτου,
1860 4438 1921 4491 τὸ

2019 602 2121 658 ego
2166 589 2432 645 Dominus
2471 592 2595 656 sim,
2639 595 2734 664 qui
2786 597 3069 653 humiliem
3097 602 3302 673 lignum
3329 606 3519 670 altum,
3544 619 3601 661 et

2019 680 2253 735 exaltem
2289 681 2497 752 lignum
2536 685 2765 752 humile,
2800 699 2856 744 et
2876 692 3144 747 exsiccem
3184 695 3595 766 lignumviride.

2019 785 2073 830 et
2106 775 2300 830 faciam
2332 778 2642 847 germinare
2667 782 2903 837 aridum.
2948 785 3061 855 Ego
3090 787 3355 844 Dominus
3387 790 3521 853 dixi,
3545 803 3602 847 et

2019 865 2217 922 faciam
2248 868 2315 921 ’³.
2351 888 2369 919 ι
2415 870 2750 942 lntelligisne
2788 891 2897 945 quo
2930 887 3088 946 pacto
3131 895 3198 933 ex
3221 881 3413 937 electis
3437 883 3599 954 lignis

2021 957 2173 1012 cedri
2194 959 2459 1027 plantarit
2480 961 2641 1017 nobis
2665 964 2807 1019 Deus
2831 974 2886 1020 et
2908 967 3069 1023 Pater
3093 968 3301 1039 lignum
3325 972 3469 1036 vitm,
3495 974 3599 1028 hoc

2020 1058 2125 1115 est,
2160 1049 2475 1106 Christum?
2500 1053 2686 1110 Electa
2729 1067 2911 1112 autem
2948 1059 3093 1131 ligna
3134 1061 3287 1117 cedri
3324 1074 3482 1120 vocat
3505 1066 3601 1119 tri-

2022 1139 2153 1194 bum
2182 1139 2357 1205 Iudae,
2388 1158 2608 1213 semper
2634 1155 2973 1215 regnantem,
2998 1150 3229 1221 aliisque
3248 1152 3595 1221 nobiliorem;

2020 1246 2088 1285 ex
2143 1247 2259 1301 quat
2305 1233 2632 1302 prodierunt
2673 1237 2824 1291 Jesse
2855 1245 2911 1293 et
2941 1240 3132 1307 David,
3173 1250 3229 1296 et
3254 1255 3597 1302 sacrosancta

2020 1323 2205 1393 Virgo,
2260 1339 2383 1393 quze
2434 1327 2651 1395 peperit
2688 1328 2894 1384 .lesum.
2935 1329 3091 1396 Quod
3138 1342 3320 1389 autem
3367 1337 3421 1390 in
3450 1337 3598 1407 ligno

2022 1423 2249 1483 propter
2280 1430 2383 1470 nos
2421 1431 2749 1486 suspensum
2785 1419 2952 1475 fuerit
2986 1422 3119 1477 illud
3142 1440 3209 1478 ex
3229 1425 3399 1480 electa
3432 1427 3598 1481 cedro

2022 1516 2337 1575 sumptum,
2392 1508 2655 1578 quodque
2709 1511 3080 1580 pulcherrima
3142 1514 3598 1590 ﬁeridissitnaque

2022 1596 2189 1651 arbor
2230 1599 2320 1662 sit,
2368 1600 2627 1656 omnibus
2678 1613 3021 1673 compertum
3057 1613 3160 1661 est.
3198 1608 3308 1663 Nos
3336 1626 3469 1665 vero
3503 1612 3597 1682 qui

2023 1691 2152 1745 olim
2191 1691 2396 1748 fuimus
2425 1694 2576 1749 arida
2614 1704 2779 1765 atque
2813 1694 3133 1767 infrngifera
3166 1700 3330 1771 ligna,
3365 1718 3510 1759 nunc
3533 1720 3599 1759 ex

2024 1782 2120 1837 Dei
2156 1784 2434 1840 voluntate
2471 1785 2840 1853 reﬂoruimus,
2879 1790 3051 1844 aridis
3085 1791 3304 1847 interim
3333 1792 3487 1850 factis
3512 1805 3599 1850 at-

2022 1891 2128 1947 que
2165 1877 2453 1934 exsiccatis
2484 1880 2888 1951 quodammodo
2924 1883 3045 1937 istis
3100 1885 3194 1955 qui
3230 1896 3391 1941 erant
3426 1888 3480 1943 in
3520 1890 3601 1942 vi-

2022 1981 2153 2037 gore
2188 1978 2244 2022 et
2278 1968 2387 2023 vita
2416 1968 2573 2038 legis,
2609 1970 2713 2022 hoc
2736 1980 2840 2033 est,
2867 1969 3145 2026 lsraelitis.
3178 1973 3354 2043 Atque
3379 1974 3434 2028 hi
3471 1976 3597 2045 qui-

2024 2057 2149 2112 dem
2180 2066 2337 2113 erant
2364 2060 2586 2123 excelsi,
2614 2076 2716 2114 nos
2745 2077 2876 2115 vero
2900 2062 3136 2117 humiles
3158 2071 3321 2135 atque
3351 2063 3549 2136 abjecti
3579 2060 3591 2120 ἑ

2024 2149 2187 2220 236
2237 2151 2334 2206 sed
2382 2168 2527 2207 nunc
2572 2167 2671 2223 per
2694 2151 2855 2207 fidem
2880 2153 2935 2207 in
2965 2152 3245 2210 Christum
3276 2172 3377 2211 nos
3408 2171 3597 2212 sumus

2023 2242 2243 2296 exaltati
2269 2243 2349 2309 “;
2380 2244 2437 2297 hi
2462 2260 2592 2298 vero
2614 2243 2842 2314 pristina
2865 2245 3034 2313 gloria
3050 2246 3391 2313 exciderunt,
3418 2248 3600 2303 humi-

2023 2330 2251 2401 liatique
2288 2341 2435 2387 sunt.
2476 2334 2621 2388 Deus
2656 2335 2821 2404 igitur
2846 2343 2930 2389 est
2957 2336 3125 2395 totius
3146 2336 3385 2391 universi
3418 2336 3602 2391 Domi-

2023 2438 2148 2486 nus,
2190 2425 2282 2492 qui
2324 2440 2425 2494 pro
2457 2440 2557 2478 suo
2584 2425 2852 2479 arbitratu
2893 2424 3146 2480 humiliat
3170 2425 3447 2490 sublimia,
3472 2425 3599 2497 qui-

2023 2530 2129 2583 que
2152 2514 2361 2585 abjecta
2399 2516 2452 2569 in
2488 2515 2658 2569 altum
2694 2517 2905 2571 extollit
2941 2535 2953 2569 :
2989 2517 3082 2587 qui
3121 2518 3360 2572 exsiceat
3391 2517 3596 2588 lignum

2021 2606 2216 2669 viride,
2268 2615 2324 2659 et
2379 2607 2685 2676 germinare
2730 2608 3117 2664 facitaridum.
3147 2609 3281 2663 Nam
3309 2609 3455 2679 quod
3510 2609 3597 2664 isti

2021 2699 2115 2767 qui
2162 2699 2386 2755 fuerunt
2420 2716 2485 2754 ex
2521 2700 2689 2754 veteri
2720 2699 3020 2772 Synagoga,
3048 2717 3171 2755 cum
3198 2701 3334 2755 nihil
3359 2701 3465 2755 nisi
3487 2701 3603 2767 spi-

2022 2805 2146 2843 nam
2174 2797 2229 2844 et
2273 2790 2536 2844 tribulum
2558 2790 2956 2859 produxerunt,
2985 2788 3377 2860 propemodum
3401 2804 3430 2842 a
3456 2797 3604 2844 terra

2022 2891 2207 2935 sancta
2231 2882 2341 2936 sint
2365 2882 2532 2935 excisi
2569 2899 2582 2934 :
2610 2889 2662 2934 at
2687 2898 2718 2935 e
2742 2881 2962 2935 diverso
2995 2896 3135 2935 nova
3177 2879 3422 2934 ﬁdelium
3456 2880 3600 2933 mul-

2022 2973 2200 3030 titudo
2221 2974 2449 3028 suborta
2476 2975 2567 3036 sit,
2592 2990 2712 3042 quae
2737 2973 3045 3027 suavissimi
3085 2972 3274 3027 odoris
3309 2970 3602 3026 arboribus

2022 3072 2390 3131 comparatur,
2422 3062 2599 3115 disces
2621 3063 2874 3131 protinus
2897 3079 2963 3116 ex
2988 3062 3120 3125 Deo,
3170 3060 3389 3115 dicente
3417 3077 3430 3113 :
3480 3079 3499 3111 ι
3534 3059 3603 3115 Ει

2024 3155 2214 3209 faciam
2256 3156 2471 3209 deserta
2511 3155 2565 3208 in
2606 3164 2793 3224 stagna
2824 3165 2880 3210 et
2911 3164 3116 3210 terram
3165 3169 3430 3225 aquosam
3461 3170 3474 3207 :
3506 3168 3604 3224 po-

2021 3259 2147 3297 nam
2204 3244 2261 3298 in
2318 3252 2518 3299 terram
2559 3254 2805 3299 arentem
2841 3246 3089 3309 cedrum,
3146 3252 3203 3300 et
3255 3244 3485 3308 buxum,
3546 3252 3605 3299 et

2020 3346 2280 3408 myrtum,
2317 3347 2372 3393 et
2414 3353 2763 3409 cupressum,
2795 3349 2851 3393 et
2881 3337 3237 3409 p0pulum".
3274 3360 3289 3388 ο
3339 3335 3406 3392 Ει
3443 3336 3605 3407 paulo

2019 3441 2183 3501 post:
2221 3452 2238 3483 ι
2265 3432 2329 3486 Et
2374 3432 2484 3487 erit
2539 3441 2597 3487 ut
2631 3449 2731 3503 pro
2779 3433 2953 3488 stceba
2993 3439 3248 3503 exsurgat
3287 3446 3601 3502 cupressus,

2018 3534 2074 3578 ct
2117 3539 2215 3593 pro
2259 3524 2525 3594 pulicaria
2579 3524 2747 3578 herba
2791 3534 3049 3595 exsurgat
3083 3532 3294 3597 myrtus
3337 3523 3405 3579 “.
3433 3542 3452 3575 ι
3499 3523 3604 3578 Per

2018 3615 2244 3669 cedrum
2286 3618 2432 3671 enim
2472 3617 2745 3687 intelliges
2777 3632 2929 3687 spem
2968 3618 3313 3673 credentium
3340 3617 3397 3670 in
3434 3616 3600 3670 vitam

2017 3716 2294 3762 aeternam.
2327 3708 2541 3764 Cedrus
2576 3710 2722 3764 enim
2771 3725 2967 3780 expers
3000 3719 3085 3764 est
3127 3708 3452 3779 putredinis.
3498 3708 3603 3760 Per

2019 3798 2224 3853 buxum
2294 3809 2510 3864 autem,
2566 3800 2713 3869 quod
2780 3801 2977 3854 levitas
3035 3815 3100 3853 ac
3146 3798 3346 3851 mentis
3409 3796 3602 3849 incon-

2016 3890 2218 3945 stantia
2279 3906 2310 3943 a
2368 3890 2697 3943 Christianis
2736 3890 2915 3942 aliena
2966 3903 3086 3941 esse
3135 3887 3352 3940 debeat.
3403 3883 3605 3940 Omnes

2020 3980 2168 4035 enim
2212 3981 2580 4049 intelligentes
2621 3986 2768 4040 sunt,
2809 3986 2869 4031 ut
2911 3977 3005 4045 qui
3048 3975 3328 4030 Christum
3368 3975 3605 4029 habeant

2026 4084 2177 4124 suam
2228 4078 2465 4122 mentem
2513 4080 2675 4137 atque
2723 4068 3082 4122 intellectum.
3130 4066 3313 4120 Buxus
3349 4066 3495 4120 enim
3534 4066 3603 4120 li-

2024 4175 2187 4229 gnum
2228 4168 2311 4213 est
2347 4169 2712 4227 compactum,
2743 4158 3079 4227 multamque
3100 4156 3155 4211 in
3188 4172 3245 4210 se
3273 4157 3604 4212 soliditatem

2027 4252 2251 4307 habens.
2301 4252 2472 4305 Porro
2516 4267 2614 4320 per
2657 4258 2899 4322 myrtum
2944 4249 3269 4319 intelligitur
3316 4250 3459 4304 bona
3499 4248 3607 4312 fra-

2022 4344 2235 4415 grantia
2274 4342 2327 4396 in
2370 4343 2824 4406 sanctificatione,
2852 4352 2907 4397 et
2933 4350 3196 4412 perpetua
3222 4341 3275 4395 in
3299 4340 3470 4411 gratia
3503 4339 3604 4394 ﬂo-

2024 4439 2236 4493 riditas.
2277 4438 2343 4491 At
2373 4454 2468 4506 per
2499 4453 2848 4507 cupressum,
2879 4437 3111 4491 altitudo
3146 4446 3199 4491 et
3238 4438 3414 4491 bonus
3446 4435 3600 4491 odor.

330 4511 574 4580 εὔοσμον
605 4513 664 4565 ἐν
694 4515 971 4586 ἁγιασμῷ,
1007 4521 1100 4572 καὶ
1136 4522 1196 4573 τὸ
1230 4522 1473 4586 ἀειθαλὲς
1505 4527 1559 4578 ἐν
1589 4528 1791 4597 χάριτι.
1823 4530 1919 4582 Διά

2023 4531 2267 4585 Altitudo
2281 4530 2426 4583 enim
2451 4538 2554 4593 est,
2580 4530 2824 4598 inquam,
2855 4529 2909 4583 in
2936 4530 3159 4587 virtute,
3178 4538 3233 4581 et
3265 4528 3319 4580 in
3341 4526 3607 4581 doctrinis

328 4602 392 4655 δέ
423 4618 489 4669 γε
511 4603 611 4673 τῆς
634 4606 1000 4677 κυπαρίσσου,
1026 4611 1085 4661 τὸ
1114 4611 1315 4681 ὑψηλὸν
1341 4614 1431 4665 καὶ
1454 4614 1668 4680 εὑῶδες.
1689 4617 1921 4689 monitu

328 4694 395 4747 δέ
428 4711 575 4764 φημι
608 4700 750 4752 κατά
780 4716 845 4767 γε
892 4703 988 4770 τὴν
1020 4704 1221 4773 ἀρετὴν
1271 4706 1365 4759 καὶ
1396 4708 1456 4760 τὸ
1485 4709 1559 4771 ὡς
1598 4712 1655 4763 ὲν
1694 4712 1927 4783 δόγμασι

335 4788 667 4855 περιφανές.
700 4790 800 4843 Διά
836 4791 892 4843 δὲ
922 4792 1024 4861 τῆς
1049 4793 1270 4866 λεύκης,
1299 4800 1359 4851 τὸ
1384 4801 1545 4853 οἱονεὶ
1580 4802 1827 4872 λαμπρόν
1869 4823 1927 4858 τε

334 4877 443 4931 καὶ
486 4877 747 4934 ἐκλευκον
782 4885 862 4946 εἰς
904 4883 1272 4957 δικαιοσύνην.
1326 4892 1583 4962 Λαμπροὶ
1624 4895 1728 4965 γὰρ
1774 4898 1822 4948 οἱ
1871 4898 1928 4949 ἐν

331 4968 585 5038 Χριστῷ,
610 4973 676 5039 τῇ
704 4974 832 5043 παρ’
860 4974 1026 5027 αὐτοῦ
1056 4977 1538 5049 καταγλαῖζόμενοι
1571 4985 1771 5054 χάριτι.
1805 4987 1929 5038 Στέ-

333 5057 496 5128 λεχος
514 5058 576 5129 δὴ
601 5056 693 5113 οὖν
716 5062 1003 5132 ἀνειμένον
1023 5066 1356 5138 Νεφθαλεὶμ,
1380 5072 1411 5141 ἢ
1440 5074 1598 5137 αὐτὸς
1619 5077 1646 5127 ὁ
1672 5078 1923 5144 Χριστὸς,

331 5149 367 5219 ἢ
398 5151 453 5202 οἱ
480 5153 720 5222 Χριστοῦ
748 5155 1035 5227 γνώριμοι.
1075 5162 1289 5231 Ἐπειδὴ
1312 5163 1365 5214 δέ
1389 5182 1540 5231 φησι·
1574 5187 1592 5216 ι
1633 5169 1927 5235 Ἐπιδιδοὺς

331 5242 419 5313 τῷ
447 5247 747 5314 γεννήματι
783 5249 1000 5312 κάλλος
1051 5270 1069 5302 ι
1106 5252 1502 5320 ὑποδηλώσειεν
1537 5256 1627 5320 ἂν,
1667 5258 1741 5320 ὡς
1785 5256 1924 5329 ὲγῷο

338 5350 467 5401 μαι,
500 5335 742 5389 τοιοῦτόν
779 5356 831 5391 τι
865 5339 1045 5395 πάλιν.
1095 5343 1183 5393 Ἐν
1212 5344 1407 5412 ἀρχαῖς
1455 5345 1551 5412 μὲν
1591 5346 1694 5413 γὰρ
1728 5352 1756 5401 ὁ
1795 5352 1927 5420 Χρι-

338 5425 569 5488 στδς,ἐν
607 5427 688 5498 τῷ
720 5430 842 5483 καθ’
877 5434 1023 5500 ἡμᾶς
1064 5432 1337 5503 ὁρώμενος
1369 5438 1642 5505 σχήματι,
1674 5441 1754 5493 ὅτι
1794 5444 1925 5507 Θεὴς

339 5517 488 5569 κατὰ
516 5536 678 5584 φυσιν
710 5521 847 5585 ἐστὶ,
881 5525 973 5575 καὶ
997 5524 1042 5575 εξ
1074 5525 1263 5592 γέγονε
1279 5526 1432 5596 σὰρξ,
1461 5530 1559 5581 ούκ
1590 5533 1923 5587 ἐπιστεύετο.

340 5608 459 5662 Καὶ
490 5613 622 5679 γοῦν
661 5615 1001 5670 λιθόλευστον
1029 5620 1125 5688 μὲν
1157 5622 1325 5672 ποιεῖν
1355 5624 1402 5673 οι
1443 5624 1681 5676 Ἰουδαῖοι
1711 5626 1929 5677 ἀπετόλ-

424 5722 706 5806 ':_E_zech.
751 5752 878 5798 xvn,
909 5736 1090 5792 ἓξὲξ-ΞΗ.
1170 5740 1213 5771 ⁹⁶
1254 5740 1296 5793 11
1329 5739 1454 5795 Cor.
1480 5757 1550 5805 χι,
1585 5743 1634 5795 7.
1715 5743 1756 5774 ⁵⁷
1801 5743 1899 5797 lsa.

2028 5785 2040 5806 ,
2074 5741 2157 5803 l8,
2200 5739 2284 5792 Η).
2358 5735 2402 5767 ⁹¹⁸
2447 5731 2751 5795 Isa.t\',15

347 5807 409 5858 x,
445 5793 635 5852 31-55.

2031 4623 2269 4677 claritas.
2316 4622 2420 4675 Per
2462 4622 2724 4691 populum
2768 4636 2900 4675 vero
2925 4620 3267 4690 splendorem
3292 4625 3453 4687 atque
3480 4633 3607 4671 can-

2026 4715 2214 4768 dorem
2259 4712 2631 4783 intelligemus
2677 4712 2744 4766 ad
2790 4711 3080 4783 justitiam.
3129 4707 3411 4779 Splendidi
3456 4706 3603 4761 enim

2025 4813 2155 4861 sunt
2192 4805 2514 4869 Christiani,
2559 4813 2919 4860 eoruseantes
2970 4804 3064 4857 Dei
3108 4802 3302 4872 gratia.
3355 4801 3607 4852 Truncus

2024 4893 2190 4963 igitur
2206 4904 2289 4947 est
2319 4894 2689 4960 Nephthalim,
2715 4903 2808 4947 aut
2836 4894 3020 4963 potius
3048 4892 3159 4959 ipse
3180 4889 3451 4952 Christus,
3481 4886 3606 4957 qui-

2025 5002 2130 5056 que
2174 4986 2392 5041 Christo
2434 4985 2544 5039 noti
2588 4995 2736 5040 sunt.
2782 4986 2919 5039 Cum
2965 4992 3147 5037 autem
3190 4978 3363 5034 dixit:
3413 4996 3431 5029 ι
3462 4978 3607 5034 Dans

2026 5078 2257 5147 germini
2304 5077 2771 5147 pulchritudinem
2797 5077 2863 5136 θ’,
2905 5094 2922 5124 ι
2958 5072 3063 5126 tale
3087 5069 3365 5141 quidpiam
3391 5086 3603 5135 rursus,

2028 5177 2087 5224 ut
2128 5170 2387 5232 arbitror,
2416 5167 2808 5223 subindieavit.
2834 5165 2970 5218 Cum
2999 5162 3148 5216 enim
3174 5162 3425 5216 Christus
3448 5161 3605 5215 initio

2028 5262 2082 5315 in
2117 5263 2354 5315 humana
2396 5270 2591 5312 natura
2614 5265 2923 5325 appareret,
2950 5268 3059 5306 non
3086 5252 3245 5307 facile
3272 5251 3604 5307 credebatur

2026 5364 2216 5420 suapte
2260 5361 2457 5404 natura
2498 5350 2639 5400 Deus
2672 5360 2813 5409 esse,
2852 5353 2907 5398 et
2945 5344 3120 5396 factus
3142 5358 3261 5397 esse
3294 5356 3441 5396 caro.
3465 5342 3605 5397 Hinc

2025 5453 2079 5497 et
2124 5442 2297 5497 Judmi
2357 5440 2616 5492 volebant
2670 5451 2797 5488 eum
2859 5432 3122 5502 lapidare,
3166 5432 3491 5502 obiiciente:
3543 5446 3596 5491 et

2027 5532 2193 5602 quod,
2233 5545 2361 5581 eum
2420 5529 2584 5579 homo
2638 5532 2810 5588 esset,
2866 5528 3107 5590 seipsum
3157 5533 3339 5578 tamen
3384 5522 3609 5578 fecisset

2027 5625 2199 5678 Deum
2248 5622 2283 5673 ¹.
2328 5618 2470 5683 Quin
2515 5623 2569 5665 et
2601 5624 2815 5670 sanctos
2857 5617 3129 5684 apostolos
3166 5631 3454 5671 cernemus
3477 5630 3601 5670 enm

2849 5736 2892 5766 π’
2934 5732 3066 5789 Cen.
3096 5753 3234 5802 xux,
3262 5737 3350 5792 ει.
3406 5737 3420 5766 ¹
3444 5736 3601 5789 Joan.
