4074 6260
478 317 583 375 375

1494 325 1551 382 5.
1591 329 1868 386 CYRILLI
1906 327 2376 386 ALEXANDRINI
2407 324 2723 381 ARCHIEP.

3615 321 3709 381 376

479 436 701 507 quidem
728 447 982 510 tanquam
1012 439 1384 512 prodigiorum
1408 443 1728 502 effectorem
1756 447 2023 502 admirato

2158 462 2295 515 μων,
2319 443 2601 511 ἐπίκλημα
2627 441 2720 495 καὶ
2743 438 2966 511 γραφὴν
2992 435 3442 511 ιπιρῤιπτοῦντες
3468 434 3620 507 αὐτῷ
3647 437 3720 491 ιδ.

480 529 647 586 fuisse
674 548 688 598 ;
726 548 833 588 non
860 540 1037 586 tamen
1065 535 1348 590 manifeste
1371 540 1691 608 mysterium
1715 540 1782 594 de
1807 539 1926 609 ipso
1958 539 2046 594 in-

480 622 777 677 tellexisse.
811 621 1079 688 Quocirca
1117 640 1240 680 cum
1272 627 1489 683 sedaret
1515 646 1685 695 mare,
1715 639 1772 685 et
1802 631 2045 700 impuro-

473 728 599 766 .rum
628 713 919 782 spirituum
947 715 1183 784 impetus
1205 718 1549 788 reprimeret,
1568 721 1881 791 cogitabant
1902 722 2044 776 intra

476 817 534 856 se
579 801 824 858 dicentes
851 823 862 856 :
915 824 934 855 ι
962 805 1150 872 Qualis
1183 816 1266 861 est
1307 808 1427 870 iste,
1455 810 1598 879 quod
1626 819 1681 865 et
1709 811 1867 882 237
1893 827 2044 866 mare

473 901 530 946 et
565 893 713 948 venti
753 895 1013 950 obediant
1041 897 1173 951 ei”?
1212 919 1229 949 ι
1262 899 1495 954 Videsne
1518 903 1793 971 quomodo
1822 902 1876 956 id
1897 903 2044 972 quod

473 990 665 1052 suapte
694 993 891 1040 natura
917 995 1056 1052 erat,
1098 987 1204 1043 hoc
1237 1000 1339 1053 est,
1381 992 1546 1057 Deus,
1571 993 1674 1048 etsi
1701 992 1876 1048 factus
1917 1009 2044 1048 caro

472 1070 658 1138 fuerit,
709 1076 952 1130 nondum
995 1085 1176 1132 tamen
1221 1079 1291 1132 ab
1323 1079 1405 1134 eis
1437 1081 1530 1148 qui
1587 1081 1643 1134 in
1685 1081 1890 1135 mundo
1915 1088 2044 1136 sunt

471 1164 726 1234 cognitus
759 1166 850 1233 sit,
893 1183 1072 1238 neque
1124 1169 1354 1239 gloriam
1397 1169 1583 1224 divina
1622 1171 1906 1241 majestate
1954 1171 2041 1224 di-

469 1269 633 1323 gnam
671 1255 1010 1312 obtinuerit?
1047 1258 1339 1328 Postquam
1365 1276 1498 1316 vero
1525 1261 1580 1314 in
1613 1261 1774 1315 nobis
1803 1260 2042 1331 cognitio

467 1347 589 1414 ejus
619 1348 912 1417 ampliores
942 1365 1264 1420 progressus
1292 1352 1440 1418 fecit,
1479 1361 1595 1408 tum
1617 1353 1835 1407 demum
1865 1354 2042 1408 credi-

467 1442 558 1490 tus
589 1445 673 1492 est
711 1446 902 1508 suapte
947 1448 1142 1495 natura
1179 1443 1324 1498 Deus
1351 1459 1474 1498 esse
1501 1462 1514 1497 :
1557 1463 1575 1495 ‹
1603 1459 1872 1515 omneque
1897 1461 2040 1516 genu

467 1525 571 1594 ipsi
619 1525 860 1584 ﬁectitur
905 1531 946 1596 ³,
979 1550 998 1584 ι
1056 1540 1174 1588 ιοιο
1219 1535 1354 1589 orbe
1384 1533 1562 1604 ipsum
1595 1535 1877 1590 adorante.
1901 1537 2038 1591 Cum

464 1633 596 1688 ergo
633 1619 688 1674 in
726 1621 887 1677 nobis
927 1624 1168 1694 cognitio
1197 1624 1370 1694 ipsius
1405 1625 1471 1679 ad
1499 1625 1889 1695 perfectionem
1910 1643 2038 1697 per-

2157 536 2311 590 ιὍτι
2329 537 2414 599 σὺ,
2435 534 2717 605 ἄνθρωπος
2728 531 2822 598 ὢν,
2843 534 3014 595 ποιεῖς
3036 527 3260 585 σεαυτὸν
3275 528 3429 583 Θεόν.
3456 545 3475 580 ι
3496 527 3738 598 Εὐρήσο-

2153 645 2250 699 μεν
2265 627 2320 680 δὲ
2341 627 2436 679 καὶ
2455 626 2653 689 αὐτοὺς
2664 627 2788 687 τοὺς
2802 624 2990 693 ἁγίους
3003 622 3337 685 ἀποστόλους
3357 621 3729 687 κατατεθηπό-

2147 735 2245 780 τας
2266 717 2363 788 μὲν
2388 717 2462 778 ὡς
2475 714 2856 786 τερατουργὸν,
2877 713 3016 782 πλὴν
3027 711 3181 765 οὔπω
3202 713 3388 780 σαφῶς
3408 710 3468 763 τὸ
3487 727 3554 762 τε
3564 710 3616 781 ρὶ
3629 711 3724 764 αῦ-

2145 808 2239 862 τοῦ
2265 807 2545 870 συνιέντας
2578 806 2893 876 μυστήριον.
2922 804 3211 876 Τοιγάρτοι
3231 800 3603 872 κατηυνάζετο
3627 801 3728 869 μὲν

2144 905 2177 974 ἡ
2206 901 2469 962 θάλασσα,
2501 899 2592 952 καὶ
2623 897 2948 967 πνευμάτων
2971 895 3178 966 ἀγρίων
3203 893 3537 948 ἀνεκόπτετο
3559 892 3720 963 φορὰ,

2145 991 2380 1065 Χριστοῦ
2407 989 2656 1060 γενέσθαι
2689 987 3133 1059 προστάττοντος.
3170 987 3234 1038 Οἱ
3265 985 3341 1049 δὲ,
3374 984 3529 1054 φησὶ,
3557 984 3739 1038 διελο-

2143 1083 2356 1153 γίζοντο
2381 1085 2437 1135 ἐν
2467 1083 2678 1144 ἑαυτοῖς
2706 1079 2979 1147 λέγοντες·
3011 1096 3030 1128 ι
3071 1075 3321 1138 Ποταπός
3350 1077 3501 1128 ἐστιν
3544 1068 3716 1140 οὗτος,

2143 1177 2224 1230 ὅτι
2257 1176 2348 1228 καὶ
2365 1176 2397 1243 ή
2416 1173 2657 1227 θάλασσα
2673 1213 2686 1236 ,
2713 1173 2810 1224 καὶ
2828 1171 2878 1224 oi
2893 1171 3083 1238 ἄνεμοι
3100 1167 3468 1222 ὑπακούουσιν
3488 1165 3636 1236 αὐτῷ
3652 1182 3669 1232 ;
3685 1182 3708 1217 ι

2155 1269 2317 1338 Ὁρᾷς
2333 1267 2502 1331 ὅπως,
2525 1265 2662 1334 ὅπερ
2685 1259 2754 1333 ἦν
2780 1261 2922 1316 κατὰ
2953 1261 3136 1330 φύσιν,
3171 1257 3418 1313 τουτέστι
3449 1257 3603 1320 Θεὸς,
3624 1259 3718 1312 καὶ

2141 1360 2190 1412 εί
2229 1357 2416 1427 γέγονε
2443 1355 2598 1425 σὰρξ,
2635 1352 2788 1406 οὔπω
2815 1354 2926 1414 τοῖς
2957 1351 3097 1404 κατὰ
3123 1349 3326 1419 κόσμον
3366 1347 3713 1418 ἐγνωρίζετο,

2141 1450 2235 1502 καὶ
2263 1445 2332 1520 ἦν
2371 1449 2429 1500 ἐν
2463 1445 2641 1511 δόξαις
2687 1446 2809 1507 ταῖς
2853 1442 3006 1496 οὔπω
3041 1441 3357 1511 λαμπραῖς;
3397 1437 3617 1506 Ἐπειδὴ
3660 1437 3709 1490 δί

2141 1542 2276 1612 πρὸς
2309 1540 2548 1593 ἐπίδοσιν
2587 1537 2646 1589 ἐν
2679 1535 2866 1606 ὴμῖνή
2900 1532 3029 1603 περὶ
3061 1531 3225 1585 αὐτοῦ
3263 1529 3550 1601 κεχώρηκε
3575 1529 3709 1596 γνῶ-

2140 1653 2244 1699 σις,
2287 1631 2578 1700 ἐπιστεύθη
2623 1627 2830 1690 λοιπὸν,
2877 1627 2960 1680 ὅτι
3006 1625 3138 1688 Θεὸς
3184 1623 3328 1677 κατὰ
3360 1622 3523 1691 φύσιν
3574 1621 3712 1683 ἐστὶ,

463 1707 628 1764 ducta
680 1711 869 1776 fuerit,
912 1721 1044 1768 tunc
1077 1714 1297 1768 demum
1337 1717 1617 1786 speciosus
1640 1733 1751 1787 pra:
1774 1718 1900 1772 ﬁliis
1934 1719 2027 1773 ho-

2144 1745 2162 1777 ι
2203 1725 2298 1778 καὶ
2332 1721 2481 1792 αὐτῷ
2501 1722 2608 1775 πᾶν
2630 1719 2758 1789 γόνυ
2787 1717 3017 1788 κάμψει,
3055 1735 3075 1769 ι
3107 1714 3524 1787 προσκυνούσης
3554 1712 3712 1767 αὐτὸν

461 1799 674 1854 minum
701 1801 723 1832 ⁸
757 1803 1061 1872 apparebit,
1091 1812 1146 1858 et
1171 1820 1300 1859 vere
1330 1814 1711 1876 cognoscetur.
1729 1806 1799 1861 At
1829 1823 1961 1862 vero
1985 1809 2027 1862 si

2133 1817 2230 1886 τῆς
2275 1817 2366 1868 ὐπ’
2401 1811 2647 1883 οὐρανόν.
2694 1808 2902 1864 Οὐκοῦν
2943 1806 3239 1879 προϊούσης
3275 1807 3357 1869 είς
3395 1805 3713 1872 τελειότητα

461 1887 531 1942 de
585 1889 744 1944 nobis
793 1906 856 1945 ea
902 1892 1070 1946 verba
1109 1892 1502 1963 intelligantur,
1565 1914 1583 1945 ι
1611 1896 1756 1950 Dans
1801 1896 2027 1967 germini

2131 1911 2230 1979 τῆς
2263 1906 2391 1972 περὶ
2421 1903 2588 1959 αὐτοῦ
2626 1901 2882 1971 γνώσεως
2914 1902 2972 1955 ἐν
3001 1901 3157 1970 ἡμῖν,
3190 1898 3389 1970 ὡραῖος
3417 1896 3496 1949 ῶν
3525 1895 3710 1948 κάλλει

458 1980 927 2048 pulchritudinem
975 2025 991 2050 ,
1027 2003 1045 2035 ι
1086 1999 1195 2038 non
1229 1985 1458 2040 obscura
1499 1985 1668 2040 fuerit
1695 1989 1854 2042 ratio.
1897 1988 2034 2044 Cum

459 2071 608 2125 enim
645 2087 861 2142 semper
898 2074 1250 2144 proﬁciamus
1289 2076 1345 2131 in
1381 2078 1606 2143 virtute,
1633 2087 1797 2149 atque
1821 2080 1888 2135 ad
1917 2097 2035 2136 me-

457 2161 596 2217 liora
638 2165 1034 2220 contendamus
1074 2167 1143 2221 ad
1190 2168 1450 2222 ulteriora
1499 2185 1600 2224 nos
1654 2172 2032 2239 extendentes,

451 2253 604 2322 juxta
643 2253 788 2309 beati
826 2256 981 2311 Pauli
1017 2272 1208 2313 vocem
1229 2260 1272 2324 ⁵,
1308 2266 1422 2314 tum
1453 2259 1702 2329 profecto
1724 2277 1938 2333 semper
1959 2265 2028 2318 ad

455 2344 920 2412 pulchritudinem
973 2349 1386 2419 progredimur,
1437 2350 1920 2419 pulchritudinem,
1947 2356 2028 2409 in-

455 2449 639 2503 quam,
658 2437 1000 2506 spiritualem
1023 2457 1037 2505 ;
1061 2440 1135 2494 ita
1161 2448 1222 2493 ut
1243 2450 1298 2496 et
1319 2441 1480 2495 nobis
1495 2440 1602 2495 dici
1619 2445 1784 2512 possit
1811 2462 1822 2497 :
1851 2445 2026 2500 «Con-

454 2527 664 2597 cupivit
686 2544 782 2583 rex
809 2529 1065 2587 decorem
1099 2540 1253 2586 tuum
1280 2534 1319 2588 ⁶.
1352 2551 1370 2584 ι

2132 1998 2285 2070 παρὰ
2302 1998 2426 2060 τοὺς
2443 1996 2590 2057 υἱοὺς
2614 1993 2721 2046 τῶν
2751 1989 3072 2062 ἀνθρώπων,
3105 1990 3225 2043 τότε
3253 1988 3343 2056 δὴ,
3379 1987 3502 2040 τότε
3537 1985 3708 2052 διαγι-

2133 2085 2421 2143 νώσκεται.
2469 2086 2531 2137 Εἰ
2563 2083 2620 2137 δὲ
2652 2082 2716 2154 δὴ
2763 2081 2856 2134 καὶ
2889 2081 2976 2149 ἐφ’
3018 2079 3176 2149 ἡμῶν
3224 2081 3397 2130 νοοῖτο
3437 2074 3600 2144 τυχὸν
3627 2073 3708 2138 τὸ,

2141 2201 2160 2235 ι
2205 2177 2504 2239 Ἐπιδιδούς
2523 2174 2601 2244 τῷ
2634 2174 2936 2243 γεννήματι
2957 2171 3152 2234 κάλλος
3173 2210 3188 2234 ,
3220 2188 3239 2222 ι
3264 2170 3363 2222 οὐκ
3384 2165 3706 2236 ἀσυμφανὴς

2134 2257 2366 2337 δ’λόγος.
2394 2267 2440 2319 Π
2447 2265 2804 2336 ροκόπτοντες
2830 2262 2938 2334 γὰρ
2962 2263 3048 2315 ἀεὶ
3071 2260 3212 2316 κατὰ
3234 2259 3458 2331 ἀρετὴν,
3484 2256 3703 2313 καὶτῶν

2133 2359 2433 2431 ἀμεινόνων
2475 2354 2883 2425 ἐφικνούμενοι,
2935 2354 3053 2422 ἦτοι
3098 2355 3210 2414 τοῖς
3250 2348 3561 2421 ἔμπροσθεν
3606 2349 3702 2400 ἐπ-

2132 2448 2514 2517 εκτεινόμενοι,
2539 2443 2681 2498 κατὰ
2701 2443 2798 2514 τὴν
2819 2441 2912 2494 τοῦ
2939 2440 3210 2512 μακαρίου
3235 2438 3450 2492 Παύλου
3485 2435 3699 2506 φωνὴν,

2130 2541 2209 2602 είς
2221 2538 2415 2598 κάλλος
2432 2533 2598 2589 ἀεὶτὸ
2620 2551 2684 2586 πε
2695 2533 2979 2605 ριφανέστε
2988 2549 3078 2602 ρον
3095 2529 3522 2602 ἁναθρὼσκομεν
3537 2544 3552 2558 '
3572 2527 3700 2582 κάλ-

451 2619 543 2684 λος
575 2619 629 2674 δέ
664 2637 802 2692 φημι
828 2622 889 2676 τὸ
949 2625 1329 2694 πνευματικὸν,
1361 2625 1447 2679 ἵνα
1477 2628 1571 2681 καὶ
1598 2630 1729 2700 ἡμῖν
1759 2629 1981 2700 λέγηται
2035 2630 2241 2685 λοιπόν·
2287 2649 2305 2682 ι
2366 2626 2742 2698 Ἐπεθύμησεν
2778 2627 2808 2678 ὁ
2847 2624 3108 2688 Βασιλεὺς
3139 2623 3234 2677 τοῦ
3267 2623 3500 2687 κάλλους
3535 2638 3648 2676 σου.
3677 2641 3695 2673 ι

1060 2735 1139 2790 De
1165 2737 1406 2808 Joscpho.

528 2840 548 2872 ‹
575 2821 744 2878 Filius
768 2834 963 2880 auctus
982 2825 1182 2896 Joseph
1211 2845 1223 2880 :
1246 2827 1389 2882 ﬁlius
1413 2837 1626 2894 auctus,
1645 2829 2028 2889 desiderabilis

451 2910 596 2966 ﬁlius
618 2915 990 2984 meusjunior,
1007 2915 1074 2970 ad
1098 2931 1185 2972 me
1220 2927 1520 2974 revertere.
1544 2919 1603 2972 In
1634 2936 1796 2989 quem
1828 2937 2027 2977 consu-

448 3003 625 3058 lentes
660 3005 949 3062 conviciati
979 3017 1127 3073 sunt,
1167 3007 1408 3062 insidiati
1445 3017 1572 3063 sunt
1609 3009 1660 3064 ei
1707 3010 1914 3065 domini
1941 3028 2026 3067 sa-

2616 2739 2754 2806 Περὶ
2805 2738 2912 2792 τοῦ
2973 2735 3207 2807 Ἰωσήφ.

2200 2855 2217 2887 ι
2261 2834 2389 2897 Υἱὸς
2415 2833 2724 2903 ηὐξημένος
2764 2831 2962 2901 Ἰωσήφ
2985 2845 2998 2862 ο
3025 2829 3139 2892 υἱὸς
3166 2827 3495 2898 ηὐξημένος,
3530 2828 3700 2898 ζηλω-

2119 2928 2221 2998 τὴς
2255 2926 2366 2989 υἱός
2400 2943 2499 2997 μου
2529 2924 2813 2986 νεώτατος,
2848 2922 2986 2992 πρός
3019 2938 3086 2991 με
3121 2921 3477 2992 ἀνάστρεψον.
3513 2923 3607 2985 Εἰς
3641 2921 3698 2974 ὃν

2119 3016 2584 3085 διαϐουλευόμενοι
2627 3012 2948 3082 ἐλοιδόρουν,
2981 3011 3076 3064 καὶ
3105 3011 3308 3079 ἐνεῖχον
3337 3009 3489 3079 αὐτῷ
3517 3009 3694 3080 κύριοι

447 3095 814 3166 gittationum,
847 3106 905 3154 et
930 3099 1152 3154 contriti
1190 3111 1319 3155 sunt
1349 3115 1473 3155 cum
1503 3100 1826 3158 fortitudine
1858 3119 2018 3159 arcus

2129 3105 2500 3176 τοξευμάτων,
2543 3104 2638 3158 καὶ
2670 3101 2956 3173 συνετρίϐη
3009 3101 3144 3170 μετὰ
3192 3102 3427 3172 κράτους
3459 3100 3530 3154 τὰ
3569 3100 3695 3166 τόξα

445 3197 733 3254 eorum,et
752 3189 1004 3245 dissoluti
1038 3196 1167 3246 sunt
1203 3193 1359 3246 nervi
1385 3193 1736 3248 brachiorum
1762 3209 2024 3250 manuum

446 3295 639 3336 eorum
667 3295 766 3350 per
803 3297 1023 3336 manum
1047 3282 1287 3351 potentis
1307 3283 1496 3338 Jacob.
1527 3283 1657 3338 Inde
1697 3286 2022 3340 corrobora-

448 3379 533 3425 tor
559 3369 725 3424 Israel
751 3387 780 3424 a
812 3371 925 3426 Deo
949 3372 1122 3442 patris
1154 3372 1258 3438 tui,
1281 3381 1336 3427 et
1370 3373 1579 3444 adjuvit
1601 3383 1652 3429 te
1671 3376 1815 3430 Deus
1844 3392 2019 3438 meus,

446 3467 502 3512 et
529 3458 808 3515 benedixit
851 3461 953 3516 tibi
987 3462 1425 3518 benedictionem
1485 3465 1609 3520 coeli
1649 3465 1907 3536 desuper,
1967 3478 2023 3524 et

447 3551 881 3608 benedictionem
921 3561 1081 3610 terra:
1122 3555 1376 3610 habentis
1427 3557 1630 3621 omnia,
1659 3567 1883 3628 propter
1921 3559 2019 3614 be-

445 3640 813 3697 nedictionem
855 3643 1085 3700 uberum
1126 3651 1182 3699 et
1203 3645 1399 3709 vulvae,
1436 3645 1876 3702 benedictionem
1920 3665 2017 3718 pa-

445 3729 546 3784 tris
579 3731 658 3785 tui
701 3738 757 3786 et
799 3733 991 3789 matris
1035 3743 1162 3790 tuae.
1197 3733 1547 3789 Confortatus
1573 3751 1633 3790 es
1657 3751 1824 3806 super
1847 3737 2016 3792 benc—

2125 3199 2305 3253 αὐτῶν
2324 3238 2338 3262 ,
2370 3198 2464 3250 καὶ
2492 3195 2713 3265 ἐξελύθη
2744 3194 2812 3247 τὰ
2840 3193 3005 3263 νεῦρα
3039 3192 3335 3264 βραχιόνων
3372 3192 3574 3264 χειρῶν
3600 3194 3692 3246 αὐο

2124 3290 2231 3343 τῶν
2259 3290 2347 3342 διὰ
2376 3291 2530 3359 χεῖρα
2557 3287 2817 3340 δυνάστου
2867 3283 3080 3338 Ἰακώϐ.
3124 3282 3364 3336 Ἐκεῖθεν
3388 3285 3416 3336 ὁ
3444 3283 3694 3354 κατισχύ-

2126 3396 2222 3442 σας
2259 3379 2474 3449 Ἰσραὴλ
2499 3376 2651 3449 παρὰ
2670 3375 2804 3429 Θεοῦ
2829 3375 2923 3428 τοῦ
2946 3374 3153 3445 πατρός
3181 3391 3296 3428 σου·
3325 3375 3419 3428 καὶ
3437 3373 3694 3446 ἐϐοήθησέ

2125 3486 2206 3522 σοι
2231 3472 2258 3523 ὁ
2286 3469 2416 3532 Θεὸς
2451 3471 2480 3521 ὁ
2502 3468 2652 3538 ἐμὸς,
2686 3467 2779 3519 καὶ
2812 3464 3078 3534 εὐλογησέ
3107 3481 3164 3516 σε
3188 3464 3439 3532 εὐλογίαν
3465 3461 3691 3535 οὐρανοῦ

2120 3561 2359 3624 ἄνωθεν,
2407 3560 2500 3612 καὶ
2545 3558 2793 3625 εὐλογίαν
2831 3558 2933 3626 γῆς
2979 3557 3210 3626 ἐχούσης
3258 3557 3458 3620 πάντα,
3513 3556 3691 3610 ἕνεκεν

2119 3649 2369 3719 εὐλογίας
2409 3648 2629 3718 μαστῶν
2660 3648 2752 3726 καὶ
2801 3648 3037 3718 μήτρας,
3077 3647 3328 3714 εὐλογίας
3365 3647 3572 3718 πατρός
3600 3661 3689 3698 σου

2117 3740 2212 3794 καὶ
2251 3739 2456 3810 μητρός
2494 3755 2608 3793 σου.
2661 3737 3064 3808 Ὑπερίσχυσας
3093 3736 3180 3789 ἐπ’
3213 3736 3489 3804 εὐλογίαις
3525 3735 3690 3802 ὀρέων

443 3821 712 3879 dictiones
734 3825 1002 3880 montium
1026 3827 1323 3893 stabilium,
1355 3835 1411 3882 et
1452 3828 1506 3881 in
1537 3827 2016 3884 benedictionibus

2129 3830 2381 3900 μονίμων,
2414 3828 2507 3880 καὶ
2533 3828 2618 3880 ἐπ’
2659 3827 2931 3894 εὐλογίαις
2963 3826 3126 3878 θινῶν
3165 3824 3432 3890 αἰωνίων,
3466 3827 3523 3879 αἲ
3553 3825 3691 3878 ἔσον-

442 3912 664 3967 eollium
702 3923 1052 3970 aeternorum.
1087 3915 1263 3971 Erunt
1308 3931 1474 3986 super
1505 3925 1668 3987 caput
1713 3917 1937 3988 Joscph,
1959 3927 2017 3974 et

2129 3936 2206 3974 rat
2232 3919 2322 3972 ἐπὶ
2347 3917 2588 3988 κεφαλὴν
2622 3915 2844 3988 Ἰωσὴφ,
2875 3917 2967 3970 καὶ
3000 3917 3093 3970 ἐπὶ
3134 3918 3377 3988 κορυφῆς
3398 3956 3413 3978 ,
3441 3910 3518 3970 ὧν
3554 3918 3690 3986 ἠγή-

441 4016 606 4070 super
631 4002 891 4059 verticem
919 4005 1122 4074 quibus
1135 4006 1350 4076 praefuit
1381 4006 1667 4061 fratrum'.
1707 4027 1724 4058 ι
1750 4007 1874 4062 Haec
1888 4023 2014 4078 pro-

2129 4026 2268 4074 πατο,
2303 4008 2569 4078 ἀδελφῶν.
2610 4027 2627 4059 ι
2687 4008 2803 4061 Ἐπ’
2851 4008 3010 4061 αὐτὸν
3048 4009 3177 4079 ἡμῖν
3221 4008 3384 4062 πάλιν
3423 4007 3514 4061 τὸν
3561 4007 3688 4076 Ἑμ-

439 4095 625 4164 phetia
655 4095 844 4152 itidem
882 4099 1059 4152 tendit
1080 4099 1148 4153 ad
1183 4100 1361 4169 ipsum
1398 4100 1809 4155 Emmanuelem
1845 4119 1856 4154 :
1888 4118 2009 4167 nec,

2129 4097 2355 4168 αανουὴλ
2387 4100 2414 4150 ὁ
2440 4101 2538 4168 τῆς
2573 4097 2906 4167 προφητείας
2942 4096 3153 4166 διέρπει
3191 4096 3369 4162 λόγος.
3411 4095 3512 4167 Εῖη
3540 4097 3584 4148 δ’
3606 4095 3691 4159 ἂν,

439 4186 588 4256 quod
623 4187 715 4241 hic
739 4187 1096 4257 signiﬁcatur,
1129 4198 1309 4258 potest
1367 4189 1516 4244 aliud
1558 4190 1855 4259 quidquam
1891 4207 2014 4247 esse

2129 4184 2266 4259 ιῖμαί
2313 4205 2439 4251 που,
2472 4188 2531 4241 τὸ
2570 4187 2895 4259 δηλούμενον
2931 4187 2990 4252 ἐξ
3023 4187 3195 4257 αὐτῆς
3240 4187 3426 4257 ἕτερον
3475 4187 3626 4240 οὐδὲν
3656 4187 3688 4255 ἢ

439 4293 602 4346 quam
629 4277 865 4346 idipsum
917 4279 1063 4348 quod
1099 4280 1441 4348 praecedente
1479 4281 1658 4350 capite
1688 4281 1821 4343 dixi,
1858 4274 2014 4336 nem;

2129 4281 2251 4350 ὅπερ
2295 4279 2430 4347 ἔφην
2469 4279 2694 4347 ἀρτίως,
2740 4279 2819 4342 τὸ,
2853 4295 2870 4328 ι
2935 4277 3231 4340 Ἐπιδιδούς
3269 4277 3348 4346 τῷ
3392 4277 3688 4348 γεννήματι

439 4383 548 4438 pe:
594 4386 612 4419 ι
646 4367 790 4422 Dans
804 4368 1033 4438 germini
1055 4369 1578 4439 pulchritudinem”.
1612 4390 1630 4422 ι
1662 4371 1796 4425 Nam
1826 4371 2010 4428 dicere

2129 4369 2332 4432 ιάλλος.
2374 4388 2391 4421 ι
2431 4369 2502 4421 Τὸ
2528 4369 2636 4440 γὰρ
2669 4369 2938 4440 ηὐξῆσθαι
2973 4368 3150 4436 λέγειν
3179 4368 3362 4433 αὐτὸν,
3399 4369 3499 4438 τὴν
3533 4369 3611 4431 είς
3631 4365 3690 4419 τὸ

437 4475 564 4514 eum
587 4474 706 4516 esse
733 4467 978 4526 auctum,
1010 4461 1276 4532 signiﬁcat
1317 4463 1539 4516 omnino
1577 4463 1720 4517 illam
1751 4479 1872 4533 quae
1927 4474 2012 4520 est

2129 4459 2212 4513 in‘
2239 4460 2414 4530 ἀρχῆς
2435 4461 2693 4524 ἐπίδοσιν,
2719 4461 2814 4514 καὶ
2837 4461 3136 4531 ἐπιδρομὴν
3157 4461 3258 4530 τῆς
3286 4459 3513 4531 ἐνούσης
3545 4457 3690 4526 αὐτῷ

438 4551 507 4605 ad
532 4552 585 4605 id
629 4550 772 4621 quod
799 4551 868 4605 ab
895 4550 1052 4607 initio
1089 4560 1240 4616 erat,
1275 4554 1714 4623 progressionem
1747 4556 2014 4610 naturali-

441 4653 523 4697 ter
554 4639 870 4696 exsistentis
891 4640 945 4694 in
978 4639 1095 4710 ipso
1123 4642 1326 4711 gloriae.
1363 4641 1499 4696 Cum
1529 4642 1675 4696 enim
1706 4644 2019 4714 unigenitus

439 4732 534 4788 Dei
558 4731 748 4796 Filius,
770 4731 916 4786 Deus
947 4747 1014 4787 ex
1028 4732 1140 4788 Deo
1155 4733 1444 4798 cxsistens,
1465 4733 1769 4788 exinanivit
1813 4746 2016 4789 semet-

438 4822 945 4891 ipsum,secundum
964 4821 1274 4893 Scripturas
1289 4825 1332 4887 θ,
1352 4823 1514 4894 238
1534 4824 1723 4880 volens
1752 4841 1809 4879 se
1837 4826 2016 4881 demi-

437 4916 584 4971 sitin
619 4915 674 4970 id
725 4915 872 4986 quod
894 4932 1004 4971 non
1035 4923 1175 4978 erat,
1204 4923 1366 4984 atque
1395 4916 1536 4970 hanc
1561 4915 1877 4970 vilissimam
1895 4932 2013 4970 car-

435 5023 560 5062 nem
585 5006 782 5072 induit,
817 5017 871 5064 et
908 5009 962 5062 in
987 5008 1129 5063 servi
1162 5007 1335 5064 forma
1360 5009 1630 5077 apparuit,
1671 5007 1847 5062 factus
1877 5008 2011 5062 obe-

435 5099 593 5154 diens
627 5099 739 5154 Deo
764 5115 828 5154 ac
853 5099 999 5154 Patri
1025 5115 1194 5170 usque
1224 5099 1290 5153 ad
1340 5109 1572 5153 mortem
1595 5099 1664 5165 “';
1699 5099 1822 5153 ideo
1866 5116 2013 5153 nunc

435 5191 638 5248 dicitur
659 5191 949 5254 exaltatus,
978 5201 1034 5246 et
1057 5206 1256 5246 nomen
1278 5189 1442 5262 (quod
1459 5190 1569 5260 jam
1607 5189 2009 5260 quodammodo

437 5289 545 5337 no‘n
572 5283 808 5340 habebat
837 5284 908 5339 ob
937 5283 1354 5353 humanitatem)
1373 5282 1542 5338 veluti
1566 5282 1754 5353 gratiae
1777 5298 1841 5337 ac
1863 5298 2008 5337 mer-

433 5374 584 5429 cedis
603 5374 725 5430 loco
757 5376 1051 5446 accepisse,
1073 5385 1128 5431 et
1153 5375 1373 5445 quidem
1405 5394 1422 5425 ι
1446 5391 1644 5429 nomen
1665 5390 1830 5444 super
1848 5389 2009 5429 omne

431 5481 654 5530 nomen,
695 5486 711 5517 ι
751 5468 903 5538 juxta
937 5469 994 5522 Β.
1020 5469 1168 5524 Pauli
1196 5485 1383 5524 vocem
1408 5470 1469 5524 “.
1496 5468 1766 5524 Caeterum
1796 5484 2006 5532 revera,

2115 4549 2364 4613 εὐκλείας
2398 4552 2673 4620 φυσικῶς,
2711 4551 3061 4622 διασημαίνει
3097 4553 3336 4616 πάντως,
3369 4553 3513 4606 κατά
3542 4568 3603 4619 γε
3632 4549 3690 4602 τὸ

2113 4640 2287 4712 ὀρθῶς
2321 4640 2463 4712 ἔχειν
2486 4642 2908 4712 ὑπειλημμένον.
2955 4641 3171 4714 Ἐπειδὴ
3197 4643 3304 4714 γὰρ
3335 4644 3362 4696 ὁ
3397 4642 3689 4712 μονογενὴς

2111 4731 2206 4784 τοῦ
2231 4730 2366 4784 Θεοῦ
2397 4731 2586 4800 Λόγος,
2615 4732 2746 4797 Θεὸς
2794 4733 3057 4804 ὑπάρχων
3095 4733 3186 4785 καὶ
3221 4734 3284 4785 ἐκ
3322 4731 3482 4798 Θεοῦ,
3530 4731 3685 4785 κεκέ-

2113 4839 2284 4876 νωκεν
2308 4821 2520 4886 ἑαυτὸν,
2539 4822 2680 4876 κατὰ
2699 4823 2795 4886 τὰς
2819 4824 3059 4893 Γραφὰς,
3087 4823 3272 4887 καθεὶς
3302 4821 3581 4892 ἐθελοντὴς
3612 4822 3687 4884 εἰς

2114 4916 2252 4987 ὅπερ
2287 4915 2385 4968 οὐκ
2421 4911 2510 4986 ἦν,
2538 4916 2631 4970 καὶ
2668 4916 2767 4986 τὴν
2795 4917 3121 4988 ἁδοξοτάτην
3147 4917 3351 4987 ταύτην
3383 4915 3562 4987 σάρκα
3587 4917 3690 4985 ὴμ-

2118 5007 2367 5078 πέσχετο,
2398 5008 2489 5060 καὶ
2517 5009 2574 5060 ἐν
2604 5010 2669 5077 τῇ
2698 5007 2791 5060 τοῦ
2821 5007 3005 5060 δούλου
3041 5009 3223 5078 μορφῇ
3265 5006 3498 5075 πέφηνε,
3535 5021 3689 5074 γεγο-

2117 5097 2222 5161 νὼς
2253 5099 2491 5168 ὑπήκοος
2513 5098 2590 5168 τῷ
2618 5099 2736 5168 Θεῷ
2766 5101 2858 5152 καὶ
2890 5099 3066 5170 Πατρὶ
3093 5099 3255 5170 μέχρι
3279 5097 3529 5150 θανάτου·
3561 5096 3687 5150 ταύσ

2109 5206 2260 5260 τῃτοι
2290 5188 2472 5243 λοιπὸν
2504 5189 2910 5260 ὐπερυψοῦσθαι
2937 5191 3176 5259 λέγεται,
3210 5189 3304 5243 καὶ
3328 5190 3404 5251 ὠς
3429 5189 3531 5242 οὐκ
3555 5187 3689 5257 ἔχων

2109 5280 2198 5334 διὰ
2228 5280 2288 5332 τὸ
2315 5281 2651 5352 ἀνθρώπινον
2695 5284 2994 5352 μονονουχὶ,
3025 5283 3119 5335 καὶΙ
3153 5282 3210 5334 ἐν
3254 5281 3476 5350 χάριτος
3509 5279 3686 5350 μοίρᾳ,

2109 5373 2289 5426 λαϐεῖν
2327 5392 2344 5422 ι
2367 5373 2426 5425 τὸ
2459 5374 2702 5444 ὄνοματὸ
2731 5374 2870 5444 ὑπὲρ
2886 5376 2991 5427 πᾶν
3016 5375 3206 5444 ὄνομα,
3232 5391 3250 5425 ι
3291 5371 3432 5425 κατὰ
3461 5371 3562 5442 τὴν
3600 5367 3689 5423 τοῦ

2112 5462 2381 5536 μακαρίου
2413 5464 2624 5516 Παύλου
2655 5465 2857 5534 φωνήν.
2901 5464 3037 5517 Ἀλλ’
3066 5460 3132 5534 ἦν
3158 5463 3218 5516 τὸ
3240 5465 3431 5534 χρῆμα
3463 5459 3606 5514 κατὰ
3633 5457 3689 5511 τὸ

494 5669 520 5739 ξ
537 5667 726 5721 Matth.
755 5684 866 5728 vm,
891 5671 988 5739 ἱεῖς
1029 5670 1188 5722 Marc.
1219 5671 1396 5739 ινξόθ.
1479 5670 1747 5736 'Philipp.
1780 5667 1944 5735 11,10.
2019 5667 2027 5696 ⁴

2129 5669 2218 5721 sal.
2248 5685 2387 5730 κων,
2421 5670 2471 5722 5.
2553 5667 2823 5739 'l’hilipp.
2860 5686 2936 5734 ιιι,
2973 5667 3150 5732 15,Μ.
3235 5667 3253 5696 ⁸
3278 5663 3567 5727 Psal.XLv1,
3594 5657 3681 5717 l2.

435 5746 453 5776 τ
485 5738 620 5794 Gen.
653 5753 790 5802 χιιι,
826 5738 1015 5791 22-26.
1090 5740 1108 5769 ε
1140 5730 1415 5803 ιωάᾳξει.
1484 5742 1502 5771 ο
1538 5730 1772 5806 Philipp.
1807 5730 1862 5802 vi,
1897 5739 1948 5790 7.

2028 5739 2070 5769 ¹⁰
2097 5738 2256 5802 Ibid,
2284 5739 2333 5791 8.

2416 5740 2450 5768 ι’
2483 5738 2646 5804 lbid.,
2679 5739 2729 5790 ς».
