4074 6260
319 374 425 427 377

1210 414 1221 436 ,
1280 365 1800 426 GLAPHYRORUM
1837 364 1906 420 IN
1948 360 2249 417 GENESIH
2288 362 2415 417 LIB.
2458 361 2550 418 νη

3471 362 3584 419 378

230 524 233 529 -
316 488 534 560 ἀληθὲς,
562 485 624 540 οῦ
651 485 800 548 δόσις
834 482 911 547 ὼς
939 483 998 535 ἐν
1036 483 1178 554 ἀρχῇ
1214 483 1324 537 τῶν
1348 485 1450 537 οὐκ
1497 484 1724 537 ἐνόντων
1752 478 1900 550 αὐτῷ

2007 479 2140 533 nihil
2174 479 2278 550 ipsi
2307 479 2496 534 datum
2538 488 2625 535 est
2663 494 2776 549 quo
2826 488 2988 536 antea
3024 482 3350 538 naturaliter
3375 484 3580 553 pradi-

319 580 584 651 φυσικῶς·
631 576 827 631 πολλοῦ
858 592 920 644 γε
967 577 1060 629 καὶ
1111 576 1213 630 δεῖ.
1257 576 1451 630 Νοοῖτο
1493 576 1541 629 δ’
1580 574 1646 629 ἂν
1692 572 1893 644 μᾶλλον

320 670 676 739 ἀναφοίτησις
700 668 795 722 καὶ
821 666 1092 738 ἀναδρομὴ
1124 667 1259 738 πρὸς
1297 666 1361 720 τὸ
1406 669 1465 720 ὲν
1497 666 1663 737 ἀρχῇ,
1689 664 1783 719 καὶ
1804 664 1893 717 oil-

326 763 535 826 σιωδῶς
568 762 660 815 καὶ
699 760 1079 829 άναποὸλήτως
1118 759 1364 829 ὑπάρχον
1397 758 1567 830 αὐτῷ.
1603 758 1892 828 Τοιγάρτοι

332 854 428 908 καὶ
452 852 673 919 ἔφασκε,
692 851 788 919 τῆς
810 848 1228 920 άνθρωπότητος
1254 847 1318 902 τὸ
1342 851 1755 920 σμικροπρεπὲς
1769 847 1894 900 ὑπο-

330 945 425 1007 δὺς
468 941 833 1012 οἰκονομικῶςο
893 958 913 991 ι
968 940 1177 1010 Πάτερ,
1206 938 1427 1004 δόξασόν
1480 957 1548 1011 με
1584 941 1652 1010 τῇ
1699 931 1891 1010 δόξῃῇ

335 1029 472 1103 εῐχον
496 1032 596 1103 πρὸ
622 1030 716 1085 τοῦ
743 1031 835 1084 τὸν
866 1030 1066 1101 κόσμον
1091 1025 1234 1083 εἶναι
1263 1029 1415 1100 παρὰ
1439 1029 1541 1084 σοί.
1584 1048 1604 1082 ι
1649 1030 1762 1082 ’Δεὶ
1784 1028 1893 1099 γὰρ

304 1114 393 1195 ’ἦν
412 1127 469 1177 ἐν
492 1123 615 1194 δόξῃ
637 1122 942 1193 θεοπρεπεῖ
966 1121 1041 1193 τῷ
1064 1122 1182 1192 ίδίῳ
1210 1120 1573 1193 συνυπάρχων
1597 1120 1892 1191 Γεννήτορι

328 1213 425 1286 πρὸ
480 1214 683 1277 παντὸς
714 1212 914 1275 αἰῶνος
944 1213 1037 1267 καὶ
1064 1213 1258 1283 χρόνου
1290 1212 1383 1265 καὶ
1428 1211 1530 1280 τῆς
1555 1211 1652 1264 τοῦ
1685 1210 1892 1281 κόσμου

318 1307 638 1378 καταϐολῆς.
673 1306 861 1376 Αῦξην
894 1304 959 1377 δὴ
988 1301 1082 1359 οῦν
1112 1307 1331 1375 ωητέον
1369 1306 1462 1358 ἐπὶ
1488 1302 1730 1375 Χριστοῦ
1750 1344 1765 1369 ,
1794 1303 1894 1374 τὴν

314 1401 408 1470 τῆς
444 1398 700 1461 εὐκλείας
736 1396 1016 1459 ιπίδοσιν,
1062 1397 1130 1468 ἣν
1160 1396 1247 1449 ἀεί
1289 1412 1404 1457 πως
1451 1395 1754 1467 εὐρυτέραν
1800 1394 1895 1448 καὶ

313 1487 729 1558 ἐμφανεστέραν
761 1484 879 1555 ἔχει
905 1483 1069 1548 Θεός’
1101 1485 1184 1538 ὅτι
1220 1483 1361 1537 κατὰ
1394 1481 1554 1552 φύσιν
1595 1483 1713 1536 ἐστὶ
1744 1480 1895 1553 παρὰ

314 1575 423 1630 τῶν
448 1577 508 1631 ὲν
539 1575 735 1644 κόσμῳ
765 1571 1083 1643 νοούμενος,
1113 1575 1209 1626 καὶ
1241 1572 1318 1637 ὡς
1343 1572 1451 1626 τῶν
1479 1573 1617 1626 ὅλων
1663 1571 1892 1643 Κύριος,

318 1663 872 1734 συνδοξολογούμενός
887 1681 948 1718 τε
966 1666 1059 1718 κα)⁸
1077 1663 1496 1735 συμπροσκυνού
1504 1681 1660 1734 μενος
1679 1663 1758 1735 τῷ
1776 1663 1898 1735 Θεῷ

321 1759 420 1812 καὶ
448 1756 645 1827 Πατρί.
664 1756 813 1827 Πλὴν
838 1758 998 1821 αὐτὸς
1011 1758 1272 1829 ὑπάρχων
1299 1758 1406 1812 τῶν
1436 1757 1645 1812 αἰώνων
1673 1759 1703 1811 ὸ
1733 1772 1895 1826 ποιηο

2002 577 2091 624 tus
2127 584 2236 624 non
2259 569 2426 637 fuerit
2452 586 2465 623 :
2494 570 2654 642 longe
2682 570 2832 627 enim
2858 572 3033 638 abest,
3084 581 3144 628 ut
3165 573 3348 643 potius
3377 574 3580 630 intelli-

2000 660 2212 732 gelidus
2239 662 2314 715 sit
2357 662 2567 717 reditus
2598 662 2822 732 quidam
2851 671 3018 733 atque
3038 678 3299 719 recursus
3328 665 3396 719 ad
3425 681 3580 721 suam

1999 750 2070 805 ab
2090 750 2250 806 initio
2268 751 2587 817 essentiam,
2622 761 2677 808 et
2708 752 2855 823 quod
2877 763 3140 824 perpetue
3163 763 3302 809 erat“.
3339 755 3493 812 Unde
3525 764 3583 812 et

2002 843 2118 913 ipse
2138 857 2264 898 cum
2293 843 2545 899 humana:
2571 853 2783 900 naturae
2812 845 3176 901 humilitatem
3194 846 3384 901 divino
3402 848 3583 902 consi-

1999 935 2075 990 lio
2126 935 2406 1001 subiisset,
2464 936 2641 992 dixit:
2705 955 2725 989 ι
2753 938 2944 1001 Pater,
2991 937 3234 1008 gloriﬁca
3278 953 3368 993 me
3414 939 3584 1009 gloria

2001 1041 2165 1097 quam
2192 1026 2359 1081 habui
2395 1036 2686 1097 antequam
2712 1028 2804 1084 hic
2828 1029 3065 1084 mundus
3087 1036 3254 1093 esset,
3284 1029 3430 1099 apud
3453 1038 3526 1084 te.
3555 1048 3575 1080 ι

2001 1116 2230 1187 Semper
2277 1116 2425 1172 enim
2456 1127 2573 1174 erat
2628 1119 2683 1173 in
2713 1119 2885 1190 gloria
2922 1118 3126 1185 divina,
3180 1127 3243 1176 ut
3284 1120 3379 1190 qui
3419 1120 3587 1181 simul

2001 1205 2172 1261 fuerit
2202 1223 2327 1263 cum
2352 1223 2455 1264 suo
2472 1208 2730 1265 Genitore
2752 1216 2880 1264 ante
2917 1210 3103 1265 omnia
3132 1210 3351 1274 «ecula,
3379 1218 3435 1264 et
3452 1217 3583 1264 ante

2001 1298 2192 1353 mundi
2234 1300 2593 1356 creationem.
2634 1300 3001 1372 Augmentum
3030 1301 3215 1371 itaque
3261 1301 3318 1356 in
3363 1301 3585 1358 Christo

2002 1390 2372 1462 intelligamus
2393 1407 2743 1464 progressum
2770 1393 2943 1463 ipsius
2965 1392 3173 1464 gloriae,
3205 1408 3368 1464 quam
3392 1394 3462 1449 de
3492 1394 3585 1450 die

2003 1482 2063 1537 in
2079 1481 2225 1536 diem
2255 1481 2438 1536 reddit
2469 1482 2791 1552 ampliorem
2821 1491 2986 1555 atque
3020 1482 3378 1537 illustriorem
3416 1482 3583 1547 Deus,

2001 1570 2131 1641 quia
2163 1569 2465 1625 secundum
2503 1578 2755 1625 naturam
2808 1580 2893 1625 est
2925 1571 2996 1626 ab
3040 1572 3110 1626 iis
3151 1572 3247 1641 qui
3291 1572 3347 1626 in
3380 1571 3588 1627 mundo

2004 1670 2133 1718 sunt
2174 1661 2447 1733 cognitus,
2473 1670 2531 1715 et
2559 1668 2818 1731 tanquam
2852 1661 3023 1717 totius
3048 1662 3291 1717 universi
3322 1662 3591 1717 Dominus

2003 1752 2167 1809 simul
2218 1767 2344 1807 cum
2385 1751 2499 1807 Deo
2536 1766 2601 1807 ac
2638 1751 2799 1806 Patre
2836 1750 3178 1822 gloriﬁcatus
3212 1759 3270 1807 et
3301 1751 3585 1808 adoratus.

328 1849 465 1916 τὴς,
522 1847 679 1900 νοοῖτ*
715 1846 782 1901 ἃν
819 1848 1040 1912 είκότως
1083 1848 1323 1918 γεγονὼς
1355 1851 1453 1903 καὶ
1487 1846 1767 1911 νεώτατος.
1799 1845 1899 1899 Πέ-

2007 1844 2275 1902 Caaterum
2320 1845 2437 1916 ipse
2464 1859 2589 1900 cum
2628 1845 2702 1901 sit
2740 1844 2917 1900 factor
2951 1846 3302 1911 saeculorum,
3352 1844 3584 1916 intelligi

332 1954 470 2007 φηνε
493 1937 603 2007 γὰρ
625 1939 682 1991 ὲν
716 1939 1043 2004 τελευταίοις
1067 1941 1162 1994 τοῦ
1196 1940 1390 2005 αἰῶνος
1415 1942 1625 2011 καιροῖς
1659 1940 1793 2010 μετὰ
1811 1937 1901 1993 τὸν

326 2029 439 2082 τῶν
466 2030 641 2098 ἁγίων
670 2032 969 2103 προφητῶν
1002 2032 1204 2087 εὐκλεᾶ
1229 2049 1290 2086 τε
1330 2034 1427 2087 καὶ
1471 2033 1794 2101 ἀξιαγαστον
1819 2047 1904 2102 χο-

321 2120 439 2191 ρὸν,
467 2122 567 2175 καὶ
597 2122 940 2188 ἁπαξαπλῶς
972 2123 1113 2193 μετὰ
1138 2126 1346 2185 πάντας
1372 2127 1495 2189 τοὺς
1524 2126 1627 2197 πρὸ
1656 2125 1753 2195 τῆς
1788 2127 1903 2177 ἑπι-

318 2211 526 2281 δημίας
561 2212 641 2274 ὡς
678 2213 740 2265 ἐν
779 2210 914 2265 υίῶν
943 2212 1098 2279 τάξει
1125 2212 1538 2284 λελογισμένους
1575 2215 1644 2268 δι’
1677 2214 1898 2285 ἀρετήν.

317 2302 572 2374 Ζηλωτὸς
611 2303 669 2357 δὲ
704 2305 790 2357 ὅτι
838 2304 1064 2373 γέγονεν
1089 2307 1119 2359 ό
1174 2306 1549 2377 Ἐμμανουὴλ,
1587 2307 1706 2371 πῶς
1752 2306 1902 2360 ἔστιν

317 2392 681 2464 ἀμφιόαλείν;
728 2393 890 2447 Ἀλλὰ
917 2392 1159 2464 ζηλωτὸς
1198 2395 1297 2465 μὲν
1323 2396 1519 2465 ἁγίοις,
1548 2397 1597 2449 οῖ
1618 2400 1730 2461 τοῖς
1761 2397 1902 2467 ἴχνε-

320 2501 404 2538 σιν
436 2485 605 2538 αύτοῦ
644 2485 1068 2540 κατακολουθεῖν
1099 2488 1510 2553 σπουδάζοντες,
1546 2491 1639 2544 καὶ
1667 2490 1804 2560 πρὸς
1839 2489 1901 2543 τὸ

318 2577 461 2631 θεῖον
489 2575 657 2632 αὐτοῦ
683 2576 1051 2648 μορφούμενοι
1077 2578 1288 2642 κάλλος,
1316 2581 1474 2634 αὐτόν
1501 2598 1559 2634 τε
1585 2581 1901 2651 ποιούμενοι

318 2671 423 2721 τῶν
478 2668 770 2740 πρακτέων
816 2669 1219 2740 ὑπογραμμὸν,
1251 2670 1349 2742 τὴν
1393 2672 1620 2725 ἀπασῶν
1669 2673 1900 2744 ἀρίστην

320 2756 687 2827 ἀποφέρονται
725 2755 900 2823 δόξαν.
943 2758 1194 2830 Ζηλωτός
1236 2776 1301 2828 γε
1341 2762 1448 2832 μὴν
1482 2763 1577 2816 καὶ
1617 2762 1738 2817 καθ’
1782 2764 1899 2816 ἓτε-

327 2867 416 2920 ρον
451 2850 519 2904 ἂν
550 2852 724 2904 νοοῖτο
770 2850 971 2919 τρόπον
1010 2854 1124 2916 τοῖς
1164 2852 1267 2907 οὐκ
1303 2854 1523 2925 ἀγαπᾷν
1563 2856 1896 2927 ᾑρημένοις,

332 2943 470 3012 φημί
497 2942 555 2996 δὲ
588 2946 703 2996 τοῖ’
789 2943 1008 2997 ..ιόαίων
1040 2943 1401 3015 καθηγηταῖς,
1431 2946 1549 3017 ἧτοι
1570 2950 1682 3011 τοῖς
1706 2948 1895 3019 Γραμ-

342 3034 565 3103 ματεῦσι
590 3036 683 3089 καὶ
721 3035 1061 3106 Φαρισαίοις,
1089 3035 1138 3091 οἱ
1168 3037 1360 3109 πικρὸν
1384 3037 1665 3103 ὠδίνοντες
1691 3039 1749 3092 ὲν
1771 3040 1895 3092 tau-

334 3126 449 3188 τοίς
472 3124 648 3194 ζῆλον,
669 3127 759 3180 καὶ
784 3125 1079 3197 βασκανίας
1105 3128 1362 3182 ὑπόθεσιν
1385 3129 1485 3201 τὴν
1514 3130 1898 3203 ἀπαράὸλητον

329 3216 504 3272 αὐτοῦ
531 3217 831 3289 ποιούμενοι
852 3220 1037 3287 δόξαν,
1056 3220 1200 3275 κατὰ
1222 3218 1449 3285 πολλοὺς
1471 3220 1759 3291 ἡλίσκοντο
1774 3220 1901 3291 τρό-

319 3326 489 3372 πους.
519 3310 770 3382 Διανίστη
805 3312 900 3382 μὲν
930 3313 1040 3384 γάρ
1069 3314 1194 3376 τοὺς
1221 3314 1489 3383 νεκροὺςό
1518 3312 1752 3384 Χριστὸς
1773 3312 1904 3366 ὀδω-

320 3400 480 3464 δότας
512 3401 614 3472 ήδη
644 3403 737 3456 καὶ
764 3402 1213 3475 διεφθαρμένους,
1241 3405 1334 3458 καὶ
1360 3404 1525 3458 αὐτοῦ
1551 3403 1643 3457 τοῦ
1671 3404 1904 3458 θανάτου

320 3493 593 3563 κρείττων
612 3494 876 3563 ἑφαίνετο.
896 3496 957 3548 Oi
978 3494 1500 3566 δὲ,κατατεθηπέναι
1520 3497 1637 3551 δέον
1654 3499 1748 3552 καὶ
1768 3498 1905 3568 πρὸς

318 3586 384 3637 τὸ
408 3585 611 3656 χρῆναι
634 3585 910 3638 πιστεύειν
936 3585 1134 3650 ἵεσθαι,
1155 3587 1341 3641 λοιπὸν
1355 3588 1507 3642 οὐδὲν
1535 3589 1906 3654 ἐνδοιάζοντας

322 3676 432 3739 ἔτι,
454 3675 623 3730 τοῦτο
647 3677 746 3747 μὲν
766 3676 868 3729 οὐκ
891 3676 1082 3748 ἱδρων,
1107 3677 1392 3733 ὲδάκνοντο
1413 3679 1471 3733 δὲ
1490 3680 1569 3751 τῷ
1587 3681 1789 3752 φθόνῳ,
1812 3681 1907 3736 καὶ

324 3767 532 3840 πικρὰς
561 3767 810 3837 ἐδέχοντο
837 3767 1012 3832 λύπας
1040 3769 1121 3834 είς
1144 3768 1288 3825 νοῦν.
1316 3771 1418 3824 Τὸν
1449 3773 1514 3825 ὲκ
1540 3772 1761 3845 γενετῆς
1793 3774 1909 3827 lito

323 3860 548 3929 τυφλὸν,
579 3860 678 3913 καὶ
704 3859 1027 3930 ἁμαρτωλὸν
1067 3861 1395 3917 ἀπεκάλουν.
1438 3865 1738 3934 Δαιμονίων
1772 3866 1910 3919 ἀκα-

330 3948 545 4020 θάρτων
599 3950 893 4019 ἠλαύνοντο
938 3951 1136 4022 στίφη,
1182 3953 1275 4005 καὶ
1328 3954 1566 4024 χορηγὸν
1612 3954 1761 4025 αὐτῷ
1809 3955 1910 4024 τῆς

330 4039 613 4109 δυνάμεως
633 4039 728 4092 τὸν
750 4038 1073 4102 Βεελζεϐοῦλ
1105 4041 1496 4111 κατεψεύδοντο
1516 4059 1529 4073 ο
1566 4042 1733 4106 λίθοις
1750 4042 1909 4095 ἐϐαλ-

333 4131 444 4197 λον,
491 4130 832 4186 ἀνοσιώτατα
883 4132 1151 4200 λέγοντεςο
1210 4152 1230 4186 ι
1269 4136 1400 4205 Περὶ
1433 4134 1601 4188 καλοῦ
1634 4134 1794 4205 ἔργου
1850 4136 1912 4187 οὐ

338 4223 623 4295 λιθάζομέν
646 4241 740 4277 σε’
779 4224 915 4279 ἀλλὰ
940 4228 1067 4296 περὶ
1097 4226 1465 4299 βλασφημίας.
1496 4228 1577 4281 ὅτι
1611 4228 1675 4280 σὺ
1705 4227 1913 4300 ἄνθρω-

342 4331 435 4377 πος
461 4313 557 4379 ὢν,
577 4317 754 4378 ποιεῖς
782 4317 1004 4369 σεαυτὸν
1037 4316 1190 4371 Θεόν.
1224 4338 1243 4370 ο
1281 4318 1598 4390 Διεπρίοντο
1642 4318 1911 4389 λέγοντες·

351 4425 368 4457 ι
398 4398 562 4469 Οῦτός
582 4408 732 4460 ἐστιν
763 4407 792 4459 ὁ
827 4405 1179 4477 κληρονόμος·
1203 4406 1353 4461 δεῦτε
1380 4408 1786 4480 ἀποκτείνωμεν
1813 4412 1912 4464 αύ-

2002 1945 2181 2008 potest
2207 1938 2602 1993 convenienter
2618 1936 2793 1991 l‘actus
2814 1936 2981 1992 etiam
3009 1937 3273 1993 minimus
3295 1946 3451 1993 natu.
3472 1936 3587 2007 Ap-

2007 2029 2194 2101 paruit
2217 2030 2365 2085 enim
2396 2031 2451 2085 in
2483 2028 2798 2084 novissimis
2823 2029 3007 2084 saeculi
3051 2029 3413 2099 temporibus,
3463 2038 3596 2101 post

2002 2120 2303 2192 gloriosum
2325 2120 2480 2175 illum
2503 2129 2667 2191 atque
2690 2120 3071 2175 admirandum
3106 2126 3421 2176 sanctorum
3454 2136 3588 2190 pro-

2002 2213 2294 2283 phetarum
2334 2213 2586 2279 chorum,
2618 2220 2784 2283 atque
2819 2212 2958 2267 adeo
2979 2220 3104 2282 post
3124 2226 3317 2268 omnes
3336 2212 3430 2282 qui
3460 2226 3593 2267 ante

2003 2308 2178 2378 ipsius
2221 2308 2517 2363 adventum
2572 2309 2628 2364 in
2669 2324 2903 2365 numero
2955 2309 3196 2365 ﬁliorum
3248 2317 3378 2364 sunt
3437 2310 3587 2365 censi

2005 2409 2227 2472 propter
2245 2402 2530 2457 virtutem.
2561 2399 2719 2469 Quod
2757 2416 2893 2458 vero
2924 2401 3265 2457 tumulandus
3304 2402 3470 2456 etiam
3516 2400 3590 2457 sit

2003 2492 2344 2556 Emmanuel,
2375 2508 2486 2564 quo
2510 2500 2670 2563 pacto
2692 2493 2818 2565 quis
2860 2493 3143 2565 ambigat?
3178 2491 3285 2548 Sed
3324 2494 3591 2549 aemulan-

2003 2588 2107 2643 dus
2140 2588 2363 2659 quidem
2400 2589 2607 2644 sanctis
2629 2588 2724 2659 qui
2749 2588 2924 2659 ipsius
2946 2588 3193 2659 vestigiis
3221 2588 3476 2643 insistere
3500 2586 3590 2642 ni-

2005 2687 2227 2745 tuntur;
2277 2687 2333 2733 et
2383 2694 2509 2734 eum
2548 2679 2617 2733 ad
2672 2679 2917 2734 divinam
2969 2680 3089 2749 ejus
3120 2677 3589 2747 pulchritudinem

2001 2768 2332 2837 formentur,
2389 2771 2679 2841 ipsumque
2733 2779 2977 2826 statuant
3028 2770 3308 2825 actionum
3366 2782 3591 2822 suarum

1999 2864 2298 2933 exemplar,
2332 2863 2558 2933 gloriam
2602 2862 2847 2917 omnium
2872 2861 3264 2931 amplissimam
3289 2866 3587 2928 reportant.

2001 2954 2189 3008 Potest
2214 2961 2399 3008 autem
2427 2952 2593 3007 etiam
2632 2950 2739 3005 alio
2778 2965 2944 3005 sensu
2983 2946 3326 3003 :emulandus
3358 2944 3593 3015 intelligi

2002 3044 2072 3099 ab
2097 3044 2237 3107 istis,
2264 3043 2357 3113 qui
2399 3042 2570 3111 ipsius
2595 3041 2943 3097 dilectionem
2974 3045 3277 3108 respuunt;
3302 3035 3427 3089 dico
3447 3050 3478 3089 a
3501 3035 3601 3091 Juo

2004 3136 2251 3191 deorum
2299 3134 2667 3204 principibus,
2713 3140 2770 3189 et
2819 3131 3028 3188 Scribis
3060 3144 3123 3184 ac
3161 3128 3472 3192 Pharisaeis,
3500 3128 3594 3198 qui

2008 3228 2411 3284 amarulentum
2436 3228 2492 3281 in
2522 3242 2580 3282 se
2605 3225 2973 3297 parturientes
2997 3223 3196 3287 zelum,
3221 3230 3277 3277 et
3297 3236 3363 3277 ex
3384 3221 3594 3277 incom-

2008 3320 2239 3397 parabili
2277 3320 2450 3391 ipsius
2478 3320 2652 3391 gloria
2676 3318 2894 3374 invidite
2921 3317 3265 3372 occasionem
3290 3321 3592 3385 captantes,

2009 3411 2199 3467 multis
2251 3411 2594 3483 argumentis
2632 3406 3207 3481 deprehendebantur.
3258 3406 3393 3461 Nam
3430 3404 3593 3461 Chri-

2008 3509 2127 3557 stus
2137 3501 2360 3571 quidem
2382 3499 2671 3555 suscitavit
2687 3506 2937 3553 mortuos
2958 3495 3168 3552 olentes
3191 3512 3255 3552 ac
3278 3503 3593 3565 corruptos,

2007 3603 2176 3657 seque
2202 3598 2376 3643 morte
2418 3588 2534 3657 ipsa
2594 3587 2937 3657 superiorem
2984 3585 3303 3640 declaravit.
3360 3584 3427 3638 lli
3464 3598 3598 3638 vero

2008 3696 2135 3736 cum
2164 3679 2486 3736 debuissent
2514 3681 2630 3736 hazc
2659 3680 2945 3743 admirari,
2973 3686 3029 3734 et
3062 3678 3223 3732 tidem
3265 3678 3348 3731 eis
3387 3675 3596 3744 absque

2009 3772 2119 3827 ulla
2137 3772 2478 3827 haesitatione
2494 3771 2927 3833 accommodare,
2949 3769 3055 3822 hoc
3073 3767 3294 3836 quidem
3328 3779 3439 3818 non
3460 3778 3598 3831 pm-

2012 3864 2272 3919 stitcrunt
2325 3882 2339 3917 :
2385 3863 2520 3933 quin
2576 3862 2762 3932 potius
2798 3866 3123 3915 exarserunt
3165 3854 3329 3924 239
3368 3852 3594 3920 invidia,

2013 3954 2507 4022 acerbissimosque
2534 3951 2753 4006 dolores
2789 3956 2976 4004 mente
3000 3952 3392 4015 conceperunt.
3425 3943 3596 4002 Sana-

2014 4046 2109 4100 hat
2134 4058 2336 4099 caecum
2355 4043 2424 4097 ab
2450 4051 2573 4095 ortu
2595 4058 2609 4105 ;
2631 4041 2685 4094 hi
2715 4055 2846 4095 vero
2867 4046 3212 4109 peccatorem
3244 4035 3591 4091 vocabant“.

2014 4134 2334 4206 Expellebat
2391 4133 2635 4204 legiones
2697 4130 3106 4186 immundorum
3158 4130 3486 4201 spirituum;
3539 4145 3595 4186 et

2015 4226 2427 4283 mentiebantur
2499 4225 2707 4280 auxilio
2777 4222 3085 4280 Beelzebub
3131 4239 3196 4279 ea
3248 4222 3593 4294 praestare“,

2014 4319 2400 4391 lapidibusque
2442 4333 2569 4372 eum
2629 4316 2984 4388 impetcbant,
3034 4317 3354 4387 impiissime
3387 4316 3593 4374 vocife-

2017 4418 2245 4466 rantes:
2279 4429 2298 4461 ‹
2336 4410 2412 4464 De
2459 4408 2604 4463 bono
2645 4423 2812 4479 apere
2863 4424 2973 4462 non
3017 4409 3324 4478 lapidamus
3372 4417 3459 4473 te,
3499 4411 3595 4465 sed

347 4499 448 4552 τόν.
463 4498 735 4567 »Ζηλωτὸς
749 4493 841 4551 οῦν
867 4498 974 4569 ἄρα
998 4498 1091 4551 καὶ
1115 4501 1224 4561 τοῖς
1246 4502 1423 4569 μισεῖν
1449 4499 1743 4569 ἑλομένοις,
1772 4502 1902 4572 mir.

2018 4508 2244 4571 propter
2269 4498 2558 4553 maledicta
2583 4505 2640 4553 et
2670 4497 3061 4568 hlasphemias,
3088 4497 3215 4567 quia
3240 4505 3319 4563 tu,
3348 4511 3475 4552 cum
3521 4497 3596 4551 sis

350 4587 441 4640 οὐκ
471 4592 549 4651 είς
576 4588 721 4642 ἆπαν
759 4586 1049 4658 ἁλώσιμος.
1078 4587 1141 4640 Et
1170 4586 1279 4657 γὰρ
1308 4587 1403 4639 καὶ
1434 4587 1630 4658 ἀνέτλη
1658 4589 1908 4661 σταυρὸν,

351 4678 453 4732 ἀλλ’
482 4680 556 4744 ὡς
590 4678 722 4743 Θεὸς
749 4679 968 4745 ἀνεϐίω,
1007 4682 1257 4750 πατήσας
1282 4679 1372 4733 τὸν
1422 4679 1672 4745 θάνατον,
1722 4699 1912 4752 μονον-

353 4769 459 4837 ουχὶ
500 4769 556 4822 δὲ
592 4770 687 4823 καὶ
715 4766 808 4822 τοῦ
840 4768 974 4822 Θεοῦ
1007 4768 1103 4821 καὶ
1149 4769 1361 4839 Πατρὸς
1393 4768 1792 4838 ὲπιφωνοῦντος
1819 4773 1913 4825 καὶ

358 4854 618 4925 λέγοντος·
656 4879 674 4913 ι
714 4861 857 4931 Πρός
888 4877 957 4929 με
986 4859 1341 4930 ἅνάστρεψον.
1381 4880 1399 4913 ι
1444 4861 1776 4930 Ἀναὸἐόηκε
1802 4861 1911 4932 γὰρ

357 4949 424 5012 εἰς
444 4950 563 5014 τοὺς
585 4951 870 5023 οὐρανοὺς,
898 4951 988 5005 ἵνα
1007 4952 1103 5006 καὶ
1139 4950 1347 5022 ἀκούσῃ
1371 4951 1641 5020 λέγοντος·
1674 4971 1693 5003 ι
1726 4954 1908 5007 Κάθου

359 5037 413 5090 ἐκ
433 5038 614 5105 δεξιῶν
652 5060 778 5111 μου,
806 5043 911 5107 ἕως
947 5042 1015 5097 ἂν
1055 5042 1133 5095 θῶ
1162 5043 1287 5106 τοὺς
1326 5043 1553 5115 ἐχθρούς
1585 5062 1675 5098 σου
1708 5046 1912 5099 ὑποπό-

359 5128 451 5184 διον
473 5133 579 5189 τῶν
601 5135 781 5189 ποδῶν
814 5151 932 5190 σου.
963 5153 982 5186 ι
1014 5134 1136 5188 Ὅτι
1161 5135 1270 5206 γὰρ
1301 5135 1748 5203 ὑποπεπτώκασι,
1792 5140 1912 5192 καί-

360 5236 428 5275 τοι
452 5225 704 5297 πλείστην
736 5226 868 5297 ὃσην
903 5226 1003 5296 τὴν
1032 5226 1151 5278 κατ’
1191 5224 1355 5279 αὑτοῦ
1382 5226 1579 5296 μανίαν
1607 5227 1906 5295 ὠδίνοντες,

366 5312 577 5385 ἐδίδαξεν
607 5316 779 5373 εἰπών
798 5336 812 5349 ’
847 5338 866 5370 ι
900 5321 993 5382 Εἰς
1021 5319 1079 5371 ὃν
1100 5318 1568 5388 διαδουλευόμενοι
1593 5321 1915 5395 ἐλοιδόρουν,

362 5407 440 5459 καὶ
462 5408 657 5480 ὲνεῖχον
680 5408 833 5479 αὐτῷ
862 5408 1044 5478 κύριοι
1069 5409 1434 5477 τοξευμάτων.
1475 5429 1493 5462 ι
1528 5412 1784 5484 Συνέδρια
1811 5417 1916 5488 γὰρ

363 5500 748 5571 συναγείροντες
780 5499 1126 5554 ἐϐουλεύοντο
1163 5500 1336 5573 πικρὰ
1378 5519 1396 5552 ι
1431 5501 1537 5557 τῶν
1569 5504 1918 5576 τοξευμάτων

360 5671 457 5765 ﬂ"
505 5674 660 5729 Joan.
722 5691 853 5739 xvu,
900 5676 951 5729 5.
1071 5676 1112 5706 ⁸³
1144 5675 1298 5731 Joan.
1328 5693 1400 5741 rx,
1434 5678 1453 5731 l
1489 5695 1642 5750 seqq.

414 5739 487 5765 Ι..-
536 5760 587 5765 .._
606 5761 656 5765 η-
700 5746 762 5765 Δ.
875 5746 915 5765 σε
953 5745 1070 5765 n--l
1132 5762 1202 5765 ab,
1290 5746 1305 5765 ι

375 5736 509 5796 'lsa.
536 5760 675 5808 xuv,
700 5746 791 5799 il.
841 5736 915 5776 ἠ
953 5745 1091 5799 Psal.
1123 5762 1226 5811 cu,
1288 5746 1334 5798 l.

1759 5680 1800 5709 "'
1827 5680 1994 5734 Matth
2052 5695 2144 5741 xu,
2185 5678 2253 5731 29.
2295 5690 2446 5745 seqq.

2018 4592 2204 4657 homo,
2238 4590 2440 4645 faciste
2476 4589 2656 4659 ipsum
2680 4589 2852 4643 Deum
2878 4588 2942 4642 ¹⁵.
2965 4607 2982 4639 ι
3017 4587 3349 4643 Fremebant
3375 4601 3595 4642 rursum

2009 4683 2255 4739 dicentes
2281 4701 2294 4736 :
2328 4682 2460 4737 «Iste
2480 4682 2773 4747 esthaeres;
2792 4679 3321 4745 venite,occidamus
3335 4694 3461 4734 eum
3478 4678 3543 4734 ¹⁶.
3570 4696 3589 4730 ι

2008 4776 2153 4847 Ergo
2175 4784 2233 4831 et
2261 4775 2377 4845 ipse
2423 4772 2760 4830 aemulationi
2785 4772 3058 4828 obnoxius
3090 4769 3215 4835 fuit,
3244 4785 3441 4838 nempe
3462 4769 3597 4823 isto-

2011 4882 2133 4922 rum
2161 4867 2254 4937 qui
2282 4866 2462 4937 ipsum
2495 4866 2625 4921 odio
2659 4873 2788 4921 sunt
2826 4864 3129 4934 prosecuti,
3184 4874 3294 4913 non
3338 4866 3516 4910 tamen
3543 4857 3599 4910 in

2015 4959 2330 5015 universum
2358 4959 2426 5013 ab
2465 4959 2598 5029 ipsis
2630 4959 2748 5026 capi
2785 4958 2982 5026 potuit.
3028 4952 3143 5007 Etsi
3184 4950 3331 5004 enim
3367 4948 3601 5003 subierit

2016 5066 2259 5116 crucem,
2316 5061 2495 5104 tamen
2550 5058 2612 5103 ut
2664 5050 2812 5103 Deus
2866 5044 3093 5107 revixit,
3138 5048 3315 5095 morte
3368 5038 3603 5109 pedibus

2015 5145 2349 5215 proculcata,
2374 5143 2486 5196 Deo
2527 5155 2591 5193 ac
2635 5142 2793 5194 Patre
2843 5136 3172 5190 inclamante
3222 5146 3286 5186 ac
3329 5130 3547 5184 dicente
3586 5149 3597 5181 :

2022 5256 2039 5287 ι
2074 5236 2371 5289 Revertere
2397 5232 2465 5286 ad
2514 5246 2600 5284 me
2625 5230 2687 5282 ".
2729 5248 2746 5279 ι
2777 5224 3194 5281 Ascenditenim
3222 5224 3276 5276 in
3316 5220 3485 5275 cmlos
3506 5262 3520 5286 ,
3544 5231 3601 5275 ut

2025 5334 2080 5380 et
2133 5324 2351 5379 audiret
2391 5322 2666 5376 dicentem
2720 5317 2860 5371 sibi:
2912 5336 2927 5368 ι
2966 5316 3103 5369 Sede
3143 5328 3172 5366 a
3202 5312 3411 5365 dextris
3443 5313 3580 5366 meis

2025 5418 2200 5471 donec.
2229 5426 2425 5483 ponam
2451 5409 2705 5463 inimicos
2734 5415 2857 5459 tuos
2899 5404 3197 5459 seabellum
3224 5401 3425 5472 pedum
3479 5409 3602 5455 ltm~

2028 5507 2238 5560 rum”.
2278 5522 2295 5553 ι
2342 5502 2478 5556 Nam
2529 5496 2673 5566 quod
2717 5496 3087 5566 procidcrint,
3140 5492 3352 5552 tametsi
3390 5506 3600 5545 summa

2565 5669 2780 5724 "Jnan.
2816 5670 2980 5737 x,55.
3098 5665 3346 5722 “Matth.
3397 5680 3484 5731 xx,
3512 5667 3602 5721 5R.
