4066 6282
517 370 620 427 579

1548 360 1603 417 S.
1646 356 1922 414 CYRILLI
1963 352 2435 410 ALEXANDRINI
2475 352 2611 409 ARC
2626 354 2809 408 lllEP.

3690 355 3794 412 580

516 483 783 539 adversus
832 481 1008 550 ipsum
1060 475 1271 532 insania
1317 473 1571 538 accensi,
1618 471 1809 527 docuit
1868 469 2102 526 dicens:

2211 470 2258 521 οί
2295 469 2495 539 κύριοι,
2532 487 2550 517 ι
2591 469 2888 535 τουτέστιν,
2929 467 2979 522 οἱ
3008 467 3116 522 τῶν
3145 468 3600 539 λαῶνήγεμόνες,
3631 472 3681 523 oi
3708 471 3798 525 ὁπ’

528 598 545 626 ι
577 576 635 631 In
664 590 829 644 quem
851 571 1203 626 consulentes
1244 566 1537 623 conviciati
1571 571 1720 628 sunt,
1761 572 1818 619 et
1854 561 2098 618 insidiati

520 677 650 722 sunt
697 668 747 722 ei
808 665 1017 722 domini
1063 661 1473 733 sagittationum
1512 660 1575 712 ’³.
1619 677 1639 709 ι
1687 655 1903 711 Habitis
1951 654 2099 709 enim

517 758 783 822 consiliis,
832 755 1031 811 acerba
1085 752 1471 809 consultabant
1503 769 1519 801 ι
1559 747 1767 803 domini
1791 745 2098 817 sagittatio-

518 867 674 915 num,
717 871 736 902 ›
771 850 877 904 hoc
903 857 1009 914 est,
1058 846 1337 918 principes
1373 842 1726 914 populorum,
1753 841 1848 910 qui
1872 853 2102 894 exacue-

520 942 654 997 bant
699 942 969 996 adversus
1007 954 1135 994 eum
1185 937 1279 1006 qui
1318 950 1447 990 eum
1486 934 1884 995 vulnerarent,
1937 938 2101 999 atque

523 1033 695 1087 instar
718 1032 1054 1102 spiculorum
1082 1027 1186 1099 ipsi
1218 1025 1371 1080 inlisi
1395 1030 1600 1087 essent,
1626 1032 1689 1077 ut
1719 1037 1842 1092 quae
1876 1019 1957 1075 fas
1990 1034 2103 1074 non

521 1132 608 1180 est
630 1123 897 1178 adversus
926 1122 1105 1191 ipsum
1123 1118 1640 1181 committerent,ac
1669 1113 1834 1169 modo
1858 1112 2102 1167 ferarum

524 1215 583 1269 in
627 1214 807 1284 ipsum
850 1218 1076 1267 ruerent
1120 1226 1186 1265 ac
1236 1210 1532 1265 ferrentur.
1570 1206 1841 1262 Caeterum
1882 1223 1901 1255 ι
1941 1219 2105 1259 arcus

524 1307 754 1361 istorum
788 1305 1009 1359 contriti
1044 1303 1272 1367 sunt‘°,n
1307 1308 1363 1357 et
1391 1298 1821 1357 dissolutinervi
1848 1296 2105 1352 brachio-

522 1413 644 1454 rum
691 1411 885 1452 eorum
920 1411 1020 1464 per
1054 1409 1274 1449 manum
1303 1393 1545 1464 potentis
1592 1392 1793 1456 Jacob,
1838 1390 1944 1444 hoc
1997 1397 2101 1455 est,

521 1491 618 1546 Dei
641 1505 705 1545 ac
735 1489 931 1553 Patris,
958 1488 1054 1558 qui
1086 1498 1171 1542 est
1191 1487 1454 1542 Dominus
1476 1487 1768 1548 virtutum,
1791 1483 1996 1553 quique
2016 1497 2107 1536 or-

521 1582 732 1638 dinavit
778 1589 839 1635 ut
879 1580 1050 1635 Filius
1076 1580 1132 1633 in
1154 1579 1292 1634 cmlo
1315 1587 1370 1632 et
1410 1579 1467 1632 in
1492 1586 1637 1631 terra
1659 1575 2102 1630 benediceretur.

522 1673 731 1729 Scribit
754 1673 904 1728 enim
930 1671 1154 1726 divinus
1173 1670 1378 1724 Paulus
1409 1668 1578 1738 quod,
1621 1683 1746 1723 cum
1765 1666 2108 1736 Primogeni—

521 1772 638 1833 tum
660 1763 880 1819 duxerit
917 1763 972 1817 in
1011 1761 1225 1823 orbem,
1261 1759 1338 1814 ita
1360 1758 1596 1813 dixerit:
1631 1778 1648 1809 ι
1671 1758 1740 1812 Ει
1772 1756 2004 1811 adorent
2027 1755 2109 1825 ip-

522 1870 644 1910 sum
679 1868 872 1908 onmes
916 1852 1095 1923 angeli
1126 1851 1222 1905 Dei
1246 1851 1311 1904 ".
1350 1870 1368 1902 ι
1416 1850 1497 1905 Ita
1521 1848 1692 1904 David
1746 1848 1876 1903 alibi
1925 1846 2063 1901 dicit
2094 1865 2106 1900 ε
2144 1833 2185 1887 Β

530 1963 548 1993 ι
579 1941 772 1999 Omnis
823 1950 968 1997 terra
1003 1941 1197 1996 adoret
1223 1947 1296 2005 le,
1348 1948 1406 1994 et
1432 1939 1629 2010 psallat
1682 1938 1783 1992 tibi
1808 1939 1875 1990 “.
1904 1956 1922 1988 ι
1956 1937 2110 1992 Hanc

522 2035 760 2092 dicimus
784 2034 930 2088 illam
957 2048 1250 2103 supernam
1270 2032 1732 2096 benedictionem,
1750 2038 1805 2086 et
1827 2030 1973 2084 illam
1991 2046 2111 2100 quae

522 2128 755 2184 inferius
790 2127 847 2180 in
874 2135 1018 2181 terra
1066 2125 1249 2180 omnia
1288 2124 1554 2183 continet.
1616 2123 1723 2177 hoc
1773 2128 1878 2185 est,
1902 2122 1957 2175 in
2002 2137 2111 2191 qua

524 2226 749 2290 propter
791 2217 1073 2273 Christum
1125 2216 1306 2291 omnis
1341 2214 1562 2270 demum
1613 2214 1793 2269 virtus
1835 2213 2108 2277 consistit,

524 2309 965 2379 multiplicesque
999 2308 1293 2363 admodum
1318 2307 1539 2377 pietatis
1566 2306 1623 2359 in
1660 2306 1830 2359 Deum
1877 2305 2108 2359 fructus.

522 2401 742 2455 Dictum
772 2407 857 2454 est
895 2399 1045 2453 enim
1083 2398 1150 2452 ad
1194 2399 1392 2452 Filium
1420 2416 1433 2450 :
1467 2417 1484 2448 ι
1517 2396 1761 2451 Visitasti
1807 2390 2030 2459 terram,
2057 2402 2113 2450 et

523 2490 809 2546 inebriasti
832 2505 975 2554 eam,
998 2496 1055 2543 et
1075 2488 1449 2558 multiplicasli
1475 2496 1536 2541 ut
1568 2488 1742 2557 ipsam
1767 2488 2052 2542 ditares”.
2086 2506 2104 2539 ι

522 2581 695 2637 Porro
717 2580 865 2650 quod
894 2581 946 2635 ei
973 2581 1101 2635 data
1125 2580 1196 2635 sit
1229 2588 1286 2634 et
1324 2595 1565 2650 superna
1585 2578 1919 2644 benedictio,
1960 2586 2017 2633 et
2048 2593 2113 2634 ea

522 2688 647 2743 qua:
671 2671 836 2727 estin
862 2680 1006 2727 terra
1030 2687 1287 2742 expresse
1332 2670 1697 2725 conﬁrmatur
1732 2670 1821 2725 his
1873 2671 2060 2725 verbis
2096 2688 2110 2723 :

532 2783 549 2812 ι
581 2765 815 2833 Propter
848 2763 1293 2818 benedictionem
1318 2761 1551 2816 uberum
1578 2770 1634 2817 et
1656 2762 1853 2826 vulvae,
1890 2769 2114 2832 propter

521 2854 968 2909 benedictionem
1008 2853 1180 2922 patris
1217 2861 1275 2906 et
1299 2850 1513 2912 matris.
1553 2859 1642 2906 etc
1661 2851 1726 2904 “.
1754 2870 1772 2900 ι
1806 2851 1883 2905 Ex
1909 2849 2114 2920 quibus

521 2945 709 3000 verbis
737 2953 927 3014 aperte
956 2952 1011 2999 et
1032 2943 1320 2999 evidenter
1348 2943 1627 3014 generatio
1655 2941 1818 3014 240
1835 2942 2114 3013 Unigeniti

522 3052 593 3092 ex
630 3038 742 3092 Deo
794 3045 849 3092 et
875 3038 1033 3093 Patre
1059 3078 1074 3102 ,
1137 3052 1358 3093 necnon
1399 3036 1683 3106 generatio
1720 3051 1821 3106 per
1869 3042 2114 3090 sanctam

523 3128 826 3200 Virginem,
848 3139 1122 3199 quatenus
1148 3128 1363 3184 scilicet
1402 3128 1729 3199 intelligitur
1769 3137 1825 3183 et
1861 3127 2115 3198 apparuit

522 3219 710 3285 homo,
751 3221 1081 3275 declaratur.
1107 3220 1243 3275 Nam
1275 3235 1401 3275 cum
1442 3228 1633 3290 suapte
1661 3226 1858 3274 natura
1883 3234 1946 3273 ac
1983 3234 2113 3275 vere

525 3312 695 3366 Filius
726 3313 820 3366 Dei
852 3322 909 3368 et
936 3314 1115 3368 Patris
1142 3321 1317 3378 esset,
1344 3322 1573 3383 propter
1594 3329 1698 3368 nos
1727 3313 1989 3369 sustinuit
2015 3329 2115 3383 per

524 3402 815 3459 mulierem
837 3418 903 3457 ac
920 3404 1139 3459 vulvam
1162 3404 1339 3468 nasci,
1379 3404 1657 3474 uberaque
1682 3420 1897 3474 sugere.
1923 3405 2114 3475 Neque

524 3493 695 3557 enim,
720 3501 780 3547 ut
803 3493 1024 3563 quidam
1041 3494 1254 3558 volunt,
1270 3495 1596 3565 imaginarie
1615 3495 1793 3550 factus
1820 3504 1905 3551 est
1924 3496 2112 3563 homo,

524 3586 623 3641 sed
655 3601 844 3642 revera
886 3587 1061 3641 nostri
1091 3587 1289 3642 similis
1314 3597 1401 3642 est
1420 3588 1672 3655 eﬂ’ectus,
1721 3596 1936 3646 naturae
1966 3590 2117 3658 leges

524 3693 779 3749 sequens,
813 3688 871 3734 et
893 3679 1018 3734 cibo
1062 3687 1242 3745 utens,
1288 3681 1646 3750 etiamsijpse
1672 3682 1877 3752 alioqui
1907 3683 2116 3738 mundo

523 3770 690 3824 vitam
743 3770 1141 3841 suppeditaret.
1176 3771 1388 3827 Idcirco
1433 3772 1578 3827 etB.
1621 3772 1807 3838 Isaias,
1855 3781 2113 3844 tanquam

523 3860 833 3923 certissimo
883 3870 1209 3933 argumento
1253 3863 1507 3933 probavit
1555 3880 1742 3918 veram
1776 3865 1991 3919 Domini
2024 3866 2113 3919 in-

523 3952 896 4009 carnationem
932 3970 1000 4009 ex
1025 3970 1092 4009 eo
1136 3955 1285 4025 quod
1316 3955 1598 4026 indigebat
1640 3956 1903 4012 alimento
1937 3957 2116 4013 infan-

525 4041 682 4105 tium,
719 4041 909 4097 dicens
936 4061 948 4096 :
987 4044 1280 4115 «Butyrum
1312 4053 1368 4100 et
1393 4046 1497 4100 mel
1530 4047 1781 4102 comedet
1800 4049 1865 4102 ²⁸.
1887 4069 1904 4100 ι
1934 4048 2111 4105 Bene-

523 4131 708 4185 dictus
729 4148 863 4203 ergo
886 4141 972 4188 est
992 4149 1158 4189 causa
1184 4135 1417 4190 uberum
1445 4146 1503 4191 et
1525 4138 1719 4193 vulvae.
1751 4139 1910 4203 Nam,
1935 4148 1997 4194 ut
2015 4155 2112 4195 su-

522 4235 622 4288 pra
662 4220 795 4284 dixi,
832 4230 1190 4291 posteaquam
1213 4223 1392 4278 factus
1434 4234 1520 4278 est
1553 4226 1741 4291 homo,
1766 4236 1823 4281 et
1845 4229 2113 4285 obediens

524 4311 673 4364 Patri
700 4326 870 4379 usque
896 4311 965 4365 ad
992 4321 1250 4378 mortem,
1277 4314 1626 4370 baereditavit
1647 4317 1753 4371 sibi
1790 4334 1991 4373 nomen
2014 4335 2110 4374 su-

523 4415 624 4471 per
653 4416 816 4456 omne
849 4418 1054 4457 nomen
1079 4404 1146 4468 ²⁶,
1173 4411 1229 4458 et
1252 4404 1358 4474 ipsi
1392 4425 1411 4457 ι
1458 4405 1631 4462 Omne
1654 4424 1797 4478 genu
1830 4408 2107 4476 ﬂectetur,

2206 562 2354 629 αὐτῷ
2383 561 2796 632 παραθήγοντες
2828 561 2952 624 τοὺς
2979 562 3141 614 οἱονεὶ
3180 560 3674 633 τραυματίζοντας,
3704 566 3797 617 καὶ

2207 651 2406 704 ἀκίδων
2437 652 2494 702 ἐν
2515 650 2665 717 τάξει
2691 650 2974 719 μονονουχὶ
3000 649 3094 702 καὶ
3122 651 3598 721 ὲμπηγνυμένους,
3625 651 3795 706 διάτοι

2205 743 2266 796 τὸ
2309 743 2441 814 δρᾷν
2480 742 2515 796 ἃ
2553 742 2628 812 μὴ
2676 740 2831 812 θέμις
2861 741 3195 813 ἀποτολμᾷν,
3230 743 3324 797 καὶ
3359 743 3542 814 θηρῶν
3588 744 3797 815 ἀγρίων

2207 833 2568 905 ἐπιθρώσκειν
2599 833 2773 903 δίκην.
2822 832 2968 904 Πλὴν
2995 834 3282 903 συνετρίϐη
3320 834 3389 888 τὰ
3429 835 3559 900 τόξα
3592 835 3799 900 αὐτῶν,

2209 929 2304 982 καὶ
2335 925 2558 997 ἐξελύθη
2603 925 2770 998 νεῦρα
2817 925 3116 997 βραχιόνων
3150 927 3330 980 αὐτῶν
3354 927 3443 981 διὰ
3492 931 3650 1000 χεῖρα
3676 928 3796 982 δυν-

2210 1019 2379 1073 άστου
2421 1018 2635 1083 Ἰακὼ6,
2683 1018 2949 1080 τουτέστι,
2998 1016 3094 1070 τοῦ
3137 1017 3277 1071 Θεοῦ
3322 1018 3419 1071 καὶ
3457 1019 3690 1089 Πατρὸς,
3736 1020 3793 1083 ὃς

2211 1115 2327 1166 ἐστι
2358 1112 2469 1166 τῶν
2496 1111 2780 1182 δυνάμεων
2811 1110 3039 1182 Κύριος,
3069 1110 3130 1174 ὃς
3158 1112 3251 1164 καὶ
3278 1111 3616 1180 εὐλογεῖσθαι
3655 1130 3797 1184 παρ-

2210 1203 2475 1259 εσκεύασε
2520 1203 2612 1256 τὸν
2651 1203 2780 1256 Υίὸν
2808 1203 2864 1256 ἐν
2905 1220 2966 1256 τε
2997 1201 3215 1274 οὐρανῷ
3243 1203 3339 1256 καὶ
3387 1202 3483 1256 ἐπὶ
3530 1207 3629 1274 τῆς
3669 1206 3793 1273 γῆς.
3864 1208 3868 1212 ’

2210 1299 2416 1368 Γράφει
2477 1297 2574 1368 μὲν
2624 1296 2732 1367 γὰρ
2775 1299 2803 1350 ό
2854 1295 3140 1359 θεσπέσιος
3184 1294 3397 1358 Παῦλος
3436 1312 3450 1324 ·
3502 1297 3671 1349 Ὅταν
3734 1295 3794 1349 δὲ

2212 1389 2481 1462 εἰσαγάγῃ
2515 1388 2607 1441 τὸν
2635 1386 2977 1460 πρωτότοκον
3005 1389 3085 1450 είς
3112 1385 3212 1458 τὴν
3236 1385 3589 1457 οἰκουμένην,
3619 1385 3790 1456 λέγει’

2221 1504 2240 1538 ι
2268 1485 2378 1539 Καὶ
2399 1484 2936 1555 προσκυνησάτωσαν
2957 1482 3106 1554 αὐτῷ
3128 1483 3329 1546 πάντες
3350 1483 3572 1550 ἄγγελοι
3585 1482 3741 1538 Θεοῦ.
3771 1502 3790 1534 ι

2211 1578 2417 1631 Φάσκει
2472 1576 2529 1629 δέ
2574 1593 2676 1628 που
2708 1576 2804 1629 καὶ
2836 1577 2865 1629 ὁ
2909 1575 3083 1646 μέγας
3122 1576 3253 1645 ήμῖν
3283 1574 3447 1627 Δαὸίδ
3466 1591 3481 1605 ο
3515 1594 3535 1626 ‹
3562 1576 3733 1629 ’Πᾶσα
3759 1577 3795 1644 ἢ

2213 1671 2285 1740 γῆ
2339 1667 2878 1740 προσκυνησάτωσαν
2934 1683 3038 1733 σοι,
3094 1668 3191 1720 καὶ
3247 1665 3573 1735 ψαλάτωσάν
3621 1683 3724 1720 σοι.
3775 1686 3794 1719 ι

2213 1762 2431 1832 Ταύτην
2458 1757 2596 1814 εἷναί
2623 1775 2803 1829 φαμεν
2834 1758 2933 1829 τὴν
2961 1757 3167 1813 ἄνωθεν
3193 1758 3463 1826 εὐλογίαν,
3491 1758 3586 1812 καὶ
3613 1757 3715 1829 τὴν
3740 1761 3801 1812 ὲν

2213 1858 2279 1926 τῇ
2309 1857 2380 1926 γῇ
2413 1854 2562 1906 κάτω
2601 1853 2702 1925 τὴν
2736 1852 2916 1905 πάντα
2946 1849 3194 1921 ἔχουσαν,
3224 1850 3523 1915 τουτέστιν,
3550 1853 3608 1905 ὲν
3710 1850 3803 1906 8ιᾶ

2213 1945 2448 2018 Χριστὺν
2475 1946 2625 1998 πᾶσα
2652 1943 2843 1998 λοιπὸν
2869 1942 3061 2015 ἀρετὴ,
3095 1942 3188 1995 καὶ
3216 1941 3338 1996 λίαν
3367 1942 3705 2013 ἀμφιλαφεῖς
3752 1945 3802 1997 οί

2213 2041 2310 2109 τῆς
2355 2041 2434 2103 εἰς
2478 2037 2611 2091 Θεὸν
2657 2035 2936 2098 εὐσεϐείας
2984 2034 3207 2106 καρποί.
3267 2033 3497 2105 Εἴρηται
3537 2035 3648 2105 γάρ
3694 2051 3802 2089 που

2215 2133 2351 2203 πρὸς
2377 2133 2467 2185 τὸν
2510 2130 2658 2183 Υἰόνο
2697 2150 2715 2182 ι
2770 2127 3088 2197 Ἐπεσκέιξιω
3125 2124 3224 2194 τὴν
3261 2126 3384 2196 γῆν,
3418 2125 3512 2180 καὶ
3559 2125 3806 2196 μεθύσας

2214 2223 2382 2294 αὐτὴν
2428 2223 2758 2291 ὲπλήθυνας,
2798 2219 2890 2273 τοῦ
2925 2217 3212 2271 πλουτίσαι
3244 2218 3433 2286 αὐτήν.
3483 2235 3503 2269 ι
3543 2216 3804 2271 Δεδόσθαι

2213 2331 2278 2382 γε
2312 2314 2417 2385 μὴν
2450 2313 2598 2383 αὐτῷ
2630 2314 2727 2384 τὴν
2766 2310 2971 2366 ἄνωθεν
3015 2310 3285 2378 εὐλογίαν,
3330 2310 3426 2362 καὶ
3482 2309 3666 2379 μέντοι
3702 2309 3807 2381 τὴν

2215 2404 2323 2459 ἀπὸ
2379 2404 2503 2474 γῆς,
2565 2401 2933 2457 διεϐεϐαιοῦτο
2987 2402 3193 2470 σαφῶς*
3237 2422 3254 2452 ι
3284 2399 3505 2454 Εῖνεκεν
3547 2400 3806 2468 εὐλογίας

2219 2495 2440 2567 μαστῶν
2474 2495 2568 2548 καὶ
2598 2496 2833 2566 μήτρας,
2868 2493 3120 2561 εὐλογίας
3153 2491 3355 2563 πατρὸς
3378 2491 3471 2544 καὶ
3492 2493 3746 2561 ’μητρ6ς.
3782 2511 3802 2546 ι

2214 2589 2293 2641 Δι’
2321 2580 2381 2640 οὗ
2416 2585 2599 2656 σαφῶς
2648 2588 2740 2640 καὶ
2770 2586 3014 2658 ἐναργῶς
3044 2586 3078 2656 ἦ
3119 2604 3176 2639 τε
3205 2589 3268 2639 ὲκ
3302 2585 3436 2638 Θεοῦ
3465 2586 3559 2637 καὶ
3587 2584 3808 2657 Πατρδς

2214 2684 2466 2752 γέννησις
2496 2680 2589 2733 τοῦ
2635 2679 2994 2749 Μονογενοῦς,
3029 2680 3123 2733 καὶ⁵
3149 2681 3182 2750 ἡ
3215 2679 3303 2733 διὰ
3330 2679 3428 2747 τῆς
3457 2678 3623 2746 ἁγίας
3653 2680 3810 2750 Παρο

2216 2771 2371 2824 θένου
2418 2770 2761 2841 σημαίνεται,
2813 2770 2947 2823 καθὸ
3003 2772 3203 2823 νοεῖται
3259 2770 3353 2822 καὶ
3405 2768 3649 2839 πέφηνεν
3710 2769 3806 2824 ἇν-

2217 2860 2456 2931 θρωπος.
2494 2860 2618 2923 Υἱὸς
2646 2860 2757 2930 γὰρ
2797 2860 3056 2929 ὑπάρχων
3088 2857 3334 2925 φυσικῶς
3361 2874 3420 2910 τε
3447 2858 3540 2910 καὶ
3580 2857 3808 2928 ἀληθῶς

2214 2951 2307 3005 τοῦ
2361 2951 2497 3006 Θεοῦ
2546 2969 2607 3004 τε
2650 2951 2746 3005 καὶ
2786 2951 3017 3021 Πατρὸς,
3048 2950 3116 3003 δι’
3162 2951 3310 3021 ἡμᾶς
3352 2949 3547 3018 ἀνέτλη
3575 2950 3679 3019 τὴν
3725 2948 3811 3004 διὰ

2215 3040 2469 3110 γυναικός
2505 3057 2565 3093 τε
2598 3040 2692 3094 καὶ
2728 3041 2941 3111 μήτρας
2969 3040 3242 3109 γέννησιν,
3260 3039 3354 3092 καὶ
3372 3039 3610 3109 μαστοὺς
3639 3038 3809 3111 τεθή-

2215 3133 2398 3187 λακεν.
2428 3134 2503 3187 Οὑ
2537 3133 2646 3205 γάρ
2674 3150 2778 3197 τοι,
2814 3132 2956 3186 κατά
2983 3148 3154 3196 τινας,
3197 3130 3413 3201 δοκήσει
3451 3129 3687 3197 γέγονεν
3719 3127 3812 3184 ἄν-

2217 3227 2455 3299 θρωπος,
2484 3227 2601 3281 ἀλλ’
2620 3228 2694 3290 ὠς
2729 3225 2887 3280 τοῦτο
2909 3225 3051 3279 κατὰ
3072 3224 3326 3294 ἀλήθειαν
3350 3221 3635 3293 πεφηνὼς.
3673 3225 3811 3295 ὅπερ

2216 3319 2383 3389 ἐσμὲν
2412 3318 2505 3372 καὶ
2528 3320 2689 3391 ἡμεῖς
2729 3315 2955 3389 autem].
3003 3320 3116 3380 τοῖς
3144 3316 3244 3386 τῆς
3281 3314 3495 3384 φύσεως
3533 3315 3812 3385 ἑπόμενος

2216 3412 2421 3481 νόμοις,
2450 3392 2568 3465 καῖ’
2589 3411 2794 3482 τροφῆς
2822 3411 3102 3479 ἠνέσχετο,
3133 3408 3309 3461 καίτοι
3349 3407 3494 3476 ζωὴν
3527 3407 3704 3471 αὐτὸς
3732 3406 3812 3477 τῷ

2216 3504 2404 3573 κόσμῳ
2452 3502 2645 3566 διδούς.
2702 3502 2971 3576 Ταύτῃτοι
3027 3502 3124 3554 καὶ
3171 3502 3199 3552 ὁ
3253 3500 3518 3570 μακάριος
3568 3499 3813 3561 Ἡσαΐας

2219 3594 2450 3662 μήνυσιν
2497 3591 2687 3662 ὥσπερ
2730 3590 2852 3644 τινὰ
2889 3588 2984 3643 τοῦ
3026 3589 3169 3643 κατὰ
3210 3588 3467 3660 ἀλήθειαν
3520 3588 3810 3659 ὲνανθρω-

2216 3684 2386 3754 πῆσαι
2406 3684 2497 3736 τὸν
2516 3682 2743 3753 Κύριον,
2760 3681 2820 3735 τὸ
2837 3682 3118 3752 δεδεῆσθαι
3137 3681 3347 3752 τροφῆς
3359 3679 3813 3751 νηπιοπρεποῦς,

2214 3774 2449 3826 ἐποιεῖτο
2494 3772 2696 3841 λέγων’
2751 3790 2769 3823 ι
2821 3771 3088 3842 Βούτυρον
3146 3771 3237 3824 καὶ
3289 3770 3412 3841 μέλι
3470 3768 3741 3838 φάγεται.
3784 3785 3805 3820 ι

2215 3864 2522 3934 Ηύλόγηται
2546 3864 2726 3916 τοίνυν
2749 3864 2902 3916 ἓνεκε
2936 3863 3157 3931 μαστῶν
3180 3862 3273 3914 καὶ
3304 3864 3536 3932 μήτρας.
3572 3861 3676 3923 Ὠς
3698 3860 3816 3932 γὰρ

2214 3954 2351 4024 ἔφην
2373 3955 2601 4024 φθάσας,
2634 3953 2754 4006 ἐπεί
2774 3970 2857 4006 τοι
2886 3953 3107 4021 γέγονεν
3131 3951 3416 4022 ἄνθρωπος
3438 3951 3532 4004 καὶ
3554 3951 3817 4023 ὑπήκοος

2210 4045 2290 4116 τῷ
2312 4044 2506 4115 Πατρὶ,
2531 4043 3008 4114 κεκληρονόμηκεν
3029 4042 3200 4114 ὄνομα
3220 4043 3280 4096 τὸ
3299 4042 3440 4113 ὑπὲρ
3463 4043 3572 4095 πᾶν
3601 4041 3815 4112 ὄνομα,

2212 4134 2306 4188 καὶ
2330 4132 2478 4203 αὑτῷ
2512 4152 2529 4185 ι
2576 4132 2784 4202 κάμψει
2814 4134 2921 4186 πᾶν
2965 4133 3115 4200 γόνυ,
3155 4131 3513 4201 ἐπουρανίων,
3548 4133 3655 4185 καὶ
3688 4135 3820 4185 ὲπιο

2211 4225 2393 4293 γείων,
2440 4226 2533 4279 καὶ
2582 4224 2972 4294 καταχθονίων,
3015 4222 3419 4294 ὁμολογούντων
3467 4222 3549 4275 ὅτι
3589 4222 3819 4295 Κύριος

2226 4311 2433 4386 Ἰησοῦς
2474 4316 2729 4386 Χριστὸς,
2765 4315 2843 4377 εἰς
2874 4313 3029 4377 δόξαν
3063 4314 3197 4367 Θεοῦ
3223 4313 3455 4384 Πατρός.
3491 4332 3510 4364 ι
3558 4314 3727 4383 Πλὴν
3763 4314 3818 4366 ei.

2211 4408 2306 4461 καὶ
2339 4408 2545 4478 πέφηνε
2579 4406 2699 4460 καθ’
2746 4409 2911 4477 ἡμᾶς,
2951 4402 3064 4460 ἀλλ’
3098 4403 3191 4460 οὖν
3228 4407 3621 4477 ὑπερκείσεται
3669 4424 3821 4461 πανο

523 4491 834 4547 coelestium
860 4533 874 4557 ,
926 4495 1273 4549 terrestrium
1310 4505 1368 4551 et
1414 4497 1779 4567 infernorum,
1808 4501 1903 4570 qui
1930 4502 2104 4557 conli-

2211 4500 2299 4564 τὸς
2322 4499 2497 4567 ἁγίου,
2525 4501 2617 4552 καὶ
2643 4498 3069 4569 ὑπερανεστήξει
3104 4498 3423 4569 θεοπρεπῶς
3449 4499 3560 4551 τῶν
3584 4499 3820 4552 ἄνωθεν

523 4593 712 4638 tentur
738 4585 887 4654 quod
932 4587 1199 4643 Dominus
1238 4590 1399 4645 Jesus
1437 4590 1692 4647 Christus
1730 4593 1803 4647 sit
1846 4593 1902 4647 in
1929 4594 2105 4665 gloria

522 4676 619 4729 Dei
646 4676 825 4731 Patris
845 4678 911 4730 ’⁷.
948 4697 966 4728 ι
997 4679 1132 4732 Nam
1159 4680 1261 4734 etsi
1287 4682 1560 4750 apparuit,
1586 4683 1730 4737 sicut
1769 4699 1891 4742 nos.
1916 4685 2100 4752 homo,

523 4775 727 4832 tamen,
770 4775 830 4821 ut
852 4768 1017 4832 Deus,
1065 4780 1291 4839 superat
1327 4774 1579 4841 quemvis
1630 4785 1901 4842 sanctum,
1934 4778 2099 4834 etiam

522 4858 645 4911 illos
666 4858 759 4927 qui
778 4860 891 4928 jam
924 4859 1050 4914 inde
1074 4876 1104 4914 a
1128 4860 1429 4930 primordio
1455 4863 1646 4918 mundi
1671 4856 2019 4935 exstiterunt,
2044 4878 2101 4924 et

522 4948 712 5003 Patres
765 4958 894 5005 sunt
940 4951 1229 5006 nominati.
1300 4952 1381 5007 lta
1437 4953 1585 5008 enim
1640 4956 1930 5014 Psalmista
1978 4961 2097 5015 ait:

530 5057 548 5090 ι
593 5038 860 5105 Quoniam
885 5043 1010 5110 quis
1032 5042 1089 5096 in
1112 5043 1357 5098 nubibus
1377 5045 1690 5113 aequabitur
1711 5049 1944 5106 Domino
1971 5062 2101 5107 :aut

523 5128 647 5196 quis
688 5129 740 5183 ei
790 5129 989 5184 similis
1030 5133 1139 5186 erit
1182 5132 1328 5186 inter
1366 5130 1509 5187 ﬁlios
1557 5133 1656 5188 Dei
1683 5133 1728 5166 ³⁸
1756 5135 1780 5189 ?
1811 5155 1829 5187 ι
1869 5137 1985 5193 Hoc
2043 5148 2101 5193 et

524 5218 715 5274 beatus
750 5221 919 5276 Jacob
965 5220 1127 5278 docet
1168 5225 1425 5292 praesenti
1468 5225 1589 5281 loco
1630 5226 1863 5283 dicens:
1916 5249 1934 5280 ‹
1964 5228 2102 5295 Quia

526 5312 856 5376 przevaluisti
885 5313 940 5367 in
974 5313 1457 5370 benedictionibus
1492 5317 1762 5372 montium
1794 5318 2100 5385 ﬁrmorum,

523 5411 578 5453 et
626 5403 849 5456 collium
895 5416 1229 5461 aeternorum
1260 5408 1324 5462 ".
1360 5427 1379 5460 ι
1413 5408 1550 5464 Nam
1576 5420 1793 5465 montes
1844 5411 2098 5466 ﬁrmissi-

526 5502 662 5554 mos,
682 5491 922 5561 itemque
949 5495 1118 5548 colles
1134 5504 1370 5553 aeternos
1400 5508 1557 5553 vocat
1580 5509 1820 5564 sanctos,
1848 5510 2102 5570 propter-

2203 4593 2290 4646 ἔτι
2358 4592 2453 4645 καὶ
2515 4591 2830 4660 ὀνομαστῶν
2890 4591 3161 4663 πατέρων.
3216 4592 3281 4644 Ὃ
3331 4590 3441 4661 γὰρ
3481 4592 3511 4643 ὁ
3561 4590 3820 4644 Ψάλλων

2217 4683 2408 4753 φησίν·
2448 4701 2465 4732 ι
2489 4682 2608 4734 Ὅτι
2639 4682 2722 4744 τίς
2752 4682 2808 4732 ὲν
2833 4681 3083 4749 νεφέλαις
3115 4678 3438 4751 ίσωθήσεται
3463 4678 3540 4749 τῷ
3562 4680 3816 4749 Κυρίῳς

2198 4772 2230 4840 ἦ
2262 4771 2343 4833 τίς
2374 4770 2769 4841 ὁμοιωθήσεται
2802 4770 2949 4841 αὐτῷ
2974 4772 3030 4822 ὲν
3074 4770 3208 4834 υἱοῖς
3239 4768 3409 4833 Θεοῦς
3452 4787 3470 4820 ι
3508 4768 3682 4821 τοῦτο
3729 4769 3819 4823 δι·-

2194 4863 2380 4916 δάσκει
2406 4862 2576 4931 λέγων
2604 4865 2632 4915 ό
2663 4862 2926 4933 μακάριος
2966 4860 3156 4915 Ἰακώὸ
3175 4878 3189 4893 σ
3224 4881 3242 4912 ι
3268 4862 3390 4913 Ὅτι
3422 4859 3825 4930 ὑπερίσχυσας

2209 4955 2295 5007 ἐπ’
2330 4954 2599 5023 εὐλογίαις
2634 4954 2805 5025 ὀρέων
2853 4955 3094 5024 μονίμων
3139 4954 3233 5006 καὶ
3275 4953 3435 5006 θινῶν
3463 4952 3746 5005 αἰωνίων.
3788 4970 3809 5003 ι

2212 5047 2350 5117 Ὀρη
2370 5047 2478 5116 γὰρ
2502 5044 2695 5099 αἰώνιά
2717 5063 2775 5098 τε
2800 5046 2891 5099 καὶ
2917 5043 3287 5114 μονιμώτατα,
3319 5045 3414 5098 καὶ
3457 5044 3655 5113 μέντοι
3718 5044 3823 5096 καὶ

2205 5136 2354 5199 θῖνας
2387 5137 2655 5199 αἰωνίους,
2702 5137 2826 5199 τοὺς
2861 5136 3051 5203 ἁγίους
3099 5136 3252 5205 φησὶ,
3293 5134 3382 5187 διά
3408 5151 3488 5185 τοι
3515 5132 3581 5186 τὸ
3632 5128 3823 5205 ἦρθαι

2203 5227 2303 5297 τῆς
2326 5228 2451 5297 γῆς,
2488 5228 2580 5281 καὶ
2611 5231 2827 5296 φρονεῖν
2866 5227 2964 5298 μὲν
2992 5228 3141 5280 οὐδὲν
3165 5227 3273 5279 τῶν
3306 5226 3822 5295 κατεῤῥιμμένων,

2206 5317 2389 5389 ζητεῖν
2419 5320 2476 5372 δὲ
2515 5318 2585 5372 τὰ
2629 5320 2760 5381 ἄνω,
2790 5321 2883 5371 καὶ
2918 5321 2999 5380 εἰς
3027 5319 3093 5371 τὰ
3131 5318 3239 5370 τῶν
3269 5317 3481 5388 ἀρετῶν
3510 5315 3824 5385 ὑψώματα

2204 5406 2263 5462 εὖ
2298 5410 2441 5479 μάλα
2466 5410 2718 5480 διᾴττειν.
2742 5411 2987 5463 Κατόπιν
3008 5405 3099 5461 οὖν
3120 5410 3228 5480 ἄρα
3248 5409 3351 5477 τῆς
3371 5405 3618 5477 Χριστοῦ
3645 5406 3826 5474 δόξης

2208 5500 2299 5552 καὶ
2331 5500 2381 5553 οἱ
2434 5501 2540 5553 τῶν
2589 5501 2846 5572 Πατέρων
2899 5500 3309 5569 ἐπισημότατοι,
3370 5499 3461 5553 καὶ
3506 5497 3600 5560 εἰς
3648 5496 3823 5566 λῆξιν

615 5685 655 5762 ‘_’
676 5684 972 5762 Gemitus,
998 5690 1084 5742 25.
1164 5693 1383 5757 ’°iliid.,
1409 5696 1496 5748 2i.
1574 5698 1616 5728 ’¹
1649 5698 1813 5750 Hebr.
1853 5714 1908 5755 ιι,
1939 5696 1989 5747 6.
2062 5697 2107 5728 ³²
2136 5697 2276 5751 Psal.
2315 5714 2433 5761 LXV,
2462 5700 2511 5752 l.
2590 5701 2635 5731 ³³
2656 5699 2793 5753 Psal.
2824 5714 2961 5762 LXIV,
3010 5697 3087 5749 l0.
3171 5699 3215 5726 ’⁷⁵
3240 5695 3373 5749 Gen.
3402 5709 3543 5758 XLK,
3578 5696 3688 5761 25,
3717 5697 3817 5752 98.

529 5755 574 5788 "
615 5754 717 5808 lsa.
784 5772 873 5819 vn,
910 5759 973 5811 15
1070 5754 1381 5830 “Philipp,
1441 5781 1496 5829 ll,
1542 5765 1589 5817 9.
1671 5768 1711 5795 ’τ
1740 5754 2001 5831 Ιὺὶάμίο,
2036 5766 2115 5819 ll.

2221 5769 2430 5822 "I‘sal.
2479 5786 2731 5834 Lxuvm,
2782 5770 2831 5822 7.
2904 5769 2946 5799 "‘
2994 5769 3127 5821 Gen.
3176 5766 3428 5833 ungit}.
