4066 6282
270 366 364 421 581

1223 360 1740 445 GLAPHYRORUM
1778 388 1846 444 IN
1887 388 2187 449 GENESlll
2226 394 2356 448 LIB.
2396 394 2508 450 vn.

3412 396 3519 453 αἱ

266 485 495 601 ﬂuores;
533 486 756 559 ἀρετῆς.
810 490 872 544 οε
924 491 1027 561 μὲν
1075 495 1183 565 γάρ
1206 493 1347 569 ἦσαν
1389 503 1615 567 οίκέται,
1647 506 1749 559 κᾶν
1793 524 1817 560 ε

1946 525 2009 565 ea
2035 512 2182 580 quod
2206 521 2408 568 atem
2431 512 2632 601 sublati
2657 521 2806 575 sunt,
2840 528 3018 584 neque
3044 515 3279 585 amplius
3304 532 3394 573 res
3415 519 3520 575 ab-

265 575 573 664 τιτάχαντο
607 578 795 633 λοιπδν
826 579 882 631 ὲν
912 582 1119 648 τέκνοις
1146 602 1160 617 ·
1193 591 1222 642 ό
1248 589 1305 643 δὲ
1330 590 1554 664 Κύριος,
1590 597 1666 660 ὡς
1697 597 1843 663 Υἱὸς,

264 664 339 759 τά
381 666 449 718 δι’
489 660 571 720 ὧν
607 670 802 723 ἐκεῖνοι
847 675 1094 741 γεγόνασι
1128 678 1392 751 λαμπροὶ,
1422 660 1845 759 ’κεχορηγηκὼς

268 755 479 852 αυτοῖς.
514 758 797 829 Τοιγάρτοι
844 765 937 818 καὶ
976 765 1242 836 λέγουσιν,
1273 773 1354 826 ὅτι
1385 793 1406 825 ι
1455 755 1549 830 Ἐκ
1576 755 1668 832 του
1703 755 1844 852 ττλη-

275 844 530 942 ρώματος
565 851 721 904 αὑτοῦ
754 854 913 922 ἡμεῖς
941 858 1139 924 πάντες
1174 862 1461 935 ἐλάϐομεν,
1494 887 1519 919 ι
1550 870 1645 923 καὶ
1682 844 1842 942 χάριν

276 936 399 989 ἀντὶ
430 939 659 1010 χάριτος.
687 942 899 997 Οὐκοῦν
941 950 1036 1019 τῆς
1068 949 1225 1022 δόξης
1249 956 1277 1008 ὀ
1318 957 1581 1026 στέφανος
1627 936 1838 1015 satier-

280 1042 421 1126 ἵετῗῖ
454 1031 550 1098 μὲν
594 1035 943 1126 ῖιῖυῖικῶςμτῆ
981 1042 1072 1095 τοῦ
1103 1044 1353 1118 Σωτῆρος
1397 1050 1556 1120 ἡμῶν
1602 1055 1833 1126 κεφαλῇ·

267 1116 570 1188 διαϐήσεται
588 1124 647 1176 δὲ
678 1116 832 1179 οὐδὲν
848 1124 1025 1201 ἦττον,
1047 1136 1139 1187 καὶ
1163 1116 1335 1207 δῶρον
1366 1116 1517 1195 ἕαται
1545 1116 1718 1208 δοτδν,
1741 1116 1836 1199 κᾶι

258 1208 562 1300 επίαὺτοὺς
590 1216 786 1284 ἁγίους
815 1221 943 1284 τοὺς
977 1224 1066 1275 ὑπ’
1116 1227 1263 1297 αὑτῷ
1305 1233 1622 1300 γεγονότας,
1659 1237 1709 1289 οἳ
1738 1237 1830 1291 τὸν

253 1295 568 1368 ἀμάραντον
606 1304 712 1373 τῆς
757 1306 917 1377 δόξης
964 1295 1360 1382 περικείσονται
1383 1295 1696 1390 -στὲφανονο
1733 1325 1831 1379 καὶ

251 1391 498 1486 κοινωνοὶ
545 1393 661 1447 τῶν
699 1395 865 1450 αὑτοῦ
889 1401 1225 1472 παθημάτων
1268 1412 1640 1482 γεγενημένοι,
1689 1431 1829 1486 συμ-

251 1476 543 1572 μεθέξουοι
565 1483 674 1572 τῆς
702 1487 967 1553 εὐκλείας.
1005 1493 1212 1566 ’Δραρε
1234 1476 1362 1570 γάρ,
1510 1476 1828 1572 συμπεπον-

250 1563 405 1630 θότες
440 1570 621 1641 αὐτῷ,
652 1576 747 1627 καὶ
766 1563 1299 1645 συμϐασιλεύσουσιν.

1936 603 2113 673 jectas
2151 613 2365 668 curant,
2391 602 2486 658 sed
2531 620 2767 675 superna
2789 613 3062 674 quierunt,
3113 614 3169 663 et
3197 608 3266 662 ad
3305 624 3518 667 summa

1942 693 2207 747 virtutum
2245 694 2459 765 fastigia
2496 696 2656 749 enixe
2693 695 3053 751 contendunt.
3091 696 3387 754 Interiores
3418 700 3518 771 igi-

1942 790 2032 836 tur
2053 794 2181 838 sunt
2209 784 2430 840 Christo
2472 786 2527 839 in
2551 786 2721 856 gloria
2743 787 2908 841 etiam
2946 787 3277 842 sanctissimi
3311 804 3381 843 ex
3411 789 3516 845 Pa-

1939 875 2140 940 tribus,
2171 877 2265 945 qui
2290 878 2375 930 vel
2409 892 2685 932 summum
2714 878 2940 932 virtutis
2986 879 3203 933 culmen
3247 894 3516 936 conscen—

1941 963 2161 1017 derunt.
2209 964 2493 1034 Siquidem
2524 966 2580 1019 hi
2602 981 2797 1020 omnes
2828 965 3051 1020 fuerunt
3077 967 3226 1021 servi
3272 968 3326 1022 in
3350 967 3517 1023 domo

1942 1053 2059 1118 Dei,
2086 1056 2191 1108 etsi
2217 1055 2476 1125 deinceps
2512 1056 2567 1109 in
2587 1055 2729 1110 ﬁlios
2750 1057 2859 1110 sint
2887 1057 3148 1125 cooptati.
3186 1057 3307 1127 Ipse
3328 1066 3512 1113 autem

1940 1152 2026 1199 est
2069 1146 2334 1200 Dominus
2377 1154 2634 1215 tanquam
2668 1145 3086 1212 ﬁliusfamilias,
3135 1161 3199 1202 ea
3258 1163 3358 1218 per
3390 1164 3514 1218 qua:

1941 1232 2045 1303 ipsi
2074 1234 2314 1291 illustres
2346 1244 2674 1302 evaserunt,
2704 1239 2838 1308 ipsis
2871 1238 3248 1308 suppeditans.
3274 1239 3429 1295 Unde
3454 1251 3512 1295 et

1937 1323 2039 1392 ipsi
2065 1324 2259 1380 dicunt
2302 1327 2451 1396 quod
2485 1346 2504 1378 ι
2534 1328 2611 1381 Ex
2634 1328 2974 1398 plenitudine
2997 1330 3116 1399 eius
3136 1345 3330 1385 omnes
3348 1345 3508 1385 acce-

1934 1413 2116 1482 pimus
2134 1415 2200 1480 ³⁶,
2235 1435 2254 1467 ι
2290 1424 2347 1470 et
2377 1417 2609 1487 gratiam
2645 1434 2746 1488 pro
2768 1419 2960 1489 gratia.
2991 1418 3359 1485 Quamobrem
3406 1435 3508 1474 na-

1935 1505 2185 1559 turaliter
2200 1509 2669 1576 competitcorona
2691 1510 2878 1579 gloriae
2898 1510 3072 1579 ipsius
3094 1511 3282 1580 capiti.
3294 1510 3509 1565 Nihilo-

1935 1595 2120 1650 minus
2151 1604 2332 1651 tamen
2383 1600 2669 1669 continget
2710 1609 2767 1655 et
2792 1600 3091 1655 donabitur
3134 1602 3240 1656 hoc
3284 1601 3506 1657 demum

247 1653 422 1765 etiam
453 1663 667 1765 sanctis
692 1667 785 1765 qui
832 1684 889 1724 se
924 1671 979 1725 ei
1007 1674 1372 1765 subiecerint.
1408 1683 1502 1751 qui
1546 1685 1987 1741 immarccscibili
2026 1701 2229 1741 corona
2288 1653 2634 1744 ornabantur
2674 1653 3316 1763 ",quiqueparticipes
3376 1693 3509 1749 facti

478 1757 830 1852 passioniset
873 1763 1070 1830 crucis,
1094 1768 1502 1838 participabunt
1531 1778 1695 1832 etiam
1747 1779 1931 1850 gloria:
1984 1779 2177 1849 ipsius.
2214 1780 2350 1834 Nam
2404 1783 2477 1835 ita
2519 1782 2723 1852 placuit
2768 1757 2830 1837 ut
2870 1757 2967 1851 qui
3022 1757 3193 1837 simul
3220 1757 3378 1838 ’σιω
3434 1797 3508 1838 eo

258 1836 376 1888 Sint
416 1841 591 1907 passi,
622 1844 777 1901 simul
798 1864 923 1905 eum
954 1869 1020 1909 eo
1055 1836 1309 1929 regnent:

749 1992 885 2059 Περὶ
914 1992 1019 2047 τοῦ
1051 1998 1354 2070 Βενιαμίν.

2495 1996 2571 2051 De
2608 1996 2905 2068 Bcnjamz’n.

324 2115 599 2186 Βενιαμὶν
626 2120 786 2186 λύκος
816 2124 1028 2196 ἅρπαξ·
1057 2131 1118 2183 τὸ
1148 2136 1381 2203 πρωῖνὺν
1404 2135 1578 2191 ἔδεται
1605 2138 1705 2201 ἔτι,
1741 2138 1822 2192 acad

1999 2135 2156 2207 241
2190 2153 2209 2185 ι
2226 2133 2507 2203 Beniamin
2524 2133 2686 2201 lupus
2710 2147 2908 2199 rapax:
2934 2145 3093 2186 mane
3122 2131 3374 2187 comedet
3396 2131 3506 2187 ad-

244 2208 330 2301 είς
366 2207 438 2301 τό
462 2210 715 2282 ἑσπέρας
739 2216 985 2272 διαδώσει
1013 2225 1240 2293 τροφήν.
1281 2246 1300 2277 ι
1334 2228 1630 2300 Προτέτοκε
1664 2230 1822 2301 μὲνὴ

255 2297 457 2369 Ῥαχὴλ
487 2301 583 2353 τὸν
614 2302 896 2361 θεσπέσιον
941 2311 1158 2382 Ἰωσὴφ,
1196 2316 1283 2368 ἐπ’
1310 2297 1457 2388 αὐτῷ
1489 2319 1546 2372 δὲ
1575 2297 1824 2373 τδννΒενλ

247 2390 401 2458 ιαμίν
419 2405 434 2420 ·
470 2390 586 2445 ἀλλ’
618 2393 734 2458 υίὸς
768 2397 866 2465 μὲν
896 2401 1159 2467 νεώτατος
1210 2404 1402 2477 Ἰωσὴφ
1432 2408 1566 2478 πρὸς
1594 2409 1689 2462 τοῦ
1719 2426 1824 2462 πα·-

244 2479 370 2549 τρὸς
399 2479 736 2552 ὠνομάζετο.
780 2487 934 2542 Οὕτω
962 2508 1021 2544 τε
1056 2492 1203 2563 ἔχειν
1246 2495 1305 2549 τὸ
1339 2501 1528 2568 χρῆμα
1554 2498 1819 2570 δώσομεν.

243 2573 528 2643 Νεώτερον
556 2576 613 2629 δὲ
651 2578 921 2633 νεωτάτου
947 2584 1123 2652 φαμὲν
1147 2586 1396 2653 γενέσθαι
1425 2589 1517 2642 τὸν
1543 2591 1819 2659 Βενιαμίν.

256 2664 396 2717 Ἀλλ’
430 2666 544 2728 υίὸς
589 2667 692 2737 μὲν
724 2668 988 2735 νεώτατος
1023 2674 1279 2745 Βενιαμίν
1299 2696 1313 2710 υ
1342 2680 1437 2732 καὶ
1462 2679 1526 2750 δὴ
1564 2683 1719 2734 νοοῖτ⁹
1759 2682 1825 2735 ἂν

248 2755 470 2819 εἰκότως
499 2750 589 2809 οἷά
616 2773 703 2821 τις
732 2758 892 2812 είκὼν
916 2764 1007 2815 καὶ
1028 2763 1200 2830 τύπος
1231 2767 1322 2821 τοῦ
1354 2770 1627 2823 νεωτάτου
1663 2770 1818 2824 λαοῦ·

250 2843 305 2905 ὃς
346 2846 440 2897 καὶ
467 2846 555 2898 διὰ
578 2847 688 2901 τῶν
715 2849 886 2916 ἁγίων
910 2851 1172 2923 κέκληται
1203 2855 1477 2927 μαθητῶν,
1508 2862 1644 2930 μετά
1672 2879 1736 2929 γε
1762 2862 1825 2915 τὸ

262 2932 321 2984 ὲκ
339 2935 542 3004 νεκρῶν
568 2937 865 2992 ἀναϐιῶναι
892 2940 1144 3011 Χριστὸν,
1173 2946 1269 2999 καὶ
1296 2949 1432 3016 πρὸς
1461 2949 1551 3001 τὸν
1582 2952 1640 3002 ἐν
1660 2951 1824 3021 οὐρα-

265 3026 372 3087 νοῖς
421 3026 772 3098 ὓττονοοτῆσαι
835 3032 1050 3104 Πατέρα
1100 3036 1196 3088 καὶ
1249 3037 1402 3094 Θεόν.
1461 3041 1706 3111 Ἀρπαγι
1764 3043 1823 3096 δὲ

260 3112 413 3185 λύκῳ
454 3119 856 3187 παρεικάζεται.
892 3121 981 3177 διά
1027 3141 1111 3178 τοι
1142 3125 1235 3183 τὸ.
1268 3123 1450 3198 οἶμαι,
1501 3130 1702 3202 θερμὸν
1742 3135 1822 3198 είς

252 3204 466 3274 ὀρέξεις
488 3206 586 3270 τάς
611 3209 698 3260 ἐπί
718 3227 776 3279 γε
799 3212 861 3265 τὸ
895 3213 1183 3287 μαθητιᾷν,
1205 3220 1297 3270 καὶ
1326 3219 1687 3289 ὲπιθρώσκειν
1713 3224 1818 3288 ἀεὶ,

248 3296 343 3348 καὶ
388 3296 534 3363 μάλα
582 3300 894 3372 προθύμως,
937 3300 1028 3358 οἶά
1072 3324 1181 3361 τισι
1211 3309 1403 3381 θήραις
1449 3315 1570 3375 ταῖς
1608 3316 1686 3377 είς
1713 3317 1820 3367 πᾶν

1928 2229 2055 2291 huc,
2097 2234 2154 2281 et
2184 2225 2249 2280 ad
2285 2239 2568 2294 vesperam
2609 2224 2907 2278 distribuet
2942 2238 3123 2278 eseam
3146 2223 3210 2276 “.
3242 2242 3261 2274 ν
3293 2222 3498 2279 Rachel

1926 2321 2081 2389 prius
2117 2319 2337 2389 quidem
2369 2316 2581 2386 peperit
2609 2315 2856 2370 divinum
2897 2314 3121 2383 Ioseph,
3155 2323 3345 2384 postea
3366 2330 3505 2371 vero

1927 2410 2208 2480 Beniamin
2236 2428 2249 2463 :
2275 2417 2518 2463 attamen
2546 2406 2691 2461 illius
2712 2415 2844 2461 natu
2870 2406 3132 2460 minimus
3157 2422 3188 2460 a
3212 2414 3368 2475 patre
3397 2421 3499 2462 vo-

1925 2511 2079 2557 catus
2110 2510 2195 2557 est
2228 2502 2452 2570 Ioseph.
2491 2500 2668 2571 Atque
2706 2501 2813 2555 hoc
2851 2500 2928 2554 ita
2963 2513 3022 2553 se
3061 2498 3265 2553 habere
3296 2513 3503 2553 conce-

1924 2592 2138 2647 demus.
2164 2593 2409 2647 Dicimus
2437 2601 2620 2646 tamen
2665 2591 2947 2661 Benjamin
2988 2589 3158 2645 fuisse
3196 2590 3501 2659 juniorem,

1923 2697 1990 2737 co
2012 2684 2106 2752 qui
2139 2684 2401 2737 minimus
2433 2693 2565 2738 natu
2591 2692 2729 2737 erat.
2769 2682 2932 2750 Atqui
2966 2680 3112 2734 [ilius
3140 2681 3364 2749 quidem
3391 2695 3496 2733 no-

1922 2775 2179 2829 vissimus
2212 2776 2514 2844 Beniamin.
2542 2776 2717 2843 Atque
2748 2772 2893 2826 haud
2921 2771 3266 2826 incommode
3292 2770 3384 2823 hic
3410 2769 3497 2823 in-

1924 2867 2090 2936 telligi
2136 2876 2318 2937 potest
2351 2868 2521 2921 veluti
2564 2878 2723 2939 typus
2761 2876 2818 2921 et
2855 2867 3035 2934 imago
3073 2863 3356 2918 novissimi
3395 2877 3496 2931 po-

1922 2957 2065 3025 puli,
2110 2958 2205 3025 qui
2254 2966 2311 3012 et
2361 2972 2458 3025 per
2512 2966 2729 3010 sanctos
2776 2955 3075 3023 discipulos
3117 2962 3344 3006 vocatus
3388 2957 3495 3013 est,

1920 3056 2276 3115 posteaquam
2312 3046 2565 3101 Christus
2588 3063 2655 3100 ex
2693 3046 2926 3099 mortuis
2957 3044 3278 3107 resurrexit,
3311 3043 3502 3111 itaque

1922 3134 1988 3187 ad
2013 3134 2228 3188 Patrem
2252 3135 2530 3189 cmlestem
2556 3150 2614 3188 se
2641 3133 2894 3188 contulit.
2926 3131 3291 3199 Comparatur
3311 3138 3494 3183 autem

1920 3225 2050 3294 lupo
2080 3223 2262 3293 rapaci
2297 3224 2443 3287 ideo,
2482 3232 2544 3277 ut
2572 3223 2832 3287 arbitror,
2857 3222 2985 3292 quia
3013 3220 3382 3276 inﬂammatus
3411 3226 3499 3276 est

1919 3316 2060 3370 miro
2086 3315 2361 3371 desiderio
2376 3316 2648 3381 discendi,
2676 3315 3053 3384 irruendique,
3080 3313 3249 3368 veluti
3274 3314 3329 3368 in
3358 3328 3499 3383 pras-

243 3383 423 3439 ὁτιοῦν
458 3388 569 3441 τῶν
600 3391 906 3460 τρεφόντων
934 3397 1014 3458 είς
1054 3397 1285 3464 εὐεξίαν,
1327 3400 1484 3472 δῆλον
1523 3403 1580 3456 δὲ
1610 3405 1691 3457 ὅτι
1718 3407 1818 3475 τὴν

1925 3407 2041 3461 dam
2080 3408 2398 3478 quamdam,
2430 3401 2578 3465 inea
2604 3425 2725 3479 qua:
2758 3408 2826 3463 ad
2854 3383 3052 3463 bonam
3094 3407 3495 3471 habitudinem,

242 3482 639 3550 πνευματικήν.
664 3484 834 3537 Δεινοὶ
868 3487 976 3557 γάρ
1024 3488 1153 3541 ἰδεῖν
1191 3491 1254 3543 τὸ
1280 3492 1469 3544 τελοῦν
1501 3496 1580 3557 εἰς
1610 3495 1813 3565 ὄνησιν,

238 3571 338 3623 καὶ
362 3570 469 3641 μὴν
491 3574 588 3625 καὶ
633 3576 878 3645 ἁρπάσαι
912 3578 973 3631 τὸ
1006 3579 1279 3648 ὠφελοῦν·
1309 3582 1449 3647 ὀξεῖς
1475 3587 1556 3649 είς
1587 3587 1818 3658 άποδρο-

240 3661 354 3732 μὴν
395 3661 507 3715 τῶν
540 3664 748 3718 ἀδικεῖν
795 3668 1081 3724 εἰωθότων.
1128 3673 1249 3725 Εἰσὶ
1279 3673 1336 3726 δὲ
1366 3674 1485 3728 λίαν
1511 3678 1591 3740 είς
1620 3678 1819 3747 φόϐους

234 3754 341 3804 οὐκ
387 3751 623 3819 εὔκολοι,
676 3758 787 3810 οὐδ’
834 3758 902 3813 ἂν
939 3762 988 3813 εί
1037 3763 1214 3816 κυνῶν
1249 3765 1434 3830 αὐτοῖς
1485 3770 1820 3838 περιχέοιντο

231 3843 417 3913 δίκην,
446 3847 495 3897 οἱ
522 3846 634 3898 τῶν
662 3849 882 3915 ἀγαθῶν
911 3850 1088 3920 ἔργων
1121 3872 1179 3907 τε
1211 3856 1304 3909 καὶ
1332 3857 1505 3925 λόγων
1530 3860 1818 3915 ἀποσοϐεῖν

242 3937 360 4003 ῄρη
370 3933 540 4003 μένοι,
572 3938 953 4007 καταναρκῶσι
973 3940 1029 3993 δὲ
1058 3943 1153 4012 τὴν
1174 3944 1537 4016 προ[σ]6ολήν.
1560 3950 1819 4019 Μεμαθή-

233 4040 376 4077 κασι
407 4025 539 4095 γὰρ,
571 4029 666 4080 καὶ
720 4028 865 4096 μάλα
903 4035 1181 4096 νεανικῶς
1221 4055 1239 4086 ι
1284 4038 1378 4100 Τίς
1407 4041 1552 4107 ἡμᾶς
1596 4040 1818 4109 χωρίσει

226 4111 357 4164 ἀπὸ
381 4114 480 4183 τῆς
512 4116 733 4187 ἀγάπης
760 4118 853 4171 τοῦ
889 4121 1158 4190 Χριστοῦ;
1192 4123 1387 4192 θλίψις,
1410 4127 1443 4191 ἢ
1468 4128 1816 4198 στενρχωρία,

225 4202 259 4271 ἦ
302 4205 487 4272 λιμὸς,
518 4204 552 4275 ἢ
602 4206 859 4276 διωγμὸς,
905 4209 1311 4284 ἢγυμνότης,ἢ
1346 4216 1608 4283 κίνδυνος,
1642 4218 1674 4289 ἢ
1717 4218 1819 4287 μά-

225 4311 332 4364 χαι
342 4310 411 4362 ρα
434 4311 447 4359 ;
491 4314 509 4344 ι
554 4296 693 4348 Ἀλλ’
720 4299 827 4351 οὐδ’
849 4300 914 4354 ἂν
942 4302 1077 4365 ὅλως
1104 4304 1297 4368 αὐτοὺς
1320 4307 1366 4358 οί
1396 4306 1817 4378 ψευδοποιμένες

221 4387 340 4455 τῆς
388 4386 569 4449 αὐτοῖς
599 4388 971 4461 ἀγαπωμένης
1005 4391 1264 4456 ιξώσειαν
1300 4397 1509 4465 τρίϐου,
1538 4397 1819 4466 βάλλοντες

222 4480 313 4541 εἰς
338 4478 573 4548 νεφροὺς
589 4478 904 4554 [τάφρουςῖ]
920 4486 980 4536 οὐ
1004 4485 1325 4555 φειδόμενοι.
1348 4490 1486 4542 κατὰ
1505 4491 1563 4543 τὸ
1583 4508 1819 4561 γεγραμ-

225 4570 421 4638 μένον.
445 4570 887 4641 Τληπαθὲστατοι
924 4576 1032 4643 γάρ
1059 4578 1109 4629 οί
1142 4579 1329 4631 τοιοίδε
1363 4580 1502 4645 λίαν,
1534 4584 1627 4635 καὶ
1673 4585 1815 4653 ζωὴν

1920 3502 2283 3570 spiritualem,
2305 3503 2549 3572 inquam,
2574 3503 2908 3557 conducunt.
2936 3502 3176 3557 Solertes
3196 3502 3343 3556 enim
3366 3508 3496 3556 sunt

1917 3602 1972 3646 et
1992 3595 2336 3663 perspicaces
2367 3594 2435 3648 ad
2466 3594 2763 3648 videndum
2796 3608 2859 3648 ac
2887 3593 3043 3663 quasi
3076 3592 3401 3661 rapiendum
3428 3606 3493 3646 ea

1920 3700 2039 3753 quae
2062 3686 2168 3739 sibi
2193 3693 2322 3739 sunt
2349 3685 2667 3755 adjumento
2712 3694 2762 3738 et
2796 3685 3093 3753 expediunt
3126 3683 3194 3736 ad
3222 3683 3489 3745 salutem,

1918 3781 2083 3842 atque
2120 3789 2150 3828 e
2188 3774 2406 3828 diverso
2444 3776 2613 3844 agiles
2648 3774 2716 3827 ad
2755 3774 3140 3828 declinandum
3177 3772 3246 3824 ab
3276 3772 3344 3824 iis
3372 3786 3495 3838 qua

1920 3873 2046 3918 sunt
2072 3866 2351 3919 damnosa.
2377 3866 2565 3933 Neque
2591 3880 2721 3917 vero
2744 3864 2901 3916 facile
2926 3862 3294 3930 percellentur
3319 3867 3491 3922 metu,

1918 3957 2021 4009 etsi
2054 3956 2227 4007 instar
2251 3970 2446 4008 canum
2484 3954 2995 4009 circumfundantur
3020 3951 3113 4018 qui
3152 3951 3300 4018 ipsos
3331 3964 3361 4003 a
3399 3949 3494 4003 bo-

1919 4046 2006 4098 nis
2041 4045 2301 4113 operibus
2336 4052 2392 4097 ct
2428 4044 2650 4097 salutari
2683 4042 2929 4097 doctrina
2961 4055 3148 4095 arcere
3181 4049 3449 4093 conantur
3477 4059 3489 4093 :

1918 4144 1974 4187 at
2017 4134 2201 4203 potius
2242 4148 2434 4187 eorum
2482 4134 2744 4202 impetum
2799 4132 2927 4186 forti
2972 4131 3154 4184 animo
3198 4131 3490 4186 sustinent.

1918 4222 2428 4286 Didiceruntenim,
2455 4230 2511 4276 et
2535 4222 2757 4291 quidem
2794 4221 2952 4276 valde
2990 4220 3261 4275 viriliter:
3310 4240 3329 4272 ι
3358 4220 3494 4287 Quis

1919 4313 2193 4381 separabit
2233 4328 2335 4367 nos
2377 4329 2407 4368 a
2449 4312 2743 4367 dilectione
2783 4312 3020 4367 Christi?
3044 4311 3389 4366 Tribulatio?
3420 4327 3490 4365 an

1917 4406 2198 4475 angustia?
2230 4420 2297 4457 an
2325 4404 2526 4459 fames?
2552 4420 2619 4457 an
2645 4404 2990 4474 persecutio?
3020 4419 3089 4457 an
3129 4403 3386 4457 nuditas?
3419 4419 3489 4457 an

1916 4496 2263 4566 periculum?
2287 4511 2354 4550 an
2390 4496 2604 4565 gladius
2628 4497 2705 4548 "'l
2738 4515 2755 4547 ι
2800 4496 2914 4549 Imo
2935 4510 3067 4548 vero
3106 4510 3206 4549 nec
3238 4495 3339 4562 ipsi
3371 4495 3491 4548 falsi

1918 4593 2166 4653 pastores
2191 4599 2286 4637 eos
2314 4584 2614 4638 averterint
2650 4584 2718 4636 ab
2756 4583 2860 4635 hoc
2890 4583 2994 4635 sibi
3019 4583 3219 4636 dilecto
3248 4581 3485 4644 tramite,

222 4660 534 4730 ἡγούμενοι
569 4663 626 4715 τὸ
656 4664 867 4718 παθεῖν’
900 4667 1295 4739 διακεκράγασι
1335 4671 1462 4737 γοῦν
1483 4689 1496 4703 ·
1534 4690 1552 4722 ι
1578 4674 1729 4743 Ἐμοὶ
1756 4676 1816 4727 τὸ

1925 4675 2133 4729 etiamsi
2165 4675 2220 4727 in
2250 4689 2501 4728 carceres
2533 4672 2847 4737 detrudam,
2883 4688 3061 4742 neque
3101 4674 3156 4726 in
3200 4672 3313 4726 ullo
3356 4672 3491 4740 ipsis

225 4753 338 4821 ζῇν
366 4753 595 4820 Χριστὸς
618 4756 712 4807 καὶ
739 4757 798 4808 τὸ
809 4757 1097 4812 ἀποθανεῖν
1124 4760 1333 4832 κέρδος.
1358 4780 1377 4813 ι
1400 4764 1626 4828 Οὐκοῦν,
1644 4766 1746 4818 κᾶν
1767 4768 1815 4817 si

1925 4774 2169 4835 parcant,
2195 4767 2337 4820 sicut
2364 4766 2628 4835 scriptum
2655 4775 2738 4820 est
2763 4766 2827 4819 ³⁸.
2855 4766 2989 4820 Cum
3018 4766 3163 4819 enim
3197 4765 3489 4818 aerumnosi

223 4845 424 4905 λύκοις
458 4844 660 4914 ἃρπαξι
694 4849 1140 4918 παρεικάζοιντο,
1172 4853 1313 4905 κατά
1360 4870 1421 4921 γε
1458 4859 1584 4918 τοὺς
1616 4857 1817 4926 ἀρτίως

222 4936 372 5002 ἡμῖν
396 4938 926 5009 παραδεδειγμένους
942 4943 1194 5012 τρόπους,
1217 4944 1386 5007 οὐδὲν,
1410 4945 1484 5008 ὡς
1511 4945 1705 5009 ἔοικεν,
1723 4948 1804 5009 είς

221 5027 287 5078 τὸ
325 5025 401 5097 μὴ
424 5028 566 5098 ἔχειν
591 5030 766 5101 ὀρθῶς
794 5032 1099 5103 ἀδικηθεῖεν
1122 5034 1205 5098 ἂν,
1245 5036 1365 5087 ἐπεί
1391 5054 1472 5090 τοι
1524 5039 1617 5090 καὶ
1646 5039 1806 5100 αὐτὸς

223 5117 253 5167 ὁ
292 5118 490 5188 Σωτὴρ
507 5120 698 5174 λέοντά
724 5139 782 5173 τε
816 5124 909 5174 καὶ
939 5124 1219 5194 πάρδαλιν,
1258 5127 1378 5196 ἤτοι
1407 5127 1656 5198 πάνθηροι
1688 5130 1814 5181 ἑαυ-

224 5206 325 5256 τὸν
379 5206 654 5275 ὀνομάζει,
691 5210 899 5278 λέγων·
939 5232 958 5264 ι
996 5215 1137 5266 Διὸτι
1169 5214 1279 5283 ἐγώ
1322 5218 1436 5285 εἰμι
1487 5218 1563 5279 ὡς
1600 5217 1811 5289 πάνθηρ

224 5297 308 5366 τῷ
358 5298 611 5368 Ἐφραῖμ,
650 5303 746 5356 καὶ
787 5303 861 5365 ὡς
894 5304 1029 5357 λέων
1054 5306 1133 5376 τῷ
1163 5308 1295 5376 οἴκῳ
1331 5307 1521 5364 Ἰούδα.
1567 5309 1673 5360 Καὶ
1703 5310 1811 5375 ἐγὼ

224 5388 491 5456 ἔρχομαι,
547 5392 641 5443 καὶ
700 5393 1056 5463 πορεύσομαι,
1104 5398 1195 5449 καὶ
1258 5396 1519 5466 λήψομαι,
1577 5399 1669 5450 καὶ
1715 5401 1813 5452 οὐκ

223 5478 390 5529 ἔσται
416 5480 1003 5552 ὀὲξαιρούμενος.ι-‹
1030 5488 1221 5557 Ἀγροῦ
1244 5488 1300 5540 δὲ
1335 5489 1519 5558 θηρία,
1550 5509 1567 5539 ι
1598 5491 1689 5541 καὶ
1714 5490 1812 5541 αὑ-

234 5567 364 5626 τοὺς
392 5571 659 5625 ἀποκαλεῖ
689 5577 816 5634 τοὺς
862 5578 939 5638 εἰς
973 5578 1133 5630 αὑτὸν
1163 5579 1530 5643 πιστεύοντας,
1561 5580 1701 5632 οὕτω
1729 5580 1813 5631 λέ-

303 5751 350 5781 ³⁰
373 5750 526 5804 ιεωη.
571 5753 702 5814 1,16
803 5755 839 5785 ³⁸
876 5755 1052 5809 ΙΡριῐσ.
1116 5774 1165 5819 τ,
1212 5757 1251 5807 ί.
1329 5756 1525 5809 “Gen.
1574 5756 1757 5817 M327.

1839 5754 1880 5784 ³³
1911 5755 2067 5807 Rom.
2104 5771 2211 5817 wn,
2245 5751 2331 5806 55.

1921 4873 1985 4911 ac
2026 4858 2212 4911 miseri
2251 4858 2567 4922 videantur,
2612 4859 2715 4926 ipsi
2760 4858 2885 4911 talia
2931 4855 3195 4924 supplicia
3241 4867 3342 4920 pro
3380 4852 3491 4905 vita

1920 4947 2147 5010 ducunt,
2172 4948 2417 5001 dicentes
2452 4965 2464 5000 :
2514 4966 2531 4996 ι
2566 4947 2694 4999 Mihi
2725 4948 2834 5000 vita
2856 4955 2938 4998 est
2960 4943 3228 5002 Christus,
3264 4947 3320 4993 et
3346 4953 3493 4992 mors

1918 5040 2133 5092 lucrum
2159 5040 2224 5093 ³⁵.
2259 5058 2275 5089 ι
2321 5039 2685 5103 Quamobrem
2711 5036 2813 5089 etsi
2846 5050 2911 5087 eo
2938 5032 3028 5100 qui
3062 5046 3090 5083 a
3115 5029 3275 5082 nobis
3304 5037 3489 5083 osten-

1921 5145 2014 5182 sus
2054 5136 2138 5182 est
2178 5129 2340 5181 modo
2379 5127 2550 5181 sancti
2588 5130 2974 5191 comparentur
3002 5121 3148 5189 lupis
3180 5119 3487 5186 rapacibus,

1917 5228 2100 5277 tamen
2137 5219 2284 5271 nulla
2324 5219 2408 5271 vis
2449 5218 2667 5269 videtur
2702 5211 2819 5266 fieri
2856 5212 3179 5278 Scriptum;
3218 5208 3487 5275 siquidem

1917 5319 1972 5362 et
2009 5309 2123 5376 ipse
2162 5308 2407 5360 Salvator
2440 5316 2599 5358 vocat
2641 5319 2699 5356 se
2744 5304 2977 5361 leonem,
3003 5308 3058 5352 et
3092 5298 3359 5367 pardalim
3396 5308 3491 5352 aut

1918 5402 2205 5470 panthera,
2234 5399 2422 5450 dicens
2452 5414 2464 5447 :
2503 5414 2519 5443 ι
2550 5395 2676 5447 Ideo
2701 5406 2801 5459 ego
2828 5406 2946 5443 sum
2976 5400 3232 5459 tanquam
3257 5390 3489 5457 panther

1919 5490 2199 5559 Ephraim,
2226 5496 2280 5539 et
2308 5485 2477 5538 veluti
2514 5484 2601 5534 leo
2635 5482 2828 5533 domus
2853 5481 3008 5534 Juda.
3044 5482 3110 5533 Et
3145 5494 3246 5547 ego
3273 5478 3489 5533 veniam

1920 5590 1974 5633 et
2023 5576 2322 5635 discedam,
2372 5580 2427 5625 et
2470 5572 2695 5637 rapiam,
2733 5584 2833 5622 nec
2861 5570 3079 5638 critqui
3132 5568 3487 5623 sitliberatu-

2414 5751 2456 5780 δι
2488 5746 2715 5799 Zachar.
2738 5759 2812 5808 x1,
2840 5745 2889 5800 5.
2972 5748 3015 5777 ³⁸
3043 5746 3278 5816 Philipp.
3315 5761 3356 5812 1,
3393 5743 3482 5803 91.
