4066 6282
540 391 647 447 383

1555 372 1610 429 S.
1649 368 1922 427 CYRlLLI
1963 357 2432 420 ALEXANDRINI
2470 355 2787 412 ARCHIEP.

3684 341 3791 396 584

548 518 643 557 rus
673 501 737 554 “.
774 518 792 551 ›
846 495 988 563 Quin
1028 503 1084 548 et
1133 491 1282 561 ipsos
1327 487 1615 544 credentes
1663 485 1718 539 in
1764 497 1824 539 se
1873 477 2113 549 appellat

2231 488 2324 539 raw
2375 467 2463 523 διὰ
2509 466 2692 536 φωνῆς
2747 463 3001 519 Ἡσαΐου·
3038 479 3055 512 ι
3095 459 3389 530 Εὑλογήσει
3427 455 3494 527 μέ
3526 455 3598 509 τὰ
3627 455 3794 526 θηρία

554 613 573 643 ι
613 590 814 646 bestias
841 584 954 655 agri
984 602 994 636 :
1031 602 1047 632 ι
1098 581 1172 634 ita
1209 578 1356 634 enim
1389 576 1524 632 dicit
1559 568 1656 645 pe'r
1689 586 1881 627 vocem
1917 567 2069 624 Isaia:
2100 584 2111 617 :

547 681 704 751 242
736 697 754 729 ι
784 674 1117 731 Benedicent
1143 670 1277 726 mihi
1303 669 1492 724 bestiae
1512 667 1649 738 agri,
1675 665 1886 720 sirenes
1911 670 1967 717 et
1993 660 2118 715 filiae

545 769 940 828 struthionum.
983 765 1123 832 Quia
1169 761 1295 819 dedi
1339 761 1420 816 eis
1462 761 1519 814 in
1560 758 1780 813 deserto
1811 768 2029 825 aquam,
2063 759 2118 806 et

545 861 769 916 ﬂumina
809 860 864 918 in
891 857 1066 922 arido,
1093 865 1154 910 ut
1185 863 1428 924 potarem
1451 865 1623 921 genus
1646 862 1828 904 meum
1856 846 2115 908 electum,

546 952 808 1022 populum
852 963 1037 1004 meum
1075 960 1240 1016 quem
1278 943 1545 1012 acquisivi
1588 939 1746 1002 mihi,
1785 944 1844 991 ut
1884 936 2120 990 virtutes

546 1058 696 1098 meas
727 1046 1052 1096 enarrarent
1080 1039 1144 1092 ".
1179 1057 1196 1089 ι
1229 1034 1495 1105 intelligis
1523 1047 1671 1087 nunc
1716 1044 1827 1099 quo
1848 1035 2008 1098 pacto
2030 1041 2121 1097 ge-

547 1148 654 1187 nus
693 1133 929 1187 electum
965 1127 1264 1184 nominarit
1293 1146 1311 1178 ‹
1348 1125 1554 1180 bestias
1586 1124 1701 1194 agri
1740 1131 1794 1176 et
1830 1121 2058 1183 sirenas,
2093 1136 2112 1170 ι

551 1222 656 1277 hoc
678 1230 782 1286 est,
808 1235 1038 1275 canoras
1063 1218 1119 1273 in
1141 1217 1333 1288 primis
1355 1231 1504 1271 aves.
1539 1214 1608 1268 Et
1646 1213 1851 1267 bestias
1875 1210 2119 1280 quidem,

551 1314 679 1383 quia
711 1328 820 1366 non
858 1311 1128 1365 sustinent
1155 1324 1211 1362 se
1238 1306 1588 1362 mansuefieri
1620 1320 1650 1359 a
1685 1303 1904 1368 Satana,
1939 1317 2122 1371 neque

550 1402 806 1474 potestati
835 1402 953 1470 ejus
985 1399 1214 1469 subjici;
1239 1398 1423 1469 potius
1448 1397 1496 1451 ei
1529 1396 1812 1460 insultant,
1846 1403 2010 1464 atque
2051 1393 2120 1448 ad

549 1511 615 1548 ea
641 1509 762 1563 quae
789 1508 821 1547 a
849 1493 960 1546 Deo
999 1489 1278 1560 prohibita
1303 1497 1432 1544 sunt
1465 1489 1685 1558 adigere
1719 1486 1966 1541 volentes
1995 1501 2124 1555 pro-

550 1585 738 1655 ﬂigant
765 1601 778 1637 :
806 1583 1020 1638 sirenas
1035 1589 1226 1636 autem
1254 1579 1508 1648 appellat,
1537 1578 1629 1647 qui
1664 1577 1904 1632 suaviter
1930 1576 2121 1630 admo-

551 1675 682 1730 dum
739 1674 1039 1730 concinunt
1083 1671 1348 1742 praeclara
1391 1669 1594 1724 Christi
1633 1668 1775 1723 facta
1819 1667 2119 1731 edicentes,

550 1763 777 1832 ejusque
802 1762 1040 1815 honores
1073 1757 1429 1813 celebrantes.
1466 1757 1651 1811 Novus
1678 1757 1843 1826 igitur
1869 1764 1926 1810 et
1948 1755 2124 1810 fidelis

551 1854 787 1924 pepulus
817 1859 900 1907 est
936 1851 1214 1922 Benjamin
1247 1850 1429 1919 lupus,
1467 1849 1559 1918 qui
1585 1848 1739 1901 valde
1770 1855 1995 1916 paratus
2018 1855 2122 1911 est,

552 1959 677 1998 cum
702 1944 768 1997 ad
794 1942 1229 2011 intelligendum,
1258 1949 1370 1995 tum
1398 1939 1464 1994 ad
1489 1939 1847 1993 obtinendum
1873 1937 1927 1991 id
1980 1937 2126 2006 quod

552 2034 684 2088 facit
719 2033 788 2087 ad
831 2031 1268 2093 aadificationem,
1296 2029 1486 2091 robur,
1516 2036 1679 2096 atque
1719 2025 1785 2080 ad
1823 2025 2127 2096 juvandum

551 2121 722 2186 alios;
757 2120 899 2189 quod
927 2117 1240 2173 subindicat
1274 2117 1359 2171 his
1382 2116 1566 2171 verbis
1605 2131 1617 2168 :
1650 2133 1668 2164 ‹
1697 2115 1853 2168 Mane
1876 2112 2128 2168 comedet

551 2211 751 2273 adhuc,
782 2217 838 2263 et
877 2208 946 2264 ad
983 2221 1269 2277 vesperam
1311 2207 1605 2262 distribuet
1648 2219 1829 2260 escam
1863 2204 1925 2255 ³³.
1963 2223 1981 2254 ι
2023 2201 2127 2269 Qui

551 2303 717 2357 discit
749 2315 966 2370 semper
995 2299 1191 2354 similis
1219 2298 1436 2352 videtur
1461 2298 1512 2351 ci
1539 2298 1631 2366 qui
1667 2295 1964 2351 enutritur.
1991 2296 2125 2349 Nam

554 2392 806 2449 doctrina
831 2390 1080 2446 defertur
1107 2390 1162 2443 in
1189 2397 1450 2453 mentem,
1477 2390 1621 2443 sicut
1657 2403 1844 2442 revera
1879 2387 2039 2441 cibus
2073 2387 2127 2440 in

553 2491 826 2538 ventrem.
855 2483 1042 2550 Neque
1079 2481 1266 2536 differt
1299 2480 1598 2551 quidquam
1638 2480 1682 2534 is
1717 2481 1810 2550 qui
1853 2479 2034 2543 docet,
2060 2479 2128 2533 ab

554 2590 622 2630 eo
645 2575 736 2643 qui
765 2575 881 2628 alit.
911 2573 1051 2627 Hinc
1087 2583 1144 2626 et
1175 2572 1396 2626 divinus
1430 2570 1632 2625 Paulus
1668 2571 1879 2626 confert
1905 2571 2127 2625 modum

555 2663 809 2729 docendi,
835 2663 1038 2718 nutri‘ci
1071 2681 1083 2717 :
1124 2663 1200 2717 ait
1232 2663 1378 2718 enim
1416 2662 1563 2732 quod
1597 2681 1614 2714 ι
1645 2663 2016 2718 Perfectorum
2055 2662 2127 2717 sit

557 2755 765 2810 solidus
787 2755 962 2819 cibus,
989 2756 1030 2787 "
1053 2774 1070 2805 ι
1101 2764 1298 2824 nempe
1319 2769 1510 2808 eorum
1545 2753 1635 2823 qui
1663 2753 2013 2809 confirmatos
2029 2754 2128 2808 ha-

556 2847 690 2901 bent
722 2862 913 2901 sensus
939 2846 1006 2901 ad
1042 2846 1431 2902 discretionem
1459 2845 1588 2900 boni
1615 2854 1671 2900 et
1702 2845 1849 2899 mali.
1884 2864 1901 2895 ι
1933 2845 2128 2916 Benja-

557 2937 670 2992 min
696 2937 863 3008 igitur
899 2945 978 2992 est
1011 2938 1174 3008 lupus
1199 2953 1383 3006 rapax.
1411 2937 1566 2991 Mane
1594 2937 1721 2992 edet
1746 2936 1945 3000 adhuc,
1975 2945 2030 2991 et
2060 2937 2128 2991 ad

556 3043 844 3097 vesperam
877 3028 1174 3083 distribuet
1200 3044 1400 3083 escam.
1434 3047 1452 3080 ι
1497 3027 1661 3094 Quasi
1696 3028 1841 3083 dicat
1869 3045 1883 3082 :
1908 3027 2010 3093 Qui
2047 3036 2131 3083 est

473 3114 483 3124 ”
558 3117 738 3172 adhuc
769 3117 1004 3187 cupidus
1040 3117 1309 3182 discendi,
1339 3120 1441 3175 etsi
1475 3118 1718 3173 nondum
1753 3116 1823 3172 sit
1859 3133 1924 3172 eo
1955 3118 2132 3172 anatis
2159 3135 2202 3194 ο

558 3224 900 3279 progressus,
926 3219 988 3264 ut
1009 3210 1079 3264 sit
1108 3209 1405 3279 perfectus,
1430 3210 1692 3279 prodesse
1717 3219 1898 3264 tamen
1932 3210 2134 3279 poterit

558 3301 683 3356 aliis
711 3320 726 3356 ;
763 3301 858 3371 qui
893 3301 1040 3356 enim
1076 3301 1240 3371 paulo
1271 3310 1397 3356 ante
1431 3301 1804 3363 crediderunt,
1836 3300 2133 3370 fidelesque

558 3390 688 3445 facti
727 3399 874 3454 sunt,
903 3393 1102 3460 exiguo
1129 3399 1375 3461 tempore
1410 3399 1638 3461 possunt
1680 3391 1796 3445 fieri
1831 3390 1895 3444 ad
1929 3389 2132 3445 docen-

560 3481 692 3535 dum
721 3482 924 3536 idonei.
953 3481 1088 3536 Nam
1116 3481 1182 3536 de
1213 3483 1378 3538 Israel
1413 3482 1620 3537 dictum
1644 3491 1727 3537 est
1751 3488 1975 3551 propter
1997 3483 2134 3537 insi-

558 3586 742 3641 gnem,
779 3570 1038 3636 arbitror,
1069 3571 1340 3625 inscitiam
1387 3578 1444 3625 et
1476 3571 1676 3625 mentis
1706 3570 2133 3625 hebetudinem:

568 3680 586 3710 ι
619 3660 759 3714 Ecce
782 3660 1019 3728 populus
1042 3658 1244 3713 stultus
1267 3666 1322 3711 et
1345 3674 1556 3713 vecors.
1590 3657 1746 3713 Oculi
1772 3659 1924 3729 ipsis,
1949 3668 2004 3714 et
2025 3676 2134 3714 non

558 3749 781 3814 vident;
810 3765 994 3814 aures,
1014 3757 1071 3804 et
1094 3763 1205 3802 non
1230 3747 1465 3802 audiunt
1486 3749 1551 3802 ⁸ο.
1583 3766 1599 3800 ι
1630 3749 1698 3803 Ει
1723 3765 1912 3804 rursus
1938 3767 1950 3804 :
1984 3769 2001 3800 ‹
2031 3749 2137 3816 Qui

559 3841 743 3896 educti
791 3849 921 3894 sunt
961 3855 1028 3895 ex
1071 3849 1228 3896 utero
1269 3840 1479 3905 matris,
1509 3848 1565 3894 et
1607 3839 1827 3895 discunt
1859 3856 2032 3910 usque
2068 3840 2135 3896 ad

561 3942 899 3988 senectutem
926 3931 987 3986 δι.
1023 3952 1040 3984 ι
1079 3933 1312 4002 Sapiens
1334 3940 1518 3987 autem
1545 3931 1782 3988 Joannes
1805 3934 2004 3988 scribit
2030 3932 2137 3986 illis

561 4024 656 4093 qui
683 4025 737 4078 in
765 4024 870 4078 fide
907 4031 963 4079 et
1005 4023 1226 4079 Christo
1269 4031 1416 4089 sunt,
1443 4024 1670 4080 dicens:
1705 4044 1723 4075 ι
1763 4025 1880 4080 Νοη
1923 4025 2137 4080 habetis

563 4130 787 4170 necesse
834 4123 895 4168 ut
940 4116 1232 4184 quisquam
1276 4116 1469 4170 doceat
1504 4133 1622 4180 vos,
1665 4119 1970 4186 praesertim
2011 4135 2136 4173 cum

567 4206 738 4274 ipsius
777 4207 965 4260 unctio
1005 4206 1200 4260 doceat
1239 4221 1337 4260 vos
1377 4207 1445 4261 de
1487 4208 1745 4263 omnibus
1769 4210 1830 4262 “.
1867 4229 1883 4260 ι
1924 4210 2138 4266 Habent

565 4294 712 4347 enim
751 4300 991 4347 mentem
1034 4293 1237 4348 Christi
1275 4294 1370 4362 qui
1413 4293 1594 4348 omnia
1633 4295 1803 4359 novit,
1838 4312 1940 4351 nec
1968 4298 2137 4367 inepti

568 4391 695 4438 sunt
719 4383 787 4437 ad
813 4383 1122 4438 docendum
1149 4393 1206 4439 et
1239 4385 1636 4440 cohortandum
1672 4387 1927 4442 invicem.
1961 4388 2135 4445 Caete-

2216 557 2309 614 τοῦ
2359 556 2550 628 ἀγροῦ,
2585 555 2828 626 σειρῆνες
2869 553 2962 606 καὶ
2993 550 3288 618 θυγατέρες
3337 544 3632 617 στρουθῶν.
3671 544 3797 596 Ὅτι

2217 650 2423 704 δέδωκα
2462 651 2518 701 ἐν
2572 648 2640 716 τῇ
2688 646 2882 716 ἐρήμῳ
2931 641 3095 713 ὕδωρ,
3137 641 3233 693 καὶ
3288 638 3567 706 ποταμοὺς
3615 639 3674 688 ἐν
3722 637 3794 704 γῇ

2218 743 2450 814 άνύδρῳ,
2482 740 2698 793 ποτίσαι
2730 739 2791 791 τὸ
2826 737 2978 806 γένος
3021 753 3119 804 μου
3149 733 3210 786 τὸ
3242 730 3518 792 ἐκλεκτὸν,
3546 728 3676 781 λαόν
3695 744 3796 798 μου

2217 833 2275 886 δν
2328 827 2803 901 περιεποιησάμην
2851 825 2950 888 τὰς
3005 823 3205 894 ἀρετάς
3257 837 3355 891 μου
3407 816 3731 888 διηγεῖσθαι.
3770 833 3788 866 ι

2219 921 2412 992 Συνίης
2441 915 2558 982 οὖν,
2607 919 2754 980 ὅπως
2775 916 2837 968 τδ
2864 915 3018 983 γένος
3046 913 3106 966 τὸ
3141 909 3397 963 ἐκλεκτὸν
3433 905 3604 977 ἀγροῦ
3634 905 3795 974 θηρία

2219 1014 2311 1066 καὶ
2347 1011 2597 1082 σειρῆνας
2645 1009 2912 1078 ὠνόμασε,
2939 1005 3204 1064 τουτέστι,
3233 1002 3302 1055 τὰ
3342 999 3452 1053 τῶν
3497 995 3792 1068 στρουθίων

2219 1104 2624 1174 εύστομώτατα.
2661 1100 2772 1155 Καὶ
2799 1097 2962 1170 θηρία
2999 1097 3117 1167 μὲν,
3155 1093 3245 1147 διὰ
3286 1093 3346 1145 τὸ
3383 1091 3460 1162 μὴ
3508 1086 3796 1160 ἀνέχεσθαι

2219 1196 2359 1266 τάχα
2392 1211 2494 1247 που
2533 1191 2943 1251 τιθασσεύοντος
2970 1187 3064 1242 τοῦ
3105 1186 3337 1250 Σατανᾶ,
3370 1184 3464 1239 καὶ
3489 1183 3594 1236 ὑπὸ
3640 1185 3798 1252 χεῖρα

2220 1286 2490 1339 ποιεῖσθαι
2533 1283 2629 1354 τὴν
2663 1280 2857 1336 ἑαυτοῦ
2906 1278 3314 1342 σπουδάζοντος,
3349 1273 3712 1347 ἐπιθρώσκειν
3741 1273 3797 1325 66

2225 1378 2424 1449 μᾶλλον
2466 1375 2636 1444 αὐτῷ,
2671 1372 2953 1449 μονονουχὶ
2992 1369 3050 1423 66
3104 1369 3200 1422 καὶ
3245 1364 3630 1420 κατασίνεσθαι
3672 1363 3796 1424 τοὺς

2223 1445 2306 1538 ἐφ’
2352 1469 2495 1536 ἆπερ
2528 1466 2588 1518 οὐ
2621 1464 2780 1534 θέμις
2816 1445 3134 1534 μετασοϐεἶν
3169 1458 3509 1530 ᾑρημένους·
3546 1454 3799 1524 σειρῆνας

2221 1564 2298 1628 δὲ,
2332 1563 2413 1616 ὅτι
2440 1558 2822 1614 καλλιεποῦσιν
2860 1554 2997 1622 ἄγαν
3023 1551 3094 1605 τὰ
3135 1547 3370 1620 Χριστοῦ
3405 1544 3802 1617 κατορθώματα

2221 1655 2489 1721 λέγοντες,
2517 1652 2608 1704 καὶ
2631 1648 2729 1712 τὰς
2763 1648 2841 1709 είς
2863 1645 3024 1698 αὐτὸν
3051 1640 3344 1713 ὑμνοῦντες
3375 1640 3563 1708 τιμάς.
3591 1632 3799 1721 Ούκοῦν

2222 1717 2383 1807 λύκος
2433 1746 2462 1797 ὁ
2505 1739 2760 1811 Βενιαμὶν
2794 1740 2822 1791 6
2852 1737 2971 1799 νέος
3012 1735 3106 1786 καὶ.
3134 1734 3192 1786 ἐν
3225 1731 3406 1784 πίστει
3437 1728 3585 1790 λαὸς,
3615 1717 3680 1779 οὗ
3709 1725 3802 1778 καὶ

2225 1837 2288 1890 τὸ
2317 1835 2437 1888 λίαν
2478 1834 2697 1902 ἕτοιμον
2743 1831 2824 1893 εἰς
2853 1829 2915 1880 τὸ
2943 1824 3201 1879 δύνασθαι
3231 1825 3371 1876 νοεῖν
3417 1820 3477 1874 τὸ
3505 1817 3692 1873 τελοῦν
3723 1819 3806 1880 εις

2224 1928 2427 1998 ὄνησιν,
2488 1924 2584 1977 καὶ
2617 1923 2798 1992 μέντοι
2832 1918 3011 1972 καὶτὸ
3049 1915 3262 1986 ἰσχύσαι
3308 1914 3400 1966 καὶ
3423 1911 3642 1981 ἐτέρους
3662 1908 3804 1976 ὠφε-

2226 2020 2356 2082 λεῖν,
2392 2015 2683 2083 ὑποφαίνει
2709 2013 2905 2080 λέγων’
2941 2029 2958 2060 ι
2989 2008 3064 2061 T6
3097 2006 3332 2077 πρωῖνὸν
3370 2003 3545 2057 ἔδεται
3577 2001 3678 2064 ἔτι,
3711 2001 3806 2054 καὶ

2224 2107 2284 2161 τὸ
2304 2086 2541 2176 ἐκσπέρας
2561 2101 2810 2156 διαδώσει
2839 2100 3063 2170 τροφήν.
3089 2117 3107 2149 ι
3129 2098 3186 2150 '0
3213 2095 3497 2167 μανθάνων
3520 2093 3663 2146 ἔοικέ
3681 2109 3798 2153 πως

2227 2200 2314 2253 ἀεὶ
2344 2197 2423 2267 τῷ
2452 2193 2797 2267 τρεφομένῳ.
2844 2187 3206 2252 Εἰσοικίζεται
3225 2187 3335 2257 γὰρ
3353 2187 3432 2248 είς
3452 2184 3577 2239 νοῦν
3606 2183 3674 2237 τὰ
3704 2201 3810 2254 μα-

2229 2289 2470 2359 θήματα,
2537 2284 2789 2352 καθάπερ
2833 2281 3024 2351 ἀμέλει
3065 2279 3314 2340 κάκεῖνος
3354 2277 3435 2338 είς
3467 2273 3712 2343 γαστέρα
3746 2273 3810 2326 ἰδ

2227 2379 2504 2449 ἐδώδιμον.
2544 2377 2756 2429 Ἀποδεῖ
2775 2373 2829 2426 δὲ
2851 2370 2946 2426 τοῦ
2975 2370 3264 2440 τρέφοντος
3296 2369 3323 2420 6
3345 2365 3610 2419 διδάσκων
3633 2362 3806 2417 οὐδέν.

2228 2473 2340 2526 Καὶ
2370 2471 2500 2539 γοῦν
2525 2470 2554 2520 6
2581 2466 2866 2529 Θεσπέσιος
2894 2464 3106 2526 Παῦλος
3147 2462 3320 2532 τροφῇ
3355 2456 3680 2528 παρεικάζει
3709 2453 3810 2519 τῆς

2226 2561 2571 2623 διδασκαλίας
2596 2559 2687 2613 τὸν
2706 2557 2934 2628 τρόπον·
2969 2555 3073 2624 ἔφη
3103 2553 3230 2624 γὰρ,
3256 2552 3337 2604 ὃτι
3359 2569 3375 2601 ι
3404 2547 3636 2600 Τελείων
3662 2546 3811 2598 ἐστὶν

2232 2651 2491 2726 ήστερεὰ
2520 2651 2717 2722 τροφὴ,
2750 2668 2767 2700 ι
2805 2647 2916 2702 τῶν
2955 2647 3042 2702 διὰ
3081 2645 3180 2711 τὴν
3212 2642 3325 2706 ἕξιν
3367 2641 3436 2693 τὰ
3477 2638 3811 2709 αἰσθητήρια

2229 2741 2656 2814 γεγυμνασμένα
2689 2739 2919 2809 ἐχόντων
2954 2736 3089 2805 πρὸς
3117 2735 3392 2804 διάκρισιν
3428 2727 3594 2784 καλοῦ
3626 2746 3686 2802 τε
3713 2728 3810 2780 καὶ

2230 2834 2421 2889 κακοῦ.
2453 2852 2472 2884 ί
2507 2830 2712 2884 Οὐκοῦν
2737 2832 2764 2882 δ
2781 2828 3037 2898 Βενιαμὶν
3062 2824 3224 2888 λύκος
3250 2821 3450 2895 ἅρπαξ.
3469 2821 3544 2874 Τὸ
3572 2818 3815 2891 πρωῖνδν-

2230 2927 2404 2980 ἔδεται
2419 2923 2619 2988 ἕτι,καὶ
2632 2925 2710 2986 εἰς
2722 2921 2782 2974 τὸ
2798 2920 2929 2973 ἐσπέ
2940 2936 3036 2990 ρας
3051 2915 3298 2970 διαδώσει
3310 2914 3537 2986 τροφήν.
3553 2912 3818 2982 »Ὅμοιον

2230 3018 2305 3080 ὡς
2333 3019 2379 3070 εί
2407 3016 2575 3082 λέγον
2610 3012 2906 3082 Μαθητιῶν
2939 3009 3019 3062 έτι
3050 3009 3143 3062 καὶ
3171 3006 3308 3078 πρὸς
3339 3006 3400 3057 τὸ
3434 3003 3637 3074 ἀρτίως
3667 3002 3816 3071 ἔχειν

2232 3108 2383 3162 οὕπω
2412 3105 2762 3176 διεληλακὼς,
2807 3102 3139 3173 ὠφελήσειεν
3176 3100 3240 3154 ἂν
3282 3099 3524 3170 ἐτέρους,
3559 3096 3654 3148 καὶ
3699 3093 3817 3146 ὀλί-

2235 3217 2329 3268 γος
2353 3200 2548 3269 κομιδῇ
2577 3196 2827 3260 διαδείξει
2858 3193 3046 3264 καιρὸς
3069 3192 3192 3254 τοὺς
3225 3190 3349 3260 ἄρτι
3379 3186 3820 3247 πεπιστευκότας

2235 3292 2330 3344 καὶ
2358 3292 2438 3354 είς
2463 3290 2524 3342 τὸ
2555 3289 2827 3342 διδάσκειν
2873 3283 3229 3354 ἐπιτηδείους.
3260 3282 3396 3352 Περὶ
3432 3280 3531 3351 μὲν
3562 3278 3671 3349 γὰρ
3702 3277 3827 3330 τῶν

2235 3381 2294 3446 ἐξ
2333 3379 2550 3451 Ἰσραὴλ
2578 3379 2812 3445 ἐλέγετο,
2857 3376 2923 3429 δι’
2958 3372 3217 3444 ἀμαθίαν,
3251 3367 3403 3439 οἶμαί
3446 3387 3570 3431 που,
3610 3365 3820 3436 πολλὴν

2237 3473 2331 3527 καὶ
2372 3473 2432 3525 τὸ
2470 3473 2549 3534 είς
2580 3469 2704 3523 νοῦν
2735 3468 2843 3520 ἔσω
2877 3466 3079 3536 πάχος·
3122 3483 3140 3515 ι
3189 3462 3317 3515 Ἰδοὺ
3342 3461 3469 3524 λαὸς
3501 3459 3682 3531 μωρὸς
3714 3459 3821 3511 καὶ

2237 3563 2513 3634 ἀκάρδιος.
2566 3559 2866 3630 ὐφθαλμοὶ
2895 3557 3097 3619 αὐτοῖς,
3127 3553 3223 3608 καὶ
3252 3553 3312 3606 οὐ
3349 3551 3634 3621 βλέπουσιν
3654 3567 3669 3580 ·
3697 3541 3826 3603 ὦτα

2237 3656 2452 3717 αὐτοῖς,
2503 3652 2596 3706 καὶ
2628 3652 2727 3704 οὐκ
2759 3648 3036 3704 ἀκούουσι.
3074 3666 3092 3698 ι
3127 3645 3236 3698 Καὶ
3267 3643 3426 3698 πάλιν
3446 3658 3460 3672 ο
3515 3659 3534 3692 ι
3571 3641 3634 3694 Οί
3662 3640 3826 3709 αἰρό-

2241 3763 2387 3818 μενοι
2437 3746 2500 3798 ἐκ
2542 3743 2769 3807 κοιλίας,
2817 3741 2910 3795 καὶ
2961 3738 3336 3808 παιδευόμενοι
3385 3734 3488 3797 ἕως
3536 3735 3745 3803 γήρως.
3798 3750 3818 3784 ι

2250 3835 2584 3890 Ἐπιστέλλει
2619 3834 2674 3887 66
2704 3834 2815 3896 τοῖς
2855 3834 2911 3884 ἐν
2946 3830 3124 3883 πίστει
3156 3828 3248 3882 καὶ
3285 3829 3344 3881 ἐν
3379 3823 3600 3895 Χριστῷ
3638 3823 3827 3886 λέγων

2240 3930 2268 3982 6
2291 3927 2452 3998 σοφὸς
2493 3926 2772 3995 Ίωάννηςο
2806 3942 2824 3974 ι
2859 3922 2937 3976 Οὐ
2972 3921 3160 3992 χρείαν
3184 3919 3334 3988 ἔχετε
3367 3919 3452 3971 ἵνα
3477 3933 3562 3980 τις
3583 3915 3825 3987 διδάσκῃ

2239 4020 2404 4090 ὑμᾶς,
2451 4016 2568 4069 ἀλλ’
2612 4015 2687 4078 ὡς
2731 4011 2896 4067 αὑτοῦ
2944 4012 3151 4082 χρίσμα
3195 4008 3435 4062 διδάσκει
3481 4006 3625 4075 ὑμᾶς
3683 4006 3827 4076 περὶ

2239 4111 2498 4178 πάντων.ι
2528 4127 2546 4159 ι
2580 4106 2724 4160 Νοῦν
2756 4104 2864 4175 γὰρ
2904 4103 3089 4172 έχουσι
3132 4099 3367 4172 Χριστοῦ
3400 4096 3494 4150 τοῦ
3521 4096 3702 4150 πάντα
3740 4097 3818 4148 εί-

2238 4202 2407 4265 δότος,
2435 4201 2528 4254 καὶ
2562 4201 2660 4252 οὐκ
2680 4196 2948 4258 ἁνικάνως
2973 4195 3184 4264 ἔχουσιν
3222 4195 3301 4255 είς
3330 4191 3389 4244 τὸ
3419 4189 3691 4244 διδάσκειν
3719 4190 3826 4242 καὶ

2241 4293 2576 4364 παρακαλεῖν
2603 4291 2885 4362 ἀλλήλους.
2916 4289 2979 4341 El
3002 4288 3058 4341 66
3087 4287 3150 4358 δὴ
3180 4285 3445 4356 προσήκει
3476 4282 3570 4337 καὶ
3599 4282 3687 4335 ἐπ’
3715 4284 3826 4336 n.6-

2241 4385 2332 4439 τοῦ
2359 4384 2452 4437 τοῦ
2483 4383 2750 4454 μακαρίου
2779 4379 3000 4433 Παύλου
3025 4379 3124 4449 τὴν
3150 4377 3241 4429 ἐπὶ
3271 4375 3349 4446 τῷ
3377 4373 3636 4444 Βενιαμὶν
3683 4390 3825 4442 προ-

570 4491 692 4530 rum
717 4476 762 4530 si
786 4475 1023 4546 cuipiam
1050 4476 1318 4546 placuerit
1340 4477 1406 4531 ad
1435 4477 1656 4531 beatum
1678 4479 1905 4533 Paulum
1930 4480 2129 4535 referre

2239 4475 2526 4544 αγόρευσιν
2584 4469 2986 4543 ἐκπεπεράνθαι
3038 4469 3235 4536 λέγειν,
3287 4469 3381 4521 καὶ
3409 4465 3535 4536 τῇδε
3586 4463 3654 4517 ἂν
3699 4465 3826 4534 εχοι

570 4567 919 4637 prophetiam
963 4567 1274 4638 Benjamin,
1314 4584 1660 4639 nequaquam
1705 4571 1991 4624 erraverit.
2037 4570 2139 4636 Qui

570 4659 717 4713 enim
750 4657 1183 4726 persequebatur
1202 4656 1521 4724 Ecclesium,
1548 4657 1706 4730 243
1733 4665 1789 4711 et
1819 4659 1992 4712 instar
2024 4659 2139 4728 lupi

573 4749 628 4803 in
659 4749 900 4803 cultores
938 4747 1142 4804 Christi
1187 4749 1452 4812 irruebat,
1483 4750 1647 4816 paulo
1675 4756 1796 4817 post
1831 4749 1884 4803 in
1917 4759 2138 4805 contra-

572 4840 714 4895 rium
741 4841 967 4896 omnino
987 4848 1070 4894 est
1092 4847 1450 4910 permutatus.
1472 4839 1606 4892 Nam
1633 4838 1794 4893 fidem
1819 4853 1982 4908 quam
2005 4840 2140 4896 huc-

573 4947 745 5001 usque
790 4933 1149 5003 impugnavit,
1195 4946 1343 4986 nunc
1387 4940 1608 4987 strenue
1651 4931 1958 4998 annuntiat,
1998 4933 2130 4989 Deo-

572 5039 678 5092 que
704 5024 905 5094 gratias
935 5024 1066 5094 agit,
1093 5024 1186 5093 qui
1221 5023 1397 5093 ipsum
1425 5021 1492 5077 ad
1522 5022 1882 5092 apostolatum
1907 5025 2140 5090 vocavit,

573 5113 785 5167 tametsi
803 5113 955 5182 prius
975 5113 1140 5167 fuerit
1162 5131 1179 5163 ‹
1204 5113 1572 5181 blasphemus,
1594 5121 1912 5181 persecutor
1933 5103 1988 5168 et
2011 5129 2143 5168 con-

576 5205 895 5260 tumeliosus
929 5205 992 5256 ”.
1032 5222 1049 5256 ι
1103 5203 1180 5258 lta
1229 5202 1378 5258 enim
1426 5203 1656 5272 ipsemet
1705 5203 1834 5258 alibi
1891 5211 2142 5258 testatur.

574 5294 699 5348 Fuit
722 5304 902 5350 autem
929 5311 993 5349 ex
1022 5295 1170 5349 tribu
1193 5294 1494 5364 Benjamin.
1528 5293 1640 5347 [mo
1679 5302 1734 5347 et
1775 5294 1995 5348 beatum
2033 5295 2138 5348 Da-

573 5382 752 5438 videm
765 5384 889 5438 dico
907 5394 1093 5455 aperte
1111 5385 1355 5440 historiae
1379 5384 1551 5454 ipsius
1572 5385 1905 5450 meminisse,
1933 5385 2141 5454 psalmo

578 5490 738 5541 van,
769 5477 862 5530 ubi
895 5478 970 5532 ait
1009 5495 1022 5531 :
1081 5496 1100 5527 ι
1139 5477 1219 5531 lbi
1268 5477 1546 5548 Benjamin
1586 5477 1770 5545 junior
1815 5479 1870 5531 in
1912 5491 2140 5532 excessu

579 5566 793 5619 mentis.
844 5567 1125 5636 Principes
1162 5567 1298 5622 Juda
1341 5569 1510 5622 duces
1552 5567 1824 5637 ipsorum,
1866 5568 2142 5638 principes

683 5676 738 5744 ἒξ
765 5675 921 5739 Osee,
955 5692 1008 5734 ν,
1051 5677 1134 5729 ιι.
1212 5678 1252 5708 ³⁷
1280 5677 1378 5732 lsa.
1407 5693 1550 5736 mu.
1585 5679 1671 5742 20,
1704 5680 1790 5732 21.
1869 5681 1910 5710 ³⁸
1950 5679 2082 5732 Gen.
2112 5695 2129 5731 ι

2240 5719 2252 5744 ,
2289 5679 2378 5730 27.
2459 5677 2502 5708 ³⁹
2534 5675 2697 5731 Hebr.
2739 5692 2792 5734 ν,
2827 5675 2910 5728 14.
2992 5673 3035 5704 ⁸ο
3066 5672 3267 5727 Jerem.
3305 5685 3355 5733 ν,
3379 5666 3468 5720 ﬁl.

602 5738 686 5794 δ’]
717 5740 869 5797 Juan.
905 5738 960 5810 ll,
986 5745 1074 5797 ‘27.
1153 5745 1388 5797 "lTim.
1424 5763 1459 5798 ι.
1497 5747 1583 5798 13.

2240 4565 2416 4628 καλῶς
2436 4582 2495 4617 τε
2517 4565 2611 4618 καὶ
2633 4563 2862 4633 ἀληθῶς.
2901 4564 2958 4615 'U
2979 4560 3086 4633 γάρ
3107 4559 3317 4614 διώκων
3335 4557 3433 4629 τὴν
3463 4555 3821 4627 Ἐκκλησίαν,

2238 4660 2331 4713 καὶ
2357 4657 2520 4712 λύκου
2551 4657 2706 4726 δίκην
2726 4658 2839 4718 τοῖς
2867 4655 3120 4723 ἀγαπῶσι
3158 4653 3392 4724 Χριστὸν
3420 4651 3825 4721 ἐπιτρέχων,ἐν

2233 4751 2398 4820 ὀλίγῳ
2422 4747 2616 4818 κομιδῇ
2639 4748 2773 4816 πρὸς
2795 4748 2904 4799 πᾶν
2924 4745 3234 4799 τούναντίον
3260 4740 3586 4813 μετεποιήθη
3611 4741 3821 4810 καιρῷ.

2235 4839 2644 4911 Εύηγγελίσατο
2687 4836 2796 4907 γὰρ
2837 4837 2937 4906 τὴν
2976 4836 3159 4888 πίστιν
3189 4836 3254 4903 ἢν
3282 4832 3501 4904 ἐπόρθει
3530 4832 3687 4895 ποτὲ,
3722 4830 3822 4883 καὶ

2237 4931 2496 5001 ἀναφέρει
2525 4930 2592 4983 τὰ
2638 4929 2968 4999 χαριστήρια
3009 4925 3318 4996 τεθειμένος
3362 4925 3442 4986 είς
3486 4921 3820 4992 ἀποστολὴν,

2239 5022 2416 5075 καίτοι
2448 5021 2710 5090 πρότερον
2747 5019 2821 5072 ὢν
2853 5038 2871 5069 ι
2900 5017 3216 5088 βλάσφημός
3245 5033 3306 5069 τε
3343 5015 3438 5068 καὶ
3465 5012 3700 5082 διώκτης
3723 5013 3818 5064 καὶ

2243 5113 2555 5184 ὑϐριστής.)
2575 5110 2730 5164 Οὕτω
2757 5110 2864 5180 γάρ
2888 5108 2990 5162 πού
3017 5125 3182 5179 φησιν
3210 5106 3389 5169 αὐτός.
3420 5105 3614 5172 Γέγονε
3639 5103 3697 5156 δὲ
3723 5103 3819 5155 καὶ

2245 5207 2308 5257 ἐκ
2357 5203 2525 5272 φυλῆς
2580 5201 2857 5272 Βενιαμίν.
2914 5201 3024 5254 Καὶ
3076 5199 3240 5252 αὐτὸν
3291 5198 3349 5250 66
3382 5197 3474 5250 τὸν
3523 5193 3820 5248 θεσπέσιόν

2246 5311 2388 5364 φημι
2438 5292 2597 5346 Δαϐὶδ
2637 5292 2737 5360 τῆς
2774 5292 2893 5344 κατ’
2930 5290 3091 5343 αὑτὸν
3137 5287 3371 5358 ἱστορίας
3412 5281 3817 5354 διαμεμνῆσθαι

2248 5383 2453 5449 σαφῶς,
2499 5384 2556 5434 ἐν
2596 5381 2870 5452 ἑξηκοστῷ
2917 5381 3009 5434 καὶ
3058 5378 3268 5447 ἑϐδόμῳ
3308 5374 3508 5444 ψαλμῷ
3554 5373 3816 5441 λέγοντα·

2251 5493 2270 5526 ι
2317 5474 2462 5526 Ἑκεῖ
2498 5473 2756 5543 Βενιαμὶν
2795 5471 3058 5540 νεώτερος
3100 5471 3157 5521 ἐν
3199 5465 3474 5520 ἐκστάσει.
3523 5464 3817 5532 ’Ἄρχοντες

2258 5566 2426 5620 Ἰούδα
2454 5564 2719 5635 ἡγεμόνες
2756 5563 2956 5625 αὐτῶν,
2993 5561 3248 5632 ἄρχοντες
3281 5552 3586 5619 Ζαϐουλὼν,
3615 5551 3816 5620 ἄρχον-

3578 5665 3620 5698 ⁸¹
3641 5662 3814 5729 lbid.,
