4066 6282
498 266 604 323 387

1526 256 1581 311 S.
1621 254 1894 313 CYRILLI
1932 253 2402 310 ALEXANDRINI
2441 255 2756 312 ARCHIEP.

3637 254 3753 309 533

499 378 722 441 bantur,
752 391 854 447 pro
888 386 1131 445 tempore
1156 371 1603 443 conscripsimus,
1627 380 1683 427 et
1711 372 1934 442 quidem
1973 372 2066 426 tali

2182 370 2444 440 ἀναγκαῖά
2485 389 2601 436 πως
2645 367 2715 444 ἦν
2770 371 2864 425 καὶ
2906 371 2988 425 ὅτι
3040 368 3272 441 μάλιστα
3322 369 3751 440 χρειωδέστατα.

498 470 695 525 ordine
741 469 837 538 qui
874 467 1170 537 unicuique
1210 466 1374 536 capiti
1416 464 1649 520 maxime
1686 465 2064 519 conveniebat.

499 560 577 615 Ea
603 574 733 614 vero
762 574 859 628 per
886 573 1007 627 quae
1029 573 1128 627 par
1155 564 1273 612 erat
1305 556 1511 611 Christi
1551 557 1871 628 mysterium
1896 557 2067 611 veluti

500 651 558 705 in
598 650 830 714 umbris,
866 649 1047 718 quoad
1075 649 1194 703 fieri
1239 657 1438 718 potest,
1483 649 1912 719 praemonstrari,
1941 649 2071 705 huic

498 739 790 811 posteriori
831 740 984 809 operi
1030 741 1430 795 reservavimus
1464 759 1477 793 :
1505 742 1561 795 in
1593 756 1702 810 quo
1733 742 1894 796 nobis
1924 758 2072 796 nunc

499 832 784 887 elaborare
820 833 1154 897 volentibus,
1183 834 1357 887 amice
1398 833 1624 898 Palladi,
1652 834 1927 888 orationes
1966 841 2073 888 tua:

499 933 585 979 sat
612 925 728 979 scio
767 940 960 995 magno
984 925 1302 994 adjumento
1331 934 1459 978 sunt
1488 924 1705 979 futuraa.
1730 924 2071 994 lmpossibile

499 1015 650 1070 enim
687 1016 793 1069 hoc
828 1016 994 1069 fuerit
1034 1016 1382 1081 hominibus;
1418 1016 1733 1084 expeditum
1772 1024 1972 1080 tamen,
2004 1031 2072 1071 ex

501 1114 658 1177 parte
683 1107 895 1172 saltem,
935 1106 1156 1161 Christo
1192 1107 1351 1160 nobis
1373 1106 1438 1160 ad
1478 1107 1584 1160 hoc
1604 1108 1749 1160 viam
1772 1107 2069 1177 aperiente.

502 1197 640 1250 Nam
683 1197 799 1266 ipse
831 1204 917 1252 est
943 1198 1031 1251 via
1074 1207 1130 1251 et
1171 1198 1373 1251 ostium
1404 1198 1472 1262 ",
1515 1196 1678 1267 inque
1724 1198 1844 1268 i'pso
1880 1213 2074 1253 omnes

507 1288 749 1342 thesauri
788 1288 1065 1357 sapientia:
1090 1297 1146 1342 et
1178 1288 1506 1359 cognitionis
1539 1297 1667 1343 sunt
1701 1290 1972 1344 reconditi
2003 1289 2071 1341 "‘.

503 1379 868 1435 Contexcmus
889 1388 1074 1434 autem
1098 1381 1246 1435 hunc
1268 1381 1491 1445 librum,
1512 1396 1621 1434 non
1647 1381 1906 1434 continua
1929 1382 2073 1436 serie

504 1488 605 1544 per
642 1473 854 1543 singula
897 1473 1077 1541 capita
1120 1457 1483 1541 procedentés
1517 1471 1773 1542 (plurima
1817 1472 1985 1535 enim,
2014 1481 2075 1526 ut

507 1565 670 1618 modo
707 1564 839 1627 dixi,
884 1562 1131 1617 selectim
1176 1562 1348 1632 priori
1391 1562 1544 1631 operi
1587 1563 1788 1616 inserta
1831 1564 2073 1632 reperie-

507 1656 683 1725 mus);
721 1656 817 1710 sed
855 1670 975 1724 quae
1010 1654 1263 1724 praesenti
1306 1655 1557 1708 instituto
1586 1657 1881 1711 convenire
1917 1656 2073 1710 vide-

508 1747 736 1812 buntur,
761 1762 861 1816 pro
884 1746 1028 1800 virili
1059 1753 1312 1799 accurate
1337 1744 1720 1815 subtiliterque
1758 1747 2071 1818 expenden-

508 1847 611 1902 tes,
642 1838 893 1892 veritatis
935 1838 1022 1892 via
1068 1837 1482 1891 contendemus.
1520 1837 1657 1892 Cum
1704 1854 1836 1909 vero
1878 1854 2075 1908 scopus

509 1930 672 2001 hujus
696 1929 823 1983 libri
851 1944 953 1984 nos
982 1929 1147 1984 ducat
1167 1929 1235 1984 ad
1266 1928 1698 1998 redemptionem
1725 1946 1845 2001 quae
1873 1940 1955 1986 est
1978 1948 2077 2001 per

508 2017 809 2085 Christum,
839 2020 1211 2075 necessarium
1237 2021 1462 2074 omnino
1486 2020 1655 2076 fuerit
1698 2029 1760 2075 ut
1792 2024 1947 2093 prius
1976 2025 2078 2078 hu-

511 2123 730 2164 manum
746 2124 916 2180 genus
928 2110 1314 2180 periclitatum,
1331 2110 1560 2181 atquein
1573 2127 1813 2166 summas
1829 2114 2076 2169 miserias

508 2201 822 2270 prolapsum
845 2200 1015 2256 fuisse
1041 2202 1412 2256 ostendamus.
1441 2202 1518 2255 lta
1541 2204 1687 2259 enim
1716 2218 1815 2272 par
1839 2212 1941 2271 est,
1976 2221 2076 2260 ne-

508 2305 615 2360 que
638 2290 798 2344 aliter
819 2292 1006 2345 auxilii
1041 2293 1181 2346 ratio
1213 2292 1430 2347 decenti
1456 2293 1647 2348 ordine
1680 2294 1928 2349 adhibita
1961 2294 2079 2350 fue-

510 2380 582 2434 rit
622 2398 635 2435 :
673 2399 691 2432 ι
725 2381 914 2437 Virtus
947 2372 1094 2436 enim
1129 2396 1271 2447 mea,
1297 2382 1496 2452 inquit,
1522 2382 1576 2437 in
1605 2382 1920 2439 infirmitate
1945 2400 2074 2455 per-

510 2470 694 2527 ficitur
715 2472 783 2524 δ’.
816 2489 834 2523 ι
872 2470 1066 2528 Medici
1091 2472 1255 2527 etiam
1287 2472 1450 2543 periti
1482 2490 1547 2528 ae
1575 2475 1812 2547 probati,
1837 2493 1946 2531 non
1977 2477 2077 2531 ali-

510 2569 595 2615 ter
614 2559 859 2615 seientiae
886 2559 998 2614 suae
1020 2560 1185 2615 fidem
1215 2572 1342 2615 sunt
1377 2560 1595 2628 facturi,
1623 2563 1728 2618 nisi
1765 2563 1846 2619 eis
1878 2580 2077 2637 propo-

509 2659 673 2706 natur
693 2650 941 2721 aager,in
966 2666 1075 2721 quo
1104 2653 1240 2707 artis
1265 2668 1377 2708 sure
1411 2655 1715 2725 periculum
1744 2656 1967 2715 faciant.

2174 463 2593 535 συντεθείκαμεν
2629 465 2719 516 ἐπὶ
2753 461 2965 534 καιροῦ,
3002 462 3096 515 καὶ
3126 462 3201 527 ὡς
3235 464 3292 515 ἐν
3332 460 3481 525 τάξει
3511 461 3575 532 δὴ
3606 461 3757 528 λέγω

2170 558 2235 627 τῇ
2270 556 2484 628 ἑκάστῳ
2513 554 2967 627 πρεπωδεστςίιτῃ⁸
2999 553 3067 608 τὰ
3114 554 3171 607 δέ
3204 553 3272 606 δι’
3298 545 3373 605 ὧν
3401 549 3467 622 ἦν
3498 553 3647 615 είκὸς
3690 552 3758 606 τὸ

2171 641 2407 720 Χριστοῦ
2448 650 2747 720 μυστήριον
2788 647 2864 710 ὡς
2903 649 2960 701 ἐν
3004 648 3183 711 σκιαῖς
3213 646 3294 700 ἔτι
3335 647 3458 708 ταῖς
3496 645 3639 699 κατά
3668 648 3753 700 v6—

2174 744 2389 814 μον,ὡ;
2405 743 2505 809 ἔνι,
2540 741 3059 813 προαναφαίνεσθαι,
3085 744 3150 812 τῇ
3191 740 3309 811 μετ’
3340 740 3560 810 ἐκείνην
3592 757 3753 812 τετηο
3824 802 3845 823 δ

2178 834 2423 905 ρήκαμεν
2462 835 2772 903 συγγραφῇο
2806 833 2890 902 ἐφ’
2982 833 3073 885 καὶ
3105 831 3200 884 νῦν
3235 830 3413 901 ίδροῦν
3449 830 3750 900 ἐλομένυις,

2174 925 2422 996 ἀγαπητέ
2456 925 2739 989 Παλλάδιε,
2778 924 3133 994 συναθλήσεις
3161 917 3258 975 οἶδ’
3288 924 3370 975 ὅτι
3409 922 3494 975 διὰ
3522 940 3757 993 προσευ-

2174 1018 2295 1087 χῆς.
2328 1015 2560 1086 Βάδιμον
2590 1016 2686 1086 μὲν
2710 1015 2911 1085 ἥκιστά
2933 1030 2996 1082 γε
3026 1016 3135 1077 τοῖς
3157 1013 3279 1066 καθ’
3307 1015 3453 1084 ἡμᾶς
3479 1014 3539 1067 τὸ
3566 1014 3758 1085 χρῆμά

2172 1110 2326 1171 ἐστι,
2365 1107 2571 1175 γένοιτο
2608 1107 2652 1159 δ’
2695 1106 2760 1160 ἂν
2796 1105 2899 1159 κᾶν
2938 1105 3066 1173 γοῦν
3112 1106 3177 1158 ἐκ
3212 1104 3413 1175 μέρους
3464 1105 3711 1168 εὐστιὸὲς
3736 1143 3754 1168 ,

2175 1195 2411 1266 Χριστοῦ
2444 1195 2508 1267 δὴ
2553 1196 2711 1250 πάλιν
2743 1196 2840 1265 τὴν
2869 1194 2924 1257 ἐς
2952 1212 3016 1263 γε
3055 1196 3206 1249 τουτὶ
3241 1192 3615 1264 διευρύνοντος
3640 1194 3757 1264 τρί-

2176 1287 2288 1341 6ον.
2324 1287 2495 1346 Αὐτὸς
2523 1288 2629 1357 γάρ
2658 1288 2805 1340 ἐστιν
2836 1290 2869 1355 ἠ
2901 1286 3036 1349 ὁδὸς,
3072 1286 3167 1338 καὶ
3204 1284 3367 1348 αὐτὸς
3393 1287 3427 1354 ὴ
3464 1284 3625 1355 θύρα,
3656 1285 3758 1337 κα)⁵

2176 1378 2234 1430 ἐν
2265 1377 2413 1447 αὑτῷ
2443 1377 2641 1439 πάντες
2671 1376 2807 1430 είσὶν
2831 1377 2880 1428 oi
2912 1375 3173 1445 θησαυροὶ
3196 1378 3293 1445 τῆς
3323 1373 3513 1442 σοφίας
3534 1374 3625 1426 καὶ
3654 1374 3757 1444 τῆς

2177 1467 2427 1536 γνώσεως
2485 1467 2813 1537 ἀπόκρυφοι.
2873 1466 3219 1535 Ποιησόμεθα
3274 1464 3330 1517 δέ
3379 1464 3473 1517 τοῦ
3546 1464 3756 1534 βιϐλίου

2178 1561 2498 1631 συγγραφὴν
2529 1560 2628 1612 οὐκ
2652 1557 3071 1629 ἀπαραλείπτως
3102 1558 3194 1609 καὶ
3223 1557 3420 1625 ἐφεξῆς
3444 1556 3532 1609 διὰ
3554 1556 3758 1621 παντὸς

2178 1652 2461 1721 ἐρχόμενοι
2512 1648 2804 1719 κεφαλαίου
2852 1650 3113 1720 (πλεῖστα
3162 1648 3272 1719 γὰρ
3318 1650 3452 1712 ὅσα,
3503 1647 3760 1719 καθάπερ

2178 1742 2315 1812 ἔφην
2360 1740 2593 1812 ἀρτίως,
2638 1740 2940 1809 ἀπολέγδην
2971 1738 3427 1809 εἰσπεποιήμεθα,
3480 1741 3546 1808 τῇ
3595 1738 3761 1809 ἑτέρᾳ

2183 1831 2427 1897 συντάξει
2466 1828 2774 1901 περιφανῶς
2806 1829 3147 1899 εὑρήσομεν)
3170 1846 3184 1859 ·
3217 1828 3252 1881 ἃ
3274 1828 3316 1879 δ’
3348 1827 3415 1881 ἂν
3444 1829 3619 1898 ὁρῷτο
3648 1831 3758 1881 λοι·

2182 1921 2282 1975 πὺν
2315 1920 2391 1992 τῷ
2415 1920 2760 1992 προκειμένῳ
2792 1919 2978 1990 σκοπῷ
3010 1925 3275 1990 χρήσιμα,
3315 1922 3487 1974 ταῦτα
3517 1920 3662 1973 κατά
3692 1937 3761 1987 γε

2181 2016 2242 2070 τὸ
2274 2014 2550 2087 ἐγχωροῦν
2578 2013 2955 2085 βασανίζοντες
2985 2013 3231 2084 ἀκριϐῶς
3249 2031 3309 2066 τε
3339 2015 3434 2068 καὶ
3456 2014 3763 2085 διεσμιλευο

2185 2110 2392 2178 μένως,
2435 2106 2671 2160 κατευθὺ
2721 2105 2819 2176 τῆς
2856 2104 3111 2177 ἀληθείας
3164 2104 3389 2175 ἥξομεν.
3447 2106 3597 2158 Ἐπεὶ
3640 2106 3698 2158 δέ
3731 2106 3766 2157 ὁ

2181 2202 2272 2255 τοῦ
2314 2201 2518 2270 βιϐλίου
2553 2199 2750 2263 σκοπὸς
2782 2200 2862 2268 εἰς
2898 2197 3163 2269 λύτρωσιν
3193 2198 3350 2267 φέρει
3378 2195 3476 2268 τὴν
3503 2196 3591 2250 διὰ
3623 2197 3767 2267 Χρι-

2184 2294 2347 2360 στοῦ,
2398 2293 2547 2346 πᾶσά
2590 2309 2707 2355 πως
2744 2291 2959 2361 ἀνάγκη
3002 2287 3523 2361 προκεκινδυνευκὺς
3560 2287 3623 2341 οὐ
3666 2304 3769 2357 με-

2181 2387 2348 2458 τρίως
2390 2385 2449 2440 τὸ
2479 2384 2817 2457 ἀνθρώπινον
2847 2382 3109 2449 ἐπιδεῖξαι
3137 2382 3327 2452 γένος,
3371 2380 3469 2436 καὶ
3497 2383 3578 2443 είς
3604 2379 3769 2448 λῆξιν

2182 2479 2283 2551 ἤδη
2309 2477 2402 2546 τῆς
2434 2477 2692 2529 ἀνωτάτω
2715 2474 3089 2546 ταλαιπωρίας
3113 2473 3492 2544 ἐνηνεγμένον.
3520 2473 3769 2542 Προήκοι

2181 2570 2290 2639 γὰρ
2327 2569 2392 2623 ἂν
2433 2561 2534 2622 ὧδέ
2566 2584 2626 2619 τε
2658 2568 2752 2620 καὶ
2797 2566 2896 2635 οὐχ
2941 2566 3143 2637 ἑτέρως
3178 2567 3237 2618 ἐν
3270 2564 3461 2634 κόσμῳ
3497 2562 3577 2633 τῷ
3631 2561 3770 2632 πρέ-

2183 2680 2337 2716 ποντι
2358 2662 2457 2732 τῆς
2482 2656 2800 2728 ἐπικουρίας
2822 2661 2850 2711 ὁ
2877 2657 3055 2726 λόγος’
3089 2675 3107 2708 ι
3153 2657 3217 2710 Ἢ
3243 2655 3351 2726 γὰρ
3375 2654 3604 2724 δύναμίς
3636 2670 3769 2723 μου.

508 2748 693 2819 φησιν,
738 2747 797 2800 ἐν
840 2747 1092 2820 ἀσθενείᾳ
1133 2749 1446 2805 τελειοῦται.
1491 2771 1510 2803 ι
1569 2756 1692 2808 Δεῖν
1733 2757 1788 2809 δὲ
1825 2756 1977 2831 οῐμαι
2010 2768 2104 2821 καὶ
2140 2768 2253 2829 τοῖς
2293 2758 2491 2831 ἰατρῶν
2530 2755 2858 2825 ἐπιστήμοσι
2913 2753 3004 2806 καὶ
3037 2752 3446 2823 δοκιμωτάτοις,
3498 2752 3548 2803 εἰ
3574 2749 3640 2819 δή
3675 2758 3764 2800 ποι

516 2841 764 2912 μέλλοιεν
788 2843 871 2911 ἐφ’
903 2836 986 2905 οἷς
1014 2842 1079 2896 ἂν
1108 2839 1218 2896 εἶεν
1248 2846 1398 2912 σοφοὶ
1430 2846 1805 2919 θαυμάζεσθαί
1865 2870 1994 2922 που,
2030 2858 2354 2932 προκεῖσθαι
2406 2854 2499 2907 τὸν
2532 2851 2834 2923 ἄρρωστον,
2873 2847 3001 2917 περὶ
3031 2846 3089 2900 ὃν
3116 2846 3182 2900 ἂν
3212 2845 3423 2914 γένοιτο
3473 2844 3566 2897 καί
3591 2845 3627 2914 ἡ
3666 2843 3771 2911 τῆς

511 2932 739 3003 ἐνούσης
769 2932 951 2996 αὐτοῖς
981 2933 1257 3002 εὐτεχνίας
1284 2935 1561 3002 ἐπίδειξις.

578 3025 633 3079 2.
674 3026 930 3081 Dicamus
963 3025 1128 3096 igitur
1173 3026 1321 3097 quod
1358 3036 1591 3084 vexante
1629 3032 1760 3087 olim
1792 3043 1955 3106 atque
1988 3055 2078 3094 nr-

2254 3040 2321 3112 β’.
2363 3036 2590 3101 Οὐκοῦν,
2633 3035 2735 3104 ἤδη
2778 3031 3047 3101 λέγωμεν,
3086 3030 3168 3082 ὅτι
3200 3026 3360 3097 λιμοῦ
3392 3024 3771 3092 κατωθοῦντος

509 3123 671 3186 gente
693 3116 965 3171 lsraelitas
991 3116 1310 3187 gravissima
1334 3117 1495 3184 fame,
1525 3123 1983 3194 transmigrarunt
2013 3144 2082 3184 ex

508 3207 767 3264 Chanaan
801 3209 857 3263 in
894 3207 1187 3279 [Egyptum
1216 3209 1274 3263 in
1312 3213 1654 3282 septuaginta
1681 3216 1920 3287 quinque
1960 3220 2081 3273 ani-

512 3300 723 3364 mabus,
775 3307 837 3353 ut
857 3301 1120 3370 scriptum
1170 3308 1256 3355 est
1277 3301 1343 3355 ⁸ο.
1368 3303 1706 3361 Procedente
1737 3317 1916 3364 autem
1942 3319 2082 3367 tem-

511 3405 645 3462 pore
669 3389 726 3443 in
751 3389 1206 3445 innumerabilem
1244 3393 1649 3449 multitudinem
1685 3413 1878 3452 eorum
1914 3417 2083 3471 genus

511 3486 598 3532 est
630 3485 1013 3548 prOpagatum:
1050 3479 1127 3533 Ita
1166 3481 1314 3534 enim
1350 3482 1516 3537 habet
1552 3483 1870 3556 Scriptura:
1912 3510 1929 3540 ι
1961 3491 2083 3546 Filii

512 3576 697 3624 autem
719 3568 932 3623 Israelis
954 3570 1102 3624 aucti
1132 3579 1282 3637 sunt,
1317 3579 1373 3627 et
1403 3574 1751 3645 multiplicati
1787 3587 1843 3633 et
1875 3580 2080 3648 diffusi,

511 3658 784 3729 nimisque
822 3660 1067 3715 roborati
1110 3671 1258 3716 sunt.
1299 3663 1469 3719 Terra
1505 3666 1652 3720 enim
1689 3670 2085 3740 multiplicabat

509 3765 607 3808 eos
629 3752 699 3805 ⁸¹.
738 3771 756 3803 ι
798 3751 1093 3823 Postquam
1116 3768 1247 3808 vero
1272 3753 1320 3809 is
1348 3756 1441 3825 qui
1463 3755 1764 3829 {Egyptiaci
1792 3764 1946 3833 regni
1981 3781 2083 3835 gu-

510 3838 804 3895 bernacula
829 3842 1071 3907 tenebat,
1100 3848 1311 3896 tantum
1338 3844 1653 3900 Judaaorum
1683 3848 2082 3908 incrementum

509 3939 825 4000 suspectum
857 3932 1065 3989 habere
1105 3934 1293 4003 coepit,
1323 3935 1551 3993 insidias
1575 3939 1657 3993 eis
1682 3944 1903 3998 struxit.
1934 3946 2082 4002 Prae-

510 4020 639 4075 fecit
682 4023 851 4089 enim,
897 4024 1098 4095 inquit,
1134 4025 1304 4081 duros
1353 4043 1583 4099 operum
1631 4034 1942 4103 magistros,
1987 4039 2082 4108 qui

510 4112 812 4182 afﬂigerent
854 4114 1001 4184 ipsos
1044 4116 1098 4169 in
1136 4116 1436 4172 laboribus.
1474 4120 1635 4191 256
1674 4123 1866 4180 Modus
1897 4137 2083 4183 autem

511 4201 824 4257 alllictionis
874 4211 995 4258 erat
1036 4205 1193 4259 labor
1238 4207 1502 4273 fodiendi,
1536 4212 1805 4268 confectio
1848 4217 2083 4273 laterum

514 4293 776 4350 diuturna
794 4301 851 4349 et
872 4295 1080 4366 absque
1116 4297 1389 4352 mercede.
1424 4299 1561 4353 Item
1589 4301 1811 4357 urbium
1847 4309 2085 4362 munita-

2184 3134 2314 3186 ποτέ
2340 3132 2431 3184 καὶ
2452 3126 2739 3197 ἀφορήτως
2766 3124 3158 3191 ἐνσκήπτοντος
3178 3119 3273 3173 καὶ
3298 3119 3620 3189 ἐγκειμένου
3651 3115 3772 3176 τοῖς

2183 3224 2319 3284 υἱοῖς
2382 3218 2625 3290 Ἰσραὴλ,
2681 3214 2986 3284 κατῴχοντο
3020 3212 3118 3290 μὲν
3166 3214 3230 3265 ἐκ
3274 3211 3378 3282 γῆς
3426 3210 3645 3263 Χαναὰν
3685 3212 3774 3273 είς

2183 3282 2471 3381 Αἴγυπτον.
2505 3282 2564 3360 ἐν
2605 3282 2978 3376 ἐϐδομήκοντά
3020 3282 3122 3356 ποῦ
3169 3303 3266 3356 καὶ
3311 3301 3473 3355 πέντε
3526 3302 3770 3371 ψυχαῖς.

2182 3401 2324 3454 καθά
2371 3400 2700 3469 γέγραπται.
2741 3396 3063 3467 Διέρποντος
3101 3393 3158 3447 δέ
3190 3393 3284 3446 τοῦ
3322 3392 3515 3463 καιροῦ
3552 3392 3771 3455 λοιπὸν,

2183 3491 2263 3552 εἰς
2309 3488 2519 3559 πληθὺν
2558 3490 2655 3558 τὴν
2697 3485 2933 3558 ἀριθμοῦ
2970 3485 3254 3558 κρείττονα
3294 3485 3356 3537 τὸ
3394 3484 3548 3552 γένος
3579 3484 3772 3547 αὐτοῖς

2182 3579 2492 3645 ἐξετείνετο.
2525 3578 2838 3649 Γέγραπται
2870 3577 2980 3647 γάρ
3007 3590 3021 3605 ·
3054 3594 3073 3628 ι
3103 3576 3166 3641 Ol
3195 3574 3254 3629 δέ
3278 3575 3385 3628 υἱοὶ
3428 3572 3641 3644 Ἰσραὴλ
3666 3575 3777 3645 ηὐ-

2186 3670 2448 3740 ξήθησαν,
2468 3670 2562 3722 καὶ
2577 3667 3015 3738 ἐπληθύνθησαν,
3036 3669 3129 3721 καὶ
3152 3667 3358 3738 χυδαῖοι
3381 3665 3649 3735 ἐγένοντο,
3672 3665 3779 3718 καὶ

2183 3748 2474 3830 κατίσχυον
2498 3760 2719 3830 σφόδρα³
2746 3759 3013 3830 ἐπλήθυνε
3033 3759 3089 3812 δέ
3112 3761 3145 3830 ἡ
3169 3758 3242 3828 γῆ
3263 3758 3459 3820 αὐτοὺς
3485 3755 3710 3825 σφόδρα.
3748 3776 3772 3807 ι

2196 3852 2417 3924 Ἐπειδὴ
2443 3852 2499 3905 δέ
2526 3854 2625 3921 τῆς
2668 3851 2984 3920 Αίγυπτίων
3012 3849 3190 3921 χώρας
3217 3851 3245 3901 ὁ
3275 3848 3628 3918 καθηγεῖσθαι
3668 3846 3776 3900 1a.-

2183 3941 2315 4013 χὼν,
2332 3942 2428 4012 τὴν
2453 3945 2531 4006 εἰς
2557 3942 2763 4012 πληθὺν
2788 3941 3025 3995 ἐπίδοσιν
3052 3941 3436 4011 τῶνἘϐραίων
3463 3941 3562 3992 οὐκ
3589 3938 3774 3992 ἀνύπο

2185 4051 2349 4088 οπτον
2371 4033 2537 4105 εῖχεν,
2566 4034 2945 4098 ἐπεϐουλεύσε,
2979 4033 3073 4085 καὶ¹
3093 4032 3392 4101 ἐπέστησεν
3422 4031 3603 4092 αὐτοῖς
3641 4031 3773 4083 ἐπι.

2187 4125 2385 4187 στάτας
2429 4123 2538 4177 τῶν
2582 4126 2780 4195 ἔργων,
2822 4124 2908 4177 ἵνα
2951 4122 3277 4176 κακώσωσιν
3313 4123 3512 4184 αὐτοὺς
3560 4123 3617 4174 ἐν
3651 4124 3774 4186 τοῖς

2185 4215 2385 4287 ἔργοις.
2432 4217 2490 4269 Ὀ
2511 4216 2567 4269 δὲ
2592 4216 2656 4286 δὴ
2680 4215 2774 4268 τοῦ
2803 4214 3104 4269 κακοῦσθαι
3130 4215 3334 4285 τρόπος
3353 4211 3420 4285 ἦν
3445 4217 3474 4268 ὁ
3510 4213 3601 4267 ἐπὶ
3629 4229 3775 4267 σκα-

2188 4306 2386 4369 πάναις
2417 4306 2598 4376 ἱδρὼς,
2629 4306 2983 4377 πλινθουργία
3012 4306 3203 4377 μακρά
3236 4307 3332 4361 atat
3370 4305 3633 4376 ἄμισθος,
3665 4308 3775 4360 καὶ

514 4399 635 4438 rum
673 4387 991 4451 exstructio,
1026 4387 1131 4441 hoc
1156 4396 1258 4452 est,
1287 4404 1408 4458 qua:
1438 4390 1652 4445 turritae
1685 4403 1891 4461 essent,
1916 4398 2078 4454 adeo-

2192 4397 2296 4468 μὴν
2327 4398 2419 4451 καὶ
2448 4398 2510 4450 τὺ
2542 4397 2932 4468 ἀναδείμασθαι
2964 4398 3147 4461 πόλεις
3181 4399 3383 4469 ὀχυράς
3421 4399 3500 4469 τῷ
3526 4395 3732 4469 Φαραὼ
3753 4437 3773 4461 ,

511 4491 617 4546 que
652 4476 785 4531 laxae
824 4484 881 4531 et
915 4478 1128 4547 amplae,
1161 4488 1222 4534 ut
1262 4481 1644 4540 munitissimae
1668 4495 1723 4541 et
1749 4487 2083 4559 inexpugna-

510 4567 649 4623 biles
668 4584 778 4637 przn
800 4567 924 4622 aliis
946 4568 1286 4636 viderentur,
1309 4587 1505 4643 nempe
1528 4587 1751 4646 propter
1776 4579 2081 4634 incolarum

511 4657 940 4713 multitudinem.
964 4659 1133 4714 Erant
1160 4669 1343 4714 autem
1365 4662 1527 4717 Pitho
1550 4674 1607 4719 et
1630 4666 1907 4733 Ramesse,
1938 4670 2084 4724 aliae-

510 4763 619 4819 que
645 4747 915 4803 civitates.
951 4748 1221 4804 Caeterum
1247 4754 1464 4822 tyranni
1489 4756 1777 4810 consilium
1805 4758 1962 4828 longe
1989 4760 2086 4815 ali-

512 4846 596 4893 ter
635 4853 799 4909 quam
839 4846 1106 4908 sperarat,
1148 4840 1226 4893 illi
1264 4841 1482 4897 accidit.
1524 4843 1614 4898 Ait
1652 4846 1801 4899 enim
1831 4865 1844 4900 :
1871 4847 2087 4914 Quanto

511 4928 682 4998 magis
712 4930 1146 4985 humiliahantur
1183 4932 1451 5003 depressi,
1481 4943 1634 4991 tanto
1662 4939 1837 5010 majus
1868 4941 2086 5010 pericu-

511 5020 621 5074 lum
656 5021 708 5074 ei
738 5023 1053 5087 creabatur,
1080 5023 1376 5094 pluresque
1402 5027 1792 5083 exoriebantur
1813 5046 1913 5100 per
1942 5031 2085 5102 idip-

510 5127 631 5166 sum
674 5127 785 5182 quo
827 5113 974 5182 ipsos
1015 5115 1254 5185 afﬂigere
1300 5117 1530 5185 solebat,
1566 5120 1785 5176 volente
1823 5122 2085 5178 nimirum

511 5202 644 5267 Deo,
672 5219 767 5258 eos
790 5204 885 5273 qui
923 5205 1126 5275 iniquis
1163 5210 1511 5265 contumeliis
1548 5210 1943 5279 adiciebantur,
1968 5216 2087 5270 vin-

511 5289 711 5346 dicare.
752 5292 908 5359 Quod
945 5310 1071 5350 cum
1114 5296 1472 5354 intellexisset
1498 5308 1781 5371 tyrannus,
1813 5303 1958 5357 ultra
1986 5303 2087 5359 hos

513 5382 729 5438 labores
758 5385 892 5439 alias
912 5387 1076 5466 etiam
1101 5387 1330 5445 insidias
1355 5392 1607 5447 tetendit.
1633 5393 1908 5448 Mandavit
1936 5395 2085 5448 enim

513 5471 823 5528 Iudaeorum
859 5477 1251 5534 obstetricibus
1280 5490 1364 5548 ut,
1404 5481 1623 5551 quando
1665 5484 1991 5540 mulieribus
2026 5484 2084 5539 in

2186 4492 2465 4556 τουτέστι,
2494 4492 2960 4562 πεπυργωμένας,
3004 4492 3038 4563 ἢ
3082 4491 3255 4555 οὕτως
3281 4492 3495 4564 εὐρείας
3527 4492 3620 4544 καὶ
3654 4508 3771 4561 μα-

2188 4584 2346 4654 κράς,
2368 4584 2444 4646 ὡς
2476 4584 2668 4654 κομιδῇ
2687 4582 3036 4656 [ἀναλώτους]
3053 4587 3170 4649 ταῖς
3194 4584 3377 4647 ἄλλαις
3398 4579 3536 4637 εἶναι
3561 4584 3774 4649 δοκεῖν,

2186 4674 2274 4727 διὰ
2329 4674 2538 4743 πληθὺν
2587 4674 2828 4745 δηλονότι
2880 4674 2986 4728 τῶν
3043 4677 3431 4747 ἐνῳκηκότων.
3485 4674 3663 4729 Πειθὼ
3706 4677 3776 4731 δὲ

2183 4761 2324 4836 ἦσαν
2343 4765 2436 4819 καὶ
2462 4765 2764 4834 Ῥαμεσσῆ,
2784 4767 2878 4819 καὶ
2901 4766 3057 4820 ἄλλαι
3074 4767 3278 4830 πόλεις.
3299 4769 3681 4836 Περιειστήκει
3704 4767 3777 4821 δὲ
3874 4770 3881 4775 ’

2185 4856 2262 4926 τῷ
2277 4857 2527 4926 τυράννῳ
2547 4856 2681 4926 πρὸς
2712 4858 2772 4910 τὸ
2798 4860 2927 4927 παρ’
2959 4859 3180 4922 ἐλπίδας
3203 4860 3237 4928 ὴ
3272 4859 3483 4928 σκέψις.
3531 4858 3615 4911 Ἐν
3653 4858 3775 4931 γάρ

2183 4963 2265 4999 τοι
2278 4947 2353 5016 τῷ
2364 4946 2618 5000 ταπεινοῦ
2627 4947 2770 5013 σθαι,
2781 4950 2907 5017 φησὶ
2918 4990 2935 5013 ,
2948 4949 3073 5013 τοὺς
3086 4949 3479 5018 κολαζομένους
3491 4951 3547 5003 ἐν
3561 4950 3776 5018 ὑπερο-

2186 5041 2306 5107 χαῖς
2339 5037 2398 5090 τὸ
2428 5038 2626 5107 δεῖγμα
2655 5041 2711 5092 ἐν
2735 5039 2978 5108 μείζοσιν
3006 5036 3094 5111 ἦν,
3123 5041 3215 5094 καὶ
3249 5040 3465 5103 πλείους
3495 5040 3772 5109 ἐγένοντο,

2191 5125 2277 5179 δια
2305 5125 2396 5178 τοῦ
2427 5124 2627 5180 κακοῦν
2656 5127 2905 5191 εἰωθότος
2942 5128 3170 5197 ὠφελεῖν
3198 5128 3472 5193 ἐθέλοντος
3502 5128 3596 5183 τοῦ
3621 5129 3771 5184 Θεοῦ

2188 5217 2314 5279 τοὺς
2348 5217 2576 5280 ἀνοσίως
2617 5216 3084 5290 ἐξυϐριζομένους.
3141 5222 3205 5274 Ὃ
3254 5220 3317 5291 δὴ
3365 5223 3459 5291 καὶ
3505 5220 3706 5284 συνιεὶς
3737 5224 3774 5276 6

2189 5307 2473 5374 τύραννος,
2507 5309 2813 5378 προσετίθει
2843 5315 2953 5375 τοῖς
3001 5312 3182 5375 πόνοις
3211 5314 3404 5384 ἑτέραν
3445 5313 3770 5383 ἐπιϐουλήν.

2190 5395 2324 5459 Ταῖς
2350 5396 2459 5468 γάρ
2474 5398 2741 5453 Ἰουδαίων
2758 5403 2970 5456 ἐκέλευε
2986 5404 3192 5474 μαίαις,
3209 5405 3257 5457 εί
3283 5402 3642 5480 μαιεύο[ι]ντο
3662 5422 3777 5472 γυ-

2191 5488 2381 5550 ναῖκας
2409 5489 2503 5552 τὰς
2542 5490 2628 5543 ἐπ’
2652 5492 2834 5547 ὠδῖσιν
2858 5494 2955 5566 ἤδη
2980 5495 3074 5549 καὶ
3106 5495 3302 5561 τόκοις,
3328 5496 3391 5550 τὸ
3417 5498 3475 5550 ἐν
3504 5495 3776 5566 ὑποψίαις

598 5641 640 5674 ⁸⁷
700 5644 853 5700 Joan.
892 5662 943 5712 ι,
971 5647 1042 5716 9;
1080 5665 1183 5717 xxv,
1216 5651 1267 5706 6.
1348 5652 1523 5709 M'Col.
1563 5670 1621 5720 ιι,
1655 5655 1708 5712 '5.
1786 5658 1829 5690 δ’
1861 5657 1906 5712 ΙΙ
1935 5654 2061 5712 Cor.

2182 5660 2270 5725 ,3.
2344 5664 2388 5695 '°
2416 5664 2587 5721 Exod.
2629 5681 2667 5735 ι,
2710 5666 2762 5722 5.
2829 5672 2872 5705 ’ί
2898 5667 3031 5726 Ibid.
3062 5668 3110 5722 7.
