4066 6282
409 302 519 359 589

1426 297 1950 355 GLAPHYRORUM
1986 299 2054 354 ΙΝ
2095 300 2379 357 EXODUM
2418 301 2546 356 LIB.
2578 301 2620 357 ι.

3587 307 3692 377 διο

410 418 591 472 αὐτῶν
625 417 984 485 καταπνίγειν
1015 416 1169 484 γένος
1190 456 1204 479 ,
1240 415 1508 481 τουτέστι,
1540 418 1601 469 τὸ
1644 419 1832 486 ἄρσεν,
1868 416 1992 480 ζωο-

2104 426 2266 488 partu
2315 418 2594 482 adessent.
2639 428 2957 488 suspectum
3002 420 3103 491 ipsi
3145 437 3337 491 genus,
3384 425 3688 480 masculum

410 511 588 577 γονεῖν
631 506 688 561 δὲ
718 508 778 560 τὸ
813 507 968 577 θῆλυ.
1000 508 1174 574 Λόγου
1204 507 1314 577 γὰρ
1352 506 1525 559 ἐδόκει
1564 507 1793 576 μηδενὸς
1816 505 2000 573 ἀξιοῦν

410 601 472 654 τὸ
492 598 686 654 ἀναλκι
726 600 818 651 καὶ
846 598 1262 669 ἀφιλοπόλεμον,
1290 601 1385 653 καὶ
1416 601 1495 662 είς
1526 598 1727 662 δειλίας
1760 598 2001 664 εὔκολον,

413 689 507 745 καὶ
543 689 693 760 νόμῳ
722 688 935 757 φύσεως
965 690 1364 760 τεθρυμμένον.
1428 688 1568 741 Ἀλλ’
1596 689 1699 740 οὐκ
1746 687 1916 758 ἔδρων
1946 690 2004 742 αι

418 784 569 853 μαῖαι
594 782 657 833 τὸ
682 780 959 845 δυσσεϐὲς,
991 782 1228 852 ἦρεσκόν
1256 798 1315 833 τε
1345 781 1434 834 διὰ
1460 779 1633 832 ταῦτα
1653 778 1791 847 Θεῷ.
1821 780 1886 832 Τί
1911 777 2003 833 οὖν

414 874 440 925 ὁ
460 873 768 944 ἁλιτήριος;
806 872 1243 942 Ἀπαμφιέννυσι
1267 870 1366 941 τὴν
1398 869 1587 939 ὀργὴν,
1619 869 1713 921 καὶ
1745 869 1871 933 τοὺς
1905 872 2003 939 τῆς

419 964 750 1033 ἀνοσιότητος
779 964 1016 1033 τρόπους
1047 963 1425 1032 ἀναισχυντεῖν
1464 958 1769 1014 ἀναπείθει.
1801 978 1819 1010 ι
1860 959 1992 1012 Συνο

421 1058 558 1122 ἔταξε
592 1058 703 1131 γὰρ
746 1056 951 1128 Φαραὼ
986 1055 1149 1109 παντὶ
1177 1055 1255 1124 τῷ
1282 1053 1397 1124 λαῷ
1443 1052 1605 1106 αὑτοῦ
1647 1052 1845 1119 λέγων·
1894 1052 2007 1104 Πᾶν

414 1150 595 1220 ἄρσεν,
629 1150 658 1203 ὃ
694 1149 762 1203 ἂν
814 1147 980 1219 τεχθῇ
1019 1150 1128 1210 τοῖς
1173 1146 1470 1218 Ἑϐραίοις,
1509 1147 1588 1207 εἰς
1622 1144 1713 1197 τὸν
1763 1143 2006 1214 ποταμὸν

410 1242 622 1310 ῥίψατε,
653 1242 748 1296 καὶ
778 1243 889 1294 πᾶν
916 1240 1048 1311 θῆλυ
1083 1239 1398 1307 ζωογονείτε
1434 1239 1582 1290 αὑτό.
1619 1255 1635 1286 ι

2103 509 2388 573 nimirum,
2439 510 2794 574 suﬂ'ocarent,
2840 512 3163 567 femininum
3211 523 3394 569 autem
3442 516 3498 570 in
3547 518 3690 573 vivis

2104 600 2427 655 retinerent.
2453 600 2666 672 Quippe
2693 602 2839 671 quod
2864 604 3015 659 nullo
3040 604 3095 658 in
3119 620 3347 660 numero
3369 608 3685 675 ponendum

2105 691 2388 745 videretur
2416 690 2690 745 imbecille
2716 692 2861 746 istud
2884 701 2941 746 et
2967 692 3209 759 imbelle,
3238 702 3400 764 atque
3426 696 3494 749 ad
3522 706 3687 752 timo-

2106 798 2221 835 rem
2278 782 2542 852 proclive,
2582 783 2809 854 legeque
2864 794 3075 841 naturae
3117 786 3451 841 diminutum
3493 803 3684 858 genus.

2108 873 2177 927 At
2193 888 2325 927 vero
2345 873 2673 929 obstetrices
2694 876 2901 929 crudeli
2926 877 3108 931 edicto
3130 894 3473 948 nequaquam
3496 894 3689 948 parue-

2106 971 2256 1027 runt,
2284 979 2391 1034 qua
2416 964 2483 1018 de
2508 980 2669 1020 causa
2694 974 2748 1020 et
2776 968 2886 1022 Deo
2916 969 3261 1037 placuerunt.
3287 970 3356 1024 At
3384 970 3516 1040 quid
3550 979 3688 1025 teter

2106 1055 2208 1109 iste
2235 1056 2532 1126 tyrannus?
2568 1058 2929 1113 Excandescit
2957 1059 3057 1123 ira,
3085 1069 3141 1114 et
3170 1061 3464 1117 inusitatos
3494 1061 3689 1116 crude-

2104 1147 2281 1202 litatis
2318 1150 2510 1204 modos
2553 1150 2737 1204 animo
2762 1150 3022 1220 concipit.
3054 1151 3134 1206 lta
3158 1153 3305 1206 enim
3343 1154 3422 1206 ait
3463 1161 3685 1207 textus:

2116 1256 2134 1289 ι
2166 1239 2433 1309 Praecepit
2457 1251 2640 1296 autem
2668 1242 2880 1297 Pharao
2903 1243 3051 1297 omni
3077 1245 3279 1313 populo
3303 1260 3423 1307 suo,
3452 1244 3644 1298 dicens
3669 1259 3683 1297 :

405 1330 635 1387 Omnem
668 1331 979 1386 masculum
1015 1330 1107 1398 qui
1137 1337 1299 1383 natus
1331 1327 1500 1382 fuerit
1549 1325 1814 1389 Hebraeis,
1872 1323 1930 1378 in
1988 1322 2193 1381 ﬂumen
2240 1330 2514 1399 proji'cite,
2551 1339 2608 1386 et
2671 1346 2892 1386 omnem
2931 1332 3205 1387 femellam
3248 1333 3303 1387 in
3345 1332 3455 1387 vita
3501 1347 3683 1387 reser-

406 1431 528 1474 vate
559 1423 596 1455 ⁸³
610 1413 652 1470 ὀ
669 1443 685 1474 ι

559 1431 596 1455 ιι
613 1431 652 1470 -,
669 1443 685 1474 ,

440 1431 547 1583 3:2.
583 1514 720 1566 Ἀλλ’
746 1510 994 1566 ίστάσθω
1012 1511 1109 1582 μὲν
1125 1512 1180 1563 ὲν
1200 1509 1369 1578 τούτῳ
1384 1510 1478 1580 τῆς
1510 1509 1749 1578 ἱστορίας
1775 1511 1802 1561 ὁ
1816 1509 1993 1575 λόγος.

406 1606 714 1675 Φρὰζωμεν
742 1604 801 1656 δὲ
835 1604 963 1672 ἤδη,
991 1606 1098 1663 τοῖς
1122 1601 1374 1655 ἐσωτάτω
1392 1602 1738 1672 θεωρήμασιν
1766 1601 1998 1661 ἐνιέντες

2175 1509 2227 1562 5.
2270 1509 2446 1579 Atque
2488 1510 2541 1565 in
2574 1511 2660 1564 his
2687 1511 2911 1580 quidem
2948 1510 3179 1566 historia
3214 1510 3496 1566 subsistat.
3528 1512 3684 1568 Nunc

2103 1598 2170 1653 ad
2210 1599 2517 1655 intimiores
2554 1600 2913 1670 cogitationes
2951 1611 3190 1656 mentem
3224 1602 3500 1672 erigentes
3536 1603 3683 1658 dica-

409 1698 504 1750 τὸν
529 1695 676 1758 νοῦν,
708 1695 812 1758 ὅτι,
834 1695 935 1763 τῆς
960 1692 1245 1763 ἀνθρώπου
1272 1693 1501 1755 διανοίας
1530 1692 1853 1762 ἐγκειμένης
1882 1695 1992 1745 ἐπι-

2105 1704 2255 1753 mus;
2288 1689 2433 1758 quod
2470 1705 2593 1743 eum
2635 1706 2789 1744 mens
2824 1691 3065 1745 hominis
3089 1692 3157 1745 ab
3179 1692 3542 1748 adolescentia
3584 1709 3681 1749 sua

423 1786 601 1858 μελῶς
631 1787 722 1839 ἐπὶ
752 1786 823 1839 τά
856 1786 1064 1856 πονηρὰ
1102 1787 1165 1838 ὲκ
1190 1785 1439 1855 νεότητος
1468 1783 1654 1847 αὑτοῦ,
1686 1783 1860 1853 ἐνδείᾳ
1889 1783 1994 1836 τῶν

422 1875 628 1931 ἄνωθεν
669 1874 910 1943 ἀγαθῶν,
961 1876 1127 1939 ᾶπαν,
1164 1874 1238 1936 ὡς
1271 1873 1400 1936 ἔπος
1423 1875 1614 1934 εἰπεῖν,
1652 1873 1711 1925 τὸ
1755 1873 1845 1925 ἐπὶ
1894 1873 1997 1942 γῆς

420 1968 706 2038 ἐφθείρετο
735 1966 912 2034 γένος,
939 1966 1034 2018 καὶ
1057 1965 1213 2035 λιμὸς
1235 1958 1325 2016 οἶά
1345 1981 1427 2026 τις
1445 1964 1552 2016 τῶν
1572 1965 1830 2034 οὐρανίων
1852 1966 1995 2034 ἡμᾶς

414 2059 780 2112 κατεϐόσκετο
815 2058 1181 2129 μαθημάτων,
1216 2057 1466 2127 καθάπερ
1508 2056 1698 2126 ἀμέλει
1729 2057 1994 2129 καταθρή-

410 2167 613 2220 σαιμεν
645 2149 711 2203 ἂν
752 2151 845 2203 καὶ
876 2149 967 2201 τὸν
1002 2150 1078 2213 ὡς
1107 2151 1164 2202 έν
1192 2149 1350 2218 τύπῳ
1381 2147 1696 2217 παραδολῆς
1722 2149 1992 2219 γραᾷόμε·

407 2258 494 2295 νον
527 2242 759 2305 ἄσωτον,
786 2241 963 2310 ὅςτὴν
990 2240 1249 2312 πατρῴαν
1275 2241 1465 2294 οὐσίαν
1489 2244 1545 2294 ἐν
1561 2240 1828 2312 ἀλλοδαπῇ
1858 2258 1993 2294 κατ-

404 2332 679 2403 εδήδοκεν,
714 2331 1057 2402 ἐπεθύμειτε
1076 2331 1440 2402 χορτασθῆναι
1464 2332 1569 2385 τῶν
1591 2332 1858 2404 κερατίων
1895 2327 1994 2405 [ὧν

402 2421 612 2497 ἧσθιον]
651 2424 699 2476 οἱ
739 2426 931 2494 χοῖροι.
982 2422 1252 2497 Ταύτητοι
1282 2423 1847 2497 προσδεδραμήκαμεν
1880 2427 1994 2486 τοῖς

403 2512 818 2583 γεωδεστέροις,
841 2512 1075 2582 ἀφέντες
1101 2513 1163 2566 τὸ
1179 2513 1402 2584 ἄμεινον
1424 2515 1593 2568 καὶτὸ
1616 2515 1726 2568 δεῖν
1743 2515 1993 2584 ἐφίεσθαι

401 2602 509 2655 τῶν
525 2603 1012 2673 λυσιτελεστέρων,
1031 2604 1061 2657 δ
1069 2604 1103 2657 ι’
1116 2597 1190 2658 ὧν
1202 2600 1266 2675 ἦν
1279 2605 1427 2670 είκδς
1443 2607 1728 2677 εὐμενείας
1739 2608 1838 2678 τῆς
1856 2608 1967 2662 ἀνω
1980 2640 1993 2648 -

403 2694 493 2747 θεν
521 2697 621 2764 οὐχ
660 2695 946 2767 ἁμαρτεῖν,
982 2695 1077 2748 καὶ
1103 2696 1410 2764 οἰκειότητα
1452 2697 1551 2768 τὴν
1579 2697 1652 2760 ὡς
1686 2698 1819 2767 πρὸς
1859 2697 1993 2750 Θεὸν

403 2785 770 2850 πλουτοῦντας
804 2785 1060 2857 ὁρᾶσθαι.
1100 2787 1528 2858 Διωλισθηκότες
1566 2788 1631 2860 δὴ
1663 2786 1755 2844 οὖν
1792 2790 1992 2851 παντὸς

405 2877 495 2931 τοῦ
534 2878 752 2948 ἀνέχειν
797 2879 1072 2949 ἰσχύοντος
1112 2880 1193 2943 είς
1224 2897 1288 2948 γε
1334 2881 1395 2933 τὸ
1439 2877 1499 2935 εὗ
1540 2877 1680 2935 εἶναι
1724 2883 1818 2936 καὶ
1855 2882 1993 2950 μετά

413 2968 569 3032 Θεοῦ,
602 2971 808 3041 ταμίαν
842 2971 941 3041 μὲν
975 2972 1159 3026 οὐκέτι
1186 2971 1296 3024 τῶν
1326 2972 1447 3025 καθ’
1484 2975 1630 3044 ἡμᾶς
1660 2975 1991 3044 ἐποιούμεθα

2099 1799 2269 1852 prona
2294 1784 2364 1837 sit
2387 1783 2453 1837 ad
2482 1784 2684 1838 malum
2709 1785 2779 1838 ob
2813 1784 3170 1856 indigentiam
3198 1802 3561 1856 supernorum
3586 1789 3683 1842 bo-

2097 1891 2292 1929 norum
2319 1876 2385 1941 ⁵¹,
2418 1883 2619 1941 totum,
2659 1885 2720 1931 ut
2765 1892 2874 1932 uno
2914 1877 3085 1931 verbo
3128 1878 3328 1941 dicam,
3365 1879 3678 1934 mortalium

2095 1981 2270 2035 genus
2298 1974 2617 2036 corruptum
2656 1966 2779 2029 fuit,
2806 1983 2869 2022 ac
2894 1968 3064 2022 Veluti
3092 1967 3262 2022 fames
3288 1968 3537 2038 quaedam
3565 1985 3678 2024 cm-

2094 2055 2249 2111 lestis
2289 2056 2555 2111 doctrina:
2592 2072 2694 2112 nos
2724 2057 2947 2126 depasta
2974 2068 3079 2122 est,
3103 2059 3563 2128 quemadmodum
3586 2076 3682 2115 ex-

2095 2162 2286 2217 presse
2334 2147 2522 2202 videre
2567 2164 2881 2217 possumus,
2920 2150 3092 2203 veluti
3131 2149 3189 2203 in
3238 2158 3365 2220 typo
3406 2151 3679 2220 parabolae

2093 2236 2375 2308 depictum
2418 2237 2729 2309 prodigum,
2786 2238 2915 2309 quia
2954 2238 3197 2309 paternis
3237 2239 3592 2296 facultatibus
3622 2241 3679 2296 in

2093 2338 2321 2385 externa
2366 2330 2587 2401 regione
2639 2330 2972 2400 dilapidatis,
3012 2330 3228 2400 siliquis
3273 2331 3478 2399 quibus
3524 2334 3677 2402 porci

2093 2423 2481 2492 pascebantur,
2523 2423 2758 2477 salutari
2803 2422 3062 2493 cupiebat
3088 2424 3153 2476 ⁸³.
3194 2422 3431 2493 Ideoque
3466 2423 3535 2478 ad
3572 2432 3683 2478 ter-

2094 2522 2227 2569 rena
2250 2513 2621 2585 confugimus,
2651 2514 2850 2568 relicto
2873 2530 2940 2569 eo
2975 2514 3120 2585 quod
3158 2523 3278 2570 erat
3309 2516 3528 2583 melius,
3550 2531 3678 2571 cum

2092 2605 2277 2674 potius
2319 2604 2708 2661 debuissemus
2754 2607 2974 2660 utiliora
3019 2606 3370 2676 expetivisse,
3415 2624 3516 2679 per
3557 2623 3680 2678 quae

2093 2703 2239 2749 certe
2278 2711 2560 2766 nunquam
2603 2712 2845 2767 superno
2878 2697 3065 2752 favore
3108 2700 3525 2764 excidissemus,
3566 2701 3679 2756 imo

2092 2801 2222 2840 vero
2263 2787 2358 2841 Dei
2403 2788 2699 2841 amicitiam
2744 2788 2983 2842 ubertim
3025 2790 3309 2842 consecuti
3355 2790 3672 2845 fuissemus.

2092 2875 2254 2945 Lapsi
2300 2877 2466 2947 igitur
2508 2878 2577 2931 ab
2622 2877 2710 2941 iis,
2739 2894 2860 2946 quae
2902 2893 3001 2932 nos
3038 2878 3094 2931 in
3129 2878 3273 2931 bono
3307 2879 3675 2946 continerent,

2093 2968 2315 3038 Deoque
2392 2971 2688 3034 satiarent,
2740 2970 2834 3038 qui
2896 2977 3087 3038 suapte
3152 2979 3349 3023 natura
3425 2985 3491 3024 ac
3548 2986 3676 3026 vere

421 3060 507 3111 τον
550 3061 703 3129 φύσει
743 3079 803 3115 τε
850 3062 947 3115 καὶ
995 3062 1213 3134 ἀληθῶς
1261 3064 1391 3117 ὄντα
1437 3066 1733 3135 Δεσπότην.
1782 3066 1890 3137 Γῆς
1934 3067 1988 3119 δὲ

2096 3057 2361 3113 Dominus
2420 3068 2540 3124 est,
2586 3074 2699 3112 non
2746 3059 2984 3128 amplius
3030 3069 3314 3115 auctorem
3359 3069 3675 3116 nostrorum

418 3148 602 3222 ὥσπερ
624 3153 797 3221 ἁγίας,
831 3155 927 3224 τῆς
951 3154 1196 3223 φιλοθὲου
1222 3152 1369 3224 ζωῆς
1391 3156 1860 3226 ἐκκεχωρηκότες,
1898 3158 1989 3209 καὶ

412 3243 493 3305 εις
539 3243 636 3313 τήν
683 3245 879 3315 αίεχίω
912 3261 972 3297 τε
1019 3245 1114 3298 καὶ
1157 3244 1581 3316 ἀκαλλεστέραν,
1630 3247 1726 3299 καὶ
1765 3246 1871 3299 ὑπὸ
1912 3247 1990 3316 τῷ

405 3334 637 3403 διαϐόλῳ
669 3335 927 3405 κειμένην
961 3336 1243 3406 μονονουχὶ
1280 3336 1752 3407 κατερῤυηκότες,
1806 3338 1864 3390 ἐν
1892 3339 1989 3407 ίσῳ

403 3427 710 3498 γεγόναμεν
750 3430 859 3491 τοῖς
888 3430 952 3481 ὲκ
979 3427 1201 3481 Χαναὰν
1242 3429 1649 3498 κατοιχομένοις
1697 3431 1778 3492 εἰς
1819 3428 1987 3498 Αἴγυ-

404 3535 560 3580 πτον,
619 3519 718 3572 καὶ
768 3519 872 3571 ὑπὸ
902 3522 1060 3589 χεῖρα
1101 3519 1490 3590 γεγενημένοις
1538 3520 1638 3589 τὴν
1684 3520 1884 3591 Φαραὼ
1928 3538 1988 3573 τε

404 3611 499 3663 καὶ
529 3610 866 3679 Αἰγυπτίων,
908 3610 956 3662 οἳ
983 3611 1102 3672 ταῖς
1134 3609 1243 3662 τῶν
1270 3609 1563 3675 δαιμονίων
1592 3610 1867 3680 λατρείαις
1900 3612 1990 3666 ὲκ-

401 3699 584 3764 τ-5πως
636 3701 988 3771 ἐγκείμενοι,
1033 3701 1128 3754 καὶ
1177 3702 1286 3753 πᾶν
1332 3696 1470 3762 εἶδος
1521 3701 1852 3772 φαυλότητος
1889 3702 1989 3756 οὐκ

403 3789 823 3860 ἀνεπιτήδευτον
860 3790 1071 3859 ἔχοντες
1092 3829 1107 3852 ,
1138 3788 1521 3858 παραδείξειαν
1543 3790 1607 3843 ἂν
1631 3791 1704 3854 ὡς
1735 3792 1791 3846 ὲν
1821 3794 1989 3846 εἰκόνι

403 3878 587 3930 λοιπὸν
621 3880 679 3930 ὲν
701 3878 912 3941 ἑαυτοῖς
940 3879 1101 3933 αὐτόν
1130 3896 1190 3932 τε
1215 3879 1304 3932 τὸν
1330 3880 1592 3943 Σατανᾶν,
1622 3884 1715 3934 καὶ
1743 3883 1868 3945 τοὺς
1898 3884 1988 3935 ὑπ’

405 3967 556 4039 αὺτῷ
575 4009 590 4031 ,
621 3966 717 4033 οὒς
744 3970 839 4023 καὶ
868 3970 1024 4031 θεοὺς
1052 3968 1325 4040 ἐνόμιζον,
1357 3971 1861 4041 ὲκκεκρουσμένους
1891 3972 1990 4041 μὲν

404 4058 507 4130 τῆς
530 4059 763 4131 ἀρίστης
800 4062 1111 4132 φρονήσεως
1131 4102 1146 4127 ,
1180 4062 1349 4131 ἀχλύν
1374 4079 1433 4115 τε
1467 4064 1563 4116 καὶ
1594 4063 1782 4115 σκότον
1810 4063 1899 4115 τὸν
1930 4064 1990 4128 ἐξ

404 4150 679 4218 ἀμαθείας
726 4151 1166 4222 ὴρῤωστηκότες.
1218 4152 1435 4223 Ἐπειδὴ
1482 4151 1538 4203 δὲ
1565 4151 1670 4204 ὑπὸ
1706 4150 1862 4219 δεινῷ
1894 4153 1989 4205 καὶ

405 4241 669 4312 ἀλιτηρίῳ
698 4241 931 4313 δεσπότῃ
963 4244 1288 4313 γεγόναμεν,
1335 4242 1479 4311 φημὶ
1521 4242 1583 4301 δὴ
1619 4242 1695 4311 τῷ
1738 4243 1949 4313 Σατανᾷ
1971 4283 1985 4305 ,

405 4330 566 4402 πηλῷ
612 4333 704 4385 καὶ
761 4331 1009 4403 πλινθείᾳ
1056 4332 1540 4403 κατετρυχόμεθα,
1581 4334 1722 4403 φημὶ
1770 4333 1832 4405 δὴ
1878 4338 1988 4397 τοῖς

2097 3152 2370 3206 bonorum
2448 3150 2791 3220 agnovimus.
2865 3147 2971 3204 Sed
3051 3164 3176 3204 cum
3260 3151 3677 3208 discesserimus

2095 3258 2161 3297 ex
2205 3243 2293 3312 pia
2352 3242 2499 3306 vita,
2562 3250 2822 3311 tanquam
2882 3256 2951 3296 ex
3013 3248 3163 3296 terra
3235 3252 3452 3309 saneta,
3513 3244 3674 3316 247

2095 3342 2151 3388 et
2195 3334 2250 3388 in
2282 3334 2568 3389 fmdiorem
2622 3322 3036 3403 tetriorémque,
3070 3349 3190 3404 qua:
3229 3334 3449 3390 diabolo
3497 3348 3673 3407 paret,

2095 3426 2250 3497 quasi
2290 3426 2499 3481 detrusi
2521 3426 2809 3491 fuerimus,
2839 3434 2967 3480 tunc
3016 3426 3127 3481 illis
3169 3426 3379 3482 similes
3419 3427 3545 3483 facti
3578 3443 3672 3483 su-

2095 3532 2238 3581 mus,
2264 3517 2358 3587 qui
2397 3533 2464 3571 ex
2491 3516 2749 3572 Chanaan
2795 3517 2852 3571 in
2874 3516 3167 3588 Egyptum
3218 3519 3671 3589 commigrarunt,

2094 3619 2150 3663 et
2172 3610 2474 3665 Pharaonis
2507 3608 2997 3680 {Egypliorumque
3031 3613 3294 3680 potestati
3328 3613 3580 3682 subjecti,
3618 3619 3675 3666 et

2095 3701 2336 3755 cultibus
2380 3701 2669 3756 diabolicis
2698 3702 2901 3755 mirum
2950 3703 3009 3756 in
3040 3703 3264 3757 modum
3308 3703 3506 3768 dediti,
3543 3704 3672 3757 nul-

2094 3793 2317 3862 lumque
2350 3792 2541 3863 ﬂagitii
2577 3809 2749 3863 genus
2772 3793 3277 3861 prmtermittentes,
3317 3800 3577 3861 tanquam
3616 3793 3672 3849 in

2097 3880 2332 3950 imagine
2361 3896 2472 3951 prae
2504 3897 2560 3934 se
2592 3881 2776 3934 ferunt
2803 3881 2983 3948 ipsum
3015 3879 3270 3933 Satanam
3291 3882 3519 3949 ejusque
3566 3882 3669 3935 mi-

2095 3973 2319 4035 nistros,
2354 3986 2493 4039 quos
2519 3979 2575 4023 et
2607 3970 2741 4025 deos
2770 3970 3172 4034 existimarunt,
3212 3970 3282 4023 ab
3322 3971 3528 4039 optima
3553 3973 3673 4042 qui-

2096 4060 2221 4113 dem
2243 4060 2574 4129 cogitatione
2618 4060 2854 4128 depulsi,
2895 4059 3126 4130 caligine
3152 4076 3284 4115 vero
3337 4077 3401 4116 ac
3430 4064 3673 4119 tenebris

2096 4149 2421 4221 ignorantia:
2466 4148 2771 4219 praepediti.
2816 4148 3109 4218 Postquam
3130 4157 3314 4205 autem
3340 4150 3478 4206 duro
3506 4160 3672 4223 atque

2094 4240 2300 4295 exitiali
2329 4240 2573 4305 domino,
2605 4240 2840 4304 Satanas,
2871 4241 3112 4311 inquam,
3153 4242 3384 4314 subjecti
3430 4244 3669 4311 fuimus,

2098 4338 2210 4385 tum
2236 4331 2349 4386 luto
2373 4346 2437 4386 ac
2461 4331 2730 4387 lateribus
2750 4348 2939 4388 sumus
2960 4334 3162 4399 vexati,
3214 4336 3320 4393 hoc
3334 4345 3437 4403 est,
3492 4347 3670 4395 terre-

406 4426 533 4496 περὶ
565 4425 671 4496 γῆν
713 4443 771 4479 τε
812 4425 908 4479 καὶ
944 4428 1056 4488 τοῖς
1088 4425 1147 4478 ὲν
1171 4426 1308 4495 αὐτῇ
1354 4424 1774 4495 βδελυρωτάτοις
1823 4442 1986 4479 σπου-

2096 4423 2180 4476 nis
2208 4431 2371 4492 atque
2400 4424 2861 4481 abominabilibus
2884 4425 3163 4494 operibus,
3188 4443 3310 4497 quae
3330 4447 3441 4485 non
3460 4432 3668 4501 absque

407 4517 674 4585 δάσμασιν
702 4518 804 4570 οὐκ
835 4516 1093 4588 ἀνιδρωτὶ
1124 4518 1493 4587 τελουμένοις.
1543 4517 1616 4569 Οὐ
1662 4517 1771 4588 γὰρ
1806 4517 1985 4588 ἀπήλ-

404 4607 600 4661 λακται
630 4609 829 4670 πόνων,
871 4607 974 4661 κᾶν
1010 4609 1059 4660 εί
1089 4606 1151 4660 τὸ
1182 4610 1387 4660 εἰκαῖον
1410 4607 1522 4679 ἔχοι
1556 4610 1737 4678 τυχὸν,
1761 4610 1788 4660 ὀ
1830 4609 1985 4662 τοῦδε

404 4697 498 4751 τοῦ
541 4696 655 4768 βίου
706 4696 1109 4768 περισπασμός.
1176 4696 1501 4759 Ἐπιστάτας
1538 4696 1593 4748 δὲ
1641 4697 1827 4768 ὥσπερ
1881 4698 1988 4749 τῶν

406 4787 583 4858 ἔργων
608 4788 717 4842 τῶν
746 4789 827 4841 ὃτι
872 4789 1107 4859 μάλιστα
1138 4788 1407 4856 φιλτάτων
1436 4787 1582 4857 αὖτῴ
1616 4788 1989 4858 κατεχειροτό-

406 4896 538 4951 νησε
570 4880 681 4934 τῶν
715 4880 1090 4950 ἀδικουμένων
1124 4882 1152 4932 ὁ
1200 4881 1442 4941 Σατανᾶς
1484 4880 1610 4941 τοὺς
1649 4878 1990 4949 ἀκαθάρτους

404 4970 701 5043 δαίμονας,
737 4972 857 5042 ἦτοι
889 4972 986 5034 τὰς
1019 4971 1110 5023 ὑπ’
1155 4970 1305 5040 αὐτῷ
1337 4970 1618 5039 δυνάμεις,
1658 4969 1707 5022 οἳ
1741 4971 1859 5033 ταῖς
1890 4987 1990 5022 πο-

407 5062 696 5134 λυτρόποις
731 5063 841 5115 τῶν
881 5062 1069 5115 παθῶν
1105 5060 1438 5125 πλεονεξίαις
1477 5060 1571 5113 τὸν.
1611 5060 1841 5113 ἑκάστου
1884 5060 1991 5113 τῶν

407 5156 501 5208 ἐπὶ
537 5154 637 5224 τῆς
684 5154 790 5223 γῆς
836 5151 1292 5224 καταφορτίζουσι
1324 5152 1469 5214 νοῦν,
1503 5152 1732 5215 δεδιότες
1755 5191 1769 5214 ,
1803 5147 1953 5222 οἶμαι
1974 5193 1988 5217 ,

409 5250 488 5320 μὴ
512 5249 619 5320 ἄρα
645 5265 751 5300 που
782 5249 1024 5316 σχολαῖον
1048 5246 1147 5316 τῆς
1173 5244 1411 5307 διανοίας
1434 5244 1524 5296 τὸν
1545 5242 1820 5312 ὀφθαλμὸν
1848 5245 1992 5297 ἀνένο

405 5358 499 5405 τες
533 5342 669 5413 πρὸς
692 5341 845 5405 Θεὸν,
874 5341 971 5410 τῆς
1004 5340 1095 5392 ὑπ’
1128 5336 1277 5407 αὑτῷ
1315 5336 1558 5399 δουλείας
1588 5336 1872 5391 ἐκλύσειαν
1901 5338 1991 5389 τὸν

408 5428 630 5500 αὐχένα·
677 5428 1035 5498 φιλελευθέρα
1077 5428 1185 5498 γὰρ
1225 5427 1346 5479 λίαν
1393 5428 1424 5496 ή
1473 5426 1759 5497 ἀνθρώπου
1809 5427 1988 5495 φύσις.

409 5518 537 5573 Ὀτι
571 5520 629 5574 δὲ
661 5521 788 5586 δόξα
840 5521 931 5573 καὶ
964 5519 1192 5583 πλοῦτος
1235 5520 1345 5581 τοῖς
1394 5518 1724 5590 ἀκαθάρτοις
1772 5517 1991 5588 δαίμοσι

488 5693 531 5727 ⁸⁸
557 5695 755 5752 'Exod.
788 5708 830 5761 ι,
870 5698 959 5752 ‘32.
1036 5698 1080 5729 "
1114 5698 1249 5753 Gen.
1292 5716 1404 5767 vm,
1436 5701 1499 5754 2|

1608 5700 1652 5731 ⁸³
1687 5699 1823 5755 Luc.
1867 5715 1955 5767 Iv,
1997 5700 2078 5755 l6.

2092 4516 2290 4570 sudore
2330 4524 2689 4585 peraguntur.
2716 4518 2902 4587 Neque
2932 4519 3078 4573 enim
3107 4521 3294 4575 liberae
3321 4531 3448 4575 sunt
3509 4540 3540 4578 a
3583 4525 3668 4579 la-

2094 4606 2343 4671 boribus,
2372 4607 2589 4662 etiamsi
2622 4623 2772 4661 vana:
2793 4608 2923 4671 sint,
2954 4609 3118 4679 hujus
3141 4610 3331 4665 mundi
3355 4613 3671 4680 occupatio~

2089 4714 2206 4753 nes.
2234 4699 2404 4753 Porro
2427 4698 2656 4754 Satanas
2673 4700 2856 4770 posuit
2876 4700 3091 4755 aﬂlictis
3113 4702 3402 4771 praefectos
3415 4717 3666 4771 operum,

2090 4806 2211 4860 quas
2245 4790 2348 4861 ipsi
2381 4790 2651 4861 imprimis
2691 4799 2844 4863 grata
2882 4800 3030 4857 sunt,
3093 4794 3337 4862 impuros
3393 4793 3672 4857 daemones

2091 4883 2203 4937 sive
2235 4892 2536 4953 potestates
2585 4882 2686 4952 ipsi
2737 4884 3002 4948 subditas,
3044 4885 3137 4953 qui
3186 4884 3475 4950 multiplici
3528 4884 3670 4939 allii-

2092 4976 2335 5031 ctionum
2356 4977 2431 5040 vi,
2457 4977 2890 5049 uniuscujusque
2918 4977 3233 5031 mortalium
3270 4984 3510 5030 mentem
3538 4993 3670 5034 one-

2093 5080 2301 5137 rarent,
2340 5071 2528 5134 veriti,
2561 5079 2620 5124 ut
2645 5072 2905 5129 arbitror,
2947 5068 3240 5135 nequando
3263 5068 3441 5122 otioso
3471 5070 3670 5126 mentis

2092 5162 2257 5231 oculo
2288 5160 2343 5214 in
2369 5161 2540 5213 Deum
2566 5168 2756 5213 erecto
2798 5156 3081 5211 servitutis
3118 5158 3308 5227 jugum
3360 5158 3685 5213 eervicibus‘

2093 5253 2209 5306 suis
2241 5261 2580 5305 excuterem.
2609 5250 2864 5304 Studiosa
2887 5250 3035 5304 enim
3071 5250 3428 5303 vehementer
3473 5258 3558 5301 est
3598 5249 3666 5301 li-

2094 5343 2325 5397 bertatis
2377 5343 2614 5395 humana
2660 5358 2837 5395 mens.
2868 5340 3026 5405 Quod
3059 5355 3190 5392 vero
3222 5339 3472 5399 Satanas,
3499 5348 3666 5408 atque

2095 5434 2297 5504 impuri
2327 5434 2554 5501 spiritus
2581 5448 2682 5501 pro
2714 5432 2887 5501 gloria
2914 5447 2977 5485 ac
3003 5431 3214 5485 divitiis
3240 5430 3477 5483 habeant
3504 5445 3669 5485 vanas

2095 5536 2313 5579 nostras
2328 5524 2743 5593 occupationes,
2796 5532 2851 5578 et
2880 5523 3099 5579 labores
3150 5524 3298 5579 circa
3334 5534 3576 5585 carnem,
3611 5530 3669 5577 et
