4066 6282
440 269 541 326 39!

1480 268 1534 322 S.
1577 266 1848 324 CYRlLLl
1887 264 2353 321 ALEXANDRINI
2393 266 2707 323 ARCHIEP.

3589 266 3694 323 592

449 398 794 444 terrenarum
835 403 1016 444 rerum
1067 401 1294 452 curam;
1363 386 1593 456 ﬁgurate
1646 384 1916 455 signiﬁcat
1960 384 2004 438 id

2118 384 2212 437 καὶ
2239 382 2390 453 αύτῷ
2410 383 2487 454 τῷ
2506 385 2717 455 Σατανᾷ
2745 383 3050 452 λελόγισται
3073 400 3131 436 τε
3155 383 3247 436 καὶ
3275 380 3419 434 εστιν
3441 382 3469 434 ὁ
3493 381 3698 443 εἰκαῖος

445 481 591 550 quod
635 481 892 536 Israelita:
920 480 1034 534 luto
1059 495 1122 534 ac
1160 479 1428 533 lateribus
1459 478 1760 548 coquendis
1808 479 2012 544 vexati,

445 573 695 627 civitates
721 579 1010 627 exstruunt
1036 571 1304 626 Pharaoni
1341 589 1355 624 :
1383 570 1529 640 quod
1554 586 1686 626 vero
1708 571 1882 625 odiosi
1913 571 2017 640 ipsi

443 668 558 720 sint
581 665 827 729 masculi,
852 665 956 719 hoc
979 673 1084 730 est,
1111 664 1207 734 qui
1259 665 1327 719 ad
1364 663 1742 718 fortitudinem
1787 673 2017 717 conten-

443 755 597 817 dunt,
629 765 895 808 virtutum
918 755 1200 809 nimirum.
1227 755 1630 824 Propemodum
1648 765 1828 809 autem
1851 754 2018 809 suﬂ‘o—

441 851 529 897 cat
552 858 712 897 omne
751 843 806 896 id
829 844 975 913 quod
999 844 1319 899 bellicosum
1345 851 1449 908 est,
1467 843 1809 913 voluptatum
1859 859 2016 898 coeno

443 933 774 1003 immergens
823 952 836 988 :
876 934 1115 989 admittit
1135 950 1268 989 vero
1308 933 1364 988 id
1403 934 1547 1004 quod
1575 934 1799 989 minime
1849 935 2015 989 robu-

441 1029 584 1076 stum
601 1033 704 1089 est,
734 1032 790 1078 et
815 1033 1074 1094 tanquam
1100 1025 1295 1080 inutile
1313 1025 1521 1095 absque
1548 1040 1730 1095 pugna
1764 1040 1864 1080 suo
1885 1027 2016 1096 jugo

440 1116 716 1186 subjiciat,
743 1133 852 1172 non
876 1118 1107 1173 obscure
1131 1117 1630 1187 demonstratquod
1655 1117 1789 1172 dicit
1806 1133 2017 1172 mascu-

440 1206 553 1260 lum
580 1213 634 1261 in
659 1223 852 1278 aquam
877 1208 1038 1278 abjiei
1092 1207 1313 1266 debere.
1359 1207 1605 1262 femellas
1637 1217 1819 1263 autem
1865 1207 2016 1262 vivas

440 1300 759 1354 servandas.
803 1300 937 1354 Nam
980 1299 1083 1353 ista
1136 1315 1257 1368 qua:
1283 1301 1338 1355 in
1356 1301 1546 1355 oculos
1590 1306 1911 1363 occurrunt,
1951 1314 2016 1354 ac

438 1390 595 1459 quasi
623 1389 678 1442 in
699 1397 994 1458 conspectu
1019 1397 1166 1451 sunt,
1189 1390 1299 1459 typi
1338 1398 1468 1444 sunt
1503 1404 1694 1444 eorum
1725 1405 1846 1459 quae
1887 1397 2017 1443 sunt

438 1480 756 1534 obscuriora
780 1481 1060 1552 magisque
1088 1492 1315 1537 remota.
1365 1480 1502 1535 Cum
1551 1482 1734 1550 itaque
1769 1498 1870 1536 nos
1902 1483 2013 1552 jam

438 1567 566 1622 inde
605 1585 636 1622 a
685 1570 880 1640 primis
913 1571 1237 1640 parentibus
1267 1571 1646 1624 laboraremus
1691 1579 1935 1640 peccato,
1959 1579 2016 1625 et

2121 472 2277 542 ἡμῶν
2320 473 2736 544 περισπασμὸς,
2785 473 2880 526 καὶ
2922 475 2968 526 οἱ
3000 473 3130 544 περὶ
3172 473 3348 543 σάρκα
3389 471 3576 534 πόνοι,
3603 471 3700 523 καὶ

2122 565 2325 635 σπουδὴ
2355 564 2623 634 βλέπουσα
2655 567 2788 635 πρὸς
2816 565 2884 619 τά
2913 566 3256 636 γεωδέστερα
3276 602 3290 624 .
3322 561 3698 635 παραδείξειεν

2120 656 2184 710 ἂν
2215 657 2626 728 αἰνιγματωδῶς
2657 657 2716 710 τὸ
2749 657 2932 720 πόλεις
2963 657 3196 728 ἐγείρειν
3235 657 3314 728 τῷ
3351 650 3552 727 Φαραὼ
3584 657 3700 717 τοῖς

2119 747 2178 811 ἐξ
2217 747 2460 818 Ἰσραὴλ,
2521 747 2676 819 πηλῷ
2717 751 2812 803 καὶ
2857 748 3103 820 πλινθείᾳ
3143 747 3528 821 τρυχομένοις·
3562 763 3697 799 κατ-

2061 835 2069 840 ’
2119 837 2448 907 εστυγμένον
2473 855 2533 890 τε
2561 839 2642 890 ὃτι
2674 841 2902 891 ποιεῖται
2929 837 2988 890 τὸ
3017 837 3488 909 ἄρσεν,τουτέστι,
3519 837 3582 891 τὸ
3611 857 3700 892 νε-

2118 927 2308 990 νευκὸς
2347 930 2426 992 είς
2466 929 2736 999 ἀνδρείαν,
2780 930 2935 999 δῆλον
2969 931 3025 982 δὲ
3063 929 3145 982 ὅτι
3182 927 3280 999 τὴν
3315 927 3402 980 ἐπ’
3451 928 3694 997 ἀρεταῖς.

2116 1021 2417 1090 Μονονουχὶ
2464 1020 2518 1072 δέ
2563 1023 2655 1074 καὶ⁵
2700 1020 2986 1089 ἀποπνίγει
3035 1021 3095 1073 τὸ
3141 1021 3380 1091 μάχιμον
3429 1020 3542 1080 τοῖς
3586 1017 3697 1070 τῶν

2118 1108 2316 1177 ἡδονῶν
2377 1108 2651 1177 ἐγκαθιεὶς
2698 1110 2992 1180 τέλμασιν,
3056 1110 3339 1180 προσίεται
3400 1107 3456 1160 δέ
3513 1108 3572 1160 τὸ
3619 1106 3695 1178 μὴ

2118 1199 2400 1263 εὐσθενὲς,
2447 1200 2540 1253 καὶ
2581 1199 2655 1263 ὡς
2703 1202 2974 1272 ἄχρηστον
3005 1202 3208 1272 ἀμαχεὶ
3257 1203 3369 1263 τοῖς
3396 1199 3544 1262 ἰδίοις
3564 1201 3697 1252 ὑπο-

2119 1290 2270 1361 φέρει
2313 1290 2531 1359 ζυγοῖς,
2567 1290 2850 1356 ἐκδείξειεν
2881 1294 2980 1346 οὐκ
3016 1291 3349 1363 ἀσυμφανῶς
3394 1291 3454 1345 τὸ
3505 1291 3694 1363 ῥίπτε-

2119 1381 2240 1433 σθαι
2278 1382 2375 1452 μὲν
2406 1382 2516 1436 δεῖν
2545 1381 2604 1435 τὸ
2631 1384 2795 1454 ἄρσεν
2821 1385 2878 1436 ἐν
2902 1383 3056 1438 ὕδασι
3083 1384 3282 1452 λέγειν,
3313 1382 3695 1452 ζωογονεῖσθαι

2114 1471 2170 1523 δὲ
2194 1472 2253 1524 τὸ
2279 1471 2432 1542 θῆλυ.
2471 1471 2651 1537 Τύπος
2679 1473 2786 1544 γάρ
2818 1473 2882 1528 ἂν
2911 1475 3149 1543 γένοιντο
3169 1474 3278 1528 τῶν
3311 1473 3696 1544 ἀφανεστέρων

2115 1565 2181 1614 τὰ
2207 1562 2280 1627 ὼς
2313 1567 2370 1616 ἐν
2395 1564 2513 1634 ὕψει
2541 1581 2599 1617 τε
2628 1567 2720 1619 καὶ
2749 1567 3024 1638 ἐναργείᾳ.
3051 1566 3259 1620 Οὐκοῦν
3288 1567 3494 1621 ἄνωθέν
3517 1583 3572 1618 τε
3601 1568 3696 1618 καὶ

434 1659 708 1714 bonorum
742 1661 1044 1731 indigentia
1067 1661 1276 1731 gravati
1302 1676 1572 1726 essemus,
1612 1669 1776 1730 atque
1816 1662 2004 1715 immiti

2115 1654 2179 1705 ἐκ
2218 1654 2470 1723 πατέρων
2521 1656 2941 1728 ὴρρωστηκότες
2992 1658 3092 1728 τὴν
3137 1656 3433 1728 ἁμαρτίαν,
3484 1657 3578 1708 καὶ
3625 1658 3694 1726 τῇ

436 1749 549 1805 fere
573 1752 752 1805 omnis
775 1751 1035 1820 nequitize
1056 1752 1292 1821 principi
1323 1751 1618 1822 subjugati,
1673 1753 2004 1822 privatisque

2114 1743 2224 1796 τῶν
2255 1744 2473 1812 ἀγαθῶν
2506 1746 2682 1818 ἐνδείᾳ
2709 1747 3083 1819 πεπιεσμένοι,
3106 1748 3246 1817 τάχα
3279 1764 3380 1801 που
3411 1747 3504 1800 καὶ
3535 1747 3698 1800 ἀδου-

437 1841 765 1910 praasidibus
793 1843 1046 1912 subjecti,
1086 1842 1402 1906 immundis,
1429 1843 1674 1912 inquam,
1700 1843 2010 1912 spiritibus,

436 1939 600 2000 atque
626 1932 700 1985 ita
722 1932 790 1986 ad
823 1941 1123 1987 extremam
1156 1933 1521 1987 calamitatem
1547 1949 1636 1989 res
1659 1945 1859 1989 nostrae
1883 1951 2012 2005 per-

436 2021 735 2085 venissent,
798 2020 961 2092 24.8
1006 2021 1254 2091 nihilque
1297 2021 1364 2074 ad
1413 2036 1679 2076 summam
1736 2023 2011 2078 miseriam

435 2120 601 2182 atque
654 2128 925 2167 aerumnas
982 2113 1145 2184 adjici
1178 2120 1393 2182 posset,
1439 2114 1585 2168 Deus
1627 2115 1886 2169 misertus
1929 2121 2013 2169 est

435 2204 633 2269 nostri,
667 2203 978 2273 eripuitque
1004 2220 1104 2259 nos
1126 2220 1190 2258 ac
1211 2205 1456 2258 salvavit.
1485 2203 1602 2270 Quo
1627 2215 1809 2260 autem
1825 2205 2008 2271 modo,

435 2308 535 2360 per
562 2309 628 2348 ea
666 2311 786 2364 quae
809 2295 1070 2364 deinceps
1109 2294 1461 2364 adjiciuntur,
1509 2296 1896 2368 intelligemus.
1935 2298 2010 2352 Ea

433 2384 582 2438 enim
608 2400 728 2453 qua:
752 2387 818 2440 de
856 2385 1001 2439 Mose
1026 2387 1228 2454 scripta
1251 2393 1399 2450 sunt,
1431 2387 1486 2440 in
1515 2394 1700 2457 typum
1729 2405 1790 2442 ac
1829 2394 2008 2458 praeli-

435 2477 773 2547 gurationem
792 2478 985 2532 salutis
1013 2492 1132 2546 qua:
1155 2477 1316 2532 nobis
1342 2493 1439 2547 per
1477 2477 1756 2535 Christum
1815 2482 2008 2536 collata

433 2575 538 2631 est,
579 2567 894 2623 aﬂ'eremus.

505 2750 554 2803 4.
588 2768 605 2801 ι
643 2749 768 2803 Fuit
790 2759 973 2805 autem
997 2752 1241 2821 quidam,
1269 2753 1696 2823 inquit,detribu
1735 2756 1886 2823 Levi,
1915 2761 2007 2829 qui

432 2843 642 2911 accepit
668 2858 892 2897 uxorem
936 2843 1002 2898 de
1038 2842 1254 2898 ﬁliabus
1284 2845 1438 2911 Levi,
1467 2856 1523 2902 et
1551 2848 1747 2902 habuit
1771 2865 1913 2915 eam,
1953 2861 2009 2906 ct

433 2932 490 2986 in
521 2941 711 2988 ventre
739 2935 1009 3003 concepit,
1038 2941 1093 2988 et
1129 2937 1343 3005 peperit
1374 2938 1696 2998 masculum.
1747 2941 2009 2997 Videntes

431 3033 614 3078 autem
641 3025 793 3080 illum
819 3027 1142 3096 elegantem,
1168 3027 1575 3083 abseonderunt
1614 3031 1766 3085 illum
1801 3035 2006 3088 mensi-

431 3116 534 3171 bus
555 3117 748 3172 tribus.
776 3118 912 3184 Quia
937 3126 1119 3173 autem
1147 3135 1256 3173 non
1274 3128 1573 3190 potuerunt
1602 3123 1754 3177 illum
1773 3126 2008 3194 amplius

429 3208 788 3273 abscondere,
817 3211 1028 3279 accepit
1077 3211 1156 3263 illi
1183 3219 1359 3268 mater
1411 3213 1531 3282 ejus
1567 3214 1830 3269 ﬁscellam
1871 3221 2009 3271 seir-

430 3315 608 3369 peam,
635 3309 691 3354 et
717 3301 893 3354 linivit
917 3317 1036 3355 eam
1066 3303 1335 3357 bitumine
1357 3313 1411 3357 et
1461 3305 1602 3374 pice,
1634 3316 1690 3361 et
1748 3308 2008 3377 imposuit

429 3406 660 3459 puerum
685 3392 740 3445 in
764 3407 848 3456 ea,
874 3401 931 3445 et
953 3395 1270 3461 posuiteam
1305 3395 1360 3447 in
1387 3397 1586 3464 palude
1605 3399 1757 3467 juxta
1781 3398 2004 3454 ﬂumen.

429 3483 499 3537 Et
541 3483 928 3552 speculabatur
983 3500 1140 3539 soror
1181 3487 1300 3556 ejus
1354 3487 1421 3541 de
1451 3489 1610 3560 longe
1665 3501 1725 3546 ut
1773 3493 2009 3549 disceret

426 3574 559 3642 quid
581 3574 855 3628 accideret
875 3575 972 3628 illi.
999 3575 1294 3630 Descendit
1320 3585 1505 3632 autem
1539 3579 1650 3634 ﬁlia
1703 3583 2007 3643 Pharaonis

426 3667 780 3720 utlavaretur
798 3667 864 3720 ad
888 3665 1090 3722 ﬂumen
1119 3685 1131 3720 :
1158 3676 1214 3722 et
1235 3670 1447 3725 ancilla:
1471 3674 1589 3744 ejus
1611 3676 2004 3743 gradiebantur

425 3773 590 3827 super
614 3758 835 3813 ﬂumen.
862 3758 930 3812 Et
956 3758 1151 3814 videns
1173 3761 1416 3816 arculam
1437 3763 1502 3830 ,in
1528 3766 1748 3834 palude,
1779 3771 2004 3828 mittens

424 3849 716 3915 ancillam,
775 3850 990 3920 accepit
1048 3850 1218 3905 illam.
1269 3852 1540 3922 Aperiens
1588 3866 1773 3914 autem
1823 3866 2003 3922 cernit

424 3941 712 4010 parvulum
800 3943 1108 4012 vagientem
1182 3945 1239 3999 in
1330 3950 1552 4014 arcula,
1623 3958 1680 4006 et
1779 3956 2002 4014 miserta

422 4039 507 4088 est
549 4033 698 4088 illius
742 4033 850 4088 ﬁlia
904 4036 1224 4101 Pharaonis,
1267 4046 1323 4094 et
1346 4039 1483 4094 dixit
1519 4059 1531 4094 :
1572 4042 1649 4098 De
1697 4044 2001 4107 infantibus

424 4121 779 4175 Hebraeorum
807 4121 916 4175 hic.
963 4123 1032 4176 Et
1054 4123 1192 4178 dixit
1223 4141 1381 4180 soror
1402 4131 1560 4198 pueri
1605 4132 1729 4190 ﬁlia:
1755 4137 1996 4195 Pharao-

422 4212 543 4267 nis:
575 4213 670 4267 Vis
690 4228 881 4265 vocem
942 4213 1042 4267 tibi
1068 4216 1356 4270 mulierem
1380 4235 1501 4287 quae
1530 4225 1736 4279 nutriat
1786 4244 1854 4281 ex
1893 4230 1998 4285 He-

422 4299 604 4361 braeis,
660 4305 717 4351 et
744 4297 968 4351 lactabit
1012 4299 1112 4353 tibi
1151 4300 1525 4360 inlantulum?
1560 4309 1651 4363 Ait
1697 4321 1882 4368 autem
1916 4318 1996 4373 illi

2115 1835 2292 1906 λήτως
2323 1837 2370 1888 οἱ
2398 1836 2622 1901 τάλανες
2667 1837 2744 1908 τῷ
2773 1839 2870 1909 τῆς
2909 1839 3106 1902 κακίας
3149 1836 3432 1910 ἐξάρχοντι
3481 1838 3697 1908 Σατανᾷ

2115 1926 2559 1998 κατεξεύγμεθα,
2593 1931 2685 1982 καὶ
2717 1933 2827 1993 τοῖς
2865 1933 2963 2001 τῆς
3009 1929 3343 2000 φαυλότητος
3376 1929 3697 1991 ἐπιστάταις

2117 2020 2553 2091 ύπενηνέγμεθα,
2577 2020 2719 2094 φημὶ
2746 2021 2810 2093 δὴ
2836 2024 2946 2086 τοῖς
2969 2022 3300 2093 ἀκαθάρτοις
3328 2022 3568 2088 δαίμοσι,
3599 2020 3697 2075 καὶ

2115 2107 2184 2182 ἦν
2229 2115 2286 2165 ἐν
2318 2111 2516 2184 λοίσθῳ
2542 2112 2634 2166 τοῦ
2667 2113 2866 2177 παντὸς
2901 2113 3000 2184 ἥδη
3035 2113 3205 2167 κακοῦ
3249 2114 3318 2167 τά
3354 2113 3474 2166 καθ’
3507 2114 3656 2183 ἡμᾶς
3677 2153 3694 2179 ,

2116 2203 2488 2268 ἐκλελοιπότος
2531 2205 2743 2269 οὐδενὸς
2790 2205 2896 2260 τῶν
2943 2207 3023 2269 εἰς
3057 2205 3346 2282 ἀθλιότητα
3381 2207 3475 2258 καὶ
3507 2205 3696 2260 ταλαι-

2117 2295 2351 2366 πωρίαν,
2399 2296 2538 2369 πλὴν
2577 2297 2727 2367 ¹ἠλέει
2762 2297 2895 2361 Θεὸς
2917 2339 2931 2362 ,
2969 2298 3203 2364 ἐξείλετό
3236 2314 3296 2350 τε
3333 2299 3428 2351 καὶ
3460 2299 3692 2350 σέσωκε.

2117 2388 2226 2440 Καὶ
2256 2387 2377 2441 τίνα
2405 2388 2469 2460 δὴ
2491 2389 2711 2459 τρόπον,
2737 2388 2824 2442 διὰ
2853 2389 2962 2442 τῶν
2986 2388 3184 2459 ἐφεξῆς
3207 2391 3300 2442 καὶ
3327 2389 3695 2460 παρεζευγμέ·

2117 2493 2221 2530 νων
2249 2477 2528 2548 εἰσόμεθα.
2567 2478 2912 2548 Παροίσομεν
2950 2480 3058 2550 γὰρ
3093 2480 3172 2543 εἰς
3203 2480 3387 2533 εἰκόνα
3435 2479 3526 2533 καὶ
3564 2480 3697 2532 ὑπο-

2110 2568 2351 2622 τύπωσιν
2379 2569 2478 2638 τῆς
2503 2568 2589 2622 διὰ
2619 2570 2856 2640 Χριστοῦ
2887 2572 3158 2642 σωτηρίας
3184 2571 3252 2625 τά
3278 2571 3371 2625 ἐπὶ
3399 2570 3697 2642 τῷθεσπεο

2113 2662 2212 2732 σίῳ
2242 2662 2431 2715 Μωσεῖ
2462 2663 2846 2732 γεγραμμένα.

2182 2754 2241 2807 δ’.
2283 2772 2301 2804 ι
2343 2749 2452 2807 ’Ἦν
2489 2754 2546 2808 δέ
2588 2771 2671 2818 τις
2711 2755 2774 2807 ἐκ
2818 2755 2919 2824 τῆς
2971 2753 3141 2825 φυλῆς
3199 2755 3352 2820 Λευῒ,
3391 2755 3450 2820 ὃς
3501 2755 3695 2809 ἔλαϐεν

2112 2844 2180 2898 ἐκ
2217 2845 2327 2898 τῶν
2368 2845 2686 2917 θυγατέρων
2708 2843 2862 2909 Λευῖ,
2917 2845 3012 2898 καὶ
3067 2843 3223 2914 ἔσχεν
3261 2844 3462 2914 αὐτὴν,
3499 2845 3591 2897 καὶ
3637 2847 3694 2897 ἐν

2111 2936 2308 3006 γαστρὶ
2336 2935 2547 2998 ἔλαϐεν,
2597 2936 2692 2989 καὶ
2728 2934 2914 2988 ἔτεκεν
2958 2934 3143 3005 ἄρσεν.
3193 2934 3413 2997 Ἰδόντες
3461 2935 3516 2988 δὲ
3559 2935 3693 2988 αὐτὸ

2111 3029 2346 3091 ἀστεῖον,
2395 3028 2708 3081 ἐσκέπασαν
2750 3027 2883 3080 αὐτὸ
2929 3027 3102 3098 μῆνας
3141 3031 3311 3098 τρεῖς.
3374 3024 3592 3098 Ἐπειδὴ
3634 3026 3690 3080 δέ

2111 3119 2210 3171 οὐκ
2246 3117 2506 3188 ἠδύναντο
2541 3117 2622 3170 ἐτι
2677 3118 2940 3186 κρύπτειν
2991 3117 3142 3181 αὐτὸ,
3192 3117 3453 3188 ἔλαϐενή
3506 3120 3689 3190 μήτηρ

2112 3208 2276 3262 αὑτοῦ
2311 3209 2489 3280 θίϐην,
2523 3211 2617 3264 καὶ
2646 3211 2970 3280 κατέχρισεν
3004 3209 3172 3282 αὐτὴν
3206 3210 3467 3282 ἀσφάλτῳ
3495 3211 3686 3285 πίσσῃ,

2111 3301 2204 3354 καὶ
2235 3300 2455 3354 ἐνέϐαλε
2489 3301 2550 3355 τὸ
2583 3301 2791 3356 παιδίον
2826 3302 2906 3365 εις
2944 3301 3132 3373 αὐτὴν,
3164 3303 3256 3355 καὶ
3288 3302 3485 3372 ἔθηκεν
3521 3301 3689 3373 αὐτὴν

2110 3395 2190 3454 είς
2220 3393 2281 3446 τὸ
2312 3393 2433 3456 ἕλος
2471 3394 2600 3465 περὶ
2623 3395 2714 3448 τὸν
2750 3393 3014 3464 ποταμόν.
3067 3393 3174 3446 Καὶ
3213 3395 3614 3448 κατεσκόπευεν
3654 3397 3687 3465 ἡ

2109 3486 2314 3556 ἀδελφὴ
2341 3485 2507 3539 αὐτοῦ
2546 3485 2838 3558 μακρόθεν,
2882 3485 3071 3556 μαθεῖν
3105 3486 3157 3539 τί
3185 3487 3247 3540 τὸ
3274 3486 3687 3557 ἀποϐησόμενον

2108 3575 2273 3646 αὐτῷ.
2306 3576 2529 3648 Κατέϐη
2563 3577 2620 3631 δέ
2656 3579 2688 3649 ἡ
2729 3577 2977 3649 θυγάτηρ
3013 3577 3213 3648 Φαραὼ
3252 3577 3547 3632 λούσασθαι
3591 3581 3686 3632 ἐπὶ

2106 3671 2196 3723 τὸν
2241 3671 2507 3741 ποταμὸν,
2557 3673 2651 3725 καὶ
2696 3673 2749 3725 αἱ
2805 3672 2969 3743 ἆὸραι
3015 3673 3186 3742 αὐτῆς
3244 3673 3688 3745 παρεπορεύοντο

2108 3763 2262 3834 παρά
2309 3762 2401 3816 τὸν
2435 3764 2701 3834 ποταμόν.
2733 3764 2843 3816 Καὶ
2889 3764 3076 3818 ίδοῦσα
3122 3765 3281 3836 θί6ην
3324 3765 3385 3819 ἐν
3438 3765 3515 3836 τῷ
3547 3765 3683 3831 ἕλει,

2105 3855 2471 3908 ἀποστείλασα
2509 3856 2607 3925 τὴν
2641 3855 2836 3926 ἅϐραν,
2871 3855 3110 3909 ἀνείλετο
3156 3857 3346 3929 αὑτήν.
3399 3857 3686 3923 Ἀνοίξασα

2103 3946 2180 4010 δὲ,
2205 3946 2311 4016 ὁρᾷ
2342 3945 2750 3999 παιδίονκλαῖον
2771 3946 2829 3998 ἐν
2853 3949 2917 4017 τῇ
2936 3945 3084 4018 θίϐῃ,
3111 3947 3205 4000 καὶ
3232 3947 3487 4016 ἐφείσατο
3512 3946 3682 4002 αὑτοῦ

2103 4040 2134 4107 ἡ
2172 4039 2417 4108 θυγάτηρ
2443 4037 2664 4109 Φαραὼ,
2689 4039 2786 4092 καὶ
2829 4039 2933 4109 ἔφη
2956 4055 2968 4068 ’
3011 4038 3143 4091 Ἀπὸ
3175 4037 3281 4091 τῶν
3311 4036 3538 4091 παιδίων
3567 4039 3682 4092 τῶν

2115 4131 2377 4202 Ἐϐραίων
2407 4130 2586 4186 τοῦτο.
2640 4131 2752 4184 Καὶ
2786 4127 2941 4185 εἶπεν
2980 4132 3013 4201 ἡ
3047 4130 3250 4201 ἀδελφὴ
3285 4130 3449 4183 αὐτοῦ
3479 4134 3544 4202 τῇ
3579 4130 3681 4185 θυ-

2101 4221 2262 4292 γατρὶ
2299 4221 2499 4291 ⁴ιδαραώ
2522 4238 2535 4252 ·
2567 4221 2756 4285 Θέλεις
2779 4221 2992 4274 καλέσω
3015 4239 3097 4274 σοι
3119 4225 3355 4290 γυναῖκα
3380 4222 3682 4294 τροφεύου-

2102 4327 2200 4363 σαν
2231 4313 2295 4363 ἐκ
2334 4309 2442 4362 τῶν
2492 4311 2782 4381 Ἐϐραίων,
2811 4313 2904 4364 καὶ
2944 4310 3168 4381 θηλάσει
3210 4329 3292 4365 σοι
3325 4313 3387 4365 τὸ
3422 4314 3676 4382 παιδίον;

422 4389 533 4443 tilia
554 4387 862 4443 Pharaonis
897 4407 909 4442 :
936 4389 1103 4445 Vade.
1144 4393 1385 4464 Pergens
1406 4404 1587 4454 autem
1613 4404 1794 4473 puella
1826 4423 1991 4464 voea-

2110 4401 2173 4454 Ἡ
2208 4402 2265 4455 δὲ
2296 4396 2437 4454 εἴπεο
2477 4401 2738 4474 Πορεύου.
2786 4403 3123 4457 Ἀπελθοῦσα
3150 4405 3207 4458 δὲ
3248 4407 3281 4476 ἡ
3318 4407 3499 4468 νεᾶνις
3544 4408 3680 4462 ἐκά-

420 4479 500 4533 vit
525 4487 755 4534 matrem
785 4480 963 4549 pueri.
992 4481 1138 4536 Dixit
1172 4492 1358 4539 autem
1383 4490 1451 4542 ad
1501 4489 1648 4546 illam
1700 4493 1809 4550 lilia
1852 4497 1993 4554 Pha—

421 4569 840 4625 raonis:Serva
880 4572 1014 4627 mihi
1059 4590 1293 4644 puerum
1340 4579 1526 4646 istum,
1581 4593 1638 4638 et
1689 4586 1828 4642 laeta
1858 4592 1993 4646 mihi

418 4660 573 4714 illum
617 4677 628 4712 :
665 4675 764 4752 ego
800 4670 984 4752 autem
1042 4666 1142 4720 tibi
1185 4667 1327 4723 dabo
1381 4675 1714 4729 mercedem.
1768 4678 1994 4752 Accepit

415 4760 598 4806 autem
622 4750 821 4805 mulier
847 4751 1130 4818 infantem,
1153 4766 1209 4811 et
1229 4759 1448 4814 lactavit
1472 4764 1644 4819 illum.
1668 4767 1870 4826 Adulto
1893 4750 1993 4827 aiu-

415 4849 524 4896 κω
548 4857 742 4912 puero,
769 4844 953 4898 attulit
987 4844 1140 4900 illum
1166 4847 1235 4902 ad
1261 4847 1426 4904 filiam
1457 4853 1776 4924 Pharaonis,
1820 4870 1875 4916 et
1905 4863 1990 4918 fa-

413 4941 535 4986 ctus
584 4940 670 4985 est
693 4932 772 4987 illi
822 4933 877 4987 in
900 4933 1095 4991 ﬁlium.
1129 4939 1358 4994 Vocavit
1399 4950 1583 4998 autem
1611 4963 1811 5005 nomen
1843 4954 1982 5022 ejus,

411 5021 616 5085 Mosen,
668 5023 876 5088 dicens,
901 5025 1170 5091 Quoniam
1215 5045 1284 5084 ex
1328 5046 1470 5102 aqua
1519 5034 1672 5092 illum
1722 5043 1821 5096 tuli
1854 5021 1920 5096 '7‘.
1959 5064 1976 5096 ι

407 5107 704 5182 Positquam
727 5114 874 5168 enim
898 5115 1044 5170 Deus
1064 5119 1443 5177 misericordia
1469 5125 1700 5183 allectus
1735 5141 1821 5186 est
1857 5149 1986 5204 erga

408 5203 697 5266 mundum,
745 5205 840 5274 qui
887 5212 1028 5260 tetro
1063 5215 1120 5261 et
1141 5210 1352 5265 crudeli
1413 5221 1643 5284 tyranno
1689 5203 1984 5288 serviebat,

407 5295 632 5365 prdprio
655 5295 794 5350 Filio
817 5312 918 5351 suo
941 5313 1049 5352 non
1073 5303 1340 5368 pepercit,
1358 5303 1502 5360 sicut
1526 5309 1793 5378 scriptum
1809 5321 1894 5367 est
1914 5313 1983 5378 ";

407 5385 502 5437 sed
538 5400 664 5439 eum
685 5402 786 5455 pro
809 5389 1065 5445 omnibus
1087 5393 1246 5448 nobis
1264 5397 1515 5454 tradidit.
1555 5400 1612 5456 ln
1647 5402 1821 5457 forma
1839 5405 1986 5458 enim

405 5475 694 5541 assistens,
719 5485 775 5529 et
795 5479 1106 5545 aequalitate
1133 5485 1198 5536 ad
1229 5486 1405 5554 ipsum
1432 5503 1499 5542 ex
1526 5489 1664 5559 ipso,
1690 5501 1745 5546 et
1784 5494 1838 5548 in
1871 5495 1988 5564 ipso

483 5645 531 5677 “
577 5646 750 5703 Exod.
783 5664 840 5712 ιι,
877 5651 1028 5706 l-lO.
1107 5656 1153 5688 "
1190 5657 1346 5713 Rom.
1390 5677 1502 5728 vm,
1534 5665 1622 5720 32.

2095 4495 2218 4548 λεσε
2250 4494 2347 4565 τὴν
2375 4495 2586 4565 μητέρα
2621 4494 2714 4547 τοῦ
2741 4496 2978 4550 παιδίου.
3012 4493 3149 4551 Εῐπε
3181 4497 3238 4550 δέ
3266 4497 3400 4568 αὐτῇ
3431 4499 3464 4568 ή
3499 4498 3677 4567 θυγάο

2093 4604 2197 4658 τηρ
2225 4585 2455 4657 Φαραώ·
2491 4587 2832 4658 Διατήρησόν
2875 4605 2964 4657 μοι
2998 4589 3058 4642 τὸ
3096 4590 3307 4643 παιδίον
3357 4589 3535 4655 τοῦτο,
3574 4592 3677 4644 καὶ

2094 4677 2327 4748 θήλασόν
2346 4695 2438 4745 μοι
2467 4677 2619 4742 αὐτὸ,
2639 4677 2748 4747 ἐγὼ
2770 4679 2826 4732 δὲ
2847 4679 3004 4732 δώσω
3023 4697 3104 4734 σοι
3119 4681 3208 4734 τὸν
3236 4681 3448 4751 μισθόν.
3467 4682 3674 4737 Ἐλαὸε

2090 4770 2147 4823 δὲ
2179 4771 2210 4841 ἡ
2245 4769 2380 4840 γυνὴ
2420 4769 2482 4822 τὸ
2511 4771 2743 4836 παιδίον,
2774 4773 2870 4825 καὶ
2900 4772 3161 4844 ἐθήλασεν
3187 4773 3370 4827 αὐτόν.
3414 4774 3671 4846 Ἀνδρυν-

2092 4861 2276 4924 θέντος
2299 4861 2356 4914 δὲ
2383 4862 2481 4932 ἤδη
2510 4861 2599 4915 τοῦ
2633 4863 2869 4930 παιδίου,
2910 4865 3206 4935 εἰσήγαγεν
3240 4867 3373 4920 αὐτὸ
3405 4867 3540 4938 πρὸς
3567 4867 3671 4940 τὴν

2094 4951 2370 5021 θυγατέρα
2402 4951 2620 5021 Φαραὼ,
2658 4954 2752 5006 καὶ
2789 4953 3022 5024 ἐγενήθη
3055 4956 3194 5026 αὐτῇ
3244 4957 3320 5019 εἰς
3349 4957 3488 5009 υἱόν.
3535 4957 3672 5011 Ἐπ-

2091 5041 2342 5112 ωνόμασε
2360 5041 2417 5092 δὲ
2443 5042 2505 5094 τὸ
2537 5042 2707 5112 ὄνομα
2730 5043 2917 5110 αὐτοῦ,
2941 5045 3169 5116 Μωσῆς,
3184 5045 3436 5116 λέγουσα·
3456 5047 3549 5101 Ἐκ
3571 5047 3669 5101 τοῦ

2092 5131 2281 5196 ὓδατος
2311 5132 2601 5204 ἀνειλόμην
2643 5134 2826 5188 αὐτόν.
2876 5154 2895 5187 ι
2944 5136 3163 5208 Ἐπειδὴ
3192 5138 3301 5208 γάρ
3341 5140 3370 5190 ὁ
3403 5137 3533 5201 Θεὸς
3570 5141 3670 5192 καὶ

2090 5225 2134 5276 ll
2146 5225 2282 5294 ατὴρ
2306 5225 2452 5292 ἠλέει
2478 5224 2662 5279 λοιπὸν
2685 5225 2784 5298 τὴν
2809 5227 2900 5280 ὑπ’
2925 5228 3176 5299 οὐρανὸν,
3197 5228 3396 5299 ἀνοσίῳ
3416 5229 3671 5302 τυράννῳ

2086 5317 2182 5368 καὶ
2214 5315 2482 5387 ὠμοτάτῳ
2519 5317 2688 5390 λῃστῇ
2728 5319 3080 5390 θητεύουσαν,
3112 5320 3206 5374 τοῦ
3246 5321 3376 5374 ἰδίου
3407 5320 3538 5373 Υίοῦ
3560 5322 3668 5376 οὐκ

2087 5407 2361 5475 ἐφείσατο,
2417 5408 2557 5462 κατὰ
2594 5410 2655 5462 τὸ
2695 5414 3100 5484 γεγραμμένον,
3153 5412 3269 5465 ἀλλ’
3317 5411 3458 5484 ὑπὲρ
3505 5413 3668 5482 ἡμῶν

2088 5497 2304 5552 πάντων
2341 5500 2655 5569 παρέδωκεν
2686 5504 2867 5560 αὐτόν.
2913 5504 3001 5558 Ἐν
3039 5507 3220 5574 μορφῇ
3257 5503 3364 5574 γὰρ
3397 5503 3666 5574 ὑπάρχων
