4066 6282
512 323 622 380 395

1543 317 1600 372 S.
1639 314 1910 371 CYRILLI
1950 311 2414 368 ALEXANDRINI
2452 309 2750 366 ARClllEP

3661 303 3769 359 596

513 432 624 488 lius
652 440 835 488 autem
861 438 1034 487 estote
1058 428 1287 501 perfecti
1318 431 1382 484 ³¹.
1409 449 1425 481 ι
1460 427 1689 484 Constat
1728 426 1895 497 igitur
1929 423 2088 479 Chri-

2199 423 2468 495 μακάριος
2510 424 2755 487 Παῦλοςο
2807 441 2825 474 ι
2878 419 3142 489 Ἀδελφοί,
3195 418 3270 489 μὴ
3303 416 3495 471 παιδία
3555 416 3772 486 γίνεσθε

521 537 665 583 stum
692 536 912 598 propter
931 524 1154 579 deitatis
1186 522 1555 577 innocentiam
1585 530 1842 589 tanquam
1884 519 1940 572 in
1964 532 2090 587 par-

522 622 650 676 vulo
675 616 988 689 signiﬁcari.
1017 616 1190 670 Porro
1213 613 1266 668 in
1296 612 1469 669 sacris
1488 610 1715 665 Litteris
1736 607 1901 663 Mosis
1933 614 2092 677 pater

523 710 741 767 silentio
766 705 1018 762 consulto
1043 702 1355 774 praeteritus
1390 709 1494 756 est.
1521 699 1777 754 Licuerat
1807 695 1955 751 enim
2004 694 2092 749 di-

514 817 644 858 cere
672 818 686 853 :
718 799 818 855 llic
846 798 933 851 vir
957 796 1114 851 duxit
1148 809 1374 850 uxorem
1412 809 1481 847 ex
1508 791 1721 846 ﬁliabus
1771 787 1940 853 Levi;
1997 784 2093 840 sed

514 893 727 949 dictum
757 900 861 955 est,
904 909 922 940 ι
945 890 1074 944 Erat
1109 887 1391 957 quidam,»
1428 892 1490 939 ut
1510 882 1731 952 oblique
1762 877 2095 950 signiﬁcaret

513 982 801 1037 Christum
823 977 1127 1034 secundum
1147 990 1367 1039 carnem
1394 988 1502 1052 non
1551 971 1811 1027 habuisse
1856 976 2089 1040 patrem,

517 1086 832 1145 quanquam
885 1069 1085 1140 Ioseph
1133 1067 1306 1137 ipsius
1336 1076 1492 1135 pater
1526 1063 1597 1118 sit
1628 1061 1867 1116 habitus.
1908 1079 1927 1110 ι
1965 1059 2094 1114 Erat

518 1175 726 1229 autem,
761 1163 960 1233 inquit,
984 1176 1122 1231 puer
1139 1160 1359 1228 elegans
1379 1157 1460 1208 ".'
1479 1154 1730 1224 »_Etenim
1761 1171 1778 1203 ι
1816 1150 2092 1222 speciosus

519 1258 694 1311 forma
733 1267 844 1324 pra:
874 1251 1001 1305 ﬁliis
1039 1248 1323 1304 hominum
1357 1265 1377 1296 ι
1423 1254 1479 1300 et
1508 1251 1736 1298 vocatus
1771 1250 1874 1305 est,
1917 1247 1974 1296 et
2009 1246 2093 1293 est

520 1348 794 1404 Christus.
822 1345 960 1398 Hinc
978 1342 1053 1396 ita
1098 1340 1251 1394 illum
1278 1338 1407 1393 alibi
1442 1336 1735 1407 compellat
1767 1334 1961 1389 beatus
1982 1331 2092 1387 Da-

523 1437 611 1492 vid
669 1454 682 1489 :
734 1455 752 1486 ι
815 1432 1113 1502 Accingere
1151 1428 1331 1500 gladio
1365 1434 1459 1481 tuo
1508 1439 1672 1494 super
1707 1422 1886 1477 femur
1918 1427 2091 1483 tuum,

522 1538 718 1601 potens
744 1525 883 1581 facie
906 1531 963 1579 et
988 1518 1402 1593 pulchritudine
1429 1516 1492 1569 ³³.
1544 1534 1561 1565 ι
1593 1514 1764 1569 Nemo
1803 1526 1935 1565 vero
1987 1508 2093 1564 du-

521 1619 800 1683 bitaverit,
821 1617 955 1687 quin
976 1609 1330 1685 pulchritudo
1349 1606 1684 1677 intelligatur
1706 1604 1773 1659 de
1797 1619 1859 1657 ea
1875 1617 1997 1671 quae
2012 1609 2096 1656 est

522 1715 579 1769 in
596 1711 768 1784 gloria
790 1716 846 1763 et
863 1714 1059 1761 natura
1082 1701 1302 1757 deitatis
1315 1698 1496 1754 omnia
1518 1693 2097 1767 superantis,quando-

2194 516 2315 577 ταῖς
2334 515 2546 585 φρεσὶν,
2572 515 2707 569 ἀλλὰ
2735 516 2801 586 τῇ
2830 513 3001 584 κακίᾳ
3026 510 3320 580 νηπιάζετε
3341 527 3356 541 ·
3384 512 3507 575 ταῖς
3534 510 3591 563 δὲ
3612 510 3775 580 φρεσὶ

2194 605 2387 660 τέλειοι
2427 606 2664 674 γίνεσθε.
2705 623 2724 658 ι
2761 606 3002 677 Ἀραρεν
3029 600 3123 659 οὖν
3155 604 3237 657 ὅτι
3269 601 3362 658 διὰ
3396 600 3495 674 τὴν
3526 601 3628 672 τῆς
3653 600 3772 654 0:6-

2195 713 2356 765 τητος
2406 696 2643 750 ἀκακίαν
2690 696 2767 759 ὡς
2819 696 2877 748 ὲν
2921 693 3102 766 νηπίῳ
3144 692 3379 765 Χριστὸς
3428 691 3773 763 σημαίνεται.

2195 787 2490 859 Σεσίγηται
2522 787 2578 841 δὲ
2614 786 2707 841 καὶ
2736 789 2795 841 ὲν
2820 788 2932 850 τοῖς
2956 787 3119 857 ἱεροῖς
3147 783 3474 855 Γράμμασιν
3504 783 3775 852 οἰκονομι-

2196 878 2307 943 κῶς
2335 881 2365 933 6
2400 879 2645 943 Μωσέως
2669 880 2873 951 πατήρ.
2898 879 3009 934 Καὶ
3028 878 3136 950 γὰρ
3162 877 3282 931 ἐνὸν
3311 878 3485 930 εἰπεῖν
3504 893 3518 904 ·
3554 876 3613 929 '0
3628 876 3773 932 δεῖνα

2194 969 2354 1041 τυχὸν
2376 968 2567 1024 ἔλαϐεν
2586 968 2773 1025 ἐκτῶν
2794 968 3108 1039 θυγατέρων
3128 967 3280 1021 Δευΐ·’
3299 966 3360 1019 τὸ
3383 961 3612 1032 δὲ,ι*Ην
3629 983 3735 1030 τις,
3748 985 3768 1017 ι

2197 1061 2477 1132 φησὶν,ὅτι
2504 1062 2598 1116 καὶ
2630 1060 2859 1133 ἀπάτωρ
2887 1061 2949 1114 τὸ
2990 1059 3132 1115 κατά
3160 1060 3339 1131 σάρκα
3373 1058 3608 1130 Χριστὸς
3637 1059 3774 1112 πλα-

2177 1152 2330 1220 [γίως
2355 1151 2657 1223 ὑποδηλῶν,
2701 1152 2842 1223 πλὴν
2883 1154 2941 1205 ἐν
2970 1150 3175 1222 ὑποψίᾳ
3202 1150 3392 1218 γέγονε
3422 1151 3625 1220 πατήρο
3659 1152 3773 1204 ένο-

2201 1241 2388 1311 μίζετο
2412 1240 2523 1312 γὰρ
2568 1241 2682 1303 υίὸς
2728 1235 2868 1293 εἶναι
2908 1240 3127 1309 Ἰωσήφ,
3170 1259 3189 1291 ι
3241 1238 3382 1293 Ἀλλ’
3418 1233 3487 1309 ἦν
3534 1240 3768 1300 ἀστεῖον.

2197 1332 2351 1403 φησὶ,
2388 1333 2446 1385 τ’)
2473 1331 2704 1385 παιδίον.
2751 1350 2770 1382 ι
2807 1331 2918 1384 Καὶ
2944 1330 3053 1401 γὰρ
3100 1350 3119 1382 ι
3158 1330 3357 1402 ὡραῖος
3389 1329 3574 1385 κάλλει
3621 1334 3772 1400 παρὰ

2197 1427 2322 1487 τοὺς
2350 1424 2497 1487 υἱοὺς
2534 1423 2643 1476 τῶν
2669 1421 2972 1494 ἀνθρώπων
3004 1441 3023 1474 ι
3070 1420 3386 1492 ὠνόμασταί
3416 1439 3475 1476 τε
3519 1423 3614 1476 καὶ
3655 1422 3771 1476 ἔστι

2198 1514 2449 1584 Χριστός.
2497 1514 2797 1583 Ἐπεφώνει
2832 1513 2888 1567 δὲ
2914 1512 3063 1583 αύτῷ
3092 1514 3185 1567 καὶ
3205 1512 3432 1586 ἑτέρωθί
3471 1531 3573 1567 που
3611 1513 3770 1587 πάλ;ν
3801 1508 3811 1516 ’

2198 1609 2227 1659 6
2255 1605 2539 1669 θεσπέσιος
2578 1604 2761 1658 Δαϐίδ·
2804 1623 2824 1656 ι
2871 1604 3182 1675 Περίζωσαι
3215 1605 3315 1677 τὴν
3355 1605 3630 1674 ῥομφαίαν
3676 1622 3768 1659 σου

2199 1695 2291 1749 ἐπὶ
2318 1695 2408 1749 τὸν
2433 1695 2605 1767 μηρόν
2629 1712 2743 1762 σου,
2778 1695 2969 1748 δυνατὲ
3016 1698 3082 1766 τῇ
3118 1696 3415 1767 ὡραιότητί
3449 1714 3540 1751 σου
3571 1698 3665 1751 καὶ
3692 1700 3770 1767 τῷ

522 1782 744 1875 quidem
770 1796 955 1854 carnis
978 1792 1500 1865 gloriationesnemo
1519 1784 1832 1855 ascripserit
1855 1782 2094 1845 Christo,

2199 1787 2383 1871 κάλλει
2419 1804 2532 1842 σου.
2574 1806 2592 1839 ι
2620 1787 2858 1859 Νοητέον
2881 1788 2936 1841 δὲ
2962 1788 3044 1841 ὅτι
3074 1788 3135 1841 τὸ
3157 1788 3353 1852 κάλλος
3375 1788 3436 1841 τὸ
3463 1790 3540 1852 ὡς
3562 1790 3619 1842 ὲν
3643 1790 3774 1864 δόξῃ

523 1873 702 1964 neque
722 1890 777 1944 in
798 1886 1023 1959 gloriam
1049 1882 1222 1953 ipsius
1236 1878 1511 1935 censuerit
1540 1876 1716 1930 :absit
1737 1876 1860 1928 hoc.
1897 1873 2093 1927 Totum

523 1987 671 2042 enim
705 1978 1023 2053 mysterium
1050 1970 1443 2030 incarnationis
1474 1968 1646 2039 ipsius
1680 1974 1764 2022 est
1794 1964 2094 2020 exinanitio

524 2088 581 2133 et
599 2071 932 2135 humiliatio,
958 2069 1102 2123 sicut
1134 2064 1355 2136 scripsit
1376 2061 1444 2117 de
1469 2076 1536 2115 eo
1565 2059 1833 2130 propheta
1883 2055 2050 2110 Isaias
2078 2071 2091 2107 :

532 2191 549 2222 ι
584 2170 653 2224 Et
681 2164 921 2220 vidimus
947 2161 1148 2231 ipsum,
1176 2165 1233 2211 et
1256 2170 1367 2209 non
1381 2150 2095 2221 babebatspcciem,neque

525 2254 990 2333 pulchritudinem
1028 2268 1041 2303 :
1082 2249 1176 2304 sed
1207 2247 1420 2318 species
1459 2246 1577 2315 ejus
1603 2252 1721 2298 erat
1743 2241 1882 2296 infra
1905 2254 2096 2294 omnes

526 2332 667 2407 filios
711 2347 993 2404 hominum
1035 2341 1103 2397 ⁸⁵.
1158 2360 1179 2393 ι
1246 2340 1601 2409 Nequaquam
1666 2350 1798 2390 vero
1861 2332 2097 2388 dicimus

524 2443 671 2516 quod
704 2438 1061 2512 propheticus
1087 2448 1269 2489 sermo
1293 2432 1454 2486 nobis
1485 2428 1705 2484 deitatis
1744 2428 2097 2500 gloriationcs

522 2537 782 2604 exponat,
811 2526 909 2583 sed
942 2525 1124 2597 potius
1149 2519 1444 2593 persuadet
1465 2519 1624 2573 nobis
1646 2528 1707 2572 ut
1731 2517 2098 2587 intelligamus

524 2641 591 2681 ea
641 2636 763 2695 quae
798 2620 980 2677 carnis
1028 2624 1176 2679 sunt,
1230 2613 1423 2669 collata
1464 2627 1588 2665 cum
1638 2610 1808 2680 gloria
1855 2607 2094 2672 deitatis,

526 2730 753 2788 prorsus
809 2712 1021 2789 nullius
1041 2723 1163 2766 esse
1211 2703 1496 2767 momenti,
1547 2707 1641 2755 aut
1690 2699 1875 2771 pretii.
1924 2698 2099 2752 Filius

525 2808 672 2864 enim
722 2806 777 2860 in
805 2804 991 2876 specie
1033 2796 1288 2872 apparuit
1314 2793 1609 2849 admodum
1659 2790 1913 2846 deformi.
1953 2791 2100 2844 Deus

525 2898 674 2953 enim
696 2912 820 2953 cum
838 2892 910 2951 sit
932 2899 1124 2963 suapte
1147 2896 1363 2949 natura,
1387 2884 1565 2939 factus
1586 2891 1671 2937 est
1692 2882 1877 2936 homo.
1907 2879 2099 2935 Inﬁni-

528 2988 599 3043 tis
628 2996 810 3042 autem
840 2995 897 3041 et
920 2974 1441 3051 incomparabilibus
1461 2970 1790 3027 diﬂ‘erentiis
1810 2967 1989 3022 minor
2016 2976 2101 3022 est

528 3081 694 3135 homo
719 3092 882 3149 quam
919 3077 1087 3131 Deus.

2196 1894 2278 1939 τε,
2305 1877 2469 1946 φημὶ,
2495 1874 2591 1928 καὶ
2623 1874 2783 1944 φύσει
2811 1875 2911 1945 τῆς
2937 1874 3075 1946 ὑπὲρ
3108 1875 3282 1929 πάντα
3301 1875 3553 1946 θεότητος
3577 1875 3680 1930 οὐκ
3704 1876 3771 1929 ἂν

2191 1967 2485 2021 ἐνδοιάσειέ
2512 1983 2595 2030 τις
2618 1982 2631 1995 ⁸
2664 1967 2726 2021 οὑ
2756 1966 2864 2038 γὰρ
2903 1967 2966 2039 δή
3002 1984 3102 2020 που
3133 1966 3201 2020 τὰ
3243 1967 3446 2038 σαρκὸς
3479 1967 3772 2038 αὐχήματα

2197 2058 2444 2131 περιθείη
2467 2077 2550 2123 τις,
2574 2058 2723 2129 αὐτῷ
2748 2058 2990 2131 Χριστῷ,
3024 2059 3116 2112 καὶ
3132 2060 3211 2122 είς
3235 2058 3391 2122 δόξαν
3414 2058 3579 2112 αὐτοῦ
3603 2076 3775 2112 κατα-

2195 2149 2474 2219 λογιεῖται,
2509 2147 2704 2200 πολλοῦ
2729 2164 2793 2216 γε
2830 2147 2927 2200 δεῖ.
2964 2147 3207 2211 Κένωσις
3239 2148 3348 2218 γὰρ
3380 2145 3528 2217 αὐτῷ
3557 2149 3657 2215 καὶ,
3678 2165 3775 2202 τα-

2197 2240 2452 2303 πείνωσις
2487 2239 2589 2310 τῆς
2633 2237 2770 2310 μετὰ
2811 2237 3013 2309 σαρκὸς
3053 2239 3367 2309 οἰκονομίας
3405 2239 3527 2293 ὅλον
3561 2239 3679 2292 ἐστὶ
3711 2239 3774 2292 τὸ

2200 2331 2515 2401 μυστήριον.
2550 2328 2755 2400 Γράφει
2782 2328 2838 2382 δέ
2877 2346 2978 2382 που
3015 2329 3109 2382 καὶ
3141 2331 3170 2382 6
3215 2330 3502 2401 προφήτης
3547 2329 3776 2390 Ἡσαΐας

2198 2421 2326 2490 περὶ
2353 2418 2517 2473 αὑτοῦ
2535 2436 2547 2449 ·
2572 2438 2591 2470 ι
2615 2421 2725 2474 Καὶ
2748 2417 2964 2489 εἴδομεν
2983 2419 3166 2485 αὐτὸν,
3197 2420 3290 2473 καὶ
3311 2421 3412 2473 οὐκ
3436 2416 3581 2490 εἶχεν
3609 2414 3773 2483 εἶδος,

2197 2510 2319 2563 οὐδὲ
2355 2510 2575 2573 κάλλος,
2614 2528 2632 2561 ι
2667 2509 2807 2565 ἀλλὰ
2832 2510 2893 2565 τὸ
2923 2504 3061 2575 εἶδος
3085 2511 3249 2564 αὑτοῦ
3281 2512 3494 2581 ἄτιμον,
3525 2510 3777 2564 ἐκλεῖπον

2199 2602 2345 2674 παρὰ
2384 2602 2592 2664 πάντας
2640 2603 2758 2666 τοὺς
2792 2604 2941 2668 υἱοὺς
2969 2602 3078 2657 τῶν
3113 2602 3434 2674 ἀνθρώπων.
3472 2604 3581 2657 Καὶ
3613 2604 3676 2656 ού
3707 2603 3775 2673 δή

2198 2694 2301 2747 πού
2339 2711 2540 2765 φαμεν,
2568 2696 2650 2748 ὅτι
2679 2694 2789 2749 τῶν
2825 2694 2926 2763 τῆς
2962 2693 3215 2765 θεότητος
3257 2695 3593 2766 αὐχημάτων
3620 2696 3649 2747 6
3676 2693 3776 2748 τοῦ

2199 2785 2478 2857 προφήτου
2509 2784 2873 2855 καταγορεύει
2900 2784 3076 2853 λόγος,
3111 2786 3288 2838 έκεῖνο
3330 2784 3387 2838 δὲ
3419 2784 3621 2856 μᾶλλον
3646 2785 3776 2838 άνα-

2201 2877 2376 2931 πείθει
2399 2878 2561 2944 νοεῖν,
2585 2877 2668 2931 ὅτι
2693 2879 2757 2948 τῇ
2794 2875 2895 2947 τῆς
2939 2876 3193 2946 θεότητος
3216 2875 3343 2947 δόξῃ
3378 2875 3778 2948 συγκρινόμενα

2199 2968 2269 3021 τὰ
2304 2969 2526 3040 σαρκὸς,
2571 2968 2788 3031 οὐδενὸς
2830 2966 2957 3034 ἄξια
3002 2969 3250 3037 φανεῖται
3295 2967 3474 3037 λόγου.
3527 2968 3616 3022 Ἐν
3645 2967 3779 3020 εῖδει

2201 3057 2311 3129 γὰρ
2337 3059 2575 3128 πέφηνεν
2602 3059 2630 3110 ὁ
2655 3056 2785 3120 Υἱὸς
2812 3056 2890 3126 τῷ
2905 3056 3026 3109 λίαν
3054 3056 3495 3127 ἀκαλλεστάστῳ.
3513 3056 3647 3120 Θεὸς
3667 3056 3779 3126 γὰρ

527 3169 603 3226 ῶν
636 3147 779 3225 κατα
802 3168 985 3236 φύσιν,
1012 3164 1203 3234 γέγονε
1234 3159 1356 3214 καθ’
1391 3159 1559 3230 ἡμᾶς.
1597 3155 1931 3227 Ἀμέτρητον
1960 3151 2016 3205 δὲ
2038 3147 2096 3202 τό
2137 3147 2487 3219 μεσολαϐοῦν,
2507 3150 2602 3203 καὶ
2658 3148 3011 3219 ἁσυγκρίτοις
3036 3149 3323 3220 διαφοραῖς
3384 3153 3779 3220 μειονεκτεῖται

528 3263 662 3320 Θεοῦ
696 3263 757 3315 τὸ
782 3256 1143 3327 ἀνθρώπινον.

597 3358 651 3412 5.
672 3354 939 3410 Czeterum
956 3349 1085 3404 vide
1107 3343 1541 3417 quomodo,cum
1569 3337 1824 3393 masculis
1848 3334 2098 3391 omnibus

2277 3334 2338 3380 ε’.
2358 3324 2544 3397 Ἀθρει
2572 3324 2627 3378 δὲ
2644 3325 2792 3389 ὅπως
2818 3325 2924 3379 πᾶν
2949 3323 3115 3396 ἄρσεν
3138 3322 3584 3379 ἐπιϐουλεύεσθαι
3608 3342 3781 3396 προσ-

527 3445 760 3503 insidias
811 3439 994 3495 moliri
1039 3438 1295 3509 iussisset
1356 3432 1600 3493 Pharao,
1641 3427 1840 3481 mulier
1880 3425 2101 3495 quidem

528 3543 653 3608 quae
680 3540 993 3605 pepererat,
1019 3529 1259 3584 occultat
1298 3523 1519 3596 quidem
1555 3519 1853 3583 infantem;
1902 3515 2102 3570 demit-

528 3636 652 3684 tens
679 3641 812 3682 vero
843 3623 1103 3692 deinceps
1124 3629 1179 3675 et
1204 3615 1492 3672 includens
1519 3612 1722 3668 ﬁscella
1743 3609 1979 3679 scirpea,
2018 3622 2105 3661 re-

523 3720 685 3793 ponit
744 3717 897 3771 illum
922 3714 979 3770 in
1027 3712 1269 3768 arculam
1331 3715 1388 3764 et
1425 3705 1610 3777 abjicit
1634 3703 1691 3758 in
1728 3703 1907 3756 lacum
1939 3713 2105 3753 :mox

530 3822 709 3867 tamen
738 3808 916 3880 ipsum
938 3804 1153 3874 recipit,
1170 3802 1224 3857 in
1252 3802 1386 3872 ipsis
1408 3799 1567 3870 aquis
1586 3798 1891 3857 inventum,
1916 3805 2105 3862 perse-

528 3901 738 3958 cutoris
764 3899 940 3970 ipsius
986 3896 1115 3959 lilia,
1151 3909 1273 3965 qua
1324 3892 1501 3964 aperit
1550 3886 1774 3959 quidem
1814 3881 2100 3945 ﬁscellam,

528 3993 946 4064 vagientemque
971 3987 1233 4042 infantem
1272 3982 1606 4052 conspicata,
1659 3974 1809 4048 quod
1840 3973 2104 4029 Hebrreus

529 4092 677 4141 esset
712 4082 995 4136 manifeste
1018 4077 1294 4147 intelligit,
1323 4073 1674 4142 reddiditque
1700 4068 1752 4123 ei
1773 4080 1895 4137 quae
1932 4076 2101 4133 pepeo

529 4187 677 4234 rerat
698 4175 1073 4235 nutriendum,
1098 4170 1412 4226 mercedem
1445 4168 1671 4236 insuper
1716 4157 2103 4217 nutricationis

532 4266 813 4337 pollicens.
850 4261 1006 4330 251
1050 4259 1222 4326 Quem
1251 4258 1420 4327 igitur
1453 4267 1675 4309 sensum
1731 4250 1884 4303 hisce
1936 4247 2104 4300 rebus

531 4336 963 4428 applicabimus?
1015 4358 1111 4405 aut
1166 4347 1311 4419 quod
1375 4343 1700 4417 mysterium
1754 4336 2103 4394 considerare

534 4425 902 4504 necessarium
928 4442 1044 4498 est?
1061 4441 1197 4513 Nam
1220 4447 1345 4493 ante
1370 4440 1665 4490 adventum
1689 4428 1894 4486 Christi
1922 4425 2104 4480 nullus

532 4537 808 4593 masculus
837 4541 954 4590 erat
980 4540 1135 4588 extra
1177 4529 1427 4584 insidias.
1464 4523 1766 4581 Masculum
1789 4526 1972 4575 autem
2014 4515 2101 4569 in-

533 4628 827 4699 telligimus
860 4639 986 4681 cum
1034 4622 1126 4692 qui
1171 4618 1404 4691 spiritali
1442 4616 1641 4671 robore
1691 4610 1953 4684 praeditus
1994 4610 2100 4669 est,

2202 3417 2488 3487 τεταχότος
2517 3418 2611 3470 τοῦ
2638 3415 2860 3489 Φαραὼ,
2903 3416 3137 3488 κρύπτει
3179 3414 3275 3486 μὲν
3299 3415 3361 3469 τὸ
3398 3415 3597 3487 βρέφος
3625 3419 3659 3488 ἡ
3682 3434 3775 3470 τε·

2205 3507 2378 3562 κοῦσα
2399 3507 2555 3577 γυνὴ,
2591 3505 2840 3559 καθιεῖσα
2869 3505 2927 3559 δὲ
2955 3505 3091 3576 μετὰ
3113 3503 3273 3557 τοῦτο
3296 3505 3388 3558 καὶ
3409 3504 3776 3573 ἐγκατακλει-

2206 3616 2346 3653 σασα
2372 3600 2440 3670 τῇ
2477 3597 2625 3670 θίὸῃ,
2663 3597 2784 3668 ἦτοι
2813 3598 2882 3667 τῇ
2919 3595 3163 3667 κλειστῇ,
3199 3596 3380 3666 ρίπτει
3417 3596 3517 3666 μὲν
3559 3598 3691 3650 αὐτὸ
3717 3599 3778 3650 ὲν

2203 3694 2315 3754 τοῖς
2346 3691 2542 3754 ἕλεσιν,
2586 3687 2953 3759 ἀναλαμϐάνει
2971 3686 3025 3740 δὲ
3058 3686 3399 3758 παραχρῆμα
3426 3689 3557 3759 παρ’
3589 3688 3779 3752 αὐτοῖς

2204 3781 2440 3854 εὑροῦσα
2469 3783 2583 3844 τοῖς
2617 3779 2807 3833 ὕδασιν
2837 3780 2870 3850 ἡ
2897 3777 2993 3831 τοῦ
3020 3778 3308 3841 διώκοντος
3340 3781 3490 3843 παῖς,
3520 3765 3613 3832 καὶ
3637 3780 3780 3834 ἀνοί-

2203 3886 2290 3940 γει
2323 3874 2421 3944 μὲν
2457 3873 2557 3943 τὴν
2595 3871 2775 3942 essm,
2808 3866 2927 3924 εἶτα
2954 3870 3141 3923 κλαῖον
3167 3869 3408 3938 εὑροῦσα
3447 3871 3511 3925 τὸ
3552 3871 3777 3943 βρέφος.

2203 3966 2283 4019 ὃτι
2314 3981 2374 4017 τε
2411 3963 2665 4034 Ἑϐραῖος
2686 3961 2770 4032 εἴη
2797 3960 3045 4031 συνίησιν
3074 3961 3337 4033 ἀκριϐῶς,
3364 3962 3458 4016 καὶ
3486 3964 3779 4017 ἀναδίδωσι

2202 4057 2423 4128 τρέφειν
2462 4057 2528 4126 τῇ
2551 4052 2807 4123 τεκούσῃ,
2842 4052 3006 4107 πάλιν
3039 4052 3228 4124 μισθὸν
3254 4054 3362 4107 τῶν
3394 4055 3611 4124 τροφῶν
3642 4056 3778 4109 ὐπο-

2207 4150 2464 4229 σχομένη.
2488 4148 2622 4201 Τίνα
2648 4145 2713 4217 δὴ
2731 4146 2855 4200 νοῦν
2883 4148 3299 4218 ὲφαρμόσαιμεν
3328 4148 3393 4201 ἂν
3412 4151 3523 4213 τοῖς
3546 4151 3778 4205 τοιοῖσδε

2203 4242 2415 4310 λόγοις;
2471 4241 2504 4312 ἢ
2545 4240 2597 4292 τί
2642 4240 2705 4292 τδ
2740 4239 3035 4310 μυστήριον
3074 4239 3388 4311 περιαθρεῖν
3442 4242 3776 4310 ἀναγκαῖονς

2204 4330 2318 4402 Πρὸ
2362 4331 2467 4401 μὲν
2497 4329 2607 4401 γὰρ
2631 4328 2731 4400 τῆς
2752 4328 2847 4381 τοῦ
2878 4329 3132 4400 Σωτῆρος
3167 4330 3323 4402 ἡμῶν
3353 4331 3649 4402 ἐπιδημίας
3675 4334 3779 4386 οὐκ

2202 4417 2270 4493 ἦν
2297 4422 2389 4475 ἐπὶ
2418 4421 2517 4492 τῆς
2546 4421 2650 4492 γῆς
2671 4420 2735 4473 τὸ
2775 4419 2942 4491 ἄρσεν
2975 4421 3450 4479 ἀνεπιϐούλευτον.
3489 4425 3694 4496 Ἀρσεν
3720 4425 3777 4478 δὲ

2203 4510 2433 4581 νοοῦμεν
2455 4511 2516 4563 τὸ
2541 4511 2616 4575 ὡς
2644 4513 2702 4565 ὲν
2736 4512 2959 4583 ἀνδρείᾳ
2983 4514 3046 4583 τῇ
3085 4516 3449 4585 πνευματικῇ,
3484 4516 3579 4570 καῖ⁵
3607 4510 3677 4588 ἦς
3706 4517 3775 4570 ἂν

2204 4599 2314 4657 εἷεν
2346 4602 2548 4672 καρποὶ
2568 4602 2636 4655 τὰ
2663 4603 2957 4657 ἁνδάνοντα
2978 4602 3056 4674 τῷ
3072 4603 3210 4675 Θεῷ.
3238 4605 3442 4658 Ούκοῦν
3458 4606 3514 4659 ὲν
3541 4606 3776 4677 κινδύνῳ

537 4673 825 4699 ......υ..----
863 4673 986 4681 ---η
1039 4673 1125 4692 Γ-
1174 4673 1224 4691 Ἰ
1343 4673 1347 4674 ν
1695 4673 1709 4684 ,

531 4721 688 4791 cujus
731 4717 943 4773 fructus
989 4714 1099 4769 erit
1146 4712 1363 4782 placere
1391 4709 1524 4762 Deo.
1564 4706 1627 4759 In
1656 4701 1905 4774 periculo
1934 4697 2098 4768 igitur

2203 4691 2265 4746 τὲ
2296 4692 2482 4762 ᾶρσεν,
2527 4691 2807 4763 μονονουχὶ
2845 4695 2964 4754 ταῖς
3009 4673 3303 4764 κοσμικαῖς
3346 4695 3560 4765 ἡδοναῖς
3603 4689 3692 4749 οἷά
3712 4673 3773 4748 τὲ

486 4790 501 4797 ’
531 4790 779 4868 versatur
800 4806 1094 4869 masculus,
1130 4802 1327 4857 Satana
1353 4815 1480 4855 eum
1506 4793 1800 4852 mundanis
1850 4790 2104 4858 volupta-

532 4903 677 4958 tibus
700 4908 956 4968 tanquam
989 4895 1107 4948 luto
1142 4904 1205 4945 ac
1229 4903 1387 4944 emno
1415 4888 1793 4955 immergente,
1827 4895 1891 4935 ac
1933 4877 2104 4934 suﬁ'o-

530 5001 689 5049 cante
716 4963 1044 5062 generaliter
1075 4998 1171 5038 eos
1193 4980 1287 5051 qui
1308 4978 1437 5035 forti
1463 4977 1646 5032 animo
1686 4963 2107 5028 contemnebant

536 5061 853 5141 mollitiem,
881 5089 938 5134 et
959 5076 1104 5148 quod
1134 5073 1506 5129 effeminatum
1532 5074 1634 5131 est,
1661 5065 1717 5119 in
1759 5061 2005 5117 moribus
2052 5064 2109 5112 et

533 5175 645 5228 vita
665 5171 946 5227 nimirum.
983 5165 1140 5223 Unde
1166 5172 1223 5236 et
1248 5159 1459 5231 Spiritu
1484 5156 1649 5212 amati
1675 5155 1954 5215 dixerunt,
1998 5148 2100 5203 ob-

534 5264 842 5336 stupefacti,
871 5261 1129 5323 arbitror,
1151 5257 1222 5312 ob
1252 5252 1615 5311 universalem
1644 5250 1802 5303 istam
1815 5246 1882 5302 ad
1900 5243 2101 5299 malum

533 5333 949 5411 declinationem
983 5370 995 5405 :
1031 5371 1049 5401 ι
1074 5349 1276 5405 Omnes
1332 5345 1764 5405 declinaverunt,
1821 5335 1981 5392 simul
2021 5333 2106 5386 in-

535 5446 696 5500 utiles
718 5444 845 5499 facti
873 5451 999 5497 sunt
1023 5458 1038 5507 ;
1068 5455 1174 5493 non
1199 5445 1284 5493 est
1305 5435 1397 5506 qui
1430 5433 1594 5489 faciat
1610 5433 1815 5488 bonum
1847 5439 1993 5482 :non
2021 5429 2108 5478 est

535 5550 604 5591 ne
631 5551 774 5590 unus
807 5532 1028 5604 quidem
1054 5530 1118 5583 ³⁵.
1157 5548 1176 5579 ι
1214 5527 1388 5597 Inepti
1431 5526 1579 5581 enim
1618 5533 1731 5579 tum
1771 5517 1997 5576 omnino
2034 5513 2103 5568 ad

608 5706 646 5740 ³¹
680 5704 845 5760 (Cor.
870 5703 1079 5767 xxv,20.

1157 5703 1199 5735 "
1235 5702 1407 5757 Exod.
1438 5718 1495 5766 ιι,
1523 5700 1577 5755 2.
1657 5699 1701 5733 ³³
1727 5696 1867 5754 Psal.
1902 5711 2043 5760 xuv,
2083 5696 2135 5750 4.

2206 4783 2486 4855 βορϐόροις
2514 4784 2544 4853 ἢ
2575 4782 2839 4854 τέλμασιν
2885 4784 3233 4853 έγκαθιέντος
3267 4785 3360 4840 τοῦ
3407 4788 3646 4850 Σατανᾶ,
3678 4789 3775 4839 καὶ

2205 4875 2658 4942 ὲναποπνίγοντος
2686 4875 2813 4938 τοὺς
2850 4877 3321 4947 παραιτουμένους
3356 4878 3418 4930 τὸ
3447 4876 3638 4932 ἄναλκι
3676 4879 3778 4932 καὶ

2205 4965 2570 5037 θηλυπρεπὲς,
2611 4965 2673 5018 τὸ
2705 4965 2778 5028 ὡς
2817 4967 2875 5019 ὲν
2913 4966 3032 5037 ήθει
3061 4966 3204 5038 φημὶ
3233 4968 3326 5022 καὶ
3362 4968 3603 5038 τρόποις.
3645 4968 3776 5022 Τοι-

2205 5057 2401 5127 γάρτοι
2417 5057 2509 5110 καὶ
2525 5056 2764 5125 ἔφασκον
2781 5058 2829 5109 οἱ
2850 5059 2989 5110 Πνευ
2997 5057 3295 5130 ματοφόροι
3312 5056 3777 5127 κατατεθηπότες,

2203 5145 2357 5217 οἶμαί
2394 5164 2518 5210 που,
2554 5147 2655 5218 τὴν
2686 5146 2940 5201 ἁπάντων
2976 5148 3246 5220 ἐκτροπὴν
3287 5151 3380 5204 ἐπὶ
3425 5149 3486 5204 τδ
3528 5150 3604 5222 μὴ
3654 5149 3783 5222 ἔχον

2204 5237 2408 5308 ὀρθῶς·
2441 5256 2458 5288 ι
2498 5237 2706 5300 Πάντες
2752 5236 3051 5303 ἐξέκλιναν,
3090 5237 3209 5308 ἅμα
3245 5240 3649 5313 ὴχρειὼθησαν,
3677 5242 3783 5295 οὐκ

2206 5328 2321 5381 ἔστι
2353 5327 2524 5381 ποιῶν
2557 5329 2924 5399 χρηστότητα,
2949 5330 3049 5383 οὐκ
3088 5328 3236 5384 ἔστιν
3272 5332 3377 5395 ἕως
3414 5333 3553 5397 ἑνός.
3603 5353 3623 5385 ι
3668 5328 3784 5387 Ἦν

2206 5418 2315 5490 γὰρ
2350 5418 2450 5489 ἤδη
2499 5434 2619 5480 πως
2662 5418 2758 5472 καὶ
2801 5419 3218 5491 ἀνεπιτήδευτον
3255 5422 3537 5488 παντελῶς
3574 5423 3787 5477 ἅπασιν

2206 5509 2513 5582 ἀνθρώποις
2538 5510 2598 5562 τὸ
2632 5508 2855 5579 ἀγαθὸν,
2885 5510 2984 5565 οὒκ
3017 5512 3272 5585 ἀφιέντος
3307 5512 3654 5586 ἀνδρίζεσθαι
3684 5514 3787 5569 τοῦ

2205 5696 2251 5728 ³⁵
2283 5696 2382 5750 lsa.
2412 5710 2520 5760 un,
2551 5692 2607 5761 2,
2636 5692 2691 5748 5.
2772 5695 2816 5728 ³⁸
2845 5694 2990 5751 Psal.
3038 5712 3153 5765 xm,
3179 5697 3246 5765 '5,
3294 5713 3384 5767 an,
3419 5699 3474 5755 ι.
