4066 6282
319 352 431 418 59‘!

1341 358 1862 419 οιλιηπιιοιιωι
1903 358 1969 417 IN
2023 359 2307 417 EXODUM
2362 357 2486 416 LIB.
2530 363 2572 417 1.

3483 366 3587 421 398

321 476 429 545 τῆς
454 475 733 548 ἁμαρτίας
748 477 993 548 εὑρετοῦ.
1034 477 1252 549 Ἐπειδὴ
1272 478 1329 531 δὲ
1350 479 1541 548 γέγονε
1579 480 1697 552 μεθ’
1722 478 1898 550 ἡμῶν,

2006 479 2213 533 bonum
2237 486 2395 532 erant
2421 477 2695 539 homines,
2723 488 2832 531 non
2861 472 3209 547 permittente
3235 488 3382 533 recte
3424 494 3586 549 agere

320 567 426 621 καὶ
470 568 582 629 τοῖς
620 567 1121 639 ἐπιϐουλευομένοις
1160 569 1476 641 ἐναρίθμιος
1502 562 1571 641 ἦν
1614 572 1643 624 ὁ
1694 572 1906 641 Ἐμμα-

321 656 511 728 νουήλ,
535 656 599 710 τὸ
617 656 780 726 φύσει
802 675 862 710 τε
886 659 979 712 καὶ
998 659 1214 730 ἀληθῶς
1233 659 1401 732 ἄρρεν
1424 661 1643 733 βρέφος,
1658 664 1906 720 τουτέστι

324 747 387 802 τὸ
418 747 749 819 θρύπτεσθαι
778 750 852 821 μὴ
882 751 1042 814 είδός·
1077 752 1140 804 οὐ
1180 751 1288 824 γὰρ
1326 752 1729 825 μεμαλάκισται
1771 756 1907 825 πρὸς

323 840 604 912 ἁμαρτίαν
625 858 638 872 ·
676 840 890 895 διέλαθε
929 842 1028 911 μὲν
1069 844 1129 895 ἐν
1165 844 1365 915 ἀρχαῖς
1391 844 1484 897 τὸν
1531 843 1769 916 ἄρχοντα
1809 845 1905 899 τοῦ

325 933 525 996 αἰῶνος
553 932 746 987 τούτου
767 948 783 964 ο
828 933 1132 1004 κέκρυπται
1156 934 1267 1005 γὰρ
1292 935 1354 988 τὸ
1387 935 1619 1000 παιδίον,
1658 937 1907 990 τουτέστι

328 1024 534 1094 Μωσῆς
558 1041 572 1052 ·
602 1016 892 1096 ἐπειδὴίδέ
931 1025 1207 1096 προῆλθεν
1245 1027 1325 1089 εἰς
1371 1027 1608 1099 ἠλικίαν,
1654 1031 1769 1092 τοῖς
1810 1027 1906 1081 τοῦ

331 1115 574 1169 διαϐόλου
609 1118 1031 1188 στρατηγήμασι
1064 1117 1527 1189 κατατεθηγμένη
1572 1118 1711 1190 πρὸς
1762 1136 1908 1189 μιαιο

328 1205 514 1278 φονίαν
534 1208 569 1279 ἡ
585 1205 822 1262 τεκοῦσα
849 1207 1170 1280 Συναγωγή·
1193 1209 1403 1280 πέφηνε
1426 1209 1534 1282 γὰρ
1552 1208 1611 1275 ἐξ
1639 1210 1906 1265 Ἰουδαίων

326 1300 356 1352 ὁ
390 1298 533 1353 κατὰ
582 1300 763 1371 σάρκα
802 1300 1056 1369 Χριστός⁸
1109 1300 1468 1355 κατέκλεισεν
1516 1303 1577 1355 ἐν
1630 1302 1901 1373 μνημείῳ.

326 1388 504 1452 Tum;
542 1389 590 1442 δ’
642 1387 710 1442 ἂν
766 1392 976 1456 γένοιτο
1018 1392 1113 1445 καὶ
1153 1389 1307 1446 τοῦδε
1367 1392 1546 1464 σαφὴς
1589 1392 1678 1447 διὰ
1724 1393 1907 1462 χειρὸς

325 1480 514 1552 ῶσπερ
535 1481 637 1551 τῆς
669 1482 804 1544 ἰδίας
820 1482 1040 1551 μητρὸς
1064 1485 1125 1536 ἐν
1142 1486 1209 1555 τῇ
1226 1484 1534 1556 καλουμένῃ
1565 1482 1691 1555 θίόῃ
1717 1484 1905 1537 καθιέ-

331 1590 489 1642 μενος
518 1576 547 1626 ὁ
593 1574 821 1637 Μωσῆς,
852 1557 959 1626 ’καὶ
987 1575 1124 1645 πρός
1179 1592 1244 1644 γε
1280 1573 1490 1641 τούτοις
1534 1577 1903 1646 ἐκτιθέμενος.

342 1664 706 1735 Ἦλλοτρίωσε
759 1666 868 1737 γὰρ
920 1667 1119 1737 ἑαυτῆς
1168 1669 1260 1723 τὸν
1318 1669 1663 1740 Ἐμμανουήλ
1709 1671 1742 1739 ὴ
1799 1669 1908 1722 τῶν

346 1754 624 1809 Ἰουδαίων
646 1757 963 1830 Συναγωγή.
997 1760 1138 1812 Ἀλλ’
1154 1762 1189 1831 ἦ
1216 1776 1279 1829 γε
1294 1761 1389 1814 τοῦ
1415 1760 1611 1833 Φαραὼ
1636 1761 1902 1831 θυγάτηρ.

339 1848 638 1911 τουτέστιν,
692 1851 725 1920 η
773 1849 834 1915 ἐξ
879 1851 1046 1904 ἐθνῶν
1102 1852 1421 1924 Ἐκκλησία,
1460 1854 1635 1907 καίτοι
1689 1853 1905 1923 πατέρα

342 1941 471 1992 ποτὲ
518 1939 757 2010 λαχοῦσα
784 1942 876 1994 τὸν
918 1944 1196 2003 Σατανᾶν.
1244 1944 1489 2016 εὑρίσκει
1535 1945 1664 2016 παρ’
1697 1945 1901 2007 ὕδασιν,

336 2024 411 2081 ὧν
445 2029 515 2083 ἂν
547 2034 723 2084 νοοῖτο
749 2032 920 2096 τύπος
951 2031 1011 2086 τὸ
1033 2034 1185 2101 ἃγιον
1216 2034 1518 2105 βάπτισμα,
1550 2032 1617 2088 δι’
1648 2030 1709 2091 οῦ
1733 2036 1827 2089 καὶ
1848 2037 1907 2087 ἐν

331 2114 371 2187 ᾧ
404 2122 644 2192 Χριστὸς
682 2124 1018 2193 εὑρίσκεται,
1061 2125 1157 2178 καὶ
1188 2124 1394 2194 ἀνοίγει
1435 2126 1533 2196 τὴν
1575 2125 1751 2197 θίὗην.
1786 2127 1903 2179 Ὅτι

325 2214 433 2282 γὰρ
472 2213 535 2265 οὐ
596 2215 916 2283 μεμένηκεν
961 2218 1020 2268 ἐν
1062 2218 1295 2287 νεκροῖς,
1345 2217 1544 2271 ἀνεϐίω
1594 2217 1649 2271 δὲ
1705 2218 1903 2288 μᾶλλον

325 2304 576 2371 πατήσας
609 2304 703 2357 τὸν
738 2304 990 2370 Θάνατον,
1024 2305 1128 2372 ἔξω
1157 2324 1213 2359 τε
1251 2309 1521 2380 μνημείου
1556 2311 1766 2379 γέγονε,
1804 2329 1901 2365 πε-

321 2394 681 2448 πιστεύκασιν
702 2397 920 2466 ἀληθῶς
947 2400 993 2450 οἱ
1019 2398 1107 2453 διὰ
1135 2400 1371 2463 πίστεως
1397 2403 1692 2473 εὑρηκότες
1720 2404 1812 2456 τὸν
1835 2403 1902 2456 δι’

319 2488 466 2556 ἡμᾶς
513 2489 596 2550 εἰς
644 2488 900 2552 θάνατον,
951 2491 1038 2543 ἵνα
1086 2491 1182 2544 καὶ
1222 2492 1365 2564 ὑπὲρ
1407 2495 1563 2565 ἡμῶν
1609 2499 1687 2559 είς
1732 2496 1896 2566 ζωήν.

318 2579 581 2649 Εὑρίσκει
608 2580 664 2633 δὲ
695 2580 884 2633 κλαῖον
902 2582 966 2634 τὸ
994 2581 1224 2636 παιδίον.
1258 2584 1697 2655 Περιτευξόμεθα
1724 2586 1780 2638 δὲ
1805 2586 1900 2641 καὶ

317 2676 480 2745 ἡμεῖς
514 2674 595 2744 τῷ
632 2675 858 2747 Χριστῷ
880 2676 978 2743 τὴν
1004 2676 1111 2730 τῶν
1144 2676 1412 2730 Ἰουδαίων
1440 2677 1781 2745 ἀνοσιότητα,
1805 2679 1899 2731 καὶ

318 2767 387 2819 τὰ
411 2769 489 2830 είς
521 2767 685 2821 αὑτὸν
711 2769 972 2835 γεγονότα
1009 2768 1366 2840 διηγουμένῳ,
1405 2769 1690 2839 μονονουχὶ
1719 2770 1775 2821 δὲ
1805 2770 1899 2821 καὶ

320 2857 581 2915 κλαίοντι.
620 2860 1050 2931 Δυσφορητικῶς
1083 2861 1192 2931 γάρ
1223 2878 1388 2929 φησιν
1410 2876 1423 2890 ο
1469 2879 1486 2911 ι
1523 2860 1758 2929 Ὠρυξαν
1787 2865 1898 2931 χεῖ-

329 2950 425 3018 ράς
458 2967 556 3018 μου
582 2949 679 3003 καὶ
714 2950 882 3014 πόδας
920 2968 1043 3021 μου,
1077 2952 1452 3021 ἐξηρίθμησαν
1489 2952 1661 3004 πάντα
1684 2954 1897 3005 τὰόστᾶ

339 3053 455 3103 μου.
494 3038 650 3090 Αὐτοὶ¹
674 3038 731 3091 δὲ
769 3038 1126 3108 κατενόησαν,
1156 3038 1249 3091 καὶ
1279 3039 1493 3091 ὲπεῐδόν
1529 3057 1595 3109 με
1614 3056 1626 3069 ·
1660 3041 1898 3111 διεμερὶ-

2009 571 2218 641 peccati
2254 578 2497 625 auctore.
2532 570 2600 624 At
2624 584 2753 625 vero
2784 580 3076 640 postquam
3104 570 3282 626 factus
3328 581 3413 626 est
3441 587 3587 627 unus

2006 677 2075 718 ex
2098 661 2276 725 nobis,
2305 670 2469 731 atque
2501 661 2571 715 iis
2591 661 2794 731 quibus
2827 660 3041 716 insidias
3068 661 3443 719 struebantur.
3483 677 3583 715 au‘

2007 763 2330 808 numeratus
2379 762 2465 807 est
2498 753 2842 818 Emmanuel,
2865 762 3060 824 suapte
3115 764 3312 810 natura
3362 771 3425 809 ac
3454 771 3585 810 vero

2007 846 2304 909 masculus,
2346 844 2642 899 deliciandi
2672 847 2922 910 nescius,
2981 854 3171 915 utpote
3220 847 3314 917 qui
3362 863 3470 901 non
3516 846 3588 901 sit

2007 937 2287 992 emollitos
2320 936 2387 990 ad
2413 945 2719 1006 peccatum,
2747 937 2910 992 latuit
2947 937 3171 1002 quidem
3195 938 3356 992 initio
3379 938 3586 1007 ιιι-ἱππεία

2008 1044 2132 1100 pem
2159 1028 2381 1093 mundi;
2432 1028 2736 1083 occultatus
2753 1029 2904 1083 enim
2930 1028 3038 1083 fuit
3072 1045 3230 1100 puer,
3268 1030 3465 1093 Moses,
3506 1030 3588 1084 in-

2007 1135 2172 1191 quam
2192 1136 2208 1185 ;
2230 1129 2520 1191 postquam
2545 1130 2731 1175 autem
2764 1121 3017 1191 pervenit
3043 1120 3111 1176 ad
3156 1128 3396 1184 aetatem,
3457 1128 3590 1176 tunc

2009 1211 2291 1283 Synagoga
2340 1225 2465 1281 quae
2520 1210 2699 1281 ipsum
2734 1212 2974 1282 peperit,
3020 1210 3278 1268 Christus
3321 1212 3471 1266 enim
3503 1223 3592 1267 est

2008 1302 2313 1358 secundum
2340 1317 2559 1359 carnem
2581 1317 2648 1357 ex
2680 1302 2884 1358 Judais
2910 1313 3089 1367 ortus,
3137 1302 3472 1358 inﬂammata
3517 1306 3587 1357 ad

2008 1392 2212 1449 eadem
2254 1394 2603 1464 patrandum,
2657 1395 2930 1449 conclusit
2971 1409 3098 1448 cum
3142 1393 3197 1447 in
3246 1393 3583 1464 sepulcrum.

2009 1485 2186 1539 Moses
2232 1492 2418 1540 autem
2458 1485 2733 1540 demissus
2753 1495 2919 1555 atque
2954 1484 3237 1555 expositus
3290 1484 3345 1538 in
3382 1483 3585 1538 ﬁscella

2009 1575 2241 1644 scirpea,
2270 1589 2368 1644 per
2398 1590 2620 1630 manum
2645 1590 2758 1630 sua:
2780 1576 2995 1639 matris,
3047 1574 3375 1630 manifestus
3421 1576 3588 1646 hujus

2010 1664 2089 1718 rei
2114 1673 2199 1719 est
2221 1673 2399 1736 typus.
2431 1666 2714 1736 Siquidem
2742 1678 2799 1721 et
2817 1668 3132 1723 Judteorum
3154 1669 3434 1740 Synagoga
3459 1669 3591 1725 alic-

2010 1755 2161 1809 navit
2189 1771 2219 1810 a
2252 1757 2429 1826 seipsa
2475 1757 2908 1814 Emmanuelem.
2958 1760 3065 1815 Sed
3096 1760 3400 1815 Pharaonis
3453 1761 3584 1822 ﬁlia,

2008 1848 2114 1902 hoc
2133 1857 2236 1912 est,
2261 1849 2504 1905 Ecclesia
2530 1851 2795 1921 gentium,
2821 1852 2925 1907 etsi
2956 1861 3168 1923 patrem
3200 1853 3460 1908 Satanam
3489 1854 3590 1909 ha-

2008 1938 2210 2002 buerit,
2244 1940 2448 1994 invenit
2481 1941 2659 2012 ipsum
2690 1942 2757 1996 ad
2790 1958 2980 2014 aquas,
3003 1960 3127 2016 quas
3169 1954 3358 2017 typum
3385 1955 3587 2018 gerunt

2007 2028 2181 2081 sancti
2219 2029 2496 2098 baptismi,
2528 2047 2628 2101 per
2663 2047 2827 2102 quem
2855 2033 2991 2088 etin
3016 2050 3126 2104 quo
3148 2034 3404 2090 Christus
3428 2036 3584 2090 inrc-

2007 2118 2179 2183 nitur,
2209 2128 2374 2191 atque
2408 2124 2589 2192 aperit
2618 2123 2900 2178 ﬁscellam.
2946 2125 3082 2179 Nam
3130 2126 3278 2195 quod
3331 2126 3586 2183 Christus

2006 2225 2116 2265 non
2138 2214 2404 2268 manserit
2429 2214 2485 2269 in
2516 2215 2770 2281 mortuis,
2794 2217 2929 2286 quin
2962 2216 3147 2286 potius
3215 2220 3587 2273 resurrexerit

2006 2302 2061 2356 in
2088 2303 2281 2366 vitam,
2344 2313 2518 2360 morte
2579 2306 2814 2376 pedibus
2846 2308 3189 2372 conculcata,
3240 2316 3297 2361 et
3323 2322 3354 2363 e
3385 2324 3585 2363 monu—

2003 2402 2190 2451 mento
2227 2397 2299 2451 sit
2332 2398 2622 2459 excitatus,
2658 2398 2999 2455 crediderint
3048 2415 3179 2453 vere
3226 2400 3303 2455 illi
3339 2400 3433 2471 qui
3484 2416 3586 2472 per

2005 2487 2165 2543 ﬁdem
2217 2500 2542 2560 repererunt
2572 2506 2699 2547 eum
2764 2502 2989 2562 propter
3058 2506 3161 2546 nos
3192 2503 3496 2558 mortuum,
3523 2504 3585 2548 ut

2003 2578 2145 2634 idem
2161 2595 2265 2650 pro
2281 2582 2440 2637 nobis
2456 2582 2523 2637 ad
2544 2583 2711 2637 vitam
2736 2583 3141 2653 ingrederetur.
3158 2583 3375 2640 Invenit
3395 2594 3581 2639 autem

2002 2671 2263 2727 infantem
2288 2675 2612 2743 vagientem.
2641 2676 2991 2731 Inveniemus
3029 2685 3211 2731 autem
3254 2679 3422 2732 etiam
3480 2694 3584 2733 nos

1998 2760 2301 2827 Christum,
2327 2765 2641 2820 Judmorum
2676 2766 3009 2835 impietatem
3042 2782 3273 2835 quatque
3313 2769 3367 2822 in
3404 2770 3581 2837 ipsum

1999 2855 2393 2909 commiserunt
2410 2863 2754 2918 narrantem,
2781 2871 2845 2909 ac
2877 2863 3089 2909 tantum
3117 2871 3225 2909 non
3247 2856 3575 2924 plorantem.

2000 2945 2222 2999 mestus
2250 2946 2397 3000 enim
2432 2946 2571 2999 dixit
2602 2963 2614 2998 :
2656 2965 2673 2996 ι
2704 2946 2985 3001 Foderunt
3011 2962 3211 3001 manus
3233 2963 3384 3002 meas
3403 2956 3460 3002 et
3490 2963 3585 3018 pc-

1999 3033 2096 3088 des
2112 3050 2299 3101 meos;
2339 3035 2684 3089 dinumerata
2715 3044 2842 3091 sunt
2879 3036 3065 3090 omnia
3103 3053 3227 3107 ossa
3290 3054 3429 3093 mea.
3473 3039 3579 3109 Ipsi

335 3144 496 3180 σαντο
517 3129 583 3182 τὸ.
606 3130 794 3199 ἱμάτιά
823 3148 924 3199 μου
949 3131 1182 3193 ἑαυτοῖς,
1221 3130 1316 3182 καὶ
1343 3126 1437 3182 ἐπὶ
1471 3130 1559 3181 τὸν
1601 3133 1896 3202 ἱματισμόν

2002 3138 2184 3185 autem
2229 3130 2716 3184 consideraverunt
2758 3137 2814 3182 et
2861 3130 3217 3201 inspexerunt
3251 3131 3412 3202 252
3470 3147 3576 3195 me,

329 3238 440 3289 μου
480 3218 661 3272 ἔϐαλον
692 3220 910 3289 κλῆρον.
970 3239 989 3271 ι
1038 3222 1146 3274 Καὶ
1199 3220 1303 3292 μὴν
1353 3223 1447 3275 καὶ
1490 3223 1718 3293 ἑτέρωθί
1756 3240 1892 3276 mw

331 3328 352 3359 ς
372 3309 711 3372 Ἔδωκανεξς
726 3310 787 3361 τὸ
810 3309 1010 3381 βρῶμά
1039 3326 1139 3379 μου
1167 3310 1349 3381 χολὴν,
1388 3314 1481 3364 καὶ
1508 3316 1586 3375 εἰς
1613 3313 1710 3383 τὴν
1737 3313 1895 3382 δίψαν

319 3420 426 3471 μου
472 3404 726 3457 ἐπότισάν
769 3420 835 3473 με
874 3402 1012 3468 ὅξος.
1059 3423 1075 3452 ι
1111 3404 1233 3456 ’Ότι
1282 3404 1337 3456 δὲ
1385 3405 1476 3457 καὶ
1507 3404 1565 3469 ἐξ
1626 3406 1894 3461 Ἰουδαίων

317 3494 560 3563 πέφηνεν
587 3496 616 3546 ὁ
638 3495 891 3562 Χριστὸς,
917 3495 1130 3561 ἐπέγνω
1165 3512 1222 3546 τε
1259 3497 1353 3547 καὶ
1381 3498 1744 3551 πεπίστευκεν
1776 3501 1807 3567 ἡ
1837 3498 1895 3563 ἐξ

314 3585 486 3638 ἐθνῶν
546 3586 858 3655 Ἐκκλησία.
916 3604 933 3637 ι
984 3582 1118 3639 Eine
1166 3587 1298 3655 γὰρ,
1349 3588 1532 3657 φησὶν,
1580 3591 1892 3663 ἡθυγάτηρ

310 3674 547 3745 Φαραώ·
586 3675 720 3727 Ἀπὸ
756 3675 866 3727 τῶν
896 3677 1124 3729 παιδίων
1167 3677 1276 3728 τῶν
1325 3677 1591 3746 Ἐϐραίων
1636 3680 1813 3733 τοῦτο.
1870 3702 1887 3731 ι

314 3764 461 3836 Πλὴν
488 3765 568 3819 ὅτι
599 3766 738 3819 κατὰ
776 3767 1001 3837 καιροὺς
1032 3767 1183 3837 παρᾶ
1215 3768 1314 3835 τῆς
1358 3768 1415 3832 ἐξ
1458 3768 1623 3821 ἐθνῶν
1666 3772 1893 3839 Ἐκκλη-

313 3856 441 3912 aia:
480 3855 693 3919 δέξεται
732 3857 968 3926 Χριστὸν
1005 3860 1038 3928 ἡ
1083 3858 1191 3910 τῶν
1251 3859 1519 3913 Ἰουδαίων
1568 3862 1890 3932 Συναγωγὴ,

313 3946 842 4017 μυσταγωγούμενοι
877 3947 1122 4018 δηλονότι
1159 3951 1221 4002 τὸ
1260 3951 1347 4002 ἐπ’
1382 3952 1529 4021 αὐτῷ
1573 3954 1889 4021 μυστήριον,

307 4038 689 4108 παραδείξειεν
718 4038 783 4092 ἂν
818 4039 909 4091 καὶ
941 4038 1060 4090 λίαν
1099 4042 1338 4111 ἀμογητὶ
1383 4045 1446 4094 ἐκ
1487 4045 1586 4111 τῆς
1622 4045 1892 4111 Θυγατρὸς

302 4128 515 4199 Φαραὼ
548 4128 953 4199 παραδέξασθαι
983 4132 1042 4183 τὸ
1070 4135 1284 4186 παιδίον
1308 4137 1405 4204 τὴν
1442 4136 1704 4187 τεκοῦσαν
1735 4138 1887 4190 αὑτό.

324 4220 629 4291 Ἑκθεμένη
670 4223 779 4292 γὰρ
810 4221 997 4293 ὥσπερ
1032 4226 1121 4276 τὸν
1160 4226 1433 4295 Ἰησοῦνή
1474 4227 1580 4277 τῶν
1622 4227 1891 4280 Ἰουδαίων

305 4313 638 4382 Συναγωγὴ,
664 4314 757 4366 καὶ
791 4313 1140 4368 ἀποϐαλοῦσα
1183 4321 1303 4380 ταῖς
1342 4317 1668 4380 ἀπειθείαις,
1709 4321 1766 4371 ἐν
1804 4337 1892 4372 τε·

301 4406 580 4468 λευταίοις
616 4406 777 4458 αὑτὸν
808 4410 1017 4476 καιροῖς
1062 4410 1424 4479 παραδέξεται
1462 4414 1581 4474 ταῖς
1621 4412 1719 4481 τῆς
1773 4413 1890 4464 Ἐκ-

2000 3222 2186 3292 partiti
2209 3230 2335 3275 sunt
2369 3221 2513 3275 inter
2536 3236 2595 3275 se
2624 3220 2948 3276 vestimenta
3004 3237 3144 3286 mea,
3187 3231 3243 3277 et
3273 3239 3439 3293 super
3482 3238 3579 3279 ve-

1999 3321 2140 3367 stem
2190 3327 2365 3367 meam
2415 3312 2691 3367 miserunt
2742 3322 2947 3367 sortem
2992 3314 3058 3367 ⁸⁶.
3125 3333 3143 3365 ι
3185 3314 3322 3369 ltcm
3378 3313 3509 3370 alibi
3565 3335 3577 3370 :

2006 3424 2023 3455 ι
2048 3404 2329 3460 Dederunt
2352 3405 2406 3458 in
2438 3419 2618 3459 escam
2655 3419 2832 3459 meam
2861 3405 2954 3469 fel,
2990 3407 3126 3460 etin
3163 3406 3253 3460 siti
3311 3422 3429 3462 mea
3474 3421 3572 3477 po-

1997 3505 2254 3552 taverunt
2283 3513 2368 3551 me
2401 3505 2556 3552 aceto
2584 3498 2649 3550 ".
2687 3518 2704 3549 ι
2765 3498 2921 3563 Quod
2965 3514 3098 3553 vero
3142 3498 3395 3555 Christus
3424 3511 3581 3556 ortus

1996 3588 2388 3652 sitexJudaeis,
2416 3588 2671 3659 cognovit
2692 3594 2749 3643 et
2770 3589 3006 3653 credidit
3043 3591 3285 3659 gentium
3310 3592 3573 3647 Ecclesia.

2004 3698 2021 3730 ι
2052 3678 2187 3733 Filia
2210 3678 2358 3733 enim
2381 3680 2706 3743 Pharaonis,
2738 3678 2938 3751 inquit,
2990 3683 3129 3735 dixit
3156 3702 3167 3735 :
3202 3686 3280 3738 Ex
3331 3686 3578 3739 Hebraeis

1995 3778 2081 3823 est
2133 3770 2312 3825 infans
2358 3770 2450 3825 hic
2478 3770 2544 3824 ³⁸.
2593 3789 2611 3821 ι
2646 3773 3036 3827 Verumtamen
3059 3776 3236 3843 quod
3298 3776 3573 3846 Synagoga

1994 3860 2309 3915 Judaorum
2345 3871 2635 3930 receptura
2660 3864 2732 3916 sit
2757 3863 3040 3917 Christum
3067 3878 3135 3917 ex
3158 3864 3226 3916 iis
3260 3865 3353 3932 qui
3381 3866 3577 3919 sintex

1997 3950 2240 4003 Ecclesia
2278 3952 2748 4020 gentium,'ipsius
2785 3952 3046 4021 mysterio
3071 3951 3363 4017 instructa,
3417 3954 3576 4009 facile

1999 4040 2098 4093 tibi
2133 4040 2597 4093 demonstraverit
2644 4041 2908 4110 parvulus
2931 4055 3027 4108 per
3062 4040 3229 4096 ﬁliam
3273 4044 3578 4100 Pharaonis

1996 4130 2157 4185 matri
2182 4129 2450 4184 redditus.
2465 4130 2598 4183 Nam
2621 4141 2671 4185 et
2698 4130 3013 4186 Iudaeorum
3029 4131 3329 4204 Synagoga,
3357 4140 3573 4193 tametsi

1993 4217 2180 4272 Jesum
2207 4215 2612 4286 quodammodo
2634 4219 2955 4289 exposuerit
2980 4228 3145 4291 atque
3175 4223 3441 4294 abjecerit
3478 4242 3577 4298 per

1996 4308 2448 4373 inobedientiam,
2482 4319 2662 4367 tamen
2692 4312 2746 4366 in
2767 4312 3084 4369 novissimis
3122 4317 3467 4385 temporibus
3489 4334 3575 4372 rc-

1992 4402 2155 4472 cipiet
2177 4418 2326 4465 eum,
2362 4404 2700 4473 argumentis
2732 4404 2989 4459 Ecclesiae
3021 4421 3304 4476 persuasa.
3333 4408 3402 4463 Et
3426 4412 3570 4480 quod

305 4498 544 4569 κλησίας
574 4504 1075 4572 μυσταγωγουμένη
1108 4508 1330 4571 φωναῖς.
1361 4506 1468 4558 Καὶ
1498 4507 1578 4557 ὅτι
1614 4505 1686 4576 μὴ
1716 4508 1886 4577 ἀκερ-

2002 4511 2105 4550 non
2133 4495 2203 4548 sit
2229 4494 2436 4563 absque
2459 4496 2734 4559 mercede,
2760 4494 2857 4549 sed
2894 4511 3087 4567 magna
3128 4513 3255 4567 spes
3292 4502 3569 4568 proposita

300 4590 420 4653 ὂές,
459 4589 575 4642 ἀλλ’
606 4593 660 4642 ἐν
689 4591 948 4659 μεγάλαις
988 4593 1166 4646 ἐλπίσι
1193 4594 1253 4646 τὸ
1297 4596 1484 4664 χρῆμα
1519 4596 1658 4665 αὐτὴ
1702 4596 1887 4648 λοιπὸν

2002 4587 2048 4641 ei
2087 4586 2178 4649 sit,
2203 4584 2580 4640 conﬁrmatur.
2607 4586 2745 4641 Vide
2771 4589 2917 4641 enim
2942 4590 3223 4658 quomodo
3279 4588 3390 4643 ﬁlia
3430 4590 3571 4643 Pha-

303 4683 776 4751 ἀναπεπεισμένη.
812 4683 921 4736 Θέα
947 4685 1054 4752 γὰρ
1073 4686 1267 4754 ὃπωςὴ
1295 4685 1384 4736 τοῦ
1417 4683 1615 4756 Φαραὼ
1641 4686 1886 4754 θυγάτηρ

2002 4676 2181 4732 raonis
2211 4675 2528 4745 promiserit
2549 4677 2708 4732 matri
2743 4678 2909 4733 Mosis
2952 4681 3283 4745 mercedem,
3334 4688 3396 4735 ut
3437 4683 3571 4736 velit

308 4773 542 4842 μισθοὺς
562 4774 927 4843 ἐπηγγέλλετο
953 4779 1017 4845 τῇ
1043 4776 1287 4838 Μωσέως
1313 4778 1502 4847 μητρὶ,
1533 4778 1885 4846 παιδοκομεῖν
1996 4782 2160 4837 quem
2210 4775 2500 4837 ΡθΡθΓθΓῧι
2554 4768 2821 4823 θηιιιτίτθ·
2880 4769 3248 4837 ρυθῐηοδτθω
3314 4770 3573 4825 nativum)

304 4865 541 4936 ἑλομένῃ
573 4866 632 4918 τὸ
660 4865 717 4930 ἐξ
756 4868 941 4936 αὐτῆς.
973 4867 1182 4920 Οὐκοῦν
1213 4870 1246 4938 ἡ
1285 4870 1526 4931 Μωσέως
1556 4869 1767 4936 γένεσις
1793 4870 1886 4922 καὶ

2002 4859 2159 4914 Μοείε
2185 4869 2241 4913 et
2269 4875 2390 4929 quas
2415 4860 2467 4915 ei
2497 4860 2818 4916 acciderunt
2852 4863 3154 4917 clarissime
3189 4860 3572 4929 signiﬁcarunt

303 4956 377 5007 τὰ
406 4954 496 5006 ἐπ’
519 4954 667 5024 αὐτῷ
686 4957 1127 5026 κατασημήνειεν
1162 4956 1226 5010 ἂν
1257 4959 1349 5010 καὶ
1387 4958 1533 5027 μάλα
1576 4959 1761 5026 σαφῶς
1779 4961 1891 5020 τοῖς

2002 4950 2232 5005 cordatis
2252 4949 2458 5005 Christi
2492 4953 2837 5022 mysterium,
2866 4969 2966 5021 per
2993 4965 3156 5021 quem
3188 4959 3245 5003 et
3301 4964 3425 5003 cum
3456 4968 3568 5021 quo

304 5046 602 5117 ἁρτίφροσι
631 5047 694 5100 τὸ
726 5049 963 5117 Χριστοῦ
1003 5051 1325 5120 μυστήριον,
1351 5051 1416 5102 δι’
1450 5046 1510 5104 οὗ
1551 5053 1645 5103 καὶ
1685 5051 1793 5119 μεθ’
1830 5044 1889 5104 οῦ

2002 5041 2061 5096 sit
2083 5042 2195 5097 Deo
2226 5049 2284 5097 et
2330 5043 2478 5096 Patri
2518 5044 2690 5113 gloria
2713 5058 2839 5097 cum
2867 5050 3057 5096 sancto
3080 5041 3290 5110 Spiritu
3320 5058 3466 5096 nunc
3511 5057 3567 5097 et

304 5137 385 5207 τῷ
416 5138 539 5210 Θεῷ
565 5140 660 5193 καὶ
704 5141 943 5211 Πατρὶὴ
990 5142 1114 5206 δόξα
1146 5144 1241 5194 σὺν
1287 5142 1426 5211 ἁγίῳ
1471 5143 1748 5211 Πνεύματι
1797 5143 1890 5196 νῦν

2002 5151 2225 5206 semper,
2256 5146 2314 5190 et
2338 5151 2435 5203 per
2466 5135 2677 5191 inﬁnita
2711 5136 2924 5190 saecula.
2947 5134 3138 5188 Amen.

304 5230 406 5284 καὶ
431 5231 518 5283 ἀεὶ
554 5230 651 5286 καὶ
673 5232 753 5294 εἰς
773 5234 896 5295 τοὺς
923 5234 1262 5303 ἀπεράντους
1291 5233 1511 5296 αἰῶνας.
1549 5235 1741 5302 Ἀμήν.

774 5349 903 5401 Ἔτι
944 5347 1077 5415 περὶ
1121 5345 1401 5410 Μωσέως.

381 5446 458 5507 ς’.
484 5442 596 5515 Τὴν
637 5440 885 5502 Μωσέως
914 5439 1129 5507 γένεσιν
1179 5436 1782 5507 πολυπραγμονοῦντες,
1814 5437 1889 5502 ὡς

303 5532 386 5585 ἔνι
418 5532 478 5586 τὸ
506 5531 744 5605 Χριστοῦ
775 5529 1071 5602 μυστήριον
1108 5527 1475 5598 διεδείκνυμεν
1507 5530 1605 5600 τῆς
1632 5530 1738 5582 τῶν
1759 5544 1887 5600 νοη-

304 5626 497 5696 μάτων
534 5626 846 5696 ἰσχνότητος
881 5622 1286 5691 διαγραφούσης
1323 5621 1485 5674 αὐτὸν
1528 5621 1888 5693 οἰκονομικῶς

2515 5349 2754 5421 Ampiius
2788 5353 2850 5404 de
2875 5349 3034 5404 Mosa.

2058 5443 2469 5502 6.Nativitatem
2486 5442 2688 5498 Christi
2707 5457 2808 5511 pro
2829 5440 2973 5495 virili
2994 5442 3566 5511 inquirentes,Chrlsti

1986 5534 2306 5607 mysterium
2333 5532 2694 5595 oswndimus,
2734 5533 2858 5602 quia
2884 5530 3158 5587 subtilitas
3181 5548 3375 5587 sensus
3401 5533 3566 5603 spiris

1988 5625 2152 5678 t'ualis
2187 5621 2445 5677 describit
2482 5620 2658 5690 ipsum
2711 5630 2856 5676 certa
2890 5623 3098 5677 ratione
3127 5623 3180 5676 in
3230 5638 3405 5692 nuper
3435 5631 3566 5677 nato

374 5800 419 5833 ³⁸
440 5801 579 5860 Psal.
624 5818 735 5863 XXI,
768 5801 849 5861 ιτ,
896 5798 972 5851 18.
1052 5799 1090 5829 ³⁷
1119 5798 1260 5852 Psal.
1290 5812 1468 5858 LXVIII,
1490 5796 1578 5849 ἓξ.
1660 5796 1700 5824 ³⁸⁸
1736 5796 1902 5849 Exod.
1931 5810 1988 5859 ιι,
2025 5797 2074 5849 6.
