4066 6282
458 338 562 398 589

1485 338 1540 394 S.
1581 337 1856 394 CYRILLI
1893 338 2362 395 ALEXANDRINI
2403 337 2723 395 ARCHIEP.

3608 334 3711 388 400

458 454 665 510 infante
718 462 942 523 propter
973 451 1195 508 deitatis
1228 452 1622 516 innocentiam,
1668 466 2047 520 summamque

2157 453 2205 504 ἐν
2235 453 2512 522 ἀρτιγενεῖ
2553 449 2749 520 νηπίῳ,
2786 450 2875 504 διά
2905 466 2986 502 τοι
3032 448 3131 518 τὴν
3164 448 3262 518 τῆς
3294 446 3548 516 θεότητος
3590 447 3726 500 ἀκα-

458 546 862 616 simplicitatem
914 552 970 598 et
1015 543 1412 607 sinceritatem,
1453 552 1546 597 aut
1591 552 1738 597 certe
1781 557 1851 597 eo
1894 543 2041 612 quod

459 653 598 693 nova
624 647 876 691 creatura
914 634 1185 704 apparuit.
1210 633 1480 690 Caeterum
1508 650 1605 705 age
1659 649 1897 699 rursum,
1935 635 2043 688 alio

457 731 625 783 etiam
662 728 823 781 modo
855 726 1271 782 consideremus
1292 726 1702 781 Emmanuelem
1729 727 2041 797 ﬁguratum.

464 820 609 874 Finis
644 820 790 874 enim
821 820 955 889 legis
983 834 1047 873 ac
1070 819 1461 888 prophetarum
1497 819 1750 873 Christus
1773 821 1837 873 θ’.
1896 838 1912 870 ι
1948 820 2018 874 Fa

457 922 606 965 etum
633 918 717 966 est
740 920 921 966 autem
947 912 1004 964 iu
1031 910 1229 966 diebus
1250 911 1380 975 illis,
1411 926 1640 981 magnus
1670 910 1845 967 factus
1869 912 2047 967 Moses

458 1002 626 1058 exivit
669 1001 738 1056 ad
773 1002 975 1057 fratres
1010 1017 1141 1058 suos
1189 1003 1378 1067 israel,
1402 1018 1637 1072 cumque
1688 1003 2046 1059 intellexisset

458 1108 651 1148 eorum
676 1094 1050 1159 aﬂlictionem,
1076 1103 1134 1149 et
1164 1094 1393 1150 vidisset
1428 1095 1705 1149 hominem
1731 1094 2045 1165 Aigyptium

459 1185 860 1254 percutientem
905 1185 1197 1256 quemdam
1229 1202 1296 1240 ex
1354 1185 1617 1239 fratribus
1650 1187 1764 1241 suis
1800 1203 1867 1241 ex
1921 1187 2047 1242 ﬁliis

462 1276 627 1331 Israel
648 1317 662 1340 ,
694 1276 810 1346 ipse
844 1276 1194 1347 perlustratis
1223 1275 1466 1346 undique
1494 1276 1727 1348 singulis
1773 1294 1897 1332 eum
1946 1294 2045 1334 ne-

462 1367 667 1420 minem
686 1365 936 1431 vidisset,
955 1366 1156 1421 occidit
1176 1365 1511 1438 Egyptium,
1536 1384 1700 1438 quem
1730 1378 1787 1423 et
1807 1370 1861 1422 in
1885 1370 2050 1424 sabu-

462 1458 515 1513 lo
561 1458 867 1514 abscondit.
911 1458 1182 1529 Egressus
1230 1468 1414 1514 autem
1455 1460 1546 1515 die
1589 1461 1850 1523 secundo,
1898 1461 2049 1517 videt

462 1548 600 1603 duos
622 1549 771 1603 viros
812 1548 1075 1604 Hebraeos
1098 1548 1361 1613 rixantes,
1392 1557 1449 1602 et
1478 1549 1613 1603 dicit
1649 1550 1872 1605 facienti
1901 1552 2044 1621 inju--

464 1640 600 1695 riam
629 1658 641 1692 :
664 1638 776 1695 Cur
801 1648 858 1694 tu
884 1640 1127 1709 percutis
1147 1639 1496 1709 proximum?
1529 1640 1627 1693 ille
1657 1648 1841 1696 autem
1866 1641 2002 1695 dixit
2029 1660 2042 1694 :

460 1732 595 1798 Quis
631 1739 681 1785 te
709 1731 995 1789 constituit
1026 1730 1334 1800 principem
1361 1739 1417 1785 et
1444 1731 1688 1800 judicem
1710 1747 1876 1802 super
1914 1734 2048 1789 nos?

2150 542 2294 605 κίαν,
2326 542 2420 594 καὶ
2452 540 2515 593 τὸ
2551 540 2895 609 ἀκάκουργον
2925 536 3226 600 παντελῶς,
3250 536 3347 589 καὶ
3372 536 3433 588 τὸ
3460 537 3542 598 είς
3577 536 3728 590 ἅπαν

2151 633 2376 697 ἁπλοῦν,
2404 632 2570 703 ἤγουν
2592 632 2675 684 ὃτι
2701 630 2796 682 νέα
2830 629 3039 698 πέφηνε
3071 627 3266 690 κτίσις.
3310 625 3473 681 Ἀλλὰ
3498 627 3633 698 φέρε
3664 627 3731 698 δὴ

2150 724 2312 779 πάλιν
2338 724 2430 777 καὶ
2454 724 2575 777 καθ’
2609 723 2698 775 ἓτε
2705 739 2796 791 ρον
2825 721 3025 792 τρόπον
3049 718 3482 790 καταθρὴσωμεν
3502 720 3559 772 ἐν
3578 718 3733 788 αὑτῷ

2150 814 2241 867 τὸν
2284 812 2632 885 Ἐμμανουήλ
2662 812 3058 883 μορφούμενον.
3096 810 3260 872 Τέλος
3289 810 3398 881 γὰρ
3430 810 3599 880 νόμον
3634 815 3733 863 καὶ

2152 908 2446 981 προφητῶν
2473 909 2503 959 ό
2527 907 2782 977 Χριστός.
2829 925 2847 956 ι
2904 905 3154 973 Ἐγένετο
3193 901 3394 967 τοίνυν,
3444 902 3633 971 φησὶν,
3673 903 3733 954 ἐν

2151 1002 2269 1062 ταῖς
2303 1000 2536 1070 ἡμέραις
2565 1001 2682 1061 ταῖς
2700 998 2924 1060 πολλαῖς
2951 996 3207 1058 ἐκείναις,
3245 994 3417 1065 μέγας
3440 995 3732 1065 γενόμενος

2151 1093 2357 1160 Μωσῆς
2380 1090 2570 1160 ἐξῆλθε
2611 1089 2749 1160 πρὸς
2774 1091 2897 1150 τοὺς
2936 1086 3198 1157 ἀδελφοὺς
3229 1085 3395 1139 αὐτοῦ
3424 1086 3552 1148 τοὺς
3580 1086 3735 1147 uici»;

2165 1182 2418 1251 Ἰσραήλ·
2454 1182 2798 1251 κατανοήσας
2836 1179 2893 1232 δὲ
2925 1177 3018 1232 τὸν
3056 1179 3219 1231 πόνον
3250 1177 3454 1239 αὐτῶν,
3490 1178 3593 1247 δρᾷ
3636 1175 3732 1228 ἄν·

2153 1270 2371 1341 θρωπον
2408 1271 2704 1338 Αίγύπτιον
2739 1269 3011 1325 τύπτοντα
3063 1268 3316 1339 Ἐϐραῖον
3345 1267 3453 1321 τῶν
3482 1265 3731 1335 ἀδελφῶν

2154 1360 2346 1414 ἐαυτοῦ
2365 1376 2376 1387 ·
2420 1361 2513 1413 καὶ
2541 1360 2790 1424 πατάξας
2830 1360 2921 1412 τὸν
2952 1359 3274 1425 Αἰγύπτιον,
3312 1358 3546 1430 ἔκρυψεν
3566 1360 3731 1412 αὑτὸν

2154 1454 2214 1503 ἐν
2244 1454 2308 1521 τῇ
2356 1453 2546 1522 ἄμμῳ.
2600 1449 2864 1516 Ἑξελθὼν
2902 1451 2959 1504 δὲ
2993 1454 3060 1521 τῇ
3106 1451 3290 1521 ἡμέρᾳ
3332 1450 3582 1520 δευτέρᾳ,
3627 1451 3732 1520 ὁρᾷ

2153 1544 2248 1595 δύο
2281 1544 2480 1612 ἄνδρας
2520 1543 2806 1612 Ἐϐραίους
2836 1541 3411 1613 διαπληκτιζομένους,
3454 1542 3550 1595 καὶ
3579 1541 3729 1607 λέγει

2153 1633 2230 1701 τῷ
2264 1632 2571 1685 ἁδικοῦντι’
2609 1635 2761 1686 Διατί
2794 1634 2859 1686 σὺ
2881 1634 3108 1698 τύπτεις
3143 1634 3233 1687 τὸν
3266 1634 3527 1705 πλησίον,
3574 1634 3634 1687 Ὀ
3673 1634 3733 1686 δὲ

2156 1720 2299 1776 εἶπεν
2337 1725 2431 1787 Τίς
2461 1741 2522 1776 σε
2561 1727 2896 1794 κατέστησεν
2931 1726 3168 1795 ἄρχοντα
3214 1727 3310 1780 καὶ
3345 1728 3605 1798 δικαστὴν
3643 1730 3730 1794 ἐφ’

462 1823 625 1894 253
645 1823 907 1892 Nunquid
932 1822 1187 1878 occidere
1213 1838 1300 1877 me
1332 1830 1389 1877 tu
1434 1824 1538 1889 vis,
1578 1824 2044 1893 quemadmodum

2157 1817 2324 1885 ᾕμᾶςς
2361 1815 2427 1868 Ἣ
2453 1817 2662 1869 ἀνελεῖν
2683 1834 2751 1887 με
2777 1819 2838 1870 σὺ
2862 1817 3056 1881 θέλεις,
3079 1818 3136 1871 δν
3158 1819 3356 1889 τρόπον
3370 1818 3579 1881 ἀνεῖλες
3602 1817 3731 1889 χθὲς

460 1913 710 1969 occidisti
762 1913 881 1967 heri
923 1911 1271 1983 Egyptium?
1297 1913 1505 1968 Timuit
1538 1922 1721 1968 autem
1769 1914 1964 1980 Moses,
1993 1924 2048 1971 et

464 2006 541 2060 ait
573 2024 585 2058 :
613 2002 667 2060 Si
696 2005 775 2060 sic
804 2004 1157 2060 manifestum
1186 2005 1389 2059 factum
1413 2013 1498 2060 est
1522 2005 1751 2059 verbum
1773 2005 1918 2059 hoc?
1941 2005 2052 2059 Au-

464 2097 602 2150 divit
627 2103 809 2153 autem
851 2095 1064 2149 Pharao
1087 2096 1319 2149 verbum
1359 2095 1485 2160 hoc,
1509 2105 1563 2150 et
1595 2096 1877 2165 quaerebat
1900 2097 2049 2151 occi—

378 2218 387 2229 ι
463 2190 595 2243 dere
619 2189 824 2243 Mosen.
848 2187 1095 2242 Recessit
1119 2196 1301 2243 autem
1324 2188 1500 2243 Moses
1519 2204 1551 2242 a
1577 2199 1873 2258 conspectu
1907 2190 2049 2243 Pha-

464 2282 668 2347 raonis,
693 2290 749 2337 et
791 2282 1064 2337 habitavit
1089 2282 1142 2335 in
1168 2290 1317 2336 terra
1367 2281 1600 2336 Madian.
1646 2282 1782 2336 Cum
1813 2282 2052 2335 venisset

465 2384 650 2430 autem
673 2375 729 2427 in
750 2381 894 2428 terra
910 2372 1148 2436 Madian,
1173 2372 1317 2427 sedit
1334 2373 1487 2441 juxta
1502 2379 1749 2442 puteum.
1777 2370 1845 2424 At
1869 2386 2051 2424 sacer«

464 2467 580 2522 doti
600 2466 813 2521 Madian
838 2473 999 2520 erant
1019 2473 1229 2534 septem
1247 2464 1371 2519 filiae
1402 2474 1690 2535 pascentes
1719 2479 1852 2518 oves
1881 2462 2053 2532 patris

461 2559 549 2616 sui
571 2558 782 2614 Jethro.
811 2555 949 2612 Cum
975 2556 1258 2612 venissent
1284 2565 1489 2621 autem,
1527 2554 1854 2610 hauriebam
1872 2554 2052 2625 quoad

467 2652 832 2722 impleverunt
878 2651 1118 2715 canales,
1145 2656 1207 2704 ut
1231 2649 1569 2718 adaquarent
1607 2664 1739 2703 oves
1774 2648 1947 2718 patris
1966 2649 2051 2704 sui

464 2743 675 2798 .letbro.
721 2741 1188 2811 Supervenientes
1239 2750 1422 2797 autem
1478 2748 1728 2810 pastores
1773 2740 2052 2810 eiecerunt

465 2851 586 2900 ras;
636 2849 868 2905 surgens
912 2842 1096 2889 autem
1135 2833 1312 2889 Moses
1347 2834 1604 2889 liberavit
1644 2848 1758 2896 eas,
1788 2841 1844 2886 et
1866 2832 2052 2887 hausit

465 2939 662 2993 aquam
690 2924 820 2989 illis,
845 2931 900 2978 et
920 2923 1213 2994 adaquavit
1233 2938 1365 2979 oves
1398 2923 1636 2978 illarum.
1678 2922 1931 2978 Reversae
1950 2937 2051 2976 au—

468 3020 577 3070 tem
605 3022 735 3069 sunt
759 3013 824 3068 ad
872 3014 1079 3085 Raguel
1120 3022 1333 3085 patrem
1357 3029 1539 3069 suum.
1569 3014 1663 3069 llic
1703 3023 1887 3069 autem
1915 3013 2053 3068 dixit

465 3106 545 3161 eis
567 3122 582 3159 ι
606 3103 786 3170 Quare
822 3103 1180 3160 festinavistis
1218 3104 1560 3160 adveniendo
1586 3104 1787 3160 hodie?
1812 3105 1918 3160 lllte
1955 3120 2053 3160 au-

2155 1906 2245 1958 τὸν
2266 1906 2597 1973 Αἱγύπτιονς
2630 1905 2901 1973 Ἑφοϐἠθη
2923 1907 2980 1959 δὲ
3001 1908 3226 1976 Μωσῆς,
3248 1908 3344 1960 καί
3366 1903 3539 1961 εἷπεψ
3556 1908 3619 1960 Ei
3637 1907 3736 1960 οὔ·

2155 2014 2262 2059 τως
2286 1997 2525 2067 ἐμφανὲς
2547 1996 2738 2065 γέγονε
2754 1999 2814 2050 τὸ
2836 1998 2986 2068 ῥῆμα
3006 1997 3435 2065 τοῦτο;”11κουσε
3457 2000 3514 2053 δὲ
3532 1999 3734 2069 Φαραὼ

2156 2089 2214 2142 τὸ
2241 2089 2394 2159 ῥῆμα
2426 2089 2604 2155 τοῦτο,
2639 2091 2732 2143 καὶ
2767 2090 2945 2161 ἐζήτει
2974 2090 3183 2144 ἀνελεῖν
3229 2090 3320 2143 τὸν
3359 2092 3583 2160 Μωσῆν.
3612 2090 3735 2144 ’Λν-

2157 2183 2402 2251 εχώρησε
2432 2182 2486 2235 δὲ
2507 2183 2713 2251 Μωσῆς
2754 2184 2863 2236 ἀπὸ
2893 2182 3187 2253 προσώπου
3222 2183 3444 2253 Φαραὼ,
3478 2185 3570 2236 καὶ
3598 2201 3735 2237 κατ·

2157 2272 2371 2343 ᾠκτδσεν
2400 2276 2455 2325 ἐν
2486 2277 2555 2343 γῇ
2580 2275 2827 2344 Μαδιάμ.
2856 2273 3057 2327 Ἐλθὼν
3085 2275 3143 2328 δὲ
3181 2275 3237 2328 ἐν
3268 2277 3336 2345 τῇ
3376 2276 3445 2344 γῇ
3485 2273 3734 2342 Μαδιὰμ.

2157 2365 2408 2417 ἐκάθισεν
2440 2366 2532 2418 ἐπὶ
2562 2366 2656 2418 τοῦ
2689 2367 2942 2437 φρέατος.
2973 2364 3063 2436 Τῷ
3093 2365 3152 2419 δὲ
3178 2367 3314 2435 ἱερεῖ
3338 2365 3563 2435 Μαδιὰμ
3591 2361 3737 2436 ἦσαν

2158 2455 2297 2509 ἑπτὰ
2320 2455 2617 2527 θυγατέρες
2642 2457 3030 2528 ποιμαίνουσαι
3047 2458 3113 2511 τὰ
3137 2458 3388 2528 πρόϐατα
3407 2457 3500 2510 τοῦ
3530 2460 3738 2528 πατρὶ-ς

2158 2546 2338 2601 αὐτῶν
2373 2548 2562 2619 Ἰοθόρ.
2597 2549 3049 2621 Παραγενόμεναι
3074 2549 3132 2603 δὲ
3162 2549 3408 2621 ἤντλουν,
3440 2550 3545 2612 ἕως
3576 2548 3741 2617 {1:11;-

2160 2657 2260 2692 σαν
2288 2640 2385 2703 τὰς
2413 2640 2733 2711 δεξαμενὰς,
2777 2642 2995 2696 ποτίσαι
3024 2643 3090 2696 τὰ
3117 2642 3369 2713 πρόϐατα
3408 2642 3502 2695 τοῦ
3531 2642 3740 2712 πατρὸς

2157 2731 2337 2787 αὐτῶν
2367 2734 2558 2805 Ἰοθόρ.
2578 2734 3022 2805 Παραγενόμενοι
3044 2734 3100 2788 δὲ
3124 2736 3173 2788 οἰ
3196 2735 3457 2804 ποιμένες
3484 2731 3739 2799 ἐξέϐαλον

2157 2824 2326 2889 αὑτάς
2345 2841 2358 2854 °
2385 2825 2625 2889 ἀναστὰς
2653 2825 2710 2878 δὲ
2754 2828 2958 2897 Μωσῆς
2989 2827 3261 2898 ἐρρύσατο
3294 2826 3488 2891 αὑτὰς,
3525 2828 3621 2882 καὶ⁵
3644 2829 3743 2897 ἥν·-

2156 2917 2356 2986 τλησεν
2384 2918 2595 2981 αὐταῖς,
2623 2919 2721 2971 καὶ
2747 2918 2967 2971 ἐπότισε
2994 2919 3060 2972 τὰ
3089 2918 3340 2988 πρόϐατα
3369 2918 3574 2973 αὐτῶν.
3593 2920 3745 2989 Παρ-

2158 3006 2405 3073 εγένοντο
2437 3007 2492 3060 δὲ
2520 3007 2656 3078 πρὸς
2697 3007 2965 3077 Ῥαγουὴλ
2986 3008 3078 3060 τὸν
3109 3008 3319 3079 πατέρα
3346 3009 3546 3064 αὐτῶν.
3592 3009 3650 3063 '0
3682 3011 3739 3062 δὲ

2159 3094 2310 3152 εἶπεν
2354 3100 2576 3162 αὑταῖς·
2611 3099 2676 3151 Τί
2725 3100 2808 3152 ὅτι
2861 3099 3159 3169 ἐταχύνατε
3198 3099 3292 3152 τοῦ
3328 3100 3741 3169 παραγενέσθαι

470 3206 577 3251 tem
608 3196 868 3252 dixerunt
894 3215 906 3250 :
935 3197 1111 3253 Homo
1150 3196 1437 3269 Egyptius
1466 3198 1720 3253 liberavit
1748 3214 1850 3254 nos
1874 3213 1904 3253 a
1959 3213 2054 3268 pa-

2160 3191 2433 3261 σήμερον;
2465 3192 2528 3244 Al
2553 3190 2610 3244 δὲ
2642 3185 2799 3243 εἷπον
2821 3206 2833 3221 ο
2879 3191 3199 3261 Ἀνθρωπος
3240 3190 3541 3258 Αἰγύπτιος
3573 3193 3741 3265 ἐρρύ-

467 3287 732 3351 storibus,
770 3295 827 3340 et
849 3286 1032 3342 hausit
1060 3302 1256 3356 aquam
1288 3287 1471 3351 nobis,
1498 3296 1555 3341 et
1606 3287 1900 3357 adaquavit
1927 3303 2060 3342 oves

473 3386 707 3432 nostras.
741 3377 835 3431 Ille
880 3385 1066 3432 autem
1112 3377 1253 3431 dixit
1286 3377 1502 3432 ﬁliabus
1528 3378 1644 3431 suis
1677 3396 1689 3430 :
1718 3378 1788 3432 Et
1814 3378 1909 3430 ubi
1942 3379 2061 3432 est?

470 3482 571 3519 cur
599 3465 681 3519 sic
704 3465 992 3520 dimisistis
1034 3466 1352 3521 hominem?
1394 3466 1595 3521 Vocate
1630 3466 1798 3536 igitur
1819 3481 1968 3530 eum,
1999 3474 2061 3520 ut

471 3554 725 3610 comedat
748 3569 965 3623 panem.
994 3554 1271 3608 Habitavit
1297 3561 1482 3609 autem
1515 3554 1693 3610 Moses
1709 3554 1855 3624 apud
1876 3555 2061 3610 homi-

472 3664 619 3713 nem,
645 3655 700 3702 et
735 3645 888 3700 dedit
928 3645 1232 3716 Sephoram
1262 3646 1429 3700 ﬁliam
1459 3662 1614 3702 suam
1654 3646 1789 3701 Mosi
1810 3662 2057 3702 uxorem.

475 3742 531 3795 In
557 3748 749 3794 ventre
793 3746 976 3791 autem
1025 3737 1237 3791 habens
1278 3736 1497 3802 mulier,
1539 3737 1754 3807 peperit
1783 3737 1977 3801 ﬁlium,
2006 3747 2065 3792 et

475 3830 688 3885 vocavit
729 3844 932 3883 nomen
958 3829 1078 3899 ejus
1130 3828 1380 3893 Gersam,
1421 3827 1813 3895 dicenszQuia
1850 3828 2063 3884 advena

476 3938 595 3978 sum
639 3920 695 3976 in
742 3929 889 3976 terra
942 3920 1119 3976 aliena
1155 3920 1221 3972 ⁸ο.
1269 3939 1288 3971 ι
1330 3918 1519 3991 Atque
1569 3919 1687 3975 hzec
1725 3919 1951 3991 quidem
1991 3919 2061 3974 de

474 4012 639 4068 Mosa.
661 4012 827 4067 ‘Nunc
863 4019 1047 4067 autem
1072 4011 1250 4067 oratio
1276 4019 1464 4066 nostra
1487 4010 1557 4065 ad
1597 4025 1819 4067 sensum
1855 4010 2062 4066 intimae

474 4103 932 4160 eousidcrationis
953 4118 1013 4158 se
1049 4111 1353 4167 convertet,
1377 4103 1626 4158 tribuens
1656 4102 1922 4157 nimirum
1970 4102 2062 4156 hi-

478 4195 661 4248 storia:
686 4193 832 4262 quod
875 4192 1108 4247 maxime
1131 4193 1183 4247 ei
1213 4195 1490 4260 convenit;
1515 4202 1572 4248 et
1590 4192 1721 4248 item
1743 4192 1891 4263 quod
1902 4193 2061 4249 vide-

475 4293 567 4338 tur
596 4298 754 4352 posse
783 4282 1054 4353 Spirituali
1094 4283 1362 4338 inservire
1388 4284 1741 4354 expositioni,
1774 4285 1827 4338 id
1852 4284 2062 4342 scilicet

476 4372 547 4429 ad
567 4370 769 4457 Christi
798 4370 1112 4426 institutum
1137 4371 1399 4426 referens.

546 4677 598 4730 7.
620 4672 837 4729 Audisti
864 4672 1048 4741 itaque
1071 4669 1219 4741 quod
1242 4670 1419 4726 Moses
1445 4670 1797 4743 jamﬁadultus
1819 4670 2068 4727 exlverit

2158 3298 2291 3334 σατο
2322 3282 2468 3352 ἡμᾶς
2493 3283 2558 3334 ἐκ
2580 3280 2686 3334 τῶν
2714 3281 3008 3351 ποιμένων,
3041 3281 3135 3335 καὶ
3168 3280 3431 3352 ἧντλησεν
3458 3284 3610 3352 ἡμῖν,
3640 3283 3743 3336 καὶ

2157 3373 2373 3426 ἐπότισε
2402 3372 2470 3426 τὰ
2493 3372 2741 3443 πρόϐατα
2771 3371 2951 3443 ήμῶν.
2989 3373 3045 3425 Ὀ
3074 3372 3131 3425 δὲ
3164 3367 3286 3425 εἶπε
3309 3376 3432 3437 ταῖς
3460 3372 3744 3443 θυγατρά-

2160 3480 2244 3516 σιν
2274 3462 2438 3516 αὐτοῦ
2462 3480 2474 3493 ⁸
2506 3464 2617 3517 Καὶ
2656 3463 2757 3515 ποῦ
2797 3465 2947 3528 ﬁeri;
2978 3465 3072 3517 καὶ
3099 3464 3187 3516 ἵνα
3222 3463 3275 3515 τί
3296 3463 3472 3527 οὕτως
3502 3464 3745 3519 καταλε-

2157 3554 2379 3609 λοίπατε
2412 3558 2502 3609 τὸν
2538 3556 2860 3626 ἄνθρωπονς
2909 3557 3191 3610 Καλέσατε
3237 3551 3332 3610 οὖν
3368 3558 3532 3611 αὐτὸν
3585 3559 3745 3621 ὅπως

2158 3647 2306 3716 φάγῃ
2332 3647 2516 3718 ἄρτον.
2534 3648 2865 3719 Κατῳκίσθη
2890 3647 2948 3700 δέ
2965 3648 3172 3718 Μωσῆς
3186 3648 3331 3718 παρὰ
3345 3648 3423 3718 τῷ
3438 3647 3749 3720 ἀνθρώπῳ,

2157 3738 2251 3790 καὶ
2284 3738 2493 3804 ἐξέδοτο
2539 3740 2843 3809 Σεπφωρὰν
2881 3741 2980 3809 τὴν
3032 3739 3308 3809 Θυγατέρα
3351 3740 3516 3794 αὐτοῦ
3562 3741 3751 3813 Μωσῇ

2156 3833 2413 3897 γυναῖκα.
2469 3831 2559 3884 Ἐν
2600 3830 2803 3903 γαστρὶ
2834 3831 2889 3884 δὲ
2930 3830 3272 3887 συλλαϐοῦσα
3314 3832 3347 3900 ἡ
3387 3831 3525 3904 γυνὴ
3551 3831 3759 3886 ἔτεκεν

2156 3923 2290 3982 υἱον,
2321 3922 2416 3977 καὶ
2444 3924 2769 3992 ἐπωνόμασε
2794 3924 2997 3995 Μωσῆς
3013 3923 3071 3977 τὸ
3092 3924 3265 3995 ὄνομα
3292 3924 3460 3978 αὐτοῦ
3483 3924 3756 3995 Γηρσὰμ,

2154 4014 2352 4084 λέγων,
2381 4015 2464 4068 ὅτι
2488 4015 2758 4086 Πάροικός
2788 4017 2902 4085 εἰμι
2926 4017 2983 4069 ἐν
3022 4018 3093 4087 γῇ
3113 4015 3387 4086 ἀλλοτρίᾳ.
3420 4033 3440 4067 ι
3481 4007 3608 4067 Ὧδε
3640 4015 3759 4084 μὲν

2157 4101 2249 4159 οὖν
2276 4105 2346 4159 τὰ
2394 4108 2658 4170 Μωσέως.
2705 4106 2949 4180 Θεωρίας
2979 4107 3037 4160 δὲ
3060 4107 3161 4176 τῆς
3187 4107 3446 4160 ἐσωτάτω
3483 4106 3757 4179 συνθήσει

2159 4196 2322 4251 πάλιν
2366 4200 2497 4269 ἡμῖν
2520 4200 2548 4252 ὁ
2569 4198 2746 4267 λόγος,
2774 4199 3140 4270 ἀπονέμοντες
3169 4201 3233 4270 τῇ
3267 4198 3480 4270 ἱστορίᾳ
3515 4199 3598 4252 ὅτι
3639 4200 3757 4269 μά-

2158 4289 2314 4344 λιστα
2345 4292 2405 4343 τὸ
2432 4292 2643 4360 πρέπον
2683 4293 2853 4364 αὐτῇ·
2884 4292 2946 4345 τὺ
2992 4292 3049 4345 δὲ
3087 4292 3211 4346 ὅσον
3249 4291 3315 4346 ἄν
3350 4293 3596 4361 φαίνοιτο
3619 4298 3756 4358 ταῖς

2158 4386 2556 4450 πνευματικαῖς
2589 4385 2935 4455 ἀφηγήσεσιν
2972 4384 3269 4456 ὑπηρετεῖν
3301 4380 3360 4437 εὖ
3407 4383 3554 4454 μάλα
3585 4384 3760 4439 δυνὰο

2165 4492 2358 4545 μενον,
2403 4474 2564 4529 τοῦτο
2612 4479 2958 4548 περιτρέπων
3007 4478 3088 4540 εἰς
3126 4475 3445 4547 οἰκονομίαν
3494 4476 3594 4545 τὴν
3651 4477 3760 4529 ἐπὶ

2163 4568 2406 4638 Χριστῷ.

2236 4657 2301 4724 ζ’.
2352 4660 2612 4723 Διεπύθου
2667 4661 2724 4715 δὲ
2771 4662 2854 4714 ὃτι
2909 4660 3083 4732 μέγας
3135 4658 3425 4729 γενόμενος
3500 4658 3756 4728 Μωσῆςν

472 4767 542 4824 ad
568 4767 769 4822 fratres
794 4777 942 4819 suos.
979 4761 1156 4816 Verus
1180 4760 1455 4831 siquidem
1488 4769 1573 4817 est
1609 4760 1829 4816 divinus
1855 4761 2054 4817 Paulus

2163 4750 2352 4822 ἐξῆλθε
2376 4751 2511 4822 πρὸς
2540 4752 2662 4816 τοὺς
2685 4751 2944 4820 ἀδελφοὺς
2963 4750 3147 4807 αὑτοῦ.
3174 4751 3286 4805 Καὶ
3307 4749 3418 4819 γάρ
3440 4750 3587 4802 ἐστιν
3607 4748 3761 4819 ἁλη-

476 4860 549 4915 it'a
576 4858 858 4915 scribens:
893 4874 910 4907 ι
943 4853 1175 4922 Quando
1209 4862 1392 4907 autem
1420 4853 1572 4908 venit
1600 4852 1885 4923 plenitudo
1916 4860 2058 4909 tem-

474 4950 646 5019 poris,
683 4949 837 5004 misit
870 4949 1018 5004 Deus
1041 4946 1240 5002 Filium
1271 4960 1452 5010 suum,
1484 4952 1674 5000 natum
1708 4960 1774 4999 ex
1804 4944 2055 5009 muliere,

476 5022 679 5095 fa‘rtum
702 5038 805 5093 sub
826 5039 945 5109 lege
975 5036 1040 5091 “.
1074 5055 1093 5088 ι
1122 5035 1258 5103 Quis
1290 5035 1456 5106 igitur
1499 5035 1785 5091 commode
1829 5036 2057 5108 intelligi

473 5130 674 5185 debeat
694 5129 892 5184 modus
918 5128 1082 5198 huius
1110 5127 1177 5181 ad
1218 5141 1319 5181 nos
1343 5125 1620 5181 missionis
1640 5125 1732 5181 hic
1754 5125 2057 5196 patefacta,

475 5227 570 5273 aut
601 5218 734 5290 quid
760 5217 831 5273 sit
859 5216 1004 5288 quod
1047 5232 1173 5272 eum
1210 5231 1489 5285 egressum
1512 5230 1634 5269 esse
1668 5214 1936 5279 dicamus,
1959 5231 2059 5269 ne-

475 5310 775 5364 eessarium
791 5309 901 5363 erit
928 5307 1219 5378 dispicere.
1242 5305 1322 5361 An
1354 5320 1465 5360 non
1490 5305 1731 5360 Verbum
1759 5305 1855 5361 Dei
1882 5304 2060 5361 Patris

477 5399 532 5455 in
551 5416 618 5455 eo
639 5399 786 5471 quod
800 5400 942 5455 sicut
963 5398 1197 5465 nos,hoe
1214 5407 1298 5452 est
1313 5396 1680 5461 homo,faetus
1696 5404 1799 5461 est,
1819 5395 2058 5467 quodam

480 5489 642 5545 modo
666 5488 734 5544 de
760 5504 819 5544 se
857 5503 1136 5558 egressum
1177 5501 1297 5541 esse
1320 5486 1705 5551 concedamus,
1732 5494 1788 5540 et
1813 5500 1843 5539 a
1874 5485 2059 5539 divina

477 5578 652 5646 gloria
672 5579 827 5648 quasi
877 5576 1202 5633 recessisse?
1236 5576 1510 5646 siquidem
1555 5576 1687 5631 illud
1739 5591 1932 5631 verum
1975 5587 2062 5632 est

548 5755 595 5787 ³⁸
632 5752 867 5815 Rom.x,
905 5752 959 5805 4.
1036 5751 1079 5782 ⁸ο
1114 5750 1286 5804 Exod.
1315 5767 1372 5815 ιι,
1429 5751 1606 5804 11-22.
1686 5753 1728 5783 δ’
1768 5751 1947 5807 Galat.
1990 5766 2064 5818 iv,
2101 5752 2150 5807 ι.

2163 4841 2260 4912 θὴς
2289 4843 2317 4894 ό
2358 4842 2643 4906 θεσπέσιος
2672 4843 2898 4912 γράφων
2935 4842 3178 4906 Παῦλοςο
3207 4860 3227 4894 ι
3263 4842 3395 4894 Ὅτε
3435 4840 3492 4894 δὲ
3519 4836 3655 4911 ἦλθε
3690 4840 3765 4894 τὸ

2164 4934 2437 5005 πλήρωμα
2469 4933 2563 4988 τοῦ
2592 4935 2785 5005 χρόνου
2807 4974 2820 4999 ,
2854 4933 3232 4999 ἐξαπέστειλεν
3262 4935 3291 4988 ό
3319 4932 3452 4995 Θεὸς
3485 4933 3577 4985 τόν
3616 4930 3763 4984 Tib»

2165 5026 2330 5080 αὐτοῦ
2356 5026 2641 5096 γενόμενον
2662 5027 2725 5080 ἐκ
2746 5026 3003 5096 γυναικὸς
3022 5066 3038 5088 ,
3058 5027 3349 5096 γενόμενον
3373 5024 3480 5078 ὑπὸ
3496 5023 3679 5092 νόμον
3734 5043 3756 5074 ι

2167 5117 2263 5180 Τίς
2294 5116 2360 5189 δὴ
2399 5113 2494 5173 οὖν
2521 5118 2629 5189 ἄρα
2662 5121 2819 5172 νοοῖτ’
2850 5119 2917 5173 ἂν
2958 5119 3183 5181 εἰκότως
3210 5119 3308 5187 τῆς
3340 5114 3527 5169 ἐνθάδε
3555 5112 3767 5182 δηλου-

2169 5211 2337 5282 μένης
2374 5211 2677 5283 ἀποστολῆς
2702 5212 2731 5265 ό
2756 5211 2986 5283 τρόπος,
3013 5209 3046 5279 ἢ
3072 5210 3126 5262 τί
3150 5208 3210 5261 τὸ
3241 5205 3602 5277 ἐκϐεϐηκέναι
3633 5204 3761 5273 φή-

2167 5319 2331 5371 σομεν
2350 5342 2365 5367 ,
2395 5301 2629 5356 κατιδεῖν
2660 5303 2974 5370 ἀναγκαῖον.
3006 5301 3077 5353 Ἦ
3106 5297 3214 5370 γὰρ
3242 5298 3363 5367 οὐχὶ
3390 5295 3482 5349 τὸν
3514 5294 3577 5346 ἐκ
3605 5292 3759 5344 Θεοῦ

2165 5394 2374 5464 Πατρὸς
2416 5394 2588 5464 Λόγον
2635 5395 2691 5447 ἐν
2738 5396 2850 5457 τοῖς
2889 5391 3011 5446 καθ’
3052 5391 3202 5463 ἡμᾶς
3242 5387 3535 5457 γεγονότα,
3588 5398 3763 5435 του-τ-

2165 5484 2311 5539 έστιν
2335 5484 2641 5557 ἄνθρωπον,
2659 5485 2941 5557 μονονουχὶ
2971 5482 3063 5537 καὶ⁹
3089 5478 3447 5550 ἐκϐεϐηκέναι
3475 5473 3760 5543 δώσομεν,

2165 5573 2270 5640 ἔξω
2298 5592 2357 5628 τε
2397 5575 2647 5643 γενέτθαι
2685 5576 2783 5646 τῆς
2818 5570 3156 5648 θεοπρεποῦς
3186 5568 3419 5643 ἐροῦμεν
3459 5563 3761 5653 εὐκλείαςι
