4066 6282
401 341 505 401 ωδ

1392 345 1449 402 S.
1490 343 1764 401 CYRlLLI
1802 341 2272 399 ALEXANDRINI
2311 343 2632 398 ARCHIEP.

3555 337 3659 393 ‘05

400 458 705 532 principem
741 468 796 514 et
832 457 1106 529 judicem?
1133 458 1217 512 An
1254 457 1566 515 interﬁcere
1603 473 1691 514 me
1727 458 1886 528 cupis
1912 472 1982 512 eo

2092 474 2159 527 με
2186 458 2250 511 σὺ
2276 456 2451 521 θέλεις
2468 457 2531 510 δν
2551 458 2752 529 τρόπον
2778 454 2985 517 ἀνεῖλες
3006 455 3096 507 τὸν
3120 453 3418 523 Αίγύπτιον
3440 453 3598 525 χοέςς
3636 473 3655 506 ι

402 549 565 607 modo
598 565 708 619 quo
755 546 1081 605 interfecisti
1119 546 1298 619 pridie
1332 547 1645 619 Egyptium
1679 546 1805 600 “1’:
1846 546 1983 601 Nam

384 656 527 709 cum
574 639 893 698 Emmanuel
940 638 1196 695 Satanam
1235 638 1392 709 prius
1429 639 1588 709 quasi
1625 636 1987 694 conclusisset

402 734 456 789 in
493 732 731 804 inferno,
768 732 1025 802 prodibat
1046 733 1275 804 justitiee
1303 732 1575 787 mediator
1599 728 1891 792 lsraelitis,
1926 736 1987 783 ut

402 831 605 895 mutuae
634 821 950 877 dilectionis
982 823 1262 893 magister,
1294 820 1759 892 jubebatquidem
1792 827 1853 872 ut
1871 818 1984 873 fra-

403 925 572 971 terna:
597 913 856 970 charilati
885 915 1192 977 studerent,
1232 922 1288 970 et
1313 922 1373 969 ut
1400 928 1531 984 pace
1559 921 1723 981 atque
1753 926 1984 965 concor—

401 1005 490 1064 dia
540 1005 679 1064 nihil
720 1006 985 1064 haberent
1014 1007 1315 1076 antiquius.
1346 1004 1503 1065 Unde
1544 1012 1601 1059 et
1648 1005 1764 1073 ipse
1802 1004 1981 1057 dixit’:

408 1119 423 1147 ‹
455 1097 654 1153 Pacem
690 1114 866 1153 meam
896 1099 967 1154 do
997 1099 1153 1155 vobis
1173 1100 1239 1157 '°.
1271 1119 1289 1150 ι
1318 1098 1455 1154 Cum
1499 1106 1681 1152 autem
1717 1096 1983 1151 deberent

401 1189 543 1246 hanc
577 1190 980 1245 institutionem
1023 1191 1277 1256 laudare,
1316 1199 1483 1260 atque
1534 1188 1794 1243 admirari
1836 1188 1986 1258 pacis

399 1290 681 1340 auctorem
710 1298 774 1337 ac
797 1283 994 1338 ducem
1037 1283 1341 1347 charitatis,
1374 1282 1704 1352 optimaeque
1737 1281 1983 1349 discipli-

400 1388 485 1428 nae
521 1375 861 1445 magistrum,
880 1391 1147 1430 summam
1177 1375 1231 1429 in
1255 1374 1434 1444 ipsum
1467 1373 1806 1443 impietatem
1830 1388 1987 1428 exer-

399 1472 653 1518 cuerunt.
673 1464 859 1535 Neque
879 1465 1027 1521 enim
1049 1482 1176 1521 eum
1199 1466 1397 1521 ducem
1419 1465 1524 1519 sibi
1554 1474 1982 1535 preposuerunt.

397 1554 468 1614 At
505 1570 634 1611 vero
661 1556 880 1616 dicente
919 1559 1038 1629 ipso
1071 1575 1173 1629 per
1200 1573 1394 1614 vocem
1434 1558 1773 1615 Psalmistaa:
1810 1577 1828 1608 ‹
1873 1558 1987 1628 Ego

396 1649 733 1706 constitutus
766 1667 887 1707 sum
932 1668 1027 1706 rex
1071 1652 1141 1706 ab
1182 1652 1301 1721 ipso
1348 1665 1515 1719 super
1565 1650 1696 1704 Sion
1742 1656 1984 1704 montem

397 1749 648 1795 sanctum
691 1743 813 1812 ejus
855 1741 922 1809 ⁸⁸,
974 1762 994 1791 ι
1044 1751 1225 1796 tamen
1268 1741 1358 1795 isti
1412 1742 1619 1811 majore
1667 1756 1831 1810 quam
1875 1741 1985 1796 dici

399 1828 575 1896 possit
609 1830 951 1900 impudentia
993 1832 1150 1895 moti,
1194 1846 1336 1886 saeve
1382 1831 1659 1901 impieque
1696 1831 1752 1886 in
1803 1832 1984 1902 ipsum

399 1919 669 1986 ruebant,
697 1920 969 1989 dicentes,
1024 1937 1173 1978 nunc
1204 1923 1429 1993 quidem
1457 1924 1571 1977 sic:
1608 1943 1625 1975 ι
1659 1923 1794 1991 Quis
1833 1924 1985 1979 dedit

399 2010 500 2066 tibi
538 2019 867 2082 potestatem
917 2014 1092 2069 hanc?
1127 2034 1146 2066 ι
1178 2031 1327 2070 nunc
1366 2031 1501 2071 vero
1554 2017 1633 2072 sic
1671 2034 1683 2070 :
1722 2036 1740 2067 ι
1769 2016 1985 2073 Scimus

398 2103 547 2173 quod
578 2104 726 2160 Deus
752 2104 886 2161 Mosi
905 2106 1125 2165 locutus
1139 2107 1211 2161 sit
1242 2125 1255 2161 :
1287 2108 1453 2162 istum
1478 2117 1661 2163 autem
1689 2124 1800 2163 non
1825 2109 1985 2163 novi-

401 2209 523 2250 mus
555 2194 700 2251 unde
729 2196 801 2252 sit
832 2196 899 2252 ⁸¹.
944 2217 963 2249 ι
992 2197 1170 2268 Atque
1216 2198 1296 2254 sic
1324 2199 1414 2253 illa
1442 2212 1541 2269 per
1564 2216 1686 2270 quae
1722 2199 1857 2255 salvi
1885 2199 1985 2254 ﬁe-

400 2288 551 2354 bant,
587 2289 943 2345 ascribebant
982 2290 1344 2356 damnationi,
1404 2299 1462 2347 et
1508 2291 1733 2347 modum
1795 2292 1983 2348 auxilii

399 2378 484 2434 sui
534 2379 851 2450 turpissime
907 2381 1308 2437 deformabant.
1357 2383 1494 2437 Nam
1541 2384 1763 2440 divinus
1809 2385 1986 2441 Moses

400 2472 763 2528 accusabatur
791 2473 939 2544 quod
960 2474 1254 2530 occidisset
1301 2474 1638 2546 Egyptium,
1667 2478 1760 2547 qui
1802 2486 1983 2532 tamen

398 2560 667 2621 alllixerat
698 2572 864 2636 atque
909 2574 1155 2632 vexarat,
1186 2574 1243 2622 et
1272 2567 1608 2623 intolerabili
1635 2569 1689 2623 vi
1722 2570 1984 2626 Hebraeo-

400 2670 521 2711 rum
551 2670 745 2729 greges
769 2667 1138 2728 oppresserat.
1158 2658 1415 2715 Christus
1441 2667 1625 2715 autem
1653 2676 1779 2716 cum
1812 2663 1985 2718 malos

398 2749 682 2806 daemones
706 2750 761 2806 in
790 2752 1048 2824 abyssum
1079 2753 1397 2825 conjiceret,
1426 2762 1590 2825 atque
1618 2770 1649 2809 ιι
1675 2754 1982 2826 tyrannide,

397 2859 562 2914 quam
588 2843 645 2900 in
677 2861 783 2902 nos
814 2846 1172 2911 exercebant,
1217 2846 1386 2902 etiam
1415 2846 1618 2901 invitos
1641 2847 1982 2917 prohiberet,

399 2937 661 2996 nimirum
684 2939 1009 3011 expellendo
1032 2939 1102 2995 ab
1127 2939 1196 2995 iis
1219 2956 1358 3009 quos
1383 2939 1686 3007 vexabant;
1713 2956 1837 2995 cum
1852 2939 1988 2996 alio-

398 3024 492 3094 qui
542 3025 668 3082 ideo
713 3028 909 3099 majori
945 3028 1298 3084 admirationi
1345 3044 1467 3085 esse
1501 3029 1749 3096 deberet,
1801 3037 1986 3085 tamen

399 3119 779 3175 cavillatorum
822 3121 1266 3177 criminationem
1305 3137 1418 3177 non
1463 3121 1813 3193 subterfugit.
1852 3122 1985 3178 Ausi

398 3212 545 3269 enim
578 3211 804 3269 fuerunt
837 3213 1046 3280 dicere,
1093 3214 1474 3285 prodigiorum
1510 3213 1811 3269 editionem
1858 3230 1986 3269 ver-

398 3309 582 3362 tentes
613 3303 669 3358 in
701 3307 1106 3362 accusationem
1137 3326 1149 3360 :
1187 3327 1204 3359 ι
1245 3308 1353 3363 Iste
1395 3323 1505 3391 non
1538 3309 1689 3379 ejicit
1721 3308 1990 3364 darmonia

400 3395 506 3451 nisi
533 3395 588 3451 in
602 3396 909 3453 Beelzebub
932 3400 1179 3470 principe
1193 3400 1589 3457 daemoniorum
1604 3402 1672 3456 ⁸³.
1686 3423 1704 3453 ι
1742 3401 1989 3458 Observa

398 3496 585 3543 autem
631 3489 780 3559 quod
822 3490 999 3547 Moses
1031 3507 1156 3547 cum
1194 3493 1439 3563 undique
1486 3493 1987 3563 circumSpexisset,

400 3593 504 3634 nec
527 3595 860 3651 quemquam
876 3581 1378 3649 animadvertisset,
1404 3583 1567 3654 256
1599 3584 1818 3640 tandem
1844 3601 1991 3641 mor-

401 3680 555 3726 tuum
577 3671 892 3745 :Egyptium
921 3674 1212 3730 abscondit
1233 3674 1290 3728 in
1306 3689 1493 3729 arena.
1527 3674 1737 3730 Deinde
1759 3677 1990 3733 veniens

399 3766 675 3828 consuluit
695 3782 818 3838 quae
843 3768 960 3823 suis
990 3766 1257 3822 fratribus
1285 3767 1644 3823 conferebant
1674 3767 1740 3823 ad
1774 3784 1984 3839 pacem.

400 3858 610 3932 Pugnat
647 3862 795 3917 enim
831 3862 1097 3919 Dominus
1132 3871 1326 3919 contra
1356 3861 1602 3928 Amalec;
1635 3871 1894 3917 caeterum
1933 3863 1988 3918 in

399 3967 562 4008 manu
585 3954 828 4021 sublimi,
855 3963 918 4011 ut
942 3954 1208 4026 scriptum
1241 3964 1328 4012 est
1359 3956 1427 4022 “,
1456 3964 1512 4011 et
1547 3957 1767 4010 nemine
1795 3970 1988 4009 eorum

395 4042 491 4113 qui
533 4043 591 4098 in
641 4046 804 4101 terris
846 4046 1055 4119 degunt
1098 4046 1345 4113 vidente,
1385 4062 1475 4102 res
1526 4045 1836 4103 ineffabiles
1888 4063 1990 4117 per

396 4131 677 4188 Christum
699 4134 1139 4192 administrabat.
1166 4136 1453 4204 Quomodo
1478 4154 1625 4193 enim
1655 4146 1751 4193 aut
1767 4137 1989 4208 quando

398 4220 795 4278 daemoniorum
811 4225 1072 4281 cohortes
1101 4228 1212 4281 sint
1232 4227 1523 4292 damnatse,
1547 4234 1603 4282 et
1626 4236 1687 4282 ut
1715 4228 1772 4282 in
1792 4228 1989 4299 abysso

403 4313 714 4369 habitarent
731 4314 865 4384 ipsis
886 4326 1220 4387 pmceptum
1258 4319 1349 4383 sit,
1376 4320 1630 4388 quisnam
1671 4319 1987 4373 mortalium

401 4407 653 4462 noverit?
682 4407 920 4478 Depulso
952 4409 1121 4481 igitur
1149 4411 1202 4466 in
1243 4411 1520 4467 infernum
1556 4412 1778 4477 Satana,
1806 4412 1988 4467 homi-

2084 547 2562 619 Προκατακλείσας
2605 547 2714 618 γάρ
2747 545 2937 617 ὥσπερ
2965 548 3046 608 εις
3074 545 3206 617 ᾲδην
3234 545 3327 599 τδν
3355 545 3603 600 Σατανᾶν
3633 548 3665 599 ὸ

2096 640 2478 712 Ἐμμανουήλ,
2517 639 2860 710 δικαιοσύνης
2904 639 3158 707 ἐφαίνετο
3208 637 3511 710 βραϐευτὴς
3551 641 3668 702 τοῖς

2083 733 2142 800 ἐξ
2197 732 2448 806 Ἰσραὴλ,
2501 733 2593 786 καὶ
2636 731 2990 803 φιλαλληλίας
3033 731 3387 796 διδάσκαλος,
3442 733 3668 801 ἀγάπης

2087 825 2187 896 μὲν
2219 826 2315 894 τῆς
2354 827 2435 887 εἰς
2471 825 2734 892 ἀδελφοὺς
2768 823 3178 895 μεταποιεῖσθαι
3209 823 3479 889 κελεύων,
3510 825 3651 898 εἰρή-

2083 935 2182 989 νης
2208 918 2264 971 δὲ
2290 919 2384 971 καὶ
2408 916 2711 988 ὁμοψυχίας
2732 917 2885 970 οὐδὲν
2901 916 3158 986 ἡγεῖσθαι
3182 918 3244 970 τὸ
3269 920 3514 988 ἄμεινον.
3543 917 3663 970 Tut-

2083 1014 2275 1083 γάρτοι
2317 1012 2411 1065 καὶ
2459 1011 2732 1081 ἔφασκενο
2783 1030 2801 1062 ι
2859 1010 3099 1081 Εἰρήνην
3143 1010 3245 1080 τὴν
3285 1010 3427 1080 ἐμὴν
3472 1009 3666 1079 δίδωμι

2084 1103 2265 1172 ὑμῖν.»
2298 1104 2361 1156 υἱ
2384 1101 2462 1162 δὲ,
2488 1102 2587 1172 τὴν
2610 1102 2899 1171 εἰσήγησιν
2923 1100 3211 1154 ἐπαινέσαι
3240 1100 3359 1153 δέον
3378 1141 3394 1166 ,
3421 1101 3515 1151 καὶ⁵
3536 1099 3669 1153 Θαυ-

2087 1196 2257 1264 μάσαι
2288 1196 2378 1249 τὸν
2408 1194 2761 1264 διαλλακτὴν,
2787 1194 2885 1264 τῆς
2910 1194 3131 1265 εἰρήνης
3156 1192 3248 1245 τὸν
3278 1193 3515 1264 χορηγὸν
3534 1234 3547 1256 ,
3571 1192 3668 1248 καὶ

2082 1290 2183 1359 τῆς
2223 1289 2444 1358 ἀγάπης
2475 1290 2568 1340 τὸν
2598 1286 2862 1355 πρύτανιν
2882 1326 2894 1347 ,
2934 1286 3044 1339 τῶν
3074 1285 3311 1355 ἀρίστων
3346 1285 3527 1347 αὐτοῖς
3560 1302 3667 1354 μα-

2085 1381 2151 1448 θη
2162 1380 2346 1450 μάτων
2367 1378 2459 1431 τὸν
2482 1378 2616 1449 ήγού
2626 1394 2812 1448 μενον,
2835 1375 3297 1445 δεδυσσεϐήκασιν
3317 1376 3377 1428 ού
3407 1374 3664 1447 μετρίως.

2085 1475 2160 1528 Οὐ
2195 1472 2304 1543 γὰρ
2334 1471 2617 1525 ἐποιοῦντο
2658 1471 2999 1541 καθηγητήν.
3045 1468 3208 1523 Ἀλλά
3233 1469 3410 1522 καίτοι
3444 1468 3531 1521 διὰ
3564 1466 3670 1537 τῆς

2084 1566 2179 1620 τοῦ
2213 1565 2523 1628 Ψάλλοντος
2553 1565 2736 1634 φωνῆς
2760 1563 2972 1633 λέγοντι
3001 1562 3205 1632 σαφῶς·
3245 1583 3262 1615 ι
3286 1562 3428 1632 Ἐγὼ
3454 1562 3510 1616 δὲ
3534 1581 3669 1617 κατ-

2086 1653 2322 1725 εστάθην
2357 1654 2608 1725 βασιλεὺς
2640 1654 2731 1706 ὑπ’
2765 1650 2927 1707 αὐτοῦ
2962 1654 3053 1706 ἐπὶ
3083 1652 3223 1707 Σιὼν
3257 1652 3385 1724 ὅρος
3423 1652 3483 1707 τὸ
3510 1653 3673 1721 ἆγιον

2088 1746 2276 1812 αὐτοῦ,
2309 1767 2326 1798 ι
2351 1746 2566 1817 ἁπάσης
2587 1746 2970 1816 ἀναισχυντίας
3003 1745 3170 1810 ίόντες
3199 1745 3476 1809 ἐπέκεινα,
3511 1746 3677 1817 σκλη-

2093 1840 2202 1912 ρῶς
2240 1857 2300 1893 τε
2346 1839 2440 1894 καὶ
2487 1838 2788 1908 ἀφιλοθέως
2827 1839 3184 1909 ἀντεφέροντο
3216 1838 3505 1910 λέγοντες,
3534 1838 3671 1892 ποτὲ

2094 1931 2214 2001 μὲν,
2251 1932 2330 1985 ὅτι
2367 1950 2384 1982 ι
2433 1931 2529 1993 Τίς
2557 1930 2721 1983 ἔδωκέ
2757 1946 2837 1982 σοι
2863 1930 2961 2000 τὴν
2991 1931 3237 1993 ἐξουσίαν
3270 1928 3504 2001 ταύτην;
3539 1931 3672 1982 ποτὲ

2089 2021 2147 2075 δὲ
2180 2022 2363 2075 πάλιν
2402 2039 2422 2073 ι
2472 2021 2708 2092 Οἴδαμεν
2748 2021 2829 2074 δτι
2870 2022 3059 2074 Μωσεῖ
3102 2020 3399 2092 λελάληκεν
3443 2023 3472 2074 ὁ
3503 2022 3669 2087 Θεὸς,

2089 2114 2277 2170 τοῦτον
2323 2114 2379 2167 δὲ
2412 2114 2512 2167 οὐκ
2552 2114 2773 2185 οἴδαμεν
2803 2113 2966 2167 πόθεν
3010 2113 3146 2166 ἐστί·
3191 2133 3208 2165 ι
3260 2114 3356 2168 καὶ
3384 2113 3453 2167 τά
3494 2115 3561 2167 δι’
3593 2108 3671 2167 ὦν

2091 2206 2354 2273 ἐσώζοντο
2401 2207 2844 2276 καταγράφοντες
2889 2207 2967 2270 είς
3014 2206 3387 2277 κατάρῤησιν,
3433 2205 3527 2259 καὶ
3570 2206 3671 2276 τῆς

2090 2299 2411 2372 ἐπικουρίας
2466 2299 2558 2353 τὸν
2614 2298 2812 2369 τρόπον
2860 2297 3243 2351 ἀσυνετώτατα
3297 2297 3670 2367 διασύροντες.

2103 2390 2441 2446 Ἐνεκαλεϊτο
2483 2391 2581 2462 μὲν
2612 2389 2720 2461 γὰρ
2756 2391 2784 2442 ὁ
2813 2389 3094 2452 θεσπέσιος
3128 2388 3338 2459 Μωσῆς
3362 2388 3437 2451 ὡς
3467 2388 3675 2442 ἀνελὼν

2088 2483 2181 2538 τὸν
2211 2482 2526 2551 Ἀίγύπτιον,
2555 2482 2734 2536 καίτοι
2775 2480 3027 2535 θλίόοντα
3064 2482 3157 2535 καὶ
3199 2481 3545 2551 ἐγκείμενον,
3578 2481 3674 2534 καὶ

2090 2574 2387 2646 άφορήτοις
2418 2571 2752 2638 πλεονεξίαις
2774 2571 2872 2637 τὰς
2899 2571 3008 2625 τῶν
3047 2572 3314 2644 Ἐϐραίων
3339 2572 3540 2640 ἀγέλας
3569 2590 3675 2626 κα-

2088 2665 2505 2739 ταφορτίζοντα.
2552 2663 2968 2735 Καταχωννύων
3000 2663 3057 2717 δὲ
3096 2663 3286 2734 ὥσπερ
3325 2667 3405 2726 είς
3437 2663 3677 2719 ἄὸυσσον

2089 2757 2120 2808 ὁ
2157 2754 2393 2827 Χριστὸς
2430 2753 2504 2807 τὰ
2532 2754 2745 2825 πονηρά
2781 2752 3062 2824 δαιμόνια,
3107 2753 3202 2805 καὶ
3231 2753 3331 2823 τῆς
3358 2751 3481 2806 καθ’
3515 2752 3677 2821 ἡμῶν

2090 2847 2407 2918 τυραννίδος
2440 2847 2536 2900 καὶ
2556 2846 2656 2916 οὐχ
2697 2844 2892 2899 ἑκόντα
2917 2842 3176 2915 μεθιστὰς
3199 2842 3289 2897 διὰ
3306 2842 3367 2896 τὸ
3388 2842 3497 2895 τῶν
3522 2842 3677 2911 ἑχόν-
3704 2858 3729 2873 -

2090 2958 2198 2995 των
2228 2940 2538 3011 ἐκπέμπειν
2566 2938 2736 2992 αὐτάο
2771 2937 2949 2991 καίτοι
2983 2936 3100 2990 δέον
3139 2936 3231 2988 ἐπὶ
3258 2934 3432 3005 τούτῳ
3461 2931 3678 3004 θαυμά-

2094 3034 2304 3100 ζεσθαι,
2338 3035 2466 3096 τοὺς
2504 3031 2616 3085 τῶν
2642 3028 2909 3085 εἰωθότων
2951 3027 3261 3099 φιλοψογεῖν
3293 3027 3356 3080 οὐ
3384 3025 3567 3097 διέδρα
3585 3025 3677 3079 λδ·

2092 3142 2244 3196 γους.
2287 3125 2331 3177 Τ
2334 3124 2669 3194 ετολμήκασι
2708 3120 2818 3191 γάρ
2857 3121 3031 3175 εἰπεῖν
3063 3118 3315 3189 ἔγκλημα
3361 3116 3676 3187 ποιούμενοι

2090 3217 2188 3289 τήν
2214 3213 2601 3287 τερατουργίαν
2617 3229 2629 3241 ·
2664 3231 2682 3263 ι
2717 3205 2884 3274 Οὗτος
2909 3210 3008 3263 οὐκ
3029 3207 3280 3263 ἐκϐάλλει
3306 3206 3376 3261 τὰ
3398 3206 3675 3277 δαιμόνια,

2091 3312 2140 3363 εί
2171 3310 2245 3381 μὴ
2273 3311 2331 3362 ὲν
2360 3303 2686 3370 Βεελζεδοὺλ
2714 3304 2934 3375 ἄρχοντι
2962 3301 3069 3354 τῶν
3103 3299 3415 3371 δαιμονίων.
3456 3319 3475 3352 ι
3518 3299 3675 3351 Ἐπιο

2089 3403 2246 3473 τήρει
2287 3399 2345 3453 δὲ
2376 3400 2459 3468 δτι
2492 3395 2960 3467 περιϐλεψάμενος
2990 3395 3017 3447 ὁ
3046 3392 3252 3463 Μωσῆς
3281 3384 3382 3445 ὦδε
3421 3391 3514 3446 καὶ
3544 3383 3673 3452 ὧδε,

2091 3495 2185 3548 καὶ
2212 3491 2537 3563 τεθεαμένος
2567 3488 2779 3553 οὐδένα,
2813 3485 3082 3540 τεθνεῶτα
3110 3486 3202 3539 τὸν
3223 3483 3522 3554 Αίγύπτιον
3542 3500 3675 3536 κατ·

2091 3585 2329 3659 ἐκρυψεν
2351 3586 2409 3639 ὲν
2426 3584 2660 3655 ψάμμῳ.
2691 3578 2822 3635 Εἶτα
2874 3576 3162 3650 παρελθὼν
3179 3620 3195 3642 ,
3223 3575 3581 3647 σομὸουλεύει
3606 3575 3675 3628 τὰ

2090 3662 2171 3743 είς
2200 3679 2424 3750 εἰρήνην
2465 3678 2577 3741 τοῖς
2611 3674 2670 3739 ἐξ
2712 3673 2944 3745 αἵματος
2975 3670 3242 3740 ἀδελφοῖς.
3290 3668 3526 3739 Πολεμεῖ
3564 3666 3677 3737 γάρ

2090 3771 2296 3842 Κύριος
2338 3770 2430 3823 ἐπὶ
2468 3766 2746 3839 Ἀμαλήκ,
2780 3765 2920 3836 πλὴν
2952 3764 3010 3818 ὲν
3041 3763 3185 3834 χειρὶ
3216 3762 3483 3834 κρυφαία,
3527 3760 3676 3814 καθά

2090 3862 2421 3934 γέγραπται.
2454 3858 2548 3912 καὶ
2572 3857 2784 3920 οὐδενὸς
2808 3853 3043 3926 ὁρῶντος
3070 3853 3178 3906 τῶν
3212 3853 3307 3906 ἐπὶ
3336 3854 3440 3922 γῆς
3470 3852 3674 3922 ᾠκονοσι

2094 3957 2246 4025 μεῖτο
2276 3951 2365 4005 διὰ
2411 3949 2648 4021 Χριστοῦ
2695 3947 2766 4002 τὰ
2803 3947 2911 4000 τῶν
2963 3945 3306 4016 πραγμάτιον
3357 3943 3675 4016 ἀπορῤητό-

2074 4050 2241 4117 τερα.
2275 4041 2401 4106 Πῶς
2442 4041 2551 4112 γὰρ
2579 4040 2612 4110 ἢ
2647 4039 2775 4092 πότε
2800 4037 3215 4101 κατεδικάζοντο
3247 4035 3353 4089 τῶν
3380 4034 3676 4105 δαιμονίων

2088 4135 2157 4187 τὰ
2189 4135 2350 4206 στίφη
2368 4172 2383 4196 ,
2412 4132 2506 4186 καὶ
2528 4131 2624 4203 τὴν
2655 4131 2892 4186 ἆὸυσσον
2919 4131 3089 4184 οίκεῖν
3115 4127 3561 4199 προσετάττοντο,
3586 4125 3676 4191 τίς

2088 4229 2155 4284 ἂν
2185 4227 2349 4298 εἰδείη
2394 4225 2503 4279 τῶν
2535 4225 2627 4278 ἐπὶ
2669 4223 2809 4294 γῆς;
2853 4220 3159 4284 Συνελάσσς
3191 4219 3256 4291 δή
3298 4214 3390 4274 οὖν
3423 4219 3503 4283 είς
3540 4216 3675 4281 adeo

2088 4320 2180 4373 τὸν
2224 4319 2488 4379 Σατανᾶν,
2529 4315 2624 4368 καὶ
2666 4311 3090 4384 προαπαλλάξας
3132 4311 3260 4368 τοὺς
3298 4310 3391 4363 ἐπὶ
3431 4308 3536 4377 γῆς
3568 4307 3674 4376 τῆς

2090 4411 2300 4467 ἐκείνου
2326 4408 2657 4473 πλεονεξίας,
2690 4406 2872 4460 ἐκάλει
2897 4403 3082 4458 λοιπὸν
3108 4405 3189 4466 είς
3211 4402 3416 4473 εἴδησιν
3445 4400 3676 4473 ἀρετῆς.

400 4500 672 4571 nibusque
694 4500 764 4556 ab
782 4501 954 4571 ipsius
977 4503 1265 4575 tyrannide
1289 4504 1564 4569 liberatis,
1587 4503 1804 4575 vocavit
1824 4504 1980 4558 dein-

2087 4503 2257 4558 Τοῦτο
2287 4502 2382 4557 καὶ
2426 4500 2586 4562 αὐτὸς
2608 4500 2641 4552 ὁ
2670 4495 2902 4569 Χριστὸς
2928 4495 3029 4549 οὐκ
3061 4493 3398 4565 ἀσυμφανῶς
3427 4491 3528 4546 πού
3561 4508 3676 4563 φη-

398 4606 528 4664 ceps
548 4592 616 4648 ad
639 4594 891 4649 notitiam
910 4595 1152 4650 virtutis.
1182 4594 1340 4662 Quod
1365 4604 1421 4651 et
1442 4595 1557 4667 ipse
1572 4595 1826 4651 Christus
1854 4594 1985 4650 alibi

399 4698 507 4738 non
557 4684 794 4739 obscure
832 4692 1090 4751 testatur,
1142 4687 1401 4759 inquiens
1434 4678 1514 4741 ;’‹
1556 4688 1666 4743 Aut
1709 4689 1987 4758 quomodo

398 4782 582 4843 potest
608 4775 734 4845 quis
757 4775 990 4832 introire
1020 4776 1244 4833 domum
1273 4778 1457 4846 fortis,
1483 4787 1541 4835 et
1563 4795 1693 4835 vasa
1713 4780 1833 4850 ejus
1852 4780 1986 4835 diri-

397 4881 552 4936 pere,
574 4868 682 4924 nisi
708 4869 866 4941 prius
895 4870 1236 4941 constringat
1265 4871 1485 4939 fortem,
1517 4879 1574 4927 et
1599 4879 1732 4926 tunc
1759 4871 1984 4939 domum

397 4962 557 5018 istius
596 4962 823 5035 diripiat
849 4964 939 5019 "‘P
965 4985 984 5018 ι
1019 4964 1279 5023 Christus
1305 4965 1453 5021 enim
1486 4980 1611 5021 cum
1652 4965 1805 5036 prius
1848 4980 1983 5020 con-

395 5055 707 5113 strinxisset
734 5056 1012 5124 Satanam,
1048 5065 1307 5129 tanquam
1342 5057 1560 5124 fortem,
1598 5057 1859 5125 transfert
1887 5073 1987 5128 per

396 5145 559 5202 fidem
597 5146 655 5203 in
680 5146 924 5218 seipsum
954 5164 1085 5204 vasa
1108 5148 1289 5215 istius,
1327 5148 1435 5204 hoc
1454 5155 1559 5218 cst,
1591 5163 1689 5205 eos
1713 5148 1808 5219 qui
1851 5149 1981 5204 olim

396 5242 499 5294 sub
522 5241 641 5311 ipso
656 5241 931 5298 faciebant
944 5258 1106 5314 opus,
1134 5250 1190 5298 et
1213 5243 1358 5298 inter
1375 5242 1593 5308 inutilia
1609 5258 1738 5297 vasa
1757 5250 1986 5314 propter

398 5339 679 5399 peccatum
720 5341 1024 5405 reputatos.
1072 5335 1275 5390 Verum
1315 5344 1542 5408 propter
1586 5350 1709 5405 quae
1744 5316 1985 5390 admira-

398 5423 545 5480 tione
562 5424 760 5496 dignus
792 5427 1105 5491 videbatur,
1139 5426 1210 5482 ob
1252 5427 1367 5482 haec
1401 5426 1518 5497 ipsa
1543 5412 1710 5498 impie
1746 5426 1984 5491 derisus,

396 5517 705 5572 necessario
737 5518 1047 5591 emigravit,
1072 5518 1262 5574 relicta
1312 5518 1519 5589 Judma,
1560 5519 1620 5573 in
1658 5535 1765 5590 qua
1805 5526 1983 5583 tamen

395 5607 698 5664 secundum
729 5626 952 5665 carnem
978 5619 1144 5663 natus
1170 5617 1309 5673 erat,
1343 5610 1445 5665 etsi
1502 5609 1806 5665 secundum
1838 5608 1985 5664 veri~

2086 4612 2170 4648 σιν
2196 4610 2209 4623 ο
2243 4612 2263 4642 ι
2306 4594 2376 4645 Ἢ
2411 4591 2528 4655 πῶς
2555 4588 2778 4643 δύναταί
2811 4604 2893 4651 τις
2928 4585 3191 4640 εἰσελθεῖν
3238 4587 3321 4646 είς
3348 4584 3449 4656 τὴν
3488 4582 3675 4637 οἰκίαν

2082 4684 2176 4741 τοῦ
2212 4682 2465 4757 ἰσχυροῦ,
2493 4682 2588 4737 καὶ
2617 4680 2686 4735 τά
2716 4679 2884 4750 σκεύη
2912 4676 3078 4732 αὐτοῦ
3108 4676 3431 4748 διαρπάσαι,
3462 4674 3557 4729 ἐὰν
3590 4674 3673 4746 μὴ

2083 4777 2300 4849 πρῶτον
2333 4776 2474 4848 δήσῃ
2501 4773 2593 4827 τὸν
2627 4772 2864 4844 ἰσχυρὸν,
2893 4770 2988 4824 καὶ
3011 4768 3134 4824 τότε
3164 4769 3264 4839 τὴν
3288 4766 3466 4821 οἰκίαν
3497 4764 3672 4820 αὑτοῦ

2079 4869 2390 4943 διαρπάσῃς
2425 4886 2444 4919 ι
2488 4864 2916 4937 Προκαταδήσας
2940 4861 3051 4933 γὰρ
3083 4860 3271 4933 ὥσπερ
3299 4859 3392 4913 τὸν
3423 4857 3668 4930 ἰσχυρὸν,

2081 4962 2328 5017 τουτέστι
2373 4961 2464 5013 τὸν
2512 4959 2780 5020 Σατανᾶν,
2834 4954 3121 5026 μεθίστησι
3167 4953 3257 5007 διὰ
3302 4952 3538 5015 πίστεως
3584 4952 3671 5014 είς

2083 5054 2278 5109 ἑαυτὸν
2321 5051 2388 5105 τὰ
2437 5049 2607 5118 σκεύη
2661 5047 2850 5113 αὐτοῦ,
2899 5046 3147 5099 τουτέστι
3195 5050 3323 5108 τοὺς
3374 5043 3467 5097 ὑπ’
3515 5041 3671 5111 αὐτῷ

2083 5143 2422 5219 πράττοντάς
2454 5158 2584 5195 ποτε
2615 5141 2710 5195 καὶ
2738 5141 2797 5194 εν
2823 5138 3066 5210 ἀχρείοις
3096 5137 3317 5191 σκεύεσι
3347 5135 3668 5206 λελογισμέ-

2084 5255 2226 5302 νους.
2270 5235 2411 5290 Ἀλλ’
2444 5235 2529 5303 ἐφ’
2560 5229 2642 5298 οἷς
2677 5227 2747 5303 ἦν
2790 5230 2940 5294 είκδς
2973 5227 3494 5299 καταθαυμάζεσθαι
3532 5226 3670 5297 πρέ-

2087 5346 2231 5393 πειν,
2284 5327 2378 5381 ἐπὶ
2421 5324 2635 5388 τούτοις
2681 5324 2867 5387 αὐτοῖς
2924 5320 3386 5392 κατεσκωμμένος
3435 5319 3669 5382 ἀνοσίως

2087 5420 2556 5491 μεταπεφοίτηκεν
2597 5415 2913 5485 ἀναγκαίως
2948 5412 3045 5486 τὴν
3088 5413 3349 5468 Ἰουδαίαν
3390 5413 3581 5481 ἀφεὶς,
3608 5413 3671 5465 ὲν

2082 5508 2117 5588 ᾖ
2150 5514 2244 5583 καὶ
2286 5502 2608 5582 γεγέννηται
2654 5509 2797 5564 κατά
2828 5525 2890 5576 γε
2931 5507 3029 5579 τὴν
3065 5507 3269 5578 σάρκαο
3308 5505 3484 5560 καίτοι
3522 5504 3671 5559 κατά

2084 5606 2341 5678 ἀλήθειαν
2388 5605 2638 5668 Ἰουδαῖος
2666 5604 2767 5657 οὐκ
2798 5601 2873 5655 ὢν
2904 5602 2979 5665 ὡς
3012 5601 3040 5653 ὁ
3070 5601 3264 5670 Λόγος.
3312 5600 3426 5652 ἀλλ’
3453 5598 3668 5652 ἀνωθεν

464 5723 512 5757 ⁸⁸
537 5720 707 5792 Exod.
741 5738 798 5782 ιι.
835 5723 915 5775 I3.
988 5724 1031 5755 ιθ
1065 5723 1218 5778 Joan.
1254 5739 1361 5787 xw,
1396 5721 1485 5776 2'1.
1563 5723 1605 5755 "
1630 5724 1771 5778 Psai.
1806 5740 1864 5786 ιι,
1896 5725 1948 5776 6.

2101 5723 2254 5778 Joan.
2282 5740 2352 5787 ix,
2384 5723 2473 5776 29.
2552 5720 2598 5753 ⁵³
2625 5720 2816 5782 Matth.
2850 5734 2941 5785 xu,
2974 5714 3063 5775 τι,
3109 5713 3153 5745 ⁸³
3176 5714 3317 5779 Psal.
3350 5728 3545 5779 σχειν,
3573 5714 3664 5778 12,

396 5792 442 5833 ⁸⁸
478 5791 664 5851 Matth.
697 5807 789 5854 xu,
813 5793 907 5859 20,
