4066 6282
560 327 658 383 to?

1553 326 1609 381 S.
1649 329 1921 384 CYRILLI
1960 328 2430 385 ALEXANDRINI
2472 329 2782 389 ARCUIEP.
3700 336 3785 389 ἰτιὲ

549 436 939 499 dilectionem,
992 435 1265 504 impieque
1318 433 1776 500 declinaverunt,
1829 446 1891 492 ut
1924 437 2105 492 scilice

2238 437 2397 512 δόξης
2423 443 2456 512 ἡ
2483 442 2556 505 ῶς
2574 445 2631 495 ἐν
2657 441 2907 512 ἐσόπτρῳ
2931 458 2993 493 τε
3021 441 3114 493 καί
3144 440 3431 510 αἰνίγματι
3455 443 3656 511 vatim;
3694 449 3788 499 lui

549 524 892 581 deemouibus
914 524 1180 578 honorem
1202 524 1298 594 qui
1321 523 1433 580 Deo
1453 524 1688 580 debetur
1711 527 1978 591 tribuant,
2002 543 2128 598 gra-

548 620 691 670 \itel'
714 624 934 670 accusat
956 632 1058 689 per
1085 632 1272 672 vocem
1302 617 1584 683 ,ιρι-θωίω,
1611 617 1804 674 dicens
1830 638 1842 672 :
1878 639 1896 671 ‹
1924 618 2130 675 Obstu-

546 726 582 779 ι)
605 710 666 763 iit
689 710 759 763 ob
784 710 887 762 hoc
903 709 1122 775 malum,
1146 720 1202 765 et
1225 700 1556 766 contremuit
1579 721 1727 766 terra
1753 712 2128 778 vehementer,

545 800 679 853 dicit
708 799 991 865 Dominus,
1021 802 1150 870 quia
1193 802 1307 856 duo
1333 802 1471 857 mala
1501 802 1632 856 fecit
1672 803 1907 873 papulus
1931 818 2085 857 meus
2112 821 2124 857 :

543 908 629 944 me
653 891 1072 962 dereliquerunt
1098 893 1303 947 fontem
1337 911 1491 964 aqua:
1514 896 1769 958 viventis,
1794 907 1849 951 et
1872 896 2127 952 foderunt

541 984 647 1037 sibi
673 984 941 1038 cisternas
961 984 1274 1055 dissipatas,
1293 987 1459 1057 258
1477 1004 1598 1056 quae
1620 1004 1816 1058 aquam
1843 989 2126 1044 continere

541 1078 908 1146 nequeunt“.
952 1097 969 1128 ›
1000 1078 1135 1133 Nam
1186 1078 1371 1134 cultus
1414 1078 1515 1133 iste
1553 1080 1721 1135 falsus
1748 1089 1835 1134 est
1858 1082 2012 1150 quasi
2042 1081 2112 1135 ei-

538 1179 721 1220 szerna
751 1176 933 1237 rupta,
966 1176 1157 1238 utpote
1181 1185 1248 1224 ex
1274 1186 1382 1239 qua
1406 1186 1569 1224 nemo
1590 1180 1771 1241 potest
1806 1172 2031 1226 haurire
2062 1172 2099 1226 il

535 1258 630 1313 lud
672 1260 904 1315 verbum
953 1261 1277 1316 viviﬁeum:
1331 1263 1428 1317 sed
1473 1263 1691 1317 sincera
1736 1263 1833 1318 Dei
1879 1265 2123 1333 cognitio

535 1364 726 1405 revera
754 1359 837 1405 est
862 1351 986 1406 l'ons
1010 1352 1154 1407 vitae.
1181 1353 1389 1408 Puteus
1424 1353 1609 1423 itaque
1633 1362 1719 1408 est
1756 1362 1919 1426 typus
1946 1354 2125 1409 insitae

532 1443 691 1499 nobis
726 1443 957 1499 notitiae.
1009 1443 1283 1501 Caeterum
1328 1447 1575 1516 quandiu
1632 1446 1701 1502 ad
1748 1447 2005 1502 notitiam
2051 1446 2121 1502 de

529 1537 640 1589 Deo
664 1543 811 1592 recta
841 1552 1020 1605 neque
1047 1546 1237 1592 coacta
1264 1548 1447 1593 mente
1488 1538 1573 1593 usi
1613 1538 1885 1593 fuerimus
1905 1580 1919 1603 ,
1970 1549 2119 1594 recta

528 1629 774 1685 veritatis
803 1631 888 1684 via
909 1631 1303 1701 grassahimur.
1329 1630 1385 1685 Si
1409 1647 1541 1685 vero
1570 1632 1696 1701 quis
1717 1631 2117 1686 daemoniorum

526 1721 759 1776 fallaciis
802 1722 982 1776 victus
1014 1720 1304 1775 deﬂexerit
1355 1721 1423 1776 ad
1467 1721 1523 1775 id
1559 1721 1708 1791 quod
1748 1722 1850 1792 ipsi
1895 1722 2115 1792 placet,

525 1822 641 1867 tum
669 1829 822 1868 suam
858 1828 1082 1883 operam
1108 1813 1219 1867 illis
1237 1813 1458 1869 locabit.
1492 1814 1549 1868 ld
1573 1814 1743 1880 enim,
1771 1823 1831 1869 ut
1852 1816 2113 1879 arbitror,

527 1904 757 1971 figurate
787 1903 1059 1976 signiﬁcat
1084 1944 1097 1968 ,
1124 1904 1272 1973 quod
1303 1904 1427 1958 ﬂiiac
1462 1904 1656 1959 Jethro
1701 1905 1960 1960 hauriant
1989 1903 2115 1974 qui-

522 1998 650 2051 dem
697 2013 896 2067 aquam
922 2038 937 2062 ,
973 1997 1113 2052 alios
1144 2006 1328 2052 autem
1372 1998 1716 2067 potentiores
1764 2013 1885 2051 eam
1927 1997 1978 2052 vi
2007 1998 2117 2052 eri-

522 2103 673 2154 pere.
712 2087 772 2142 In
823 2087 1136 2143 istiusmodi
1182 2086 1598 2143 infirmitatibus
1637 2087 1874 2142 dicimus
1904 2088 2113 2143 versari

519 2194 616 2234 eos
654 2179 749 2249 qui
775 2189 906 2235 sunt
936 2181 1183 2250 decepti,
1220 2188 1411 2250 utpote
1448 2181 1652 2250 quibus
1677 2182 1841 2236 insita
1870 2182 2113 2255 cognitio

518 2272 577 2326 in
608 2271 1011 2327 absurditatem
1038 2273 1108 2328 sit
1132 2287 1399 2328 conversa
1418 2312 1433 2338 ,
1461 2273 1567 2328 hoc
1586 2281 1673 2328 est
1692 2314 1706 2338 ,
1734 2273 1790 2327 in
1818 2289 2065 2329 errorem
2092 2315 2107 2337 ,

516 2373 682 2433 atque
707 2364 762 2420 in
786 2365 840 2420 id
860 2366 1008 2435 quod
1033 2365 1319 2420 daemoniis
1339 2365 1578 2435 expedit.
1620 2367 1825 2421 Verum
1863 2366 1968 2421 hoc
1989 2366 2112 2420 vin—

516 2456 721 2511 dicavit
770 2455 1044 2512 Christus.
1097 2457 1234 2513 Nam
1271 2459 1389 2528 ipse
1415 2501 1429 2523 ,
1473 2458 1779 2529 proﬂigatis
1825 2460 2109 2515 sceleratis

517 2546 850 2615 pastoribus,
869 2549 1081 2617 potavit
1102 2565 1245 2619 aqua
1268 2550 1510 2615 vivente,
1537 2550 1642 2605 hoc
1662 2563 1767 2617 est,
1796 2565 1897 2606 suo
1919 2551 2109 2606 divino

513 2647 567 2691 et
594 2639 804 2694 cmlesti
829 2640 1022 2696 verbo.
1068 2640 1278 2697 Idcirco
1313 2642 1430 2697 ait:
1466 2662 1483 2693 ι
1519 2641 1576 2697 Si
1600 2642 1724 2712 quis
1760 2643 1899 2707 sitit,
1923 2644 2108 2701 veniat

511 2730 580 2784 ad
605 2746 712 2795 me,
738 2740 795 2787 et
818 2732 972 2787 bibat
997 2734 1063 2787 ⁶¹.
1097 2754 1115 2785 ι
1151 2734 1346 2791 Jethro
1374 2735 1565 2805 itaque
1602 2743 1759 2805 geret
1790 2736 1952 2791 nobis
1976 2752 2108 2805 per-

510 2836 704 2876 sonam
747 2822 962 2887 mundi,
982 2824 1078 2893 qui
1116 2822 1497 2893 superﬂuitate
1526 2833 1584 2879 et
1606 2824 1851 2879 vanitate
1894 2825 2104 2880 redun-

509 2911 624 2967 dat.
651 2905 872 2981 Septem
910 2923 1098 2969 autem
1128 2915 1269 2969 lilias
1302 2914 1554 2969 dicemus
1576 2930 1699 2970 esse
1724 2915 1974 2986 gentium
2002 2932 2103 2970 cu-

511 3002 683 3073 lusvis
710 3004 817 3058 loci
843 3004 1118 3069 nationes,
1158 3004 1233 3058 ita
1261 3012 1321 3058 ut
1344 3020 1442 3075 per
1472 3019 1919 3075 unamquamque
1960 3005 2101 3061 lilia-

513 3109 634 3150 rum
665 3094 861 3150 Jethro
914 3094 1214 3150 multitudo
1267 3094 1631 3166 signiﬁcetur.
1668 3096 1925 3152 Pastores
1971 3111 2102 3151 vero

509 3186 640 3243 mali
671 3196 837 3257 atque
886 3187 1071 3243 infesti
1117 3189 1316 3242 merito
1364 3188 1595 3258 intelligi
1654 3188 1870 3257 possint
1918 3199 2100 3243 castus

508 3280 929 3335 d:emoniorum.
958 3279 1065 3334 Sed
1090 3281 1185 3350 qui
1218 3279 1462 3335 vindicat
1489 3290 1574 3334 est
1595 3278 1871 3345 Christus,
1907 3280 2003 3349 qui
2043 3288 2101 3335 et

508 3373 714 3428 divinis
746 3388 850 3428 nos
896 3372 1135 3428 inebriat
1166 3372 1409 3428 ﬂuentis.
1435 3372 1639 3428 Puellae
1666 3382 1872 3437 autem,
1919 3372 2100 3427 evasis

510 3464 807 3532 impiorum
863 3472 1146 3533 pastorum
1181 3464 1399 3535 injuriis
1422 3505 1437 3529 ,
1487 3472 1847 3519 revertuntur
1882 3464 1953 3519 ad
1988 3465 2099 3519 Ra-

507 3555 723 3624 goelem
750 3561 963 3625 patrem
994 3554 1260 3624 ipsorum,
1279 3555 1494 3619 Jethro,
1524 3555 1768 3624 inquam.
1799 3554 1901 3610 Cui
1923 3555 2099 3609 inter-

510 3645 724 3716 roganti
774 3659 997 3701 causam
1058 3654 1170 3700 tam
1211 3644 1441 3700 insueta:
1490 3643 1891 3709 festinationis,
1952 3644 2099 3702 illico

507 3738 797 3809 proferunt
812 3737 1079 3793 auxilium
1097 3736 1315 3808 Moysis.
1345 3736 1501 3793 Unde
1523 3743 1580 3791 et
1605 3736 1886 3791 hominem
1908 3736 2097 3793 confe-

507 3834 635 3890 stim
656 3833 885 3889 deorum
914 3846 1070 3887 suam
1106 3829 1323 3900 recipit,
1355 3838 1412 3884 et
1439 3828 1743 3900 Sephoram
1787 3830 1840 3886 ei
1871 3844 2096 3885 uxorem

505 3926 619 3989 dat,
650 3925 966 3996 primariam
995 3940 1062 3980 ex
1105 3921 1323 3976 liiiabus
1351 3921 1467 3976 suis
1496 3929 1553 3976 et
1599 3920 2053 3976 formosissimam
2079 3939 2094 3987 ;

506 4019 621 4074 haec
643 4028 826 4074 autem
866 4016 1080 4086 peperit
1110 4014 1439 4088 ei‘Gersam.
1479 4013 1618 4069 Nam
1654 4022 2011 4084 posteaquam
2041 4013 2096 4067 in

508 4112 715 4166 iuuado
759 4109 969 4179 adjuvit
1005 4108 1262 4165 Christus
1309 4108 1768 4179 congregationes
1809 4108 2093 4177 gentium,

504 4200 945 4271 eognoscebatur
979 4199 1205 4267 quidem
1249 4198 1319 4253 ab
1348 4199 1460 4253 illis
1500 4214 1642 4269 quos
1685 4200 2012 4265 erudiebat,
2039 4209 2097 4256 et

508 4291 759 4346 salvabat
801 4306 943 4358 quos
981 4295 1165 4357 posset
1210 4288 1516 4353 vindicare,
1553 4298 1720 4358 atque
1748 4305 1780 4343 e
1810 4306 1977 4345 manu
2002 4306 2097 4346 eo-

510 4396 631 4435 rum
654 4381 748 4451 qui
780 4380 1010 4449 iajurias
1041 4380 1305 4445 inferunt,
1332 4380 1591 4437 facillime
1623 4381 1885 4437 liberare.
1912 4382 2093 4453 Atque

2234 532 2366 600 γοῦν
2393 535 2518 597 τοὺς
2553 533 2652 603 τῆς
2689 534 2768 596 εἰς
2797 532 2930 584 Θεὸν
2968 532 3188 600 ἀγάπης
3230 530 3680 602 ὁλιγωρῄσαντας,
3704 555 3789 604 με.

2234 623 2659 694 τακεκλιμένους
2683 622 2740 675 δὲ
2767 623 2997 685 ἀνοσίως
3028 623 3119 675 ἐπὶ
3159 622 3218 674 τὸ
3250 623 3444 692 χρῆναι
3476 627 3583 686 τοῖς
3618 626 3789 695 δαίμοο

2234 731 2318 765 σιν
2345 715 2605 768 ἀνάπτειν
2634 714 2693 766 τὸ
2744 714 2929 776 σέϐας,
2980 714 3276 785 κατῃτιᾶτο
3307 713 3476 782 λέγων
3502 713 3594 771 διὰ
3621 721 3789 788 φωνῆς

2244 806 2507 876 Ἱερεμίου
2531 822 2543 836 ⁸
2579 825 2595 850 σ
2645 805 2868 875 Ἐξέστη
2897 804 2988 857 ἐπὶ
3012 805 3186 876 τούτῳ
3210 807 3238 857 ὁ
3262 805 3504 876 οὐρανὸς,
3530 808 3619 860 καὶ
3648 806 3790 878 5:99:-

2232 896 2320 961 ξεν
2359 900 2449 950 ἐττί
2500 898 2680 950 πλεῖον
2723 900 2755 969 ἡ
2788 898 2858 968 ’ίῆ
2892 897 3119 967 σφόδρα,
3168 896 3311 965 λέγει
3344 898 3566 970 Κύριος,
3594 899 3672 951 ὅτι
3707 900 3791 953 δύο

2229 988 2443 1057 ποηρὰ
2474 989 2729 1057 ἐποίησεν
2760 992 2788 1041 δ
2818 988 2945 1051 λαός
2992 1006 3115 1058 μου·
3164 988 3264 1057 ἐμὲ
3301 987 3652 1055 ἐγκατέλιπον
3697 1007 3791 1059 πη-

2227 1080 2329 1149 γὴν
2363 1078 2551 1143 ὕδατος
2578 1081 2797 1144 ζῶντος,
2817 1080 2911 1132 καὶ
2935 1077 3153 1150 ὤρυξαν
3175 1081 3386 1142 ἑαυτοῖς
3416 1078 3648 1141 λάκκους
3682 1097 3791 1132 συν-

2226 1174 2645 1242 τετριμμένους,
2696 1172 2743 1225 οἳ
2793 1172 2852 1224 οὑ
2905 1171 3228 1241 δυνήσονται
3288 1170 3433 1240 ὕδωρ
3478 1171 3728 1239 συνέχειν.
3772 1190 3788 1221 ι

2228 1263 2467 1334 Λατρεία
2515 1265 2624 1332 γὰρ
2662 1265 2694 1332 ἡ
2729 1262 3098 1332 ιζκςευδώνυμος,
3155 1263 3358 1326 λάκκος
3411 1256 3502 1314 οἶά
3558 1261 3637 1325 τίς
3687 1263 3792 1316 ἐστι

2228 1354 2708 1424 συντετριμμένος·
2744 1355 2803 1406 οὐ
2838 1353 2947 1424 γὰρ
2980 1353 3044 1407 ἂν
3081 1352 3350 1424 ἁρύσαιτό
3377 1369 3462 1415 τις
3493 1352 3695 1405 ἐκεῖθεν
3716 1354 3795 1405 τὸν

2226 1446 2507 1509 ζωοποιεῖν
2549 1446 2800 1514 ἰσχύοντα
2847 1445 3038 1514 λόγον·
3075 1444 3227 1516 πηγὴ
3277 1444 3335 1496 δὲ
3366 1444 3513 1514 ζωῆς
3537 1446 3737 1517 ἀληθῶς
3764 1451 3796 1518 ἡ

2223 1536 2525 1607 ἀμώμητος
2562 1537 2689 1606 περὶ
2730 1536 2865 1589 Θεοῦ
2915 1536 3137 1605 γνῶσις.
3183 1537 3397 1590 Οὐκοῦν
3427 1538 3527 1606 τῆς
3568 1538 3795 1607 ἐμφύτου

2222 1626 2476 1693 γνώσεως
2518 1626 2682 1679 εἰκὼν
2736 1626 2800 1680 ἂν
2839 1627 2926 1696 εἰή
2955 1626 3140 1679 λοιπὸν
3174 1629 3202 1680 ὁ
3231 1627 3438 1690 λάκκος
3459 1628 3608 1699 ἡμῖν.
3649 1628 3795 1680 Ἀλλὰ

2223 1718 2328 1782 ἕως
2359 1719 2458 1787 μὲν
2494 1718 2626 1790 πρὶς
2655 1717 2858 1788 εἴδησιν
2877 1718 2976 1791 τὴν
3010 1719 3104 1773 ἐπὶ
3144 1718 3265 1791 Θεῷ
3301 1718 3448 1792 ὀρθῷ
3479 1719 3574 1772 καί
3606 1720 3795 1774 ἀκαται-

2150 1792 2191 1846 B
2221 1810 2428 1880 ϐιάστῳ
2474 1810 2797 1882 κεχρήμεθα
2844 1810 2939 1881 νῷ,
2968 1811 3207 1865 κατευθὺ
3246 1810 3349 1880 τῆς
3389 1811 3644 1880 ἀληθείας
3678 1811 3795 1881 ⁴ἥξο-

2222 1918 2340 1972 μεν.
2383 1903 2444 1955 ΕΞ
2473 1902 2530 1955 δὲ
2559 1905 2679 1965 ταῖς
2712 1902 2820 1954 τῶν
2849 1903 3142 1974 δαιμονίων
3179 1904 3425 1967 ἀπάταις
3464 1903 3796 1957 πλεονεκτούο

2220 2011 2380 2064 μενος
2433 1994 2839 2065 παρατρέποιτό
2877 2012 2961 2058 τις
3006 1995 3098 2056 ἐπὶ
3148 1995 3209 2048 τὸ
3249 1994 3407 2064 αὐτῷ
3450 1993 3665 2059 δοκοῦν,
3710 1993 3795 2057 τὰς

2220 2085 2356 2149 ἰδίας
2409 2084 2638 2149 ἐκείνοις
2690 2085 2994 2157 δαπανήσει
3049 2086 3313 2153 σπουδάς.
3370 2085 3582 2148 Τοῦτο,
3634 2082 3794 2154 οἶμαι,

2215 2177 2364 2232 ἐστιν
2395 2177 2817 2248 αἰνιγματωδῶς
2867 2178 2929 2243 τὸ
2979 2178 3254 2251 άρύσαθαι
3300 2180 3402 2250 μὲν
3446 2179 3509 2233 τὸ
3540 2177 3680 2249 ὕδωρ
3706 2177 3795 2241 τὰς

2227 2270 2394 2341 Ἰοθὸρ
2425 2270 2754 2342 θυγατέρας,
2784 2272 2880 2325 σὺν
2901 2270 2991 2342 βία
3018 2271 3075 2324 δὲ
3096 2272 3256 2324 τοῦτο
3281 2272 3411 2333 τοὺς
3431 2266 3793 2323 πλεονεκτοῦνο

2212 2380 2309 2426 τας
2342 2363 2511 2432 ἑλεῖν..
2538 2364 2624 2416 Ἐν
2646 2362 2925 2427 τοιαύταις
2952 2358 3296 2434 εἷναίφαμεν
3319 2360 3660 2436 ἀρρωστίαις
3677 2360 3792 2423 τοὺς

2214 2454 2690 2525 πεπλανημένους,
2726 2456 3232 2527 παρατρεπομένης
3281 2455 3472 2520 αὐτοῖς
3505 2457 3603 2525 τῆς
3636 2450 3792 2522 ἐμφύ-

2209 2564 2305 2600 του
2334 2546 2587 2615 γνώσεως
2609 2548 2700 2599 ἐπὶ
2726 2547 2786 2600 τὸ
2810 2547 3382 2614 ἁκαλλὲς,τουτέστιν,
3407 2549 3489 2611 εἰς
3514 2546 3783 2614 πλάνησιν,

2209 2637 2305 2690 καὶ
2360 2640 2439 2701 εἰς
2480 2637 2540 2690 τὸ
2584 2639 2698 2702 τοῖς
2732 2637 3027 2709 δαιμονίοις
3059 2640 3359 2710 χρήσιμον.
3414 2636 3555 2692 Ἀλλ’
3584 2637 3788 2705 ἐπήμυ-

2209 2746 2297 2783 νεν
2328 2730 2357 2782 δ
2389 2729 2643 2799 Χριστός.
2700 2730 3035 2801 Ἀπεσόϐησε
3072 2731 3169 2801 μὲν
3200 2731 3320 2803 γὰρ
3341 2712 3471 2795 τοὺς
3503 2728 3795 2800 ἀλιτηρίους

2206 2820 2657 2892 ψευδοποιμένας,
2701 2823 2968 2876 πεπότικε
3007 2823 3064 2876 δέ
3094 2823 3154 2876 τὸ
3198 2823 3364 2894 ὕδωρ
3411 2823 3473 2877 τδ
3512 2822 3640 2889 ζῶν,
3669 2836 3799 2873 τουτο

2208 2915 2347 2980 ἐστι,
2378 2915 2438 2967 τὸ
2469 2914 2611 2969 θεῖον
2641 2915 2807 2968 αὐτοῦ
2845 2916 2940 2968 καὶ
2970 2916 3222 2987 οὐράνιον
3249 2919 3551 2988 κήρυγμα.
3584 2914 3799 2982 Τοιγάρ-

2207 3022 2287 3058 τοι
2325 3005 2419 3058 καὶ
2465 3006 2723 3073 ἔφασκεν·
2762 3026 2781 3058 ι
2825 3007 2889 3059 Εἰ
2929 3024 3014 3069 τις
3054 3005 3206 3078 διψᾷ,
3253 3007 3518 3079 ἐρχέσθω
3557 3006 3689 3078 πρός
3718 3019 3795 3074 με.

2209 3099 2301 3151 καὶ
2326 3098 2547 3153 πινέτω.
2590 3118 2609 3150 ι
2663 3097 2873 3153 Οὐκοῦν
2902 3097 3374 3170 παραληψὼμεοα
3433 3099 3534 3170 μὲν
3572 3098 3660 3151 τὸν
3714 3096 3795 3148 ’1ο-

2204 3189 2301 3259 θὺρ
2349 3190 2429 3252 εἰς
2463 3189 2523 3241 τὸ
2554 3189 2648 3241 τοῦ
2683 3188 2892 3259 κόσμου
2930 3190 3223 3260 πρόσωπον
3262 3190 3375 3244 τοῦ
3417 3190 3792 3261 περισσότητος

2202 3280 2298 3333 καὶ
2356 3278 2629 3350 ἐξιτηλίας
2679 3281 3127 3352 μεμεστωμένου.
3176 3279 3512 3353 Θυγατέρας
3568 3280 3622 3333 δὲ
3666 3274 3793 3331 εἶναί

2203 3389 2385 3441 φαμεν
2431 3371 2530 3436 τὰς
2573 3371 2713 3425 ἑπτὰ
2743 3373 2842 3436 τὰς
2879 3373 3195 3444 ἁπανταχοῦ
3224 3373 3348 3427 τῶν
3381 3373 3554 3427 ἐθνῶν
3586 3369 3792 3437 ἀγέλας,

2200 3463 2274 3525 ῶς
2320 3462 2405 3532 ἐφ’
2440 3463 2646 3534 ἑκάστῃ
2697 3463 2805 3518 τῶν
2849 3463 3168 3536 θυγατέρων
3213 3466 3397 3538 Ἰοθὺρ
3429 3463 3667 3534 πληθύος
3709 3478 3793 3529 ση-

2203 3554 2559 3625 μαινομένης.
2600 3556 2664 3606 Ui
2711 3554 2765 3607 δέ
2802 3572 2866 3623 γε
2917 3557 3178 3626 ποιμένες
3215 3557 3266 3610 οἱ
3332 3557 3564 3630 πονηροί
3610 3572 3666 3607 τε
3707 3552 3792 3606 καὶ

2202 3647 2497 3717 βιαιότατοι
2522 3650 2708 3702 νοοῖντ“
2734 3648 2799 3703 ἂν
2817 3650 3039 3712 εἰκότως
3061 3648 3128 3702 τὰ
3143 3647 3252 3702 τῶν
3279 3649 3587 3721 δαιμονίων
3620 3645 3789 3713 στίφη.

2217 3737 2276 3790 '0
2302 3737 2358 3790 δὲ
2389 3737 2685 3803 ἐπαμύνων
2708 3738 2963 3808 Χριστος,
3000 3741 3028 3791 ὀ
3055 3739 3150 3792 καὶ
3179 3738 3353 3803 θείοις
3387 3740 3540 3810 ἡμᾶς
3566 3731 3789 3807 ἐκμεθύ·

2202 3849 2346 3886 σκων
2379 3831 2634 3901 νάμασιν.
2708 3829 2927 3901 Ἐπειδὴ
2962 3830 3019 3884 δὲ
3050 3830 3150 3895 τὰς
3182 3829 3300 3886 τῶν
3329 3831 3571 3886 ἀνοσίων
3607 3827 3792 3897 ποιμέ-

2198 3940 2305 3975 νων
2355 3922 2671 3987 πλεονεξίας
2736 3921 2958 3993 διέδρων
3015 3923 3072 3975 αἱ
3117 3921 3403 3999 νεάνιδες,
3445 3917 3790 3977 ὑποκιοστοῦσι

2200 4014 2335 4083 πρὸς
2380 4013 2650 4083 Ῥαγονὴλ
2681 4013 2771 4066 τὸν
2801 4012 3008 4067 ἑαυτῶν
3038 4014 3271 4083 πατέρα,
3296 4014 3452 4085 φημὶ
3476 4013 3541 4084 δὴ
3574 4012 3663 4065 τὸν
3708 4011 3793 4062 Ἰο-

2199 4107 2314 4177 θόρ.
2358 4106 2651 4178 Ἐρομένου
2692 4106 2751 4159 δὲ
2793 4107 2988 4170 αὐταῖς
3018 4106 3116 4176 τῆς
3147 4106 3468 4176 ἀσυνήθους
3502 4103 3791 4174 ταχύτητος

2198 4198 2295 4268 τὴν
2324 4198 2527 4261 αἰτίαν,
2560 4197 2659 4268 τὴν
2682 4196 2926 4261 Μωσέως
2958 4197 3280 4267 ἐπικουρίαν
3312 4198 3486 4261 εὐθὺς
3518 4194 3795 4264 ἁπαγγὲλ·

2197 4287 2395 4343 λουσιν.
2438 4289 2495 4341 '0
2522 4287 2579 4340 δὲ
2604 4288 2959 4352 εἰσοικίξεται
2985 4286 3335 4357 παραχρῆμα
3362 4285 3461 4339 τὸν
3486 4283 3788 4354 ἄνθρωπον,

2198 4383 2291 4435 καὶ
2317 4379 2621 4452 Σεπφώραν
2648 4380 2795 4451 αὖτῴ
2821 4379 3001 4433 δίδωσι
3031 4381 3230 4449 γαμεῖν
3254 4377 3372 4432 τῶν
3410 4376 3614 4431 ἐαυτοῦ
3638 4375 3795 4441 θυγα-

508 4475 772 4545 deinceps
789 4473 1125 4544 perlibenter
1159 4473 1378 4544 recipit,
1409 4474 1875 4543 quemadmodum
1903 4485 1960 4531 et
1988 4477 2095 4532 Ra-

2209 4473 2369 4543 ιέρων
2416 4473 2515 4541 τὴν
2560 4470 2907 4543 προῦχουσαν
2963 4470 3059 4523 καὶ
3110 4468 3617 4541 εὐπρεπεστάτην
3663 4467 3696 4534 ὴ
3743 4460 3794 4513 δὲ

506 4565 629 4635 guel
674 4564 893 4637 Moysen
918 4564 1346 4621 sanctissimum.
1372 4564 1809 4622 Adducitautem
1840 4567 2009 4622 veluti
2039 4568 2095 4622 in

505 4654 931 4711 l'amiliaritatem
957 4669 1141 4707 secum
1169 4663 1427 4721 tanquam
1458 4652 1625 4724 259
1658 4653 2092 4722 pulcherrimam

504 4744 799 4815 quamdam
839 4758 1096 4813 sponsam
1123 4736 1422 4798 Ecclésiam
1453 4758 1521 4796 ex
1549 4741 1829 4812 gentibus,
1853 4758 1974 4811 qua:
1995 4758 2094 4811 per

503 4839 805 4909 Sephoram
854 4835 1197 4906 intelligitur.
1228 4836 1361 4892 Nam
1408 4835 1654 4904 Sephora
1692 4835 1988 4904 exponitur
2012 4838 2090 4890 vi-

503 4932 704 4993 sitatio,
732 4929 816 4983 vel
847 4926 1092 5000 pulchra,
1129 4943 1232 4982 nec
1265 4944 1377 4983 non
1415 4928 1591 4997 gratia
1618 4928 1855 4997 spiritus.
1878 4928 2083 4983 Visita-

504 5022 581 5075 vit
602 5020 750 5077 enim
763 5019 962 5075 Oriens
985 5037 1051 5075 ex
1066 5021 1178 5075 alto
1206 5021 1250 5050 ’⁸³
1277 5020 1425 5074 illam
1445 5034 1571 5073 vere
1595 5017 1853 5074 decoram
1879 5035 1945 5076 ac
1966 5020 2085 5075 for-

505 5128 734 5175 mosam,
760 5112 1082 5175 Eeclesiam,
1111 5113 1355 5183 inquam,
1402 5110 1737 5180 donavitque
1772 5127 1895 5167 eam
1923 5112 2087 5168 xenio

504 5203 749 5270 eielcsti,
783 5204 1012 5271 spiritus
1053 5204 1138 5258 sui
1170 5202 1507 5266 accessione,
1551 5202 1812 5258 nimirum
1848 5203 2091 5275 Spiritus

504 5297 676 5351 sancti
701 5296 1138 5367 participatione.
1168 5296 1343 5350 Porro
1370 5294 1485 5350 haec
1513 5294 1727 5365 peperit
1766 5296 1815 5350 ei
1839 5295 2088 5361 Gersam,

503 5387 608 5449 hoc
628 5397 734 5453 est,
767 5390 1030 5459 populum
1073 5404 1264 5443 revera
1293 5387 1670 5458 peregrinum.
1696 5385 1799 5454 Qui
1823 5387 1972 5441 enim
2002 5386 2090 5441 di-

503 5481 630 5534 vino
654 5481 861 5550 Spiritu
891 5481 1132 5552 insigniti
1183 5491 1335 5545 sunt,
1382 5489 1438 5535 et
1483 5495 1724 5550 superna
1772 5478 2091 5534 visitatione

503 5575 801 5637 dignati,“
823 5575 890 5628 ad
918 5574 1386 5642 pulchritudinem
1405 5572 1573 5628 veluti
1600 5573 1668 5627 ad
1692 5572 1892 5626 Filium
1911 5581 2087 5627 trans-

576 5752 617 5785 "
647 5751 849 5809 Jerem.
872 5768 926 5816 ιι,
958 5751 1136 5813 Ιξίοιό.
1214 5754 1258 5784 θ’
1280 5753 1435 5809 han.
1472 5770 1562 5820 vn,
1595 5754 1682 5813 57.
1759 5755 1805 5789 ⁸⁸
1832 5756 1963 5812 Luc.
1998 5773 2033 5826 ι,
2062 5756 2151 5812 78.

2195 4563 2383 4618 τέτοκε
2414 4564 2667 4634 ιἠρσάμ.
2717 4563 2934 4633 Ἐπειδὴ
2983 4561 3093 4633 γὰρ
3132 4561 3391 4631 ὠφέλησε
3450 4558 3691 4632 Χριστὸς
3732 4554 3796 4606 τὰ

2194 4658 2252 4709 ἐν
2297 4656 2486 4727 κόσμῳ
2530 4656 2637 4709 τῶν
2695 4654 2864 4709 ἐθνῶν
2920 4655 3271 4726 συστήματα,
3329 4636 3672 4729 ἐγνωρςζετο
3703 4647 3794 4717 μὲν

2194 4748 2344 4819 αὐτῷ
2381 4748 2883 4820 μυσταγωγούντων
2941 4745 3089 4817 αὑτῴ
3142 4745 3250 4800 τῶν
3298 4746 3373 4799 δι’
3403 4745 3580 4819 αὑτοῦ
3635 4756 3796 4796 σεσω-

2196 4842 2430 4912 σμένων,
2477 4842 2561 4893 ὅτι
2616 4841 2710 4893 καὶ
2767 4837 3068 4909 ἐπαμύνειν
3122 4833 3234 4899 οἷός
3272 4855 3336 4890 τε
3390 4837 3494 4890 καὶ
3542 4836 3652 4906 μὴν
3705 4831 3794 4885 καὶ

2195 4932 2374 5003 χειρὸς
2403 4930 2682 4995 ἐξελέσθαι
2721 4929 2921 5002 ῥᾳδίως
2956 4929 3066 4981 τῶν
3092 4929 3301 4982 ἀδικεῖν
3328 4928 3662 5000 ᾑρημένων.
3698 4920 3794 4975 θῦ-

2193 5040 2272 5077 τω
2298 5041 2355 5077 τε
2386 5024 2573 5077 λοιπον
2603 5023 2870 5095 προσιστᾷ
2902 5024 3001 5092 μὲν
3029 5021 3304 5093 ἁσμένως,
3348 5020 3506 5074 καθὰ
3547 5019 3644 5072 καὶ
3682 5016 3793 5068 Ῥα-

2198 5115 2367 5187 γουὴλ
2397 5114 2604 5173 Minoia
2651 5114 2743 5170 τὸν
2793 5113 3107 5187 ἱερώτατον.
3150 5112 3464 5185 Συμϐαἰνει
3506 5112 3567 5167 δὲ
3608 5109 3794 5177 ὥσπερ

2201 5208 2280 5271 si;
2308 5208 2619 5279 οἰκειότητα
2666 5208 2766 5280 τὴν
2806 5209 2881 5273 ὡς
2916 5208 3052 5279 πρὸς
3093 5207 3257 5262 αὐτὸν
3284 5206 3525 5277 νύμφην
3557 5200 3649 5260 οἷά
3677 5215 3789 5255 τινα
3821 5219 3834 5231 ·

2194 5301 2694 5372 περικαλλεστάτην
2744 5301 3017 5371 παριστὰς
3057 5299 3205 5370 αὐτῷ
3227 5299 3327 5368 τὴν
3361 5298 3426 5364 ἐξ
3452 5298 3629 5351 ἐθνῶν
3678 5295 3792 5347 Ἑκ-

2192 5392 2436 5463 vinciam
2468 5394 2503 5464 ἣ
2523 5394 2612 5448 διὰ
2643 5396 2742 5464 τῆς
2772 5391 3075 5463 Σεπφώρας
3099 5394 3322 5444 νοεῖται.
3347 5386 3790 5460 Διερμηνεύεται

2192 5484 2297 5555 γὰρ
2349 5483 2673 5554 ἐπίσκεψις
2720 5484 2754 5555 ἢ
2809 5484 3014 5553 ὡραία,
3072 5483 3165 5536 καὶ
3207 5480 3306 5553 μέν
3362 5497 3451 5534 τοι
3488 5479 3586 5533 καὶ
3627 5473 3787 5544 χάρις

2192 5575 2404 5643 πνοῆς.
2445 5577 2819 5648 Ἐπεσκέψατο
2853 5576 2961 5649 γὰρ
2998 5573 3230 5644 ἀνατολὴ
3271 5569 3335 5634 ἐξ
3374 5569 3554 5641 ὓψους
3588 5566 3683 5636 τὴν
