4066 6282
507 371 608 434 ut
1528 374 1583 430 s.
1624 373 1900 429 CYRILLI
1932 370 2404 429 ALEXANDRINI
2441 357 2756 433 mentiar.
3658 372 3761 427 ita

509 488 782 554 homines,
805 487 1133 556 virtutisque
1167 496 1488 557 operatores
1512 486 1747 544 efﬁcere.
1793 486 1950 553 Quod
1994 502 2090 541 au-

2201 485 2299 559 Ξρα
2341 488 2441 559 τῆς
2477 492 2716 563 ἀρρήτου
2748 490 2963 561 φύσεως
2989 488 3335 559 ἀποτέλεσμα
3360 489 3633 560 λαμπρὸν,
3667 492 3766 560 τὴν

509 590 621 635 tem
667 581 804 636 adeo
860 579 1055 648 ingens
1104 586 1270 646 atque
1313 577 1681 647 expetendum
1729 576 1934 633 bonum
1980 590 2081 631 suo

2201 577 2416 641 ίλαζόνα
2449 581 2543 633 καὶ
2574 579 2801 650 βέϐηλον
2823 577 2918 632 τοῦ
2950 578 3201 632 διαϐόλου
3232 581 3554 632 κατασείσαι
3580 577 3766 633 πλεον-

508 681 756 740 tempore
786 670 857 723 sit
878 676 1203 722 eventurum
1232 667 1578 732 mortalibus,
1606 683 1731 723 cum
1756 668 2084 738 Unigenitus

2201 667 2349 732 ιξίαν,
2376 669 2471 722 καὶ
2513 668 2759 733 δουλείας
2799 669 2897 740 μὲν
2926 667 3236 735 ἀπαλλάξαι
3283 669 3381 737 τῆς
3410 668 3552 723 οὕτω
3576 668 3770 736 βλαϐε-

510 777 632 816 sese
658 759 934 815 dimiserit
962 758 1017 812 in
1041 758 1491 823 exinanitionem,
1516 768 1876 828 naturamque
1893 758 2086 811 huma-

2201 760 2431 829 awrdtq;
2456 761 2552 814 καὶ
2582 761 2983 831 μυσαρωτάτης
2998 760 3124 823 τοὺς
3142 759 3233 813 ἐπὶ
3244 759 3339 829 τῆς
3360 759 3771 830 γῆς,ἀποφῆναε

508 865 634 905 nam
657 849 1045 919 assumpserit,
1086 865 1152 904 ex
1195 849 1365 904 sacris
1389 849 1616 904 Litteris
1647 848 1837 903 itidem
1880 862 2084 917 cogno-

2201 850 2239 903 is
2271 850 2456 903 λοιπὸν
2481 851 2578 921 τῆς
2608 851 2808 922 ἀρετῆς
2851 851 3111 923 ἐργάτας.
3152 849 3275 903 Ὀτι
3323 849 3379 904 δὲ
3427 849 3585 902 τοῦτο
3626 849 3772 903 οὕτω

508 941 809 995 scemus".
843 941 923 995 Ita
978 950 1161 995 autem
1202 940 1451 994 habent:
1491 958 1510 990 ι
1565 939 1695 994 Post
1738 939 1858 994 dies
1901 946 2086 992 autem

2201 937 2331 1006 μέγα
2368 940 2463 993 καὶ
2489 939 2820 995 πολύευκτον
2862 939 3065 1009 ἀγαθὸν
3098 938 3360 1010 ὑπάρξειν
3395 939 3587 1009 ἔμελλε
3627 941 3773 994 κατά

506 1032 711 1086 multos
752 1038 1007 1085 mortuus
1050 1039 1136 1086 est
1180 1046 1275 1085 rex
1331 1030 1570 1102 ngypii,
1617 1039 1674 1085 et
1703 1030 2089 1100 ingemuerunt

2201 1031 2412 1103 ιιαιροὺς
2431 1032 2545 1094 τοῖς
2564 1032 2657 1084 ἐπὶ
2678 1032 2779 1101 τῆς
2799 1030 2924 1100 γῆς,
2946 1029 3204 1093 καθέντος
3225 1028 3415 1082 ἑαυτὸν
3435 1030 3514 1090 εἰς
3540 1028 3771 1082 κένωσίν

508 1123 606 1177 ﬁlii
629 1124 796 1179 Israel
820 1133 1048 1194 propter
1071 1138 1259 1193 opera,
1308 1130 1365 1176 et
1393 1122 1871 1185 exclamaverunt,
1897 1127 1955 1174 et
1996 1134 2086 1173 as-

2201 1135 2247 1171 :s
2274 1118 2368 1172 καὶ
2389 1118 2784 1190 ἀνθρωπότητα
2814 1118 2908 1172 τοῦ
2943 1116 3299 1187 Μονογενοῦς,
3335 1116 3425 1170 διὰ
3461 1117 3570 1171 τῶν
3610 1118 3772 1190 ἱερῶν

504 1215 695 1269 condit
715 1215 921 1269 clamor
946 1229 1137 1269 eorum
1160 1213 1229 1267 ad
1254 1213 1423 1267 Deum
1471 1211 1541 1266 ab
1588 1211 1873 1281 operibus,
1905 1218 1963 1264 et
1986 1224 2090 1263 au-

509 1306 647 1359 divit
669 1306 814 1360 Deus
843 1305 1107 1376 gemitum
1147 1317 1361 1367 eorum,
1385 1310 1443 1357 et
1466 1302 1787 1358 recordatus
1810 1308 1895 1356 est
1917 1307 2088 1355 testa-

511 1397 679 1449 menti
706 1397 811 1459 sui,
837 1395 985 1465 quod
1006 1394 1139 1449 fecit
1171 1409 1300 1448 cum
1323 1393 1622 1457 Abraham,
1647 1392 1797 1447 Isaac
1819 1397 1877 1446 et
1896 1388 2087 1445 Jacob.

510 1488 576 1540 Et
599 1487 838 1556 respexit
860 1487 1004 1541 Deus
1029 1485 1170 1540 ﬁlios
1190 1484 1381 1549 lsrael,
1409 1492 1466 1538 et
1486 1484 1738 1554 cognitus
1753 1492 1838 1538 est
1862 1481 1943 1536 eis
1954 1481 2020 1534 “.
2064 1498 2083 1530 ι

505 1580 743 1651 Αεεγριίἱ
760 1581 909 1635 enim
930 1579 1172 1650 graviter
1187 1578 1572 1648 opprimebant
1586 1576 1881 1638 lsraelitas,
1904 1586 2094 1628 neces-

507 1671 717 1725 sarium
763 1669 1049 1726 servitutis
1074 1669 1268 1739 jugum
1321 1667 1707 1737 imponentes,
1755 1665 2093 1733 acerbosque

2191 1209 2540 1279 Γραμμάτων
2580 1210 2731 1263 οὐδὲν
2768 1205 2930 1284 ἦττον
2974 1208 3253 1278 εἰσόμεθα.
3287 1209 3443 1277 Ἔχει
3467 1209 3524 1261 δὲ
3561 1208 3767 1272 οὕτως·

2196 1317 2215 1351 ι
2242 1300 2397 1355 Μετά
2414 1299 2471 1352 δὲ
2495 1300 2592 1365 τάς
2619 1301 2828 1372 ἡμέρας
2849 1300 2948 1364 τὰς
2998 1299 3200 1363 πολλὰς
3233 1299 3447 1362 ὲκείνας
3477 1299 3766 1370 ἐτελεύτη-

2192 1409 2283 1446 σεν
2312 1395 2339 1446 6
2374 1392 2625 1462 βασιλεὺς
2669 1393 2974 1461 Αἰγύπτου,
3020 1392 3115 1446 καὶ
3142 1390 3545 1455 κατεστέναξαν
3580 1392 3630 1444 οί
3663 1392 3775 1446 υἰοί

2204 1484 2420 1555 Ἰσραὴλ
2451 1484 2560 1538 ἀπὸ
2587 1483 2697 1538 τῶν
2730 1485 2940 1556 ἔργων,
2982 1484 3077 1537 καὶ
3105 1482 3361 1550 ἐϐόησαν,
3390 1482 3485 1536 καί
3528 1482 3696 1553 ἀνέϐη
3736 1485 3770 1553 ή

2193 1572 2345 1644 φωνὴ
2371 1573 2549 1627 αὐτῶν
2578 1574 2714 1646 πρὸς
2743 1576 2836 1629 τὸν
2863 1573 2994 1627 Θεὸν
3018 1573 3126 1627 ἀπὸ
3155 1571 3265 1625 τῶν
3291 1570 3488 1642 ἔργων,
3530 1572 3626 1626 καί
3659 1574 3776 1626 εἰσο

2194 1664 2424 1732 ήκουσεν
2449 1666 2476 1717 6
2505 1665 2637 1730 Θεὸς
2661 1666 2770 1719 τῶν
2805 1664 3125 1735 στεναγμῶν
3154 1667 3333 1722 αὐτῶν
3352 1708 3368 1733 ,
3401 1666 3495 1721 καὶ
3523 1665 3775 1736 ἐμνήσθη

510 1760 1072 1831 ipsisatqueimmites
1085 1774 1313 1828 operum
1330 1758 1581 1812 dominos
1600 1758 1982 1828 praiﬁcientes,
1998 1760 2091 1829 qui

2201 1757 2223 1809 6
2271 1756 2403 1820 Θεὸς
2452 1756 2553 1826 τῆς
2605 1757 2872 1830 διαθήκης
2933 1758 3094 1811 αὐτοῦ
3154 1759 3289 1831 πρὸς
3344 1757 3632 1829 Ἀϐραάμ,
3680 1758 3779 1810 καὶ

511 1857 680 1906 vitam
717 1852 964 1921 ipsorum
1009 1851 1413 1913 excruciarent,
1443 1849 1587 1903 sicut
1616 1848 1881 1919 scriptum
1909 1857 1993 1906 cst
2023 1852 2090 1905 ⁸⁷.

2209 1848 2417 1912 Ἰσαάκ,
2460 1849 2555 1902 καὶ
2600 1826 2837 1903 Ἰακώϐ.-
2864 1850 2974 1903 Καὶ
3001 1826 3214 1904 ἐπεῖδεν
3246 1852 3275 1904 6
3303 1826 3595 1913 Θεδςττοὺνς
3624 1850 3779 1913 υἱοὺς

512 1942 671 2011 26],
716 1941 824 1997 Sed
860 1951 1008 1997 tanta
1033 1942 1321 2013 tyrannide
1350 1942 1597 2011 oppressi
1621 1951 1897 2011 gementes
1920 1951 1977 1997 et
2012 1944 2093 1998 la-

511 2039 819 2102 erymantes
844 2032 1062 2088 tandem
1108 2033 1300 2087 miseri
1347 2042 1612 2104 rogarunt
1646 2041 1705 2087 ut
1730 2032 1939 2087 caalesti
1992 2033 2097 2087 mi-

512 2123 814 2178 sericordia
849 2124 1000 2195 digni
1047 2125 1404 2180 haberentur.
1457 2144 1475 2176 ι
1516 2123 1624 2179 Sed
1653 2125 1894 2194 respexit
1927 2126 2091 2190 Deus,

510 2225 568 2270 et
589 2215 845 2279 visitavit,
876 2215 1074 2285 inquit,
1108 2215 1250 2271 ﬁlios
1293 2216 1481 2280 Israel,
1527 2225 1583 2270 et
1628 2217 1881 2285 cognitus
1912 2227 1997 2272 est
2023 2218 2094 2272 ab

513 2306 645 2376 ipsis
675 2304 743 2361 ⁸⁸.
786 2326 805 2358 ι
834 2306 971 2362 Cum
999 2307 1170 2378 igitur
1195 2322 1544 2362 versaremur
1567 2307 1622 2359 in
1646 2307 1950 2377 ignorantia
1975 2307 2091 2372 Dei,

514 2408 646 2453 tunc
674 2399 929 2469 injuriam
964 2398 1330 2454 inferentibus
1372 2415 1596 2454 eramus
1630 2400 1884 2471 subjecti,
1929 2413 2095 2469 atque

513 2490 569 2543 in
597 2504 756 2545 coeno
784 2491 994 2560 peccati
1027 2490 1427 2555 volutabamur,
1457 2491 1723 2546 habentes
1763 2490 2016 2546 crudeles
2040 2498 2097 2544 et

510 2580 741 2636 acerbos
760 2580 1065 2650 przefectos,
1100 2598 1297 2652 nempe
1321 2583 1631 2637 immundos
1652 2583 1946 2637 daemonas.
1960 2582 2093 2636 Nam

511 2670 686 2740 gratia
717 2671 990 2727 libertatis
1019 2675 1245 2728 omnino
1273 2675 1524 2743 sequitur
1556 2674 1653 2729 Dei
1702 2673 2091 2744 cognitionem.

514 2760 714 2816 Verum
742 2762 860 2817 haec
889 2762 1030 2818 facta
1057 2775 1184 2820 sunt
1206 2765 1380 2836 typice
1412 2776 1468 2820 et
1499 2781 1596 2835 per
1626 2764 1873 2836 ﬁguram,
1899 2782 2098 2835 propo-

513 2853 726 2923 sitaque
765 2863 895 2910 sunt
947 2857 1109 2912 nobis
1161 2857 1216 2911 in
1267 2857 1701 2912 admonitionem
1732 2857 1927 2921 nostri,
1954 2857 2098 2911 sicut

510 2943 778 3012 scriptum
808 2952 893 2999 est
915 2946 980 2999 '9.
1013 2945 1192 3016 Atque
1216 2947 1380 3007 unius
1410 2946 1633 3017 quidem
1662 2948 1861 3018 gentis,
1886 2947 2097 3002 Israeli-

515 3034 637 3089 ticae
654 3035 918 3090 nimirum
960 3046 1120 3108 typus
1152 3047 1255 3093 est.
1279 3038 1482 3107 Aperte
1516 3054 1648 3092 vero
1673 3037 1969 3093 admodum
1995 3038 2096 3092 do-

2207 1940 2442 2012 Ἰσραὴλ,
2493 1940 2588 1994 καὶ
2642 1939 2888 2010 ἐγνώσθη
2918 1942 3121 2005 αὐτοῖς.
3173 1959 3192 1992 ι
3230 1941 3632 2005 Κατεὸιάζοντο
3677 1940 3781 2009 μὲν

2194 2031 2302 2104 γὰρ
2329 2031 2380 2084 οἰ
2406 2031 2694 2101 Αἰγύπτιοι
2722 2033 2849 2094 τοὺς
2880 2030 2940 2097 ἐξ
2982 2031 3200 2102 Ἰσραὴλ
3232 2031 3323 2085 τὸν
3350 2032 3447 2101 τῆς
3473 2029 3782 2098 ἀναγκαίου

2195 2123 2414 2195 θητείας
2463 2121 2914 2197 έπιῤῥιπτοῦντες
2956 2122 3156 2190 ζυγὸν,
3192 2121 3288 2175 καὶ
3329 2122 3560 2192 πικροὺς
3594 2121 3783 2182 αὐτοῖς

2196 2215 2291 2267 καὶ
2332 2213 2847 2285 ἀφιλοικτείρμονας
2878 2210 3243 2283 ὲργοδιὼκτας
3275 2212 3693 2281 ἐπιστήσαντες.
3727 2209 3781 2263 οἳ

2196 2305 2500 2359 κατὼδυνον
2530 2305 2708 2359 αὐτῶν
2744 2304 2844 2376 τὴν
2883 2302 3049 2374 ζωὴν,
3080 2302 3224 2357 καθά
3249 2303 3576 2374 γέγραπται.
3614 2304 3678 2354 Oi
3720 2301 3783 2354 δὲ

2193 2402 2312 2460 ταῖς
2329 2399 2466 2467 ἄγαν
2495 2396 2829 2463 πλεονεξίαις
2860 2395 3213 2466 πεπιεσμένοι
3236 2394 3515 2457 κλαίοντες
3539 2394 3633 2447 καί
3648 2410 3786 2446 κατ-

2197 2486 2525 2559 οιμὼζοντες
2569 2486 2668 2557 τῆς
2701 2484 2917 2541 ἄνωθεν
2945 2484 3285 2556 ἡμερότητος
3326 2482 3633 2549 ἀξιοῦσθαι,
3670 2482 3784 2534 λοι-

2196 2580 2296 2632 πὸν
2320 2579 2610 2648 ἐλιπάρουν
2636 2579 2685 2630 οἱ
2702 2575 2952 2639 τάλανες.
2993 2594 3011 2628 ι
3064 2574 3205 2628 Ἀλλ’
3234 2573 3603 2627 ἐπεσκέπτετο
3625 2572 3782 2636 Θεὸς,

2196 2674 2289 2728 καὶ
2320 2672 2534 2735 εἰσεῖδε,
2565 2671 2721 2742 φησί,
2745 2670 2872 2732 τοὺς
2921 2672 3068 2733 υἱοὺς
3114 2668 3355 2740 Ἰσραὴλ,
3399 2667 3495 2720 καὶ
3526 2664 3782 2735 ἐγνώσθη

2196 2760 2399 2823 αὐτοῖς.
2427 2779 2446 2811 i
2486 2759 2617 2812 Ὅτε
2645 2759 2824 2813 τοίνυν
2850 2759 3016 2829 ἐσμὲν
3050 2762 3105 2811 έν
3133 2757 3328 2827 ἀγνοίᾳ
3355 2755 3512 2820 Θεοῦ,
3535 2755 3656 2808 τότε
3690 2753 3789 2809 καὶ

2194 2853 2307 2915 τοῖς
2359 2851 2632 2907 ἀδικοῦσιν
2682 2853 3120 2923 ὑποκεισόμεθα,
3152 2854 3247 2907 καί
3287 2856 3401 2916 τοῖς
3458 2854 3557 2921 τῆς
3605 2850 3787 2919 ἁμαρ·

2196 2943 2318 3007 τίας
2369 2943 2653 3016 βορϐόροις
2712 2945 3186 3017 ὲνκυλινδούμεθα,
3226 2946 3458 3016 πικροὺς
3481 2944 3576 2997 καὶ
3597 2942 3787 3012 ὠμοὺς

2195 3036 2306 3092 τῶν
2333 3037 2588 3092 τοιούτων
2631 3037 2846 3108 ἔχοντες
2895 3038 3224 3102 ἐπιστάτας,
3268 3037 3394 3098 τοὺς
3440 3032 3788 3104 ἀκαθάρτους

512 3134 604 3180 cet
628 3125 774 3195 quod
808 3127 1108 3184 immundis
1139 3128 1427 3198 spiritibus
1469 3139 1526 3184 et
1549 3128 1768 3183 diabolo
1796 3128 2095 3183 nihilaliud

2201 3128 2483 3198 δαίμονας.
2520 3129 2750 3198 Ἔψεται
2796 3129 2854 3182 δὲ
2903 3129 2997 3181 καί
3037 3128 3256 3190 πάντως
3289 3124 3383 3180 τοῦ
3417 3124 3625 3193 γνῶναι
3654 3121 3791 3175 Θεὸν

511 3219 854 3289 propositum
906 3220 979 3274 sit
1037 3236 1202 3290 quam
1244 3222 1575 3291 compellere
1614 3223 1876 3277 mortales
1924 3231 1989 3276 ut
2042 3221 2097 3276 in

512 3309 671 3364 vanis
701 3310 984 3365 laboribus
999 3311 1290 3375 desudent,
1321 3322 1377 3367 et
1399 3328 1566 3382 opera
1588 3312 1770 3367 carnis
1790 3312 2096 3383 perﬁciant,

512 3414 585 3452 ne
609 3397 751 3453 forte
778 3410 1016 3454 mentem
1061 3401 1240 3456 abhis
1270 3418 1495 3456 vacuam
1532 3402 1795 3458 habentes
1823 3411 1879 3458 et
1912 3403 1979 3458 ad
2010 3419 2102 3459 su—

513 3500 686 3557 perna
716 3487 1073 3555 aspirantem,
1098 3489 1261 3560 hujus
1278 3490 1521 3544 universi
1550 3490 1720 3543 Deum
1748 3500 2097 3560 cognoscant,

515 3582 682 3645 atque
707 3575 783 3631 ita
824 3576 1086 3647 deinceps
1126 3593 1185 3633 se
1214 3580 1278 3633 ad
1307 3579 1480 3647 ipsius
1498 3579 1834 3633 voluntatem
1874 3595 2099 3649 compo-

516 3676 668 3732 nant,
697 3678 754 3723 et
781 3668 1069 3724 diabolicae
1100 3671 1386 3743 servitutis
1407 3673 1599 3742 jugum
1629 3672 1929 3725 excutiant.
1961 3671 2099 3727 Cum

516 3773 647 3814 vero
670 3759 923 3815 humanae
956 3769 1167 3817 natura:
1200 3763 1424 3818 insitum
1458 3762 1786 3818 sitstudium
1807 3764 2097 3832 libertatis,

514 3868 627 3908 non
662 3852 1033 3924 approbamus
1056 3853 1335 3910 interdum
1365 3849 1676 3910 istiusmodi
1709 3855 2099 3923 calamitatem,

511 3945 609 4001 sed
637 3962 977 4012 aversamur,
1005 3958 1062 4003 et
1090 3963 1466 4017 saepenumero
1489 3948 1739 4003 nonnihil
1766 3949 1834 4004 ad
1855 3965 1957 4005 nos
1973 3950 2101 4004 red-

512 4045 728 4105 euntes,
759 4048 815 4094 et
848 4040 1151 4095 carnalium
1201 4040 1546 4111 voluptatum
1578 4040 1982 4097 deformitatem
2005 4042 2102 4098 de-

514 4140 799 4195 testantes,
824 4149 1123 4202 supernum
1153 4150 1182 4188 a
1214 4134 1325 4189 Deo
1358 4136 1578 4190 sitimus
1609 4135 1895 4200 auxilium,
1928 4143 1986 4190 et
2032 4135 2103 4192 de

514 4220 755 4275 violenta
777 4222 1043 4277 servitute
1065 4239 1174 4277 non
1199 4240 1391 4293 parum
1433 4225 1738 4293 querimur.
1761 4225 1899 4292 Hoc,
1928 4207 1991 4281 ut
2017 4242 2106 4281 ar-

512 4312 717 4375 bitror,
748 4322 853 4378 est,
877 4314 1023 4382 quod
1069 4313 1168 4367 ﬁlii
1214 4314 1380 4368 lsrael
1410 4315 1478 4370 ad
1511 4316 1682 4371 Deum
1723 4317 2101 4387 ingemiscant.

518 4402 743 4465 Verum,
781 4412 836 4458 ut
885 4412 970 4458 est
1017 4403 1217 4466 bonus,
1253 4402 1404 4458 misit
1452 4405 1610 4460 nobis
1659 4405 1995 4462 Salvatorem
2040 4424 2105 4463 ac

2199 3218 2299 3289 τῆς
2355 3218 2666 3290 ἐλευθερίας
2714 3220 2748 3289 ἡ
2795 3219 2973 3289 χάρις.
3034 3218 3172 3271 Ἀλλ’
3202 3219 3388 3270 ἐκεῖνα
3431 3215 3529 3286 μὲν
3576 3213 3795 3285 ἐπράτ-

2198 3326 2322 3362 τετο
2371 3310 2653 3373 τυπικῶςο
2699 3311 2914 3383 ἐγράφη
2962 3310 3019 3363 δὲ
3090 3309 3225 3381 πρὸς
3273 3307 3557 3362 νουθεσίαν
3603 3303 3787 3374 ἡμῶν,

2199 3398 2381 3464 καθὼς
2408 3400 2735 3473 γέγραπται.
2793 3402 2904 3454 Καὶ
2959 3403 3043 3470 ἐφ’
3073 3402 3191 3463 ἑνὸς
3228 3400 3327 3471 μὲν
3361 3398 3549 3461 ἔθνους
3580 3397 3689 3450 τῶν
3728 3394 3794 3460 ἐξ

2199 3492 2430 3563 αἵματος
2469 3493 2685 3564 Ἰσραὴλ
2737 3495 2765 3547 6
2813 3493 3001 3557 τύπος.
3058 3492 3271 3559 Διδάξει
3318 3492 3362 3545 δ’
3408 3487 3467 3545 εὖ
3519 3489 3667 3561 μάλα
3694 3489 3792 3541 καὶ

2202 3584 2391 3653 σαφῶς
2420 3585 2502 3638 ὅτι
2536 3587 2646 3649 τοῖς
2672 3585 3000 3657 ἀκαθάρτοις
3022 3585 3297 3655 πνεύμασι
3330 3584 3425 3638 καὶ
3453 3582 3530 3652 τῷ
3555 3580 3794 3650 διαῆόλῳ

2203 3675 2426 3737 σκοπὸς,
2457 3675 2714 3729 συνωθεῖν
2751 3676 3067 3746 ἐπείγεσθαι
3116 3678 3242 3741 τοὺς
3286 3676 3377 3729 ἐπὶ
3422 3676 3523 3745 γῆς
3559 3674 3794 3736 εἰκαίοις

2203 3766 2445 3837 ὲνιδροῦν
2474 3769 2873 3839 σπουδάσμασι,
2897 3768 3076 3821 καὶτὰ
3104 3768 3312 3837 σαρκὸς
3339 3767 3476 3837 ἔργα
3510 3764 3759 3834 πληροῦν
3776 3778 3791 3793 ⁸

2203 3858 2290 3911 ἵνα
2322 3858 2396 3930 μὴ
2429 3860 2673 3929 σχολαῖον
2696 3859 2912 3930 ἔχοντες
2943 3860 3065 3913 νοῦν
3087 3859 3180 3913 καὶ
3207 3857 3521 3929 ἀναμύοντα
3555 3857 3695 3931 πρὸς
3724 3857 3796 3910 τά

2202 3949 2333 4012 ἄνω,
2368 3950 2461 4002 τὸν
2492 3949 2600 4002 τῶν
2626 3949 2767 4003 ὅλων
2792 3949 2982 4001 εἰδεῖεν
3012 3949 3176 4002 Θεόν·
3210 3946 3352 4002 οὕτω
3387 3964 3448 4000 τε
3485 3947 3672 4000 λοιπὸν
3700 3946 3797 4000 καὶ

2202 4042 2282 4102 εἰς
2306 4040 2367 4093 τὸ
2399 4039 2548 4109 αὐτῷ
2591 4039 2778 4093 δοκοῦν
2813 4039 3169 4093 ὲπευθύνοντο
3197 4077 3213 4103 ,
3259 4040 3351 4092 καὶ
3392 4039 3490 4108 τῆς
3522 4037 3608 4090 ἐπ’
3640 4036 3794 4106 αὐτῷ

2203 4131 2449 4195 δουλείας
2501 4132 2826 4185 ἀπονεύουσι
2884 4129 3070 4200 ζυγόν.
3114 4128 3335 4200 Ἐπειδὴ
3386 4129 3445 4182 δὲ
3495 4127 3674 4181 ἔνεστι
3724 4130 3793 4198 τῇ

2203 4223 2521 4296 ἀνθρωπεία
2555 4222 2715 4293 φύσει
2764 4223 2825 4277 τὸ
2879 4222 3284 4295 φιλελεύθερον,
3319 4223 3419 4276 οὐκ
3457 4218 3797 4291 ἐπαινοῦμεν

2203 4316 2317 4370 ἔσθ’
2370 4317 2459 4369 ὅτε
2502 4315 2572 4369 τά
2622 4316 2800 4387 πάθη·
2845 4313 3378 4386 καταμυσαττόμεθα
3431 4314 3489 4367 δὲ
3529 4312 3796 4376 πολλάκις

2203 4407 2570 4477 ἀνανήφοντες
2605 4405 2779 4479 βραχὺ
2801 4446 2817 4469 ,
2851 4406 2947 4460 καὶ
2979 4405 3087 4459 τῶν
3121 4406 3222 4476 τῆς
3267 4404 3468 4477 σαρκὸς
3502 4402 3707 4473 ἡδονῶν
3732 4404 3799 4457 τδ

522 4491 949 4562 Redemptorem
977 4508 1008 4547 e
1029 4493 1169 4548 coelo
1197 4493 1420 4561 Filium,
1445 4496 1539 4565 qui
1567 4496 1743 4552 factus
1769 4506 1874 4562 est,
1892 4504 1953 4551 ut
1978 4512 2098 4561 nos,

2211 4497 2394 4570 ἄχαρι,
2422 4498 2523 4568 τὴν
2571 4498 2777 4552 ἀνωθεν
2799 4498 2895 4551 καὶ
2938 4498 3089 4569 παρὰ
3127 4496 3263 4551 Θεοῦ
3297 4495 3541 4566 διψῶμεν
3574 4497 3799 4548 ἐπικου-

519 4585 702 4639 homo.
749 4584 919 4654 quue
949 4586 1150 4640 iterum
1190 4602 1343 4641 saera
1377 4586 1661 4657 Scriptura
1689 4587 1920 4659 ﬁgurate
1960 4602 2105 4657 prat-

521 4674 864 4745 signiﬁcavit.
887 4677 965 4731 ita
995 4678 1141 4731 enim
1166 4678 1279 4733 ait:
1323 4698 1340 4730 ι
1369 4680 1437 4734 Et
1467 4680 1679 4751 Moyses
1720 4696 1951 4749 pascens
1975 4696 2108 4737 oves

513 4764 708 4821 Jethro
738 4767 915 4821 soceri
942 4768 1027 4822 sui
1068 4769 1371 4823 sacerdotis
1410 4770 1646 4833 Madian,
1682 4771 1839 4825 duxit
1879 4787 2010 4826 oves
2048 4772 2107 4827 in

516 4856 818 4920 desertum,
851 4859 1113 4928 venitque
1137 4858 1203 4912 ad
1226 4870 1469 4914 montem
1491 4861 1588 4914 Dei
1611 4860 1813 4916 iloreb.
1839 4862 2108 4931 Apparuit

516 4958 700 5005 autem
729 4950 781 5005 ei
813 4951 1041 5021 angelus
1062 4950 1278 5005 Domini
1328 4952 1383 5006 in
1418 4950 1633 5007 ﬂamma
1673 4952 1814 5023 ignis
1842 4969 1910 5008 ex
1938 4952 2099 5009 rubo.

518 5042 585 5096 Et
618 5041 768 5096 videt
794 5042 993 5097 rubum
1047 5042 1246 5098 ardere
1306 5042 1451 5113 igne,
1484 5059 1587 5097 nec
1636 5052 1819 5099 tamen
1862 5045 2099 5100 absumi.

518 5132 663 5188 Dixit
719 5141 903 5188 autem
962 5134 1173 5205 Moyses
1210 5134 1533 5189 :Accedens
1584 5134 1785 5190 videbo
1834 5136 2102 5192 visionem

518 5239 769 5295 magnam
798 5224 962 5290 hanc,
1019 5241 1192 5294 quare
1220 5242 1330 5280 non
1348 5225 1695 5282 comburitur
1733 5226 1924 5282 rubus.
1950 5228 2106 5282 Post-

516 5332 678 5385 quam
707 5325 889 5371 autem
920 5317 1059 5371 vidit
1086 5317 1349 5372 Dominus
1394 5317 1539 5387 quod
1574 5318 1754 5389 pergit
1809 5318 1878 5373 ad
1914 5318 2106 5373 viden-

517 5407 669 5471 dum,
699 5410 913 5464 vocavit
936 5425 1065 5464 eum
1094 5409 1362 5465 Dominus
1388 5425 1457 5465 ex
1489 5409 1651 5474 rubo,
1693 5409 1882 5465 dicens
1911 5426 1924 5462 :
1955 5410 2105 5480 Moy-

519 5514 625 5563 ses,
661 5499 888 5571 Moyses.
916 5501 1012 5555 ille
1038 5510 1218 5556 autem
1243 5501 1381 5557 dixit
1411 5500 1583 5568 :Quid
1616 5510 1719 5565 est,
1750 5501 2011 5555 Domine?
2039 5500 2108 5555 Et

514 5588 659 5681 dixit
686 5608 699 5642 :
725 5591 805 5646 Ne
829 5592 1207 5663 appropinqua
1236 5593 1362 5648 huc.
1387 5592 1547 5649 Solve
1575 5595 2006 5649 calceamentum
2037 5591 2105 5646 de

597 5769 641 5800 ⁵⁸
672 5769 868 5843 Philip.
911 5790 969 5839 ιι,
995 5776 1049 5841 7,
1077 5776 1126 5827 8.

2210 4590 2352 4661 ρίαν,
2387 4589 2601 4658 καὶτῆς
2638 4589 2937 4660 ἀϐουλήτου
2968 4589 3213 4652 δουλείας
3244 4592 3306 4641 οὐ
3350 4588 3579 4659 μετρίαν
3605 4584 3798 4639 ποιού-

2210 4682 2352 4753 μεθα
2395 4682 2495 4754 τὴν
2526 4682 2822 4751 καταϐοήν.
2858 4681 3050 4744 Τοῦτο,
3084 4676 3258 4751 οἶμαι,
3293 4680 3406 4733 ἔστι
3434 4680 3495 4732 τὸ
3520 4694 3798 4731 καταστε-

2207 4772 2363 4838 νάξαι
2390 4773 2524 4846 πρὸς
2547 4772 2680 4827 Θεὸν
2708 4773 2837 4836 τοὺς
2857 4774 3007 4837 υίοὺς
3041 4772 3280 4844 Ἰσραήλ.
3317 4770 3534 4841 Ἐπειδὴ
3555 4768 3611 4821 δέ
3644 4770 3799 4821 ἐστιν

2208 4862 2432 4932 ἀγαθὸς,
2468 4862 2790 4916 ἀπέστειλεν
2832 4863 2995 4935 ἡμῶν
3032 4862 3262 4933 Σωτῆρα
3289 4861 3385 4915 καὶ
3410 4862 3706 4932 Λυτρωτὴν
3736 4859 3802 4925 ἐξ

2207 4953 2438 5026 ούρανοῦ
2471 4954 2565 5008 τὸν
2596 4954 2747 5017 Υίὸν,
2801 4953 2860 5018 ὃς
2903 4953 3097 5022 γέγονε
3146 4952 3268 5007 καθ’
3310 4954 3477 5024 ἡμᾶς,
3512 4949 3801 5004 τουτέστιν

2208 5043 2511 5115 ἄνθρωπος.
2541 5045 2652 5098 Καὶ
2679 5044 2739 5097 τὸ
2768 5044 2956 5114 χρῆμα
2987 5045 3118 5114 ἡμῖν
3156 5041 3568 5114 αἰνιγματωδῶς
3587 5057 3801 5110 προαν-

2210 5135 2408 5206 εφώνει
2447 5136 2610 5190 πάλιν
2646 5137 2707 5189 τδ
2739 5136 2979 5207 Γράμμα
3000 5136 3060 5190 τὸ
3081 5135 3245 5206 ίερόν.
3279 5136 3424 5204 Ἔφη
3448 5132 3555 5204 γὰρ
3574 5132 3753 5195 οὕτως
3779 5150 3797 5162 °

2218 5250 2235 5282 ι
2277 5232 2388 5285 Καὶ
2423 5232 2628 5302 Μωσῆς
2666 5227 2735 5303 ἦν
2767 5232 3072 5303 ποιμαίνων
3109 5231 3177 5285 τά
3212 5228 3459 5300 πρόϐατα
3499 5227 3664 5299 Ἰοθὸρ
3697 5228 3803 5282 τοῦ

2212 5322 2476 5393 πενθεροῦ
2531 5322 2697 5376 αὐτοῦ
2751 5322 2844 5377 τοῦ
2899 5322 3090 5394 ἰερέως
3136 5321 3401 5391 Μαδιάμ⁹
3455 5320 3549 5372 καὶ
3587 5314 3689 5388 ἦγε
3728 5321 3806 5373 τὰ

2212 5412 2464 5483 πρόϐατα
2496 5414 2577 5475 εἰς
2619 5413 2719 5484 τὴν
2765 5413 2991 5484 ἔρημον,
3033 5413 3126 5466 καὶ
3149 5408 3312 5483 ἦλθεν
3343 5412 3423 5474 είς
3462 5410 3525 5463 τὸ
3551 5409 3678 5479 ὅρος
3700 5410 3805 5462 to")

2211 5501 2347 5557 θεοῦ
2400 5504 2597 5575 Χορέϐ.
2640 5505 2748 5557 Καὶ
2794 5504 2949 5575 ὤφθη
2984 5504 3132 5573 αὐτῷ
3185 5502 3413 5571 ἄγγελος
3475 5499 3685 5572 Κυρίου
3744 5502 3810 5553 ὲν

2214 5595 2370 5663 φλογί
2411 5599 2579 5668 πυρὸς
2600 5598 2664 5649 ὲκ
2698 5596 2789 5650 τοῦ
2821 5596 3003 5666 βάτου.
3035 5597 3139 5650 Καὶ
3176 5597 3276 5666 ὁρᾷ
3316 5596 3395 5648 ὅτι
3426 5595 3452 5647 6
3494 5593 3655 5663 βάτος
3697 5608 3807 5649 κα-

1207 5778 1250 5806 ⁶⁶
1285 5778 1455 5833 Exod.
1487 5796 1543 5845 ιι,
1579 5780 1751 5835 23-25
1849 5781 1891 5811 ⁸⁷
1923 5779 2056 5835 ibid.

2217 5779 2388 5835 Exod.
2424 5795 2480 5846 ιι,
2512 5779 2600 5845 24,
2632 5779 2719 5834 25.
2799 5780 2842 5811 "
2876 5779 3044 5835 lCor.
3079 5793 3133 5837 Χ.
3172 5776 3250 5830 ll.
