4066 6282
1329 374 1853 437 οιΑΡιιγιιοιιυιι
1892 382 1959 437 IN
1999 384 2284 444 EXODUM
2324 390 2453 446 LIB.
2496 391 2537 446 I.

1748 588 1860 653 ῦτο,
1965 603 2067 650 est.
2102 596 2169 650 Et
2196 597 2335 652 dixit
2356 599 2445 653 ei:
2479 599 2591 671 Ego
2613 613 2735 653 sum
2764 599 2908 655 Deus
2928 600 3101 669 patris
3138 599 3219 653 tui
3246 597 3547 661 Abraham,

282 660 367 713 δτι
393 659 458 712 οὐ
499 661 858 715 κατακαίεται
887 665 916 716 6
947 663 1129 733 βάτος.
1174 667 1262 732 Ὠς
1299 669 1357 723 δὲ
1398 668 1507 725 εἶδε
1545 674 1748 745 Κύριος
1780 678 1864 729 ὅτι

285 750 550 819 προσάγει
572 750 720 813 ἰδεῖν,
751 753 1015 807 ἐκάλεσεν
1036 758 1201 811 αὐτὸν
1225 761 1254 812 6
1275 761 1479 832 Κύριος
1497 765 1563 817 ὲκ
1580 765 1676 819 τοῦ
1699 766 1864 836 βάτου

285 839 459 906 ὶέγων
475 858 489 870 ο
512 842 709 913 Μωσῆ.
735 844 939 914 Messi}.
962 844 1021 899 '0
1041 847 1100 900 δὲ
1123 845 1246 902 εἷπε
1264 863 1279 877 ·
1310 851 1376 903 Τί
1399 854 1546 916 em;
1571 856 1681 908 Kal.
1705 852 1825 910 εἷπε
1846 874 1861 889 ⁸

288 932 377 997 Μὴ
409 933 629 1003 ἑγγίσῃς
654 929 794 1011 Δῶδε.
828 936 1008 991 Λῦσον
1037 939 1101 992 τὸ
1129 940 1379 1014 ὑπόδημα
1421 946 1485 998 ἐκ
1531 946 1640 1000 τῶν
1688 949 1866 1003 ποδῶν

295 1039 402 1085 σου,
518 1023 625 1095 γὰρ
655 1025 819 1089 τόπος
867 1027 926 1080 ἐν
967 1022 1012 1096 ᾧ
1051 1031 1117 1084 σὺ
1147 1032 1407 1104 ἕστηκας,
1440 1037 1512 1107 γῆ
1548 1039 1682 1106 ἁγία
1725 1040 1859 1094 ἐστὶ.

294 1114 396 1165 Καὶ
424 1109 576 1166 εἶπεν
612 1115 761 1184 αὐτῷ
780 1130 792 1142 ·
842 1117 984 1185 Ἐγώ
1019 1121 1136 1191 εἰμι
1162 1123 1192 1174 6
1221 1122 1354 1188 Θεὸς
1380 1128 1476 1179 τοῦ
1516 1130 1722 1200 πατρός
1747 1149 1859 1193 σου,

286 1208 314 1258 6
348 1206 477 1269 Θεὸς
519 1207 788 1279 Ἀϐραὰμ,
823 1212 920 1264 καὶ
947 1213 1127 1276 όΘεὸς
1169 1216 1374 1283 Ἰσαάκ,
1411 1221 1504 1274 καὶ
1534 1223 1562 1274 6
1587 1222 1719 1285 Θεὸς
1759 1225 1861 1276 Ίαο

286 1293 420 1349 κὼὁ.
463 1298 799 1369 ’Λπὲστρεψε
855 1300 913 1354 δὲ
958 1304 1163 1375 Μωσῆς
1213 1306 1274 1360 τὺ
1320 1309 1612 1379 πρόσωπον
1661 1313 1859 1365 αὑτοῦ·

281 1385 565 1441 εὐλαϐεῖτο
610 1388 721 1458 γὰρ
754 1390 1091 1461 καταϐλέψαι
1118 1393 1348 1451 ὲνὼπιον
1376 1397 1473 1451 τοῦ
1497 1398 1655 1453 Θεοῦ.
1695 1419 1715 1452 ι
1757 1402 1863 1454 Νό-

283 1494 386 1546 μον
429 1478 530 1547 μὲν
559 1479 670 1549 γὰρ
702 1481 782 1543 εἰς
812 1481 1062 1551 βοήθειαν
1088 1484 1285 1541 ἔδωκεν
1315 1490 1345 1542 6
1364 1488 1529 1554 Θεὸς,
1574 1492 1716 1545 κατὰ
1759 1493 1860 1563 τὴν

276 1567 375 1620 τοῦ
410 1570 695 1638 προφήτου
735 1570 920 1641 φωνὴν
954 1574 1327 1647 (προαπέφηνε
1354 1578 1463 1651 γὰρ
1499 1584 1860 1653 οἰκονομικῶς

277 1657 490 1711 Μωσέα
538 1659 948 1732 παιδαγωγὸν),
995 1670 1277 1739 μονονουχὶ
1311 1670 1369 1723 δὲ
1411 1673 1550 1742 πρὸς
1583 1675 1858 1739 ἀνάδειξιν

282 1742 398 1793 τῶν
426 1744 777 1815 τελειοτέρων
819 1749 1050 1805 ἐποιεῖτο
1080 1754 1178 1823 τὴν
1210 1758 1364 1812 σκιάν
1384 1774 1399 1789 ·
1436 1761 1572 1831 πλὴν
1607 1763 1688 1816 ὅτι
1718 1766 1858 1819 κατὰ

287 1836 520 1904 καιροὺς
558 1836 879 1907 ἀναϐλέψει-δ
924 1841 1147 1912 ἔμελλεν
1271 1849 1518 1919 ἀλήθεια.
1556 1855 1668 1907 Καὶ
1706 1857 1859 1918 τέλος
1891 1842 1933 1896 Β

291 1920 364 1992 ἦν
410 1924 513 1993 τῆς
560 1928 969 1999 παιδαγωγίας,
1007 1935 1067 1986 τὸ
1109 1937 1346 2006 Χριστοῦ
1380 1944 1700 2012 μυστήριον,
1728 1946 1862 2016 ὅπερ

280 2020 374 2073 διὰ
406 2021 507 2090 τῆς
542 2021 811 2087 ὀπτασίας
836 2021 895 2078 εὖ
925 2027 1069 2096 μάλα
1108 2034 1545 2088 κατεπαιδεύετο.
1573 2038 1743 2090 Φυτὺν
1769 2040 1867 2108 μὲν

276 2110 389 2179 γάρ
438 2112 467 2163 6
515 2114 683 2182 βάτος
720 2116 838 2169 ἐστὶ
877 2116 1187 2187 θαμνοειδές
1220 2140 1279 2175 τε
1327 2126 1421 2177 καὶ
1466 2128 1734 2199 ἄκαρπον,
1776 2134 1869 2185 καὶ

274 2202 544 2294 ἀκάνθαις
571 2204 740 2294 -όλζγα
772 2213 1152 2283 παραχωροῦν.
1202 2216 1377 2288 Πολλὴ
1408 2218 1463 2270 δὲ
1509 2221 1669 2273 αὐτὸν
1710 2240 1863 2294 περι-

274 2290 449 2384 εχεῖτο
477 2288 633 2384 φλό-ξ.
656 2293 744 2345 Ἐν
775 2295 907 2349 εῖδει
929 2300 1037 2368 γὰρ
1063 2302 1231 2371 πυρὸς
1258 2302 1411 2371 ἅγιος
1442 2306 1669 2375 ἄγγελος
1693 2288 1858 2384 ἐπλήο

276 2395 370 2472 μου
400 2379 462 2433 τὸ
488 2381 689 2472 ,χρῆμα
709 2400 723 2414 ·
761 2387 859 2438 καὶ
901 2384 1038 2458 ἦρτο
1073 2392 1191 2461 μὲν,
1235 2394 1368 2462 ὑψοῦ
1407 2397 1463 2450 δὲ
1487 2398 1608 2454 λίαν
1639 2405 1672 2472 ἡ
1704 2379 1858 2472 φλὸέ,

274 2470 450 2536 ἠδίκει
478 2471 535 2524 δὲ
567 2473 706 2537 ὅλως
734 2476 825 2529 τὸν
867 2482 924 2531 ὲν
952 2474 997 2547 ᾧ
1026 2483 1234 2555 πέφηνε
1280 2486 1460 2556 βάτον,
1508 2470 1682 2547 ούδένξ
1717 2470 1862 2551 ΫἌν-

273 2560 426 2654 (ἔπιον
458 2563 679 2654 ἀληθῶς
728 2569 822 2620 καὶ
868 2571 1008 2640 πέρα
1049 2571 1205 2641 λόγου
1250 2579 1448 2643 παντὸς
1492 2582 1553 2633 τὸ
1584 2583 1862 2654 δρώμενον

274 2650 363 2722 ἦν.
397 2653 518 2723 Πῦρ
548 2656 814 2722 ἀκάνθαις
844 2662 1140 2729 συμϐαῖνον
1167 2667 1259 2719 καὶ
1299 2650 1657 2738 ἡμεροτάτοις
1688 2650 1860 2745 αὐτὴν

276 2744 611 2816 περιθάλπον
632 2750 982 2818 προσϐολαῖς.
1006 2759 1285 2827 μονονουχὶ
1307 2760 1409 2829 τῆς
1434 2764 1676 2831 ἐμφύτου
1704 2744 1863 2821 δυνά-

282 2853 423 2904 μεως
459 2841 865 2911 κατημεληκὸς,
897 2846 990 2897 καὶ
1041 2847 1287 2917 ῥᾴθυμον
1318 2853 1516 2924 κομιδῇ
1548 2860 1661 2919 τοῖς
1700 2859 1856 2926 φθεί-

290 2927 471 3018 ρεσθαι
518 2930 837 3003 δυναμένοις
891 2936 1158 3008 ὲνιζηκός.
1215 2940 1503 3014 Τοιγάρτοι
1563 2949 1763 3018 Μωσῆς
1829 2953 1857 3004 6

293 3017 564 3109 θεσπέσιος
604 3026 968 3097 κατατεθήπει
1008 3030 1108 3097 τὴν
1159 3032 1306 3101 ὄψιν.
1347 3037 1442 3099 Τίς
1473 3035 1567 3090 οὖν
1606 3043 1634 3092 6
1662 3017 1853 3109 λόγος;

292 3108 438 3178 [lupi
466 3111 560 3180 τὴν
590 3114 728 3169 θείαν
762 3120 1088 3186 παρεικάζει
1132 3122 1292 3192 φύσιν
1324 3125 1386 3178 τὸ
1427 3128 1571 3197 ἱερὸν
1596 3108 1852 3201 Γράμμα,

281 3201 375 3254 διά
417 3218 499 3256 τοι
526 3205 585 3257 τὸ
612 3208 901 3273 παναλκὲς,
940 3213 1035 3264 καὶ
1085 3214 1148 3266 τὸ
1190 3217 1387 3279 παντὸς
1425 3218 1680 3273 δύνασθαι
1726 3241 1853 3276 xar—

276 3290 467 3345 αθλεῖν
492 3296 756 3363 εὐκόλως,
797 3301 975 3365 ξύλοις
1020 3305 1115 3357 καὶ
1145 3306 1303 3370 πόαις
1335 3314 1457 3372 ταῖς
1486 3312 1543 3363 ὲν
1587 3313 1738 3382 ἀγρῷ
1764 3315 1857 3366 τὸν

275 3384 393 3440 ἀπὺ
414 3388 516 3458 γῆς
539 3390 843 3462 ἄνθρωπον.
874 3396 1162 3466 Τοιγάρτοι
1200 3407 1352 3470 φησι,
1386 3404 1516 3456 ποτὲ
1549 3406 1682 3474 μέν’
1728 3427 1745 3457 ι
1796 3408 1854 3461 Ὀ

271 3479 408 3541 Θεὸς
442 3481 601 3551 ἡμῶν
646 3483 759 3553 πῦρ
797 3489 1190 3543 καταναλίσκον
1230 3494 1399 3545 ἐστίν·
1445 3514 1462 3545 ι
1512 3498 1640 3548 ποτε
1669 3498 1722 3551 δὲ
1762 3497 1851 3552 αὖ·

276 3585 297 3615 ι
353 3568 675 3641 Ἀνθρωπος
722 3574 853 3627 ὡσεὶ
883 3578 1113 3647 χόρτος’
1162 3582 1217 3632 αἱ
1258 3584 1464 3654 ⁴ἡμέραι
1508 3588 1692 3651 αύτμῦ,
1725 3591 1853 3643 ὡσεὶ

272 3658 433 3725 ἄνθος
464 3663 558 3715 τοῦ
597 3665 790 3737 ἀγροῦ,
837 3667 1009 3732 οὕτως
1058 3671 1360 3744 έξανθήσει.
1394 3696 1412 3727 ι
1478 3680 1616 3733 Ἀλλ’
1666 3682 1852 3754 ὥσπερ

270 3752 425 3844 εστὶν
460 3754 524 3806 οὐ
551 3759 787 3844 φορητὸν
814 3761 1075 3826 ἀκάνθαις
1101 3766 1162 3816 τὸ
1185 3768 1316 3837 πῦρ,
1358 3768 1500 3823 οὕτω
1542 3776 1634 3826 καὶ
1662 3752 1851 3844 656m,-

268 3841 676 3934 ἀνθρωπότητὶ.
724 3849 867 3919 Πλὴν
901 3853 957 3903 έν
991 3855 1210 3925 Χριστῷ
1258 3860 1452 3931 συνέϐη
1501 3866 1594 3916 καὶ
1631 3841 1851 3934 γέγονεν

266 3931 481 4026 elati“
507 3937 814 4009 Κατῲκηκε
848 3942 957 4011 γάρ
984 3946 1040 3997 ὲν
1069 3946 1219 4016 αὐτῷ
1240 3950 1345 4001 πᾶν
1375 3951 1434 4003 τὸ
1461 3931 1731 4025 πλήρῳμα
1756 3959 1850 4026 τῆς

266 4022 528 4094 θεότητος
558 4031 907 4098 σωματικῶς,
945 4053 964 4083 ι
999 4035 1137 4090 καθά
1168 4039 1260 4090 καὶ
1309 4043 1337 4093 6
1374 4044 1533 4110 σοφὸς
1556 4022 1850 4115 μεμαρτύ-

268 4133 412 4186 ρηκε
453 4119 684 4183 Παῦλος.
709 4122 816 4174 Καὶ
850 4144 866 4175 ι
904 4126 931 4176 6
969 4126 1083 4193 φῶς
1107 4130 1268 4182 οἰκῶν
1292 4133 1605 4202 ἀπρόσιτον,
1646 4156 1662 4187 ι
1697 4156 1851 4191 τουτ-

263 4205 390 4260 έστι
418 4206 572 4272 Θεὸς,
600 4211 680 4280 τῷ
721 4213 785 4265 ἐκ
824 4217 1090 4285 παρθένου
1120 4220 1229 4290 ναῷ
1255 4224 1630 4293 κατηυλὶζετο,
1661 4229 1849 4293 καθεὶς

265 4297 464 4351 ἑαυτὸν
480 4302 559 4364 εἰς
575 4302 899 4371 ἀξιάγαστον
923 4309 1253 4380 ἡμερότητα,
1274 4316 1364 4366 καὶ
1383 4316 1544 4368 οἱονεὶ
1568 4324 1850 4389 περιστέλο

260 4389 378 4443 λων
411 4390 509 4462 τὴν
536 4392 775 4464 ἄκρατον
796 4397 896 4467 τῆς
929 4400 1065 4463 ἰδίας
1106 4404 1321 4469 φύσεως
1364 4410 1671 4482 προσϐολὴν
1693 4452 1707 4473 ,
1760 4416 1846 4468 ἵνα

1966 691 2129 761 232
2151 702 2208 747 et
2227 693 2373 747 Deus
2410 694 2581 757 Isaac,
2631 702 2688 748 et
2725 692 2873 747 Deus
2913 691 3102 748 Iacob.
3127 691 3340 747 Avertit
3364 699 3549 745 autem

1965 781 2178 853 Moyses
2199 783 2391 837 faciem
2426 799 2601 838 suam.
2643 783 2852 838 Timuit
2885 784 3035 837 enim
3084 782 3328 852 aspicere
3359 789 3549 835 contra

1966 874 2137 927 Deum
2164 874 2231 927 ⁷⁸.
2263 893 2281 925 ι
2314 873 2448 927 Nam
2509 874 2683 944 legem
2715 874 2936 943 quidem
2975 873 3127 928 dedit
3172 874 3227 926 in
3261 873 3547 933 auxilium.

1958 963 2111 1033 juxta
2136 963 2367 1017 verbum
2393 963 2674 1032 propheta:
2703 964 2747 994 "
2785 962 3247 1033 (praemonstravit
3295 961 3442 1015 enim
3467 960 3552 1014 di—

1966 1053 2093 1106 vino
2115 1054 2349 1107 consilio
2389 1053 2608 1122 Moysen
2637 1052 3009 1124 paedagogum)
3041 1072 3052 1105 :
3082 1060 3291 1107 tantum
3313 1066 3421 1105 non
3455 1067 3551 1104 au-

1965 1156 2073 1199 tem
2104 1145 2391 1200 constituit
2406 1146 2655 1200 umbram
2680 1146 2737 1199 in
2774 1146 2989 1215 signum
3016 1142 3430 1214 perfectiorum,
3452 1143 3551 1196 do-

1962 1250 2063 1289 nec
2088 1235 2307 1289 tandem
2338 1236 2541 1290 veritas
2570 1250 2670 1290 suo
2694 1244 2939 1305 tempore
2967 1241 3111 1289 esset
3128 1233 3360 1287 oritura.
3394 1233 3549 1287 Ideo-

1964 1340 2071 1395 que
2103 1325 2228 1380 ﬁnis
2266 1326 2570 1396 disciplina!
2601 1326 2848 1381 Mosaica:
2870 1325 2995 1390 fuit,
3036 1324 3355 1396 mysterium
3384 1324 3547 1378 Chri-

1963 1419 2055 1482 sti,
2088 1418 2236 1487 quod
2270 1432 2369 1488 per
2418 1418 2566 1474 hanc
2610 1420 2880 1473 visionem
2930 1417 3210 1487 eleganter
3253 1415 3546 1471 admodum

1961 1509 2326 1579 significatum
2352 1518 2456 1564 est.
2486 1510 2622 1565 Nam
2658 1510 2832 1564 rubus
2862 1519 2947 1564 est
2976 1509 3163 1578 planta
3191 1507 3452 1562 fruticosa
3492 1517 3548 1561 et

1962 1598 2309 1669 infrugifera,
2335 1614 2530 1670 parum
2562 1599 2825 1653 diﬂ‘erens
2847 1614 2877 1652 a
2905 1598 3095 1667 spinis.
3132 1596 3328 1667 Ingens
3362 1607 3546 1651 autem

1961 1690 2173 1745 ﬂamma
2194 1692 2244 1745 ei
2269 1690 2598 1746 circumfusa
2619 1700 2757 1744 erat.
2789 1690 3025 1743 Sanetus
3054 1690 3203 1743 enim
3227 1688 3452 1758 angelus
3493 1687 3547 1740 in

1960 1781 2141 1849 specie
2178 1780 2320 1850 ignis
2371 1781 2427 1834 id
2488 1778 2784 1850 praestabat
2834 1796 2846 1832 :
2885 1778 3101 1832 ﬂamma
3147 1785 3329 1831 autem
3381 1776 3549 1830 nimis

1963 1872 2018 1925 in
2053 1871 2221 1927 altum
2273 1872 2490 1926 sublata
2539 1879 2644 1933 est,
2698 1886 2879 1939 neque.
2910 1870 3050 1924 laesit
3082 1868 3282 1923 rubum
3337 1868 3393 1921 in
3422 1882 3548 1935 .quo

1963 1962 2233 2031 apparuit.
2276 1961 2555 2031 Stupenda
2594 1970 2745 2015 certe
2793 1976 2900 2025 res,
2928 1970 2984 2015 et
3020 1960 3289 2014 rationem
3325 1973 3544 2012 omnem

1962 2053 2259 2108 excedens!
2297 2054 2444 2123 Ignis
2474 2055 2643 2123 spina:
2671 2053 2925 2108 admotus
2956 2051 3327 2123 placidissima
3356 2066 3544 2105 acces-

1962 2145 2116 2199 sione
2156 2146 2328 2214 ipsam
2376 2145 2614 2209 l'ovebat,
2667 2156 2723 2200 et
2769 2145 3164 2215 propemodum
3212 2144 3388 2198 insita:
3432 2158 3546 2197 sua

1962 2237 2220 2305 potentia:
2242 2237 2467 2301 oblitus,
2486 2238 2661 2291 otiose
2685 2237 2754 2291 iis
2790 2252 2910 2305 quae
2932 2243 3146 2306 poterat
3166 2247 3541 2302 corrumpere,

1962 2326 2184 2381 insedit.
2210 2326 2479 2393 Quocirca
2499 2328 2709 2399 Moyses
2721 2328 3003 2399 obstupuit
3022 2329 3124 2382 hac
3136 2326 3365 2381 visione.
3385 2324 3546 2392 Qua:-

1961 2433 2086 2472 nam
2124 2419 2289 2489 igitur
2321 2420 2461 2474 ratio
2500 2421 2625 2474 est?
2667 2420 2847 2483 Sacrae
2876 2421 3172 2490 Scriptura:
3196 2417 3543 2473 consuetudo

1957 2516 2042 2562 est
2068 2508 2309 2563 divinam
2334 2518 2586 2564 naturam
2608 2510 2722 2581 igni
2747 2516 3087 2581 comparare,
3113 2508 3185 2563 ob
3207 2509 3540 2562 immensum

1961 2612 2120 2651 suum
2148 2598 2318 2653 robur
2344 2610 2400 2653 et
2429 2615 2679 2670 magnam
2713 2600 3034 2655 absumendi
3058 2601 3168 2654 vim
3205 2619 3216 2653 :
3243 2597 3407 2668 lignis
3442 2611 3548 2651 au-

1961 2698 2070 2744 tem
2102 2698 2159 2745 et
2176 2691 2364 2746 herbis
2390 2707 2511 2761 qua:
2538 2701 2668 2746 sunt
2696 2692 2750 2745 in
2784 2693 2949 2762 agris,
2987 2702 3265 2746 terrenum
3294 2688 3542 2758 aequipa-

1959 2791 2044 2836 rat
2091 2783 2389 2838 hominem.
2445 2784 2601 2840 Unde
2666 2783 2888 2852 quidem
2940 2783 3216 2838 interdum
3274 2781 3349 2834 ita
3412 2780 3543 2834 ait:

1966 2892 1983 2923 ι
2015 2873 2158 2928 Deus
2188 2882 2378 2928 noster
2413 2874 2554 2944 ignis
2593 2888 2923 2927 consumens
2955 2882 3040 2927 est
3076 2874 3151 2924 ἠε
3200 2890 3219 2921 ι
3262 2867 3541 2923 interdum

1956 2978 2088 3015 vero
2108 2962 2188 3015 sic
2222 2980 2235 3015 :
2265 2983 2282 3013 ι
2318 2963 2494 3017 Homo
2524 2971 2779 3031 tanquam
2818 2962 3023 3027 fenum,
3045 2969 3100 3016 et
3126 2961 3245 3015 dies
3271 2961 3392 3029 ejus
3419 2967 3544 3013 tan-

1957 3069 2119 3122 quam
2146 3053 2246 3108 ﬂos
2275 3052 2475 3121 campi,
2500 3052 2573 3106 ita
2596 3061 2807 3106 arescet
2840 3054 2937 3106 τ³.›
2974 3054 3167 3117 Porro,
3202 3053 3345 3107 sicut
3369 3050 3543 3121 spina:

1960 3147 2139 3215 ignem
2176 3146 2320 3199 ferre
2343 3154 2642 3213 nequeunt,
2677 3146 2751 3198 ita
2776 3160 2954 3213 nequc
2978 3145 3316 3199 divinitatem
3344 3145 3545 3199 huma-

1958 3240 2119 3293 nitas.
2172 3237 2444 3293 Czeterum
2495 3237 2553 3290 in
2604 3235 2824 3291 Christo
2875 3235 3015 3290 facta
3073 3244 3158 3290 est
3214 3235 3537 3290 tolerabilis.

1965 3349 1981 3379 ι
2013 3328 2147 3382 Nam
2183 3328 2238 3381 in
2278 3328 2399 3397 ipso
2444 3326 2713 3381 habitavit
2756 3327 2936 3381 omnis
2992 3326 3276 3396 plenitudo
3317 3328 3540 3383 deitatis

1956 3418 2316 3487 corporaliter
2349 3416 2416 3482 ⁷⁸,
2443 3437 2461 3469 ι
2493 3418 2637 3472 sicut
2667 3417 2884 3485 sapiens
2919 3424 3150 3470 testatus
3173 3427 3256 3471 est
3300 3417 3534 3471 Paulus:

1963 3527 1981 3558 ‹
2022 3509 2086 3563 Et
2114 3509 2293 3563 lucem
2322 3508 2636 3563 inhabitans
2664 3507 3097 3561 inaccessibilem
3123 3508 3204 3573 7’;
3244 3526 3262 3559 ι
3300 3508 3403 3562 hoc
3428 3516 3534 3573 est,

1954 3601 2098 3656 Deus
2140 3601 2196 3655 in
2251 3600 2455 3671 templo
2505 3599 2746 3669 Virginis
2790 3607 3033 3654 moratus
3078 3608 3181 3663 est,
3235 3598 3533 3655 demittons

1953 3694 2195 3762 seipsum
2220 3694 2275 3746 in
2297 3691 2671 3746 admirandam
2716 3689 3106 3754 humilitatem,
3139 3705 3202 3743 ac
3224 3691 3378 3758 quasi
3402 3706 3535 3743 con-

1955 3785 2176 3839 trahens
2200 3783 2458 3839 invictam
2493 3796 2607 3835 suae
2633 3790 2842 3835 naturae
2886 3780 3209 3849 potentiam,
3238 3787 3297 3831 ut
3336 3779 3454 3846 capi
3478 3787 3534 3831 ot

1952 3875 2125 3944 aptari
2156 3874 2315 3927 nobis
2335 3883 2541 3941 posset,
2570 3872 2714 3926 sicut
2740 3886 2926 3924 revera
2952 3870 3092 3937 ignis
3110 3882 3169 3920 se
3191 3867 3398 3934 aptavit
3419 3867 3534 3935 spi-

1951 3965 2058 4019 nis.
2085 3962 2243 4028 Quod
2273 3973 2455 4017 autem
2491 3962 2547 4015 id
2573 3961 2720 4030 quod
2770 3969 2960 4026 suapte
2992 3965 3188 4009 natura
3238 3966 3422 4025 aptum
3448 3968 3532 4011 est

1951 4054 2019 4108 ad
2044 4052 2536 4121 corrumpendum,
2566 4051 2672 4105 hoc
2714 4058 2798 4104 est
2846 4062 3085 4111 carnem,
3127 4046 3242 4115 ipse
3287 4047 3533 4103 eﬂ'ecerit

1950 4144 2323 4214 corruptionis
2370 4150 2671 4212 expertem,
2704 4148 2992 4208 morteque
3034 4137 3375 4207 superiorem
3403 4138 3528 4193 red-

1951 4237 2174 4300 diderit,
2199 4237 2539 4291 demonstrat
2556 4232 2727 4303 ﬁgura
2751 4232 2891 4302 ignis
2906 4231 2961 4284 in
2990 4230 3132 4284 rubo
3154 4230 3383 4285 illaesum
3405 4246 3527 4286 om-

1948 4331 2080 4384 nino
2110 4344 2335 4384 servans
2364 4328 2592 4398 lignum.
2617 4324 2774 4391 Quod
2812 4331 2994 4377 autem
3028 4336 3189 4376 suum
3213 4320 3523 4377 viviﬁcave-

1949 4423 2022 4475 rit
2042 4422 2324 4491 templum,
2354 4429 2410 4474 et
2436 4416 2854 4486 incorruptibile
2891 4413 3141 4469 eﬂ‘ecerit
3156 4413 3267 4467 vita
3296 4422 3523 4468 natura-

253 4481 494 4553 γένηται
510 4485 1031 4562 χώρητος,καθὰπερ
1047 4495 1236 4564 ἀμέλει
1265 4503 1357 4552 καὶ
1371 4503 1610 4568 ἀκάνθας
1630 4481 1693 4559 τὸ
1714 4508 1839 4578 πῦρ.

1956 4515 2078 4567 liter
2094 4514 2387 4573 exsistens,
2411 4511 2547 4564 illud
2574 4526 2639 4564 ex
2664 4508 2775 4562 Deo
2788 4506 3050 4569 Verbum,
3073 4504 3348 4573 quomodo
3368 4505 3521 4573 quis-

263 4576 396 4672 '91t
416 4576 594 4672 46616
621 4577 938 4650 φθείρεσθαι
964 4588 1225 4653 πεφυκὸς,
1250 4593 1512 4657 τουτέστι,
1541 4597 1637 4666 τὴν
1670 4576 1844 4668 σάρκα

1956 4605 2086 4657 aiam
2120 4602 2495 4657 dubitaverit?
2550 4601 2694 4670 Ignis
2737 4612 2868 4668 ergo
2923 4596 3170 4667 pepercit
3216 4595 3407 4665 spinas,
3468 4605 3523 4648 ct

258 4665 473 4738 φθορᾶς
498 4668 752 4723 ἀπετέλει
795 4674 1098 4741 κρείττονα,
1136 4678 1449 4744 διαδείξειεν
1479 4686 1543 4738 ἂν
1585 4665 1844 4759 αἰνιγμα-

256 4758 455 4823 τωδῶς
473 4761 535 4813 τὸ
557 4762 651 4814 ἐπὶ
673 4762 750 4832 τῷ
769 4763 917 4832 βάτῳ
944 4765 1054 4836 πῦρ
1068 4769 1432 4842 άδιαλὼϐητον
1455 4781 1730 4843 παντελῶς
1744 4758 1844 4851 ότη-

1942 4694 2155 4748 ﬂamma
2177 4694 2318 4749 facta
2341 4702 2425 4748 est
2458 4708 2625 4763 parvo
2656 4689 2984 4758 inﬁrmaque
3010 4688 3157 4758 ligno
3198 4685 3516 4743 tolerabilis.

1940 4786 2098 4857 263
2128 4786 2308 4855 Capax
2338 4785 2487 4839 enim
2533 4782 2776 4846 deitatis,
2815 4791 2876 4836 ut
2915 4783 3027 4851 jam
3068 4780 3201 4845 dixi,
3244 4779 3387 4834 facta
3438 4788 3520 4831 est

257 4850 444 4919 ρῆσαν
466 4851 529 4904 τὺ
551 4851 728 4916 ξύλον.
758 4854 882 4907 Ὅτι
908 4855 971 4925 δὴ
1002 4858 1090 4910 τὸν
1131 4860 1258 4913 ἴδιον
1293 4864 1544 4926 ὲζωποίει
1574 4871 1720 4934 ναὸν,
1749 4850 1842 4924 καὶ

1956 4850 2268 4932 immanitas.
2294 4878 2363 4931 Et
2396 4878 2499 4931 hoc
2522 4878 2726 4931 factum
2753 4884 2837 4930 est
2857 4850 3148 4929 iniChristo
3176 4870 3514 4940 mysterium.

250 4939 538 5010 ἄφθαρτον
564 4945 815 4999 ἀπετέλει
833 4950 926 5002 καὶ
954 4950 1184 5005 θανάτου
1210 4958 1515 5024 κρείττονα,
1553 4963 1664 5034 ζωὴ
1699 4967 1838 5019 κατά

252 5028 425 5095 φύσιν
442 5032 706 5104 ὑπάρχων
725 5039 752 5091 6
768 5038 833 5090 ἐκ
844 5039 977 5092 Θεοῦ
997 5042 1189 5110 Λόγος,
1210 5047 1327 5110 πῶς
1348 5049 1412 5103 ἂν
1429 5053 1719 5108 ἐνδοιάσειέ
1735 5075 1838 5122 τις;

268 5121 554 5189 Ἐφείδετο
621 5126 802 5181 τοίνυν
852 5133 952 5201 τῆς
1004 5135 1248 5205 ἀκάνθης
1303 5140 1363 5192 τὸ
1404 5143 1534 5212 πῦρ,
1568 5147 1659 5197 καὶ
1688 5151 1839 5217 οἱστὴ

245 5212 481 5280 γέγονεν
504 5218 537 5285 ἡ
572 5217 707 5282 φλὸξ
746 5223 964 5293 σμικρῷ
996 5226 1089 5277 καὶ
1122 5227 1499 5301 ἀσθενεστάτῳ
1528 5234 1689 5304 ξύλῳ.
1730 5240 1839 5290 Κε-

246 5302 483 5375 χώρηκε
526 5308 656 5379 γὰρ,
695 5309 770 5372 ὡς
823 5313 978 5383 ἔφην,
1034 5317 1225 5386 θεότης
1279 5302 1679 5394 ἀνθρωπότητι.
1734 5331 1841 5383 Καὶ

241 5394 418 5447 τοῦτο
457 5396 680 5464 γέγονεν
720 5400 779 5452 ὲν
811 5403 1031 5474 Χριστῷ
1064 5407 1122 5458 τὸ
1167 5413 1482 5481 μυστήριον.
1534 5419 1839 5489 Κατῲκηκε

235 5483 310 5537 δὲ
345 5487 446 5538 καὶ
472 5488 531 5539 ὲν
560 5490 695 5558 ἡμῖν
736 5491 766 5543 6
808 5492 899 5545 τοῦ
932 5494 1067 5549 Θεοῦ
1119 5497 1309 5566 Λόγος,
1341 5502 1403 5555 οὐ
1436 5506 1622 5571 ποινὰς
1652 5483 1836 5576 αἰτῶν,

1947 4969 2223 5024 Habitavit
2253 4968 2402 5024 enim
2426 4970 2482 5023 in
2503 4968 2664 5024 nobis
2684 4968 2779 5021 Dei
2800 4965 3062 5025 Verbum,
3081 4976 3191 5015 non
3216 4974 3403 5028 paenas
3419 4976 3516 5014 ex-

1947 5069 2157 5130 petens,
2191 5075 2294 5115 nec
2338 5061 2491 5114 litem
2532 5059 2692 5114 nobis
2735 5054 3050 5117 intendens,
3082 5050 3177 5104 sed
3215 5050 3519 5105 commodis

1945 5165 2007 5205 ac
2041 5152 2272 5220 placidis
2294 5150 2559 5220 aﬂ‘ulgens
2587 5145 3012 5203 accessionibus.
3047 5141 3201 5197 Sicut
3231 5141 3375 5195 enim
3403 5141 3516 5210 ipse

1944 5241 2073 5295 alibi
2102 5242 2198 5306 ait,
2243 5260 2261 5291 ι
2301 5241 2417 5295 Non
2449 5239 2598 5295 misit
2626 5239 2771 5291 Deus
2815 5234 3014 5287 Filium
3048 5247 3212 5286 suum
3252 5231 3307 5284 in
3352 5246 3513 5283 mun-

1945 5335 2095 5396 dum,
2136 5340 2195 5385 ut
2243 5332 2516 5400 judicaret
2567 5327 2853 5387 mundum,
2898 5324 2991 5377 sed
3028 5330 3087 5376 ut
3134 5321 3318 5375 salvus
3361 5320 3513 5376 ﬁeret

1946 5421 2601 5491 mundusperipsum".i
2631 5418 2749 5471 Non
2774 5414 2943 5483 igitur
2961 5411 3389 5467 comburebatur
3421 5428 3516 5464 ιιι·-

1945 5515 2048 5569 bus
2082 5514 2150 5569 ab
2181 5511 2530 5566 incumbente
2556 5507 2656 5576 ipsi
2693 5505 2927 5558 ﬂamma.
2959 5502 3145 5571 Neque
3181 5502 3327 5557 enim
3349 5517 3513 5571 expe-

329 5699 629 5789 l‘mgiod.“
652 5703 936 5789 nihl-6.“
958 5705 1003 5789 τί
1042 5704 1214 5761 Galat.
1246 5726 1326 5789 ιιιὲ
1354 5712 1440 5768 24.
1519 5717 1561 5749 ⁷³
1591 5719 1748 5773 Deut.
1784 5736 1853 5774 xu

1956 5723 2018 5789 4,
2049 5722 2213 5776 Hebr.
2264 5738 2357 5788 xu,
2388 5721 2474 5777 29.
2554 5721 2599 5751 ⁷³
2640 5720 2777 5776 Psal.
2816 5735 2904 5784 cn,
2960 5717 3039 5770 Η.
3114 5715 3299 5770 “Col.
3348 5731 3409 5783 ιι,
3455 5712 3491 5772 9

246 5757 305 5790 "
333 5768 356 5831 ι
384 5769 531 5831 Tim.
556 5757 653 5837 τι,
692 5757 777 5827 16.
836 5757 938 5805 ’π
976 5757 1343 5853 :...’.I".‘.‘.,'i'7'.
