  <div class='ocr_page' id='page_1' title='image "/cluster/home/n/w/nwhite01/storage/ocr_20150623/69/mdp.39015078384446/215.png"; bbox 0 0 4066 6282; ppageno 0'>
   <div class='ocr_carea' id='block_1_1' title="bbox 526 346 2132 409">
    <p class='ocr_par' dir='ltr' id='par_1_1' title="bbox 526 346 2132 403">
     <span class='ocr_line' id='line_1_1' title="bbox 526 346 2132 403; baseline -0.002 0"><span class='ocrx_word' id='word_1_1' title='bbox 526 347 632 403; x_wconf 57' lang='grc' dir='ltr'><strong>ιιι</strong></span> <span class='ocrx_word' id='word_1_2' title='bbox 1518 346 1581 401; x_wconf 68' lang='grc' dir='ltr'>δε</span> <span class='ocrx_word' id='word_1_3' title='bbox 1616 346 1891 402; x_wconf 65' lang='grc' dir='ltr'>αγιιιιιι</span> <span class='ocrx_word' id='word_1_4' title='bbox 1931 347 2132 402; x_wconf 62' lang='lat' dir='ltr'><strong>ALEX-</strong></span> 
     </span>
    </p>
   </div>
   <div class='ocr_carea' id='block_1_2' title="bbox 2182 346 3788 409">
    <p class='ocr_par' dir='ltr' id='par_1_2' title="bbox 2182 348 3788 409">
     <span class='ocr_line' id='line_1_2' title="bbox 2182 348 3788 409; baseline 0.005 -8"><span class='ocrx_word' id='word_1_5' title='bbox 2182 348 2400 402; x_wconf 57' lang='lat' dir='ltr'><strong>NDBINI</strong></span> <span class='ocrx_word' id='word_1_6' title='bbox 2441 348 2756 404; x_wconf 67' lang='grc' dir='ltr'>Αιιιῖι-ιιει).</span> <span class='ocrx_word' id='word_1_7' title='bbox 3679 355 3788 409; x_wconf 66' lang='lat' dir='ltr'><strong>HG</strong></span> 
     </span>
    </p>
   </div>
   <div class='ocr_carea' id='block_1_3' title="bbox 523 464 2129 541">
    <p class='ocr_par' dir='ltr' id='par_1_3' title="bbox 523 464 2107 536">
     <span class='ocr_line' id='line_1_3' title="bbox 523 464 2107 536; baseline -0.001 -15"><span class='ocrx_word' id='word_1_8' title='bbox 523 476 738 531; x_wconf 83' lang='lat' dir='ltr'><strong>tuntur,</strong></span> <span class='ocrx_word' id='word_1_9' title='bbox 765 474 821 523; x_wconf 87' lang='lat' dir='ltr'><strong>ut</strong></span> <span class='ocrx_word' id='word_1_10' title='bbox 846 466 1007 521; x_wconf 86' lang='lat' dir='ltr'><strong>modo</strong></span> <span class='ocrx_word' id='word_1_11' title='bbox 1026 464 1161 527; x_wconf 77' lang='lat' dir='ltr'><strong>dixi,</strong></span> <span class='ocrx_word' id='word_1_12' title='bbox 1201 474 1373 533; x_wconf 69' lang='lat' dir='ltr'><strong>paena:</strong></span> <span class='ocrx_word' id='word_1_13' title='bbox 1414 476 1782 535; x_wconf 68' lang='lat' dir='ltr'><strong>peccatorum,</strong></span> <span class='ocrx_word' id='word_1_14' title='bbox 1806 466 1900 522; x_wconf 86' lang='lat' dir='ltr'><strong>sed</strong></span> <span class='ocrx_word' id='word_1_15' title='bbox 1924 467 2107 536; x_wconf 88' lang='lat' dir='ltr'><strong>potius</strong></span> 
     </span>
    </p>
   </div>
   <div class='ocr_carea' id='block_1_4' title="bbox 2184 464 3790 541">
    <p class='ocr_par' dir='ltr' id='par_1_4' title="bbox 2207 466 3790 541">
     <span class='ocr_line' id='line_1_4' title="bbox 2207 466 3790 541; baseline 0.003 -22"><span class='ocrx_word' id='word_1_16' title='bbox 2207 467 2267 519; x_wconf 80' lang='grc' dir='ltr'><strong>οὐ</strong></span> <span class='ocrx_word' id='word_1_17' title='bbox 2297 466 2452 528; x_wconf 83' lang='grc' dir='ltr'>δίκας</span> <span class='ocrx_word' id='word_1_18' title='bbox 2473 468 2951 536; x_wconf 73' lang='grc' dir='ltr'>εἰσπραττόμενος,</span> <span class='ocrx_word' id='word_1_19' title='bbox 2991 467 3128 519; x_wconf 71' lang='grc' dir='ltr'>ἀλλὰ</span> <span class='ocrx_word' id='word_1_20' title='bbox 3164 470 3430 538; x_wconf 75' lang='grc' dir='ltr'>χρησταῖς</span> <span class='ocrx_word' id='word_1_21' title='bbox 3451 469 3546 521; x_wconf 71' lang='grc' dir='ltr'><strong>καὶ</strong></span> <span class='ocrx_word' id='word_1_22' title='bbox 3585 472 3790 541; x_wconf 69' lang='grc' dir='ltr'>ἡμεροο</span> 
     </span>
    </p>
   </div>
   <div class='ocr_carea' id='block_1_5' title="bbox 524 555 2130 628">
    <p class='ocr_par' dir='ltr' id='par_1_5' title="bbox 524 556 2104 628">
     <span class='ocr_line' id='line_1_5' title="bbox 524 556 2104 628; baseline 0.001 -16"><span class='ocrx_word' id='word_1_23' title='bbox 524 559 776 613; x_wconf 84' lang='lat' dir='ltr'><strong>Christus</strong></span> <span class='ocrx_word' id='word_1_24' title='bbox 806 572 904 625; x_wconf 90' lang='lat' dir='ltr'><strong>per</strong></span> <span class='ocrx_word' id='word_1_25' title='bbox 942 556 1207 624; x_wconf 80' lang='lat' dir='ltr'><strong>Spiritum</strong></span> <span class='ocrx_word' id='word_1_26' title='bbox 1238 566 1482 613; x_wconf 88' lang='lat' dir='ltr'><strong>sanctum</strong></span> <span class='ocrx_word' id='word_1_27' title='bbox 1510 573 1610 613; x_wconf 88' lang='lat' dir='ltr'><strong>nos</strong></span> <span class='ocrx_word' id='word_1_28' title='bbox 1630 558 1919 622; x_wconf 74' lang='lat' dir='ltr'><strong>illuminat,</strong></span> <span class='ocrx_word' id='word_1_29' title='bbox 1942 568 2104 628; x_wconf 87' lang='lat' dir='ltr'><strong>atque</strong></span> 
     </span>
    </p>
   </div>
   <div class='ocr_carea' id='block_1_6' title="bbox 2185 555 3791 628">
    <p class='ocr_par' dir='ltr' id='par_1_6' title="bbox 2206 555 3791 626">
     <span class='ocr_line' id='line_1_6' title="bbox 2206 555 3791 626; baseline 0.001 -19"><span class='ocrx_word' id='word_1_30' title='bbox 2206 558 2397 618; x_wconf 85' lang='grc' dir='ltr'>τάταις</span> <span class='ocrx_word' id='word_1_31' title='bbox 2443 555 2900 626; x_wconf 80' lang='grc' dir='ltr'>περιαστράπτων</span> <span class='ocrx_word' id='word_1_32' title='bbox 2950 556 3302 626; x_wconf 77' lang='grc' dir='ltr'>προσϐολαῖς.</span> <span class='ocrx_word' id='word_1_33' title='bbox 3343 556 3430 618; x_wconf 84' lang='lat'><strong>&#39;0;</strong></span> <span class='ocrx_word' id='word_1_34' title='bbox 3474 556 3585 625; x_wconf 85' lang='grc' dir='ltr'>γὰρ</span> <span class='ocrx_word' id='word_1_35' title='bbox 3627 556 3791 621; x_wconf 77' lang='grc' dir='ltr'>αὑτός</span> 
     </span>
    </p>
   </div>
   <div class='ocr_carea' id='block_1_7' title="bbox 526 646 2132 718">
    <p class='ocr_par' dir='ltr' id='par_1_7' title="bbox 526 647 2103 718">
     <span class='ocr_line' id='line_1_7' title="bbox 526 647 2103 718; baseline 0.002 -18"><span class='ocrx_word' id='word_1_36' title='bbox 526 650 664 703; x_wconf 82' lang='lat' dir='ltr'><strong>adeo</strong></span> <span class='ocrx_word' id='word_1_37' title='bbox 689 655 770 702; x_wconf 87' lang='lat' dir='ltr'><strong>est</strong></span> <span class='ocrx_word' id='word_1_38' title='bbox 799 647 855 700; x_wconf 89' lang='lat' dir='ltr'><strong>in</strong></span> <span class='ocrx_word' id='word_1_39' title='bbox 892 647 1052 702; x_wconf 86' lang='lat' dir='ltr'><strong>nobis</strong></span> <span class='ocrx_word' id='word_1_40' title='bbox 1078 664 1177 717; x_wconf 78' lang='lat' dir='ltr'><strong>per</strong></span> <span class='ocrx_word' id='word_1_41' title='bbox 1208 648 1409 717; x_wconf 88' lang='lat' dir='ltr'><strong>ipsum,</strong></span> <span class='ocrx_word' id='word_1_42' title='bbox 1436 649 1490 702; x_wconf 90' lang='lat' dir='ltr'><strong>in</strong></span> <span class='ocrx_word' id='word_1_43' title='bbox 1521 665 1630 718; x_wconf 90' lang='lat' dir='ltr'><strong>quo</strong></span> <span class='ocrx_word' id='word_1_44' title='bbox 1654 649 1817 703; x_wconf 87' lang='lat' dir='ltr'><strong>etiam</strong></span> <span class='ocrx_word' id='word_1_45' title='bbox 1840 649 2103 704; x_wconf 87' lang='lat' dir='ltr'><strong>clamabi-</strong></span> 
     </span>
    </p>
   </div>
   <div class='ocr_carea' id='block_1_8' title="bbox 2186 646 3792 718">
    <p class='ocr_par' dir='ltr' id='par_1_8' title="bbox 2211 646 3792 717">
     <span class='ocr_line' id='line_1_8' title="bbox 2211 646 3792 717; baseline 0.001 -18"><span class='ocrx_word' id='word_1_46' title='bbox 2211 647 2313 699; x_wconf 82' lang='grc' dir='ltr'><strong>πού</strong></span> <span class='ocrx_word' id='word_1_47' title='bbox 2347 664 2533 717; x_wconf 86' lang='grc' dir='ltr'>φησιν,</span> <span class='ocrx_word' id='word_1_48' title='bbox 2570 666 2588 698; x_wconf 81' lang='grc' dir='ltr'><strong>ι</strong></span> <span class='ocrx_word' id='word_1_49' title='bbox 2613 648 2727 701; x_wconf 79' lang='grc' dir='ltr'>Οὐκ</span> <span class='ocrx_word' id='word_1_50' title='bbox 2768 647 3083 701; x_wconf 67' lang='grc' dir='ltr'>ἀπέστειλεν</span> <span class='ocrx_word' id='word_1_51' title='bbox 3115 649 3142 701; x_wconf 94' lang='lat'><strong>6</strong></span> <span class='ocrx_word' id='word_1_52' title='bbox 3174 646 3309 709; x_wconf 73' lang='grc' dir='ltr'>Θεὸς</span> <span class='ocrx_word' id='word_1_53' title='bbox 3340 646 3432 699; x_wconf 78' lang='grc' dir='ltr'>τὸν</span> <span class='ocrx_word' id='word_1_54' title='bbox 3453 646 3579 700; x_wconf 82' lang='grc' dir='ltr'><strong>Υἱὸν</strong></span> <span class='ocrx_word' id='word_1_55' title='bbox 3602 648 3681 711; x_wconf 84' lang='grc' dir='ltr'><strong>είς</strong></span> <span class='ocrx_word' id='word_1_56' title='bbox 3698 648 3792 701; x_wconf 77' lang='grc' dir='ltr'><strong>τὸν</strong></span> 
     </span>
    </p>
   </div>
   <div class='ocr_carea' id='block_1_9' title="bbox 526 736 2132 810">
    <p class='ocr_par' dir='ltr' id='par_1_9' title="bbox 526 737 2102 810">
     <span class='ocr_line' id='line_1_9' title="bbox 526 737 2102 810; baseline 0.003 -20"><span class='ocrx_word' id='word_1_57' title='bbox 526 755 683 792; x_wconf 84' lang='lat' dir='ltr'><strong>mus:</strong></span> <span class='ocrx_word' id='word_1_58' title='bbox 723 756 740 788; x_wconf 79' lang='grc' dir='ltr'><strong>ι</strong></span> <span class='ocrx_word' id='word_1_59' title='bbox 775 737 928 793; x_wconf 83' lang='lat' dir='ltr'><strong>Abba</strong></span> <span class='ocrx_word' id='word_1_60' title='bbox 962 739 1120 792; x_wconf 83' lang='lat' dir='ltr'><strong>Pater</strong></span> <span class='ocrx_word' id='word_1_61' title='bbox 1163 740 1228 791; x_wconf 76' lang='grc'><strong>⁷⁷.</strong></span> <span class='ocrx_word' id='word_1_62' title='bbox 1254 759 1272 790; x_wconf 84' lang='grc'><strong>›</strong></span> <span class='ocrx_word' id='word_1_63' title='bbox 1309 739 1508 793; x_wconf 90' lang='lat' dir='ltr'><strong>Beatus</strong></span> <span class='ocrx_word' id='word_1_64' title='bbox 1542 748 1723 794; x_wconf 88' lang='lat' dir='ltr'><strong>autem</strong></span> <span class='ocrx_word' id='word_1_65' title='bbox 1759 740 1969 810; x_wconf 79' lang='lat' dir='ltr'><strong>Moyses</strong></span> <span class='ocrx_word' id='word_1_66' title='bbox 2000 740 2102 794; x_wconf 87' lang='lat' dir='ltr'><strong>ob-</strong></span> 
     </span>
    </p>
   </div>
   <div class='ocr_carea' id='block_1_10' title="bbox 2185 736 3791 810">
    <p class='ocr_par' dir='ltr' id='par_1_10' title="bbox 2202 736 3791 809">
     <span class='ocr_line' id='line_1_10' title="bbox 2202 736 3791 809; baseline 0.002 -21"><span class='ocrx_word' id='word_1_67' title='bbox 2202 736 2426 806; x_wconf 76' lang='grc' dir='ltr'>κόσμον,</span> <span class='ocrx_word' id='word_1_68' title='bbox 2464 737 2551 790; x_wconf 75' lang='grc' dir='ltr'><strong>ἴνα</strong></span> <span class='ocrx_word' id='word_1_69' title='bbox 2589 736 2748 809; x_wconf 80' lang='grc' dir='ltr'>κρίνῃ</span> <span class='ocrx_word' id='word_1_70' title='bbox 2782 736 2876 789; x_wconf 81' lang='grc' dir='ltr'>τὸν</span> <span class='ocrx_word' id='word_1_71' title='bbox 2909 738 3134 807; x_wconf 82' lang='grc' dir='ltr'><strong>κόσμον,</strong></span> <span class='ocrx_word' id='word_1_72' title='bbox 3170 736 3285 789; x_wconf 85' lang='grc' dir='ltr'><strong>ἀλλ’</strong></span> <span class='ocrx_word' id='word_1_73' title='bbox 3314 737 3402 790; x_wconf 87' lang='grc' dir='ltr'>’ίνα</span> <span class='ocrx_word' id='word_1_74' title='bbox 3448 736 3597 807; x_wconf 80' lang='grc' dir='ltr'>σωθῇ</span> <span class='ocrx_word' id='word_1_75' title='bbox 3627 740 3655 791; x_wconf 93' lang='lat'><strong>6</strong></span> <span class='ocrx_word' id='word_1_76' title='bbox 3695 739 3791 791; x_wconf 85' lang='grc' dir='ltr'><strong>κό-</strong></span> 
     </span>
    </p>
   </div>
   <div class='ocr_carea' id='block_1_11' title="bbox 524 826 2130 899">
    <p class='ocr_par' dir='ltr' id='par_1_11' title="bbox 524 829 2098 899">
     <span class='ocr_line' id='line_1_11' title="bbox 524 829 2098 899; baseline -0.001 -15"><span class='ocrx_word' id='word_1_77' title='bbox 524 829 860 899; x_wconf 78' lang='lat' dir='ltr'><strong>stupefactus</strong></span> <span class='ocrx_word' id='word_1_78' title='bbox 895 830 964 884; x_wconf 91' lang='lat' dir='ltr'><strong>de</strong></span> <span class='ocrx_word' id='word_1_79' title='bbox 1020 830 1253 895; x_wconf 77' lang='lat' dir='ltr'><strong>visione,</strong></span> <span class='ocrx_word' id='word_1_80' title='bbox 1310 830 1547 886; x_wconf 88' lang='lat' dir='ltr'><strong>addebat</strong></span> <span class='ocrx_word' id='word_1_81' title='bbox 1602 830 1756 897; x_wconf 88' lang='lat' dir='ltr'><strong>illud,</strong></span> <span class='ocrx_word' id='word_1_82' title='bbox 1812 832 2098 886; x_wconf 84' lang='lat' dir='ltr'><strong>dicendo:</strong></span> 
     </span>
    </p>
   </div>
   <div class='ocr_carea' id='block_1_12' title="bbox 2189 826 3795 899">
    <p class='ocr_par' dir='ltr' id='par_1_12' title="bbox 2204 826 3795 897">
     <span class='ocr_line' id='line_1_12' title="bbox 2204 826 3795 897; baseline 0.002 -18"><span class='ocrx_word' id='word_1_83' title='bbox 2204 844 2338 896; x_wconf 84' lang='grc' dir='ltr'>σμος</span> <span class='ocrx_word' id='word_1_84' title='bbox 2365 827 2432 880; x_wconf 82' lang='grc' dir='ltr'>δι’</span> <span class='ocrx_word' id='word_1_85' title='bbox 2454 826 2640 881; x_wconf 81' lang='grc' dir='ltr'>αὐτοῦ.</span> <span class='ocrx_word' id='word_1_86' title='bbox 2668 848 2688 879; x_wconf 70' lang='grc' dir='ltr'><strong>ι</strong></span> <span class='ocrx_word' id='word_1_87' title='bbox 2731 829 2807 881; x_wconf 85' lang='grc' dir='ltr'>Ού</span> <span class='ocrx_word' id='word_1_88' title='bbox 2843 828 3167 882; x_wconf 76' lang='grc' dir='ltr'><strong>κατεκαίετο</strong></span> <span class='ocrx_word' id='word_1_89' title='bbox 3206 828 3387 881; x_wconf 80' lang='grc' dir='ltr'>τοίνυν</span> <span class='ocrx_word' id='word_1_90' title='bbox 3431 829 3460 881; x_wconf 92' lang='lat'><strong>6</strong></span> <span class='ocrx_word' id='word_1_91' title='bbox 3506 827 3668 897; x_wconf 79' lang='grc' dir='ltr'>βάτος</span> <span class='ocrx_word' id='word_1_92' title='bbox 3691 845 3795 882; x_wconf 71' lang='grc' dir='ltr'>πσ-</span> 
     </span>
    </p>
   </div>
   <div class='ocr_carea' id='block_1_13' title="bbox 532 918 2138 993">
    <p class='ocr_par' dir='ltr' id='par_1_13' title="bbox 532 921 2101 993">
     <span class='ocr_line' id='line_1_13' title="bbox 532 921 2101 993; baseline 0.004 -21"><span class='ocrx_word' id='word_1_93' title='bbox 532 942 548 972; x_wconf 80' lang='grc' dir='ltr'><strong>ι</strong></span> <span class='ocrx_word' id='word_1_94' title='bbox 589 922 866 976; x_wconf 75' lang='lat' dir='ltr'><strong>Accedens</strong></span> <span class='ocrx_word' id='word_1_95' title='bbox 899 921 1097 976; x_wconf 79' lang='lat' dir='ltr'><strong>videbo</strong></span> <span class='ocrx_word' id='word_1_96' title='bbox 1123 922 1386 976; x_wconf 79' lang='lat' dir='ltr'><strong>visionem</strong></span> <span class='ocrx_word' id='word_1_97' title='bbox 1436 922 1579 978; x_wconf 83' lang='lat' dir='ltr'><strong>hanc</strong></span> <span class='ocrx_word' id='word_1_98' title='bbox 1613 939 1883 993; x_wconf 81' lang='lat' dir='ltr'><strong>magnam,</strong></span> <span class='ocrx_word' id='word_1_99' title='bbox 1928 938 2101 992; x_wconf 89' lang='lat' dir='ltr'><strong>quare</strong></span> 
     </span>
    </p>
   </div>
   <div class='ocr_carea' id='block_1_14' title="bbox 2185 918 3791 993">
    <p class='ocr_par' dir='ltr' id='par_1_14' title="bbox 2206 918 3791 990">
     <span class='ocr_line' id='line_1_14' title="bbox 2206 918 3791 990; baseline 0.001 -20"><span class='ocrx_word' id='word_1_100' title='bbox 2206 919 2525 989; x_wconf 83' lang='grc' dir='ltr'>ριεχομὲνης</span> <span class='ocrx_word' id='word_1_101' title='bbox 2552 919 2702 990; x_wconf 80' lang='grc' dir='ltr'>αὐτῷ</span> <span class='ocrx_word' id='word_1_102' title='bbox 2734 920 2831 989; x_wconf 80' lang='grc' dir='ltr'>τῆς</span> <span class='ocrx_word' id='word_1_103' title='bbox 2858 919 3073 989; x_wconf 81' lang='grc' dir='ltr'>φλογός.</span> <span class='ocrx_word' id='word_1_104' title='bbox 3109 920 3187 972; x_wconf 86' lang='grc' dir='ltr'><strong>Οὐ</strong></span> <span class='ocrx_word' id='word_1_105' title='bbox 3215 918 3325 990; x_wconf 87' lang='grc' dir='ltr'><strong>γὰρ</strong></span> <span class='ocrx_word' id='word_1_106' title='bbox 3371 918 3680 990; x_wconf 80' lang='grc' dir='ltr'>ἐξῃτήμεθα</span> <span class='ocrx_word' id='word_1_107' title='bbox 3706 920 3791 972; x_wconf 82' lang='grc' dir='ltr'><strong>δί-</strong></span> 
     </span>
    </p>
   </div>
   <div class='ocr_carea' id='block_1_15' title="bbox 525 1009 2131 1082">
    <p class='ocr_par' dir='ltr' id='par_1_15' title="bbox 525 1012 2105 1069">
     <span class='ocr_line' id='line_1_15' title="bbox 525 1012 2105 1069; baseline 0.003 -5"><span class='ocrx_word' id='word_1_108' title='bbox 525 1029 632 1066; x_wconf 78' lang='grc' dir='ltr'>ιιιιιι</span> <span class='ocrx_word' id='word_1_109' title='bbox 671 1012 1024 1067; x_wconf 82' lang='lat' dir='ltr'><strong>comburatur</strong></span> <span class='ocrx_word' id='word_1_110' title='bbox 1052 1014 1223 1067; x_wconf 88' lang='lat' dir='ltr'><strong>rubus</strong></span> <span class='ocrx_word' id='word_1_111' title='bbox 1261 1012 1327 1066; x_wconf 73' lang='grc'><strong>⁷⁸.</strong></span> <span class='ocrx_word' id='word_1_112' title='bbox 1371 1033 1390 1064; x_wconf 71' lang='grc' dir='ltr'><strong>ι</strong></span> <span class='ocrx_word' id='word_1_113' title='bbox 1428 1014 1497 1067; x_wconf 88' lang='lat' dir='ltr'><strong>At</strong></span> <span class='ocrx_word' id='word_1_114' title='bbox 1517 1016 1781 1069; x_wconf 86' lang='lat' dir='ltr'><strong>continuo</strong></span> <span class='ocrx_word' id='word_1_115' title='bbox 1817 1023 1964 1068; x_wconf 88' lang='lat' dir='ltr'><strong>vetat</strong></span> <span class='ocrx_word' id='word_1_116' title='bbox 1981 1031 2105 1069; x_wconf 89' lang='lat' dir='ltr'><strong>san-</strong></span> 
     </span>
    </p>
   </div>
   <div class='ocr_carea' id='block_1_16' title="bbox 2187 1009 3793 1082">
    <p class='ocr_par' dir='ltr' id='par_1_16' title="bbox 2201 1009 3793 1082">
     <span class='ocr_line' id='line_1_16' title="bbox 2201 1009 3793 1082; baseline -0.001 -19"><span class='ocrx_word' id='word_1_117' title='bbox 2201 1027 2303 1073; x_wconf 87' lang='grc' dir='ltr'><strong>κας</strong></span> <span class='ocrx_word' id='word_1_118' title='bbox 2328 1010 2435 1063; x_wconf 89' lang='grc' dir='ltr'><strong>τῶν</strong></span> <span class='ocrx_word' id='word_1_119' title='bbox 2465 1011 2890 1082; x_wconf 79' lang='grc' dir='ltr'>ἡμαρτημένων,</span> <span class='ocrx_word' id='word_1_120' title='bbox 2921 1010 3175 1079; x_wconf 83' lang='grc' dir='ltr'>καθάπερ</span> <span class='ocrx_word' id='word_1_121' title='bbox 3200 1010 3338 1081; x_wconf 78' lang='grc' dir='ltr'>ἔφην</span> <span class='ocrx_word' id='word_1_122' title='bbox 3365 1009 3569 1078; x_wconf 82' lang='grc' dir='ltr'><strong>ἀρτίως</strong></span> <span class='ocrx_word' id='word_1_123' title='bbox 3588 1026 3602 1039; x_wconf 89' lang='grc'><strong>·</strong></span> <span class='ocrx_word' id='word_1_124' title='bbox 3634 1026 3793 1079; x_wconf 82' lang='grc' dir='ltr'>περι-</span> 
     </span>
    </p>
   </div>
   <div class='ocr_carea' id='block_1_17' title="bbox 524 1099 2130 1172">
    <p class='ocr_par' dir='ltr' id='par_1_17' title="bbox 524 1103 2101 1172">
     <span class='ocr_line' id='line_1_17' title="bbox 524 1103 2101 1172; baseline 0.001 -15"><span class='ocrx_word' id='word_1_125' title='bbox 524 1114 644 1157; x_wconf 84' lang='lat' dir='ltr'><strong>ctus</strong></span> <span class='ocrx_word' id='word_1_126' title='bbox 668 1104 910 1171; x_wconf 82' lang='lat' dir='ltr'><strong>angelus,</strong></span> <span class='ocrx_word' id='word_1_127' title='bbox 941 1104 1173 1172; x_wconf 85' lang='lat' dir='ltr'><strong>loquens</strong></span> <span class='ocrx_word' id='word_1_128' title='bbox 1223 1103 1395 1158; x_wconf 88' lang='lat' dir='ltr'><strong>veluti</strong></span> <span class='ocrx_word' id='word_1_129' title='bbox 1427 1120 1493 1156; x_wconf 82' lang='lat' dir='ltr'><strong>ex</strong></span> <span class='ocrx_word' id='word_1_130' title='bbox 1531 1104 1627 1157; x_wconf 90' lang='lat' dir='ltr'><strong>Dei</strong></span> <span class='ocrx_word' id='word_1_131' title='bbox 1662 1119 1891 1172; x_wconf 87' lang='lat' dir='ltr'><strong>persona</strong></span> <span class='ocrx_word' id='word_1_132' title='bbox 1919 1122 1931 1155; x_wconf 91' lang='lat'>:</span> <span class='ocrx_word' id='word_1_133' title='bbox 1974 1123 1989 1153; x_wconf 85' lang='grc' dir='ltr'><strong>ι</strong></span> <span class='ocrx_word' id='word_1_134' title='bbox 2022 1105 2101 1158; x_wconf 83' lang='grc' dir='ltr'><strong>Νο</strong></span> 
     </span>
    </p>
   </div>
   <div class='ocr_carea' id='block_1_18' title="bbox 2184 1099 3790 1172">
    <p class='ocr_par' dir='ltr' id='par_1_18' title="bbox 2203 1099 3790 1172">
     <span class='ocr_line' id='line_1_18' title="bbox 2203 1099 3790 1172; baseline 0.001 -20"><span class='ocrx_word' id='word_1_135' title='bbox 2203 1099 2411 1170; x_wconf 79' lang='grc' dir='ltr'>λάμπει</span> <span class='ocrx_word' id='word_1_136' title='bbox 2466 1101 2522 1154; x_wconf 78' lang='grc' dir='ltr'><strong>δὲ</strong></span> <span class='ocrx_word' id='word_1_137' title='bbox 2577 1101 2776 1171; x_wconf 76' lang='grc' dir='ltr'>μᾶλλον</span> <span class='ocrx_word' id='word_1_138' title='bbox 2833 1102 2981 1172; x_wconf 78' lang='grc' dir='ltr'>ἡμᾶς</span> <span class='ocrx_word' id='word_1_139' title='bbox 3012 1102 3040 1152; x_wconf 97' lang='lat'><strong>6</strong></span> <span class='ocrx_word' id='word_1_140' title='bbox 3068 1100 3304 1172; x_wconf 81' lang='grc' dir='ltr'>Χριστὸς</span> <span class='ocrx_word' id='word_1_141' title='bbox 3350 1099 3438 1153; x_wconf 79' lang='grc' dir='ltr'>διὰ</span> <span class='ocrx_word' id='word_1_142' title='bbox 3488 1100 3584 1152; x_wconf 83' lang='grc' dir='ltr'><strong>τοῦ</strong></span> <span class='ocrx_word' id='word_1_143' title='bbox 3628 1102 3790 1169; x_wconf 79' lang='grc' dir='ltr'>ἁγίου</span> 
     </span>
    </p>
   </div>
   <div class='ocr_carea' id='block_1_19' title="bbox 524 1191 2130 1263">
    <p class='ocr_par' dir='ltr' id='par_1_19' title="bbox 524 1194 2110 1263">
     <span class='ocr_line' id='line_1_19' title="bbox 524 1194 2110 1263; baseline 0.002 -17"><span class='ocrx_word' id='word_1_144' title='bbox 524 1195 900 1263; x_wconf 79' lang='lat' dir='ltr'><strong>appropinqua</strong></span> <span class='ocrx_word' id='word_1_145' title='bbox 945 1194 1091 1249; x_wconf 90' lang='lat' dir='ltr'><strong>huc:</strong></span> <span class='ocrx_word' id='word_1_146' title='bbox 1120 1195 1267 1250; x_wconf 87' lang='lat' dir='ltr'><strong>solve</strong></span> <span class='ocrx_word' id='word_1_147' title='bbox 1298 1195 1727 1248; x_wconf 85' lang='lat' dir='ltr'><strong>calceamentum</strong></span> <span class='ocrx_word' id='word_1_148' title='bbox 1768 1210 1835 1249; x_wconf 79' lang='lat' dir='ltr'><strong>ex</strong></span> <span class='ocrx_word' id='word_1_149' title='bbox 1870 1195 2110 1262; x_wconf 65' lang='lat' dir='ltr'><strong>pedibus</strong></span> 
     </span>
    </p>
   </div>
   <div class='ocr_carea' id='block_1_20' title="bbox 2186 1191 3792 1263">
    <p class='ocr_par' dir='ltr' id='par_1_20' title="bbox 2203 1191 3792 1263">
     <span class='ocr_line' id='line_1_20' title="bbox 2203 1191 3792 1263; baseline -0.001 -19"><span class='ocrx_word' id='word_1_150' title='bbox 2203 1192 2538 1262; x_wconf 79' lang='grc' dir='ltr'>Πνεύματος,</span> <span class='ocrx_word' id='word_1_151' title='bbox 2570 1192 2664 1246; x_wconf 72' lang='grc' dir='ltr'>καὶ</span> <span class='ocrx_word' id='word_1_152' title='bbox 2696 1193 2843 1246; x_wconf 84' lang='grc' dir='ltr'>ἐστιν</span> <span class='ocrx_word' id='word_1_153' title='bbox 2871 1193 2929 1245; x_wconf 90' lang='grc' dir='ltr'><strong>ἐν</strong></span> <span class='ocrx_word' id='word_1_154' title='bbox 2952 1193 3081 1263; x_wconf 75' lang='grc' dir='ltr'>ἡμῖν</span> <span class='ocrx_word' id='word_1_155' title='bbox 3100 1191 3167 1244; x_wconf 83' lang='grc' dir='ltr'><strong>δι’</strong></span> <span class='ocrx_word' id='word_1_156' title='bbox 3203 1191 3389 1256; x_wconf 79' lang='grc' dir='ltr'>αὐτοῦ,</span> <span class='ocrx_word' id='word_1_157' title='bbox 3423 1191 3517 1244; x_wconf 77' lang='grc' dir='ltr'>καὶ</span> <span class='ocrx_word' id='word_1_158' title='bbox 3549 1192 3605 1243; x_wconf 77' lang='grc' dir='ltr'><strong>ἐν</strong></span> <span class='ocrx_word' id='word_1_159' title='bbox 3637 1192 3792 1261; x_wconf 80' lang='grc' dir='ltr'>αύτῷ</span> 
     </span>
    </p>
   </div>
   <div class='ocr_carea' id='block_1_21' title="bbox 528 1280 2134 1353">
    <p class='ocr_par' dir='ltr' id='par_1_21' title="bbox 528 1283 2093 1352">
     <span class='ocr_line' id='line_1_21' title="bbox 528 1283 2093 1352; baseline 0 -16"><span class='ocrx_word' id='word_1_160' title='bbox 528 1286 652 1338; x_wconf 82' lang='lat' dir='ltr'><strong>tuis.</strong></span> <span class='ocrx_word' id='word_1_161' title='bbox 683 1284 860 1337; x_wconf 86' lang='lat' dir='ltr'><strong>Locus</strong></span> <span class='ocrx_word' id='word_1_162' title='bbox 882 1283 1028 1337; x_wconf 89' lang='lat' dir='ltr'><strong>enim</strong></span> <span class='ocrx_word' id='word_1_163' title='bbox 1059 1283 1115 1337; x_wconf 88' lang='lat' dir='ltr'><strong>in</strong></span> <span class='ocrx_word' id='word_1_164' title='bbox 1138 1299 1249 1352; x_wconf 85' lang='lat' dir='ltr'><strong>quo</strong></span> <span class='ocrx_word' id='word_1_165' title='bbox 1280 1292 1335 1338; x_wconf 89' lang='lat' dir='ltr'><strong>tu</strong></span> <span class='ocrx_word' id='word_1_166' title='bbox 1363 1294 1494 1346; x_wconf 88' lang='lat' dir='ltr'><strong>stas,</strong></span> <span class='ocrx_word' id='word_1_167' title='bbox 1520 1291 1668 1338; x_wconf 84' lang='lat' dir='ltr'><strong>terra</strong></span> <span class='ocrx_word' id='word_1_168' title='bbox 1685 1297 1872 1338; x_wconf 86' lang='lat' dir='ltr'><strong>sancta</strong></span> <span class='ocrx_word' id='word_1_169' title='bbox 1893 1295 1980 1340; x_wconf 90' lang='lat' dir='ltr'><strong>est</strong></span> <span class='ocrx_word' id='word_1_170' title='bbox 1996 1286 2093 1338; x_wconf 76' lang='grc'><strong>⁷⁸.»</strong></span> 
     </span>
    </p>
   </div>
   <div class='ocr_carea' id='block_1_22' title="bbox 2183 1280 3789 1353">
    <p class='ocr_par' dir='ltr' id='par_1_22' title="bbox 2202 1280 3789 1353">
     <span class='ocr_line' id='line_1_22' title="bbox 2202 1280 3789 1353; baseline -0.001 -19"><span class='ocrx_word' id='word_1_171' title='bbox 2202 1284 2497 1353; x_wconf 81' lang='grc' dir='ltr'>κράξομεν,</span> <span class='ocrx_word' id='word_1_172' title='bbox 2532 1303 2550 1334; x_wconf 81' lang='grc' dir='ltr'><strong>ι</strong></span> <span class='ocrx_word' id='word_1_173' title='bbox 2586 1280 2757 1337; x_wconf 76' lang='grc' dir='ltr'><strong>Ἀϐϐά</strong></span> <span class='ocrx_word' id='word_1_174' title='bbox 2796 1284 2826 1335; x_wconf 91' lang='lat'><strong>6</strong></span> <span class='ocrx_word' id='word_1_175' title='bbox 2872 1284 3086 1353; x_wconf 84' lang='grc' dir='ltr'>Πατήρ.</span> <span class='ocrx_word' id='word_1_176' title='bbox 3114 1302 3132 1331; x_wconf 77' lang='grc' dir='ltr'><strong>ι</strong></span> <span class='ocrx_word' id='word_1_177' title='bbox 3163 1281 3574 1350; x_wconf 82' lang='grc' dir='ltr'>Κατατεθηπὼς</span> <span class='ocrx_word' id='word_1_178' title='bbox 3604 1283 3658 1335; x_wconf 78' lang='grc' dir='ltr'>δὲ</span> <span class='ocrx_word' id='word_1_179' title='bbox 3685 1284 3789 1353; x_wconf 76' lang='grc' dir='ltr'>τὴν</span> 
     </span>
    </p>
   </div>
   <div class='ocr_carea' id='block_1_23' title="bbox 526 1360 2132 1446">
    <p class='ocr_par' dir='ltr' id='par_1_23' title="bbox 526 1360 2098 1446">
     <span class='ocr_line' id='line_1_23' title="bbox 526 1360 2098 1446; baseline 0.002 -19"><span class='ocrx_word' id='word_1_180' title='bbox 526 1376 809 1429; x_wconf 55' lang='lat' dir='ltr'><strong>lit-sertum</strong></span> <span class='ocrx_word' id='word_1_181' title='bbox 843 1375 1057 1429; x_wconf 88' lang='lat' dir='ltr'><strong>aridum</strong></span> <span class='ocrx_word' id='word_1_182' title='bbox 1086 1387 1144 1430; x_wconf 91' lang='lat' dir='ltr'><strong>et</strong></span> <span class='ocrx_word' id='word_1_183' title='bbox 1182 1360 1487 1444; x_wconf 85' lang='lat' dir='ltr'><strong>spinosum,</strong></span> <span class='ocrx_word' id='word_1_184' title='bbox 1515 1376 1570 1430; x_wconf 89' lang='lat' dir='ltr'><strong>in</strong></span> <span class='ocrx_word' id='word_1_185' title='bbox 1609 1392 1719 1446; x_wconf 86' lang='lat' dir='ltr'><strong>quo</strong></span> <span class='ocrx_word' id='word_1_186' title='bbox 1750 1385 1870 1431; x_wconf 90' lang='lat' dir='ltr'><strong>erat</strong></span> <span class='ocrx_word' id='word_1_187' title='bbox 1906 1377 2098 1441; x_wconf 86' lang='lat' dir='ltr'><strong>rubus,</strong></span> 
     </span>
    </p>
   </div>
   <div class='ocr_carea' id='block_1_24' title="bbox 2180 1360 3786 1446">
    <p class='ocr_par' dir='ltr' id='par_1_24' title="bbox 2200 1371 3786 1445">
     <span class='ocr_line' id='line_1_24' title="bbox 2200 1371 3786 1445; baseline -0.001 -19"><span class='ocrx_word' id='word_1_188' title='bbox 2200 1373 2323 1441; x_wconf 63' lang='grc' dir='ltr'>ὄψιν</span> <span class='ocrx_word' id='word_1_189' title='bbox 2368 1375 2397 1426; x_wconf 92' lang='lat'><strong>6</strong></span> <span class='ocrx_word' id='word_1_190' title='bbox 2447 1372 2716 1445; x_wconf 85' lang='grc' dir='ltr'>μακάριος</span> <span class='ocrx_word' id='word_1_191' title='bbox 2753 1373 2979 1442; x_wconf 78' lang='grc' dir='ltr'>Μωσῆς,</span> <span class='ocrx_word' id='word_1_192' title='bbox 3014 1371 3326 1444; x_wconf 76' lang='grc' dir='ltr'><strong>προσετίθει</strong></span> <span class='ocrx_word' id='word_1_193' title='bbox 3368 1371 3553 1425; x_wconf 81' lang='grc' dir='ltr'>λοιπὸν</span> <span class='ocrx_word' id='word_1_194' title='bbox 3587 1373 3786 1434; x_wconf 80' lang='grc' dir='ltr'>ἐκεῖνο,</span> 
     </span>
    </p>
   </div>
   <div class='ocr_carea' id='block_1_25' title="bbox 526 1459 2132 1534">
    <p class='ocr_par' dir='ltr' id='par_1_25' title="bbox 526 1464 2102 1521">
     <span class='ocr_line' id='line_1_25' title="bbox 526 1464 2102 1521; baseline 0.006 -11"><span class='ocrx_word' id='word_1_195' title='bbox 526 1473 681 1517; x_wconf 72' lang='lat' dir='ltr'><strong>vocat</strong></span> <span class='ocrx_word' id='word_1_196' title='bbox 713 1470 913 1518; x_wconf 86' lang='lat' dir='ltr'><strong>terram</strong></span> <span class='ocrx_word' id='word_1_197' title='bbox 964 1472 1230 1518; x_wconf 90' lang='lat' dir='ltr'><strong>sanctam.</strong></span> <span class='ocrx_word' id='word_1_198' title='bbox 1280 1464 1473 1520; x_wconf 88' lang='lat' dir='ltr'><strong>Omnis</strong></span> <span class='ocrx_word' id='word_1_199' title='bbox 1510 1465 1657 1519; x_wconf 90' lang='lat' dir='ltr'><strong>enim</strong></span> <span class='ocrx_word' id='word_1_200' title='bbox 1689 1466 1841 1520; x_wconf 89' lang='lat' dir='ltr'><strong>locus</strong></span> <span class='ocrx_word' id='word_1_201' title='bbox 1870 1466 2102 1521; x_wconf 87' lang='lat' dir='ltr'><strong>&#39;sanctus</strong></span> 
     </span>
    </p>
   </div>
   <div class='ocr_carea' id='block_1_26' title="bbox 2181 1459 3787 1534">
    <p class='ocr_par' dir='ltr' id='par_1_26' title="bbox 2201 1459 3787 1534">
     <span class='ocr_line' id='line_1_26' title="bbox 2201 1459 3787 1534; baseline -0.002 -19"><span class='ocrx_word' id='word_1_202' title='bbox 2201 1462 2374 1531; x_wconf 85' lang='grc' dir='ltr'>λέγων</span> <span class='ocrx_word' id='word_1_203' title='bbox 2395 1482 2406 1493; x_wconf 92' lang='grc'><strong><em>-</em></strong></span> <span class='ocrx_word' id='word_1_204' title='bbox 2437 1483 2456 1516; x_wconf 81' lang='grc' dir='ltr'><strong>ι</strong></span> <span class='ocrx_word' id='word_1_205' title='bbox 2479 1464 2774 1534; x_wconf 80' lang='grc' dir='ltr'><strong>Παρελθὼν</strong></span> <span class='ocrx_word' id='word_1_206' title='bbox 2805 1463 3009 1532; x_wconf 75' lang='grc' dir='ltr'>ὄψομαι</span> <span class='ocrx_word' id='word_1_207' title='bbox 3031 1462 3093 1515; x_wconf 83' lang='grc' dir='ltr'>τὸ</span> <span class='ocrx_word' id='word_1_208' title='bbox 3120 1462 3304 1533; x_wconf 83' lang='grc' dir='ltr'>ὅραμα</span> <span class='ocrx_word' id='word_1_209' title='bbox 3344 1459 3505 1514; x_wconf 77' lang='grc' dir='ltr'>τοῦτο</span> <span class='ocrx_word' id='word_1_210' title='bbox 3534 1461 3595 1513; x_wconf 82' lang='grc' dir='ltr'>τὸ</span> <span class='ocrx_word' id='word_1_211' title='bbox 3622 1462 3787 1531; x_wconf 84' lang='grc' dir='ltr'>μέγα,</span> 
     </span>
    </p>
   </div>
   <div class='ocr_carea' id='block_1_27' title="bbox 522 1551 2128 1625">
    <p class='ocr_par' dir='ltr' id='par_1_27' title="bbox 522 1552 2101 1622">
     <span class='ocr_line' id='line_1_27' title="bbox 522 1552 2101 1622; baseline 0.003 -18"><span class='ocrx_word' id='word_1_212' title='bbox 522 1560 623 1614; x_wconf 77' lang='lat' dir='ltr'><strong>est,</strong></span> <span class='ocrx_word' id='word_1_213' title='bbox 661 1552 716 1606; x_wconf 89' lang='lat' dir='ltr'><strong>in</strong></span> <span class='ocrx_word' id='word_1_214' title='bbox 742 1568 852 1622; x_wconf 85' lang='lat' dir='ltr'><strong>quo</strong></span> <span class='ocrx_word' id='word_1_215' title='bbox 901 1553 1153 1608; x_wconf 89' lang='lat' dir='ltr'><strong>Christus</strong></span> <span class='ocrx_word' id='word_1_216' title='bbox 1182 1553 1363 1609; x_wconf 85' lang='lat' dir='ltr'><strong>fuerit.</strong></span> <span class='ocrx_word' id='word_1_217' title='bbox 1392 1554 1538 1609; x_wconf 86' lang='lat' dir='ltr'><strong>Bene</strong></span> <span class='ocrx_word' id='word_1_218' title='bbox 1574 1565 1757 1610; x_wconf 85' lang='lat' dir='ltr'><strong>autem</strong></span> <span class='ocrx_word' id='word_1_219' title='bbox 1806 1555 2101 1609; x_wconf 85' lang='lat' dir='ltr'><strong>admodum</strong></span> 
     </span>
    </p>
   </div>
   <div class='ocr_carea' id='block_1_28' title="bbox 2186 1551 3792 1625">
    <p class='ocr_par' dir='ltr' id='par_1_28' title="bbox 2200 1551 3792 1625">
     <span class='ocr_line' id='line_1_28' title="bbox 2200 1551 3792 1625; baseline -0.003 -16"><span class='ocrx_word' id='word_1_220' title='bbox 2200 1556 2252 1609; x_wconf 88' lang='grc' dir='ltr'><strong>τί</strong></span> <span class='ocrx_word' id='word_1_221' title='bbox 2284 1558 2367 1609; x_wconf 84' lang='grc' dir='ltr'>ὅτι</span> <span class='ocrx_word' id='word_1_222' title='bbox 2405 1557 2468 1608; x_wconf 81' lang='grc' dir='ltr'><strong>οὺ</strong></span> <span class='ocrx_word' id='word_1_223' title='bbox 2518 1556 2875 1610; x_wconf 82' lang='grc' dir='ltr'><strong>κατακαίεται</strong></span> <span class='ocrx_word' id='word_1_224' title='bbox 2903 1554 2931 1608; x_wconf 90' lang='lat'><strong>6</strong></span> <span class='ocrx_word' id='word_1_225' title='bbox 2963 1553 3142 1625; x_wconf 83' lang='grc' dir='ltr'>βάτος.</span> <span class='ocrx_word' id='word_1_226' title='bbox 3169 1573 3188 1604; x_wconf 74' lang='grc' dir='ltr'><strong>ι</strong></span> <span class='ocrx_word' id='word_1_227' title='bbox 3234 1552 3370 1605; x_wconf 81' lang='grc' dir='ltr'><strong>Ἀλλ’</strong></span> <span class='ocrx_word' id='word_1_228' title='bbox 3395 1554 3569 1624; x_wconf 72' lang='grc' dir='ltr'>εἴργει</span> <span class='ocrx_word' id='word_1_229' title='bbox 3612 1551 3792 1620; x_wconf 75' lang='grc' dir='ltr'>λέγων</span> 
     </span>
    </p>
   </div>
   <div class='ocr_carea' id='block_1_29' title="bbox 525 1637 2131 1717">
    <p class='ocr_par' dir='ltr' id='par_1_29' title="bbox 525 1637 2101 1717">
     <span class='ocr_line' id='line_1_29' title="bbox 525 1637 2101 1717; baseline 0.004 -20"><span class='ocrx_word' id='word_1_230' title='bbox 525 1637 610 1699; x_wconf 78' lang='lat' dir='ltr'><strong>hic</strong></span> <span class='ocrx_word' id='word_1_231' title='bbox 638 1657 868 1715; x_wconf 84' lang='lat' dir='ltr'><strong>apparet</strong></span> <span class='ocrx_word' id='word_1_232' title='bbox 896 1645 950 1700; x_wconf 91' lang='lat' dir='ltr'><strong>in</strong></span> <span class='ocrx_word' id='word_1_233' title='bbox 973 1647 1193 1701; x_wconf 88' lang='lat' dir='ltr'><strong>deserto</strong></span> <span class='ocrx_word' id='word_1_234' title='bbox 1222 1657 1278 1701; x_wconf 87' lang='lat' dir='ltr'><strong>et</strong></span> <span class='ocrx_word' id='word_1_235' title='bbox 1310 1657 1454 1700; x_wconf 91' lang='lat' dir='ltr'><strong>terra</strong></span> <span class='ocrx_word' id='word_1_236' title='bbox 1481 1647 1655 1702; x_wconf 86' lang='lat' dir='ltr'><strong>sterili</strong></span> <span class='ocrx_word' id='word_1_237' title='bbox 1686 1666 1698 1700; x_wconf 89' lang='lat'><strong>:</strong></span> <span class='ocrx_word' id='word_1_238' title='bbox 1736 1648 1940 1717; x_wconf 84' lang='lat' dir='ltr'><strong>quippe</strong></span> <span class='ocrx_word' id='word_1_239' title='bbox 1981 1664 2101 1717; x_wconf 70' lang='lat' dir='ltr'><strong>qua:</strong></span> 
     </span>
    </p>
   </div>
   <div class='ocr_carea' id='block_1_30' title="bbox 2186 1637 3792 1717">
    <p class='ocr_par' dir='ltr' id='par_1_30' title="bbox 2203 1642 3792 1717">
     <span class='ocr_line' id='line_1_30' title="bbox 2203 1642 3792 1717; baseline -0.003 -18"><span class='ocrx_word' id='word_1_240' title='bbox 2203 1646 2361 1711; x_wconf 78' lang='grc' dir='ltr'>εὐθὺς</span> <span class='ocrx_word' id='word_1_241' title='bbox 2415 1649 2445 1699; x_wconf 95' lang='lat'><strong>6</strong></span> <span class='ocrx_word' id='word_1_242' title='bbox 2501 1647 2768 1717; x_wconf 80' lang='grc' dir='ltr'>μακάριος</span> <span class='ocrx_word' id='word_1_243' title='bbox 2821 1645 3050 1715; x_wconf 79' lang='grc' dir='ltr'>ἄγγελος</span> <span class='ocrx_word' id='word_1_244' title='bbox 3102 1645 3181 1707; x_wconf 84' lang='grc' dir='ltr'>ὡς</span> <span class='ocrx_word' id='word_1_245' title='bbox 3230 1646 3293 1698; x_wconf 81' lang='grc' dir='ltr'><strong>ἐκ</strong></span> <span class='ocrx_word' id='word_1_246' title='bbox 3354 1642 3649 1715; x_wconf 81' lang='grc' dir='ltr'><strong>προσώπου</strong></span> <span class='ocrx_word' id='word_1_247' title='bbox 3693 1644 3792 1695; x_wconf 67' lang='grc' dir='ltr'>τοῦ</span> 
     </span>
    </p>
   </div>
   <div class='ocr_carea' id='block_1_31' title="bbox 524 1730 2130 1808">
    <p class='ocr_par' dir='ltr' id='par_1_31' title="bbox 524 1735 2101 1806">
     <span class='ocr_line' id='line_1_31' title="bbox 524 1735 2101 1806; baseline 0.003 -19"><span class='ocrx_word' id='word_1_248' title='bbox 524 1744 709 1804; x_wconf 66' lang='lat' dir='ltr'><strong>typum</strong></span> <span class='ocrx_word' id='word_1_249' title='bbox 769 1743 922 1804; x_wconf 81' lang='lat' dir='ltr'><strong>gerat</strong></span> <span class='ocrx_word' id='word_1_250' title='bbox 962 1736 1222 1791; x_wconf 72' lang='lat' dir='ltr'><strong>Ecclesia:</strong></span> <span class='ocrx_word' id='word_1_251' title='bbox 1262 1735 1527 1806; x_wconf 85' lang='lat' dir='ltr'><strong>gentium,</strong></span> <span class='ocrx_word' id='word_1_252' title='bbox 1560 1735 1629 1790; x_wconf 87' lang='lat' dir='ltr'><strong>ad</strong></span> <span class='ocrx_word' id='word_1_253' title='bbox 1658 1751 1823 1805; x_wconf 91' lang='lat' dir='ltr'><strong>quam</strong></span> <span class='ocrx_word' id='word_1_254' title='bbox 1857 1745 1912 1791; x_wconf 90' lang='lat' dir='ltr'><strong>et</strong></span> <span class='ocrx_word' id='word_1_255' title='bbox 1946 1752 2101 1791; x_wconf 87' lang='lat' dir='ltr'><strong>sacer</strong></span> 
     </span>
    </p>
   </div>
   <div class='ocr_carea' id='block_1_32' title="bbox 2188 1730 3794 1808">
    <p class='ocr_par' dir='ltr' id='par_1_32' title="bbox 2204 1730 3794 1808">
     <span class='ocr_line' id='line_1_32' title="bbox 2204 1730 3794 1808; baseline -0.004 -18"><span class='ocrx_word' id='word_1_256' title='bbox 2204 1736 2367 1790; x_wconf 81' lang='grc' dir='ltr'><strong>Θεοῦ·</strong></span> <span class='ocrx_word' id='word_1_257' title='bbox 2400 1737 2531 1807; x_wconf 73' lang='grc' dir='ltr'><strong>«Μὴ</strong></span> <span class='ocrx_word' id='word_1_258' title='bbox 2568 1738 2792 1808; x_wconf 78' lang='grc' dir='ltr'>ἐγγίσης</span> <span class='ocrx_word' id='word_1_259' title='bbox 2838 1730 2967 1789; x_wconf 71' lang='grc' dir='ltr'><strong>ὦδεο</strong></span> <span class='ocrx_word' id='word_1_260' title='bbox 3001 1735 3163 1789; x_wconf 82' lang='grc' dir='ltr'>λῦσαι</span> <span class='ocrx_word' id='word_1_261' title='bbox 3191 1734 3252 1788; x_wconf 84' lang='grc' dir='ltr'>τὸ</span> <span class='ocrx_word' id='word_1_262' title='bbox 3284 1734 3535 1804; x_wconf 77' lang='grc' dir='ltr'><strong>ὑπόδημα</strong></span> <span class='ocrx_word' id='word_1_263' title='bbox 3574 1734 3639 1786; x_wconf 89' lang='grc' dir='ltr'><strong>ἐκ</strong></span> <span class='ocrx_word' id='word_1_264' title='bbox 3681 1732 3794 1785; x_wconf 85' lang='grc' dir='ltr'><strong>τῶν</strong></span> 
     </span>
    </p>
   </div>
   <div class='ocr_carea' id='block_1_33' title="bbox 525 1803 2131 1898">
    <p class='ocr_par' dir='ltr' id='par_1_33' title="bbox 525 1827 2098 1896">
     <span class='ocr_line' id='line_1_33' title="bbox 525 1827 2098 1896; baseline 0.001 -16"><span class='ocrx_word' id='word_1_265' title='bbox 525 1838 705 1882; x_wconf 89' lang='lat' dir='ltr'><strong>tcrmo</strong></span> <span class='ocrx_word' id='word_1_266' title='bbox 735 1827 914 1896; x_wconf 89' lang='lat' dir='ltr'><strong>inquit</strong></span> <span class='ocrx_word' id='word_1_267' title='bbox 945 1845 958 1880; x_wconf 90' lang='lat'><strong>:</strong></span> <span class='ocrx_word' id='word_1_268' title='bbox 988 1847 1008 1878; x_wconf 76' lang='grc' dir='ltr'><strong>ι</strong></span> <span class='ocrx_word' id='word_1_269' title='bbox 1036 1828 1267 1893; x_wconf 62' lang='lat' dir='ltr'><strong>Laetare,</strong></span> <span class='ocrx_word' id='word_1_270' title='bbox 1297 1828 1533 1894; x_wconf 81' lang='lat' dir='ltr'><strong>deserta,</strong></span> <span class='ocrx_word' id='word_1_271' title='bbox 1560 1828 1844 1893; x_wconf 91' lang='lat' dir='ltr'><strong>sitiens,et</strong></span> <span class='ocrx_word' id='word_1_272' title='bbox 1866 1829 2098 1891; x_wconf 77' lang='lat' dir='ltr'><strong>exsulta,</strong></span> 
     </span>
    </p>
   </div>
   <div class='ocr_carea' id='block_1_34' title="bbox 2189 1803 3795 1898">
    <p class='ocr_par' dir='ltr' id='par_1_34' title="bbox 2205 1803 3795 1898">
     <span class='ocr_line' id='line_1_34' title="bbox 2205 1803 3795 1898; baseline -0.003 -17"><span class='ocrx_word' id='word_1_273' title='bbox 2205 1828 2382 1882; x_wconf 80' lang='grc' dir='ltr'>ποδῶν</span> <span class='ocrx_word' id='word_1_274' title='bbox 2417 1803 2532 1882; x_wconf 42' lang='grc' dir='ltr'>σουλ</span> <span class='ocrx_word' id='word_1_275' title='bbox 2582 1803 2778 1898; x_wconf 73' lang='grc' dir='ltr'><strong>γάρ</strong></span> <span class='ocrx_word' id='word_1_276' title='bbox 2819 1828 2984 1891; x_wconf 89' lang='grc' dir='ltr'>τόπος</span> <span class='ocrx_word' id='word_1_277' title='bbox 3014 1828 3072 1879; x_wconf 88' lang='grc' dir='ltr'>ἐν</span> <span class='ocrx_word' id='word_1_278' title='bbox 3097 1819 3142 1895; x_wconf 82' lang='grc' dir='ltr'><strong>ᾧ</strong></span> <span class='ocrx_word' id='word_1_279' title='bbox 3171 1826 3234 1879; x_wconf 84' lang='grc' dir='ltr'>σὺ</span> <span class='ocrx_word' id='word_1_280' title='bbox 3266 1803 3525 1895; x_wconf 71' lang='grc' dir='ltr'>ἕστηκας,</span> <span class='ocrx_word' id='word_1_281' title='bbox 3559 1824 3629 1894; x_wconf 85' lang='grc' dir='ltr'>γῆ</span> <span class='ocrx_word' id='word_1_282' title='bbox 3660 1824 3795 1892; x_wconf 81' lang='grc' dir='ltr'>ἁγία</span> 
     </span>
    </p>
   </div>
   <div class='ocr_carea' id='block_1_35' title="bbox 523 1915 2129 1991">
    <p class='ocr_par' dir='ltr' id='par_1_35' title="bbox 523 1917 2104 1984">
     <span class='ocr_line' id='line_1_35' title="bbox 523 1917 2104 1984; baseline 0.004 -16"><span class='ocrx_word' id='word_1_283' title='bbox 523 1918 750 1984; x_wconf 79' lang='lat' dir='ltr'><strong>sterilis,</strong></span> <span class='ocrx_word' id='word_1_284' title='bbox 786 1918 1095 1977; x_wconf 82' lang='lat' dir='ltr'><strong>elllorcscat</strong></span> <span class='ocrx_word' id='word_1_285' title='bbox 1123 1929 1183 1975; x_wconf 92' lang='lat' dir='ltr'><strong>ut</strong></span> <span class='ocrx_word' id='word_1_286' title='bbox 1229 1919 1405 1973; x_wconf 91' lang='lat' dir='ltr'><strong>lilium</strong></span> <span class='ocrx_word' id='word_1_287' title='bbox 1438 1917 1507 1973; x_wconf 79' lang='grc' dir='ltr'><strong>⁸ο.</strong></span> <span class='ocrx_word' id='word_1_288' title='bbox 1554 1939 1573 1972; x_wconf 72' lang='grc' dir='ltr'><strong>ι</strong></span> <span class='ocrx_word' id='word_1_289' title='bbox 1606 1920 1885 1975; x_wconf 88' lang='lat' dir='ltr'><strong>Promittit</strong></span> <span class='ocrx_word' id='word_1_290' title='bbox 1936 1920 2104 1975; x_wconf 91' lang='lat' dir='ltr'><strong>etiam</strong></span> 
     </span>
    </p>
   </div>
   <div class='ocr_carea' id='block_1_36' title="bbox 2190 1915 3796 1991">
    <p class='ocr_par' dir='ltr' id='par_1_36' title="bbox 2205 1915 3796 1991">
     <span class='ocr_line' id='line_1_36' title="bbox 2205 1915 3796 1991; baseline -0.004 -19"><span class='ocrx_word' id='word_1_291' title='bbox 2205 1921 2342 1973; x_wconf 77' lang='grc' dir='ltr'>ἐστί.</span> <span class='ocrx_word' id='word_1_292' title='bbox 2365 1938 2382 1970; x_wconf 78' lang='grc' dir='ltr'><strong>ι</strong></span> <span class='ocrx_word' id='word_1_293' title='bbox 2422 1919 2533 1991; x_wconf 84' lang='grc' dir='ltr'><strong>Τὴν</strong></span> <span class='ocrx_word' id='word_1_294' title='bbox 2563 1920 2769 1991; x_wconf 79' lang='grc' dir='ltr'>ἔρημον</span> <span class='ocrx_word' id='word_1_295' title='bbox 2796 1920 2893 1989; x_wconf 82' lang='grc' dir='ltr'>τὴν</span> <span class='ocrx_word' id='word_1_296' title='bbox 2919 1917 3164 1988; x_wconf 78' lang='grc' dir='ltr'>ἄνυδρον,</span> <span class='ocrx_word' id='word_1_297' title='bbox 3198 1916 3298 1987; x_wconf 85' lang='grc' dir='ltr'>τὴν</span> <span class='ocrx_word' id='word_1_298' title='bbox 3322 1915 3709 1979; x_wconf 83' lang='grc' dir='ltr'>άκανθοτόκον,</span> <span class='ocrx_word' id='word_1_299' title='bbox 3733 1917 3796 1968; x_wconf 76' lang='grc' dir='ltr'>ἐν</span> 
     </span>
    </p>
   </div>
   <div class='ocr_carea' id='block_1_37' title="bbox 529 2006 2135 2087">
    <p class='ocr_par' dir='ltr' id='par_1_37' title="bbox 529 2008 2105 2080">
     <span class='ocr_line' id='line_1_37' title="bbox 529 2008 2105 2080; baseline 0.003 -21"><span class='ocrx_word' id='word_1_300' title='bbox 529 2008 658 2062; x_wconf 82' lang='lat' dir='ltr'><strong>alibi</strong></span> <span class='ocrx_word' id='word_1_301' title='bbox 695 2008 842 2065; x_wconf 88' lang='lat' dir='ltr'><strong>Deus</strong></span> <span class='ocrx_word' id='word_1_302' title='bbox 892 2025 951 2064; x_wconf 90' lang='lat' dir='ltr'><strong>se</strong></span> <span class='ocrx_word' id='word_1_303' title='bbox 1002 2009 1601 2076; x_wconf 81' lang='lat' dir='ltr'><strong>facturumdesertum</strong></span> <span class='ocrx_word' id='word_1_304' title='bbox 1656 2011 1712 2065; x_wconf 91' lang='lat' dir='ltr'><strong>in</strong></span> <span class='ocrx_word' id='word_1_305' title='bbox 1756 2009 2004 2080; x_wconf 85' lang='lat' dir='ltr'><strong>paludes,</strong></span> <span class='ocrx_word' id='word_1_306' title='bbox 2049 2016 2105 2064; x_wconf 90' lang='lat' dir='ltr'><strong>ct</strong></span> 
     </span>
    </p>
   </div>
   <div class='ocr_carea' id='block_1_38' title="bbox 2189 2006 3795 2087">
    <p class='ocr_par' dir='ltr' id='par_1_38' title="bbox 2205 2006 3795 2087">
     <span class='ocr_line' id='line_1_38' title="bbox 2205 2006 3795 2087; baseline -0.003 -24"><span class='ocrx_word' id='word_1_307' title='bbox 2205 2007 2238 2087; x_wconf 84' lang='grc' dir='ltr'>ᾖ</span> <span class='ocrx_word' id='word_1_308' title='bbox 2279 2013 2372 2065; x_wconf 76' lang='grc' dir='ltr'>καὶ</span> <span class='ocrx_word' id='word_1_309' title='bbox 2397 2014 2426 2065; x_wconf 90' lang='lat'><strong>6</strong></span> <span class='ocrx_word' id='word_1_310' title='bbox 2459 2011 2641 2081; x_wconf 81' lang='grc' dir='ltr'>βάτος,</span> <span class='ocrx_word' id='word_1_311' title='bbox 2673 2012 2776 2081; x_wconf 80' lang='grc' dir='ltr'>γῆν</span> <span class='ocrx_word' id='word_1_312' title='bbox 2806 2011 2970 2080; x_wconf 81' lang='grc' dir='ltr'>ἁγίαν</span> <span class='ocrx_word' id='word_1_313' title='bbox 3017 2009 3302 2064; x_wconf 85' lang='grc' dir='ltr'>ἀποκαλεῖ.</span> <span class='ocrx_word' id='word_1_314' title='bbox 3337 2007 3528 2079; x_wconf 80' lang='grc' dir='ltr'>Χῶρος</span> <span class='ocrx_word' id='word_1_315' title='bbox 3556 2006 3614 2060; x_wconf 84' lang='grc' dir='ltr'><strong>δὲ</strong></span> <span class='ocrx_word' id='word_1_316' title='bbox 3643 2006 3795 2069; x_wconf 71' lang='grc' dir='ltr'>ἄπα,</span> 
     </span>
    </p>
   </div>
   <div class='ocr_carea' id='block_1_39' title="bbox 527 2097 2133 2173">
    <p class='ocr_par' dir='ltr' id='par_1_39' title="bbox 527 2099 2106 2156">
     <span class='ocr_line' id='line_1_39' title="bbox 527 2099 2106 2156; baseline 0.004 -7"><span class='ocrx_word' id='word_1_317' title='bbox 527 2107 725 2153; x_wconf 82' lang='lat' dir='ltr'><strong>terram</strong></span> <span class='ocrx_word' id='word_1_318' title='bbox 755 2099 957 2154; x_wconf 86' lang='lat' dir='ltr'><strong>siccam</strong></span> <span class='ocrx_word' id='word_1_319' title='bbox 976 2100 1032 2154; x_wconf 93' lang='lat' dir='ltr'><strong>in</strong></span> <span class='ocrx_word' id='word_1_320' title='bbox 1049 2100 1351 2155; x_wconf 86' lang='lat' dir='ltr'><strong>humidam.</strong></span> <span class='ocrx_word' id='word_1_321' title='bbox 1380 2099 1725 2156; x_wconf 79' lang='lat' dir='ltr'><strong>Redundavit</strong></span> <span class='ocrx_word' id='word_1_322' title='bbox 1745 2100 1893 2154; x_wconf 89' lang='lat' dir='ltr'><strong>enim</strong></span> <span class='ocrx_word' id='word_1_323' title='bbox 1920 2100 1977 2154; x_wconf 91' lang='lat' dir='ltr'><strong>in</strong></span> <span class='ocrx_word' id='word_1_324' title='bbox 2004 2115 2106 2155; x_wconf 86' lang='lat' dir='ltr'><strong>nos</strong></span> 
     </span>
    </p>
   </div>
   <div class='ocr_carea' id='block_1_40' title="bbox 2193 2097 3799 2173">
    <p class='ocr_par' dir='ltr' id='par_1_40' title="bbox 2206 2097 3799 2173">
     <span class='ocr_line' id='line_1_40' title="bbox 2206 2097 3799 2173; baseline -0.006 -13"><span class='ocrx_word' id='word_1_325' title='bbox 2206 2105 2360 2173; x_wconf 82' lang='grc' dir='ltr'>ἆγιος</span> <span class='ocrx_word' id='word_1_326' title='bbox 2404 2106 2462 2158; x_wconf 87' lang='grc' dir='ltr'><strong>ἐν</strong></span> <span class='ocrx_word' id='word_1_327' title='bbox 2507 2097 2660 2173; x_wconf 80' lang='grc' dir='ltr'>ᾧπερ</span> <span class='ocrx_word' id='word_1_328' title='bbox 2684 2103 2751 2157; x_wconf 83' lang='grc' dir='ltr'><strong>ἂν</strong></span> <span class='ocrx_word' id='word_1_329' title='bbox 2788 2103 2873 2173; x_wconf 78' lang='grc' dir='ltr'><strong>εἴη</strong></span> <span class='ocrx_word' id='word_1_330' title='bbox 2903 2102 3155 2173; x_wconf 80' lang='grc' dir='ltr'>Χριστός.</span> <span class='ocrx_word' id='word_1_331' title='bbox 3188 2098 3263 2154; x_wconf 85' lang='grc' dir='ltr'><strong>Εὖ</strong></span> <span class='ocrx_word' id='word_1_332' title='bbox 3292 2100 3351 2153; x_wconf 80' lang='grc' dir='ltr'><strong>δὲ</strong></span> <span class='ocrx_word' id='word_1_333' title='bbox 3373 2100 3438 2171; x_wconf 81' lang='grc' dir='ltr'><strong>δὴ</strong></span> <span class='ocrx_word' id='word_1_334' title='bbox 3461 2098 3581 2153; x_wconf 90' lang='grc' dir='ltr'>λίαν</span> <span class='ocrx_word' id='word_1_335' title='bbox 3610 2098 3708 2151; x_wconf 76' lang='grc' dir='ltr'>καὶ</span> <span class='ocrx_word' id='word_1_336' title='bbox 3735 2099 3799 2152; x_wconf 86' lang='grc' dir='ltr'><strong>ἐν</strong></span> 
     </span>
    </p>
   </div>
   <div class='ocr_carea' id='block_1_41' title="bbox 525 2189 2131 2269">
    <p class='ocr_par' dir='ltr' id='par_1_41' title="bbox 525 2190 2108 2263">
     <span class='ocr_line' id='line_1_41' title="bbox 525 2190 2108 2263; baseline 0.004 -21"><span class='ocrx_word' id='word_1_337' title='bbox 525 2190 615 2258; x_wconf 74' lang='lat' dir='ltr'><strong>qui</strong></span> <span class='ocrx_word' id='word_1_338' title='bbox 660 2206 852 2246; x_wconf 90' lang='lat' dir='ltr'><strong>sumus</strong></span> <span class='ocrx_word' id='word_1_339' title='bbox 878 2207 947 2246; x_wconf 78' lang='lat' dir='ltr'><strong>ex</strong></span> <span class='ocrx_word' id='word_1_340' title='bbox 977 2191 1233 2262; x_wconf 79' lang='lat' dir='ltr'><strong>gentibus</strong></span> <span class='ocrx_word' id='word_1_341' title='bbox 1272 2192 1451 2247; x_wconf 83' lang='lat' dir='ltr'><strong>vocati</strong></span> <span class='ocrx_word' id='word_1_342' title='bbox 1497 2192 1673 2263; x_wconf 83' lang='lat' dir='ltr'><strong>gratia</strong></span> <span class='ocrx_word' id='word_1_343' title='bbox 1704 2191 2024 2257; x_wconf 87' lang='lat' dir='ltr'><strong>Salvatoris,</strong></span> <span class='ocrx_word' id='word_1_344' title='bbox 2048 2201 2108 2248; x_wconf 90' lang='lat' dir='ltr'><strong>et</strong></span> 
     </span>
    </p>
   </div>
   <div class='ocr_carea' id='block_1_42' title="bbox 2195 2189 3801 2269">
    <p class='ocr_par' dir='ltr' id='par_1_42' title="bbox 2205 2189 3801 2269">
     <span class='ocr_line' id='line_1_42' title="bbox 2205 2189 3801 2269; baseline -0.006 -18"><span class='ocrx_word' id='word_1_345' title='bbox 2205 2198 2399 2269; x_wconf 78' lang='grc' dir='ltr'>ἐρήμῳ</span> <span class='ocrx_word' id='word_1_346' title='bbox 2435 2196 2706 2266; x_wconf 82' lang='grc' dir='ltr'>φαίνεται,</span> <span class='ocrx_word' id='word_1_347' title='bbox 2744 2194 2913 2247; x_wconf 85' lang='grc' dir='ltr'>τύπον</span> <span class='ocrx_word' id='word_1_348' title='bbox 2947 2192 3219 2263; x_wconf 81' lang='grc' dir='ltr'>ἐπεχούσῃ</span> <span class='ocrx_word' id='word_1_349' title='bbox 3251 2191 3357 2261; x_wconf 80' lang='grc' dir='ltr'>τῆς</span> <span class='ocrx_word' id='word_1_350' title='bbox 3417 2189 3477 2257; x_wconf 77' lang='grc' dir='ltr'>ἐξ</span> <span class='ocrx_word' id='word_1_351' title='bbox 3500 2189 3671 2243; x_wconf 83' lang='grc' dir='ltr'>ἐθνῶν</span> <span class='ocrx_word' id='word_1_352' title='bbox 3698 2191 3801 2242; x_wconf 80' lang='grc' dir='ltr'>ἐκ-</span> 
     </span>
    </p>
   </div>
   <div class='ocr_carea' id='block_1_43' title="bbox 525 2278 2131 2359">
    <p class='ocr_par' dir='ltr' id='par_1_43' title="bbox 525 2281 2105 2354">
     <span class='ocr_line' id='line_1_43' title="bbox 525 2281 2105 2354; baseline 0.002 -18"><span class='ocrx_word' id='word_1_353' title='bbox 525 2290 783 2352; x_wconf 79' lang='lat' dir='ltr'><strong>tanquam</strong></span> <span class='ocrx_word' id='word_1_354' title='bbox 806 2281 1007 2337; x_wconf 86' lang='lat' dir='ltr'><strong>ﬂuvius</strong></span> <span class='ocrx_word' id='word_1_355' title='bbox 1026 2282 1282 2353; x_wconf 84' lang='lat' dir='ltr'><strong>supernis</strong></span> <span class='ocrx_word' id='word_1_356' title='bbox 1312 2297 1414 2337; x_wconf 89' lang='lat' dir='ltr'><strong>nos</strong></span> <span class='ocrx_word' id='word_1_357' title='bbox 1440 2283 1675 2354; x_wconf 80' lang='lat' dir='ltr'><strong>irrigans</strong></span> <span class='ocrx_word' id='word_1_358' title='bbox 1694 2284 1915 2339; x_wconf 85' lang='lat' dir='ltr'><strong>ﬂuentis</strong></span> <span class='ocrx_word' id='word_1_359' title='bbox 1937 2285 2105 2340; x_wconf 89' lang='lat' dir='ltr'><strong>uber—</strong></span> 
     </span>
    </p>
   </div>
   <div class='ocr_carea' id='block_1_44' title="bbox 2196 2278 3802 2359">
    <p class='ocr_par' dir='ltr' id='par_1_44' title="bbox 2206 2278 3802 2359">
     <span class='ocr_line' id='line_1_44' title="bbox 2206 2278 3802 2359; baseline -0.006 -16"><span class='ocrx_word' id='word_1_360' title='bbox 2206 2289 2460 2359; x_wconf 83' lang='grc' dir='ltr'>κλησίας,</span> <span class='ocrx_word' id='word_1_361' title='bbox 2491 2289 2628 2359; x_wconf 84' lang='grc' dir='ltr'>πρὸς</span> <span class='ocrx_word' id='word_1_362' title='bbox 2651 2286 2717 2357; x_wconf 76' lang='grc' dir='ltr'><strong>ἣν</strong></span> <span class='ocrx_word' id='word_1_363' title='bbox 2740 2287 2832 2339; x_wconf 75' lang='grc' dir='ltr'>καὶ</span> <span class='ocrx_word' id='word_1_364' title='bbox 2862 2287 2891 2338; x_wconf 93' lang='lat'><strong>6</strong></span> <span class='ocrx_word' id='word_1_365' title='bbox 2914 2284 3071 2352; x_wconf 80' lang='grc' dir='ltr'>λόγος</span> <span class='ocrx_word' id='word_1_366' title='bbox 3095 2282 3260 2353; x_wconf 81' lang='grc' dir='ltr'>φησὶν</span> <span class='ocrx_word' id='word_1_367' title='bbox 3289 2281 3432 2351; x_wconf 76' lang='grc' dir='ltr'>ἱερός</span> <span class='ocrx_word' id='word_1_368' title='bbox 3451 2298 3462 2312; x_wconf 80' lang='grc'><em>’</em></span> <span class='ocrx_word' id='word_1_369' title='bbox 3499 2301 3519 2332; x_wconf 77' lang='grc' dir='ltr'><strong>ι</strong></span> <span class='ocrx_word' id='word_1_370' title='bbox 3545 2278 3802 2351; x_wconf 75' lang='grc' dir='ltr'>Εὑφράν·</span> 
     </span>
    </p>
   </div>
   <div class='ocr_carea' id='block_1_45' title="bbox 526 2371 3805 2451">
    <p class='ocr_par' dir='ltr' id='par_1_45' title="bbox 526 2371 3805 2451">
     <span class='ocr_line' id='line_1_45' title="bbox 526 2371 3805 2451; baseline -0.001 -24"><span class='ocrx_word' id='word_1_371' title='bbox 526 2375 622 2427; x_wconf 88' lang='lat' dir='ltr'><strong>tim</strong></span> <span class='ocrx_word' id='word_1_372' title='bbox 642 2373 953 2429; x_wconf 88' lang='lat' dir='ltr'><strong>inebriavit.</strong></span> <span class='ocrx_word' id='word_1_373' title='bbox 989 2374 1140 2430; x_wconf 78' lang='lat' dir='ltr'><strong>idem</strong></span> <span class='ocrx_word' id='word_1_374' title='bbox 1171 2376 1248 2430; x_wconf 90' lang='lat' dir='ltr'><strong>ait</strong></span> <span class='ocrx_word' id='word_1_375' title='bbox 1278 2383 1335 2430; x_wconf 90' lang='lat' dir='ltr'><strong>et</strong></span> <span class='ocrx_word' id='word_1_376' title='bbox 1363 2374 1584 2430; x_wconf 89' lang='lat' dir='ltr'><strong>divinus</strong></span> <span class='ocrx_word' id='word_1_377' title='bbox 1604 2376 1772 2431; x_wconf 84' lang='lat' dir='ltr'><strong>David</strong></span> <span class='ocrx_word' id='word_1_378' title='bbox 1799 2394 1813 2430; x_wconf 87' lang='lat'><strong>:</strong></span> <span class='ocrx_word' id='word_1_379' title='bbox 1860 2395 1879 2428; x_wconf 77' lang='grc' dir='ltr'><strong>ι</strong></span> <span class='ocrx_word' id='word_1_380' title='bbox 1917 2377 2109 2432; x_wconf 88' lang='lat' dir='ltr'><strong>Posuit</strong></span> <span class='ocrx_word' id='word_1_381' title='bbox 2207 2380 2355 2449; x_wconf 87' lang='grc' dir='ltr'>θητι,</span> <span class='ocrx_word' id='word_1_382' title='bbox 2376 2376 3188 2451; x_wconf 75' lang='grc' dir='ltr'>ἔρημοςδιψῶσα·ἀγαλλιάσθιιι</span> <span class='ocrx_word' id='word_1_383' title='bbox 3207 2374 3434 2444; x_wconf 73' lang='grc' dir='ltr'>ἔρημος,</span> <span class='ocrx_word' id='word_1_384' title='bbox 3452 2373 3548 2426; x_wconf 80' lang='grc' dir='ltr'>καὶ</span> <span class='ocrx_word' id='word_1_385' title='bbox 3566 2371 3805 2425; x_wconf 81' lang='grc' dir='ltr'>ἀνθείτω</span> 
     </span>
    </p>
   </div>
   <div class='ocr_carea' id='block_1_46' title="bbox 528 2463 2134 2545">
    <p class='ocr_par' dir='ltr' id='par_1_46' title="bbox 528 2463 2110 2531">
     <span class='ocr_line' id='line_1_46' title="bbox 528 2463 2110 2531; baseline 0.006 -15"><span class='ocrx_word' id='word_1_386' title='bbox 528 2463 751 2519; x_wconf 80' lang='lat' dir='ltr'><strong>ﬂumina</strong></span> <span class='ocrx_word' id='word_1_387' title='bbox 777 2466 833 2519; x_wconf 88' lang='lat' dir='ltr'><strong>in</strong></span> <span class='ocrx_word' id='word_1_388' title='bbox 869 2465 1175 2531; x_wconf 79' lang='lat' dir='ltr'><strong>desertum,</strong></span> <span class='ocrx_word' id='word_1_389' title='bbox 1209 2476 1266 2521; x_wconf 87' lang='lat' dir='ltr'><strong>et</strong></span> <span class='ocrx_word' id='word_1_390' title='bbox 1290 2476 1495 2523; x_wconf 85' lang='lat' dir='ltr'><strong>terram</strong></span> <span class='ocrx_word' id='word_1_391' title='bbox 1540 2468 1879 2524; x_wconf 77' lang='lat' dir='ltr'><strong>fructiferam</strong></span> <span class='ocrx_word' id='word_1_392' title='bbox 1916 2469 1972 2524; x_wconf 88' lang='lat' dir='ltr'><strong>in</strong></span> <span class='ocrx_word' id='word_1_393' title='bbox 2003 2471 2110 2525; x_wconf 87' lang='lat' dir='ltr'><strong>sal—</strong></span> 
     </span>
    </p>
   </div>
   <div class='ocr_carea' id='block_1_47' title="bbox 2198 2463 3804 2545">
    <p class='ocr_par' dir='ltr' id='par_1_47' title="bbox 2206 2464 3804 2545">
     <span class='ocr_line' id='line_1_47' title="bbox 2206 2464 3804 2545; baseline -0.008 -18"><span class='ocrx_word' id='word_1_394' title='bbox 2206 2474 2493 2545; x_wconf 64' lang='grc' dir='ltr'>ὼςκρίνονῑ</span> <span class='ocrx_word' id='word_1_395' title='bbox 2509 2492 2527 2523; x_wconf 75' lang='grc' dir='ltr'><strong>ι</strong></span> <span class='ocrx_word' id='word_1_396' title='bbox 2547 2472 2886 2541; x_wconf 80' lang='grc' dir='ltr'>’Υπισχνείτο</span> <span class='ocrx_word' id='word_1_397' title='bbox 2906 2470 2961 2523; x_wconf 81' lang='grc' dir='ltr'><strong>δέ</strong></span> <span class='ocrx_word' id='word_1_398' title='bbox 2978 2485 3080 2522; x_wconf 89' lang='grc' dir='ltr'>που</span> <span class='ocrx_word' id='word_1_399' title='bbox 3098 2469 3191 2523; x_wconf 76' lang='grc' dir='ltr'>καὶ</span> <span class='ocrx_word' id='word_1_400' title='bbox 3208 2468 3236 2520; x_wconf 90' lang='lat'><strong>6</strong></span> <span class='ocrx_word' id='word_1_401' title='bbox 3254 2467 3413 2531; x_wconf 73' lang='grc' dir='ltr'>Θεὸς,</span> <span class='ocrx_word' id='word_1_402' title='bbox 3433 2467 3685 2536; x_wconf 76' lang='grc' dir='ltr'>ποιήσειν</span> <span class='ocrx_word' id='word_1_403' title='bbox 3699 2464 3804 2534; x_wconf 70' lang='grc' dir='ltr'>τὴν</span> 
     </span>
    </p>
   </div>
   <div class='ocr_carea' id='block_1_48' title="bbox 523 2553 2129 2636">
    <p class='ocr_par' dir='ltr' id='par_1_48' title="bbox 523 2553 2110 2627">
     <span class='ocr_line' id='line_1_48' title="bbox 523 2553 2110 2627; baseline 0.007 -21"><span class='ocrx_word' id='word_1_404' title='bbox 523 2553 773 2625; x_wconf 83' lang='lat' dir='ltr'><strong>suginem</strong></span> <span class='ocrx_word' id='word_1_405' title='bbox 808 2571 838 2609; x_wconf 88' lang='lat' dir='ltr'><strong>a</strong></span> <span class='ocrx_word' id='word_1_406' title='bbox 871 2556 1078 2612; x_wconf 87' lang='lat' dir='ltr'><strong>malitia</strong></span> <span class='ocrx_word' id='word_1_407' title='bbox 1111 2558 1476 2614; x_wconf 83' lang='lat' dir='ltr'><strong>habitantium</strong></span> <span class='ocrx_word' id='word_1_408' title='bbox 1511 2561 1675 2627; x_wconf 60' lang='lat' dir='ltr'><strong>in,ea</strong></span> <span class='ocrx_word' id='word_1_409' title='bbox 1722 2560 1789 2614; x_wconf 79' lang='grc'><strong>⁸⁸.</strong></span> <span class='ocrx_word' id='word_1_410' title='bbox 1848 2580 1867 2612; x_wconf 77' lang='grc' dir='ltr'><strong>ι</strong></span> <span class='ocrx_word' id='word_1_411' title='bbox 1915 2561 2110 2617; x_wconf 78' lang='lat' dir='ltr'><strong>Bubus</strong></span> 
     </span>
    </p>
   </div>
   <div class='ocr_carea' id='block_1_49' title="bbox 2199 2553 3805 2636">
    <p class='ocr_par' dir='ltr' id='par_1_49' title="bbox 2209 2558 3805 2636">
     <span class='ocr_line' id='line_1_49' title="bbox 2209 2558 3805 2636; baseline -0.006 -18"><span class='ocrx_word' id='word_1_412' title='bbox 2209 2565 2307 2636; x_wconf 70' lang='grc' dir='ltr'><strong>ερη</strong></span> <span class='ocrx_word' id='word_1_413' title='bbox 2315 2583 2411 2635; x_wconf 83' lang='grc' dir='ltr'>μον</span> <span class='ocrx_word' id='word_1_414' title='bbox 2429 2566 2507 2628; x_wconf 86' lang='grc' dir='ltr'><strong>είς</strong></span> <span class='ocrx_word' id='word_1_415' title='bbox 2519 2563 2637 2634; x_wconf 81' lang='grc' dir='ltr'>ἒλη,</span> <span class='ocrx_word' id='word_1_416' title='bbox 2661 2562 2755 2616; x_wconf 79' lang='grc' dir='ltr'>καὶ</span> <span class='ocrx_word' id='word_1_417' title='bbox 2770 2563 2869 2632; x_wconf 82' lang='grc' dir='ltr'>τὴν</span> <span class='ocrx_word' id='word_1_418' title='bbox 2887 2560 3128 2630; x_wconf 80' lang='grc' dir='ltr'>διψῶσαν</span> <span class='ocrx_word' id='word_1_419' title='bbox 3147 2560 3248 2630; x_wconf 80' lang='grc' dir='ltr'>γῆν</span> <span class='ocrx_word' id='word_1_420' title='bbox 3262 2560 3320 2611; x_wconf 91' lang='grc' dir='ltr'>ἐν</span> <span class='ocrx_word' id='word_1_421' title='bbox 3336 2558 3805 2629; x_wconf 80' lang='grc' dir='ltr'>ὑδραγωγοῖς.11ε-</span> 
     </span>
    </p>
   </div>
   <div class='ocr_carea' id='block_1_50' title="bbox 526 2641 2132 2724">
    <p class='ocr_par' dir='ltr' id='par_1_50' title="bbox 526 2641 2111 2718">
     <span class='ocr_line' id='line_1_50' title="bbox 526 2641 2111 2718; baseline 0.006 -23"><span class='ocrx_word' id='word_1_422' title='bbox 526 2656 656 2710; x_wconf 86' lang='lat' dir='ltr'><strong>ergo</strong></span> <span class='ocrx_word' id='word_1_423' title='bbox 689 2641 744 2695; x_wconf 89' lang='lat' dir='ltr'><strong>in</strong></span> <span class='ocrx_word' id='word_1_424' title='bbox 782 2641 1025 2709; x_wconf 89' lang='lat' dir='ltr'><strong>deserto,</strong></span> <span class='ocrx_word' id='word_1_425' title='bbox 1074 2655 1131 2699; x_wconf 91' lang='lat' dir='ltr'><strong>et</strong></span> <span class='ocrx_word' id='word_1_426' title='bbox 1157 2654 1302 2700; x_wconf 87' lang='lat' dir='ltr'><strong>terra</strong></span> <span class='ocrx_word' id='word_1_427' title='bbox 1330 2663 1451 2716; x_wconf 67' lang='lat' dir='ltr'><strong>quae</strong></span> <span class='ocrx_word' id='word_1_428' title='bbox 1495 2648 1672 2718; x_wconf 91' lang='lat' dir='ltr'><strong>ipsum</strong></span> <span class='ocrx_word' id='word_1_429' title='bbox 1714 2650 1980 2715; x_wconf 86' lang='lat' dir='ltr'><strong>continet,</strong></span> <span class='ocrx_word' id='word_1_430' title='bbox 2025 2659 2111 2706; x_wconf 89' lang='lat' dir='ltr'><strong>est</strong></span> 
     </span>
    </p>
   </div>
   <div class='ocr_carea' id='block_1_51' title="bbox 2199 2641 3805 2724">
    <p class='ocr_par' dir='ltr' id='par_1_51' title="bbox 2210 2647 3805 2724">
     <span class='ocr_line' id='line_1_51' title="bbox 2210 2647 3805 2724; baseline -0.005 -17"><span class='ocrx_word' id='word_1_431' title='bbox 2210 2654 2475 2708; x_wconf 85' lang='grc' dir='ltr'>πλεόνακε</span> <span class='ocrx_word' id='word_1_432' title='bbox 2517 2653 2627 2724; x_wconf 85' lang='grc' dir='ltr'>γὰρ</span> <span class='ocrx_word' id='word_1_433' title='bbox 2667 2654 2753 2721; x_wconf 76' lang='grc' dir='ltr'><strong>ἐφ’</strong></span> <span class='ocrx_word' id='word_1_434' title='bbox 2784 2653 2931 2723; x_wconf 79' lang='grc' dir='ltr'><strong>ἡμᾶς</strong></span> <span class='ocrx_word' id='word_1_435' title='bbox 2962 2651 3091 2714; x_wconf 79' lang='grc' dir='ltr'>τοὺς</span> <span class='ocrx_word' id='word_1_436' title='bbox 3131 2649 3191 2715; x_wconf 82' lang='grc' dir='ltr'>ἐξ</span> <span class='ocrx_word' id='word_1_437' title='bbox 3215 2649 3388 2701; x_wconf 87' lang='grc' dir='ltr'>ἐθνῶν</span> <span class='ocrx_word' id='word_1_438' title='bbox 3427 2647 3805 2719; x_wconf 81' lang='grc' dir='ltr'><strong>κεκλημένους</strong></span> 
     </span>
    </p>
   </div>
   <div class='ocr_carea' id='block_1_52' title="bbox 525 2734 2131 2818">
    <p class='ocr_par' dir='ltr' id='par_1_52' title="bbox 525 2734 2111 2811">
     <span class='ocr_line' id='line_1_52' title="bbox 525 2734 2111 2811; baseline 0.008 -25"><span class='ocrx_word' id='word_1_439' title='bbox 525 2742 733 2797; x_wconf 74' lang='lat' dir='ltr'><strong>sancta,</strong></span> <span class='ocrx_word' id='word_1_440' title='bbox 752 2734 974 2803; x_wconf 78' lang='lat' dir='ltr'><strong>Deoque</strong></span> <span class='ocrx_word' id='word_1_441' title='bbox 994 2746 1328 2793; x_wconf 87' lang='lat' dir='ltr'><strong>consecrata.</strong></span> <span class='ocrx_word' id='word_1_442' title='bbox 1360 2739 1529 2794; x_wconf 89' lang='lat' dir='ltr'><strong>Porro</strong></span> <span class='ocrx_word' id='word_1_443' title='bbox 1554 2741 1763 2811; x_wconf 75' lang='lat' dir='ltr'><strong>Moyses</strong></span> <span class='ocrx_word' id='word_1_444' title='bbox 1786 2756 2111 2798; x_wconf 86' lang='lat' dir='ltr'><strong>accessurus</strong></span> 
     </span>
    </p>
   </div>
   <div class='ocr_carea' id='block_1_53' title="bbox 2200 2734 3806 2818">
    <p class='ocr_par' dir='ltr' id='par_1_53' title="bbox 2210 2738 3806 2818">
     <span class='ocr_line' id='line_1_53' title="bbox 2210 2738 3806 2818; baseline -0.006 -17"><span class='ocrx_word' id='word_1_445' title='bbox 2210 2748 2303 2802; x_wconf 65' lang='grc' dir='ltr'><strong>τοῦ</strong></span> <span class='ocrx_word' id='word_1_446' title='bbox 2343 2748 2595 2817; x_wconf 83' lang='grc' dir='ltr'>Σωτῆρος</span> <span class='ocrx_word' id='word_1_447' title='bbox 2628 2747 2662 2818; x_wconf 76' lang='grc' dir='ltr'>ἡ</span> <span class='ocrx_word' id='word_1_448' title='bbox 2688 2746 2872 2817; x_wconf 87' lang='grc' dir='ltr'>χάρις,</span> <span class='ocrx_word' id='word_1_449' title='bbox 2912 2745 3005 2798; x_wconf 76' lang='grc' dir='ltr'>καὶ</span> <span class='ocrx_word' id='word_1_450' title='bbox 3030 2742 3272 2813; x_wconf 79' lang='grc' dir='ltr'>ποταμὸς</span> <span class='ocrx_word' id='word_1_451' title='bbox 3298 2738 3387 2796; x_wconf 66' lang='grc' dir='ltr'>οἷά</span> <span class='ocrx_word' id='word_1_452' title='bbox 3412 2758 3499 2805; x_wconf 88' lang='grc' dir='ltr'><strong>τις</strong></span> <span class='ocrx_word' id='word_1_453' title='bbox 3525 2744 3639 2803; x_wconf 81' lang='grc' dir='ltr'>τοῖς</span> <span class='ocrx_word' id='word_1_454' title='bbox 3664 2740 3806 2793; x_wconf 74' lang='grc' dir='ltr'>ἄνω-</span> 
     </span>
    </p>
   </div>
   <div class='ocr_carea' id='block_1_54' title="bbox 526 2825 2132 2905">
    <p class='ocr_par' dir='ltr' id='par_1_54' title="bbox 526 2825 2109 2905">
     <span class='ocr_line' id='line_1_54' title="bbox 526 2825 2109 2905; baseline 0.007 -26"><span class='ocrx_word' id='word_1_455' title='bbox 526 2825 843 2896; x_wconf 82' lang='lat' dir='ltr'><strong>impcditur,</strong></span> <span class='ocrx_word' id='word_1_456' title='bbox 864 2835 930 2883; x_wconf 74' lang='lat' dir='ltr'><strong>et</strong></span> <span class='ocrx_word' id='word_1_457' title='bbox 955 2836 1014 2882; x_wconf 89' lang='lat' dir='ltr'><strong>ut</strong></span> <span class='ocrx_word' id='word_1_458' title='bbox 1035 2829 1464 2885; x_wconf 83' lang='lat' dir='ltr'><strong>calceamentum</strong></span> <span class='ocrx_word' id='word_1_459' title='bbox 1505 2843 1670 2888; x_wconf 79' lang='lat' dir='ltr'><strong>exuat</strong></span> <span class='ocrx_word' id='word_1_460' title='bbox 1687 2833 1738 2888; x_wconf 90' lang='lat' dir='ltr'><strong>ei</strong></span> <span class='ocrx_word' id='word_1_461' title='bbox 1769 2834 2109 2905; x_wconf 65' lang='lat' dir='ltr'><strong>praecipitur.</strong></span> 
     </span>
    </p>
   </div>
   <div class='ocr_carea' id='block_1_55' title="bbox 2196 2825 3802 2905">
    <p class='ocr_par' dir='ltr' id='par_1_55' title="bbox 2212 2828 3802 2905">
     <span class='ocr_line' id='line_1_55' title="bbox 2212 2828 3802 2905; baseline -0.006 -14"><span class='ocrx_word' id='word_1_462' title='bbox 2212 2837 2303 2891; x_wconf 88' lang='grc' dir='ltr'><strong>θεν</strong></span> <span class='ocrx_word' id='word_1_463' title='bbox 2324 2836 2631 2900; x_wconf 78' lang='grc' dir='ltr'>ἐπικλύζων</span> <span class='ocrx_word' id='word_1_464' title='bbox 2657 2835 2862 2905; x_wconf 83' lang='grc' dir='ltr'>νάμασι</span> <span class='ocrx_word' id='word_1_465' title='bbox 2882 2832 3294 2903; x_wconf 80' lang='grc' dir='ltr'>καταμεθύσκει</span> <span class='ocrx_word' id='word_1_466' title='bbox 3313 2830 3607 2892; x_wconf 81' lang='grc' dir='ltr'>πλουσίως.</span> <span class='ocrx_word' id='word_1_467' title='bbox 3632 2828 3802 2882; x_wconf 77' lang='grc' dir='ltr'>Τοῦτό</span> 
     </span>
    </p>
   </div>
   <div class='ocr_carea' id='block_1_56' title="bbox 523 2920 2129 2997">
    <p class='ocr_par' dir='ltr' id='par_1_56' title="bbox 523 2920 2112 2995">
     <span class='ocr_line' id='line_1_56' title="bbox 523 2920 2112 2995; baseline 0.006 -23"><span class='ocrx_word' id='word_1_468' title='bbox 523 2920 653 2973; x_wconf 73' lang='lat' dir='ltr'><strong>llaec</strong></span> <span class='ocrx_word' id='word_1_469' title='bbox 677 2933 765 2974; x_wconf 83' lang='lat' dir='ltr'><strong>res</strong></span> <span class='ocrx_word' id='word_1_470' title='bbox 786 2927 872 2977; x_wconf 83' lang='lat' dir='ltr'><strong>est</strong></span> <span class='ocrx_word' id='word_1_471' title='bbox 897 2921 1089 2976; x_wconf 86' lang='lat' dir='ltr'><strong>mortis</strong></span> <span class='ocrx_word' id='word_1_472' title='bbox 1123 2930 1181 2977; x_wconf 87' lang='lat' dir='ltr'><strong>et</strong></span> <span class='ocrx_word' id='word_1_473' title='bbox 1208 2923 1580 2992; x_wconf 83' lang='lat' dir='ltr'><strong>corruptionis</strong></span> <span class='ocrx_word' id='word_1_474' title='bbox 1621 2924 1856 2995; x_wconf 83' lang='lat' dir='ltr'><strong>signum.</strong></span> <span class='ocrx_word' id='word_1_475' title='bbox 1887 2924 2112 2981; x_wconf 87' lang='lat' dir='ltr'><strong>Calcea-</strong></span> 
     </span>
    </p>
   </div>
   <div class='ocr_carea' id='block_1_57' title="bbox 2201 2920 3807 2997">
    <p class='ocr_par' dir='ltr' id='par_1_57' title="bbox 2212 2921 3807 2997">
     <span class='ocr_line' id='line_1_57' title="bbox 2212 2921 3807 2997; baseline -0.005 -14"><span class='ocrx_word' id='word_1_476' title='bbox 2212 2947 2294 2984; x_wconf 81' lang='grc' dir='ltr'><strong>τοι</strong></span> <span class='ocrx_word' id='word_1_477' title='bbox 2321 2931 2418 2982; x_wconf 80' lang='grc' dir='ltr'>καὶ</span> <span class='ocrx_word' id='word_1_478' title='bbox 2442 2930 2472 2981; x_wconf 88' lang='grc' dir='ltr'><strong>ὀ</strong></span> <span class='ocrx_word' id='word_1_479' title='bbox 2506 2926 2792 2989; x_wconf 73' lang='grc' dir='ltr'>θεσπέσιος</span> <span class='ocrx_word' id='word_1_480' title='bbox 2822 2927 2957 2997; x_wconf 73' lang='grc' dir='ltr'>ἡμῖν</span> <span class='ocrx_word' id='word_1_481' title='bbox 3001 2924 3193 2978; x_wconf 75' lang='grc' dir='ltr'>Δαῦίδ·</span> <span class='ocrx_word' id='word_1_482' title='bbox 3231 2943 3250 2975; x_wconf 79' lang='grc' dir='ltr'><strong>ι</strong></span> <span class='ocrx_word' id='word_1_483' title='bbox 3279 2921 3476 2977; x_wconf 82' lang='grc' dir='ltr'>Ἐθετο</span> <span class='ocrx_word' id='word_1_484' title='bbox 3518 2923 3807 2992; x_wconf 73' lang='grc' dir='ltr'>ποταμοὺς</span> 
     </span>
    </p>
   </div>
   <div class='ocr_carea' id='block_1_58' title="bbox 532 3012 2138 3091">
    <p class='ocr_par' dir='ltr' id='par_1_58' title="bbox 532 3014 2113 3088">
     <span class='ocr_line' id='line_1_58' title="bbox 532 3014 2113 3088; baseline 0.004 -21"><span class='ocrx_word' id='word_1_485' title='bbox 532 3022 772 3068; x_wconf 86' lang='lat' dir='ltr'><strong>mentum</strong></span> <span class='ocrx_word' id='word_1_486' title='bbox 798 3015 947 3069; x_wconf 89' lang='lat' dir='ltr'><strong>enim</strong></span> <span class='ocrx_word' id='word_1_487' title='bbox 999 3014 1058 3069; x_wconf 79' lang='lat' dir='ltr'><strong>tit</strong></span> <span class='ocrx_word' id='word_1_488' title='bbox 1104 3016 1173 3070; x_wconf 88' lang='lat' dir='ltr'><strong>ab</strong></span> <span class='ocrx_word' id='word_1_489' title='bbox 1195 3015 1411 3071; x_wconf 78' lang='lat' dir='ltr'><strong>exuviis</strong></span> <span class='ocrx_word' id='word_1_490' title='bbox 1434 3016 1550 3073; x_wconf 85' lang='lat' dir='ltr'><strong>sive</strong></span> <span class='ocrx_word' id='word_1_491' title='bbox 1580 3018 1830 3088; x_wconf 89' lang='lat' dir='ltr'><strong>reliquiis</strong></span> <span class='ocrx_word' id='word_1_492' title='bbox 1858 3018 2113 3074; x_wconf 85' lang='lat' dir='ltr'><strong>animalis</strong></span> 
     </span>
    </p>
   </div>
   <div class='ocr_carea' id='block_1_59' title="bbox 2200 3012 3806 3091">
    <p class='ocr_par' dir='ltr' id='par_1_59' title="bbox 2214 3012 3806 3091">
     <span class='ocr_line' id='line_1_59' title="bbox 2214 3012 3806 3091; baseline -0.004 -18"><span class='ocrx_word' id='word_1_493' title='bbox 2214 3019 2294 3081; x_wconf 82' lang='grc' dir='ltr'><strong>είς</strong></span> <span class='ocrx_word' id='word_1_494' title='bbox 2324 3018 2554 3091; x_wconf 73' lang='grc' dir='ltr'>ἔρημον,</span> <span class='ocrx_word' id='word_1_495' title='bbox 2581 3017 2678 3071; x_wconf 71' lang='grc' dir='ltr'>καὶ</span> <span class='ocrx_word' id='word_1_496' title='bbox 2708 3016 2812 3087; x_wconf 85' lang='grc' dir='ltr'>γῆν</span> <span class='ocrx_word' id='word_1_497' title='bbox 2852 3014 3198 3085; x_wconf 84' lang='grc' dir='ltr'>καρποφόρον</span> <span class='ocrx_word' id='word_1_498' title='bbox 3227 3015 3310 3076; x_wconf 83' lang='grc' dir='ltr'><strong>εἰς</strong></span> <span class='ocrx_word' id='word_1_499' title='bbox 3341 3012 3522 3084; x_wconf 74' lang='grc' dir='ltr'>ἅλμην</span> <span class='ocrx_word' id='word_1_500' title='bbox 3569 3012 3683 3066; x_wconf 74' lang='grc' dir='ltr'>ἀπὸ</span> <span class='ocrx_word' id='word_1_501' title='bbox 3705 3028 3806 3066; x_wconf 82' lang='grc' dir='ltr'>κα-</span> 
     </span>
    </p>
   </div>
   <div class='ocr_carea' id='block_1_60' title="bbox 531 3103 2137 3200">
    <p class='ocr_par' dir='ltr' id='par_1_60' title="bbox 531 3106 2113 3182">
     <span class='ocr_line' id='line_1_60' title="bbox 531 3106 2113 3182; baseline 0.004 -22"><span class='ocrx_word' id='word_1_502' title='bbox 531 3106 753 3161; x_wconf 88' lang='lat' dir='ltr'><strong>mortui.</strong></span> <span class='ocrx_word' id='word_1_503' title='bbox 776 3106 948 3178; x_wconf 87' lang='lat' dir='ltr'><strong>igitur</strong></span> <span class='ocrx_word' id='word_1_504' title='bbox 966 3108 1362 3164; x_wconf 84' lang='lat' dir='ltr'><strong>inaccessibilis</strong></span> <span class='ocrx_word' id='word_1_505' title='bbox 1381 3108 1637 3166; x_wconf 84' lang='lat' dir='ltr'><strong>Christus</strong></span> <span class='ocrx_word' id='word_1_506' title='bbox 1656 3120 1741 3168; x_wconf 86' lang='lat' dir='ltr'><strong>est</strong></span> <span class='ocrx_word' id='word_1_507' title='bbox 1777 3112 1846 3167; x_wconf 90' lang='lat' dir='ltr'><strong>iis</strong></span> <span class='ocrx_word' id='word_1_508' title='bbox 1874 3113 1970 3182; x_wconf 85' lang='lat' dir='ltr'><strong>qui</strong></span> <span class='ocrx_word' id='word_1_509' title='bbox 2009 3112 2113 3167; x_wconf 86' lang='lat' dir='ltr'><strong>sub</strong></span> 
     </span>
    </p>
   </div>
   <div class='ocr_carea' id='block_1_61' title="bbox 2203 3103 3809 3200">
    <p class='ocr_par' dir='ltr' id='par_1_61' title="bbox 2216 3103 3809 3178">
     <span class='ocr_line' id='line_1_61' title="bbox 2216 3103 3809 3178; baseline -0.004 -14"><span class='ocrx_word' id='word_1_510' title='bbox 2216 3110 2338 3173; x_wconf 83' lang='grc' dir='ltr'>κίας</span> <span class='ocrx_word' id='word_1_511' title='bbox 2367 3110 2476 3163; x_wconf 87' lang='grc' dir='ltr'><strong>τῶν</strong></span> <span class='ocrx_word' id='word_1_512' title='bbox 2503 3107 2854 3162; x_wconf 81' lang='grc' dir='ltr'>ἐνοικούντων</span> <span class='ocrx_word' id='word_1_513' title='bbox 2882 3109 2940 3161; x_wconf 78' lang='grc' dir='ltr'><strong>ὲν</strong></span> <span class='ocrx_word' id='word_1_514' title='bbox 2964 3106 3119 3177; x_wconf 77' lang='grc' dir='ltr'>αὐτῇ.</span> <span class='ocrx_word' id='word_1_515' title='bbox 3150 3123 3169 3155; x_wconf 75' lang='grc' dir='ltr'><strong>ι</strong></span> <span class='ocrx_word' id='word_1_516' title='bbox 3208 3105 3297 3158; x_wconf 85' lang='grc' dir='ltr'>Ἑν</span> <span class='ocrx_word' id='word_1_517' title='bbox 3336 3104 3528 3178; x_wconf 82' lang='grc' dir='ltr'>ἐρήμῳ</span> <span class='ocrx_word' id='word_1_518' title='bbox 3570 3103 3755 3157; x_wconf 85' lang='grc' dir='ltr'>τοίνυν</span> <span class='ocrx_word' id='word_1_519' title='bbox 3780 3105 3809 3157; x_wconf 76' lang='lat'><strong>6</strong></span> 
     </span>
    </p>
   </div>
   <div class='ocr_carea' id='block_1_62' title="bbox 528 3196 2134 3274">
    <p class='ocr_par' dir='ltr' id='par_1_62' title="bbox 528 3199 2112 3274">
     <span class='ocr_line' id='line_1_62' title="bbox 528 3199 2112 3274; baseline 0.003 -20"><span class='ocrx_word' id='word_1_520' title='bbox 528 3200 648 3269; x_wconf 80' lang='lat' dir='ltr'><strong>lege</strong></span> <span class='ocrx_word' id='word_1_521' title='bbox 674 3207 824 3263; x_wconf 87' lang='lat' dir='ltr'><strong>sunt,</strong></span> <span class='ocrx_word' id='word_1_522' title='bbox 869 3206 928 3254; x_wconf 89' lang='lat' dir='ltr'><strong>et</strong></span> <span class='ocrx_word' id='word_1_523' title='bbox 979 3199 1084 3256; x_wconf 88' lang='lat' dir='ltr'><strong>sub</strong></span> <span class='ocrx_word' id='word_1_524' title='bbox 1109 3200 1455 3273; x_wconf 71' lang='lat' dir='ltr'><strong>paedagogico</strong></span> <span class='ocrx_word' id='word_1_525' title='bbox 1491 3203 1662 3258; x_wconf 89' lang='lat' dir='ltr'><strong>cultu.</strong></span> <span class='ocrx_word' id='word_1_526' title='bbox 1698 3203 1929 3274; x_wconf 88' lang='lat' dir='ltr'><strong>Oportet</strong></span> <span class='ocrx_word' id='word_1_527' title='bbox 1963 3204 2112 3259; x_wconf 90' lang='lat' dir='ltr'><strong>enim</strong></span> 
     </span>
    </p>
   </div>
   <div class='ocr_carea' id='block_1_63' title="bbox 2206 3196 3812 3274">
    <p class='ocr_par' dir='ltr' id='par_1_63' title="bbox 2217 3196 3812 3272">
     <span class='ocr_line' id='line_1_63' title="bbox 2217 3196 3812 3272; baseline -0.004 -17"><span class='ocrx_word' id='word_1_528' title='bbox 2217 3200 2397 3272; x_wconf 82' lang='grc' dir='ltr'>βάτος,</span> <span class='ocrx_word' id='word_1_529' title='bbox 2423 3202 2515 3255; x_wconf 78' lang='grc' dir='ltr'>καὶ</span> <span class='ocrx_word' id='word_1_530' title='bbox 2551 3201 2679 3271; x_wconf 80' lang='grc' dir='ltr'>ἁγία</span> <span class='ocrx_word' id='word_1_531' title='bbox 2708 3200 2896 3253; x_wconf 73' lang='grc' dir='ltr'>λοιπὸν</span> <span class='ocrx_word' id='word_1_532' title='bbox 2926 3201 2958 3271; x_wconf 81' lang='grc' dir='ltr'>ἡ</span> <span class='ocrx_word' id='word_1_533' title='bbox 2998 3197 3186 3253; x_wconf 79' lang='grc' dir='ltr'>τοῦτον</span> <span class='ocrx_word' id='word_1_534' title='bbox 3211 3197 3413 3268; x_wconf 79' lang='grc' dir='ltr'>ἔχουσα</span> <span class='ocrx_word' id='word_1_535' title='bbox 3436 3198 3530 3267; x_wconf 86' lang='grc' dir='ltr'>γῆ,</span> <span class='ocrx_word' id='word_1_536' title='bbox 3566 3196 3812 3267; x_wconf 69' lang='grc' dir='ltr'>καὶίερὰ</span> 
     </span>
    </p>
   </div>
   <div class='ocr_carea' id='block_1_64' title="bbox 528 3287 2134 3365">
    <p class='ocr_par' dir='ltr' id='par_1_64' title="bbox 528 3290 2113 3365">
     <span class='ocr_line' id='line_1_64' title="bbox 528 3290 2113 3365; baseline 0.006 -23"><span class='ocrx_word' id='word_1_537' title='bbox 528 3290 684 3358; x_wconf 87' lang='lat' dir='ltr'><strong>prius</strong></span> <span class='ocrx_word' id='word_1_538' title='bbox 732 3290 957 3345; x_wconf 85' lang='lat' dir='ltr'><strong>abluere</strong></span> <span class='ocrx_word' id='word_1_539' title='bbox 1011 3306 1230 3346; x_wconf 88' lang='lat' dir='ltr'><strong>omnem</strong></span> <span class='ocrx_word' id='word_1_540' title='bbox 1278 3293 1734 3362; x_wconf 86' lang='lat' dir='ltr'><strong>inquinationem,</strong></span> <span class='ocrx_word' id='word_1_541' title='bbox 1792 3296 2113 3365; x_wconf 83' lang='lat' dir='ltr'><strong>peccatique</strong></span> 
     </span>
    </p>
   </div>
   <div class='ocr_carea' id='block_1_65' title="bbox 2203 3287 3809 3365">
    <p class='ocr_par' dir='ltr' id='par_1_65' title="bbox 2214 3287 3809 3363">
     <span class='ocr_line' id='line_1_65' title="bbox 2214 3287 3809 3363; baseline -0.004 -19"><span class='ocrx_word' id='word_1_542' title='bbox 2214 3292 2291 3363; x_wconf 85' lang='grc' dir='ltr'>τῷ</span> <span class='ocrx_word' id='word_1_543' title='bbox 2323 3292 2461 3363; x_wconf 82' lang='grc' dir='ltr'><strong>Θεῷ.</strong></span> <span class='ocrx_word' id='word_1_544' title='bbox 2490 3293 2600 3346; x_wconf 77' lang='grc' dir='ltr'><strong>Καὶ</strong></span> <span class='ocrx_word' id='word_1_545' title='bbox 2621 3289 2862 3363; x_wconf 77' lang='grc' dir='ltr'>προσιὼν</span> <span class='ocrx_word' id='word_1_546' title='bbox 2887 3293 2916 3343; x_wconf 86' lang='lat'><strong>6</strong></span> <span class='ocrx_word' id='word_1_547' title='bbox 2938 3290 3143 3360; x_wconf 82' lang='grc' dir='ltr'>Μωσῆς</span> <span class='ocrx_word' id='word_1_548' title='bbox 3172 3288 3562 3349; x_wconf 84' lang='grc' dir='ltr'>ἀνακόπτεται,</span> <span class='ocrx_word' id='word_1_549' title='bbox 3592 3287 3689 3340; x_wconf 80' lang='grc' dir='ltr'>καὶ</span> <span class='ocrx_word' id='word_1_550' title='bbox 3708 3288 3809 3339; x_wconf 81' lang='grc' dir='ltr'><strong>τοῦ</strong></span> 
     </span>
    </p>
   </div>
   <div class='ocr_carea' id='block_1_66' title="bbox 535 3379 2141 3454">
    <p class='ocr_par' dir='ltr' id='par_1_66' title="bbox 535 3381 2115 3454">
     <span class='ocr_line' id='line_1_66' title="bbox 535 3381 2115 3454; baseline 0.004 -21"><span class='ocrx_word' id='word_1_551' title='bbox 535 3381 805 3435; x_wconf 83' lang='lat' dir='ltr'><strong>maculam</strong></span> <span class='ocrx_word' id='word_1_552' title='bbox 836 3381 1171 3452; x_wconf 87' lang='lat' dir='ltr'><strong>abstergere.</strong></span> <span class='ocrx_word' id='word_1_553' title='bbox 1195 3381 1333 3448; x_wconf 82' lang='lat' dir='ltr'><strong>Quia</strong></span> <span class='ocrx_word' id='word_1_554' title='bbox 1354 3400 1487 3439; x_wconf 88' lang='lat' dir='ltr'><strong>vero</strong></span> <span class='ocrx_word' id='word_1_555' title='bbox 1510 3385 1843 3454; x_wconf 88' lang='lat' dir='ltr'><strong>impossibile</strong></span> <span class='ocrx_word' id='word_1_556' title='bbox 1871 3394 1956 3440; x_wconf 90' lang='lat' dir='ltr'><strong>est</strong></span> <span class='ocrx_word' id='word_1_557' title='bbox 1989 3401 2115 3440; x_wconf 91' lang='lat' dir='ltr'><strong>san-</strong></span> 
     </span>
    </p>
   </div>
   <div class='ocr_carea' id='block_1_67' title="bbox 2203 3379 3809 3454">
    <p class='ocr_par' dir='ltr' id='par_1_67' title="bbox 2218 3379 3809 3454">
     <span class='ocr_line' id='line_1_67' title="bbox 2218 3379 3809 3454; baseline -0.003 -18"><span class='ocrx_word' id='word_1_558' title='bbox 2218 3384 2379 3447; x_wconf 78' lang='grc' dir='ltr'>ποεὸς</span> <span class='ocrx_word' id='word_1_559' title='bbox 2418 3384 2671 3438; x_wconf 81' lang='grc' dir='ltr'>ἀναλύειν</span> <span class='ocrx_word' id='word_1_560' title='bbox 2698 3382 3095 3454; x_wconf 82' lang='grc' dir='ltr'>προστάττεται</span> <span class='ocrx_word' id='word_1_561' title='bbox 3128 3382 3189 3434; x_wconf 81' lang='grc' dir='ltr'>τδ</span> <span class='ocrx_word' id='word_1_562' title='bbox 3218 3381 3489 3451; x_wconf 79' lang='grc' dir='ltr'><strong>ὑπόδημα.</strong></span> <span class='ocrx_word' id='word_1_563' title='bbox 3519 3379 3809 3449; x_wconf 78' lang='grc' dir='ltr'>Νεκρότη-</span> 
     </span>
    </p>
   </div>
   <div class='ocr_carea' id='block_1_68' title="bbox 530 3470 2136 3549">
    <p class='ocr_par' dir='ltr' id='par_1_68' title="bbox 530 3470 2112 3545">
     <span class='ocr_line' id='line_1_68' title="bbox 530 3470 2112 3545; baseline 0.005 -22"><span class='ocrx_word' id='word_1_564' title='bbox 530 3470 754 3542; x_wconf 84' lang='lat' dir='ltr'><strong>guinem</strong></span> <span class='ocrx_word' id='word_1_565' title='bbox 793 3478 1079 3527; x_wconf 82' lang='lat' dir='ltr'><strong>taurorum</strong></span> <span class='ocrx_word' id='word_1_566' title='bbox 1125 3482 1182 3528; x_wconf 89' lang='lat' dir='ltr'><strong>et</strong></span> <span class='ocrx_word' id='word_1_567' title='bbox 1228 3474 1510 3529; x_wconf 84' lang='lat' dir='ltr'><strong>hircorum</strong></span> <span class='ocrx_word' id='word_1_568' title='bbox 1561 3474 1780 3530; x_wconf 76' lang='lat' dir='ltr'><strong>auferre</strong></span> <span class='ocrx_word' id='word_1_569' title='bbox 1817 3484 2042 3545; x_wconf 90' lang='lat' dir='ltr'><strong>peccata</strong></span> <span class='ocrx_word' id='word_1_570' title='bbox 2066 3474 2112 3509; x_wconf 76' lang='grc'><strong>⁸³</strong></span> 
     </span>
    </p>
   </div>
   <div class='ocr_carea' id='block_1_69' title="bbox 2206 3470 3812 3549">
    <p class='ocr_par' dir='ltr' id='par_1_69' title="bbox 2215 3472 3812 3549">
     <span class='ocr_line' id='line_1_69' title="bbox 2215 3472 3812 3549; baseline -0.004 -19"><span class='ocrx_word' id='word_1_571' title='bbox 2215 3492 2306 3539; x_wconf 85' lang='grc' dir='ltr'><strong>τος</strong></span> <span class='ocrx_word' id='word_1_572' title='bbox 2331 3476 2387 3527; x_wconf 76' lang='grc' dir='ltr'><strong>δὲ</strong></span> <span class='ocrx_word' id='word_1_573' title='bbox 2418 3477 2509 3529; x_wconf 73' lang='grc' dir='ltr'>καὶ</span> <span class='ocrx_word' id='word_1_574' title='bbox 2531 3476 2737 3546; x_wconf 77' lang='grc' dir='ltr'>φθορᾶς</span> <span class='ocrx_word' id='word_1_575' title='bbox 2768 3479 2828 3531; x_wconf 82' lang='grc' dir='ltr'>τὸ</span> <span class='ocrx_word' id='word_1_576' title='bbox 2857 3477 3047 3549; x_wconf 85' lang='grc' dir='ltr'>χρῆμα</span> <span class='ocrx_word' id='word_1_577' title='bbox 3081 3476 3327 3543; x_wconf 81' lang='grc' dir='ltr'>σημεῖον,</span> <span class='ocrx_word' id='word_1_578' title='bbox 3354 3473 3510 3543; x_wconf 80' lang='grc' dir='ltr'>εἴπερ</span> <span class='ocrx_word' id='word_1_579' title='bbox 3544 3473 3669 3525; x_wconf 70' lang='grc' dir='ltr'>ἐστὶ</span> <span class='ocrx_word' id='word_1_580' title='bbox 3694 3472 3812 3524; x_wconf 75' lang='grc' dir='ltr'>πᾶν</span> 
     </span>
    </p>
   </div>
   <div class='ocr_carea' id='block_1_70' title="bbox 536 3560 2142 3639">
    <p class='ocr_par' dir='ltr' id='par_1_70' title="bbox 536 3560 2115 3639">
     <span class='ocr_line' id='line_1_70' title="bbox 536 3560 2115 3639; baseline 0.007 -25"><span class='ocrx_word' id='word_1_581' title='bbox 536 3560 742 3632; x_wconf 83' lang='lat' dir='ltr'><strong>(nullus</strong></span> <span class='ocrx_word' id='word_1_582' title='bbox 762 3561 913 3616; x_wconf 90' lang='lat' dir='ltr'><strong>enim</strong></span> <span class='ocrx_word' id='word_1_583' title='bbox 928 3562 1260 3632; x_wconf 71' lang='lat' dir='ltr'><strong>iustiﬁcetur</strong></span> <span class='ocrx_word' id='word_1_584' title='bbox 1274 3565 1333 3619; x_wconf 88' lang='lat' dir='ltr'><strong>in</strong></span> <span class='ocrx_word' id='word_1_585' title='bbox 1350 3565 1468 3636; x_wconf 88' lang='lat' dir='ltr'><strong>lege</strong></span> <span class='ocrx_word' id='word_1_586' title='bbox 1494 3566 1561 3637; x_wconf 79' lang='grc'><strong>⁸⁸)</strong></span> <span class='ocrx_word' id='word_1_587' title='bbox 1583 3605 1598 3631; x_wconf 94' lang='grc'><strong>,</strong></span> <span class='ocrx_word' id='word_1_588' title='bbox 1623 3566 1746 3623; x_wconf 89' lang='lat' dir='ltr'><strong>ideo</strong></span> <span class='ocrx_word' id='word_1_589' title='bbox 1768 3583 1893 3623; x_wconf 86' lang='lat' dir='ltr'><strong>cum</strong></span> <span class='ocrx_word' id='word_1_590' title='bbox 1916 3584 2115 3639; x_wconf 79' lang='lat' dir='ltr'><strong>pecca-</strong></span> 
     </span>
    </p>
   </div>
   <div class='ocr_carea' id='block_1_71' title="bbox 2210 3560 3816 3639">
    <p class='ocr_par' dir='ltr' id='par_1_71' title="bbox 2217 3564 3816 3638">
     <span class='ocr_line' id='line_1_71' title="bbox 2217 3564 3816 3638; baseline -0.004 -17"><span class='ocrx_word' id='word_1_591' title='bbox 2217 3568 2470 3637; x_wconf 77' lang='grc' dir='ltr'>ὑπόδημα</span> <span class='ocrx_word' id='word_1_592' title='bbox 2520 3569 2660 3631; x_wconf 75' lang='grc' dir='ltr'><strong>ζώου</strong></span> <span class='ocrx_word' id='word_1_593' title='bbox 2700 3569 2950 3638; x_wconf 77' lang='grc' dir='ltr'>λείψανον</span> <span class='ocrx_word' id='word_1_594' title='bbox 2996 3566 3316 3629; x_wconf 80' lang='grc' dir='ltr'>τεθνειῶτος</span> <span class='ocrx_word' id='word_1_595' title='bbox 3365 3565 3466 3635; x_wconf 62' lang='grc' dir='ltr'><strong>ἥδη</strong></span> <span class='ocrx_word' id='word_1_596' title='bbox 3525 3564 3620 3619; x_wconf 74' lang='grc' dir='ltr'>καὶ</span> <span class='ocrx_word' id='word_1_597' title='bbox 3675 3579 3816 3615; x_wconf 84' lang='grc' dir='ltr'>κατ-</span> 
     </span>
    </p>
   </div>
   <div class='ocr_carea' id='block_1_72' title="bbox 536 3653 2142 3731">
    <p class='ocr_par' dir='ltr' id='par_1_72' title="bbox 536 3653 2114 3730">
     <span class='ocr_line' id='line_1_72' title="bbox 536 3653 2114 3730; baseline 0.006 -23"><span class='ocrx_word' id='word_1_598' title='bbox 536 3664 648 3707; x_wconf 89' lang='lat' dir='ltr'><strong>tum</strong></span> <span class='ocrx_word' id='word_1_599' title='bbox 681 3653 925 3709; x_wconf 90' lang='lat' dir='ltr'><strong>nondum</strong></span> <span class='ocrx_word' id='word_1_600' title='bbox 948 3655 1321 3722; x_wconf 88' lang='lat' dir='ltr'><strong>sitabolitum,</strong></span> <span class='ocrx_word' id='word_1_601' title='bbox 1345 3672 1571 3713; x_wconf 89' lang='lat' dir='ltr'><strong>necesse</strong></span> <span class='ocrx_word' id='word_1_602' title='bbox 1593 3666 1678 3714; x_wconf 92' lang='lat' dir='ltr'><strong>est</strong></span> <span class='ocrx_word' id='word_1_603' title='bbox 1704 3661 2114 3730; x_wconf 89' lang='lat' dir='ltr'><strong>corruptionem</strong></span> 
     </span>
    </p>
   </div>
   <div class='ocr_carea' id='block_1_73' title="bbox 2206 3653 3812 3731">
    <p class='ocr_par' dir='ltr' id='par_1_73' title="bbox 2223 3655 3812 3731">
     <span class='ocr_line' id='line_1_73' title="bbox 2223 3655 3812 3731; baseline -0.001 -20"><span class='ocrx_word' id='word_1_604' title='bbox 2223 3657 2594 3730; x_wconf 79' lang='grc' dir='ltr'>εφθαρμένου.</span> <span class='ocrx_word' id='word_1_605' title='bbox 2644 3659 2968 3731; x_wconf 81' lang='grc' dir='ltr'>’Λπρόσιτος</span> <span class='ocrx_word' id='word_1_606' title='bbox 3001 3655 3095 3713; x_wconf 78' lang='grc' dir='ltr'><strong>οὖν</strong></span> <span class='ocrx_word' id='word_1_607' title='bbox 3126 3660 3153 3711; x_wconf 93' lang='lat'><strong>6</strong></span> <span class='ocrx_word' id='word_1_608' title='bbox 3184 3658 3420 3728; x_wconf 80' lang='grc' dir='ltr'>Χριστὸς</span> <span class='ocrx_word' id='word_1_609' title='bbox 3436 3659 3547 3718; x_wconf 80' lang='grc' dir='ltr'>τοῖς</span> <span class='ocrx_word' id='word_1_610' title='bbox 3561 3657 3619 3708; x_wconf 80' lang='grc' dir='ltr'>ἐν</span> <span class='ocrx_word' id='word_1_611' title='bbox 3633 3655 3812 3725; x_wconf 77' lang='grc' dir='ltr'>νόμῳ,</span> 
     </span>
    </p>
   </div>
   <div class='ocr_carea' id='block_1_74' title="bbox 530 3732 2136 3825">
    <p class='ocr_par' dir='ltr' id='par_1_74' title="bbox 530 3732 2114 3823">
     <span class='ocr_line' id='line_1_74' title="bbox 530 3732 2114 3823; baseline 0.005 -24"><span class='ocrx_word' id='word_1_612' title='bbox 530 3745 716 3803; x_wconf 87' lang='lat' dir='ltr'><strong>adhuc</strong></span> <span class='ocrx_word' id='word_1_613' title='bbox 746 3748 955 3818; x_wconf 89' lang='lat' dir='ltr'><strong>vigere,</strong></span> <span class='ocrx_word' id='word_1_614' title='bbox 1004 3756 1061 3804; x_wconf 92' lang='lat' dir='ltr'><strong>et</strong></span> <span class='ocrx_word' id='word_1_615' title='bbox 1107 3764 1207 3820; x_wconf 83' lang='lat' dir='ltr'><strong>per</strong></span> <span class='ocrx_word' id='word_1_616' title='bbox 1252 3732 1626 3821; x_wconf 75' lang='lat' dir='ltr'><strong>consequens,</strong></span> <span class='ocrx_word' id='word_1_617' title='bbox 1669 3750 1833 3823; x_wconf 66' lang='grc'><strong>264</strong></span> <span class='ocrx_word' id='word_1_618' title='bbox 1880 3760 2114 3807; x_wconf 81' lang='lat' dir='ltr'><strong>mortem</strong></span> 
     </span>
    </p>
   </div>
   <div class='ocr_carea' id='block_1_75' title="bbox 2210 3732 3816 3825">
    <p class='ocr_par' dir='ltr' id='par_1_75' title="bbox 2220 3746 3816 3825">
     <span class='ocr_line' id='line_1_75' title="bbox 2220 3746 3816 3825; baseline -0.003 -21"><span class='ocrx_word' id='word_1_619' title='bbox 2220 3753 2312 3804; x_wconf 72' lang='grc' dir='ltr'>καὶ</span> <span class='ocrx_word' id='word_1_620' title='bbox 2356 3754 2420 3822; x_wconf 82' lang='grc' dir='ltr'>τῇ</span> <span class='ocrx_word' id='word_1_621' title='bbox 2467 3752 2848 3822; x_wconf 82' lang='grc' dir='ltr'>παιδαγωγικῇ</span> <span class='ocrx_word' id='word_1_622' title='bbox 2895 3752 3137 3825; x_wconf 59' lang='grc' dir='ltr'>λατρεία.</span> <span class='ocrx_word' id='word_1_623' title='bbox 3186 3747 3659 3821; x_wconf 76' lang='grc' dir='ltr'>Προαπονίζεσθαι</span> <span class='ocrx_word' id='word_1_624' title='bbox 3697 3746 3816 3816; x_wconf 74' lang='grc' dir='ltr'>γὰρ</span> 
     </span>
    </p>
   </div>
   <div class='ocr_carea' id='block_1_76' title="bbox 534 3839 2140 3915">
    <p class='ocr_par' dir='ltr' id='par_1_76' title="bbox 534 3839 2115 3915">
     <span class='ocr_line' id='line_1_76' title="bbox 534 3839 2115 3915; baseline 0.004 -23"><span class='ocrx_word' id='word_1_625' title='bbox 534 3839 835 3895; x_wconf 87' lang='lat' dir='ltr'><strong>etiamnum</strong></span> <span class='ocrx_word' id='word_1_626' title='bbox 867 3839 1143 3898; x_wconf 85' lang='lat' dir='ltr'><strong>dominari</strong></span> <span class='ocrx_word' id='word_1_627' title='bbox 1183 3842 1238 3897; x_wconf 92' lang='lat' dir='ltr'><strong>in</strong></span> <span class='ocrx_word' id='word_1_628' title='bbox 1271 3842 1513 3912; x_wconf 90' lang='lat' dir='ltr'><strong>pollutis.</strong></span> <span class='ocrx_word' id='word_1_629' title='bbox 1545 3842 1777 3913; x_wconf 87' lang='lat' dir='ltr'><strong>Oportet</strong></span> <span class='ocrx_word' id='word_1_630' title='bbox 1813 3843 1982 3915; x_wconf 84' lang='lat' dir='ltr'><strong>igitur</strong></span> <span class='ocrx_word' id='word_1_631' title='bbox 2016 3859 2115 3899; x_wconf 90' lang='lat' dir='ltr'><strong>eos</strong></span> 
     </span>
    </p>
   </div>
   <div class='ocr_carea' id='block_1_77' title="bbox 2207 3839 3813 3915">
    <p class='ocr_par' dir='ltr' id='par_1_77' title="bbox 2221 3841 3813 3914">
     <span class='ocr_line' id='line_1_77' title="bbox 2221 3841 3813 3914; baseline -0.003 -16"><span class='ocrx_word' id='word_1_632' title='bbox 2221 3845 2433 3914; x_wconf 62' lang='grc' dir='ltr'>ἀνάγκη</span> <span class='ocrx_word' id='word_1_633' title='bbox 2488 3844 2578 3896; x_wconf 84' lang='grc' dir='ltr'>τὸν</span> <span class='ocrx_word' id='word_1_634' title='bbox 2629 3843 2925 3914; x_wconf 83' lang='grc' dir='ltr'>μολυσμὸν,</span> <span class='ocrx_word' id='word_1_635' title='bbox 2976 3844 3073 3899; x_wconf 69' lang='grc' dir='ltr'><strong>καὶ</strong></span> <span class='ocrx_word' id='word_1_636' title='bbox 3123 3844 3215 3898; x_wconf 83' lang='grc' dir='ltr'>τὸν</span> <span class='ocrx_word' id='word_1_637' title='bbox 3268 3844 3335 3895; x_wconf 86' lang='grc' dir='ltr'><strong>ἐκ</strong></span> <span class='ocrx_word' id='word_1_638' title='bbox 3386 3843 3486 3912; x_wconf 78' lang='grc' dir='ltr'>τῆς</span> <span class='ocrx_word' id='word_1_639' title='bbox 3526 3841 3813 3911; x_wconf 75' lang='grc' dir='ltr'>ἁμαρτίας</span> 
     </span>
    </p>
   </div>
   <div class='ocr_carea' id='block_1_78' title="bbox 535 3918 2141 4008">
    <p class='ocr_par' dir='ltr' id='par_1_78' title="bbox 535 3931 2117 4008">
     <span class='ocr_line' id='line_1_78' title="bbox 535 3931 2117 4008; baseline 0.006 -24"><span class='ocrx_word' id='word_1_640' title='bbox 535 3931 627 4001; x_wconf 85' lang='lat' dir='ltr'><strong>qui</strong></span> <span class='ocrx_word' id='word_1_641' title='bbox 653 3932 847 3987; x_wconf 87' lang='lat' dir='ltr'><strong>volunt</strong></span> <span class='ocrx_word' id='word_1_642' title='bbox 870 3932 1074 3989; x_wconf 86' lang='lat' dir='ltr'><strong>Christi</strong></span> <span class='ocrx_word' id='word_1_643' title='bbox 1101 3934 1421 4006; x_wconf 82' lang='lat' dir='ltr'><strong>mysterium</strong></span> <span class='ocrx_word' id='word_1_644' title='bbox 1445 3951 1798 4006; x_wconf 84' lang='lat' dir='ltr'><strong>cognoscere,</strong></span> <span class='ocrx_word' id='word_1_645' title='bbox 1823 3937 1974 4008; x_wconf 88' lang='lat' dir='ltr'><strong>prius</strong></span> <span class='ocrx_word' id='word_1_646' title='bbox 1995 3938 2117 3993; x_wconf 91' lang='lat' dir='ltr'><strong>cul-</strong></span> 
     </span>
    </p>
   </div>
   <div class='ocr_carea' id='block_1_79' title="bbox 2213 3918 3819 4008">
    <p class='ocr_par' dir='ltr' id='par_1_79' title="bbox 2219 3918 3819 4007">
     <span class='ocr_line' id='line_1_79' title="bbox 2219 3918 3819 4007; baseline -0.001 -17"><span class='ocrx_word' id='word_1_647' title='bbox 2219 3918 2721 4007; x_wconf 63' lang='grc' dir='ltr'>προαππρῖὅεσθαι</span> <span class='ocrx_word' id='word_1_648' title='bbox 2762 3936 2953 4006; x_wconf 68' lang='lat' dir='ltr'><strong>pom.</strong></span> <span class='ocrx_word' id='word_1_649' title='bbox 2990 3935 3098 3989; x_wconf 69' lang='grc' dir='ltr'><strong>Καὶ</strong></span> <span class='ocrx_word' id='word_1_650' title='bbox 3139 3934 3285 3988; x_wconf 82' lang='grc' dir='ltr'>ἐστιν</span> <span class='ocrx_word' id='word_1_651' title='bbox 3328 3936 3630 4004; x_wconf 78' lang='grc' dir='ltr'>ἀμήχανον,</span> <span class='ocrx_word' id='word_1_652' title='bbox 3666 3927 3819 4004; x_wconf 73' lang='grc' dir='ltr'>αἷμα</span> 
     </span>
    </p>
   </div>
   <div class='ocr_carea' id='block_1_80' title="bbox 536 4022 2142 4102">
    <p class='ocr_par' dir='ltr' id='par_1_80' title="bbox 536 4022 2119 4099">
     <span class='ocr_line' id='line_1_80' title="bbox 536 4022 2119 4099; baseline 0.006 -24"><span class='ocrx_word' id='word_1_653' title='bbox 536 4032 648 4076; x_wconf 87' lang='lat' dir='ltr'><strong>tum</strong></span> <span class='ocrx_word' id='word_1_654' title='bbox 682 4022 835 4077; x_wconf 86' lang='lat' dir='ltr'><strong>illum</strong></span> <span class='ocrx_word' id='word_1_655' title='bbox 862 4024 1213 4080; x_wconf 81' lang='lat' dir='ltr'><strong>umbratilem</strong></span> <span class='ocrx_word' id='word_1_656' title='bbox 1246 4034 1303 4081; x_wconf 90' lang='lat' dir='ltr'><strong>et</strong></span> <span class='ocrx_word' id='word_1_657' title='bbox 1350 4027 1612 4097; x_wconf 83' lang='lat' dir='ltr'><strong>typicum,</strong></span> <span class='ocrx_word' id='word_1_658' title='bbox 1662 4028 1757 4098; x_wconf 87' lang='lat' dir='ltr'><strong>qui</strong></span> <span class='ocrx_word' id='word_1_659' title='bbox 1794 4044 1972 4099; x_wconf 87' lang='lat' dir='ltr'><strong>neque</strong></span> <span class='ocrx_word' id='word_1_660' title='bbox 1996 4045 2119 4084; x_wconf 83' lang='lat' dir='ltr'><strong>cor-</strong></span> 
     </span>
    </p>
   </div>
   <div class='ocr_carea' id='block_1_81' title="bbox 2211 4022 3817 4102">
    <p class='ocr_par' dir='ltr' id='par_1_81' title="bbox 2218 4024 3817 4102">
     <span class='ocr_line' id='line_1_81' title="bbox 2218 4024 3817 4102; baseline -0.002 -21"><span class='ocrx_word' id='word_1_661' title='bbox 2218 4030 2435 4101; x_wconf 85' lang='grc' dir='ltr'>ταύρων</span> <span class='ocrx_word' id='word_1_662' title='bbox 2464 4031 2715 4102; x_wconf 76' lang='grc' dir='ltr'>ἀφαιρεῖν</span> <span class='ocrx_word' id='word_1_663' title='bbox 2739 4028 3035 4100; x_wconf 81' lang='grc' dir='ltr'>ἁμαρτίαν.</span> <span class='ocrx_word' id='word_1_664' title='bbox 3064 4027 3378 4081; x_wconf 79' lang='grc' dir='ltr'>Δικαιοῦται</span> <span class='ocrx_word' id='word_1_665' title='bbox 3407 4029 3518 4097; x_wconf 80' lang='grc' dir='ltr'>γὰρ</span> <span class='ocrx_word' id='word_1_666' title='bbox 3545 4024 3725 4087; x_wconf 74' lang='grc' dir='ltr'>οὐδεὶς</span> <span class='ocrx_word' id='word_1_667' title='bbox 3755 4027 3817 4078; x_wconf 71' lang='grc' dir='ltr'>ἐν</span> 
     </span>
    </p>
   </div>
   <div class='ocr_carea' id='block_1_82' title="bbox 538 4114 2144 4194">
    <p class='ocr_par' dir='ltr' id='par_1_82' title="bbox 538 4114 2121 4190">
     <span class='ocr_line' id='line_1_82' title="bbox 538 4114 2121 4190; baseline 0.006 -25"><span class='ocrx_word' id='word_1_668' title='bbox 538 4114 848 4181; x_wconf 73' lang='lat' dir='ltr'><strong>ruptionem</strong></span> <span class='ocrx_word' id='word_1_669' title='bbox 884 4129 1062 4184; x_wconf 88' lang='lat' dir='ltr'><strong>neque</strong></span> <span class='ocrx_word' id='word_1_670' title='bbox 1102 4124 1386 4184; x_wconf 87' lang='lat' dir='ltr'><strong>peccatum</strong></span> <span class='ocrx_word' id='word_1_671' title='bbox 1431 4133 1692 4187; x_wconf 87' lang='lat' dir='ltr'><strong>superare</strong></span> <span class='ocrx_word' id='word_1_672' title='bbox 1724 4129 1924 4189; x_wconf 88' lang='lat' dir='ltr'><strong>potest,</strong></span> <span class='ocrx_word' id='word_1_673' title='bbox 1946 4120 2121 4190; x_wconf 54' lang='grc' dir='ltr'>(ἱεροί</span> 
     </span>
    </p>
   </div>
   <div class='ocr_carea' id='block_1_83' title="bbox 2213 4114 3819 4194">
    <p class='ocr_par' dir='ltr' id='par_1_83' title="bbox 2220 4115 3819 4194">
     <span class='ocr_line' id='line_1_83' title="bbox 2220 4115 3819 4194; baseline -0.003 -20"><span class='ocrx_word' id='word_1_674' title='bbox 2220 4123 2389 4192; x_wconf 80' lang='grc' dir='ltr'>νόμῳ.</span> <span class='ocrx_word' id='word_1_675' title='bbox 2415 4122 2857 4194; x_wconf 83' lang='grc' dir='ltr'>Κατηργημένης</span> <span class='ocrx_word' id='word_1_676' title='bbox 2883 4121 2939 4173; x_wconf 78' lang='grc' dir='ltr'><strong>δὲ</strong></span> <span class='ocrx_word' id='word_1_677' title='bbox 2970 4118 3124 4174; x_wconf 78' lang='grc' dir='ltr'>οΰπω</span> <span class='ocrx_word' id='word_1_678' title='bbox 3154 4123 3253 4190; x_wconf 83' lang='grc' dir='ltr'>τῆς</span> <span class='ocrx_word' id='word_1_679' title='bbox 3274 4118 3567 4190; x_wconf 79' lang='grc' dir='ltr'>ἁμαρτίας,</span> <span class='ocrx_word' id='word_1_680' title='bbox 3601 4115 3819 4187; x_wconf 73' lang='grc' dir='ltr'>ἰσχύειν</span> 
     </span>
    </p>
   </div>
   <div class='ocr_carea' id='block_1_84' title="bbox 539 4201 2145 4285">
    <p class='ocr_par' dir='ltr' id='par_1_84' title="bbox 539 4201 2118 4285">
     <span class='ocr_line' id='line_1_84' title="bbox 539 4201 2118 4285; baseline 0.009 -33"><span class='ocrx_word' id='word_1_681' title='bbox 539 4215 693 4255; x_wconf 84' lang='lat' dir='ltr'><strong>nere.</strong></span> <span class='ocrx_word' id='word_1_682' title='bbox 741 4201 897 4285; x_wconf 82' lang='lat' dir='ltr'><strong>Tunc</strong></span> <span class='ocrx_word' id='word_1_683' title='bbox 923 4204 1074 4257; x_wconf 89' lang='lat' dir='ltr'><strong>enim</strong></span> <span class='ocrx_word' id='word_1_684' title='bbox 1112 4204 1436 4275; x_wconf 85' lang='lat' dir='ltr'><strong>intelligent,</strong></span> <span class='ocrx_word' id='word_1_685' title='bbox 1478 4216 1642 4277; x_wconf 86' lang='lat' dir='ltr'><strong>atque</strong></span> <span class='ocrx_word' id='word_1_686' title='bbox 1666 4209 1804 4264; x_wconf 89' lang='lat' dir='ltr'><strong>adeo</strong></span> <span class='ocrx_word' id='word_1_687' title='bbox 1833 4211 1887 4264; x_wconf 90' lang='lat' dir='ltr'><strong>in</strong></span> <span class='ocrx_word' id='word_1_688' title='bbox 1913 4220 2118 4266; x_wconf 87' lang='lat' dir='ltr'><strong>terram</strong></span> 
     </span>
    </p>
   </div>
   <div class='ocr_carea' id='block_1_85' title="bbox 2209 4201 3815 4285">
    <p class='ocr_par' dir='ltr' id='par_1_85' title="bbox 2221 4208 3815 4285">
     <span class='ocr_line' id='line_1_85' title="bbox 2221 4208 3815 4285; baseline -0.004 -18"><span class='ocrx_word' id='word_1_689' title='bbox 2221 4214 2432 4284; x_wconf 80' lang='grc' dir='ltr'><strong>ἀνάγκη</strong></span> <span class='ocrx_word' id='word_1_690' title='bbox 2463 4214 2562 4284; x_wconf 78' lang='grc' dir='ltr'><strong>τὴν</strong></span> <span class='ocrx_word' id='word_1_691' title='bbox 2596 4213 2824 4285; x_wconf 76' lang='grc' dir='ltr'>φθορὰν,</span> <span class='ocrx_word' id='word_1_692' title='bbox 2875 4213 2967 4267; x_wconf 76' lang='grc' dir='ltr'>καὶ</span> <span class='ocrx_word' id='word_1_693' title='bbox 3010 4215 3377 4283; x_wconf 79' lang='grc' dir='ltr'>κατακρατεῖν</span> <span class='ocrx_word' id='word_1_694' title='bbox 3426 4209 3536 4263; x_wconf 82' lang='grc' dir='ltr'><strong>τῶν</strong></span> <span class='ocrx_word' id='word_1_695' title='bbox 3568 4208 3815 4279; x_wconf 75' lang='grc' dir='ltr'>μεμολυο</span> 
     </span>
    </p>
   </div>
   <div class='ocr_carea' id='block_1_86' title="bbox 539 4284 2145 4374">
    <p class='ocr_par' dir='ltr' id='par_1_86' title="bbox 539 4284 2120 4361">
     <span class='ocr_line' id='line_1_86' title="bbox 539 4284 2120 4361; baseline 0.01 -19"><span class='ocrx_word' id='word_1_696' title='bbox 539 4297 782 4343; x_wconf 79' lang='lat' dir='ltr'><strong>sanctam</strong></span> <span class='ocrx_word' id='word_1_697' title='bbox 810 4284 1211 4361; x_wconf 75' lang='lat' dir='ltr'><strong>ingredientur.</strong></span> <span class='ocrx_word' id='word_1_698' title='bbox 1239 4294 1345 4350; x_wconf 89' lang='lat' dir='ltr'><strong>hoc</strong></span> <span class='ocrx_word' id='word_1_699' title='bbox 1380 4305 1486 4361; x_wconf 90' lang='lat' dir='ltr'><strong>est,</strong></span> <span class='ocrx_word' id='word_1_700' title='bbox 1522 4298 1578 4351; x_wconf 87' lang='lat' dir='ltr'><strong>in</strong></span> <span class='ocrx_word' id='word_1_701' title='bbox 1613 4299 1936 4356; x_wconf 76' lang='lat' dir='ltr'><strong>Ecclesium.</strong></span> <span class='ocrx_word' id='word_1_702' title='bbox 1983 4303 2120 4358; x_wconf 85' lang='lat' dir='ltr'><strong>Nam</strong></span> 
     </span>
    </p>
   </div>
   <div class='ocr_carea' id='block_1_87' title="bbox 2214 4284 3820 4374">
    <p class='ocr_par' dir='ltr' id='par_1_87' title="bbox 2224 4284 3820 4374">
     <span class='ocr_line' id='line_1_87' title="bbox 2224 4284 3820 4374; baseline -0.003 -18"><span class='ocrx_word' id='word_1_703' title='bbox 2224 4304 2438 4374; x_wconf 84' lang='grc' dir='ltr'>σμένων</span> <span class='ocrx_word' id='word_1_704' title='bbox 2472 4304 2554 4357; x_wconf 69' lang='grc' dir='ltr'>ἔτι</span> <span class='ocrx_word' id='word_1_705' title='bbox 2595 4284 2985 4357; x_wconf 14' lang='grc' dir='ltr'>τδνίθάνατον.</span> <span class='ocrx_word' id='word_1_706' title='bbox 3026 4304 3119 4356; x_wconf 81' lang='grc' dir='ltr'>Δεῖ</span> <span class='ocrx_word' id='word_1_707' title='bbox 3145 4302 3209 4374; x_wconf 81' lang='grc' dir='ltr'><strong>δὴ</strong></span> <span class='ocrx_word' id='word_1_708' title='bbox 3243 4298 3336 4356; x_wconf 80' lang='grc' dir='ltr'><strong>οὖν</strong></span> <span class='ocrx_word' id='word_1_709' title='bbox 3376 4302 3483 4372; x_wconf 74' lang='grc' dir='ltr'>ἄρα</span> <span class='ocrx_word' id='word_1_710' title='bbox 3527 4301 3654 4362; x_wconf 75' lang='grc' dir='ltr'>τοὺς</span> <span class='ocrx_word' id='word_1_711' title='bbox 3676 4299 3820 4353; x_wconf 79' lang='grc' dir='ltr'><strong>ίδείν</strong></span> 
     </span>
    </p>
   </div>
   <div class='ocr_carea' id='block_1_88' title="bbox 539 4381 2145 4469">
    <p class='ocr_par' dir='ltr' id='par_1_88' title="bbox 539 4381 2117 4461">
     <span class='ocr_line' id='line_1_88' title="bbox 539 4381 2117 4461; baseline 0.011 -29"><span class='ocrx_word' id='word_1_712' title='bbox 539 4381 685 4451; x_wconf 79' lang='lat' dir='ltr'><strong>quod</strong></span> <span class='ocrx_word' id='word_1_713' title='bbox 719 4382 831 4445; x_wconf 84' lang='lat' dir='ltr'><strong>isti,</strong></span> <span class='ocrx_word' id='word_1_714' title='bbox 879 4384 973 4453; x_wconf 91' lang='lat' dir='ltr'><strong>qui</strong></span> <span class='ocrx_word' id='word_1_715' title='bbox 1027 4385 1273 4439; x_wconf 87' lang='lat' dir='ltr'><strong>nondum</strong></span> <span class='ocrx_word' id='word_1_716' title='bbox 1309 4387 1480 4442; x_wconf 90' lang='lat' dir='ltr'><strong>cultui</strong></span> <span class='ocrx_word' id='word_1_717' title='bbox 1525 4390 1660 4459; x_wconf 87' lang='lat' dir='ltr'><strong>legis</strong></span> <span class='ocrx_word' id='word_1_718' title='bbox 1708 4394 2117 4461; x_wconf 70' lang='lat' dir='ltr'><strong>renuntiarunt,</strong></span> 
     </span>
    </p>
   </div>
   <div class='ocr_carea' id='block_1_89' title="bbox 2218 4381 3824 4469">
    <p class='ocr_par' dir='ltr' id='par_1_89' title="bbox 2225 4393 3824 4469">
     <span class='ocr_line' id='line_1_89' title="bbox 2225 4393 3824 4469; baseline -0.001 -21"><span class='ocrx_word' id='word_1_719' title='bbox 2225 4396 2509 4459; x_wconf 74' lang='grc' dir='ltr'>ἐθέλοντας</span> <span class='ocrx_word' id='word_1_720' title='bbox 2535 4396 2595 4449; x_wconf 81' lang='grc' dir='ltr'>τὸ</span> <span class='ocrx_word' id='word_1_721' title='bbox 2629 4396 2865 4467; x_wconf 78' lang='grc' dir='ltr'>Χριστοῦ</span> <span class='ocrx_word' id='word_1_722' title='bbox 2901 4398 3221 4469; x_wconf 74' lang='grc' dir='ltr'>μυστήριον,</span> <span class='ocrx_word' id='word_1_723' title='bbox 3260 4395 3361 4467; x_wconf 82' lang='grc' dir='ltr'>τὴν</span> <span class='ocrx_word' id='word_1_724' title='bbox 3398 4397 3456 4448; x_wconf 81' lang='grc' dir='ltr'><strong>ἐν</strong></span> <span class='ocrx_word' id='word_1_725' title='bbox 3492 4394 3682 4454; x_wconf 80' lang='grc' dir='ltr'>τύποις</span> <span class='ocrx_word' id='word_1_726' title='bbox 3719 4393 3824 4447; x_wconf 78' lang='grc' dir='ltr'>καὶ</span> 
     </span>
    </p>
   </div>
   <div class='ocr_carea' id='block_1_90' title="bbox 539 4474 2145 4561">
    <p class='ocr_par' dir='ltr' id='par_1_90' title="bbox 539 4474 2121 4557">
     <span class='ocr_line' id='line_1_90' title="bbox 539 4474 2121 4557; baseline 0.01 -30"><span class='ocrx_word' id='word_1_727' title='bbox 539 4474 890 4530; x_wconf 84' lang='lat' dir='ltr'><strong>detineantur</strong></span> <span class='ocrx_word' id='word_1_728' title='bbox 926 4476 1109 4535; x_wconf 86' lang='lat' dir='ltr'><strong>adhuc</strong></span> <span class='ocrx_word' id='word_1_729' title='bbox 1146 4478 1200 4533; x_wconf 87' lang='lat' dir='ltr'><strong>in</strong></span> <span class='ocrx_word' id='word_1_730' title='bbox 1238 4476 1612 4551; x_wconf 80' lang='lat' dir='ltr'><strong>corruptione,</strong></span> <span class='ocrx_word' id='word_1_731' title='bbox 1636 4484 1814 4553; x_wconf 84' lang='lat' dir='ltr'><strong>palam</strong></span> <span class='ocrx_word' id='word_1_732' title='bbox 1854 4486 1981 4541; x_wconf 80' lang='lat' dir='ltr'><strong>fecit</strong></span> <span class='ocrx_word' id='word_1_733' title='bbox 2005 4488 2121 4557; x_wconf 85' lang='lat' dir='ltr'><strong>ipse</strong></span> 
     </span>
    </p>
   </div>
   <div class='ocr_carea' id='block_1_91' title="bbox 2210 4474 3816 4561">
    <p class='ocr_par' dir='ltr' id='par_1_91' title="bbox 2226 4486 3816 4561">
     <span class='ocr_line' id='line_1_91' title="bbox 2226 4486 3816 4561; baseline -0.002 -19"><span class='ocrx_word' id='word_1_734' title='bbox 2226 4493 2403 4553; x_wconf 89' lang='grc' dir='ltr'>σκιαῖς</span> <span class='ocrx_word' id='word_1_735' title='bbox 2455 4490 2863 4561; x_wconf 81' lang='grc' dir='ltr'>προαποοέσθαι</span> <span class='ocrx_word' id='word_1_736' title='bbox 2913 4489 3189 4561; x_wconf 84' lang='grc' dir='ltr'>λατρείαν,</span> <span class='ocrx_word' id='word_1_737' title='bbox 3230 4488 3330 4560; x_wconf 79' lang='grc' dir='ltr'>τὴν</span> <span class='ocrx_word' id='word_1_738' title='bbox 3384 4488 3520 4557; x_wconf 77' lang='grc' dir='ltr'>μήτε</span> <span class='ocrx_word' id='word_1_739' title='bbox 3578 4486 3816 4554; x_wconf 79' lang='grc' dir='ltr'>φθορᾶς,</span> 
     </span>
    </p>
   </div>
   <div class='ocr_carea' id='block_1_92' title="bbox 539 4566 2145 4653">
    <p class='ocr_par' dir='ltr' id='par_1_92' title="bbox 539 4566 2120 4653">
     <span class='ocr_line' id='line_1_92' title="bbox 539 4566 2120 4653; baseline 0.009 -31"><span class='ocrx_word' id='word_1_740' title='bbox 539 4566 790 4622; x_wconf 84' lang='lat' dir='ltr'><strong>Christus</strong></span> <span class='ocrx_word' id='word_1_741' title='bbox 818 4584 831 4619; x_wconf 92' lang='lat'><strong>:</strong></span> <span class='ocrx_word' id='word_1_742' title='bbox 875 4586 893 4617; x_wconf 89' lang='grc'><strong><em>‹</em></strong></span> <span class='ocrx_word' id='word_1_743' title='bbox 921 4569 1115 4633; x_wconf 82' lang='lat' dir='ltr'><strong>Amen,</strong></span> <span class='ocrx_word' id='word_1_744' title='bbox 1155 4584 1312 4653; x_wconf 80' lang='lat' dir='ltr'><strong>amen</strong></span> <span class='ocrx_word' id='word_1_745' title='bbox 1334 4573 1459 4629; x_wconf 91' lang='lat' dir='ltr'><strong>dico</strong></span> <span class='ocrx_word' id='word_1_746' title='bbox 1490 4575 1647 4632; x_wconf 84' lang='lat' dir='ltr'><strong>vobis</strong></span> <span class='ocrx_word' id='word_1_747' title='bbox 1679 4595 1694 4630; x_wconf 90' lang='lat'>:</span> <span class='ocrx_word' id='word_1_748' title='bbox 1728 4578 1785 4633; x_wconf 85' lang='lat' dir='ltr'><strong>Si</strong></span> <span class='ocrx_word' id='word_1_749' title='bbox 1809 4595 1921 4635; x_wconf 84' lang='lat' dir='ltr'><strong>non</strong></span> <span class='ocrx_word' id='word_1_750' title='bbox 1960 4597 2120 4636; x_wconf 81' lang='lat' dir='ltr'><strong>man-</strong></span> 
     </span>
    </p>
   </div>
   <div class='ocr_carea' id='block_1_93' title="bbox 2217 4566 3823 4653">
    <p class='ocr_par' dir='ltr' id='par_1_93' title="bbox 2228 4576 3823 4653">
     <span class='ocr_line' id='line_1_93' title="bbox 2228 4576 3823 4653; baseline -0.003 -18"><span class='ocrx_word' id='word_1_751' title='bbox 2228 4582 2365 4653; x_wconf 82' lang='grc' dir='ltr'>μήτε</span> <span class='ocrx_word' id='word_1_752' title='bbox 2394 4581 2667 4652; x_wconf 84' lang='grc' dir='ltr'>ἁμαρτίας</span> <span class='ocrx_word' id='word_1_753' title='bbox 2704 4583 3008 4651; x_wconf 84' lang='grc' dir='ltr'>κρείττονα.</span> <span class='ocrx_word' id='word_1_754' title='bbox 3037 4583 3267 4651; x_wconf 82' lang='grc' dir='ltr'>Συνὴσει</span> <span class='ocrx_word' id='word_1_755' title='bbox 3293 4579 3401 4649; x_wconf 79' lang='grc' dir='ltr'><strong>γάρ</strong></span> <span class='ocrx_word' id='word_1_756' title='bbox 3433 4578 3575 4641; x_wconf 75' lang='grc' dir='ltr'>τότε,</span> <span class='ocrx_word' id='word_1_757' title='bbox 3605 4576 3702 4629; x_wconf 78' lang='grc' dir='ltr'>καὶ</span> <span class='ocrx_word' id='word_1_758' title='bbox 3733 4578 3823 4640; x_wconf 82' lang='grc' dir='ltr'><strong>είς</strong></span> 
     </span>
    </p>
   </div>
   <div class='ocr_carea' id='block_1_94' title="bbox 539 4657 2145 4744">
    <p class='ocr_par' dir='ltr' id='par_1_94' title="bbox 539 4657 2124 4744">
     <span class='ocr_line' id='line_1_94' title="bbox 539 4657 2124 4744; baseline 0.011 -32"><span class='ocrx_word' id='word_1_759' title='bbox 539 4657 874 4713; x_wconf 86' lang='lat' dir='ltr'><strong>ducaveritis</strong></span> <span class='ocrx_word' id='word_1_760' title='bbox 895 4674 1114 4715; x_wconf 77' lang='lat' dir='ltr'><strong>carnem</strong></span> <span class='ocrx_word' id='word_1_761' title='bbox 1149 4661 1272 4717; x_wconf 86' lang='lat' dir='ltr'><strong>Filii</strong></span> <span class='ocrx_word' id='word_1_762' title='bbox 1313 4664 1571 4732; x_wconf 89' lang='lat' dir='ltr'><strong>hominis,</strong></span> <span class='ocrx_word' id='word_1_763' title='bbox 1601 4676 1658 4723; x_wconf 91' lang='lat' dir='ltr'><strong>et</strong></span> <span class='ocrx_word' id='word_1_764' title='bbox 1694 4669 1947 4728; x_wconf 89' lang='lat' dir='ltr'><strong>biberitis</strong></span> <span class='ocrx_word' id='word_1_765' title='bbox 1999 4675 2124 4744; x_wconf 84' lang='lat' dir='ltr'><strong>ejus</strong></span> 
     </span>
    </p>
   </div>
   <div class='ocr_carea' id='block_1_95' title="bbox 2211 4657 3817 4744">
    <p class='ocr_par' dir='ltr' id='par_1_95' title="bbox 2224 4669 3817 4743">
     <span class='ocr_line' id='line_1_95' title="bbox 2224 4669 3817 4743; baseline -0.001 -18"><span class='ocrx_word' id='word_1_766' title='bbox 2224 4673 2322 4743; x_wconf 74' lang='grc' dir='ltr'>τὴν</span> <span class='ocrx_word' id='word_1_767' title='bbox 2346 4673 2506 4740; x_wconf 84' lang='grc' dir='ltr'>ἁγίαν</span> <span class='ocrx_word' id='word_1_768' title='bbox 2531 4671 2843 4743; x_wconf 76' lang='grc' dir='ltr'>είσϐἠσεται</span> <span class='ocrx_word' id='word_1_769' title='bbox 2871 4675 2996 4743; x_wconf 84' lang='grc' dir='ltr'>γῆν,</span> <span class='ocrx_word' id='word_1_770' title='bbox 3020 4674 3294 4735; x_wconf 81' lang='grc' dir='ltr'>τουτέστι,</span> <span class='ocrx_word' id='word_1_771' title='bbox 3324 4671 3424 4743; x_wconf 86' lang='grc' dir='ltr'><strong>τὴν</strong></span> <span class='ocrx_word' id='word_1_772' title='bbox 3459 4669 3817 4740; x_wconf 82' lang='grc' dir='ltr'>Ἐκκλησίαν.</span> 
     </span>
    </p>
   </div>
   <div class='ocr_carea' id='block_1_96' title="bbox 542 4749 2148 4837">
    <p class='ocr_par' dir='ltr' id='par_1_96' title="bbox 542 4749 2145 4834">
     <span class='ocr_line' id='line_1_96' title="bbox 542 4749 2145 4834; baseline 0.008 -29"><span class='ocrx_word' id='word_1_773' title='bbox 542 4749 885 4822; x_wconf 83' lang='lat' dir='ltr'><strong>sanguinem,</strong></span> <span class='ocrx_word' id='word_1_774' title='bbox 901 4767 1012 4807; x_wconf 79' lang='lat' dir='ltr'><strong>non</strong></span> <span class='ocrx_word' id='word_1_775' title='bbox 1045 4753 1322 4810; x_wconf 83' lang='lat' dir='ltr'><strong>habebitis</strong></span> <span class='ocrx_word' id='word_1_776' title='bbox 1343 4758 1511 4813; x_wconf 89' lang='lat' dir='ltr'><strong>vitam</strong></span> <span class='ocrx_word' id='word_1_777' title='bbox 1544 4759 1598 4814; x_wconf 90' lang='lat' dir='ltr'><strong>in</strong></span> <span class='ocrx_word' id='word_1_778' title='bbox 1624 4761 1784 4817; x_wconf 83' lang='lat' dir='ltr'><strong>vobis</strong></span> <span class='ocrx_word' id='word_1_779' title='bbox 1818 4764 1953 4834; x_wconf 85' lang='lat' dir='ltr'><strong>ipsis</strong></span> <span class='ocrx_word' id='word_1_780' title='bbox 1988 4763 2060 4819; x_wconf 77' lang='lat'><strong>“.</strong></span> <span class='ocrx_word' id='word_1_781' title='bbox 2094 4776 2145 4817; x_wconf 74' lang='grc' dir='ltr'>ι’</span> 
     </span>
    </p>
   </div>
   <div class='ocr_carea' id='block_1_97' title="bbox 2207 4749 3813 4837">
    <p class='ocr_par' dir='ltr' id='par_1_97' title="bbox 2227 4760 3813 4837">
     <span class='ocr_line' id='line_1_97' title="bbox 2227 4760 3813 4837; baseline -0.002 -19"><span class='ocrx_word' id='word_1_782' title='bbox 2227 4765 2349 4818; x_wconf 83' lang='grc' dir='ltr'>Ὅτι</span> <span class='ocrx_word' id='word_1_783' title='bbox 2376 4766 2487 4835; x_wconf 82' lang='grc' dir='ltr'><strong>γὰρ</strong></span> <span class='ocrx_word' id='word_1_784' title='bbox 2524 4766 2573 4817; x_wconf 82' lang='grc' dir='ltr'><strong>οί</strong></span> <span class='ocrx_word' id='word_1_785' title='bbox 2603 4766 2703 4835; x_wconf 81' lang='grc' dir='ltr'>τῆς</span> <span class='ocrx_word' id='word_1_786' title='bbox 2737 4766 2878 4819; x_wconf 81' lang='grc' dir='ltr'>κατὰ</span> <span class='ocrx_word' id='word_1_787' title='bbox 2910 4766 3075 4837; x_wconf 87' lang='grc' dir='ltr'>νόμον</span> <span class='ocrx_word' id='word_1_788' title='bbox 3100 4764 3355 4836; x_wconf 84' lang='grc' dir='ltr'>λατρείας</span> <span class='ocrx_word' id='word_1_789' title='bbox 3386 4764 3485 4816; x_wconf 82' lang='grc' dir='ltr'>οὐκ</span> <span class='ocrx_word' id='word_1_790' title='bbox 3520 4760 3813 4830; x_wconf 71' lang='grc' dir='ltr'>ἐξιστάμε-</span> 
     </span>
    </p>
   </div>
   <div class='ocr_carea' id='block_1_98' title="bbox 542 4841 2148 4929">
    <p class='ocr_par' dir='ltr' id='par_1_98' title="bbox 542 4841 2124 4922">
     <span class='ocr_line' id='line_1_98' title="bbox 542 4841 2124 4922; baseline 0.009 -24"><span class='ocrx_word' id='word_1_791' title='bbox 542 4841 656 4898; x_wconf 87' lang='lat' dir='ltr'><strong>lloc</strong></span> <span class='ocrx_word' id='word_1_792' title='bbox 675 4851 794 4898; x_wconf 85' lang='lat' dir='ltr'><strong>erat</strong></span> <span class='ocrx_word' id='word_1_793' title='bbox 813 4844 1134 4916; x_wconf 81' lang='lat' dir='ltr'><strong>mysterium</strong></span> <span class='ocrx_word' id='word_1_794' title='bbox 1157 4863 1267 4903; x_wconf 90' lang='lat' dir='ltr'><strong>non</strong></span> <span class='ocrx_word' id='word_1_795' title='bbox 1286 4850 1429 4918; x_wconf 86' lang='lat' dir='ltr'><strong>apud</strong></span> <span class='ocrx_word' id='word_1_796' title='bbox 1462 4850 1601 4907; x_wconf 89' lang='lat' dir='ltr'><strong>istos</strong></span> <span class='ocrx_word' id='word_1_797' title='bbox 1621 4854 1715 4922; x_wconf 90' lang='lat' dir='ltr'><strong>qui</strong></span> <span class='ocrx_word' id='word_1_798' title='bbox 1746 4855 1877 4909; x_wconf 90' lang='lat' dir='ltr'><strong>olim</strong></span> <span class='ocrx_word' id='word_1_799' title='bbox 1900 4856 2124 4912; x_wconf 80' lang='lat' dir='ltr'><strong>fuerunt</strong></span> 
     </span>
    </p>
   </div>
   <div class='ocr_carea' id='block_1_99' title="bbox 2218 4841 3824 4929">
    <p class='ocr_par' dir='ltr' id='par_1_99' title="bbox 2226 4853 3824 4929">
     <span class='ocr_line' id='line_1_99' title="bbox 2226 4853 3824 4929; baseline -0.003 -20"><span class='ocrx_word' id='word_1_800' title='bbox 2226 4873 2306 4910; x_wconf 92' lang='grc' dir='ltr'>νοι</span> <span class='ocrx_word' id='word_1_801' title='bbox 2336 4857 2704 4928; x_wconf 83' lang='grc' dir='ltr'>κεκράτηνται</span> <span class='ocrx_word' id='word_1_802' title='bbox 2746 4860 2812 4928; x_wconf 81' lang='grc' dir='ltr'>τῇ</span> <span class='ocrx_word' id='word_1_803' title='bbox 2847 4857 3043 4929; x_wconf 79' lang='grc' dir='ltr'>φθορᾷ,</span> <span class='ocrx_word' id='word_1_804' title='bbox 3074 4858 3331 4925; x_wconf 79' lang='grc' dir='ltr'>σαφηνιεῖ</span> <span class='ocrx_word' id='word_1_805' title='bbox 3371 4854 3548 4923; x_wconf 78' lang='grc' dir='ltr'>λέγων</span> <span class='ocrx_word' id='word_1_806' title='bbox 3595 4853 3762 4916; x_wconf 61' lang='grc' dir='ltr'>αὐτὸς</span> <span class='ocrx_word' id='word_1_807' title='bbox 3790 4856 3824 4905; x_wconf 78' lang='lat'><strong>6</strong></span> 
     </span>
    </p>
   </div>
   <div class='ocr_carea' id='block_1_100' title="bbox 541 4933 2147 5019">
    <p class='ocr_par' dir='ltr' id='par_1_100' title="bbox 541 4933 2119 5015">
     <span class='ocr_line' id='line_1_100' title="bbox 541 4933 2119 5015; baseline 0.011 -29"><span class='ocrx_word' id='word_1_808' title='bbox 541 4933 594 4986; x_wconf 91' lang='lat' dir='ltr'><strong>in</strong></span> <span class='ocrx_word' id='word_1_809' title='bbox 624 4934 763 5004; x_wconf 89' lang='lat' dir='ltr'><strong>lege,</strong></span> <span class='ocrx_word' id='word_1_810' title='bbox 796 4935 892 4992; x_wconf 84' lang='lat' dir='ltr'><strong>sed</strong></span> <span class='ocrx_word' id='word_1_811' title='bbox 922 4935 1067 5006; x_wconf 86' lang='lat' dir='ltr'><strong>apud</strong></span> <span class='ocrx_word' id='word_1_812' title='bbox 1100 4936 1225 4994; x_wconf 89' lang='lat' dir='ltr'><strong>illos</strong></span> <span class='ocrx_word' id='word_1_813' title='bbox 1262 4941 1358 5010; x_wconf 87' lang='lat' dir='ltr'><strong>qui</strong></span> <span class='ocrx_word' id='word_1_814' title='bbox 1396 4940 1558 4996; x_wconf 82' lang='lat' dir='ltr'><strong>ﬁdem</strong></span> <span class='ocrx_word' id='word_1_815' title='bbox 1604 4956 1953 5015; x_wconf 86' lang='lat' dir='ltr'><strong>receperunt,</strong></span> <span class='ocrx_word' id='word_1_816' title='bbox 1979 4958 2036 5004; x_wconf 90' lang='lat' dir='ltr'><strong>et</strong></span> <span class='ocrx_word' id='word_1_817' title='bbox 2064 4951 2119 5004; x_wconf 92' lang='lat' dir='ltr'><strong>in</strong></span> 
     </span>
    </p>
   </div>
   <div class='ocr_carea' id='block_1_101' title="bbox 2214 4933 3820 5019">
    <p class='ocr_par' dir='ltr' id='par_1_101' title="bbox 2227 4942 3820 5019">
     <span class='ocr_line' id='line_1_101' title="bbox 2227 4942 3820 5019; baseline -0.004 -18"><span class='ocrx_word' id='word_1_818' title='bbox 2227 4946 2496 5017; x_wconf 49' lang='grc' dir='ltr'>Χριστός</span> <span class='ocrx_word' id='word_1_819' title='bbox 2535 4968 2553 4999; x_wconf 80' lang='grc' dir='ltr'><strong>ι</strong></span> <span class='ocrx_word' id='word_1_820' title='bbox 2586 4948 2783 5017; x_wconf 83' lang='grc' dir='ltr'>Ἀμὴν,</span> <span class='ocrx_word' id='word_1_821' title='bbox 2812 4948 2961 5019; x_wconf 75' lang='grc' dir='ltr'><strong>ἀμὴν</strong></span> <span class='ocrx_word' id='word_1_822' title='bbox 3002 4947 3148 5016; x_wconf 75' lang='grc' dir='ltr'>λέγω</span> <span class='ocrx_word' id='word_1_823' title='bbox 3179 4948 3329 5017; x_wconf 83' lang='grc' dir='ltr'>ὑμῖν,</span> <span class='ocrx_word' id='word_1_824' title='bbox 3363 4945 3457 4998; x_wconf 77' lang='grc' dir='ltr'>ἐὰν</span> <span class='ocrx_word' id='word_1_825' title='bbox 3493 4943 3567 5014; x_wconf 73' lang='grc' dir='ltr'><strong>μὴ</strong></span> <span class='ocrx_word' id='word_1_826' title='bbox 3597 4942 3820 5011; x_wconf 77' lang='grc' dir='ltr'>φάγητε</span> 
     </span>
    </p>
   </div>
   <div class='ocr_carea' id='block_1_102' title="bbox 540 5026 2146 5113">
    <p class='ocr_par' dir='ltr' id='par_1_102' title="bbox 540 5026 2119 5113">
     <span class='ocr_line' id='line_1_102' title="bbox 540 5026 2119 5113; baseline 0.013 -36"><span class='ocrx_word' id='word_1_827' title='bbox 540 5026 758 5081; x_wconf 81' lang='lat' dir='ltr'><strong>Christo</strong></span> <span class='ocrx_word' id='word_1_828' title='bbox 778 5034 908 5082; x_wconf 89' lang='lat' dir='ltr'><strong>sunt</strong></span> <span class='ocrx_word' id='word_1_829' title='bbox 949 5029 1254 5099; x_wconf 78' lang='lat' dir='ltr'><strong>iustiﬁcati,</strong></span> <span class='ocrx_word' id='word_1_830' title='bbox 1282 5041 1339 5087; x_wconf 89' lang='lat' dir='ltr'><strong>et</strong></span> <span class='ocrx_word' id='word_1_831' title='bbox 1360 5036 1727 5103; x_wconf 72' lang='lat' dir='ltr'><strong>praestantiori</strong></span> <span class='ocrx_word' id='word_1_832' title='bbox 1765 5054 1927 5108; x_wconf 87' lang='lat' dir='ltr'><strong>quam</strong></span> <span class='ocrx_word' id='word_1_833' title='bbox 1959 5042 2119 5113; x_wconf 84' lang='lat' dir='ltr'><strong>legali</strong></span> 
     </span>
    </p>
   </div>
   <div class='ocr_carea' id='block_1_103' title="bbox 2216 5026 3822 5113">
    <p class='ocr_par' dir='ltr' id='par_1_103' title="bbox 2224 5030 3822 5109">
     <span class='ocr_line' id='line_1_103' title="bbox 2224 5030 3822 5109; baseline -0.004 -18"><span class='ocrx_word' id='word_1_834' title='bbox 2224 5040 2325 5108; x_wconf 81' lang='grc' dir='ltr'>τὴν</span> <span class='ocrx_word' id='word_1_835' title='bbox 2350 5039 2529 5109; x_wconf 81' lang='grc' dir='ltr'>σάρκα</span> <span class='ocrx_word' id='word_1_836' title='bbox 2556 5037 2649 5092; x_wconf 82' lang='grc' dir='ltr'>τοῦ</span> <span class='ocrx_word' id='word_1_837' title='bbox 2682 5038 2809 5091; x_wconf 77' lang='grc' dir='ltr'>Υίοῦ</span> <span class='ocrx_word' id='word_1_838' title='bbox 2851 5038 2947 5091; x_wconf 71' lang='grc' dir='ltr'>τοῦ</span> <span class='ocrx_word' id='word_1_839' title='bbox 2981 5038 3292 5109; x_wconf 76' lang='grc' dir='ltr'>ἀνθρώπου,</span> <span class='ocrx_word' id='word_1_840' title='bbox 3320 5036 3416 5089; x_wconf 74' lang='grc' dir='ltr'><strong>καὶ</strong></span> <span class='ocrx_word' id='word_1_841' title='bbox 3448 5034 3605 5105; x_wconf 81' lang='grc' dir='ltr'>πίητε</span> <span class='ocrx_word' id='word_1_842' title='bbox 3642 5030 3822 5085; x_wconf 75' lang='grc' dir='ltr'>αὑτοῦ</span> 
     </span>
    </p>
   </div>
   <div class='ocr_carea' id='block_1_104' title="bbox 539 5117 2145 5201">
    <p class='ocr_par' dir='ltr' id='par_1_104' title="bbox 539 5117 2119 5196">
     <span class='ocr_line' id='line_1_104' title="bbox 539 5117 2119 5196; baseline 0.012 -26"><span class='ocrx_word' id='word_1_843' title='bbox 539 5117 788 5173; x_wconf 84' lang='lat' dir='ltr'><strong>doctrina</strong></span> <span class='ocrx_word' id='word_1_844' title='bbox 828 5120 1088 5187; x_wconf 80' lang='lat' dir='ltr'><strong>instituti,</strong></span> <span class='ocrx_word' id='word_1_845' title='bbox 1128 5126 1442 5196; x_wconf 87' lang='lat' dir='ltr'><strong>evangelica</strong></span> <span class='ocrx_word' id='word_1_846' title='bbox 1479 5128 1761 5184; x_wconf 86' lang='lat' dir='ltr'><strong>nimirum.</strong></span> <span class='ocrx_word' id='word_1_847' title='bbox 1787 5130 1901 5186; x_wconf 87' lang='lat' dir='ltr'><strong>Sub</strong></span> <span class='ocrx_word' id='word_1_848' title='bbox 1924 5149 2119 5189; x_wconf 82' lang='lat' dir='ltr'><strong>corru-</strong></span> 
     </span>
    </p>
   </div>
   <div class='ocr_carea' id='block_1_105' title="bbox 2217 5117 3823 5201">
    <p class='ocr_par' dir='ltr' id='par_1_105' title="bbox 2223 5118 3823 5201">
     <span class='ocr_line' id='line_1_105' title="bbox 2223 5118 3823 5201; baseline -0.004 -18"><span class='ocrx_word' id='word_1_849' title='bbox 2223 5131 2284 5183; x_wconf 74' lang='grc' dir='ltr'><strong>τὸ</strong></span> <span class='ocrx_word' id='word_1_850' title='bbox 2312 5124 2468 5198; x_wconf 72' lang='grc' dir='ltr'>αἷμα,</span> <span class='ocrx_word' id='word_1_851' title='bbox 2498 5131 2598 5184; x_wconf 86' lang='grc' dir='ltr'>οὐκ</span> <span class='ocrx_word' id='word_1_852' title='bbox 2621 5130 2773 5201; x_wconf 76' lang='grc' dir='ltr'>ἔχετε</span> <span class='ocrx_word' id='word_1_853' title='bbox 2801 5132 2945 5200; x_wconf 72' lang='grc' dir='ltr'>ζωὴν</span> <span class='ocrx_word' id='word_1_854' title='bbox 2986 5134 3043 5183; x_wconf 88' lang='grc' dir='ltr'>ἐν</span> <span class='ocrx_word' id='word_1_855' title='bbox 3070 5132 3298 5192; x_wconf 81' lang='grc' dir='ltr'>ἑαυτοῖς.</span> <span class='ocrx_word' id='word_1_856' title='bbox 3322 5147 3340 5179; x_wconf 86' lang='grc'><strong>›</strong></span> <span class='ocrx_word' id='word_1_857' title='bbox 3372 5127 3543 5180; x_wconf 76' lang='grc' dir='ltr'>Τοῦτο</span> <span class='ocrx_word' id='word_1_858' title='bbox 3572 5118 3729 5192; x_wconf 74' lang='grc' dir='ltr'><strong>δὲῆν</strong></span> <span class='ocrx_word' id='word_1_859' title='bbox 3758 5124 3823 5177; x_wconf 73' lang='grc' dir='ltr'><strong>τὸ</strong></span> 
     </span>
    </p>
   </div>
   <div class='ocr_carea' id='block_1_106' title="bbox 542 5207 2148 5293">
    <p class='ocr_par' dir='ltr' id='par_1_106' title="bbox 542 5207 2119 5289">
     <span class='ocr_line' id='line_1_106' title="bbox 542 5207 2119 5289; baseline 0.014 -32"><span class='ocrx_word' id='word_1_860' title='bbox 542 5207 725 5274; x_wconf 84' lang='lat' dir='ltr'><strong>ptione</strong></span> <span class='ocrx_word' id='word_1_861' title='bbox 741 5207 909 5278; x_wconf 87' lang='lat' dir='ltr'><strong>igitur</strong></span> <span class='ocrx_word' id='word_1_862' title='bbox 926 5220 1057 5265; x_wconf 85' lang='lat' dir='ltr'><strong>sunt</strong></span> <span class='ocrx_word' id='word_1_863' title='bbox 1072 5221 1129 5267; x_wconf 91' lang='lat' dir='ltr'><strong>et</strong></span> <span class='ocrx_word' id='word_1_864' title='bbox 1154 5216 1308 5283; x_wconf 84' lang='lat' dir='ltr'><strong>quasi</strong></span> <span class='ocrx_word' id='word_1_865' title='bbox 1327 5215 1383 5270; x_wconf 90' lang='lat' dir='ltr'><strong>in</strong></span> <span class='ocrx_word' id='word_1_866' title='bbox 1418 5216 1555 5287; x_wconf 82' lang='lat' dir='ltr'><strong>lege,</strong></span> <span class='ocrx_word' id='word_1_867' title='bbox 1588 5220 1685 5289; x_wconf 76' lang='lat' dir='ltr'><strong>qui</strong></span> <span class='ocrx_word' id='word_1_868' title='bbox 1714 5231 1941 5277; x_wconf 87' lang='lat' dir='ltr'><strong>matrem</strong></span> <span class='ocrx_word' id='word_1_869' title='bbox 1967 5240 2119 5279; x_wconf 82' lang='lat' dir='ltr'><strong>mor-</strong></span> 
     </span>
    </p>
   </div>
   <div class='ocr_carea' id='block_1_107' title="bbox 2220 5207 3826 5293">
    <p class='ocr_par' dir='ltr' id='par_1_107' title="bbox 2229 5216 3826 5293">
     <span class='ocr_line' id='line_1_107' title="bbox 2229 5216 3826 5293; baseline -0.003 -19"><span class='ocrx_word' id='word_1_870' title='bbox 2229 5224 2541 5293; x_wconf 84' lang='grc' dir='ltr'>μυστήριον,</span> <span class='ocrx_word' id='word_1_871' title='bbox 2595 5223 2656 5275; x_wconf 83' lang='grc' dir='ltr'>οὐ</span> <span class='ocrx_word' id='word_1_872' title='bbox 2684 5222 2833 5293; x_wconf 72' lang='grc' dir='ltr'>παρὰ</span> <span class='ocrx_word' id='word_1_873' title='bbox 2869 5225 2982 5285; x_wconf 82' lang='grc' dir='ltr'>τοῖς</span> <span class='ocrx_word' id='word_1_874' title='bbox 3013 5224 3070 5274; x_wconf 89' lang='grc' dir='ltr'><strong>ὲν</strong></span> <span class='ocrx_word' id='word_1_875' title='bbox 3100 5223 3249 5292; x_wconf 75' lang='grc' dir='ltr'>νόμῳ</span> <span class='ocrx_word' id='word_1_876' title='bbox 3278 5219 3463 5282; x_wconf 81' lang='grc' dir='ltr'>ποθὲν,</span> <span class='ocrx_word' id='word_1_877' title='bbox 3497 5216 3631 5271; x_wconf 67' lang='grc' dir='ltr'>ἀλλὰ</span> <span class='ocrx_word' id='word_1_878' title='bbox 3660 5217 3826 5286; x_wconf 67' lang='grc' dir='ltr'>παρὰ</span> 
     </span>
    </p>
   </div>
   <div class='ocr_carea' id='block_1_108' title="bbox 542 5297 2148 5386">
    <p class='ocr_par' dir='ltr' id='par_1_108' title="bbox 542 5297 2123 5378">
     <span class='ocr_line' id='line_1_108' title="bbox 542 5297 2123 5378; baseline 0.015 -31"><span class='ocrx_word' id='word_1_879' title='bbox 542 5297 628 5360; x_wconf 74' lang='grc' dir='ltr'><strong>εἰς,</strong></span> <span class='ocrx_word' id='word_1_880' title='bbox 659 5308 966 5366; x_wconf 83' lang='lat' dir='ltr'><strong>peccatum,</strong></span> <span class='ocrx_word' id='word_1_881' title='bbox 1001 5302 1245 5373; x_wconf 81' lang='lat' dir='ltr'><strong>inquam,</strong></span> <span class='ocrx_word' id='word_1_882' title='bbox 1277 5306 1521 5361; x_wconf 91' lang='lat' dir='ltr'><strong>nondum</strong></span> <span class='ocrx_word' id='word_1_883' title='bbox 1562 5324 1661 5378; x_wconf 86' lang='lat' dir='ltr'><strong>per</strong></span> <span class='ocrx_word' id='word_1_884' title='bbox 1677 5309 1839 5367; x_wconf 73' lang='lat' dir='ltr'><strong>ﬁdem</strong></span> <span class='ocrx_word' id='word_1_885' title='bbox 1858 5329 2123 5369; x_wconf 79' lang='lat' dir='ltr'><strong>exonera-</strong></span> 
     </span>
    </p>
   </div>
   <div class='ocr_carea' id='block_1_109' title="bbox 2223 5297 3829 5386">
    <p class='ocr_par' dir='ltr' id='par_1_109' title="bbox 2226 5307 3829 5386">
     <span class='ocr_line' id='line_1_109' title="bbox 2226 5307 3829 5386; baseline -0.004 -19"><span class='ocrx_word' id='word_1_886' title='bbox 2226 5317 2342 5378; x_wconf 80' lang='grc' dir='ltr'>τοῖς</span> <span class='ocrx_word' id='word_1_887' title='bbox 2374 5315 2474 5386; x_wconf 76' lang='grc' dir='ltr'><strong>τὴν</strong></span> <span class='ocrx_word' id='word_1_888' title='bbox 2506 5316 2689 5369; x_wconf 87' lang='grc' dir='ltr'>πίστιν</span> <span class='ocrx_word' id='word_1_889' title='bbox 2747 5315 3176 5385; x_wconf 77' lang='grc' dir='ltr'>ἐκδεδεγμένοις,</span> <span class='ocrx_word' id='word_1_890' title='bbox 3210 5313 3304 5365; x_wconf 74' lang='grc' dir='ltr'>καὶ</span> <span class='ocrx_word' id='word_1_891' title='bbox 3338 5314 3396 5364; x_wconf 77' lang='grc' dir='ltr'>ὲν</span> <span class='ocrx_word' id='word_1_892' title='bbox 3422 5308 3642 5380; x_wconf 77' lang='grc' dir='ltr'>Χριστῷ</span> <span class='ocrx_word' id='word_1_893' title='bbox 3676 5307 3829 5361; x_wconf 77' lang='grc' dir='ltr'>δεδι-</span> 
     </span>
    </p>
   </div>
   <div class='ocr_carea' id='block_1_110' title="bbox 540 5391 2146 5481">
    <p class='ocr_par' dir='ltr' id='par_1_110' title="bbox 540 5391 2121 5463">
     <span class='ocr_line' id='line_1_110' title="bbox 540 5391 2121 5463; baseline 0.016 -25"><span class='ocrx_word' id='word_1_894' title='bbox 540 5398 758 5453; x_wconf 81' lang='lat' dir='ltr'><strong>verunt,</strong></span> <span class='ocrx_word' id='word_1_895' title='bbox 780 5391 1051 5463; x_wconf 84' lang='lat' dir='ltr'><strong>longeque</strong></span> <span class='ocrx_word' id='word_1_896' title='bbox 1078 5396 1258 5451; x_wconf 83' lang='lat' dir='ltr'><strong>adhuc</strong></span> <span class='ocrx_word' id='word_1_897' title='bbox 1285 5398 1487 5454; x_wconf 88' lang='lat' dir='ltr'><strong>absunt</strong></span> <span class='ocrx_word' id='word_1_898' title='bbox 1516 5415 1544 5455; x_wconf 89' lang='lat' dir='ltr'><strong>a</strong></span> <span class='ocrx_word' id='word_1_899' title='bbox 1587 5400 1828 5458; x_wconf 87' lang='lat' dir='ltr'><strong>Christo.</strong></span> <span class='ocrx_word' id='word_1_900' title='bbox 1856 5404 1912 5460; x_wconf 89' lang='lat' dir='ltr'><strong>Si</strong></span> <span class='ocrx_word' id='word_1_901' title='bbox 1937 5417 2121 5462; x_wconf 88' lang='lat' dir='ltr'><strong>autem</strong></span> 
     </span>
    </p>
   </div>
   <div class='ocr_carea' id='block_1_111' title="bbox 2222 5391 3828 5481">
    <p class='ocr_par' dir='ltr' id='par_1_111' title="bbox 2229 5401 3828 5481">
     <span class='ocr_line' id='line_1_111' title="bbox 2229 5401 3828 5481; baseline -0.004 -19"><span class='ocrx_word' id='word_1_902' title='bbox 2229 5408 2579 5479; x_wconf 72' lang='grc' dir='ltr'>καιωμένοις,</span> <span class='ocrx_word' id='word_1_903' title='bbox 2611 5409 2707 5463; x_wconf 67' lang='grc' dir='ltr'>καὶ</span> <span class='ocrx_word' id='word_1_904' title='bbox 2735 5410 2832 5481; x_wconf 81' lang='grc' dir='ltr'><strong>τὴν</strong></span> <span class='ocrx_word' id='word_1_905' title='bbox 2872 5408 3079 5479; x_wconf 79' lang='grc' dir='ltr'>ἀμείνω</span> <span class='ocrx_word' id='word_1_906' title='bbox 3115 5408 3212 5475; x_wconf 75' lang='grc' dir='ltr'>τῆς</span> <span class='ocrx_word' id='word_1_907' title='bbox 3245 5404 3474 5474; x_wconf 73' lang='grc' dir='ltr'>νομικῆς</span> <span class='ocrx_word' id='word_1_908' title='bbox 3510 5401 3828 5455; x_wconf 64' lang='grc' dir='ltr'>καταπλουο</span> 
     </span>
    </p>
   </div>
   <div class='ocr_carea' id='block_1_112' title="bbox 541 5480 2147 5573">
    <p class='ocr_par' dir='ltr' id='par_1_112' title="bbox 541 5480 2122 5567">
     <span class='ocr_line' id='line_1_112' title="bbox 541 5480 2122 5567; baseline 0.015 -37"><span class='ocrx_word' id='word_1_909' title='bbox 541 5480 744 5535; x_wconf 82' lang='lat' dir='ltr'><strong>vellent</strong></span> <span class='ocrx_word' id='word_1_910' title='bbox 758 5483 971 5540; x_wconf 80' lang='lat' dir='ltr'><strong>solvere</strong></span> <span class='ocrx_word' id='word_1_911' title='bbox 984 5488 1437 5558; x_wconf 80' lang='lat' dir='ltr'><strong>ealceamentum,</strong></span> <span class='ocrx_word' id='word_1_912' title='bbox 1452 5491 1669 5559; x_wconf 86' lang='lat' dir='ltr'><strong>hocest,</strong></span> <span class='ocrx_word' id='word_1_913' title='bbox 1688 5498 2122 5567; x_wconf 85' lang='lat' dir='ltr'><strong>corruptionem,</strong></span> 
     </span>
    </p>
   </div>
   <div class='ocr_carea' id='block_1_113' title="bbox 2227 5480 3833 5573">
    <p class='ocr_par' dir='ltr' id='par_1_113' title="bbox 2241 5493 3833 5573">
     <span class='ocr_line' id='line_1_113' title="bbox 2241 5493 3833 5573; baseline -0.004 -19"><span class='ocrx_word' id='word_1_914' title='bbox 2241 5499 2382 5555; x_wconf 77' lang='grc' dir='ltr'>τοῦσι</span> <span class='ocrx_word' id='word_1_915' title='bbox 2444 5503 2745 5567; x_wconf 78' lang='grc' dir='ltr'>παίδευσιν,</span> <span class='ocrx_word' id='word_1_916' title='bbox 2800 5502 2943 5573; x_wconf 63' lang='grc' dir='ltr'>φημὶ</span> <span class='ocrx_word' id='word_1_917' title='bbox 3001 5500 3056 5553; x_wconf 80' lang='grc' dir='ltr'><strong>δὲ</strong></span> <span class='ocrx_word' id='word_1_918' title='bbox 3109 5499 3206 5567; x_wconf 65' lang='grc' dir='ltr'>τὴν</span> <span class='ocrx_word' id='word_1_919' title='bbox 3255 5495 3635 5564; x_wconf 70' lang='grc' dir='ltr'>εὐαγγελικήν.</span> <span class='ocrx_word' id='word_1_920' title='bbox 3678 5493 3833 5548; x_wconf 52' lang='lat' dir='ltr'><strong>&quot;Yth</strong></span> 
     </span>
    </p>
   </div>
   <div class='ocr_carea' id='block_1_114' title="bbox 544 5675 2150 5797">
    <p class='ocr_par' dir='ltr' id='par_1_114' title="bbox 544 5675 2146 5797">
     <span class='ocr_line' id='line_1_114' title="bbox 614 5675 2146 5761; baseline 0.009 -31"><span class='ocrx_word' id='word_1_921' title='bbox 614 5676 656 5704; x_wconf 84' lang='grc'><strong>⁷⁷</strong></span> <span class='ocrx_word' id='word_1_922' title='bbox 692 5675 847 5729; x_wconf 77' lang='lat' dir='ltr'><strong>Rom.</strong></span> <span class='ocrx_word' id='word_1_923' title='bbox 887 5695 998 5739; x_wconf 85' lang='lat' dir='ltr'><strong>vttt,</strong></span> <span class='ocrx_word' id='word_1_924' title='bbox 1030 5683 1108 5736; x_wconf 83' lang='grc'><strong>15.</strong></span> <span class='ocrx_word' id='word_1_925' title='bbox 1186 5684 1231 5715; x_wconf 84' lang='grc'>⁷⁸</span> <span class='ocrx_word' id='word_1_926' title='bbox 1263 5688 1429 5741; x_wconf 67' lang='lat' dir='ltr'><strong>Exod.</strong></span> <span class='ocrx_word' id='word_1_927' title='bbox 1465 5706 1542 5748; x_wconf 85' lang='grc' dir='ltr'>ιιι.</span> <span class='ocrx_word' id='word_1_928' title='bbox 1575 5691 1626 5744; x_wconf 75' lang='grc'><strong>5.</strong></span> <span class='ocrx_word' id='word_1_929' title='bbox 1672 5693 1715 5723; x_wconf 62' lang='grc'><strong>⁷³</strong></span> <span class='ocrx_word' id='word_1_930' title='bbox 1758 5694 1917 5761; x_wconf 83' lang='lat' dir='ltr'><strong>ibid.,</strong></span> <span class='ocrx_word' id='word_1_931' title='bbox 1945 5696 1993 5748; x_wconf 71' lang='grc' dir='ltr'>ὃ,</span> <span class='ocrx_word' id='word_1_932' title='bbox 2065 5698 2146 5751; x_wconf 78' lang='grc' dir='ltr'><strong>δοΙ</strong></span> 
     </span>
     <span class='ocr_line' id='line_1_115' title="bbox 544 5742 1552 5797; baseline 0 0"><span class='ocrx_word' id='word_1_933' title='bbox 544 5742 589 5774; x_wconf 83' lang='grc'><strong>⁸³</strong></span> <span class='ocrx_word' id='word_1_934' title='bbox 625 5744 781 5797; x_wconf 79' lang='lat' dir='ltr'><strong>llom.</strong></span> <span class='ocrx_word' id='word_1_935' title='bbox 836 5762 913 5797; x_wconf 87' lang='lat' dir='ltr'><strong>Ill.</strong></span> <span class='ocrx_word' id='word_1_936' title='bbox 958 5749 1043 5797; x_wconf 62' lang='grc' dir='ltr'><strong>σεο-</strong></span> <span class='ocrx_word' id='word_1_937' title='bbox 1122 5753 1317 5797; x_wconf 63' lang='lat' dir='ltr'><strong>“1mm</strong></span> <span class='ocrx_word' id='word_1_938' title='bbox 1378 5774 1424 5797; x_wconf 74' lang='grc' dir='ltr'>νι</span> <span class='ocrx_word' id='word_1_939' title='bbox 1486 5759 1552 5797; x_wconf 67' lang='grc' dir='ltr'><strong>ἒςῖζ</strong></span> 
     </span>
    </p>
   </div>
   <div class='ocr_carea' id='block_1_115' title="bbox 2230 5675 3836 5797">
    <p class='ocr_par' dir='ltr' id='par_1_115' title="bbox 2230 5690 3836 5767">
     <span class='ocr_line' id='line_1_116' title="bbox 2230 5690 3836 5767; baseline -0.002 -16"><span class='ocrx_word' id='word_1_940' title='bbox 2230 5716 2323 5753; x_wconf 46' lang='grc' dir='ltr'>ηιιιν</span> <span class='ocrx_word' id='word_1_941' title='bbox 2368 5699 2634 5767; x_wconf 79' lang='lat' dir='ltr'><strong>l;Calat.</strong></span> <span class='ocrx_word' id='word_1_942' title='bbox 2681 5701 2723 5765; x_wconf 87' lang='grc' dir='ltr'><strong>ι,</strong></span> <span class='ocrx_word' id='word_1_943' title='bbox 2750 5701 2837 5753; x_wconf 78' lang='lat'><strong>‘27.</strong></span> <span class='ocrx_word' id='word_1_944' title='bbox 2896 5699 2938 5731; x_wconf 84' lang='grc'><strong>¹¹¹</strong></span> <span class='ocrx_word' id='word_1_945' title='bbox 2964 5696 3104 5752; x_wconf 81' lang='lat' dir='ltr'><strong>Psal.</strong></span> <span class='ocrx_word' id='word_1_946' title='bbox 3130 5712 3212 5761; x_wconf 89' lang='lat' dir='ltr'><strong>cv,</strong></span> <span class='ocrx_word' id='word_1_947' title='bbox 3250 5692 3340 5747; x_wconf 71' lang='grc'><strong>55.</strong></span> <span class='ocrx_word' id='word_1_948' title='bbox 3417 5690 3463 5723; x_wconf 78' lang='grc'>⁸¹</span> <span class='ocrx_word' id='word_1_949' title='bbox 3494 5691 3664 5747; x_wconf 83' lang='lat' dir='ltr'><strong>Hebr.</strong></span> <span class='ocrx_word' id='word_1_950' title='bbox 3703 5700 3836 5761; x_wconf 47' lang='grc' dir='ltr'><strong>κβ.</strong></span> 
     </span>
    </p>
   </div>
   <div class='ocr_carea' id='block_1_116' title="bbox 673 5749 1571 5817">
    <p class='ocr_par' dir='ltr' id='par_1_116' title="bbox 673 5749 1571 5817">
     <span class='ocr_line' id='line_1_117' title="bbox 673 5749 1571 5817; baseline 0.018 -21"><span class='ocrx_word' id='word_1_951' title='bbox 673 5760 781 5797; x_wconf 91' lang='lat' dir='ltr'><strong>om.</strong></span> <span class='ocrx_word' id='word_1_952' title='bbox 836 5762 913 5809; x_wconf 91' lang='grc' dir='ltr'>ιιι,</span> <span class='ocrx_word' id='word_1_953' title='bbox 958 5749 1043 5801; x_wconf 77' lang='lat'><strong>‘20.</strong></span> <span class='ocrx_word' id='word_1_954' title='bbox 1122 5753 1339 5808; x_wconf 72' lang='lat' dir='ltr'><strong>I“’Joan.</strong></span> <span class='ocrx_word' id='word_1_955' title='bbox 1378 5774 1447 5817; x_wconf 87' lang='lat' dir='ltr'><strong>vt.</strong></span> <span class='ocrx_word' id='word_1_956' title='bbox 1486 5759 1571 5812; x_wconf 77' lang='grc'><strong>55.</strong></span> 
     </span>
    </p>
   </div>
  </div>
