4066 6282
560 357 668 414 “9

1504 328 1511 339 '
1608 348 1665 403 s.
1706 342 1988 402 crium
2032 340 2502 401 ALEXANDRINI
2539 344 2859 403 ARCHlEP.

3732 354 3832 410 τίΞο

554 471 965 529 ascriberentur
988 467 1171 533 electi,
1193 467 1443 536 adeoque
1465 463 1653 520 dilecti
1685 474 1912 533 propter
1933 468 2139 531 patres,

2248 456 2312 533 ἦν
2333 463 2631 530 ἀναγκαῖον
2662 464 2737 534 μὴ
2758 466 2872 528 τοῖς
2910 463 3152 529 ἀνοσίοις
3200 467 3384 535 γένεσι
3447 467 3837 523 συναπολέσθαι

555 570 731 637 legem
752 564 820 620 de
849 559 1113 619 Paschate
1134 559 1378 617 instituit
1400 559 1568 622 Deus,
1602 554 1918 624 Christique
1948 560 2152 624 myste-

557 657 701 711 rium
738 664 863 710 ante
904 653 1041 707 iram
1081 652 1294 732 peragi,
1331 657 1482 704 recte
1512 645 1812 701 admodum
1865 641 2147 714 praecepit.

555 750 632 804 Ex
661 762 770 818 quo
789 760 985 801 rursus
1012 744 1174 800 facile
1197 743 1474 814 intelligas
1512 754 1679 810 quam
1705 734 2045 807 impossibile
2081 734 2153 790 sit

553 854 652 910 per
677 838 862 894 Mosen
882 843 978 892 aut
1001 837 1179 907 legem
1201 834 1408 890 aboleri
1438 839 1693 888 mortem.
1728 827 1837 883 Sed
1873 825 2153 898 pretiosus

551 933 758 988 Christi
804 932 1029 1004 sanguis
1083 939 1237 987 arcet
1281 928 1498 985 anobis
1541 923 2063 988 exterminatorem,
2094 929 2154 976 et

553 1024 801 1080 vindicat
830 1021 1201 1079 sanctiﬁcatos
1227 1037 1258 1075 a
1283 1018 1662 1089 corruptione.
1703 1015 1841 1071 Nam
1890 1013 2008 1084 ipse
2037 1013 2155 1068 vita

551 1126 638 1173 est
680 1134 749 1172 ex
781 1118 893 1171 vita
921 1122 979 1171 et
1014 1116 1162 1171 Deus
1187 1115 1353 1185 hujus
1401 1111 1667 1175 universi,
1705 1118 1963 1179 tanquam
2004 1108 2152 1162 Deus

551 1225 621 1263 ex
650 1210 782 1264 Deo.
804 1209 885 1263 lta
908 1223 1038 1278 ergo
1072 1209 1149 1262 ait
1189 1220 1346 1261 sacra
1376 1203 1703 1274 Scriptura:
1742 1220 1760 1251 ι
1795 1199 1942 1255 Dixit
1963 1207 2147 1253 autem

553 1298 820 1353 Dominus
854 1296 924 1354 ad
955 1296 1144 1352 Mosen
1206 1303 1265 1350 et
1292 1293 1478 1348 Aaron
1508 1291 1566 1345 in
1599 1298 1745 1345 terra
1784 1287 2029 1360 IEgypti,
2062 1284 2150 1339 di-

553 1405 685 1446 cens
721 1388 959 1444 :Mensis
984 1387 1089 1442 iste
1120 1386 1281 1443 vobis
1309 1384 1646 1456 principium
1689 1381 1988 1447 mensium,
2031 1377 2151 1449 pri-

551 1496 676 1536 mus
699 1487 783 1536 est
801 1480 960 1535 vobis
985 1480 1044 1534 in
1063 1477 1349 1533 mensibus
1368 1475 1519 1530 anni.
1548 1474 1801 1542 Loquere
1827 1471 1895 1526 ad
1929 1483 2150 1526 omnem

552 1564 1033 1644 eongregationem
1089 1570 1331 1626 filiorum
1381 1566 1549 1623 Israel
1576 1606 1591 1631 ,
1643 1565 1836 1620 dicens
1877 1582 1889 1616 :
1929 1562 2150 1617 Decima

552 1663 761 1718 mensis
786 1662 953 1733 hujus
986 1660 1223 1730 accipiat
1246 1655 1631 1726 unusquisque
1672 1664 1872 1723 agnum
1906 1665 2005 1721 per
2045 1649 2148 1705 do-

550 1771 674 1812 mos
693 1755 1046 1819 familiarum,
1066 1765 1266 1823 agnum
1289 1764 1389 1820 per
1410 1748 1656 1803 domum.
1677 1744 1735 1800 Si
1755 1753 1938 1800 autem
1988 1743 2146 1814 pauci

552 1848 760 1904 fuerint
793 1847 890 1918 qui
936 1846 994 1900 in
1037 1844 1237 1907 domo,
1277 1849 1340 1896 ut
1388 1856 1499 1896 non
1541 1837 1883 1896 sullicientcs
1927 1835 2035 1890 sint
2080 1834 2150 1889 ad

550 1955 774 2012 agnum,
797 1944 1039 1993 assumet
1058 1950 1246 1991 secum
1257 1932 1503 1988 vicinum
1531 1929 1842 2000 proximum
1862 1940 2024 1987 suum
2049 1926 2142 1979 λ.»

551 2033 717 2103 266
742 2029 952 2086 Deinde
1001 2043 1137 2084 vero
1193 2041 1318 2083 cum
1367 2022 1645 2080 definierit
1683 2018 1961 2091 quomodo
2002 2016 2149 2072 acci-

550 2124 788 2196 piendus
803 2124 1087 2193 sitagnus,
1111 2118 1421 2191 pmscribit
1446 2130 1639 2171 rursus
1677 2112 1858 2184 qualis
1895 2124 2016 2165 esse
2050 2109 2147 2164 de-

550 2218 698 2283 beat,
740 2216 871 2271 item
911 2214 1135 2285 quando
1186 2220 1243 2267 et
1289 2208 1566 2281 quomodo
1612 2208 1686 2261 sit
1733 2201 2144 2258 immolandus:

559 2329 577 2359 ‹
623 2308 709 2364 Sit
740 2307 910 2373 enim,
941 2306 1140 2375 inquit,
1168 2317 1341 2375 agnus
1375 2299 1676 2370 perfectus,
1712 2293 2015 2357 masculus,
2047 2292 2150 2346 im-

553 2397 1190 2463 maculatus,anniculus
1216 2395 1326 2450 erit
1349 2393 1528 2457 vobis,
1556 2391 1625 2446 ab
1649 2388 1806 2459 agnis
1836 2395 1894 2442 et
1927 2386 1997 2440 ab
2036 2386 2148 2440 ha:-

553 2490 641 2543 dis
674 2487 978 2558 accipietis,
1004 2494 1061 2541 et
1079 2485 1187 2540 erit
1206 2483 1365 2539 vobis
1393 2491 1646 2537 servatus
1670 2494 1845 2548 usque
1885 2477 1950 2532 ad
1977 2493 2145 2547 quar-

555 2589 663 2634 tam
691 2578 958 2634 decimam
1011 2575 1219 2631 mensis
1270 2573 1437 2645 hujus
1478 2590 1490 2624 :
1528 2578 1585 2626 et
1613 2568 1977 2624 immolabunt
2016 2581 2145 2622 eum

552 2671 732 2726 omnis
753 2667 1049 2724 multitudo
1075 2663 1516 2736 congregationis
1564 2661 1804 2715 filiorum
1853 2657 2023 2713 Israel
2077 2657 2145 2712 ad

553 2777 858 2833 veSpcram.
901 2760 971 2814 Et
1007 2757 1282 2827 accipient
1323 2754 1393 2809 de
1432 2750 1697 2822 sanguine
1718 2791 1732 2815 ,
1767 2758 1822 2804 et
1846 2754 2053 2819 ponent
2088 2746 2144 2802 in

551 2856 770 2911 duobus
792 2853 1063 2925 postibus,
1087 2858 1145 2904 et
1191 2862 1357 2918 super
1377 2846 1546 2900 limen
1570 2843 1627 2897 in
1658 2840 1914 2897 domibus
1944 2840 1998 2894 in
2017 2838 2144 2909 qui-

554 2948 658 3002 bus
696 2942 1043 3000 comederint
1090 2940 1181 2995 illa
1232 2938 1289 2992 in
1330 2936 1467 3007 ipsis
1490 2952 1502 2987 :
1525 2942 1582 2989 et
1614 2931 1910 2988 comedent
1946 2944 2145 2985 carnes

555 3038 657 3091 hac
682 3044 845 3090 nocte
867 3048 1020 3089 assas
1044 3031 1178 3102 igni,
1205 3036 1260 3084 et
1307 3041 1496 3098 azyma
1530 3039 1655 3080 cum
1705 3021 1897 3078 herbis
1940 3020 2144 3079 amaris

2254 554 2380 619 τοὺς
2412 554 2843 627 ἐξειλεγμένους,
2864 556 3054 629 ἀγάπῃ
3087 561 3154 629 τῇ
3183 558 3271 614 διὰ
3301 560 3426 624 τοὺς
3457 560 3721 632 πατέρας,
3748 560 3839 615 τὸν

2252 646 2343 699 ἐπὶ
2377 645 2472 699 τοῦ
2499 645 2694 717 Πάσχα
2719 647 2885 717 νόμον
2915 647 3169 703 διετύπου
3197 648 3350 714 Θεός·
3387 650 3558 704 καὶτὸ
3584 650 3681 704 τοῦ
3706 653 3840 723 Χρι-

2228 737 2383 811 νστοῦ
2419 740 2719 812 μυστήριον
2760 741 3331 812 προαποπεραίνεσθαι
3373 742 3477 813 τῆς
3527 742 3698 815 ὀργῆς
3736 747 3842 817 μά-

2251 828 2322 882 λα
2378 831 2741 901 προστέταχε.
2791 833 2870 885 Δι’
2894 823 2957 886 οῦ
3003 832 3167 887 πάλιν
3219 834 3488 905 παρέσται
3545 838 3711 899 νοεῖν,
3767 843 3845 902 ὡς

2252 920 2403 976 ἔστιν
2436 923 2727 996 ἀμήχανον
2766 924 2858 979 διὰ
2890 925 3136 988 Μωσέως
3167 926 3201 997 ἦ
3228 925 3397 995 νόμου
3446 929 3843 1000 καταργείσυιι

2253 1013 2505 1069 θάνατον.
2542 1015 2819 1088 Ἑξίστησι
2842 1016 2899 1071 δὲ
2931 1016 3025 1070 τὸν
3054 1016 3380 1090 ὀλοθρευτὴν
3409 1018 3471 1073 τὸ
3500 1018 3682 1088 τίμιον
3706 1017 3843 1091 αἷμα

2250 1104 2347 1159 τοῦ
2377 1106 2640 1177 Χριστοῦ,
2674 1107 2770 1162 καὶ
2812 1108 3144 1163 ἀπαλλάττει
3177 1109 3383 1182 φθοράς
3411 1111 3541 1175 τοὺς
3578 1112 3845 1183 ἡγιασμέ-

2257 1217 2397 1264 γους.
2423 1197 2544 1269 Ζωὴ
2570 1199 2676 1270 γάρ
2710 1200 2862 1253 ἐστιν
2883 1202 2948 1254 ὲκ
2969 1199 3140 1272 ζωῆς,
3165 1202 3257 1254 καὶ
3282 1201 3416 1266 Θεὸς
3444 1202 3555 1255 τῶν
3583 1202 3741 1264 ὅλων.
3767 1204 3843 1266 ὡς

2251 1292 2385 1355 Θεὸς
2415 1292 2479 1345 ὲκ
2502 1291 2661 1346 Θεοῦ.
2689 1290 2835 1364 Ἔφη
2867 1293 3047 1347 τοίνυν
3076 1287 3178 1346 ὧδε
3204 1292 3268 1346 τὸ
3298 1294 3541 1366 Γράμμα
3568 1294 3630 1349 τό
3664 1296 3808 1368 ἱερόν
3826 1312 3839 1325 ο

2257 1400 2279 1436 ι
2303 1385 2413 1437 Kal
2449 1378 2573 1437 εἷπε
2619 1382 2826 1455 Κύριος
2870 1383 3010 1454 πρὸς
3053 1385 3261 1455 Μωσῆν
3286 1385 3380 1439 καὶ
3420 1385 3633 1458 ’Δαρὼν
3680 1388 3739 1441 ὲν
3771 1390 3843 1459 γῇ

2253 1474 2552 1544 Αἰγύπτου,
2587 1475 2791 1544 λέγων·
2833 1474 2894 1528 ’0
2932 1476 3040 1546 μὴν
3080 1467 3237 1540 οὗτος
3285 1477 3413 1548 ὑμῖν
3454 1478 3598 1549 ἀρχὴ
3635 1479 3841 1549 μηνῶν,

2251 1567 2470 1639 πρῶτος
2493 1566 2622 1636 ὑμῖν
2649 1567 2797 1618 ἐστιν
2824 1566 2883 1619 ὲν
2921 1568 3033 1630 τοῖς
3069 1567 3203 1637 μησὶ
3233 1566 3328 1621 τοῦ
3355 1569 3627 1623 ἐνιαυτοῦ.
3656 1570 3843 1641 Λάλη-

2254 1672 2345 1709 σον
2383 1656 2520 1727 πρὸς
2566 1657 2747 1710 πᾶσαν
2787 1656 3115 1727 συναγωγὴν
3160 1658 3296 1712 υίῶν
3340 1659 3585 1731 Ἰσραὴλ,
3633 1659 3839 1729 λέγων·

2253 1749 2334 1822 Τῇ
2381 1751 2586 1824 δεκάτῃ
2639 1750 2734 1804 τοῦ
2790 1752 2959 1823 μηνὸς
3012 1752 3206 1805 τούτου
3258 1752 3574 1808 λαϐέτωσαν
3614 1755 3844 1821 ἕκαστος

2252 1842 2526 1915 πρόϐατον
2550 1844 2672 1898 κατ’
2698 1844 2881 1907 οἴκους
2914 1845 3181 1917 πατριῶν,
3199 1846 3468 1918 πρόϐατον
3496 1849 3615 1902 κατ’
3640 1849 3841 1904 οἰκίαν.

2264 1936 2389 1990 Ἐάν
2419 1936 2476 1990 δὲ
2505 1937 2776 2005 ὀλιγοστοῒ¹
2805 1930 2938 1991 ὦσιν
2968 1938 3017 1991 οἱ
3045 1940 3103 1991 ὲν
3135 1941 3201 2011 τῇ
3235 1941 3402 2013 οἰκίᾳ,
3426 1940 3503 2004 ὡς
3526 1941 3600 2012 μή
3624 1943 3847 2007 ἱκανοὺς

2249 2023 2390 2082 εἶναι
2417 2029 2497 2092 είς
2521 2027 2819 2099 πρόϐατον,
2845 2027 3076 2098 λήψεται
3110 2029 3228 2100 μεθ’
3252 2031 3451 2085 ἑαυτοῦ
3495 2032 3586 2087 τὸν
3620 2034 3848 2103 γείτονα

2247 2121 2340 2175 τὸν
2369 2121 2596 2189 πλησίον
2627 2120 2813 2176 αὑτοῦ.
2841 2139 2859 2171 ο
2887 2116 3021 2176 Εἶτα
3048 2124 3250 2194 χρῆναι
3280 2122 3466 2177 λαϐεῖν
3493 2110 3845 2196 ὁρισάμενος,

2249 2211 2618 2266 ἐπιδιατάττει
2653 2211 2817 2265 πάλιν
2867 2212 3054 2265 ὁποῖον
3089 2212 3154 2283 δὴ
3188 2209 3327 2267 εἶναι
3358 2216 3629 2286 προσήκει
3651 2214 3716 2268 τὺ
3747 2215 3849 2270 θῦ-

2251 2321 2348 2374 μα,
2375 2303 2617 2373 ὁπηνίκα
2643 2320 2702 2357 τε
2735 2303 2831 2357 καὶ
2861 2304 3009 2369 ὅπως
3041 2304 3444 2376 ίερουργείσθαι
3468 2306 3673 2378 δεήσει.
3706 2327 3726 2360 ι
3745 2309 3852 2363 Τέ-

2247 2393 2391 2448 λειον
2414 2394 2545 2466 γὰρ,
2579 2394 2765 2465 φησὶν,
2797 2394 3051 2465 ἄμωμον,
3082 2395 3352 2450 ἐνιαύσιον
3378 2397 3531 2454 ἔσται
3560 2399 3713 2468 ὑμῖν,
3736 2402 3850 2455 άπὸ

2246 2484 2359 2539 τῶν
2390 2486 2580 2556 άμνῶν
2603 2486 2698 2540 καὶ
2730 2486 2838 2540 ἀπὸ
2870 2486 2979 2540 τῶν
3008 2489 3211 2558 ἐρίφων
3257 2488 3517 2562 λήψεσθε,
3560 2492 3655 2546 καὶ
3691 2493 3848 2549 ἔσται

2249 2574 2376 2644 ὑμῖν
2417 2574 2878 2646 διατετηρημένον
2936 2577 3043 2641 ἕως
3092 2581 3698 2654 τεσσαρεσκαιδεκάτης
3750 2584 3847 2639 τοῦ

2247 2664 2420 2737 μηνὸς
2433 2664 2649 2719 τούτου.
2674 2667 2782 2721 Kal
2799 2667 3096 2735 σφάξουσιν
3121 2671 3256 2725 αὐτὸ
3281 2674 3391 2727 πᾶν
3406 2672 3468 2729 τὸ
3485 2674 3694 2746 πλῆθος
3720 2694 3851 2732 συν-

2245 2757 2472 2828 αγωγῆς
2514 2756 2649 2811 υἱῶν
2685 2759 2902 2830 Ἰσραὴλ
2945 2761 3080 2834 πρὸς
3122 2763 3390 2835 ἑσπέραν·
3440 2767 3534 2820 καὶ
3581 2767 3845 2838 λήψονται

2245 2847 2353 2901 ἀπὸ
2372 2846 2467 2901 τοῦ
2491 2848 2744 2918 αἵματος,
2769 2849 2862 2903 καὶ
2883 2849 3144 2922 θήσουσιν
3174 2854 3269 2908 ἐπὶ
3294 2855 3404 2908 τῶν
3435 2855 3530 2911 δύο
3562 2858 3838 2928 σταθμῶν,

2246 2939 2339 2992 καὶ
2360 2937 2454 2992 ἐπὶ
2479 2939 2578 3010 τὴν
2609 2939 2769 3010 φλιὰν
2800 2942 2859 2994 ὲν
2891 2945 3002 3008 τοῖς
3034 2946 3206 3009 οἴκοις
3228 2948 3285 2999 ὲν
3318 2941 3400 3012 οἷς
3426 2949 3678 3018 φάγωσιν
3702 2951 3846 3004 αὐτὰ

2244 3030 2304 3082 ὲν
2333 3029 2536 3094 αὐτοῖς.
2578 3031 2689 3084 Kal
2713 3030 2977 3101 φάγονται
3017 3034 3084 3087 τὰ
3117 3038 3258 3106 κρέα
3294 3036 3354 3089 ὲν
3379 3040 3446 3109 τῇ
3480 3040 3638 3094 νυκτὶ
3662 3040 3847 3115 ταύτῃ

553 3124 864 3182 comedent.
894 3124 1014 3178 Non
1038 3117 1339 3176 comedetis
1363 3116 1433 3171 ab
1456 3114 1537 3172 eis
1559 3113 1814 3178 crudum,
1846 3126 2027 3181 neque
2051 3125 2144 3166 co-

2248 3121 2388 3176 ὀπτά
2405 3122 2557 3193 πυρὶ,
2577 3122 2670 3176 καὶ
2684 3122 2870 3195 ἄζυμα
2880 3125 2974 3178 ἐπὶ
2998 3126 3262 3197 πικρίδων
3278 3126 3504 3184 ἔδονται.
3522 3131 3645 3186 Οὐκ.
3658 3113 3848 3185 ἔδεσθε

548 3227 702 3274 ctum
726 3218 780 3271 in
804 3230 964 3286 aqua,
999 3213 1095 3269 sed
1134 3219 1345 3266 tantum
1375 3224 1497 3265 assa
1518 3207 1652 3279 igni,
1687 3214 1852 3277 caput
1882 3221 2009 3261 cum
2040 3220 2139 3275 pe-

553 3310 717 3365 dibus
746 3316 803 3363 et
837 3306 1134 3361 intestinis.
1178 3305 1299 3360 Non
1344 3301 1674 3371 relinquetis
1696 3317 1766 3356 ex
1795 3299 1931 3370 ipsis
1966 3314 2141 3369 usque

555 3400 625 3455 ad
665 3414 844 3461 mane,
871 3405 928 3452 et
966 3412 1030 3452 os
1055 3412 1162 3452 non
1186 3394 1541 3464 confringetis
1561 3393 1732 3447 abeo.
1764 3392 1835 3446 At
1865 3392 2056 3446 relicta
2075 3407 2143 3446 ex

555 3505 625 3546 eo
665 3504 841 3559 usque
881 3489 948 3543 ad
999 3502 1181 3550 mane,
1229 3487 1353 3556 igne
1389 3483 1729 3539 comburetis
1748 3483 1814 3536 ⁸³.
1849 3501 1866 3533 ι
1894 3483 2144 3538 Ροειιιωο

554 3592 743 3638 autem
766 3579 1323 3650 ostenditlcgislator,
1352 3577 1446 3647 qui
1471 3576 1695 3630 habitus
1723 3574 1917 3630 deceat
1949 3574 2141 3630 convi-

557 3690 673 3740 vas,
697 3680 754 3729 et
782 3672 945 3727 docet
977 3685 1089 3740 quo
1120 3678 1282 3739 pacto
1314 3674 1534 3739 paratos
1581 3665 1991 3736 instructosque
2023 3680 2144 3721 esse

554 3772 828 3835 oporteat,
858 3762 954 3832 qui
986 3761 1093 3815 hoc
1132 3758 1539 3814 sanctissimum
1575 3756 1891 3812 convivium
1922 3755 2140 3811 adeant.

556 3857 811 3914 Aitenim
842 3873 855 3908 :
886 3874 904 3906 ι
937 3853 1029 3910 Sic
1068 3859 1255 3907 autem
1276 3849 1554 3907 comedite
1604 3849 1760 3904 illum
1788 3864 1804 3914 ;
1830 3847 1943 3902 sint
1962 3846 2141 3902 lumbi

556 3950 729 4006 vestri
758 3946 1065 4020 praecincti,
1099 3952 1159 4000 et
1190 3944 1563 3999 calceamenta
1590 3940 1646 3995 in
1668 3940 1904 4011 pedibus
1921 3938 2144 4004 vestris,

554 4051 613 4097 et
631 4040 812 4096 baculi
830 4040 888 4094 in
924 4037 1184 4092 manibus
1220 4035 1442 4098 vestris,
1468 4042 1525 4089 et
1542 4031 1846 4088 comedetis
1870 4046 1998 4088 eum
2019 4045 2145 4086 cum

557 4130 929 4188 festinatione.
960 4128 1168 4182 Pascha
1204 4127 1353 4182 enim
1386 4134 1473 4180 est
1514 4125 1733 4179 Domini
1754 4123 1822 4179 ⁸⁸.
1860 4143 1879 4175 ι
1926 4122 2151 4179 Iuvabit

559 4232 742 4280 autem
760 4238 877 4286 eos,
908 4221 952 4275 si
976 4230 1101 4290 apte
1123 4219 1368 4273 declaret
1401 4217 1761 4287 quamobrem
1804 4217 1910 4271 ista
1948 4216 2148 4270 immo-

560 4310 694 4367 latio
717 4311 790 4365 sit
821 4306 1074 4363 instituta
1100 4324 1113 4360 :
1157 4325 1175 4357 ι
1205 4307 1274 4361 Et
1314 4305 1583 4367 transibo,
1614 4305 1712 4368 ait,
1744 4313 1945 4358 terram
1984 4302 2149 4375 Egy-

563 4402 664 4472 pti,
702 4410 759 4456 et
786 4399 1096 4471 percutiam
1124 4411 1319 4452 omnes
1350 4395 1780 4467 primogenitum
1831 4395 1901 4450 ab
1927 4395 2150 4450 homine

2241 3214 2340 3269 ἁπ’
2364 3212 2544 3267 αὐτῶν
2587 3215 2759 3286 ὠμὸν,
2789 3215 2910 3269 οὐδὲ
2938 3216 3209 3288 ὲψημένον
3235 3220 3297 3273 ἐν
3339 3220 3514 3286 ὕδατι,
3554 3222 3670 3275 ἀλλ’
3701 3225 3848 3278 ὀπτά

2242 3303 2399 3374 πυρὶ,
2421 3303 2659 3374 κεφαλήν
2694 3307 2792 3359 σὺν
2815 3309 2925 3370 τοῖς
2957 3309 3104 3372 ποσὶ,
3136 3310 3231 3363 καὶ
3259 3313 3371 3374 τοῖς
3390 3312 3708 3379 ἐνδοσθίοις.
3729 3314 3848 3369 Οὐκ

2243 3394 2564 3464 ἀπολείψετε
2585 3397 2679 3450 ἀπ’
2717 3397 2880 3452 αὐτοῦ
2905 3399 2986 3462 είς
3003 3398 3065 3453 τὸ
3091 3401 3259 3472 πρωῒ,
3281 3404 3377 3457 καὶ
3414 3404 3604 3459 ὀστοῦν
3625 3406 3688 3459 οῦ
3713 3422 3845 3461 συν-

2243 3486 2467 3558 τρίψετε
2496 3488 2590 3540 ἀπ’
2628 3488 2819 3543 αὑτοῦ.
2860 3490 2941 3546 Τὰ
2970 3490 3029 3544 δὲ
3058 3492 3500 3567 καταλειπόμενα
3537 3498 3635 3551 ἀπ’
3673 3500 3845 3553 αὐτοῦ

2244 3578 2349 3641 ἓως
2401 3578 2568 3650 πρωῒ,
2600 3580 2977 3635 κατακαύσετε
3011 3584 3164 3655 πυρί.
3186 3603 3204 3636 ι
3252 3586 3480 3655 Ἐπάγει
3511 3588 3571 3641 δὲ
3628 3590 3846 3655 τούτοις

2249 3670 2279 3722 ὁ
2312 3668 2612 3741 νομοθέτης
2643 3671 2712 3726 τὰ
2748 3672 2973 3742 ἑφεξῆς,
3013 3674 3198 3730 ὁποῖόν
3235 3694 3297 3730 τε
3329 3672 3469 3733 εἶναι
3497 3680 3702 3751 πρέπει
3732 3682 3849 3736 τῶν

2245 3759 2583 3830 δαιτυμόνων
2631 3761 2691 3814 τὸ
2753 3763 2943 3832 σχῆμα
2981 3763 3275 3831 διδάσκων,
3318 3769 3413 3822 καὶ
3461 3768 3584 3823 τίνα
3633 3770 3849 3844 τρόπον

2246 3850 2672 3922 ὲξηρτισμένους
2715 3853 2816 3923 τῆς
2865 3854 3166 3926 ἱερωτάτης
3197 3856 3468 3912 ἅπτεσθαι
3494 3861 3685 3932 κοίνης
3712 3862 3852 3915 ἀκό-

2248 3941 2436 3995 λουθον
2474 3943 2692 4007 αὐτούς.
2740 3962 2760 3996 ι
2803 3943 2963 3998 Οὕτω
3018 3946 3128 4017 γάρ
3170 3947 3413 4018 φάγεσθε
3476 3950 3631 4019 αὐτὸ,
3680 3953 3845 4023 φησί·

2253 4031 2537 4084 Ἔστωσαν
2571 4031 2726 4101 ὑμῶν
2772 4034 2827 4086 αἱ
2876 4032 3078 4104 ὀσφύες
3131 4037 3594 4111 περιεζωσμέναι,
3629 4041 3730 4097 καὶ
3775 4041 3851 4095 τά

2250 4120 2575 4192 ὑποδήματα
2600 4124 2659 4176 ὲν
2688 4126 2799 4188 τοῖς
2833 4126 2992 4179 ποσὶν
3029 4126 3204 4197 ὑμῶν,
3237 4129 3334 4183 καὶ
3363 4131 3421 4184 αί
3452 4130 3760 4204 βακτηρίαι
3784 4134 3852 4187 ὲν

2248 4214 2370 4276 ταῖς
2401 4214 2588 4285 χερσὶν
2622 4215 2807 4285 ὑμῶν·
2842 4218 2935 4270 καὶ
2987 4217 3170 4272 ἔδεσθε
3206 4220 3339 4275 αὐτὸ
3391 4223 3531 4293 μετὰ
3573 4226 3847 4297 σπουδῆς.

2252 4303 2449 4373 Πάσχα
2484 4305 2594 4376 γάρ
2616 4307 2734 4359 ἐστι
2769 4308 2999 4378 Κυρίου.
3027 4327 3046 4361 ι
3094 4310 3379 4383 Ὠφελήσει
3404 4313 3462 4368 δὲ
3493 4314 3716 4378 αὐτοὺς,
3746 4318 3853 4370 καὶ

2254 4395 2394 4448 κατὰ
2412 4395 2531 4449 τίνα
2551 4396 2795 4469 τρόπονή
2812 4398 2906 4451 τοῦ
2931 4400 3206 4470 προϐάτου
3223 4403 3426 4475 σφαγὴ,
3444 4404 3625 4469 καλῶς
3639 4406 3697 4460 δὲ
3718 4406 3852 4460 λίαν

564 4509 737 4564 usque
776 4492 846 4549 ad
869 4507 1058 4562 pecus,
1080 4490 1326 4561 adeoque
1365 4491 1422 4544 in
1444 4488 1702 4545 omnibus
1729 4487 1834 4543 diis
1860 4487 2144 4559 Egyptio-

2250 4488 2585 4558 ἀπογυμνῶν
2607 4504 2620 4518 ⁸
2655 4507 2673 4538 σ
2695 4489 2807 4543 Kal
2833 4490 3178 4564 διελεύσομαι
3207 4497 3265 4549 ὲν
3310 4498 3381 4567 γῇ
3409 4497 3709 4567 Αἰγύπτου,
3746 4501 3856 4554 καὶ

562 4602 686 4643 rum
711 4585 905 4641 faciam
941 4583 1228 4649 ultionem,
1254 4598 1355 4654 ego
1386 4580 1670 4637 Dominus.
1696 4580 1765 4635 Et
1793 4579 1899 4636 erit
1927 4580 2148 4648 sanguis

563 4677 724 4732 vobis
753 4676 807 4729 in
834 4673 1071 4745 signum,
1102 4673 1159 4728 in
1183 4673 1459 4738 domibus,
1500 4672 1555 4726 in
1584 4670 1788 4741 quibus
1823 4686 1922 4726 vos
1969 4671 2145 4736 eritis,

564 4769 681 4825 illic
719 4775 777 4823 et
810 4766 1012 4821 videbo
1034 4765 1383 4837 sanguinem,
1420 4772 1477 4818 et
1500 4771 1781 4833 protegam
1811 4777 1930 4827 vos,
1955 4771 2013 4817 et
2037 4779 2147 4819 non

560 4861 672 4919 erit
699 4860 756 4915 in
780 4859 937 4915 vobis
956 4859 1111 4928 plaga
1134 4865 1196 4910 ut
1218 4854 1538 4917 deleamini,
1577 4852 1797 4922 quando
1821 4868 2148 4923 percussero

564 4963 773 5011 terram
805 4951 1020 5023 Egypti
1043 4951 1110 5003 '°.
1146 4968 1165 5000 ι
1218 4947 1427 5002 Deinde
1462 4960 1694 5000 rursus:
1739 4963 1758 4995 ι
1788 4944 1894 4999 Per
1937 4952 2147 5013 septem

563 5041 703 5109 dies,
729 5043 825 5107 ait,
848 5040 1150 5098 comedetis
1165 5052 1373 5109 azyma.
1398 5036 1456 5090 In
1478 5036 1656 5105 primo
1674 5034 1765 5090 die
1790 5035 2148 5090 submovebi-

566 5137 978 5194 tisfermentum
998 5150 1031 5190 e
1052 5131 1313 5190 domibus
1326 5129 1528 5184 vestris
1543 5129 1642 5181 θ’.»
1674 5128 1740 5184 Et
1759 5134 1963 5181 statuta
1985 5141 2148 5197 poena

561 5243 755 5285 eorum
776 5227 869 5298 qui
896 5224 1376 5297 transgrediuntur
1400 5222 1540 5276 hanc
1568 5218 1766 5290 legem,
1801 5217 1993 5273 addit:
2031 5237 2048 5268 ι
2080 5217 2150 5272 Ει

564 5320 778 5389 primus
791 5318 913 5374 dies
929 5316 1218 5373 vocabitur
1243 5324 1485 5378 sanctus,
1500 5320 1557 5367 et
1579 5311 1711 5366 item
1739 5310 1860 5365 dies
1881 5310 2147 5379 septimus

562 5406 669 5461 erit
699 5406 859 5462 vobis
890 5414 1116 5461 sanctus
1136 5407 1204 5457 "z
1233 5423 1253 5455 ι
1277 5403 1536 5459 Divinum
1555 5399 1778 5470 quidem
1801 5399 2040 5470 elogium
2069 5399 2144 5453 ita

566 5497 751 5553 habet.
790 5497 902 5552 Nos
932 5506 1114 5553 autem
1160 5511 1380 5551 rursum
1402 5493 1730 5551 conabimur
1757 5507 1919 5548 suum
1948 5490 2148 5561 cuique

565 5603 786 5643 sensum
806 5587 1224 5643 convenientem
1247 5585 1615 5656 particulatim
1635 5581 2146 5647 accommodare,si-

566 5678 946 5748 gnificatorum
959 5679 1069 5733 vim
1082 5678 1435 5734 multifariam
1450 5677 1519 5732 ad
1528 5676 1809 5732 Christum
1822 5673 2144 5730 referentes.

2250 4594 2361 4631 πατ
2376 4577 2490 4645 άξω
2513 4581 2622 4633 πᾶν
2649 4582 2995 4653 πρωτότοκον
3027 4584 3137 4638 ἀπὸ
3157 4586 3447 4659 ἀνθρώπου
3462 4589 3567 4653 ἕως
3579 4591 3847 4661 κτήνους,

2246 4667 2304 4720 ὲν
2330 4670 2463 4720 πᾶσι
2491 4670 2603 4731 τοῖς
2630 4669 2773 4734 θεοῖς
2791 4669 2898 4725 τῶν
2923 4673 3473 4744 Αίγυπτίωννποιήσω
3487 4674 3584 4746 τὴν
3610 4674 3852 4747 ἐκδίκη-

2251 4776 2350 4841 σιν·
2373 4757 2484 4827 ἐγὼ
2499 4759 2725 4832 Κύριος.
2751 4761 2860 4814 Kal
2879 4762 3031 4817 ἔσται
3051 4765 3180 4834 ὑμῖν
3199 4767 3256 4817 ἐν
3274 4766 3486 4837 σημείῳ
3500 4765 3560 4819 τὸ
3575 4759 3719 4835 αἷμα
3740 4769 3853 4821 ἐπὶ

2246 4851 2355 4905 τῶν
2379 4851 2565 4905 οίκιῶν
2582 4852 2756 4923 ὑμῶν,
2772 4855 2829 4907 ὲν
2846 4849 2934 4919 αἷς
2956 4856 3114 4927 ὑμεῖς
3129 4856 3319 4911 ἔσεσθε
3342 4860 3479 4911 ἐκεῖ.
3498 4858 3607 4912 Kal
3626 4859 3852 4930 ὄψομαι

2245 4945 2308 4999 τὸ
2344 4939 2506 5016 αἷμα,
2552 4947 2647 4999 καὶ
2677 4948 2935 5001 σκεπάσω
2963 4950 3129 5019 ὑμᾶς,
3157 4951 3251 5003 καὶ
3297 4951 3397 5003 οὐκ
3428 4950 3582 5004 ἔσται
3613 4953 3671 5003 ὲν
3701 4951 3852 5020 ὑμῖν

2249 5036 2433 5109 πληγὴ
2462 5036 2555 5090 τοῦ
2577 5038 2920 5109 ἐκτριϐἧναι,
2947 5040 3075 5094 ὃταν
3120 5040 3266 5095 παίω
3291 5043 3348 5095 ὲν
3370 5045 3443 5114 γῇ
3484 5041 3789 5111 Δίγύπτου.
3816 5061 3845 5093 ι

2247 5121 2383 5179 Εἶτα
2404 5126 2567 5180 πάλιν
2588 5128 2705 5196 μεθ’
2724 5128 2909 5199 ἐτεραθ
2936 5149 2954 5181 ι
2979 5128 3152 5184 Ἑπτά
3176 5131 3390 5203 ἡμέρας
3416 5132 3600 5186 ἕδεσθε
3621 5131 3850 5203 ἄζυμα.

2249 5217 2432 5287 φησὶν,
2455 5218 2564 5270 ἀπὸ
2589 5218 2646 5272 δὲ
2681 5219 2780 5289 τῆς
2826 5220 3072 5291 πρώτης,
3110 5224 3392 5292 άφανιεῐτε
3422 5225 3602 5297 ζύμην
3629 5227 3695 5280 ὲκ
3726 5225 3859 5281 τῶν

2247 5306 2435 5362 οἰκιῶν
2459 5308 2635 5379 ὑμῶν.
2662 5327 2682 5360 ι
2721 5300 2832 5364 Καὶ
2852 5310 2950 5383 τήν
2965 5311 3060 5366 τοῦ
3097 5315 3527 5385 παραϐαίνοντος
3555 5317 3858 5387 τιμωρίαν

2243 5400 2588 5470 ὁρισάμενος,
2617 5402 2861 5472 ἐπιλέγει
2880 5404 3059 5457 πάλιν
3104 5424 3123 5457 ι
3152 5406 3262 5461 Kal
3295 5409 3327 5477 ή
3355 5409 3541 5478 ήμέρα
3569 5411 3602 5477 ἠ
3638 5413 3862 5481 πρώτη

2246 5490 2568 5562 κεκλήσεται
2601 5494 2755 5562 ἁγία,
2788 5500 2884 5549 καὶ
2914 5498 3097 5571 ήμέρα
3142 5502 3175 5570 ή
3214 5501 3438 5572 ἑϐδόμη,
3474 5502 3650 5571 κλητὴ
3698 5503 3865 5568 ἁγία.

2245 5581 2398 5635 ἔσται
2432 5583 2582 5652 ὑμῖν.
2609 5603 2628 5635 ι
2668 5585 2742 5639 Τὸ
2790 5587 2889 5658 μὲν
2934 5588 2998 5658 δὴ
3045 5589 3186 5645 θεῖον
3238 5592 3417 5661 λόγιον
3450 5591 3624 5655 οὕτως
3687 5593 3863 5663 ἔχει’

2244 5673 2544 5739 διελθόντες
2593 5675 2649 5729 δὲ
2685 5678 2846 5734 πάλιν
2899 5681 3003 5735 ἀνά
3046 5683 3211 5755 μέρος
3254 5684 3405 5748 αὐτὸ,
3463 5684 3556 5737 τὸν
3611 5685 3875 5758 ἑκάστῳ

621 5792 691 5868 θ’,
712 5792 887 5851 Exod.
916 5810 1008 5852 xu.
1051 5794 1171 5848 1-4.
1247 5792 1292 5825 ⁸³
1323 5791 1494 5869 Esod.
1529 5791 1622 5858 ni,
1645 5789 1799 5844 6-10.
1877 5788 1923 5822 "
1946 5787 2106 5855 ibid»
2136 5790 2146 5843 4

2299 5790 2347 5822 ⁹⁰
2403 5789 2561 5859 ibid.,
2616 5792 2831 5859 12,13.
2909 5796 3264 5862 ’¹ἰ1›ίι1.,15.
3343 5799 3388 5831 ⁹¹
3433 5797 3593 5862 ibid.,
3653 5798 3755 5856 16.
