4066 6282
359 356 459 415 lli

1378 368 1901 427 GLAPHYRORUM
1939 371 2009 427 IN
2048 370 2335 428 EXODUM
2374 373 2503 430 LIB.
2547 376 2612 431 l'l.

3543 386 3650 443 622

358 479 640 550 πρέποντα
685 483 812 540 νοῦν
845 484 1153 558 ἀφαρμόσαι
1198 489 1539 560 πειράσομαι
1560 488 1700 581 ρος.
1731 487 2158 561 πειρασόμεθα1,
2188 491 2290 562 τὴν
2335 492 2399 544 ἐκ
2433 492 2545 546 τῶν
2583 498 3000 566 σημαινομέιων
3031 497 3260 571 δύναμιν
3285 503 3644 576 πολυτρόπως

357 577 435 638 tl;
473 577 636 631 αὑτὸν
672 579 1039 653 ἀναφέροντες
1070 583 1161 637 τὸν
1188 584 1447 654 Χριστόν.

426 667 489 738 β’.
508 669 783 740 Ὀρίζεται
813 673 994 727 τοίνυν
1018 675 1078 728 ὲν
1102 675 1244 746 ἀρχῇ
1277 675 1372 729 τοῦ
1408 673 1584 740 ἔτους,
1602 676 1664 728 ὲν
1691 674 1770 746 τῷ
1795 672 1913 746 πρώ

2014 708 2024 735 ,
2122 671 2178 726 2.
2201 671 2616 729 Determinatur
2664 675 2852 746 itaque
2888 677 2943 730 in
2972 678 3250 751 principio
3285 685 3437 751 anni,
3482 695 3542 744 et
3581 691 3638 746 in

352 781 430 834 τῳ
466 763 617 834 μηνὶ,
646 765 747 834 τῆς
780 765 1055 836 ἰερουγίας
1084 770 1114 822 ὁ
1144 769 1368 838 καιρός·
1406 768 1549 841 ἀρχὴ
1576 770 1689 840 γὰρ
1722 769 1942 824 πάντων

351 857 500 909 εστὶν
534 858 562 909 ό
590 857 854 927 Χριστὸς,
888 860 1012 913 ἐπεὶ
1047 860 1185 931 μηδὲ
1233 861 1546 933 πρόσφατος
1583 861 1676 915 διά
1716 878 1802 916 τοι
1838 861 1940 933 τὴν

348 952 412 1003 ἐκ
452 949 588 1003 Θεοῦ
626 950 837 1022 Πατρὸς
885 952 992 1024 πρὸ
1030 952 1242 1008 αἰώνων
1275 956 1551 1026 γέννησιν.
1599 955 1848 1024 ’Δγιάζει
1871 955 1930 1009 δὲ

344 1041 509 1105 αὐτὸς
547 1041 691 1096 κατὰ
739 1044 918 1097 πάντα
943 1044 1137 1116 χρόνον
1157 1085 1172 1107 ,
1198 1046 1270 1099 τά
1311 1047 1406 1100 ἀπ’
1443 1047 1621 1118 ἀρχῆς
1652 1047 1816 1119 μέχρι
1845 1047 1937 1101 τέ-

344 1130 488 1194 λους,
535 1131 652 1183 ἀλλ’
685 1130 876 1205 ὥσπερ
918 1135 978 1186 ὲν
1028 1135 1161 1205 μηνί
1196 1136 1306 1189 τῶν
1340 1135 1477 1189 νέων
1521 1137 1556 1207 η
1599 1137 1931 1207 πανήγυρις.

352 1241 369 1271 ι
409 1221 710 1292 Παρῴχετο
738 1224 837 1293 μὲν
865 1223 978 1295 γὰρ
1014 1225 1084 1278 τὰ
1110 1227 1330 1298 ἀρχαῖα,
1362 1247 1379 1277 ι
1407 1227 1551 1280 κατά
1575 1226 1677 1297 τὴν
1710 1228 1805 1281 τοῦ
1832 1245 1935 1299 μα-

340 1312 536 1382 καρίου
569 1313 783 1367 Παύλου
823 1316 1032 1385 φωνήν·
1061 1335 1080 1369 ι
1103 1318 1237 1372 Ἰδοὺ
1259 1319 1452 1387 γέγονε
1484 1319 1555 1373 τὰ
1600 1319 1781 1374 πάντα
1813 1337 1936 1374 και-

338 1403 422 1455 vd.
467 1423 484 1453 ι
523 1405 637 1457 Καὶ
688 1404 986 1460 ἀνέθαλλεν
1025 1407 1119 1461 καὶ
1150 1408 1440 1480 ἀνθρώπου
1483 1412 1650 1479 φύσις
1691 1411 1831 1484 πρὸς
1870 1412 1932 1465 τὸ

274 1484 296 1500 ’
335 1497 392 1547 ἑν
415 1495 616 1566 ἀρχαῖς
648 1497 707 1549 ὲν
738 1496 984 1568 Χριστῷ.
1020 1498 1242 1564 Δούλοις
1268 1518 1328 1554 τε
1356 1498 1513 1556 οὖσιν
1544 1503 1626 1557 ἔτι
1652 1507 1765 1569 τοῖς
1794 1506 1930 1567 υἰοῖς

346 1584 600 1657 Ἰσραὴλ,
623 1588 720 1641 καὶ
761 1588 867 1641 ὑπὸ
893 1570 1057 1661 γεῖρα
1092 1592 1390 1662 πράττουσι
1432 1595 1533 1666 τὴν
1569 1597 1927 1668 τυραννικὴν,

334 1675 482 1747 εἶχον
513 1679 626 1749 γὰρ
650 1678 731 1732 ἔτι
752 1678 850 1751 τὴν
872 1679 980 1734 τῶν
1009 1683 1345 1751 Αἰγυπτίων,
1370 1685 1441 1740 τὰ
1462 1687 1690 1743 τοιαῦτα
1717 1689 1929 1743 διετάτ-

336 1786 487 1823 τετο·
510 1769 612 1823 τοῦ
644 1770 804 1839 λόγου
836 1773 997 1828 πάλιν
1022 1776 1437 1849 αἰνιγματωδῶς
1466 1779 1922 1850 ὐπεμφαίνοντος,

346 1860 424 1932 μὴ
474 1860 542 1914 ἂν
592 1861 778 1931 ἕτερον
824 1865 1088 1921 δύνασθαι
1125 1869 1224 1939 τὴν
1269 1868 1366 1922 τοῦ
1411 1870 1702 1941 ἀνθρώπου
1745 1870 1923 1942 ψυχὴν

341 1950 483 2022 πρὸς
532 1951 844 2026 ἐλευθερίαν
886 1956 985 2027 μὶν
1024 1957 1124 2023 τὴν
1165 1957 1225 2022 ἐξ
1257 1958 1533 2030 ἁμαρτίας
1570 1961 1918 2032 ἀναδραμεῖν,

2044 764 2226 834 primo
2266 780 2457 820 mense
2491 766 2749 822 sacriﬁcii
2797 778 3033 839 tempus.
3091 772 3434 845 Principium
3488 783 3636 838 enim

2045 855 2295 912 omnium
2334 867 2421 914 est
2441 858 2699 915 Christus
2721 862 2769 893 ”
2804 861 2967 933 267
3004 864 3135 934 (non
3161 869 3309 923 enim
3335 886 3515 943 nuper
3535 891 3635 931 na-

2041 957 2132 1004 tus
2172 958 2257 1005 est
2281 959 2506 1021 propter
2528 961 2656 1007 ante
2702 954 2902 1008 satcula
2925 971 2992 1010 ex
3027 957 3141 1012 Deo
3176 964 3632 1039 generationem).

2036 1038 2172 1092 Nam
2210 1039 2326 1109 ipse
2348 1040 2655 1096 sanctiﬁcat
2689 1056 2780 1097 res
2815 1057 2915 1112 per
2933 1059 3097 1099 omne
3123 1054 3342 1119 tempus
3369 1052 3440 1106 ab
3472 1038 3636 1110 initio

2038 1143 2212 1198 usque
2235 1129 2304 1183 ad
2337 1129 2522 1195 tinem,
2567 1133 2874 1202 praesertim
2917 1133 3119 1189 festum
3150 1136 3205 1191 in
3231 1155 3419 1197 mense
3464 1160 3636 1199 novo-

2037 1233 2178 1271 rum.
2206 1238 2223 1265 σ
2249 1220 2444 1275 Vetera
2469 1220 2617 1275 enim
2639 1222 3049 1291 praeterierunt,
3073 1243 3091 1275 ι
3110 1224 3264 1295 juxta
3287 1228 3432 1285 beati
3476 1232 3631 1288 Pauli

2034 1308 2245 1363 dictum
2272 1310 2318 1343 ”
2348 1328 2361 1364 :
2405 1331 2423 1362 ι
2463 1312 2603 1367 Ecce
2631 1328 2773 1369 nova
2810 1314 2953 1370 facta
2987 1328 3118 1372 sunt
3148 1321 3352 1375 omnia.
3396 1341 3416 1374 ι
3444 1324 3513 1379 Et
3539 1342 3631 1382 re-

2032 1398 2222 1455 ﬂoruit
2252 1402 2495 1458 hominis
2516 1412 2714 1459 natura
2734 1406 2801 1460 ad
2827 1402 2933 1462 hoc
2954 1408 3102 1478 quod
3126 1408 3230 1464 fuit
3258 1410 3314 1466 in
3353 1415 3630 1487 principio

2030 1492 2088 1547 in
2114 1491 2356 1549 Christo.
2381 1494 2562 1565 Atque
2582 1496 2871 1562 lsraelitis,
2899 1514 3025 1554 cum
3052 1501 3237 1557 adhuc
3252 1505 3397 1559 servi
3421 1519 3626 1574 essent,

2028 1592 2086 1640 et
2123 1586 2228 1640 sub
2280 1588 2563 1657 tyrannica
2615 1598 2889 1658 potestate
2925 1594 3191 1663 degerent
3217 1596 3629 1667 (detinebantur

2027 1677 2176 1731 enim
2221 1678 2326 1733 sub
2378 1677 2692 1751 IEgyptiis),
2727 1681 2846 1737 hac
2897 1685 3380 1755 praecipiebantur,
3421 1690 3628 1762 signiti-

2026 1776 2188 1823 cante
2229 1768 2392 1823 nobis
2427 1785 2645 1825 rursum
2678 1771 2909 1842 ﬁgurate
2942 1789 3220 1841 sermone,
3256 1781 3464 1836 nullam
3502 1784 3625 1839 ani-

2025 1872 2171 1912 mam
2190 1873 2351 1929 posse
2371 1860 2531 1914 aliter
2548 1862 2782 1918 evadere
2805 1875 3092 1934 peccatum
3113 1869 3181 1923 ad
3206 1869 3543 1940 libertatem,
3567 1883 3626 1931 et

2024 1949 2231 2005 diaboli
2254 1952 2598 2022 tyrannidem
2624 1954 2888 2026 effugere,
2912 1958 3244 2031 civitateque
3261 1978 3499 2034 superna
3524 1965 3623 2022 do-

335 2042 437 2112 τὴν
476 2044 533 2097 δὲ
584 2044 680 2097 τοῦ
717 2046 969 2100 διαϐόλου
1004 2048 1323 2113 πλεονεξίαν
1356 2030 1815 2120 ἀποφυγεῖνξκαὶ
1843 2053 1913 2116 εἰς

2022 2040 2475 2104 nari,liberatam
2511 2043 2581 2098 ab
2611 2044 2777 2115 hujus
2804 2047 2994 2102 mundi
3034 2030 3473 2121 conversatione,
3512 2056 3621 2114 nisi

328 2134 430 2204 τὴν
460 2135 578 2190 ἄνω
602 2137 855 2205 γενέσθαι
888 2139 1043 2193 πόλιν
1067 2141 1177 2195 ἀπὸ
1197 2141 1295 2211 τῆς
1315 2142 1375 2194 ὲν
1408 2142 1598 2212 κόσμῳ
1618 2143 1915 2215 διατριϐῆς,

325 2226 373 2276 εἰ
412 2223 491 2295 μὴ
525 2224 620 2278 διὰ
651 2226 755 2296 τῆς
784 2227 879 2281 τοῦ
920 2230 1163 2299 Χριστοῦ
1196 2231 1431 2302 μετοχῆς
1478 2235 1570 2286 καὶ
1612 2233 1914 2307 φιλανθρω-

324 2315 476 2378 πίας,
502 2316 649 2370 κατά
680 2317 742 2372 τὸ
765 2320 1062 2392 εἰρημένον
1092 2322 1224 2394 παρ’
1248 2323 1414 2377 αὐτοῦ
1445 2323 1582 2396 πρὸς
1602 2327 1729 2391 τοὺς
1753 2328 1918 2400 ἀνοή-

324 2421 450 2467 τους
496 2406 810 2471 Ἰουδαίους·
851 2428 871 2460 ι
914 2410 1112 2481 Ἀμὴν,
1148 2413 1297 2485 ἀμὴν
1341 2414 1483 2484 λέγω
1511 2416 1662 2487 ὑμῖν,
1686 2419 1769 2471 ὅτι
1805 2422 1917 2485 πᾶς

324 2498 349 2546 ὁ
380 2495 553 2549 ποιῶν
598 2496 699 2568 τὴν
738 2498 1044 2570 ἁμαρτίαν,
1078 2500 1266 2568 δοῦλός
1300 2506 1418 2558 ἐστι
1463 2507 1565 2576 τῆς
1606 2509 1911 2581 ἁμαρτίαςο

322 2588 352 2639 6
379 2588 570 2653 δοῦλος
608 2590 671 2643 οὐ
705 2592 859 2662 μένει
906 2595 966 2647 ὲν
992 2598 1060 2666 τῇ
1097 2596 1245 2668 οἰκίᾳ
1273 2599 1354 2662 είς
1384 2599 1479 2653 τὸν
1515 2601 1712 2657 αίῶναο
1745 2606 1775 2658 ό
1799 2606 1914 2670 υίὸς

323 2681 474 2750 μένει
503 2683 585 2745 εἰς
610 2682 704 2736 τὸν
730 2683 922 2738 αἰῶνα.
965 2686 1093 2741 Ἐἀν
1120 2683 1213 2741 οὖν
1236 2691 1264 2743 ὁ
1290 2689 1406 2754 υίὸς
1434 2692 1581 2762 ὑμᾶς
1609 2694 1912 2768 ἐλευθερώ-

322 2785 413 2842 σῃ,
436 2770 612 2834 ὅντως
649 2771 927 2845 ἐλεύθεροι
958 2774 1168 2830 ἔσεσθε.
1205 2796 1224 2829 ι
1270 2779 1382 2832 Καὶ
1426 2780 1610 2835 πάλινο
1645 2802 1665 2836 ι
1715 2785 1910 2857 Ἀμὴν,

324 2862 470 2931 ἀμὴν
492 2862 642 2932 λέγω
684 2866 834 2936 ὑμῖν,
863 2867 960 2920 ἐὰν
993 2868 1068 2938 μὴ
1098 2869 1309 2940 φάγητε
1330 2871 1430 2943 τὴν
1451 2873 1632 2945 σάρκα
1655 2876 1751 2930 τοῦ
1777 2878 1909 2932 Υἰοῦ

330 2953 421 3006 τοῦ
454 2955 770 3024 ἀνθρώπου,
805 2959 899 3012 καὶ
938 2960 1100 3031 πίητε
1132 2963 1300 3017 αὐτοῦ
1334 2964 1395 3017 τὸ
1421 2962 1583 3036 αἷμα,
1615 2968 1717 3021 οὐκ
1757 2970 1908 3040 ἔχετε

339 3041 480 3116 ζωὴν
511 3048 567 3100 ἒν
614 3050 846 3114 ἑαυτοῖςο
884 3070 904 3102 ι
947 3047 1016 3123 ἦς
1047 3054 1128 3117 εἰς
1172 3053 1343 3109 τύπον
1384 3061 1559 3112 νοοῖτο
1598 3060 1780 3126 καλῶς
1810 3065 1908 3134 τῆς

337 3136 661 3206 ἐπαγγελίας
700 3143 735 3212 ἡ
780 3143 874 3213 γῆ,
912 3144 993 3206 είς
1035 3146 1102 3216 ἣν
1138 3145 1199 3211 ἐξ
1241 3147 1518 3214 Αἰγύπτου
1569 3157 1907 3223 μεταχωρεῖν

330 3228 643 3298 ἠπείγοντο.
669 3234 1023 3305 Λαμϐάνεται
1048 3238 1106 3290 δὲ
1132 3237 1195 3291 τὸ
1229 3239 1501 3311 πρόϐατον
1536 3242 1643 3295 ἀπὸ
1672 3244 1906 3317 δεκάτης

322 3320 420 3375 τοῦ
447 3325 616 3395 μηνὸς
651 3328 902 3400 ἡμέρας,
938 3330 1035 3383 καὶ
1072 3331 1411 3401 διατηρεῖται
1454 3335 1617 3405 μέχρι
1652 3336 1751 3406 τῆς
1783 3355 1907 3391 τεσ-

324 3417 867 3489 σαρεσκαιδεκάτης,
928 3421 1017 3474 ἴνα
1076 3421 1380 3493 σφάττηται
1440 3426 1579 3495 πρὸς
1638 3428 1899 3501 ἑσπέραν.

317 3507 432 3560 Καὶ
458 3508 554 3562 τοῦ
588 3509 652 3581 δὴ
680 3512 875 3583 χάριν;
907 3515 1023 3584 ἐρεῖ
1053 3530 1140 3578 τις
1178 3517 1366 3586 τυχόν·
1399 3517 1569 3586 βαθὺς
1603 3521 1713 3592 γὰρ
1734 3522 1902 3588 ὅντως

317 3603 346 3654 ὁ
380 3603 559 3669 λόγος.
596 3606 661 3657 Τί
701 3606 830 3677 γὰρ,
866 3608 987 3661 είπέ
1020 3626 1129 3680 μοι,
1160 3609 1450 3666 διεκώλυεν
1494 3614 1678 3686 ἡμέρᾳ
1708 3617 1901 3689 πρώτῃ

315 3693 787 3764 διαλαμϐάνεσθαι
837 3697 933 3750 τοῦ
983 3700 1184 3771 μηνός;
1239 3701 1305 3754 Τί
1349 3702 1404 3755 δὲ
1444 3703 1553 3774 ἄρα
1593 3708 1899 3777 νομοθετεῖν

313 3786 573 3840 ἀνέπεισε
606 3782 715 3841 μτδν
764 3789 897 3843 Θεὸν
937 3793 996 3845 ἐν
1040 3794 1278 3865 ἡμέραις
1327 3795 1487 3849 πέντε
1528 3801 1898 3872 τετηρημένον

317 3876 624 3948 ἱερουργεῖν
655 3879 829 3945 οὕτως
859 3883 991 3953 πρὸς
1018 3885 1255 3957 ἑσπέραν
1282 3888 1342 3941 τὸ
1382 3889 1526 3958 θῦμα
1551 3908 1564 3956 ;
1595 3894 1766 3947 Πέντε
1792 3897 1897 3966 γὰρ

313 3967 543 4039 ἡμερῶν
578 3970 811 4041 ἀριθμὸν
842 3973 1147 4045 εὑρήσομεν
1179 3978 1287 4031 ἀπὸ
1325 3980 1423 4049 τῆς
1455 3981 1685 4047 δεκάτης
1724 3984 1893 4053 ἀρξά-

326 4072 480 4124 μενοι
515 4058 613 4128 (1).
636 4060 742 4112 Τοῦ
777 4062 874 4131 μὲν
900 4059 992 4116 οὖν
1024 4064 1097 4135 μὴ
1119 4066 1175 4117 ἐν
1207 4068 1387 4137 ἡμέρα
1411 4069 1600 4139 πρώτῃ
1630 4072 1899 4137 λαμϐανε-

320 4148 448 4199 σθαι
474 4150 567 4202 τὸν
602 4150 793 4219 ἀμνὸν,
824 4153 935 4205 ἀλλ’
961 4156 1018 4206 ἐν
1039 4158 1104 4226 τῇ
1134 4156 1335 4228 δεκάτῃ
1362 4158 1452 4209 τοῦ
1488 4161 1671 4227 μηνὸς,
1705 4161 1898 4229 σημαί-

1932 3375 1975 3429 C

2020 2145 2120 2201 per
2155 2131 2285 2187 Jesu
2306 2132 2510 2189 Christi
2539 2138 2986 2193 communionem
3005 2150 3172 2211 atque
3198 2144 3619 2216 benignitatem,

2014 2224 2171 2294 juxta
2190 2225 2325 2281 illud
2348 2227 2496 2297 quod
2519 2229 2727 2284 dictum
2759 2239 2845 2286 est
2868 2233 2937 2287 ab
2977 2248 3046 2289 eo
3070 2235 3137 2289 ad
3166 2236 3492 2307 insipientes
3516 2241 3617 2297 Ju-

2018 2316 2167 2373 dteos
2190 2336 2205 2373 :
2238 2318 2463 2385 «Amen,
2485 2336 2646 2376 amen
2665 2322 2793 2378 dico
2814 2324 2976 2381 vobis
2993 2327 3142 2396 quod
3169 2330 3350 2385 omnis
3373 2333 3468 2402 qui
3486 2332 3619 2389 facit

2016 2418 2334 2479 peccatum,
2379 2427 2572 2468 servus
2612 2422 2699 2469 est
2742 2417 2976 2485 peccati.
3014 2404 3221 2475 Servus
3265 2430 3452 2478 autem
3502 2440 3616 2480 non

2016 2509 2203 2558 manet
2234 2502 2291 2557 in
2329 2503 2494 2559 domo
2530 2504 2588 2561 in
2609 2515 2877 2563 retentum
2906 2527 2919 2562 :
2950 2503 3123 2565 Filius
3149 2523 3337 2569 manet
3364 2515 3420 2569 in
3450 2523 3613 2571 aeter-

2014 2609 2168 2649 num.
2214 2594 2271 2651 Si
2320 2596 2489 2668 igitur
2523 2613 2624 2653 vos
2658 2599 2830 2655 Filius
2861 2601 3204 2672 liberaverit,
3231 2621 3421 2661 revera
3452 2608 3612 2663 liberi

2011 2684 2168 2738 eritis
2186 2685 2255 2737 ⁹⁸.
2293 2704 2312 2735 ι
2353 2685 2422 2739 Et
2458 2702 2653 2742 rursus
2695 2705 2709 2741 :
2750 2707 2769 2740 ι
2820 2689 3017 2755 Amen,
3067 2706 3231 2746 amen
3276 2694 3404 2749 dico
3428 2696 3608 2759 vobis,

2012 2771 2119 2826 nisi
2153 2772 2618 2829 manducaveritis
2638 2790 2859 2831 carnem
2887 2778 3013 2832 Filii
3040 2780 3300 2844 hominis,
3319 2791 3377 2836 et
3402 2783 3613 2840 biberi-

2013 2861 2086 2916 tis
2138 2862 2311 2933 ipsius
2360 2866 2704 2935 sanguinem,
2745 2883 2855 2922 non
2905 2868 3183 2925 habebitis
3206 2872 3376 2926 vitam
3400 2873 3457 2928 in
3504 2891 3605 2932 vo-

2011 2950 2100 3006 bis
2118 2952 2186 3007 “.
2227 2972 2244 3003 ι
2277 2952 2447 3023 Cujus
2477 2970 2608 3009 sane
2654 2956 2781 3010 vita:
2828 2957 3061 3026 pulcher
3089 2968 3250 3031 typus
3270 2977 3391 3017 esse
3425 2974 3608 3033 potest

2011 3050 2156 3095 terra
2176 3043 2578 3111 promissionis,
2595 3044 2649 3097 in
2668 3060 2831 3114 quam
2851 3062 2918 3099 ex
2930 3046 3163 3117 Egypto
3176 3052 3601 3109 contendebant.

2010 3131 2182 3186 Porro
2216 3148 2389 3202 agnus
2432 3133 2707 3203 accipitur
2741 3135 2958 3190 decimo
2987 3138 3195 3194 mensis
3214 3139 3326 3206 die,
3351 3150 3408 3196 et
3428 3158 3607 3198 asser-

2009 3232 2171 3279 vatur
2199 3240 2371 3295 usque
2403 3226 2470 3280 ad
2495 3225 2640 3281 diem
2677 3226 2952 3282 decimum
2984 3238 3264 3300 quartum,
3306 3242 3368 3287 ut
3394 3244 3603 3290 macte-

2011 3323 2102 3371 tur
2124 3317 2193 3372 ad
2220 3333 2526 3387 vesperam.
2562 3317 2733 3386 Quam
2749 3319 2822 3374 ob
2848 3336 2965 3375 rem
2996 3337 3128 3377 vero
3149 3324 3171 3377 ?
3192 3324 3340 3379 dicet
3369 3325 3603 3383 fortasse

2007 3408 2226 3480 aliquis.
2275 3409 2541 3465 Sublimis
2576 3428 2706 3466 sane
2744 3428 2809 3467 ac
2833 3413 3103 3482 profunda
3131 3418 3271 3470 ratio
3310 3427 3414 3472 est.
3457 3418 3601 3486 Quid

2003 3501 2183 3565 enim,
2233 3502 2465 3557 obsecro
2492 3543 2506 3567 ,
2566 3503 2901 3573 prohibebat
2943 3508 3239 3575 quominus
3290 3511 3469 3579 primo
3509 3512 3600 3565 die

2002 3593 2207 3646 mensis
2244 3602 2506 3664 acceptus
2527 3595 2599 3649 sit
2620 3596 2643 3649 ?
2666 3596 2776 3650 Aut
2819 3598 2951 3666 quid
2989 3601 3162 3654 movit
3189 3602 3358 3655 Deum
3392 3611 3452 3656 ut
3482 3604 3599 3674 lege

2000 3687 2257 3749 sanciret,
2281 3702 2479 3758 agnum
2507 3689 2752 3758 quinque
2785 3689 2984 3746 diebus
3012 3701 3290 3747 servatum
3322 3695 3597 3749 immolari

2001 3778 2219 3831 tandem
2250 3779 2317 3832 ad
2350 3780 2677 3847 vesperam?
2707 3780 2959 3851 Quinque
2993 3784 3141 3836 enim
3170 3783 3383 3835 dierum
3404 3799 3598 3838 nume-

2001 3884 2121 3921 rum
2148 3870 2513 3931 inveniemus,
2541 3871 2583 3922 si
2622 3886 2652 3922 a
2682 3871 2899 3923 decimo
2949 3873 3278 3940 incipiamus
3299 3888 3595 3931 numerare

2000 3974 2173 4026 usque
2198 3959 2264 4010 ad
2293 3959 2568 4013 decimum
2602 3968 2881 4028 quartum.
2915 3961 3069 4025 Quod
3095 3962 3261 4029 igitur
3285 3978 3459 4031 agnus
3485 3980 3594 4020 non

1998 4053 2068 4104 sit
2096 4060 2354 4118 acceptus
2378 4050 2431 4102 in
2458 4050 2655 4117 primo,
2681 4050 2775 4103 sed
2802 4051 2854 4103 in
2890 4050 3106 4104 decimo
3136 4052 3225 4105 die
3253 4054 3478 4117 mensis,
3509 4057 3592 4110 vi-

1997 4144 2159 4196 detur
2188 4140 2495 4211 significare
2526 4141 2675 4210 quod
2704 4142 2873 4195 multa
2901 4144 3285 4212 prmccsserint
3320 4154 3520 4216 tempe:
3539 4162 3590 4212 a,

320 4253 437 4292 νειν
461 4237 660 4305 ἔοικεν,
677 4243 759 4295 ὅτι
780 4244 962 4298 πολλοί
983 4247 1331 4317 προεδάδιζον
1359 4250 1559 4317 χρόνοι,
1586 4251 1677 4302 καί
1701 4251 1897 4322 μακροί

2014 4232 2334 4302 etprwlonga
2347 4233 2593 4303 quanlam
2622 4234 2817 4288 smeula
2840 4234 3043 4289 fuerint
3072 4246 3197 4290 ante
3223 4245 3470 4292 nostrum
3496 4254 3588 4292 or-

310 4345 459 4391 τινες
486 4324 632 4400 ἦσαν
660 4334 857 4399 αἰῶνες
901 4337 950 4389 οἱ
986 4339 1091 4409 πρὸ
1122 4340 1300 4409 ἡμῶν,
1338 4343 1458 4395 καθ’
1492 4342 1551 4396 ὃν
1582 4340 1650 4414 ἦν
1683 4345 1769 4398 ἀεὶ
1803 4346 1895 4400 καὶ

2014 4340 2135 4389 ηιιιη,
2168 4324 2222 4378 in
2250 4325 2452 4394 quibus
2489 4341 2706 4394 semper
2739 4325 2859 4389 fuit,
2882 4337 2936 4381 et
2972 4338 3055 4382 est
3081 4338 3137 4383 et
3159 4330 3267 4383 erit
3299 4331 3461 4385 Deus.
3498 4332 3587 4386 ln-

309 4421 497 4488 ἔστιν,
540 4425 639 4477 καὶ
686 4424 840 4479 ἔσται
873 4426 1030 4492 Θεός.
1082 4430 1357 4486 Εἰσὸαίνει
1396 4434 1452 4487 δὲ
1496 4435 1694 4503 γείτων
1735 4438 1895 4501 εὐθὺς

2014 4417 2143 4471 ridet
2173 4425 2356 4470 autem
2403 4416 2666 4470 continuo
2700 4426 2823 4485 post
2861 4419 2965 4471 hoc
3013 4428 3259 4473 nostrum
3305 4422 3586 4484 smeulum,

313 4512 437 4581 μετ’
474 4513 718 4577 ἐκείνους
739 4515 874 4569 αἰὼν
906 4513 1058 4582 οὗτος
1086 4522 1115 4573 ὀ
1137 4523 1260 4573 καθ’
1301 4523 1466 4593 ἡμᾶς,
1505 4526 1579 4589 ὡς
1611 4526 1698 4579 διὰ
1728 4528 1893 4580 πενθ-

2014 4508 2144 4576 μιοᾶ
2181 4516 2442 4576 tanquam
2466 4507 2710 4576 quinque
2756 4508 2971 4562 dierum
3022 4511 3126 4563 iter
3161 4512 3323 4564 modo
3357 4529 3384 4564 a
3426 4513 3589 4565 nobis

307 4599 528 4674 ημέρου
575 4606 675 4676 τῆς
721 4607 922 4679 ἀρτίως
954 4612 1085 4680 ἡμῖν
1124 4613 1420 4683 εἰρημένης
1445 4617 1585 4678 ὀδοῦ,
1616 4620 1694 4681 εἰς
1734 4619 1894 4672 πέντε

2014 4620 2224 4674 luctum
2271 4621 2327 4675 in
2367 4621 2609 4691 quinque
2650 4630 2894 4693 tempora
2941 4624 3224 4680 dividitur.
3277 4628 3388 4682 lloc
3428 4631 3586 4683 valde

311 4695 543 4766 καιροὺς
589 4696 988 4769 διαιρούμενος.
1053 4703 1315 4774 Σαφηνιεῖ
1356 4706 1411 4759 δὲ
1463 4709 1667 4779 σφόδρα
1714 4712 1894 4775 καλῶς

2014 4711 2278 4782 :leganter
2300 4711 2460 4765 nobis
2478 4711 2780 4767 declarabit
2813 4712 3111 4769 Salvatoris
3146 4719 3423 4787 parabole,
3465 4736 3587 4788 qua!

308 4786 446 4855 ἡμῖν
475 4786 539 4838 τὸ
568 4786 924 4859 ζητούμενον,
967 4794 1112 4863 ἡτοῦ
1148 4796 1398 4867 Σωτῆρος
1431 4800 1735 4871 παραϐολὴ,
1768 4803 1891 4855 τοῦ-

309 4894 402 4930 τον
433 4877 633 4948 ἔχουσα
676 4882 768 4934 τὸν
808 4884 1031 4953 τρόπον·
1075 4905 1092 4937 ‹
1143 4887 1343 4956 Ὁμοία
1393 4891 1543 4943 ἐστὶν
1586 4892 1896 4961 ἡβασιλεία

303 4971 419 5025 τῶν
452 4973 704 5044 οὐρανῶν
759 4976 1035 5048 ἀνθρώπῳ
1068 4979 1441 5052 οἰκοδεσπότῃ.
1478 4983 1626 5046 ὅστις
1675 4983 1896 5054 ἐξῆλθεν

307 5062 427 5132 ἅμα.
459 5065 608 5136 πρωῒ
649 5067 1027 5136 μισθώσασθαι
1074 5070 1313 5139 ἐργάτας
1352 5074 1431 5135 εἰς
1460 5073 1550 5125 τὸν
1599 5076 1897 5143 ἀμπελῶνα

304 5156 500 5209 αὐτοῦ.
532 5159 913 5231 Συμφωνήσας
945 5162 1002 5215 δὲ
1048 5163 1188 5233 μετά
1218 5165 1328 5217 τῶν
1363 5167 1610 5234 ἐργατῶν
1640 5168 1704 5220 ὲκ
1734 5166 1918 5238 δηναο¹

303 5249 431 5321 ρίου
469 5252 566 5322 τὴν
599 5254 837 5325 ἡμέραν,
880 5257 1200 5312 ἀπέστειλεν
1243 5260 1440 5323 αὐτοὺς
1471 5263 1549 5324 εἰς
1585 5262 1676 5315 τὸν
1719 5264 1896 5333 ἀμπε-

1998 4803 2070 4856 ita
2098 4804 2261 4858 habet
2293 4822 2305 4856 :
2340 4824 2356 4854 ι
2388 4802 2576 4858 Simile
2601 4814 2683 4858 est
2707 4822 2930 4876 regnum
2960 4810 3222 4861 cci-lorum
3252 4811 3459 4862 homini
3487 4827 3583 4877 pa»

1994 4896 2320 4957 trifamilias,
2354 4897 2447 4967 qui
2473 4898 2639 4968 268
2676 4899 2846 4953 exivit
2884 4900 3131 4953 diluculo
3168 4901 3233 4952 ad
3269 4901 3585 4954 conducen-

1993 4985 2092 5040 dos
2114 4988 2397 5056 operarios
2433 4989 2487 5042 in
2524 4990 2741 5043 vineam
2769 5006 2944 5044 suam.
2975 4990 3352 5043 Conventione
3398 5002 3583 5045 autem

1992 5078 2131 5134 facta
2161 5096 2285 5135 cum
2313 5081 2580 5150 operariis
2609 5096 2675 5134 ex
2706 5082 2933 5135 denario
2958 5080 3180 5143 diurno,
3227 5081 3373 5136 misit
3404 5100 3501 5137 eos
3527 5086 3581 5139 in

1992 5168 2209 5223 vineam
2255 5185 2431 5224 suam.
2494 5169 2561 5222 Et
2603 5184 2859 5237 egressus
2908 5168 3055 5223 circa
3113 5169 3304 5223 horam
3367 5171 3582 5225 terliam

1991 5264 2132 5318 vidit
2172 5262 2309 5316 alios
2346 5266 2556 5314 stantes
2590 5259 2798 5312 otiosos
2838 5259 2890 5312 in
2919 5258 3058 5322 foro,
3097 5267 3155 5313 et
3181 5260 3270 5313 his
3297 5260 3433 5314 dicit
3464 5278 3478 5314 :
3506 5259 3586 5315 Ite.

298 5341 451 5395 λῶνα
480 5341 666 5397 αὑτοῦ.
722 5345 833 5398 Καὶ
872 5347 1104 5413 ἐξελθὼν
1139 5349 1269 5420 περί
1315 5350 1505 5421 τρίτην
1538 5351 1706 5423 ὥραν,
1754 5352 1893 5409 εἶδεν

2014 5365 2042 5409 ιι
2068 5370 2167 5409 vos
2191 5355 2244 5407 in
2265 5354 2502 5415 vineam,
2526 5364 2582 5405 et
2606 5351 2753 5420 quod
2784 5352 2990 5420 justum
3021 5353 3208 5417 fuerit,
3226 5353 3370 5408 dabo
3404 5356 3582 5412 vobis.

296 5433 500 5497 ἄλλους
534 5434 781 5500 ἑστῶτας
827 5438 885 5491 ὲν
912 5442 978 5509 τῇ
1023 5442 1197 5512 ἀγορᾷ
1229 5443 1433 5514 ἀργοὺς
1453 5483 1467 5508 ,
1511 5445 1781 5511 κάκείνοις
1809 5443 1889 5502 εἷ-

2014 5451 2065 5503 Ili
2128 5462 2260 5502 vero
2301 5446 2579 5500 abierunt.
2638 5447 2841 5500 lterum
2891 5463 3147 5517 egressus
3179 5449 3326 5504 circa
3389 5451 3581 5505 horam

299 5541 430 5578 πεν’
468 5526 745 5597 Ὑπάγετε
775 5529 871 5583 καὶ
896 5530 1053 5601 ὑμεῖς
1085 5535 1165 5598 εἰς
1194 5534 1284 5588 τὸν
1316 5534 1615 5604 ἀμπελῶνὰ
1645 5554 1766 5608 μου,
1795 5541 1889 5593 καὶ

2014 5550 2191 5595 extam
2226 5548 2283 5593 et
2323 5537 2696 5600 nonam,fecit
2722 5538 3001 5594 similiter.
3028 5539 3187 5595 Circa
3233 5541 3580 5598 undecimam

292 5614 324 5667 δ
356 5614 430 5670 ἂν
505 5618 736 5683 δίκαιον,
768 5619 926 5673 δώσω
950 5623 1101 5693 ὑμῖν.
1143 5626 1203 5679 Oi
1236 5625 1293 5678 δὲ
1329 5626 1594 5696 ἀπῆλθον.
1629 5628 1795 5680 Πάλιν
1830 5629 1884 5681 δὲ

2018 5639 2164 5685 utem
2207 5641 2464 5697 egressus
2513 5626 2721 5681 invenit
2746 5629 2882 5685 alios
2912 5640 3140 5696 stantes,
3180 5644 3235 5688 et
3275 5633 3406 5688 dicit
3448 5635 3530 5690 eis

378 5726 431 5759 ’³
459 5725 582 5781 Col.
611 5725 762 5789 1,18.
840 5727 888 5760 “
912 5727 953 5782 ll
982 5727 1105 5783 Cor.
1140 5745 1194 5789 ν,
1228 5729 1325 5793 l7;
1356 5728 1459 5787 lsa.
1493 5751 1646 5795 XLIII,
1673 5734 1772 5795 19;
1805 5733 1972 5804 Apoc.
2001 5750 2113 5802 ιιι,
2150 5735 2201 5791 5.
2271 5735 2317 5767 "
2341 5732 2498 5787 Joan.
2522 5749 2638 5798 vnn,
2665 5733 2851 5799 35-56,
2927 5736 2977 5768 ⁹⁶
3007 5737 3164 5791 Joan.
3196 5754 3269 5802 vn,
3313 5738 3408 5793 54.

378 5817 458 5887 (Ι)
496 5814 702 5888 Sttpple
727 5832 790 5873 ex
813 5817 998 5873 codice
1027 5817 1326 5886 Hnl'lmano,
1369 5824 1461 5875 ml.
1495 5823 1687 5894 ἐφεξῆς
1722 5825 1913 5877 ἀνιόντι

2014 5827 2114 5897 ἱχρι
2144 5826 2240 5898 τῆς
2272 5827 2882 5896 τεσταρεσκαιδεκάτης.
