4066 6282
442 388 543 445 425

442 505 587 574 Quid
628 503 721 557 hic
753 498 906 556 statis
956 503 1066 549 tota
1112 490 1202 544 die
1253 485 1458 541 otiosi?
1512 482 1713 537 Dicunt
1746 477 1798 531 ei
1832 494 1847 529 :
1885 473 2024 541 Quia
2054 480 2099 537 Α
2129 465 2256 536 περί
2298 464 2395 534 τὴν

1412 577 1491 630 Ite
1508 582 1512 587 ’
1529 582 1584 628 et
1610 586 1706 624 vos
1729 570 1785 623 in
1806 568 2020 621 vineam

2163 577 2267 635 mg.’
2300 557 2435 626 Περὶ
2459 553 2516 607 8‘s
2552 554 2651 623 τὴν
2682 551 2974 619 ἑνδεκάτην
3008 544 3271 613 ἐξελθὼν,
3314 536 3472 612 εὗρεν
3505 539 3700 601 ἄλλους

449 609 610 650 nemo
652 607 751 646 nos
778 584 1061 643 conduxit.
1094 580 1237 636 Dicit
1257 579 1337 632 eis
1368 595 1380 628 ε

454 701 629 742 meam
647 683 749 733 ⁸⁷.»
785 677 950 735 Vides
972 675 1027 728 in
1052 674 1161 737 his,
1196 679 1253 725 et
1274 668 1497 740 quidem
1522 662 1809 719 manifeste
1837 658 2001 713 adma

1457 366 1515 421 S.
1555 360 1831 421 CYRILLI
1870 347 2339 412 ALEXAN'DRINI
2376 345 2693 402 ARCHIEP.

3585 332 3690 387 εει

2430 464 2596 531 ἕκτην
2633 461 2775 531 ὥραν
2816 457 2910 510 καὶ
2942 456 3169 525 ἑννάτην
3215 450 3472 519 ἐποίησεν
3513 446 3695 500 ὡσαύ-

2128 648 2399 708 έστῶτας,
2430 646 2526 698 καὶ
2575 643 2721 711 λέγει
2775 642 2971 702 αὑτοῖς
3023 638 3086 689 Τί
3119 630 3221 688 ὧδε
3264 632 3533 702 ἑστήκατε
3573 628 3702 696 ὃλην

454 719 629 742 lucu“:
703 719 748 733 ..
803 719 950 735 ...ην
1053 719 1161 737 ..-_,
1202 719 1251 725 --
1278 719 1391 740 τη
1419 719 1454 721 _,

451 779 603 839 dum,
630 771 778 843 quod
804 776 1053 823 nostrum
1090 761 1347 818 saeculum
1381 758 1452 813 sit
1496 756 1553 810 in
1606 753 1849 823 quinque
1895 756 2029 801 tem-

2163 742 2226 813 ὴν
2269 739 2482 810 ἡμέραν
2535 735 2725 806 ἀργοί;
2776 734 3040 799 Λέγουσιν
3097 726 3268 795 αὐτῷ·
3317 722 3504 781 Οὑδείρ
3555 719 3702 789 ἡμᾶς

2265 832 2287 843 ’⁸
2314 830 2325 843 ⁸
2549 830 2563 843 ⁵
2596 827 2607 843 ¹
2785 825 2796 843 ⁸
2851 826 2942 843 -Ψκ-
2983 820 3251 843 '\"—-'----—-
3287 815 3375 843 ..-⁸.
3421 815 3578 843 .'...—?~
3627 813 3702 843 εἴ,

452 881 584 937 pora
604 839 909 934 partitum?
961 856 1039 911 Ac
1078 852 1320 924 primum
1352 845 1574 918 quidem
1594 883 1609 908 ,
1656 839 2032 896 existimamus

454 926 621 1017 illud:
645 951 702 1005 in
739 963 848 1020 quo
887 946 1068 1001 adhuc
1092 938 1412 996 versabatur
1446 936 1503 988 in
1526 929 1780 1002 paradiso
1822 926 2033 997 primus

455 1053 609 1115 pater
628 1016 821 1096 Adam.
843 1030 1159 1092 Secundum
1172 1039 1297 1100 post
1327 1027 1452 1091 hoc,
1486 1033 1543 1078 et
1572 1019 1743 1075 veluti
1770 1019 1824 1073 in
1845 1036 1863 1067 ι
1898 1016 2033 1070 hora

456 1109 679 1202 tertiam
702 1128 1059 1200 signiﬁcatur,
1088 1124 1144 1177 in
1164 1134 1274 1190 quo
1294 1116 1514 1172 vivebat
1540 1112 1676 1176 Noe,
1706 1120 1764 1165 et
1787 1109 1837 1164 ei
1857 1122 2037 1178 aequa-

458 1225 559 1279 les.
579 1221 848 1284 Tertium,
878 1214 1033 1286 quasi
1056 1213 1113 1266 in
1149 1230 1167 1261 ι
1198 1209 1331 1263 hora
1369 1212 1541 1267 sexta,
1572 1220 1590 1253 ι
1627 1201 1684 1254 in
1727 1214 1838 1269 quo
1876 1212 2037 1251 voca-

461 1325 554 1369 tus
577 1321 663 1368 est
684 1309 958 1366 Abraham
986 1304 1055 1359 ad
1078 1298 1450 1372 cognitionem
1489 1293 1738 1349 veritatis
1767 1290 1836 1344 ab
1876 1289 2041 1358 hujus

463 1401 706 1461 universi
769 1401 901 1453 Deo.
947 1395 1215 1461 Quartum
1253 1402 1387 1443 vero
1441 1399 1635 1440 rursus
1684 1390 1938 1451 tanquam
1984 1379 2041 1433 in

474 1515 491 1546 ι
520 1496 653 1548 hora
683 1505 847 1553 nona,
880 1506 898 1537 ι
935 1494 1018 1540 est
1062 1482 1229 1537 Mosis
1268 1489 1326 1534 et
1367 1476 1778 1548 prephetarum.
1833 1490 1851 1521 ι
1884 1469 2043 1526 Circa

430 1579 433 1583 ’
466 1583 851 1648 undecimam,»
882 1586 1087 1638 autem,
1110 1574 1216 1627 hoc
1236 1578 1343 1633 est,
1366 1569 1556 1638 quinto
1579 1564 1799 1626 sarculo,
1823 1569 2044 1617 contra-

467 1682 560 1730 cto
586 1674 699 1744 jam
723 1664 1128 1740 quodammodo
1156 1666 1266 1726 die,
1295 1668 1352 1715 et
1380 1658 1448 1713 ad
1476 1672 1731 1713 occasum
1761 1664 2041 1725 vergente,

468 1774 587 1820 tum
625 1762 880 1818 Christus
912 1755 1178 1812 conduxit
1219 1760 1428 1823 gentes,
1456 1764 1579 1819 quae
1618 1763 1647 1801 a
1679 1747 1830 1802 nullo
1866 1746 2051 1801 hacte-

2130 830 2496 905 ἐμισθώσατο.
2537 827 2702 894 Λέγει
2739 825 2942 886 αὐτοῖς’
2983 820 3252 887 Ὑπάγετε
3287 815 3382 869 καὶ
3421 815 3578 882 ὑμεῖς
3625 813 3707 872 εἰς

2130 925 2222 979 τὸν
2263 919 2564 994 άμπελῶνά
2604 935 2724 988 μου.
2765 935 2782 966 ι
2833 916 2996 985 Ὁρᾷς
3035 911 3100 982 δὴ
3142 905 3232 963 οὖν
3263 910 3319 960 ἑν
3364 905 3574 967 τούτοις
3614 905 3709 955 καὶ

2133 1017 2253 1071 λίαν
2291 1012 2663 1085 ἐναργέστατα
2706 1008 2800 1062 καί
2832 1007 3017 1074 σαφῶς
3060 1005 3140 1066 εἰς
3187 1002 3342 1063 ὅλους
3382 997 3544 1050 πέντε
3583 1013 3709 1048 xz:-

2141 1108 2267 1182 ροὺς
2303 1107 2393 1159 τὸν
2426 1103 2549 1157 καθ’
2576 1103 2723 1172 ἡμᾶς
2755 1100 2927 1152 αἰῶνα
2953 1093 3279 1167 διῃρημένον
3303 1106 3318 1154 ;
3345 1090 3455 1142 Kal.
3494 1086 3711 1157 πρῶτον

2141 1181 2239 1268 μὲν
2288 1193 2427 1251 εἶναι
2469 1192 2829 1263 λογιούμεθα,
2869 1188 2989 1242 καθ’
3016 1187 3075 1239 ὃν
3120 1182 3188 1254 ἧν
3220 1183 3298 1236 ἔτι
3318 1181 3417 1242 τὰς
3448 1182 3504 1231 ἑν
3537 1192 3715 1247 παρα-

2138 1293 2301 1363 δείσῳ
2332 1288 2614 1361 διατριϐὰς
2649 1289 2676 1340 6
2713 1285 3014 1357 προπάτωρ
3043 1280 3182 1352 ἔχων
3234 1278 3428 1346 ’Λδάμο
3462 1274 3714 1342 δεύτερον

2139 1381 2195 1433 δὲ
2231 1382 2347 1451 μετ’
2382 1380 2588 1432 ἐκεῖνον
2632 1376 2727 1428 καὶ
2762 1374 2855 1438 ὡς,
2884 1392 2901 1423 ι
2944 1370 3063 1441 ὥρᾳ
3101 1367 3261 1437 τρίτῃ
3297 1383 3315 1416 ι
3362 1361 3715 1433 δηλούμενον,

2145 1473 2263 1529 καθ’
2284 1472 2342 1524 ὃν
2368 1470 2491 1523 Νῶε
2519 1467 2615 1522 καὶ
2650 1467 2699 1520 οἱ
2739 1466 2835 1518 σὺν
2859 1462 3029 1532 αὑτῷ·
3060 1462 3241 1532 τρίτον
3277 1459 3333 1512 δὲ
3481 1476 3501 1507 ι
3530 1458 3589 1508 ὲν
3618 1455 3714 1509 Ex-

2145 1585 2250 1639 τῃ,
2285 1584 2302 1616 ι
2353 1562 2473 1617 καθ’
2498 1560 2556 1613 ὃν
2608 1558 2794 1612 ἐκάλει
2838 1555 2931 1609 τὸν
2987 1553 3238 1624 Ἀϐραὰμ
3284 1553 3365 1614 εἰς
3419 1550 3721 1616 ἐπίγνωσιν

2146 1661 2250 1730 τῆς,
2281 1656 2539 1728 ἀληθείας
2583 1655 2612 1706 6
2651 1652 2743 1706 ἐπὶ
2786 1649 3002 1704 πάντων
3044 1647 3196 1709 Θεός⁶
3233 1644 3294 1698 τὸ
3339 1644 3599 1711 τέταρτον
3638 1640 3721 1702 δὲ,

2147 1754 2222 1817 ὡς
2265 1771 2284 1804 ι
2325 1753 2383 1803 ἑν
2412 1748 2532 1819 ὥρᾳ
2564 1746 2724 1799 πάλιν
2762 1744 2981 1813 ὲννάτῃ,
3019 1760 3037 1792 ι
3076 1738 3169 1792 τοῦ
3208 1736 3453 1798 Μωσέως
3480 1734 3723 1805 δηλονὸτι

471 1871 578 1912 nus
602 1851 889 1909 retroactis
920 1846 1262 1917 temporibus
1288 1850 1500 1899 vocata:
1522 1849 1650 1895 sunt
1675 1840 1743 1894 ad
1775 1838 2045 1910 cognitio-

2163 1844 2245 1899 ιαί
2274 1842 2386 1895 τῶν
2419 1838 2735 1911 προφητῶν.
2786 1855 2804 1887 ι
2843 1836 2982 1906 Περί
3012 1833 3111 1905 τὴν
3140 1830 3455 1899 ἑνδεκάτην,
3504 1847 3522 1879 ι
3570 1844 3725 1882 τουτ-

472 1962 598 2003 nem
641 1944 760 2000 Dei.
793 1942 937 1997 Hinc
967 1938 1233 2011 postremi
1262 1936 1454 1991 dicunt
1487 1951 1500 1987 :
1535 1954 1553 1985 ι
1588 1934 1760 1989 Nemo
1790 1946 1891 1985 nos
1915 1945 2050 1985 con-

474 2039 649 2094 duxit.
683 2057 702 2089 ι
734 2035 1015 2105 Accipitur
1048 2033 1234 2102 itaque
1270 2044 1445 2100 agnus
1471 2028 1528 2082 in
1563 2026 1806 2096 quinque
1851 2024 2053 2077 horum

474 2132 690 2188 dierum
723 2128 924 2199 primo,
968 2125 1074 2179 hoc
1095 2133 1199 2188 est,
1224 2122 1281 2176 in
1312 2120 1547 2184 decimo,
1577 2117 1670 2187 qui
1695 2123 1882 2187 typum
1915 2115 2056 2185 gerit

476 2221 733 2295 principii
771 2218 1054 2289 temporis,
1089 2225 1147 2271 et
1166 2223 1417 2270 servatus
1444 2212 1500 2265 in
1519 2210 1773 2265 ultimum
1818 2216 2051 2276 tempus,

476 2317 584 2372 hoc
615 2323 720 2381 est,
745 2314 801 2368 in
824 2311 1100 2367 decimum
1127 2313 1406 2378 quartum,
1449 2308 1719 2358 mactatur
1765 2299 1832 2354 ad
1866 2312 2058 2367 vespe-

478 2421 625 2472 ram,
661 2414 722 2460 ut
760 2406 961 2458 iterum
1001 2400 1272 2469 intelligas
1318 2397 1448 2450 hinc
1495 2392 1642 2464 quod
1685 2406 1796 2446 non
1840 2406 2053 2453 recens,

480 2513 587 2553 nec
631 2511 810 2566 nuper
854 2503 1044 2549 natum
1071 2492 1142 2546 sit
1166 2488 1373 2545 Christi
1407 2486 1750 2561 mysterium,
1785 2483 1879 2538 sed
1909 2481 2058 2552 quod

483 2595 822 2644 reservatum
848 2583 1016 2638 fuerit
1042 2582 1099 2637 in
1135 2579 1480 2651 praiscientia
1513 2578 1717 2640 Patris,
1760 2582 1817 2629 et
1852 2573 1923 2627 ab
1972 2572 2058 2642 ip-

480 2680 597 2735 sius
634 2677 824 2733 mundi
849 2668 1319 2731 constitutione".
1346 2670 1595 2725 Mortuus
1633 2675 1718 2722 est
1740 2673 1924 2721 autem
1960 2678 2060 2734 pro

482 2771 640 2826 nobis
676 2768 884 2824 ultimis
906 2765 1091 2822 saeculi
1126 2762 1493 2833 temporibus,
1526 2775 1653 2815 cum
1696 2758 1940 2813 nondum
1973 2756 2061 2809 in-

483 2860 786 2933 telligibilis
813 2874 879 2914 ac
901 2856 1086 2913 divina
1111 2855 1207 2909 lux
1229 2851 1629 2923 resplenderet,
1666 2848 1763 2905 sed
1790 2856 1935 2904 terra
1970 2861 2061 2900 es—

483 2960 566 3009 set
593 2951 775 3007 adhuc
799 2947 1118 3020 ignorantiae
1146 2943 1393 2999 tenebris
1413 2941 1719 3003 submersa,
1742 2946 1797 2991 et
1815 2934 2065 2989 tenebra-

486 3059 608 3098 rum
632 3043 828 3097 harum
857 3037 1139 3110 principes
1159 3033 1445 3090 erroribus
1464 3031 1715 3086 omnium
1742 3026 1907 3083 corda
1929 3040 2067 3096 quo-

484 3134 777 3191 dammodo
795 3131 1169 3187 obfuscarent.
1198 3126 1409 3182 Idcirco
1430 3123 1680 3179 Salvator
1706 3135 1831 3175 cum
1867 3118 1934 3172 ad
1965 3131 2067 3171 nos

2157 1936 2327 1997 ἐστιν,
2354 1934 2411 1986 ἑν
2440 1932 2517 2001 τῷ
2540 1929 2776 2001 πέμπτῳ
2802 1930 3010 2001 καιρῷ,
3035 1921 3463 1992 συστελλομένης
3494 1919 3596 1991 ήδη
3624 1921 3726 1988 τῆς

2155 2026 2402 2097 ἡμέρας,
2440 2023 2537 2077 καὶ
2569 2022 2733 2075 οἰονεί
2776 2018 3136 2080 καταλύοντος
3180 2017 3261 2078 εἰς
3297 2013 3448 2077 τέλος
3487 2013 3590 2083 ἥδη
3627 2008 3728 2073 τοῦ

2156 2117 2421 2188 παρόντος
2455 2114 2671 2179 αἰῶνος,
2711 2110 3052 2183 ἐμισθώσατο
3095 2109 3163 2162 τὶι
3196 2107 3326 2177 ἔθνη
3352 2106 3582 2175 Χριστὸς
3629 2119 3726 2156 κε·

2155 2206 2404 2278 κλημένα
2439 2205 2576 2277 πρὸς
2609 2203 2707 2273 τὴν
2738 2201 3035 2269 ἐπίγνωσιν
3067 2196 3197 2268 παρ’
3231 2195 3420 2267 ἑτέρου
3462 2191 3730 2264 μηδαμῶς

2158 2300 2300 2354 κατὰ
2343 2298 2470 2358 τοὺς
2513 2294 2721 2349 ἄνωθεν
2767 2293 2863 2346 καὶ
2901 2282 3303 2362 παρῳχηκόταξ
3343 2285 3590 2357 καιρούς.
3636 2284 3731 2337 Διὸ

2155 2392 2220 2463 δὴ
2262 2388 2416 2461 παρὰ
2464 2388 2673 2449 πάντας
2722 2386 2772 2438 οἰ
2815 2383 3112 2437 τελευταῖοί
3161 2396 3291 2450 φασι
3341 2379 3424 2431 τό⁹
3475 2397 3493 2429 ι
3539 2376 3732 2439 Οὐδεὶς

2159 2484 2305 2555 ἡμᾶς
2342 2478 2707 2552 ἐμισθώσατο.
2747 2495 2765 2528 ι
2812 2475 3162 2546 Λαμϐάνεται
3198 2472 3377 2526 τοίνυν
3416 2470 3477 2524 τὸ
3523 2467 3733 2538 πρόϐα-

2158 2592 2247 2628 τον
2275 2572 2416 2629 κατὰ
2456 2571 2554 2640 τὴν
2585 2571 2797 2641 ἡμέραν
2826 2564 2927 2636 τῆς
2965 2564 3312 2635 πενθημέρου
3341 2561 3440 2633 τὴν
3483 2560 3732 2631 πρώπιν,

2159 2668 2426 2730 τουτέστι,
2444 2665 2543 2737 τὴν
2570 2663 2823 2732 δεκάτην,
2843 2659 3015 2713 τύπον
3043 2657 3345 2727 ἐπέχουσαν
3371 2655 3470 2725 τῆς
3499 2650 3593 2705 τοῦ
3610 2650 3735 2703 αἰῶ·

2161 2777 2250 2823 νος
2284 2759 2483 2830 ἀρχῆς,
2515 2756 2609 2810 καὶ
2642 2750 2971 2823 διατηρηθὲν
3015 2751 3075 2802 ἑν
3099 2747 3180 2817 τῷ
3210 2744 3504 2814 τελευταίῳ
3532 2740 3735 2812 καιρῷ,

2162 2851 2461 2913 τουτέστιν,
2493 2851 2551 2900 ἑν
2575 2849 2641 2917 τῇ
2680 2839 3252 2917 τεσσαρεσκαιδεκάτη
3268 2880 3284 2901 ,
3309 2837 3574 2908 σφάζεται
3600 2833 3737 2905 πρὸς

2164 2941 2424 3013 ἑσπέραν·
2460 2940 2548 2992 ἵνα
2570 2937 2734 2992 πάλιν
2757 2936 2972 3005 ἑννοῇς,
3001 2933 3077 2996 ὡς
3101 2930 3224 2984 οὔτε
3261 2929 3380 2984 νέον
3404 2927 3554 2981 ἑστίν
3572 2967 3587 2991 ,
3616 2924 3741 2978 οὐδὲ

2165 3033 2478 3105 πρόσφατον
2502 3029 2564 3082 τὸ
2599 3027 2694 3081 τοῦ
2722 3024 2958 3096 Χριστοῦ
3001 3022 3317 3095 μυστήριον·
3358 3018 3472 3073 ἀλλ’
3503 3016 3740 3086 ἐφυλάτ-

2164 3140 2288 3177 τετο
2329 3121 2444 3193 μὲνκ
2475 3122 2532 3173 ἐν
2577 3116 2884 3187 προγνώσει
2930 3112 3026 3165 τοῦ
3075 3110 3309 3182 Πατρὺς,
3337 3110 3432 3162 καὶ
3474 3106 3535 3171 ἑξ
3569 3105 3743 3174 αὑτῆς

486 3226 725 3282 venisset
750 3242 765 3278 :
796 3243 815 3276 ι
843 3223 979 3293 Ego,
998 3218 1198 3290 inquit,
1220 3232 1341 3273 sum
1355 3217 1451 3271 lux
1465 3213 1656 3269 mundi
1677 3213 1746 3266 θ’.
1775 3231 1794 3262 ι
1824 3211 1959 3265 Item
1981 3210 2061 3264 lu-

2166 3215 2268 3285 τῆς
2295 3211 2388 3266 τοῦ
2420 3212 2627 3280 κόσμου
2666 3204 2994 3274 καταεολῆς.
3040 3201 3308 3255 Ἀπέθανε
3334 3200 3392 3253 δὲ
3417 3198 3558 3268 ὑπὲρ
3584 3195 3744 3267 ἡμῶν

487 3317 719 3374 minaria
737 3317 795 3371 in
818 3312 1024 3368 mundo
1040 3311 1271 3366 verbum
1282 3310 1410 3363 vitae
1428 3305 1753 3361 sustinentia
1769 3302 1944 3358 sancti
1966 3314 2067 3354 vo-

488 3417 704 3474 cantur,
728 3422 793 3461 ac
823 3404 1020 3459 merito
1044 3402 1311 3458 audiunt:
1337 3418 1355 3450 ι
1374 3398 1484 3454 Vos
1498 3397 1634 3452 estis
1653 3396 1749 3450 lux
1769 3392 1958 3448 mundi
1980 3391 2020 3455 ί,
2040 3408 2060 3443 ι

491 3510 679 3570 utpote
709 3498 803 3568 qui
828 3496 1043 3567 possint
1061 3492 1374 3550 illuminare
1402 3495 1685 3544 versantes
1717 3485 1774 3539 in
1798 3482 2064 3539 tenebris.

491 3590 656 3661 269
683 3586 1058 3643 Admiraberis
1078 3592 1262 3639 autem
1288 3595 1484 3636 rursus
1512 3578 1679 3633 etiam
1709 3574 1858 3630 aliud
1884 3574 1939 3628 in
1963 3572 2069 3627 hoc

490 3682 613 3738 loco
653 3676 996 3750 mysterium.
1039 3674 1176 3733 Nam
1219 3685 1392 3742 agnus
1440 3675 1713 3723 mactatur
1758 3666 1816 3719 in
1857 3663 2070 3718 decimo

491 3780 691 3843 quarto
733 3768 962 3833 mensis,
1006 3781 1132 3822 cum
1169 3758 1380 3819 lunaris
1422 3760 1666 3817 circulus
1702 3758 1869 3813 habet
1913 3770 2069 3811 suam

494 3862 914 3933 plenitudinem,
931 3866 987 3915 et
1014 3857 1170 3928 quasi
1195 3854 1381 3925 spuria
1407 3853 1531 3908 luce
1560 3851 1751 3906 orbem
1774 3847 2066 3910 illuminat,

494 3953 791 4023 incipiente
831 3964 963 4005 vero
987 3950 1099 4019 jam
1127 3945 1391 4018 paulatim
1418 3943 1760 4004 decrescere,
1801 3955 1864 3995 ac
1898 3938 2070 3994 veluti

492 4059 560 4099 ex
602 4043 934 4099 necessitate
974 4040 1241 4095 honorem
1284 4044 1341 4092 et
1374 4036 1603 4107 gratiam
1645 4049 1767 4104 qua:
1798 4033 1901 4103 ipsi
1929 4032 2072 4085 inest

493 4135 876 4191 contrahente.
904 4132 977 4187 Ut
997 4130 1209 4186 scilicet
1235 4128 1319 4183 vel
1349 4128 1481 4182 hinc
1512 4126 1780 4195 intelligas
1810 4132 2069 4192 tanquam
2098 4150 2119 4157 ι

495 4242 565 4280 ex
598 4225 834 4294 imagine
870 4231 927 4277 et
966 4222 1163 4275 umbra
1207 4219 1289 4274 rei
1333 4219 1646 4287 propositae,
1676 4216 1962 4271 traductus
2000 4214 2068 4267 ad

496 4317 779 4373 veriorum
816 4314 1385 4383 comprehensionem,
1413 4310 1558 4380 quod
1590 4310 1843 4379 princeps
1870 4308 2069 4369 noctis,

499 4408 606 4466 hoc
633 4415 737 4471 est,
772 4405 1043 4471 diabolus,
1073 4420 1171 4474 per
1208 4411 1384 4457 totum
1421 4399 1828 4472 gloriﬁcabatur
1858 4400 2068 4461 orbem,

2170 3310 2227 3360 ἑν
2268 3307 2381 3368 τοῖς
2415 3301 2666 3372 ἑσχάτοις
2697 3298 2792 3352 τοῦ
2836 3295 3028 3358 αἰῶνος
3058 3296 3302 3366 καιροῖς,
3327 3291 3479 3345 οὑπω
3517 3290 3615 3359 μὲν
3645 3287 3744 3340 τοῦ

2169 3395 2358 3468 νοητοῦ
2401 3396 2495 3448 καί
2535 3392 2678 3446 θείου
2735 3388 2913 3460 φωτὸς
2956 3384 3425 3455 καταλάμποντος
3475 3380 3553 3451 τῷ
3594 3380 3639 3432 δ’
3683 3377 3747 3443 ἑξ

2169 3487 2393 3557 ἀγνοίας
2437 3486 2613 3555 σκότῳ
2647 3477 3085 3554 βεὸαπτισμένης
3112 3475 3320 3553 ετιετῆς
3360 3477 3486 3545 γῆς.
3523 3471 3617 3525 καὶ
3645 3471 3746 3534 τὰς

2172 3578 2428 3633 ἁπάντων
2471 3573 2694 3645 καρδίας
2723 3569 3209 3640 καταμολυνόντων
3234 3567 3352 3628 ταῖς
3376 3564 3612 3625 πλάναις
3636 3560 3747 3613 τῶν

2172 3667 2630 3740 κοσμοκρατόρων
2665 3663 2758 3719 τοῦ
2797 3663 3022 3725 σκότους
3054 3659 3266 3714 τούτου.
3312 3656 3412 3711 Διὰ
3444 3654 3604 3708 τοῦτο
3629 3654 3746 3716 καί,

2179 3787 2196 3818 ι
2221 3765 2364 3833 Ἐγώ
2402 3765 2518 3834 εἰμι
2551 3761 2610 3815 τὸ
2648 3760 2762 3829 φῶς
2790 3759 2883 3812 τοῦ
2915 3758 3143 3829 κόσμου,
3190 3771 3208 3805 ι
3236 3750 3579 3820 ἐπιδημήσας
3608 3748 3749 3817 ἑφα-

2174 3874 2303 3913 σκεν
2339 3858 2367 3909 6
2393 3854 2605 3924 Σωτήρ.
2646 3852 2759 3905 Καὶ
2796 3848 3080 3918 φωστῆρες
3106 3847 3161 3897 ὲν
3191 3844 3382 3912 κόσμῳ
3408 3838 3565 3908 λόγον
3600 3836 3748 3908 ζωῆς

2171 3948 2481 4018 ἐπέχοντες,
2506 3946 2556 3997 οι
2575 3928 2721 4011 ἆγιοι
2742 3937 3165 4012 χρηματίζουσι·
3194 3933 3285 3987 καί
3306 3932 3534 4006 προσέτι
3563 3928 3793 3983 τοῦτο-δ

2178 4061 2196 4093 ι
2243 4039 2353 4095 Καὶ
2380 4039 2537 4108 ὑμεῖς
2564 4038 2686 4089 ὲστε
2724 4032 2785 4085 τὸ
2827 4031 2941 4101 φῶς
2965 4030 3060 4083 τοῦ
3107 4029 3335 4097 κόσμου,
3375 4044 3394 4076 ιν
3438 4023 3526 4077 διὰ
3562 4023 3625 4075 τὸ
3653 4021 3749 4075 δύ-

2173 4130 2369 4184 νασθαι
2430 4124 2686 4197 φωτίζειν
2736 4123 2862 4184 τοὺς
2922 4121 3081 4182 ὖντας
3136 4122 3193 4171 ἑν
3254 4117 3465 4186 σκότῳ,
3521 4114 3752 4177 δικαίως

2176 4221 2485 4275 ἀκούουσιν.
2538 4215 2977 4284 Ἀποθαυμάσεις
3008 4212 3064 4264 δὲ
3111 4208 3277 4263 πάλιν
3317 4210 3411 4261 καὶ
3454 4207 3648 4277 ἑτέραν
3694 4208 3754 4257 ἐν

2174 4312 2348 4381 τούτῳ
2374 4308 2640 4381 μυστικὴν
2671 4306 2942 4377 εὑρίσκων
2969 4302 3300 4372 οἰκονομίαν.
3342 4298 3619 4368 Σφάζεται
3641 4298 3754 4368 γὰρ

2175 4405 2203 4455 ὁ
2251 4401 2420 4470 ἀμνὸς
2467 4400 2524 4450 ἐν
2569 4392 3136 4463 τεσσαρεσκαιδεκάτῃ
3182 4389 3276 4443 τοῦ
3330 4387 3496 4460 μηνὸς
3540 4386 3753 4456 ἡμέρᾳ,

499 4497 594 4567 qui
623 4512 723 4567 per
750 4496 938 4550 lunam
962 4493 1134 4549 veluti
1159 4493 1213 4547 in
1240 4501 1366 4571 typo
1381 4490 1717 4562 signiﬁcatur
1745 4490 1894 4563 (luna
1923 4489 2061 4544 enim

2177 4494 2359 4563 πλήρη
2412 4490 2512 4559 τὴν
2564 4487 2773 4542 οἰκείαν
2830 4484 3041 4555 ἔχοντος
3100 4482 3257 4548 δόξαν
3307 4478 3403 4534 τοῦ
3466 4476 3755 4541 σεληναίου

499 4589 645 4644 nocti
668 4587 960 4657 praposita
984 4585 1111 4657 est),
1132 4592 1188 4641 et
1209 4584 1538 4639 mundanam
1569 4582 1892 4653 sapientiam
1913 4581 2069 4651 quasi

502 4675 840 4746 illegitimam
884 4675 1064 4729 lucem
1114 4673 1416 4728 immittens
1451 4672 1507 4726 in
1547 4671 1711 4727 corda
1744 4671 2069 4736 errantium,

500 4766 893 4839 amplissimam
933 4766 1038 4820 sibi
1074 4765 1301 4836 gloriam
1342 4773 1578 4833 arrogat.
1622 4762 1891 4817 Craterum
1928 4777 2074 4817 mor-

503 4872 630 4916 tuus
654 4869 739 4916 est
760 4868 987 4930 propter
1023 4874 1146 4923 nos,
1179 4866 1237 4913 et
1263 4872 1363 4927 pro
1396 4856 1558 4910 nobis
1583 4854 1834 4910 Christus
1860 4855 1950 4910 ille
1976 4870 2072 4909 ve—

501 4966 597 5006 rus
626 4950 832 5021 Agnus,
862 4950 955 5020 qui
985 4950 1127 5005 tollit
1164 4956 1388 5020 peccata
1415 4946 1606 5002 mundi
1638 4947 1681 5010 ',
1727 4945 2071 5015 destruitque

502 5040 704 5096 diaboli
736 5041 984 5111 gloriam.
1017 5039 1251 5095 Necesse
1274 5044 1359 5092 est
1382 5037 1529 5093 enim
1563 5052 1683 5091 eam
1720 5037 1947 5107 posthac
1976 5035 2073 5089 de-

502 5131 684 5187 sinere
706 5140 763 5187 et
787 5131 1044 5201 paulatim
1083 5129 1317 5195 absumi,
1349 5144 1475 5183 cum
1503 5128 1799 5183 multitudo
1827 5128 2071 5197 gentium

502 5221 569 5277 ad
593 5238 784 5293 pacem
810 5237 873 5277 ac
896 5222 1245 5277 dilectionem
1281 5220 1377 5275 Dei
1405 5218 1703 5275 ascendere
1733 5217 1953 5272 festinat
1982 5232 2079 5286 per

504 5313 920 5370 conversionem
958 5312 1029 5368 ad
1073 5313 1252 5383 ipsum
1291 5322 1348 5367 et
1388 5310 1570 5367 (idem.
1608 5314 1786 5381 Atque
1834 5311 1939 5364 hoc
1995 5318 2081 5363 est

504 5406 649 5476 quod
667 5407 778 5477 jam
808 5407 940 5460 olim
976 5406 1032 5459 in
1069 5405 1299 5459 Psalmis
1332 5404 1680 5459 decantatum
1704 5402 1807 5456 fuit
1830 5401 1896 5457 de
1923 5400 2081 5455 Chri-

506 5504 592 5547 sto
632 5511 646 5546 :
677 5512 695 5542 ι
730 5490 951 5547 Orietur
982 5493 1038 5546 in
1065 5492 1259 5547 diebus
1298 5493 1416 5563 ejus
1448 5491 1677 5563 iustitia,
1704 5498 1759 5545 et
1783 5489 2079 5544 multitudo

509 5584 679 5653 pacis,
702 5583 879 5638 donec
903 5596 1093 5637 contra
1121 5583 1400 5639 auferatur
1425 5582 1553 5637 luna
1580 5582 1619 5634 ³.
1652 5602 1669 5633 ι
1703 5582 1838 5635 Nam
1871 5582 1925 5634 in
1960 5580 2080 5635 dic-

580 5693 625 5765 Ϊ¹
675 5692 872 5765 Matth.
913 5709 1004 5765 Χξ.
1035 5695 1145 5749 1-7.
1257 5698 1302 5728 ’⁸
1341 5695 1540 5765 Ephes.
1594 5711 1670 5759 ιιι,
1725 5694 1776 5746 9.

522 5750 542 5781 ,
913 5709 1004 5781 κέ.
1035 5695 1145 5749 1-7.
1257 5698 1302 5728 ’⁸
1341 5695 1540 5765 Ephes.
1594 5711 1670 5759 ιιι,
1725 5694 1776 5746 9.
1883 5694 1927 5724 ’δ
1963 5694 2119 5748 1mm,

570 5761 711 5816 Psal.
746 5774 888 5826 uxr,
942 5761 993 5813 7.

2179 4584 2414 4646 κύκλου,
2447 4583 2542 4635 καὶ
2583 4579 2723 4648 νόθῳ
2755 4576 2850 4646 μὲν
2890 4575 3079 4644 ὥσπερ
3123 4574 3262 4642 φωτί
3293 4572 3390 4642 τὴν
3426 4567 3757 4637 οἰκουμένην

2178 4675 2645 4745 καταυγάζοντος,
2692 4670 2998 4742 ἀρχομένου
3029 4666 3072 4719 δ’
3121 4662 3213 4720 οὖν
3264 4666 3414 4733 ὅμως
3455 4661 3759 4728 ἀπολήγειν

2181 4767 2320 4820 κατὰ
2363 4766 2558 4835 βραχὺ,
2592 4763 2687 4817 καὶ⁸
2711 4761 2901 4830 ὥσπερ
2927 4760 2987 4826 ἑξ
3015 4760 3261 4825 ἀνάγκης
3287 4756 3393 4826 ἤδη
3436 4753 3759 4807 συστέλλονο

2179 4875 2271 4920 τος
2327 4857 2426 4927 τὴν
2473 4853 2791 4908 ἐνοικοῦσαν
2828 4850 2977 4921 αὑτῷ
3019 4850 3186 4920 τιμήν
3224 4866 3284 4901 τε
3327 4849 3420 4901 καί
3446 4846 3631 4917 χάριν·
3671 4845 3760 4898 ἵνα

2183 4950 2382 5019 νοήσῃς
2410 4945 2681 5010 ἐντεῦθεν,
2716 4946 2791 5008 ὼς
2817 4943 2877 5008 ἐξ
2906 4943 3110 5004 εἰκόνος
3140 4957 3199 4993 τε
3227 4940 3321 4992 καί
3345 4940 3501 5000 σκιᾶς
3520 4936 3617 4990 τοῦ
3653 4954 3762 4991 πα-

2184 5038 2439 5110 ραθέντος
2464 5035 2790 5107 πράγματος
2834 5034 2926 5086 ἐπὶ
2963 5033 3060 5101 τὴν
3092 5031 3202 5084 τῶν
3240 5030 3619 5100 ἁληθεοτέρων
3655 5044 3762 5080 κα-

2182 5130 2407 5200 τάληψιν
2477 5127 3008 5199 χειραγωγούμενος,
3073 5126 3156 5178 ὅτι
3223 5124 3366 5177 κατὰ
3423 5125 3604 5174 πᾶσαν
3660 5122 3763 5188 μὲν

2180 5217 2461 5286 ἐδοξάζετο
2488 5218 2588 5286 τὴν
2620 5214 2947 5284 οἰκουμένην
2976 5216 3004 5267 6
3034 5214 3133 5283 τῆς
3158 5213 3352 5275 νυκτὸς
3376 5211 3762 5281 ἄρχων,τουτο

2182 5311 2328 5364 έστιν
2376 5311 2405 5362 6
2448 5307 2726 5372 διάϐολος,
2785 5306 2873 5359 διὰ
2932 5305 3032 5374 τῆς
3085 5304 3317 5375 σελήνης
3368 5303 3441 5365 ὼς
3493 5303 3551 5353 ἐν
3600 5300 3767 5370 τύπῳ

2181 5402 2507 5474 δηλούμενος
2559 5400 2577 5469 (
2627 5399 2825 5469 σελήνη
2862 5397 2969 5469 γάρ
3017 5400 3096 5460 εἰς
3144 5396 3321 5467 ἀρχὴν
3369 5394 3608 5447 τέθειται
3652 5394 3765 5462 τῆς

2187 5491 2424 5560 νυκτὸς),
2465 5489 2559 5541 καὶ
2601 5487 2791 5558 ὧσπερ
2834 5486 2986 5539 νόθον
3023 5503 3076 5538 τι
3123 5490 3237 5553 φῶς
3283 5484 3383 5554 τὴν
3420 5482 3512 5535 τοῦ
3543 5482 3764 5551 κόσμου

2187 5581 2375 5650 σοφίαν
2422 5582 2542 5642 ταῖς
2600 5578 2710 5631 τῶν
2774 5577 3140 5647 πλανωμένων
3206 5575 3453 5646 καρδίαις
3501 5572 3766 5634 ἐντιθεὶς,

2172 5711 2283 5758 γιιι,
2339 5695 2435 5758 12;
2474 5708 2548 5759 ix,
2587 5692 2640 5745 5.
2762 5693 2775 5722 ¹
2818 5691 3007 5745 Matth.
3053 5707 3101 5753 ι’,
3140 5690 3228 5742 Η.
3334 5689 3353 5718 ²
3381 5686 3538 5740 Joan.
3582 5701 3621 5750 ι,
3667 5686 3769 5743 29.
