2033 3141
192 153 244 182 425

702 144 962 176 GLAPHYRORUH
981 144 1015 173 IN
1034 143 1176 173 EXODUSI
1195 143 1259 171 LIB.
1280 143 1312 172 ll.

1769 145 1820 178 ‘26

190 207 384 245 πληρεστάτην
397 206 486 242 ἑαυτῷ
498 206 546 241 τὴν
565 205 643 238 δόξαν
659 206 893 241 ἐπραγματεύετο.
917 205 981 232 ’Λπ-

1037 204 1084 231 bus
1095 203 1198 230 Christi
1209 207 1305 230 exorta
1321 206 1363 230 est
1377 203 1483 238 justitia
1501 212 1550 239 per
1567 204 1660 238 ﬂdem,
1674 208 1823 237 multitudo

191 255 272 282 ἔθανε
287 253 316 280 δὲ
329 252 363 280 δι’
373 252 450 288 ἡμᾶς
463 251 510 279 καὶ
522 251 593 287 ὑπὲρ
608 250 686 286 ἡμῶν
699 251 713 277 ὸ
723 250 851 287 Χριστὸς,
860 249 981 285 ό“Δμνδς

191 302 205 328 ὁ
219 299 357 337 ἀληθινὸς,
377 299 392 325 6
409 298 495 334 αἴρων
509 298 560 332 τὴν
577 296 717 333 ἁμαρτίαν
732 297 780 324 τοῦ
797 297 917 332 κόσμου,
935 296 982 323 καὶ

191 347 241 384 τὴν
254 346 302 373 τοῦ
324 344 449 373 διαϐόλου
472 342 605 371 κατέλυσε
627 342 717 377 δόξαν.
744 342 908 378 ’Δπολήγειν
927 342 982 377 γὰρ

192 393 299 428 ἀνάγκη
324 391 409 426 αὐτὴν
429 390 478 417 καὶ
497 388 670 417 δαπανᾶσθαι
696 388 768 415 κατὰ
791 388 898 424 βραχὺ,
915 387 983 424 πρὸς

189 438 241 475 τὴν
256 437 368 472 εἰρήνην
387 435 434 462 καὶ
452 434 564 470 ἀγάπην
582 433 635 470 ἠδη
649 434 698 470 τὴν
711 432 748 465 ὼς
769 432 838 468 πρὸς
853 432 920 459 Θεὸν
935 432 983 467 τῆς

192 483 245 511 τῶν
260 482 345 510 ἐθνῶν
359 481 479 517 πληθύος
497 480 652 508 ἀναϐαίνειν
669 480 850 515 ἐπειγομένης
874 478 918 506 διὰ
934 479 983 513 τῆς

192 529 261 565 πρὸς
271 527 357 564 αὐτὴν
372 527 546 562 ἀποστροφῆς
568 526 616 553 καὶ
632 525 760 557 πίστεως.
775 524 832 551 Καὶ
854 523 933 550 τοῦτο
949 521 983 559 ἦν

192 575 244 611 ἄρα
264 573 294 601 τὺ
318 574 348 600 ὲν
362 572 487 608 Ψαλμοῖς
510 571 641 607 ᾀδόμενον
661 571 745 598 πάλαι
766 571 830 606 περὶ
851 569 980 606 Χριστοῦ·

195 629 205 645 ι
228 618 366 646 Ἀνατελεί
384 618 414 644 ὲν
432 618 494 648 ταῖς
507 616 625 652 ἡμέραις
642 615 726 642 αὑτοῦ
748 614 918 650 δικαιοσύνη,
937 614 984 641 καὶ

192 665 293 701 πλῆθος
307 665 430 701 εἰρήνης,
443 663 497 695 ἓως
507 659 537 688 οὗ
553 662 734 699 ἀνταναιρεθῇ
749 662 766 697 ἡ
782 660 891 696 σελήνη.
905 670 914 687 ι
925 661 984 687 Ἀν-

192 711 279 738 ἐτειλε
292 711 348 746 γὰρ
362 711 390 736 ὲν
414 709 531 744 ἡμέραις
550 707 669 743 Χριστοῦ
692 706 848 741 δικαιοσύνη
870 706 915 732 διὰ
937 706 982 732 πί-

194 765 290 789 στεως·
308 755 411 791 πλῆθος
431 754 459 780 δὲ
475 755 598 790 εἰρήνης,
613 753 657 781 διὰ
675 753 724 788 τῆς
747 753 815 789 πρὸς
837 751 904 778 Θεὸν
924 752 983 778 ἐπι-

194 803 325 840 στροφῆς.
349 801 405 828 Kal
426 801 494 836 πρὸς
517 800 622 833 τούτοις
648 800 688 827 ἔτι
713 800 761 826 καὶ
779 800 794 826 ὁ
812 800 863 835 τῆς
886 799 984 830 νυκτὸς

195 849 287 884 ἅρχων
302 846 498 883 ἁντανῄρηται,
512 846 650 873 τουτέστιν
665 847 679 872 ό
690 845 822 876 διάϐολος.
842 844 984 879 Ἐπιτήρει

196 880 330 924 δέ’-ὃπως
361 880 414 918 οὐκ
436 880 667 926 γάναιρεθήσεσθαί
691 899 756 926 φησι
787 890 836 925 τὴν
869 889 985 924 σελήνην
1001 880 1021 908 Β

199 940 293 971 ἁπλῶς
306 960 312 972 ,
324 936 638 974 ἀνταναιρεθήσεσθαιδὲ
655 936 771 972 μᾶλλον·
796 935 834 968 ὡς
856 935 911 970 γὰρ
935 934 985 970 ήδη

200 984 367 1021 προανελὼν,
379 984 456 1019 δῆλον
474 983 501 1010 δὲ
523 983 610 1018 δήπου
632 982 753 1013 πάντως,
773 982 814 1008 ὅτι
827 981 873 1008 τὸν
884 980 986 1016 ἄνθρω-

195 1041 248 1059 πον
263 1032 470 1067 ἀνταναιρεῖται
483 1030 496 1056 ὁ
512 1029 647 1060 διὰὗολος.
668 1037 677 1053 ι
704 1027 867 1054 Δαὸἐτωσαν
888 1026 984 1059 τοίνυν,

194 1079 290 1113 φησὶν,
309 1078 426 1108 ἕκαστος
442 1075 579 1111 πρόϐατον
594 1073 653 1101 κατ’
666 1073 764 1101 οἰκίαν,
782 1083 792 1100 ι
813 1072 919 1104 Τέλειος
933 1072 985 1108 γὰρ

191 1124 220 1149 ἐν
238 1122 349 1157 ἑκάστῳ
374 1121 491 1157 Χριστὸς
505 1120 549 1147 διὰ
565 1119 681 1154 μετοχῆς
695 1118 742 1145 τοῦ
764 1118 843 1152 ἁγίου
859 1117 985 1152 Πνεύμα-

190 1176 237 1199 τος
252 1166 432 1199 ἐνοικίζεται,
451 1167 498 1192 καὶ
514 1166 544 1192 οὺ
565 1164 740 1201 μεμέρισται,
751 1163 876 1198 καθάπερ
891 1164 905 1189 ὁ
917 1163 987 1190 Παῦ-

190 1214 236 1244 λος
250 1222 328 1248 φησι.
345 1213 418 1248 Πλὴν
435 1212 483 1239 ἐὰν
496 1209 559 1243 ὦσι,
574 1211 666 1248 φησιν,
680 1210 812 1245 όλιγοστοὶ
825 1210 863 1242 ὠς
875 1210 912 1246 μὴ
927 1211 986 1236 ἰκα-

192 1260 254 1291 νοὺς
274 1257 343 1286 εἶναι
369 1260 409 1290 είς
432 1258 586 1293 πρόϐατον,
613 1256 778 1293 συλλήψεται
804 1256 862 1291 μεθ’
888 1255 985 1282 ἑαυτοῦ

191 1306 236 1331 τὸν
251 1306 361 1340 γείτονα
376 1305 423 1331 τὸν
444 1304 557 1340 πλησίον
569 1303 663 1330 αὑτοῦ.
681 1303 713 1330 υἱ
735 1302 789 1338 γὰρ
808 1303 858 1329 οὐκ
879 1301 987 1337 ἔχοντες

193 1350 224 1384 ἐξ
234 1350 339 1379 ἑαυτῶν
350 1351 451 1378 τέλειον
459 1350 589 1377 δύνασθαι
601 1349 720 1376 συνιέναι
736 1349 811 1384 μόνοι
824 1348 855 1374 τὸ
868 1347 985 1382 Χριστοῦ

195 1398 354 1433 μυστήριον,
369 1396 385 1431 ἢ
402 1396 449 1423 καὶ
471 1396 521 1423 οὐκ
538 1396 686 1431 ἀρκοῦντες
703 1396 743 1426 εἰς
760 1394 922 1429 κατανόησιν
937 1394 986 1428 τὴν

196 1444 259 1479 περὶ
271 1442 356 1470 αὑτοῦ
372 1443 417 1469 διὰ
437 1442 485 1478 τὴν
504 1442 554 1476 τῆς
579 1441 684 1472 οἰκείας
705 1441 810 1470 ἐννοίας
832 1439 984 1470 ἀσθένειαν,

201 1488 338 1523 μεθέξουσι
354 1488 446 1519 πάλιν,
460 1488 558 1518 αὐτοὺς
572 1487 741 1522 συνεργάτας
754 1486 848 1521 ὥσπερ
864 1485 910 1512 καὶ
925 1485 983 1511 συλ-

1034 255 1126 278 autem
1147 249 1223 284 pacis
1241 257 1290 284 per
1311 249 1519 278 conversionem
1536 251 1571 278 ad
1589 251 1689 286 ipsum.
1707 253 1778 287 Quin
1795 260 1824 283 et

1034 296 1123 324 noctis
1143 296 1281 330 princeps,
1297 295 1350 323 hoc
1366 300 1408 323 est
1431 296 1568 329 diabolus,
1582 304 1678 327 contra
1698 300 1824 329 sublatus

1033 346 1085 370 est.
1102 341 1224 370 Observa
1243 349 1309 370 vero
1328 350 1384 377 quo
1405 348 1485 378 pacto
1498 351 1554 371 non
1570 345 1732 380 simpliciter
1750 347 1824 376 dicat

1034 388 1211 415 auferendam
1224 396 1287 416 esse
1299 388 1403 420 lunam,
1416 389 1465 416 sed
1479 390 1572 424 potius
1588 391 1719 425 vicissim,
1734 393 1791 422 [the
1807 403 1824 421 e

1033 433 1173 461 contrario
1194 433 1373 461 auferendam
1386 441 1457 466 esse,
1477 438 1506 461 ut
1520 435 1576 470 jam
1588 436 1723 469 sublatus,
1743 443 1824 474 alque

1033 479 1102 507 adeo
1122 479 1245 511 omnino,
1269 479 1333 514 quia
1355 479 1482 507 diabolus
1507 481 1586 516 prius
1607 483 1710 510 occidit
1734 484 1823 512 homi‘

1034 532 1114 558 nem,
1135 525 1250 560 ideoque
1268 529 1296 553 et
1312 525 1371 561 ipse
1388 526 1508 554 vicissim
1527 528 1637 555 occisus
1648 533 1701 556 est.
1720 539 1729 555 ι
1744 531 1824 559 Aeci-

1034 571 1110 606 piant
1123 571 1217 606 igitur,
1233 571 1281 604 ait,
1299 573 1488 608 unusquisque
1501 581 1600 609 agnum
1619 583 1669 610 per
1684 577 1790 605 domos.
1810 587 1821 604 ι

1033 617 1102 645 Nam
1124 617 1251 645 Christus
1271 618 1392 653 perfecte
1413 619 1519 647 habitat
1542 621 1570 648 in
1592 629 1758 658 unoquoque
1775 632 1825 658 per

1035 662 1154 698 Spiritus
1170 663 1258 690 sancti
1274 664 1523 699 participationem,
1538 673 1591 694 nec
1608 670 1698 695 tamen
1719 668 1826 696 divisus

1034 714 1086 742 est,
1106 710 1177 737 sicut
1197 710 1236 737 ait
1251 710 1352 738 Paulus
1363 711 1382 738 ⁸.
1405 712 1507 739 Verum
1526 713 1548 740 si
1564 714 1668 742 fuerint
1682 716 1826 750 pauciores

1034 763 1116 789 quam
1128 759 1158 782 ut
1168 756 1274 790 possint
1284 756 1367 784 edere
1380 765 1490 792 agnum,
1499 758 1640 788 accersent
1649 761 1683 788 ad
1696 769 1725 788 se
1735 763 1826 796 proxi-

1035 808 1110 828 mum
1130 801 1249 828 vicinum
1269 810 1360 829 suum.
1381 803 1433 835 Qui
1455 804 1528 831 enim
1548 813 1603 833 non
1626 806 1729 835 habent
1745 815 1778 835 ex
1796 817 1826 836 se

1037 845 1112 881 ipsis,
1123 851 1153 873 ut
1163 846 1213 873 soli
1222 855 1271 882 per
1279 855 1308 874 se
1316 848 1422 882 possint
1433 849 1553 883 perfecte
1564 850 1717 887 intelligere
1725 852 1825 880 Christi

1036 892 1208 927 mysterium,
1220 900 1272 920 nec
1284 892 1423 921 sufﬁciunt
1438 894 1471 922 ad
1488 896 1696 931 intelligentiam
1711 906 1772 933 qua!
1785 905 1827 926 est

1037 939 1070 966 de
1091 938 1160 973 ipso,
1173 944 1285 974 propter
1299 940 1400 967 mentis
1416 948 1472 968 sum
1489 941 1688 975 infirmitatem,
1703 949 1760 972 tum
1780 945 1826 972 iti—

1037 985 1098 1012 dem
1112 985 1260 1020 participes
1274 985 1340 1013 ﬁent
1354 986 1439 1020 ipsius
1457 988 1577 1022 acceptis
1594 988 1628 1016 ad
1644 997 1673 1017 se
1687 989 1825 1021 fidelibus,

1038 1036 1166 1065 tanquam
1179 1032 1347 1066 cooperariis
1359 1036 1441 1067 atque
1456 1033 1638 1068 adjutoribus.
1658 1035 1741 1070 27o
1759 1036 1827 1064 Nam

1038 1084 1226 1111 saepenumero
1242 1077 1280 1109 fit,
1294 1082 1324 1105 ut
1340 1085 1388 1112 per
1403 1082 1528 1105 mutuam
1545 1079 1758 1113 institutionem,
1771 1090 1828 1109 ma—

1035 1123 1109 1157 jores
1128 1131 1210 1158 quam
1231 1131 1280 1158 per
1301 1132 1351 1151 nos
1370 1124 1444 1159 ipsos
1460 1125 1487 1152 in
1504 1133 1587 1153 sensu
1607 1126 1745 1160 spirituali
1763 1136 1828 1162 pro—

1037 1176 1146 1203 gressus
1160 1169 1302 1196 faciamus.
1322 1169 1400 1197 Sicut
1416 1170 1500 1205 igitur
1515 1171 1560 1198 ille
1573 1179 1639 1199 vere
1658 1172 1767 1207 sapiens
1781 1180 1829 1200 eu-

1038 1214 1146 1241 nuchus
1158 1215 1343 1250 interrogabat
1354 1216 1510 1251 Philippum
1522 1217 1694 1252 prophetiam
1707 1217 1741 1245 de
1750 1217 1829 1245 Chri—

1038 1263 1090 1291 sto,
1107 1268 1188 1295 quam
1211 1261 1336 1293 audiens,
1357 1262 1427 1290 dixit
1447 1272 1452 1289 :
1476 1272 1485 1288 ι
1502 1263 1578 1298 Rogo
1600 1268 1636 1295 te,
1652 1264 1686 1291 de
1709 1272 1764 1299 quo
1784 1265 1829 1292 hic

1037 1305 1161 1341 loquitur
1174 1307 1308 1341 propheta
1323 1317 1328 1333 :
1344 1308 1377 1335 de
1391 1316 1431 1341 se,
1448 1317 1482 1335 an
1496 1309 1550 1336 alio
1563 1309 1656 1344 aliquo
1669 1310 1697 1336 "I
1715 1319 1723 1335 ›
1748 1309 1830 1337 Vides

1037 1360 1092 1386 quo
1107 1357 1186 1387 pacto
1207 1353 1338 1380 habuerit
1358 1355 1513 1388 proximum
1534 1355 1655 1382 vicinum
1671 1356 1829 1390 (propinqui

1037 1398 1110 1425 enim
1130 1398 1247 1425 invicem
1265 1406 1361 1426 omnes
1378 1407 1484 1431 sumus,
1500 1404 1633 1434 quantum
1652 1401 1686 1427 ad
1703 1409 1785 1429 unam
1803 1407 1830 1429 et

1038 1452 1212 1471 communem
1226 1444 1288 1472 fidei
1306 1445 1441 1472 rationem
1459 1445 1568 1480 attinet)
1582 1450 1609 1473 et
1621 1446 1759 1480 particeps
1772 1447 1830 1481 spi-

1039 1491 1146 1518 ritualis
1166 1491 1227 1525 agni
1242 1499 1290 1525 per
1307 1491 1379 1518 hanc
1391 1491 1597 1525 inquisitionem
1611 1491 1647 1518 sit
1664 1491 1829 1520 declaratus.

200 1533 333 1569 λὴπτορας
354 1534 417 1565 τοὺς
433 1532 599 1567 όμοπίστους
620 1531 774 1567 δεξάμενοι.
796 1530 846 1557 Διὰ
866 1530 920 1565 γὰρ
936 1530 985 1565 τῆς

1038 1535 1186 1563 Confestim
1202 1535 1276 1562 enim
1294 1536 1393 1569 dignus
1404 1535 1528 1562 redditus
1543 1540 1585 1562 est
1598 1536 1743 1571 baptizari,
1759 1538 1831 1565 sicut

200 1579 316 1615 ἀλλήλων
328 1579 468 1610 νουθεσίας
484 1578 539 1604 ἔσθ’
561 1579 605 1605 ὅτε
628 1578 675 1604 καὶ
695 1579 735 1608 εὶς
758 1577 871 1612 μείζους
889 1576 905 1612 ἢ
929 1575 990 1601 καθ’

197 1625 272 1660 ἡμᾶς
302 1624 417 1659 Θεωρίας
450 1622 607 1650 ἀναϐαίνειν
641 1622 779 1656 ἰσχύομεν.
809 1622 917 1655 Ὥσπερ
944 1618 990 1646 οὖν

195 1670 291 1706 ἀμέλει
312 1670 359 1697 καὶ
381 1671 395 1697 ό
412 1670 493 1704 σοφὸς
510 1669 614 1699 ἐκεῖνος
635 1667 761 1702 εὐνοῦχος
787 1666 990 1693 ἀνεπυνθάνετο

193 1715 240 1742 τοῦ
261 1715 415 1747 Φιλίππου,
440 1715 489 1750 τῆς
512 1714 577 1748 περὶ
601 1713 720 1747 Χριστοῦ
746 1712 915 1747 προφητείας
938 1713 987 1738 ὲπη

193 1760 381 1797 ακροώμενος·
403 1770 412 1786 ι
431 1760 530 1794 Δέομαί
553 1767 610 1791 σου,
625 1758 689 1792 περ).
714 1758 787 1789 τίνος
809 1759 823 1784 ὁ
845 1758 989 1792 προφήτης

192 1808 285 1842 λέγει,
310 1806 376 1842 περὶ
399 1805 498 1833 ἑαυτοῦ
521 1806 537 1840 ἢ
562 1804 625 1839 περὶ
648 1804 741 1839 ἐτέρου
766 1804 855 1835 τινό;;
877 1813 885 1829 ι
907 1803 989 1838 Ὁρᾷς

193 1854 268 1885 ὃπως
288 1853 336 1879 τὸν
360 1852 470 1886 γείτονα
488 1850 625 1877 συλλαΰὼν
643 1850 736 1884 (ἐγγὺς
759 1850 812 1883 γὰρ
827 1849 948 1883 ἀλλήλων
964 1850 988 1875 οἱ

193 1899 296 1930 πάντες
320 1898 416 1933 ἐσμὲν,
435 1897 492 1924 ὅσοι
513 1897 553 1928 εἰς
572 1896 618 1923 τὸν
635 1896 684 1922 ἕνα
700 1895 745 1922 καὶ
765 1894 852 1921 κοινὸν
872 1895 920 1929 τῆς
942 1894 987 1920 πί-

194 1953 280 1977 στεως
288 1944 391 1979 λόγον),
401 1943 513 1979 μέτοχος
520 1944 569 1979 ἤδη
578 1942 624 1969 τοῦ
636 1942 730 1977 νοητοῦ
742 1941 877 1976 προϐάτου
887 1940 929 1966 διὰ
939 1940 988 1974 τῆς

194 1992 310 2029 ἐρεύνης
321 1990 518 2019 ἁνεδεικνύετο.
537 1990 629 2023 Ἠξίου
640 1989 694 2024 γὰρ
710 1988 789 2019 εὐθὺς
804 1988 851 2014 καὶ
865 1986 988 2021 βεϐαπτί-

196 2039 270 2070 σθαι,
285 2037 334 2064 καὶ
347 2036 380 2073 δὴ
398 2037 444 2063 καὶ
462 2036 653 2071 βεϐάπτισται.
676 2044 683 2060 ι
701 2034 792 2060 Ἔστω
810 2033 849 2064 δὲ,
866 2032 943 2066 φησὶ,
959 2031 989 2057 τὸ

196 2082 337 2118 πρόὸατον
355 2081 468 2108 τέλειον.
495 2090 504 2106 ι
532 2080 625 2107 Πάντα
651 2079 706 2113 γὰρ
731 2076 764 2113 ἦν
779 2078 808 2103 ὲν
830 2075 940 2111 Χριστῷ
955 2076 988 2101 τὰ

196 2128 337 2163 θεοπρεπῆ
353 2127 542 2163 γνωρίσματα.
569 2126 638 2152 Ἀλλ’
651 2125 721 2150 ἔστω
739 2124 785 2150 καὶ
804 2122 897 2158 ἄρσεν,
915 2123 929 2148 ὁ
947 2130 988 2148 νο-

197 2173 316 2209 μοθέτης
341 2173 503 2208 διήγγειλεν.
522 2171 608 2202 Αὐτὸς
627 2170 681 2204 γὰρ
701 2167 734 2204 ἦν
755 2177 785 2194 τε
803 2168 849 2195 καὶ
871 2167 955 2198 ἐστιν,
974 2166 988 2191 ὁ

1042 1586 1069 1608 et
1089 1581 1243 1615 baptizatus
1265 1585 1315 1607 est.
1338 1590 1346 1606 ι
1370 1581 1411 1608 Sit
1435 1585 1539 1613 autem,
1560 1581 1608 1613 ait,
1629 1589 1716 1617 agnus
1738 1584 1831 1618 perfe—

1041 1630 1112 1657 ctus,
1130 1635 1138 1651 ι
1161 1625 1225 1660 quia
1247 1633 1343 1655 omnes
1366 1625 1464 1652 divina:
1488 1626 1659 1660 cognitiones
1680 1632 1746 1654 sunt
1767 1636 1831 1662 per-

1040 1671 1118 1698 fecta:
1137 1671 1164 1698 in
1187 1670 1306 1698 Christo.
1328 1670 1410 1705 Atqui
1432 1675 1461 1698 ut
1479 1672 1514 1698 sit
1532 1672 1679 1705 masculus,
1695 1673 1771 1700 addit
1790 1674 1830 1700 le-

1039 1716 1162 1750 gislator.
1184 1716 1250 1742 Nam
1270 1716 1327 1750 ipse
1344 1720 1403 1743 erat
1423 1720 1450 1742 et
1468 1720 1511 1743 est
1525 1716 1548 1743 is
1563 1717 1610 1752 qui
1622 1718 1752 1746 omnibus
1766 1727 1831 1754 sug-

1039 1762 1110 1797 gerit
1130 1762 1228 1789 divinae
1247 1762 1415 1797 cognitionis
1436 1764 1551 1795 semina,
1567 1771 1598 1791 ac
1619 1765 1704 1792 veluti
1727 1769 1831 1793 terram

1039 1806 1185 1841 quamdam
1203 1807 1352 1834 lubentem.
1368 1807 1562 1840 Quamobrem,
1577 1809 1648 1837 sicut
1665 1815 1693 1837 et
1713 1811 1832 1845 prophe-

1039 1853 1110 1880 ticus
1131 1853 1213 1879 habet
1231 1861 1332 1885 sermo,
1353 1853 1376 1880 is
1393 1854 1500 1888 perlicit
1518 1855 1574 1881 Deo
1591 1862 1622 1881 ac
1640 1855 1713 1881 Patri
1732 1855 1831 1882 buma-

1039 1906 1101 1925 nam
1120 1903 1246 1925 naturam
1263 1907 1311 1932 per
1327 1899 1466 1933 Evangelii
1484 1900 1631 1932 praeconia.
1653 1900 1788 1927 Praeterea
1801 1906 1832 1928 ut

1039 1944 1183 1970 annicuius
1202 1944 1237 1970 sit
1254 1944 1342 1978 jubet,
1364 1950 1410 1970 aut
1426 1944 1533 1970 ratione
1553 1944 1696 1977 temporis,
1709 1952 1743 1971 ne
1760 1945 1831 1973 forte

1040 1988 1075 2014 sit
1095 1988 1287 2022 imperfectus.
1309 1988 1411 2022 quippe
1433 1988 1480 2021 qui
1504 1988 1627 2014 nondum
1654 1990 1832 2024 compleverit

1040 2039 1141 2058 annum
1155 2040 1161 2057 :
1176 2036 1222 2058 aut
1235 2036 1309 2058 certe
1322 2032 1387 2065 quia
1404 2032 1504 2058 festum
1518 2032 1574 2059 Deo
1586 2034 1754 2061 conveniens
1766 2043 1831 2070 pro—

1039 2081 1100 2111 pter
1118 2076 1273 2111 passionem
1289 2076 1405 2111 singulis
1417 2077 1496 2104 annis
1511 2077 1652 2105 celebrare
1667 2078 1769 2106 debent
1780 2080 1830 2112 illi,

1039 2123 1085 2157 qui
1107 2123 1178 2150 bona
1197 2131 1246 2158 per
1260 2123 1347 2158 ipsam
1360 2123 1515 2158 passionem
1532 2124 1719 2153 lucrifaciunt.
1733 2126 1767 2154 Ut
1782 2135 1832 2154 au-

1040 2174 1094 2196 tem
1109 2178 1140 2196 ex
1162 2170 1239 2204 agnis
1255 2174 1283 2197 et
1301 2169 1391 2197 haedis
1410 2170 1571 2205 accipiatur,
1588 2172 1720 2207 praecipit.
1737 2173 1832 2208 Agnus

195 2220 279 2246 πᾶσιν
293 2220 359 2254 ἡμῖν
376 2219 457 2249 ἐνιεὶς
469 2218 520 2252 τῆς
535 2216 702 2251 θεογνωσίοις
716 2215 750 2241 τὰ
772 2214 927 2249 σπέρματα,
941 2213 986 2239 καὶ

1040 2216 1151 2250 quidem
1175 2220 1303 2251 tanquam
1326 2225 1425 2251 purum
1448 2221 1475 2244 et
1498 2217 1704 2246 immaculatum
1726 2220 1830 2246 sacrifi-

194 2265 290 2300 ὦσπερ
308 2265 369 2291 τινὰ
383 2265 434 2300 γῆν
448 2264 574 2299 θελητήν.
592 2263 698 2296 Ὥσπερ
720 2259 765 2287 οὖν
783 2261 827 2286 καὶ
848 2260 862 2285 ὁ
876 2267 982 2294 προφη-

194 2310 272 2342 τικδς
287 2309 344 2344 ἔχει
365 2309 443 2343 λόγος
455 2329 462 2341 ,
480 2308 613 2335 ἐπιτελῶν
633 2307 673 2342 τῷ
691 2306 750 2341 θεῷ
771 2306 817 2331 καὶ
834 2305 922 2339 Πατρὶ
938 2304 987 2339 τὴν

195 2355 396 2391 ἀνθρωπότητα
417 2354 461 2382 διὰ
486 2355 541 2381 τῶν
575 2351 759 2387 εύαγγελικῶν
787 2352 985 2386 κηρυγμάτων.

201 2401 284 2428 ’Δλὶὰ
305 2401 374 2436 πρὸς
390 2401 494 2431 τούτοις
512 2400 558 2426 καὶ
574 2399 707 2426 ἐνιαύσιον
729 2398 809 2429 ἔστω,
829 2397 844 2431 ἢ
860 2397 929 2423 κατὰ
941 2397 986 2421 τὸν

194 2448 303 2483 χρόνον,
318 2447 362 2473 ἵνα
380 2447 417 2482 μὴ
468 2446 506 2477 ὡς
523 2445 626 2477 ἀτελὲς,
642 2443 719 2470 οὔπω
737 2441 927 2478 πληρωθέντος
944 2442 986 2467 ἐπ’

195 2494 273 2529 αὐτῷ
292 2492 339 2520 τοῦ
354 2492 440 2524 ἔτους·
460 2492 477 2528 ἢ
497 2491 596 2526 ὃτιτὴν
616 2490 661 2516 ἐπὶ
675 2489 713 2525 τῷ
736 2488 818 2515 πάθει
841 2487 987 2522 Θεοπρεπε-

197 2540 298 2574 στάτην
315 2538 411 2574 ἑορτὴν
427 2537 487 2564 καθ’
502 2537 617 2564 ἕκαστον
634 2536 693 2566 ἑτος
708 2534 821 2569 ἔμελλον
840 2533 985 2564 ἐπιτελεῖν,

195 2586 268 2612 οἱτὰ
289 2586 322 2612 ὲκ
338 2584 385 2611 τοῦ
407 2583 508 2615 πάθους
529 2582 775 2618 ἀποκερδαίνοντες
796 2579 896 2614 ἀγαθά.
923 2579 989 2605 Ἀπὸ

195 2632 226 2658 δὲ
238 2631 292 2659 τῶν
306 2631 401 2666 ἀμνῶν
417 2631 463 2657 καὶ
476 2630 530 2657 ἀπὸ
549 2629 602 2655 τῶν
622 2628 723 2663 ἐρίφων
744 2626 932 2661 λαμϐάνεσοαι
945 2626 989 2652 λέ-

196 2686 252 2710 γει.
272 2678 328 2705 Καὶ
344 2678 358 2704 ό
376 2677 426 2712 μὲν
450 2676 535 2711 ἁμνός
558 2675 595 2706 ὡς
612 2673 731 2708 καθαρόν
751 2681 780 2698 τε
803 2672 849 2698 καὶ
872 2672 987 2707 ἄμωμον

197 2723 272 2758 οὖμα
285 2723 358 2749 κατὰ.
379 2722 462 2756 νόμον
489 2723 600 2752 νοεῖται,
626 2720 656 2746 τὸ
670 2720 698 2746 δὲ
718 2719 772 2746 τῶν
792 2720 893 2755 ἐρίφων
910 2719 987 2752 γένος

197 2769 268 2804 ὑπὲρ
286 2768 340 2795 τῶν
357 2768 497 2804 ἁμαρτιῶν
513 2768 555 2793 ἀεὶ
575 2766 614 2801 τῷ
628 2765 814 2800 θυσιαστηρίῳ
835 2765 986 2799 119033359:-

1037 2261 1109 2287 eium
1131 2260 1295 2295 intelligitur
1310 2260 1462 2287 secundum
1485 2261 1571 2295 legem
1591 2262 1757 2288 :hozdorum
1779 2270 1830 2289 tiu--

1041 2312 1094 2333 tem
1114 2314 1201 2341 genus
1218 2314 1268 2341 pro
1283 2306 1402 2341 peccatis
1423 2314 1531 2341 semper
1547 2307 1663 2335 oﬂ'ertur
1676 2308 1742 2335 Deo.
1757 2308 1832 2335 ldem

1039 2357 1066 2379 ct
1083 2353 1110 2380 in
1123 2352 1233 2380 Christo
1249 2353 1382 2388 reperies.
1397 2352 1465 2379 Nam
1478 2357 1506 2379 et
1519 2353 1577 2387 ipse
1596 2359 1655 2381 erat
1669 2354 1831 2381 immacula~

1041 2403 1096 2425 tum
1118 2397 1293 2429 sacriﬁcium,
1311 2402 1339 2424 et
1359 2397 1386 2424 in
1404 2398 1517 2425 odorem
1539 2399 1681 2426 suavitatis
1698 2398 1832 2425 oﬂerebat

1039 2444 1158 2478 seipsum
1171 2444 1226 2470 Deo
1238 2451 1268 2470 ac
1280 2443 1364 2475 Patri,
1379 2448 1460 2478 atque
1473 2452 1523 2471 ceu
1540 2444 1638 2470 haedus
1649 2451 1699 2477 pro
1713 2443 1834 2477 peccatis

1040 2489 1143 2516 nostris
1164 2489 1334 2516 mactabatur
1350 2489 1369 2515 ‘.
1391 2489 1528 2516 therum
1553 2493 1613 2522 post
1637 2488 1830 2515 mactationem

1038 2535 1116 2569 jubet
1140 2535 1272 2569 sanguine
1300 2534 1368 2561 illini
1395 2539 1488 2569 postes
1511 2534 1658 2560 domorum
1678 2539 1705 2561 et
1723 2534 1828 2561 limen:

1040 2580 1108 2607 nihil
1121 2579 1205 2612 aliud,
1214 2587 1273 2606 mea
1285 2580 1397 2614 quidem
1408 2578 1716 2614 sententia,signiﬁcare
1726 2579 1830 2611 volens,

1040 2634 1122 2661 quam
1135 2631 1166 2654 ut
1176 2626 1333 2653 venerando
1345 2630 1372 2652 et
1384 2626 1506 2658 pretioso
1518 2625 1620 2652 Christi
1632 2626 1764 2660 sanguine
1779 2630 1834 2652 ter-

1041 2680 1135 2699 renam
1153 2677 1277 2698 nostram
1293 2672 1404 2698 domum
1419 2671 1574 2698 muniamus
1587 2676 1670 2705 atque
1687 2672 1830 2701 vellemus.

1042 2719 1094 2745 hoc
1105 2722 1157 2748 est,
1172 2725 1272 2752 corpus
1288 2721 1424 2749 nostrum,
1441 2722 1558 2744 mortem
1576 2724 1658 2752 quam
1676 2725 1725 2752 per
1744 2721 1837 2743 trans-

1042 2763 1208 2797 gressionem
1227 2763 1431 2789 incurreramus
1446 2770 1495 2797 per
1512 2763 1573 2790 vita:
1594 2762 1831 2797 participationem

230 2857 247 2875 δ
273 2856 285 2884 I
309 2854 375 2883 Cor.
396 2862 443 2887 Ill,
461 2855 487 2881 ι.
526 2855 536 2869 ³
554 2855 613 2881 Act.
635 2861 692 2886 vni,
714 2853 758 2880 54.
797 2852 806 2867 ⁸
825 2852 924 2885 Ephes.
941 2858 965 2883 v,
980 2850 1014 2884 2;
1033 2849 1151 2884 Philipp.
1168 2848 1251 2880 tv,l8.

321 2904 459 2935 Pnaot.
482 2903 540 2933 Gn.
565 2902 671 2933 LXIX.

1655 2896 1693 2929 14.
