4066 6282
426 303 524 358 427

1424 302 1480 357 5.
1512 299 1792 356 CYRILLI
1832 299 2299 360 ALEXANDRINI
2340 308 2654 366 ARCUIEP.

3575 318 3681 377 423

417 419 774 489 depellentes.
821 418 942 473 Vita
999 417 1146 471 enim
1193 423 1250 471 et
1299 417 1686 500 sanctiﬁcatio_
1708 425 1792 470 est
1840 416 1987 470 nobis

2107 439 2214 475 ται.
2263 425 2531 494 Εύρήσεις
2569 427 2626 480 δὲ
2659 429 2816 484 τοῦτο
2861 433 2953 484 καὶ
2990 434 3046 484 ἐν
3091 433 3329 504 Χριστῷ.
3362 428 3470 490 Ἷιιν
3519 440 3624 508 γὰρ
3653 442 3682 490 ὁ

393 512 622 566 Christi
659 509 990 566 communio.
1027 509 1094 563 Et
1124 524 1249 563 cum
1282 508 1668 578 propulsemus
1698 508 1875 577 ipsum
1907 523 1999 562 ex-

393 601 850 662 .terminatorem,
877 598 1304 669 longissimeque
1329 614 1356 653 a
1387 598 1550 654 nobis
1579 599 1883 652 diemonem
1916 599 1998 652 in-

415 692 706 746 sidiantem
738 691 1088 762 sejungamus
1123 705 1222 760 per
1258 691 1598 756 unctionem,
1627 700 1741 744 tum
1769 689 1997 745 aﬂ‘ectus

412 783 715 850 carnalium
739 784 1219 853 perturbationum
1245 782 1660 838 mortiﬁcamus.
1696 803 1714 834 ι
1736 783 1948 848 Portas,
1969 802 1988 835 ι

412 883 596 930 autem
635 875 802 940 illius,
833 875 902 930 de
935 892 1043 946 qua
1075 876 1238 931 modo
1265 876 1526 942 diximus,
1568 876 1786 941 domus,
1830 876 1993 930 intel-

395 970 548 1039 liges
593 985 788 1026 sensus
827 981 1066 1037 nostros,
1107 987 1207 1043 per
1245 987 1385 1044 quos
1435 973 1698 1028 cordibus
1745 974 1993 1027 omnium

410 1063 569 1132 27],
610 1063 1063 1120 subministratur
1091 1080 1278 1120 rerum
1308 1065 1562 1136 qualitas,
1589 1075 1752 1136 atque
1780 1065 1992 1121 inﬁnita

409 1155 772 1224 cupiditatum
797 1156 1448 1212 multitudo-infunditur.
1478 1157 1632 1212 Unde
1649 1168 1705 1212 et
1725 1157 1992 1227 propheta

398 1247 525 1304 'Joel
563 1255 722 1304 vocat
751 1249 1028 1320 fenestras,
1057 1249 1288 1304 dicens:
1326 1267 1344 1300 ι
1381 1249 1546 1316 Quasi
1585 1264 1684 1319 per
1724 1250 1991 1304 fenestras

350 1376 358 1382 -
394 1351 626 1398 nostras
671 1343 893 1413 quidam
951 1343 1102 1397 fures
1146 1343 1529 1414 ingredieutur
1562 1344 1606 1407 ",
1642 1362 1660 1395 ι
1710 1343 1838 1413 quia
1879 1357 1986 1396 non

407 1442 566 1488 erant
591 1434 854 1504 sanguine
879 1433 1084 1510 Christi
1117 1435 1287 1488 uncti.
1325 1435 1591 1504 Praecepit
1621 1444 1804 1489 autem
1840 1443 1898 1488 ut
1933 1434 1987 1489 in

408 1521 513 1574 hac
554 1529 715 1575 nocte
758 1535 886 1576 caro
933 1522 1277 1587 comedatur,
1305 1523 1409 1578 hoc
1442 1532 1544 1589 est,
1570 1525 1624 1578 in
1659 1525 1860 1578 szeculo
1901 1524 1986 1578 iu-

406 1620 605 1667 stante.
642 1612 721 1667 lta
743 1613 891 1667 enim
925 1613 1032 1669 hoc
1058 1615 1262 1668 Paulus
1289 1615 1525 1680 vocavit,
1553 1615 1744 1670 dicens
1770 1632 1783 1668 :
1823 1635 1840 1666 ι
1868 1616 1986 1670 Nox

406 1701 708 1770 praecesit,
752 1701 872 1757 dies
921 1710 1103 1756 autem
1153 1702 1611 1773 appropinquavit
1645 1704 1684 1757 ⁸.
1725 1722 1742 1754 ι
1795 1703 1854 1758 In
1899 1704 1986 1758 his

2106 515 2285 580 αὐτὸς,
2321 518 2414 569 καὶ
2459 518 2533 582 ὼς
2580 521 2810 592 ἄμωμον
2854 525 3071 593 ἱερεῖον,
3107 528 3187 588 είς
3229 526 3406 598 ὀσμὴν
3451 525 3681 590 εὐωδίας

2105 605 2394 676 ἀναφέρων
2421 609 2614 663 ἑαυτὸν
2642 611 2718 682 τῷ
2750 613 2869 684 Θεῷ
2901 615 2992 668 καὶ
3033 617 3229 688 Πατρὶ,
3268 619 3362 670 καὶ
3392 619 3467 681 ὼς
3497 619 3682 689 ἔριφος

2105 695 2246 768 ὑπὲρ
2272 698 2382 752 τῶν
2409 701 2692 772 ἡμετέρων
2730 706 3014 777 ἁμαρτιῶν
3047 709 3408 779 σφαζόμενος.
3440 709 3596 763 Μετὰ
3625 711 3683 763 δέ

2103 804 2166 856 γε
2210 791 2308 860 τὴν
2354 795 2606 864 σφαγὴν,
2655 798 2974 868 καταχρίειν
3020 799 3096 870 τῷ
3152 802 3348 871 αἵματι
3397 803 3524 864 τοὺς
3571 801 3680 854 τῶν

2102 875 2418 945 οἰκημάτων
2471 882 2748 952 σταθμοὺς
2780 889 2874 938 καὶ
2913 887 3014 957 τὴν
3048 889 3207 957 φλιὰν
3241 891 3548 954 ἐπιτάττει,
3581 892 3680 961 οὐχ

2102 966 2290 1038 ἕτερόν
2313 987 2364 1022 τι
2393 975 2678 1044 σημαίνειν
2702 975 2920 1042 ἐθέλων,
2946 978 3020 1042 ῶς
3050 979 3111 1048 γέ
3135 997 3224 1051 μοι
3252 980 3426 1047 δοκεῖ,
3449 981 3582 1054 ἥὸτι
3601 984 3680 1054 τῷ

2102 1061 2286 1131 σεπτῷ
2316 1063 2411 1116 καὶ
2451 1065 2616 1136 τιμίῳ
2647 1067 2838 1138 αἵματι
2874 1069 2969 1123 τοῦ
3005 1072 3273 1143 Χριστοῦ,
3305 1075 3403 1145 τὴν
3435 1077 3679 1145 ἐπίγειον

2100 1151 2311 1205 ἑαυτῶν
2375 1154 2552 1209 οἰκίαν
2601 1157 3044 1230 ἁσφαλιζὸμεθα,
3096 1163 3340 1218 τουτέστι
3386 1165 3446 1218 τὸ
3492 1167 3674 1238 σῶμα,

2098 1242 2196 1314 τὴν
2223 1245 2287 1298 ὲκ
2318 1246 2687 1318 παραϐάσεως
2721 1251 2989 1321 νέκρωσιν
3015 1253 3100 1306 διὰ
3139 1257 3372 1326 μετοχῆς
3397 1257 3496 1326 τῆς
3530 1257 3676 1330 ζωῆς

2097 1333 2489 1398 ἐξελαύνοντες.
2538 1337 2659 1408 Ζωὴ
2711 1339 2821 1410 γὰρ
2869 1341 2962 1393 καὶ
3010 1342 3310 1413 ἁγιασμὸς,
3350 1346 3381 1414 ἡ
3436 1344 3673 1416 Χριστοῦ

2099 1422 2320 1493 μετοχή.
2353 1423 2462 1476 Καὶ
2489 1424 2650 1479 αὐτὸν
2671 1427 2727 1480 δὲ
2762 1427 3168 1502 θορυ6ό[ὖ]ντες
3195 1431 3284 1484 τὸν
3323 1432 3667 1505 ὀλοθρευτὴν,

2094 1512 2169 1574 ὠς
2210 1512 2350 1581 ἄγαν
2388 1514 2642 1570 ἀπατάτω
2684 1518 2996 1589 ποιούμενοι
3053 1521 3143 1575 διὰ
3173 1523 3268 1592 τῆς
3311 1524 3544 1592 χρίσεως
3580 1524 3672 1576 τὸν

2094 1602 2520 1661 ἐπιϐουλεύοντα
2562 1607 2825 1676 δαίμονα,
2846 1608 2914 1661 τὰ
2935 1610 2999 1664 ὲκ
3025 1612 3304 1682 σαρκικῶν
3352 1615 3670 1684 κινημάτων

2093 1695 2553 1767 ἁπονεκρούμεθα
2603 1697 2772 1770 πάθη.
2827 1718 2844 1751 ι
2900 1700 3080 1773 Θύρας
3140 1702 3263 1771 ηδε
3311 1705 3522 1774 νοήσεις
3569 1705 3670 1771 τῆς

402 1801 594 1863 aperte
631 1794 814 1848 innuit
841 1794 1099 1861 saeculum
1130 1792 1396 1861 futurum,
1424 1795 1569 1865 quod
1599 1796 1713 1866 ipse
1736 1795 1987 1851 Christus

2093 1779 2296 1856 ἁρτίως
2328 1789 2460 1857 ἡμῖν
2499 1788 2798 1862 εἰρημένης
2837 1792 3035 1857 οἰκίας,
3067 1793 3167 1857 τὰς
3211 1795 3270 1847 ἐν
3308 1797 3442 1865 ἡμῖν
3473 1796 3668 1866 αἰσθή-

407 1885 661 1940 illustrat.
689 1885 992 1940 Comedent
1017 1901 1144 1956 ergo
1171 1901 1391 1941 carnem
1427 1887 1483 1940 in
1510 1887 1614 1942 hoc
1637 1889 1859 1953 saeculo,
1889 1888 1983 1942 ait.

404 1973 542 2027 Nam
561 1974 741 2043 quoad
760 1990 952 2029 sumus
973 1975 1027 2029 in
1048 1975 1148 2030 hac
1163 1975 1295 2041 vita,
1312 1975 1534 2031 Christo
1556 1979 1988 2032 communicabi-

397 2079 547 2130 mus,
567 2080 667 2136 per
700 2074 944 2121 sanctam
978 2081 1197 2122 carnem
1225 2075 1280 2121 et
1299 2069 1602 2137 pretiosum
1639 2069 1983 2138 sanguinem,

395 2155 695 2226 pinguiore
713 2156 1003 2227 loquentes
1018 2157 1201 2212 modo.
1221 2157 1356 2214 Cum
1381 2167 1562 2214 autem
1581 2163 1988 2217 occurrerimus

408 2247 464 2302 in
488 2248 578 2303 die
609 2249 866 2319 potentiae
886 2257 946 2304 et
967 2250 1188 2305 virtutis
1209 2252 1347 2322 ejus,
1371 2254 1514 2308 sicut
1539 2255 1804 2324 scriptum
1837 2265 1920 2309 est
1941 2258 1984 2320 ³,

406 2349 568 2410 atque
605 2341 662 2395 in
697 2342 1007 2396 claritatem
1039 2350 1356 2398 sanctorum
1397 2345 1826 2410 ascenderimus,
1871 2356 1987 2401 tum

396 2447 598 2487 rursus
620 2433 729 2486 alio
756 2433 921 2488 modo
949 2432 1437 2501 sanctiﬁcabimur,
1467 2452 1630 2506 quem
1662 2438 1815 2492 novit
1842 2440 1990 2494 futu-

398 2540 591 2578 rorum
640 2525 913 2578 bonorum
959 2525 1290 2580 distributor
1332 2535 1496 2597 atque
1545 2529 1797 2584 donator.
1841 2530 1989 2587 Alias

295 2632 299 2636 ·
399 2624 587 2669 autem
643 2615 1070 2670 communicatio
1120 2626 1322 2672 saucue
1359 2618 1532 2688 ipsius
1582 2621 1786 2685 carnis,
1823 2630 1988 2691 atque

405 2710 535 2764 item
594 2709 851 2779 poculum
891 2723 960 2763 ex
1009 2709 1233 2764 salutari
1281 2709 1451 2780 ipsius
1495 2714 1780 2783 sanguine,
1824 2714 1990 2768 habet

397 2800 803 2867 confessionem
848 2800 1045 2855 mortis
1080 2800 1306 2861 Christi.
1349 2817 1470 2872 quae
1507 2813 1734 2873 propter
1761 2820 1862 2859 nos
1890 2821 1987 2875 pa—

405 2891 601 2946 tefacta
627 2899 730 2946 est.
759 2891 836 2945 Ita
861 2891 1009 2945 enim
1046 2890 1162 2961 ipse
1183 2891 1323 2946 alibi
1357 2891 1452 2957 ait,
1480 2893 1595 2948 suis
1627 2895 1818 2948 amicis
1842 2895 1990 2965 leges

401 2984 470 3039 de
508 2985 612 3038 hoc
643 2984 906 3056 mysterio
941 2983 1304 3054 prazscribeus
1333 3002 1344 3036 ε
1379 3003 1397 3034 ι
1426 2984 1651 3051 Quoties
1683 2986 1854 3049 enim,
1889 2986 1985 3051 ait,

399 3075 869 3132 manducaveritis
907 3090 1104 3146 panem
1147 3075 1664 3146 hunc-ctpoculum
1702 3078 1805 3133 hoc
1829 3079 1988 3133 hibe-

2091 1893 2205 1942 σεις
2255 1878 2480 1951 δηλαδή·
2545 1881 2612 1934 δι’
2675 1875 2751 1936 ὧν
2800 1886 2922 1948 ταῖς
2958 1887 3250 1942 ’ἁπάντων
3327 1888 3577 1958 καρδίαις
3633 1890 3667 1958 ἡ

2088 1970 2196 2022 τῶν
2246 1972 2589 2042 πραγμάτων
2646 1975 2974 2030 διακονεῖται
3049 1979 3292 2050 ποιότης,
3335 1981 3429 2034 καί⁵
3476 1983 3507 2050 ή
3558 1981 3667 2032 τῶν

2089 2063 2398 2135 ἐπιθυμιῶν
2453 2067 2762 2140 ἀμέτρητος
2799 2073 3072 2141 ἐπιχεῖται
3123 2071 3351 2144 πληθύς.
3383 2073 3566 2144 Θύρας
3607 2073 3666 2126 δὲ

2089 2154 2257 2220 αὐτὰς
2285 2156 2379 2209 καὶ
2405 2159 2433 2210 ὁ
2477 2159 2765 2229 προφήτης
2801 2159 2952 2230 Ἱωὴλ
2985 2161 3242 2228 ὀνομάζει
3279 2162 3484 2230 λέγων’
3523 2182 3542 2215 ι
3579 2162 3667 2226 Ὠς

2089 2246 2488 2300 είσελεύσονταί
2521 2265 2665 2312 τινες
2683 2249 2913 2302 κλέπται
2935 2250 3025 2304 διὰ
3055 2251 3162 2304 τῶν
3189 2251 3421 2325 θυρίδων
3447 2253 3659 2323 ήμῶν-υ

2089 2339 2148 2390 οὐ
2180 2339 2289 2410 γάρ
2322 2335 2463 2410 ἦσαν
2505 2343 3010 2413 κατακεχρισμέναι
3051 2342 3129 2414 τῷ
3164 2344 3356 2414 αἵματι
3397 2343 3490 2397 τοῦ
3530 2347 3667 2415 Χρι-

2091 2429 2240 2484 στοῦ.
2290 2431 2594 2485 Ἐσθίεσθαι
2631 2433 2686 2486 δὲ
2736 2434 3064 2504 προστάττει
3103 2435 3169 2488 τὰ
3217 2436 3353 2507 κρέα
3397 2435 3566 2508 ταύτῃ
3595 2438 3666 2509 τῇ

2089 2523 2278 2586 νυκτὶ,
2313 2523 2581 2587 τουτέστι,
2627 2523 2770 2578 κατὰ
2809 2524 2900 2578 τὸν
2937 2525 3108 2578 αἰῶνα
3163 2527 3254 2579 τὸν
3308 2528 3664 2598 ἐνεστηκότα.

2091 2613 2247 2666 Οὕτω
2267 2614 2376 2686 γὰρ
2405 2614 2567 2668 αὐτὸν
2592 2618 2685 2669 καὶ
2705 2616 2733 2667 ὁ
2772 2616 2984 2680 Παῦλος
3009 2618 3294 2683 ἐπεκάλει,
3326 2619 3496 2687 λέγων
3518 2636 3529 2648 ·
3553 2639 3570 2672 ι
3602 2619 3670 2673 Ἠ

2089 2705 2183 2770 νὺξ
2215 2706 2572 2776 προέκοψε,ή
2621 2707 2678 2760 δὲ
2720 2707 2901 2778 ἡμέρα
2958 2709 3203 2778 ἤγγικεν.
3231 2727 3249 2759 ›
3305 2709 3549 2780 Ἦμέραν
3610 2711 3669 2762 ἐν

2089 2796 2298 2860 τούτοις
2332 2796 2630 2868 διαρρήδην
2659 2797 2829 2852 εἰπὼν
2855 2799 2946 2851 τὸν
2970 2800 3143 2852 αἰῶνα
3176 2800 3267 2853 τὸν
3300 2801 3580 2871 μέλλοντα,
3608 2801 3671 2853 ὃν

2090 2889 2251 2952 αὐτὸς
2293 2889 2518 2958 φωτίζει
2560 2891 2811 2960 Χριστός.
2858 2891 3127 2966 Φάγονται
3187 2891 3367 2944 τοίνυν
3415 2891 3484 2944 τὰ
3528 2892 3668 2961 κρέα

2090 2981 2233 3035 κατὰ
2265 2979 2355 3034 τὸν
2385 2980 2556 3034 αἰῶνα
2588 2983 2807 3046 τοῦτον,
2842 2982 3028 3051 φησίν.
3062 2983 3202 3046 Ἐως
3238 2983 3339 3053 μὲν
3364 2984 3473 3052 γὰρ
3499 2983 3668 3053 ἐσμὲν

2076 3073 2133 3127 ὲν
2158 3071 2291 3143 τῷδε
2310 3069 2387 3141 τῷ
2408 3070 2595 3139 κόσμῳ
2617 3067 2706 3120 διὰ
2736 3069 2834 3136 τῆς
2863 3067 3022 3134 ἁγίας
3050 3067 3248 3137 σαρκός
3265 3083 3325 3118 τε
3355 3068 3447 3119 καὶ
3469 3065 3562 3119 τοῦ
3581 3080 3663 3114 τι-

404 3169 544 3234 ritis,
589 3177 822 3223 mortem
859 3167 1076 3223 Domini
1100 3167 1547 3222 annuntiatis“.
1585 3188 1602 3220 ι
1643 3169 1701 3223 1η
1739 3169 1840 3223 hoc
1879 3169 1981 3239 igi-

2090 3138 2218 3235 μίου
2237 3138 2488 3235 αἵματος,
2517 3138 2615 3214 καὶ
2640 3159 2966 3231 »παχυτέρως
2997 3159 3074 3211 ἔτι
3111 3159 3530 3230 μεταληψόμεθα
3563 3161 3660 3214 τοῦ

401 3268 494 3314 ιιιι·
512 3258 767 3330 praesenti
791 3257 992 3312 saeculo
1014 3272 1114 3327 per
1141 3257 1620 3326 participationem
1645 3274 1840 3313 eorum
1864 3274 1986 3328 quae

399 3353 567 3406 modo
608 3359 928 3405 enumerata
958 3358 1086 3406 sunt
1118 3351 1317 3405 merito
1352 3350 1801 3405 annuntiabinius
1841 3367 1987 3404 mor-

405 3452 513 3496 tem
543 3441 734 3510 ipsius.
767 3441 904 3496 Cum
931 3449 1114 3496 autem
1134 3442 1245 3512 jam
1272 3441 1344 3495 sit
1370 3441 1426 3494 in
1451 3440 1625 3511 gloria
1649 3440 1849 3505 Patris,
1874 3456 1986 3494 non

402 3541 712 3602 opportune
741 3531 810 3585 de
843 3531 1094 3600 passione
1117 3529 1517 3588 confessionem
1540 3529 1744 3586 edituri
1771 3546 1982 3596 sumus,

403 3632 460 3679 at
509 3621 694 3693 potius
729 3637 857 3677 eum
909 3637 1270 3693 agnoscemus
1315 3637 1452 3692 pure
1509 3629 1770 3692 tanquam
1811 3623 1985 3678 Deum

411 3735 429 3768 ι
461 3716 600 3771 facie
639 3715 706 3770 ad
747 3714 944 3770 faciem
969 3713 1034 3780 “,
1067 3732 1085 3765 ι
1118 3721 1180 3768 ιιι
1208 3713 1554 3769 Paulus-ait:
1595 3732 1613 3765 ι
1645 3712 1987 3769 Gloriﬁcabi-

405 3825 527 3864 mus
566 3816 749 3863 autem
795 3807 968 3871 illum,
1005 3806 1101 3872 ait,
1144 3812 1406 3877 tanquam
1447 3804 1760 3861 Dominum.
1806 3806 1984 3862 Semel

401 3904 552 3960 enim
590 3910 844 3956 mortuus
887 3907 991 3965 est,
1017 3914 1119 3954 nec
1156 3898 1392 3969 amplius
1426 3898 1664 3953 moritur
1697 3916 1709 3952 :
1740 3914 1892 3953 mors
1933 3901 1986 3955 ei

403 4003 514 4049 non
551 3991 788 4063 amplius
833 3989 1152 4046 dominatur
1183 3989 1248 4055 ι’,
1283 4007 1302 4041 ι
1356 3989 1512 4060 juxta
1563 4003 1757 4043 vocem
1808 3989 1984 4045 Pauli.

403 4088 640 4157 Ideoque
665 4093 722 4141 et
747 4085 893 4140 idem
917 4083 1048 4139 alibi
1080 4084 1156 4138 ait
1183 4099 1197 4136 :
1234 4101 1253 4135 ι
1281 4082 1350 4138 Ει
1376 4083 1423 4138 si
1447 4083 1808 4155 cognovimus
1831 4081 1988 4139 Chri-

402 4190 550 4234 stum
601 4175 908 4233 secundum
951 4189 1197 4238 carnem,
1243 4173 1340 4228 sed
1392 4189 1542 4230 nunc
1591 4190 1705 4229 non
1752 4175 1988 4245 amplius

402 4269 787 4340 cognoscimus
809 4266 874 4320 ”.
923 4286 940 4316 ι
977 4265 1135 4320 Tunc
1163 4265 1312 4318 enim
1335 4279 1450 4320 non
1481 4281 1549 4320 ex
1580 4267 1670 4331 iis,
1694 4283 1762 4320 ex
1787 4267 1988 4336 quibus

401 4370 485 4416 est
517 4361 664 4414 Deus
695 4372 878 4419 verus,
909 4356 1224 4411 evidentius
1259 4370 1676 4426 cognoscemus,
1711 4372 1835 4412 cum
1874 4357 1986 4428 jam

2077 3253 2332 3328 Χριστοῦ.
2363 3255 2455 3315 Εἰς
2475 3253 2529 3305 δὲ
2551 3251 2647 3321 τὴν
2672 3250 2884 3321 ἡμέραν
2907 3251 3343 3321 καταντήσαντες
3372 3252 3470 3321 τῆς
3499 3253 3663 3306 δυνά-

2081 3363 2225 3416 μεως
2258 3343 2444 3407 αὑτοῦ,
2474 3341 2654 3405 καθὼς
2679 3342 3009 3412 γέγραπται,
3038 3343 3132 3396 καὶ
3161 3343 3240 3414 είς
3273 3343 3372 3408 τὴν
3413 3343 3660 3413 λαμπρόο

2077 3453 2216 3508 τητα
2242 3436 2352 3488 τῶν
2371 3435 2540 3504 ἁγίων
2574 3433 2993 3503 ἀναϐεϐηκότες,
3023 3431 3144 3485 καθ’
3172 3432 3358 3503 ἕτερόν
3379 3450 3499 3486 τινα
3531 3433 3662 3502 τρό⁶

2078 3545 2180 3583 πον
2201 3525 2648 3596 ἁγιασθησόμεθα
2705 3524 2885 3590 πάλιν,
2917 3524 3009 3576 καὶ
3054 3523 3129 3586 ὼς
3161 3519 3298 3576 οἶδεν
3330 3525 3359 3576 6
3399 3523 3511 3576 τῶν
3543 3525 3667 3575 too-

2083 3619 2258 3690 μένων
2287 3618 2505 3687 ἀγαθῶν
2534 3617 2822 3686 διανομεὺς
2871 3616 2966 3668 καὶ
2993 3615 3177 3685 δοτήρ.
3215 3614 3424 3677 ’Ἄλλως
3455 3633 3513 3667 τε
3568 3618 3667 3668 καὶ

2077 3708 2366 3779 ὁμολογίαν
2391 3709 2501 3779 ἔχει
2523 3707 2612 3760 τοῦ
2637 3707 2859 3770 πάθους,
2895 3705 2989 3759 καὶ
3009 3705 3101 3758 τοῦ
3132 3705 3198 3759 δι’
3225 3707 3372 3776 ἡμᾶς
3395 3707 3670 3776 οἰκονομι-

2081 3800 2192 3864 κῶς
2223 3798 2672 3870 παραδειχθὲντος
2705 3797 2936 3852 θανάτου
2959 3797 3051 3850 τοῦ
3083 3795 3341 3868 Χριστοῦ,
3377 3797 3479 3866 τῆς
3503 3795 3670 3863 ἁγίας

2080 3891 2245 3948 αὐτοῦ
2277 3892 2476 3962 σαρκὸς
2492 3891 2524 3960 ή
2546 3888 2843 3960 μετάληψις
2862 3929 2876 3954 ,
2897 3888 3035 3958 καὶὴ
3057 3889 3216 3950 πόσις
3235 3887 3479 3958 ὁμοίωςή
3495 3888 3557 3938 ὲκ
3569 3885 3670 3939 τοῦ

2085 3982 2352 4054 σωτηρίου
2370 3981 2620 4051 αἵματος.
2640 3978 2795 4034 Οὕτω
2815 3977 2923 4049 γὰρ
2943 3979 3106 4043 αὑτός
3123 3979 3226 4032 πού
3247 3995 3433 4048 φησιν,
3449 3980 3537 4032 ὅτε
3553 3967 3672 4040 τοῖς

2092 4075 2285 4130 ἑαυτοῦ
2301 4073 2599 4143 γνωρίμοις
2615 4071 2739 4134 τοὺς
2749 4070 2843 4123 ἐπὶ
2857 4068 2934 4139 τῷ
2953 4068 3237 4140 μυστηρίῳ
3257 4069 3457 4138 νόμους
3470 4067 3663 4122 ὲτίθειο

2095 4188 2113 4220 ι
2148 4169 2369 4230 Ὁσάκις
2394 4165 2503 4234 γὰρ
2527 4163 2592 4217 ἂν
2618 4161 2834 4232 ἐσθίητε
2859 4162 2950 4214 τὸν
2971 4161 3136 4232 ἄρτον
3160 4161 3368 4224 τοῦτον,
3389 4162 3578 4231 πίνητε
3609 4162 3670 4215 δὲ

2088 4254 2150 4307 τὸ
2170 4255 2423 4325 ποτήριον
2447 4252 2625 4316 τοῦτο,
2648 4250 2740 4303 τὸν
2765 4250 2896 4321 ἐμὸν
2922 4251 3150 4304 θάνατον
3186 4251 3604 4319 καταγγέλλετε.
3647 4275 3664 4302 ι

2090 4341 2300 4396 Οὐκοῦν
2318 4341 2409 4393 ἐπὶ
2431 4340 2531 4410 μὲν
2557 4337 2650 4392 τοῦ
2669 4339 2936 4410 παρόντος
2958 4338 3172 4404 αἰῶνος,
3197 4339 3283 4391 διὰ
3311 4340 3408 4411 μὲν
3441 4339 3541 4408 τῆς
3569 4357 3670 4408 μευ

402 4451 617 4520 expleta
646 4455 1134 4517 consummataque
1165 4446 1334 4501 fuerit
1366 4447 1540 4517 ipsius
1571 4448 1896 4512 incarnatio,
1933 4449 1987 4504 in

2092 4434 2256 4504 τοχῆς
2273 4431 2379 4486 τῶν
2397 4429 2599 4502 ἀρτίως
2628 4429 3051 4500 ὠνομασμένων,
3065 4428 3399 4497 καταγγελοῢ
3409 4445 3507 4498 μεν
3520 4427 3677 4480 είκό-

401 4557 509 4612 qua
530 4549 585 4596 et
609 4541 725 4612 ipse
749 4539 925 4594 factus
947 4547 1032 4595 est
1053 4553 1200 4593 caro.
1223 4537 1530 4595 Cessabunt
1552 4540 1722 4606 enim,
1749 4549 1811 4594 ut
1831 4555 1987 4595 vero-

401 4633 602 4696 simile,
643 4644 926 4686 sermones
963 4630 1030 4685 de
1061 4630 1236 4700 ipsius
1268 4629 1669 4695 incarnatione,
1701 4631 1986 4702 majorque

401 4723 641 4796 cognitio
674 4721 920 4792 incipiet,
953 4729 1009 4776 et
1040 4721 1225 4776 divina
1254 4719 1311 4774 in
1340 4720 1501 4775 nobis
1532 4721 1739 4775 lucebit
1778 4721 1984 4776 intelli-

400 4816 582 4887 gentia
602 4814 781 4884 ipsius
803 4811 1016 4876 salutis,
1044 4826 1164 4880 quae
1185 4819 1270 4864 est
1295 4811 1348 4864 in
1377 4811 1548 4881 gloria
1573 4811 1776 4865 divina.
1811 4811 1984 4866 Porro

396 4907 552 4976 jubet
573 4921 669 4960 eos
688 4903 854 4959 edere
866 4902 1026 4972 272
1052 4915 1244 4955 carnes
1268 4900 1391 4971 agni
1411 4916 1559 4955 assas
1580 4901 1725 4971 igne,
1749 4918 1814 4957 eo
1835 4902 1980 4972 quod

402 5003 650 5066 oporteat
673 5010 770 5051 eos
800 5009 920 5050 esse
951 4992 1320 5047 inflammatos
1351 4992 1545 5061 spiritu
1573 4993 1667 5062 qui
1693 4995 1885 5048 volunt
1915 4995 1983 5050 ad

402 5084 843 5139 communionem
876 5081 1083 5138 Christi
1109 5080 1393 5136 accedere.
1421 5080 1549 5134 ideo
1587 5091 1639 5135 et
1676 5082 1877 5136 Paulus
1899 5085 1985 5154 ju-

405 5177 496 5230 bet
532 5189 630 5230 eos
675 5193 693 5226 ι
732 5173 930 5245 spiritu
975 5173 1190 5227 fervere
1224 5171 1286 5226 ιδ.
1322 5191 1340 5222 ι
1389 5171 1493 5225 Sed
1543 5189 1715 5242 panes
1767 5191 1986 5244 quoque

405 5267 820 5321 infcrmentatos
862 5279 990 5320 cum
1037 5264 1345 5333 agrestibus
1394 5263 1622 5318 lactucis
1673 5267 1984 5331 comedunt,

403 5356 498 5419 ait,
540 5356 769 5427 ﬁgurate
821 5353 1158 5426 signiﬁcans,
1196 5354 1342 5424 quod
1378 5353 1455 5407 illi
1485 5355 1576 5424 qui
1608 5354 1813 5410 Christi
1858 5374 1986 5426 par-

405 5447 600 5519 tieipes
647 5458 776 5503 sunt
818 5448 1023 5513 eﬂ'ecti,
1055 5446 1296 5501 debeant
1342 5461 1551 5503 animas
1592 5461 1720 5503 suas
1763 5464 1987 5520 pascere

476 5649 657 5721 "__Joel.
689 5667 744 5712 ιι,
785 5651 835 5703 9.
936 5649 1140 5721 ’ΒΟ-ιιι.
1166 5666 1277 5713 χιιι,
1313 5649 1416 5721 19,
1485 5651 1505 5682 ⁸
1535 5652 1677 5709 Psal,
1713 5669 1816 5721 cxx,
1857 5653 1909 5705 5,

409 5718 452 5750 “
483 5717 528 5772 ιι
557 5717 767 5799 Οοιγν,
809 5721 889 5774 16.
1051 5719 1323 5783 Rerum,
1365 5719 1451 5773 il.

1992 5653 2030 5683 1°
2075 5651 2238 5704 lCor.
2282 5665 2365 5713 ιι,
2407 5649 2494 5704 26.
2577 5651 2612 5681 ¹¹
2642 5651 2660 5704 l
2691 5650 2818 5705 Cor.
2869 5665 2981 5707 xm.
3026 5648 3104 5702 12.

2089 4540 2197 4587 τως
2225 4523 2315 4577 τὸν
2342 4521 2567 4576 θάνατον
2583 4518 2748 4573 αὐτοῦ
2764 4521 2916 4573 ’ὅταν
2943 4520 3000 4573 δὲ
3026 4519 3212 4573 λοιπὸν
3233 4522 3304 4573 tu
3316 4522 3380 4590 τῇ
3407 4520 3536 4591 δόξῃ
3560 4535 3673 4572 πα.

2093 4614 2295 4687 ραγένῃ
2311 4613 2406 4666 τοῦ
2422 4611 2656 4684 Πατρὸς,
2677 4613 2778 4665 οὐκ
2797 4612 3068 4682 εὐκαίρως
3086 4611 3163 4664 ἔτι
3183 4611 3282 4681 τὴν
3301 4611 3394 4663 ἐπὶ
3408 4610 3486 4680 τῷ
3503 4610 3675 4664 πάθει

2091 4707 2455 4780 προσοίσομεν
2475 4705 2766 4776 ὁμολογίαν
2793 4703 2962 4774 αὐτῷ,
2987 4689 3100 4756 ἁλλ’
3126 4703 3542 4774 ὲπιγνωσόμεθα
3568 4705 3678 4772 μὲν

2092 4799 2346 4870 καθαρῶς
2357 4799 2432 4863 ὡς
2444 4799 2576 4852 Θεὸν
2593 4815 2611 4849 ι
2634 4796 2923 4868 πρόσωπον
2934 4796 3069 4867 πρὸς
3081 4797 3390 4866 πρόσωπον,
3405 4815 3423 4848 ι
3439 4796 3676 4859 ὠςΠαῦ-

2089 4893 2181 4957 λός
2206 4908 2337 4963 φησι
2355 4905 2368 4923 ⁸
2399 4911 2416 4943 ι
2441 4888 2875 4959 Δοξολογήσομεν
2893 4889 3020 4960 γὰρ,
3055 4888 3239 4958 φησὶν,
3267 4889 3340 4952 ὡς
3367 4888 3673 4958 Δεσπότην,

2095 4983 2357 5052 Ἀπαξγὰ
2365 5001 2392 5054 ρ
2410 4981 2694 5036 ἀποθανὼν
2705 4982 2887 5035 οὐκέτι
2896 4981 3248 5050 ἀποθνήσκει,
3261 4981 3489 5043 θάνατος
3501 4981 3674 5035 αὑτοῦ

2094 5077 2279 5131 οὐκέτι
2313 5075 2579 5145 κυριεύει,
2606 5091 2624 5122 ι
2665 5073 2804 5126 κατὰ
2834 5073 2933 5142 τὴν
2957 5072 3048 5126 τοῦ
3095 5074 3308 5127 Παύλου
3349 5074 3551 5144 φωνήν.
3578 5073 3676 5125 Διὸ

2085 5169 2147 5239 δὴ
2177 5168 2270 5221 καὶ
2296 5167 2564 5236 ἔφασκεν·
2601 5185 2618 5215 ι
2645 5163 2705 5217 Et
2732 5166 2826 5216 καὶ
2855 5166 3100 5233 ἔγνωμεν
3143 5165 3282 5217 κατὰ
3311 5166 3488 5234 σάρκα
3534 5165 3677 5234 Χρι-

2086 5261 2229 5326 στὸν,
2283 5259 2419 5312 ἀλλὰ
2454 5257 2549 5312 νῦν
2596 5257 2778 5310 οὐκέτι
2826 5257 3235 5326 γινώσκομεν.-ι
3267 5257 3398 5309 Τότε
3432 5257 3542 5328 γάρ
3568 5258 3676 5310 ούκ

2084 5354 2176 5420 ἀφ’
2203 5345 2278 5404 ὧν
2312 5350 2457 5401 ἐστιν
2489 5347 2792 5419 ἅνθρωπος,
2839 5346 2952 5399 ἁλλ’
2982 5347 3041 5410 ἐξ
3088 5341 3162 5400 ὧν
3200 5349 3315 5399 ἐστι
3364 5347 3496 5410 Θεδς
3540 5345 3676 5418 άληιί

2087 5442 2642 5512 θινὸς,λαμπρότερον
2666 5440 3104 5510 ὲπιγνωσόμεθα,
3127 5439 3676 5512 συμπεπερασμὲνης

3222 5652 3262 5683 ι’
3295 5648 3454 5705 Rom.
3486 5665 3563 5715 γι,
3610 5651 3672 5718 9.
