4066 6282
531 297 622 352 ιῦἰ

1529 293 1583 350 S.
1625 293 1902 352 CYBILLI
1940 293 2413 349 ALEXANDMNI
2452 295 2770 354 ARCHIEP.

3689 305 3800 361 ιω

521 423 690 484 atque
721 409 1167 482 intempestivum
1197 417 1433 480 tempus,
1475 410 1532 466 in
1567 421 1909 467 senectutem
1941 409 2105 464 nimi-

2212 410 2302 463 τὸν
2317 411 2570 484 Ἰωάννην
2600 415 2772 467 εἰπεῖν
2794 431 2806 445 ·
2837 434 2854 466 ι
2880 414 2938 468 '0
2953 413 3048 480 ὢν,
3071 415 3098 468 ό
3121 409 3210 484 ἦν,
3231 415 3259 468 ό
3285 414 3598 487 ἐρχόμενος.
3625 439 3644 471 ι
3665 415 3800 476 Εἶτα

524 518 668 558 rum.
700 504 896 572 Ingens
922 499 1069 553 enim
1094 498 1356 553 damnum
1385 499 1513 555 hinc
1533 500 1837 571 etquidem
1863 499 2111 570 inopina-

525 606 581 651 to
603 593 824 648 accidit.
863 590 983 645 Etsi
1011 591 1161 644 enim
1193 591 1321 660 quis
1341 591 1563 647 consilii
1601 592 1685 646 sui
1725 606 1950 661 compos
1994 589 2108 654 ﬁat,

498 696 706 764 ’tamen
728 698 840 737 non
863 690 948 737 est
971 681 1127 736 ﬁrma
1151 697 1294 752 spes.
1319 681 1456 738 Cum
1481 695 1612 736 vero
1635 696 1836 752 scopus
1858 681 1927 735 ad
1947 679 2110 734 ﬁnem

521 775 690 831 fuerit
711 773 1032 844 perductus,
1059 772 1435 828 sanctiﬁcatur
1456 772 1714 844 quidem;
1741 781 2003 828 ueterum
2025 785 2114 825 so-

520 869 630 924 lam
657 873 1010 938 peccatorum
1038 865 1420 921 remissionem
1445 856 1824 936 consequitur,
1851 870 1907 918 et
1936 862 2111 933 patri-

521 961 758 1016 familias
783 960 1049 1015 talentum
1089 959 1272 1015 reddit
1308 957 1725 1030 infrugiferum,
1771 956 1909 1012 nihil
1953 956 2113 1026 plane

519 1052 572 1106 ei
601 1050 1039 1120 superlucratus.
1073 1067 1092 1100 ι
1125 1048 1233 1104 Sed
1257 1056 1315 1104 et
1337 1063 1400 1104 os
1437 1064 1505 1103 ex
1544 1050 1665 1119 ipso
1703 1062 1815 1102 non
1861 1055 2116 1102 contere-

523 1145 593 1200 tis
623 1145 690 1197 υ.
723 1163 742 1196 ι
773 1142 909 1200 Ossa
941 1142 1204 1198 dentibus
1229 1142 1436 1196 nostris
1465 1140 1661 1196 conﬁci
1706 1155 1819 1195 non
1861 1147 2109 1209 possunt.

523 1233 655 1288 Tale
679 1240 863 1288 autem
887 1240 973 1286 est
993 1231 1254 1286 humanis
1266 1230 1546 1285 mentibus
1567 1229 1861 1286 candidum
1885 1230 2040 1294 illud,
2056 1237 2116 1285 ut

521 1326 598 1380 ita
626 1325 826 1390 dicam,
865 1332 921 1379 et
953 1322 1339 1378 absconditum
1385 1322 1609 1378 deitatis
1643 1322 1817 1393 ipsius
1845 1322 2110 1377 Verbum.

519 1417 678 1483 Quod
704 1416 854 1472 enim
879 1413 1046 1469 étiam
1093 1413 1268 1469 Filius
1303 1422 1498 1484 suapte
1542 1421 1740 1470 natura
1767 1413 1840 1469 sit
1864 1415 2031 1478 Deus,
2059 1423 2116 1469 et

518 1507 666 1578 quod
709 1507 855 1562 idem
895 1507 1116 1578 genitus
1147 1506 1221 1561 sit
1262 1521 1330 1561 ex
1358 1507 1471 1560 Deo
1493 1521 1557 1561 ac
1581 1507 1761 1571 Patre,
1808 1511 1958 1561 recte
1985 1521 2114 1560 sen-

520 1599 721 1654 tientes
741 1597 1042 1662 credimus,
1068 1611 1249 1666 neque
1273 1597 1417 1650 ultra
1449 1595 1767 1664 quaerimus,
1788 1597 1943 1665 juxta
1966 1595 2115 1650 illius

516 1690 694 1746 sancti
728 1691 1081 1745 sententiam.
1126 1687 1260 1753 Quis
1284 1688 1432 1741 enim
1463 1687 1688 1741 modum
1735 1687 1910 1757 ipsius
1951 1702 2114 1759 gene-

2212 503 2378 557 πάλιν
2403 505 2433 557 ὁ
2461 504 2758 576 νομοθέτης
2783 506 3080 570 ἐπιτάττει,
3101 507 3278 576 λέγων
3297 524 3312 540 ·
3337 507 3452 564 Οὐκ
3480 511 3806 583 ἀπολείψετιι

2211 591 2307 645 ἀπ’
2348 593 2531 648 αὐτῶν
2564 595 2670 658 ἕως
2718 595 2881 667 πρωῒ,
2911 597 3346 667 αἰνιγματωδῶς,
3398 608 3473 662 ὡς
3511 602 3684 668 ἔοικε,
3712 603 3810 658 διὰ

2209 682 2417 736 τούτων
2450 684 2784 738 ἀποκωλύων
2817 685 2917 748 τάς
2959 686 3053 739 ἐπί
3085 678 3150 754 γέ
3183 686 3244 740 τὸ
3287 685 3575 758 βούλεσθαι
3609 689 3806 762 νοῆσαι

2210 773 2432 838 τελείως
2459 776 2559 829 οὐκ
2573 776 2787 846 ἀγαθὰς
2808 776 3150 849 ὑπερθέσεις.
3191 777 3284 849 Μὴ
3311 779 3422 851 γάρ
3461 779 3801 852 πεπέμφθω,

2213 865 2397 935 φησιν,
2431 867 2512 930 εἰς
2531 867 2804 939 ἀναϐολὴν
2830 870 2865 940 ἡ
2900 869 3082 922 τελεία
3104 887 3164 923 τε
3191 871 3286 923 καὶ
3318 870 3524 944 ἀληθὴς
3555 873 3683 944 περὶ
3705 875 3807 927 αύ-

2209 955 2306 1010 τοῦ
2345 956 2565 1024 γνῶσις,
2619 959 2756 1030 μηδὲ
2803 959 3223 1029 φυλαττέτωσάν
3271 979 3415 1026 τινες
3465 964 3674 1028 ἑαυτοῖς
3722 967 3806 1030 εἰς

2215 1048 2547 1120 ὑπέρκαιρον
2576 1049 2736 1121 χάριν
2763 1050 2826 1104 τὸ
2863 1053 3154 1122 μετασχεῖν
3188 1052 3407 1117 τελείως
3441 1052 3638 1118 αὑτοῦ,
3676 1072 3809 1126 μετ-

2213 1137 2502 1209 εσκηκότες
2543 1138 2693 1205 ἅπαξ
2731 1141 2827 1196 καὶ
2867 1121 3009 1206 ῦλως
3042 1121 3359 1214 Πάψόμενοι.
3409 1142 3579 1197 Τοῦτο
3621 1121 3822 1216 pinnat}.

2214 1228 2459 1284 ποιοῦσιν
2489 1231 2538 1284 οἰ
2575 1231 2664 1285 διά
2694 1232 2796 1303 μὲν
2831 1233 2930 1302 τῆς
2959 1235 3317 1305 κατηχήσεως
3358 1233 3466 1287 τῶν
3496 1235 3624 1306 περὶ
3667 1231 3802 1308 Χρί-

2215 1320 2341 1374 στοῦ
2372 1321 2658 1391 δογμάτων
2697 1323 3154 1395 ἀπογευσάμενοι,
3199 1323 3561 1394 φυλάττοντες
3607 1326 3665 1379 δὲ
3709 1328 3789 1380 et:

2211 1413 2301 1466 διά
2325 1412 2419 1467 τοῦ
2455 1413 2773 1486 Πνεύματος
2825 1416 3126 1487 φωτισμὸν,
3158 1416 3254 1470 καὶ
3293 1416 3391 1490 τὴν
3435 1417 3524 1470 διὰ
3557 1417 3650 1472 τοῦ
3702 1417 3806 1489 βα-

2215 1505 2519 1576 πτίσματος
2555 1507 2738 1578 χάριν,
2783 1508 2864 1571 είς
2908 1507 3128 1579 μακρὰν
3166 1508 3262 1562 καὶ
3289 1508 3576 1581 ύπέρωρον
3597 1511 3802 1564 ἀναϐο-

2216 1594 2333 1666 λὴν,
2360 1595 2458 1667 τὴν
2488 1598 2581 1651 ἐπὶ
2620 1598 2789 1670 γήρᾳ,
2827 1598 2980 1668 φησί.
3014 1599 3155 1652 Πολὺ
3186 1599 3295 1670 γάρ
3321 1599 3384 1671 δή
3410 1617 3472 1652 τε
3505 1601 3566 1654 τὸ
3594 1599 3800 1671 βλάϐος

2217 1688 2466 1741 ἐντεῦθεν
2508 1688 2602 1742 καὶ
2629 1689 2907 1760 ἀδοκήτως
2937 1689 3246 1758 συμϐαίνει.
3277 1691 3533 1746 Μάλιστα
3565 1692 3666 1762 μὲν
3692 1693 3806 1764 γὰρ

519 1780 750 1835 rationis
775 1779 962 1834 verbis
989 1777 1268 1848 explicare
1290 1777 1508 1832 valeat?
1530 1785 1626 1831 aut
1664 1792 1775 1849 quo
1805 1788 1964 1848 pacto
1999 1793 2109 1833 non

2215 1779 2264 1830 εἰ
2311 1779 2407 1832 καὶ
2451 1779 2563 1833 τῶν
2603 1781 2819 1834 οἰκείων
2867 1781 3209 1849 ὲπιτεύξεται
3257 1781 3660 1853 βουλευμάτων,
3701 1786 3806 1838 οὐκ

519 1886 686 1925 verax
712 1871 784 1924 sit
815 1870 1086 1940 propheta
1106 1868 1421 1923 exclamans
1449 1885 1462 1920 :
1495 1887 1513 1918 ι
1543 1867 1964 1923 Generationem
1990 1870 2111 1940 ejus

521 1961 651 2032 quis
677 1961 993 2016 enarrahit?
1013 1959 1250 2015 Tollitur
1271 1958 1417 2013 enim
1441 1974 1473 2013 a
1491 1965 1638 2013 terra
1663 1958 1776 2013 vita
1800 1958 1973 2028 ipsius
1993 1961 2058 2013 ".
2084 1978 2101 2011 ι

520 2053 656 2109 Ossa
691 2052 860 2123 igitur
887 2051 992 2106 hoc
1022 2050 1144 2106 loco
1165 2056 1326 2105 vocat
1347 2048 1682 2104 soliditatem
1706 2047 1970 2104 doctrinae
1999 2063 2111 2104 cm-

521 2144 698 2208 lcstis,
715 2158 838 2214 quae
863 2151 1103 2198 mentem
1123 2150 1369 2197 nostram
1391 2142 1628 2196 excedit.
1656 2141 1808 2197 Hanc
1830 2142 2110 2213 legislator

521 2249 631 2290 non
653 2236 788 2290 sinit
822 2249 923 2288 nos
947 2233 1318 2304 confringere,
1362 2248 1679 2304 quanquam
1722 2233 1988 2299 haeretici,
2015 2233 2109 2304 qui

521 2333 670 2380 recta
696 2323 1021 2392 depravant,
1040 2331 1309 2391 quantum
1334 2321 1390 2374 in
1415 2321 1551 2391 ipsis
1573 2329 1678 2385 est,
1704 2321 1845 2376 hanc
1868 2322 2112 2377 confrin-

521 2423 670 2485 gant,
703 2429 830 2472 cum
853 2412 1054 2467 divinae
1073 2419 1130 2466 et
1153 2411 1449 2466 inetiabilis
1489 2411 1863 2482 generationis
1887 2413 2108 2467 modum

522 2506 740 2561 curiose
780 2512 1122 2568 scrutantur,
1153 2502 1354 2573 insigni
1380 2503 1619 2558 amentia
1646 2504 1812 2572 capti,
1837 2519 1942 2558 nec
1975 2504 2110 2558 illud

521 2596 670 2668 quod
709 2594 976 2666 scriptum
1003 2604 1088 2650 est
1109 2593 1616 2649 animadvertentes
1643 2613 1656 2648 :
1690 2615 1707 2646 ι
1739 2594 1876 2661 Quis
1899 2595 2112 2650 dimen-

520 2702 616 2742 sus
637 2696 720 2742 est
749 2686 946 2741 malum
973 2685 1156 2754 palmo
1179 2684 1264 2738 "‘2
1291 2703 1309 2735 ι
1338 2683 1495 2750 Quod
1519 2699 1648 2739 sane
1682 2700 1784 2739 nos
1807 2685 2004 2740 merito
2025 2686 2108 2741 vi-

524 2785 722 2842 tamus,
748 2775 1050 2846 prudenter
1076 2774 1297 2829 reveriti
1317 2773 1482 2846 274
1502 2775 1627 2845 agni
1653 2789 1776 2829 ossa
1800 2783 2110 2842 conterere,

521 2869 618 2924 sed
642 2867 828 2937 potius
852 2867 926 2921 ita
964 2865 1170 2930 allecti,
1198 2875 1258 2920 ut
1280 2881 1401 2936 quae
1424 2881 1590 2936 supra
1613 2881 1714 2921 nos
1737 2874 1867 2921 sunt
1891 2867 1996 2922 ﬁde
2017 2883 2110 2923 ca-

523 2975 826 3030 pessamus.
855 2959 1168 3014 Meminisse
1189 2973 1324 3014 vero
1346 2965 1585 3028 Oportet,
1615 2957 1761 3028 quod
1803 2967 1859 3013 et
1895 2959 2112 3028 planius

515 3053 628 3112 hoc
672 3053 850 3122 ipsum
895 3049 964 3107 de
1013 3051 1295 3106 Salvatore
1338 3061 1530 3107 nostro
1577 3051 1906 3122 recipiatur,
1951 3052 2108 3122 cujus

519 3161 682 3200 crura
707 3159 818 3199 non
842 3143 1232 3214 confregerunt
1257 3143 1415 3198 Pilati
1434 3143 1656 3209 milites,
1677 3144 1820 3199 sicut
1841 3144 2107 3214 scriptum

519 3249 625 3295 est.
653 3238 786 3305 Quae
809 3246 990 3292 autem
1019 3237 1228 3306 reliqua
1252 3237 1459 3291 fuerint
1478 3254 1545 3292 ex
1568 3253 1709 3308 agno
1730 3253 1904 3307 usque
1925 3254 2104 3304 mane,

521 3330 647 3400 igne
674 3327 1049 3384 comburenda
1088 3343 1208 3383 esse
1245 3328 1397 3383 dicit.
1439 3329 1540 3384 llic
1576 3329 1779 3384 iterum
1815 3346 1974 3385 mane
2009 3346 2108 3400 ap-

521 3421 691 3492 pellat
732 3420 880 3474 illam
914 3419 1393 3484 illuminationem,
1424 3435 1547 3490 qua:
1591 3421 1648 3474 in
1693 3420 1868 3476 altero
1910 3421 2110 3476 saeculo

522 3511 710 3566 futura
735 3517 840 3574 est,
869 3508 1090 3579 quando
1114 3510 1253 3564 facie
1289 3511 1359 3566 ad
1403 3509 1599 3565 faciem
1626 3519 1878 3565 nostrum
1923 3527 2109 3582 regem

523 3617 588 3656 ac
634 3602 810 3656 Deum
855 3614 1046 3655 sumus
1089 3599 1469 3668 conspecturi,
1515 3615 1628 3655 non
1686 3601 1923 3670 amplius
1969 3602 2112 3657 sicut

521 3709 688 3760 nunc,
717 3694 773 3748 in
795 3693 1102 3764 aenigmate,
1131 3699 1189 3747 ct
1212 3693 1267 3747 in
1295 3693 1520 3763 speculo
1541 3702 1704 3764 atque
1728 3679 1947 3759 umbra,
1965 3703 2021 3748 et
2043 3710 2111 3749 ex

522 3796 699 3858 parte,
740 3793 801 3840 ut
840 3785 1042 3842 Paulus
1067 3784 1145 3839 ait
1181 3783 1246 3838 “.
1273 3783 1412 3851 Quia
1438 3784 1606 3856 igitur
1644 3785 2014 3840 consideratio
2041 3786 2110 3841 de

522 3882 644 3950 ipso
669 3894 792 3949 qua:
817 3877 909 3932 hic
929 3886 1014 3933 est
1043 3887 1303 3948 tanquam
1345 3877 1403 3931 in
1445 3877 1755 3947 aenigmate,
1804 3887 1934 3933 tunc
1969 3893 2108 3948 quo-

523 3970 814 4027 dammodo
840 3987 940 4041 per
966 3968 1325 4026 illustriorem
1372 3969 1746 4040 cognitionem
1791 3979 1878 4024 est
1923 3969 2110 4024 decla-

525 4064 715 4127 randa,
744 4063 870 4118 ideo
895 4063 1045 4117 velut
1068 4062 1124 4116 in
1153 4069 1281 4134 typo
1307 4062 1509 4116 iterum
1535 4061 1690 4126 dicit,
1729 4076 1853 4130 quae
1898 4060 2112 4130 reliqua

522 4153 732 4209 fuerint
751 4169 820 4208 ex
843 4167 982 4221 agno
1009 4167 1184 4220 usque
1208 4167 1390 4214 mane,
1420 4151 1543 4221 igne
1566 4149 1942 4205 comburenda
1965 4165 2108 4205 esse.

526 4243 851 4314 Huiusmodi
873 4257 1006 4296 vero
1028 4241 1219 4295 habitu
1243 4241 1395 4295 indui
1420 4242 1578 4311 jubet
1600 4241 1858 4296 convivas
1881 4257 1894 4294 :
1921 4241 2113 4296 «Lum-

525 4334 604 4397 bi,
636 4333 840 4402 inquit,
867 4332 1036 4386 vestri
1063 4331 1175 4385 sint
1214 4331 1518 4400 praecincti,
1562 4339 1618 4385 et
1657 4332 2028 4387 calceamenta
2054 4333 2111 4387 in

2209 1869 2460 1942 ἀσφαλὴς
2491 1871 2524 1938 ὴ
2569 1871 2743 1936 ἐλπίς.
2785 1871 3176 1944 Ἐκϐεϐηκότος
3223 1873 3280 1928 δὲ
3316 1875 3475 1929 πάλιν
3525 1877 3604 1940 είς
3647 1877 3808 1937 τέλος

2210 1961 2360 2033 αὐτῷ
2388 1961 2482 2015 τοῦ
2506 1963 2734 2028 σκοποῦ,
2761 1963 3045 2032 ἁγιάζεται
3060 1965 3177 2036 μὲν,
3202 1965 3340 2038 πλὴν
3366 1967 3533 2036 μόνην
3554 1967 3665 2040 ἔχει
3691 1967 3807 2022 τῶν

2211 2052 2700 2124 πλημμελημάτων
2730 2053 2829 2126 τὴν
2863 2054 3078 2124 ἄφεσιν,
3114 2056 3209 2110 καὶ
3254 2055 3315 2109 τὸ
3351 2057 3612 2112 τάλαντον
3657 2059 3808 2114 ἀπο-

2211 2144 2426 2215 κομίζει
2465 2145 2547 2216 τῷ
2584 2146 2772 2218 οἰκείῳ
2809 2147 3045 2222 δεσπότῃ
3081 2147 3265 2221 ξηρὸν,
3299 2150 3452 2205 οὐδὲν
3485 2152 3806 2224 ἐπεργάσα·

2217 2234 2346 2288 σθαι
2383 2234 2654 2305 σχολάσας
2691 2237 2858 2309 αὐτῷ.
2894 2257 2912 2290 ι
2948 2239 3107 2293 Ἀλλά
3145 2241 3240 2294 καὶ
3263 2242 3455 2296 ὀστοῦν
3490 2244 3551 2296 οὺ
3581 2245 3806 2315 συντρί-

2209 2324 2368 2396 ψεται
2392 2327 2488 2379 ἀπ’
2518 2327 2706 2392 αὑτοῦ,
2734 2348 2753 2381 ι
2787 2329 2972 2400 φησίν.
3002 2329 3260 2402 ’Δϐρωτα
3298 2331 3406 2402 γὰρ
3449 2337 3562 2397 τοῖς
3602 2335 3807 2405 ἡμετέ-

2215 2433 2329 2486 ροις
2361 2417 2572 2470 ὀδοῦσιν
2602 2420 2688 2473 ἀεὶ
2728 2420 2798 2474 τά
2843 2421 2996 2475 ὀστᾶ.
3039 2422 3294 2488 Τοιοῦτος
3318 2423 3372 2476 δέ
3408 2423 3490 2488 τίς
3519 2427 3636 2478 ὲστι
3677 2429 3802 2488 ταῖς

2211 2509 2578 2580 ἀνθρωπίναις
2605 2511 2864 2576 διανοίαις
2900 2513 2992 2566 καὶ
3034 2515 3062 2566 ὁ
3100 2513 3310 2580 λευκὸς,
3344 2515 3409 2569 ἵν’
3433 2515 3608 2578 οὕτως
3637 2516 3806 2584 εἴπω,

2211 2602 2306 2654 καὶ
2331 2603 2714 2674 κεκρυμμένος
2741 2604 2839 2674 τῆς
2875 2602 3128 2675 θεότητος
3145 2605 3311 2661 αὑτοῦ
3334 2607 3527 2677 Λόγος.
3553 2609 3676 2664 Ὅτι
3703 2609 3807 2679 μὲν

2215 2693 2324 2764 γὰρ
2361 2694 2504 2748 κατά
2554 2694 2716 2762 φύσιν
2759 2695 2907 2748 ἐστὶν
2952 2697 2981 2748 ὁ
3029 2695 3178 2762 Υἱὸς,
3218 2699 3311 2751 καὶ
3349 2699 3808 2780 ὅτιηγεγέννηται

2211 2783 2364 2854 παρά
2393 2783 2488 2837 τοῦ
2526 2782 2661 2838 Θεοῦ
2696 2786 2788 2838 καὶ
2812 2786 3048 2858 Πατρὸς,
3078 2787 3255 2860 ὀρθῶς
3281 2789 3344 2860 δὴ
3377 2790 3583 2861 σφόδρα
3620 2793 3806 2846 νοοῦν-

2211 2891 2300 2938 τες
2332 2874 2681 2946 πιστεύομεν,
2719 2875 2988 2948 ζητοῦμεν
3029 2878 3086 2932 δὲ
3120 2880 3330 2949 οὐκέτι,
3389 2882 3531 2936 κατά
3560 2883 3660 2954 τὴν
3707 2883 3805 2938 τοῦ

2211 2967 2367 3034 ἁγίου
2401 2969 2607 3038 φωνήν.
2635 2969 2732 3032 Τίς
2764 2969 2872 3040 γὰρ
2900 2967 3039 3023 οἰδεν
3079 2971 3252 3025 εἰπεῖν
3277 2973 3370 3026 τὸν
3399 2977 3497 3044 τῆς
3535 2975 3808 3044 γενέσεως

2212 3060 2440 3132 τρόπον;
2474 3060 2597 3124 Πῶς
2626 3060 2682 3114 δὲ
2712 3061 2813 3114 ούκ
2845 3061 3051 3134 ἀληθὴς
3082 3066 3112 3117 ό
3144 3065 3432 3136 προφήτης
3457 3065 3626 3136 βοῶν·
3661 3069 3807 3138 (Τὴν

2212 3153 2404 3221 γενεάν
2447 3153 2613 3207 αὑτοῦ
2638 3153 2723 3217 τίς
2759 3154 3116 3227 διηγήσεται;
3155 3156 3280 3210 Ὅτι
3313 3158 3529 3230 αἰρεται
3561 3159 3670 3212 ἀπὸ
3703 3160 3806 3231 τῆς

2209 3244 2314 3314 γῆς
2343 3247 2378 3316 ἡ
2409 3245 2521 3314 ζωὴ
2551 3245 2735 3299 αὑτοῦ.
2761 3264 2780 3298 ι
2819 3246 3029 3300 Οὐκοῦν
3068 3249 3127 3300 ὲν
3154 3248 3365 3314 τούτοις
3408 3249 3477 3303 τὰ
3519 3251 3674 3316 ὀστᾶ,
3705 3252 3807 3322 τὴν

2209 3336 2316 3390 τῶν
2347 3336 2488 3406 ὑπὲρ
2535 3336 2659 3408 νοῦν
2702 3337 2987 3409 δογμάτων
3037 3339 3376 3412 στερρότητα
3411 3341 3583 3410 λέγει.
3613 3341 3805 3396 Ταῦτα

2213 3427 2516 3498 συντρίϐειν
2547 3428 2692 3498 ἡμᾶς
2716 3429 2744 3480 ὁ
2773 3427 3067 3498 νομοθέτης
3111 3429 3210 3483 οὐκ
3244 3432 3338 3503 ἐᾷ·
3376 3432 3720 3503 συντρίϐουσι
3747 3433 3806 3488 δὲ

2210 3516 2331 3570 ὅλον
2361 3517 2447 3586 ἐφ’
2477 3517 2709 3582 ἑαυτοῖς,
2750 3519 2798 3570 oi
2832 3517 2901 3572 τά
2953 3517 3088 3590 ὀρθὰ
3137 3519 3556 3593 διαστρέφοντες
3599 3524 3803 3593 αἰρετιο

2211 3609 2316 3663 κοί.
2345 3610 2449 3662 Τὸν
2481 3609 2589 3682 γὰρ
2614 3611 2711 3680 τῆς
2739 3609 2891 3673 θείας
2935 3611 3028 3663 καὶ
3083 3610 3329 3682 ἀρρήτου
3358 3615 3666 3687 γεννήσεως
3703 3633 3807 3669 πε⁶

2216 3699 2590 3770 ριεργὰςονται
2637 3700 2880 3771 τρόπον,
2940 3699 3273 3770 άσύγκριτόν
3329 3719 3450 3757 τινα
3519 3706 3808 3770 νοσοῦντες

2213 3789 2489 3853 ἀϐουλίαν,
2518 3789 2612 3842 καὶ
2638 3789 2698 3843 τὸ
2719 3789 3108 3861 γεγραμμένον
3134 3793 3212 3855 είς
3241 3791 3366 3846 νοῦν
3385 3795 3450 3847 οὐ
3480 3794 3767 3866 δεχόμενοι
3789 3815 3804 3828 ·

2219 3898 2238 3932 ι
2266 3879 2362 3942 Τίς
2388 3877 2692 3950 ἐμέτρησεν
2732 3878 2824 3931 τὸν
2865 3877 3094 3950 οὐρανὸν
3144 3879 3391 3952 σπιθαμῇ
3414 3900 3469 3947 ς»
3505 3883 3682 3955 Ὅπερ
3707 3883 3813 3940 οὖν

2211 3970 2436 4034 εἰκότως
2463 3971 2626 4041 ἡμεῖς
2658 3968 3092 4040 παραιτούμεθα,
3115 3969 3178 4022 τὸ
3227 3971 3531 4042 συντρίϐειν
3564 3972 3659 4026 τοῦ
3689 3975 3810 4046 ἀμ-

2212 4062 2306 4116 νοῦ
2346 4061 2416 4115 τά
2452 4061 2588 4114 ὁστᾶ
2641 4061 2934 4132 σωφρόνως
2976 4061 3483 4133 ἀποναρκήσαντες,
3524 4066 3706 4119 πίστει
3747 4067 3810 4120 δὲ

2215 4153 2416 4224 μᾶλλον
2443 4153 2512 4206 τὰ
2547 4152 2690 4224 ὑπὲρ
2731 4154 2879 4223 ἡμᾶς
2909 4152 3210 4223 δεχόμενοι.
3249 4155 3579 4226 ῐίἰεμνῆσθαί
3599 4174 3664 4225 γε
3694 4158 3811 4230 μὴν

2213 4243 2530 4310 ἀναγκαῖον,
2565 4241 2646 4295 ὅτι
2693 4241 2787 4294 καὶ
2819 4241 3234 4314 ίστορικὼτερον
3268 4245 3394 4315 περί
3428 4244 3525 4298 τοῦ
3547 4247 3811 4319 Σωτῆρος

2211 4332 2371 4403 ἡμῶν
2403 4331 2610 4403 ὲλήφθη
2644 4331 2705 4385 τὸ
2727 4331 3133 4403 γεγραμμένον,
3169 4334 3228 4386 οὐ
3275 4335 3672 4406 συντριψόντων
3692 4339 3812 4393 τῶν

526 4425 764 4498 pedibus
806 4423 1028 4486 vestris,
1071 4431 1127 4478 et
1168 4422 1351 4477 baculi
1397 4423 1454 4478 in
1498 4423 1755 4480 manibus
1796 4425 2013 4480 vestris.
2041 4425 2108 4481 Et

2215 4421 2308 4476 τοῦ
2337 4422 2572 4477 Πιλάτου
2617 4421 2966 4492 στρατιωτῶν
3005 4421 3074 4476 τά
3120 4423 3283 4496 σκέλη
3309 4425 3495 4490 αὐτοῦ,
3527 4429 3673 4481 καθά
3704 4431 3808 4497 γέ-

524 4517 799 4575 oomedite
846 4516 999 4570 illum
1045 4514 1390 4570 festinanter.
1432 4514 1573 4583 Quia
1631 4517 1831 4587 pascha
1875 4517 2108 4574 Domino

523 4620 609 4666 est
628 4611 692 4663 ".
733 4629 752 4660 ι
783 4607 940 4674 Quod
978 4608 1142 4678 igitur
1177 4609 1498 4678 succingant
1531 4608 1770 4673 lumbos,
1815 4609 2110 4680 vigilantia:

524 4704 742 4772 signum
757 4709 845 4754 est
865 4707 922 4753 ct
947 4698 1247 4753 voluntatis
1267 4706 1550 4769 prompta,
1565 4701 1719 4770 juxta
1746 4701 1881 4754 illud
1903 4689 2110 4758 dictum

523 4811 554 4848 a
578 4794 692 4848 Deo
713 4791 781 4847 ad
813 4792 1023 4862 justum
1054 4790 1158 4845 Job
1186 4808 1198 4842 :
1233 4808 1251 4840 ι
1297 4790 1534 4859 Accingc
1571 4799 1830 4859 tanquam
1857 4792 1944 4846 vir
1967 4793 2113 4847 lum-

525 4885 624 4938 bos
660 4892 786 4938 tuos
817 4882 884 4936 “.
919 4901 938 4932 ι
984 4881 1051 4934 Et
1095 4895 1315 4934 rursum
1361 4880 1505 4950 apud
1548 4881 1875 4950 prophetam
1917 4899 2113 4953 quem-

527 4977 652 5030 dam
684 4993 697 5028 :
735 4994 753 5027 ι
787 4975 856 5029 Et
880 4973 988 5028 erit
1013 4981 1073 5027 ut
1091 4972 1307 5044 justitia
1331 4971 1577 5042 accingat
1601 4973 1818 5028 lumbos
1840 4975 1959 5045 ejus
1983 4978 2050 5042 ’⁷,
2086 4997 2104 5029 ›

527 5082 627 5136 pro
654 5081 723 5121 eo
747 5064 896 5136 quod
918 5071 1024 5129 est,
1050 5063 1209 5134 agilis
1231 5070 1288 5117 et
1310 5061 1470 5117 fortis
1491 5062 1598 5117 erit
1621 5063 1689 5118 ad
1707 5065 1979 5136 justitiam
2017 5083 2113 5123 co-

526 5158 764 5214 lendam.
792 5155 1024 5212 Calceus
1045 5164 1228 5210 autem
1251 5153 1520 5226 signiﬁcat
1541 5158 1994 5228 praeparationem
2020 5176 2116 5215 vo-

525 5249 754 5304 luntatis
778 5246 847 5301 ad
869 5245 1115 5301 eundum
1139 5245 1261 5300 sine
1283 5260 1439 5299 mora
1461 5244 1528 5298 ad
1561 5245 1614 5299 id
1651 5247 1798 5316 quod
1841 5247 1954 5303 Deo
1995 5250 2112 5319 pla-

529 5339 726 5396 cuerit.
757 5337 836 5392 Ita
860 5336 1010 5392 enim
1037 5335 1240 5392 Paulus
1263 5335 1318 5389 id
1346 5334 1621 5390 intellexit
1642 5337 1890 5393 scribens
1918 5355 1931 5390 :
1967 5359 1984 5390 ι
2021 5339 2112 5393 ln-

529 5428 647 5482 duti
674 5427 890 5482 calceos
911 5427 967 5482 in
1003 5427 1461 5496 praeparationem
1500 5427 1782 5498 Evangelii
1813 5429 1964 5499 pacis
1987 5430 2052 5483 ¹⁹.
2087 5449 2106 5481 ι

2211 4531 2471 4594 γραπται.
2495 4513 2576 4566 Τά
2597 4513 2653 4568 δὲ
2684 4513 3122 4584 καταλειπόμενα
3155 4515 3250 4568 ἀπ’
3283 4517 3475 4584 αὑτοῦ,
3521 4520 3623 4582 ἕως
3655 4521 3814 4590 πρωῒ

2215 4605 2280 4676 δὴ
2321 4605 2520 4676 χρῆναι
2553 4603 2950 4658 κατακαίεσθαι
2976 4603 3144 4672 λέγει.
3169 4605 3320 4676 Πρωῒ
3337 4605 3392 4660 δὲ
3412 4608 3571 4662 πάλιν
3599 4609 3810 4681 ὀνομά-

2213 4695 2324 4762 ζων
2349 4695 2440 4748 τὸν
2489 4695 2570 4758 εἰς
2606 4693 2779 4748 αἰῶνα
2816 4694 2910 4748 τὸν
2957 4695 3220 4767 μέλλοντα
3252 4699 3551 4770 φωτισμὸν,
3586 4699 3673 4754 ὅτε
3704 4707 3811 4757 καὶ

2213 4787 2504 4861 πρόσωπον
2526 4787 2671 4840 κατὰ
2694 4787 2983 4858 πρόσωπον
3011 4787 3103 4841 τὸν
3135 4789 3346 4843 ἑαυτῶν
3381 4791 3622 4862 ὀψόμεθα
3645 4791 3810 4862 βασι-

2211 4880 2308 4934 λέα
2349 4880 2446 4933 καὶ
2491 4878 2643 4940 Θεὺν,
2673 4878 2858 4932 οὐκέτι
2888 4877 3140 4948 καθάπερ
3175 4880 3271 4934 καὶ
3301 4879 3397 4934 νῦν
3423 4883 3480 4936 ὲν
3509 4884 3809 4954 αἰνίγματι

2213 4973 2309 5027 καὶ
2346 4971 2612 5042 ἐσόπτρῳ,
2641 4970 2736 5023 καί
2765 4971 2911 5042 σκιᾷ,
2944 4971 3036 5024 καὶ
3063 4971 3128 5023 ἐκ
3170 4972 3388 5042 μέρους,
3419 4973 3494 5036 ὡς
3530 4975 3559 5025 ὸ
3586 4974 3810 5040 Παῦλάς

2216 5082 2370 5136 φησι.
2409 5065 2498 5127 Ὠς
2522 5058 2616 5116 οὖν
2659 5061 2959 5132 μελλούσης
2985 5062 3044 5114 τὸ
3082 5063 3335 5133 τηνικάδε
3363 5063 3452 5117 διὰ
3489 5064 3807 5135 λαμπροτέ-

2217 5171 2317 5226 ρας
2347 5152 2605 5222 γνώσεως
2638 5150 3003 5222 ἀφανισθῆναι
3058 5149 3260 5222 τρόπον
3308 5149 3429 5205 τινὰ
3463 5151 3606 5223 [τῆς]
3635 5152 3710 5215 ὡς
3743 5158 3812 5208 ἐν

2215 5247 2500 5319 αἰνίγματι
2529 5244 2659 5316 περί
2685 5242 2852 5296 αὐτοῦ
2879 5241 3136 5314 θεωρίας,
3159 5241 3354 5312 ὥσπερ
3373 5244 3432 5295 ἐν
3458 5243 3610 5314 τύπῳ
3632 5244 3811 5298 πάλιν

2213 5338 2346 5410 πυρὶ
2373 5332 2888 5405 κατακαυθήσεσθαι
2915 5331 3062 5400 λέγει
3099 5330 3169 5384 τὰ
3215 5331 3656 5401 καταλειπόμενα
3694 5335 3806 5388 ἀπ’

2213 5427 2378 5484 αὐτοῦ
2415 5427 2520 5490 ἓως
2565 5426 2733 5498 πρωϊ.
2767 5423 2960 5495 Σχῆμα
2987 5421 3044 5476 δὲ
3069 5422 3197 5485 τοὺς
3225 5422 3550 5495 δαιτυμόνας
3579 5421 3812 5480 κελεύει

599 5625 642 5700 ξ¹
670 5621 1066 5700 Ειοάίτιιηρθε
1108 5692 1121 5700 _
1143 5624 1187 5655 "
1207 5625 1310 5683 lsa.
1341 5641 1451 5700 Ltn.
1484 5630 1536 5686 8,
1618 5633 1664 5665 υ
1687 5633 1834 5688 Eccl,
1866 5648 1903 5697 ι,
1926 5632 1979 5686 2,
2060 5633 2106 5666 ει

2212 5649 2424 5700 or.xm,
2446 5633 2528 5687 l2.
2570 5635 2614 5666 "
2641 5632 2813 5688 Exod.
2842 5649 2934 5697 ιιι,
2971 5633 3059 5696 Η,
3095 5628 3181 5683 12.
3277 5627 3321 5659 ³⁸
3349 5624 3451 5682 Job
3481 5634 3709 5688 xxxvnt,
3737 5623 3805 5681 3.

526 5699 567 5731 ιι
603 5693 706 5750 [3a.
745 5692 874 5758 xt,5.
952 5694 996 5724 ”
1022 5692 1224 5762 Ephes.
1262 5711 1334 5761 vl,
1369 5696 1454 5750 15.
