4066 6282
311 353 412 424 ‘55

1345 357 1864 416 GLAPHYRORUM
1895 356 1964 412 IN
2001 359 2288 420 EXODUH
2327 363 2456 420 LIB.
2495 366 2562 420 ll.

3457 375 3562 434 ιιι

311 469 550 522 τοιοῦτον
580 465 758 538 ἔχειν·
799 467 908 522 «Δί
937 467 1135 538 ὀσφύες
1168 469 1321 542 ὑμῶν
1359 471 1602 530 ἔστωσαν
1625 475 1867 546 περιεζωι

1991 476 2123 534 Item
2155 481 2420 551 propheta
2463 479 2728 536 Jeremias
2753 497 2772 532 ι.
2803 499 2820 530 ι
2859 479 2926 536 Et
2950 495 3116 546 nunc,
3143 481 3330 550 Israel,
3373 484 3560 542 Domi-

311 558 530 628 σμὲναι,
569 557 756 628 φησὶν,
789 559 886 612 καὶ
913 561 980 614 τα
1009 559 1329 632 ὑποδήματα
1359 563 1420 616 ιν
1453 565 1566 628 τοῖς
1607 565 1752 630 ποσὶ,
1790 567 1884 618 καὶ

311 651 364 702 αί
401 647 690 720 βακτηρίαι
734 652 792 704 1w
821 653 941 714 ταῖς
965 651 1152 720 χερσὶν
1173 651 1344 722 ὑμῶν.
1381 653 1491 708 Καὶ
1513 654 1766 724 ’φάγεσθε
1789 655 1882 708 αὑ-

309 741 370 794 τδ
403 737 542 811 μετὰ
569 740 824 812 σπουδῆς.
867 742 1058 812 Πάσχα
1091 743 1208 796 ἐστὶ
1255 745 1466 816 Κυρίῳ.
1493 765 1514 798 ι
1541 747 1614 800 Τὸ
1657 747 1754 817 μὲν
1788 743 1882 802 οῦν

310 831 543 898 ὲζῶσθαι
575 833 672 905 τὴν
701 835 892 902 ὀσφὺν,
916 835 1248 906 γοργότητος
1271 835 1338 890 ἂν
1361 835 1446 910 εἴη
1478 837 1764 907 σύμϐολον,
1789 843 1882 896 καὶ

307 923 654 992 φρονήματος
677 919 950 988 νεανικοῦ,
986 928 1126 978 κατὰ
1153 925 1214 978 τὸ
1244 926 1534 998 εἰρημένον
1566 929 1718 1000 παρὰ
1743 929 1879 982 Θεοῦ

308 1011 441 1080 πρδς
478 1009 572 1064 τὸν
626 1009 833 1064 δίκαιον
877 1011 1028 1064 Ἰὼϐ·
1074 1013 1300 1068 «Ζῶσαι
1355 1015 1544 1088 ὥσπερ
1591 1019 1732 1089 ἀνὴρ
1781 1021 1880 1092 τὴν

305 1103 474 1170 ὀσφύν
525 1119 682 1158 σου.»
727 1103 838 1156 Καὶ
887 1103 1046 1158 πάλιν
1090 1105 1222 1174 περί
1247 1123 1392 1170 τινος
1433 1110 1494 1162 ἐν
1547 1114 1874 1181 προφήταις,

311 1212 326 1241 ι
346 1195 454 1246 Καὶ
476 1191 628 1246 ἔσται
661 1193 972 1266 δικαιοσύνῃ
993 1193 1303 1266 ἐζωσμένος
1330 1199 1428 1270 τὴν
1451 1199 1622 1268 ὀσφὺν
1653 1202 1838 1268 αὐτοῦ,
1855 1223 1872 1254 ι

302 1283 420 1335 ἀντὶ
445 1283 564 1348 τοῦ,
595 1283 794 1354 γοργὸς
835 1285 930 1339 καὶ
967 1286 1204 1358 ἀνδρεῖος
1248 1291 1330 1352 εἰς
1369 1289 1735 1362 δικαιοσύνην.
1775 1295 1877 1362 Ση-

303 1371 480 1442 μαίνει
529 1372 588 1424 δὲ
612 1373 674 1425 τδ
701 1373 956 1444 ὑπόδημα
996 1375 1094 1446 τὴν
1135 1375 1462 1448 ἑτοιμότητα
1503 1379 1600 1449 τῆς
1650 1379 1876 1452 γνώμης

299 1463 434 1531 πρὸς
467 1462 531 1515 τδ
570 1462 805 1532 βαδίζειν
853 1461 1168 1536 ἀμελῘλ]ητὶ
1223 1467 1356 1538 πρὸς
1378 1469 1511 1541 ὅπερ
1533 1469 1597 1524 ἂν
1623 1471 1874 1542 βούληται

297 1549 448 1611 Θεός.
497 1551 652 1603 Ἐπεὶ
689 1551 783 1603 καὶ
809 1551 1020 1616 Παῦλος
1063 1553 1290 1626 τοιούτῳ
1322 1557 1403 1610 νοῒ
1435 1559 1638 1630 γράφει
1662 1577 1675 1590 ·
1715 1580 1733 1612 ι
1765 1563 1874 1615 Καὶ

298 1640 708 1727 ὑποδησάμενοι
735 1642 858 1704 τοὺς
897 1642 1060 1706 πόδας
1093 1645 1150 1696 ὲν
1183 1645 1594 1718 ὲτοιμασίᾳ”τοῦ
1631 1652 1874 1722 Εὐαγτε-

297 1728 416 1780 λίου
440 1730 544 1798 τῆς
575 1731 812 1800 εἰρήνης.
833 1749 852 1782 r
897 1733 1004 1785 Καὶ
1027 1736 1247 1803 προσέτι
1281 1737 1452 1809 τούτῳ
1479 1741 1570 1793 καὶ
1599 1743 1627 1796 ὁ
1655 1745 1870 1814 προφή-

303 1837 404 1888 της
453 1798 789 1891 Ἱερεμίαςτ
813 1823 924 1876 Καὶ
954 1798 1084 1890 νῦν,
1112 1827 1344 1898 Ἰσραὴλ,
1375 1798 1436 1882 τί
1459 1831 1658 1902 Κύριος
1906 1798 1943 1852 Β

307 1928 404 1964 σου
434 1913 578 1965 αίτεῖ
619 1914 768 1986 παρὰ
827 1915 942 1980 σοῦ,
977 1917 1091 1968 ἀλλ’
1137 1917 1172 1987 ἢ
1223 1919 1504 1987 φοϐεῖσθαι
1549 1924 1750 1994 Κύριον
1779 1941 1870 1980 τον

299 2002 435 2054 Θεόν
470 2018 587 2065 σου,
619 2003 945 2074 πορεύεσθαι
969 2008 1026 2059 ὲν
1061 2007 1262 2072 πάσαις
1297 2013 1416 2072 ταῖς
1445 2011 1580 2074 ὁδοῖς
1619 1997 1818 2080 αὑτοῦ;
1846 2033 1864 2068 ι

305 2093 534 2156 Ῥὰϐδος
598 2095 656 2147 δὲ
727 2097 758 2166 ἡ
803 2099 946 2150 κατὰ
993 2101 1200 2170 χεῖρας.
1247 2101 1348 2174 τὴν
1396 2105 1870 2176 ἀντιστηρίζουσαν

293 2185 438 2255 ἡμᾶς
469 2185 662 2239 ἐλπίδα
697 2187 790 2238 καὶ
819 2188 1117 2258 ἀνέχουσαν
1150 2192 1228 2253 είς
1251 2193 1527 2264 ὑπομονὴν
1561 2197 1864 2264 ὑποφαίνει,

292 2275 430 2328 κατὰ
457 2274 518 2326 τὸ
557 2276 616 2326 ἐν
642 2276 947 2345 προφήταις
977 2275 1256 2346 κείμενονο
1292 2298 1311 2330 ‹
1347 2281 1628 2336 Ἐλπίσατε
1667 2286 1760 2338 ἐπὶ
1790 2287 1867 2357 τῷ

291 2367 499 2437 Κυρίῳ,
555 2367 650 2418 καὶ
697 2367 1150 2437 ἀντιστηρίσασϐε
1197 2371 1290 2422 ἐπὶ
1330 2371 1418 2442 τῷ
1472 2373 1608 2443 Θεῷ.
1637 2393 1655 2425 ι
1714 2377 1868 2432 Μετὰ

292 2453 528 2526 σπουδῆς
550 2457 608 2508 δὲ
644 2456 803 2510 πάλιν
845 2457 1120 2511 ἐσθίεσθαι
1157 2459 1247 2514 τὸν
1279 2462 1448 2532 ἀμνὸν
1469 2465 1780 2519 ἐπιτάττει·
1809 2471 1868 2522 τὸ

292 2549 364 2620 μὴ
400 2547 611 2618 νωθρὸν
657 2548 792 2618 μηδὲ
822 2550 1152 2618 παρειμένον
1184 2554 1239 2604 ὲν
1271 2551 1451 2624 ἔργοις
1481 2555 1704 2622 ἀγαθοῖς
1740 2559 1866 2611 ἁνα-

288 2639 571 2707 φαίνεσθαι
603 2639 710 2691 δεῖν
740 2640 825 2692 τὸν
856 2639 912 2692 ἐν
942 2640 1157 2710 μεθέξει
1201 2647 1457 2711 γεγονότα
1491 2646 1747 2716 Χριστοῦ,
1775 2667 1866 2702 σα-

290 2731 402 2800 φῶς
436 2732 502 2802 δὴ
537 2731 658 2785 λίαν
687 2731 998 2796 ὑποτυπῶν,
1038 2733 1150 2785 ἀλλ’
1183 2733 1390 2788 ἔντονόν
1430 2753 1488 2788 τε
1521 2739 1614 2790 καὶ
1643 2739 1868 2802 ζέουσαν

239 2869 248 2875 .
290 2822 374 2890 ἐφ’
401 2817 596 2894 οἷσπερ
640 2823 706 2877 ἂν
764 2825 940 2893 οἴηται
979 2823 1350 2894 λυσιτελήσειν
1379 2827 1526 2897 αὐτῷ
1561 2830 1867 2899 προθυμίαν

297 2912 627 2982 εἰσφέροντα.
659 2913 768 2966 Καί
806 2929 895 2982 μοι
935 2912 1095 2966 πάλιν
1120 2915 1287 2968 ἐννόει
1326 2915 1418 2968 τὸν
1455 2919 1719 2987 μακάριον
1749 2922 1868 2972 ἐπι-

304 3001 574 3056 στέλλοντα
617 3003 825 3056 Παῦλον
845 3019 858 3031 ·
887 3023 903 3054 ι
929 3004 1043 3057 Οὐκ
1069 3005 1244 3058 οἴδατε
1261 3007 1342 3059 ὅτι
1371 3008 1419 3058 οἱ
1442 3009 1497 3059 ὲν
1522 3009 1717 3078 σταδίῳ
1743 3012 1866 3082 τρέ-

1986 583 2092 624 nus
2121 571 2268 624 Deus
2295 577 2420 624 tuus
2441 569 2574 640 quid
2613 569 2748 638 petit
2773 569 2872 624 abs
2897 578 2970 632 te,
3005 569 3110 624 nisi
3139 577 3198 624 ut
3221 571 3412 628 timeas
3451 574 3560 630 Do-

1985 661 2196 716 minum
2240 661 2412 716 Deum
2449 669 2624 724 mum,
2673 667 2732 714 ut
2779 659 3028 714 ambules
3071 659 3126 714 in
3170 661 3424 716 omnibus
3457 663 3561 718 viis

1983 754 2104 823 ejus
2125 753 2206 805 "‘2
2236 771 2253 802 ι
2284 753 2448 822 Virga
2473 759 2660 807 autem
2684 759 2740 806 et
2766 751 2994 806 baculus
3021 753 3075 806 in
3101 769 3266 808 manu
3291 755 3562 826 significat

1981 859 2160 914 spem,
2193 860 2316 914 qua
2349 861 2450 900 nos
2487 842 2778 900 conﬁrmat
2820 859 2884 898 ac
2925 851 3198 898 sustentat
3220 860 3318 914 per
3343 845 3558 914 patien-

1983 931 2112 988 tiam
2145 933 2446 988 secnndum
2491 932 2648 996 illud,
2681 929 2826 1002 quod
2857 932 2910 986 in
2947 931 3233 1002 prophetis
3277 934 3510 988 habetur
3541 953 3552 990 :

1989 1042 2005 1073 ι
2035 1021 2260 1092 Sperate
2287 1023 2340 1078 in
2365 1023 2618 1086 Domino,
2645 1032 2700 1078 et
2723 1023 2908 1076 fulcite
2935 1037 3032 1076 vos
3055 1023 3110 1076 in
3137 1023 3249 1078 Deo
3275 1023 3336 1076 δ’.
3365 1045 3384 1074 ι
3419 1024 3558 1078 Βυτο

1980 1129 2100 1167 sum
2145 1115 2426 1184 praecepit,
2481 1123 2540 1168 ut
2593 1129 2790 1184 agnum
2837 1113 3160 1170 festinanter
3213 1115 3400 1180 edant,
3445 1133 3556 1186 quo

1979 1202 2238 1266 ostendit,
2274 1217 2342 1258 ne
2367 1203 2546 1272 segnis
2567 1211 2663 1256 aut
2687 1203 2944 1258 remissus
2991 1203 3046 1256 in
3091 1201 3232 1258 bene
3275 1203 3553 1274 operando

1980 1305 2240 1364 appareat
2263 1293 2310 1348 is
2330 1295 2424 1364 qui
2445 1293 2654 1349 Christi
2681 1293 2954 1364 particeps
2979 1293 3154 1349 factus
3175 1293 3268 1358 sit,
3293 1295 3390 1350 sed
3421 1293 3550 1350 dili-

1977 1383 2214 1452 gentiam
2241 1393 2298 1438 et
2323 1382 2608 1438 ardentem
2649 1383 3000 1440 sedulitatem
3043 1383 3100 1438 in
3143 1384 3214 1438 iis
3245 1401 3368 1454 qua:
3397 1392 3552 1454 putet

1977 1473 2080 1527 sibi
2147 1473 2454 1542 profutura,
2527 1473 2806 1528 adhibeat.
2857 1471 2960 1528 ﬁic
3002 1487 3136 1544 ergo
3181 1473 3552 1530 animadverte

1975 1563 2120 1633 quod
2146 1565 2340 1618 beatus
2363 1564 2566 1618 Paulus
2590 1563 2784 1618 scribit
2820 1579 2918 1632 per
2940 1563 3226 1632 epistolam
3259 1581 3272 1616 :
3309 1583 3326 1614 ι
3351 1563 3434 1618 An
3457 1579 3552 1620 ne-

1977 1653 2149 1718 scitis,
2179 1655 2455 1724 inquiens,
2481 1653 2648 1722 quod,
2689 1651 2851 1722 275
2877 1651 2968 1721 qui
3009 1652 3064 1706 in
3095 1651 3272 1708 stadio
3293 1659 3546 1715 currunt,

1975 1759 2166 1800 omnes
2208 1745 2432 1815 quidem
2489 1751 2752 1808 currant,
2789 1757 2934 1798 unus
2957 1751 3138 1796 autem
3165 1741 3398 1811 accipiat
3423 1742 3550 1796 bra-

1974 1837 2156 1890 vium?
2177 1835 2267 1891 Sic
2289 1836 2517 1898 currite,
2543 1843 2602 1889 ut
2625 1833 3050 1904 apprehendatis
3075 1831 3139 1886 ³¹.
3175 1851 3192 1883 ι
3229 1833 3400 1886 Porro
3423 1845 3548 1886 cum

1969 1927 2276 1981 existimem
2320 1941 2421 1982 nos
2453 1926 2658 1996 ubique
2685 1925 2886 1980 debere
2913 1923 3104 1980 venari
3143 1923 3198 1978 id
3231 1923 3378 1992 quod
3414 1937 3548 1978 con-

1971 2019 2208 2073 ducibile
2231 2027 2336 2083 est,
2367 2017 2571 2072 idcirco
2595 2031 2741 2071 nunc
2765 2016 2833 2070 ad
2857 2015 3023 2070 alium
3049 2029 3270 2070 sensum
3307 2014 3544 2068 veniam.

1970 2109 2088 2164 Non
2112 2109 2430 2172 delicatum,
2461 2123 2642 2178 neque
2671 2107 3000 2162 dissolutum
3041 2106 3214 2161 videri
3249 2107 3364 2160 vult
3393 2120 3544 2166 eum.

1970 2203 2064 2272 qui
2093 2203 2208 2273 jam
2231 2215 2330 2272 per
2350 2199 2632 2256 Christum
2656 2207 2740 2254 est
2763 2197 3155 2262 sanctiﬁcatus,
3181 2197 3276 2254 sed
3309 2198 3396 2250 lex
3419 2211 3546 2250 eum

1973 2295 2064 2348 tali
2091 2293 2304 2349 inducit
2323 2293 2538 2356 habitu,
2567 2291 2662 2362 qui
2689 2289 2992 2346 viatoribus
3014 2289 3300 2354 convenit;
3327 2287 3444 2343 haec
3463 2288 3548 2342 ni-

1969 2387 2170 2442 mirum
2196 2387 2304 2442 duo
2327 2385 2572 2441 studiose
2595 2383 2901 2448 insinuans,
2923 2397 3120 2454 nempe
3143 2381 3290 2453 quod
3325 2389 3418 2436 aut
3441 2382 3544 2436 ista

1971 2493 2090 2546 qua:
2128 2487 2256 2532 sunt
2279 2477 2333 2530 in
2361 2484 2490 2548 typo
2515 2483 2570 2531 et
2593 2475 2786 2530 umbra
2815 2474 3014 2546 posita,
3045 2473 3264 2528 tandem
3309 2473 3374 2526 ad
3399 2473 3546 2526 veri-

1974 2574 2136 2621 tatem
2165 2565 2502 2620 traducenda
2534 2565 2644 2620 sint
2671 2582 2685 2620 :
2711 2569 2809 2620 aut
2837 2563 2981 2634 quod
3007 2571 3260 2634 Oporteat
3283 2577 3410 2616 eum
3449 2563 3542 2632 qui

1971 2657 2138 2710 semel
2165 2657 2590 2712 communicavit
2613 2657 2854 2720 Christo,
2879 2657 3032 2726 quasi
3055 2657 3284 2710 incitato
3303 2653 3544 2708 ardenti-

1970 2763 2074 2816 que
2092 2748 2274 2804 animo
2293 2750 2360 2803 ad
2379 2763 2598 2804 omnem
2621 2749 2882 2802 virtutem
2903 2745 3258 2807 contendere,
3281 2753 3336 2797 et
3359 2745 3542 2807 istam,

1970 2855 2090 2909 qua:
2131 2840 2186 2894 in
2207 2840 2414 2894 mundo
2438 2847 2542 2902 est,
2571 2839 2994 2892 abominabilem
3035 2838 3370 2905 voluptatem
3405 2851 3562 2904 pra--

1974 2932 2262 3003 terl‘ugere.
2295 2929 2570 2986 Continuo
2613 2935 2796 2983 autem
2837 2941 3053 2982 causam
3098 2925 3344 2988 adducit,
3375 2939 3546 2993 quare

1971 3033 2223 3093 oporteat
2240 3023 2616 3077 Christianum
2643 3019 2736 3089 qui
2754 3019 2862 3089 jam
2881 3035 2910 3072 a
2927 3019 3089 3074 nobis
3109 3017 3418 3087 descriptus
3437 3025 3542 3080 est,

297 3108 486 3160 χοντες
505 3093 693 3158 πάντες
717 3095 812 3164 μὲν
833 3095 1135 3164 τρέχουσιν,
1172 3091 1250 3160 εἷς
1273 3097 1327 3152 δὲ
1355 3099 1420 3150 λα
1428 3099 1616 3168 μϐἀνει
1641 3102 1699 3153 τὸ
1735 3102 1867 3172 βρα-

1974 3091 2132 3166 talem
2176 3111 2374 3174 videri,
2415 3130 2432 3162 ι
2484 3111 2680 3172 Phase,
2723 3109 2994 3178 inquiens,
3045 3107 3260 3162 Domini
3303 3115 3406 3170 est,
3441 3107 3544 3162 hoc

291 3181 440 3233 σεῖον
464 3181 993 3254 ςοΰτωτρὲχετε,ἴνα
1019 3186 1376 3256 καταλάϐητε.
1394 3206 1410 3238 ›
1437 3190 1644 3259 Χρῆναι
1667 3190 1720 3243 δὲ
1742 3193 1872 3244 ὑπο-

288 3272 578 3342 λαμϐάνων
605 3276 934 3346 πανταχόθεν
954 3278 1098 3345 ἡμᾶς
1122 3278 1388 3348 θηρᾶσθαι
1413 3281 1472 3333 τὸ
1493 3282 1752 3351 ὠφελοῦν,
1786 3285 1870 3353 ἐφ’

284 3365 478 3435 ἑτέραν
505 3367 619 3437 ἥξω
663 3367 917 3421 διάνοιαν.
949 3369 1060 3438 Οὐχ
1096 3369 1429 3440 ἁϐροδίαιτον
1462 3390 1582 3426 τινα
1612 3363 1703 3427 καὶ
1726 3377 1869 3429 ἀνει-

292 3455 450 3524 μένον
473 3457 706 3526 ὁρᾶσθαι
735 3457 977 3526 βούλεται
1017 3460 1106 3512 τὸν
1145 3462 1471 3531 ἡγιασμένον
1496 3465 1581 3517 διὰ
1611 3468 1865 3537 Χριστοῦ,

283 3546 420 3600 ἀλλὰ
439 3548 626 3618 σχῆμα
645 3548 705 3600 τδ
719 3551 828 3612 τοῖς
852 3550 1048 3613 ὁδίταις
1067 3552 1270 3620 πρέπον
1299 3556 1635 3626 περιτίθησιν
1659 3561 1684 3610 ὁ
1707 3561 1866 3628 νόμος

283 3637 466 3707 αὐτῷ’
512 3639 608 3692 δύο
643 3639 835 3706 ταῦτα,
885 3643 1025 3695 κατὰ
1063 3643 1124 3695 τὸ
1180 3645 1344 3708 εἰκὸς,
1401 3648 1782 3718 ὑπεμφαίνων·
1831 3653 1861 3723 ἦ

282 3726 394 3797 γὰρ
431 3727 514 3780 ὅτι
552 3728 868 3799 διαϐήσεταί
912 3749 1041 3784 ποτε
1098 3733 1190 3784 καὶ
1221 3734 1504 3804 δραμεῖται
1553 3739 1687 3809 πρὸς
1740 3743 1866 3811 ἀλή-

282 3813 439 3868 θειαν
484 3817 552 3870 τὰ
601 3817 660 3869 ὲν
707 3818 860 3888 τύπῳ
899 3821 994 3873 καὶ
1036 3823 1259 3892 σκιᾷ.οῆ
1310 3824 1389 3876 ὅτι
1453 3823 1718 3898 προσήκοι
1773 3831 1861 3882 τὸν

287 3905 434 3969 ἅπαξ
485 3908 855 3976 μετεσχηκότα
881 3910 1140 3982 Χριστοῦ,
1178 3917 1396 3983 γορ-ίοῖς
1435 3915 1623 3987 ὥσπερ
1651 3921 1742 3972 καὶ
1773 3922 1862 3972 εὐ-

280 3999 654 4066 τροχωτὰτοις
717 4001 846 4052 ποσὶ
889 4006 1008 4064 ταῖς
1057 4006 1136 4067 εἰς
1183 4004 1241 4057 τὸ
1285 4007 1487 4072 ἀγαθὸν
1533 4010 1862 4080 προθυμίαις

279 4089 760 4159 ἀποκεχρημένον,
788 4093 882 4144 ἐπὶ
921 4094 1094 4147 πᾶσαν
1144 4096 1343 4165 ἀρετὴν
1377 4099 1527 4160 ἰέναι,
1570 4100 1664 4169 τὴν
1690 4103 1744 4151 ἐν
1774 4103 1863 4153 κό-

280 4195 408 4248 σμῳ
435 4179 698 4251 βδελυρὰν
741 4182 929 4252 ἡδονὴν
964 4186 1390 4256 παρατρέχοντα.
1439 4187 1661 4256 Ἐπάγει
1687 4191 1742 4241 δὲ
1767 4192 1861 4260 τὴν

278 4269 465 4322 αἰτίαν
490 4271 652 4334 εὐθὺς
683 4272 776 4324 τοῦ
822 4271 929 4325 δεῖν
976 4273 1201 4342 ὁρᾶσθαι
1240 4276 1479 4328 τοιοῦτον
1529 4279 1616 4330 τὸν
1659 4281 1860 4348 ἀρτίως

279 4362 414 4429 ἡμῖν
446 4364 958 4432 κατωνομασμένον,
978 4384 993 4414 ι
1016 4365 1222 4435 Πάσχα,
1248 4367 1438 4435 λέγων,
1463 4368 1574 4421 ἐστὶ
1601 4371 1851 4442 Κυρίου,ι

1972 3211 2074 3267 est,
2107 3201 2370 3260 transitus
2391 3201 2456 3254 ³⁸.
2491 3221 2509 3253 ι
2546 3200 2866 3256 Transimus
2883 3199 3029 3254 enim
3071 3213 3102 3253 a
3129 3199 3240 3252 vita
3269 3197 3542 3252 mundana

1972 3299 2026 3351 in
2050 3295 2522 3352 conversationem
2547 3293 2660 3348 Deo
2682 3301 2981 3361 acceptam.
3009 3289 3202 3346 Statim
3225 3303 3358 3344 vero
3380 3303 3554 3359 quem-

1968 3399 2018 3443 et
2045 3395 2310 3459 quantum
2345 3387 2584 3443 fructum
2611 3385 2740 3439 hinc
2765 3384 3074 3453 percepturi
3103 3382 3230 3446 sint,
3257 3380 3556 3436 manifeste

1967 3479 2038 3534 ob
2061 3479 2250 3534 oculos
2270 3477 2444 3548 ponit,
2488 3476 2620 3530 dum
2646 3473 2935 3530 annuntiat
2957 3474 3038 3528 eis
3063 3488 3120 3528 se
3147 3487 3308 3528 omne
3336 3471 3544 3542 primoa

1966 3571 2208 3640 genitum
2235 3570 2288 3624 in
2318 3580 2457 3625 terra
2503 3569 2717 3640 Egypti
2743 3581 3134 3638 percussurum
3159 3581 3302 3630 esse,
3325 3581 3389 3620 ac
3411 3580 3539 3619 san-

1965 3663 2186 3730 guinem
2233 3662 2300 3716 iis
2325 3663 2418 3731 qui
2446 3660 2788 3715 comederint
2827 3673 3026 3730 agnum
3069 3657 3186 3712 fore
3211 3657 3266 3709 in
3301 3656 3537 3723 signum,

1964 3753 2109 3820 quod
2155 3751 2264 3806 sint
2296 3752 2398 3806 sub
2423 3751 2540 3821 ejus
2566 3749 2926 3818 protectione,
2973 3761 3041 3800 ne
3071 3753 3300 3815 pereant
3321 3741 3540 3811 quando

1965 3842 2296 3909 percusserit
2324 3850 2522 3896 terram
2555 3839 2788 3910 [Egi-“pii.
2833 3839 2966 3892 Nam
3010 3837 3156 3889 Deus
3187 3835 3254 3888 de
3282 3832 3538 3887 incredu-

1964 3932 2030 3983 lis
2077 3940 2132 3984 et
2179 3929 2650 3992 inobedientibus,
2717 3923 3278 3991 sanetillcationisque
3333 3921 3537 3976 Christi

1963 4019 2274 4074 exsortibus
2297 4018 2623 4088 supplicium
2647 4015 2832 4071 sumit.
2858 4013 3148 4085 Cognoscit
3170 4019 3351 4068 autem
3371 4013 3534 4079 solos,

1962 4114 2184 4181 acrique
2215 4127 2348 4166 cura
2369 4107 2626 4182 dignatur
2659 4121 2774 4172 eos,
2801 4107 2894 4177 qui
2936 4107 3082 4161 uncti
3110 4115 3238 4161 sunt
3277 4105 3538 4176 sanguine

1962 4205 2078 4260 veri
2101 4204 2260 4275 Agni,
2285 4219 2463 4273 neque
2492 4201 2622 4257 sinit
2652 4199 3050 4257 sanctiﬁcatum
3077 4213 3184 4254 una
3209 4213 3330 4253 cum
3356 4197 3538 4268 impiis

1966 4298 2212 4363 interire,
2248 4306 2302 4352 at
2331 4295 2511 4367 potius
2539 4293 2796 4364 singulari
2835 4308 2931 4348 sua
2973 4292 3308 4362 benignitate
3339 4305 3434 4346 eos
3453 4291 3536 4345 1⁵0-

1966 4399 2074 4446 vet.
2110 4388 2178 4443 At
2201 4401 2334 4443 vero
2357 4394 2480 4456 post
2520 4394 2662 4440 totos
2695 4395 2902 4453 septem
2941 4383 3058 4438 dics
3093 4383 3326 4453 panibus
3369 4381 3536 4436 infer-

278 4451 556 4515 τουτέστι,
605 4453 970 4524 διαδατὴριον.
1024 4457 1376 4518 Διαΰαίνομεν
1427 4463 1533 4532 γὰρ
1600 4466 1709 4517 ἀπὸ
1762 4469 1857 4537 τῆς

1969 4479 2219 4534 mentatis
2243 4477 2388 4532 vesci
2406 4475 2564 4545 jubet
2583 4489 2697 4539 eos,
2724 4477 2816 4544 qui
2841 4490 3054 4530 sacrum
3085 4487 3280 4544 agnum
3309 4473 3541 4524 mandu-

277 4544 339 4594 ὲν
371 4542 566 4614 κόσμῳ
612 4543 774 4614 ζωῆς,
810 4548 888 4610 είς
919 4546 1135 4618 θεοφιλῆ
1186 4550 1475 4604 πολιτείαν.
1528 4550 1658 4608 Εἶτα
1697 4545 1856 4611 πάλιν

277 4634 466 4699 εὐθὺς,
507 4636 629 4688 τίνα
661 4637 753 4689 καὶ
809 4639 979 4709 πόσην
1028 4641 1503 4711 ἀποκερδαίνουσιν
1556 4647 1617 4698 ὲκ
1671 4647 1855 4701 τούτου

275 4726 380 4795 τὴν
409 4727 618 4798 ὄνησιν,
638 4731 867 4800 φανερὸν
911 4733 1093 4795 αὐτοῖς
1130 4735 1391 4796 καθιστάς
1413 4753 1424 4764 ⁸
1464 4739 1569 4790 πᾶν
1609 4740 1703 4808 μὲν
1750 4743 1856 4812 γὰρ

276 4818 634 4889 πρωτότοκον
664 4823 719 4874 ὲν
748 4825 818 4893 γῇ
857 4824 1117 4894 Αἰγύπτῳ
1150 4826 1402 4889 πατάξειν
1433 4831 1855 4897 ἐπαγγέλλεται·

275 4911 470 4974 αὐτοῖς
512 4911 569 4963 δὲ
614 4917 724 4976 τοῖς
785 4915 876 4968 τὸν
915 4917 1084 4985 ἀμνὸν
1139 4917 1489 4988 βεϐρωκόσιν,
1545 4923 1600 4974 ἐν
1649 4926 1855 4996 σημείῳ

273 5003 612 5072 γενήσεσθαι
644 5005 704 5057 τὸ
738 5000 876 5075 αἷμά
907 5024 1090 5075 φησιν,
1128 5008 1202 5069 ὡς
1237 5010 1340 5060 {me
1378 5011 1583 5078 σκέπην
1611 5015 1855 5067 ἐντεῦθεν

271 5093 535 5161 γενέσθαι
593 5093 690 5166 τὴν
733 5097 861 5167 παρ’
893 5097 1077 5161 αὑτοῦ,
1123 5099 1256 5168 πρὸς
1307 5100 1364 5151 τὸ
1417 5105 1489 5172 μὴ
1537 5105 1854 5174 ἐπιτριϐῆναι

269 5185 408 5237 ὅταν
443 5186 581 5255 παίῃ
627 5187 684 5237 ἐν
724 5189 792 5256 γῇ
832 5188 1112 5257 Αἰγύπτῳ.
1142 5191 1372 5254 Κολάζει
1404 5193 1501 5259 μὲν
1547 5195 1651 5263 γὰρ
1675 5198 1701 5246 ὁ
1726 5197 1854 5260 Θεὸς

277 5274 373 5329 τὸν
412 5275 616 5346 ἀπειθῆ
664 5277 756 5328 καὶ
798 5279 1047 5348 ἀνήκοον,
1079 5281 1298 5349 καὶτῆς
1332 5284 1611 5350 ἁγιότητος
1655 5288 1850 5355 ἀμέτο-

269 5385 372 5436 χον
434 5369 532 5437 τῆς
569 5368 722 5439 παρὰ
779 5370 1034 5436 Χριστοῦ.
1086 5372 1342 5438 Γνωρίζει
1391 5373 1445 5424 δὲ
1513 5378 1720 5442 μόνους,
1766 5382 1854 5432 καὶ

267 5459 562 5529 φροντίδος
597 5459 808 5530 ἀγαθῆς
843 5460 984 5524 ἀξιοῖ
1019 5463 1162 5525 τοὺς,
1219 5463 1372 5532 οἵπερ
1419 5465 1481 5516 ἂν
1529 5467 1854 5538 φαίνο[ι]ντο

268 5551 776 5622 κατακεχρισμένοι
822 5551 900 5621 τῷ
931 5554 1120 5625 αἵματι
1156 5553 1249 5608 τοῦ
1277 5556 1446 5626 ἀμνοῦ
1468 5558 1556 5610 τοῦ
1579 5558 1850 5626 ἀληθινοῦ,

345 5751 391 5779 ’⁸
427 5747 586 5800 Deut.
613 5762 666 5812 κ,
697 5745 784 5798 1⁸2.
861 5745 902 5776 ³ο
939 5745 1040 5824 lsa.
1062 5762 1110 5813 1.,
1145 5747 1225 5800 10.

1335 5749 1374 5778 ³¹
1404 5748 1423 5802 l
1458 5747 1580 5804 Cor.
1613 5765 1684 5814 lx,
1710 5749 1799 5816 2i,
1825 5749 1912 5802 25.

1956 4577 2101 4632 cant,
2133 4583 2275 4636 quo,
2297 4575 2364 4622 ut
2394 4565 2530 4620 mihi
2573 4565 2813 4627 videtur,
2853 4561 3150 4632 persuadet
3183 4559 3534 4616 sanctiﬁcatis

1958 4662 2012 4712 in
2045 4657 2288 4723 Christo,
2322 4665 2382 4712 ut
2417 4671 2572 4712 suam
2615 4655 2857 4725 ipsorum
2886 4654 3122 4708 animam
3149 4659 3374 4722 pascant
3399 4665 3532 4704 con—

1957 4749 2308 4818 cupiscentiis
2331 4746 2662 4818 purissimis,
2695 4746 3040 4813 maximeque
3074 4743 3142 4796 ab
3170 4742 3318 4796 omni
3347 4740 3533 4809 pravi-

1959 4849 2065 4893 tate
2103 4840 2383 4910 sejunctis.
2425 4858 2442 4888 ι
2477 4839 2658 4894 Prima
2692 4846 2876 4891 autem
2916 4843 2972 4888 et
3011 4833 3238 4902 septima
3271 4829 3408 4890 dies,
3447 4828 3531 4880 in-

1961 4925 2099 4993 quit,
2135 4933 2400 4980 vocentur
2429 4933 2628 4979 sanclae
2653 4923 2716 4976 ⁸³.
2767 4943 2783 4974 ι
2825 4923 3062 4989 Tempus
3093 4918 3238 4972 enim
3279 4915 3334 4967 in
3379 4914 3530 4983 prin-

1962 5016 2102 5085 cipio
2129 5017 2494 5086 generationis
2529 5015 2633 5069 fuit
2654 5023 2922 5074 sanctum,
2949 5025 3072 5064 cum
3099 5008 3309 5078 primus
3337 5021 3532 5076 parens

1964 5107 2127 5161 Adam
2153 5109 2392 5161 nondum
2415 5107 2623 5175 cjectns
2652 5113 2797 5159 esset
2826 5100 3076 5170 paradiso
3105 5107 3328 5169 propter
3353 5107 3530 5149 trans-

1963 5199 2326 5268 gressionem;
2358 5197 2450 5251 sed
2503 5197 2683 5250 adhuc
2719 5197 2771 5247 in
2808 5209 2874 5247 eo
2914 5193 3154 5260 degeret,
3182 5189 3527 5244 mandatum-

1962 5306 2066 5358 que
2101 5289 2202 5342 sibi
2235 5289 2417 5342 datum
2446 5285 2762 5340 custodiret.
2797 5283 3054 5336 Sanctum
3083 5281 3210 5334 item
3247 5288 3331 5332 est
3368 5278 3528 5331 etiam

1965 5378 2315 5432 novissimum
2339 5385 2570 5444 tempus,
2593 5389 2690 5443 per
2717 5373 3014 5435 Christum,
3037 5371 3129 5440 qui
3159 5371 3209 5423 in
3239 5369 3341 5422 ﬁde
3367 5369 3529 5438 justi-

1963 5471 2202 5522 ﬁcatcos
2230 5466 2322 5533 qui
2347 5464 2412 5517 ad
2445 5465 2619 5532 ipsum
2661 5461 2946 5523 accedunt,
2972 5471 3133 5530 atque
3179 5459 3232 5512 in
3281 5457 3333 5511 id
3380 5457 3524 5525 quod

1959 5573 2174 5612 eramus
2203 5555 2255 5609 in
2291 5552 2580 5624 principio,
2603 5553 2833 5608 reducit.
2866 5553 3028 5624 276
3049 5551 3314 5618 Quocirca
3353 5557 3524 5603 totum

1991 5751 2031 5781 ³²
2059 5749 2226 5803 Exod.
2256 5765 2346 5812 xu,
2378 5747 2459 5799 ll.
2539 5747 2580 5777 ³³
2606 5744 2740 5801 Ibid.
2779 5744 2857 5798 16-
