4066 6282
549 401 651 457 ιεες
670 417 681 427 ³

1571 402 1627 458 S.
1667 400 1943 477 CYﬂlLLl
1981 405 2454 493 ABEXANDRINI
2482 406 2806 468 "ARCHIEP.

3674 425 3772 482 6'56

547 514 710 570 nobis
739 531 794 569 in
834 515 983 570 hisce
1022 514 1320 570 Salvatons
1343 513 1530 582 Tnostri
1567 518 1892 595 mysterium
1930 519 2124 574 adum-

2237 500 2320 578 καῖ
2364 528 2478 589 τοῖς
2509 521 2761 580 ἀσεϐέσιν
2806 526 2906 580 οὐκ
2945 528 3230 599 ἐπιτρέπει
3279 522 3780 588 amatam-450m?”

547 608 764 663 bratum
788 618 889 662 est.
917 606 1071 663 Unde
1105 616 1160 663 et
1190 607 1467 678 eleganter
1496 608 1788 665 admodum
1812 610 1880 665 ad
1905 610 2124 668 Iudaeos

546 699 620 754 ait
645 716 657 751 :
689 718 708 749 ι
737 697 794 753 Si
820 698 1120 755 crederetis
1136 700 1298 765 Mosi,
1324 699 1624 756 crederetis
1646 701 1836 772 utique
1869 710 1926 758 et
1955 702 2126 757 mihi:

545 795 614 850 de
651 809 738 849 me
759 794 907 849 enim
946 795 1037 851 ille
1066 796 1284 866 scripsit
1314 795 1379 849 ".
1412 815 1430 847 ι

2229 614 2591 686 ἡγιασμένον·
2647 615 2764 669 ἀλλ’
2799 615 3076 688 ἐξαίρετον
3137 619 3319 681 αὐτοῖς
3366 623 3618 695 ἀπονέμει
3666 626 3775 693 φιλ-

2225 707 2559 777 ανθρωπίαν.
2578 709 2696 777 Ἐφ’
2713 707 2852 762 έπτά
2877 709 2934 762 δὲ
2944 710 3344 781 ὃλαιςήμέραις
3360 712 3537 784 ἄρτοις
3561 714 3775 785 ἀζύμοις

2226 797 2664 869 προστρέφεσθαι
2723 798 2935 852 κελεύει
2998 801 3122 864 τοὺς
3175 801 3269 854 τὸν
3339 802 3481 872 ἱερὸν
3524 803 3777 873 φαγόντας

546 885 750 955 ἀμνὸν’
778 885 1199 957 καθαρωτάταις
1236 884 1575 957 ἐπιθυμίαις,
1617 884 1694 949 ὥς
1731 883 1794 954 γέ
1827 901 1919 955 μοι
1953 884 2223 954 φαίνεται,
2258 880 2354 938 καὶ
2384 888 2604 959 ἀπάσης
2650 889 2985 960 φαυλότητος
3038 891 3471 963 άπῳκισμέναις,
3539 896 3632 949 καὶ
3689 896 3779 966 τὴν

544 976 752 1031 ἑαυτῶν
808 976 1134 1048 ἀποτρέφειν
1171 978 1347 1050 ψυχὴν
1398 970 1707 1033 ἀναπείθων
1747 979 1871 1041 τοὺς
1900 978 2264 1049 ήγιασμένους
2318 979 2406 1033 διὰ
2436 982 2695 1053 Χριστοῦ.
2733 1002 2751 1035 ι
2785 984 2939 1053 ’Ᾱγία
2973 985 3029 1038 δὲ
3066 988 3099 1057 ἡ
3134 985 3324 1059 πρώτη
3379 988 3473 1042 καὶ
3523 989 3557 1058 ἡ
3594 989 3779 1061 έὸδὸμη

545 1066 839 1135 καλείσθω,
901 1072 1086 1142 φησὶν,
1147 1071 1347 1143 ἡμέρα.
1376 1090 1395 1123 ι
1432 1072 1623 1141 ’Ἄγιος
1668 1073 1776 1144 γὰρ
1822 1072 2031 1145 ἡμῶνό
2071 1077 2130 1129 ὲν
2165 1076 2307 1147 ἀρχῇ
2363 1078 2466 1155 τῆς
2528 1077 2797 1145 γενέσεως
2871 1080 3093 1150 χρόνος-ο
3139 1080 3291 1135 οῦπω
3339 1082 3431 1138 τὸν
3473 1081 3784 1157 παράδεισον

546 1161 914 1233 ἑκϐεϐηκότυς
971 1162 1058 1217 διὰ
1100 1163 1198 1233 τὴν
1256 1163 1568 1234 παράϐασιν
1630 1162 1723 1217 τοῦ
1781 1165 2126 1238 προπάτορος
2176 1167 2368 1236 Ἀδὰμ,
2399 1167 2512 1221 ἀλλ’
2553 1171 2612 1222 ὲν
2656 1170 2804 1241 αὐτῷ
2844 1172 2942 1239 μὲν
3010 1171 3392 1241 διαιτωμένου,
3445 1172 3789 1243 φυλάττοντος

546 1255 603 1309 δὲ
638 1254 719 1309 ἔτι
760 1255 861 1328 τὴν
899 1253 1143 1309 δοθεῖσαν
1193 1253 1430 1324 ἐντολήν.
1466 1255 1655 1323 Ἀγιος
1691 1254 1748 1308 δὲ
1774 1254 1948 1323 ,πάλιν
2011 1256 2040 1308 6
2074 1257 2169 1336 καὶ
2206 1259 2266 1311 ἐν
2296 1259 2564 1328 ἐσχάτοις,
2604 1259 2693 1313 διὰ
2736 1261 2997 1331 Χριστοῦ,
3027 1262 3363 1326 δικαιοῦντος
3385 1264 3443 1316 ὲν
3475 1264 3650 1319 πίστει
3673 1267 3788 1331 τοὺς

555 1346 883 1420 προσιόντας
925 1344 1094 1417 αὐτῷ,
1161 1346 1254 1398 καὶ
1286 1346 1363 1409 εἰς
1400 1348 1576 1399 ἐκεῖνο
1625 1347 1786 1402 πάλιν
1829 1348 2273 1420 ἀνακομίζοντος,
2314 1353 2392 1415 είς
2431 1353 2569 1422 ὅπερ
2637 1347 2779 1425 ἦμεν
2802 1354 2858 1407 έν
2895 1356 3111 1425 ἀρχαῖς.
3148 1356 3363 1411 Οὐκοῦν
3428 1357 3547 1411 ὅλον
3587 1360 3712 1429 ἡμῖν
3738 1360 3790 1414 ἐν

550 1437 762 1502 τούτοις
799 1437 862 1492 τὸ
894 1437 1024 1507 περὶ
1055 1433 1151 1489 τοῦ
1200 1436 1454 1508 Σωτῆρος
1501 1435 1660 1507 ⁴ἡμῶν
1701 1437 2142 1509 προανετυποῦτο
2184 1441 2501 1510 μυστήριον.
2525 1439 2617 1494 Διὸ
2640 1440 2706 1513 δὴ
2727 1443 2823 1495 καὶ
2853 1442 3059 1515 σφόδρα
3090 1443 3270 1507 καλῶς
3339 1445 3477 1516 πρὸς
3519 1447 3792 1514 Ἰουδαίους

547 1531 709 1597 αὐτὸς
736 1530 919 1600 ἔλεγε·
956 1548 974 1580 ι
998 1528 1062 1582 Ei
1086 1525 1399 1580 ἐπιστεύετε
1420 1526 1646 1599 Μωῦσῇ,
1674 1529 1859 1598 φησιν,
1880 1528 2237 1582 ἐπιστεύσατε
2278 1528 2343 1583 ἂν
2378 1530 2500 1601 ἐμοί
2523 1546 2535 1559 '
2574 1532 2701 1601 περὶ
2728 1531 2837 1604 γὰρ
2875 1531 3008 1603 ἐμοῦ
3040 1533 3247 1598 ἐκεῖνος
3273 1533 3509 1606 ἔγραψε.
3536 1556 3554 1588 ι

780 1698 781 1701 η
826 1642 906 1698 De
943 1641 1330 1697 consecratione
1366 1626 1858 1711 primogenitorum.

618 1738 672 1792 1.
692 1732 990 1804 Redempti
1019 1730 1242 1802 quidem
1277 1745 1468 1786 sumus
1508 1746 1539 1784 a
1569 1731 1748 1801 prisca
1772 1731 1864 1785 illa
1893 1746 2128 1786 conver-

546 1833 759 1888 satione
798 1842 921 1897 qua
963 1824 1216 1895 patribus
1258 1821 1361 1877 fuit
1408 1822 1627 1888 tradita,
1678 1822 1821 1878 sicut
1862 1823 2131 1893 scriptum

546 1930 678 1977 est:
721 1937 739 1970 ι
790 1916 911 1973 Non
959 1912 1416 1983 corruptibilibus
1462 1920 1687 1983 argento
1730 1919 1787 1966 et
1834 1926 1992 1977 auro,
2035 1909 2132 1966 sed

547 2009 793 2081 pretioso
815 2005 1080 2078 sanguine
1104 2013 1360 2075 tanquam
1392 2002 1517 2072 agni
1540 2000 1876 2056 immaculati
1904 1999 2134 2066 Christi,

548 2099 867 2173 praecogniti
900 2095 1122 2168 quidem
1148 2103 1276 2155 ante
1299 2092 1750 2151 constitutionem
1784 2090 1996 2157 mundi,
2021 2106 2135 2147 ma—

549 2191 793 2250 nifestati
808 2196 993 2246 autem
1024 2187 1082 2245 in
1114 2185 1431 2243 novissimis
1444 2183 1510 2238 ⁸⁸.
1541 2203 1560 2237 ι
1592 2182 1729 2239 Cum
1754 2183 1905 2241 enim
1943 2191 2135 2252 suapte

550 2294 749 2341 natura
779 2284 931 2339 Deus
954 2288 1101 2338 esset
1137 2287 1193 2335 et
1220 2280 1278 2333 in
1307 2278 1483 2333 forma
1511 2291 1576 2331 ac
1605 2276 1918 2346 aequalitate
1949 2274 2045 2330 Dei
2078 2282 2135 2330 et

552 2374 752 2439 Patris,
788 2373 846 2428 in
886 2380 1032 2439 terra
1056 2371 1208 2427 visus
1235 2377 1340 2433 est,
1382 2376 1439 2424 et
1479 2382 1603 2423 cum
1646 2366 1965 2421 hominibus
1999 2380 2135 2421 eon-

552 2474 823 2529 versatus,
843 2458 1168 2533 Unigenitus
1194 2469 1378 2515 autem
1406 2458 1587 2514 dictus
1607 2466 1691 2513 est
1717 2457 2133 2528 primogenitus.

553 2556 644 2614 Ait
668 2554 819 2609 enim
847 2553 906 2608 in
926 2551 1158 2609 Psalmis
1180 2552 1252 2609 ad
1278 2552 1454 2607 Deum
1491 2565 1557 2606 ac
1576 2550 1810 2626 Patrem
1856 2549 2136 2604 ewlestem

554 2643 624 2699 de
688 2643 852 2699 nobis
895 2659 910 2698 :
963 2627 987 2695 ι’
1028 2641 1385 2717 Annuntiabo
1434 2656 1636 2695 nomen
1670 2647 1825 2694 tuum
1871 2637 2137 2694 fratribus

556 2734 714 2799 meis,
749 2733 807 2789 in
848 2733 1034 2789 medio
1061 2733 1320 2789 Ecclesia:
1344 2732 1585 2795 laudabo
1614 2740 1665 2787 te
1690 2730 1754 2785 ³⁸.
1793 2750 1811 2782 ι
1850 2730 1986 2786 Nam
2012 2746 2138 2785 cum

554 2826 942 2895 assumpsisset
980 2825 1272 2881 humanam
1324 2834 1606 2889 naturam,
1642 2831 1698 2878 et
1730 2838 1789 2880 se
1826 2823 2136 2878 admirabili

555 2917 786 2973 consilio
822 2916 1134 2972 demisisset
1157 2916 1214 2971 in
1244 2932 1329 2984 ea,
1365 2932 1487 2988 qua:
1519 2931 1621 2972 nos
1652 2930 1864 2980 sumus,
1894 2931 2004 2970 non
2031 2931 2136 2985 pu-

2261 1701 2267 1708 _
2412 1641 2552 1709 Περὶ
2574 1641 2683 1709 τῆς
2709 1642 3051 1711 ἀναθέσεως
3073 1644 3194 1700 τῶν
3220 1650 3635 1715 πρωτοτόκων.

2304 1738 2374 1788 α’.
2407 1731 2806 1805 Λελυτρώμεθα
2834 1734 2935 1804 μὲν
2963 1737 3028 1789 ἐκ
3074 1736 3174 1806 τῆς
3217 1739 3461 1810 ἀρχαίας
3497 1743 3651 1812 ἡμῶν
3684 1743 3802 1803 ἀνα-

2233 1825 2443 1895 τροφῆς
2498 1825 3015 1897 πατροπαραδότου,
3077 1827 3220 1882 κατά
3270 1828 3339 1887 τὸ
3396 1835 3803 1906 γεγραμμένον,

2239 1935 2258 1968 ι
2404 1917 2663 1991 φθαρτοῖς
2692 1919 2991 1991 ἀργυρίῳῆ
3018 1921 3246 1992 χρυσίῳ,
3271 1923 3421 1978 ἀλλὰ
3447 1928 3613 1999 τιμίῳ
3628 1928 3807 1999 αίματι

2233 2007 2309 2070 ὡς
2348 2006 2523 2078 ἀμνοῦ
2569 2006 2802 2078 ἀμώμου
2845 2009 2938 2061 καὶ
2967 2009 3198 2065 ἀσπίλου
3231 2012 3514 2084 Χριστοῦ,
3546 2032 3807 2086 προεγνωο

2237 2098 2436 2169 σμένου
2462 2099 2562 2169 μὲν
2593 2100 2698 2171 πρὸ
2724 2100 3030 2170 καταϐολῆς
3060 2102 3294 2172 κόσμου,
3333 2094 3737 2176 φανερωθέντος
3757 2109 3811 2165 ἃ

2234 2188 2322 2241 ἐπ’
2352 2188 2602 2258 ἐσχάτου.
2653 2207 2672 2240 ι
2707 2189 2838 2243 "Ars
2868 2188 3002 2253 Θεὸς
3040 2189 3115 2245 ὢν
3154 2191 3322 2261 φύσει
3351 2236 3368 2261 ,
3411 2196 3510 2250 καὶ
3544 2199 3598 2250 ἐν
3640 2201 3809 2270 μορφῇ

2237 2280 2333 2334 καὶ
2365 2278 2571 2351 ἰσότητι
2616 2276 2754 2334 Θεοῦ
2797 2282 2893 2335 καῖ¹
2927 2282 3170 2352 Πατρὸς,
3202 2284 3302 2337 καὶ
3347 2287 3476 2340 ἐπεὶ
3511 2287 3812 2358 ὠνόμασται

2237 2371 2332 2424 καὶ
2391 2372 2733 2442 πρωτότοκος
2765 2373 2794 2425 ὁ
2831 2374 3143 2443 Μονογενὴς
3168 2412 3183 2440 ,
3220 2377 3323 2430 ἐπὶ
3362 2378 3468 2448 γῆς
3501 2378 3661 2451 ὤφθη
3681 2421 3697 2445 ,
3728 2381 3815 2433 καὶ

2233 2460 2346 2520 τοῖς
2387 2455 2693 2528 ἀνθρώποις
2734 2461 3167 2533 συνανεστράφη.
3208 2464 3367 2535 Ἔφη
3409 2467 3523 2536 γάρ
3554 2485 3658 2521 που
3699 2469 3819 2540 περὶ

2234 2549 2391 2619 ἡμῶν
2421 2551 2477 2602 ἐν
2508 2549 2777 2620 Ψαλμοῖς,
2791 2553 2929 2621 πρὸς
2961 2552 3056 2607 τὸν
3081 2556 3140 2607 ὲν
3176 2556 3445 2626 οὐρανοῖς
3480 2559 3697 2631 Πατέρα
3730 2561 3818 2613 καὶ

2234 2639 2402 2693 Θεόν·
2451 2659 2469 2690 ι
2530 2639 2853 2708 ’Δπαγγελῶ
2904 2642 2966 2695 τὸ
3007 2642 3181 2714 δνομά
3239 2661 3346 2699 σου
3405 2650 3524 2712 τοῖς
3585 2649 3819 2718 ἀδελφοῖς

2241 2746 2342 2799 μου
2375 2768 2388 2792 ,
2447 2731 2506 2782 ἐν
2573 2731 2723 2800 μέσῳ
2772 2731 3101 2802 Ἐκκλησέας
3157 2734 3399 2805 ὑμνήσω
3455 2755 3539 2793 σε.
3583 2757 3602 2789 ι
3676 2740 3820 2801 ’ᾼνα-

2237 2817 2416 2872 λαϐὼν
2469 2819 2575 2889 γὰρ
2612 2820 2691 2882 εἰς
2735 2819 2927 2873 ἑαυτὸν
2981 2820 3050 2875 τά
3102 2822 3481 2892 ἀνθρώπινα,
3536 2827 3635 2880 καί
3695 2824 3823 2879 καθ-

2248 2911 2329 2973 εὶς
2369 2910 2728 2980 οἰκονομικῶς
2772 2912 2830 2963 ἐν
2872 2914 2982 2975 τοῖς
3026 2912 3147 2965 καθ’
3171 2914 3330 2987 ῄμᾶς
3365 2915 3438 2970 τά
3471 2917 3597 2970 καθ’
3623 2916 3823 2979 ἑαυτὸν,
3871 2901 3879 2909 ’

554 3008 679 3064 duit
699 3023 827 3063 eum
853 3023 956 3063 nos
994 3022 1194 3064 vocare
1224 3007 1462 3063 fratres:
1498 2992 1776 3078 siquidem
1815 3023 1915 3078 per
1957 3007 2133 3078 ipsum

2238 3000 2501 3068 ἀδελφοὺς
2532 3003 2682 3070 ἡμᾶς
2725 3002 3020 3057 ἀποκαλεῖν
3057 3003 3158 3056 οὐκ
3213 3006 3590 3077 αἰσχύνεται,
3632 3006 3827 3060 ὲπείτοι

554 3099 733 3155 vocati
757 3114 949 3154 sumus
969 3098 1025 3153 iu
1058 3099 1413 3170 adoptionem
1443 3097 1679 3154 ﬁliorum
1707 3096 1771 3152 δ’.
1798 3098 2016 3154 Etenim
2044 3114 2136 3153 vc-

555 3204 679 3245 rum
703 3196 807 3254 est,
835 3187 1081 3258 adeoque
1105 3204 1175 3243 ex
1195 3187 1328 3258 ipsis
1365 3194 1733 3242 contestatam
1768 3185 1951 3250 rebus,
1990 3182 2137 3255 quod

554 3281 718 3336 Pater
758 3295 919 3337 suum
960 3279 1241 3349 proprium
1280 3278 1481 3333 Filium
1526 3277 1741 3333 dederit
1788 3277 1856 3333 ad
1905 3277 2136 3331 salutem

557 3370 815 3429 omnibus
871 3369 1287 3441 redimendam“
1326 3369 1586 3438 Ideoque,
1635 3376 1698 3422 ut
1751 3367 1953 3422 Paulus
1995 3365 2072 3421 ait
2120 3383 2133 3420 :

564 3479 584 3512 ι
613 3460 797 3517 Pretio
816 3461 983 3529 empti
1008 3474 1199 3515 sumus
1220 3461 1286 3526 ³³,
1318 3480 1337 3512 ι
1364 3476 1544 3530 neque
1567 3475 1757 3515 sumus
1780 3461 1953 3515 nostri
1972 3460 2133 3531 juris.

565 3570 585 3601 ‹
614 3549 724 3606 Sed
752 3563 896 3605 unus
913 3564 1012 3619 pro
1040 3550 1298 3605 omnibus
1328 3558 1579 3606 mortuus
1602 3558 1707 3614 est,
1732 3557 1793 3606 ut
1814 3566 2005 3621 omnes
2027 3567 2136 3605 non

558 3638 796 3710 amplius
823 3638 1234 3709 nobismetipsis
1257 3639 1523 3705 vivamus,
1547 3639 1642 3694 sed
1669 3639 1721 3696 ei
1746 3637 1840 3708 qui
1861 3654 1959 3709 pro
1978 3639 2138 3693 nobis

555 3738 812 3787 mel-tuus
849 3736 935 3787 est
968 3736 1026 3787 et
1059 3728 1362 3785 resurrexit
1390 3725 1477 3781 ³⁸⁸.
1518 3746 1538 3779 ι
1570 3724 1726 3794 Quod
1761 3735 1944 3781 autem
1967 3741 2136 3781 unus-

556 3816 793 3892 quisque
846 3836 1041 3879 eorum
1084 3819 1178 3890 qui
1218 3824 1318 3893 per
1351 3818 1631 3876 Christum
1663 3817 1862 3873 servati
1892 3826 2040 3884 sunt,
2083 3824 2139 3873 et

556 3912 715 3983 quasi
732 3912 1023 3985 imaginem
1045 3911 1218 3983 ipsius
1238 3908 1519 3967 consecuti
1547 3924 1645 3980 per
1670 3907 1909 3979 Spiritus
1933 3905 2137 3962 sancti-

557 4004 890 4071 ficationem,
917 4004 1146 4075 posthac
1177 4002 1344 4056 vitam
1367 4016 1521 4056 suam
1542 4005 1826 4077 consecret
1850 3998 1984 4062 Deo,
2019 4012 2135 4051 ma-

556 4091 819 4149 nifestum
847 4091 1013 4147 fuerit
1048 4107 1116 4146 cx
1149 4091 1393 4161 sapiente
1427 4089 1595 4155 Mose,
1638 4088 1733 4159 qui
1772 4086 2029 4158 antiquos
2063 4085 2137 4161 ita

559 4181 805 4239 affatur:
858 4199 878 4233 ι
926 4180 996 4235 Et
1026 4180 1155 4244 erit,
1190 4156 1316 4236 cum
1358 4156 1729 4237 introduxerit
1776 4187 1828 4235 te
1872 4156 2138 4233 Dominus

558 4269 705 4329 Deus
726 4279 853 4326 tuus
873 4270 928 4324 in
954 4278 1155 4325 terram
1184 4269 1636 4331 Chananaeorum,
1662 4268 1804 4323 sicut
1820 4268 2021 4340 iuravit
2044 4281 2138 4338 pa-

2239 3088 2549 3161 κεκλήμεθα
2575 3090 2710 3162 πρὸς
2752 3091 2974 3160 υἱότητα
3017 3089 3083 3143 δι’
3123 3091 3320 3146 αὐτοῦ.
3371 3094 3489 3147 Καὶ
3537 3095 3645 3164 γάρ
3692 3094 3828 3145 ἐστιν

2237 3179 2456 3250 ἀληθὲς,
2482 3179 2576 3231 καὶ
2597 3179 2654 3245 ἐξ
2678 3178 2855 3232 αὐτῶν
2879 3178 3305 3250 μεμαρτύρηται
3324 3182 3440 3235 τῶν
3470 3181 3828 3254 πραγμάτων,

2235 3268 2317 3321 ὅτι
2340 3267 2429 3319 τὸν
2456 3266 2583 3320 ἴδιον
2617 3266 2740 3320 Υἰδν
2760 3267 2859 3338 τῆς
2892 3267 3145 3341 ἁπάντων
3184 3269 3350 3339 ἡμῶν
3396 3271 3679 3342 σωτηρίας
3708 3271 3832 3323 ἀντ·

2235 3357 2486 3428 ἀλλαγμα
2526 3357 2755 3411 δέδωκεν
2795 3359 2823 3411 6
2859 3358 3066 3430 Πατήρ.
3119 3361 3341 3415 Οὐκοῦν
3419 3362 3500 3425 ὡς
3561 3364 3590 3414 6
3633 3360 3834 3425 Παῦλός

2238 3466 2404 3519 φησι,
2441 3467 2458 3499 ι
2497 3448 2675 3519 Τιμῆς
2709 3449 3084 3519 ὴγοράσμεθα,
3116 3469 3133 3501 ι
3161 3452 3260 3504 καὶ
3285 3454 3396 3506 οὑκ
3417 3438 3593 3525 ἐσμέν
3612 3452 3832 3508 ἑαυτῶν.

2244 3559 2263 3592 ι
2319 3540 2459 3593 Ἀλλ’
2507 3536 2587 3605 εἷς
2635 3541 2775 3611 ὑπὲρ
2819 3542 3039 3595 πάντων
3085 3542 3392 3610 ἀπέθανεν,
3436 3547 3529 3600 ἵνα
3562 3551 3615 3604 οἱ
3643 3545 3836 3607 πάντες

2242 3632 2438 3704 μηκέτι
2466 3632 2675 3695 ἑαυτοῖς
2711 3631 2912 3704 ζῶμεν,
2938 3633 3073 3686 ἀλλὰ
3102 3634 3180 3705 τῷ
3202 3634 3357 3707 ὑπὲρ
3392 3639 3427 3707 ἡ
3437 3637 3562 3708 μῶν
3592 3635 3842 3692 τεθνεῶτι

2239 3723 2334 3776 καὶ
2378 3721 2756 3793 ἐγηγερμένῳ.
2807 3741 2827 3775 ι
2891 3723 3018 3779 Ὀτι
3070 3723 3255 3779 τοίνυν
3312 3725 3565 3791 ἕκαστος
3609 3726 3720 3779 τῶν
3757 3723 3840 3778 διά

2238 3812 2475 3885 Χριστοῦ
2524 3814 2904 3884 σεσωσμένων,
2952 3816 3045 3870 καὶ
3097 3816 3265 3869 οἱονεὶ
3325 3819 3705 3890 συμμορφίαν
3750 3816 3845 3887 τὴν

2239 3906 2375 3978 πρὸς
2416 3907 2578 3961 αὐτὸν
2610 3902 2668 3960 εὗ
2724 3907 2868 3977 μάλα
2929 3908 3403 3979 πεπλουτηκότων
3443 3911 3519 3965 δι’
3570 3904 3842 3980 ἀγιασμοῦ

2237 3999 2293 4050 ὲν
2324 3997 2620 4069 Πνεύματι,
2657 3998 2777 4069 Θεῷ
2808 3999 2908 4070 τὴν
2934 3999 3139 4054 οἰκείαν
3167 4001 3399 4074 έπόφλῃ
3465 4002 3646 4074 ζωὴν,
3685 3999 3849 4068 σαφὲς

2237 4088 2303 4143 ἂν
2328 4090 2539 4158 γένοιτο
2564 4090 2995 4162 προσλαλοῦντος
3016 4094 3128 4157 τοῖς
3155 4093 3567 4166 ἀρχαιοτέροις
3597 4093 3694 4147 τοῦ
3718 4107 3848 4144 παν-

2238 4180 2402 4248 σόφου
2448 4180 2722 4244 Μωσέωςο
2775 4200 2793 4233 ι
2847 4182 2957 4236 Καὶ
2994 4181 3185 4246 ἔσται,
3232 4182 3315 4246 ὡς
3367 4183 3444 4238 ἂν
3477 4182 3760 4251 εἰσαγάγῃ
3795 4193 3850 4231 σε

2236 4270 2440 4341 Κύριος
2489 4272 2518 4323 6
2545 4270 2678 4334 Θεός
2713 4288 2805 4324 σου
2843 4272 2923 4335 εἰς
2950 4272 3049 4344 τὴν
3077 4272 3180 4342 γῆν
3226 4272 3350 4326 τῶν
3395 4271 3763 4335 Χαναναίων,
3794 4266 3851 4320 ὃν

560 4361 740 4420 tribus
789 4360 920 4426 tuis,
960 4369 1017 4436 et
1057 4359 1213 4415 dabit
1250 4360 1351 4415 tibi
1388 4375 1541 4428 eam;
1579 4369 1635 4416 et
1663 4358 1941 4432 separabis
1976 4373 2135 4413 omne

2242 4362 2440 4433 τρόπον
2471 4360 2653 4433 ὤμοσε
2698 4365 2810 4426 τοῖς
2836 4363 3077 4435 πατράσι
3107 4380 3224 4426 σου,
3259 4365 3370 4418 καὶ
3400 4365 3486 4436 δῷ
3536 4382 3625 4418 σοι
3652 4362 3852 4431 αὐτὴν·

560 4451 812 4525 aperiens
832 4434 1048 4508 vulvam
1078 4453 1317 4517 mascula
1342 4451 1593 4518 Domino,
1621 4460 1678 4506 et
1701 4466 1862 4509 omne
1885 4449 2137 4522 aperiens

558 4544 779 4599 vulvam
798 4560 868 4603 ex
897 4543 1160 4604 armentis
1177 4552 1234 4603 et
1265 4543 1319 4599 in
1342 4542 1608 4615 jumentis
1629 4542 1769 4600 tuis:
1796 4556 2136 4614 quacunque

559 4634 768 4694 fuerint
802 4634 903 4693 tibi
935 4635 1233 4692 masculina
1267 4634 1636 4694 sanctificabis
1666 4633 1918 4693 Domino.
1963 4632 2136 4689 Omne

559 4726 816 4797 aperiens
842 4726 1057 4783 vulvam
1082 4725 1266 4789 asinis,
1298 4726 1535 4781 mutabis
1558 4741 1660 4780 ove
1695 4743 1707 4778 :
1739 4725 1785 4779 si
1811 4731 1994 4781 autem
2025 4738 2134 4777 non

558 4815 880 4882 mutaveris,
908 4814 1147 4872 redimes
1171 4812 1327 4867 illud.
1366 4812 1537 4869 Omne
1576 4813 1999 4884 primogenitum
2034 4812 2136 4867 ho-

558 4908 723 4964 minis
749 4906 986 4964 filiorum
1013 4916 1232 4963 tuorum
1256 4904 1572 4964 redimes".
1606 4926 1623 4957 ι
1646 4904 1984 4976 Congregata
2006 4919 2137 4961 vero

560 5013 662 5053 suo
705 5006 952 5070 tempore
975 4997 1256 5070 Synagoga
1282 4995 1338 5051 in
1354 4994 1523 5062 Qreb,
1547 4996 1708 5068 277
1731 4995 1927 5067 aequali
1961 4995 2136 5053 utitur

557 5103 831 5154 sermone,
858 5089 932 5143 ita
960 5103 1155 5145 rursus
1168 5102 1289 5143 eam
1319 5086 1589 5145 allocutus
1620 5086 1931 5157 lcgislator:
1971 5104 1987 5135 ι
2016 5083 2136 5139 Pri-

558 5175 866 5247 mogenitos
885 5174 1121 5231 ﬁliorum
1142 5183 1362 5232 tuorum
1382 5176 1539 5235 dabis
1558 5176 1713 5231 mihi.
1751 5174 1840 5230 Sic
1867 5173 2139 5230 sacriﬁca-

558 5265 645 5323 bis
670 5266 905 5322 vitulum
929 5276 1080 5322 tuum
1100 5277 1157 5324 ct
1177 5283 1332 5323 ovem
1358 5277 1507 5323 tuam
1539 5276 1596 5328 et
1624 5268 1933 5337 jumeutum
1958 5274 2134 5323 tuum.

557 5356 779 5426 Septem
811 5356 929 5413 dies
967 5359 1075 5413 erit
1113 5357 1258 5428 apud
1292 5364 1545 5421 matrem,
1583 5363 1776 5411 octavo
1822 5363 2004 5409 autem
2049 5353 2136 5407 die

560 5446 693 5505 mihi
714 5447 913 5503 reddes
944 5448 1099 5505 illud.
1121 5449 1186 5504 Et
1216 5448 1315 5506 viri
1341 5448 1511 5505 sancti
1535 5446 1689 5505 eritis
1707 5446 1840 5500 mihi
1869 5445 1932 5498 "°.
1977 5464 1994 5496 ι

635 5743 677 5776 ³⁸
730 5742 887 5795 Joan.
922 5760 970 5801 ν,
998 5743 1083 5795 fili.

635 5744 677 5776 “
730 5744 887 5795 Joan.
922 5760 970 5801 ν,
998 5744 1083 5795 fit}.
1160 5744 1203 5775 ⁸⁵
1230 5746 1247 5801 l
1279 5746 1424 5801 Petr.
1453 5762 1490 5807 ι,
1521 5747 1599 5798 18.
1681 5747 1725 5777 ³⁸
1758 5747 1892 5800 Psal.
1923 5764 2031 5812 xxi,
2060 5749 2145 5801 εδ.

568 5813 661 5873 ίῦο
699 5813 780 5869 16.
858 5813 901 5839 ³⁸⁵
935 5812 1103 5867 Εκυιι.
1144 5829 1255 5873 ιιειι.
1302 5810 1477 5870 ίι-ιὸ.
1556 5816 1600 5845 ³ο
1639 5816 1809 5869 Exod.
1867 5818 1997 5873 in".
2058 5819 2141 5872 19-

606 5832 661 5869 ὓο
699 5832 780 5869 ID.

858 5813 901 5839 ""'
935 5812 1103 5867 Exod.
1144 5829 1255 5879 xzu,
1302 5810 1477 5870 ίι-ιὸ.

1556 5816 1600 5845 ³ο
1639 5816 1809 5869 Exod.
1867 5818 1997 5882 in",
2058 5819 2228 5873 ιιι-δυ.

2239 4453 2332 4507 καὶ
2369 4454 2616 4525 ἀφοριεῖς
2646 4455 2754 4507 πᾶν
2782 4454 3049 4524 διανοῖγον
3088 4454 3326 4527 μήτραν
3357 4456 3434 4510 τά
3480 4452 3762 4529 ἀρσενικά
3783 4447 3858 4519 τῷ

2241 4545 2453 4621 Κυρίῳ,
2486 4547 2595 4600 πᾶν
2637 4544 2909 4616 διανοῖγον
2957 4549 3168 4619 μήτραν
3198 4549 3263 4601 ὲκ
3308 4548 3435 4602 τῶν
3470 4540 3858 4619 βουκολίοινῶ

2238 4635 2297 4691 ἐν
2318 4638 2429 4700 τοῖς
2449 4635 2672 4706 κτήνεσί
2704 4652 2819 4699 σου,
2845 4637 2944 4689 ὅσα
2966 4637 3031 4691 ἂν
3061 4637 3292 4708 γένηταί
3329 4654 3424 4693 σοι
3459 4638 3537 4693 τὰ
3571 4634 3858 4710 ἀρσενικὰ,

2237 4723 2486 4794 ἀγιάσεις
2508 4724 2650 4779 αὐτὰ
2667 4723 2746 4795 τῷ
2768 4725 2974 4797 Κυρίῳ.
3004 4727 3116 4780 Πᾶν
3139 4727 3433 4795 διανοῖγον
3464 4731 3700 4801 μήτραν
3723 4726 3861 4785 ὅνους

2236 4816 2487 4882 ἀλλάξεις
2528 4817 2786 4890 προϐάτῳ
2811 4831 2824 4847 ’
2880 4817 2975 4874 ἐὰν
3016 4818 3073 4872 δὲ
3125 4818 3203 4889 μὴ
3244 4819 3556 4895 ἀλλάξῃς,
3612 4817 3860 4888 λυτρώσῃ

2238 4909 2390 4964 αὐτό.
2434 4909 2548 4967 Πᾶν
2582 4908 2928 4980 πρωτότοκον
2953 4909 3241 4982 ἀνθρώπου
3280 4912 3408 4965 τῶν
3455 4912 3604 4967 υἱῶν
3646 4927 3743 4964 σου
3775 4908 3862 4960 λυ-

2237 4997 2443 5069 τρὼσῃ.
2483 5018 2501 5051 ι
2541 5000 3029 5072 Συναγηγερμένης
3074 4999 3129 5052 δὲ
3170 5000 3268 5070 τῆς
3326 5002 3665 5073 ἐκκλησίας
3731 4996 3865 5053 κατὰ

2239 5092 2466 5163 καιροὺς
2499 5094 2556 5145 ἐν
2590 5092 2793 5164 Χωρὴὸ
2821 5132 2837 5157 ,
2883 5093 2971 5146 διὰ
3013 5093 3122 5147 τῶν
3175 5096 3317 5147 ἰσων
3359 5094 3613 5166 ἔρχεται
3653 5093 3866 5162 λόγων.

2237 5181 2584 5253 ἐθεσμοθέτει
2629 5183 2686 5237 δὲ
2726 5183 2907 5249 πάλιν,
2942 5184 3118 5253 λέγων
3148 5183 3279 5236 ὠδί-
3325 5203 3347 5235 ι
3413 5186 3508 5239 Τὰ
3538 5185 3870 5256 πρωτότοκα

2236 5273 2346 5326 τῶν
2372 5273 2503 5328 υἱῶν
2529 5291 2623 5326 σου
2654 5273 2847 5340 δώσεις
2871 5275 3013 5345 ἐμοί.
3043 5275 3199 5328 Οὕτω
3225 5278 3517 5347 ποιήσεις
3546 5277 3646 5331 τὸν
3676 5275 3872 5346 μόσχον

2241 5380 2333 5417 σου
2366 5407 2378 5428 ,
2428 5365 2523 5416 καὶ
2556 5365 2616 5417 τὸ
2647 5364 2919 5437 πρόϐατόν
2969 5382 3063 5419 σου
3090 5404 3103 5429 ,
3141 5365 3233 5420 καὶ
3272 5365 3345 5417 τὸ
3385 5366 3715 5436 ὑποζύγιόν
3757 5382 3872 5417 σου.

2250 5455 2422 5508 Ἑπτὰ
2462 5456 2698 5528 ἡμέραις
2729 5456 2882 5513 ἔσται
2922 5457 3027 5509 ὑπὸ
3054 5456 3150 5526 τὴν
3190 5456 3432 5527 μητέρα
3458 5499 3475 5524 ,
3512 5462 3589 5531 τῇ
3623 5458 3685 5512 δὲ
3714 5454 3871 5527 ὀγδόῃ

2241 5546 2423 5617 ἡμέρᾳ
2451 5547 2751 5611 ἀποδώσεις
2791 5566 2879 5619 μοι
2912 5548 3063 5602 αὐτό.
3096 5550 3203 5601 Καὶ
3228 5545 3451 5618 ἄνδρες
3494 5549 3655 5619 ἅγιοι
3687 5545 3875 5602 ἔσεσθέ

2245 5653 2353 5705 μοι.
2394 5656 2411 5686 ι

2796 5752 2836 5781 ’λ
2872 5750 3041 5808 iCor.
3077 5768 3147 5813 vi,
3191 5747 3280 5802 90.

2262 5751 2303 5781 δ”
2339 5751 2535 5821 prcs.
2576 5768 2613 5827 ε,
2643 5752 2692 5805 ὕ.
2796 5752 2836 5781 ’λ
2872 5751 3041 5808 iCor.
3077 5768 3147 5813 vi,
3191 5751 3280 5802 90.
3417 5752 3489 5783 “‘
3535 5752 3587 5808 ll
3638 5751 3773 5808 Cor.
3820 5763 3875 5814 ν,
