4066 6282
325 430 430 488 ιῦῚ

1321 427 1849 487 GLAPIIYROBUM
1881 426 1951 482 IN
1988 422 2276 482 EXODUM
2315 423 2444 479 LIB.
2485 423 2550 478 II.

3496 417 3605 475 I53

396 544 463 615 ρ.
492 544 840 617 Εύαφόρμως
887 546 986 616 μὲν
1011 539 1103 601 οὖν
1136 548 1166 599 ὁ
1197 544 1312 600 τῶν
1338 547 1480 601 ὅλων
1504 547 1640 612 Θεδς
1675 547 1774 619 τὴν
1800 545 1911 600 τῶν

2081 544 2136 599 2.
2167 544 2584 614 Peropportune
2606 539 2776 610 igitur
2803 538 2951 594 Deus
2963 538 3135 594 totius
3160 534 3405 593 universi
3426 542 3606 606 poscit

326 636 462 691 δλων
489 637 748 691 ἀνάθεσιν
790 640 952 703 αίτεῖ,
990 639 1085 693 καὶ
1110 639 1267 710 αὑτῷ
1286 639 1483 710 χρῆναι
1513 640 1909 711 διισχυρίζεται

326 727 618 800 καθιεροῦν
647 729 796 799 ἡμᾶς
823 729 899 782 τά-
917 731 1205 802 ἀρρενικά.
1251 730 1470 802 Ἐπειδὴ
1495 731 1606 803 γὰρ
1627 730 1911 786 διολώλασι

331 817 430 887 μὲν
453 817 522 870 τὰ
549 817 658 870 τῶν
680 820 996 885 Αἰγυπτίων
1022 820 1364 890 πρωτότοκα,
1386 821 1655 875 σέσωσται
1681 821 1739 875 δὲ
1778 837 1914 875 παν-

326 909 437 963 οικὶ
480 910 576 993 καῖ
618 910 802 983 διέδρα
843 911 940 964 τὸν
986 911 1315 984 ὀλοθρευτὴν
1349 914 1378 967 ὁ
1406 913 1765 983 ἠγαπημένος
1807 913 1911 965 Ἱσο

330 1000 488 1072 ραὴλ,
515 1000 595 1071 τῷ
616 1001 809 1071 αἵματι
834 1001 928 1055 τοῦ
953 1002 1127 1073 ἀμνοῦ
1158 1003 1661 1074 κατακεχρισμένος
1687 1004 1811 1056 ὅσον
1832 1003 1914 1066 είς

328 1093 496 1147 τύπον
520 1093 760 1164 Χριστοῦ
791 1092 884 1147 τοῦ
909 1094 976 1147 δι’
1017 1096 1168 1166 ἡμᾶς
1213 1097 1273 1148 έν
1306 1096 1540 1166 νεκροῖς,
1575 1095 1662 1148 ἵνα
1702 1110 1910 1166 καταρ-

329 1185 469 1255 γήσῃ
498 1183 588 1237 τὸν
617 1184 871 1249 θάνατον,
901 1185 1160 1258 ταύτῃτοι
1194 1187 1420 1250 δικαίως
1454 1183 1565 1240 εἷεν
1606 1172 1674 1240 ἂν
1700 1186 1913 1240 ἑαυτῶν

332 1277 429 1346 μὲν
451 1277 635 1331 οὐκέτι
662 1276 732 1330 τὰ
765 1277 1085 1348 σεσωσμένα
1106 1295 1120 1308 ·
1150 1278 1348 1350 πρέποι
1373 1279 1418 1332 δ’
1447 1277 1513 1332 ἂν
1541 1276 1742 1349 μᾶλλον
1770 1276 1909 1331 αὐτὰ

326 1367 718 1439 διακεκτῆσθαι
745 1368 932 1423 λοιπὸν
957 1370 1029 1434 ὡς
1058 1371 1164 1425 rem
1194 1371 1288 1425 τὸν
1323 1372 1464 1443 ὑπὲρ
1490 1370 1698 1425 ἑαυτῶν
1724 1386 1907 1423 κεκιν-

325 1459 644 1515 δυνευκότα.
695 1461 794 1514 ’⁸ον
832 1460 947 1532 γὰρ
985 1461 1187 1532 τρόπον
1217 1462 1269 1515 oi
1310 1463 1437 1526 τοὺς
1483 1461 1585 1533 ἤδη
1619 1461 1912 1531 γεγονότας

328 1551 681 1623 ὑποχειρίους
710 1550 1068 1622 βαρϐαρικοῖς
1094 1551 1459 1609 ἀπαλλάττειν
1478 1554 1773 1625 ἰσχύοντες,
1814 1552 1911 1606 καὶ

327 1642 429 1712 τῆς
471 1642 754 1713 ἀδοκήτως
781 1642 1170 1715 ιπενεχθείσης
1212 1644 1455 1709 δουλείας
1481 1644 1803 1717 ἐλευθεροῦν
1819 1644 1910 1698 διὰ

330 1731 431 1784 τοῦ
473 1732 576 1803 τὴν
604 1730 743 1803 πρὺς
773 1732 1015 1798 ἐκείνους
1052 1735 1345 1806 ἀνατλῆναι
1388 1736 1588 1808 μάχην,
1628 1736 1913 1807 μονονουχὶ

336 1824 439 1891 τὴν
478 1822 742 1877 δεσπότου
768 1822 953 1881 λοιπὸν
986 1826 1251 1899 ἐπέχουσι
1269 1829 1445 1895 τάξιν,
1473 1829 1663 1900 αἵματι
1684 1827 1766 1899 τῷ
1795 1828 1910 1899 ίδίῳ

343 1915 474 1976 τοὺς
506 1914 734 1980 ἁλόντας
767 1915 1185 1987 κατακτώμενυι
1203 1934 1219 1948 ·
1250 1918 1392 1972 κατὰ
1422 1917 1515 1971 τδν
1542 1918 1678 1980 ἴσον,
1716 1912 1870 1988 οἶμαι
1894 1959 1908 1982 ,

340 2006 537 2059 τοῦτον
573 2005 732 2075 λόγον
774 2007 869 2061 καὶ
910 2009 939 2061 ὁ
987 2006 1195 2078 Κύριος
1231 2007 1388 2079 ἡμῶν
1432 2006 1636 2078 Ἰησοῦς
1660 2005 1911 2077 Χριστὸς,

333 2098 397 2150 τὸ
426 2098 540 2151 τῶν
579 2098 910 2171 ἀκαθάρτων
939 2099 1210 2171 δαιμόνων
1240 2099 1554 2169 καταδήσας
1582 2101 1789 2170 στῖφος,
1818 2098 1914 2154 καὶ

331 2190 395 2242 τὸ
447 2189 581 2243 ἴδιον
614 2185 756 2260 αῗμα
795 2190 1062 2255 τεθεικὼς
1101 2191 1242 2262 ὑπὲρ
1272 2184 1478 2262 ’ήμῶνι
1514 2191 1825 2261 ἀποστήσας
1852 2206 1914 2244 τε

329 2280 473 2333 οὕτω
493 2280 586 2334 τὸν
623 2281 874 2349 θάνατον,
903 2283 997 2336 καὶ
1032 2282 1345 2345 καταλύσας
1370 2282 1467 2354 τὴν
1499 2282 1723 2355 φθορὰν,
1752 2282 1915 2346 ίδίους

331 2375 478 2444 ἡμᾶς
509 2377 748 2428 ποιεῖται
793 2375 983 2428 λοιπὸν
1004 2414 1019 2440 ,
1050 2373 1134 2436 ,ὡς
1164 2372 1263 2445 τὴν
1292 2375 1515 2428 έαυτῶν
1558 2375 1656 2446 μὲν
1705 2373 1915 2442 οὐκέτι,

330 2465 434 2536 τὴν
478 2465 644 2519 αὑτοῦ
690 2465 747 2518 δὲ
782 2465 988 2537 μᾶλλον
1032 2464 1330 2531 διαζῶντας
1360 2464 1531 2535 ζωήν.
1568 2467 1629 2521 Ei
1684 2468 1759 2538 μὴ
1805 2464 1918 2537 γὰρ

331 2557 601 2611 ἀπέθανεν
644 2557 788 2628 ὑπὲρ
833 2557 1011 2628 ἡμῶν,
1045 2558 1147 2612 οὐκ
1185 2557 1250 2612 ἂν
1298 2558 1639 2629 διεσώθημεν
1663 2576 1677 2589 ο
1735 2559 1829 2612 καὶ
1865 2558 1918 2612 εί

333 2648 409 2720 μὴ
433 2649 660 2719 γέγονεν
683 2651 744 2702 ἒν
776 2652 1013 2722 νεκροῖς,
1044 2653 1144 2705 οὐκ
1167 2651 1232 2705 ἂν
1260 2652 1321 2705 τὸ
1347 2652 1677 2723 δυσάντητον
1702 2650 1796 2705 τοῦ
1822 2651 1916 2703 θα-

332 2740 490 2794 νάτου
535 2741 865 2812 κατεσείσθη
918 2743 1138 2812 κράτος.
1197 2742 1354 2798 Οὕτω
1407 2745 1503 2798 καὶ
1549 2745 1579 2797 ὁ
1628 2745 1917 2809 Θεσπέσιος

334 2829 545 2895 Παῦλος
593 2833 1109 2905 μεμυσταγώγηκε,
1144 2834 1339 2904 λέγων,
1385 2837 1512 2901 τοὺς
1539 2836 1628 2890 διὰ
1676 2836 1915 2909 Χριστοῦ

342 2924 739 2994 σεσωσμένους
782 2944 800 2976 ι
840 2927 1063 2998 Χριστῷ
1095 2927 1586 3000 συνεσταύρωμαι·
1620 2928 1697 2992 ζῶ
1736 2929 1793 2982 δὲ
1823 2930 1916 2982 οὐ·

345 3014 459 3068 κέτι
491 3014 626 3085 ἐγώ·
664 3018 729 3089 ζῇ
770 3018 826 3071 δὲ
868 3021 924 3072 έν
970 3020 1095 3090 ἐμοὶ
1135 3021 1388 3090 Χριστός.
1429 3023 1494 3075 Ὃ
1527 3020 1583 3074 δὲ
1617 3020 1712 3074 νῦν
1741 3020 1820 3086 ζῶ
1857 3023 1918 3077 ἐν

349 3100 530 3176 σαρκὶ,
559 3107 615 3160 ὲν
656 3110 840 3163 πίστει
882 3108 958 3173 ζῶ
983 3112 1048 3181 τῇ
1076 3109 1170 3163 τοῦ
1207 3110 1332 3163 Υἱοῦ
1355 3110 1449 3164 τοῦ
1479 3110 1614 3164 Θεοῦ
1645 3109 1738 3167 τοῦ
1771 3110 1917 3180 ἀγα-

344 3197 614 3298 πὶῇσαντός
635 3217 722 3270 με,
746 3200 840 3298 καίζ
865 3201 1046 3298 δόντρς
1069 3202 1259 3255 ἑαυτὸν
1282 3203 1420 3275 ὑπὲρ
1454 3202 1610 3273 ἐμοῦ.
1646 3223 1665 3254 ι
1702 3203 1915 3298 ’Ὠσπερ
1942 3239 1987 3298 c

343 3282 438 3340 οὖν
469 3291 754 3359 μονονουχὶ
789 3289 889 3361 τὴν
922 3288 1015 3343 τοῦ
1053 3291 1354 3360 σφαγέντος
1390 3291 1564 3363 ἀμνοῦ
1606 3291 1751 3362 ζωὴν
1778 3290 1918 3357 ἔζων

333 3381 386 3432 οἱ
414 3378 475 3445 ἐξ
513 3379 751 3451 Ἰσραὴλ,
781 3371 1045 3436 οὕτωκαὶ
1074 3384 1233 3453 ἡμεῖς
1254 3383 1375 3454 οὐχὶ
1395 3384 1500 3454 τὴν
1538 3382 1672 3437 ίδίαν
1706 3384 1785 3437 ἔτι
1814 3382 1918 3448 ζῶα

339 3487 439 3540 μιν
466 3470 636 3542 ζωὴν,
680 3471 817 3526 ἀλλὰ
849 3473 947 3543 τὴν
975 3472 1071 3528 τοῦ
1107 3474 1175 3527 δι’
1202 3477 1353 3545 ἡμᾶς
1380 3474 1747 3539 ἀποθανόντος
1786 3478 1921 3548 Χρι-

337 3561 465 3616 στοῦ
484 3605 502 3630 ,
534 3565 584 3617 εί
613 3563 711 3617 καὶ
737 3563 936 3618 ἀνεϐίω
966 3564 1152 3620 πάλιν.
1181 3565 1301 3637 Ζωὴ
1328 3565 1436 3637 γὰρ
1462 3561 1531 3636 ἦν
1557 3566 1699 3621 κατά
1731 3567 1913 3637 φύσιν,

330 3655 409 3719 ὡς
432 3653 591 3719 Θεός.
641 3655 763 3727 Χρὴ
796 3656 976 3710 τοίνυν
1026 3657 1182 3727 ἡμῶν
1222 3646 1382 3727 ἁγίαν
1420 3653 1560 3712 εἶναι
1597 3659 1695 3731 τὴν
1730 3660 1874 3731 ζωήν
1899 3677 1911 3689 ·

331 3747 557 3819 τοιαύτη
587 3747 755 3820 γάρὴ
784 3746 1043 3819 Χριστοῦ.
1076 3748 1459 3821 Ἀγίωςδὲζῇν
1490 3751 1783 3823 ᾑρημένοι,
1817 3751 1916 3822 τὴν

332 3838 858 3908 ἁξιάγαστον“αύτοῦ
880 3839 1408 3912 καταπλουτήσομεν
1438 3843 1643 3907 εἰκόνα,
1677 3843 1918 3913 σύμμορ-

332 3932 423 3997 φοί
453 3947 514 3983 τε
540 3930 832 3999 γεγονότες
860 3930 939 4001 τῷ
967 3931 1035 3985 δι’
1062 3933 1209 4003 ἡμᾶς
1242 3932 1367 3986 καθ’
1397 3936 1579 4004 ἡμᾶς,
1612 3935 1707 3989 καὶ
1741 3936 1917 3989 Μονο-

332 4022 486 4086 γενεῖ
512 4020 613 4091 μὲν
639 4020 717 4084 ὡς
734 4019 874 4092 Θεῷ,
906 4023 1238 4095 πρωτοτόκῳ
1259 4023 1315 4077 δὲ
1339 4023 1428 4077 διὰ
1457 4027 1517 4078 τὸ
1549 4025 1914 4096 ἀνθρώπινον,

334 4112 533 4181 ἱερεῖον
564 4111 816 4182 ἀνάθεμα
845 4110 940 4166 καὶ
973 4111 1298 4185 ἀξιόληπτον
1338 4116 1555 4185 ἀληθῶς
1586 4116 1820 4187 ἐσόμεθα
1841 4114 1918 4187 τῷ

332 4202 455 4273 Θεῷ
484 4204 581 4257 καὶ
614 4203 807 4275 Πατρί.
855 4205 1165 4274 Ἀγιάζεται
1189 4208 1369 4261 τοίνυν
1389 4206 1455 4260 τὰ
1478 4207 1799 4277 πρωτότοκα
1825 4209 1919 4263 καὶ

329 4294 641 4364 ἀρσενικὰ,
686 4294 775 4348 διά
811 4312 894 4349 τοι
939 4295 1001 4350 τὸ
1047 4300 1105 4352 έν
1151 4298 1321 4351 εἰκόνι
1373 4296 1611 4351 νοεῖσθαι
1653 4297 1913 4366 Χριστοῦ.

335 4388 554 4459 Ὥσπερ
584 4387 696 4459 γὰρ
722 4388 789 4443 τὰ
811 4388 986 4461 βρέφη
1014 4388 1411 4463 προσεκόμιζον
1436 4391 1535 4462 μὲν
1556 4391 1613 4445 αἱ
1643 4392 1879 4463 μητέρες
1897 4407 1912 4423 ⁸

332 4479 595 4549 προσίετο
612 4479 667 4533 δὲ
691 4481 785 4534 καὶ
810 4482 929 4535 λίαν
952 4482 1202 4553 ἀσμένως
1230 4484 1258 4535 ὁ
1282 4481 1486 4553 Κύριος
1516 4483 1675 4554 ἡμῶν
1707 4484 1918 4555 Ἰησοῦς

2014 654 2058 692 αι
2081 637 2241 692 nobis
2296 633 2790 705 primogenitorum
2837 631 3340 695 consecrationem,
3386 629 3607 700 sibique

2014 729 2289 784 masculos
2311 743 2341 782 a
2366 726 2528 782 nobis
2550 723 2979 790 sanetiliqandos
3011 738 3136 779 esse
3170 721 3423 783 aﬂirmat.
3463 720 3605 779 Cum

2010 821 2159 875 enim
2184 817 2550 889 primogenita
2572 815 2958 887 Egyptiorum
2983 814 3281 884 periissent
3324 830 3337 869 :
3367 813 3607 868 dilectus

2013 919 2197 967 autem
2224 910 2389 966 Israel
2412 924 2512 979 per
2532 908 2727 962 domos
2759 906 3002 977 singulas
3026 905 3098 960 sit
3124 914 3398 967 servatus,
3440 913 3607 973 atque

2012 1002 2253 1059 evaserit
2269 1001 2758 1057 exterminatorem
2784 1016 2800 1065 ;
2828 1007 3031 1053 unctus
3052 997 3313 1052 nimirum
3338 995 3607 1065 sanguine

2013 1096 2159 1167 agni,
2187 1096 2282 1166 qui
2307 1102 2426 1151 erat
2468 1104 2628 1166 typus
2655 1094 2862 1149 Christi
2890 1101 3118 1163 propter
3171 1106 3273 1146 nos
3306 1091 3510 1146 mortui
3544 1097 3609 1146 ut

2014 1188 2261 1243 aboleret
2282 1196 2551 1251 mortem;
2582 1185 2792 1241 idcirco
2827 1184 2974 1239 haud
3027 1181 3305 1237 immerito
3350 1197 3460 1237 nou
3500 1179 3602 1237 do-

2015 1279 2406 1349 bentamplius
2447 1293 2570 1334 esse
2618 1278 2703 1332 sui
2729 1277 2874 1347 juris
2903 1290 3027 1346 quae
3060 1283 3277 1329 servate
3336 1279 3502 1338 sunt;
3543 1279 3605 1327 at

2013 1371 2198 1441 potius
2226 1385 2327 1441 par
2370 1370 2538 1425 fuerit
2565 1384 2630 1424 ea
2654 1369 2887 1439 posthac
2924 1368 2995 1422 ab
3039 1381 3109 1421 eo
3141 1364 3434 1435 possideri,
3477 1372 3602 1424 tan-

2012 1479 2177 1533 quam
2201 1462 2444 1533 propria,
2467 1461 2560 1532 qui
2588 1477 2690 1532 pro
2718 1460 2851 1532 ipsis
2885 1458 3227 1531 periclitatus
3245 1465 3350 1513 est.
3397 1455 3604 1523 Quem-

2010 1554 2306 1609 admodum
2350 1554 2499 1608 enim
2539 1552 2633 1621 qui
2660 1550 2919 1621 potestati
2942 1549 3302 1605 barbarorum
3327 1546 3613 1617 subjectos

2012 1646 2271 1709 liberant,
2300 1652 2358 1698 et
2379 1643 2706 1699 servitutem
2741 1641 2876 1711 ipsis
2921 1656 2989 1694 ex
3030 1638 3330 1710 improviso
3376 1637 3607 1708 imposi-

2015 1747 2124 1792 tam
2144 1736 2429 1807 depellunt
2445 1748 2686 1805 pugnam
2708 1746 2834 1787 cum
2854 1730 2989 1802 ipsis
3003 1729 3373 1795 conserendo,
3391 1727 3607 1784 domini

2012 1828 2419 1900 quodammodo
2449 1842 2643 1883 eorum
2668 1826 2825 1889 ﬁunt,
2852 1832 3044 1894 utpote
3066 1838 3207 1894 quos
3231 1822 3459 1893 proprio
3478 1836 3607 1877 san-

2014 1922 2177 1992 guine
2226 1920 2583 1990 acquisierint
2625 1936 2639 1973 :
2684 1917 2879 1973 eodem
2912 1914 3099 1981 modo,
3140 1913 3407 1977 arbitron,
3430 1913 3607 1968 etiam

2013 2012 2266 2067 Christus
2291 2010 2557 2066 Dominus
2580 2019 2790 2073 noster,
2838 2007 3249 2064 immundorum
3286 2006 3613 2062 daemonum-

2015 2102 2178 2158 turha
2225 2102 2548 2173 proigata,
2589 2100 2924 2172 proprioque
2982 2099 3262 2171 sanguine
3289 2114 3390 2169 pro
3441 2098 3603 2153 nobis

2015 2193 2212 2256 effuso,
2239 2200 2295 2247 et
2316 2202 2493 2247 morte
2519 2192 2799 2246 destructa
2828 2190 3358 2261 atqueeomtptione
3373 2189 3605 2252 abolita,

2015 2301 2118 2341 nos
2143 2285 2246 2340 sibi
2275 2285 2332 2339 in
2359 2282 3005 2355 posteruwipavit
3031 2290 3197 2352 atque
3218 2280 3473 2351 subjecit,
3529 2296 3602 2334 ne

2017 2377 2246 2446 posthac
2270 2376 2432 2431 nobis
2450 2366 2932 2447 ipsimmﬁtlus
2952 2374 3003 2429 ei
3032 2375 3298 2429 vivamus.
3322 2371 3437 2426 Nisi
3452 2371 3605 2425 enim

2017 2486 2117 2540 pro
2128 2470 2289 2525 nobis
2310 2478 2455 2525 esset
2472 2458 3047 2547 morﬁuﬂm
3065 2476 3214 2523 certe
3236 2465 3338 2537 ipsi
3354 2479 3604 2521 essemus

2017 2560 2242 2614 servati.
2289 2559 2424 2614 Item
2470 2561 2575 2615 nisi
2608 2561 2731 2630 ipse‘
2751 2568 3005 2615 mortuus
3048 2558 3277 2623 fuisset,
3315 2570 3603 2626 nunquam

2018 2658 2166 2704 certe
2191 2665 2332 2705 szeva
2355 2651 2550 2706 mortis
2573 2654 2813 2720 potentia
2841 2661 2989 2708 esset
3005 2657 3388 2720 conquassata.
3423 2649 3515 2704 Sic
3544 2657 3600 2701 et

2017 2740 2176 2795 divus
2199 2741 2403 2796 Paulus
2432 2757 2534 2796 nos
2562 2742 2827 2806 instituit;
2847 2743 2913 2796 iis
2937 2741 3031 2811 qui
3056 2755 3156 2809 per
3177 2739 3456 2793 Christum
3480 2754 3599 2791 ser-

2016 2834 2125 2888 vati
2150 2841 2279 2888 sunt
2320 2832 2541 2887 dicens:
2576 2851 2593 2883 ι
2622 2830 3055 2902 Egovcrucilixus
3069 2844 3191 2883 sum
3209 2844 3335 2882 cum
3349 2827 3597 2881 Christo:

2017 2928 2143 2982 vivo
2167 2937 2349 2983 autem
2374 2930 2486 2998 jam
2510 2943 2620 2982 non
2643 2942 2767 2998 ego,
2796 2928 2891 2982 sed
2922 2926 3058 2981 vivit
3103 2926 3158 2979 in
3187 2938 3273 2978 me
3324 2924 3597 2979 Christus.

2016 3016 2171 3085 Quod
2201 3025 2383 3071 autem
2406 3034 2556 3072 nunc
2603 3017 2730 3071 vivo
2756 3018 2810 3071 in
2838 3033 3022 3081 carne,
3083 3017 3136 3070 in
3179 3016 3285 3070 ﬁde
3329 3017 3454 3070 vivo
3481 3016 3600 3070 Filii

2017 3107 2136 3174 Dei,
2160 3109 2253 3177 qui
2272 3108 2466 3163 dilexit
2482 3125 2569 3163 me
2592 3109 2854 3179 deditque
2878 3110 3231 3179 semetipsum
3260 3124 3363 3177 pro
3392 3108 3549 3163 me“.
3577 3130 3594 3159 ι

2017 3196 2489 3267 Quemadmodum
2519 3200 2688 3271 igitur
2710 3201 2968 3257 Israelita:
2994 3200 3400 3271 quodammodo
3429 3198 3603 3269 ipsius

2019 3288 2383 3358 agnimactati
2413 3291 2581 3345 vitam
2604 3291 2895 3359 vixerunt;
2924 3292 3003 3347 sic
3026 3300 3082 3347 et
3104 3307 3207 3346 nos
3231 3307 3340 3346 non
3366 3292 3604 3362 amplius

2019 3379 2298 3449 propriam
2335 3380 2503 3435 vitam
2532 3382 2790 3447 vivimus,
2838 3383 2935 3438 sed
2967 3383 3136 3448 illius,
3178 3383 3274 3453 qui
3315 3398 3416 3453 pro
3441 3382 3607 3438 nobis

2019 3478 2272 3527 mortuus
2309 3480 2396 3528 est
2438 3472 2646 3529 Christi
2687 3475 2992 3546 :siquidem
3027 3484 3083 3531 et
3123 3476 3325 3531 revixit
3376 3476 3608 3531 iterum»

2018 3562 2140 3620 Vita
2163 3565 2310 3620 enim
2338 3576 2458 3623 erat
2483 3576 2675 3640 suapte
2709 3576 2926 3636 natura,
2950 3578 3214 3641 tanquam
3238 3571 3403 3627 Deus.
3429 3571 3604 3641 Opor-

2019 3664 2097 3711 tet
2126 3658 2308 3727 itaque
2353 3660 2519 3714 vitam
2551 3669 2793 3717 nostram
2836 3672 3081 3717 sanetam
3112 3678 3235 3717 esse
3281 3681 3295 3716 :
3332 3663 3601 3732 ejusmodi

2017 3748 2163 3801 enim
2195 3748 2297 3803 fuit
2321 3751 2432 3805 vita
2455 3751 2682 3807 Christi.
2720 3753 2917 3809 Sancte
2938 3762 3122 3809 autem
3146 3753 3333 3805 vivere
3354 3752 3607 3806 volentes

2018 3836 2398 3893 admirabilem
2425 3841 2596 3909 ipsius
2614 3842 2905 3911 imaginem
2927 3857 3352 3911 consequemur,
3396 3849 3601 3897 etcen-

2018 3924 2224 3980 formes
2247 3927 2374 3981 facti
2399 3929 2472 3992 ei,
2497 3930 2592 3997 qui
2624 3938 2851 3998 propter
2873 3946 2975 3983 nos
3005 3941 3067 3985 ut
3092 3945 3194 3985 nos
3212 3940 3297 3984 est
3344 3931 3600 3998 ell'ectus,

2022 4014 2343 4085 Unigenitus
2365 4017 2587 4086 quidem
2611 4027 2671 4071 ut
2700 4019 2864 4081 Deus,
2893 4019 3060 4090 278
3086 4019 3487 4091 primogenitus
3503 4039 3602 4078 au-

2020 4113 2130 4159 tem
2160 4115 2386 4176 propter
2409 4107 2705 4161 humanam
2740 4116 3019 4175 naturam,
3049 4120 3237 4165 sancta
3281 4114 3602 4183 acceptissis

2020 4211 2219 4266 tuaque
2252 4198 2435 4254 hostia
2453 4199 2661 4255 erimus
2688 4201 2800 4255 Deo
2832 4201 3002 4257 Patri.
3040 4202 3467 4259 Sanctiﬁcantur
3496 4206 3602 4262 ita-

2019 4305 2127 4360 que
2166 4291 2526 4363 primogenita
2549 4295 2874 4359 masculina,
2908 4305 2969 4351 ut
3002 4297 3056 4351 in
3106 4296 3345 4369 imagine
3398 4297 3601 4355 Christi

2021 4381 2414 4454 intelligantur.
2447 4385 2918 4452 Quemadmodum
2951 4390 3099 4443 enim
3127 4397 3328 4446 matres
3381 4392 3601 4462 quando

2022 4472 2256 4530 infantes
2289 4476 2616 4541 offerebant,
2644 4478 2898 4534 Christus
2937 4480 3202 4536 Dominus
3233 4492 3420 4537 noster
3442 4485 3600 4538 heni—

331 4572 572 4643 Χριστὸς
592 4613 608 4639 ,
640 4573 735 4626 καὶ
776 4575 889 4637 τοῖς
920 4573 1096 4643 ἁγίοις
1131 4574 1569 4646 προσπεφώνηκε
1608 4577 1908 4646 μαθηταῖς⁹

2020 4585 2123 4640 gne
2169 4566 2465 4622 admodum
2513 4568 2754 4634 admisit,
2804 4570 3008 4624 sanctis
3034 4572 3322 4643 discipulis
3362 4572 3597 4628 dicens:

335 4681 357 4713 ο
409 4663 615 4731 Ἅφετε
646 4664 714 4718 τὰ
753 4664 961 4729 παιδία,
995 4665 1089 4718 καὶ
1121 4665 1194 4735 μὴ
1225 4663 1463 4717 κωλύετε
1493 4665 1634 4718 αύτά
1658 4664 1914 4735 ἔρχεσθαι

330 4753 470 4824 πρός
507 4768 597 4825 με·
625 4754 735 4807 τῶν
759 4753 867 4827 γὰρ
897 4755 1151 4808 τοιούτων
1180 4755 1326 4808 ἐστὶν
1349 4756 1382 4826 ἡ
1407 4753 1653 4824 βασιλεία
1682 4754 1790 4808 τῶν
1823 4755 1914 4808 οὐ·

330 4843 539 4915 ρανῶνο
587 4864 609 4897 ι
658 4843 801 4898 οὕτω
826 4844 1056 4898 κάνθάδε
1091 4846 1304 4915 νοήσεις
1327 4861 1340 4874 ⁸
1382 4845 1573 4915 ἀγαπᾷ
1612 4844 1671 4897 τὺ
1701 4845 1911 4916 πρωτό-

326 4951 491 4988 τοκον
530 4936 560 4989 ὁ
588 4934 722 4999 Θεὸς
755 4936 850 4989 καὶ
887 4935 1096 5006 Πατὴρ,
1134 4935 1209 4999 ὡς
1239 4937 1295 4988 ὲν
1324 4936 1492 4989 εἰκόνι
1522 4932 1760 5006 Χριστοῦ
1795 4934 1913 4988 δια·

328 5026 569 5098 πρέπον.
608 5026 763 5081 Μόνα
797 5026 854 5080 δὲ
902 5027 1181 5081 ἀπό).εκτα
1208 5026 1278 5079 τά
1310 5026 1575 5097 ἀρσενικὰ
1609 5025 1717 5079 τῶν
1757 5044 1911 5097 πρω-

324 5118 591 5172 τοτόκων.
650 5117 802 5172 Ἔδει
831 5117 977 5189 γὰρ,
1018 5118 1124 5171 ἔδει
1171 5116 1437 5180 σώζεσθαι
1482 5117 1560 5187 τῷ
1593 5116 1813 5188 Χριστῴ
1853 5117 1913 5170 τὸ

326 5208 480 5280 αύτῷ
508 5207 712 5280 μᾶλλον
750 5207 1202 5280 πρεπωδέστατον
1243 5206 1472 5269 κάλλος,
1510 5208 1605 5260 καὶ
1644 5210 1755 5269 τοῖς
1792 5208 1912 5260 κατ’

326 5301 517 5356 εἰκόνα
548 5300 654 5373 τὴν
681 5301 821 5371 πρὸς
852 5300 1015 5353 αὐτὸν
1050 5300 1124 5364 ὼς
1154 5301 1210 5351 ἔν
1248 5297 1378 5351 εἴδει
1404 5298 1510 5350 τῶν
1551 5300 1911 5369 πρωτοτόκων

326 5392 815 5465 μεμορφωμένοις.
848 5392 1003 5445 Ἔστι
1045 5392 1153 5462 γὰρ
1182 5390 1315 5460 ὁμοῦ
1340 5389 1687 5461 πρωτότοκός
1721 5409 1778 5443 τε
1819 5393 1913 5446 καὶ

317 5487 526 5560 ἄρσην,
551 5486 633 5539 ὅτι
666 5484 742 5555 μὴ
765 5479 874 5560 οἶδε
906 5483 1252 5554 μαλακισμὸν
1286 5483 1365 5545 εἰς
1396 5482 1688 5554 ἁμαρτίαψ
1739 5485 1913 5554 μαλα·

320 5577 530 5649 κισμοῦ
554 5577 615 5632 δὲ
646 5576 840 5643 τύπος,
868 5575 928 5629 τὸ
966 5575 1120 5645 θῆλυ.
1155 5575 1246 5627 Δεῖ
1267 5574 1331 5646 δὴ
1357 5568 1449 5629 οὖν
1476 5575 1575 5645 τὴν
1605 5577 1787 5630 εἰκόνα
1817 5593 1912 5643 φοι

323 5667 557 5738 ροῦντας
588 5658 856 5739 Χριστοῦ,
887 5664 1265 5736 παραιτεῖσθαι
1296 5665 1392 5735 μὲν
1424 5665 1681 5740 φρόνημα
1716 5664 1775 5718 τὸ
1812 5664 1909 5734 θη-

395 5850 441 5882 “
492 5849 653 5918 Galat
740 5866 799 5916 ιι,
876 5847 956 5915 l9,
1008 5848 1093 5901 20.
1154 5844 1216 5931 ,⁸³
1251 5845 1438 5900 Matth.
1476 5862 1587 5915 XIX,
1622 5845 1708 5900 H-

2027 4678 2046 4710 ι
2070 4657 2243 4714 Sinite
2257 4659 2537 4727 parvulos,
2561 4674 2739 4729 neque
2762 4661 3053 4731 prohibete
3073 4666 3177 4719 eos‘
3192 4664 3260 4719 ad
3279 4681 3365 4720 me
3390 4665 3599 4727 venire,

2019 4752 2148 4821 quia
2209 4749 2407 4804 horum
2436 4759 2520 4805 est
2571 4767 2799 4822 regnum
2830 4754 3094 4810 caelorum
3145 4757 3222 4823 ll*’;
3261 4777 3279 4809 ι
3315 4759 3389 4812 ita
3426 4765 3482 4811 et
3510 4758 3601 4811 hic

2021 4842 2316 4915 intelliges,
2347 4845 2494 4915 quod
2520 4846 2665 4902 Deus
2689 4863 2751 4903 ac
2784 4850 2947 4904 Pater
2971 4849 3162 4921 diligat
3208 4850 3597 4920 primogenita,
3658 4912 3665 4917 λ

2022 4941 2280 5004 tanquam
2306 4935 2362 4990 in
2394 4937 2629 5008 imagine
2651 4938 2856 4994 Christi
2883 4940 2989 4994 sibi
3009 4940 3272 4994 exhibita.
3294 4941 3467 4994 Porro
3500 4945 3598 4998 soli

2022 5027 2246 5081 masculi
2276 5028 2710 5097 eprimogenilis
2752 5031 3054 5100 eliguntur.
3102 5029 3406 5099 Oportebat
3451 5035 3598 5088 enim

2020 5118 2243 5171 omnino
2269 5120 2474 5173 servari
2498 5120 2718 5175 Christo
2742 5120 3315 5177 convenientissimum
3350 5124 3450 5192 ipsi
3474 5126 3599 5194 pul-

2020 5209 2410 5272 chritudinem,
2465 5212 2629 5265 etiam
2686 5212 2740 5264 in
2790 5212 2899 5265 illis
2940 5227 3061 5280 quae
3109 5214 3263 5283 juxta
3308 5215 3596 5286 imaginem

2022 5300 2213 5367 ipsius,
2259 5301 2427 5369 veluti
2482 5302 2537 5354 in
2598 5303 2778 5371 specie
2822 5303 3317 5373 primogenitorum
3364 5306 3596 5363 formata

2019 5396 2195 5441 erant.
2257 5389 2389 5442 Nam
2420 5390 2818 5459 primogenitus
2864 5392 3026 5447 simul
3092 5403 3175 5448 est
3224 5404 3279 5449 et
3322 5400 3597 5454 masculus

2020 5478 2291 5543 Christus,
2319 5490 2507 5548 utpote
2543 5483 2637 5549 qui
2665 5484 2869 5537 nullam
2898 5484 3181 5540 mollitiem
3202 5496 3594 5559 autpeceatum

2020 5573 2253 5627 noverit.
2288 5574 2511 5629 Femina
2537 5584 2719 5630 autem
2748 5587 2831 5632 est
2863 5588 3021 5650 typus
3048 5581 3319 5637 mollitiei.
3366 5583 3598 5653 Oportet

2023 5664 2189 5735 igitur
2214 5680 2309 5719 eos
2333 5665 2423 5735 qui
2453 5664 2652 5721 Christi
2682 5669 2970 5742 imaginem
3009 5688 3122 5743 prae
3144 5690 3200 5729 se
3248 5676 3429 5730 ferunt
3472 5694 3595 5731 mu—
