4066 6282
489 399 595 454 439

1509 391 1565 448 S.
1607 391 1878 448 CYBILLI
1920 391 2388 462 ALEXANDRINI
2427 393 2744 448 ARCHIEP.

3640 396 3739 452 “0

489 515 698 572 liehres
719 513 1076 584 cogitationes
1099 509 1366 574 devitarc,
1393 507 1702 579 longevero
1725 525 1754 563 a
1794 523 1852 563 se
1879 508 2056 580 proﬂi-

2171 509 2473 578 λυπρεπές·
2503 506 2854 564 ἀποσείεσθαι
2872 507 2928 562 δὲ
2952 507 3091 572 λίαν,
3123 507 3198 571 ὡς
3227 507 3502 579 ὶπάρατον
3529 509 3739 582 ἀληθῶς

488 619 618 676 gare
640 601 921 657 mollitiem
943 607 1106 668 atque
1135 598 1586 663 imbecillitatem,
1641 606 1829 671 utpote
1870 613 2058 653 revera

487 693 602 748 Deo
631 687 1022 746 exsecrabilem
1048 696 1212 757 atque
1242 686 1515 753 odiosam;
1551 695 1603 741 at
1641 687 1826 758 potius
1848 702 2061 744 summa

488 784 654 840 animi
679 781 960 838 alacritate
985 781 1447 854 contentioneque
1481 781 1741 834 virtutem
1777 795 2058 836 exercere.

495 895 516 927 ι
549 875 722 931 Omne
754 883 935 929 autem
961 874 1107 944 quod
1145 872 1322 943 aperit
1357 873 1572 928 vulvam
1601 873 1787 937 asinae,
1836 888 2061 944 permu—

487 974 638 1020 tatur
679 981 800 1021 ove.
839 985 857 1017 ι
893 963 1152 1032 Quaenam
1174 978 1308 1018 vero
1332 963 1475 1018 ratio
1497 975 1580 1018 est
1604 964 1917 1034 hujusmodi
1943 964 2063 1019 rei?

486 1057 622 1111 Nam
651 1057 840 1111 asinus
881 1055 1183 1111 secundum
1221 1055 1394 1124 legem
1432 1055 1684 1125 pollutus
1710 1064 1796 1111 est
1847 1065 1906 1112 et
1955 1059 2061 1114 im-

485 1148 727 1203 mundus
753 1166 766 1202 :
790 1147 909 1203 ovis
942 1158 1127 1203 autem
1151 1155 1236 1202 est
1273 1147 1471 1202 animal
1501 1147 1789 1213 mundum,
1831 1147 1976 1203 unde
2006 1155 2061 1202 et

389 1299 400 1310 κ
483 1255 588 1310 pro
606 1240 762 1294 asino
784 1238 1033 1293 offertur.
1057 1237 1165 1293 Sed
1182 1238 1268 1292 lex
1294 1237 1494 1293 iterum
1520 1239 1679 1293 nobis
1736 1238 1965 1309 ﬁgurate
2005 1239 2062 1294 in

487 1329 577 1383 his
600 1328 932 1390 subindicat,
957 1327 1101 1396 quod
1125 1326 1411 1396 profanum
1437 1343 1536 1397 per
1558 1327 1836 1384 Christum
1863 1327 2064 1384 redda-

488 1428 578 1473 tur
601 1427 872 1483 sanctum,
920 1425 978 1473 et
1003 1416 1347 1474 immundum
1373 1418 1661 1484 mundum,
1687 1427 1742 1474 et
1767 1420 2064 1489 reprobum

485 1509 846 1580 approbatum
869 1517 1284 1577 acceptumque.
1320 1508 1457 1565 Cum
1492 1509 1638 1564 enim
1666 1525 1766 1564 nos
1821 1524 2068 1566 essemus

485 1607 805 1670 peccatores
827 1605 990 1668 atque
1014 1598 1305 1662 immundi,
1333 1598 1511 1653 factus
1539 1607 1623 1654 est
1646 1599 1764 1670 ipse
1783 1614 1884 1670 pro
1907 1599 2067 1655 nobis

485 1690 665 1745 hostia
710 1699 900 1744 sancta
932 1675 989 1744 et
1029 1690 1086 1743 in
1125 1689 1353 1744 odorem
1395 1689 1553 1744 bona:
1578 1689 1911 1760 fragrantia,
1937 1691 2066 1760 quia

486 1789 740 1835 mortuus
773 1789 858 1836 est
891 1797 992 1850 pro
1035 1782 1443 1851 peccatoribus,
1484 1783 1666 1852 justus
1699 1797 1800 1853 pro
1825 1783 2062 1853 injustis,

2163 601 2256 654 καὶ
2287 600 2405 669 Θεῷ
2442 600 2937 669 κατεστυγημένον,
2963 599 3024 651 τὸ
3063 597 3338 669 μαλθακόν
3365 617 3424 652 τε
3457 601 3550 657 καὶ
3595 603 3738 657 ἀνει-

2166 691 2349 760 μένον,
2378 690 2473 745 καὶ
2503 689 2716 756 ἄναλκι,
2741 689 2837 744 καὶ
2863 689 3167 760 σφριγῶδες
3190 689 3421 760 ἀνέχειν·
3451 693 3544 745 καὶ
3565 693 3744 768 ἀνδρο-

2163 781 2349 852 πρεπῆ
2379 779 2686 853 προθυμίαν
2717 780 2798 843 εῐς
2829 798 2892 849 γε
2917 780 2976 832 τὸ
3009 780 3118 835 δεῖν
3150 780 3387 848 ἑλέσθαι,
3406 787 3569 854 φημὶ,
3607 802 3740 840 κατ-

2163 872 2356 941 ορθοῦν
2388 874 2616 944 ἀρετήν.
2649 891 2669 923 ι
2720 871 3064 928 ’Δλλάττεται
3113 872 3172 924 δὲ
3211 873 3468 944 προϐάτῳ
3495 875 3604 930 πᾶν
3625 875 3741 933 δια-

2164 966 2340 1032 νοῖγον
2373 965 2586 1035 μήτραν
2612 964 2757 1020 Ενου.
2800 983 2820 1017 ι
2852 963 2962 1017 Καὶ
2983 963 3067 1026 τίς
3089 964 3118 1016 6
3142 963 3298 1031 λόγος
3324 980 3338 1028 ;
3379 964 3618 1036 Ἀνίερον
3643 967 3742 1036 μὲν

2165 1054 2274 1124 γὰρ
2301 1053 2395 1108 καὶ
2414 1053 2640 1126 βέϐηλον
2669 1054 2812 1108 κατὰ
2839 1055 3001 1124 νόμον
3030 1054 3075 1123 ﬁ
3095 1052 3212 1115 ὄνος
3231 1068 3244 1082 '
3276 1053 3418 1123 ἱερὸν
3441 1052 3497 1106 δὲ
3523 1053 3583 1107 τὸ
3610 1055 3742 1125 πρό-

2167 1148 2359 1202 ϐατον·
2393 1148 2670 1219 τοιγάρτοι
2703 1146 2800 1200 καὶ
2829 1145 2970 1216 ὑπὲρ
3001 1144 3125 1198 ὄνου
3157 1143 3511 1215 προσάγεται.
3552 1145 3741 1199 Ὑπαιο

2167 1241 2409 1294 νίττεται
2442 1239 2499 1292 δὲ
2530 1238 2693 1293 πάλιν
2729 1239 2862 1308 ἡμῖν
2895 1240 2923 1291 6
2960 1236 3124 1307 νόμος
3154 1238 3212 1290 ὲν
3258 1236 3491 1301 τούτοις,
3531 1237 3614 1290 ὅτι
3648 1239 3740 1291 καὶ

2164 1333 2227 1385 τὸ
2259 1331 2485 1402 βέϐηλον
2530 1331 2683 1398 ἅγιον
2715 1331 2772 1383 ἐν
2823 1327 3044 1401 Χριστῷ
3069 1368 3084 1393 ,
3120 1329 3216 1381 καὶ
3259 1328 3322 1380 τὸ
3368 1328 3602 1398 ἀνίερον,
3648 1329 3741 1382 καὶ

2165 1423 2354 1476 δεκτὸν
2393 1423 2459 1475 δι’
2492 1421 2657 1475 αὑτοῦ
2701 1421 2796 1477 καὶ
2829 1421 2890 1473 τὸ
2920 1419 3322 1492 ἀπαράδεκτον.
3369 1419 3590 1490 Ἐπειδὴ
3629 1419 3738 1490 γὰρ

2165 1509 2308 1583 ἦμεν
2337 1513 2652 1584 ἁμαρτωλοὶ
2678 1513 2772 1569 καὶ
2798 1510 3122 1581 ἀκάθαρτοι,
3146 1511 3371 1580 γέγονεν
3400 1511 3561 1574 αύτδς
3599 1511 3739 1582 ὑπὲρ

2165 1603 2323 1676 ήμῶν
2352 1603 2506 1672 ἅγιον
2540 1603 2708 1674 θῦμα,
2737 1603 2830 1656 καὶ
2867 1604 2948 1666 είς
2976 1602 3151 1672 ὀσμὴν
3181 1601 3427 1665 εὐωδίας.
3475 1601 3736 1656 Ἀπέθανε

2165 1693 2275 1765 γὰρ
2333 1695 2472 1767 ὑπὲρ
2512 1693 2873 1764 ἁμαρτωλῶν,
2904 1692 3110 1756 δίκαιος
3152 1691 3293 1762 ὑπὲρ
3328 1691 3548 1757 ἀδίκων,
3600 1691 3736 1763 ὑπὲρ

2165 1785 2275 1839 τῶν
2309 1785 2633 1858 ἀκαθάρτων
2657 1786 2685 1837 6
2715 1783 2972 1855 καθαρὸς,
3001 1782 3147 1837 καθά
3178 1783 3270 1836 καὶ
3297 1782 3568 1853 πρόϐατον
3599 1781 3738 1854 ὑπὲρ

484 1874 726 1929 mundus
763 1889 865 1942 pro
886 1873 1205 1936 immundis,
1235 1874 1453 1928 sicutet
1478 1875 1596 1930 ovis
1632 1889 1732 1944 pro
1756 1874 1932 1929 asino.
1958 1874 2056 1929 Re-

2166 1878 2310 1932 δνου.
2342 1876 2648 1948 Λυτροῦται
2674 1876 2732 1932 δὲ
2761 1875 2828 1930 τὰ
2850 1874 3151 1946 ἀνθρώπων
3171 1877 3492 1947 πρωτότοκα
3526 1872 3736 1946 δώρων,

486 1962 775 2016 dimuntur
797 1970 980 2018 autem
1005 1962 1291 2019 hominum
1317 1963 1700 2036 primogenita,
1737 1973 1799 2019 ut
1825 1979 1922 2033 par
1956 1970 2060 2030 est,

486 2054 649 2108 donis
679 2055 793 2109 sive
835 2054 1196 2110 aistimatione
1221 2055 1421 2110 oblata.
1469 2054 1642 2122 Quam
1693 2055 1764 2110 ob
1803 2055 2064 2110 causam?

484 2147 623 2215 Quia
648 2147 792 2216 quod
815 2146 1138 2215 simpliciter
1151 2154 1529 2201 consecratum
1560 2157 1646 2202 est
1670 2155 1726 2202 et
1753 2146 2062 2202 sanctiﬁca-

487 2248 603 2293 tum
627 2240 757 2305 Deo,
785 2239 839 2293 id
855 2254 1018 2294 omne
1051 2239 1341 2308 oportebat
1356 2239 1648 2294 immolari.
1668 2238 1945 2294 Abhorret
1967 2253 2063 2291 au-

485 2342 596 2385 tem
620 2331 688 2385 ab
716 2331 1016 2386 homicidio
1042 2332 1210 2395 Deus,
1237 2331 1333 2399 qui
1357 2331 1564 2385 creavit
1585 2329 1769 2384 omnia
1804 2329 1860 2384 in
1883 2329 2062 2383 incor—

486 2423 762 2491 ruptione.
796 2442 814 2474 ι
843 2422 1032 2491 Neque
1054 2423 1202 2477 enim
1228 2422 1437 2476 creavit
1462 2429 1717 2485 mortem,
1745 2435 1925 2490 neque
1967 2419 2062 2473 de-

484 2513 723 2567 lectatur-
757 2513 982 2569 interitu
1005 2513 1328 2578 viventium,
1362 2532 1380 2564 ι
1408 2515 1550 2568 sicut
1579 2513 1842 2582 scriptum
1885 2521 1970 2566 est
1991 2511 2056 2568 δ’.

483 2605 671 2674 Neque
696 2605 826 2660 item
853 2607 1151 2662 immundis
1180 2607 1463 2662 daemoniis
1510 2607 1869 2676 pereuntibus
1904 2607 2057 2660 laeta-

485 2705 601 2762 tur;
635 2697 728 2750 sed
759 2698 944 2769 potius
965 2699 1234 2768 praecipit,
1265 2707 1326 2753 ut
1349 2712 1446 2768 pro
1484 2699 1599 2768 ipsa
1636 2706 1814 2753 morte
1857 2711 2058 2766 repen-

480 2786 677 2840 damus
693 2787 1086 2857 redemptionis
1115 2789 1374 2858 pretium,
1404 2789 1566 2862 279
1592 2797 1756 2858 atque
1787 2790 1860 2841 ita
1880 2787 2056 2862 palam

482 2877 844 2933 confiteantur
879 2895 982 2934 nos
1007 2881 1055 2934 ei
1093 2881 1298 2935 debere
1326 2881 1468 2936 hanc
1492 2882 1682 2936 vitam.
1714 2881 1772 2935 ιιι
1803 2880 1950 2935 enim
1969 2877 2056 2930 in-

481 2971 688 3025 nuebat
709 2981 763 3026 et
790 2971 1130 3036 didrachma,
1156 2973 1301 3042 quod
1321 2973 1550 3043 jubebat
1576 2974 1799 3028 Petrum
1823 2973 2054 3028 solvere.

484 3062 600 3129 ipse
627 3070 810 3116 autem
836 3061 1088 3117 Christus
1107 3078 1298 3117 verum
1323 3063 1554 3134 intelligi
1596 3063 1761 3117 debet
1812 3063 2054 3132 pretium

481 3154 898 3224 redemptionis,
953 3172 1053 3225 per
1085 3171 1248 3226 quem
1299 3163 1354 3210 et
1386 3156 1440 3210 in
1492 3171 1601 3226 quo
1642 3158 2052 3226 corruptionem
2084 3183 2126 3242 ο

477 3246 734 3312 vicimus,
779 3249 1047 3317 siquidem
1097 3248 1452 3317 semetipsum
1490 3265 1591 3318 pro
1625 3249 1786 3304 nobis
1809 3249 2046 3310 dedit“.

480 3339 654 3393 Porro
669 3347 877 3408 septem
901 3341 1019 3394 dies
1042 3341 1119 3394 ait
1140 3348 1393 3410 oportere
1419 3355 1618 3410 agnum
1643 3340 1916 3408 complere
1949 3339 2053 3394 sub

482 3436 658 3483 matre
688 3437 920 3484 :octavo
945 3438 1129 3484 autem
1164 3431 1254 3485 die
1286 3430 1507 3484 adduci.
1552 3430 1672 3484 Non
1709 3435 1858 3488 enim
1888 3429 2051 3484 simul

481 3533 546 3572 ac
571 3525 732 3570 natus
753 3526 898 3572 esset
921 3520 1294 3585 mactabatur;
1333 3520 1428 3574 sed
1456 3535 1579 3573 cum
1608 3527 1860 3574 materno
1912 3520 2053 3574 lacte

480 3608 741 3680 paulatim
769 3609 1024 3679 pinguior
1045 3625 1108 3664 ac
1130 3611 1406 3664 r-obustior
1430 3611 1604 3667 factus
1634 3609 1823 3674 fuerit,
1865 3619 2052 3680 aptum

483 3701 586 3756 sibi
615 3701 670 3754 in
707 3700 933 3756 odorem
962 3701 1117 3755 bona:
1133 3701 1444 3771 fragrantia:
1486 3701 1732 3756 futurum
1769 3701 1912 3756 Deus
1954 3702 2052 3757 de-

481 3793 670 3847 clarat.
699 3791 864 3862 Atqui
887 3792 991 3847 hoc
1012 3793 1190 3862 ipsum
1203 3800 1382 3862 potest
1399 3807 1518 3848 esse
1540 3801 1697 3864 typus
1713 3792 1791 3856 rei
1814 3793 2055 3863 mystica:

481 3891 641 3950 atque
660 3883 1004 3949 necessariae,
1033 3899 1154 3953 qua!
1178 3883 1233 3937 in
1255 3883 1402 3938 hunc
1422 3899 1594 3954 usque
1617 3883 1762 3938 diem
1791 3883 2052 3938 observa-

484 3979 574 4024 tur
601 3986 632 4025 a
654 3973 832 4037 nobis,
859 3972 952 4043 qui
988 3973 1275 4028 rationalia
1297 3973 1661 4044 primogenita
1706 3974 1818 4028 Deo
1855 3989 2052 4029 conse-

480 4077 636 4117 crare
684 4065 1088 4118 consuevimus.
1135 4065 1252 4119 Non
1271 4066 1418 4118 cnim
1476 4065 1742 4120 continuo
1768 4064 2054 4120 offerimus

481 4153 594 4207 Deo
631 4168 824 4208 recens
845 4164 1088 4218 vocatos,
1112 4163 1168 4208 et
1199 4154 1424 4209 vixdum
1469 4156 1662 4224 primis
1692 4155 1816 4210 fidei
1846 4171 2050 4226 prame-

482 4246 592 4316 ptis
620 4243 880 4307 imbutos,
931 4252 1095 4313 atque
1136 4246 1379 4302 nondum
1433 4246 1678 4316 initiatos
1714 4265 1726 4299 :
1772 4256 1826 4301 at
1867 4247 2052 4316 potius

481 4331 816 4388 catechismo
842 4332 1209 4398 instituentes,
1245 4349 1308 4390 ac
1329 4335 1732 4404 quodammodo
1750 4336 1853 4390 sub
1877 4343 2052 4392 matre

481 4423 712 4487 alentes,
732 4421 835 4477 hoc
864 4431 966 4490 est,
1001 4424 1102 4477 sub
1122 4424 1385 4490 Ecclesia,
1411 4441 1475 4482 ac
1510 4426 1680 4480 veluti
1729 4427 1868 4481 lacte
1912 4444 2051 4498 quo-

2165 1971 2305 2028 κατά
2322 1971 2383 2024 τὸ
2413 1969 2580 2033 εἰκὸς,
2612 1969 2730 2040 ἦτοι
2754 1969 2975 2040 τίμημα
2991 1967 3100 2020 τῶν
3127 1965 3733 2038 προσδοκιμαζομένων.

2164 2064 2264 2118 Διά
2305 2062 2466 2116 ποίαν
2497 2059 2713 2125 αἰτίαν;
2755 2059 2878 2113 Ὅτι
2910 2058 2971 2112 τὸ
3008 2057 3428 2127 ἀνατεθειμένον
3475 2057 3612 2120 ὅλως
3646 2058 3737 2112 καὶ

2162 2150 2494 2223 ἡγιασμένον
2518 2150 2596 2220 τῷ
2619 2149 2738 2218 Θεῷ
2771 2147 3140 2203 καταθύεσθαι
3169 2165 3272 2202 που
3296 2149 3466 2220 ἐχρῆν
3497 2149 3732 2211 πάντως.

2163 2246 2517 2315 Παραιτεῖται
2544 2242 2600 2295 δὲ
2634 2242 2732 2313 τὴν
2763 2240 3146 2313 ἀνδροκτονίαν
3178 2242 3206 2293 6
3234 2241 3427 2304 κτίσας
3451 2241 3509 2294 έν
3539 2240 3736 2312 άφθαρ·

2163 2335 2254 2406 σία
2277 2334 2409 2398 Θεὸς
2437 2333 2504 2386 τά
2530 2334 2728 2387 πάντα.
2769 2351 2788 2384 ι
2829 2334 2904 2386 Οὐ
2935 2331 3041 2404 γὰρ
3063 2331 3320 2400 ἐποίησεν
3345 2331 3598 2395 θάνατον,
3619 2329 3736 2385 οὐδὲ

2163 2422 2527 2496 ὲπξάπωλείᾳ
2569 2421 2789 2487 ζώντων
2817 2421 3104 2491 τέρπεται,
3158 2437 3176 2471 ι
3221 2420 3365 2474 κατὰ
3396 2420 3457 2490 τὺ
3483 2436 3735 2491 γεγραμ-

2163 2494 2342 2586 μένον.
2380 2494 2517 2566 Οὔτε
2564 2514 2670 2585 μὴν
2703 2515 2762 2565 ἐν
2809 2511 2908 2583 ἴσῳ
2955 2515 3067 2576 τοῖς
3104 2511 3438 2582 ἀκαθάρτοις
3482 2511 3734 2580 δαίμοσι,

2159 2607 2269 2668 τοῖς
2303 2599 2818 2675 καταφθειρομένοις
2842 2604 3126 2674 ὲφήδεταιο
3158 2604 3483 2675 προστάττει
3513 2603 3570 2656 δὲ
3601 2602 3736 2673 μᾶλ-

2158 2695 2246 2748 λον
2281 2694 2422 2765 ὑπὲρ
2457 2692 2618 2748 αὐτοῦ
2659 2694 2902 2747 καθεῖναι
2949 2693 3011 2746 τὸ
3051 2692 3248 2764 λύτρον
3270 2735 3284 2758 ,
3318 2693 3600 2762 μονονουχὶ
3645 2693 3735 2746 καὶ

2157 2787 2451 2858 διαρρήδην
2476 2786 2756 2856 ὁμολογεῖν
2783 2786 2858 2849 ὡς
2897 2784 3045 2855 αὐτῷ
3071 2785 3170 2855 τὴν
3203 2785 3413 2838 οἰκείαν
3445 2783 3733 2853 ὀφείλομεν

2159 2877 2324 2947 ζωήν.
2359 2873 2527 2928 Τοῦτο
2571 2874 2678 2946 γὰρ
2727 2873 2933 2928 ἐποίσει
2977 2873 3037 2927 τὸ
3067 2873 3401 2944 καλούμενον
3440 2873 3736 2945 δίδραγμον

2157 2967 2426 3020 τελεῖσθαι
2452 2967 2824 3038 προστάττων.
2853 2965 3062 3038 Λύτρον
3083 2966 3138 3018 δὲ
3167 2966 3226 3019 τὸ
3249 2966 3447 3034 ἀληθὲς
3475 2968 3570 3020 καὶ
3594 2966 3735 3037 ὑπὲρ

2159 3057 2395 3122 πάντων,
2414 3057 2574 3121 αὐτὸς
2596 3059 2766 3110 νοοῖτο
2788 3057 3041 3127 Χριστὸς,
3063 3057 3127 3110 δι’
3152 3052 3230 3122 οῦ,
3265 3059 3359 3111 καὶ¹
3380 3059 3438 3111 ὲν
3455 3053 3500 3126 ᾧ
3521 3060 3733 3129 νενική-

2159 3167 2336 3220 καμεν
2368 3150 2466 3220 τὴν
2499 3149 2702 3220 φθοράν
2730 3171 2740 3183 ·
2781 3149 2980 3204 δέδωκε
3009 3150 3118 3221 γὰρ
3152 3150 3344 3204 ἑαυτὸν
3374 3151 3518 3222 ὑπὲρ
3553 3151 3730 3221 ἡμῶν.

2170 3241 2341 3295 Ἑπτὰ
2380 3241 2438 3294 δὲ
2483 3241 2593 3294 δεῖν
2632 3241 2734 3312 ἔφη
2768 3239 3009 3313 πληροῦν
3049 3243 3261 3313 ἡμέρας
3306 3243 3411 3296 ὑπὸ
3447 3242 3617 3314 μητρὶ¹
3645 3243 3735 3296 τὸν

2155 3331 2354 3399 ἀμνόνο
2389 3330 2851 3401 προσκομίζεσθαι
2888 3331 2942 3383 δὲ
2977 3333 3119 3385 κατά
3155 3332 3254 3402 τὴν
3280 3332 3491 3404 ὀγδόην.
3525 3332 3600 3385 Οὐ
3626 3331 3734 3402 γάρ

2153 3438 2234 3473 τοι
2262 3421 2448 3489 τεχθὲν
2479 3423 2542 3474 ὲκ
2571 3422 2806 3492 μήτρας,
2832 3423 2994 3490 εὐθὺς
3023 3422 3427 3492 κατεσφάζετοο
3451 3423 3530 3493 τῷ
3559 3422 3616 3476 δὲ
3638 3423 3735 3492 τῆς

2153 3511 2416 3582 τεκούσης
2461 3511 2693 3580 γάλακτι
2740 3514 3127 3585 προανδρισθὲν
3151 3514 3358 3586 ἠρέμα,
3397 3514 3494 3567 καὶ
3521 3513 3733 3584 διισχύ-

2137 3621 2258 3673 ,σαν
2294 3605 2470 3676 βραχὺ
2497 3647 2512 3673 ,
2562 3607 2683 3659 τότε
2730 3607 2829 3678 δὴ,
2861 3608 2981 3661 τότε
3027 3609 3124 3664 καὶ
3173 3612 3254 3672 εἰς
3285 3609 3462 3680 ὀσμὴν
3505 3608 3732 3677 εὐωδίας

2153 3695 2470 3766 ἐπιτηδείως
2501 3697 2644 3767 ἔχειν
2666 3697 2816 3760 αὐτὸ,
2857 3699 3110 3753 διετύπου
3158 3699 3310 3764 Θεός.
3359 3699 3541 3763 Τύπος
3579 3699 3626 3753 δ’
3667 3698 3732 3752 ἂν

2154 3787 2240 3855 εἴη
2273 3786 2369 3839 καὶ
2397 3787 2515 3840 τόδε
2552 3787 2816 3858 μυστικοῦ
2857 3791 2954 3844 καὶ
2993 3791 3288 3860 ἀναγκαίου
3322 3791 3670 3861 πράγματος,
3706 3791 3734 3842 ὃ

2155 3879 2249 3932 καὶ
2288 3880 2366 3942 εἰς
2392 3879 2550 3948 δεῦρο
2575 3880 2874 3951 τετήρηται
2914 3881 3045 3953 παρ’
3091 3885 3225 3952 ἡμῖν
3277 3885 3391 3947 τοῖς
3434 3884 3504 3937 τὰ
3538 3881 3735 3950 λογικὰ

2154 3969 2447 4042 θρέμματα
2475 3969 2764 4043 καθιεροῦν
2797 3971 3013 4025 εἰωθόσι
3059 3972 3137 4043 τῷ
3178 3973 3397 4027 πάντων
3439 3972 3732 4043 κρατοῦντι

2152 4061 2291 4132 Θεῷ.
2345 4063 2418 4116 οὐ
2468 4063 2576 4135 γὰρ
2610 4064 2744 4134 ὁμοῦ
2786 4065 3194 4135 κεκλημένους,
3233 4065 3328 4119 κα¹ι
3375 4067 3455 4129 είς
3509 4065 3608 4128 τὰς
3637 4063 3730 4118 τοῦ

2154 4153 2427 4208 πιστεύειν
2446 4155 2618 4226 ἀρχὰς
2643 4156 3030 4223 ἐκϐεϐηκότας,
3047 4156 3148 4208 καὶ
3165 4156 3446 4227 ἀμυήτους
3467 4155 3547 4209 ἔτι
3570 4172 3733 4225 προσ-

2153 4242 2450 4313 κομίζομεν
2491 4246 2558 4314 τῇ
2606 4243 2727 4315 θείᾳ
2759 4260 2818 4298 τε
2867 4243 2963 4297 καὶ
2999 4244 3326 4314 ἀναιμάκτῳ
3373 4243 3570 4313 θυσίᾳ·
3604 4261 3732 4314 προ-

2153 4335 2516 4406 κατηχοῦντες
2544 4335 2600 4388 δὲ
2635 4335 2856 4407 μᾶλλον,
2898 4334 3181 4406 μονονουχὶ
3211 4333 3268 4387 δὲ
3300 4335 3394 4390 καὶ
3425 4335 3529 4387 ὑπὸ
3561 4333 3731 4404 μητρὶ

2151 4425 2466 4495 τρέχοντες,
2516 4428 2798 4491 τουτέστι,
2842 4430 2908 4498 τῇ
2954 4427 3293 4498 Ἐκκλησία,
3324 4427 3419 4479 καὶ
3461 4419 3574 4478 οἷόν
3623 4442 3729 4480 τινι

479 4515 604 4569 dam
648 4513 950 4570 infantibus
1003 4525 1150 4588 apto,
1197 4524 1252 4572 et
1280 4517 1477 4572 tenello
1522 4519 1693 4574 verbo
1731 4519 2050 4591 pinguiorcs

2157 4518 2380 4584 γάλακτι
2424 4521 2793 4590 νηπιοπρεπεῖ
2834 4519 2930 4572 καὶ
2975 4517 3229 4591 τρυφερῷ
3276 4517 3730 4582 καταπιαίνοντες

480 4607 794 4662 reddentes.
822 4607 960 4664 Hinc
997 4616 1052 4663 et
1077 4610 1276 4665 Paulus
1301 4610 1368 4666 iis
1407 4611 1499 4682 qui
1528 4613 1771 4667 nondum
1807 4613 2050 4683 perfecto

479 4709 609 4755 sunt
632 4699 819 4753 habitu
853 4701 1081 4754 scribit:
1116 4721 1133 4753 ι
1165 4702 1346 4757 Laetis
1383 4713 1570 4772 potum
1594 4705 1752 4759 vobis
1773 4705 2049 4769 dedi,non

477 4807 682 4846 escam.
708 4790 961 4846 Nondum
979 4792 1122 4846 enim
1139 4793 1421 4861 poteratis,
1447 4793 1544 4848 sed
1568 4810 1636 4848 ne
1657 4810 1805 4849 nunc
1826 4795 2048 4863 quidem

477 4885 709 4952 potestis
742 4883 828 4941 ιν.
869 4903 888 4934 ι
921 4884 1160 4940 Rursum
1184 4883 1238 4937 in
1262 4884 1366 4938 alia
1386 4885 1614 4953 epistola
1649 4902 1662 4940 :
1700 4905 1718 4936 ι
1743 4885 1931 4941 Omnis
1953 4888 2048 4956 qui

475 4975 751 5044 particeps
773 4984 858 5030 est
881 4977 1059 5040 lactis,
1084 4976 1373 5046 imperitus
1407 4983 1491 5032 est
1510 4977 1783 5036 sermonis
1798 4978 2045 5048 justitiaa.

477 5061 659 5116 Infans
679 5064 826 5119 enim
853 5073 955 5119 est.
981 5065 1356 5121 Perfectorum
1393 5075 1574 5121 autem
1600 5076 1685 5122 est
1723 5068 1932 5123 solidus
1967 5069 2048 5125 ci-

477 5154 601 5218 bus,
628 5155 721 5225 qui
755 5171 852 5223 per
887 5157 1340 5216 consuetudinem
1373 5159 1579 5213 habent
1617 5175 1809 5215 sensus
1845 5161 2047 5215 confir-

477 5256 654 5301 matos
677 5247 746 5301 ad
771 5246 1158 5303 discretionem
1183 5248 1312 5306 boni
1349 5265 1413 5304 ac
1439 5250 1567 5304 mali
1592 5250 1656 5303 ³⁵.
1688 5270 1706 5301 ι
1742 5251 1901 5307 Viros
1941 5253 2044 5323 igi-

479 5347 568 5393 tur
590 5338 783 5405 factos,
813 5354 876 5394 ac
927 5339 1065 5394 bene
1125 5339 1179 5393 in
1218 5340 1504 5410 praeceptis
1525 5339 1847 5395 Christianae
1890 5341 2046 5395 insti-

477 5429 709 5483 tutionis
756 5429 1027 5483 enutritos
1075 5429 1397 5485 adducimus
1433 5439 1627 5486 octavo
1657 5431 1766 5496 die,
1792 5430 1897 5485 hoc
1936 5440 2039 5493 est,

477 5515 569 5572 illo
594 5523 834 5585 tempore
899 5516 952 5569 in
979 5531 1089 5585 quo
1155 5527 1313 5572 erant
1337 5519 1594 5583 infantes,
1625 5520 1833 5590 elapso,
1853 5529 1909 5573 et
1929 5521 2042 5589 jam

476 5604 844 5667 alioineuutc,
864 5606 1040 5677 inquo
1065 5608 1267 5664 Christi
1290 5611 1614 5681 mysterium
1631 5610 1735 5667 illis
1759 5611 2040 5664 commode

551 5781 594 5815 "
632 5780 755 5850 Sap.
789 5799 828 5850 ι,
862 5783 926 5837 l5

1023 5786 1065 5814 ³⁸
1095 5783 1328 5855 Philipp.
1361 5803 1418 5850 ιι,
1464 5788 1512 5840 7.
1594 5789 1655 5819 W
1695 5790 1712 5843 f
1745 5789 1869 5844 Cor.
1908 5807 1982 5855 ιιι,
2019 5791 2077 5844 2.

2158 4609 2320 4680 λόγῳ.
2355 4609 2463 4666 Καὶ
2500 4610 2630 4678 γοῦν
2669 4612 2698 4663 6
2737 4609 3020 4674 θεσπέσιος
3059 4608 3271 4672 Παῦλος
3311 4611 3420 4672 τοῖς
3447 4608 3602 4663 οῦπω
3633 4610 3731 4680 τὴν

2156 4696 2266 4763 ἕξιν
2291 4698 2514 4762 τελείοις
2535 4699 2838 4752 ἐπιστέλλει
2865 4698 3056 4768 λέγων·
3089 4718 3108 4749 ι
3138 4698 3282 4751 Γάλα
3308 4698 3452 4768 ὑμᾶς
3478 4698 3725 4762 ἐπότισα,

2156 4792 2248 4845 καὶ
2279 4791 2340 4844 οὑ
2392 4790 2606 4862 βρῶμα.
2643 4789 2808 4845 Οὔπω
2839 4789 2947 4862 γὰρ
2977 4789 3278 4860 ἠδύνασθε,
3331 4787 3444 4842 ἀλλ’
3489 4789 3611 4841 οὐδὲ
3650 4788 3728 4840 ἔτι

2153 4882 2246 4936 νῦν
2273 4883 2520 4937 δύνασθε.
2543 4903 2561 4936 ι
2597 4883 2705 4937 Καὶ
2736 4883 2895 4937 πάλιν
2928 4885 2986 4936 ὲν
3011 4881 3174 4953 ἑτέρᾳ
3213 4879 3503 4950 Ἐπιστολῇ
3521 4894 3535 4908 ·
3561 4897 3580 4929 ι
3614 4880 3727 4942 Πᾶς

2147 4973 2254 5045 γὰρ
2283 4976 2312 5026 6
2342 4973 2583 5044 μετέχων
2606 4974 2896 5041 γάλακτος,
2925 4973 3149 5044 ἄπειρος
3177 4972 3335 5040 λόγου
3357 4969 3722 5041 δικαιοσύνης.

2144 5064 2357 5133 Νήπιος
2393 5064 2500 5136 γάρ
2531 5066 2668 5121 ἐστι.
2698 5064 2933 5117 ’Τελείων
2956 5065 3012 5117 δέ
3043 5067 3189 5117 ἐστιν
3227 5063 3260 5132 ή
3289 5061 3486 5132 στερεά
3524 5062 3722 5132 τροφὴ.

2143 5157 2254 5212 τῶν
2283 5155 2371 5209 διὰ
2403 5156 2500 5227 τὴν
2524 5155 2637 5222 ἕξιν
2665 5155 2732 5212 τὰ
2763 5155 3094 5226 αἰσθητήρια
3122 5155 3552 5226 γεγυμνασμένα
3582 5155 3726 5224 ἑχόν-

2142 5264 2252 5302 των
2269 5247 2403 5318 πρὸς
2419 5247 2686 5318 διάκρισιν
2705 5246 2869 5301 καλοῦ
2881 5263 2942 5299 τε
2960 5247 3054 5300 καὶ
3072 5245 3263 5301 κακοῦ.
3284 5265 3302 5298 ι
3337 5245 3726 5317 Ἀνδρυθέντας

2149 5339 2215 5410 δὴ
2246 5333 2338 5392 οῦν
2368 5338 2465 5392 καὶ
2489 5337 2896 5410 τεθραμμένους
2919 5332 2978 5390 εῦ
3007 5337 3152 5407 μάλα
3177 5338 3289 5400 τοῖς
3310 5337 3390 5399 εἰς
3415 5336 3727 5406 κατήχησιν

2150 5431 2327 5499 λόγοις
2346 5431 2694 5501 προσάγομεν
2715 5429 2858 5484 κατά
2875 5429 2972 5501 τὴν
2989 5429 3203 5500 ὀγδόην,
3234 5428 3480 5482 τουτέστι
3511 5443 3726 5499 παριπο

2151 5505 2452 5585 πεύσαντος
2480 5520 2571 5574 τοῦ
2596 5519 2788 5592 καιροῦ
2813 5520 2931 5574 καθ’
2958 5520 3016 5574 ὃν
3039 5515 3178 5590 ἦσαν
3203 5520 3260 5572 ὲν
3283 5517 3597 5589 νηπιότητι,
3626 5517 3732 5571 καὶ

2147 5613 2330 5666 λοιπὸν
2361 5611 2546 5683 ἐτέρου
2595 5614 2712 5683 μετ’
2741 5614 2948 5666 ἐκεῖνον
2983 5611 3367 5674 είσθαίνοντος,
3413 5605 3535 5661 καθ’
3565 5606 3629 5660 ὃν
3667 5608 3733 5662 τὸ

2151 5793 2191 5822 ιη
2222 5792 2394 5848 llehr.
2438 5809 2489 5858 ν,
2528 5792 2609 5857 ιδ,
2645 5793 2728 5848 ιι.
