4066 6282
314 399 411 458 ιιι

1325 387 1848 446 οιΑΡΗῖιιοιιυΜ
1889 389 1956 444 ΙΝ
1991 389 2274 448 EXODUM
2313 391 2444 446 LIB.
2487 391 2550 446 Il.

3465 399 3570 456 4ίί

313 515 406 572 τοῦ
441 512 682 586 Χριστοῦ
717 509 1016 582 μυστήριον
1049 505 1442 581 παρα[τε]θείη
1475 525 1562 572 τις
1587 507 1654 562 ἂν
1693 509 1882 570 αὐτοῖς

1999 509 2258 564 committi
2283 511 2478 581 possit.
2497 511 2738 566 Octavus
2767 511 2914 566 enim
2969 511 3088 567 dies
3120 511 3388 584 signiﬁcat
3411 513 3572 570 nobis

315 607 406 662 ἐπὶ
425 603 622 676 καιροῦ
653 603 750 658 καὶ
787 599 1128 674 πρεπόντως.
1159 599 1582 670 Κατασημαίνει
1605 599 1716 669 γὰρ
1755 599 1890 668 ἡμῖν

313 701 348 772 ἡ
379 697 540 770 ὀγδόη
581 695 674 750 τὸν
715 693 818 764 τῆς
851 693 1204 754 ἀναστάσεως
1245 691 1460 762 καιρὸν.
1490 691 1580 744 ὅτε
1621 689 1712 743 τὸν
1749 689 1892 760 ὑπὲρ

315 791 472 866 ἡμῶν
505 785 806 860 ὑπομείνας
847 785 1110 848 θάνατον,
1153 781 1356 837 ἀνεϐίω
1385 781 1642 854 Χριστὸς,
1665 773 1710 849 ᾧ
1751 797 1891 852 συμ-

321 879 676 957 μρφούμεθα
720 877 930 950 νοητῶς
975 875 1414 960 ἀποθνήσκοντες
1468 875 1558 930 διὰ
1597 873 1692 928 τοῦ
1735 873 1890 942 ἁγίου

317 973 694 1046 βαπτίσματος
719 1011 734 1034 ,
793 969 882 1024 ενα
903 969 1020 1024 κκαὶ
1065 967 1168 1038 τῆς
1217 966 1570 1030 ἀναστάσεως
1615 967 1890 1037 τύχωμεν.

319 1065 658 1122 Πιστώσεται
687 1062 748 1116 δὲ
783 1061 878 1116 καὶ
905 1061 936 1114 ό
962 1059 1174 1124 Παῦλος
1212 1059 1444 1132 γράφων
1466 1077 1482 1092 ο
1524 1078 1542 1110 ι
1577 1057 1893 1128 Συνετάφη-

324 1175 420 1230 μεν
449 1157 560 1228 γὰρ
587 1155 738 1226 αὐτῷ
761 1153 852 1208 διὰ
873 1152 968 1206 τοῦ
997 1151 1374 1224 βαπτίσματος
1399 1153 1480 1215 εἰς
1517 1151 1610 1206 τὸν
1637 1151 1889 1213 θάνατον,

319 1243 404 1298 ἵνα
435 1243 626 1314 ὥσπερ
659 1240 872 1312 ἠγέρθη
905 1241 1140 1310 Χριστὸς
1163 1243 1228 1294 ἐκ
1253 1239 1466 1312 νεκρῶν
1495 1239 1588 1294 διὰ
1607 1237 1708 1308 τῆς
1733 1237 1892 1304 δόξης

219 1399 224 1404 _
317 1334 408 1388 τοῦ
437 1333 671 1402 Πατρὸς,
706 1329 850 1384 οὓτω
880 1329 976 1384 καὶ
995 1331 1154 1400 ἡμεῖς
1183 1330 1242 1382 ἐν
1265 1329 1544 1398 καινότητι
1567 1328 1711 1396 ζωῆς
1733 1343 1892 1396 περι-

319 1427 676 1496 πατήσωμεν.
705 1442 722 1474 ι
763 1421 1202 1492 Ἀνατικτόμενοι
1221 1421 1400 1476 τοίνυν
1425 1420 1512 1474 διὰ
1531 1421 1632 1489 τῆς
1655 1419 1892 1481 πίστεως

320 1521 398 1581 είς
429 1515 726 1584 ἐπίγνωσιν
757 1513 1040 1582 ἀληθείας,
1074 1513 1170 1566 καὶ
1209 1513 1560 1584 συμμορφίαν
1589 1511 1692 1582 ἤδη
1721 1511 1892 1564 πλου-

320 1611 588 1686 τήσαντες
615 1607 716 1677 τὴν
733 1605 870 1678 πρὸς
901 1605 990 1658 τὸν
1012 1605 1216 1674 Κύριον
1245 1605 1400 1674 ἡμῶν
1429 1603 1638 1676 Ἰησοῦν
1661 1601 1896 1674 Χριστὸν

323 1701 414 1754 τὸν
437 1700 504 1752 δι’
536 1698 684 1768 ἡμᾶς
725 1713 786 1748 τε
815 1695 910 1749 καὶ
936 1697 992 1748 ἐν
1034 1695 1164 1766 ἡμῖν
1198 1693 1538 1764 πρωτότοκον
1557 1711 1572 1724 ⁸
1604 1689 1722 1746 εἶτα
1750 1692 1898 1759 λογι-

328 1789 424 1842 κόν
453 1805 512 1840 τε
559 1788 654 1840 καὶ
695 1785 878 1840 ᾶδολον
919 1785 1230 1848 ἐκπίνοντες
1275 1783 1454 1852 γάλα,
1495 1801 1514 1834 ι
1561 1785 1640 1846 εἰς
1685 1782 1890 1853 μέτρον

1995 605 2210 668 tempus
2263 597 2722 664 resurrectionis,
2775 613 2899 654 cum
2961 598 3213 656 Christus
3255 619 3359 672 pro
3409 601 3570 658 nobis

1995 697 2226 742 mortem
2267 703 2464 758 passus
2511 687 2732 754 revixit,
2783 690 2872 744 cui
2941 691 3305 760 spiritualiter
3353 692 3572 747 confor-

1993 793 2204 832 mamnr
2227 777 2525 832 morientes
2545 791 2642 846 per
2667 786 2914 834 sanctum
2943 779 3294 848 baptismum,
3323 787 3384 834 ut
3400 789 3456 836 et
3485 797 3572 836 re-

1989 869 2348 924 surrectionis
2407 877 2693 925 consortes
2744 869 3063 926 eﬂleiamur.
3115 873 3230 928 Hoc
3283 873 3572 928 conﬁrmat

1991 963 2192 1017 Paulus
2225 961 2298 1015 ita
2320 961 2599 1016 scribens:
2645 980 2664 1011 ι
2689 959 3008 1032 Consepulti
3034 961 3200 1032 igitur
3249 964 3352 1033 ipsi
3381 979 3572 1018 sumus

1991 1069 2090 1123 per
2111 1053 2444 1122 baptismum
2465 1047 2803 1126 in'uiortem,
2835 1061 2895 1107 ut
2923 1053 3388 1123 quemadmodum
3409 1053 3570 1108 Chri-

1992 1154 2110 1200 stus
2124 1144 2394 1198 excitatus
2421 1151 2601 1198 estex
2631 1143 2886 1208 mortuis,
2935 1161 3034 1214 per
3075 1145 3304 1216 gloriam
3351 1145 3568 1212 Patris;

1993 1238 2068 1290 ita
2113 1245 2168 1290 et
2210 1249 2310 1290 nos
2347 1235 2402 1290 in
2445 1235 2688 1290 novitate
2735 1233 2963 1305 spiritus
3020 1235 3366 1292 ambulemus
3417 1237 3484 1290 “.
3545 1257 3563 1288 ι

1993 1329 2338 1398 Quapropter
2360 1341 2484 1382 cum
2509 1343 2862 1382 renascantur
2887 1343 2986 1398 per
3011 1327 3172 1383 tidem
3201 1329 3254 1382 in
3299 1329 3572 1400 cognitio-

1995 1433 2122 1472 nem
2149 1415 2418 1480 veritatis,
2447 1417 2613 1487 280
2629 1425 2684 1471 et
2709 1417 2820 1487 jam
2847 1417 3019 1472 simus
3051 1418 3293 1489 insigniti
3337 1419 3574 1490 imagine

1996 1506 2214 1562 Domini
2237 1507 2412 1561 nostri
2427 1507 2554 1561 Jesu
2579 1505 2804 1564 Christi.
2821 1507 2913 1577 qui
2933 1515 3154 1576 propter
3171 1523 3290 1570 nos,
3314 1509 3456 1562 inter
3475 1525 3580 1564 nos

1997 1598 2172 1654 factus
2192 1606 2275 1652 est
2301 1597 2698 1667 primogenitus
2726 1615 2738 1650 :
2766 1614 2828 1652 ac
2852 1597 3050 1652 deinde
3077 1599 3342 1652 rationale
3380 1607 3436 1653 et
3458 1599 3574 1652 sin-

1997 1689 2282 1743 cerumlac
2311 1687 2634 1751 biberimus,
2671 1706 2688 1738 ι
2739 1687 3262 1757 pervenerimusque
3311 1687 3366 1741 in
3419 1703 3572 1742 men-

1999 1797 2184 1834 suram
2200 1781 2376 1834 aetatis
2387 1779 2744 1849 plenitudinis
2765 1781 2904 1850 ejus,
2927 1799 2944 1830 ι
2969 1779 3113 1834 sicut
3129 1781 3394 1850 scriptum
3405 1789 3490 1835 est
3507 1781 3572 1846 ";

333 1877 544 1945 ἡλικίας
574 1877 950 1939 ἀναϐαίνοντες
979 1876 1076 1930 τοῦ
1101 1875 1464 1944 πληρώματος
1489 1873 1676 1938 αὐτοῦ,
1703 1891 1722 1926 ι
1749 1871 1891 1926 κατὰ

2001 1881 2152 1933 tunc,
2183 1877 2334 1934 tunc,
2361 1871 2606 1940 inquam,
2635 1871 2896 1940 deinceps
2941 1886 3134 1926 omnes
3181 1871 3350 1925 futuri
3389 1887 3580 1926 sumus

330 1968 392 2019 τὸ
420 1967 802 2036 γεγραμμένον
824 2005 840 2031 ,
875 1965 998 2018 τότε
1021 1963 1108 2034 δὴ,
1137 1963 1260 2016 τότε
1302 1961 1498 2016 λοιπον
1525 1963 1661 2030 ἱεροὶ
1693 1963 1892 2024 πάντες

325 2059 584 2128 ἐσόμεθα,
617 2058 710 2112 καὶ
740 2060 822 2120 εἰς
863 2057 1122 2126 ἀνάθημα
1149 2055 1226 2124 τῷ
1253 2053 1376 2125 Θεῷ
1395 2071 1408 2084 ·
1449 2055 1542 2106 καὶ
1581 2053 1768 2126 κόσμῳ
1795 2055 1892 2124 μὲν

321 2149 782 2218 ἀποθνήσκοντες,
813 2147 1020 2218 ventri);
1050 2147 1106 2202 δὲ
1131 2145 1252 2216 Θεῷ
1279 2145 1482 2210 ζῶντες
1507 2145 1696 2212 ἀγίως.
1729 2143 1894 2198 Τοῦτο

320 2244 445 2312 γὰρ,
480 2235 654 2309 οἶμαι,
676 2239 798 2292 ἐστὶ
835 2241 897 2292 τὸ
925 2240 1054 2309 παρ’
1087 2237 1236 2308 αὐτῷ
1263 2235 1564 2306 σφάζεσθαι
1593 2233 1669 2306 τῷ
1703 2233 1895 2288 θυσια-

320 2332 526 2402 στηρίῳ
549 2330 660 2384 τῶν
699 2329 914 2398 κτηνῶν
949 2330 1016 2382 τὰ
1045 2329 1384 2398 πρωτότοκα.
1429 2327 1634 2400 Γράφει
1659 2327 1714 2380 δὲ
1747 2320 1840 2380 καὶ
1866 2325 1894 2376 ό

319 2423 604 2486 Θεσπέσιος
645 2420 854 2484 Παῦλος
881 2421 996 2484 τοῖς
1041 2419 1184 2472 οὕτω
1246 2417 1598 2490 ἡγιασμένοις
1623 2434 1640 2445 ’
1681 2437 1699 2468 ι
1761 2417 1894 2469 Ἀπ-

317 2513 537 2568 εθάνετε
556 2512 688 2582 γὰρ,
709 2512 802 2565 καὶ
831 2513 866 2580 ἡ
890 2511 1005 2580 ζωὴ
1028 2510 1182 2580 ὑμῶν
1212 2510 1519 2580 κέκρυπται
1551 2509 1647 2564 σὺν
1671 2506 1894 2579 Χριστῷ

318 2605 371 2653 ὲν
405 2601 482 2671 τῷ
511 2601 653 2671 Θεῷ.
697 2621 715 2653 ι
765 2599 930 2670 ’ἱερὸς
958 2595 1050 2652 οὖν
1087 2598 1193 2670 ἄρα
1223 2597 1332 2650 τῶν
1361 2597 1529 2666 ἁγίων
1561 2599 1588 2650 ὁ
1619 2597 1850 2657 θάνατος
1879 2637 1892 2660 ,

318 2695 410 2748 καί
443 2694 534 2764 μοί
557 2711 610 2748 τι
651 2690 890 2747 τοιοῦτον
913 2693 942 2744 ὁ
971 2691 1238 2762 μακάριος
1277 2689 1440 2742 Δαόὶδ
1468 2687 1774 2755 ἀναϐλέψαι
1805 2687 1894 2739 δον

320 2787 404 2838 κεί
423 2802 434 2812 ’
463 2801 482 2834 ι
519 2782 716 2853 Τίμιος
739 2783 868 2852 γὰρ,
898 2782 1084 2852 φησὶν,
1111 2782 1351 2834 ἐναντίον
1381 2780 1586 2850 Κυρίου
1613 2779 1641 2830 ὁ
1664 2778 1892 2839 θάνατος

319 2879 424 2930 τῶν
445 2875 608 2930 ὁσίων
639 2874 824 2928 αὑτοῦ.
877 2893 894 2926 ι
929 2874 1135 2944 Πρέποι
1160 2874 1204 2926 δ’
1239 2873 1325 2936 ἂν,
1352 2873 1604 2940 καθάπερ
1651 2864 1890 2940 ἐγῷμαι,

325 2965 428 3018 τῶν
453 2965 656 3037 ἀρτίως
684 2967 818 3035 ἡμῖν
851 2965 1163 3036 εἰρημένων
1200 2962 1419 3016 ἐννοιῶν
1449 2965 1477 3016 ὁ
1507 2963 1730 3033 τρόπος,
1774 2961 1893 3030 οὐχὶ

329 3058 492 3127 δήπου
529 3057 686 3128 μόνον
731 3058 842 3119 τοῖς
883 3055 941 3121 ἐξ
983 3054 1152 3108 ἐθνῶν
1192 3054 1618 3123 ἐπιστρέφουσιν
1666 3055 1745 3116 εἰς
1794 3051 1892 3120 τὴν

329 3146 428 3216 τῆς
463 3145 710 3216 ἀληθείας
735 3146 1053 3214 ἐπίγνωσιν,
1087 3142 1222 3196 ἀλλὰ
1247 3146 1342 3198 καὶ
1387 3143 1468 3194 ὃτι
1515 3142 1752 3212 μάλιστα
1781 3143 1892 3200 τοῖς

324 3212 394 3292 ὲκ
417 3212 642 3308 νομικῆς
667 3212 1025 3306 κεκλημένοις
1053 3233 1310 3306 λατρείας
1331 3274 1344 3297 ,
1383 3234 1519 3302 πρὶς
1547 3232 1642 3302 τὴν
1670 3234 1725 3283 ἐν
1759 3232 1891 3300 Χρι-
1920 3212 1959 3266 C

323 3329 434 3400 στῷ
461 3330 740 3384 δικαίωσιν
768 3329 859 3382 καὶ
893 3327 1161 3397 ἁγιασμόν
1187 3328 1276 3379 τὸν
1311 3328 1367 3379 ἐν
1393 3324 1690 3393 Πνεύματι.
1710 3321 1893 3391 Ἐτρὲ-

318 3439 452 3494 φετο
488 3421 588 3488 μὲν
621 3421 728 3491 γὰρ
757 3422 784 3474 ό
814 3419 1003 3488 ἀμνὸς,
1035 3419 1154 3488 ἤτοι
1176 3419 1233 3470 τὸ
1268 3415 1560 3486 μοσχάριον
1596 3413 1732 3465 ἐπτὰ
1759 3411 1892 3482 ήμέ-

273 3529 284 3538 ·
317 3530 418 3584 ρας
449 3512 555 3565 ὑπὸ
581 3511 680 3581 τὴν
711 3510 922 3580 μητέρα
947 3525 959 3538 ·
993 3510 1301 3578 προσήγετο
1328 3507 1382 3557 δέ
1404 3505 1544 3558 κατᾶ
1564 3505 1657 3574 τὴν
1675 3504 1890 3573 ὀγδόην,

316 3602 757 3674 αἰνιγματωδῶς,
787 3595 1086 3670 οἶμαί,που,
1113 3597 1553 3667 παραδηλοῦντος
1582 3595 1714 3647 Θεοῦ
1746 3595 1896 3664 (σκιὰ

315 3699 426 3769 γὰρ
463 3699 492 3750 ὁ
520 3693 708 3765 νόμος)
735 3733 750 3754 ,
772 3693 846 3760 ὡς
879 3688 946 3761 ἦν
981 3693 1281 3757 ἀναγκαῖον
1314 3686 1893 3758 προπαιδαγωγεῐσοαι

315 3789 400 3842 διὰ
425 3787 640 3848 τύπων,
669 3785 762 3836 καὶ
791 3785 952 3835 οἱονεὶ
985 3798 1016 3851 ιι,
1040 3781 1301 3849 ιοήμασιν
1342 3781 1450 3840 τοῖς
1477 3780 1536 3829 οὑ
1566 3777 1684 3828 λίαν
1711 3777 1895 3845 ἀνδρο-

315 3878 750 3952 πρεπεστὲροις,
790 3873 1184 3944 νηπιοπρε·.τὲσι
1216 3872 1270 3923 δὲ
1304 3870 1523 3940 μᾶλλον,
1566 3871 1689 3931 τοὺς
1721 3869 1896 3936 ἱεροὺς

317 3969 614 4038 ἐσομένους
641 4009 654 4029 ,
679 3967 774 4017 καὶ
803 3967 881 4027 εἰς
907 3963 1077 4034 ὀσμὴν
1104 3962 1329 4023 εὐωδίας
1355 3957 1898 4028 ἀνακομισθήσεσθαι

319 4062 618 4134 μέλλοντας
657 4057 732 4126 τῷ
766 4056 906 4126 Θεῷ.
951 4055 1156 4124 Καιρὸς
1188 4052 1242 4105 δὲ
1273 4055 1300 4106 ὁ
1347 4052 1578 4120 μάλιστα
1615 4052 1682 4117 τῇ
1721 4048 1898 4117 τοιᾷδε

317 4153 597 4206 τελειώσει
634 4151 861 4219 πρέπων
891 4147 950 4199 τὸ
991 4144 1226 4217 Χριστοῦ
1264 4145 1582 4213 μυστήριον,
1624 4139 1650 4190 ὃ
1681 4139 1765 4190 διὰ
1803 4139 1902 4206 τῇς

315 4245 512 4315 ὀγδόης
543 4241 893 4313 σημαίνεται.
933 4237 1255 4308 ’Λπρόσιτος
1293 4229 1385 4286 οὖν
1427 4233 1515 4284 διὰ
1542 4231 1776 4302 νομικῆς
1803 4230 1900 4282 λα-

317 4336 507 4406 τρείας
538 4335 567 4386 ὁ
590 4333 746 4394 Θεὸς,
778 4330 1028 4399 προσιτὸς
1056 4329 1097 4380 δ’
1125 4327 1190 4382 ἂν
1218 4327 1428 4394 γένοιτο
1459 4324 1544 4376 διὰ
1581 4323 1740 4393 μόνου
1768 4323 1904 4394 Χρι-

320 4427 473 4482 στοῦ.
509 4426 588 4479 Δι’
614 4422 778 4478 αὐτοῦ
807 4421 915 4490 γὰρ
939 4422 1038 4490 τὴν
1064 4418 1431 4490 προσαγωγὴν
1458 4418 1797 4486 ἐσχήκαμεν,
1829 4416 1902 4477 ὡς

1997 1963 2170 2018 sancti
2195 1971 2252 2017 et
2275 1963 2388 2016 Deo
2425 1963 2754 2026 consecrati,
2809 1961 3013 2016 mundo
3049 1961 3274 2030 quidem
3314 1963 3574 2033 spiritua-

1995 2053 2120 2108 liter
2150 2054 2467 2117 morientes,
2493 2053 2606 2108 Deo
2637 2063 2818 2108 autem
2841 2061 3026 2108 sancte
3047 2053 3316 2109 viventes.
3343 2054 3402 2108 ld
3425 2054 3575 2108 enim

1995 2153 2098 2208 est,
2131 2151 2190 2198 ut
2215 2143 2472 2210 arbitror,
2507 2143 2654 2214 quod
2689 2145 2756 2198 ad
2793 2145 2974 2214 ipsum
3003 2145 3172 2198 altare
3213 2145 3577 2214 primogenita

1997 2249 2257 2302 pecorum
2289 2243 2630 2290 mactentur.
2691 2235 2895 2291 Scribit
2918 2244 3102 2290 autem
3147 2235 3316 2289 etiam
3357 2236 3581 2292 divinus

1995 2325 2196 2380 Paulus
2243 2327 2308 2380 iis
2333 2326 2429 2396 qui
2481 2327 2556 2381 ita
2585 2336 2714 2381 sunt
2759 2326 3084 2382 sanctiﬁcati
3131 2346 3142 2380 :
3185 2345 3202 2378 ι
3233 2327 3455 2392 Mortui,
3493 2327 3579 2382 in-

1995 2413 2210 2482 quiens,
2255 2413 2408 2478 estis,
2470 2425 2526 2469 et
2570 2415 2678 2469 vita
2735 2425 2914 2470 vestra
2956 2415 3278 2472 abscondita
3323 2427 3406 2471 est
3454 2432 3580 2472 cum

1993 2503 2212 2558 Christo
2239 2504 2294 2558 in
2332 2505 2444 2560 Deo
2469 2505 2535 2559 ⁵⁸.
2567 2525 2582 2556 ι
2608 2507 2806 2562 Sancta
2831 2507 2997 2578 igitur
3039 2517 3122 2563 est
3173 2523 3322 2562 mors
3355 2517 3582 2562 sancto-

1996 2611 2139 2660 rum,
2193 2596 2258 2650 ad
2285 2597 2432 2665 quod
2486 2599 2650 2652 etiam
2689 2599 2880 2654 beatus
2911 2599 3080 2654 David
3147 2599 3366 2654 videtur
3389 2615 3580 2670 respe—

1995 2687 2137 2741 xisse
2173 2705 2184 2738 :
2225 2695 2248 2736 ‹·
2299 2689 2545 2742 Pretiosa
2568 2690 2733 2750 enim,
2782 2691 2877 2752 ait,
2921 2690 2976 2742 in
3021 2699 3319 2759 conspectu
3357 2689 3580 2742 Domini

1995 2793 2142 2830 mors
2183 2786 2497 2831 sanctorum
2539 2780 2658 2848 ejus
2688 2781 2750 2831 υ.
2791 2798 2808 2828 ι
2853 2777 3160 2832 Conveniet
3227 2787 3432 2838 autem,
3461 2791 3582 2829 mea

1993 2865 2215 2934 quidem
2244 2865 2536 2926 sententia,
2577 2881 2772 2919 sensus
2795 2881 2987 2918 eorum
3016 2879 3138 2934 qum
3171 2864 3334 2918 modo
3373 2879 3401 2916 a
3423 2863 3584 2916 nobis

1994 2956 2138 3010 dicta
2177 2966 2322 3020 sunt,
2371 2972 2482 3008 non
2524 2957 2593 3009 iis
2642 2957 2816 3009 solum
2861 2955 2954 3025 qui
2988 2971 3054 3010 ex
3085 2955 3342 3025 gentibus
3364 2969 3483 3008 sese
3515 2951 3584 3010 ad

1994 3048 2242 3102 veritatis
2278 3049 2649 3116 cognitionem
2695 3045 3005 3110 conferunt,
3051 3063 3246 3101 verum
3295 3047 3484 3112 etiam,
3520 3063 3585 3103 ac

1994 3142 2263 3210 przeeipue
2283 3140 2526 3209 quidem,
2552 3142 2668 3194 istis
2695 3141 2786 3208 qui
2812 3155 2878 3196 ex
2899 3141 3058 3212 legali
3083 3141 3234 3196 cultu
3261 3143 3436 3196 vocati
3458 3153 3586 3198 sunt

1995 3233 2061 3285 ad
2081 3232 2528 3302 justiﬁcationem
2549 3233 2599 3285 in
2621 3231 2861 3298 Christo,
2879 3243 2934 3286 et
2951 3231 3440 3288 sanctificatiouem
3461 3233 3585 3303 Spi-

1995 3327 2036 3379 ri
2048 3325 2290 3380 tus.Nam
2308 3341 2480 3390 agnus
2494 3335 2588 3379 aut
2605 3325 2809 3380 vitulus
2827 3331 3034 3394 septem
3049 3325 3282 3380 diebusa
3297 3333 3472 3379 matre
3485 3341 3586 3378 nu-

1997 3420 2288 3482 triebatur,
2311 3427 2695 3472 oetavoautem
2716 3415 3112 3482 adducebatur;
3128 3433 3238 3488 quo
3257 3417 3478 3487 quidem
3497 3434 3588 3472 ar-

1994 3519 2352 3574 hitrorDenm
2373 3517 2597 3588 figurate
2617 3515 2948 3586 signiﬁcasse
2965 3515 3070 3585 (lex
3089 3515 3232 3570 enim
3251 3513 3584 3584 estumbra),

1994 3609 2140 3680 quod
2167 3619 2312 3663 esset
2335 3609 2699 3662 necessarium
2729 3606 2880 3675 prius
2930 3603 3214 3660 informari
3271 3621 3369 3674 per
3397 3615 3576 3673 typos,

1996 3718 2058 3757 ac
2084 3701 2426 3768 disciplinam
2463 3717 2572 3752 non
2598 3697 2894 3752 admodum
2925 3696 3168 3758 virilem,
3214 3694 3310 3748 sed
3361 3693 3588 3746 infanti-

1997 3793 2100 3845 bus
2126 3792 2294 3860 magis
2317 3791 2756 3850 convenientem,
2783 3781 2878 3842 eos
2903 3787 2997 3856 qui
3031 3793 3220 3854 postea
3244 3783 3420 3835 sancti
3460 3791 3588 3836 sunt

2000 3884 2189 3946 futuri,
2228 3890 2392 3950 atque
2431 3881 2700 3934 offerendi
2753 3881 2865 3930 Deo
2901 3878 2957 3928 in
3005 3875 3232 3928 odorem
3281 3872 3584 3926 suavitatis.

2001 3975 2316 4045 Mysterium
2365 3980 2544 4024 autem
2577 3969 2778 4022 Christi
2806 3965 2952 4034 quod
2985 3979 3085 4032 per
3137 3969 3390 4015 octavum
3441 3961 3588 4016 diem

2001 4065 2359 4136 signiﬁcatur,
2394 4070 2475 4115 est
2504 4067 2876 4128 opportunum
2909 4062 3145 4122 tempus,
3173 4051 3318 4120 quod
3355 4050 3589 4105 maxime

2003 4153 2262 4208 convenit
2304 4151 2396 4203 tali
2440 4145 2788 4218 perfectioni.
2831 4139 3234 4205 lnaccessibilis
3295 4139 3463 4212 igitur
3505 4149 3590 4194 est

2005 4248 2149 4300 Deus
2173 4260 2268 4312 per
2307 4243 2513 4295 cultum
2531 4239 2782 4310 legalem,
2809 4235 2904 4292 sed
2933 4251 3030 4307 per
3078 4233 3253 4289 solum
3304 4231 3586 4288 Christum

2005 4333 2140 4387 adiri
2178 4341 2374 4400 potest.
2417 4330 2549 4383 Nam
2580 4328 2873 4398 peripsum
2909 4340 3190 4382 accessum
3233 4324 3502 4380 habemus
3520 4325 3588 4388 ⁵³,

2009 4432 2264 4492 tanquam
2291 4431 2412 4491 post
2439 4421 2584 4474 diem
2619 4419 2938 4486 septimum,
2977 4415 3197 4486 quando
3231 4417 3442 4471 scilicet
3469 4415 3590 4469 sab-

323 4517 446 4587 μεθ⁹
487 4513 702 4584 ἡμέραν
737 4511 992 4579 ἑϐδόμην,
1023 4510 1292 4572 τουτέστι,
1326 4505 1770 4577 παρεληλοικότος
1802 4505 1898 4574 ἤδη

2010 4516 2275 4567 hatismus
2299 4514 2433 4582 legis
2469 4511 2756 4581 praeteriit,
2803 4511 2916 4563 sive
2953 4509 3009 4562 in
3041 4509 3358 4562 universum
3404 4522 3467 4559 ac
3503 4521 3588 4575 ge-

319 4607 417 4660 τοῦ
469 4605 612 4658 κατὰ
653 4604 815 4672 νόμον
859 4600 1263 4670 σαϐϐατισμοῦ,
1314 4601 1431 4670 ἦτοι
1475 4597 1764 4652 καθολικοῦ
1811 4597 1904 4648 καὶ

318 4695 691 4766 γενικωτὲρου
716 4695 790 4756 ὡς
815 4697 878 4745 ἐκ
911 4692 1132 4763 μέρους,
1157 4691 1253 4759 τῆς
1277 4690 1418 4744 κατὰ
1440 4690 1600 4759 νόμον
1626 4687 1903 4757 λατρείας.

317 4788 657 4842 Τετελείωκε
679 4786 786 4856 γὰρ
818 4786 846 4836 ὁ
868 4785 1029 4854 νόμος
1051 4783 1198 4835 οὐδέν
1225 4798 1236 4810 ·
1271 4782 1533 4852 ἀναφέρει
1555 4782 1609 4832 δὲ
1642 4782 1718 4842 εἰς
1746 4778 1903 4832 τοῦτο

318 4879 590 4951 Χριστός·
634 4876 811 4945 ἄρτιοι
842 4875 949 4943 γὰρ
988 4875 1064 4936 εἰς
1101 4871 1301 4942 ἀρετὴν
1347 4872 1394 4922 οἱ
1435 4867 1862 4928 πεπιστευκότες
1887 4907 1899 4931 ,

320 4972 424 5026 καὶ
448 4971 510 5023 τὸ
539 4969 743 5021 τέλειον
779 4967 992 5037 ἔχοντες
1025 4967 1080 5016 ἐν
1121 4964 1318 5032 γνώσει
1356 4962 1442 5014 διὰ
1473 4959 1710 5030 Χριστοῦ
1739 4974 1750 4986 ·
1784 4957 1907 5009 νοῦν

320 5061 434 5132 γὰρ
462 5060 661 5130 ἔχομεν
683 5057 772 5109 τὸν
797 5056 982 5118 αὑτοῦ,
1028 5056 1119 5106 καὶ
1148 5054 1214 5105 δι’
1237 5053 1399 5105 αὑτοῦ
1426 5069 1481 5103 τε
1519 5051 1610 5104 καὶ
1637 5052 1732 5102 σὺν
1761 5047 1910 5118 αὺτῴ

319 5151 407 5220 τῷ
436 5151 557 5220 Θεῷ
609 5149 706 5202 καὶ
751 5148 927 5216 Πατρὶ
974 5146 1068 5198 σὺν
1113 5147 1251 5214 ἁγίῳ
1290 5144 1568 5213 Πνεύματι
1609 5145 1641 5211 ἡ
1675 5143 1800 5206 δόξα
1833 5143 1911 5203 εἰς

322 5249 456 5308 τοὺς
477 5243 681 5305 αἰῶνας
711 5243 816 5294 τῶν
849 5241 1078 5294 αἰώνων.
1122 5240 1314 5307 Ἀμήν.

323 5357 468 5426 Περί
505 5353 775 5425 Μερῤᾶς,
809 5357 904 5406 καὶ
936 5355 1059 5428 *τοῦ
1109 5350 1467 5428 εὐκίουμτοῡη
1486 5349 1909 5417 παραδειχθέν-

757 5441 856 5490 τος
886 5425 965 5488 τῷ
992 5423 1257 5492 μακαρίῳ
1283 5423 1487 5487 Μωσῇ.

402 5527 470 5573 α’.
531 5518 646 5588 Τῆς
705 5515 813 5569 τῶν
859 5514 1166 5583 Αἰγυπτίων
1221 5513 1544 5584 ἀπαίροντες
1599 5513 1700 5581 γῆς
1750 5510 1798 5561 οἱ
1856 5508 1914 5570 ἐξ

341 5610 580 5682 Ἰσραὴλ,
617 5609 714 5662 καὶ¹
738 5607 828 5660 τὸν
859 5607 1098 5678 δυσαχθῆ
1127 5607 1222 5676 τῆς
1249 5605 1489 5668 δουλείας
1519 5602 1683 5670 ζυγὸν
1715 5600 1912 5653 ἀποδυ-

409 5792 452 5825 ⁶⁶
481 5793 641 5848 Rom.
675 5790 823 5858 vt,'ﬁ,
844 5790 894 5842 5.
975 5789 1015 5820 ⁸⁷
1038 5788 1439 5858 Ephes.1v,i5.
1509 5785 1547 5814 η
1577 5784 1784 5838 Cnlnss.
1807 5800 1883 5846 III,
1907 5781 1959 5834 5.

2013 4605 2271 4658 neraliter
2328 4601 2563 4656 cessavit
2616 4602 2799 4654 cultus
2847 4600 3055 4669 legalis.
3119 4599 3253 4652 Nam
3318 4597 3404 4649 lex
3452 4596 3589 4649 nihil

2012 4695 2243 4764 perfecit
2270 4695 2311 4725 ’“
2345 4712 2357 4746 :
2387 4693 2482 4746 sed
2513 4691 2767 4746 Christus
2811 4706 2911 4743 nos
2945 4689 3011 4742 ad
3041 4689 3146 4741 hoc
3179 4686 3426 4746 adducit,
3463 4684 3590 4751 quia

2013 4787 2110 4839 soli
2157 4785 2346 4839 ﬁdeles
2387 4792 2512 4837 sunt
2567 4781 2678 4851 apti
2704 4780 2769 4835 ad
2788 4781 3041 4840 virtutes,
3085 4788 3138 4832 et
3178 4793 3273 4846 per
3314 4774 3591 4829 Christum

2012 4879 2305 4947 perfectam
2331 4877 2698 4947 cognitionem
2731 4881 3163 4941 consequuntur,
3201 4874 3386 4933 utpote
3413 4873 3593 4916 mente

2010 4971 2177 5038 ipsius
2205 4969 2435 5038 prmditi,
2466 4983 2562 5036 per
2587 4981 2748 5035 quem
2797 4974 2851 5018 et
2886 4979 3010 5016 cum
3043 4975 3150 5027 quo
3176 4959 3285 5009 Deo
3323 4970 3385 5007 ae
3448 4955 3590 5006 Patri

2009 5075 2131 5112 cum
2169 5069 2354 5112 sancto
2374 5056 2603 5124 Spiritu,
2635 5056 2707 5108 sit
2736 5053 2912 5122 gloria
2947 5052 3001 5101 in
3031 5046 3244 5099 inﬁnita
3273 5042 3470 5097 saecula
3493 5058 3590 5094 sa:-

2010 5152 2277 5202 culorum.
2305 5151 2496 5200 Amen.

2089 5348 2245 5415 281
2304 5344 2374 5396 Dc
2418 5343 2652 5415 Merrlm_
2686 5348 2730 5392 et
2779 5340 2916 5415 ligno
2950 5336 3097 5415 quod
3151 5341 3412 5385 ostensum
3455 5340 3526 5381 est

2636 5411 2785 5461 brato
2831 5407 2978 5459 Mosi.

2092 5507 2142 5558 l.
2172 5501 2432 5557 Israelita:
2459 5496 2801 5552 discedentes
2830 5511 2859 5549 e
2913 5504 3054 5547 terra
3095 5507 3156 5547 ac
3188 5488 3406 5559 regione
3435 5485 3589 5556 zEgy-

2021 5600 2119 5667 pti,
2145 5596 2358 5665 ahjecto
2386 5588 2711 5646 intolerabili
2744 5585 3024 5640 servitutis
3047 5587 3195 5656 jugo,
3233 5597 3332 5652 per
3357 5577 3594 5633 medium

2031 5781 2069 5810 ‘9
2093 5777 2230 5834 Psal.
2264 5789 2380 5834 (λγ,
2431 5773 2509 5825 15.
2589 5772 2630 5798 ’“‘
2663 5770 2862 5840 Ephes.
2891 5787 2947 5832 ιι,
2981 5768 3061 5822 l8.
3141 5770 3181 5801 δ’
3206 5765 3372 5822 Hebr.
3394 5779 3482 5820 vn.
3512 5759 3590 5814 19.
