4066 6282
332 1420 347 1429 ”
457 1429 513 1482 in
553 1429 785 1483 salutem
822 1431 890 1484 δ’.

464 333 572 390 415

1490 324 1547 381 S.
1586 322 1860 379 CYRILLI
1899 321 2368 379 ALEXANDRINI
2409 321 2726 379 ARCHIEP.

3610 323 3718 387 444»

460 459 615 500 mare
642 439 799 513 quasi
844 455 941 510 per
983 439 1188 494 aridam
1234 437 1337 492 iter
1379 435 1648 501 fecerunt,
1676 436 1883 506 absque
1928 436 2037 488 ullo

2144 434 2368 504 σάμενοι
2422 433 2606 503 μόλις,
2635 431 2723 485 διὰ
2769 430 2939 504 μέσης
2977 429 3254 501 θαλάσσης
3298 429 3467 502 ᾔεσαν
3511 431 3587 494 ὡς
3629 434 3725 487 ἐπὶ

461 535 702 606 negotio.
731 533 896 601 Aquae
926 530 1074 587 enim
1105 528 1330 583 ﬁrmata:
1371 536 1501 583 sunt
1531 535 1592 582 ut
1630 527 1793 588 muri,
1839 526 2038 582 divinae

462 626 731 683 voluntati
760 623 1219 692 obtemperantes.
1241 620 1449 675 Deinde
1468 635 1593 673 cum
1614 619 1881 673 vidissent
1900 619 2039 673 Pha-

461 729 683 770 raonem
727 726 852 767 cum
893 720 1010 766 toto
1034 710 1279 766 exercitu
1322 709 1628 780 periculum
1670 709 1938 773 subiisse,
1982 717 2039 764 et

459 804 804 858 submersum
851 816 971 857 esse
1011 801 1067 854 in
1112 800 1302 870 aquis,
1353 799 1599 869 adeoque
1649 799 2038 855 miserabiliter

460 893 612 956 istos,
647 891 740 961 qui
789 892 919 945 olim
959 892 1092 961 ipsis
1129 891 1347 947 fuerant
1380 879 1769 955 intolerabiles,
1805 891 2036 946 durissi-

458 996 654 1050 meque
702 981 850 1050 ipsos
895 989 1228 1045 tractarent,
1280 981 1629 1051 disperiisse;
1682 983 1843 1038 bilari
1905 1000 2036 1039 sane

458 1070 643 1124 animo
667 1069 963 1125 cantabant
987 1070 1099 1123 Deo
1124 1070 1275 1133 udas,
1300 1085 1536 1140 eumque
1557 1070 1725 1141 gratis
1752 1072 2036 1127 celebran-

461 1166 543 1214 tes
588 1160 825 1231 hymnis,
861 1160 1120 1216 dicebant
1163 1180 1175 1213 :
1214 1180 1232 1213 ι
1274 1160 1568 1217 Cantemus
1610 1162 1872 1228 Domino,
1918 1164 2034 1235 glo-

458 1248 603 1302 riose
634 1248 778 1302 enim
809 1248 1184 1319 magniﬁcatus
1214 1256 1319 1315 est;
1370 1265 1572 1319 equum
1599 1257 1654 1305 et
1692 1266 2037 1307 ascensorem

458 1340 691 1409 projecit
711 1339 767 1392 in
792 1354 963 1394 mare.
985 1339 1556 1409 Adjutoretdefensor
1584 1343 1829 1409 est,mihi
1862 1343 2038 1401 factus

933 1449 951 1482 ι
980 1430 1203 1486 Utiliter
1229 1432 1375 1486 enim
1417 1433 1562 1488 Deus
1590 1433 1758 1488 totius
1795 1435 2037 1491 universi

457 1518 562 1574 hoc
578 1520 906 1576 miraculum
922 1522 1116 1577 edidit.
1136 1522 1272 1578 Nam
1288 1524 1393 1579 etsi
1410 1525 1810 1594 quamplurima
1826 1542 2038 1584 summa

455 1612 817 1670 admiratione
843 1614 1005 1686 digna
1035 1614 1093 1668 in
1116 1613 1347 1685 :‘Egypte
1367 1613 1519 1684 signa
1545 1614 1829 1678 edidisset,
1854 1625 2035 1672 tamen

456 1701 560 1757 hoc
593 1704 877 1775 magniﬁce
921 1704 1149 1775 adjecit,
1200 1710 1263 1758 ut
1302 1718 1398 1759 eos
1432 1705 1633 1773 quibus
1664 1704 1870 1760 subditi
1914 1706 2034 1762 fue-

456 1802 599 1858 rant,
630 1795 795 1848 etiam
825 1809 925 1863 per
952 1793 1192 1848 medium
1226 1808 1377 1848 mare
1408 1792 1731 1864 effugerent,
1763 1803 1926 1864 atque
1960 1795 2034 1853 ita

456 1896 522 1936 ex
546 1890 746 1937 eventu
775 1889 1013 1938 mentem
1038 1883 1306 1938 haberent
1329 1884 1381 1937 in
1414 1884 1611 1953 scipsis
1637 1883 2031 1955 conﬁrmatam,

456 1972 852 2043 erederentque
883 1973 1030 2043 quod
1061 1989 1169 2029 non
1199 1989 1297 2045 per
1327 1973 1446 2029 falsi
1479 1975 1718 2030 nominis
1750 1977 1902 2041 deos,
1940 1987 2037 2033 aut

456 2063 708 2119 humana:
739 2065 875 2119 artis
906 2066 1209 2129 inventum,
1237 2072 1294 2120 et
1324 2064 1468 2119 idola
1491 2080 1556 2119 ex
1589 2066 1737 2137 ligno
1761 2082 1825 2122 ac
1852 2068 2032 2138 lapide

456 2149 720 2206 fabricata
743 2152 795 2207 id
818 2153 1165 2224 contigisset;
1191 2153 1286 2209 sed
1310 2154 1457 2224 quod
1478 2155 1640 2225 hujus
1666 2157 1906 2212 universi
1924 2158 2033 2214 Do-

456 2242 640 2298 minus
680 2252 859 2310 esset,
901 2244 996 2315 qui
1022 2245 1289 2316 ,subjectaa
1332 2255 1594 2301 creaturae
1621 2247 1941 2317 imperaret,
1972 2266 2036 2307 ac

455 2333 819 2403 quodcunque
832 2335 1309 2405 velletperﬁeeret,
1326 2337 1693 2408 facillimeque
1705 2340 2029 2410 absolveret.

456 2423 526 2478 Ut
557 2439 689 2478 vero
717 2425 890 2496 magis
928 2427 1111 2481 adhuc
1150 2429 1485 2484 admirantes
1521 2431 1863 2501 juvarentur,
1895 2449 2034 2504 opu—

456 2509 720 2567 lentiores
751 2527 846 2567 eos
875 2513 1159 2570 discedere
1185 2516 1370 2587 jussit,
1404 2524 1569 2587 atque
1599 2519 1655 2573 in
1699 2532 1901 2576 terram
1935 2538 2034 2593 pa-

456 2601 634 2656 tribus
674 2603 997 2673 promissam
1045 2607 1405 2675 eontendere,
1450 2611 1697 2680 sapiente
1750 2612 1844 2666 illo
1888 2613 2036 2671 Mose

426 2689 596 2744 ‘duee
636 2706 701 2745 ac
745 2691 1020 2761 praefecto.
1075 2693 1213 2760 Quid
1248 2712 1380 2752 vero
1426 2708 1691 2768 praaterea
1738 2702 2032 2770 acciderit,

454 2795 609 2836 sacra
650 2780 934 2853 Scriptura
977 2800 1194 2839 rursum
1236 2788 1489 2858 explanat
1529 2808 1540 2842 :
1581 2809 1599 2841 ι
1648 2791 1849 2846 Eduxit
1887 2794 2035 2849 enim

455 2871 633 2928 Moses
671 2873 815 2931 ﬁlios
839 2876 1100 2933 Israel'de
1129 2880 1266 2935 mari
1294 2881 1502 2947 Rubro,
1534 2891 1590 2937 et
1616 2882 1768 2939 duxit
1799 2884 1948 2955 ipsos
1978 2886 2035 2941 in

454 2961 733 3020 desertum
760 2966 885 3032 Sur,
913 2978 968 3023 et
998 2968 1416 3026 ambulaverunt
1444 2980 1555 3029 tres
1576 2973 1694 3029 dies
1715 2975 1771 3029 in
1792 2976 2033 3042 deserto,

2143 523 2313 595 ξηρᾶς
2332 563 2347 588 ,
2384 522 2628 593 ἀμογητὶ
2655 521 2711 576 δὲ
2735 521 2828 575 καὶ
2861 520 3018 575 τοῦτο
3050 520 3509 591 διαπεραίνοντες.
3553 520 3721 574 Ἐπά-

2140 632 2317 686 γησαν
2353 614 2462 685 γὰρ
2488 613 2621 666 ὡσεὶ
2648 615 2825 683 τεῖχος
2856 613 2926 667 τὰ
2965 611 3132 666 ῦδατα
3160 613 3270 674 τοῖς
3309 609 3473 672 θείοις
3507 611 3721 664 εἴκοντα

2138 706 2422 777 νεύμασιν.
2447 700 2579 759 Εἶτα
2607 704 2745 775 μετὰ
2763 703 2921 757 τοῦτο
2949 706 3252 775 πανστρατὶ
3276 701 3723 757 κεκινδυνευκότα

2137 796 2453 867 τεθεαμένοι
2479 796 2570 849 τὸν
2601 793 2821 866 Φαραὼ,
2857 795 2950 848 καὶ
2979 794 3345 864 πεπνιγμένον
3372 796 3485 856 τοῖς
3512 792 3718 857 ῦδασιν,

2138 888 2371 958 οἰκτρῶς
2394 905 2451 941 τε
2464 886 2779 950 διολωλότας
2796 887 2921 950 τοὺς
2934 887 3236 959 ἀφορήτους
3256 887 3385 939 ποτέ
3401 886 3496 939 καὶ
3518 886 3721 957 σκληρ-

2138 978 2488 1046 αγωγοῦντας
2526 978 2725 1041 αὐτοὺς
2779 977 3303 1049 ἀφιλοικτιρμόνως,
3326 976 3469 1047 ᾠδάς
3498 977 3721 1035 ἀνίεσαν

2137 1068 2215 1139 τῷ
2240 1068 2379 1139 Θεῷ,
2412 1068 2504 1123 xal.
2536 1067 2726 1140 ὕμνοις
2749 1069 2909 1124 αὑτὸν
2939 1072 3052 1132 τοῖς
3083 1069 3460 1142 χαριστηρίοις
3487 1085 3721 1138 καταγε-

2142 1161 2418 1231 ραίροντες
2448 1162 2684 1232 ἔφασκον
2705 1178 2719 1193 ο
2770 1179 2789 1213 ι
2834 1161 3087 1233 ’ᾼσωμεν
3119 1161 3199 1231 τῷ
3225 1161 3445 1232 Κυρίῳο
3494 1161 3721 1227 ἐνδόξως

2137 1253 2246 1321 γὰρ
2288 1251 2617 1317 δεδόξασται·
2664 1252 2865 1315 ἵππους
2914 1252 3009 1305 καὶ
3049 1251 3325 1322 ἀναϐάτην
3373 1251 3596 1323 ἔρριψεν
3642 1254 3717 1314 είς

2139 1341 2439 1427 θάλασσαν.
2484 1342 2690 1414 Βοηθὸς
2736 1343 2830 1397 xal.
2882 1342 3194 1412 σκεπαστὴς
3236 1341 3453 1411 ἐγένετό
3506 1359 3594 1412 μοι
3640 1342 3720 1405 εἰς
3818 1338 3825 1343 ”

2140 1438 2437 1511 σωτηρίαν.
2479 1458 2497 1490 ι
2529 1438 3066 1510 Τεθαυματούργηκε
3095 1437 3202 1509 γὰρ
3236 1437 3523 1509 χρησίμως
3554 1439 3582 1491 ό
3613 1436 3719 1490 τῶν

2137 1527 2272 1581 ὅλων
2292 1527 2443 1591 Θεός.
2473 1527 2668 1581 Καίτοι
2713 1526 2823 1597 γάρ
2844 1526 3074 1580 πλεῖστά
3099 1543 3159 1579 τε
3184 1527 3285 1580 ὅσα
3312 1527 3405 1580 καὶ
3429 1526 3551 1593 λίαν
3575 1525 3720 1590 ἀξιο-

2139 1618 2429 1689 θαύμαστα
2456 1618 2786 1690 παραδείξας
2811 1619 2994 1681 αὐτοῖς
3022 1617 3089 1671 τὰ
3115 1617 3172 1669 ἐν
3197 1614 3460 1687 Αἰγύπτῳ
3495 1618 3718 1685 σημεῖα,

2139 1706 2363 1778 προσέτι
2398 1707 2697 1778 φιλοτίμως
2724 1708 2785 1761 τὸ
2817 1708 2912 1762 καὶ
2954 1707 3021 1760 δι’
3053 1706 3220 1776 αὐτῆς
3250 1706 3485 1776 διᾴττειν
3523 1703 3720 1758 θαλάσ-

2138 1814 2236 1868 σης
2265 1797 2520 1851 δύνασθαι
2556 1799 2681 1862 τοὺς
2706 1798 2795 1852 ὑπ’
2821 1797 2969 1869 αὐτῷ
3013 1797 3326 1867 γεγονότας,
3372 1796 3437 1848 ἵν’
3466 1790 3525 1848 εῦ
3556 1792 3721 1864 βεϐη-

2135 1888 2268 1943 κότα
2307 1889 2491 1943 λοιπὸν
2517 1889 2611 1945 καὶ
2639 1890 3027 1961 ἐρηρεισμένον
3065 1890 3123 1942 ἐν
3156 1888 3337 1948 αὐτοῖς
3370 1886 3542 1956 ἔχοιεν
3570 1883 3717 1949 νοῦν,

2134 1977 2227 2031 καὶ
2246 1977 2310 2049 δὴ
2334 1978 2426 2033 καὶ
2452 1977 2757 2031 πιστεύοιεν
2780 1980 2855 2041 ὡς
2881 1977 2940 2031 οὐ
2963 1976 3082 2031 καθ’
3104 1976 3202 2031 ἕνα
3224 1975 3331 2028 τῶν
3350 1974 3593 2044 ψευδωνύ
3602 1988 3717 2043 μων

2134 2070 2252 2123 ἐστὶ
2283 2070 2442 2136 θεῶν,
2475 2070 2643 2141 ἤγουν
2677 2070 3027 2141 ἀνθρωπίνης
3059 2068 3338 2139 εὐρέματα
3361 2067 3589 2136 τέχνης,
3621 2064 3717 2117 καὶ

2134 2161 2196 2215 τὸ
2226 2161 2423 2232 βρέτας
2464 2161 2648 2224 ἁπλῶς
2682 2164 2747 2216 ἐκ
2790 2160 2946 2228 ξύλου
2983 2160 3076 2214 καὶ
3126 2158 3271 2213 λίθου
3318 2158 3713 2227 πεποιημέιονο

2136 2253 2251 2307 ἀλλ’
2293 2255 2375 2307 ὅτι
2413 2253 2524 2307 τῶν
2555 2254 2691 2327 ὅλων
2729 2253 2985 2325 ὑπάρχων
3017 2252 3250 2323 Κύριος,
3288 2250 3361 2312 ὡς
3403 2250 3508 2303 ὑπὸ
3551 2247 3717 2310 πόδας

2135 2344 2363 2415 κειμένη
2388 2343 2596 2397 κελεύει
2622 2346 2686 2415 τῇ
2716 2343 2912 2407 κτίσει,
2941 2344 3035 2396 καὶ
3058 2344 3195 2413 ὅπερ
3224 2343 3289 2395 ἂν
3317 2341 3490 2392 ἐλοιτο
3520 2356 3715 2411 κατορ-

2136 2434 2265 2488 θοῦν
2293 2435 2528 2506 εὐκόλως
2553 2435 2981 2506 διαπεραίνεται.
3013 2434 3132 2488 Ἵνα
3158 2432 3213 2485 δὲ
3245 2431 3338 2489 καί
3370 2448 3424 2483 τι
3457 2431 3715 2501 μειζόνως

2137 2502 2503 2595 θαυμάζοντες
2531 2524 2854 2593 ὠφελοῖντο,
2891 2521 3285 2593 πλουσιώτερον
3305 2523 3563 2593 ἀπαίρειν
3596 2520 3715 2574 ἐκέ-

2135 2613 2324 2677 λευεν,
2390 2614 2485 2668 καὶ
2550 2616 2630 2677 είς
2672 2613 2772 2684 τὴν
2817 2615 2929 2675 τοῖς
2979 2611 3246 2684 πατράσιν
3297 2610 3716 2682 ἐπηγγελμένην

2135 2704 2450 2773 ἐπείγεσθαι
2473 2705 2595 2774 γῆν,
2633 2702 3063 2776 στρατηγοῦντος
3080 2703 3173 2755 καὶ
3194 2701 3607 2772 καθηγουμένου
3623 2698 3715 2754 τοῦ

2137 2795 2411 2862 πανσόφου
2446 2793 2710 2857 Μωσέως.
2747 2790 2879 2846 Εἶτα
2917 2793 2970 2847 τί
3008 2794 3069 2847 τὸ
3106 2793 3245 2863 μετά
3270 2792 3449 2856 τοῦτο,
3467 2794 3720 2863 σαφηνιετ

2134 2883 2197 2954 δὴ
2236 2884 2398 2937 πάλιν
2430 2884 2491 2937 τὸ
2516 2884 2753 2955 Γράμμα
2779 2883 2839 2937 τὸ
2874 2885 3047 2956 ἱερόν·
3096 2901 3115 2935 ι
3167 2882 3357 2954 Ἐξῆρε
3384 2883 3527 2953 γάρ,
3562 2882 3714 2953 φησι,
3792 2888 3795 2891 ’

2136 2975 2363 3046 Μωσῆς,
2394 2976 2516 3038 τοὺς
2540 2976 2687 3038 υίοῦς
2720 2973 2937 3045 Ἰσραὴλ
2960 2972 3069 3027 ἀπὸ
3095 2972 3369 3043 θαλάσσης
3423 2972 3712 3044 Ἐρυθρᾶς,

454 3059 513 3105 et
548 3068 657 3108 non
690 3054 1042 3112 inveniebant
1074 3073 1272 3129 aquam
1303 3060 1370 3114 ad
1402 3061 1720 3118 bibendum.
1756 3066 2037 3123 Venerunt

2141 3067 2232 3121 καὶ
2254 3067 2459 3136 ήγαγεν
2499 3066 2695 3130 αὐτοὺς
2723 3066 2803 3128 είς
2828 3064 2925 3136 τὴν
2948 3063 3151 3135 ἔρημον
3177 3064 3336 3135 Σοὺρ,
3368 3065 3464 3118 καὶ
3489 3062 3715 3135 ἐπορεύ-

455 3151 639 3197 autem
673 3144 731 3199 in
765 3145 1002 3212 Maratb,
1037 3155 1094 3202 et
1136 3165 1246 3204 non
1280 3158 1580 3220 potuerunt
1611 3154 1803 3210 bibere
1841 3172 2037 3226 aquam

2139 3173 2258 3211 οντο
2295 3159 2441 3227 τρεῖς
2470 3158 2681 3228 ἡμέρας
2728 3159 2785 3209 ἐν
2822 3159 2888 3228 τῇ
2937 3157 3150 3228 ἐρήμῳ,
3195 3158 3289 3211 καὶ
3326 3156 3423 3226 οὐχ
3460 3155 3715 3226 ε’ύρισκον

457 3229 527 3285 de
556 3232 763 3287 Marath
798 3251 810 3287 :
837 3250 1021 3291 amara
1045 3238 1192 3292 enim
1216 3248 1356 3293 erat.
1383 3242 1613 3312 Propter
1648 3244 1754 3299 hoc
1784 3254 2037 3303 vocatum

454 3331 544 3377 est
575 3340 775 3379 nomen
822 3325 926 3382 loci
974 3328 1122 3384 illius
1144 3370 1157 3395 ,
1192 3331 1532 3387 Amaritudo.
1567 3332 1636 3388 Et
1678 3339 2041 3392 murmuravit

459 3415 693 3483 populus
715 3424 904 3471 contra
925 3418 1129 3484 Mosen,
1153 3420 1425 3477 dicentes:
1442 3421 1581 3489 Quid
1606 3423 1894 3481 bibemus?
1914 3426 2038 3483 Cla-

457 3507 630 3560 mavit
661 3516 845 3563 autem
873 3509 1050 3566 Moses
1083 3512 1148 3566 ad
1180 3513 1493 3579 Dominum,
1524 3524 1578 3570 et
1601 3517 1840 3571 ostendit
1862 3518 1911 3572 ei
1936 3519 2042 3585 Do-

460 3597 641 3652 minus
672 3598 900 3669 lignum,
926 3611 981 3657 et
1006 3604 1239 3675 conjecit
1277 3603 1411 3659 illud
1448 3605 1504 3659 in
1531 3621 1750 3675 aquam,
1782 3618 1837 3663 et
1863 3610 2040 3668 dulcis

460 3687 601 3743 facta
625 3698 709 3743 est
734 3706 895 3761 aqua.
921 3692 1035 3748 Illic
1058 3695 1345 3751 constituit
1369 3695 1418 3750 ei
1444 3698 1611 3769 282‘
1623 3698 2042 3768 justiﬁcationes

457 3787 515 3833 et
538 3779 766 3850 judicia.
796 3782 863 3839 Et
893 3783 966 3838 ibi
993 3784 1118 3840 eum
1152 3787 1399 3851 tentavit,
1430 3798 1486 3843 et
1514 3788 1651 3842 dixit
1682 3807 1693 3842 :
1724 3789 1777 3844 Si
1800 3791 2040 3848 audieris

459 3885 649 3924 vocem
678 3871 893 3928 Domini
925 3874 1020 3931 Dei
1061 3876 1161 3940 tui,
1192 3885 1247 3931 et
1278 3877 1475 3946 placita
1514 3893 1694 3932 coram
1725 3895 1792 3933 eo
1820 3879 2039 3946 feceris,

457 3971 513 4016 et
542 3965 770 4020 auribus
814 3970 1128 4038 perceperis
1166 3968 1422 4023 mandata
1459 3970 1597 4041 ejus,
1635 3978 1691 4024 et
1736 3974 2040 4041 servaveris

458 4070 651 4111 omnes
680 4057 920 4127 justitias
948 4061 1087 4130 ejus,
1120 4048 1337 4116 omnem
1368 4061 1621 4117 morbum
1651 4064 1813 4133 quem
1851 4040 2038 4120 indu‘xi

459 4162 626 4217 super
657 4147 943 4218 Egyptiis,
978 4167 1087 4205 non
1132 4153 1388 4207 inducam
1431 4169 1598 4223 super
1632 4164 1703 4208 te.
1736 4155 1849 4224 Ego
1891 4158 2041 4212 enim

461 4251 583 4290 sum
627 4236 891 4292 Dominus
925 4254 1125 4294 sanans
1171 4250 1244 4295 te.
1276 4242 1344 4295 Et
1376 4250 1648 4297 venerunt
1679 4243 1735 4297 in
1774 4245 1912 4299 Elim
1943 4286 1959 4312 ,
1984 4256 2043 4301 et

459 4336 620 4381 erant
659 4327 733 4382 ibi
762 4328 1051 4385 duodecim
1084 4330 1262 4387 fontes
1294 4348 1579 4402 aquarum,
1611 4342 1667 4387 et
1699 4337 2038 4408 septuaginta

2140 3232 2284 3315 ὕδωρ
2324 3244 2465 3298 ὥστε
2505 3249 2668 3299 πιεῖν.
2714 3240 2918 3300 ἿΙλθον
2960 3247 3015 3299 δὲ
3060 3248 3138 3310 είς
3180 3246 3444 3318 Μερῤἀν,
3490 3245 3585 3297 καλ⁵
3617 3244 3734 3298 οὐκ.

2141 3335 2398 3403 ἠδύναντο
2425 3338 2563 3390 πιεῖν
2589 3335 2733 3408 ὕδωρ
2757 3338 2821 3390 ἐκ
2849 3338 3076 3409 Μερρᾶς
3096 3352 3109 3366 ·
3136 3336 3329 3407 πικρὸν
3367 3335 3477 3405 γάρ
3501 3330 3589 3406 ἦν.
3617 3333 3712 3387 Διά

2137 3423 2295 3478 τοῦτο
2326 3427 2687 3497 ἐπωνομάσθη
2725 3427 2782 3480 τὸ
2803 3427 2973 3499 ὄνομα
3016 3426 3108 3481 τοῦ
3149 3427 3313 3480 τόπου
3354 3425 3585 3489 ἐκείνου,
3620 3425 3708 3476 Πις

2140 3514 2289 3584 κρία.
2323 3515 2819 3591 Καὶηδιεγόγγυζεν
2851 3519 2879 3570 ό
2911 3518 3039 3580 λαὸς
3069 3518 3160 3572 ἐπὶ
3198 3516 3708 3586 Μωσῆν,λέγοντες,

2140 3606 2205 3659 Τί
2232 3606 2504 3676 πιόμεοα;
2561 3608 2783 3679 Ἐὁόησε
2828 3608 2884 3661 δὲ
2920 3610 3125 3679 Μωσῆς
3165 3608 3298 3678 πρὸς
3340 3598 3582 3678 Κύριον,
3622 3606 3711 3659 καὶ

2140 3693 2338 3760 ἔδειξεν
2362 3696 2508 3766 αὐτῷ
2539 3697 2742 3770 Κύριος
2777 3697 2953 3763 ξύλον,
2980 3698 3073 3752 καὶ
3109 3697 3362 3751 ἐνέϐαλεν
3387 3696 3519 3749 αὐτὸ
3547 3698 3627 3759 είς
3653 3694 3712 3747 τὸ

2141 3785 2306 3860 ὕδωρ,
2340 3786 2433 3840 καὶ
2474 3787 2783 3858 ἐγλυκάνθη
2804 3789 2864 3841 τὸ
2906 3787 3069 3861 ὕδωρ.
3115 3790 3260 3841 Ἐκεῖ
3292 3787 3441 3841 ἕθετο
3466 3787 3613 3857 αὐτῷ
3640 3786 3712 3839 διν

2141 3877 2430 3946 καιώματα
2469 3878 2560 3931 καὶ
2590 3878 2836 3950 κρίματα
2869 3881 2963 3934 καὶ
2996 3881 3227 3951 κρίσεις.
3267 3882 3375 3934 Καὶ
3406 3883 3524 3934 ἐκεῖ
3555 3879 3711 3934 αὑτὸν

2131 3968 2411 4040 ἐπείραζε,
2444 3968 2540 4021 καὶ
2567 3963 2740 4021 εἶπεν
2783 3966 2908 4020 Ἐἀν
2941 3967 3079 4038 ἀκοῇ
3112 3966 3353 4037 ἀκούσης
3382 3952 3479 4036 τῆς
3534 3966 3709 4035 φωνῆς

2132 4061 2339 4134 Κυρίου
2370 4060 2464 4114 τοῦ
2495 4060 2629 4113 Θεοῦ
2667 4076 2784 4127 σου,
2817 4059 2911 4112 καὶ
2939 4057 3007 4111 τά
3036 4057 3243 4128 ἀρεστὰ
3281 4056 3511 4110 ἐνώπιον
3549 4056 3707 4109 αὑτοῦ

2133 4155 2384 4224 ποιήσῃς,
2411 4152 2504 4206 καὶ
2526 4151 2757 4223 ἐνωτίσῃ
2773 4150 2892 4212 ταῖς
2909 4148 3143 4211 ἐντολαῖς
3167 4147 3351 4211 αὑτοῦ,
3372 4149 3465 4201 καὶ
3479 4145 3714 4217 φυλάξῃς

2135 4245 2313 4300 πάντα
2332 4243 2399 4297 τὰ
2413 4241 2757 4313 δικαιώματα
2776 4238 2960 4305 αὑτοῦ,
2987 4241 3165 4293 πᾶσαν
3182 4239 3334 4292 νόσον
3356 4240 3421 4310 ἢν
3441 4240 3715 4309 ἐπήγαγον

2134 4339 2247 4401 τοῖς
2271 4334 2609 4406 Αἰγυπτίοις,
2633 4333 2733 4387 ούκ
2754 4331 2939 4398 ἐπάξω
2957 4331 3048 4385 ἐπὶ
3073 4330 3153 4387 σέ.
3171 4331 3313 4399 Ἐγὼ
3332 4332 3440 4401 γάρ
3465 4332 3582 4401 είμι
3609 4329 3716 4384 Κύ-

462 4419 642 4473 trunci
688 4422 1012 4491 palmarum.
1057 4422 1126 4478 Et
1167 4425 1533 4481 castrametati
1567 4434 1693 4480 sunt
1741 4425 1851 4481 illic
1894 4428 2037 4499 apud

2143 4437 2256 4492 ριος
2293 4423 2321 4474 ὁ
2363 4418 2589 4490 ίώμενός
2621 4436 2699 4474 σε.
2740 4420 2851 4473 Καὶ
2895 4415 3057 4490 ἦλθον
3085 4422 3166 4483 είς
3216 4419 3421 4490 Ἐλείμ·
3455 4419 3549 4473 καὶ
3577 4417 3714 4488 ἦσαν

461 4526 632 4580 aquas
651 4512 716 4566 ⁵³.
750 4532 768 4565 ›
798 4513 931 4569 Vide
953 4513 1119 4585 igitur
1133 4531 1244 4586 quo
1262 4525 1420 4587 pacto
1440 4533 1505 4572 ex
1527 4517 1708 4573 divina
1740 4535 1837 4574 sua
1858 4519 2041 4590 provi-

463 4602 646 4659 dentia
675 4621 784 4660 non
817 4607 889 4661 sit
916 4623 1108 4677 passus
1137 4623 1253 4673 eos,
1285 4624 1422 4678 quos
1450 4610 1593 4665 haud
1629 4610 1767 4666 citra
1797 4612 2039 4667 laborem

461 4695 717 4760 redemit,
742 4697 944 4753 laetitia:
979 4698 1353 4768 magnitudine
1381 4700 1573 4763 elatos,
1610 4716 1728 4755 sese
1770 4701 1836 4755 ad
1865 4703 2038 4757 otium

462 4788 729 4857 recipere,
761 4804 829 4843 ne
855 4787 995 4844 forte
1021 4788 1174 4844 brevi
1200 4789 1450 4844 venirent
1481 4790 1536 4843 in
1559 4790 1891 4844 oblivionem
1921 4793 2040 4862 ejus

464 4878 558 4947 qui
586 4893 806 4933 servare
826 4886 1024 4949 potest,
1056 4888 1219 4949 atque
1241 4878 1321 4934 sic
1344 4878 1397 4932 in
1419 4892 1638 4933 errores
1662 4876 2037 4950 Egyptiorum

465 4968 621 5025 facile
656 4971 1091 5027 revolverentur.
1129 4969 1371 5025 Labores
1411 4969 1558 5025 enim
1587 4970 1908 5040 plerumque
1938 4988 2039 5029 nos

463 5071 725 5118 revocant
752 5063 821 5118 ad
853 5064 1044 5119 Deum.
1070 5063 1211 5119 Hinc
1233 5069 1290 5118 et
1313 5062 1577 5133 prepheta
1600 5062 1675 5117 ait
1698 5080 1710 5115 :
1742 5082 1760 5113 ‹
1787 5063 2034 5129 Domine,

463 5152 518 5207 in
548 5153 842 5209 aﬁlictione
886 5154 1155 5210 recordati
1182 5169 1373 5209 sumus
1404 5153 1518 5217 tui,
1548 5162 1601 5207 ct
1644 5153 1696 5207 in
1734 5170 1897 5223 parva
1939 5156 2039 5211 tri-

464 5243 743 5299 bulatione
771 5244 1486 5316 disciplinatuanobis.“'”.
1514 5264 1531 5295 ι
1561 5244 1698 5300 Cum
1720 5245 1902 5316 itaque
1926 5248 2044 5301 lon-

465 5351 586 5403 gam
630 5335 1103 5408 aridissimamque
1138 5344 1339 5393 terram
1384 5345 1782 5407 peragrassent,
1828 5338 2043 5392 labora-

466 5433 594 5479 runt
634 5426 818 5495 inopia
861 5444 1043 5483 rerum
1071 5443 1194 5498 quae
1219 5427 1287 5482 ad
1319 5428 1487 5483 vitam
1530 5436 1657 5482 sunt
1701 5428 2039 5491 necessariae.

465 5514 655 5586 Neque
701 5518 848 5571 enim
903 5519 1255 5575 inveniebant
1303 5534 1499 5590 aquam
1548 5534 1712 5588 quam
1759 5518 2041 5583 biberent;

548 5692 594 5724 "
627 5691 797 5746 Exod.
828 5710 912 5763 xv,
947 5698 991 5763 Ι,
1026 5700 1076 5752 2.
1156 5701 1201 5733 ⁸³
1230 5700 1364 5756 ibid.
1406 5703 1468 5755 9'2
1502 5703 1587 5753 ΞΠ.

2137 4514 2253 4566 ἐκεῖ
2282 4510 2493 4566 δώδεκα
2525 4511 2698 4582 πηγαὶ
2723 4510 2950 4576 ὑδάτων,
2979 4512 3073 4564 καὶ
3099 4511 3468 4584 ἐϐδομήκοντα
3493 4510 3713 4581 στελέχη

2138 4603 2415 4672 φοινίκων.
2478 4599 2856 4673 Παρενέσαλον
2905 4600 2963 4653 δὲ
3015 4603 3132 4655 ἐκεῖ
3182 4603 3274 4655 ἐπὶ
3329 4602 3395 4656 τά
3448 4600 3637 4655 ὕδατα.
3692 4620 3709 4652 ι

2139 4693 2330 4766 Ἀθρει
2356 4693 2420 4763 δὴ
2455 4687 2547 4746 οῦν
2574 4691 2691 4756 πῶς
2714 4691 2814 4745 οὐκ
2845 4691 3209 4763 ἀγυμνάστως
3234 4692 3430 4756 αὐτοὺς
3453 4691 3717 4763 λελυτρω-

2139 4786 2354 4857 μένους,
2385 4784 2503 4839 οὐδὲ
2530 4782 2607 4854 τῷ
2650 4782 2751 4853 τῆς
2788 4783 3054 4855 εὐθυμίας
3087 4783 3466 4857 ἐντρυφῶντας
3502 4783 3711 4849 πλάτει,

2142 4874 2613 4948 παρακομίζεσθαι
2657 4874 2791 4947 πρὸς
2824 4875 2883 4927 τὸ
2923 4876 3165 4947 ῥᾴθυμον
3192 4876 3407 4947 ἐφίησιν
3440 4879 3713 4947 οἱκονομι·

2143 4968 2276 5035 κῶς,
2311 4970 2396 5022 ἵνα
2425 4968 2498 5039 μὴ
2532 4966 2673 5022 κατά
2702 4967 2875 5039 βραχὺ
2907 4968 3041 5039 πρὸς
3070 4967 3240 5040 λήθην
3272 4969 3438 5034 ἰόντες
3471 4970 3565 5023 τοῦ
3597 4970 3711 5024 δια-

2144 5058 2335 5123 σώζειν
2377 5058 2667 5129 ίσχύοντος,
2700 5060 2779 5122 εἰς
2811 5058 2910 5129 τὴν
2939 5059 2996 5113 ἐν
3039 5058 3298 5131 Αἰγύπτῳ
3335 5060 3602 5132 πλάνησιν
3631 5061 3717 5114 εύ-

2140 5152 2314 5214 κόλως
2347 5149 2790 5221 ύπονοστήσειαν.
2819 5150 3142 5221 Συλλέγουσι
3171 5152 3279 5224 γὰρ
3321 5154 3369 5206 οί
3403 5153 3556 5206 πόνοι
3586 5152 3717 5224 πρὸς

2138 5244 2290 5298 Θεόν.
2319 5244 2427 5296 Καὶ
2454 5242 2583 5309 γοῦν
2605 5245 2633 5296 ό
2663 5244 2947 5314 προφήτης
2978 5245 3143 5315 φησίν
3167 5260 3182 5274 ο
3221 5264 3240 5297 ι
3278 5245 3470 5314 Κύριε,
3510 5246 3568 5297 ἐν
3608 5244 3714 5297 θλί-

2138 5333 2249 5403 ψει,
2268 5333 2619 5405 ἐμνήσθημέν
2650 5350 2764 5399 σου,
2782 5334 2838 5387 ἐν
2856 5335 3032 5405 θλίψει
3052 5337 3223 5407 μικρᾷ
3252 5337 3284 5406 ή
3318 5334 3591 5407 παιδ[ε]ία
3626 5352 3715 5389 σου

2141 5428 2290 5496 ἡμῖν.
2334 5442 2359 5475 ·›
2394 5425 2629 5495 Μακράν
2656 5428 2946 5498 τοιγαροῦν
2978 5430 3071 5482 καὶ
3099 5429 3292 5499 διψάδα
3335 5428 3565 5491 διιόντες
3595 5430 3716 5498 γῆν,

2144 5519 2199 5569 ὲν
2231 5520 2417 5573 σπάνει
2449 5518 2701 5587 γεγόνασι
2726 5519 2833 5572 τῶν
2863 5522 3173 5590 ἀναγκαίων
3201 5523 3277 5585 είς
3307 5518 3471 5591 ζωήν.
3513 5508 3586 5572 ὀύ
3611 5520 3719 5591 γάρ

1666 5702 1783 5741 δ”-⁸⁸
1818 5703 1914 5757 Ιωξι.
1952 5720 2090 5762 xxvi.
2128 5704 2207 5757 16.
