4066 6282
370 358 490 449 ιιε¹

1375 389 1889 447 GLAPllYRORCM
1932 391 1998 446 IN
2038 386 2325 445 EXODUM
2365 384 2493 441 LIB.
2532 386 2598 441 ll.

3515 354 3645 444 ιιι

370 496 797 582 εζρισκονίοδωρ
841 501 980 557 ὥστε
1029 503 1202 555 πιείνο
1251 504 1714 576 παρατεινομένου
1747 504 1804 558 δὲ
1845 501 1937 557 τοῦ

2048 515 2277 571 cumque
2314 500 2367 554 in
2411 498 2631 554 tertium
2663 512 2837 568 usque
2865 497 3011 553 diem
3038 497 3423 554 sustinuissent
3454 499 3622 567 sitim,

368 597 526 669 διψᾷν
558 595 653 663 καὶ
680 596 761 657 είς
787 594 980 664 τρίτην
1016 593 1248 665 ἡμέραν,
1287 593 1440 663 μόλις
1483 594 1666 658 αὐτοῖς
1697 592 1944 665 εὑρίσκε-

369 707 455 743 ται
480 688 542 741 τὸ
566 684 916 756 ποθούμενον.
955 682 1092 737 Ἀλλ’
1114 679 1182 754 ἦν
1208 684 1301 737 καὶ
1328 684 1487 738 τοῦτο
1514 683 1786 757 ἄχρηστον
1810 699 1942 737 παν-

368 779 556 844 τελῶς.
589 777 789 851 Πικρδν
819 776 931 849 γὰρ
964 777 1023 830 τὺ
1052 778 1279 850 Μερῤἆς
1314 772 1382 847 ἦν
1413 775 1578 849 ὕδωρ,
1612 776 1707 830 καὶ
1738 776 1849 839 τοῖς
1874 774 1943 828 δι-

366 872 539 942 ψῶσιν
570 870 668 924 οὐκ
705 869 948 939 ἀσφαλὲς
976 868 1056 933 εἷς
1087 886 1151 937 γε
1186 869 1249 922 τὺ
1271 867 1550 932 δύνασθαι,
1586 868 1749 939 φησὶν
1774 908 1789 931 ,
1831 866 1946 919 διας

364 964 551 1034 δρᾶναι
603 960 859 1015 θάνατον·
898 958 1226 1031 δυσφοροῦσί
1274 976 1335 1012 τε
1380 957 1662 1021 ἐντεῦθεν,
1711 956 1805 1010 καὶ
1848 954 1944 1009 τοῦ

367 1054 586 1124 μεσίτου
631 1053 1133 1124 κατακεκράγασιν·
1183 1050 1336 1105 ἀλύει
1374 1049 1434 1104 δὲ
1478 1050 1508 1103 6
1551 1047 1776 1118 Μωσῆς.
1811 1046 1945 1100 Εἶτα

364 1141 454 1197 τοῦ
483 1140 661 1197 πάντα
696 1140 897 1204 εἰδότος
929 1140 1064 1194 Θεοῦ
1099 1140 1255 1205 ξύλον
1288 1138 1439 1209 αὑτῷ
1481 1133 1906 1210 παραδείξαντος
1928 1175 1943 1199 .

362 1232 621 1304 ἐμϐάλλει
648 1233 762 1295 τοῖς
792 1229 981 1297 ὕδασι,
1013 1229 1082 1283 τὰ
1112 1228 1170 1282 δὲ
1210 1227 1530 1299 παραδόξως
1567 1228 1646 1290 είς
1678 1224 1850 1295 γλυκύ
1885 1241 1944 1278 τε

364 1325 457 1377 καὶ⁸
488 1322 865 1394 ποτιμώτατον
911 1319 1262 1393 μεθίστανται
1304 1320 1474 1390 νᾶμα.
1529 1316 1945 1379 Ἐκπεπωιιότις

360 1408 454 1467 οὖν
486 1412 584 1466 καὶ
617 1410 997 1483 ὡφελημένοι,
1035 1407 1415 1483 τεθαυμάκασι
1454 1408 1553 1479 τὴν
1593 1405 1943 1478 θεοσημείαν,

366 1501 812 1574 παρεμϐάλλουσι
861 1499 1002 1571 μετὰ
1026 1500 1185 1556 τοῦτο
1229 1503 1321 1558 καὶ
1357 1503 1558 1573 πηγαῖς
1597 1499 1805 1555 ὑδάτων
1846 1496 1947 1553 δὼ-

364 1596 497 1648 δεκα
518 1635 533 1658 ,
572 1591 704 1647 ενθα
733 1592 829 1646 καὶ
877 1584 1247 1663 ἑϐδομήκοντα
1280 1590 1505 1663 στελέχη
1549 1591 1809 1662 φοινίκων
1852 1584 1943 1660 ἦν.

370 1681 779 1753 Κατηυλίζοντο
799 1681 857 1736 δι
879 1681 999 1735 τότε
1025 1681 1339 1753 τρυφῶντες
1367 1683 1501 1736 διιεῖ.
1532 1682 1654 1736 Ὀτι
1684 1680 1866 1735 τοίνυν
1888 1681 1949 1733 ιν

373 1775 557 1827 πίστει
591 1774 685 1827 καὶ
711 1773 809 1844 οὐχ
835 1773 1038 1844 ἑτέρως
1068 1775 1249 1845 εὑρεῖν
1268 1769 1339 1845 ἦν
1364 1772 1619 1827 δύνασθαι
1640 1773 1741 1843 τῆς
1770 1787 1948 1841 σωτη-

383 1866 505 1934 ρίας
524 1865 625 1935 τὴν
644 1831 888 1927 ὀδδνῗδιὰ
1088 1831 1187 1918 κᾶι
1202 1831 1389 1919 τύπων
1412 1831 1772 1936 ἑπληροφόρτι
1789 1831 1942 1925 Θιός.
1979 1831 2020 1891 θ

379 1953 651 2025 Ταύτῃτοι
706 1956 797 2008 καὶ
854 1952 1083 2023 σφάζειν
1129 1954 1414 2008 ικὲλευσεν
1457 1955 1516 2007 ιν
1555 1952 1812 2024 Αἰγύπτῳ
1857 1952 1947 2005 τὸν

372 2046 568 2115 ἀμνὸν,
605 2046 701 2100 καὶ
728 2046 1008 2101 πιστεύειν
1037 2045 1252 2117 ἧθτλον,
1282 2046 1366 2100 ὃτι
1390 2045 1475 2117 τῷ
1498 2045 1690 2117 ατματι
1720 2061 1949 2100 κατακε-

367 2137 790 2208 χρισμένοι,τδν
830 2139 945 2202 τοῖς
986 2137 1350 2207 πρωτοτόκοις
1394 2136 1793 2210 ιπερριμμὲνον
1830 2135 1947 2190 δια-

369 2224 693 2296 κρούσοντάι
720 2228 971 2282 θάνατον.
1020 2229 1090 2281 Ἤ
1132 2226 1240 2297 γὰρ
1269 2226 1389 2297 οὐχὶ
1423 2228 1552 2296 φαίη
1599 2245 1681 2292 τις
1720 2226 1811 2290 ἂν,
1854 2227 1947 2279 καὶ

371 2319 517 2390 μάλα
544 2320 793 2383 είγότως,
832 2320 912 2372 ὅτι
952 2318 1362 2391 προγύμνασμα
1391 2319 1625 2383 πίστεως
1650 2320 1712 2372 τὸ
1744 2320 1949 2390 δρώμε-

371 2427 459 2463 νον
488 2405 580 2480 ἦν;
602 2410 737 2463 Τίνα
761 2409 865 2480 γὰρ
888 2410 973 2471 ἂν,
994 2411 1113 2462 είπέ
1135 2428 1248 2480 μοι,
1264 2412 1463 2480 τρόπον
1484 2410 1949 2481 κατορῤωδήσειεν

371 2502 407 2552 ὁ
436 2500 666 2565 Θάνατος
702 2501 971 2572 προϐάτου
1005 2501 1251 2571 σφαγήν;
1290 2501 1430 2553 Ἀλλ’
1459 2496 1527 2571 ἦν
1555 2503 1860 2572 μυστηρίου
1888 2498 1947 2551 τὸ

588 2592 779 2654 τύπος.
820 2592 1103 2662 Ἑκρύεται
1143 2591 1252 2661 γὰρ
1294 2592 1322 2643 6
1367 2593 1604 2661 Χριστος
1644 2592 1837 2660 αἵματι
1871 2589 1947 2658 τῷ

374 2683 485 2753 ἰδίῳ
512 2684 638 2746 τοὺς
665 2683 1030 2753 ἡγιασμένους
1053 2684 1109 2737 ὲν
1138 2683 1336 2744 πίστει,
1366 2683 1460 2735 καὶ
1489 2682 1717 2736 θανάτου
1744 2682 1947 2750 φθορᾶς

369 2773 657 2841 ἀποφαίνει
683 2772 1013 2842 κρείττονας.
1044 2774 1110 2825 Τί
1151 2774 1206 2825 δὲ
1235 2773 1298 2843 δὴ
1334 2772 1495 2826 πάλιν
1524 2773 1639 2824 ἐστὶ
1668 2772 1726 2823 τὸ
1760 2772 1852 2823 ἐπὶ
1882 2774 1944 2840 τῇ

372 2864 598 2935 Μερῤᾷ,
633 2863 767 2933 φέρε
795 2863 1042 2933 λέγωμεν
1077 2863 1151 2926 ὡς
1178 2863 1276 2917 ἔνι.

444 2952 507 3021 β’.
529 2952 720 3007 ’Ὑδατι
738 2953 830 3005 τδν
851 2953 997 3005 θεῖον
1013 2953 1340 3024 παρεικάζει
1354 2952 1561 3025 λόγονῆ
1589 2954 1946 3017 θεόπνευστος

381 3041 581 3113 Γραφή.
607 3043 820 3116 Ὥσπερ
846 3044 954 3114 γάρ
985 3046 1099 3097 ἐστι
1128 3044 1397 3114 σωμάτων
1425 3044 1688 3108 ζωοποιδν
1718 3044 1777 3097 τὸ
1804 3043 1947 3114 ὕδωρ

2046 597 2137 649 vix
2170 592 2389 649 tandem
2418 605 2581 662 quam
2618 589 3008 645 desiderabant
3048 600 3390 660 receperunt.
3428 590 3541 646 bno
3569 605 3624 646 et

2046 688 2161 741 haec
2193 693 2313 741 erat
2345 698 2569 754 prorsus
2610 681 2821 738 inutilis
2851 681 2917 736 ad
2950 681 3269 736 bibendum.
3311 680 3447 737 Cum
3475 682 3622 736 enim
3702 706 3709 711 -

2044 791 2184 844 aqua
2207 772 2435 828 Merrhaa
2455 780 2600 827 esset
2616 785 2818 835 amara,
2843 777 2897 826 et
2921 769 3239 826 bibentibus
3266 786 3455 841 parum
3486 778 3621 832 tuta,

2045 865 2308 920 nimirum
2332 863 2398 919 ad
2419 872 2651 918 mortem
2678 860 3068 932 eﬁ‘ugiendam,
3094 861 3321 915 moleste
3343 860 3396 916 id
3416 859 3620 923 ferunt,

2046 966 2210 1028 atque
2247 956 2303 1010 in
2336 954 2691 1010 mediatorem
2736 968 2897 1009 suum
2939 952 3349 1007 debacchantur
3390 969 3405 1005 :
3450 950 3624 1006 loses

2045 1062 2178 1101 vero
2206 1059 2439 1101 maerore
2475 1043 2831 1099 aﬁlciebatur.
2860 1040 2997 1098 Cum
3028 1057 3159 1096 vero
3180 1041 3344 1104 Deus,
3375 1040 3469 1110 qui
3501 1054 3620 1094 om-

2046 1137 2137 1190 nia
2181 1134 2352 1199 novit,
2392 1131 2822 1189 ostendisset'ei
2863 1131 3091 1203 lignum,
3121 1130 3357 1202 confecit
3398 1129 3535 1184 illud
3564 1129 3621 1184 in

2047 1242 2235 1298 aquas,
2270 1240 2392 1296 quae
2418 1223 2744 1284 miraculose
2766 1223 3072 1279 redduntur
3099 1222 3289 1277 dulces
3318 1229 3374 1276 et
3402 1219 3620 1292 potabi-

2047 1319 2145 1373 les.
2172 1317 2291 1373 Poti
2310 1329 2463 1387 ergo,
2485 1323 2541 1370 et
2562 1313 2665 1370 ﬁde
2687 1314 2991 1371 conﬁrmati
3024 1312 3458 1384 (admirabantur
3473 1311 3619 1367 enim

2049 1409 2183 1465 illud
2213 1408 2460 1465 divinum
2490 1406 2750 1478 signum),
2768 1413 3225 1461 castrametantur
3251 1403 3394 1475 apud
3417 1403 3625 1459 duode-

2048 1502 2154 1555 cim
2181 1499 2379 1564 fontes,
2408 1498 2503 1553 ubi
2531 1509 2587 1555 et
2623 1498 2965 1568 septuaginta
3001 1496 3199 1567 stirpes
3222 1504 3380 1550 erant
3414 1495 3620 1567 palma-

2048 1607 2191 1645 rum.
2222 1589 2716 1645 Commorabantur
2740 1598 2923 1643 autem
2966 1588 3042 1643 ibi
3084 1585 3422 1643 deliciantes.
3466 1583 3625 1652 Quod

2049 1682 2216 1753 igitur
2237 1681 2293 1736 in
2320 1680 2449 1746 ﬁde,
2479 1689 2536 1736 et
2560 1680 2828 1750 nusquam
2852 1677 2982 1733 alibi
3016 1677 3187 1748 possit
3220 1676 3452 1731 inveniri
3481 1675 3634 1730 salu-

2051 1774 2123 1827 tis
2149 1772 2257 1838 via,
2290 1772 2433 1827 Deus
2478 1786 2576 1842 per
2612 1770 2865 1825 umbram
2906 1777 2963 1823 et
2992 1777 3148 1839 typos
3177 1768 3489 1839 plenissime
3521 1766 3620 1821 do—

2049 1864 2181 1919 cuit.
2207 1864 2444 1934 ldeoque
2469 1871 2526 1917 et
2553 1861 2608 1916 in
2630 1860 2860 1933 Egypto
2882 1859 3111 1931 iubebat
3136 1873 3333 1930 agnum
3373 1859 3619 1920 mactari,

2049 1965 2104 2010 et
2129 1955 2281 2010 credi
2306 1955 2545 2018 volebat,
2575 1953 2720 2023 quod
2756 1951 3018 2023 sanguine
3052 1950 3205 2005 tincti
3244 1956 3474 2005 mortem
3506 1948 3620 2018 pri-

2049 2046 2340 2118 mOgenitis
2378 2045 2579 2100 illatam
2609 2060 2638 2099 a
2665 2058 2721 2100 se
2750 2043 3032 2113 depulsuri
3058 2048 3258 2097 essent.
3287 2041 3441 2096 Dicat
3472 2040 3619 2094 enim

2049 2139 2193 2208 quis,
2227 2152 2408 2207 neque
2438 2135 2655 2207 injuria,
2686 2134 2833 2205 quod
2860 2134 2977 2188 hac
3006 2149 3094 2188 res
3118 2140 3269 2203 gesta
3296 2131 3460 2187 fuerit
3480 2145 3618 2201 pra:-

2049 2223 2260 2279 ludium
2309 2222 2455 2277 ﬁdei.
2494 2222 2614 2288 Quo
2657 2230 2846 2292 pacto,
2892 2222 3156 2285 obsecro,
3188 2219 3433 2274 timuerit
3474 2233 3622 2273 mors

2049 2317 2171 2386 agni
2208 2314 2629 2369 mactationem?
2652 2313 2853 2368 Verum
2891 2311 2997 2367 hoc
3030 2310 3276 2384 mysterii
3305 2320 3465 2383 typus
3496 2308 3614 2363 fuit.

2049 2408 2183 2461 Nam
2216 2406 2467 2461 Christus
2508 2421 2607 2461 suo
2640 2407 2901 2477 sanguine
2926 2420 3052 2460 vere
3079 2404 3242 2474 eripit
3268 2404 3321 2457 iu
3351 2403 3456 2457 ﬁde
3494 2417 3618 2455 san-

2050 2497 2333 2559 ctiﬁcatos,
2362 2505 2418 2551 et
2452 2497 2640 2550 mortis
2668 2496 3018 2566 corruptione
3053 2510 3148 2549 eos
3180 2494 3491 2564 superiores
3523 2492 3619 2546 de-

2049 2587 2235 2641 clarat.
2269 2586 2539 2641 Caeterum
2566 2586 2727 2657 283
2752 2587 2882 2656 quid
2915 2587 3018 2640 sibi
3044 2586 3159 2640 vult
3190 2586 3342 2650 illud,
3370 2582 3514 2655 quod
3550 2582 3625 2638 ad

2050 2677 2317 2731 Merrham
2342 2676 2577 2731 accidit?
2606 2692 2701 2747 age
2733 2692 2834 2746 pro
2857 2676 3001 2729 virili
3037 2676 3302 2729 dicamus.

2118 2956 2169 3007 2.
2203 2954 2365 3007 Sacra
2396 2953 2678 3021 Scriptura
2712 2961 2989 3021 comparat
3028 2951 3123 3004 Dei
3163 2951 3390 3004 verbum
3433 2964 3617 3020 aquae,

2048 3044 2174 3113 quia
2206 3044 2346 3097 sicut
2380 3043 2497 3096 haec
2531 3042 2804 3096 sensibilis
2831 3057 2969 3111 aqua
3000 3040 3236 3094 viviﬁeat
3264 3054 3512 3110 corpora,
3544 3041 3618 3096 ita

381 3134 442 3186 τὸ
478 3135 751 3206 αἰσθητόνο
779 3135 923 3189 οὕτω
952 3137 1047 3189 καὶ
1075 3136 1103 3190 6
1136 3134 1278 3199 θεῖος
1308 3136 1358 3189 εί
1381 3136 1660 3188 καθίκοιτο
1686 3136 1841 3204 λόγος
1866 3138 1946 3197 εἰς

2048 3133 2145 3187 Dei
2171 3133 2399 3186 verbum
2435 3132 2480 3186 si
2511 3142 2748 3187 mentem
2788 3141 3030 3185 nostram
3071 3130 3283 3197 subeat,
3311 3132 3456 3187 haud
3501 3147 3616 3187 mc-

377 3224 522 3287 νοῦν,
540 3226 825 3299 όνὴσει[εν]
848 3227 913 3280 ἂν
932 3229 991 3280 οὐ
1020 3227 1254 3298 μετρίως
1286 3227 1467 3280 αὐτόν.
1491 3227 1780 3297 Τοιγάρτοι
1801 3228 1896 3281 καὶ
1917 3230 1946 3280 6

372 3316 602 3385 Χριστὸς
641 3319 762 3379 ταῖς
810 3318 1076 3369 Ἰουδαίων
1116 3317 1339 3385 ἀγέλαις
1386 3316 1704 3388 προσλαλῶν
1751 3316 1945 3369 ἀνακε-

372 3409 584 3476 κράγει,
616 3407 790 3475 λέγων
809 3423 823 3438 ⁸
859 3426 878 3459 ι
917 3407 984 3460 Εἰ
1006 3425 1089 3471 τις
1116 3408 1264 3478 διψᾷ,
1292 3408 1535 3478 ἐρχέσθω
1560 3409 1695 3479 πρός
1728 3425 1818 3479 με,
1849 3408 1945 3460 καὶ

373 3498 589 3552 πινέτω.
632 3518 651 3550 ι
690 3498 800 3550 Kal.
840 3498 973 3569 πρός
1002 3515 1065 3565 γε
1104 3498 1201 3569 τὴν
1233 3502 1465 3567 γυναῖκα
1499 3501 1561 3552 ὲκ
1596 3499 1942 3570 Σαμαρείας,

376 3606 395 3639 ι
416 3588 526 3641 Καὶ
551 3590 660 3651 πᾶς
685 3591 714 3641 6
742 3589 910 3641 πίνων
940 3591 1002 3642 ὲκ
1026 3588 1119 3642 τοῦ
1142 3589 1332 3653 ὕδατος
1360 3589 1572 3653 τούτου,
1601 3590 1815 3659 διψήσει
1841 3591 1945 3643 πά-

371 3680 451 3732 λιν
470 3697 485 3711 ’
515 3680 574 3742 ὃς
600 3679 644 3732 δ’
670 3678 737 3732 ἂν
766 3679 863 3751 πίῃ
886 3681 947 3731 ὲκ
968 3678 1062 3731 τοῦ
1085 3678 1274 3741 ὓδατος
1298 3673 1357 3732 οὗ
1376 3677 1486 3746 ἐγὼ
1506 3677 1662 3731 δώσω
1691 3677 1860 3747 αὐτῷ,
1883 3678 1943 3731 ού

377 3771 449 3840 μὴ
468 3771 688 3840 διψήσει
713 3771 791 3833 είς
810 3770 897 3822 τὸν
921 3770 1110 3823 αἰῶνα.
1142 3788 1160 3820 ι
1189 3768 1345 3840 Ἀρτι
1366 3770 1543 3821 τοίνυν
1565 3772 1612 3823 ot
1635 3769 1694 3834 ἐξ
1728 3770 1945 3841 Ἰσραὴλ

373 3862 469 3930 τὴν
489 3861 717 3931 θεομισῆ
750 3859 858 3914 τῶν
882 3859 1191 3929 Αἰγυπτίων
1221 3860 1448 3929 ἀφέντες
1487 3860 1767 3931 λατρείαν,
1816 3877 1945 3930 μετ-

377 3952 555 4006 έθεντο
578 3955 697 4017 ταῖς
729 3953 973 4023 γνώμαις
1001 3955 1079 4015 εἰς
1108 3954 1169 4005 τὸ
1197 3954 1541 4024 τελεσφορείν
1570 3953 1715 4023 ἅπερ
1732 3951 1796 4004 ἂν
1822 3950 1945 4020 βού-

374 4044 515 4097 λοιτο
544 4044 697 4107 Θεός.
744 4044 881 4097 Ἀλλ’
922 4044 1072 4098 οὔπω
1112 4048 1223 4109 τοῖς
1254 4045 1460 4099 ἄνωθέν
1498 4061 1558 4096 τε
1599 4042 1946 4109 πεπαιδαγώ-

367 4152 568 4205 γηνται
606 4135 812 4206 νόμοις,
842 4134 994 4189 οὔπω
1022 4135 1127 4190 τῶν
1152 4135 1361 4205 νοητῶν
1394 4134 1601 4187 ὑδάτων
1637 4133 1945 4201 ἀπογευσά-

368 4245 545 4299 μενοι,
575 4230 856 4300 μονονουχὶ
882 4228 1044 4302 ξηρὸν
1064 4231 1159 4282 καὶ
1187 4228 1511 4299 δεδιψηκότα
1539 4229 1630 4282 τὸν
1654 4226 1777 4281 νοῦν
1804 4223 1947 4298 εἶχον

363 4324 425 4375 ὲν
470 4322 703 4385 ἑαυτοῖς.
747 4317 880 4375 Είτα
916 4322 1068 4393 μόλις
1109 4323 1596 4393 περιτυγχάνουσιν
1624 4323 1688 4393 τῇ
1721 4312 1944 4393 Μερρᾁ

361 4411 488 4466 ἀλλ’
546 4412 645 4465 οὐκ
698 4411 959 4483 ἠδύναντο
1014 4413 1158 4465 πιεῖν
1208 4412 1382 4483 ὕδωρο
1439 4412 1638 4484 πικρόν
1692 4412 1799 4484 γὰρ
1852 4408 1941 4482 ἢν.

2045 3223 2307 3278 diocriter
2336 3239 2456 3277 eam
2483 3222 2755 3277 refecerit.
2782 3223 2936 3279 Unde
2960 3233 3016 3278 et
3041 3222 3293 3278 Christus
3323 3224 3511 3279 turbas
3526 3224 3619 3278 Ju-

2044 3298 2287 3369 daaorum
2335 3315 2619 3384 alloquens
2668 3315 2935 3370 exclamat
2974 3333 2986 3369 :
3046 3334 3064 3365 ι
3093 3315 3146 3369 Si
3182 3316 3307 3387 quis
3346 3315 3489 3379 sitit,
3529 3329 3620 3371 ve-

2044 3408 2159 3461 niat
2188 3406 2255 3461 ad
2286 3423 2393 3473 me,
2421 3416 2476 3462 et
2501 3407 2650 3461 bibat
2674 3407 2738 3461 ⁸⁸.
2773 3427 2790 3459 ι
2823 3407 2957 3462 Item
2984 3408 3051 3462 ad
3078 3407 3471 3464 Samaritanam
3494 3423 3617 3461 mu-

2042 3500 2234 3554 lierem
2268 3500 2447 3570 inquit
2491 3517 2503 3552 :
2540 3518 2558 3549 ι
2604 3498 2707 3566 Qui
2760 3499 2962 3554 biberit
3003 3514 3069 3555 ex
3108 3500 3425 3571 hacmqua,
3470 3500 3621 3555 sitiet

2044 3593 2278 3658 iterum;
2312 3594 2404 3662 qui
2440 3602 2622 3646 autem
2651 3593 2854 3647 biberit
2881 3608 2948 3646 ex
2978 3609 3116 3662 aqua
3157 3609 3319 3663 quam
3344 3608 3445 3663 ego
3476 3592 3621 3647 dabo

2043 3684 2115 3745 ci,
2161 3697 2270 3736 non
2305 3684 2453 3738 sitiet
2495 3685 2547 3737 in
2572 3693 2835 3738 aeternum
2861 3686 2926 3736 ⁸⁷.
2969 3703 2985 3734 ι
3017 3685 3272 3737 Israelita:
3314 3684 3497 3751 igitur,
3531 3682 3617 3735 di-

2046 3776 2212 3828 misso
2246 3775 2465 3843 quidem
2492 3774 2866 3844 Egyptiorum
2906 3774 3054 3827 cultu
3089 3786 3252 3841 quem
3289 3774 3433 3825 Deus
3461 3787 3619 3824 aver-

2046 3874 2217 3929 satur,
2242 3866 2605 3919 traduxerunt
2632 3873 2869 3917 mentem
2901 3878 3075 3923 suam,
3106 3871 3167 3914 ut
3193 3860 3449 3928 deinceps
3474 3861 3620 3930 quod

2047 3958 2158 4009 Deo
2197 3964 2482 4024 acceptum
2517 3963 2681 4018 esset,
2713 3960 2984 4021 saperent.
3019 3951 3291 4005 Caeterum
3324 3966 3447 4005 cum
3479 3968 3619 4006 non-

2047 4046 2177 4099 dum
2201 4045 2455 4113 supernis
2486 4044 2699 4114 legibus
2728 4050 2913 4097 essent
2941 4042 3163 4108 eruditi,
3197 4043 3428 4097 necdum
3457 4044 3620 4099 intel—

2046 4136 2280 4207 ligibiles
2301 4151 2472 4206 aquas
2488 4135 2925 4207 degustaverant,
2946 4134 3177 4205 ideoque
3206 4146 3442 4191 mentem
3466 4136 3621 4206 quasi

2048 4225 2258 4281 aridam
2306 4234 2362 4282 et
2394 4225 2730 4281 siticulosam
2781 4226 2838 4279 in
2880 4240 2938 4281 se
2978 4225 3271 4282 habebant.
3321 4226 3527 4281 Deinde
3559 4242 3624 4282 ac

2048 4316 2269 4387 quidem
2296 4331 2436 4387 aegre
2459 4316 2785 4386 perveniunt
2807 4314 3097 4379 Merrham,
3122 4316 3216 4370 ubi
3238 4331 3346 4369 non
3372 4321 3623 4386 poterant

2049 4424 2245 4479 aquam
2265 4409 2476 4473 bibere,
2507 4409 2634 4479 quia
2658 4415 2778 4463 erat
2808 4423 3010 4463 amara.
3033 4407 3102 4462 At
3132 4416 3483 4478 posteaquam
3506 4408 3622 4462 ldo-

367 4505 608 4558 Ἔπειτα
627 4504 868 4568 Μωσέως
887 4503 949 4557 τὸ
970 4503 1124 4570 ξύλον
1146 4502 1561 4575 ἐμϐεϐληκότος,
1586 4504 1683 4574 τῆς
1704 4504 1944 4573 ἐμφύτου

2048 4515 2136 4554 ses
2158 4500 2472 4553 immisisset
2502 4500 2728 4569 lignum,
2759 4499 2943 4554 amisit
2965 4515 3104 4568 aqua
3137 4515 3290 4554 suam
3316 4500 3624 4564 naturalem

360 4597 601 4667 πικρίας
645 4596 704 4649 τὸ
734 4595 877 4667 ὕδωρ
928 4596 1315 4667 ἀπηλλάττετο.
1360 4594 1455 4658 Τίς
1498 4590 1592 4648 οὖν
1637 4597 1669 4664 ἡ
1716 4594 1944 4665 Msppé;

360 4688 545 4757 Φαίην
575 4686 642 4741 ἂν
678 4688 759 4741 ὅτι
797 4687 857 4740 τὸ
880 4687 1119 4758 Γράμμα
1164 4686 1226 4740 τὸ
1260 4686 1499 4756 νομικόν.
1548 4686 1750 4757 Πικρδς
1783 4686 1893 4757 γὰρ
1920 4685 1949 4737 6

361 4777 571 4847 νόμος,
606 4774 763 4847 εἴπερ
797 4775 914 4828 ἐστὶ
942 4774 1231 4846 κολαστής.
1266 4776 1378 4828 Καὶ
1422 4774 1549 4843 γοῦν
1593 4776 1620 4828 ὁ
1667 4773 1950 4836 θεσπέσιος

360 4870 477 4938 ἔφη
515 4867 759 4929 Παῦλοςο
798 4884 817 4918 ι
867 4865 1161 4936 ’Δθετήσας
1193 4882 1276 4929 τις
1313 4866 1474 4936 νόμον
1504 4864 1746 4927 Μωσέως
1784 4863 1950 4935 χωρίς

359 4956 677 5029 οίκτιρμῶν
695 4957 787 5009 ἐπὶ
809 4956 959 5010 δυσὶν
986 4957 1020 5027 ἢ
1043 4957 1217 5027 τρισὶν
1248 4956 1512 5027 μάρτυσιν
1534 4954 1884 5024 ἀποθνήσκει.
1924 4971 1942 5005 ι

374 5048 550 5119 Ὁρᾷς
588 5047 673 5100 ὅτι
706 5046 898 5118 πικρὸς
933 5042 1003 5117 ἢν
1031 5047 1124 5099 καὶ
1154 5044 1429 5109 δύσοιστος
1469 5045 1562 5099 καὶ
1593 5046 1777 5107 αὐτοῖς
1808 5045 1949 5114 τάχα

290 5129 307 5135 ’
364 5156 479 5191 που
505 5139 620 5200 τοῖς
650 5135 897 5190 ἐθέλουσι
933 5134 1266 5203 κατορθοῦνς
1296 5135 1407 5187 Καὶ
1429 5133 1557 5202 γοῦν
1590 5135 1639 5185 οἱ
1674 5134 1950 5186 θεσπέσιοι

365 5229 621 5302 μαθηταὶ
662 5230 774 5290 τοῖς
820 5227 957 5298 μετὰ
1000 5229 1098 5298 τὴν
1136 5226 1321 5280 πίστιν
1362 5226 1660 5280 ἀνάπτουσί
1694 5242 1845 5288 τινας
1878 5226 1958 5288 είς

363 5322 633 5393 λατρείαν
690 5315 844 5383 αὖθις
888 5320 989 5390 τὴν
1038 5318 1291 5390 νομικὴν,
1350 5318 1646 5389 διαρρήδην
1700 5318 1953 5388 ἔφασκον·

371 5434 393 5466 ι
439 5414 554 5468 Καὶ
586 5411 682 5466 νῦν
707 5412 759 5465 τί
786 5411 1077 5481 πειράζετε
1105 5410 1199 5465 τὸν
1230 5410 1361 5463 Θεὸν
1389 5411 1652 5464 ἐπιθεῖναι
1678 5410 1838 5479 ζυγὸν
1866 5410 1958 5464 ἐπὶ

362 5507 470 5559 τὸν
502 5506 779 5575 τράχηλον
821 5502 931 5555 τῶν
970 5500 1247 5573 μαθητῶν,
1282 5499 1341 5555 ὃν
1373 5501 1495 5555 οὔτε
1537 5501 1870 5572 ἠμείς,οΰτε
1908 5503 1957 5553 οἱ

366 5596 614 5667 πατέρες
643 5594 801 5665 ἡμῶν
830 5592 1127 5664 ἰσχύσαμεν
1146 5592 1440 5663 βαστάσαις
1477 5612 1493 5643 ι
1518 5594 1626 5646 Kal.
1644 5592 1769 5661 γοῦν
1792 5594 1818 5645 ό
1851 5610 1955 5662 μα-

456 5783 502 5817 ⁸⁶
533 5783 690 5840 Joan.
729 5799 816 5850 ru,
847 5782 932 5835 57.

1011 5784 1048 5815 ”
1081 5784 1214 5838 Joun
1271 5798 1341 5847 tv,
1386 5781 1462 5843 l5,
1524 5784 1565 5814 "
1602 5783 1759 5837 Hebr.
1804 5803 1854 5857 χ,
1894 5781 1984 5833 ⁶ὶ8.

2050 4590 2491 4644 amaritudinem.
2512 4588 2769 4655 Quaenam
2790 4597 2967 4643 autem
2985 4597 3068 4643 est
3088 4589 3190 4644 ista
3207 4588 3451 4643 Merrha?
3467 4587 3628 4642 Dixe-

2053 4681 2154 4734 rim
2190 4696 2308 4734 esse
2342 4681 2580 4735 litteram
2610 4680 2858 4749 legalem.
2901 4680 3027 4735 Haec
3052 4681 3204 4735 enim
3241 4678 3438 4734 acerba
3464 4686 3629 4733 estet

2053 4788 2254 4837 amara,
2285 4780 2474 4843 utpote
2502 4787 2625 4843 quae
2660 4788 2760 4827 nos
2782 4773 2991 4843 puniat.
3023 4772 3162 4827 Hinc
3186 4773 3402 4826 divinus
3427 4770 3631 4824 Paulus

2055 4865 2167 4920 ait:
2203 4885 2221 4917 ι
2251 4866 2645 4937 Transgressus
2679 4868 2948 4937 quispiam
2994 4868 3165 4935 legem
3208 4865 3389 4927 Mosis,
3421 4863 3630 4932 absque

2056 4957 2407 5012 miseratione
2448 4958 2551 5012 sub
2594 4958 2811 5012 duobus
2850 4965 2944 5010 aut
2979 4956 3154 5009 tribus
3199 4953 3430 5008 testibus
3459 4954 3628 5007 mori-

2056 5055 2147 5101 tur
2172 5048 2238 5102 ”.
2273 5067 2289 5099 ι
2318 5049 2552 5104 Videsne
2579 5064 2700 5103 eam
2728 5063 2846 5103 esse
2871 5060 3130 5107 amaram,
3158 5052 3212 5098 et
3241 5043 3512 5098 diﬁlcilem
3542 5053 3627 5098 to-

2056 5139 2254 5202 leratu,
2283 5138 2445 5192 etiam
2486 5140 2597 5193 illis
2624 5139 2717 5207 qui
2747 5137 2939 5191 volunt
2966 5152 3084 5189 eam
3114 5150 3239 5190 cum
3270 5135 3472 5188 virtute
3501 5150 3628 5203 per-

2057 5230 2253 5286 ﬁcere?
2278 5230 2433 5285 Unde
2458 5239 2514 5285 et
2554 5231 2725 5285 sancti
2754 5228 3006 5296 discipuli
3048 5229 3224 5296 palam
3267 5226 3520 5280 dicebant
3562 5227 3629 5280 iis

2054 5320 2148 5387 qui
2176 5318 2459 5373 nonnullis
2486 5319 2645 5373 ﬁdem
2684 5319 2794 5388 jam
2831 5317 3163 5369 habentibus
3198 5315 3627 5385 persuadebant,

2056 5417 2116 5462 ut
2155 5409 2224 5463 ad
2264 5409 2471 5463 cultum
2514 5408 2649 5478 legis
2681 5407 2964 5461 redirent:
3001 5424 3016 5455 ι
3058 5406 3199 5472 Quid
3245 5407 3494 5469 tentatis,
3543 5408 3629 5460 in-

2054 5501 2326 5570 quientes,
2378 5500 2571 5561 Deum,
2610 5509 2669 5552 ut
2714 5497 3008 5567 imponatis
3034 5500 3221 5569 jugum
3264 5500 3316 5552 in
3358 5498 3627 5553 cervicem

2055 5590 2471 5659 discipulorum,
2505 5591 2649 5659 quod
2690 5606 2864 5659 neque
2896 5607 3013 5655 nos,
3046 5607 3219 5660 neque
3248 5601 3429 5662 patres
3458 5592 3628 5645 nostri
