4066 6282
401 300 506 356 417

1433 305 1490 360 S.
1535 302 1812 361 CYRILLI
1850 299 2321 359 ALEXANDRINI
2358 303 2678 362 ARCBIEP.

3559 305 3662 362 “8

401 413 682 482 potuerint
701 410 1000 485 portare”.
1026 436 1043 468 ι
1066 414 1208 484 Quin
1227 423 1284 472 et
1305 415 1499 472 beatus
1526 415 1731 472 Paulus
1755 412 1981 469 manda-

2087 411 2275 485 κόιριος
2307 414 2519 479 Παῦλος
2544 415 2923 484 κατακρίσεως
2947 411 3223 467 διακονίαν
3259 411 3525 466 ἀποκαλεῖ
3566 413 3664 483 τήν

401 507 518 554 tum
553 503 816 571 sapientis
839 504 1000 559 Mosis
1035 505 1330 575 appellavit
1363 504 1729 561 ministerium
1753 503 1982 556 damna-

403 591 586 647 tionis.
606 591 683 647 lta
704 595 848 648 enim
871 596 977 650 ait:
1007 616 1024 647 ι
1045 595 1098 651 Si
1127 596 1496 652 ministerium
1514 595 1884 651 damnationis
1901 604 1987 651 est

402 682 459 736 in
482 683 674 752 gloria,
699 694 905 755 quanto
926 689 1098 758 magis
1116 688 1445 744 exuberabit
1469 689 1838 745 ministerium
1895 693 1987 763 ju-

401 773 565 829 stitiaa
589 776 642 830 in
665 778 838 846 gloria
856 779 932 833 ‘°?
963 799 979 825 ι
1007 781 1099 836 Ait
1118 781 1264 835 enim
1292 781 1456 836 etiam
1479 781 1643 852 paulo
1663 789 1816 837 ante:
1838 802 1857 834 ι
1874 783 1990 838 Lit-

403 875 516 920 tera
542 868 766 936 occidit,
783 871 1011 941 spiritus
1032 883 1216 928 autem
1237 871 1482 928 viviﬁcat
1505 875 1570 927 θ’.
1597 893 1614 926 ι
1636 873 1986 930 Manifestum

400 966 485 1011 est
511 956 694 1014 autem
723 964 873 1032 quod
909 981 1008 1035 per
1034 965 1274 1020 litteram
1317 966 1587 1036 intelligat
1625 965 1819 1038 legem,
1849 967 1991 1022 sicut

402 1062 497 1116 per
517 1051 792 1122 spiritum,
813 1055 1118 1128 designavit
1139 1059 1346 1113 cultum
1372 1059 1733 1129 spiritualem,
1757 1060 1863 1116 hoc
1881 1071 1985 1128 est,

401 1141 776 1212 Evangelium.
806 1147 1041 1218 Ideoque
1069 1149 1155 1204 lex
1179 1160 1262 1206 est
1284 1151 1502 1206 acerba.
1532 1151 1669 1206 Nam
1693 1160 1749 1207 et
1771 1153 1988 1210 Merrha

399 1237 694 1304 exponitur
711 1255 914 1294 amara.
945 1242 1114 1296 Porro
1165 1241 1312 1312 quod
1362 1243 1652 1314 disciplina
1691 1245 1828 1316 legis
1868 1245 1984 1316 ipsa

399 1339 498 1393 per
527 1326 783 1396 seipsam,
814 1337 1084 1398 quatenus
1127 1331 1182 1385 in
1225 1331 1369 1403 typis
1408 1331 1687 1400 consistit,
1710 1333 1987 1391 viviﬁcare

398 1431 672 1489 nequeat,
727 1425 1050 1480 conﬁrmare
1114 1441 1582 1498 supervacaneum
1646 1436 1750 1483 est.
1793 1429 1990 1486 Nullus

397 1511 544 1564 enim
580 1528 680 1582 per
713 1514 887 1585 legem
915 1517 1248 1586 justiﬁcatur
1278 1518 1424 1588 apud
1446 1518 1640 1583 Deum,
1669 1521 1813 1574 sicut
1846 1522 1985 1576 scri-

398 1608 552 1670 ptum
585 1613 690 1658 est.
716 1604 882 1677 284.
905 1606 1012 1662 Sed
1037 1607 1184 1676 quod
1206 1609 1323 1678 ipsa
1350 1609 1438 1664 lex
1462 1617 1595 1664 tunc
1615 1609 1882 1666 efﬁciatur
1907 1612 1988 1667 vi-

398 1688 643 1753 viﬁcans,
672 1702 728 1748 et
753 1695 1062 1751 amaritudo
1092 1713 1214 1766 quae
1235 1707 1318 1754 est
1342 1699 1397 1752 in
1427 1698 1630 1762 littera,
1668 1701 1914 1768 tollatur,
1939 1703 1982 1758 si

397 1780 513 1849 ipsa
540 1783 901 1853 spiritualiter
931 1785 1205 1842 intellecta
1232 1788 1526 1858 patefaciat
1549 1788 1753 1846 Christi
1779 1801 1983 1864 myste-

400 1872 542 1926 rium
567 1873 714 1942 (ﬁnis
741 1876 888 1930 enim
913 1877 1048 1948 legis
1069 1877 1320 1934 Christus
1341 1889 1448 1945 est,
1495 1882 1550 1936 in
1577 1883 1808 1938 salutem
1836 1886 1986 1940 omni

402 1963 646 2018 credenti
670 1964 948 2037 "),'etiam
967 1969 1020 2024 id
1043 1971 1189 2040 quod
1214 1972 1267 2026 in
1285 1972 1502 2027 Merrha
1528 1972 1733 2028 factum
1757 1984 1858 2040 est,
1876 1990 1988 2032 ma-

401 2053 632 2110 nifestus
675 2065 832 2129 typus
863 2075 983 2115 esse
1013 2070 1211 2131 potest.
1258 2063 1490 2134 Lignum
1529 2065 1677 2120 enim
1719 2066 1989 2136 signiﬁcat

401 2143 699 2203 Salvatoris
742 2152 913 2205 nostri
964 2167 1217 2220 crucem,
1267 2164 1363 2210 aut
1415 2156 1588 2226 ipsius
1633 2159 1982 2230 mysterium,

397 2237 545 2304 quod
572 2254 697 2293 cum
732 2241 802 2295 ab
836 2243 944 2298 illis
987 2245 1082 2315 qui
1122 2246 1225 2301 sub
1267 2247 1388 2318 lcge
1435 2258 1586 2315 sunt,
1617 2249 1786 2306 fuerit
1831 2268 1984 2310 rece-

396 2334 572 2395 ptum,
599 2329 763 2386 dulce
796 2335 963 2389 etiam
997 2337 1052 2391 id
1095 2337 1244 2408 q'uod
1281 2347 1364 2394 est
1390 2355 1658 2406 amarum,
1684 2342 1986 2410 invenient,

395 2416 526 2484 quia
561 2417 649 2472 lex
672 2434 780 2474 non
805 2432 1050 2489 accusat,
1088 2440 1191 2480 nec
1231 2427 1391 2496 punit
1417 2441 1513 2482 eos
1545 2428 1640 2497 qui
1671 2429 1907 2484 credunt
1931 2431 1988 2486 in

395 2505 699 2575 Christum,
725 2511 819 2566 sed
845 2514 1036 2583 potius
1065 2531 1160 2571 eos
1195 2517 1457 2582 viviﬁcat,
1495 2519 1754 2574 translata
1787 2529 1933 2577 recte
1956 2538 1988 2576 a

396 2599 558 2654 nobis
583 2594 813 2658 historia
839 2605 907 2659 ad
929 2606 1268 2663 intellectum
1291 2609 1654 2678 Spiritualem,
1677 2619 1733 2666 et
1752 2611 1987 2669 ducente

397 2689 465 2743 ad
491 2689 790 2761 Christum,
827 2699 921 2767 qui
964 2707 1049 2753 est
1076 2700 1186 2755 vita
1216 2709 1271 2755 et
1299 2701 1602 2758 viviﬁcans.
1634 2705 1788 2760 Tunc
1816 2705 1984 2771 enim,

396 2785 552 2849 tunc,
574 2785 818 2856 inquam,
835 2790 1001 2844 etiam
1028 2791 1114 2852 lex
1139 2791 1365 2846 deﬁniet
1391 2794 1550 2850 nobis
1565 2796 1989 2867 justiﬁcationes

396 2887 454 2936 et
477 2879 706 2950 judicia,
735 2888 924 2950 utpote
952 2897 1074 2952 qua:
1100 2898 1201 2938 nos
1233 2892 1383 2940 recta
1426 2885 1591 2940 ducat
1631 2887 1696 2942 ad
1742 2888 1796 2942 id
1839 2888 1987 2958 quod

395 2971 509 3027 Deo
531 2972 727 3042 placet,
759 2973 1016 3044 viamque
1054 2975 1122 3030 ad
1168 2991 1330 3032 omne
1371 2978 1521 3047 quod
1562 2978 1802 3035 Salutare
1824 2980 1987 3036 nobis

394 3073 498 3131 est,
529 3066 783 3122 ostendat
819 3084 833 3121 :
873 3074 1043 3137 atque
1088 3076 1244 3123 extra
1277 3070 1526 3125 timorem
1573 3087 1856 3142 prunaeque
1887 3089 1986 3127 ex-
2012 3092 2058 3151 ο

393 3157 789 3225 speetationem
834 3159 906 3213 sit
943 3159 1294 3214 collocutura.
1327 3161 1417 3214 Ait
1457 3161 1606 3216 enim
1639 3180 1652 3215 :
1696 3182 1714 3213 ι
1751 3162 1981 3218 Omnem

392 3247 604 3319 plagam
646 3265 809 3319 quam
855 3250 1043 3305 induxi
1083 3252 1138 3305 in
1167 3250 1471 3322 Egyptios,
1504 3269 1614 3307 non
1646 3253 1898 3308 inducam
1925 3253 1979 3308 in

392 3353 491 3393 vos
521 3341 584 3392 ⁸³.
619 3359 636 3390 ι
666 3340 936 3407 Quocirca
963 3357 1086 3410 spes
1117 3343 1387 3398 evadendi
1413 3359 1632 3413 poenam
1655 3344 1763 3400 illis
1783 3361 1984 3418 propo-

393 3430 498 3484 sita
529 3439 632 3494 est,
660 3431 754 3499 qui
783 3433 1103 3502 mysterium
1133 3433 1340 3490 Christi
1373 3435 1429 3490 in
1463 3435 1580 3506 lege
1620 3437 1981 3506 comprehen-

393 3540 514 3580 sum
552 3525 854 3594 accipiunt.
899 3526 1078 3597 Atque
1122 3529 1248 3594 hoc,
1285 3529 1550 3592 arbitror,
1591 3537 1695 3594 est,
1739 3529 1885 3602 quod
1927 3539 1984 3585 et

395 3616 512 3685 ipse
562 3615 812 3671 Salvator
851 3617 991 3672 dixit
1033 3619 1250 3689 populis
1287 3618 1600 3674 Iudaeorum
1638 3618 1692 3674 in
1737 3626 1982 3690 tempore

393 3723 505 3763 suae
550 3708 1013 3781 peregrinationis
1056 3727 1067 3763 :
1104 3697 1140 3762 ἰ
1189 3709 1386 3776 Amen,
1431 3725 1591 3766 amen
1625 3709 1750 3765 dico
1790 3711 1978 3774 vobis,

393 3799 538 3869 quod
575 3800 754 3856 omnis
787 3801 881 3872 qui
921 3803 1075 3857 audit
1117 3817 1426 3857 sermonem
1464 3817 1670 3867 meum,
1711 3810 1768 3858 et
1807 3802 1983 3882 credit

396 3893 471 3946 illi
489 3893 582 3963 qui
604 3893 750 3950 misit
767 3910 874 3960 me,
894 3895 1060 3952 habet
1080 3895 1247 3950 vitam
1261 3903 1543 3960 aeternam,
1567 3904 1623 3950 et
1644 3895 1697 3949 in
1709 3894 1980 3965 judicium

393 4001 504 4039 non
548 3987 724 4052 venit,
771 3988 864 4043 sed
899 3988 1097 4043 transit
1139 4005 1171 4044 a
1213 3998 1390 4044 morte
1435 3987 1504 4042 ad
1537 3987 1705 4042 vitam
1752 3986 1817 4041 “.
1865 4005 1882 4038 ι
1913 3987 1982 4042 Et

396 4093 626 4133 rursus:
665 4098 683 4131 ι
713 4078 817 4146 Qui
842 4081 1018 4136 credit
1051 4081 1106 4134 in
1137 4079 1358 4146 Filium,
1391 4095 1502 4134 non
1541 4079 1817 4150 iudicatur
1847 4081 1914 4134 “.
1955 4098 1972 4132 ι

391 4169 531 4225 Cum
549 4171 719 4241 igitur
741 4173 1110 4240 receperimus
1130 4171 1333 4227 Christi
1357 4171 1799 4242 iustiﬁcationes,
1825 4180 1978 4236 tunc,

394 4269 547 4325 tunc,
579 4259 894 4328 inquam,in
923 4261 1065 4314 Elim
1088 4261 1394 4325 veniemus,
1420 4260 1567 4334 quod
1593 4269 1677 4314 est
1709 4259 1978 4315 ascensio.

391 4351 771 4407 Transivimus
797 4353 944 4408 enim
975 4368 1041 4408 ex
1066 4353 1448 4413 veterinostra
1486 4350 1716 4405 infantia
1744 4350 1798 4404 in
1823 4365 1978 4408 men-

2085 503 2174 557 διά
2193 503 2286 557 τοῦ
2321 506 2597 574 πανσόφου
2623 504 2869 568 Μωσέως
2889 504 3130 572 ἐντολήν.
3159 504 3304 573 Ἔφη
3335 501 3443 574 γὰρ
3465 501 3660 566 οὕτως’

2093 611 2111 643 σ
2158 593 2220 648 El
2249 594 2358 668 γὰρ
2395 597 2428 668 ἡ
2461 595 2707 650 διακονία
2742 597 2840 664 τῆς
2879 594 3260 664 κατακρίσεως
3301 593 3449 660 δόξα,
3486 595 3666 666 πολλῷ

2090 684 2288 753 μᾶλλον
2335 686 2649 758 περισσεύει
2695 687 2728 757 ἡ
2773 685 3019 740 διακονία
3062 686 3161 756 τῆς
3216 685 3563 758 δικαιοσύνης
3608 688 3672 740 ὲν-

2085 776 2233 850 δόξῃ.
2273 797 2290 829 ι
2321 779 2462 848 Ἔφη
2479 779 2535 833 δὲ
2553 779 2648 832 καὶ
2670 778 2915 849 ἑτέρωθι·
2941 798 2960 831 ι
2984 779 3058 832 Τὸ
3076 779 3311 850 γράμμα
3331 780 3662 845 ἀποκτείνει,

2083 864 2146 918 τὸ
2174 866 2229 919 δὲ
2257 866 2472 938 πνεῦμα
2500 867 2772 932 ζωοποιεῖ.
2808 887 2826 920 ι
2856 867 3100 940 Γράμμα
3125 869 3331 938 σαφῶς,
3359 866 3516 940 οἶμαί
3539 889 3665 937 που,

2083 956 2175 1010 τὸν
2195 959 2378 1028 νόμον,
2409 960 2620 1031 πνεῦμα
2642 961 2699 1015 δὲ
2725 961 2908 1025 πάλιν,
2929 962 3029 1032 τὴν
3049 963 3104 1014 ὲν
3124 961 3392 1032 πνεύματι
3413 962 3666 1033 λατρείαν

2085 1048 2396 1116 ἀποκαλῶν,
2429 1053 2698 1116 τουτέστι,
2726 1052 2826 1123 τὴν
2846 1052 3230 1123 εύαγγελικήνο
3266 1054 3464 1125 πικρὸς
3503 1053 3612 1124 γὰρ
3638 1057 3667 1108 6

2085 1139 2265 1210 νόμος.
2310 1142 2705 1213 Ἐρμηνεύεται
2733 1141 2788 1196 δὲ
2820 1143 2992 1214 πικρά
3025 1143 3118 1196 καὶ
3148 1145 3181 1214 ή
3213 1144 3425 1216 Μερῤά.
3461 1146 3581 1198 Ὅτι
3611 1145 3668 1198 δὲ

2086 1231 2119 1301 ἡ
2150 1231 2238 1286 διὰ
2272 1232 2434 1304 νόμου
2476 1234 2756 1299 παίδευσις
2799 1234 2934 1307 αὑτὴ
2976 1234 3099 1288 καθ’
3138 1237 3368 1308 ἑαυτὴν,
3407 1238 3503 1291 καὶ
3544 1239 3668 1291 ὅσον

2082 1318 2218 1394 ¹ἧκεν
2239 1324 2320 1387 είς
2334 1323 2558 1389 τύπους,
2586 1325 2867 1390 ζωοποιεῖν
2893 1327 2990 1398 οὐχ
3012 1328 3098 1381 οἵα
3123 1345 3204 1394 τε,
3231 1329 3292 1380 τὸ
3311 1328 3666 1382 διατείνεσθαι

2086 1414 2358 1485 περιττόν.
2393 1416 2581 1479 Οὐδεὶς
2608 1415 2717 1488 γὰρ
2744 1418 2802 1471 ὲν
2834 1419 2986 1489 νόμῳ
3015 1418 3318 1473 δικαιοῦται
3347 1419 3502 1492 παρά
3527 1418 3667 1491 Θεῷ,

2086 1501 2229 1556 κατά
2251 1501 2310 1556 τὸ
2339 1504 2742 1575 γεγραμμένον.
2786 1505 2946 1562 Ἀλλὰ
2969 1509 3063 1562 καὶ
3088 1509 3250 1574 αὐτὸς
3279 1508 3433 1563 ἔσται
3454 1510 3519 1582 δὴ
3545 1511 3668 1565 τότε

2086 1615 2354 1681 ζωοποιὺς
2403 1619 2432 1671 6
2481 1618 2678 1689 νόμος,
2735 1619 3181 1690 ἀπαλλαγήσεται
3227 1624 3323 1676 καὶ
3377 1625 3476 1696 τῆς
3528 1628 3672 1680 κατα

2087 1704 2325 1776 γράμμα
2357 1707 2598 1778 πικρίας,
2627 1710 2677 1762 εί
2699 1708 2910 1777 γένοιτο
2937 1711 3336 1780 παραδεκτικὸς
3368 1718 3668 1786 μυστηρίου

2086 1794 2180 1848 τοῦ
2211 1799 2354 1850 κατὰ
2375 1798 2610 1870 Χριστόν
2633 1816 2647 1830 ο
2680 1798 2832 1864 τέλος
2859 1799 2967 1871 γὰρ
2998 1801 3162 1871 νόμου
3196 1803 3429 1874 Χριστὸς
3454 1809 3533 1871 είς
3566 1825 3672 1862 σω-

2085 1903 2151 1956 τη
2161 1885 2280 1956 ρίαν
2307 1888 2469 1944 παντὶ
2493 1888 2824 1953 πιστεύοντι,
2850 1890 3138 1961 νοούμενος
3161 1892 3402 1963 δηλονότι
3426 1914 3671 1968 πνευμα-

2085 1975 2273 2039 τικῶς
2297 1976 2464 2042 τύπος
2493 1979 2537 2032 δ’
2569 1978 2635 2033 ἂν
2658 1981 2741 2052 εἴη
2769 1981 2864 2034 καὶ
2889 1982 3041 2035 τοῦδε
3071 1983 3245 2055 σαφὴς
3272 1987 3334 2040 τὸ
3359 1989 3452 2042 ἐπὶ
3475 1990 3680 2063 M3664-

2089 2063 2455 2137 συμϐεϐηκός.
2468 2066 2630 2136 Δηλοί
2642 2069 2750 2141 γὰρ
2760 2069 2822 2122 τὸ
2837 2068 3012 2136 ξύλον,
3027 2071 3118 2126 τὸν
3129 2073 3222 2128 τοῦ
3234 2076 3487 2150 Σωτῆρος
3509 2096 3670 2134 σταυ-

2089 2153 2202 2226 ρὸν,
2224 2154 2342 2224 ήτοι
2373 2155 2433 2208 τὸ
2457 2155 2542 2208 ἐπ’
2568 2156 2718 2228 αύτῷ
2744 2158 3061 2230 μυστήριονο
3085 2161 3221 2232 ὅπερ
3249 2165 3296 2216 εί
3323 2164 3533 2233 γένοιτο
3557 2169 3669 2230 τοῖς

2087 2245 2144 2296 ὲν
2173 2245 2322 2315 νόμῳ
2352 2246 2690 2318 παραδεκτὺν
2709 2290 2724 2317 ,
2759 2250 2932 2318 γλυκὺ
2962 2254 3056 2307 καὶ¹
3089 2254 3148 2307 τὸ
3178 2255 3373 2325 πικρὸν
3405 2257 3663 2327 εὑρήσου-

2089 2351 2202 2389 σιν·
2237 2336 2300 2390 ού
2334 2337 2444 2408 γὰρ
2465 2341 2578 2402 τοῖς
2622 2341 2970 2395 πιστεύουσιν
2999 2344 3080 2408 είς
3106 2345 3371 2416 Χριστζν,
3403 2348 3668 2416 φιλαίτιός

2086 2424 2146 2478 τέ
2189 2427 2306 2479 ἐστι
2345 2428 2439 2481 καὶ
2475 2428 2745 2503 κολαστὴς
2777 2434 2806 2486 6
2845 2434 3045 2504 νόμος,
3077 2435 3190 2490 ἀλλ’
3225 2436 3324 2509 ήδη
3367 2436 3667 2508 ξωοποιὺς,

2091 2516 2608 2592 μεταπλαττομένης
2645 2517 2704 2576 εὖ
2747 2523 2892 2594 μάλα
2924 2525 3023 2596 τῆς
3057 2527 3298 2598 ἱστορίας
3351 2531 3486 2599 ἡμῖν
3532 2531 3668 2603 πρὸς

2088 2604 2322 2678 θεωρίαν
2357 2614 2763 2684 πνευματικὴν,
2793 2617 2888 2668 καὶ
2918 2616 3262 2689 ποδηγούσης
3289 2620 3382 2672 ἐπὶ
3409 2622 3665 2691 Χριστὸν,

2087 2691 2146 2754 ὃς
2170 2693 2284 2746 ἐστι
2313 2693 2425 2766 ζωὴ
2466 2698 2560 2752 καί⁸
2589 2699 2872 2765 ζωοποιός.
2905 2703 3040 2758 Τότε
3070 2705 3199 2779 γὰρ,
3231 2708 3354 2762 τότε
3382 2711 3479 2764 καὶ
3505 2711 3668 2782 νόμος

2089 2784 2218 2877 ἡμῖν
2240 2787 2381 2856 ὁριεῖ
2398 2786 2743 2860 δικαιώματά
2765 2811 2824 2847 τε
2845 2796 2938 2850 καὶ
2955 2797 3182 2869 κρίσεις.
3218 2801 3540 2871 Ἀποκομιεῖ
3560 2804 3668 2877 γὰρ

2089 2873 2248 2938 εὐθὺς
2273 2877 2366 2930 ἐπὶ
2392 2878 2454 2930 τὸ
2472 2880 2622 2950 αύτῷ
2643 2882 2854 2948 δοκοῦν,
2883 2887 2978 2940 καὶ
3007 2886 3102 2959 τὴν
3131 2890 3210 2953 εἰς
3231 2893 3340 2944 πᾶν
3359 2893 3536 2948 ὁτιοῦν
3562 2895 3669 2949 τῶν

2089 2968 2326 3038 ἀρίστων
2353 2973 2660 3039 καταδείξει
2683 2977 2890 3048 τρίϐον,
2927 2979 3033 3044 ἔξω
3063 2999 3122 3034 τε
3155 2983 3425 3053 δειμάτων
3453 2987 3550 3040 καὶ
3575 2989 3666 3042 τοῦ

2089 3059 2412 3124 κολάζεσθαι
2439 3064 2743 3135 προσδοκᾷν
2769 3062 3020 3134 γενέσθαι
3042 3073 3470 3143 παρασκευάζει.
3504 3094 3523 3127 ι
3553 3076 3666 3130 Πᾶ-

2093 3166 2190 3202 σαν
2216 3151 2342 3222 γὰρ,
2370 3155 2524 3223 φησὶ,
2553 3155 2767 3227 πληγὴν
2794 3159 2859 3229 ἢν
2882 3159 3161 3230 ἐπήγαγον
3189 3165 3303 3227 τοῖς
3327 3165 3665 3235 Αἰγυπτίοις,

2089 3241 2188 3295 οὐκ
2216 3242 2400 3308 ἐπάξω
2433 3246 2525 3298 ἐπὶ
2554 3245 2632 3300 σέ.
2675 3268 2694 3298 ι
2733 3248 2940 3303 Οὐκοῦν
2976 3253 3086 3314 τοῖς
3118 3252 3176 3305 ὲν
3209 3254 3359 3328 νόμῳ
3390 3257 3548 3312 τοῦτο
3579 3259 3666 3314 λα-

2090 3332 2244 3388 ϐοῦσι
2272 3337 2590 3406 μυστήριον,
2617 3338 2770 3403 ἐλπὶς
2800 3341 2980 3414 ἀγαθὴ
3010 3344 3104 3397 τοῦ
3126 3347 3479 3417 διαϐήσεσθαι
3505 3350 3664 3406 κόλα-

2092 3440 2194 3477 σιν.
2238 3423 2348 3477 Καὶ
2379 3424 2567 3489 τοῦτο,
2601 3421 2783 3496 οἶμαι,
2806 3428 2954 3484 ἐστὶν
3010 3429 3038 3483 ὃ
3071 3432 3165 3485 καὶ
3197 3433 3360 3498 αὐτὸς
3391 3434 3612 3508 εἴρηκεν
3640 3438 3667 3489 6

2090 3513 2278 3586 Σωτὴρ
2310 3518 2421 3579 τοῖς
2459 3517 2725 3572 Ἰουδαίων
2753 3519 2943 3591 δήμοις
2967 3524 3109 3578 κατά
3139 3525 3229 3579 τὸν
3257 3525 3356 3596 τῆς
3377 3528 3665 3598 ἐπιδημίας

2091 3605 2279 3677 καιρόν
2300 3623 2312 3636 ·
2363 3627 2380 3658 ι
2435 3608 2606 3679 Ἀμὴν
2627 3647 2640 3674 ,
2671 3610 2818 3682 ἀμὴν
2846 3612 2989 3682 λέγω
3024 3615 3172 3686 ὑμῖν,
3213 3617 3294 3670 ὅτι
3332 3619 3361 3671 6
3389 3618 3482 3672 τὸν
3512 3618 3665 3686 λόγον

2094 3713 2194 3766 μου
2241 3696 2490 3767 ἀκούων,
2527 3699 2620 3752 καὶ
2655 3703 2925 3756 πιστεύων
2968 3705 3046 3776 τῷ
3087 3707 3363 3778 πέμψαντί
3413 3727 3515 3781 με,
3557 3711 3666 3781 ἔχει

2089 3788 2234 3860 ζωήν
2262 3789 2496 3856 αἰώνιον,
2522 3792 2615 3845 καὶ
2634 3794 2713 3858 είς
2733 3797 2913 3866 κρίσιν
2945 3797 3046 3850 ούκ
3067 3798 3303 3871 ἔρχεταιο
3334 3800 3471 3855 ἀλλά
3499 3819 3666 3872 μεταο

2089 3878 2320 3952 ϐέϐηκεν
2350 3882 2414 3934 ἐκ
2442 3881 2535 3935 τοῦ
2572 3882 2802 3938 θανάτου
2831 3888 2911 3950 είς
2938 3887 3102 3960 ζωήν.
3145 3908 3164 3942 ι
3196 3891 3306 3944 Καὶ
3329 3892 3509 3946 πάλιν·
3541 3912 3560 3946 ι
3610 3893 3665 3948 Ὀ

2090 3971 2358 4024 πιστεύων
2391 3972 2472 4036 είς
2494 3972 2585 4026 τὸν
2608 3973 2755 4039 Υίδν,
2785 3978 2845 4030 ού
2871 3979 3135 4049 κρίνεται.
3169 4001 3188 4033 ›
3215 3983 3666 4055 Παραδεξάμενος

2088 4061 2263 4116 τοίνυν
2292 4064 2360 4118 τὰ
2383 4065 2723 4139 δικαιώματα
2749 4069 2988 4142 Χριστοῦ
3010 4112 3024 4134 ,
3049 4071 3166 4126 τότε
3197 4073 3284 4144 δὴ,
3312 4075 3431 4128 τότε
3462 4077 3557 4130 καὶ
3586 4078 3665 4141 είς

2101 4150 2286 4222 Ἐλεὶμ
2318 4152 2549 4225 ἥξομενο
2581 4157 2608 4210 ὃ
2645 4159 2792 4212 ἐστιν
2813 4201 2827 4223 ,
2861 4159 3143 4225 ἀνάϐασις.
3201 4163 3666 4237 Ἀναϐιϐαζόμεθα

2090 4238 2196 4311 γὰρ
2234 4243 2298 4295 ὲκ
2343 4242 2444 4312 τῆς
2486 4245 2722 4316 ἀρχαίας
2776 4248 2931 4319 ἡμῶν
2978 4251 3299 4323 νηπιότητος
3345 4255 3424 4318 εἰς
3465 4254 3665 4324 ἀρτίως

2089 4334 2316 4405 ἔχουσαν
2345 4335 2536 4409 φρένα,
2557 4341 2652 4394 καὶ
2680 4343 2757 4404 είς
2779 4341 2974 4412 μέτρον
3004 4343 3219 4415 ἡλικίας
3247 4345 3341 4400 τοῦ
3368 4346 3666 4420 πληρώμα-

394 4451 504 4500 tem
535 4444 854 4514 perfectam,
879 4457 934 4501 et
969 4445 1024 4500 in
1064 4460 1377 4500 mensuram
1411 4443 1588 4500 aetatis
1622 4441 1980 4513 plenitudinis

2086 4445 2176 4491 τος
2209 4429 2303 4483 τοῦ
2339 4431 2576 4502 Χριστοῦ
2621 4435 3092 4505 καταντήσαντες,
3139 4439 3260 4501 ταῖς
3303 4437 3413 4491 τῶν
3461 4439 3665 4510 νοητῶν

390 4536 591 4594 Christi
619 4537 685 4602 “,
713 4537 806 4592 ubi
835 4537 1144 4593 incidentes
1168 4537 1222 4592 in
1263 4536 1443 4592 fontes
1473 4550 1743 4606 aquarum
1775 4534 1982 4588 intelli-

390 4628 640 4698 gibilium
665 4636 880 4683 nostras
903 4628 1171 4682 habemus
1197 4626 1445 4682 delicias.
1473 4626 1538 4681 Hi
1565 4636 1751 4683 autem
1775 4626 1985 4682 duode—

391 4720 497 4774 cim
523 4719 704 4774 fontes
747 4717 1072 4774 describunt
1096 4718 1257 4773 nobis
1281 4718 1514 4772 chorum
1537 4717 1829 4774 duodecim
1854 4733 1984 4787 apo-

392 4812 680 4879 stolorum,
715 4811 809 4866 ubi
839 4821 896 4867 et
928 4811 1273 4883 septuaginta
1300 4810 1516 4880 stipites
1546 4810 1854 4880 palmarum
1890 4826 1980 4865 re-

392 4903 690 4972 periemus.
736 4903 1013 4976 Scriptum
1055 4913 1139 4959 est
1183 4902 1328 4958 enim
1368 4901 1513 4972 quod
1555 4901 1820 4956 Dominus
1859 4910 1983 4972 post

392 5002 610 5047 sanctos
630 4995 907 5062 apostolos
933 5013 951 5045 ι
979 4992 1284 5065 designarit
1317 4992 1456 5048 alios
1482 4991 1828 5062 septuaginta
1857 4991 1922 5046 ".
1956 5011 1974 5045 ι

389 5083 545 5150 Quod
574 5093 756 5140 autem
786 5085 958 5142 divini
992 5087 1248 5158 discipuli
1291 5102 1484 5142 revera
1513 5086 1622 5141 sint
1658 5084 1860 5151 fontes,
1886 5086 1982 5155 qui

392 5175 552 5232 nobis
583 5177 831 5234 divinum
871 5187 929 5234 et
971 5180 1210 5235 salutare
1244 5179 1551 5236 scaturiunt
1578 5177 1808 5233 verbum
1832 5178 1978 5242 vitae,

390 5266 850 5325 demonstraverit
875 5270 1020 5326 Deus
1056 5271 1123 5326 iis
1146 5269 1241 5341 qui
1270 5270 1323 5325 in
1362 5271 1480 5341 lege
1508 5267 1792 5340 iustiﬁcati
1829 5273 1977 5330 sunt,

393 5360 464 5414 ita
489 5361 677 5417 dicens
703 5381 715 5416 :
750 5382 769 5414 ι
799 5362 1025 5418 Haurite
1057 5378 1253 5434 aquam
1279 5377 1404 5419 cum
1429 5362 1614 5418 laetitia
1637 5377 1703 5416 ex
1736 5357 1982 5414 fontibus

391 5451 658 5508 Salutaris
681 5452 746 5507 ⁸⁸.
777 5474 794 5506 ›
821 5455 890 5509 Et
907 5453 974 5509 de
997 5454 1194 5526 quovis
1219 5463 1408 5510 sancto
1453 5453 1623 5507 David
1650 5451 1722 5505 ita
1746 5449 1937 5506 scribit
1964 5464 1976 5499 :

463 5652 509 5682 ”
538 5651 654 5705 Act.
698 5669 790 5710 xv.
857 5654 939 5706 10.

393 5723 436 5757 ⁸⁵
461 5721 619 5781 Joan.
647 5737 724 5788 ιιι,
767 5720 850 5774 18.

1043 5655 1087 5684 ⁸⁸
1136 5655 1179 5708 ll
1214 5654 1339 5708 Cor.
1381 5670 1459 5715 ιιι,
1495 5656 1545 5708 9.

2085 4518 2291 4574 ὑδάτων
2326 4523 2530 4591 πηγαῖς
2562 4523 2990 4595 ἐντρυφήσομεν.
3035 4526 3372 4581 Δυοκαίδεκα
3412 4527 3471 4581 δὲ
3508 4525 3664 4584 αὗται

2081 4610 2170 4664 τὸν
2202 4611 2312 4664 τῶν
2344 4613 2513 4681 ἁγίων
2539 4614 2854 4668 ἀποστόλων
2877 4617 3010 4686 ἡμῖν
3044 4620 3460 4689 καταγράψουσι
3481 4623 3660 4692 χορόνο

2081 4700 2515 4772 περιτευξόμεθα
2536 4701 2591 4755 δὲ
2613 4703 2839 4768 καὶτοῖς
2860 4705 3233 4778 ἐϐδομήκοντα
3253 4709 3532 4781 στελέχεσι
3557 4711 3664 4764 τῶν

2081 4793 2358 4861 φοινίκων.
2379 4793 2695 4869 Γέγραπται
2715 4794 2847 4868 γὰρ,
2881 4797 2963 4850 ὅτι
2997 4798 3135 4868 μετὰ
3163 4800 3291 4864 τοὺς
3319 4801 3512 4869 ἁγίους
3533 4802 3659 4856 ἀπο-

2081 4882 2300 4948 στόλους
2331 4902 2350 4936 (
2379 4883 2646 4952 ἀνέδειξεν
2671 4887 2698 4939 6
2727 4885 2931 4960 Κύριος
2957 4887 3182 4958 ἑτέρους
3208 4888 3600 4961 ἑϐδομήκοντα.
3638 4909 3655 4942 ι

2083 4975 2204 5029 Ὅτι
2231 4974 2288 5028 δὲ
2315 4974 2491 5045 πηγαὶ
2511 4975 2652 5030 κατά
2683 4975 2741 5029 τὸ
2773 4977 2971 5045 ἀληθὲς
3005 4980 3054 5032 οί
3089 4977 3368 5035 θεσπέσιοι
3401 4981 3658 5054 μαθηταί,

2078 5071 2170 5124 τὸν
2199 5069 2340 5125 θεῖον
2370 5071 2501 5140 ἡμῖν
2527 5068 2621 5123 καὶ
2655 5070 2920 5140 σωτήριον
2949 5069 3046 5124 καὶ⁵
3075 5072 3373 5140 ἀναγκαῖον
3403 5075 3485 5138 είς
3518 5071 3660 5146 ζωὴν

2080 5159 2442 5231 ἀναϐρύοντες
2464 5159 2641 5228 λόγον,
2675 5157 3051 5229 παραδείξειεν
3080 5160 3146 5214 ἂν
3175 5155 3233 5216 εὗ
3273 5161 3419 5232 μάλα
3461 5167 3574 5228 τοῖς
3605 5167 3659 5218 ἐν

2080 5253 2229 5324 νόμῳ
2252 5251 2691 5322 δεδικαιωμένοις
2720 5253 2748 5304 6
2779 5250 2886 5306 τῶν
2913 5250 3050 5305 ὅλων
3077 5250 3208 5315 Θεὸς
3228 5293 3242 5318 ,
3276 5251 3420 5306 οὕτω
3454 5253 3625 5324 λέγων
3643 5269 3655 5280 ·

2085 5365 2102 5397 ι
2134 5345 2459 5415 Ἀντλήσατε
2477 5343 2621 5417 ὕδωρ
2641 5343 2758 5414 μετ’
2777 5342 3114 5414 εὐφροσύνης
3138 5344 3200 5398 ὲκ
3220 5344 3328 5398 τῶν
3350 5347 3544 5416 πηγῶν
3568 5345 3656 5400 τοῦ

2079 5436 2376 5507 Σωτηρίου.
2400 5454 2418 5487 ι
2462 5435 2645 5504 Ἀγίου
2682 5435 2736 5489 δὲ
2783 5435 2907 5506 πέρι
2947 5435 3145 5499 παντὸς
3176 5437 3205 5489 6
3235 5436 3522 5505 θεσπέσιος
3551 5440 3656 5493 Με-

1626 5656 1665 5685 ⁶¹
1702 5653 1835 5706 ibid.
1879 5654 1929 5706 ϐ.

2100 5653 2260 5705 Rom.
2312 5669 2364 5714 ι,
2405 5653 2456 5706 ί.
2537 5653 2579 5684 ⁸³
2615 5650 2785 5708 Exod.
2843 5670 2931 5717 xv,
2987 5652 3074 5708 ‘26.
3154 5652 3198 5683 “
3243 5651 3400 5708 Joan.
3456 5668 3508 5717 v,
3567 5650 3647 5704 Ἡ.

962 5725 1005 5756 ⁸⁸⁸
1035 5724 1235 5792 Ephes.
1279 5739 1352 5789 ιν,
1403 5724 1481 5776 l3.
1559 5725 1600 5756 ⁸⁷
1644 5723 1774 5778 Luc.
1809 5739 1858 5789 κ,
1894 5723 1942 5777 1.
2026 5724 2069 5754 ⁵⁸
2101 5723 2204 5776 lsa.
2238 5738 2333 5788 xu,
2362 5724 2416 5776 5.
