4066 6282
353 347 459 406 649

1375 347 1901 407 σιιριιῐιιοιιυι
1933 348 2002 406 IN
2041 346 2327 408 ειουωι
2361 347 2490 408 LIB.
2531 351 2598 409 ll.

3512 360 3624 419 ‘50

353 460 538 533 λῳδδς,
563 479 581 511 ι
615 459 857 525 Δίκαιος,
881 463 1065 533 φησὶν,
1090 462 1165 528 ὡς
1191 463 1368 532 φοίνιξ
1386 464 1631 537 ἀνθήσει.
1669 484 1690 516 ι
1716 463 1828 519 Καὶ
1856 463 1931 536 μὴ

2039 481 2059 516 ι
2085 463 2278 521 Justus
2297 474 2359 522 ut
2379 466 2561 537 palma
2584 465 2803 522 ﬂorebit
2829 467 2894 520 ⁸⁸.
2924 484 2944 519 ι
2971 465 3136 539 ,οδ
3154 465 3344 539 Neque
3364 484 3498 528 vero
3517 471 3624 529 hoc

352 567 433 606 τοι
463 551 772 623 θαυμάσῃς.
818 553 969 606 Ἐπεὶ
998 554 1089 608 καὶ
1125 554 1286 620 αύτδς
1323 557 1353 609 δ
1381 554 1617 626 Χριστὸς
1646 557 1715 626 τῇ
1755 554 1934 627 τοιᾷδε

355 640 542 713 κλὴσει
558 641 991 712 κατονομάζεται
1012 642 1165 714 παρά
1180 659 1244 713 γε
1263 646 1333 716 τῇ
1354 641 1699 714 θεοπνεύστῳ
1719 643 1932 715 Γραφῇ.

359 733 503 801 Ἔφη
555 731 662 802 γάρ
697 748 802 785 που
849 732 1013 787 πάλιν
1063 734 1097 804 ἡ
1138 732 1304 805 νοητὴ
1346 732 1568 805 νύμφη,
1604 732 1855 787 τουτέστι
1902 732 1936 802 ἡ

366 822 679 895 Ἐκκλησία,
706 824 835 895 περὶ
859 823 951 878 τοῦ
976 823 1184 880 ἄνωθεν
1209 827 1305 879 καὶ
1332 824 1394 892 ἐξ
1412 822 1644 896 οὐρανοῦ
1673 822 1935 894 νυμφίου,

350 916 496 987 φημὶ
518 915 582 987 δὴ
614 915 876 987 Χριστοῦ·
917 936 937 969 ι
977 912 1141 972 Εἴπω
1184 916 1556 989 ’Δναὸἡσομαι
1591 916 1687 970 ἐπὶ
1711 915 1789 986 τῷ
1818 913 1937 983 φοί-

350 1023 495 1060 νικι’
548 1008 812 1079 κρατήσει)
839 1008 946 1063 τῶν
988 1009 1140 1079 ὑψῶν
1170 1008 1361 1063 αὑτοῦ.
1406 1027 1426 1060 ι
1485 1008 1597 1062 Ἀεὶ
1632 1008 1745 1080 γάρ
1790 1007 1938 1060 ἐστιν

352 1094 577 1159 εὐθαλὲς
606 1095 669 1149 τδ
698 1096 866 1165 φυτὸν
888 1136 904 1161 ,
933 1095 1103 1165 γλυκύ
1138 1113 1197 1150 τε
1225 1097 1319 1150 καὶ
1348 1094 1564 1167 εῦριζον
1582 1135 1599 1162 ,
1629 1094 1725 1148 καὶ
1751 1091 1938 1146 λελευ-

354 1185 636 1256 κασμένην
686 1185 813 1256 ῐχον
864 1186 964 1258 τὴν
1008 1187 1257 1259 καρδίαν.
1310 1185 1682 1255 Τοιουτοειδὴς
1722 1182 1779 1237 δέ
1822 1180 1939 1245 πῶς

352 1278 497 1330 ἐστιν
532 1280 561 1332 ὁ
593 1276 834 1348 Χριστὸς
861 1278 1091 1349 νοητῶς,
1119 1279 1188 1332 δι’
1215 1272 1279 1335 οὗ
1323 1276 1420 1332 καὶ
1455 1276 1576 1348 μεθ’
1609 1270 1671 1331 οὗ
1698 1272 1778 1346 τῷ
1818 1272 1939 1345 Θεῷ

351 1370 444 1422 καὶ
470 1369 651 1441 Πατρὶ
678 1369 714 1439 ἡ
746 1366 899 1433 δόξα,
929 1369 1025 1423 σὺν
1048 1369 1192 1442 ἁγίῳ
1223 1369 1503 1441 Πνεύματι
1538 1369 1620 1432 εἰς
1651 1367 1779 1432 τοὺς
1807 1363 1939 1421 αἰῶ-

352 1476 446 1522 νας
470 1460 582 1514 τῶν
612 1458 854 1514 αἰώνων.
890 1460 1083 1530 ’Δμὴν.

491 1593 634 1661 Περὶ
662 1592 775 1648 τοῦ
801 1591 1036 1663 μάννα,
1061 1592 1162 1648 καί
1189 1592 1296 1661 τῆς
1325 1592 1787 1665 ὀρτυτυμήτρας.

422 1704 495 1760 α’.
512 1705 936 1777 θαυματουργεῖ
948 1704 1004 1758 δέ
1022 1706 1182 1761 πάλιν
1196 1708 1224 1760 ὀ
1241 1705 1349 1760 τῶν
1367 1706 1504 1761 ὅλων
1526 1705 1678 1770 Θεὸς,
1696 1706 1791 1761 καὶ
1808 1723 1938 1778 μετ-

2039 555 2258 613 mireris
2276 597 2292 623 ,
2321 557 2596 629 siquidem
2619 567 2678 615 et
2712 559 2828 630 ipse
2851 557 3103 616 Christus
3127 560 3185 615 in
3209 562 3380 618 sacris
3399 562 3628 621 Litteris

2038 646 2144 703 hoc
2164 648 2388 705 nomine
2412 650 2741 737 appellatur.
2767 651 2855 706 Ait
2877 651 3027 707 enim
3049 652 3181 709 alibi
3204 668 3403 724 sponsa
3425 654 3626 711 intellio

2036 739 2241 810 gibilis,
2257 741 2364 798 hoc
2374 750 2459 798 est
2474 742 2738 809 Ecclesia,
2752 743 2822 800 de
2838 759 3079 815 superno
3094 759 3159 800 ac
3172 745 3381 802 caelesti
3401 761 3623 817 sponso,

2035 830 2260 888 Christo
2280 833 2544 890 nimirum
2570 852 2584 890 :
2618 854 2637 888 ι
2668 836 2809 901 Dixi,
2836 835 3144 893 Ascendam
3169 837 3224 892 in
3248 837 3507 909 palmam,
3527 838 3625 894 obo

2040 923 2227 980 tinebo
2257 925 2579 982 altitudines
2606 927 2727 998 ejus
2754 927 2823 981 ".
2855 945 2873 980 ι
2905 926 3135 998 Semper
3154 928 3304 984 enim
3329 926 3490 984 ﬂoret
3509 929 3626 985 hac

2037 1014 2224 1081 arbor,
2245 1023 2438 1087 estque
2459 1017 2638 1074 dulcis
2659 1026 2717 1074 et
2742 1017 2883 1074 bene
2908 1018 3174 1085 radicata,
3194 1034 3318 1090 qua
3337 1030 3396 1076 et
3414 1035 3510 1076 cor
3530 1020 3626 1076 hac

2038 1106 2134 1162 bet
2154 1107 2507 1165 candesceus.
2533 1109 2683 1165 Talis
2697 1118 2879 1166 autem
2901 1118 2989 1166 est
3007 1110 3263 1168 Christus
3280 1111 3624 1182 spiritaliter,

2037 1215 2141 1272 per
2162 1215 2328 1272 quem
2346 1210 2548 1259 etcum
2568 1218 2681 1273 quo
2702 1204 2816 1260 Deo
2832 1203 2982 1260 Patri
3003 1204 3076 1261 sit
3093 1203 3268 1277 gloria
3287 1219 3412 1261 cum
3435 1214 3626 1261 sancto

2041 1289 2276 1363 Spiritu,
2305 1292 2362 1349 in
2390 1293 2592 1351 saecula
2611 1301 2837 1351 eterna.
2864 1294 3059 1353 Amen.

2474 1592 2554 1647 De
2581 1610 2783 1650 manna
2820 1605 2871 1649 et
2901 1598 3182 1652 coturnice.

2112 1700 2164 1756 ί.
2220 1701 2349 1759 Edit
2391 1719 2612 1760 rursum
2656 1707 2921 1764 miracula
2961 1711 3129 1766 totius
3168 1688 3409 1769 universi
3454 1713 3620 1781 Deus,

360 1794 475 1867 ἰησι
508 1795 606 1866 μὶν
628 1796 693 1847 ἐκ
716 1793 999 1866 δυνάμεως
1061 1798 1142 1861 εἰς
1181 1796 1432 1868 δύναμιν,
1451 1797 1593 1852 κατὰ
1611 1797 1673 1851 τδ
1695 1814 1869 1870 γεγρα
1878 1815 1932 1869 με

2039 1793 2346 1867 transitque
2392 1793 2461 1850 de
2501 1796 2707 1853 virtute
2747 1797 2801 1852 in
2853 1796 3138 1866 virtutem,
3176 1801 3321 1856 sicut
3355 1803 3621 1875 scriptum

368 1888 555 1957 μένονο
588 1888 702 1951 τοῖς
728 1887 1106 1959 δὲάμηχάνοις
1148 1888 1393 1967 εὑρίσκει
1424 1889 1642 1959 πόρους,
1664 1888 1770 1960 ’τῆς
1802 1890 1931 1943 ἐαυ-

363 1974 458 2029 τοῦ
480 1974 636 2047 δόξης
665 1974 976 2047 ἁπανταχοῦ
1003 1976 1270 2048 προνοῶν,
1300 1977 1395 2031 καλ⁸
1424 1976 1775 2047 πολυτρόπως
1803 1976 1937 2031 ἅγιος

355 2065 573 2130 δεικνὺς
590 2107 604 2132 ,
632 2066 714 2120 ὅτι
756 2067 822 2137 δὴ
876 2066 1023 2139 μόνῳ
1052 2068 1302 2138 μέτεστιν
1326 2066 1476 2139 αὐτῷ
1499 2068 1560 2121 τὸ
1587 2067 1821 2140 ἀμογητὶ
1846 2066 1938 2122 δύ-

350 2156 548 2211 νασθαι
600 2156 902 2227 κατορθοῦν
947 2159 1043 2213 καὶ
1082 2155 1155 2211 τά
1198 2157 1342 2228 πέρα
1387 2157 1576 2227 λόγου,
1620 2158 1715 2212 καὶ
1744 2152 1823 2223 οἷς
1867 2157 1935 2214 ἂν

348 2248 580 2312 εἰκότως
607 2248 793 2302 ἕποιτο
822 2250 962 2320 πρὸς
988 2248 1148 2320 ἡμῶν
1176 2249 1237 2302 τὸ
1261 2247 1775 2319 καταθαυμάζεσθαι
1802 2251 1932 2314 δεῖν,

346 2339 435 2393 ἵνα
473 2338 565 2392 διὰ
618 2340 837 2394 πάντων
878 2337 1053 2411 ὁρῷτο
1096 2340 1263 2406 Θεὸς,
1307 2342 1367 2395 οὐ
1412 2340 1533 2395 καθ’
1575 2340 1673 2396 ἐνα
1714 2341 1826 2396 τῶν
1869 2344 1935 2396 ἐκ

346 2430 538 2501 τέχνης
568 2429 872 2499 ἀνθρώπων
893 2471 906 2491 .
934 2432 1105 2502 ἡγουν
1134 2431 1361 2496 ἀνοσίως
1386 2430 1771 2504 ἐξῃρημένων,
1798 2432 1934 2487 ἀλλὰ

348 2522 505 2591 φύσει
534 2537 597 2575 τε
626 2522 719 2577 καὶ
750 2521 987 2593 άληθῶς.
1043 2521 1177 2575 Ἀπὸ
1200 2521 1308 2593 γάρ
1343 2521 1453 2576 τῶν
1480 2522 1706 2588 ἐνδόξως
1731 2522 1927 2576 ἀποτε-

345 2613 621 2684 λουμένων
653 2612 1017 2685 καταθρὴσειέ
1045 2629 1131 2677 τις
1165 2612 1233 2667 ἂν
1268 2613 1364 2667 καὶ
1396 2612 1796 2682 ἀταλαιπώρως
1842 2600 1955 2665 κο-⁹

349 2705 474 2778 μιδῇ
515 2705 614 2776 τὴν
646 2705 923 2776 ἀκήρατον
954 2706 1145 2775 φύσιν·
1250 2705 1515 2774 πρόσεστι
1552 2704 1652 2772 μὲν
1682 2703 1757 2767 ὡς
1800 2702 1933 2757 ἴδιον

346 2797 567 2865 ἀγαθὸν,
590 2796 653 2849 τὺ
681 2796 954 2861 πάναλκές
978 2813 1039 2849 τε
1072 2796 1167 2850 καὶ
1194 2796 1407 2866 ἄμαχον
1452 2797 1589 2867 πρὸς
1619 2796 1730 2848 πᾶν
1754 2793 1931 2847 ὁτιοῦν

346 2881 419 2943 ῶν
451 2887 518 2942 ἃν
548 2887 722 2941 ἕλοιτο
758 2888 912 2959 δρᾷν.
958 2887 1229 2960 Πρόσεστι
1271 2886 1328 2942 δὲ
1358 2887 1453 2941 καὶ
1487 2885 1627 2957 μετά
1653 2884 1841 2939 τούτου
1872 2886 1932 2939 τὸ

354 2978 687 3045 ἀνεξίκακον.
722 2980 852 3034 Ἴδοι
878 2979 923 3032 δ’
951 2979 1017 3034 ἂν
1044 2981 1073 3034 ὃ
1095 2996 1274 3051 φημι,
1302 2979 1399 3032 καὶ
1432 2978 1577 3050 μάλα
1605 2977 1812 3048 σαφῶς,
1835 2979 1933 3032 καὶ

361 3070 415 3121 ἐν
443 3071 550 3131 τοῖς
591 3069 792 3141 ἀρτίως
837 3071 969 3141 ἡμῖν
1018 3069 1433 3141 προκειμένοιςω
1450 3069 1762 3141 Γέγραπται
1798 3069 1928 3141 γάρ,

2036 1892 2121 1940 est
2184 1902 2197 1938 :
2258 1885 2578 1958 exitumque
2648 1889 2855 1961 reperit
2916 1890 3373 1963 impossibilibus,
3414 1895 3621 1969 ubique

2035 1990 2150 2031 suae
2177 1975 2364 2047 gloria
2414 1977 2731 2049 providens,
2758 1988 2922 2051 atque
2948 1981 3304 2039 multifariam
3326 1986 3624 2043 ostendens

2034 2067 2217 2138 ipsum
2248 2068 2427 2124 solum
2448 2085 2608 2141 posse
2630 2070 2764 2128 cltra
2787 2073 2961 2128 ullum
2986 2074 3229 2132 laborem
3258 2087 3519 2149 praestare
3555 2096 3621 2136 ea

2034 2172 2157 2228 qua:
2177 2159 2446 2214 rationem
2473 2170 2755 2230 superant,
2788 2178 3018 2234 quaeque
3041 2167 3237 2223 merito
3260 2167 3617 2233 admiramur,

2035 2255 2097 2302 ut
2138 2247 2222 2304 sic
2274 2263 2375 2320 per
2411 2249 2597 2305 omnia
2639 2260 3003 2323 cognoscatur
3033 2255 3199 2322 Deus,
3237 2273 3347 2312 non
3378 2267 3439 2313 ut
3466 2259 3620 2330 quis-

2034 2338 2180 2409 piam
2203 2354 2269 2394 ex
2295 2339 2613 2397 artiﬁciosis
2641 2341 2961 2399 hominibus
2988 2354 3082 2401 aut
3106 2348 3200 2418 qui
3224 2347 3389 2419 impie
3412 2348 3619 2421 aliquid

2035 2428 2387 2495 invenerunt,
2406 2429 2502 2485 sed
2522 2446 2649 2486 vere
2683 2447 2746 2488 ac
2767 2435 3114 2491 naturaliter.
3148 2437 3285 2493 Nam
3310 2453 3377 2494 ex
3401 2439 3469 2494 iis
3500 2455 3622 2512 qua:

2032 2519 2267 2590 gloriose
2313 2529 2554 2591 praestat,
2604 2520 2864 2581 facillime
2909 2526 3034 2597 quis
3072 2528 3405 2586 intellexerit
3436 2530 3619 2603 perfe-

2032 2611 2331 2667 ctissimam
2385 2613 2557 2684 ipsius
2604 2626 2904 2686 naturam;
2952 2621 3040 2675 cui
3082 2622 3225 2678 inest
3254 2624 3475 2694 quidem
3502 2631 3622 2680 tan-

2032 2715 2196 2770 quam
2226 2705 2513 2773 proprium
2548 2706 2777 2774 bonum,
2819 2710 3241 2781 omnipotentia,
3273 2720 3329 2767 et
3353 2713 3619 2771 invictum

2032 2791 2204 2846 robur
2248 2794 2317 2847 ad
2357 2796 2729 2868 quodcunque
2783 2800 3026 2855 voluerit
3066 2801 3398 2857 faciendum.
3452 2804 3621 2861 Adest

2031 2883 2198 2937 etiam
2234 2884 2460 2955 insuper
2498 2887 2550 2941 ei
2594 2887 2996 2959 longanimitas.
3028 2889 3227 2948 Videas
3263 2900 3444 2947 autem
3473 2896 3622 2966 quod

2033 2972 2179 3038 dico,
2214 2982 2271 3029 et
2291 2976 2513 3045 quidem
2534 2979 2826 3035 manifeste
2846 2981 3165 3047 admodum,
3193 2982 3249 3037 in
3274 2982 3341 3038 iis
3366 2999 3486 3054 qua:
3510 3002 3623 3057 prae

2034 3064 2292 3120 manibus
2341 3066 2626 3123 habemus.
2674 3068 2953 3140 Scriptum
2996 3080 3079 3127 est
3113 3072 3261 3127 enim
3292 3092 3306 3128 :
3345 3093 3364 3128 ι
3400 3075 3623 3134 Decimo

359 3160 441 3213 ὅτι
467 3177 487 3213 ι
514 3159 591 3231 Τῇ
614 3161 1074 3232 πεντεκαιδεκάτῃ
1096 3161 1301 3233 ἡμέρᾳ,
1324 3160 1402 3231 τῷ
1425 3160 1557 3231 μηνὶ
1575 3160 1653 3232 τῷ
1671 3160 1929 3232 δευτέρῳ,

2034 3153 2230 3221 quinto
2260 3153 2349 3208 die
2377 3156 2583 3211 mensis
2612 3159 2862 3227 secundi,
2899 3176 3024 3216 cum
3052 3162 3155 3234 ipsi
3187 3178 3254 3219 ex
3278 3163 3510 3238 Egypto
3538 3184 3623 3225 es-

352 3251 745 3325 ἐξεληλυθότων
788 3256 968 3310 αὐτῶν
1010 3252 1077 3309 ἐκ
1116 3254 1223 3327 γῆς
1260 3255 1573 3324 Αἰγύπτου,
1612 3253 1931 3325 διεγόγγυξε

348 3346 500 3401 πᾶσα
548 3349 841 3418 συναγωγὴ
895 3348 1027 3403 υἰῶν
1084 3346 1298 3419 Ἰσραὴλ
1338 3347 1432 3401 ἐπί
1479 3363 1539 3400 τε
1608 3346 1784 3417 Μωσῆ
1838 3348 1933 3400 καὶ

360 3437 606 3509 Ἀαρὼν,
655 3440 751 3493 καὶ¹
798 3436 949 3493 εῐπον
996 3439 1134 3511 πρὸς
1176 3438 1373 3510 αὐτοὺς
1416 3438 1467 3491 οἰ
1512 3437 1619 3491 υἰοὶ
1680 3436 1926 3508 Ἰσραήλ·

350 3530 581 3599 Ὄφελον
624 3532 966 3603 ἀπεθάνομεν
1008 3532 1309 3602 πληγέντες
1360 3529 1466 3584 ὑπὸ
1503 3527 1711 3601 Κυρίου
1756 3529 1814 3582 ἐν
1858 3531 1929 3600 γῇ

346 3619 648 3689 Αἰγύπτου,
695 3620 822 3673 ὅταν
853 3619 1189 3690 ὲκαθίσαμιν
1240 3619 1334 3671 ἐπὶ
1380 3616 1488 3671 τῶν
1530 3617 1777 3690 λεϐήτων
1822 3617 1931 3670 τῶν

348 3712 545 3786 κρεῶν,
582 3711 681 3766 καὶ¹
731 3711 994 3783 ἡσθίομεν
1043 3709 1243 3781 ἄρτους
1282 3710 1365 3774 εἰς
1408 3709 1758 3782 πλησμονὴνῐ
1807 3709 1929 3764 Ὀτι

347 3805 648 3876 ὲξηγάγετε
666 3803 823 3875 ἡμᾶς
849 3803 928 3866 εἰς
958 3801 1055 3873 τὴν
1083 3799 1287 3873 ἔρημον
1328 3800 1533 3873 ταύτην
1551 3840 1566 3865 ,
1611 3801 1931 3855 ἀποκτεῖναι

346 3897 530 3950 πᾶσαν
555 3895 658 3966 τὴν
685 3894 1008 3963 συναγωγὴν
1044 3892 1249 3964 ταύτην
1277 3894 1334 3947 ἐν
1357 3893 1407 3945 λι
1417 3892 1537 3963 μῷς
1566 3888 1699 3946 Εἷπε
1730 3892 1786 3947 δὲ
1818 3892 1931 3947 Κύ-

353 3999 462 4054 ριος
495 3982 632 4053 πρὸς
658 3982 894 4051 Μωσῆν·
939 3980 1073 4035 Ἰδοὺ
1113 3980 1223 4049 ἐγὼ
1252 3980 1332 4034 ῦω
1357 3981 1484 4052 ὑμῖν
1513 3982 1714 4053 ἄρτους
1741 3983 1805 4034 ἐκ
1837 3980 1930 4033 τοῦ

347 4072 581 4145 οὐρανοῦ
602 4114 618 4139 ,
646 4073 740 4126 καὶ
769 4071 1107 4139 ἐξελεύσεται
1145 4073 1174 4125 6
1203 4071 1332 4136 λαὸς
1351 4111 1365 4137 ,
1398 4071 1494 4125 καὶ
1527 4070 1840 4137 συλλέξουσι
1869 4069 1931 4123 τὸ

345 4163 449 4234 τῆς
488 4160 704 4235 ἡμέρας
742 4164 821 4226 εἰς
859 4162 1101 4233 ἡμέραν,
1147 4162 1297 4226 ὅπως
1342 4160 1592 4232 πειράσω
1640 4160 1840 4223 αὐτοὺς
1882 4161 1930 4213 εἰ

348 4257 710 4328 πορεύσονται
740 4256 798 4309 ὲν
823 4255 901 4326 τῷ
942 4255 1091 4327 νόμῳ
1123 4272 1248 4326 μου.
1294 4254 1406 4308 Καὶ
1451 4252 1604 4307 ἔσται
1651 4255 1714 4326 τῇ
1750 4252 1933 4325 ἡμέρᾳ

343 4351 413 4419 τῇ
471 4349 643 4421 ἐκτῃ,
688 4347 784 4402 καὶ
829 4346 1174 4417 ἐτοιμὰσουσι
1217 4345 1246 4398 δ
1280 4345 1347 4399 ἂν
1392 4343 1786 4412 εἰσενέγκωσι,
1837 4344 1930 4398 καὶ

341 4437 500 4490 ἔσται
540 4434 822 4490 διπλοῦνδ
863 4436 930 4490 ἂν
981 4434 1327 4504 συναγάγωσι
1358 4432 1420 4487 τὸ
1451 4432 1571 4488 καθ’
1602 4433 1814 4506 ἡμέραν
1850 4434 1931 4496 εἰς

2035 3251 2157 3310 sent
2200 3245 2427 3315 egressi,
2472 3249 2840 3305 murmuravit
2890 3253 3070 3307 omnis
3099 3255 3449 3326 congregatio
3479 3256 3620 3314 ﬁlio-

2034 3350 2156 3388 rum
2199 3335 2362 3391 lsrael
2403 3346 2595 3394 contra
2632 3339 2819 3396 Mosen
2853 3351 2910 3398 et
2952 3344 3153 3412 Aaron,
3188 3354 3245 3401 et
3266 3346 3523 3405 dixerunt
3551 3350 3621 3406 ad

2031 3440 2128 3481 eos
2176 3426 2272 3481 filii
2319 3427 2486 3484 Israel
2521 3448 2533 3484 :
2566 3430 2789 3486 Utinam
2815 3436 3019 3490 mortui
3043 3452 3289 3494 essemus
3316 3441 3561 3511 percussi
3589 3458 3620 3497 a

2032 3516 2266 3577 Domino
2285 3519 2340 3573 in
2366 3528 2513 3576 terra
2532 3520 2769 3594 Egypti,
2794 3526 3013 3596 quando
3038 3528 3364 3588 sedebamus
3395 3533 3463 3589 ad
3487 3533 3629 3588 ollas

2031 3611 2303 3677 carnium,
2333 3620 2389 3667 et
2435 3614 2863 3673 comedehamus
2904 3634 3100 3689 panem
3147 3621 3217 3675 ad
3268 3625 3617 3680 satietatem!

2030 3702 2143 3758 Cur
2169 3704 2467 3763 induxistis
2500 3723 2603 3765 nos
2643 3709 2698 3764 in
2738 3709 3019 3766 desertum
3046 3712 3169 3777 hoc,
3202 3719 3266 3765 ut
3293 3714 3622 3771 occideretis

2031 3811 2250 3852 omnem
2301 3801 2780 3869 congregationem
2837 3801 2980 3854 hanc
3022 3801 3379 3855 fame?Dixit
3432 3812 3619 3859 autem

2031 3886 2297 3941 Dominus
2335 3888 2401 3941 ad
2443 3888 2627 3942 Mosen
2654 3906 2667 3941 :
2700 3889 2839 3942 Ecce
2859 3904 2961 3958 ego
2992 3888 3175 3957 pluam
3198 3888 3356 3943 vobis
3383 3906 3551 3959 panes
3587 3910 3619 3950 e

2033 3976 2193 4041 caelo,
2221 3983 2277 4030 et
2306 3976 2621 4047 egredietur
2645 3978 2901 4046 populus,
2927 3984 2983 4029 et
3013 3976 3269 4047 colliget)!
3292 3980 3439 4049 quod
3473 3982 3619 4037 suffi-

2033 4065 2110 4120 cit
2151 4067 2207 4119 in
2232 4065 2353 4120 dies
2381 4066 2627 4136 singulos
2656 4083 2669 4119 :
2702 4074 2763 4119 ut
2797 4073 3003 4120 tentem
3037 4082 3151 4130 cos,
3184 4068 3231 4122 si
3258 4070 3619 4128 ambulabunt

2033 4156 2092 4210 in
2111 4157 2230 4228 lege
2255 4171 2395 4212 mea.
2429 4158 2499 4212 Et
2523 4157 2631 4215 erit
2653 4156 2743 4213 die
2775 4165 2945 4223 sexta,
2967 4166 3021 4214 et
3050 4162 3438 4231 przeparabunt
3471 4167 3617 4237 quod

2033 4246 2311 4315 inferant;
2344 4247 2509 4320 286
2550 4255 2607 4303 et
2637 4248 2745 4303 erit
2782 4247 3007 4319 duplum
3037 4250 3157 4321 eius
3178 4250 3326 4323 quod
3360 4254 3616 4328 colligere

2030 4340 2281 4396 solebant
2320 4356 2420 4411 per
2438 4340 2556 4396 dies
2578 4340 2820 4413 singulos
2840 4342 2906 4394 ".
2937 4362 2955 4393 ι
2996 4341 3362 4416 Primogenita
3392 4348 3614 4418 quidem

2032 4431 2435 4503 Egyptiorum,
2463 4440 2523 4486 ut
2544 4433 2653 4503 jam
2683 4433 2941 4499 diximus,
2971 4434 3256 4503 perierunt
3281 4455 3295 4503 ;
3328 4438 3425 4493 sed
3444 4440 3616 4495 lsrae-

339 4527 582 4598 ἡμέραν.
618 4544 637 4577 ι
667 4526 749 4578 Τὰ
778 4525 878 4595 μὲν
904 4524 1015 4594 γάρ
1036 4523 1144 4577 τῶν
1170 4522 1483 4591 Αἰγυπτίων
1500 4562 1515 4587 ,
1547 4523 1803 4592 καθάπερ
1828 4522 1926 4593 ἡδη

2034 4522 2145 4576 lita:
2177 4522 2315 4577 adeo
2342 4537 2575 4591 prOpere
2605 4523 3043 4591 dimittehantur,
3081 4535 3140 4580 ut
3167 4543 3237 4582 ne
3269 4528 3469 4583 viatico
3486 4533 3613 4600 qui-

341 4617 692 4690 προείπαμεν
712 4657 727 4681 ,
762 4615 1048 4669 διολώλασι
1082 4613 1430 4685 πρωτότοκω
1464 4613 1837 4684 ἐξεπέμποντο
1871 4612 1928 4665 δὲ

335 4712 442 4782 τῆς
469 4709 655 4780 χώρας
693 4710 744 4761 οἰ
771 4707 1083 4779 ὲξΊσραὴλ,
1120 4706 1263 4770 οὐδὲ,
1302 4705 1426 4760 ὅσον
1460 4707 1657 4770 εἰπεῖν,
1697 4704 1930 4758 ἐπισιτί-

339 4799 543 4854 σασθαι
575 4799 1038 4869 συγχωρούμενοι.
1069 4798 1144 4851 Τὸ
1171 4797 1280 4869 γάρ
1307 4800 1458 4861 σταῖς
1496 4797 1676 4851 αὐτῶν
1709 4795 1929 4867 ἐξήνεγ-

337 4904 445 4939 καν
464 4886 575 4958 πρὸ
596 4887 693 4941 τοῦ
721 4888 1039 4961 ζυμωθῆναι
1068 4890 1138 4944 τὰ
1163 4892 1458 4962 φυράματα
1488 4890 1663 4944 αὐτῶν
1681 4890 1778 4959 (ll.
1796 4889 1916 4958 Ἐφ-

336 4978 688 5047 οδιασάμενοι
710 4979 769 5033 δὲ
800 4983 911 5045 τοῖς
939 4982 1341 5052 παρατυχοῦσιν
1361 4981 1565 5046 ἁπλῶς,
1594 4980 1821 5050 ἐξῄεσαν
1859 4981 1917 5032 ἐν

340 5069 551 5140 σπουδῇ
573 5107 588 5134 ,
617 5069 713 5122 καὶ
745 5069 805 5121 ἐν
832 5069 933 5139 ῑσῳ
974 5068 1037 5122 τὸ
1068 5068 1226 5140 δεῖμα
1250 5071 1364 5133 τοῖς
1413 5067 1702 5122 διώκουσιν
1754 5069 1921 5137 Αἰγυ-

336 5162 523 5226 πτίοις
560 5163 656 5215 καὶ
696 5164 809 5226 τοῖς
833 5162 936 5232 τὴν
966 5161 1148 5226 δίωξιν
1191 5160 1569 5231 ὑπομένουσιν.
1593 5161 1658 5212 Οἱ
1692 5158 1790 5230 μὲν
1818 5160 1928 5231 γὰρ

335 5256 452 5316 τοῖς
470 5252 573 5324 ἡδη
602 5251 829 5305 ὀλωλόσι
870 5251 1422 5325 προστεθῇσὴεσθαι
1448 5250 1805 5321 προσεδόκουν
1828 5252 1928 5304 ούκ

333 5348 415 5410 εἰς
445 5344 755 5417 μακρὰν,εἰ
775 5344 849 5415 μὴ
883 5346 995 5407 τοῖς
1013 5342 1177 5406 θείοις
1194 5342 1433 5404 εἴκοντες
1457 5341 1719 5411 νεύμασιν
1743 5342 1928 5406 ἐξελά-

335 5451 494 5491 σαιεν
507 5436 609 5507 τῆς
636 5432 818 5506 χώρας
846 5434 939 5487 τδν
976 5432 1225 5504 Ἰσραὴλο
1258 5432 1308 5485 οἰ
1335 5432 1416 5497 δὲ,
1454 5432 1504 5485 εἰ
1531 5431 1926 5504 καταληφθεῖεν

335 5530 629 5603 μέλλοντες
656 5528 755 5583 καὶ
781 5527 1142 5597 ἀπολυόμενοι
1167 5527 1268 5598 τὴν
1302 5526 1635 5599 ἀναδρομὴν,
1663 5525 1831 5599 ᾤοντο
1854 5526 1918 5598 δὴ

332 5622 561 5686 πάντως
586 5620 713 5684 τοὺς
740 5619 826 5672 ἐπ’
854 5620 1033 5682 αὐτοῖς
1063 5622 1176 5683 τοῖς
1210 5619 1456 5689 ἐσχάτοις
1498 5618 1715 5686 ἀγῶνας
1737 5618 1918 5688 εἰσὸἡο

413 5734 623 5791 “Psal.
661 5750 767 5801 xci,
804 5734 892 5789 l3.
968 5735 1014 5766 "
1038 5734 1192 5790 Cant.
1225 5751 1317 5799 vn,
1345 5733 1397 5787 8.
1475 5733 1520 5764 "
1546 5730 1713 5788 Exod.
1741 5747 1851 5798 xvi,
1879 5729 1994 5783 1-5.

2028 4613 2152 4667 dem
2188 4627 2246 4667 se
2282 4613 2554 4668 instruere
2586 4624 2831 4684 possent.
2862 4613 3113 4671 Farinam
3149 4619 3299 4674 enim
3328 4634 3482 4673 suam
3514 4637 3611 4676 ex-

2029 4705 2298 4769 tulerunt,
2338 4712 2629 4775 antequam
2669 4720 2860 4761 massa
2881 4716 3065 4763 essent
3087 4708 3445 4776 fermentata,
3477 4727 3615 4781 quas

2026 4796 2084 4851 in
2119 4798 2235 4852 suis
2276 4797 2623 4853 vestimentis
2669 4798 3078 4871 colligaverant.
3136 4800 3366 4871 Sumpto
3425 4803 3610 4872 itaque

2026 4888 2227 4945 viatico
2269 4904 2337 4945 ex
2376 4889 2444 4945 iis
2472 4906 2593 4960 qua:
2617 4891 2778 4945 obvia
2804 4900 2986 4955 erant,
3012 4891 3234 4945 exibant
3266 4892 3613 4961 festinanter,

2029 4990 2086 5035 et
2134 4981 2403 5037 timebant
2450 4981 2552 5037 sibi
2598 4992 2708 5035 tam
2752 4980 2986 5053 [Egyptii
3015 4988 3414 5053 persecutores,
3445 5000 3607 5055 quam

2029 5072 2224 5138 Judaai,
2280 5072 2377 5142 qui
2431 5072 2780 5126 sustinebant
2822 5071 3282 5140 persecutionem.
3330 5072 3465 5128 Nam
3502 5076 3612 5130 illis

2027 5163 2250 5233 quidem
2288 5161 2579 5218 videbatur
2616 5161 2769 5217 brevi
2809 5160 2948 5227 fore,
2985 5171 3044 5216 ut
3081 5163 3464 5234 primogenitis
3494 5167 3612 5238 jam

2023 5254 2325 5326 deperditis
2350 5253 2454 5324 ipsi
2481 5253 2839 5318 adderentur,
2870 5252 2974 5307 nisi
2997 5252 3185 5308 divino
3211 5254 3369 5307 nutui
3390 5255 3607 5312 obtem-

2022 5354 2299 5417 perantes,
2355 5344 2629 5399 Israelitas
2662 5358 2693 5396 e
2729 5357 2827 5409 sua
2862 5342 3084 5413 regione
3128 5342 3509 5402 dimitterent:
3545 5348 3603 5405 hi

2023 5452 2177 5502 vero,
2214 5436 2259 5491 si
2292 5432 2839 5504 deprehenderentur
2868 5434 3006 5488 tardi
3030 5445 3193 5505 atque
3215 5435 3424 5492 exitum
3448 5438 3609 5497 diﬁc-

2024 5536 2229 5592 rentes,
2263 5524 2531 5596 putabant
2568 5522 2838 5589 futurum,
2876 5532 2937 5579 ut
2973 5523 3030 5579 in
3071 5536 3348 5583 certamen
3379 5539 3606 5601 propter

2026 5617 2175 5688 ipsos
2224 5616 2448 5671 ultimos
2502 5613 2773 5678 venirent,
2832 5630 2895 5671 ac
2940 5616 3058 5675 sine
3096 5618 3205 5676 ulla
3250 5617 3603 5681 miseratione

417 5829 491 5901 (l)
528 5828 728 5900 Supplc
755 5842 823 5883 ex
844 5826 1029 5884 codice
1057 5825 1360 5892 llarlzeano,
1392 5824 1714 5895 ὲνδεδέματα
1744 5827 1799 5878 ὲν
1830 5824 1932 5887 τοῖς

2031 5820 2204 5883 ατίοις
2237 5816 2437 5872 αὐτῶν.
