4066 6282
471 347 573 403 ιάι

1504 336 1561 391 5.
1599 333 1879 390 CYRILLI
1920 333 2388 390 ALEXANDIUNI
2430 334 2749 392 ARCHIEP.

3634 339 3743 395 452

469 464 902 522 trucidarentur.
934 459 1147 531 Egressi
1177 466 1306 513 sunt
1339 457 1508 529 igitur
1530 471 1723 527 parum
1760 454 2041 509 admodum

2164 454 2373 520 σεσθαι,
2401 456 2493 508 καὶ
2513 456 2879 511 κινδυνεύσειν
2902 455 3414 526 ἁφιλοικτιρμόνως.
3449 454 3747 526 Ἐξῲχοντο

467 557 537 612 de
566 558 633 614 iis
655 570 778 625 quae
808 553 877 607 ad
899 551 1297 622 profectionem
1325 549 1775 619 requirebantur,
1814 546 2055 610 solliciti,

463 650 666 718 vixque
700 647 793 700 illa
820 658 941 714 quae
971 642 1039 697 ad
1064 658 1288 697 manum
1313 650 1475 697 erant
1495 647 1858 711 asportantes,
1891 647 2057 707 atque

462 744 529 794 ex
570 740 638 794 iis
671 753 794 809 qua:
838 736 989 791 domi
1023 751 1136 791 suae
1178 743 1339 801 erant
1374 750 1439 789 ea
1483 743 1695 789 tantum
1719 734 2054 796 auferentes,

462 846 586 901 qua
644 828 959 885 necessaria
1014 828 1177 883 simul
1228 836 1284 882 et
1322 834 1605 897 asportatu
1634 826 1815 880 facilia
1848 834 2054 891 essent,

464 919 668 990 quibus
702 919 997 989 assumptis
1030 918 1204 989 ignari
1243 918 1503 987 deinceps
1554 917 1700 972 unde
1729 932 1846 987 quaI
1877 916 1943 971 ad
1969 916 2055 970 vi-

466 1023 575 1067 tam
603 1010 1015 1067 sustentandam
1032 1007 1349 1064 sullicerent
1367 1008 1472 1063 sibi
1497 1015 1897 1078 compararent,
1924 1022 2054 1077 pro-

396 1155 405 1161 .
464 1105 722 1159 ciderunt
744 1103 798 1156 in
823 1101 1161 1158 desiderium
1187 1100 1320 1164 cibi,
1347 1115 1458 1171 quo
1488 1099 1545 1153 in
1567 1099 1800 1170 Egypto
1820 1100 1907 1153 usi
1933 1100 2054 1154 fue-

464 1202 587 1249 rant
616 1211 631 1260 ;
658 1202 714 1249 et
738 1209 797 1249 se
823 1209 855 1247 a
900 1192 1133 1247 summis
1169 1191 1412 1245 miseriis
1448 1205 1512 1245 ac
1535 1192 1803 1246 servitute
1834 1202 2055 1260 ereptos

464 1284 645 1349 obliti,
701 1282 1111 1354 quodammodo
1161 1296 1261 1337 suo
1300 1281 1544 1351 ipsorum
1596 1281 1804 1335 auxilio
1836 1280 2053 1335 obstre-

462 1385 630 1446 punt,
658 1375 915 1444 quodque
938 1389 968 1428 e
1002 1373 1274 1428 servitute
1297 1371 1569 1442 redempti
1599 1371 1730 1436 sint,
1762 1371 2052 1442 indignan-

465 1474 573 1529 tur,
640 1475 697 1519 et
742 1464 1097 1535 Optatissimae
1153 1463 1601 1532 suavissimaaque
1648 1462 1892 1519 libertati
1947 1462 2052 1516 im-

462 1556 655 1612 mundi
668 1557 879 1611 ventris
899 1547 1198 1625 ingl‘vicm
1215 1555 1670 1623 saturitatemque
1687 1560 2049 1624 anteponunt.

463 1646 589 1702 Haec
614 1647 798 1715 itaque
820 1660 910 1700 res
929 1644 1089 1699 valde
1126 1644 1385 1698 turbabat
1407 1644 1790 1709 mediatorem,
1815 1644 1921 1699 hoc
1943 1652 2046 1708 est,

460 1736 665 1792 Mosen.
698 1735 805 1790 Sed
830 1736 976 1790 Deus
1002 1734 1274 1805 promittit
1294 1750 1352 1790 se
1372 1734 1523 1790 illico
1551 1735 1765 1803 copiam
1792 1735 2047 1790 ciborum

461 1827 597 1899 ipsis
649 1826 1150 1897 suppeditaturum,
1194 1841 1373 1896 neque
1421 1840 1616 1895 parum
1649 1825 1886 1897 benigne
1927 1842 2048 1882 sese

464 1917 764 1971 rebellibus
791 1918 972 1972 oﬂ‘ert.
1001 1916 1135 1971 Nam
1162 1917 1310 1987 quod
1340 1917 1652 1973 necessaria
1684 1918 1754 1973 ad
1774 1918 1899 1973 vita:
1923 1934 2047 1973 sus-

464 2007 823 2064 tentationem
860 2008 931 2063 ab
958 2009 1078 2079 ipso
1116 2008 1358 2079 exigant,
1386 2010 1819 2080 reprehensione
1848 2020 2043 2064 vacat:

461 2100 973 2155 obmurmuratione
1025 2115 1160 2155 vero
1213 2099 1537 2156 oﬂ'enditur.
1580 2101 1753 2155 Porro
1799 2099 2048 2155 Salvator

462 2193 580 2263 ipse
612 2192 668 2246 in
694 2192 1037 2248 orationibus
1074 2208 1177 2249 nos
1201 2192 1389 2248 docuit
1423 2192 1606 2247 dicere
1633 2211 1644 2246 :
1673 2213 1690 2244 ι
1717 2194 1920 2250 Panem
1943 2210 2048 2249 no-

460 2291 637 2338 strum
668 2284 1050 2353 quotidianum
1079 2285 1150 2340 da
1187 2285 1350 2340 nobis
1386 2284 1551 2341 hodie
1590 2286 1657 2339 7’.
1691 2304 1709 2337 ι
1749 2285 1905 2353 Quod
1926 2287 2050 2357 qui—

461 2374 586 2432 dem
618 2375 867 2431 dicentes
893 2378 1048 2431 nullo
1070 2376 1235 2431 modo
1262 2392 1588 2431 accusamus
1609 2377 1922 2443 Dominum,
1951 2377 2048 2432 sed

458 2467 645 2538 potius
682 2467 750 2521 ab
787 2467 907 2537 ipso
942 2468 1181 2537 petimus
1214 2483 1336 2538 qua:
1376 2467 1446 2522 ad
1484 2468 1652 2521 vitam
1688 2476 1817 2523 sunt
1852 2483 2049 2523 neces-

460 2555 625 2609 saria.
649 2555 913 2611 Iudaicus
938 2565 1126 2611 autem
1158 2557 1416 2626 populus,
1446 2572 1572 2611 cum
1596 2557 1823 2613 deberet
1859 2566 2049 2628 petere

459 2646 667 2712 cibum,
696 2649 840 2718 quod
871 2649 1137 2704 liberatus
1176 2650 1249 2704 sit
1285 2651 1681 2717 stomachatur,
1708 2663 1872 2722 atque
1909 2654 2050 2708 hanc

459 2752 570 2792 tam
640 2740 937 2809 pretiosam
983 2747 1040 2794 et
1080 2739 1382 2811 optabilem
1436 2743 1669 2813 gratiam
1730 2744 2050 2800 stultissime

455 2831 797 2896 criminatur,
832 2841 1089 2902 tanquam
1112 2848 1231 2887 eam
1264 2849 1386 2903 qua:
1420 2834 1568 2904 ipsos
1603 2836 2050 2891 suavissimarum

456 2937 666 2987 rerum,
688 2923 935 2978 carnium
955 2924 1215 2978 nimirum
1232 2939 1295 2978 ac
1310 2929 1485 2995 panis,
1506 2941 1605 2981 usu
1628 2927 1873 2997 privarit.
1899 2930 2050 2995 Quo:

455 3007 602 3064 circa
631 3020 1000 3076 murmurant,
1035 3011 1314 3083 impieque
1337 3014 1451 3069 Deo
1468 3016 1863 3086 obloquuntur.
1883 3020 2047 3089 287

2156 546 2358 609 τοίνυν,
2381 547 2441 599 οὐ
2468 546 2663 618 κομιδῇ
2696 546 2806 599 τῶν
2839 549 2919 610 είς
2948 545 3265 616 ἀποδημίαν
3290 544 3710 615 πεφροντικότες
3728 581 3744 607 ,

2156 638 2252 691 καὶ
2280 639 2347 691 τὰ
2377 641 2436 692 ἐν
2465 641 2624 710 χερσὶ
2660 640 2814 709 μόλις
2842 638 3212 710 ἁρπάσαντες,
3246 638 3530 708 μονονουχὶ
3554 636 3610 689 δὲ
3635 636 3746 689 τῶν

2155 730 2293 783 οῐκοι
2322 732 2590 801 κειμένων
2617 731 2946 800 κεκλοφότες
2971 730 3286 799 ἀναγκαίως
3302 728 3370 782 τὰ
3385 728 3506 782 λίαν
3527 730 3671 781 εὐπά
3682 745 3742 799 ρο

2156 839 2332 885 οιστα,
2381 822 2417 876 ἃ.
2460 822 2525 892 δὴ
2555 823 2651 877 καὶ
2669 822 3109 894 κατεδηδοκότες,
3142 817 3261 875 εἶτα
3281 821 3445 875 πόθεν
3469 821 3535 874 ἂν
3561 820 3747 883 αὐτοῖς

2156 916 2214 966 ἐν
2257 914 2450 985 ἐρήμῳ
2495 914 2565 967 τὰ
2614 913 2838 985 ζωαρκῆ
2887 912 3272 984 προσγένοιντο
3318 909 3742 983 διηπορηκότες,

2154 1004 2487 1059 κατώλισθον
2527 1006 2608 1069 εἰς
2646 1004 2943 1077 ἐπιθυμίαν
2974 1006 3073 1077 τῆς
3108 1006 3168 1059 ἐν
3202 1002 3465 1073 Αίγύπτῳ
3507 1001 3742 1073 τροφῆς.

2154 1098 2249 1151 καὶ
2277 1097 2358 1150 ὅτι
2386 1096 2489 1167 μὲν
2510 1096 2620 1150 τῶν
2642 1097 2887 1169 ἐσχάτων
2909 1094 3163 1167 ἐξῄροντο
3190 1096 3407 1149 πάντων
3440 1094 3536 1147 καὶ
3558 1094 3655 1162 τῆς
3686 1096 3746 1145 ἐν

2153 1187 2417 1259 Αἰγύπτῳ
2463 1187 2729 1252 δουλείας,
2758 1180 3240 1253 ἐπιλανθάνονται,
3276 1184 3372 1240 καὶ
3415 1183 3578 1237 οίονεί
3626 1199 3745 1247 πως

2154 1276 2605 1346 κατακεκράγασι
2653 1276 2754 1345 τῆς
2796 1275 3151 1346 ἐπικουρίαςο
3187 1275 3283 1329 καὶ
3328 1274 3409 1328 ὅτι
3442 1272 3745 1343 λελύτρων-

2152 1384 2262 1432 ται,
2294 1368 2680 1438 χαλεπαίνουσι
2701 1407 2716 1433 ,
2762 1368 2855 1423 καὶ
2881 1368 2980 1438 τῆς
3010 1366 3342 1439 τριποθήτου
3372 1366 3466 1419 καὶ
3497 1364 3744 1418 εὐκταιο-

2151 1462 2320 1531 τάτης
2366 1460 2567 1514 ἅπασιν
2602 1458 2910 1531 ἀνθρώποις
2945 1458 3295 1528 ἐλευθερίας,
3327 1456 3567 1527 γαστρὸς
3597 1457 3740 1509 ἀκα-

2153 1551 2352 1623 θάρτου
2378 1551 2742 1623 προτάττουσι
2765 1550 2946 1622 κόρον.
2972 1551 3085 1604 Καὶ
3102 1549 3326 1622 θορυϐεῖ
3344 1548 3447 1619 μὲν
3468 1547 3530 1601 τὸ
3550 1546 3740 1618 χρῆμα

2151 1644 2242 1697 τὸν
2279 1643 2663 1715 μεσιτεύοντα,
2708 1642 2956 1696 τουτέστι
3002 1641 3261 1697 Μωῦσέα.
3298 1641 3648 1711 Χορηγήσειν
3680 1637 3738 1691 δὲ

2154 1738 2497 1810 παραχρῆμα
2521 1736 2621 1807 τὴν
2643 1735 2751 1788 τῶν
2778 1734 3055 1806 ἐδωδίμων
3081 1732 3343 1802 ἀφθονίαν
3365 1732 3547 1794 αὐτοῖς
3568 1732 3739 1797 ἐπαγ-

2152 1829 2399 1899 γέλλεται
2419 1827 2572 1893 Θεὸς,
2591 1828 2694 1904 ’καὶ
2716 1825 3218 1899 προσκεκρουκόσιν
3232 1824 3292 1877 οὑ
3315 1821 3575 1894 μετρίως,
3599 1820 3739 1890 ὴμέ-

2154 1941 2261 1993 ρως
2307 1922 2391 1976 ἔτι
2432 1923 2827 1995 προσφέρεται.
2880 1920 2955 1975 Τὸ
3001 1920 3100 1991 μὲν
3144 1917 3253 1989 γὰρ
3295 1917 3425 1988 παρ’
3472 1910 3637 1968 αὑτοῦ
3670 1915 3740 1967 τὰ

2150 2013 2377 2087 ζωαρκῆ
2418 2012 2669 2084 δέχεσθαι
2713 2011 2910 2076 θέλειν,
2953 2010 3144 2082 μῶμον
3179 2008 3245 2064 ἂν
3299 2007 3411 2078 ἔχοι
3454 2005 3736 2068 παντελῶς

2149 2105 2372 2159 οὐδένα·
2422 2104 2585 2158 λυπεῖ
2621 2105 2678 2159 δέ
2715 2104 2836 2157 λίαν
2879 2104 2911 2157 δ
2950 2102 3285 2173 γογγυσμός.
3338 2100 3450 2153 Kal.
3498 2100 3607 2171 γὰρ
3639 2094 3736 2152 οὖν

2150 2197 2313 2262 αὐτὸς
2334 2198 2370 2250 ό
2413 2197 2608 2269 Σωτὴρ
2640 2199 2698 2251 ἐν
2732 2198 3066 2268 προσευχαῖς
3107 2195 3255 2266 ἡμᾶς
3284 2190 3491 2258 ἐδίδαξε
3525 2192 3737 2262 λέγειν’
3824 2254 3833 2261 ,

2157 2308 2177 2341 ι
2215 2289 2319 2342 Τὸν
2347 2287 2513 2360 ἄρτον
2537 2286 2695 2359 ἡμῶν
2717 2286 2808 2343 τόν
2838 2286 3114 2340 ἐπιούσιον
3142 2284 3231 2349 δὸς
3252 2286 3384 2355 ἡμῖν
3411 2283 3675 2354 σήμερον.
3712 2299 3733 2334 ι

2163 2380 2304 2434 Ἀλλ’
2331 2382 2386 2451 εἰ
2417 2379 2576 2434 τοῦτο
2609 2380 2709 2451 μὲν
2739 2380 2992 2450 λέγοιμεν
3013 2418 3028 2443 ,
3056 2377 3177 2431 κατ’
3218 2377 3408 2431 οὐδένα
3443 2375 3507 2448 δὴ
3535 2375 3737 2447 τρόπον

2150 2449 2513 2542 αἰτιασόμεθα
2550 2449 2637 2525 τὸν
2674 2449 2988 2540 Δεσπότήν,
3025 2468 3386 2539 ἐξαιτήσομεν
3426 2466 3483 2521 δὲ
3535 2466 3738 2538 μᾶλλον

2150 2564 2281 2632 παρ’
2328 2562 2495 2616 αὑτοῦ
2530 2562 2600 2617 τὰ
2645 2563 2725 2626 είς
2769 2560 2914 2633 ζωὴν
2963 2561 3261 2631 ἐπιτήδεια.
3302 2559 3366 2613 Οἱ
3410 2559 3468 2613 δέ
3520 2575 3582 2627 γε
3629 2558 3737 2610 τῶν

2162 2652 2432 2707 Ἰουδαίων
2448 2653 2636 2724 δῆμοι,
2662 2652 2780 2707 δέον
2807 2651 3029 2723 αἰτῆσαι
3055 2650 3283 2723 τροφὰς,
3321 2648 3404 2703 ὅτι
3436 2647 3738 2719 λελύτριιν-

2149 2759 2240 2796 ται
2270 2740 2693 2812 χαλεπαίνουσι,
2724 2743 2821 2795 καὶ
2856 2741 2955 2813 τὴν
2995 2740 3137 2794 οὕτω
3163 2737 3365 2809 σεπτὴν
3390 2737 3484 2791 κα)⁵
3510 2736 3735 2805 άξιόλη-

2152 2851 2288 2887 πτον
2305 2834 2466 2905 χάριν
2490 2832 2881 2906 ἀνοή[τό]τατα
2903 2831 3329 2902 καθυϐρίζουσιν
3349 2870 3363 2891 ,
3394 2828 3469 2892 ὡς
3491 2828 3601 2881 τῶν
3624 2828 3735 2899 ἠδί-

2153 2942 2292 2980 στων
2319 2926 2517 3009 αὐτοὺς
2533 2925 2921 2995 ἐκπέμψασαν,
2938 2924 3101 2994 ἄρτου
3118 2939 3200 2985 τε,
3224 2938 3298 2990 φη
3309 2921 3390 2991 μὶ,
3410 2919 3505 2972 καὶ
3533 2918 3730 2990 κρεῶν.
3844 2990 3849 2993 _

2152 3015 2361 3069 υύκοῦν
2400 3015 2731 3085 γογγύζουσι
2768 3016 2900 3086 μὲν,
2954 3016 3048 3068 καὶ
3094 3010 3585 3083 κατακεκράγασιν
3636 3010 3731 3063 ἀνο

457 3100 605 3157 Deus
635 3110 818 3158 autem
846 3104 1060 3174 patiens
1078 3106 1368 3171 malorum,
1397 3109 1667 3177 promittit
1689 3110 1769 3165 eis
1793 3110 2041 3180 inspera-

2153 3123 2213 3159 οσ
2226 3105 2339 3169 ίως.
2359 3106 2698 3171 ’Λνεξικακεί
2712 3107 2767 3160 δὲ
2787 3106 2916 3169 Θεὸς
2931 3149 2946 3174 ,
2969 3106 3066 3161 καὶ
3086 3105 3343 3175 ἀδόκητον
3362 3103 3545 3166 αὐτοῖς
3570 3100 3730 3172 ἀφθο-

456 3197 569 3247 tam
620 3193 820 3249 horum
869 3196 1103 3265 copiam.
1150 3197 1402 3251 Demittit
1445 3198 1593 3253 enim
1629 3216 1730 3270 pro
1770 3201 2037 3256 ineliabili

2152 3195 2270 3250 νίαν
2312 3197 2728 3265 ἐπαγγέλλεται.
2768 3198 2881 3252 Kal
2912 3197 2977 3268 δὴ
3006 3196 3101 3250 καὶ
3136 3196 3389 3266 καθίησιν
3422 3193 3616 3264 ἀφὰτῳ
3642 3192 3730 3245 δυ-

455 3298 554 3337 sua
591 3284 837 3353 potentia
875 3286 1090 3355 vesperi
1115 3287 1337 3356 quidem
1360 3291 1726 3355 coturnicem,
1753 3307 1913 3346 mane
1935 3308 2037 3346 au-

454 3380 567 3428 tem
610 3390 829 3429 manna.
874 3376 1012 3430 Hinc
1045 3376 1265 3431 divinus
1297 3378 1468 3432 David
1515 3379 1590 3433 ait
1622 3398 1634 3432 ;
1682 3399 1699 3431 ι
1736 3381 1936 3436 Panem
1967 3383 2036 3437 de

455 3464 602 3517 cmlo
631 3465 784 3519 dedit
810 3465 910 3530 eis,
941 3483 1136 3536 panem
1182 3471 1504 3539 angelorum
1549 3471 1901 3526 manducavit
1939 3473 2039 3526 bo-

454 3570 546 3609 mo
569 3554 636 3610 ".
671 3574 689 3605 »
729 3554 1044 3612 Certissima
1068 3569 1246 3614 autem
1273 3561 1464 3617 docuit
1484 3578 1580 3617 eos
1607 3563 1947 3631 experientia
1972 3580 2037 3619 ac

452 3645 623 3702 rebus
665 3647 820 3716 ipsis,
866 3648 1013 3717 quod
1065 3649 1210 3704 Deus
1255 3651 1429 3721 possit
1459 3653 1622 3708 etiam
1650 3669 1799 3709 nunc
1826 3653 1958 3710 dare
1979 3664 2036 3709 et

451 3752 648 3809 parare
691 3754 940 3795 mensam
981 3739 1039 3795 in
1085 3741 1350 3810 deserto;
1390 3745 1529 3801 sicut
1557 3761 1748 3801 revera
1769 3746 2033 3802 etDomi-

450 3846 557 3885 nus
597 3815 785 3887 ndster
822 3832 984 3888 Jesus
1014 3832 1268 3890 Christus
1305 3836 1505 3892 similia
1543 3837 1717 3893 edidit
1744 3839 2030 3905 miracula,

449 3934 577 3975 cum
622 3938 692 3979 ex
733 3923 979 3994 quinque
1009 3925 1244 3994 panibus
1274 3925 1460 3983 fractis
1481 3928 1791 3997 complures
1816 3937 2032 3983 satura-

446 4012 528 4067 vit
574 4013 631 4068 in
677 4012 916 4081 deserto,
960 4016 1251 4074 duodecim
1283 4017 1511 4163 "super
1560 4019 1814 4090 cophinis
1838 4036 1905 4076 ex
1924 4020 2035 4075 fra—
2084 4097 2088 4101 ‘

448 4105 687 4163 mentis
699 4107 941 4163 repletis.
961 4108 1132 4163 Porro
1151 4103 1315 4163 inexb
1339 4110 1565 4163 icabiles
1583 4119 1714 4163 sunt
1735 4112 1882 4163 modi
1903 4111 2030 4163 aui-

448 4105 687 4174 gmentis
699 4107 941 4176 repletis.
961 4108 1132 4164 Porro
1151 4103 1565 4180 inexplicabiles
1583 4119 1714 4166 sunt
1735 4112 1882 4167 modi
1903 4111 2030 4181 qui-

447 4192 555 4248 bus
603 4194 868 4250 miracula
908 4197 1102 4264 edidit,
1153 4201 1250 4256 sed
1288 4217 1411 4271 quae
1456 4211 1696 4257 mentem
1731 4204 2027 4269 excedunt,

448 4279 556 4335 ﬁde
609 4283 1111 4352 apprehendantur,
1163 4288 1461 4359 audiatque
1505 4291 1652 4345 Deus
1678 4292 1749 4346 ab
1771 4293 2031 4349 omnibus

447 4371 545 4442 qui
567 4372 744 4443 ipsum
771 4374 1116 4433 admirantur
1139 4397 1152 4432 :
1175 4378 1302 4434 Scio
1327 4380 1472 4450 quod
1494 4382 1676 4437 omnia
1699 4383 1898 4453 possis,
1926 4400 2027 4440 ne-

447 4477 555 4534 que
588 4471 674 4519 est
704 4465 1002 4536 quidquam
1027 4469 1127 4524 tibi
1154 4469 1509 4540 impossibile.

515 4554 569 4610 2.
586 4555 862 4615 Hactenus
872 4575 1002 4616 vero
1012 4561 1080 4617 de
1095 4563 1350 4620 sensibus
1361 4580 1543 4621 sermo
1552 4574 1640 4621 est
1648 4565 1888 4623 habitus.
1899 4565 2032 4634 Quis

447 4662 581 4702 vero
603 4662 800 4703 sensus
823 4648 893 4704 sit
912 4651 1218 4720 spiritualis
1237 4653 1721 4721 considerationis,
1756 4664 1854 4712 aut
1880 4658 2029 4727 quod

443 4734 583 4804 legis
603 4734 856 4804 aenigma,
875 4738 986 4808 jam
1008 4739 1170 4794 nobis
1209 4741 1602 4811 inquirendum
1640 4755 1744 4811 est,
1770 4747 1865 4816 qui
1888 4749 2028 4804 assi-

443 4823 551 4879 due
573 4824 864 4879 veritatem
887 4824 1299 4896 investigamus.
1324 4829 1648 4887 Videbimus
1670 4832 1839 4903 igitur
1858 4835 2024 4891 etiam

442 4929 543 4984 per
573 4915 691 4971 haec
725 4916 870 4986 quod
903 4916 1014 4972 vita
1049 4917 1237 4989 legalis
1270 4920 1341 4975 sit
1368 4923 1561 4992 procul
1596 4923 1767 4979 dubio
1789 4941 2025 4998 evange-

442 5003 549 5059 lica
587 5005 837 5073 inferior,
878 5008 1119 5078 itemque
1158 5011 1460 5066 carnalium
1496 5012 1897 5071 desideriorum
1936 5034 2026 5073 ac-

443 5095 715 5151 cusationi
754 5097 1011 5163 obnoxia,
1048 5115 1227 5171 neque
1250 5117 1280 5155 a
1305 5102 1538 5160 terrenis
1561 5107 2026 5176 concupiscentiis

441 5185 613 5242 libera
646 5207 659 5241 :
699 5188 885 5244 divina
922 5205 1052 5245 vero
1086 5198 1252 5261 atque
1273 5194 1585 5264 evangelica
1614 5206 1698 5252 est
1723 5198 2024 5268 Spiritualis

439 5287 496 5332 et
519 5278 799 5346 inviolata,
832 5283 1181 5354 speciemque
1201 5283 1368 5339 habet
1383 5286 1489 5341 alia
1511 5278 2018 5359 incomparabiliter

439 5370 830 5438 pulchriorem.
859 5373 1298 5446 Uniuscujusque
1330 5392 1463 5433 vero
1492 5378 2014 5445 demonstrationem

441 5474 505 5513 ac
528 5459 712 5526 ﬁdem,
752 5464 1021 5519 rationem
1051 5466 1337 5537 utriusque
1361 5468 1501 5525 bene
1525 5472 1923 5539 examinantes,
1946 5491 2015 5531 ex

442 5563 590 5604 sacra
627 5551 908 5623 Scriptura
938 5564 1187 5624 petemus
1217 5576 1229 5610 :
1274 5578 1292 5610 ι
1321 5559 1546 5616 Factum
1583 5572 1668 5618 cst
1693 5573 1878 5620 autem
1915 5581 2011 5623 ve-

515 5730 562 5762 "
595 5730 786 5786 Matth.
827 5738 1013 5799 v1.41.
1091 5740 1137 5773 ⁷³
1164 5741 1308 5798 Psal.
1343 5759 1541 5812 Lxxvn,
1567 5745 1656 5798 M.

2056 4463 2103 4518 D

2140 3288 2302 3357 νάμει
2336 3288 2576 3360 ἑσπέρας
2622 3289 2723 3360 μὲν
2755 3288 2853 3361 τὴν
2899 3289 3350 3360 ὀρτυγομήτραν·
3402 3287 3520 3357 ἆμα
3560 3285 3617 3338 δὲ
3661 3288 3725 3357 τῇ

2139 3377 2233 3446 ἐῳ,
2266 3378 2327 3431 τὸ
2358 3380 2553 3448 μάννα.
2582 3380 2695 3434 Kal
2743 3381 2819 3444 ὠς
2850 3382 2877 3433 ὁ
2920 3381 3061 3445 θεῖος
3089 3382 3194 3452 ἔφη
3239 3381 3434 3446 Δασὶδ,
3472 3400 3491 3432 ι
3530 3381 3727 3453 Ἀρτιν

2138 3465 2367 3536 οὐρανοῦ
2398 3466 2598 3521 ἔδωκεν
2640 3469 2821 3534 αὐτοῖς
2843 3511 2860 3538 ,
2903 3471 3068 3541 ἄρτον
3103 3470 3351 3541 ἀγγέλων
3394 3471 3596 3541 ἔφαγεν
3638 3471 3725 3525 άν-

2138 3555 2376 3626 θρωπος.
2418 3576 2435 3608 ι
2474 3558 2945 3631 Πεπληροφόρηκε
2975 3561 3033 3614 δέ
3075 3561 3165 3615 διὰ
3193 3560 3389 3633 πείρας
3427 3560 3599 3628 αὐτῆς
3632 3547 3725 3614 καὶ

2138 3647 2502 3718 πραγμάτων,
2534 3650 2616 3703 δτι
2643 3650 2866 3705 δύναται
2907 3653 2936 3705 ὁ
2964 3651 3097 3715 Θεὸς
3134 3652 3299 3724 ἄρτον
3326 3669 3385 3706 τε
3416 3651 3603 3705 δοῦναι
3632 3652 3724 3704 καὶ

2137 3738 2427 3810 ἑτοιμάσαι
2460 3742 2739 3814 τράπεζαν
2777 3744 2835 3797 ἐν
2869 3744 3082 3815 ἐρήμῳ,
3117 3744 3370 3817 καθάπερ
3402 3744 3596 3816 ἀμέλει
3630 3744 3725 3798 καὶ

2134 3834 2162 3884 ὁ
2186 3831 2388 3903 Κύριος
2414 3831 2573 3904 ἡμῶν
2614 3834 2821 3906 Ἰησοῦς
2844 3836 3081 3907 Χριστὸς
3103 3834 3175 3890 τὰ
3205 3835 3294 3890 ἴσα
3316 3834 3717 3907 τεραωυργῶν,

2135 3921 2296 3976 πέντε
2321 3922 2622 3990 διακλάσας
2647 3926 2865 3998 ἄρτους,
2895 3927 3117 3999 ἐκόρεσε
3156 3928 3255 3999 μὲν
3286 3925 3344 3982 ἐν
3369 3929 3562 4001 ἐρήμῳ
3589 3925 3718 3981 πολ-

2133 4012 2281 4078 λοὺς,
2310 4014 2401 4068 ὅτε
2437 4017 2908 4088 συνεκομίσθησαν
2931 4019 3203 4090 λειψάνων
3246 4020 3458 4089 κόφινοι
3487 4019 3697 4074 δώδεκα

2162 4106 2600 4178 Απεριέργαστοι
2629 4106 2686 4162 δὲ
2725 4109 3008 4173 παντελῶς
3039 4110 3139 4183 τῆς
3184 4095 3634 4181 θαυματουργίας
3665 4114 3713 4166 oi

2129 4198 2347 4271 τρόποι,
2388 4198 2571 4253 πίστει
2594 4182 2666 4272 δὴ
2709 4195 2804 4255 οὖν
2833 4200 3086 4271 τιμάσθω
3125 4198 3197 4255 τὰ
3240 4201 3384 4272 ὑπὲρ
3426 4200 3574 4267 νοῦν,
3622 4199 3717 4254 καὶ

2130 4288 2375 4343 ἀκουέτω
2420 4288 2554 4353 Θεὸς
2600 4288 2755 4362 παρὰ
2816 4290 3036 4345 πάντων
3083 4288 3534 4363 τεθαυμακότων·
3570 4286 3715 4359 ,Οῐδα

2128 4380 2213 4434 δτι
2256 4379 2434 4435 πάντα
2470 4380 2730 4437 δύνασαι*
2776 4381 3034 4437 ἀδυνατεῖ
3062 4382 3119 4437 δέ
3149 4399 3232 4438 σοι
3258 4382 3430 4438 οὐδέν.

2200 4570 2266 4642 βπ.
2311 4571 2450 4625 Ἀλλ’
2469 4572 2529 4625 ἐν
2559 4572 2768 4637 τούτοις
2791 4574 2889 4644 μὲν
2918 4575 3052 4646 ἡμῖν
3084 4576 3114 4629 δ
3140 4574 3269 4647 περὶ
3299 4573 3409 4629 τῶν
3438 4573 3711 4646 αἰσθητῶν

2127 4660 2269 4715 ἔστω
2281 4662 2457 4731 λόγος.
2481 4663 2577 4727 Τίς
2598 4663 2642 4717 δ’
2670 4663 2737 4718 ἂν
2758 4666 2969 4734 γένοιτο
2996 4664 3181 4720 λοιπὸν
3202 4666 3303 4736 τῆς
3333 4666 3709 4738 πνευματικῆς

2126 4753 2358 4825 θεωρίας
2392 4756 2422 4808 ό
2444 4754 2588 4823 νοῦς,
2610 4755 2643 4826 ἢ
2665 4755 2716 4809 τί
2733 4756 2828 4810 τοῦ
2873 4757 3039 4827 νόμου
3060 4756 3122 4810 τὸ
3140 4758 3369 4828 αἴνιγμα
3389 4756 3708 4831 πολυπραγ-

2133 4848 2313 4917 μονεῖν
2334 4847 2651 4914 ἀναγκαῖον,
2669 4846 2981 4920 φιλοθηρείν
2994 4844 3058 4903 εὖ
3088 4847 3235 4919 μάλα
3259 4850 3706 4905 διεσπουδακόσιν

2123 4937 2255 5005 ἡμῖν
2275 4935 2374 5007 τὴν
2395 4936 2669 5006 ἀλήθειαν.
2714 4938 2989 5009 Εἰσόμεθα
3020 4940 3202 4994 τοίνυν
3232 4941 3329 4994 καὶ
3363 4942 3456 4996 διὰ
3477 4943 3701 5007 τούτων,

2121 5029 2196 5091 ὡς
2218 5027 2364 5082 ἐστιν
2390 5029 2777 5099 ἀναμφιλόγως
2791 5030 2893 5102 τῆς
2910 5032 3272 5103 εὐαγγελικῖκ
3285 5033 3560 5099 πολιτείας
3578 5051 3703 5088 xar-

2123 5118 2302 5189 όπινή
2341 5119 2559 5191 νομικὴ,
2591 5121 2688 5175 καὶ
2720 5120 2827 5174 τῶν
2858 5124 2938 5185 εἰς
2971 5123 3330 5195 φιλοσαρκίαν
3361 5127 3701 5196 αίτιαμάτων

2120 5206 2220 5261 οὐκ
2266 5208 2557 5279 ἐλευθέρα,
2591 5209 2935 5281 ἀπήλλακται
2975 5212 3032 5265 δὲ
3074 5214 3194 5284 οὐχὶ
3237 5216 3472 5283 γεώδους
3514 5218 3701 5281 ἐπιθυ·

2127 5295 2278 5367 μίας,
2309 5296 2425 5351 ἀλλ’
2457 5299 2492 5369 ἦ
2522 5316 2585 5367 γε
2613 5299 2732 5353 θεία
2763 5301 2857 5353 καὶ
2884 5302 3232 5376 εὐαγγελικὴ,
3259 5309 3609 5379 πνευματική
3640 5308 3698 5360 τέ

2122 5389 2238 5442 ἐστι
2287 5389 2382 5443 xal.
2423 5389 2675 5465 ἄμωμος,
2720 5393 2814 5446 καὶ
2853 5393 3183 5465 ἀσύγκριτον
3230 5397 3345 5467 ἔχει
3387 5397 3449 5452 τὸ
3485 5400 3693 5462 κάλλος.

2120 5476 2420 5548 Ληψόμεθα
2447 5478 2502 5531 δὲ
2528 5479 2628 5550 τὴν
2660 5480 2746 5547 ἐφ’
2779 5481 2983 5552 ἑκάστῃ
3015 5482 3269 5549 statasth
3293 5484 3391 5538 καὶ
3418 5485 3696 5556 πληροφο-

2121 5568 2267 5639 ρίαν,
2301 5567 2390 5624 τὸν
2420 5569 2505 5623 ἐπ’
2536 5569 2739 5641 ἀμφοῖν
2765 5566 2825 5625 εὖ
2857 5572 3000 5643 μάλα
3034 5572 3417 5645 βασανίζοντες
3441 5574 3601 5647 λόγον
3632 5576 3698 5629 ἐκ
