4066 6282
319 335 428 420 is;

1341 336 1862 394 GLAPHYRORUM
1901 335 1968 394 ΙΝ
2009 337 2292 396 EXODUM
2331 337 2458 392 LIB.
2501 339 2562 394 Π.

3467 345 3572 404 454

313 457 412 524 τῆς
455 451 814 506 θεοπνεύστου
847 453 1084 524 Γραφῆς.
1143 472 1162 504 ι
1228 455 1474 522 Ἐγένετο
1524 459 1654 528 γὰρ,
1703 460 1878 528 φησὶν,

1997 473 2178 527 apere,
2235 457 2432 526 inquit,
2475 467 2532 511 et
2569 455 2816 510 ascendit
2859 455 3110 512 coturnix
3133 497 3146 522 ,
3183 465 3252 528 et.
3279 466 3564 532 cooperuit

313 545 542 614 ἑσπέρα..
588 544 682 596 καὶ
727 544 894 614 ἀνέϐη
929 547 1336 615 ὀρτυγομήτρα,
1375 549 1470 600 καὶ
1512 548 1746 619 ἐκάλυψε
1793 549 1892 618 τὴν

313 633 687 706 παρεμόολήν.
711 633 782 684 Τὸ
807 633 950 703 πρωῒ
970 634 1024 686 δὲ
1051 637 1288 702 ἐγένετο,
1317 641 1776 709 καταπαυομὲνης
1795 641 1894 710 τῆς

309 729 502 798 δρόσου
531 727 714 794 κύκλῳ
767 727 862 796 τὴς
904 727 1274 798 παρεμϐολῆς,
1317 731 1412 782 καὶ
1461 731 1568 784 ἰδοὺ
1601 732 1696 782 ἐπὶ
1727 732 1893 802 πρόσ-

309 836 456 872 ωπον
481 819 578 888 τῆς
605 820 812 888 ἐρήμου
843 817 1034 870 λεπτὸν
1059 819 1190 870 ὡσεὶ
1217 819 1420 889 κόριον,
1433 819 1621 874 λευκὸν
1641 822 1770 874 ὡσεὶ
1789 824 1892 876 πά-

309 926 402 977 γος
437 909 530 962 ἐπὶ
559 909 656 976 τῆς
673 909 797 976 γῆς.
835 907 1052 970 Ἰδόντες
1075 907 1134 960 δὲ
1163 909 1366 980 αὑτομ]
1415 913 1464 963 οἱ
1501 915 1606 964 υἱοὶ
1651 914 1886 983 Ἰσραὴλ,

315 995 472 1054 εἶπαν
513 1000 694 1072 ἕτερος
725 1000 900 1070 ἑτέρῳ
923 1015 934 1028 ·
982 1000 1046 1052 Τί
1077 1003 1193 1054 ἐστι
1221 1003 1412 1070 τοῦτο;
1439 1005 1498 1056 οὺ
1529 1006 1640 1075 γὰρ
1675 1006 1889 1074 ᾔδεισαν

305 1091 358 1142 τε
381 1086 468 1161 ἦν,
517 1085 648 1143 Eine
679 1090 736 1142 δὲ
767 1089 1004 1158 Μωῦσῆς
1034 1091 1172 1160 πρὸς
1201 1091 1402 1153 αὐτούς
1421 1109 1432 1122 ·
1469 1085 1640 1155 υῦτος
1669 1096 1698 1144 ὁ
1727 1094 1888 1163 ἄρτος

305 1182 362 1234 ὃν
405 1181 603 1234 ἔδωκεν
649 1181 776 1250 ὑμῖν
809 1182 836 1232 ὁ
881 1181 1084 1250 Κύριος
1132 1185 1328 1250 φαγεῖν
1353 1199 1364 1210 ·
1399 1181 1556 1234 τοῦτο
1586 1182 1646 1234 τὸ
1675 1183 1828 1252 ῥῆμα
1860 1183 1888 1234 ὃ

307 1271 559 1336 συνέταξε
588 1269 810 1340 Κύριος.
843 1269 1186 1337 Συναγάγετε
1221 1270 1312 1322 ἀπ’
1345 1271 1512 1324 αὑτοῦ
1541 1269 1771 1332 ἕκαστος
1807 1271 1886 1332 εἰς

304 1363 428 1424 τοὺς
479 1349 826 1430 καθήκοντας
871 1360 1066 1428 γόμορ,
1115 1361 1254 1412 κατὰ
1299 1362 1558 1430 κεφαλὴν,
1611 1362 1730 1412 κατ’
1773 1362 1886 1430 ἀρι-

307 1453 438 1521 θμὸν
461 1451 645 1521 ψυχῶν
677 1450 854 1519 ὑμῶν.
873 1451 1137 1512 Ἕκαστος
1157 1451 1252 1502 συν
1279 1453 1388 1512 τοῖς
1417 1453 1702 1520 συσκήνοις
1734 1450 1883 1520 ὑμῶν

307 1543 609 1607 συλλέξετε.
655 1542 948 1611 Ἐποίησαν
983 1542 1041 1594 δὲ
1069 1541 1240 1604 οὕτως
1265 1543 1312 1594 οἱ
1349 1543 1456 1594 υἱώ⁹
1498 1544 1740 1612 Ἰσραὴλ,
1789 1543 1883 1595 καὶ

310 1621 632 1696 συνέλεξαν,
681 1635 709 1684 ὁ
739 1631 800 1684 τὺ
835 1632 993 1694 πολὺ,
1029 1632 1121 1684 καὶ
1159 1633 1187 1684 ὁ
1229 1631 1290 1684 τὸ
1317 1632 1538 1684 ἔλασσον
1560 1673 1574 1696 ,
1617 1635 1711 1686 καὶ
1755 1633 1882 1702 ἑμέ-

308 1742 525 1795 τρησαν
552 1724 612 1776 τὸ
635 1724 834 1793 γόμορ·
865 1725 954 1776 καὶ
986 1724 1082 1776 οὐκ
1113 1725 1436 1778 ἐπλεόνασεν
1462 1726 1490 1775 ὁ
1513 1725 1572 1777 τὸ
1601 1725 1754 1786 πολὺ,
1788 1725 1880 1777 καὶ

311 1820 340 1868 ὁ
370 1818 434 1869 τὸ
463 1817 814 1880 ἐλαττον,οὐκ
841 1816 1220 1887 ἠλαττόνησεν,
1244 1817 1469 1878 ἕκαστος
1498 1819 1574 1880 εἰς
1595 1819 1720 1879 τοὺς
1749 1817 1880 1868 καθ-
1917 1791 1953 1844 Β

315 1912 545 1976 ήκοντας
593 1910 722 1979 παρ’
747 1908 942 1978 ἑαυτῷ.
984 1903 1118 1960 Εἷπε
1150 1909 1204 1960 δὲ
1229 1908 1466 1976 Μωῦσῆς
1497 1909 1631 1978 πρὸς
1655 1907 1845 1970 αὐτούς
1864 1926 1876 1938 ·

309 1999 519 2068 Μηδεὶς
550 1997 972 2068 καταλ[ε]ιπέτω
1039 1998 1134 2051 ἀπ’
1169 1998 1335 2050 αὑτοῦ
1365 2001 1439 2061 εἰς
1479 1999 1538 2050 τὸ
1577 2000 1736 2069 πρωΐ.
1775 1999 1880 2052 Καὶ

305 2090 402 2140 οὐκ
422 2091 668 2157 ἥκουσαν
683 2091 912 2158 Μωῦσῇ,
943 2089 1078 2142 ἀλλὰ
1108 2090 1398 2142 κατέλιπον
1431 2107 1570 2152 τινες
1601 2091 1694 2142 :‘m‘
1721 2090 1878 2142 αὑτοῦ

305 2181 382 2241 εἰς
397 2180 458 2231 τὸ
482 2182 647 2249 πρωϊ,
668 2181 762 2232 καὶ
785 2180 998 2244 ἐξέζεσε
1021 2181 1327 2250 σκώληκας,
1353 2183 1444 2233 καῖ
1475 2180 1738 2244 ὲπὼζεσε.
1771 2182 1879 2234 Καὶ

301 2272 602 2342 ἐπικράνθη
633 2273 723 2324 ἐπ’
750 2273 932 2336 αὐτοῖς
961 2274 1183 2340 Μωσῆς.
1229 2290 1247 2322 ι
1291 2273 1396 2323 Καὶ
1427 2273 1546 2341 μεθ’
1577 2273 1739 2342 ἕτερα
1775 2274 1877 2326 πά-

301 2364 404 2416 λιν·
458 2383 477 2414 ι
515 2359 650 2416 Εἷπε
679 2364 738 2415 δὲ
765 2365 969 2432 Μωσῆς
999 2364 1135 2432 πρὸς
1167 2363 1362 2425 αὐτούς
1383 2380 1395 2392 ⁸
1429 2363 1596 2416 Τοῦτο
1625 2365 1686 2416 τὸ
1727 2365 1878 2435 ῥῆμά

301 2457 460 2518 ἐστιν,
481 2455 508 2505 ὃ
534 2454 696 2516 ὲλάλη
707 2470 762 2505 σε
786 2453 985 2522 Κύριος
1002 2471 1014 2484 ο
1047 2453 1297 2506 Σάϐϐατα
1319 2453 1446 2522 ἅγια
1469 2457 1776 2517 ἀνάπαυσις
1799 2455 1875 2525 τῷ

303 2546 484 2614 Κυρίῳ
511 2543 721 2617 αὔριον.
773 2544 911 2596 Ὅσα
945 2543 1042 2595 ἐὰν
1073 2543 1329 2613 πέσσητε,
1360 2546 1590 2598 πέσσετε
1611 2564 1622 2574 ·
1661 2547 1754 2597 καὶ
1779 2546 1876 2597 ὅσα

301 2635 389 2688 ἐὰν
419 2635 586 2705 ἕψητε
619 2636 800 2704 ἓψετε,
849 2637 938 2688 καὶ
983 2639 1090 2688 πᾶν
1117 2635 1177 2689 τὸ
1209 2637 1517 2701 πλεονάζον,
1552 2638 1876 2708 καταλίπετε

299 2726 423 2779 αὐτὸ
455 2729 535 2788 εἰς
567 2725 853 2797 ἀποθήκην
882 2726 959 2797 τῷ
1009 2729 1172 2795 πρωΐ.
1209 2729 1316 2780 Καὶ
1345 2729 1630 2781 κατέλιπον
1657 2730 1873 2796 agnicul-

303 2813 386 2866 τοῦ
425 2817 504 2878 εἰς
543 2815 604 2867 τὸ
637 2816 802 2885 πρωῒ,
834 2816 1083 2884 καθάπερ
1121 2817 1403 2881 συνέταξεν
1435 2819 1616 2894 αὐτοῖς
1643 2817 1870 2886 Μωσῆς,

307 2904 394 2955 καὶ
437 2906 536 2956 οὐκ
565 2904 828 2970 ἐπώζεσε,
877 2906 994 2957 οὐδὲ
1034 2907 1248 2976 σκώληξ
1289 2907 1504 2974 ἐγένετο
1533 2907 1590 2959 ἐν
1630 2907 1794 2975 αὐτῷ.
1849 2927 1866 2958 ›

312 2993 568 3048 Ἕκαστον
601 2996 700 3066 μὲν
732 2993 823 3049 οὖν
849 2998 908 3048 τὸ
950 2993 1152 3066 oprtet-r4
1181 2996 1330 3066 αὐτῷ
1369 2999 1718 3066 συγκομίζειν
1750 2999 1872 3050 ἐκέ-

1995 559 2194 604 castra.
2241 549 2396 602 Mane
2437 555 2620 602 autem
2657 547 2861 601 factum
2895 561 3000 612 est,
3033 565 3158 604 cum
3179 565 3444 608 cessasset
3477 569 3572 608 res

1995 639 2050 692 in
2085 637 2322 692 circuitu
2355 645 2686 700 castrorum,
2717 645 2772 690 et
2793 651 2924 690 ecce
2957 653 3122 706 super
3143 637 3334 694 faciem
3363 641 3569 698 deserti

1971 727 2198 790 subtile
2237 734 2298 780 ut
2334 726 2686 780 coriandrum
2713 725 2917 792 album,
2961 735 3020 780 ut
3043 727 3242 796 pruina
3270 745 3432 798 super
3459 741 3570 786 ter-

1993 831 2128 872 ram.
2181 818 2443 872 Videntes
2476 825 2656 872 autem
2701 817 2798 871 ﬁlii
2837 818 3002 872 Israel
3035 819 3294 874 dixerunt
3331 821 3468 874 alter
3491 823 3569 876 al-

1994 911 2134 963 teri:
2171 909 2314 974 Quid
2351 917 2436 962 est
2475 909 2580 962 hoc
2607 909 2630 960 ?
2659 923 2770 962 non
2801 909 2946 962 enim
2983 909 3230 964 sciebant
3259 911 3390 979 quid
3425 921 3562 966 erat.

1991 999 2138 1052 Dixit
2189 1007 2374 1052 autem
2419 998 2595 1052 Moses
2629 997 2694 1050 ad
2738 1013 2872 1052 eos:
2915 998 3192 1070 l-lie‘panis
3215 1013 3378 1068 quem
3411 1001 3568 1054 dedit

1989 1089 2256 1142 Dominus
2287 1087 2443 1142 vobis
2471 1089 2538 1142 ad
2575 1089 2970 1142 comedendum
2997 1106 3011 1154 ;
3039 1089 3144 1143 hoc
3165 1089 3394 1144 verbum
3417 1091 3564 1160 quod

1989 1181 2276 1234 constituit
2307 1181 2590 1234 Dominus.
2617 1179 2866 1250 Colligite
2892 1195 2960 1234 ex
2991 1195 3058 1258 eo
3085 1182 3462 1250 unusquisque
3495 1182 3564 1235 ad

1989 1270 2272 1339 proximos
2309 1287 2520 1341 gomor,
2560 1271 2862 1326 secundum
2895 1273 3252 1342 caput,jirxta
3273 1288 3560 1328 numerum

1987 1360 2296 1414 animarum
2323 1369 2652 1414 vestrarum.
2681 1361 3064 1432 Unusquisque
3099 1377 3224 1416 cu-m
3261 1365 3561 1418 contuber-

1985 1450 2204 1504 nalibus
2230 1452 2430 1506 vestris
2457 1451 2718 1520 colligite.
2751 1451 3020 1506 Fecerunt
3051 1462 3234 1506 autem
3261 1453 3340 1506 sic
3363 1453 3456 1508 lilii
3480 1455 3559 1508 ls-

1985 1541 2126 1604 racl,
2177 1549 2234 1593 et
2297 1541 2638 1610 collegerunt
2677 1541 2819 1594 alius
2867 1541 3010 1610 plus,
3059 1543 3200 1596 alius
3237 1542 3459 1608 minus;
3505 1551 3562 1598 et

1985 1632 2274 1686 metientes
2315 1647 2526 1702 gomor,
2586 1647 2696 1686 non
2747 1633 3047 1688 abundavit
3089 1635 3182 1703 qui
3217 1635 3468 1700 multum,
3505 1643 3560 1688 et

1983 1723 2076 1790 qui
2103 1723 2304 1788 minus,
2331 1737 2440 1776 non
2465 1723 2646 1778 minus
2669 1723 2862 1776 habuit
2889 1743 2900 1776 :
2929 1725 3306 1794 unusquisque
3341 1727 3406 1780 ad
3428 1741 3559 1796 pro-

1983 1815 2160 1868 ximos
2182 1814 2286 1868 sibi
2331 1815 2688 1885 collegerunt.
2735 1815 2880 1868 Dixit
2923 1823 3104 1868 autem
3125 1816 3300 1870 Moses
3332 1816 3398 1870 ad
3426 1832 3554 1870 eos:

1983 1905 2176 1958 Nullus
2219 1905 2496 1974 relinquat
2535 1921 2600 1959 ex
2647 1921 2714 1960 eo
2755 1905 2810 1960 in
2835 1921 3014 1960 mane.
3041 1906 3236 1960 Etnon
3265 1907 3558 1960 audierunt

1981 1997 2186 2062 Mosen,
2211 1997 2378 2066 288
2399 1997 2493 2051 sed
2515 1998 2860 2067 reliquerunt
2879 1996 3102 2066 quidam
3123 2012 3190 2050 ex
3209 2011 3276 2050 eo
3297 1997 3352 2050 in
3371 2011 3553 2058 mane,

1979 2095 2034 2138 et
2081 2085 2340 2138 eil'erbuit
2377 2099 2612 2148 vermes,
2643 2091 2700 2138 et
2745 2085 3098 2154 computruit.
3148 2083 3216 2138 Et
3245 2083 3558 2154 indignatus

1979 2187 2062 2230 est
2088 2185 2280 2230 contra
2305 2191 2401 2232 eos
2419 2169 2597 2233 Moses
2625 2177 2691 2229 ⁷⁵.
2727 2195 2746 2226 ι
2787 2177 2854 2230 Ει
2877 2185 2999 2245 post
3019 2183 3215 2230 caetera
3245 2191 3436 2231 rursus
3461 2191 3557 2232 eos

1979 2269 2278 2338 alloquitur
2315 2269 2506 2324 dicens
2535 2287 2547 2322 :
2601 2289 2616 2320 ε
2645 2267 2764 2324 Hoc
2803 2269 3034 2324 verbum
3057 2268 3314 2338 estquod
3340 2269 3558 2324 locutus

1977 2369 2060 2414 est
2097 2361 2361 2416 Dominus
2385 2379 2396 2414 :
2426 2361 2662 2416 Sabbata
2683 2371 2870 2417 sancta
2896 2371 3026 2416 sunt
3057 2362 3276 2432 requies
3301 2362 3554 2424 Domino,

1977 2438 2116 2508 eras.
2141 2451 2510 2524 Quaecunque
2551 2455 2808 2510 coxeritis
2841 2455 3058 2524 coquite
3087 2471 3100 2520 ;
3139 2463 3196 2509 et
3215 2469 3554 2524 quacunque

1947 2544 2312 2612 ...elixaveritis
2349 2546 2570 2610 elixate,
2608 2555 2664 2600 et
2703 2563 2864 2600 omne
2899 2545 3232 2615 superﬂuum
3263 2545 3555 2615 relinquite

1977 2633 2112 2690 illud
2152 2637 2208 2691 in
2247 2637 2640 2707 repositionem
2681 2639 2736 2691 in
2775 2639 3094 2692 crastinum.
3121 2637 3190 2691 Et
3211 2638 3556 2706 reliquerunt

1975 2742 2040 2780 ex
2064 2743 2130 2782 eo
2158 2729 2213 2782 in
2239 2743 2418 2793 mane,
2449 2730 2592 2782 sicut
2621 2737 2954 2797 praeceperat
2978 2727 3172 2790 Moses,
3203 2741 3306 2779 nec
3329 2741 3554 2794 compu-

1977 2819 2128 2882 truit,
2161 2835 2340 2888 neque
2362 2819 2568 2873 vermis
2591 2803 2750 2872 natus
2771 2827 2852 2872 est
2887 2819 2942 2870 in
2967 2817 3086 2886 ipso
3107 2817 3173 2869 ⁷³.
3199 2835 3222 2865 ο
3261 2815 3415 2880 Quod
3447 2815 3552 2885 igi-

1977 2917 2064 2962 tur
2103 2911 2401 2978 unicuique
2444 2909 2748 2964 suﬂicicbat
2785 2915 3130 2978 comportare
3159 2906 3340 2976 jussit.
3385 2905 3554 2959 Nemo

1976 3009 2156 3052 autem
2189 3001 2542 3069 prohibebat,
2571 2999 2866 3068 quominus
2891 2999 3028 3051 alter
3051 2997 3210 3050 alteri
3239 2996 3284 3050 si
3309 2996 3470 3048 vellet
3497 2997 3554 3051 in

313 3083 481 3138 λευεν.
525 3088 709 3157 Εῖργει
746 3089 800 3140 δὲ
833 3088 1084 3157 οὐδαμῶς
1119 3089 1283 3158 ἔργῳ,
1317 3090 1472 3159 εἴπερ
1503 3091 1670 3141 ἕλοιτο
1715 3093 1871 3158 τυχὸν

1979 3091 2222 3144 absentia
2271 3091 2571 3160 colligeret,
2615 3097 2778 3158 atque
2813 3091 2886 3144 ita
2913 3088 3198 3142 charitatis
3221 3087 3338 3157 lege
3361 3087 3556 3140 condi-

307 3177 396 3228 καὶ
429 3180 538 3240 τοῖς
561 3179 750 3232 ἀποῦσι
782 3180 1076 3247 συλλέγειν,
1111 3182 1205 3232 καὶ
1232 3180 1308 3249 τῷ
1332 3181 1428 3248 τῆς
1456 3183 1674 3251 ἀγάπης
1704 3201 1870 3234 κατα-

304 3269 678 3335 φαιδρὺνεσθαι
710 3270 876 3340 νόμῳ.
923 3270 1257 3337 Ἀποιράσκει
1289 3271 1343 3323 δὲ
1377 3272 1650 3333 παντελῶς
1683 3273 1740 3322 τὸ
1774 3291 1871 3339 φυ-

299 3357 508 3412 λάττειν
549 3361 628 3422 εξς
669 3361 728 3412 τὸ
768 3361 930 3430 πρωῒ,
964 3361 1056 3412 καὶ
1089 3360 1246 3412 τοῦτο
1279 3361 1409 3431 δρᾷν
1438 3363 1538 3431 ἔφη
1577 3364 1679 3431 πρὸ
1711 3364 1869 3431 μόνον

297 3447 386 3498 τοῖα
421 3448 734 3513 Σαϐϐάτου,
771 3451 856 3502 ἵνα
902 3450 994 3500 καὶ
1019 3450 1044 3499 ὁ
1087 3452 1406 3518 τῆςὰργίας
1443 3453 1516 3521 μὴ
1558 3454 1872 3521 ἀτιμάζοιτο

297 3538 474 3606 νόμος.
513 3539 587 3590 υύ
634 3539 741 3610 γὰρ
783 3535 849 3610 ἦν
895 3542 1029 3602 ὅλως
1075 3541 1252 3609 εὑρεῖν
1299 3543 1355 3592 ἐν
1398 3543 1679 3611 Σαϐϐάτῳ,
1736 3545 1872 3613 μηδέ

297 3628 576 3693 καθιέντος
603 3630 760 3696 Θεοῦ,
797 3633 1076 3701 μονονουχὶ
1109 3634 1163 3685 δὲ
1198 3634 1283 3686 διὰ
1312 3634 1462 3686 τοῦδε
1505 3636 1596 3687 καὶ
1631 3638 1872 3702 ἀναγκά-

296 3720 478 3783 ζοντος
523 3721 864 3791 ἀφιλοεργεῖν
924 3725 981 3775 ὲν
1038 3725 1312 3793 Σαϐϐάτῳ.
1378 3725 1514 3779 Ἀλλ’
1560 3728 1712 3794 ὀλίγα
1764 3729 1872 3780 τῶν

293 3812 454 3865 θείων
475 3813 966 3883 χρησμῳδημάτων
991 3816 1380 3884 πεφροντίκασί
1411 3835 1572 3880 τινες,
1603 3820 1694 3872 καὶ
1718 3837 1874 3888 τετη-

294 3902 498 3970 ρήκασι
543 3902 650 3972 πρὸ
681 3903 980 3966 Σαϐϐάτου,
1020 3907 1133 3969 καὶ,
1171 3905 1244 3968 ὡς
1293 3924 1424 3975 φησι
1460 3909 1516 3960 τὸ
1551 3910 1786 3978 Γράμμα
1815 3911 1873 3961 τὸ

293 3989 462 4058 ἱερὸν,
516 4010 533 4042 ε
591 3992 884 4057 Ἐπὼζεσε,
933 3994 1023 4046 καὶ
1075 3993 1287 4057 ἐξέζεσε
1341 3996 1644 4065 σκώληκας.
1708 4018 1723 4046 ι
1766 4000 1873 4050 Καὶ

290 4080 602 4149 ἐπικράνθη
623 4083 825 4152 Μωσῆς
846 4099 858 4112 ·
885 4084 1317 4154 ὲκδεδραμήκασί
1341 4104 1396 4137 τε
1422 4089 1514 4138 καὶ
1536 4089 1590 4139 ἐν
1615 4088 1872 4157 Σαϐϐάτῳ

289 4171 662 4236 συλλέξοντες,
693 4176 784 4225 καὶ
805 4175 1098 4242 ἠγανάκτει
1128 4176 1275 4238 Θεός.
1310 4177 1618 4245 Γέγραπται
1649 4180 1754 4249 γάρ
1779 4180 1872 4232 οὔ·

285 4273 433 4318 τως·
485 4275 503 4308 ι
574 4258 817 4326 Ἐγένετο
862 4261 917 4314 δὲ
952 4264 1005 4313 ἐν
1041 4263 1220 4334 ἡμέρα
1270 4269 1332 4334 τῇ
1381 4266 1605 4338 ἑϐδόμῃ,
1655 4268 1873 4337 ἐξῆλθον

285 4363 441 4408 τινες
470 4341 663 4400 execr]
697 4350 827 4401 λαοῦ
875 4351 1143 4415 συλλέξαι,
1177 4356 1268 4407 καὶ
1313 4357 1408 4424 οὐχ
1438 4352 1614 4425 εὗρον.
1653 4354 1782 4409 Eius
1816 4360 1871 4412 δὲ

1978 3191 2078 3234 ret.
2117 3183 2290 3252 Negat
2327 3191 2510 3236 autem
2550 3182 2774 3236 omnino
2797 3181 3096 3250 quidquam
3123 3195 3244 3234 esse
3265 3173 3552 3234 reservan-

1974 3272 2102 3326 dum
2137 3273 2190 3325 in
2221 3273 2520 3326 crastinum
2553 3290 2566 3338 ;
2603 3281 2659 3328 et
2693 3272 2736 3326 si
2773 3273 2878 3326 hoc
2900 3279 3024 3325 ante
3049 3271 3223 3324 solum
3255 3269 3550 3324 Sabbatum

1974 3363 2275 3428 permittat,
2324 3379 2390 3418 ne
2429 3363 2569 3418 forte
2615 3364 2702 3418 lex
2734 3364 2938 3433 quietis
2973 3363 3228 3416 violetur.
3263 3363 3382 3416 Non
3403 3361 3551 3414 enim

1975 3455 2199 3508 omnino
2221 3453 2603 3508 inveniebatur
2632 3453 2889 3518 Sabbato,
2921 3453 3054 3506 nihil
3077 3453 3398 3508 demittente
3418 3453 3549 3515 Deo,

1976 3553 2032 3598 ut
2063 3545 2142 3599 sic
2178 3545 2576 3614 propemodum
2621 3557 2843 3615 cogeret
2867 3561 2964 3600 eos
2987 3546 3040 3599 in
3068 3545 3304 3600 Sabbato
3328 3545 3396 3599 ab
3419 3560 3552 3614 ope-

1975 3638 2125 3692 ribus
2171 3653 2384 3692 vacare.
2434 3639 2635 3692 Verum
2683 3639 2966 3692 enimvero
3019 3639 3266 3708 plerique
3322 3653 3390 3691 ex
3447 3637 3548 3696 eis.

1974 3737 2286 3797 contempto
2311 3729 2498 3783 divino
2519 3730 2762 3792 oraculo,
2790 3731 2954 3783 etiam
2977 3731 3081 3782 hoc
3105 3735 3230 3782 ante
3255 3727 3550 3780 Sabbatqu

1974 3829 2344 3881 reservarunt,
2387 3828 2570 3886 atque,
2615 3827 2676 3871 ut
2710 3820 2786 3871 ait
2830 3835 2982 3871 sacra
3011 3817 3312 3885 Scriptura,
3350 3833 3367 3864 ι
3400 3829 3550 3866 com-

1975 3908 2186 3975 putruit
2229 3917 2286 3962 et
2337 3909 2536 3962 scatuit
2575 3908 2876 3961 vermibus.
2909 3927 2926 3956 ι
2973 3907 3040 3958 Ει
3078 3905 3436 3959 exacerbatus
3467 3913 3552 3957 est

1977 3999 2170 4062 Moses,
2191 3998 2320 4066 quia
2336 3999 2502 4051 etiam
2521 3998 2574 4050 in
2591 3997 2832 4050 Sabbato
2849 3995 3214 4049 excurrebant
3237 3995 3548 4058 collectum,

1974 4105 2042 4142 ex
2081 4103 2192 4156 quo
2225 4097 2281 4142 et
2315 4089 2459 4142 Deus
2489 4089 2606 4156 ipse
2645 4089 2982 4142 succensuit.
3007 4087 3084 4140 Ita
3109 4086 3254 4141 enim
3283 4086 3549 4156 scriptum

1974 4188 2058 4234 est
2087 4197 2098 4232 :
2131 4197 2148 4230 ι
2174 4178 2387 4233 Accidit
2413 4189 2594 4234 autem
2619 4180 2751 4234 etin
2777 4179 2866 4234 die
2891 4180 3144 4249 septimo,
3177 4178 3384 4249 egressi
3423 4192 3552 4234 sunt

1975 4272 2142 4342 aliqui
2167 4273 2234 4327 de.
2259 4273 2460 4342 populo
2483 4281 2541 4327 ut
2563 4274 2900 4344 colligerent,
2925 4274 3020 4330 sed
3039 4273 3176 4327 nihil
3199 4273 3546 4328 invenerunt.

1975 4365 2230 4433 Dixitque
2274 4365 2538 4419 Dominus
2567 4365 2634 4418 ad
2663 4365 2848 4420 Mosen
2882 4383 2894 4418 :
2931 4365 3224 4436 Usquequo
3245 4380 3356 4419 non
3384 4367 3550 4420 vultis

285 4439 502 4508 Κύριος
550 4441 684 4510 πρὸς
729 4443 964 4512 Μωσῆν·
1004 4446 1146 4507 Ἕως
1173 4446 1315 4508 τίνος
1345 4449 1402 4499 οὐ
1445 4449 1694 4516 βούλεσθε
1762 4452 1873 4502 sic.

1979 4457 2168 4510 audire
2189 4455 2444 4510 mandata
2467 4473 2606 4521 mea,
2633 4465 2688 4511 et
2708 4459 2880 4527 legem
2907 4457 3548 4512 meam?Dominusenim

287 4529 519 4581 ακούειν
548 4531 646 4593 τὰς
686 4533 899 4594 ἐντολάς
927 4551 1025 4602 μου
1080 4535 1172 4586 καὶ
1210 4537 1300 4587 τὸν
1332 4538 1489 4605 νόμον
1521 4557 1649 4607 μου;
1690 4541 1873 4602 Ἴδετε,

283 4621 312 4670 ὁ
363 4619 576 4690 Κύριος
619 4623 782 4674 ἔδωκε
817 4623 912 4692 τὴν
954 4625 1165 4694 ἡμέραν
1211 4627 1412 4697 ταύτην
1460 4629 1729 4683 Σάϐϐατα.
1780 4632 1876 4682 Διὶ

283 4713 407 4781 γὰρ
435 4712 594 4764 τοῦτο
615 4715 773 4776 αὐτὸς
806 4716 1002 4768 ἔδωκεν
1041 4719 1166 4787 ὑμῖν
1205 4722 1266 4789 τῇ
1300 4720 1478 4790 ἡμέρα
1501 4724 1564 4790 τῇ
1599 4722 1730 4791 ἕκτῃ
1777 4724 1873 4790 ἅρ-

283 4821 424 4864 τους
455 4804 547 4856 δύο
573 4806 795 4876 ἡμερῶν
814 4822 825 4834 ·
860 4807 1154 4861 καθίσασθε
1186 4811 1410 4872 ἕκαστος
1437 4814 1515 4872 εἰς
1544 4812 1666 4872 τοὺς
1698 4811 1875 4874 οἴκους

283 4895 482 4964 ὑμῶν,
516 4896 704 4965 μηδεὶς
726 4897 878 4966 ὑμῶν
904 4899 1282 4967 ἐκπορευέσθω
1313 4903 1372 4951 ὲκ
1394 4900 1484 4950 τοῦ
1523 4901 1684 4951 τόπου
1712 4900 1871 4952 αὑτοῦ

279 4990 349 5056 τῇ
386 4987 570 5058 ἡμέρα⁴
594 4992 658 5059 τῇ
691 4989 910 5059 ἐϐδόμῃ.
947 5008 962 5039 ›
997 4991 1101 5041 Καὶ
1129 4989 1209 5052 τίς
1239 4990 1301 5042 ἂν
1324 4991 1531 5057 γένοιτο
1554 4991 1687 5060 πρὸς
1715 4991 1872 5060 ἡμῶν

282 5079 311 5128 ὁ
338 5080 460 5140 τοῖς
481 5078 792 5149 εἰρημένοις
816 5081 1035 5148 πρέπων
1065 5097 1120 5130 τε
1147 5081 1236 5131 καὶ
1262 5081 1659 5148 ἁρμοδιώτατος
1686 5081 1870 5148 λόγος

284 5169 351 5220 Τί
397 5168 458 5238 δὴ
491 5169 550 5222 τὸ
586 5171 794 5240 ἑσπέρα
827 5173 922 5239 μὲν
963 5171 1056 5239 τὴν
1101 5172 1512 5240 ὀρτυγομήτραν
1557 5173 1744 5235 ἐλθεῖν,
1793 5174 1874 5224 δε-

282 5258 481 5311 δόσθαι
522 5260 577 5311 δὲ
623 5263 680 5313 ἐν
725 5263 861 5328 φωτὶ
910 5264 1002 5313 καὶ
1046 5262 1226 5331 ὄρθρῳ
1262 5262 1319 5312 τὸ
1358 5264 1560 5330 pals/va;
1609 5258 1776 5330 Οἶμαι
1819 5266 1872 5316 δὲ

283 5350 469 5417 ἔγωγε
502 5352 1076 5419 πολυπραγμονεῖσθαι
1113 5353 1336 5419 πρέπειν
1359 5369 1370 5381 ·
1405 5356 1494 5405 καὶ
1529 5355 1632 5422 πρό
1675 5372 1734 5422 γε
1766 5357 1872 5407 τῶν

285 5443 499 5506 ἄλλων,
547 5446 597 5497 τί
647 5447 744 5514 μὲν
791 5449 822 5515 ἡ
865 5447 1269 5516 ὀρτυγομήτρα,
1307 5448 1356 5498 τί
1390 5449 1444 5500 δὲ
1484 5451 1573 5501 καὶ
1608 5451 1663 5501 το
1713 5452 1885 5518 μάννα
1936 5471 2146 5523 καταση

286 5539 478 5600 σκιᾶς.

371 5718 420 5750 ⁷³
445 5718 621 5774 Exod.
653 5734 761 5786 xvi,
795 5718 972 5776 lli-‘20.
1047 5720 1088 5748 ’5
1126 5719 1257 5772 ibi-ll.
1291 5719 1378 5786 23,
1403 5721 1510 5788 Eli,

1973 4545 2126 4598 dedit
2149 4545 2306 4599 vobis
2331 4545 2476 4600 diem
2509 4547 2650 4602 hanc
2673 4547 2992 4602 Sabbatum.
3026 4548 3254 4617 Propter
3293 4547 3398 4600 hoc
3435 4547 3549 4614 ipse

1973 4633 2124 4686 dedit
2147 4633 2305 4687 vobis
2328 4633 2418 4688 die
2446 4643 2598 4688 sexto
2621 4652 2790 4704 panes
2820 4637 3054 4690 duorum
3091 4637 3328 4699 dierum,
3365 4635 3550 4688 sedete

1975 4724 2354 4793 unusquisque
2409 4726 2464 4780 in
2516 4728 2772 4782 domibus
2815 4729 3032 4793 vestris,
3079 4729 3264 4782 nullus
3305 4735 3549 4780 vestrum

1973 4814 2289 4883 egrediatur
2316 4833 2346 4870 e
2371 4817 2493 4872 loco
2516 4833 2615 4871 suo
2641 4819 2728 4874 die
2751 4821 2983 4890 septimo
3006 4821 3070 4872 ⁷⁸.
3106 4841 3124 4870 ι
3147 4819 3402 4884 Qumnam
3420 4832 3551 4870 vero

1979 4915 2159 4973 potest
2180 4923 2210 4961 a
2234 4908 2397 4962 nobis
2420 4910 2682 4979 assignari
2715 4913 2854 4966 ratio
2872 4913 3023 4965 hisee
3041 4909 3203 4963 dictis
3221 4907 3551 4960 conveniens

1979 5002 2322 5072 maximeque
2363 5004 2602 5058 idonea?
2640 5003 2837 5068 Quare,
2877 5004 3127 5062 obsecro,
3176 4999 3428 5053 coturnix
3461 5015 3550 5052 ve-

1977 5092 2122 5160 speri
2165 5095 2335 5156 venit,
2381 5110 2577 5148 manna
2627 5109 2760 5146 vero
2807 5093 3050 5146 diluculo
3075 5105 3138 5144 ac
3181 5103 3338 5143 mane
3364 5089 3548 5141 datum

1977 5182 2102 5234 est?
2127 5181 2392 5249 Equidem
2423 5199 2520 5250 par
2558 5199 2677 5238 esse
2712 5182 2968 5243 arbitror,
3000 5189 3062 5234 ut
3085 5185 3338 5234 accurate
3365 5177 3433 5228 dc
3468 5177 3552 5230 his

1980 5268 2322 5336 inquiramus
2348 5286 2362 5332 ;
2387 5285 2448 5322 ac
2473 5283 2582 5336 pra:
2606 5267 2818 5320 caeteris
2833 5267 2962 5334 quid
2981 5265 3251 5326 coturnix,
3270 5259 3401 5329 quid
3421 5260 3550 5312 item

1980 5376 2179 5413 manna
2209 5360 2433 5428 ﬁgurate
2456 5376 2522 5414 ac
2549 5360 2715 5412 veluti
2751 5359 2806 5411 in
2835 5357 3044 5410 umbrm
3064 5355 3234 5426 ﬁgura
3259 5351 3547 5422 signiﬁcet.

2156 5453 2396 5522 μαίνοιεν
2444 5453 2510 5507 ἂν
2555 5451 2964 5522 αἰνιγματωδῶς
3025 5452 3120 5505 καὶ
3187 5451 3261 5511 ὡς
3308 5448 3366 5499 ὲν
3397 5444 3552 5522 τύπῳ

1568 5720 1611 5748 ⁷³³
1644 5718 1774 5772 ibid.
1807 5719 1998 5774 εει-πθ.
