4066 6282
543 334 649 391 455

1579 327 1637 382 5.
1676 324 1948 384 CYRILLI
1991 277 2460 382 ALEXANDRINl
2496 327 2814 384 ARCHIEP.

3695 329 3803 386 656

613 450 668 505 3.
695 448 852 516 Quod
863 449 1029 520 igitur
1045 434 1155 502 vita
1171 443 1608 502 Judmornm'non
1622 442 1694 498 sit
1708 441 1880 498 libera
1895 457 1926 497 a
1939 455 2134 496 carna—

2303 446 2371 508 γθ.
2404 440 2526 494 Ὅτι
2557 442 2735 498 τοίνυν
2757 440 3035 512 σαρκικῶν
3062 439 3368 510 ιπιθυμιῶν
3393 439 3494 494 οὐκ
3524 440 3803 512 ἀπηλλαγ-

546 544 693 598 libus
703 532 1179 610 concupisCentiis,
1196 537 1352 592 facile
1369 537 1492 606 quis
1505 535 1855 600 intellexerit,
1873 533 2128 589 evidens-

547 649 656 703 que
677 637 1060 702 argumentum
1076 626 1266 694 fuerit,
1281 626 1428 697 quod
1448 640 1642 679 carnes
1662 623 2006 694 [Egyptiacas
2023 620 2128 678 sibi

551 724 604 780 in
640 725 827 780 cibum
866 727 1134 790 quaerant,
1169 727 1519 786 mentemque
1543 715 1631 770 his
1662 714 1878 770 deliciis
1904 714 2126 778 victam,

2235 531 2370 602 μένη
2389 530 2499 586 τῶν
2513 529 2976 602 Ἰουδαίωνήζωή,
2998 532 3154 584 νοοῖτ’
3174 530 3240 584 ἂν
3265 530 3509 594 εἰκότως,
3539 529 3635 595 καὶ
3656 531 3804 600 ἐλέγ-

2231 624 2340 692 ξειε
2375 623 2561 695 σαφῶς
2575 624 2636 678 τὸ
2651 623 2887 694 ἐδώδιμα
2903 621 3172 676 ποιεῖσθαι
3190 621 3370 692 ζητεῖν
3386 622 3454 676 τὰ
3472 623 3532 676 ὲν
3547 622 3810 695 Αἰγύπτῳ

2203 753 2208 757 -
2230 717 2388 788 κρέα,
2421 717 2516 772 καὶ
2533 719 2654 780 ταῖς
2680 718 2760 781 εἰς
2780 715 2938 770 τοῦτο
2960 717 3154 787 ῥοπαῖς
3172 717 3422 786 ὲκνενικη
3430 715 3609 785 μένον,
3627 733 3814 787 μονον-

548 827 615 868 ac
636 809 920 883 tyrannide
944 823 1263 880 oppressam
1300 807 1559 862 habeant.
1593 806 1741 861 Nihil
1773 819 1905 860 vero
1937 806 2042 860 tale
2074 804 2131 858 in

2246 807 2352 878 ιυχὶ
2388 807 2442 861 δὲ
2476 807 2570 862 καὶ
2599 806 3028 879 τυραννούμενον
3065 806 3211 878 ἔχειν
3243 807 3335 861 τὸν
3365 806 3508 860 νοῦν.
3549 807 3688 860 Ἀλλ’
3710 809 3812 861 οὐκ

549 905 709 960 nobis
733 902 1004 958 invenias.
1038 900 1374 957 Sanctiﬁcati
1391 899 1540 954 enim
1572 913 1764 953 sumus
1797 897 1854 951 in
1884 895 2128 960 Christo,

544 1003 716 1063 atque
745 992 850 1047 ista
868 991 1076 1046 carnali
1103 989 1452 1045 immunditia
1481 987 1794 1057 superiores
1836 986 2128 1040 evasimus.

550 1082 883 1156 2890uod
901 1083 1122 1154 quidem
1146 1089 1381 1136 testatur
1407 1080 1628 1134 divinus
1660 1079 1862 1133 Paulus
1895 1077 1969 1132 ita
1993 1077 2132 1132 scri-

551 1175 690 1230 bens
710 1194 754 1228 :c
773 1173 876 1241 Qui
889 1181 1020 1228 sunt
1042 1173 1098 1228 in
1109 1172 1720 1236 ChristoJesu,carnem
1737 1168 2136 1230 ,cruciﬁxerunt

553 1282 680 1321 cum
707 1267 998 1322 affectibus
1042 1273 1098 1319 et
1142 1263 1614 1334 concupiscentiis
1645 1259 1712 1315 ⁷⁷.
1746 1281 1763 1312 ι
1795 1260 2008 1330 Ecquid
2050 1266 2136 1314 est

560 1377 578 1408 ι
605 1355 1040 1412 cruciﬁxerunt?
1064 1374 1082 1406 ι
1121 1354 1228 1408 nisi
1251 1353 1398 1424 quod
1439 1368 1560 1409 sese
1590 1351 1922 1407 tradiderint
1945 1351 2133 1416 morti,

554 1446 830 1518 spirituali
860 1446 1147 1510 nimirum,
1167 1461 1276 1499 non
1295 1445 1533 1514 amplius
1551 1444 1847 1499 carnaliter
1875 1443 2134 1510 vivendo,

553 1548 720 1609 atque
750 1538 1086 1608 temporaria
1135 1537 1442 1606 sapiendo;
1491 1537 1588 1592 sed
1636 1537 1823 1607 potius
1861 1556 1878 1587 (
1903 1535 2136 1590 mortiﬁ-

559 1627 1025 1682 cantesmembra
1067 1635 1311 1688 terrena,
1365 1626 1780 1691 scortationem,
1838 1625 2138 1680 immundi-

557 1715 714 1780 tiam,
741 1714 998 1770 allectum
1017 1755 1031 1779 ,
1061 1715 1565 1784 concupiscentiam
1592 1716 1788 1770 malam
1807 1715 1907 1780 7°,»
1941 1725 1996 1770 et
2023 1731 2140 1771 θυι·-

2230 899 2296 952 ἃν
2335 899 2507 970 ὁρῷτο
2538 898 2606 952 τὰ
2645 898 2768 952 καθ’
2793 901 2942 970 ἡμᾶς
2974 901 3032 952 ἐν
3061 897 3290 962 τούτοις.
3335 885 3674 970 Ἡγιάσμεθα
3704 898 3812 970 γὰρ

2233 992 2289 1044 ὲν
2311 991 2553 1062 Χριστῷ,
2578 992 2674 1045 καὶ
2689 992 2854 1062 ἐσμὲν
2882 990 3139 1045 ἐπέκεινα
3161 990 3427 1061 σαρκικῆς
3448 989 3808 1062 ἀκαθαρσίας.

2247 1082 2717 1152 Ἐπιμαρτυρήσει
2767 1081 2826 1135 δὲ
2877 1081 3104 1152 γράφων
3156 1082 3190 1133 6
3235 1080 3522 1142 θεσπέσιος
3565 1079 3810 1144 Παῦλος·

2240 1193 2258 1226 ι
2307 1175 2370 1227 Ol
2405 1173 2459 1226 δὲ
2501 1173 2596 1227 τοῦ
2634 1172 2872 1243 Χριστοῦ
2912 1172 3108 1244 Ἰησοῦ,
3132 1171 3230 1244 τὴν
3257 1173 3434 1243 σάρκα
3455 1167 3814 1244 ἐσταύρωσαν

2237 1266 2333 1318 σὺν
2363 1267 2474 1328 τοῖς
2507 1264 2795 1334 παθήμασι
2827 1265 2922 1318 καὶ
2939 1266 3060 1326 ταῖς
3085 1260 3440 1334 ἐπιθυμίαις.¹
3459 1281 3478 1314 ι
3512 1264 3624 1318 Καὶ
3650 1263 3704 1316 τί
3730 1263 3813 1326 τὸ,

2241 1371 2260 1404 ι
2294 1353 2686 1424 ὲσταύρωσαν;
2741 1371 2759 1403 ι
2817 1352 2935 1406 ἀντὶ
2982 1351 3097 1414 τοῦ,
3128 1351 3343 1421 θανάτῳ
3374 1351 3815 1423 παραδεδώκασι,

2236 1445 2411 1516 νοητῷ
2436 1445 2696 1515 δηλονότι,
2725 1443 2812 1498 διά
2840 1461 2906 1514 γε
2932 1444 2993 1498 τὺ
3030 1444 3104 1515 μὴ
3143 1443 3430 1514 ἀνέχεσθαι
3461 1443 3604 1497 κατὰ
3639 1444 3819 1516 σάρκα

2237 1534 2357 1607 ζῇν,
2391 1538 2529 1607 μήτε
2566 1537 2672 1606 μὴν
2695 1534 2910 1589 ἑλέσθαι
2953 1538 3170 1606 φρονεῖν
3209 1534 3280 1586 τὰ
3310 1535 3644 1606 πρόσκαιρα,
3713 1551 3819 1587 κα-

2237 1625 2533 1701 τανεκροῦν
2573 1623 2630 1680 δὲ
2661 1626 2860 1696 μᾶλλον
2883 1626 2950 1679 τὰ
2986 1625 3123 1696 μέλη
3155 1625 3221 1678 τὰ
3249 1624 3342 1677 ἐπὶ
3372 1627 3494 1695 γῆς,
3542 1624 3821 1695 πορνείαν,

2239 1718 2430 1782 πάθος,
2459 1717 2752 1788 ἐπιθυμίαν
2765 1717 2966 1789 κακὴν,
3005 1717 3100 1770 καὶ
3121 1718 3444 1786 περιπατεῖν
3469 1716 3568 1786 μὲν
3589 1715 3821 1786 ὲπὶγῆς,

557 1806 816 1861 bulantes
841 1805 1068 1876 quidem
1096 1808 1338 1871 interra,
1366 1815 1493 1862 toto
1537 1814 1721 1862 autem
1752 1816 1976 1878 pectore
2000 1824 2134 1864 con-

2246 1809 2519 1881 γλίχεσθαι
2553 1809 2609 1862 δὲ
2625 1785 2842 1881 *σφόδρα
2863 1785 2970 1862 τιῦν
3007 1809 3120 1864 ἄνω
3155 1785 3590 1878 πολιτευμάτων.
3619 1785 3825 1878 Διαμέ-

559 1898 853 1953 tendentes
884 1905 1050 1968 atque
1074 1898 1384 1968 aspirantes
1401 1899 1469 1954 ad
1493 1899 1661 1952 vitam
1680 1915 1999 1969 supernam.
2027 1899 2138 1954 Me-

557 1989 838 2044 minerunt
907 1989 1056 2043 enim
1125 2005 1297 2044 sacrae
1371 1989 1671 2060 Scriptura:
1743 1989 2134 2046 cxclamantis:

569 2099 589 2132 ε
623 2079 832 2150 Spiritu
861 2080 1164 2145 ambulate,
1196 2089 1252 2134 et
1277 2081 1785 2151 concupiscentiam
1812 2081 1997 2136 carnis
2026 2096 2138 2134 non

558 2172 857 2250 perﬁcietis
874 2174 942 2226 ⁷³.
971 2192 990 2224 ›
1007 2173 1159 2228 Mens
1192 2174 1362 2245 igitur
1381 2174 1696 2229 Judzeorum
1719 2174 1936 2229 inﬁrma
1955 2182 2060 2239 est,
2084 2181 2140 2228 et

561 2265 631 2320 ab
684 2266 982 2322 aﬂ‘ectuum
1033 2267 1487 2336 corruptionibus
1526 2267 1687 2322 facile
1751 2274 2137 2337 expugnatur:

559 2357 762 2426 quippe
797 2373 919 2426 quae
942 2357 1126 2412 adhuc
1174 2366 1323 2411 amet
1358 2358 1621 2422 carnalia,
1653 2365 1710 2411 et
1751 2366 1968 2411 terrena
2013 2371 2143 2410 con-

560 2448 828 2517 cupiscat.
861 2448 977 2501 Hoc
1009 2455 1193 2502 autem
1219 2448 1400 2512 nobis,
1433 2456 1494 2502 ut
1520 2448 1656 2512 dixi,
1693 2464 1792 2518 per
1825 2446 2142 2502 coturnices

559 2538 923 2608 signiﬁcatur.
975 2537 1051 2592 Ac
1075 2539 1282 2608 praebet
1319 2538 1543 2608 quidem
1581 2539 1729 2593 Deus
1766 2537 2139 2608 cupientibus,

562 2644 672 2684 non
699 2630 987 2698 impellens
1028 2646 1123 2684 eos
1147 2631 1214 2684 ad
1265 2631 1792 2700 concupiscendum,
1836 2645 2016 2700 neque
2041 2630 2142 2685 ad-

564 2723 673 2777 huc
695 2722 1007 2777 concedens
1042 2711 1262 2777 fortiter
1305 2722 1594 2778 aﬂ‘cctibus
1641 2723 1932 2789 resistere;
1965 2739 2143 2793 neque

561 2813 713 2869 enim
749 2813 815 2868 iis
848 2814 943 2882 qui
986 2813 1091 2868 sub
1118 2814 1236 2883 lege
1282 2822 1411 2868 sunt
1439 2817 1697 2869 convenit
1736 2814 1996 2885 splendor
2018 2817 2144 2870 vita:

559 2914 618 2961 et
639 2905 883 2976 perfecta
909 2905 1292 2969 sanctilicatio,
1327 2906 1421 2960 sed
1451 2906 1519 2968 iis
1542 2906 1726 2974 potius
1777 2906 1873 2975 qui
1901 2906 1957 2960 in
1985 2905 2145 2962 Chri-

560 3003 648 3050 sto
671 3001 819 3060 sunt,
840 3002 1114 3050 servatur.
1132 2994 1287 3050 Unde
1313 3003 1368 3048 et
1388 3002 1771 3050 testamentum
1785 3007 1989 3051 novum
2011 3011 2141 3066 pro-

2242 1919 2438 1972 μνηται
2485 1901 2594 1970 γὰρ
2624 1900 2855 1971 βοῶντος
2900 1899 3230 1970 Γρὰμματος
3264 1896 3432 1969 ἱεροῦ·
3475 1917 3494 1950 ι
3542 1897 3826 1968 Πνεύματι

2239 1996 2614 2065 περιπατεῖτε,
2646 1993 2742 2046 καὶ
2766 1991 3061 2063 ἐπιθυμίαν
3088 1989 3292 2060 σαρκὸς
3319 1990 3378 2042 ού
3401 1989 3477 2061 μὴ
3507 1987 3821 2059 τελέσητε.»

2252 2086 2512 2158 Ἀδρανὴς
2543 2081 2636 2138 οὗν
2678 2085 2786 2155 ἄρα
2821 2082 2932 2136 τῶν
2996 2081 3266 2136 Ἰουδαίων
3308 2082 3338 2134 6
3391 2081 3539 2146 νοῦς,
3581 2080 3674 2133 καὶ
3703 2081 3828 2142 ταῖς

2237 2177 2346 2230 τῶν
2373 2175 2561 2230 παθῶν
2585 2174 2912 2247 προσϐολαῖς
2934 2171 3068 2226 πολὺ
3091 2173 3155 2243 δὴ
3177 2172 3296 2226 λίαν
3317 2171 3825 2238 εὐκαταγώνιστος·

2241 2270 2342 2340 ἐρᾷ
2369 2269 2477 2339 γὰρ
2513 2267 2592 2321 ἐτι
2623 2266 2733 2320 τῶν
2761 2267 3064 2337 σαρκικῶν,
3098 2267 3192 2320 καὶ
3221 2268 3449 2337 ἡττᾶται
3476 2265 3586 2318 τῶν
3627 2264 3829 2332 γεωδε-

2243 2359 2471 2429 στέρων.
2501 2357 2672 2411 Ταυτὶ
2700 2356 2758 2409 δὲ
2791 2358 2947 2427 ἡμῖν,
2975 2355 3051 2419 ὡς
3081 2354 3243 2427 ἔφην,
3269 2354 3361 2407 διὰ
3389 2357 3488 2426 τῆς
3515 2353 3831 2426 ὀρτυγομή-

2241 2467 2378 2520 τρας
2433 2448 2776 2518 σημαίνεται.
2830 2447 3044 2518 Ὀρέγει
3088 2464 3154 2516 γε
3182 2446 3289 2517 μὴν
3317 2443 3638 2517 ἐπιζητοῦσι
3668 2445 3826 2508 Θεὸς,

2242 2541 2340 2611 οὐχ
2368 2540 2543 2594 ἕλκων
2572 2539 2736 2602 αὐτὸς
2776 2540 2857 2602 εἰς
2902 2537 3220 2610 ἐπιθυμίας,
3249 2535 3403 2591 οῦπω
3446 2537 3503 2590 δὲ
3551 2535 3730 2598 διδοὺς
3775 2535 3832 2590 τὸ

2243 2631 2754 2686 κατανεανιεύεσθαι
2787 2628 2974 2682 παθῶν
2999 2646 3012 2659 ·
3063 2630 3144 2682 ὅτι
3207 2629 3281 2699 μὴ
3335 2630 3448 2692 τοῖς
3476 2629 3537 2682 ὲν
3588 2627 3742 2698 νόμῳ
3776 2626 3831 2681 τὸ

2244 2724 2522 2795 ἐκπρεπὲς
2549 2723 2628 2785 εἰς
2655 2720 2826 2791 ζωὴν,
2855 2720 2949 2774 καὶ
2989 2720 3051 2774 τὸ
3077 2722 3154 2784 είς
3187 2719 3333 2773 ἅπαν
3363 2719 3723 2791 ἡγιασμένον,
3745 2737 3832 2773 τε·

2244 2820 2449 2890 τήρητο
2498 2817 2556 2870 δὲ
2613 2813 2812 2887 μᾶλλον
2851 2815 2962 2878 τοῖς
2997 2814 3056 2866 ὲν
3081 2806 3374 2884 πνεύματι.
3407 2813 3703 2884 Τοιγάρτοι
3738 2813 3832 2867 καὶ

2245 2908 2511 2980 διαθήκην
2536 2908 2729 2978 καινὴν
2758 2905 3122 2974 ἐπηγγείλατο
3150 2903 3241 2957 διὰ
3270 2905 3554 2976 προφήτου
3581 2904 3745 2967 Θεὸς,
3769 2904 3830 2957 ού

2248 3003 2369 3055 κατ’
2402 3001 2616 3070 ἐκείνην
2646 3001 2747 3072 τὴν
2770 2999 3014 3071 πρώτην,
3043 2998 3126 3050 ὅτι
3159 2995 3233 3066 μὴ
3268 2995 3380 3066 ἔχει
3406 2996 3470 3049 τὸ
3503 2995 3830 3066 ἄμεμπτον·

563 3087 717 3141 misit
735 3087 880 3140 Deus
905 3102 1004 3156 per
1034 3087 1384 3156 prophetam,
1414 3103 1527 3141 non
1579 3087 1740 3157 quale
1777 3088 1934 3157 prius
1985 3087 2143 3153 illud,

2251 3091 2442 3161 ἑτέραν
2476 3089 2532 3142 δὲ
2557 3090 2649 3142 καὶ
2675 3086 3072 3157 πνευματικὴν,
3099 3083 3340 3138 τελειοῦν
3371 3084 3666 3155 ἰσχύουσαν
3696 3085 3835 3138 κατὰ

563 3177 710 3248 quod
729 3193 838 3232 non
854 3177 960 3232 fuit
981 3178 1206 3232 omnino
1223 3177 1709 3248 irreprehensihile
1731 3197 1743 3232 :
1769 3179 1865 3234 sed
1887 3179 2142 3246 alterum,

563 3267 715 3337 quod
765 3276 851 3322 est
901 3267 1211 3336 spirituale,
1258 3268 1518 3337 quodque
1551 3268 1819 3344 perlicere
1854 3277 2036 3338 potest
2084 3285 2149 3324 ac

563 3373 949 3413 consummare
1006 3374 1104 3413 eos
1140 3360 1234 3427 qui
1288 3359 1651 3424 crediderint,
1706 3359 1762 3413 in
1789 3360 2148 3416 conscientia.

566 3449 703 3502 Vide
731 3458 914 3502 autem
943 3464 1054 3516 quo
1079 3459 1241 3518 pacto
1270 3450 1488 3518 vesperi
1529 3449 1626 3502 ﬁat
1682 3452 2034 3506 coturnicum
2057 3468 2152 3508 vo-

567 3545 713 3598 latus
736 3543 803 3597 ad
831 3543 1147 3596 Iudaeorum
1171 3558 1519 3613 synagogam.
1551 3541 1642 3596 Ait
1671 3544 1818 3598 enim
1841 3562 1853 3596 :
1887 3565 1905 3596 ι
1924 3545 2151 3600 Factum

567 3642 655 3689 est
681 3648 936 3703 vespere,
963 3643 1018 3686 et
1059 3634 1307 3688 ascendit
1352 3634 1606 3687 coturnix
1634 3651 1647 3687 :
1678 3652 1695 3684 ι
1723 3633 1948 3704 oblique.
1991 3636 2152 3691 nobis

569 3727 835 3781 innuente
891 3725 1063 3796 ﬁgura
1116 3712 1263 3794 quod
1308 3724 1403 3794 qui
1453 3725 1691 3779 terrenis
1735 3725 1903 3780 rebus
1945 3725 2152 3781 addicti

571 3828 728 3881 sunt,
758 3833 866 3872 non
881 3826 1179 3872 versentur
1207 3817 1264 3872 in
1311 3817 1435 3872 lucc
1481 3816 1836 3887 intelligibili,
1868 3818 1966 3872 sed
2023 3824 2149 3872 tan-

567 3925 731 3979 quam
755 3910 812 3964 in
838 3919 1001 3965 nocte
1032 3925 1095 3964 ac
1127 3908 1393 3964 tenebris.
1418 3908 1598 3978 Atque
1622 3908 1697 3962 ita
1725 3909 1954 3964 omnino
1975 3925 2034 3964 se
2059 3924 2152 3964 res

570 4003 755 4067 habet,
780 4004 909 4072 quia
951 4017 1109 4057 mens
1149 4002 1466 4057 Judaeorurn
1516 4015 1864 4071 nequaquam
1916 4002 2150 4057 liberata

568 4100 655 4148 est
678 4095 748 4148 ab
773 4096 1050 4163 imperitia
1091 4104 1149 4148 et
1178 4096 1430 4149 caecitate
1476 4101 1642 4162 atque
1665 4093 1898 4163 caligine
1947 4093 2151 4147 intelli-

570 4182 745 4252 gibili.
787 4182 925 4235 llinc
951 4191 1008 4235 et
1028 4181 1283 4235 Christus
1305 4181 1596 4246 exclamat,
1619 4180 1837 4235 dicens:
1860 4199 1877 4231 ι
1897 4181 2009 4251 Ego
2030 4195 2154 4234 sum

573 4275 670 4328 lux
714 4273 906 4326 mundi
937 4272 1004 4324 ⁸⁸.
1039 4290 1056 4322 ι
1090 4271 1152 4325 1η
1193 4272 1430 4342 caligine
1478 4276 1664 4340 itaque
1720 4279 1778 4324 et
1804 4271 1860 4326 in
1911 4271 2155 4326 tenebris

575 4371 722 4427 sunt,
743 4362 836 4432 qui
853 4362 1100 4416 nondum
1125 4370 1455 4431 receperunt
1480 4360 1667 4425 ﬁdem,
1683 4362 1887 4430 quippe
1907 4362 2002 4430 qui
2018 4377 2156 4415 non-

2252 3182 2556 3252 συνείδησιν
2585 3181 2712 3242 τοὺς
2741 3179 3116 3241 πιστεύοντας.
3141 3177 3250 3230 Θέα
3277 3177 3334 3230 δὲ
3363 3176 3552 3248 ὥσπερ
3584 3176 3645 3230 ὲν
3673 3175 3836 3231 ἑσπέ-

2253 3291 2324 3346 ρᾳ
2349 3273 2428 3346 [ἡ]
2455 3275 2562 3328 τῶν
2583 3275 2894 3345 ὁρτυγομητ
2902 3272 3010 3342 ρῶν
3034 3271 3242 3340 γίνεται
3261 3270 3398 3341 πρὸς
3417 3271 3520 3340 τὴν
3561 3268 3839 3323 Ἰουδαίων

2252 3367 2580 3437 Συναγωγὴν
2606 3367 2826 3435 πτῆσις.
2861 3365 3001 3435 Φησὶ
3029 3365 3156 3437 γάρ·
3191 3383 3208 3416 ι
3249 3365 3497 3433 Ἐγένετο
3523 3362 3578 3416 δὲ
3603 3363 3838 3443 ἑσπέρα,

2252 3459 2348 3513 καὶ
2377 3459 2542 3528 ἀνέϐη
2575 3458 2988 3529 ὀρτυγομήτρα·
3031 3477 3048 3508 ›
3083 3457 3328 3526 πλαγίως
3363 3458 3495 3527 ήμῖν
3522 3455 3619 3508 τοῦ
3651 3456 3839 3527 πράγ-

2255 3567 2423 3621 ματος
2454 3549 2910 3619 ὑπεμφαίνοντος,
2936 3549 3018 3601 ὅτι
3050 3547 3184 3619 μηδέ
3214 3548 3362 3600 ἐστιν
3397 3547 3456 3600 ὲν
3485 3547 3626 3615 φωτὶ
3661 3543 3842 3615 νοητῷ

2250 3642 2360 3696 τῶν
2389 3643 2592 3712 γηΐνων
2620 3643 2648 3693 6
2680 3641 2936 3711 ἐραστὴς,
2969 3639 3082 3700 ἀλλ’
3121 3639 3197 3702 ὡς
3225 3641 3283 3693 ὲν
3311 3637 3468 3698 νυκτὶ
3500 3639 3596 3692 καὶ
3631 3637 3841 3705 σκότῳ.

2253 3734 2362 3787 Καὶ
2392 3733 2455 3786 τὸ
2491 3730 2685 3802 χρῆμά
2711 3731 2879 3795 ἐστιν,
2906 3731 2968 3784 οὐ
2993 3728 3396 3800 διεψευσμένως
3413 3745 3426 3759 ·
3464 3726 3717 3796 ἀμαθίας
3735 3724 3844 3797 γὰρ

2253 3823 2348 3877 καὶ
2377 3821 2708 3892 πωρώσεως,
2737 3821 2905 3892 ήγουν
2935 3819 3134 3890 ἀχλύος
3159 3819 3259 3886 τῆς
3286 3817 3506 3889 νοητῆς,
3535 3818 3564 3870 6
3581 3817 3700 3872 τῶν
3716 3819 3848 3872 ἰου-

2252 3913 2416 3968 δαίων
2449 3913 2554 3966 οὐκ
2592 3912 2938 3983 ἀπήλλακται
2967 3911 3112 3974 νοῦς.
3157 3909 3449 3980 Τοιγάρτοι
3499 3909 3594 3963 καὶ
3637 3911 3672 3962 6
3712 3910 3842 3980 Χρι-

2255 4003 2377 4067 στος
2439 4002 2782 4074 προσεφώνει
2829 4001 3003 4070 λέγων
3031 4018 3047 4035 ·
3106 4019 3125 4051 ο
3166 3999 3309 4069 Ἐγώ
3337 4001 3456 4072 είμι
3487 4000 3549 4052 τὸ
3584 3999 3713 4067 φῶς
3751 3997 3848 4053 τοῦ

2253 4095 2481 4165 κόσμου.
2513 4114 2532 4147 ι
2591 4093 2682 4148 Ἐν
2739 4092 2902 4164 άχλύῖ
2957 4092 3023 4163 δὴ
3095 4087 3188 4146 οῦν
3249 4091 3345 4145 καὶ
3400 4092 3479 4154 ὡς
3544 4092 3606 4146 ὲν
3666 4091 3850 4159 σκότῳ

2252 4181 2436 4236 λοιπὸν
2483 4181 2533 4235 ol
2597 4180 2751 4235 οὔπω
2796 4180 3257 4245 πεπιστευκότες·
3305 4181 3369 4235 οὐ
3418 4180 3529 4252 γὰρ
3577 4181 3850 4250 ἀφίκοντο

2254 4273 2393 4342 πρὸς
2445 4271 2688 4342 τὺοφῶς.
2749 4273 2896 4342 Ἔφη
2941 4271 2996 4324 δέ
3047 4289 3151 4326 που
3207 4272 3344 4344 ’περί
3401 4288 3462 4324 τε
3509 4271 3620 4325 τῶν
3673 4274 3849 4343 Φαρι-

2257 4363 2422 4416 σαίων
2491 4363 2586 4448 καὶ
2650 4362 2760 4416 τῶν
2830 4363 2936 4416 ὑπὸ
2987 4366 3144 4434 χεῖρα
3215 4362 3393 4426 λαῶν,
3461 4364 3490 4416 6
3557 4361 3846 4433 Χριστός·

573 4455 706 4509 dum
727 4453 983 4509 venerint
1001 4453 1068 4506 ad
1100 4451 1301 4506 lucem.
1344 4452 1436 4506 Ait
1461 4451 1610 4506 enim
1634 4451 1766 4506 alibi
1802 4451 2058 4506 Christus
2081 4451 2143 4507 de

2261 4473 2278 4506 ι
2324 4440 2771 4524 Ἀφετεάύτούς·
2803 4454 2994 4524 τυφλοὶ
3021 4455 3129 4525 γάρ
3150 4455 3311 4521 εἰσιν,
3341 4455 3523 4525 ὁδηγοὶ
3549 4453 3801 4523 τυφλῶν.
3825 4470 3844 4502 ›

575 4542 866 4601 Pharisazis
912 4550 969 4597 et
1017 4542 1221 4613 populo
1269 4543 1404 4613 ipsis
1441 4542 1725 4613 subjecto:
1778 4541 1990 4596 «Sinite
2036 4556 2152 4607 eos,

576 4635 710 4689 caeci
734 4642 885 4697 sunt,
911 4643 970 4689 et
993 4634 1165 4688 duces
1211 4648 1483 4688 caecorum
1508 4630 1576 4685 δι.
1601 4650 1618 4683 ›
1645 4632 1798 4686 Mens
1848 4631 2017 4701 igitur
2054 4631 2155 4687 Ju-

574 4726 822 4781 dmorum
853 4739 998 4779 caeca
1030 4731 1086 4778 et
1112 4724 1340 4778 luminis
1357 4739 1578 4792 expers,
1607 4723 1842 4791 ideoque
1866 4723 2050 4777 carnis
2072 4721 2155 4776 ali-

573 4818 813 4875 fectibus
858 4817 1135 4881 laborant,
1183 4822 1287 4870 eta
1334 4815 1570 4869 terrenis
1598 4815 1765 4869 rebus
1795 4814 2152 4884 dependent;

575 4927 774 4969 manna
801 4925 931 4965 vero
985 4923 1277 4964 censemus
1307 4922 1428 4961 esse
1454 4907 1703 4961 umbram
1745 4921 1809 4961 ac
1855 4916 2042 4978 typum
2069 4907 2155 4964 di-

575 5003 820 5072 sciplinae
845 5017 911 5055 ac
931 5001 1207 5055 donorum
1246 4996 1476 5062 Christi,
1513 5012 1636 5066 quae
1667 5012 1697 5052 e
1722 4997 1978 5066 supernis
2003 5007 2153 5064 sunt,

577 5109 755 5163 tneque
779 5092 1079 5162 quidquam
1094 5091 1301 5146 habent
1319 5089 1729 5155 terrenum,sed
1745 5089 1928 5158 potius
1951 5089 2155 5144 abhor-

576 5185 781 5242 rentab
804 5185 909 5238 ista
919 5180 1939 5251 carnaliexsecratione290$untque
1961 5197 2154 5236 revera

577 5293 686 5332 non
709 5277 1000 5331 hominum
1032 5275 1231 5340 solum,
1267 5273 1364 5329 sed
1388 5273 1710 5344 angelorum
1729 5272 1894 5327 etiam
1919 5274 2148 5328 cibaria.

2263 4547 2536 4617 Ἀφεγγὴς
2575 4542 2669 4600 οὖν
2701 4547 2810 4617 ἄρα
2848 4546 2957 4600 τῶν
3009 4545 3275 4603 Ἰουδαίων
3312 4547 3341 4599 ὁ
3374 4544 3525 4609 νοῦς·
3556 4546 3848 4615 τοιγάρτοι

2251 4637 2464 4690 νοσοῦσι
2494 4637 2637 4691 κατὰ
2660 4638 2883 4710 σαρκὸς,
2915 4640 3008 4692 καὶ
3033 4637 3316 4708 μονονουχὶ
3335 4638 3429 4690 καὶ
3461 4637 3852 4708 ὲκκρέμανται

2251 4728 2359 4782 τῶν
2388 4728 2791 4800 γεωδεστέρων.
2832 4712 3178 4800 Λογίούμεθα
3217 4725 3312 4783 οὖν
3351 4728 3414 4782 τὸ
3447 4729 3651 4799 μάννα,
3686 4725 3852 4780 σκιὰν

2253 4817 2393 4874 εἶναι
2430 4821 2525 4875 καὶ
2555 4819 2724 4874 τύπον
2771 4821 2880 4874 τῶν
2924 4821 3012 4874 διὰ
3059 4819 3299 4892 Χριστοῦ
3348 4819 3751 4890 παιδευμάτων
3792 4832 3855 4869 τε

2257 4913 2352 4966 καὶ
2383 4911 2760 4982 χαρισμάτων,
2791 4911 2826 4966 ἃ
2860 4914 2954 4966 καὶ
2982 4911 3188 4966 ἄνωθέν
3223 4915 3339 4966 ἐστι
3375 4913 3468 4966 καὶ
3488 4911 3547 4976 ἐξ
3579 4909 3850 4981 οὐρανοῦ.

2257 5003 2353 5056 καί
2377 5003 2438 5055 τὸ
2466 5002 2664 5070 γεῶδες
2696 5003 2797 5056 οὐκ
2821 5002 2936 5072 ἔχει
2966 5002 3131 5059 ποθέν
3149 5021 3162 5034 ·
3198 5005 3418 5075 ἀμοιρεῖ
3439 5004 3495 5057 δὲ
3523 5003 3735 5074 μᾶλλον
3758 5002 3854 5054 καὶ

2258 5094 2538 5166 βδελυρίας
2568 5094 2859 5166 σαρκικῆς,
2898 5096 2991 5148 καὶ
3047 5095 3195 5149 ἔστιν
3231 5095 3445 5167 άληθῶς
3480 5096 3579 5148 οὐκ
3635 5093 3855 5164 ἀνθρώ-

2258 5203 2374 5239 πων
2403 5187 2582 5256 μόνον,
2633 5185 2770 5240 ἀλλὰ
2822 5186 2916 5239 καὶ
2958 5187 3208 5255 ἀγγέλων
3236 5187 3432 5258 τροφή.
3473 5187 3856 5255 Πεφανέρωκε

2259 5277 2368 5346 γὰρ
2401 5278 2532 5347 ἡμῖν
2564 5278 2594 5330 6
2615 5276 2742 5341 Υίὺς
2775 5278 2834 5330 ἐν
2866 5276 3041 5348 ἐαυτῷ
3070 5277 3161 5330 τὸν
3196 5279 3436 5348 Πατέρα,
3466 5278 3556 5330 καὶ
3585 5277 3688 5330 τὸν
3726 5274 3854 5344 περὶ

577 5369 749 5425 Filius
765 5368 913 5424 enim
944 5368 1001 5422 in
1026 5367 1209 5437 seipso
1235 5366 1454 5422 Patrem
1495 5364 1658 5419 nobis
1681 5363 2070 5428 manifestavit,
2097 5372 2143 5418 el

2261 5367 2359 5437 τῆς
2389 5369 2551 5437 ἁγίας
2574 5368 2666 5422 καὶ
2689 5370 2974 5438 ὁμοουσίου
3003 5369 3231 5439 Τριάδος
3259 5367 3415 5437 λόγον
3441 5368 3508 5422 δι’
3539 5367 3723 5421 αὐτοῦ
3760 5383 3854 5418 1r:-

575 5474 674 5531 per
699 5459 880 5528 ipsum
901 5457 1109 5514 eruditi
1131 5472 1323 5512 sumus
1347 5462 1548 5510 sanctae
1579 5463 1636 5509 et
1669 5454 2143 5510 consubstantialis

2262 5457 2620 5528 πιστεύμεθα,
2670 5460 2766 5512 καὶ
2808 5461 2888 5522 είς
2924 5460 3103 5512 πᾶσαν
3143 5457 3330 5527 τρίϐον
3372 5458 3573 5528 ἀρετῆς
3608 5453 3674 5510 εῦ
3709 5456 3855 5527 μάλα

577 5548 864 5605 Trinitatis
877 5549 1148 5604 rationem
1159 5590 1173 5614 ,
1199 5547 1448 5628 adeoque
1468 5547 1524 5600 in
1536 5561 1755 5601 omnem
1773 5546 1995 5602 virtutis
2010 5547 2143 5601 viam

2265 5549 2717 5621 πεποδηγήμεθα.
2749 5548 2938 5621 Τροφὴ
2959 5549 3015 5602 δὲ
3039 5549 3385 5619 πνευμάτων,
3409 5551 3442 5619 ἡ
3471 5549 3524 5602 ἔν
3541 5565 3608 5616 γε
3640 5551 3858 5612 τούτοις

646 5724 694 5760 ⁸⁷
726 5723 900 5781 Galat.
931 5743 985 5792 ν,
1011 5727 1098 5782 24.
1168 5730 1212 5762 ⁷⁸
1234 5728 1445 5784 Coloss.
1475 5745 1550 5795 lli,
1575 5729 1626 5794 5,
1705 5731 1747 5763 "
1781 5729 1954 5787 Galat.
1980 5747 2032 5799 ν,
2072 5732 2143 5789 l6.

2246 5735 2280 5768 "
2306 5735 2461 5790 Joan.
2490 5695 2621 5809 vin,
2684 5735 2768 5791 12.
2901 5737 2962 5812 fl
2993 5735 3182 5790 Matth.
3221 5752 3306 5803 xv,
3340 5736 3424 5790 14.
