4066 6282
331 377 433 432 657

1353 361 1876 418 GLAPIIYRORUM
1917 361 1983 416 IN
2025 361 2307 418 EXODUM
2348 361 2474 414 LIB.
2524 358 2586 413 II.

3485 349 3586 408 ιεε

332 491 479 546 ἐστὶν
521 483 661 557 ὀρθὴ
703 481 798 536 καὶ
839 477 1127 549 άκίόδηλος
1171 476 1390 545 γνῶσις.
1432 477 1531 548 Εῖη
1565 476 1609 528 δ’
1641 476 1706 529 ἀν
1746 473 1820 537 ὡς
1851 475 1907 525 ἐν

2026 471 2229 545 ξετεεῑε
2257 488 2448 527 sumus
2495 469 2748 524 deducti.
2814 467 2982 522 Porro
3022 467 3421 522 nutrimentum
3478 466 3588 537 spi-

333 582 475 654 φωτὶ
528 579 623 631 καὶ
669 575 856 646 ἡμέρᾳ
886 572 996 625 τῶν
1047 570 1135 624 διὰ
1167 569 1402 642 Χριστοῦ
1463 568 1846 637 παιδευμάτων
1875 567 1909 636 ἡ

335 672 589 747 χορηγία.
621 669 906 738 Τοιγάρτοι
943 666 1004 718 τὸ
1045 665 1221 735 μάννα
1250 661 1512 732 κατεδόθη
1543 662 1657 722 τοῖς
1685 661 1908 729 ἀρχαιο-

332 767 542 838 τέροις,
589 758 986 829 διαυγαξούσης
1020 755 1253 827 ἡμέρας.
1290 755 1381 807 καὶ
1416 751 1768 809 σκιδναμένου
1800 767 1911 819 φω-

335 857 442 917 τός.
473 849 743 922 Διηύγαζε
763 850 873 920 γάρ
890 849 950 901 ὲν
981 849 1113 916 ἡμῖν
1139 847 1251 908 τοὶς
1275 842 1621 897 πιστεύουσιν
1649 841 1684 910 ἡ
1706 839 1908 911 ἡμέρα,

337 945 475 1000 κατὰ
506 945 566 996 τὸ
596 941 1005 1013 γεγραμμένον,
1056 939 1152 992 καὶ
1199 936 1490 1006 φωσφόρος
1537 932 1809 987 ἀνέτειλεν
1856 934 1912 984 ὲν

335 1039 450 1099 ταῖς
480 1034 735 1088 ἁπάντων
774 1031 1054 1102 καρδίαις,
1104 1031 1197 1083 καὶ
1226 1030 1256 1082 6
1289 1028 1388 1097 τῆς
1437 1023 1784 1094 δικαιοσύνης
1824 1025 1914 1075 ἀν-

343 1127 489 1196 ίσχεν
521 1124 691 1195 ἥλιος,
720 1121 966 1174 τουτέστι
1013 1118 1269 1189 Χριστὸς,
1307 1119 1336 1170 6
1375 1114 1469 1168 τοῦ
1514 1112 1703 1184 νοητοῦ
1742 1112 1915 1181 μάννα

337 1217 517 1286 δοτὴρ.
553 1216 675 1267 Ὅτι
710 1212 820 1282 γὰρ
853 1211 928 1274 ὡς
954 1213 1011 1263 ἐν
1039 1211 1208 1263 είκόνι
1239 1209 1337 1280 μὲν
1363 1210 1538 1262 ἐκεῖνο
1573 1203 1634 1259 τὸ
1660 1203 1916 1272 αἰσθητὸν

324 1305 447 1368 ἔτι,
489 1304 550 1356 τὸ
598 1304 653 1355 δὲ
688 1301 887 1371 ἀληθὲς
913 1300 1097 1364 αὐτὸς,
1135 1300 1540 1370 πληροφορήσει
1579 1297 1752 1364 λέγων
1779 1295 1916 1366 πρὸς

350 1396 654 1457 Ἰουδαίουςο
699 1412 718 1445 ι
757 1394 820 1445 υἱ
851 1392 1085 1460 πατέρες
1120 1389 1270 1460 ὑμῶν
1315 1389 1518 1459 ἔφαγον
1552 1387 1611 1440 τὺ
1644 1388 1818 1456 μάννα
1859 1387 1916 1436 ὲν

336 1491 400 1556 τῇ
423 1489 638 1556 ἐρήμῳ,
657 1485 754 1538 καὶ¹
779 1483 1070 1536 ἀπέθανον.
1103 1477 1270 1544 Οὗτός
1292 1484 1437 1534 ἐστιν
1454 1480 1482 1531 6
1499 1480 1661 1550 ἄρτος
1684 1479 1712 1529 6
1732 1477 1796 1527 ὲκ
1821 1473 1916 1526 τοῦ

336 1581 395 1630 ού
407 1573 567 1648 ρανοῦ
593 1573 957 1639 καταϐαίνων,
983 1572 1070 1624 ἵνα
1096 1589 1178 1633 τις
1209 1571 1267 1635 ἐξ
1290 1568 1451 1624 αὑτοῦ
1471 1569 1641 1638 φάγῃ,
1678 1564 1816 1637 [καὶ]
1844 1564 1917 1633 μὴ

339 1668 614 1735 ἀποθάνῃ.
666 1665 805 1732 Ἐγώ
847 1666 960 1734 είμι
997 1666 1026 1716 6
1065 1663 1236 1733 ἄρτος
1265 1665 1293 1715 6
1323 1661 1451 1726 ζῶν,
1475 1661 1505 1712 6
1533 1661 1598 1712 ἐκ
1632 1657 1723 1710 τοῦ
1749 1656 1916 1725 ούρα-

347 1758 514 1830 ρανοῦ
536 1754 798 1817 καταϐάς.
837 1754 960 1807 Ἐάν
991 1769 1074 1815 τις
1103 1754 1253 1822 φάγῃ
1278 1751 1343 1802 ἐκ
1383 1747 1573 1800 τούτου
1600 1744 1694 1797 τοῦ
1726 1744 1914 1813 ἄρτου,

350 1823 512 1915 ζήσει
552 1847 630 1908 είς
661 1845 752 1898 τὸν
784 1843 972 1898 αίῶνα.
1005 1844 1113 1895 Καὶ
1140 1843 1169 1894 6
1202 1840 1366 1910 ἄρτος
1411 1838 1470 1890 ὃν
1522 1834 1632 1904 ἐγὼ
1673 1833 1848 1892 δώσω,
1886 1833 1916 1900 ἡ
1953 1823 1993 1882 Β

354 1939 492 2008 σάρξ
529 1937 628 2007 μού
670 1939 838 2001 ἐστιν,
869 1935 935 2005 ἣν
965 1933 1074 2002 ἐγὼ
1108 1931 1266 1985 δώσω
1297 1931 1436 2000 ὑπὲρ
1463 1929 1562 1998 τῆς
1589 1925 1682 1979 τοῦ
1715 1925 1920 1994 κόσμου

348 2032 518 2101 ζωῆς.
559 2052 577 2084 ι
621 2027 1070 2100 ’Δποτρέφειγάρ
1110 2026 1258 2097 ἡμᾶς
1288 2025 1366 2086 είς
1396 2024 1674 2091 ἀμήρυτον
1707 2017 1848 2087 ζωὴν
1895 2018 1922 2068 6

341 2120 557 2190 Κύριος
586 2119 744 2190 ἡμῶν
792 2117 996 2189 Ἰησοῦς
1039 2117 1304 2188 Χριστὸς,
1351 2114 1444 2167 καὶ
1493 2113 1614 2173 ταῖς
1654 2111 1732 2172 είς
1778 2106 1924 2159 εὐσέ-

341 2211 499 2264 ϐειαν
555 2210 878 2280 ὑποθήκαις,
938 2210 1033 2261 καλ⁵
1077 2207 1147 2259 δι’
1179 2205 1427 2273 εὐλογίας
1471 2204 1568 2272 τῆς
1627 2197 1920 2270 μυστικῆς.

340 2300 516 2362 Αὐτὸς
543 2295 639 2352 οῦν
675 2301 781 2369 ἀρα
825 2299 918 2350 καὶ
957 2299 1024 2350 δι’
1058 2296 1224 2349 αὑτοῦ
1263 2294 1325 2346 τὸ
1367 2293 1540 2364 μάννα
1565 2291 1626 2344 τὸ
1654 2290 1797 2342 θεῖον
1828 2289 1924 2342 καὶ

341 2388 604 2454 ζωοποιὸν
647 2386 885 2456 άληθῶς.
929 2387 1039 2439 Καὶ
1079 2384 1239 2437 τοῦτο
1275 2385 1304 2437 6
1344 2378 1736 2450 κατεδηδοκὼς,
1762 2376 1923 2447 ἀμεί-

341 2500 447 2535 νων
498 2481 619 2533 ἐστὶ
674 2478 902 2548 φθορᾶς,
943 2477 1034 2530 καὶ
1091 2474 1375 2543 ύφαλεῖται
1435 2470 1692 2535 θάνατον,
1734 2469 1834 2537 οὐχ
1875 2468 1922 2518 οἱ

342 2576 611 2645 φαγόντες
633 2573 695 2626 τὸ
717 2572 992 2642 αἰσθητόν.
1028 2571 1101 2621 Ού
1142 2565 1250 2636 γὰρ
1282 2560 1396 2636 ἧνὸ
1429 2561 1599 2622 τύπος
1637 2560 1921 2629 σωτήριος,

263 2726 270 2734 ,
342 2666 719 2722 ὑπεπλάττετο
763 2663 821 2716 δὲ
866 2661 963 2730 τῆς
993 2656 1251 2728 ἀληθείας
1287 2654 1385 2725 τὴν
1422 2654 1728 2724 μόρφωσιν,
1771 2648 1925 2700 Ἐκέ-

341 2761 501 2814 λευσε
540 2759 598 2812 δὲ
627 2758 688 2810 τὸ
731 2755 905 2826 μάννα
933 2755 961 2806 6
987 2752 1138 2817 Θεὸς,
1171 2749 1326 2803 ὑετοῦ
1366 2748 1518 2816 δίκην
1553 2741 1758 2796 ἀνωθεν
1787 2740 1922 2792 καθ-

345 2856 466 2917 ιεὶς,
496 2853 560 2905 τὸ
589 2847 850 2918 ἀποχρῶν
883 2847 1098 2914 ἑκάστῳ
1129 2842 1428 2908 συλλέγειν,
1475 2839 1815 2908 συναγείρειν
1845 2835 1920 2897 δὲ,

350 2948 504 3017 εἴπερ
533 2943 740 2997 ἐλοιντό
764 2958 930 3003 τινες,
965 2939 1059 2992 καὶ
1087 2941 1199 2999 τοῖς
1231 2935 1330 3004 τὴν
1354 2933 1522 3002 αὐτὴν
1556 2931 1764 2983 οἰκοῦσι
1794 2947 1924 2996 σκη-

355 3040 471 3108 νήν.
495 3058 515 3090 ι
537 3039 806 3099 Ἕκαστος
835 3033 964 3103 γὰρ,
994 3032 1148 3101 φησι,
1184 3030 1279 3081 σὺν
1307 3031 1419 3089 τοῖς
1451 3026 1739 3094 συσκήνοις
1770 3022 1924 3091 ὑμῶν

357 3127 661 3192 συλλέξατε,
689 3126 784 3179 καὶ
812 3126 872 3178 ού
905 3121 1282 3190 καταλείψετε,
1309 3119 1492 3186 φησὶν,
1527 3117 1620 3169 ἀπ’
1643 3113 1806 3168 αὑτοῦ
1845 3115 1924 3174 εἰς

348 3222 414 3273 τὸ
449 3219 615 3288 πρωΐ.
643 3235 661 3268 ι
695 3216 816 3287 Χρὴ
844 3215 952 3285 γὰρ
981 3214 1124 3284 ἡμᾶς
1154 3209 1266 3263 τῶν
1297 3208 1455 3262 θείων
1486 3223 1545 3258 τε
1582 3206 1674 3258 καὶ
1695 3205 1924 3271 εὐαγγε-

346 3311 518 3366 λικῶν
538 3305 989 3378 ἀναπίμπλασθαι
1011 3303 1368 3373 μαθημάτων.
1411 3300 1498 3352 Ἐν
1526 3298 1624 3367 ἴσῳ
1652 3297 1716 3366 δὴ
1744 3296 1928 3366 μέτρῳ

352 3404 571 3472 μικροῖς
598 3403 692 3453 καὶ
741 3398 999 3468 μεγάλοις
1033 3395 1376 3463 διανέμοντος
1402 3391 1534 3461 ἡμῖν
1565 3387 1658 3442 τοῦ
1689 3386 1926 3458 Χριστοῦ

347 3497 445 3564 τὴν
475 3493 609 3562 παρ’
637 3491 833 3544 ἑαυτοῦ
874 3490 1050 3559 χάριν,
1073 3486 1167 3538 καὶ
1196 3483 1396 3554 ὁμοίως
1422 3484 1668 3543 ἅπαντας
1697 3478 1928 3547 ἀποτρέ-

347 3601 548 3652 φοντος
585 3585 666 3646 εἰς
703 3581 871 3651 ζωὴν,
913 3579 1251 3647 συναγείρειν
1283 3579 1395 3638 τοῖς
1438 3574 1614 3636 ἄλλοις
1654 3572 1927 3634 ἐθέλοντος

345 3678 468 3738 τοὺς
494 3674 971 3740 εύσθενεστέρους,
1007 3671 1098 3723 καὶ
1131 3668 1306 3739 ἱδροῦν
1345 3667 1486 3736 ὑπὲρ
1524 3665 1798 3732 ἀδελφῶν,
1835 3665 1928 3717 καὶ

346 3772 471 3830 τοὺς
492 3767 658 3829 ἰδίους
681 3766 864 3826 αὐτοῖς
880 3761 1210 3824 ὲκδανείζειν
1237 3760 1454 3822 πόνους,
1483 3759 1576 3811 καὶ
1594 3758 1700 3810 τῶν
1722 3756 1927 3810 ἀνωθεν

347 3856 708 3929 χαρισμάτων
731 3855 902 3906 ποιεῖν
934 3869 993 3905 τε
1015 3848 1325 3910 κοινωνούς.
1357 3847 1466 3899 Καὶ
1496 3845 1651 3898 τοῦτο
1681 3840 1819 3897 εἶναι
1849 3837 1926 3894 ol-

353 3968 450 4020 μαι
481 3949 546 4002 τὸ
576 3947 714 4018 πρὸς
747 3945 943 4006 αὐτοὺς
986 3941 1275 4012 εἰρημένον
1312 3939 1438 4000 τοὺς
1476 3937 1659 4004 ἁγίους
1698 3933 1930 3988 ἀποστό-

348 4044 506 4106 λουςο
549 4061 569 4093 ι
612 4039 834 4110 Δωρεὰν
872 4035 1113 4098 ἐλάϐετε,
1148 4033 1352 4104 δωρεὰν
1386 4031 1522 4083 δότε.
1575 4048 1592 4078 ι
1633 4024 1930 4093 Μονονουχὶ

345 4135 460 4207 γὰρ
493 4134 750 4187 πλεῖστον
786 4130 1003 4190 ἑαυτοῖς
1034 4127 1093 4178 τὸ
1127 4125 1304 4195 μάννα
1347 4119 1714 4186 συλλέγοντες,
1755 4114 1930 4167 διανέ-

350 4245 473 4299 μειν
526 4222 863 4286 ἐσπούδαζον
909 4221 1023 4281 τοῖς
1072 4217 1167 4288 τὴν
1229 4213 1399 4282 αὐτὴν
1445 4209 1649 4263 οἰκοῦσι
1696 4205 1925 4276 σκηνὴν,

343 4317 598 4371 τουτέστι
631 4315 732 4384 τὴν
771 4310 1117 4382 Ἐκκλησίαν.
1147 4305 1428 4360 Διετέλουν
1453 4300 1561 4371 γὰρ
1584 4301 1629 4352 οξ
1655 4299 1928 4351 θεσπέσιοι

345 4407 597 4479 μαθηταὶ
623 4403 1023 4465 νουθετοῦντες,
1043 4399 1443 4470 εἰσηγούμενοι,
1460 4393 1595 4465 πρὸς
1624 4393 1729 4446 πᾶν
1751 4389 1927 4443 ὁτιοῦν

2015 566 2155 618 ritus
2183 573 2284 628 est,
2327 572 2475 617 recta
2527 563 2578 615 in
2610 562 2697 615 his
2723 571 2778 615 et
2815 561 3027 614 sincera
3069 559 3414 630 cognitio.A:
3450 574 3586 612 vero

2015 657 2069 708 in
2087 657 2208 711 luce
2248 670 2313 710 ac
2350 654 2440 709 die
2461 653 2747 723 disciplina
2766 667 2863 722 per
2882 652 3160 707 Christum
3182 652 3585 721 suppeditatur.

2015 748 2170 804 Unde
2227 755 2284 802 ct
2334 763 2534 802 manna
2599 747 2788 801 datum
2855 755 2940 800 est
2998 745 3279 799 veteribus
3331 744 3585 814 splende-

2014 847 2200 892 scente
2260 837 2350 892 die
2393 847 2450 892 et
2510 839 2632 892 luce
2697 837 3014 906 etfulgente.
3069 836 3194 890 Dies
3234 836 3379 889 enim
3412 835 3466 888 in
3493 850 3590 888 no-

2015 927 2100 981 bis
2149 927 2510 982 credentibus
2534 927 2736 990 illuxit,
2769 926 2913 981 sicut
2960 925 3227 995 scriptum
3259 934 3343 977 est
3393 924 3468 988 ";
3531 931 3587 978 et

2014 1018 2212 1074 lucifer
2242 1020 2296 1072 in
2327 1019 2574 1074 omnium
2595 1018 2858 1073 cordibus
2885 1025 2971 1073 cst
3004 1025 3251 1081 exortus,
3278 1023 3333 1070 et
3368 1016 3445 1070 sol
3495 1017 3585 1086 ju-

2016 1110 2180 1164 stitiae
2207 1111 2498 1180 processit,
2541 1110 2648 1165 hoc
2691 1117 2775 1163 est
2817 1108 3094 1171 Christus,
3115 1107 3208 1177 qui
3245 1114 3330 1161 est
3379 1122 3591 1160 manna:

2019 1201 2380 1271 intelligibilis
2403 1201 2649 1270 largitor.
2674 1201 2808 1254 Nam
2834 1200 2980 1270 quod
2997 1199 3129 1253 illud
3157 1197 3416 1252 sensibile
3442 1215 3593 1251 man-

2019 1307 2088 1345 na
2134 1291 2304 1347 fuerit
2345 1293 2504 1361 quasi
2555 1293 2611 1346 in
2647 1292 2840 1362 ﬁgura,
2879 1291 2985 1346 hoc
3032 1299 3215 1345 autem
3258 1289 3332 1345 sit
3376 1306 3592 1348 verum.

2018 1380 2272 1436 Christus
2292 1381 2408 1450 ipse
2463 1381 2769 1435 certissime
2793 1381 2956 1436 nobis
2993 1387 3247 1446 testatur,
3289 1380 3480 1436 dicens
3526 1380 3592 1434 ad

2019 1472 2275 1527 Judaeos:
2327 1473 2557 1528 «Patres
2593 1474 2762 1528 vestri
2809 1474 3044 1529 ederunt
3065 1489 3267 1528 manna
3297 1473 3352 1528 in
3403 1473 3594 1529 deser-

2021 1571 2099 1626 to,
2127 1572 2182 1618 et
2217 1563 2427 1617 mortui
2452 1571 2602 1619 sunt.
2624 1565 2719 1618 Ille
2744 1572 2928 1618 autem
2969 1573 3056 1619 est
3081 1565 3241 1635 panis
3278 1563 3372 1634 qui
3404 1579 3434 1618 e
3459 1564 3598 1619 casio

2021 1652 2326 1718 descendit,
2362 1663 2423 1708 ut
2457 1655 2637 1709 omnis
2660 1655 2837 1726 quiex
2866 1655 2985 1725 ipso
3003 1657 3140 1720 edit,
3164 1672 3276 1711 non
3307 1656 3596 1711 moriatur.

2023 1745 2136 1816 Ego
2177 1760 2298 1800 sum
2356 1746 2514 1816 panis
2570 1745 2780 1811 vivens,
2827 1747 2923 1818 qui
2953 1761 2984 1802 e
3028 1748 3170 1802 caelo
3200 1746 3506 1802 descendit.
3543 1745 3600 1801 Si

2026 1839 2150 1906 quis
2191 1838 2371 1892 ederit
2428 1854 2494 1893 ex
2531 1839 2636 1894 hoc
2700 1854 2862 1910 pane,
2915 1840 3066 1894 vivet
3107 1840 3164 1894 in
3211 1849 3501 1895 aeternum.
3532 1841 3603 1895 Et

2025 1928 2181 1999 panis
2207 1945 2370 2000 quem
2393 1947 2494 2002 ego
2521 1931 2663 1986 dabo
2716 1932 2894 1996 vobis,
2937 1946 3066 1987 caro
3109 1947 3230 1986 mea
3259 1942 3365 1996 est,
3435 1947 3600 2002 quam

2024 2036 2126 2090 ego
2151 2021 2294 2076 dabo
2316 2037 2419 2092 pro
2450 2022 2641 2077 mundi
2672 2023 2784 2078 vita
2808 2021 2874 2076 ⁸³.
2912 2043 2929 2074 ι
2957 2023 3181 2078 Enutrit
3225 2025 3370 2078 enim
3412 2040 3513 2078 nos
3545 2025 3600 2077 in

2025 2113 2190 2166 vitam
2215 2128 2516 2182 perennem
2543 2115 2808 2169 Dominus
2836 2123 3025 2170 noster
3059 2113 3220 2170 Iesus
3243 2113 3518 2179 Christus,
3544 2122 3602 2170 et

2026 2203 2142 2257 suis
2171 2204 2238 2259 ad
2281 2205 2542 2274 pietatem
2576 2205 2865 2276 praeceptis
2913 2214 2970 2260 et
3024 2221 3122 2276 per
3161 2207 3419 2276 mystieas
3450 2206 3605 2260 culo-

2027 2296 2160 2366 gias.
2221 2297 2340 2367 Ipse
2401 2297 2569 2369 igitur
2618 2314 2813 2353 revera
2860 2306 2946 2353 est
2999 2313 3100 2369 per
3173 2297 3416 2368 seipsum
3464 2297 3603 2352 illud

2028 2402 2225 2442 manna
2256 2388 2501 2443 divinum
2526 2396 2582 2444 et
2604 2389 2902 2444 viviﬂcum.
2935 2389 3004 2444 Et
3025 2389 3204 2460 quies
3232 2389 3336 2445 hoc
3373 2390 3606 2445 mandu-

2028 2483 2256 2549 caverit,
2271 2485 2647 2556 corruptionis
2667 2503 2866 2557 expers
2887 2495 2971 2542 est
2987 2485 3227 2551 futurus,
3257 2495 3602 2556 mortemque

2026 2590 2312 2641 evasurus,
2341 2592 2451 2632 non
2478 2589 2662 2634 autem
2691 2581 2728 2634 ii
2758 2579 2852 2650 qui
2891 2579 3150 2634 sensibile
3184 2577 3318 2633 illud
3345 2578 3602 2634 ederunt.

2026 2665 2212 2736 Neque
2237 2668 2385 2722 enim
2405 2677 2565 2741 typus
2589 2671 2846 2725 salutaris
2879 2679 3019 2736 erat,
3053 2671 3148 2727 sed
3187 2669 3438 2725 veritatis
3463 2671 3602 2736 ligu—

2029 2771 2144 2810 ram
2182 2772 2294 2826 pra:
2318 2775 2376 2816 se
2413 2761 2646 2817 ferebat.
2668 2763 2815 2819 Deus
2847 2773 3032 2818 autem
3055 2777 3257 2818 manna
3292 2761 3468 2816 instar
3483 2761 3604 2832 plu-

2027 2849 2126 2902 viae
2150 2849 2389 2920 desuper
2411 2852 2729 2919 demittens,
2749 2854 2908 2926 jubet
2938 2862 2999 2909 ut
3021 2853 3399 2924 unusquisque
3425 2868 3604 2924 quan-

2027 2947 2141 2993 tum
2179 2943 2310 2996 satis
2349 2944 2420 2999 sit
2460 2946 2702 3017 colligat,
2745 2955 2910 3017 atque
2947 2963 3055 3002 una
3089 2946 3376 3017 colligere,
3410 2945 3456 3000 si
3483 2943 3606 3017 quis

2027 3031 2159 3084 velit
2180 3048 2371 3088 eorum
2396 3036 2491 3104 qui
2523 3037 2668 3092 idem
2690 3037 3104 3094 tabernaculum
3130 3039 3402 3095 habitant.
3433 3060 3450 3091 ι
3476 3039 3574 3096 Sin
3596 3071 3608 3082 -

2029 3121 2138 3189 gu-li
2163 3123 2333 3182 enim.
2359 3125 2456 3189 ait,
2508 3141 2632 3180 cum
2672 3128 2789 3183 suis
2835 3129 3602 3203 contubernalibuscolligite,

2029 3227 2130 3266 nec
2185 3213 2485 3283 quidquam
2559 3217 2834 3287 reliquum
2899 3219 3062 3275 facite
3100 3220 3158 3276 in
3227 3221 3597 3277 crastinum.»

2029 3301 2259 3371 Oportet
2288 3304 2437 3359 enim
2464 3322 2567 3362 nos
2606 3307 2812 3364 divinis
2867 3319 2924 3365 et
2963 3311 3295 3383 evangelicis
3336 3311 3606 3367 doctrinis

2031 3394 2253 3464 repleri.
2279 3395 2337 3450 In
2364 3412 2623 3454 mensura
2652 3399 2820 3470 igitur
2839 3401 3036 3471 aequali
3067 3402 3256 3472 parvis
3305 3410 3360 3458 et
3394 3401 3608 3474 magnis

2027 3482 2282 3540 Christus
2313 3501 2467 3540 suam
2519 3488 2804 3544 distribuit
2832 3491 3085 3561 gratiam,
3116 3501 3174 3546 et
3208 3492 3417 3562 pariter
3463 3507 3603 3547 enu-

2029 3575 2124 3630 trit
2145 3591 2343 3632 omnes
2368 3579 2421 3633 in
2451 3579 2642 3647 vitam,
2678 3582 2909 3653 vultque
2943 3599 3057 3638 una
3076 3598 3202 3637 cum
3231 3584 3354 3638 aliis
3373 3597 3606 3652 congre-

2028 3682 2154 3735 gare
2188 3670 2354 3723 etiam
2383 3669 2738 3737 inﬁrmiores,
2779 3682 2944 3744 atque
2974 3674 3123 3744 ipsos
3145 3688 3246 3742 pro
3269 3673 3383 3728 suis
3421 3671 3608 3726 fratri-

2030 3758 2134 3813 bus
2173 3759 2471 3825 desudare,
2498 3762 2748 3832 adeoque
2774 3765 2884 3820 illis
2915 3779 3045 3819 suos
3079 3763 3323 3832 ipsorum
3352 3771 3606 3815 mutuare

2030 3849 2266 3915 labores,
2286 3862 2342 3906 et
2363 3855 2660 3923 participes
2682 3871 2936 3924 superna:
2963 3854 3154 3923 gratia:
3191 3852 3428 3908 edicere.
3466 3853 3605 3918 Hoc,

2033 3949 2091 3992 ut
2114 3939 2375 4006 arbitror,
2415 3951 2520 4006 est,
2575 3942 2723 4011 quod
2765 3944 2833 3997 ad
2865 3944 3014 4012 ipsos
3063 3949 3283 3998 sanctos
3330 3943 3609 4012 apostolos

2030 4030 2197 4084 dixit:
2230 4051 2247 4082 ι
2267 4031 2452 4086 Gratis
2475 4033 2790 4103 accepistis,
2820 4032 2988 4105 gratis
3003 4032 3128 4086 date
3150 4029 3221 4084 ⁸³.
3248 4051 3265 4084 ι
3299 4033 3608 4088 Plurimum

2030 4121 2176 4174 enim
2202 4121 2306 4175 sibi
2326 4137 2525 4177 manna
2554 4123 2879 4194 colligentes
2902 4123 3237 4180 distribuere
3271 4123 3326 4179 id
3375 4125 3607 4181 studue-

2032 4220 2160 4265 runt
2189 4211 2256 4266 iis
2309 4211 2403 4282 qui
2431 4212 2709 4270 iniisdem
2736 4230 2862 4270 cum
2888 4214 3254 4287 ipsiscastris,
3299 4215 3458 4286 291
3502 4216 3609 4272 hoc

2029 4311 2115 4358 est
2150 4304 2205 4359 in
2242 4304 2511 4370 Ecclesia,
2544 4306 2838 4378 degebant.
2875 4307 3252 4364 Hortabantur
3273 4311 3421 4364 enim
3445 4309 3612 4364 disci-

2031 4393 2166 4462 puli,
2187 4402 2243 4449 et
2277 4395 2344 4449 ad
2370 4409 2535 4452 omne
2559 4396 2705 4466 quod
2750 4398 3076 4467 pmclarum
3113 4404 3198 4451 est
3237 4397 3606 4464 deducebant,

340 4497 720 4565 ἀποφέροντες
746 4493 852 4547 τῶν
884 4490 1310 4560 ἐπαινουμένων,
1346 4487 1439 4539 καὶ
1482 4483 1728 4552 ἀφθόνως
1755 4481 1924 4535 ἅπασι

2032 4494 2088 4539 et
2110 4487 2341 4556 gratiam
2364 4503 2531 4557 quam
2577 4504 2607 4543 a
2635 4488 2859 4544 Christo
2886 4489 3169 4545 consecuti
3215 4499 3395 4555 erant,
3440 4491 3610 4543 uber—

340 4586 747 4660 παρατιθέντες
785 4586 863 4646 είς
906 4582 1157 4652 μέθεξιν,
1198 4580 1265 4649 ἢν
1303 4577 1456 4630 αὐτοὶ
1501 4574 1650 4644 παρά
1690 4570 1925 4642 Χριστοῦ

340 4680 762 4748 πεπλουτήκασι
806 4677 986 4747 χάριν.
1030 4673 1140 4725 Καὶ
1183 4670 1314 4738 γοῦν
1356 4672 1384 4721 6
1415 4666 1680 4736 μακάριος
1716 4663 1927 4723 Παῦλος

339 4770 657 4825 ἐπιστέλλει
684 4767 853 4820 τισίν·
903 4784 922 4817 ι
970 4760 1252 4831 Ἐπιθυμῶ
1290 4759 1399 4828 γὰρ
1455 4757 1580 4809 ίδεῖν
1622 4755 1800 4824 ὑμᾶς,
1842 4754 1927 4804 ἵνα

336 4879 402 4916 τι
436 4859 655 4931 μεταδῷ
683 4860 810 4928 ύμῖν
835 4857 1079 4927 χάρισμα
1108 4850 1475 4919 πνευματικὸν
1524 4851 1602 4911 εἰς
1647 4847 1706 4899 τὸ
1746 4863 1929 4915 στηρι-

336 4954 543 5024 χθῆναι
574 4952 770 5021 ὑμᾶς.)
800 4950 861 5001 Εί
887 4949 943 5000 δὲ
974 4948 1038 5018 δὴ
1065 4949 1234 4999 νοοῖτο
1254 4942 1374 4996 καθ’
1409 4943 1593 5011 ἓτερον
1623 4939 1824 5008 τρόπον
1847 4937 1927 5001 τὸ,

344 5070 364 5100 ι
413 5047 688 5106 Ἕκαστος
725 5045 820 5097 σὺν
862 5045 971 5104 τοῖς
1024 5039 1309 5109 συσκήνοις
1349 5037 1500 5104 ὑμῶν
1550 5032 1854 5097 συλλέξατε,
1904 5051 1921 5082 ι

335 5142 619 5203 τουτέστι,
673 5138 746 5208 μὴ
790 5136 952 5206 χύδην
1003 5135 1273 5197 ἅπαντες,
1330 5130 1466 5197 μηδέ
1511 5125 1746 5195 ἀναμὶξ,
1792 5123 1926 5176 ἀλλὰ

339 5234 493 5289 κατά
519 5234 699 5301 γένος,
717 5232 834 5301 ἦτοι
863 5229 1003 5281 κατὰ
1023 5227 1247 5297 σκηνὰς,
1280 5223 1640 5276 ποιείσθωσαν
1669 5215 1767 5286 τὴν
1798 5233 1924 5284 συγ-

338 5327 605 5396 κομιδὴν,
636 5323 859 5376 τοιῶσδε
894 5323 1126 5391 νοήσεις.
1161 5318 1281 5388 Χρὴ
1326 5316 1432 5385 γὰρ
1474 5315 1620 5383 ἡμᾶς
1666 5315 1774 5373 τοῖς
1806 5313 1931 5380 ὁμο-

335 5420 563 5482 πίστοις
603 5417 741 5487 ὁμοῦ
777 5416 884 5468 τῶν
915 5414 1074 5467 θείων
1105 5409 1461 5480 ἐμφορεῖσθαι
1492 5407 1681 5473 λόγων,
1717 5404 1806 5456 καὶ
1837 5405 1932 5471 C1;-

337 5513 462 5566 τείν
489 5511 550 5563 τὸ
581 5510 758 5580 μάννα
796 5508 853 5560 τὸ
879 5508 1067 5575 νοητόν
1089 5524 1100 5535 ·
1140 5505 1200 5556 ού
1236 5505 1346 5564 τοῖς
1369 5499 1706 5570 ἐτερὸιρροσι,
1744 5513 1929 5566 μονον-

340 5604 472 5676 οὖχὶ
503 5604 562 5658 δὲ
605 5601 701 5655 καὶ
731 5599 1074 5668 ἀλλογενέσιν
1102 5598 1373 5658 ἀσυνέτως
1434 5587 1926 5659 συναποφέρεσθαι.

423 5775 474 5806 ⁸¹
504 5783 548 5839 I’I
578 5781 707 5836 Cor.
748 5797 821 5845 IV,
850 5779 902 5834 (ἲ.
980 5777 1024 5809 ⁸³
1048 5776 1203 5831 Joan.
1238 5794 1311 5842 vi,
1341 5777 1427 5832 F30.
1506 5778 1546 5808 δ’
1583 5777 1774 5833 Matth.
1807 5793 1860 5845 ιι,
1897 5776 1950 5831 8.

594 5876 868 5934 ΡΑΤιιοι..
904 5871 1018 5931 Gn.
1061 5872 1262 5932 LXIX.

2034 4579 2132 4632 tim
2155 4579 2415 4634 omnibus
2437 4581 2940 4637 communicabant.
2983 4580 3123 4636 Hinc
3169 4582 3366 4637 beatus
3409 4582 3612 4638 Paulus

2032 4670 2361 4740 quibusdam
2387 4672 2464 4727 ita
2488 4672 2719 4728 scribit:
2760 4673 2975 4744 «Cupio
3023 4688 3120 4730 vos
3164 4674 3375 4740 videre,
3419 4683 3481 4729 ut
3512 4674 3612 4727 im-

2032 4763 2264 4830 pertiam
2296 4763 2452 4820 vobis
2491 4765 2723 4836 gratiam
2768 4765 3113 4836 spiritualem
3148 4767 3216 4822 ad
3261 4784 3358 4822 vos
3403 4767 3606 4821 conﬁr-

2034 4853 2264 4908 mandos
2292 4853 2378 4908 ἠδ.
2402 4873 2421 4905 ι
2448 4853 2721 4911 Czeterum
2765 4856 2812 4910 si
2845 4857 2962 4911 haec
2997 4855 3188 4917 verba,
3224 4873 3241 4904 ‹
3262 4855 3458 4924 singuli
3503 4872 3610 4910 una

2036 4957 2159 4996 eum
2178 4945 2675 5001 contubernalibus
2699 4947 2964 5016 colligite,
2997 4967 3013 4996 ι
3051 4944 3155 4999 alia
3203 4944 3416 4999 ratione
3467 4949 3610 5001 acri-

2038 5037 2277 5104 piantur,
2315 5038 2423 5092 hoc
2463 5047 2569 5104 est,
2611 5048 2670 5094 ut
2702 5054 2812 5092 non
2866 5037 3179 5107 promiscue
3229 5052 3444 5102 omnes,
3507 5056 3609 5093 nec:

2035 5129 2323 5199 gregatim,
2353 5129 2450 5184 sed
2482 5130 2785 5184 secundum
2810 5143 2983 5198 genus
3006 5129 3317 5183 ettentoria
3348 5145 3445 5184 sua
3491 5131 3608 5184 col-

2034 5219 2223 5289 ligant,
2257 5228 2375 5273 tum
2413 5220 2728 5291 hujusmodi
2757 5215 2922 5274 sensu
2945 5234 3009 5274 ea
3049 5221 3342 5291 intelliges.
3380 5218 3611 5289 Oportet

2030 5313 2180 5364 enim
2227 5311 2351 5364 illos
2375 5313 2468 5381 qui
2501 5312 2793 5365 nobiscum
2825 5311 3238 5366 communicant
3286 5310 3412 5374 ﬁde,
3455 5321 3609 5364 satu-

2033 5416 2156 5455 rare
2180 5399 2384 5455 divinis
2409 5402 2719 5470 praceptis,
2748 5400 2991 5472 ipsisque
3017 5416 3216 5456 manna
3260 5401 3609 5472 intelligibile

2033 5493 2358 5563 conquirere
2385 5509 2400 5558 ;
2443 5507 2789 5562 nequaquam
2816 5508 2942 5548 cum
2991 5492 3112 5548 istis
3137 5493 3231 5563 qui
3259 5509 3290 5548 a
3315 5492 3476 5548 nobis
3499 5478 3610 5547 dis—

2033 5585 2298 5648 sentiunt,
2325 5583 2802 5654 etquodammodo
2827 5585 3146 5658 alienigenae
3179 5595 3328 5653 sunt,
3354 5600 3610 5656 compor-

2029 5776 2091 5808 δν
2118 5773 2276 5831 Rom.
2312 5786 2346 5838 ι,
2378 5771 2465 5827 Η.

3238 5857 3264 5921 1

3276 5858 3307 5918 5
