4066 6282
464 323 566 380 ιω

1491 316 1546 371 S.
1587 316 1863 373 CYRILLI
1903 317 2373 376 ALEXANDR‘INI
2413 321 2733 380 ARCHIEP.

3638 323 3740 379 460

466 415 603 492 tare.
632 433 790 501 Quod
812 431 1035 504 quidem
1091 431 1345 497 facimus,
1387 446 1514 486 cum
1541 447 1796 489 arcemus
1845 434 1915 489 ab
1940 435 2043 491 Ec-

2161 439 2223 490 Ὀ
2257 436 2322 509 δὴ
2367 437 2461 492 καὶ
2505 439 2790 508 ποιοῦμεν,
2825 436 3224 501 ἀποσοϐοῦντες
3261 436 3360 507 μέν
3409 435 3742 508 Ἐκκλησιῶν

466 527 634 583 clesia
664 541 761 581 eos
785 526 880 594 qui
904 524 1123 579 diversa
1147 539 1178 578 a
1201 523 1362 580 nobis
1406 526 1655 582 sentiunt
1691 535 1747 582 et
1800 529 2045 596 perversi

466 628 626 672 sunt:
653 631 778 670 cum
806 616 874 669 iis
900 629 1034 670 vero
1089 614 1184 686 qui
1227 615 1516 670 domestici
1561 625 1692 671 sunt
1739 617 2046 673 secundum

467 709 654 772 fidem,
680 708 906 762 caeleste
937 707 1264 762 alimentum
1291 707 1500 762 affatim
1529 710 1820 764 sumimus.
1868 710 2046 764 Inter-

466 800 673 856 dicitur
693 809 877 854 autem
901 798 1003 863 eis,
1037 813 1108 854 ne
1130 798 1266 868 quid
1289 799 1569 868 reliquum
1599 800 1802 856 faciant
1829 801 1884 855 in
1897 801 2046 857 diem

465 887 792 943 crastinum.
828 886 947 954 Quo
971 887 1175 943 iterum
1216 889 1303 942 lex
1328 889 1666 955 subindicat,
1714 891 1861 960 quod
1885 907 2047 946 usum

466 988 742 1051 typorum,
781 986 1031 1048 tempore
1079 994 1189 1049 quo
1239 978 1403 1033 utiles
1444 995 1509 1034 ac
1549 981 1848 1036 necessarii
1887 989 2051 1036 erant

465 1072 672 1141 elapso,
701 1069 911 1140 judicio
958 1085 1021 1124 ac
1041 1085 1222 1140 paenae
1283 1072 1557 1142 subjiciat.
1628 1089 1646 1121 ί
1700 1070 2050 1142 Computruit

466 1164 613 1218 enim
655 1163 937 1218 vermibus
967 1162 1023 1217 id
1064 1163 1211 1234 quod
1259 1171 1600 1219 reservatum
1627 1163 1828 1219 fuerat.
1858 1183 1876 1214 ι
1906 1165 2050 1220 Fue-

469 1257 540 1311 rit
569 1265 754 1312 autem
786 1257 903 1311 haec
927 1255 1217 1310 manifesta
1237 1271 1415 1326 pinnae
1459 1263 1516 1310 et
1555 1255 1938 1325 corruptionis
1971 1257 2049 1311 si-

467 1350 763 1419 gnificatio.
804 1349 938 1403 Nam
969 1350 1065 1418 qui
1102 1349 1310 1404 umbras
1349 1359 1476 1420 post
1521 1357 1800 1404 ostensam
1846 1349 2050 1404 verita-

468 1455 581 1498 tem
631 1441 1012 1513 acquiescunt,
1041 1441 1454 1511 corruptionem
1493 1441 1717 1496 omnino
1751 1457 1814 1496 ac
1861 1456 2053 1512 poenas

467 1541 597 1588 sunt
624 1530 919 1586 incursari.
956 1529 1241 1602 Ejusmodi
1269 1530 1401 1600 quid
1437 1530 1708 1584 accidisse
1752 1529 2054 1584 asserimus

470 1625 579 1680 illis
630 1623 699 1679 de
751 1623 953 1694 quibus
1007 1623 1202 1677 beatus
1240 1622 1442 1678 Paulus
1472 1621 1701 1676 scribit:
1761 1621 2054 1676 iEvacuati

468 1716 602 1772 estis
633 1730 664 1769 a
692 1714 934 1777 Christo,
971 1713 1066 1782 qui
1115 1727 1214 1784 per
1237 1710 1414 1781 legem
1449 1710 1848 1781 justifieamini,
1881 1711 2056 1781 gratia

2147 528 2275 590 τοὺς
2317 527 2656 599 ιτεροδόξους
2701 528 2796 580 καὶ
2829 526 3335 599 διεστραμμένους,
3368 525 3506 596 ὁμοῦ
3537 525 3596 579 δὲ
3634 529 3744 591 τοῖς

2148 619 2288 672 κατά
2339 618 2522 673 πίστιν
2573 620 2796 684 οίκείοις
2849 619 2949 681 τὰς
2997 617 3057 683 ἐξ
3103 617 3339 689 ούρανοῦ
3389 616 3744 683 πλουτοῦντες

2147 712 2380 781 τροφάς.
2417 713 2646 783 Εἴρηται
2679 711 2737 765 δε
2783 709 2858 782 μὴ
2909 710 3345 782 καταλιμπάνειν
3377 711 3457 774 είς
3489 709 3551 763 τὸ
3579 707 3745 781 πρωΐο

2146 801 2243 856 τοῦ
2284 803 2449 872 νόμου
2503 804 2666 858 πάλιν
2711 802 3170 874 ὑπεμφαίνοντος,
3202 804 3286 856 ὃτι
3334 802 3400 856 τὸ
3441 803 3744 874 κεχρῆσθαι

2149 896 2261 958 τοῖς
2293 893 2487 958 τύποις
2521 897 2920 967 παρῳχηκότος
2959 895 3055 949 τοῦ
3105 895 3322 966 χρόνον,
3365 894 3490 947 καθ’
3516 895 3576 947 ὃν
3604 890 3745 965 ἦσαν

2148 983 2231 1037 ἔτι
2262 986 2523 1057 χρήσιμοί
2555 1003 2615 1038 τε
2649 988 2745 1042 καὶ
2767 988 3076 1054 ἀναγκαῖοι,
3108 986 3283 1056 πάντη
3308 1002 3368 1038 τε
3398 985 3494 1039 stat
3527 985 3746 1050 πάντως

2151 1073 2256 1126 ὑπὸ
2296 1075 2479 1144 κρίσιν
2521 1075 2646 1143 ἄγει
2696 1077 2790 1129 καὶ
2823 1075 3078 1129 κόλασιν⁹
3114 1095 3132 1128 ι
3181 1075 3429 1139 Ἐξέζεσε
3458 1075 3570 1147 γὰρ
3599 1075 3746 1129 σκώ-

2151 1163 2324 1236 ληκας
2357 1165 2418 1218 τὸ
2446 1167 2846 1236 τετηρημένον.
2897 1185 2914 1218 ι
2960 1165 3251 1230 Κολάσεὼς
3285 1183 3344 1219 τε
3397 1168 3491 1220 καὶ
3539 1167 3748 1238 φθορᾶς

2155 1257 2389 1330 μήνυσις
2416 1257 2482 1312 ἂν
2523 1252 2727 1330 εἴηκαὶ
2759 1259 2900 1330 αῦτη
2934 1261 3134 1330 σαφής.
3177 1260 3435 1314 Ἔσονται
3471 1260 3580 1331 γὰρ
3612 1259 3747 1314 πάν-

2153 1366 2244 1413 τες
2269 1350 2374 1403 ὑπὸ
2405 1349 2613 1421 φθορὰν
2658 1352 2753 1405 καὶ
2783 1353 3008 1405 κόλασιν
3043 1353 3093 1404 οἱ
3125 1352 3419 1423 τηροῦντες
3450 1353 3551 1422 τὴν
3586 1353 3746 1406 σκιάν

2157 1439 2296 1510 μετὰ
2339 1442 2438 1511 τὴν
2491 1443 2591 1512 τῆς
2636 1442 2896 1513 ἀληθείας
2944 1443 3238 1508 ἀνάδειξιν.
3285 1444 3499 1497 Ὀποίόν
3542 1461 3596 1497 τι
3648 1461 3747 1497 πε-

2155 1532 2412 1586 πονθέναι
2431 1535 2610 1604 φαμὲν
2639 1536 2785 1601 τοὺς,
2811 1529 2892 1598 οἷς
2915 1538 2943 1589 ὁ
2968 1535 3240 1606 μακάριος
3265 1535 3468 1606 γράφει
3494 1534 3713 1598 Παῦλος
3730 1549 3744 1564 ⁸

2163 1643 2179 1674 ι
2228 1626 2630 1698 Κατηργήθητε
2681 1627 2793 1680 ἀπὸ
2829 1625 2924 1680 τοῦ
2967 1627 3230 1696 Χριστοῦ,
3275 1628 3474 1690 οἵτινες
3510 1627 3744 1697 ἐννόμῳ

2155 1717 2502 1784 δικαιοῦσθε,
2559 1719 2659 1790 τῆς
2717 1721 2938 1790 χάριτος
2995 1720 3312 1784 ἐξεπέσατε.
3353 1739 3372 1772 ι
3403 1719 3512 1772 Καὶ
3545 1719 3743 1772 πάλιν

469 1807 753 1864 excidistis
782 1804 852 1860 ⁸³,
873 1825 890 1856 ι
924 1804 992 1858 Et
1020 1818 1243 1858 rursus:
1282 1822 1298 1852 ι
1323 1801 1461 1857 Cum
1497 1802 1778 1872 caeperitis
1824 1801 2045 1870 spiritu,

2161 1827 2176 1861 ι
2233 1809 2621 1882 Ἐναρξάμενοι
2664 1809 2964 1881 πνεύματι,
3027 1810 3123 1864 νῦν
3164 1810 3327 1880 σαρκὶ
3377 1810 3744 1864 ἐπιτελεῖσθε·

471 1915 620 1954 nunc
645 1913 810 1953 carne
839 1894 1316 1951 consum‘memini.
1356 1893 1531 1949 Tanta
1562 1893 1711 1963 passi
1753 1893 1889 1948 estis
1938 1891 2055 1946 fru-

471 1999 606 2055 stra,
625 1990 670 2045 si
697 1999 878 2044 tamen
909 1987 1114 2042 frustra
1139 1985 1207 2039 ⁸⁸.
1232 2005 1250 2038 ι
1281 1986 1441 2041 Vetat
1475 1985 1643 2056 igitur
1675 1985 1732 2039 in
1757 1983 2058 2040 crastinum

469 2082 708 2145 servari,
738 2081 896 2136 utsic
924 2096 1022 2152 per
1043 2078 1345 2134 crastinum
1370 2077 1644 2148 intelligas
1671 2085 1887 2146 tempus
1934 2083 2060 2146 post

473 2175 665 2246 legem,
695 2174 750 2227 in
783 2188 893 2243 quo
909 2171 1166 2227 Christus
1191 2169 1466 2240 apparuit,
1495 2175 1552 2223 et
1600 2167 1789 2222 divina
1831 2167 1925 2220 lux
1955 2181 2059 2220 no-

474 2268 560 2322 bis
577 2265 775 2320 illuxit.
797 2264 1074 2320 Caeterum
1104 2261 1366 2317 Israelita:
1389 2260 1688 2315 Sabbatum
1724 2257 2057 2314 celebraturi

472 2356 828 2412 reservabant
856 2354 913 2409 in
967 2353 1288 2418 crastinum,
1338 2351 1504 2420 idque
1533 2351 1644 2405 Deo
1681 2349 2055 2420 praecipiente.

468 2447 612 2516 Quid
643 2447 811 2517 igitur
829 2452 934 2511 est,
961 2444 1109 2514 quod
1139 2445 1430 2499 collectum
1461 2451 1588 2497 ante
1628 2441 1930 2498 Sabbatum
1957 2457 2058 2496 cu-

471 2537 764 2602 stodiatur,
798 2552 901 2592 nec
928 2544 1139 2606 pereat,
1170 2550 1350 2605 neque
1388 2533 1566 2588 Moses
1602 2532 1716 2588 illis
1751 2533 1845 2604 qui
1872 2549 2057 2588 reser-

477 2640 672 2686 varunt
699 2629 1063 2685 succenseat?
1087 2628 1223 2682 Nam
1263 2628 1494 2698 ingressi
1522 2642 1618 2697 per
1649 2626 1812 2681 fidem
1840 2626 1896 2680 in
1929 2625 2060 2680 sab-

471 2722 789 2789 batismum,
835 2720 926 2791 qui
961 2721 1016 2775 in
1041 2719 1262 2776 Christo
1308 2719 1655 2791 intelligitur,
1721 2717 1826 2771 hoc
1849 2723 1954 2780 est,
2004 2716 2058 2770 in

471 2813 645 2868 otium
672 2821 728 2866 et
751 2810 1112 2866 cessationem
1141 2826 1170 2864 a
1202 2811 1442 2880 peccatis
1467 2850 1482 2872 ,
1529 2824 1639 2862 non
1674 2813 1932 2876 tanquam
1969 2805 2058 2859 in-

475 2905 666 2961 utilem
689 2903 1016 2975 abjiciamus
1067 2903 1354 2957 collectam
1401 2902 1457 2956 in
1492 2900 1650 2956 nobis
1677 2914 1742 2954 ac
1774 2898 1931 2969 quasi
1966 2913 2058 2952 re-

472 2999 710 3068 positam
748 2996 885 3067 legis
924 2995 1293 3066 disciplinam,
1331 3009 1454 3064 qua:
1493 3008 1595 3047 nos
1616 2991 1769 3047 ducit
1801 2991 1870 3045 ad
1895 2988 2058 3046 Chri-

473 3099 640 3154 stum,
673 3089 834 3159 292
863 3089 949 3143 lex
973 3088 1119 3143 enim
1153 3087 1480 3158 paedagogus
1502 3095 1587 3140 est
1617 3085 1659 3117 ⁸⁷
1687 3101 1702 3152 ;
1729 3084 1825 3139 sed
1876 3083 2060 3154 potius

2157 1901 2394 1955 τοσαῦτα
2433 1902 2664 1957 ἐπάθετε
2724 1904 2870 1975 εἰκῆ,
2932 1905 2984 1957 εῐ
3040 1919 3105 1971 γε
3153 1903 3248 1956 καὶ
3287 1904 3433 1973 εἰκῆ.
3473 1901 3746 1956 ιὈύκοῦν

2159 1992 2467 2062 ἀποφάσκει
2485 1992 2777 2062 φυλάττειν
2828 1994 2908 2057 είς
2933 1993 2994 2047 τὸ
3024 1993 3198 2064 πρωῖο
3232 1991 3319 2046 ἶνα
3339 1991 3426 2044 διὰ
3455 1990 3549 2044 τοῦ
3574 1990 3745 2062 πρωῒ,

2157 2083 2250 2137 τὸν
2286 2084 2424 2155 μετὰ
2468 2084 2559 2140 τὸν
2593 2085 2757 2156 νόμον
2807 2085 3007 2157 νοήσῃς
3054 2084 3270 2156 καιρὸν,
3312 2083 3434 2136 καθ’
3467 2082 3526 2136 ὃν
3571 2085 3604 2153 ἡ
3648 2082 3748 2136 τοῦ

2157 2176 2394 2248 Χριστοῦ
2427 2177 2636 2248 πέφηνε
2665 2177 2960 2248 παρουσία,
2979 2177 3076 2230 καὶ
3103 2177 3162 2230 τὸ
3185 2177 3478 2247 θεῖονὴμῖν
3504 2175 3748 2244 ἀνέλαμ-

2157 2269 2226 2340 ψε
2262 2268 2398 2338 φῶς.
2461 2269 2604 2322 Ἀλλ’
2631 2271 2860 2340 ἐτήρουν
2911 2271 2991 2332 είς
3036 2269 3096 2322 τὸ
3153 2267 3334 2339 πρωῒ,
3397 2267 3750 2330 σαϐϐατίζειν

2162 2361 2448 2432 μέλλοντες
2485 2362 2534 2414 οἱ
2584 2359 2643 2425 ἐξ
2682 2361 2921 2432 Ἰσραὴλ,
2959 2361 3055 2414 καὶ
3091 2359 3250 2412 τοῦτο
3292 2358 3428 2412 Θεοῦ
3470 2360 3750 2430 προστάτ-

2157 2468 2362 2515 τοντος.
2405 2451 2470 2505 Ti
2495 2453 2559 2523 δὴ
2599 2448 2692 2506 οὖν
2733 2453 2841 2523 ἄρα
2886 2452 3005 2505 ἐστὶ
3049 2449 3516 2522 τδέφυλάττεσθαι
3552 2451 3662 2521 μὲν
3690 2450 3750 2504 τὸ

2159 2543 2251 2597 τοῦ
2279 2543 2559 2598 Σαϐϐάτου
2590 2544 2992 2614 προσυλλεχθέν
3017 2585 3032 2611 ,
3081 2541 3156 2613 μὴ
3205 2543 3312 2614 μὴν
3355 2543 3434 2597 ἔτι
3484 2543 3581 2596 καὶ
3627 2542 3754 2596 δια-

2160 2635 2508 2706 φθείρεσθαι,
2544 2635 2680 2705 μηδέ
2711 2637 2825 2696 τοῖς
2867 2634 3237 2706 τετηρηκόσιν
3267 2634 3756 2706 ἐπιπικραίνεσθαι

2157 2726 2249 2779 τὸν
2286 2726 2518 2791 Μωσέας
2567 2725 2885 2796 ’Δφιγμένοι
2917 2726 3026 2797 γὰρ
3065 2725 3154 2779 διὰ
3198 2727 3436 2788 πίστεως
3464 2728 3544 2790 είς
3568 2726 3674 2779 τὸν
3699 2727 3754 2780 ἐν

2160 2813 2381 2886 Χριστῷ
2427 2813 2720 2884 νοούμενον
2764 2812 3160 2883 σαὸὀατισμὺν,
3197 2815 3481 2866 τουτέστιν
3523 2815 3604 2877 είς
3653 2813 3755 2882 ap.

2159 2906 2285 2976 γίαν
2326 2922 2388 2958 τε
2431 2905 2528 2959 καὶ
2573 2905 2870 2974 κατάληξιν
2918 2905 3018 2974 τὴν
3059 2903 3118 2968 ἐξ
3158 2903 3480 2974 ἁμαρτιῶν,
3527 2903 3627 2973 οὐχ
3682 2902 3756 2966 ὡς

2161 2999 2433 3070 ἄχρηστον
2495 2998 2911 3069 παραιτούμεθα
2982 2997 3082 3068 τὴν
3155 2996 3650 3068 προσωρευθεῐσαν-
3703 2997 3759 3049 ἐν

2169 3091 2301 3160 ἡμῖν
2325 3090 2418 3142 καὶ
2455 3087 2618 3141 οἱονεὶ
2649 3086 3126 3160 προαποκειμένην
3146 3085 3239 3138 τοῦ
3270 3085 3433 3154 νόμου
3468 3081 3759 3134 παίδευσιν

472 3196 596 3235 cum
625 3180 924 3234 habeamus
947 3193 1066 3234 eam
1095 3176 1536 3233 institutionibus
1572 3175 1903 3245 evangelicis
1931 3187 2058 3227 con-

2171 3179 2612 3252 χειραγωγοῦσαν
2666 3177 2815 3248 ἡμᾶς
2843 3179 2922 3239 είς
2953 3175 3206 3246 Χριστόν·
3267 3170 3614 3240 παιδαγωγὸς
3653 3171 3757 3239 γάρ

467 3274 736 3343 junctam,
765 3286 875 3323 non
903 3271 1062 3340 longe
1093 3278 1241 3324 certe
1281 3267 1522 3322 abfuturi
1578 3283 1769 3321 sumus
1813 3267 1882 3320 ab
1929 3265 2057 3332 hoc,

475 3373 538 3420 ut
565 3364 732 3418 etiam
760 3377 864 3416 nos
913 3362 1019 3415 hoc
1063 3361 1288 3414 nomine
1316 3359 1527 3414 laudari
1551 3374 1653 3428 par
1699 3358 1798 3423 sit;
1848 3365 2062 3411 tantum

476 3456 654 3518 abest,
685 3461 745 3506 ut
781 3454 928 3507 Deus
961 3451 1123 3505 nobis
1175 3451 1280 3506 hoc
1344 3449 1677 3506 facientibus
1712 3456 2058 3502 succenseat.

475 3547 632 3604 Unde
659 3545 910 3601 Salvator
927 3545 1042 3615 ipse
1093 3544 1167 3599 ita
1211 3559 1313 3598 nos
1352 3543 1550 3597 docet:
1588 3560 1606 3593 ι
1630 3542 1949 3610 Propterea,
1974 3539 2062 3594 in-

476 3641 616 3714 quit,
649 3622 772 3694 dico
799 3637 977 3702 vobis,
1014 3637 1161 3708 quod
1191 3638 1370 3692 omnis
1396 3634 1588 3691 Scriba
1643 3634 1841 3690 doctus
1869 3633 1938 3687 ad
1973 3648 2058 3687 re-

475 3750 640 3806 gnum
660 3733 952 3798 cmlorum,
985 3731 1185 3787 similis
1228 3739 1314 3786 est
1346 3730 1751 3802 patrifamilias,
1790 3728 1884 3800 qui
1913 3727 2064 3784 eruit

475 3843 506 3883 e
535 3827 794 3882 thesauro
821 3840 921 3880 suo
959 3839 1102 3879 nova
1139 3831 1197 3879 et
1243 3830 1432 3878 vetera
1465 3822 1534 3876 ⁸³.
1559 3841 1576 3874 ι
1607 3821 1804 3876 Manna
1838 3819 2006 3891 igitur
2032 3835 2065 3874 a

475 3919 634 3976 nobis
666 3918 820 3988 prius
852 3933 952 3988 per
1000 3916 1176 3988 legem
1223 3916 1517 3970 collectum
1564 3921 1722 3968 vacat
1761 3912 2064 3982 reprehen-

476 4008 931 4078 sione,siquidem
962 4007 1017 4060 in
1038 4006 1437 4062 sabbatismum
1458 4003 1862 4075 intelligibilem
1880 4019 2065 4058 reser-

473 4112 652 4157 vetur.
695 4103 806 4156 Nos
839 4101 1010 4165 enim,
1035 4099 1131 4169 qui
1160 4100 1216 4153 in
1243 4098 1470 4154 Christo
1487 4097 1789 4153 Sabbatum
1820 4097 2068 4152 celebra-

475 4209 619 4255 mus.
652 4191 778 4245 ideo
803 4205 1090 4244 versamur
1116 4188 1172 4240 in
1200 4187 1415 4241 umbris
1451 4185 1728 4249 Mosaieis,
1761 4195 1823 4239 ut
1853 4185 1909 4238 in
1931 4184 2066 4253 ipsis

479 4283 826 4353 inquiramus
845 4280 1156 4334 veritatem.
1183 4278 1531 4354 Exseerabile
1550 4287 1734 4332 autem
1769 4288 1910 4339 erat,
1931 4291 2064 4346 sup-

478 4373 754 4447 plicioque
791 4372 1092 4427 obnoxium
1132 4372 1178 4426 si
1219 4373 1345 4441 quis
1368 4371 1425 4425 in
1451 4369 1693 4425 Sabbato
1734 4368 2062 4439 colligeret;

477 4467 613 4538 quin
637 4465 823 4537 potius
851 4464 997 4518 Deus
1021 4471 1157 4532 ;tum
1204 4463 1416 4518 nullum
1469 4461 1784 4518 dimittebat
1841 4475 2060 4515 manna.

2161 3275 2192 3326 ὁ
2221 3273 2411 3343 νόμος·
2447 3271 2661 3342 ἔχοντες
2703 3269 2761 3322 δὲ
2807 3268 3006 3340 μᾶλλον
3049 3265 3377 3337 αὐτὸν-ὁμοῦ
3416 3267 3529 3328 τσῐς
3580 3266 3753 3334 εὐαγ-

2162 3365 2402 3435 γελικοῖς
2426 3361 2811 3432 παιδεύμασιν,
2838 3361 2937 3413 ούκ
2961 3358 3198 3429 ἐσόμεθα
3221 3358 3439 3428 μακράν
3459 3355 3555 3409 τοῦ
3592 3359 3752 3409 ἐπαι-

2164 3459 2275 3510 νεῖν
2308 3456 2560 3527 πρέπειν,
2592 3454 2688 3507 καὶ
2725 3452 2886 3506 τοῦτο
2923 3452 3096 3524 δρῶσι
3135 3451 3267 3514 Θεὸς
3295 3452 3396 3504 οὐκ
3421 3451 3754 3522 ἐπιπικραίο

2163 3565 2332 3604 νεται.
2375 3547 2483 3601 Καὶ
2519 3546 2649 3615 γοῦν
2686 3545 2714 3596 ὁ
2747 3544 2939 3616 Σωτὴρ
2979 3539 3138 3597 τοῦτο
3173 3542 3439 3595 διδάσκων
3467 3542 3642 3606 αὐτὸς
3668 3541 3754 3594 λέ-

2164 3660 2250 3711 γει
2276 3643 2431 3712 ἡμῖν,
2459 3641 2542 3692 ὅτι
2568 3657 2586 3688 t
2617 3638 2731 3700 Πᾶς
2755 3635 3123 3708 Γραμματεὺς
3148 3631 3508 3705 μαθητευθεὶς
3545 3635 3620 3702 τῇ
3661 3630 3757 3701 βα-

2167 3733 2340 3804 σιλείᾳ
2369 3730 2478 3784 τῶν
2506 3729 2772 3798 οὐρανῶν,
2821 3728 3005 3798 ὅμοιός
3053 3729 3169 3779 ἐστι
3226 3724 3500 3796 ἀνθρώπῳ
3538 3725 3756 3778 οῑκοδεο

2165 3825 2362 3896 σπότῃ,
2384 3823 2532 3886 ὅστις
2562 3820 2815 3874 ἐκϐάλλει
2849 3822 2914 3872 ἐκ
2945 3818 3039 3872 τοῦ
3071 3816 3347 3889 θησαυροῦ
3375 3814 3538 3869 αὑτοῦ
3582 3814 3751 3868 καινὰ

2164 3916 2256 3971 καὶ
2285 3913 2508 3969 παλαιά.
2567 3933 2586 3966 ι
2635 3911 2994 3980 ’Λνέγκλητον
3037 3905 3129 3964 οῦν
3173 3910 3235 3962 τὸ
3270 3907 3663 3980 προσωρευθέν
3701 3909 3759 3959 ἐν

2164 4009 2296 4078 ἡμῖν
2329 4007 2502 4077 μάννα
2544 4005 2632 4058 διὰ
2671 4003 2767 4057 τοῦ
2796 4002 2985 4073 νόμου,
3018 4001 3124 4054 κᾶν
3153 4001 3203 4053 εί
3249 4001 3306 4052 ἐν
3335 3999 3414 4069 τῷ
3445 3997 3631 4067 νοητῷ
3664 4014 3758 4066 τη-

2169 4102 2310 4172 ροῖτο
2335 4097 2712 4167 σαϐϐατισμῷ.
2739 4095 3218 4167 Περιτυγχάνομεν
3249 4093 3347 4162 μὲν
3372 4089 3479 4160 γάρ
3505 4092 3634 4153 ταῖς
3667 4087 3759 4142 διὰ

2165 4191 2412 4254 Μωσέως
2464 4191 2644 4250 σκιαῖς
2695 4188 2746 4240 οἱ
2787 4187 2844 4239 ἐν
2891 4183 3114 4257 Χριστῷ
3157 4182 3604 4246 σαϐϐατίζοντες,
3669 4180 3759 4232 ἵνα

2164 4285 2263 4354 τὴν
2294 4286 2352 4337 ἐν
2382 4282 2574 4344 αὐταῖς
2601 4279 2854 4351 ζητῶμεν
2891 4277 3172 4347 ἀλήθειαν.
3217 4274 3526 4343 Ἐπάρατον
3559 4272 3623 4325 δὲ
3663 4271 3760 4324 καὶ

2177 4376 2283 4429 ὑπὸ
2321 4375 2478 4443 δίκην
2525 4371 2692 4426 ἐτίθει
2734 4370 2797 4422 τὸ
2829 4371 2886 4422 ἐν
2921 4367 3187 4437 Σαϐϐάτῳ
3218 4365 3518 4432 συλλέγειν,
3551 4362 3760 4434 μᾶλλον

2166 4468 2224 4522 δὲ
2265 4466 2327 4520 οὐ
2367 4463 2546 4518 καθίει
2574 4461 2636 4514 τὸ
2665 4460 2842 4532 μάννα
2873 4459 2901 4510 ὁ
2928 4458 3080 4521 Θεός.
3106 4455 3534 4519 Σαϐϐατίζοντες
3562 4454 3680 4524 γάρ
3701 4453 3759 4520 ἐν

477 4525 613 4613 Cum
637 4525 791 4612 enim
831 4556 890 4612 in
920 4525 1145 4612 Christo
1186 4555 1512 4631 spiritaliter
1567 4553 1871 4610 Sabbatum
1911 4552 2058 4608 cele-

2167 4557 2388 4630 Χριστῷ
2417 4525 2749 4627 νοητῶςίτὰ
2803 4552 2862 4606 ἐν
2910 4549 3104 4611 τύποις
3151 4550 3249 4620 μὲν
3293 4547 3480 4602 οὐκέτι
3506 4544 3763 4609 συλλέξο-

480 4650 726 4713 bremus,
760 4662 826 4703 ea
861 4661 984 4718 quae
1016 4647 1073 4702 in
1097 4647 1288 4718 ﬁguris
1306 4656 1456 4712 sunt,
1479 4662 1593 4702 non
1633 4645 1876 4717 amplius
1904 4644 2065 4700 colli-

479 4755 691 4812 gemus.
719 4738 909 4811 Neque
956 4738 1107 4794 enim
1163 4738 1440 4794 carnalem
1485 4738 1798 4792 subibimus
1833 4737 2068 4791 circum-

481 4835 770 4897 cisionem,
828 4845 1010 4901 neque
1049 4845 1183 4885 oves
1246 4837 1343 4884 aut
1402 4829 1572 4884 boves
1611 4826 2064 4891 saerilleablmus,

481 4924 579 4981 sed
602 4925 786 4997 potius
821 4923 1132 4994 rejiciemus
1158 4929 1414 4992 typorum
1448 4917 1894 4984 crassitudinem,
1941 4933 2068 4973 eum

481 5019 653 5087 ipsam
676 5016 978 5072 habeamus
1014 5015 1322 5079 veritatem,
1356 5013 1460 5069 hoc
1479 5022 1563 5068 est
1593 5011 1896 5068 Christum.

550 5109 605 5162 4.
631 5107 902 5178 Copiosus
929 5107 1098 5178 igitur
1129 5107 1261 5162 satis
1296 5121 1360 5160 ac
1399 5103 1746 5169 manifestus,
1796 5112 1858 5158 ut
1909 5103 2061 5157 arbi-

481 5209 618 5264 tror,
641 5213 826 5255 sermo
855 5197 924 5253 de
978 5197 1064 5251 his
1102 5195 1324 5252 habitus
1370 5201 1475 5251 est.
1507 5193 1778 5249 Ceterum
1833 5208 1960 5248 eum
2007 5193 2064 5248 in

484 5291 648 5356 libro,
684 5292 774 5346 cui
793 5290 988 5347 titulus
1025 5297 1110 5345 est
1161 5288 1410 5354 Numeri,
1457 5287 1838 5344 invenerimus
1880 5295 2065 5359 caput,

483 5382 629 5450 quod
681 5390 738 5437 et
769 5382 906 5438 alias
952 5381 1330 5462 narrationum
1385 5378 1720 5451 appendices
1782 5379 2066 5447 continet,

2165 4666 2284 4722 μεν.
2317 4647 2397 4702 Οὐ
2430 4647 2542 4718 γὰρ
2589 4644 2862 4716 σαρκικῆς
2899 4639 3242 4712 ἁνθεξὸμεθα
3280 4636 3610 4710 περιτομῆς,
3634 4633 3762 4689 οὐδὲ

2164 4742 2292 4813 βόας
2321 4740 2354 4812 ἢ
2389 4737 2636 4809 πρόϐατα
2677 4734 3077 4805 καταθύσομεν,
3106 4731 3500 4804 ’παρωσὸμεθα
3525 4726 3764 4798 δὲ’μᾶλ-

2161 4835 2252 4888 λον
2283 4832 2343 4885 τὸ
2367 4832 2512 4901 παχὺ
2532 4828 2642 4883 τῶν
2657 4828 2867 4894 τύπων,
2901 4827 3077 4897 αὐτὴν
3104 4824 3320 4896 ἔχοντες
3341 4825 3442 4894 τὴν
3471 4820 3763 4891 ἀλήθειαν,

2161 4924 2408 4978 τουτέστι
2437 4920 2692 4992 Χριστόν.

2236 5015 2298 5067 δ’.
2343 5011 2623 5082 Ἀποχρῶν
2647 5010 2742 5082 μὲν
2776 5005 2890 5076 οῦν,
2921 5007 3172 5076 καθάπερ
3202 4997 3439 5074 ἐγῷμαι,
3459 5002 3554 5057 καὶ
3579 4999 3768 5070 σαφὴς

2170 5107 2227 5159 ἐν
2258 5123 2319 5174 γε
2339 5107 2448 5168 τοῖς
2475 5102 2854 5175 προκειμένοις
2873 5103 3005 5172 ἡμῖν
3033 5098 3324 5170 πεποίηται
3352 5097 3528 5165 λόγος.
3571 5095 3764 5147 Ἐπει-

2170 5199 2234 5269 δὴ
2263 5199 2320 5252 δέ
2351 5215 2456 5270 περ
2491 5199 2548 5250 ἐν
2591 5195 2779 5265 βῶλίῳ
2810 5194 2886 5265 τῷ
2917 5191 3148 5264 ἐπίκλην
3176 5190 3474 5262 ’Λριθμοῖς,
3503 5187 3600 5241 καὶ
3634 5184 3759 5239 ἐτέο

2170 5304 2288 5357 ραις
2321 5287 2378 5340 δὲ
2401 5286 2755 5357 διηγημάτων
2796 5283 3134 5354 προσθήκαις
3171 5281 3387 5353 ἔχοντες
3422 5277 3761 5351 εὑρίσκομεν

2164 5379 2228 5431 τὸ
2277 5377 2594 5446 κεφάλαιον,
2647 5375 2754 5429 δεῖν
2787 5373 2973 5447 ᾠήθην
3024 5373 3360 5443 ἀναγκαίως,
3407 5371 3504 5426 οὐκ
3536 5367 3764 5422 ἀϐασά-

486 5473 856 5528 ueoessarlum
914 5471 1028 5528 fore
1072 5471 1259 5542 putavi
1305 5458 1416 5526 non
1469 5470 1775 5528 indiscussa
1812 5470 2058 5525 omittere

2167 5487 2323 5523 νιστα
2353 5467 2643 5540 παρελθεῖν
2688 5470 2756 5523 τὰ
2803 5471 2861 5522 ἐν
2894 5470 2961 5539 τῇ
3006 5467 3202 5536 Ἑξόδῳ
3252 5461 3610 5534 σεσιγημένα.
3659 5458 3762 5528 Είη

487 5557 578 5613 illa
603 5575 724 5629 qua:
743 5560 798 5614 in
829 5560 934 5617 hoc
972 5559 1142 5615 Exodi
1177 5560 1322 5616 libro
1342 5561 1564 5617 silentio
1591 5569 1722 5616 sunt
1766 5560 2065 5632 praeterita.

484 5648 772 5718 Siquidem
832 5653 1136 5707 lectoribus
1188 5653 1262 5706 ita
1321 5655 1504 5724 majus
1565 5668 1918 5711 accessurum
1983 5662 2070 5709 est

2167 5561 2277 5633 γὰρ
2303 5560 2368 5615 ἂν
2397 5560 2494 5612 ὡδὶ
2538 5561 2649 5623 τοῖς
2689 5557 3090 5629 ἐντευξομένοις
3129 5551 3582 5628 ἁμφιλαφεστέρα
3619 5549 3761 5620 pax-

2168 5654 2258 5708 λον
2296 5656 2328 5724 ἡ
2379 5652 2580 5723 νόησις.
2611 5651 2921 5723 Γέγραπται
2955 5651 3164 5706 τοίνυν⁸
3207 5667 3226 5703 ι
3263 5648 3384 5703 Ὅτι
3433 5643 3521 5699 καὶ
3565 5643 3599 5696 ὁ
3637 5639 3762 5693 ἐπί-

555 5766 598 5799 ⁸⁵
631 5767 807 5822 Galat.
838 5783 891 5833 v,
922 5767 973 5821 4.
1053 5767 1096 5799 ⁸⁸
1121 5767 1298 5833 Calat,
1326 5785 1402 5838 ιιι,
1429 5770 1482 5825 3.
1558 5770 1601 5802 ⁸⁷
1630 5769 1764 5826 ibid.
1799 5771 1889 5826 24.
1966 5771 2012 5804 ⁸³
2053 5772 2058 5825 Ῑ

2164 5771 2241 5826 th.
2266 5786 2378 5840 xm,
2410 5769 2506 5825 ὅθ.
