4066 6282
462 341 568 412 465

1489 342 1544 397 S.
1585 343 1859 398 CYRILLI
1897 342 2363 400 ALEXANDRINI
2403 346 2720 402 ARCHIEP.

3618 353 3717 410 666

467 460 906 527 manducassent,
939 459 1287 515 interierunt.
1325 460 1459 515 Nam
1495 462 1640 517 Deus
1684 461 1777 517 dat
1816 461 2037 532 quidem

2141 463 2248 516 τῶν
2314 463 2536 532 ἀγαθῶν
2587 465 2835 530 οὐδενὸς,
2899 467 3032 520 ἀλλὰ
3081 465 3257 519 καίτοι
3322 464 3490 538 μετῆν
3536 470 3715 534 αὐτοῖς

465 566 826 620 coturnicem,
843 570 953 608 non
968 553 1281 624 approbatis
1295 569 1486 609 eorum
1503 555 1998 625 concupiscentiam
2020 573 2034 620 ;

465 645 630 718 294
667 644 760 700 sed
798 644 982 715 potius
1032 644 1338 700 certissima
1386 643 1490 699 fide
1543 645 1624 698 eis
1677 643 2036 714 persuadens,

463 737 610 810 quod
649 735 786 790 nihil
821 734 925 806 ipsi
952 734 1024 790 sit
1072 735 1428 806 impossibile.
1475 733 1710 805 Ideoque
1751 735 2036 790 confestim

463 829 622 898 punit
645 827 896 897 turpibus
914 827 1288 898 voluptatibus
1306 825 1707 896 captos.Simile
1718 826 1850 896 quid
1874 827 2042 884 misc-

467 922 544 974 ris
558 918 762 976 Judaais
778 918 976 974 accidit
998 927 1240 990 tempore
1263 917 1528 973 adventus
1551 918 1849 974 Salvatoris
1872 935 1885 972 :
1913 933 2038 973 um-

465 1007 564 1062 bra
587 1006 735 1061 enim
756 1014 812 1061 et
845 1007 956 1078 typi
986 1006 1208 1062 fuerunt
1227 1006 1316 1061 illa
1347 1022 1467 1077 quae
1495 1014 1608 1060 tum
1621 1015 2039 1076 praemonstrata

464 1097 1048 1165 fuerunt,futurorum.
1067 1099 1203 1154 Cum
1228 1100 1376 1152 enim
1403 1099 1506 1168 ipsi
1523 1115 1655 1154 vero
1679 1115 1911 1165 marinae,
1929 1101 2039 1155 hoc

462 1200 546 1248 est
564 1190 905 1262 Christo,qui
929 1189 1211 1244 descendit
1236 1190 1497 1254 ecoelo,et
1523 1197 1702 1260 potest
1724 1205 1825 1244 nos
1848 1207 2038 1247 omnes

463 1283 734 1348 enutrirc,
775 1281 1155 1352 promittitque
1182 1280 1646 1346 vitamaeternam,
1692 1281 2040 1351 praetulerint

464 1389 625 1429 usum
681 1381 1023 1427 terrenorum
1061 1369 1310 1440 putidum
1345 1380 1506 1441 atque
1538 1372 1827 1438 insulsum,
1860 1371 2036 1427 oli‘cn-

462 1464 663 1518 derunt
685 1460 997 1516 necessario
1015 1476 1122 1514 non
1138 1460 1314 1514 solum
1333 1459 1526 1527 Deum,
1550 1478 1741 1517 verum
1763 1463 1928 1518 etiam
1951 1463 2034 1533 ip-

462 1571 579 1608 sum
601 1553 850 1608 divinum
871 1552 1074 1607 Mosen.
1103 1552 1380 1622 Scriptum
1403 1561 1486 1607 est
1511 1554 1658 1608 enim
1685 1572 1729 1607 τι
1756 1555 1935 1609 Iratus
1953 1563 2037 1610 est

423 1647 613 1700 -furor
632 1643 849 1699 Domini
877 1651 1068 1698 contra
1102 1643 1366 1712 populum
1423 1657 1607 1710 suum,
1635 1651 1692 1698 et
1733 1643 1866 1699 Mosi
1904 1645 2038 1700 item

459 1739 747 1794 videbatur
775 1737 978 1791 malum
1008 1737 1076 1788 ".
1098 1754 1116 1785 ›
1157 1735 1310 1791 Mens
1342 1735 1490 1790 enim
1518 1743 1835 1791 sanctorum
1885 1752 2034 1792 sem-

459 1846 559 1900 per
583 1829 680 1885 Dei
703 1828 1042 1884 voluntatem
1071 1827 1338 1897 sequitur.
1387 1827 1543 1893 Quod
1575 1836 1759 1882 autem
1795 1829 2032 1898 populus
2065 1803 2107 1858 Β

459 1921 722 1978 Judaicus
771 1919 922 1974 omni
963 1934 1030 1974 ex
1074 1927 1228 1989 parte
1279 1918 1533 1988 supernis
1565 1918 1727 1974 bonis
1779 1918 2034 1989 praeferat

463 2014 791 2085 temporaria
847 2023 905 2067 et
933 2012 1194 2078 carnalia,
1242 2011 1400 2067 facile
1445 2012 1569 2082 quis
1600 2026 1669 2066 ex
1719 2011 2034 2082 evangelica

458 2105 718 2176 parabola
756 2103 1011 2158 didicerit
1038 2103 1104 2156 °°.
1130 2101 1288 2158 Servi
1315 2103 1468 2159 enim
1498 2101 1593 2172 qui
1637 2101 1894 2156 convivas
1948 2103 2035 2155 in-

459 2197 725 2262 vitabant,
742 2195 1011 2252 advocare
1032 2195 1254 2266 quidem
1278 2194 1400 2251 illos
1421 2194 1677 2250 volebant
1697 2192 1765 2248 ad
1781 2191 2030 2262 nuptias:

460 2292 562 2361 ipsi
593 2306 723 2345 vero
757 2289 1030 2360 abierunt,
1064 2288 1207 2343 alius
1238 2288 1296 2341 in
1349 2300 1540 2357 agrum
1587 2301 1768 2351 suum,
1798 2285 1939 2340 alius
1965 2285 2034 2340 ad

462 2381 678 2453 negotia
705 2396 804 2435 sua
825 2420 839 2444 ,
864 2387 1196 2454 excusantes
1223 2394 1305 2444 se,
1337 2378 1426 2432 hic
1447 2377 1691 2448 quidem,
1718 2377 1862 2447 quod
1894 2393 2033 2432 uxo-

458 2488 578 2526 rem
601 2471 875 2537 duxisset;
907 2471 998 2527 ille
1030 2486 1184 2537 vero,
1219 2469 1364 2540 quod
1397 2485 1587 2540 agrum
1641 2476 2032 2538 comparasset,

459 2564 696 2633 ideoque
733 2578 846 2617 non
906 2571 1132 2632 possent
1181 2560 1390 2616 venire.
1439 2560 1610 2616 Porro
1657 2559 1805 2630 quod
1829 2567 1885 2614 et
1918 2562 2036 2630 ipse

459 2655 636 2710 Moses
661 2653 727 2710 de
773 2653 1150 2711 inobedientia
1184 2652 1498 2710 Judzorum
1550 2657 1888 2722 conquestus
1941 2651 2033 2717 sit,

455 2745 750 2804 conﬁrmat
780 2745 1046 2801 Dominus
1079 2753 1269 2800 noster
1308 2745 1468 2800 Jesus
1504 2742 1778 2808 Christus,
1813 2743 1892 2798 ita
1947 2742 2034 2797 di-

453 2853 588 2894 cens
619 2856 631 2891 :
663 2857 680 2889 ι
699 2838 778 2892 Ne
800 2837 1125 2893 existimetis
1149 2836 1294 2908 quod
1307 2851 1407 2907 ego
1432 2836 1533 2890 sim
1561 2849 1660 2890 vos
1681 2843 2037 2891 accusaturus

407 2917 410 2922 ’
455 2930 601 3001 apud
633 2929 873 2985 Patrem.
904 2930 1004 2986 Est
1040 2929 1133 3000 qui
1164 2944 1262 2984 vos
1288 2935 1508 2984 accuset
1539 2927 1735 2993 Moses,
1754 2927 1813 2982 in
1871 2941 2036 2997 quem

456 3035 554 3074 vos
582 3019 920 3089 speravistis.
964 3017 1020 3075 Si
1045 3018 1194 3073 enim
1233 3016 1532 3072 crederetis
1553 3015 1707 3082 Mosi,
1735 3015 2036 3071 crederetis

455 3117 513 3166 et
570 3110 706 3164 mihi
740 3128 753 3165 :
785 3126 913 3164 nam
969 3109 1038 3163 de
1097 3125 1184 3163 me
1217 3108 1307 3164 ille
1334 3109 1555 3179 scripsit
1575 3109 1643 3161 ’⁷.
1683 3127 1702 3158 ι
1761 3107 1840 3163 Ac
1871 3123 2034 3179 grave
2061 3134 2107 3197 ο

453 3199 677 3272 quidem
705 3211 761 3254 et
790 3199 1024 3254 arduum
1075 3199 1332 3254 censebat
1371 3198 1567 3271 Moses,
1614 3197 1822 3252 diutius
1889 3197 2035 3254 ferre

450 3289 730 3345 lsraelem.
767 3288 979 3344 Idcirco
1001 3289 1148 3345 Deus
1184 3287 1547 3344 sanctiﬁcavit
1570 3288 1738 3342 etiam
1770 3287 1907 3344 alios
1925 3303 2034 3342 nu-

456 3393 611 3434 mero
651 3379 1017 3450 septuaginta,
1077 3389 1140 3434 ut
1165 3380 1276 3451 jam
1306 3378 1562 3434 diximus.
1620 3379 1755 3433 Nam
1775 3380 1865 3434 lex
1895 3379 2032 3445 sola,

457 3470 614 3538 cujus
640 3475 826 3539 typum
864 3469 1007 3539 gerit
1031 3469 1228 3536 Moses,
1289 3485 1455 3524 manu
1493 3468 1696 3525 ducere
1713 3485 1826 3525 non
1865 3472 2031 3527 valet.

459 3559 613 3615 Unde
663 3566 720 3614 et
768 3558 860 3614 alii
889 3560 1233 3631 septuaginta
1265 3559 1604 3632 deliguntur,
1655 3561 1751 3630 qui
1787 3561 1843 3615 id
1887 3561 2034 3631 quod

456 3653 611 3726 deest
633 3652 948 3723 suppleant,
976 3660 1034 3707 et
1058 3651 1230 3707 veluti
1278 3651 1334 3705 in
1363 3666 1597 3706 numero
1633 3651 1876 3721 perfecto
1911 3666 2032 3707 cer-

455 3728 674 3820 nantur.
716 3742 868 3800 Hanc
888 3742 1037 3799 enim
1069 3741 1461 3813 perfectionem
1515 3739 1786 3813 signiﬁcat
1836 3758 2034 3798 nume-

453 3853 552 3893 rus
581 3835 1048 3907 septuagenarius.
1087 3834 1158 3889 At
1205 3834 1430 3905 quinam
1480 3841 1611 3889 sunt
1660 3834 2034 3906 septuaginta?

452 3930 556 3998 Qui
581 3945 678 4000 per
692 3927 973 3985 Christum
1006 3933 1132 3999 post
1151 3925 1338 3982 Mosen
1366 3934 1495 3982 sunt
1524 3925 1810 3981 constituti
1832 3925 1900 3980 ad
1927 3925 2033 3980 du-

453 4019 690 4076 cendum
727 4019 1014 4089 populum,
1044 4032 1282 4088 quorum
1304 4016 1561 4088 primitiae
1605 4025 1662 4073 et
1692 4027 1878 4087 patres
1904 4026 2034 4072 sunt

452 4110 628 4165 sancti
680 4107 956 4178 discipuli.
1007 4107 1152 4162 Deus
1197 4115 1384 4162 autem
1449 4106 1653 4162 dicitur
1697 4106 1915 4162 auferre
1963 4105 2032 4161 de

454 4198 649 4268 spiritu
677 4197 772 4266 qui
793 4205 878 4251 est
899 4197 956 4250 in
989 4195 1158 4261 Mose,
1188 4210 1428 4267 eumque
1472 4197 1772 4252 immittere
1830 4199 1887 4251 in
1915 4197 2030 4252 elc-

453 4297 573 4342 ctos
595 4302 705 4340 non
732 4287 893 4341 aliam
914 4285 987 4342 ob
1009 4301 1250 4352 causam,
1275 4301 1441 4356 quam
1475 4296 1536 4343 ut
1554 4288 1864 4354 credamus,
1883 4289 2030 4360 quod

455 4379 600 4434 Deus
632 4391 742 4431 uno
763 4387 820 4433 et
839 4386 1029 4434 sancto
1052 4376 1261 4449 Spiritu
1301 4392 1514 4444 omnes,
1559 4387 1616 4435 et
1647 4379 1741 4450 qui
1771 4388 1898 4436 ante
1929 4372 2040 4438 nos'

453 4457 697 4542 fuerunt,
725 4478 782 4526 et
801 4485 902 4525 nos
928 4469 1246 4526 sanctiﬁcat.
1287 4469 1449 4542 29,5
1469 4471 1740 4538 Quoniam
1771 4472 1921 4528 enim
1943 4477 2030 4527 est
2059 4469 2105 4526 D

453 4577 595 4618 unus
616 4562 799 4628 Pater,
829 4577 972 4618 unus
998 4561 1130 4618 item
1162 4562 1353 4629 Filius,
1385 4561 1461 4622 ita
1483 4578 1703 4636 quoque
1733 4579 1879 4620 unus
1909 4563 2032 4636 Spi-

453 4651 593 4706 ritus
613 4660 855 4719 sanctus,
883 4653 977 4723 qui
1011 4652 1066 4707 in
1095 4653 1380 4723 prophetis
1405 4661 1461 4708 ct
1485 4655 1542 4710 in
1567 4654 1728 4711 nobis
1758 4670 1902 4711 unus
1922 4664 2027 4712 est.

447 4739 586 4798 Cum
617 4759 748 4814 ergo
779 4759 923 4800 unus
948 4743 1040 4811 sit,
1077 4744 1232 4800 nullo
1259 4745 1423 4802 modo
1465 4745 1768 4802 secundum
1799 4745 2028 4802 divisio-

451 4851 574 4890 nem
621 4836 958 4908 intelligatur
1001 4836 1058 4891 in
1124 4836 1353 4904 multis;
1401 4837 1498 4892 sed
1551 4845 1638 4892 est
1686 4837 2026 4905 individuus,

448 4928 615 4981 etiam
655 4927 710 4982 in
732 4928 1024 5000 multiplici
1049 4927 1322 4984 donorum
1352 4927 1764 4996 distributione,
1808 4937 1864 4985 et
1902 4945 2029 5001 per-

447 5020 588 5096 fecte
626 5033 685 5074 se
724 5019 934 5075 habens
957 5021 1012 5075 in
1051 5021 1328 5077 omnibus.
1367 5019 1781 5078 Observandum
1840 5033 2024 5078 autem

447 5119 550 5175 est,
569 5109 718 5180 quod
738 5111 900 5181 hujus
917 5112 1157 5169 universi
1171 5113 1555 5184 Deusjusserit
1578 5113 1800 5184 quidem
1823 5115 2025 5186 eligere

2143 553 2411 618 πλουσίως
2441 555 2562 618 ταῖς
2592 555 2684 607 τοῦ
2720 556 2896 625 μάννα
2928 557 3215 627 χορηγίαις
3257 548 3598 628 ἁδιαὸλήτως
3631 561 3716 610 ἐν-

2140 646 2372 715 τρυφᾷν,
2405 645 2580 716 κρεῶν
2609 645 2776 718 ἐρῶσι
2809 647 2903 701 καλ.
2939 649 3186 719 πράσων,
3233 649 3456 712 σικυοὺς
3499 650 3592 701 καὶ
3621 652 3716 702 πέ-

2141 749 2310 797 πονας
2334 733 2681 804 ὀνομάζουσι,
2706 735 2967 805 κρόμμυά
2995 751 3053 787 τε
3080 735 3174 788 καὶ
3218 734 3463 806 σκόροδα.
3486 735 3718 804 Τοιγάρ-

2139 837 2221 875 τοι
2253 824 2540 891 φαγόντες,
2571 825 2673 876 οὐκ
2706 824 2785 887 εἰς
2810 823 3027 896 μακρὰν
3052 824 3358 879 διολώλασι.
3397 824 3593 878 Δίδωσι
3623 825 3718 894 μὲν

2140 913 2249 986 γὰρ
2287 913 2387 984 τὴν
2416 912 2836 989 ὀρτυγομήτραν
2870 914 3022 980 Θεὸς,
3054 916 3155 969 οὒκ
3197 915 3435 970 ἐπαινῶν
3466 915 3565 986 τὴν
3602 918 3715 968 ἐπι·

2143 1000 2368 1072 θυμίαν,
2402 1002 2767 1075 πληροφορῶν
2795 1004 2850 1057 δέ
2883 1004 3080 1074 μᾶλλον
3119 1004 3208 1057 διὰ
3247 1005 3611 1076 πραγμάτων,
3643 1005 3720 1068 ὡς

2139 1093 2291 1147 οὐδὲν
2322 1095 2602 1165 ἀμήχανον
2629 1095 2796 1166 αὐτῷ.
2826 1097 3060 1160 Κολάζει
3093 1096 3148 1149 δὲ
3186 1097 3324 1167 μετὰ
3354 1096 3510 1149 τοῦτο
3535 1095 3720 1148 λοιπὸν

2139 1184 2450 1249 ἀκολούθως
2500 1188 2754 1258 αἰσχραῖς
2802 1187 3089 1250 ἐναλόντας
3131 1189 3366 1258 ἡδοναῖς.
3406 1188 3720 1242 Πεπόνθασί

2139 1289 2195 1327 τι
2234 1275 2374 1330 κατά
2401 1277 2494 1330 τὸν
2533 1277 2633 1347 τῆς
2663 1277 2958 1348 ἐπιδημίας
2983 1278 3077 1332 τοῦ
3115 1279 3365 1351 Σωτῆρος
3391 1283 3424 1352 ἡ
3436 1280 3550 1350 μῶν
3591 1297 3715 1333 και-

2142 1367 2233 1439 ρὸν
2261 1369 2309 1422 οί
2350 1367 2577 1434 τάλανες
2619 1369 2884 1424 Ἰουδαῖοι.
2927 1371 3085 1424 Σκιαὶ
3117 1371 3224 1443 γὰρ
3259 1371 3465 1424 τούτων
3510 1373 3719 1436 ἐκεῖνα,

2141 1460 2235 1513 καὶ
2267 1459 2430 1514 τύποι
2479 1461 2940 1532 προανεφαίνοντο
2980 1462 3088 1515 τῶν
3137 1463 3378 1534 ὑστέρων
3429 1462 3498 1516 τὰ
3546 1464 3722 1518 πάλαι

2141 1550 2546 1622 συμϐεϐηκότα.
2581 1552 2929 1623 Καθιγμένου
2959 1553 3070 1626 γάρ
3104 1557 3236 1625 ἡμῖν
3293 1555 3499 1608 ἄνωθεν
3529 1557 3624 1608 καὶ
3663 1555 3722 1621 ἐξ

2139 1639 2368 1710 οὐρανοῦ
2403 1640 2497 1694 τοῦ
2527 1641 2890 1712 ἀληθεστέρου
2921 1643 3117 1713 μάννα,
3158 1643 3417 1714 Χριστοῦ,
3453 1644 3546 1698 καὶ
3575 1645 3723 1698 ἀπο-

2139 1732 2361 1802 τρέφειν
2407 1732 2519 1785 οἴου
2549 1749 2631 1800 τε,
2666 1733 2759 1786 καὶ
2790 1733 3224 1805 ὑπισχνουμένου
3263 1735 3400 1806 πρὸς
3433 1737 3724 1806 ἀμήρυτον

2136 1824 2301 1897 ζωὴν,
2333 1819 2442 1880 ⁸ἰῶν
2493 1827 2750 1896 ἐπιγείων
2792 1827 2890 1898 τὴν
2925 1828 3122 1899 χρῆσιν
3167 1827 3267 1899 τὴν
3318 1829 3460 1882 κατὰ
3507 1827 3724 1900 κόσμον

2137 1915 2353 1987 ἀληθῶς
2403 1917 2499 1971 καὶ
2553 1919 2922 1990 ὑδαρεστάτην
2975 1917 3252 1983 ἀσυνέτως
3320 1919 3725 1991 ἀνθῃρημένοι,

2137 2007 2649 2080 προσκεκρούκασιν
2680 2010 3016 2078 ἀναγκαίως,
3049 2010 3142 2064 καὶ
3187 2010 3309 2080 οὐχὶ
3352 2010 3418 2080 δὴ
3450 2011 3595 2082 μόνῳ
3648 2013 3728 2083 τῷ

2133 2097 2240 2151 τῶν
2267 2098 2403 2152 ὅλων
2425 2099 2562 2171 Θεῷ,
2585 2099 2719 2154 ἀλλὰ
2744 2100 2839 2153 καὶ
2860 2099 3008 2172 αὑτῷ
3034 2101 3098 2173 δὴ
3117 2099 3194 2171 τῷ
3217 2100 3489 2173 θεσπεσίῳ
3516 2103 3724 2176 Mincii.

2135 2190 2449 2260 Γέγραπται
2493 2194 2626 2264 γάρ,
2673 2193 2755 2246 ὅτι
2800 2213 2818 2244 ι
2867 2194 2980 2246 Καὶ
3031 2193 3284 2264 ἐθυμώθη
3329 2193 3534 2266 Κύριος
3578 2196 3724 2268 ὀργῇ

2135 2285 2215 2347 εἰς
2248 2283 2339 2339 τὸν
2370 2283 2496 2337 λαὸν
2529 2285 2719 2351 αὑτοῦ,
2751 2287 2847 2340 καὶ
2878 2285 3058 2339 ἔναντι
3092 2287 3266 2356 Μωσῇ
3293 2281 3360 2358 ἦν
3391 2287 3661 2359 πονηρόν.
3701 2308 3720 2340 ι

2138 2375 2368 2428 Ἐπεται
2391 2375 2501 2446 γὰρ
2531 2375 2618 2428 ἀεὶ
2642 2379 2763 2440 ταῖς
2789 2377 2884 2431 τοῦ
2912 2377 3048 2431 Θεοῦ
3078 2378 3301 2448 ψήφοις,
3345 2378 3454 2432 τῶν
3486 2379 3670 2447 ἁγίων
3698 2382 3730 2433 6

2135 2464 2279 2528 νοῦς.
2299 2464 2420 2518 ’Ὁτι
2455 2465 2553 2536 μὲν
2579 2461 2672 2520 οὖν
2697 2467 2802 2520 τῶν
2829 2465 3034 2521 ἀνωθεν
3056 2467 3277 2536 ἀγαθῶν
3307 2469 3375 2522 τὰ
3403 2469 3734 2542 πρόσκαιρά

2134 2574 2194 2610 τε
2241 2557 2336 2610 καὶ
2377 2559 2617 2628 σαρκικὰ
2653 2559 2928 2630 προετίθει
2977 2559 3230 2630 πανταχῆ
3276 2558 3384 2613 τῶν
3445 2561 3731 2616 Ἰουδαίων

2134 2649 2164 2702 6
2196 2649 2387 2720 δῆμος,
2424 2649 2691 2719 ἀναμάθοι
2719 2667 2802 2713 τις
2831 2649 2896 2704 ἂν
2929 2650 2993 2703 ἐκ
3015 2651 3114 2720 τῆς
3144 2646 3506 2722 εὗαγγελικῆς
3549 2669 3738 2724 παρα-

2137 2741 2320 2814 ϐολῆς.
2356 2742 2418 2795 Οἱ
2461 2743 2559 2813 μέν
2593 2740 2703 2812 γὰρ
2741 2741 3190 2813 δειπνοκλήτορες
3221 2743 3572 2814 συναγείρειν
3603 2744 3736 2816 ἤθε-

2136 2834 2227 2888 λον
2266 2836 2345 2897 είς
2371 2835 2499 2896 τοὺς
2519 2831 2754 2902 γάμους·
2797 2832 2846 2885 οἱ
2877 2832 2931 2886 δὲ
2978 2833 3282 2904 ἀπῴχοντο,
3316 2834 3504 2904 φησὶν,
3534 2835 3599 2898 ὃς
3633 2833 3738 2904 μὲν

2136 2925 2230 2979 ἐπὶ
2258 2925 2350 2979 τὸν
2381 2925 2510 2979 ἴδιον
2549 2925 2741 2996 ἀγρὸν,
2774 2924 2833 2988 ὃς
2862 2924 2919 2978 δὲ
2965 2927 3060 2978 ἐπὶ
3088 2925 3188 2997 τὴν
3218 2926 3487 2996 ἐμπορίαν
3529 2926 3734 2983 αὑτοῦ.

2136 3015 2250 3069 Καὶ
2277 3012 2346 3088 ἦν
2389 3017 2424 3088 ἡ
2459 3017 2815 3089 παραίτησις,
2856 3015 2934 3088 τῷ
2966 3017 3086 3088 μὲν,
3125 3019 3206 3071 ὅτι
3234 3019 3480 3072 Γυναῖκα
3511 3019 3738 3091 ἔγημα,

2136 3106 2214 3178 τῷ
2245 3107 2326 3172 δὲ,
2365 3107 2448 3161 ὅτι
2489 3107 2682 3179 Ἀγρὸν
2710 3108 2980 3181 ἠγόρασα,
3027 3108 3122 3163 καὶ
3166 3109 3227 3162 οὺ
3254 3108 3485 3180 δύναμαι
3522 3111 3739 3166 ἐλθεῖν.

2140 3196 2266 3250 Ὀτι
2299 3195 2357 3250 δέ
2402 3196 2498 3250 καὶ
2532 3197 2693 3262 αὐτὸς
2726 3199 2824 3269 τῆς
2850 3197 2958 3252 τῶν
3002 3199 3272 3252 Ἰουδαίων
3305 3199 3604 3266 ἀπειθείας
3636 3219 3746 3257 κα-

2135 3285 2484 3359 τακέκραγεν
2515 3289 2543 3342 6
2586 3289 2818 3360 Μωσῆς,
2857 3288 3190 3346 πιστώσεται
3229 3290 3402 3359 λέγων
3444 3292 3472 3344 6
3515 3294 3744 3365 Κύριος

2135 3378 2294 3450 ἡμῶν
2336 3378 2544 3451 Ἰησοῦς
2574 3381 2829 3452 Χριστός·
2871 3401 2890 3434 ι
2928 3382 3019 3453 Μὴ
3057 3381 3264 3436 δοκεῖτε
3309 3384 3392 3436 ὅτι
3428 3384 3555 3452 ἐγὼ
3599 3403 3746 3442 κατ-

2133 3469 2396 3541 ηγορήσω
2419 3470 2572 3542 ὑμῶν
2601 3471 2736 3542 πρὸς
2755 3471 2844 3525 τὸν
2871 3472 3112 3544 Πατέρα.
3135 3473 3366 3527 Ἔστινὸ
3389 3479 3750 3549 κατηγορῶν

2136 3564 2290 3635 ὑμῶν
2321 3565 2670 3635 Μωσῆς,.εἰς
2698 3564 2758 3618 ὃν
2788 3565 2945 3636 ὑμεῖς
2978 3557 3264 3636 ἠλπίκατε.
3303 3567 3366 3620 Εἰ
3397 3566 3519 3640 γὰρ
3557 3570 3750 3642 mm-

2136 3656 2356 3708 στεύετε
2382 3656 2555 3728 Μωσῇ
2579 3696 2592 3721 ,
2633 3656 2951 3710 ἐπιστεύετε
2991 3657 3058 3711 ἂν
3098 3658 3240 3729 ἐμοί·
3272 3657 3556 3733 περὶγὰρ
3600 3661 3750 3732 ἐμοῦ

2134 3747 2343 3809 ἐκεῖνος
2384 3743 2610 3817 ἔγραψε.
2655 3764 2674 3798 ι
2720 3746 2828 3800 Καὶ
2875 3747 3132 3819 φορτικὸν
3186 3748 3285 3818 μὲν
3332 3748 3455 3804 λίαν
3507 3753 3755 3822 ἡγεῖται

2134 3837 2374 3908 Μωσῆς,
2410 3837 2470 3890 τὸ
2520 3838 2844 3908 ὑπενεγκεῖν
2893 3839 2974 3893 ἔτι
3018 3839 3279 3895 δύνασθαι
3328 3843 3434 3926 τὺνλ
3477 3843 3752 3918 Ἰσραήλ.

2146 3927 2437 3997 Ἥγιάζετο
2464 3928 2521 3982 δέ
2565 3930 2594 3982 6
2633 3929 2764 3994 Θεὸς
2809 3929 3030 4002 ἐτέρους
3078 3929 3168 3985 τὸν
3211 3933 3447 4004 ἀριθμὸν
3485 3937 3754 4010 ἑϐδομή·

2135 4035 2321 4085 κοντα,
2349 4020 2604 4094 καθάπερ
2641 4022 2745 4094 ἤδη
2776 4022 3130 4094 προείπομεν.
3160 4024 3335 4089 Μόνος
3372 4027 3492 4100 γὰρ
3519 4032 3694 4100 ἡμᾶς
3724 4033 3757 4084 ὁ

2132 4111 2331 4183 νόμος,
2372 4107 2434 4166 οὗ
2478 4113 2573 4167 καὶ
2614 4112 2784 4178 τύπος
2825 4114 2983 4169 νοοῖτ’
3033 4116 3099 4170 ἂν
3137 4117 3364 4183 εἰκότως
3406 4120 3437 4172 6
3487 4121 3757 4192 Μωσῆς,

2132 4207 2494 4276 χειραγωγεῖν
2522 4206 2620 4277 οὐχ
2661 4201 2775 4270 οἷός
2807 4225 2888 4261 τε.
2924 4209 3194 4282 Ταύτῃτοι
3229 4212 3323 4264 καὶ
3353 4212 3553 4286 ἐτεροι
3587 4218 3759 4272 ἐϐδο-

2135 4293 2382 4365 μήκοντα
2417 4296 2851 4367 χειροτονοῦνται
2883 4299 3091 4362 πολλοὶ,
3142 4300 3204 4352 τὸ
3233 4301 3488 4358 ἐλλεῖπον
3538 4309 3760 4380 ἐκείνῳ

2133 4385 2531 4456 πληρώσοντες,
2558 4387 2653 4443 καὶ
2688 4387 2765 4453 ὡς
2803 4391 2863 4443 ἐν
2907 4392 3098 4462 τελείῳ
3133 4395 3442 4464 πεφήνασιν
3481 4399 3762 4472 ἀριθμῷ.

2133 4472 2301 4527 Τοῦδε
2325 4475 2435 4547 γὰρ
2463 4475 2532 4532 ἂν
2563 4478 2648 4549 εἴη
2708 4481 3044 4549 σημαντικὸν
3068 4523 3084 4548 ,
3117 4482 3146 4534 6
3177 4482 3579 4555 ἐϐδομήκοντα
3627 4490 3759 4562 ἀρι-

2134 4563 2296 4636 θμός.
2329 4566 2440 4620 Καὶ
2459 4565 2605 4632 τίνες
2639 4562 2785 4624 οὗτοι
2816 4569 2880 4641 δὴ
2907 4571 3070 4626 πάλιν
3090 4591 3105 4641 ;
3128 4575 3191 4627 Οἱ
3217 4575 3354 4646 μετά
3381 4577 3624 4635 Μωσέα
3667 4584 3765 4637 διὰ

2127 4654 2370 4726 Χριστοῦ
2412 4656 2550 4729 πρὸς
2583 4657 2644 4711 τὺ
2691 4658 3057 4731 καθηγεῖσθαι
3091 4653 3629 4738 παρενηνεγμένοι,
3681 4666 3765 4728 ὧν

2128 4744 2224 4799 καὶ
2243 4745 2467 4819 ἀπαρχὴ
2491 4748 2587 4802 καὶ
2628 4751 2866 4821 πατέρες
2891 4753 2941 4804 οἱ
2981 4752 3258 4809 θεσπέσιοι
3293 4739 3586 4828 μαθηταί,
3631 4765 3768 4834 Ἀφ-

2127 4837 2270 4892 ελεῖν
2306 4839 2365 4893 δὲ
2401 4841 2618 4910 λέγεται
2652 4841 2786 4906 Θεὸς
2820 4845 2928 4898 ἀπὸ
2960 4845 3056 4899 τοῦ
3088 4848 3401 4920 πνεύματος
3443 4853 3559 4905 τοῦ
3592 4857 3768 4922 ὄντος

2127 4931 2224 4986 ἐπὶ
2254 4931 2481 4997 Μωσέα,
2516 4933 2610 4987 καὶ
2655 4935 2855 4989 ἐνεῖναι
2895 4940 3008 5002 τοῖς
3035 4938 3470 5011 ἐξειλεγμένοις,
3505 4952 3622 5004 καὶ
3656 4953 3768 5022 οὐχ

2127 5024 2314 5098 ἐτέρου
2341 5041 2435 5078 του
2460 5026 2638 5098 χάριν,
2669 5025 2704 5098 ἢ
2743 5027 2829 5082 ἵνα
2862 5027 3242 5103 πιστεύσωμεν
3270 5035 3352 5089 ὅτι
3383 5038 3484 5110 τῷ
3530 5043 3628 5095 ἐνὶ
3661 5044 3770 5097 καὶ

2124 5117 2266 5188 ἁγίῳ
2297 5117 2571 5188 Πνεύματι
2591 5158 2606 5185 ,
2630 5118 2756 5182 τούς
2785 5135 2844 5172 τε
2875 5120 2985 5191 πρὸ
3015 5124 3175 5193 ἡμῶν
3215 5126 3409 5195 ἁγίους
3444 5135 3563 5186 καὶ
3601 5136 3770 5206 ἡμᾶς

449 5215 679 5255 numero
729 5203 1089 5273 septuaginta.
1129 5203 1402 5260 Caeterum
1449 5202 1542 5259 hic
1599 5219 1866 5260 numerus
1911 5222 2025 5262 non

2135 5208 2320 5299 ιρτους
2350 5207 2740 5276 ἀγιάζειθεός.
2773 5211 2983 5283 Ὥσπερ
3016 5214 3124 5285 γὰρ
3151 5211 3232 5280 εἷς
3258 5219 3418 5272 ἐστιν
3452 5224 3487 5274 ὁ
3523 5202 3770 5299 Πατὴρ,

447 5290 773 5367 completur.
805 5291 1108 5348 Defuerunt
1129 5293 1277 5348 enim
1306 5293 1437 5362 duo,
1477 5293 1671 5350 Modad
1691 5365 1700 5367 _
1720 5304 1777 5351 et
1825 5295 2019 5352 Eldad.

447 5365 772 5462 Deﬁcientcs
821 5392 1004 5438 autem
1049 5384 1215 5438 etiam
1258 5383 1360 5439 hos
1411 5365 1753 5455 replctDeus
1791 5385 2020 5456 Spiritu.

446 5473 849 5546 Prophetarum
880 5475 1030 5530 enim
1091 5475 1146 5530 in
1203 5477 1414 5532 castris.
1482 5474 1640 5533 Unde
1659 5477 1881 5548 quidam
1929 5479 2024 5552 qui

446 5562 591 5645 circa
655 5563 839 5620 Mosen
877 5575 1035 5621 erant
1072 5582 1168 5622 eos
1223 5568 1584 5634 aemulantur,
1614 5579 1670 5624 ct
1707 5569 2024 5624 submoveri

488 5723 558 5773 ὀε
585 5714 754 5796 Νυω.
789 5754 860 5808 ιι,
896 5738 980 5794 ιο.
1058 5741 1104 5774 ια
1130 5705 1468 5813 Mannum
1495 5744 1681 5800 lii-2L
1721 5747 1803 5830 _"
1833 5746 1990 5802 Joan.
2030 5763 2085 5817 ν,

2125 5291 2206 5374 εἷς
2236 5296 2291 5350 δέ
2319 5299 2520 5369 ὁμοίως
2550 5300 2642 5353 καὶ
2670 5301 2698 5352 ὁ
2726 5300 2874 5364 Υἱὸς,
2911 5300 3054 5356 οὕτω
3085 5305 3178 5358 καὶ
3213 5305 3270 5358 ἓν
3301 5307 3362 5359 τὺ
3400 5291 3775 5386 Πνεῦμα

2126 5388 2318 5457 ἀγιον,
2359 5390 2422 5443 τό
2446 5407 2505 5442 τε
2532 5392 2590 5444 ἐν
2637 5393 2948 5462 προφήταις
2995 5393 3051 5448 ἐν
3082 5395 3175 5449 καὶ
3223 5398 3281 5449 ἐν
3323 5400 3512 5467 ἡμῖν.
3556 5408 3670 5460 Ἓν
3707 5409 3770 5462 δὲ

2126 5478 2392 5549 ὑπάρχον,
2423 5479 2484 5532 οὐ
2527 5479 2666 5535 κατά
2718 5482 2982 5555 διαίρεσιν
3027 5486 3085 5538 ἐν
3123 5487 3335 5550 πολλοῖς
3388 5491 3659 5552 ὲννωῖτ⁹
3697 5499 3772 5556 ἂν

2127 5568 2372 5635 εἰκότως,
2397 5569 2512 5625 ἀλλ’
2539 5571 2687 5627 ἐστιν
2711 5574 3006 5646 ἀμέριστον
3030 5577 3126 5633 καὶ
3153 5580 3210 5633 ἐν
3235 5577 3421 5654 πολλῇ
3456 5592 3772 5662 χαρισμά.

2117 5747 2206 5814 -15,
2245 5749 2332 5804 46.
