4066 6282
444 301 543 359 661

1469 308 1525 363 S.
1566 308 1841 363 CYRILLI
1879 307 2349 364 ALEXANDRLVI
2386 309 2702 365 ARCHIEP.

3587 307 3692 367 468

444 421 668 486 quidem
707 419 805 484 ait,
857 423 1056 493 Ipsum,
1087 422 1302 492 opinor,
1329 425 1568 479 Verbum
1599 425 1984 481 demonstrans

2125 424 2247 481 καθ’
2281 425 2446 495 ἡμᾶς·
2478 423 2655 479 καίτοι
2683 425 2775 479 καὶ
2811 427 2868 480 ὲν
2899 432 3104 501 μορφῇ,
3133 429 3230 484 καὶ
3252 431 3307 484 ὲν
3339 429 3566 500 ἰσότητι,
3599 429 3694 482 τοῦ

451 528 470 558 ι
502 508 601 564 llic
629 519 712 564 est
747 512 894 566 Deus
920 521 1129 578 noster,
1154 522 1211 570 et
1239 530 1349 568 non
1376 517 1738 571 aestimabitur
1772 517 1841 570 ad
1865 517 2018 572 illum

443 600 603 654 alius.
633 600 732 655 Hic
756 601 966 657 invenit
996 619 1215 659 omnem
1245 607 1388 660 viam
1411 607 1733 677 disciplinae,
1764 618 1821 663 et
1845 609 2018 663 tradis

441 690 524 743 dit
549 690 698 745 illam
725 693 894 748 Iacob
919 712 1092 764 puero
1111 713 1232 762 suo,
1260 706 1317 753 et
1345 701 1509 754 Israel
1529 700 1730 756 dilecto
1753 717 1872 756 suo.
1892 703 2019 757 Post

442 783 558 838 haec
592 783 648 837 in
671 785 834 840 terris
860 787 1009 842 visus
1037 799 1141 852 est,
1172 798 1380 845 etcum
1415 791 1731 847 hominibus
1783 808 2016 848 convere

441 882 591 929 satus
621 885 705 930 est
732 876 771 928 ³.
806 897 824 928 ι
853 877 1010 935 Clare
1048 897 1177 935 vero
1213 884 1478 937 exclamat
1500 883 1659 938 nobis
1693 884 1887 939 beatus
1911 887 2015 940 Da-

440 963 532 1017 vid
571 983 586 1020 :
623 985 640 1016 ι
674 967 820 1024 Deus
853 969 1082 1025 deorum
1106 973 1372 1028 Dominus
1404 975 1622 1029 locutus
1646 985 1824 1040 est,et
1857 993 2018 1032 voca-

442 1057 519 1110 vit
537 1065 766 1125 terram,
796 1076 827 1115 a
849 1061 982 1116 solis
1002 1071 1126 1117 ortu
1153 1079 1324 1134 usque
1357 1065 1423 1119 ad
1450 1081 1704 1121 occasum
1731 1084 1743 1120 :
1776 1082 1845 1121 ex
1881 1067 2014 1122 Sion

439 1148 652 1218 species
689 1151 906 1208 decoris
937 1155 1075 1224 ejus.
1121 1157 1264 1211 Deus
1297 1157 1583 1212 manifeste
1619 1159 1821 1224 veniet,
1869 1160 2014 1216 Deus

437 1245 646 1305 noster,
699 1251 755 1297 et
785 1258 895 1298 non
940 1245 1126 1300 silebit
1161 1247 1201 1299 ⁸.
1237 1267 1254 1298 ι
1295 1248 1589 1302 Descendit
1643 1251 1791 1304 enim
1830 1251 2012 1321 specie

438 1327 580 1398 ignis
606 1331 660 1385 in
685 1342 923 1388 montem
948 1336 1096 1391 Sina.
1133 1336 1240 1391 Sed
1265 1338 1393 1406 quia
1416 1338 1505 1393 illa
1521 1340 1657 1394 nihil
1681 1343 1829 1396 aliud
1848 1359 2010 1412 quam

434 1430 598 1491 typus
620 1431 677 1478 et
702 1423 871 1494 figura
901 1437 1077 1491 erant,
1110 1429 1413 1498 pleniorem
1447 1433 1565 1502 ejus
1592 1434 1670 1487 rei
1696 1435 1855 1489 fidem
1881 1437 2011 1492 facit

433 1510 708 1568 Christus.
743 1515 976 1570 Putabat
997 1519 1146 1572 enim
1167 1521 1481 1576 Iudzeorum
1508 1525 1680 1590 natio,
1710 1540 1768 1580 se
1817 1543 2009 1583 revera

435 1601 610 1670 ipsam
636 1606 904 1660 occultam
948 1615 1005 1662 et
1031 1608 1273 1664 divinam
1314 1612 1520 1668 vidisse
1555 1623 1828 1681 naturam,
1861 1619 2008 1674 Mose

432 1693 853 1760 interveniente,
901 1705 957 1752 et
985 1707 1196 1754 astante
1233 1701 1368 1771 ipsis
1399 1703 1452 1757 in
1501 1703 1739 1772 Choreb,
1779 1717 1835 1762 et
1872 1724 2007 1764 con-

432 1783 646 1839 cionem
671 1786 970 1842 advocante
992 1788 1062 1842 ad
1086 1800 1328 1845 montem
1360 1791 1510 1847 Sina.
1547 1795 1839 1864 Postquam
1873 1814 2004 1853 vero

434 1871 692 1927 tubarum
734 1875 958 1947 clangor
995 1893 1212 1933 sursum
1246 1891 1542 1950 penetrans
1580 1886 1870 1943 audientes
1892 1897 2005 1944 ter-

431 1966 563 2029 ruit,
594 1975 860 2036 putarunt
888 1984 1076 2025 secum
1106 1972 1206 2042 ipsi
1234 1973 1433 2030 divinae
1455 1991 1672 2048 quoque
1701 1981 1852 2035 vocis
1875 1997 2005 2051 par-

430 2055 627 2126 ticipes
681 2072 740 2113 se
786 2058 924 2114 ﬁeri.
957 2060 1066 2116 Sed
1097 2064 1385 2131 pueriliter
1413 2067 1518 2122 hoc
1553 2069 1821 2139 cogitasse
1859 2072 2005 2126 clare

427 2147 771 2205 demonstrat
799 2150 874 2205 ita
899 2153 1044 2208 Deus
1073 2171 1085 2206 τ
1127 2173 1144 2204 ι
1168 2156 1369 2212 Vocem
1392 2159 1688 2214 verborum
1710 2163 1828 2232 ejus
1843 2164 2003 2234 297

427 2235 680 2302 audistis,
702 2248 757 2294 et
787 2240 1015 2298 formam
1051 2248 1170 2316 ejus
1197 2263 1307 2302 non
1331 2249 1545 2305 vidistis
1572 2253 1612 2305 ⁸.
1644 2271 1660 2303 ι
1685 2252 2003 2310 Sermonem

427 2341 646 2398 quoque
678 2333 797 2400 ejus
825 2350 934 2388 non
957 2336 1173 2392 habetis
1206 2340 1261 2394 in
1284 2341 1444 2396 vobis
1472 2353 1784 2399 manentem
1811 2363 1824 2399 :
1874 2349 2003 2416 quia

427 2431 591 2484 quem
614 2418 703 2474 ille
733 2423 900 2487 misit,
927 2425 1056 2479 huic
1079 2428 1306 2484 credere
1337 2433 1619 2486 recusatis.
1646 2433 1875 2499 Quando
1899 2436 2001 2506 igi-

433 2514 522 2558 tur
573 2506 874 2574 credimus,
929 2512 1182 2570 videmus
1218 2515 1274 2570 in
1303 2517 1441 2572 Filio
1474 2520 1724 2587 Patrem;
1764 2523 1995 2593 suscipi-

425 2612 550 2652 mus
602 2614 734 2670 ergo
789 2612 847 2657 et
875 2604 1116 2660 Verbum
1145 2609 1283 2677 ejus.
1319 2611 1432 2665 Hoc
1461 2613 1729 2683 redempti
1760 2631 1951 2671 sumus
1984 2635 1998 2670 :

423 2689 654 2745 salvavit
683 2693 832 2748 enim
864 2711 965 2750 nos
989 2713 1098 2752 non
1136 2700 1346 2770 legatus
1371 2703 1590 2774 aliquis,
1613 2723 1722 2761 non
1753 2710 1998 2779 angelus,

423 2799 538 2840 non
583 2786 672 2842 lex
714 2789 979 2857 Mosaica,
1019 2794 1115 2849 sed
1167 2795 1282 2865 ipse
1333 2798 1615 2865 Dominus,
1651 2805 2000 2873 utscriptum

423 2884 509 2931 est
543 2876 583 2930 ‘.
608 2878 740 2934 Nam
765 2898 956 2939 verum
985 2901 1071 2939 me
1099 2886 1282 2942 dicere
1309 2892 1474 2945 etiam
1504 2908 1570 2947 ex
1595 2892 1876 2963 Scriptura
1904 2911 1998 2950 co-

419 2969 718 3028 gnoscetis.
769 2971 861 3028 Sic
893 2976 1043 3030 enim
1085 2979 1252 3034 habet
1313 2999 1324 3033 :
1379 2999 1397 3031 ι
1441 2981 1509 3035 Ει
1559 2982 1638 3036 ait
1669 3001 1680 3035 :
1709 2984 1822 3054 Ego
1876 2999 1997 3040 sum

422 3056 568 3112 Deus
607 3061 778 3129 patris
805 3065 906 3129 tui,
952 3067 1097 3124 Deus
1127 3070 1422 3138 Abraham,
1473 3081 1530 3127 et
1555 3075 1698 3130 Deus
1731 3076 1897 3141 Isaac,
1942 3087 1997 3133 et
2024 3080 2068 3141 C

419 3146 565 3203 Deus
587 3151 775 3208 Iacob.
825 3157 1128 3215 Ahscondit
1164 3163 1340 3219 Moses
1395 3163 1588 3220 faciem
1658 3183 1830 3222 suam.
1874 3169 1994 3223 Non

418 3239 567 3295 enim
603 3244 842 3301 audebat
876 3250 1123 3319 aspicere
1149 3263 1341 3309 contra
1366 3256 1536 3309 Deum
1569 3258 1610 3309 ⁷.
1645 3277 1662 3308 ι
1703 3259 1838 3314 Vide
1863 3260 1999 3330 legis
2027 3281 2038 3291 ·

421 3331 851 3392 imbecillitatem
883 3357 896 3392 :
930 3342 1313 3398 universorum
1348 3347 1495 3400 enim
1547 3350 1693 3403 Deus
1723 3365 1779 3404 se
1811 3359 1996 3405 osten-

420 3424 534 3490 dit;
566 3425 662 3479 sed
695 3427 786 3481 ubi
812 3431 1096 3488 manifeste
1128 3437 1401 3505 apparuit,
1432 3437 1608 3492 Moses
1623 3439 1816 3493 faciem
1837 3447 1995 3494 ater-

425 3518 509 3570 tit.
547 3516 797 3574 Emcitur
830 3521 1282 3597 itaqueclareque
1311 3530 1680 3594 concluditur,
1714 3533 1810 3586 Dei
1855 3534 1996 3588 filios

423 3622 532 3662 non
579 3619 768 3680 aperte
798 3611 854 3666 in
891 3621 1036 3669 terra
1059 3617 1154 3671 Dei
1181 3618 1397 3688 plenam
1437 3622 1737 3690 majestatis
1765 3623 1994 3693 gloriam

419 3701 798 3770 contemplari,
824 3705 927 3759 etsi
952 3722 1010 3761 se
1034 3708 1150 3778 ipse
1194 3709 1470 3776 exhibeat,
1506 3722 1561 3766 et
1588 3728 1758 3784 prope
1809 3715 1872 3769 ad
1910 3717 1994 3770 sui

418 3791 785 3860 mgnitionem
801 3797 1154 3854 manuducat.
1173 3798 1325 3868 Quid
1345 3801 1490 3856 enim
1527 3803 1677 3858 Isaias
1701 3820 1832 3860 voce
1863 3822 1992 3875 pro-

416 3881 670 3935 nuntiat?
731 3902 750 3935 ι
807 3886 1140 3945 Invenerunt
1181 3905 1269 3946 me
1304 3893 1398 3962 qui
1454 3908 1564 3947 non
1605 3896 1941 3964 quaesierunt
1976 3915 1989 3950 :

418 3972 706 4029 manifesto
737 3979 964 4046 apparui
1004 3980 1074 4036 iis
1124 3982 1217 4051 qui
1249 3990 1375 4038 ante
1403 4001 1514 4039 non
1559 3986 1989 4058 interrogabant.

412 4061 536 4116 Dixi
559 4080 573 4116 :
593 4063 732 4120 Ecce
760 4067 976 4135 adsum,
999 4073 1148 4140 genti
1172 4089 1294 4142 quae
1309 4090 1419 4128 non
1443 4078 1697 4146 cognovit
1719 4095 1824 4135 me.
1856 4079 1991 4136 Tota

417 4153 504 4207 die
526 4157 760 4225 expandi
792 4175 986 4216 manus
1010 4177 1162 4218 meas
1198 4164 1266 4217 ad
1311 4167 1574 4236 populum
1621 4169 1984 4224 incredulum.

414 4253 472 4297 et
515 4246 985 4305 contradicentem
1011 4251 1054 4306 ⁸.
1095 4271 1116 4304 ι
1164 4252 1284 4307 Non
1311 4255 1478 4325 igitur
1501 4256 1704 4312 Christi
1732 4258 1992 4313 viderunt

415 4336 642 4406 gloriam
674 4339 768 4409 qui
797 4344 998 4398 mentis
1022 4345 1210 4404 oculos
1249 4359 1587 4405 averterunt.
1619 4351 1774 4418 Quod
1800 4356 1986 4419 etiam,

415 4425 631 4495 Opinor,
655 4431 936 4499 propheta:
960 4449 1092 4490 voce
1140 4437 1208 4491 de
1238 4436 1368 4506 ipsis
1393 4439 1596 4495 dictum
1620 4451 1706 4496 est
1732 4461 1744 4494 :
1802 4462 1818 4494 ι
1861 4445 1989 4498 Ver-

415 4524 602 4578 terunt
634 4519 702 4574 ad
745 4536 833 4576 me
893 4532 1064 4594 terga,
1097 4533 1156 4581 et
1185 4526 1379 4583 faciem
1429 4545 1583 4591 suam
1611 4531 1652 4586 ³.
1710 4552 1727 4582 ι
1760 4534 1990 4588 Divinus

414 4621 544 4660 vero
595 4607 798 4664 Paulus
821 4611 1014 4666 scribit
1051 4630 1065 4668 :
1115 4633 1133 4665 ι
1163 4614 1347 4685 Usque
1385 4617 1440 4672 in
1470 4619 1798 4675 hodiernum
1842 4623 1988 4677 diem

413 4699 592 4766 ipsum
615 4699 861 4757 velamen
900 4703 958 4758 in
981 4704 1214 4766 lectione
1237 4707 1454 4764 Veteris
1481 4709 1816 4766 Testamenti
1870 4730 1988 4772 ma.-

410 4797 505 4849 net
549 4807 657 4846 non
707 4793 1028 4858 revelatum,
1053 4797 1312 4865 quoniam
1346 4799 1400 4852 in
1423 4798 1646 4855 Christo
1667 4811 1982 4865 evacuatur.

412 4879 518 4942 Sed
553 4897 725 4951 usque
752 4884 807 4940 in
836 4884 1169 4940 hodiernum
1187 4885 1354 4953 diem,
1391 4888 1612 4959 quando
1636 4890 1836 4961 legitur
1879 4892 1991 4947 Mo-

409 4987 519 5035 ses,
578 4973 826 5029 velamen
875 4976 1116 5045 positum
1164 4985 1250 5033 est
1277 4992 1445 5048 super
1471 4993 1567 5034 cor
1593 4994 1807 5034 eorum.
1851 4979 1986 5038 Cum

409 5075 592 5122 autem
628 5079 928 5121 conversus
951 5067 1120 5123 fuerit
1145 5069 1213 5124 ad
1239 5069 1551 5136 Dominum,
1581 5071 1863 5126 auferetur
1896 5089 1989 5130 ve-

408 5153 608 5218 lamen.
650 5155 915 5211 Dominus
949 5168 1134 5214 autem
1155 5159 1384 5230 spiritus
1410 5169 1515 5228 est,
1549 5162 1645 5218 ubi
1669 5173 1853 5220 autem
1879 5167 1990 5234 spl-

355 5298 358 5311 τ
408 5245 550 5311 ritus
580 5247 818 5312 Domini,
844 5247 918 5303 ibi
954 5249 1182 5306 libertas
1215 5252 1276 5310 '°.
1307 5270 1324 5303 ι
1354 5253 1465 5308 Nos
1493 5269 1624 5309 vero
1667 5255 1760 5324 qui
1799 5254 1980 5311 credi-

351 5331 358 5346 ’
408 5335 588 5392 dimus
613 5354 722 5394 non
766 5357 1022 5398 veremur
1059 5344 1231 5400 Deum
1267 5352 1458 5400 contra
1488 5347 1754 5415 aspicere,
1789 5346 1883 5400 sed
1919 5357 1980 5402 ut

408 5427 630 5504 divinus
669 5430 872 5494 ibidem
915 5431 1116 5500 Paulus
1155 5433 1377 5505 subjicit
1430 5453 1442 5487 :
1485 5453 1503 5484 ι
1544 5434 1799 5490 Rcvelata
1844 5434 1980 5489 facie

2121 513 2256 567 Θεοῦ
2287 516 2380 568 καὶ
2408 515 2622 584 Πατρὸς
2667 517 2927 588 ὑπάρχων
2956 520 3110 588 Θεὸς,
3137 523 3231 575 καὶ
3262 520 3322 584 ἐξ
3362 520 3526 574 αὐτοῦ
3556 521 3694 574 κατὰ

2120 605 2281 674 φύσιν
2307 608 2719 676 γεγεννημένος.
2751 609 2861 662 Kal
2885 610 2992 681 μὴν
3013 610 3117 680 ἔφη
3151 611 3252 680 μὲν
3277 613 3306 663 6
3329 608 3567 679 Βαροὺχ,
3596 611 3692 662 αὺ-

2117 698 2239 763 τὸν,
2268 694 2421 768 οἶμαί
2452 716 2586 764 που,
2636 701 2724 752 τὸν
2754 701 2925 769 Λόγον
2970 702 3342 766 καταδεικνύς’
3395 720 3414 751 ι
3457 697 3622 762 Οὗτος
3666 704 3694 754 6

2117 788 2250 851 Θεὸς
2285 791 2316 856 ἡ
2327 788 2463 856 μῶν,
2487 789 2547 842 οὐ
2579 787 2958 859 λογισθήτσεται
2980 792 3164 863 ἕτερος
3196 792 3329 862 πρὸς
3360 791 3540 845 αὐτόν.
3574 791 3691 855 Ἐξ-

2118 877 2245 945 εῦρε
2275 879 2455 930 πᾶσαν
2484 879 2602 930 ὁδὸν
2654 880 2986 950 ἐπιστήμης,
3017 882 3113 935 καὶ
3145 882 3343 934 ἔδωκεν
3381 881 3549 951 αὐτὴν
3586 883 3691 935 Ἰα-

2117 965 2233 1022 κὼϐ
2273 966 2349 1035 τῷ
2397 967 2554 1020 παιδὶ
2590 967 2786 1032 αὐτοῦ,
2829 970 2924 1022 καὶ
2967 970 3181 1042 Ἰσραὴλ
3225 971 3302 1040 τῷ
3348 972 3690 1041 ἠγαπημένῳ

2117 1059 2206 1112 ὑπ’
2231 1058 2416 1112 αὑτοῦ.
2450 1059 2607 1112 Μετά
2637 1060 2795 1112 τοῦτο
2843 1061 2936 1113 ἐπὶ
2975 1061 3076 1130 τῆς
3104 1062 3208 1132 γῆς
3241 1062 3422 1132 ὤφθη,
3449 1063 3544 1116 καὶ
3575 1067 3688 1126 τοῖς

2115 1148 2426 1218 ἀνθρώποις
2454 1150 2887 1220 συνανεστράφη.
2931 1170 2949 1202 δ
2988 1152 3470 1223 Προανακεκράγει
3508 1153 3564 1205 δὲ
3592 1170 3686 1208 σα-

2113 1240 2230 1308 φῶς
2272 1241 2366 1292 καὶ
2405 1242 2432 1292 6
2461 1240 2599 1302 θεῖος
2643 1242 2773 1310 ἡμῖν
2819 1240 3003 1294 Δαϐίδ·
3045 1261 3064 1293 ι
3122 1243 3253 1304 Θεὸς
3297 1243 3435 1296 θεῶν
3481 1243 3686 1314 Κύριος

2112 1330 2392 1400 ἐλάλησεν,
2421 1330 2516 1383 καὶ
2557 1330 2782 1385 ἐκάλεσε
2809 1330 2907 1402 τὴν
2936 1331 3063 1400 γῆν,
3101 1332 3206 1386 ἀπὸ
3235 1333 3509 1387 ἀνατολῶν
3535 1333 3683 1402 ἡλίου

2114 1421 2276 1491 μέχρι
2309 1420 2546 1490 δυσμῶν·
2581 1423 2643 1474 ἐκ
2674 1419 2812 1477 Σιὼν
2905 1422 3206 1493 εὐπρέπεια
3232 1423 3330 1493 τῆς
3351 1424 3683 1494 ὡραιότητος

2109 1513 2294 1566 αὐτοῦ.
2337 1513 2394 1564 '0
2423 1512 2556 1575 Θεὸς
2598 1505 2856 1582 ἐμφανῶᾷ
2878 1511 3017 1580 ἥξει,
3051 1516 3080 1566 6
3117 1513 3249 1575 Θεὸς
3288 1514 3468 1586 ἡμῶν,
3493 1513 3588 1567 καὶ
3619 1515 3680 1566 οὑ

2111 1603 2624 1672 παρασιωπήσεται.
2677 1621 2695 1654 ι
2735 1603 3092 1675 Καταϐέὸηκε
3119 1605 3228 1675 γὰρ
3259 1607 3316 1657 ἐν
3346 1606 3475 1658 εῖδει
3510 1607 3682 1677 πυρὸς

2109 1695 2200 1745 ἐπὶ
2239 1693 2364 1764 ὅρος
2392 1694 2542 1746 Σινᾶ.
2583 1694 2721 1746 Ἀλλ’
2757 1696 2839 1748 ὅτι
2885 1695 3057 1759 τύπος
3087 1692 3154 1765 ἦν
3185 1698 3368 1748 ἐκεῖνα
3388 1737 3402 1760 ,
3435 1698 3530 1750 καὶ
3563 1698 3681 1749 ἓτε-

2113 1801 2203 1853 ρον
2247 1784 2429 1842 οὑδὲν.
2461 1785 2797 1857 πληροφορεῖ
2829 1788 3083 1856 Χριστός.
3113 1788 3305 1855 ᾯοντο
3334 1786 3442 1856 γὰρ
3481 1788 3530 1838 οἱ
3574 1787 3682 1839 τῶν

2119 1875 2387 1928 Ἰουδαίων
2419 1875 2609 1946 δῆμοι,
2641 1876 2738 1946 τὴν
2773 1878 3085 1948 ἀπόρρητον
3128 1877 3343 1947 ἀληθῶς
3385 1878 3680 1933 τεθεᾶσθαι

2106 1967 2287 2036 φύσιν.
2323 1966 2749 2036 μεσολαόοῢντος
2776 1969 3040 2031 Μωσέως,
3074 1969 3170 2027 καὶ
3198 1970 3554 2040 περιστάντος
3582 1971 3681 2023 αὑ·

2101 2058 2227 2120 τοὺς
2245 2060 2301 2110 ὲν
2317 2058 2538 2129 Χωρὴϐ,
2557 2059 2650 2112 καὶ
2678 2059 3023 2128 συλλέγοντος
3044 2062 3123 2120 εἰς
3152 2060 3446 2130 ἐκκλησίαν
3482 2061 3588 2113 ὑπὸ
3618 2061 3681 2114 τὸ

2103 2146 2224 2220 θρος
2246 2151 2394 2204 Σινᾶ.
2437 2150 2650 2221 Ἐπειδὴ
2682 2150 2739 2202 δὲ
2769 2151 2863 2203 καὶ
2889 2151 3202 2220 σαλπίγγων
3227 2151 3332 2222 ἠχὴ
3361 2151 3679 2222 διαπρύσιος

2103 2241 2182 2302 είς
2219 2239 2280 2292 τὸ
2306 2240 2418 2293 ἀνω
2446 2239 2733 2310 διᾴττουσα
2767 2241 3056 2293 κατεπτόει
3087 2241 3216 2304 τοὺς
3255 2241 3666 2313 ἀκροωμένους,

2102 2329 2270 2401 ᾤοντο
2293 2330 2434 2383 κατὰ
2467 2331 2606 2399 σφᾶς
2661 2331 2754 2383 καὶ
2772 2332 2955 2400 φωνῆς
2974 2331 3074 2400 τῆς
3103 2331 3254 2395 θείας
3270 2332 3521 2400 γενέσθαι
3542 2349 3676 2385 κατ-

2102 2424 2275 2493 ήκοοι.
2295 2424 2433 2477 Ἀλλ’
2457 2427 2539 2477 ὃτι
2556 2425 2712 2477 ταυτὶ
2734 2427 3106 2496 μειρακιωδῶς
3124 2428 3681 2498 ὲσκέπτοντο,πεπλη-

2104 2513 2404 2583 ροφόρηκεν
2423 2513 2672 2583 ἐναργῶς
2693 2514 2834 2575 οὕτω
2853 2517 3025 2583 λέγων
3041 2520 3068 2570 ὁ
3084 2518 3232 2581 Θεός’
3256 2538 3274 2569 ι
3300 2519 3488 2589 Φωνὴν
3509 2519 3676 2572 αὑτοῦ

2100 2604 2391 2674 ἀκηκόατε,
2415 2606 2536 2658 οὐδὲ
2569 2603 2706 2670 εἶδος
2742 2607 2904 2660 αὑτοῦ
2943 2608 3245 2678 ἑωράκατε.
3278 2628 3297 2660 ι
3335 2611 3445 2664 Καὶ
3468 2609 3558 2662 τὸν
3590 2609 3677 2662 λό-

2100 2713 2195 2763 γον
2219 2697 2381 2750 αὺτοῦ
2405 2699 2504 2751 οὐκ
2535 2698 2686 2767 ἔχετε
2710 2701 2766 2752 ἐν
2788 2700 2915 2769 ὑμῖν
2946 2701 3196 2769 μένοντα,
3227 2701 3310 2753 ὅτι
3337 2700 3395 2752 ὃν
3421 2701 3679 2752 ἀπέστει-

2100 2789 2190 2841 λεν
2215 2789 2443 2854 ἐκεῖνος,
2478 2790 2651 2860 τούτῳ
2673 2791 2828 2860 ὑμεῖς
2855 2792 2915 2842 οὺ
2941 2789 3241 2843 πιστεύετε.
3277 2790 3484 2845 Οὐκοῦν
3509 2792 3557 2843 oi
3584 2808 3675 2846 πι-

2103 2879 2423 2941 στεύσαντες
2442 2919 2456 2941 ,
2481 2880 2783 2950 τεθεάμεθα
2812 2884 2867 2935 ἐν
2909 2882 3020 2950 Υἰῷ
3041 2882 3130 2934 τὸν
3165 2883 3414 2952 Πατέρα,
3448 2883 3678 2952 παρεδει⁴

2102 2970 2309 3040 ξάμεθα
2341 2971 2396 3023 δὲ
2429 2973 2518 3023 καὶ
2545 2971 2634 3023 τὸν
2665 2972 2835 3039 Λόγον
2866 2971 3052 3026 αὑτοῦ.
3084 2971 3354 3043 Ταύτῃτοι
3399 2973 3491 3025 καὶ
3517 2972 3674 3024 λελυ-

2099 3060 2374 3131 τρώμεθιιι⁸
2417 3064 2620 3115 σέσωκε
2649 3063 2757 3131 γὰρ
2784 3063 2950 3131 ἡμᾶς,
2982 3063 3042 3115 οὑ
3074 3061 3335 3131 πρέσϐυς,
3375 3063 3474 3114 οὐκ
3512 3061 3678 3129 ἀγγε-

2099 3151 2208 3214 λος,
2232 3151 2329 3220 οὐχ
2360 3153 2388 3205 6
2415 3151 2574 3220 νόμος
2600 3153 2628 3203 6
2650 3150 2736 3203 διὰ
2765 3151 3028 3214 Μωσέως,
3056 3150 3169 3203 ἀλλ’
3198 3150 3359 3212 αὐτὸς
3391 3152 3419 3202 6
3447 3148 3675 3219 Κύριος,

2099 3241 2241 3295 κατά
2284 3241 2794 3313 τὸ,γεγραμμένον.
2831 3243 2951 3294 ’Ότι
2980 3241 3036 3295 δὲ
3069 3241 3268 3311 ἀληθὲς
3299 3242 3327 3295 ὃ
3363 3257 3540 3312 φημι,
3578 3239 3678 3294 καὶ

2097 3338 2185 3391 διὰ
2226 3335 2333 3391 τῶν
2375 3335 2777 3405 γεγραμμένων
2823 3333 3102 3403 εἰσόμεθα.
3155 3334 3307 3402 Ἔχει
3359 3333 3416 3385 δὲ
3471 3331 3671 3394 οὕτως·

2103 3446 2121 3478 ι
2144 3428 2252 3481 Καὶ
2279 3423 2398 3480 εἷπε
2416 3465 2430 3490 ,
2451 3425 2632 3495 φησίνθ
2676 3423 2816 3493 Ἐγώ
2846 3426 2961 3495 εἰμι
2985 3426 3015 3478 6
3041 3425 3172 3488 Θεὸς
3189 3425 3283 3478 τοῦ
3311 3426 3523 3495 Πατρός
3553 3441 3677 3487 σου,

2096 3522 2124 3573 6
2151 3518 2280 3582 Θεὸς
2330 3517 2610 3589 Ἀϐραὰμ,
2642 3519 2734 3571 καὶ
2763 3520 2791 3571 6
2827 3517 2959 3580 Θεὸς
2999 3516 3202 3581 Ἰσαὰκ,
3229 3517 3323 3568 καὶ
3344 3515 3372 3566 6
3401 3515 3532 3577 Θεὸς
3570 3515 3682 3567 Ἰα-

2099 3610 2232 3664 κώ6.
2293 3609 2628 3681 Ἀπέστρεψε
2677 3609 2734 3660 δὲ
2779 3609 2984 3678 Μωσῆς
3029 3607 3089 3661 τὸ
3133 3607 3424 3678 πρόσωπον
3480 3603 3676 3658 αὑτοῦ.

2095 3703 2396 3758 Ηύλαόεῖτο
2460 3703 2568 3774 γὰρ
2619 3700 2954 3768 καταϐλέψαι
2999 3698 3230 3752 ἐνώπιον
3279 3697 3373 3752 τοῦ
3426 3695 3583 3748 Θεοῦ.
3650 3715 3680 3747 ι

2099 3795 2288 3864 Ἀθρει
2317 3793 2407 3847 τοῦ
2435 3794 2598 3863 νόμου
2630 3793 2690 3845 τὸ
2709 3791 2956 3861 ἀδρανὲς.
2993 3789 3311 3860 Ἐμφανίζει
3342 3789 3450 3859 γὰρ
3481 3787 3687 3841 ἑαυτὸν

2095 3888 2122 3938 6
2153 3885 2284 3948 Θεὸς
2315 3885 2420 3938 τῶν
2452 3883 2607 3937 ὅλων·
2650 3883 2764 3936 ἀλλ’
2803 3881 3064 3951 ἐμφανῶς
3097 3880 3485 3942 καθιστάντος,
3537 3878 3689 3930 ἀπο-

2096 3977 2317 4047 στρέφει
2345 3977 2405 4029 τὸ
2439 3977 2731 4047 πρόσωπον
2765 3975 2988 4042 Μωσῆς.
3022 3973 3251 4042 Σημεῖον
3284 3972 3331 4024 δ’
3367 3971 3433 4024 ἂν
3466 3970 3693 4038 γένοιτο

2094 4068 2187 4122 καὶ
2215 4067 2371 4120 τοῦτο
2398 4069 2526 4137 ἡμῖν
2557 4066 2779 4136 ἐναργὲς
2813 4064 2929 4128 τοῦ,
2971 4062 3106 4133 μηδὲ
3134 4063 3330 4126 αὐτοὺς
3359 4061 3485 4124 τοὺς
3522 4061 3692 4124 υἱοὺς

2093 4161 2191 4232 τὴν
2222 4160 2502 4230 θεοπρεπῆ
2545 4160 2638 4214 τοῦ
2686 4159 2816 4213 Υἱοῦ
2854 4157 3193 4228 καταθρῆσαι
3227 4154 3404 4221 δόξαν,
3442 4153 3688 4222 ἐμφανί-

2094 4250 2279 4313 ζοντος
2329 4253 2421 4303 καὶ
2474 4250 2755 4319 μονονουχὶ
2798 4249 3169 4320 προσάγοντος
3225 4245 3304 4307 είς
3357 4242 3686 4331 ἐπίγνωσιν.

2095 4340 2383 4410 Τοιγάρτοι
2412 4340 2501 4393 καὶ
2533 4340 2734 4408 ἔφασκε
2764 4339 2850 4392 διὰ
2883 4339 3063 4408 φωνῆς
3095 4337 3342 4389 Ἦσαῒου’
3379 4351 3396 4382 ι
3431 4333 3689 4402 Εὑρέθην

2027 4412 2068 4466 ί)
2095 4433 2206 4493 τοῖς
2239 4430 2338 4500 ἐμὲ
2375 4430 2449 4501 μὴ
2481 4430 2767 4499 ζητοῦσιν·
2814 4427 3060 4499 ἐμφανὴς
3099 4426 3364 4495 ἐγενόμην
3412 4425 3524 4484 τοῖς
3575 4423 3692 4490 ἐμὲ

2091 4522 2169 4594 μὴ
2209 4522 2574 4593 ἐπερωτῶσιν.
2624 4517 2785 4575 Εἶπα·
2831 4523 2961 4575 Ἰδοὺ
3009 4520 3123 4591 εἰμὶ
3158 4518 3235 4588 τῷ
3267 4517 3411 4569 ἔθνει
3437 4553 3450 4578 ,
3489 4513 3539 4566 οἳ
3573 4515 3689 4566 οὐκ

2088 4612 2385 4682 ἠπίσταντό
2411 4613 2686 4682 με.ξ”ολην
2712 4611 2809 4682 τὴν
2839 4614 3053 4683 ἡμέραν
3093 4609 3395 4676 ἐξεπέτασα
3423 4604 3521 4666 τὰς
3555 4605 3688 4673 χεῖ-

2089 4706 2186 4775 ράς
2229 4723 2328 4776 μου
2363 4705 2500 4776 πρὸς
2541 4705 2669 4762 λαὸν
2720 4704 3049 4758 ἀπειθοῦντα
3096 4703 3191 4756 κιιὶ
3236 4698 3606 4765 ἀντιλέγοντα.
3656 4713 3680 4745 δ

2088 4795 2294 4850 Οὐκοῦν
2325 4796 2387 4849 οὐ
2434 4795 2714 4854 τεθέανται
2747 4795 2844 4866 τὴν
2889 4794 3050 4868 δόξαν
3098 4789 3368 4861 Χριστοῦ,
3405 4789 3527 4850 τοὺς
3568 4786 3686 4856 τῆς

2087 4886 2322 4952 διανοίας
2345 4888 2779 4958 ἀποστρέφοντες
2798 4883 3130 4955 ὀφθαλμούς.
3159 4884 3269 4936 Καὶ
3290 4880 3467 4939 τοῦτο,
3489 4875 3683 4949 οἶμαι,

2086 4979 2204 5032 ἐστὶ
2232 4980 2292 5032 τὸ
2319 4978 2407 5033 διὰ
2439 4979 2624 5048 φωνῆς
2653 4978 2932 5048 προφήτου
2973 4976 3102 5047 περὶ
3137 4973 3319 5027 αὐτῶν
3357 4969 3690 5042 εἰρημένον·

2091 5091 2110 5126 ι
2149 5073 2260 5127 Καὶ
2308 5073 2638 5144 ὲστρέψαντο
2671 5073 2758 5124 ἐπ’
2791 5071 2890 5139 ἐμὲ
2931 5070 3078 5124 νῶτα
3110 5055 3206 5122 οἷαὶ
3248 5066 3537 5144 πρόσωπον
3571 5064 3699 5114 αὖ..

2083 5165 2212 5220 τῶν.
2257 5185 2274 5217 ι
2318 5164 2524 5235 Γράφει
2554 5163 2610 5217 δὲ
2641 5164 2733 5218 καὶ
2765 5164 2792 5215 6
2822 5162 3106 5224 θεσπέσιος
3152 5156 3384 5219 Παῦλος·
3438 5173 3456 5203 ι
3504 5154 3699 5222 ’Ἄχρι

2087 5256 2186 5325 τῆς
2216 5257 2452 5325 σήμερον
2483 5253 2694 5325 ἡμέρας
2714 5294 2728 5318 ,
2755 5253 2847 5306 ἐπὶ
2876 5254 2940 5325 τῇ
2973 5249 3274 5319 ἀναγνώσει
3305 5250 3403 5318 τῆς
3426 5244 3700 5306 Halani;

2087 5344 2382 5415 Διαθήκης,
2411 5344 2470 5398 τὸ
2490 5344 2619 5398 αὐτὸ
2645 5343 2906 5414 κάλυμμα
2937 5340 3086 5412 μένει
3123 5338 3196 5410 μὴ
3225 5335 3703 5400 ἀνακαλυπτόμε-

2087 5450 2198 5500 νον.
2230 5436 2314 5488 ὅτι
2342 5437 2399 5490 ὲν
2441 5435 2663 5507 Χριστῷ
2693 5436 3066 5505 καταργεῖται.
3113 5429 3250 5485 Ἀλλ’
3289 5428 3393 5490 ἓως
3429 5430 3568 5495 amis
3585 5442 3703 5493 ρον

480 5626 498 5702 ξ
532 5627 740 5682 Barurh
776 5631 961 5702 "556,
985 5632 1097 5702 37.7
1141 5634 1167 5702 μ’
1192 5634 1336 5687 Psal.
1361 5651 1501 5696 xm,
1532 5633 1586 5691 Ξ.
1615 5634 1666 5688 3.
1747 5603 1768 5666 δ
1797 5635 1955 5688 Deut.
1990 5650 2000 5687 ι

2100 5633 2175 5702 [2.
2253 5633 2462 5690 “Hebr.
2493 5651 2549 5700 η,
2588 5635 2672 5691 l6.
2753 5633 2962 5690 'Exod.
2988 5649 3065 5698 ιιι,
3089 5632 3141 5686 6.
3212 5620 3589 5686 'lsa.va,‘2,
3634 5625 3702 5680 5.

409 5699 428 5740 ο
465 5696 667 5768 ,ιρι-ρῳ.
710 5713 767 5768 ιι,
803 5700 888 5752 Ἦ.
969 5702 1011 5731 ’⁸
1060 5700 1250 5760 llC-or.
1301 5719 1378 5769 ni,
1411 5704 1596 5769 H-l7.
