4066 6282
317 381 420 440 169

1326 375 1848 434 GLAPHYRORUM
1885 373 1954 430 IN
1993 369 2280 429 EXODUM
2317 367 2445 424 LIB.
2481 368 2546 424 ll.

3485 367 3590 424 ΠΟ

320 493 480 568 ἡνίκα
505 491 938 560 ἀναγινώσκεται
964 491 1190 562 Μωσῆς,
1219 489 1482 562 κάλυμμα
1511 491 1604 543 ἰπὶ
1631 489 1732 558 τὴν
1761 505 1896 560 καρ-

2017 484 2222 555 gloriam
2245 481 2464 537 Domini
2499 477 2848 550 speculamur
2869 479 2952 532 η’.
2978 497 2994 528 ι
3021 507 3090 518 --
3111 497 3128 530 ι
3159 477 3332 548 Igitur
3369 477 3590 548 avertit,

321 585 436 637 δίαν
463 580 644 635 αὐτῶν
667 583 862 637 κεῖται.
909 582 1100 636 Ἦνίκα
1127 581 1184 635 δὲ
1205 581 1272 636 ἂν
1294 581 1596 652 ἐπιστρέψῃ
1626 579 1762 651 πρὸς
1789 579 1902 632 Κύ-

327 689 458 747 ριον,
507 663 874 744 περιαιρεῖται
915 673 976 726 τὸ
1025 673 1310 744 κάλυμμα.
1375 673 1432 726 Ὀ
1459 673 1516 725 δὲ
1565 671 1793 742 Κύριος,
1840 671 1902 722 τὸ

325 763 544 834 IIchde
567 763 742 818 ἔστιν·
759 759 818 818 οὗ
837 763 894 818 δὲ
915 763 1138 834 Πνεῦμα
1159 763 1388 836 Κυρίου,
1411 765 1528 816 ἐκεῖ
1553 762 1848 832 ἐλευθερία.
1877 781 1896 814 t

335 855 522 928 Ἡμεῖς
540 855 596 908 δὲ
611 857 660 908 οι
683 855 1088 920 πιστεύσαντες,
1111 857 1212 910 οὐκ
1239 855 1468 910 εὐλαϐοῦ
1479 855 1617 926 μεθα
1641 855 1904 909 καταϐλέ-

321 946 416 1017 ψαι
435 945 668 1000 ὲνιίιπιον
685 945 780 1000 τοῦ
795 945 952 1010 Θεοῦ,
983 945 1100 1000 ἀλλ’
1129 941 1346 1020 ᾗπάλιν
1375 947 1532 1010 αὐτὸς
1557 949 1586 1000 ὁ
1613 945 1902 1008 θεσπέσιος

323 1035 424 1108 ἔφη
450 1037 662 1100 Παῦλος
687 1053 704 1068 ·
741 1055 762 1089 ι
809 1035 1344 1109 Ἀνακεκαλυμμένῳ
1371 1037 1648 1108 προσώπῳ
1681 1039 1780 1106 τὴν
1807 1036 1897 1088 δό-

323 1126 414 1192 ξαν
443 1125 652 1197 Κυρίου
691 1125 1186 1198 κατοπτριζόμεθα.
1231 1127 1592 1199 ’Δποστρέφει
1621 1127 1806 1180 τοίνυν
1841 1127 1906 1178 τὸ

321 1217 608 1290 πρόσωπον
653 1217 878 1288 Μωσῆς.
919 1235 942 1270 ι
1001 1213 1134 1272 Εἶτα
1176 1217 1272 1271 τοῦ
1321 1215 1458 1270 Θεοῦ
1487 1217 1770 1284 λέγοντος,
1820 1217 1902 1268 ὅτι

322 1301 586 1380 προσήκει
623 1307 864 1378 βαδίζειν
895 1309 1056 1362 αὑτὸν
1085 1307 1222 1379 ὁμοῦ
1251 1311 1316 1380 τῇ
1348 1307 1610 1380 γερουσίᾳ
1637 1307 1746 1360 τῶν
1774 1306 1906 1359 υίῶν

333 1399 544 1471 Ἰσραὴλ
569 1399 708 1468 πρὸς
753 1399 848 1452 τὸν
883 1399 1226 1470 ἀπόπληκτον
1269 1397 1468 1470 Φαραὼ
1489 1440 1504 1463 ,
1539 1398 1908 1470 σαφηνιοῦντα

320 1491 402 1542 ὅτι
435 1487 850 1560 προσκέκληται
875 1491 903 1542 ὁ
935 1489 1070 1553 Θεὸς
1102 1491 1228 1553 τοὺς
1247 1489 1308 1556 ἐξ
1351 1489 1588 1560 Ἰσραὴλ,
1617 1492 1706 1543 ἵνα
1739 1489 1908 1543 etiam,

322 1597 404 1633 σιν
428 1578 580 1649 αὐτῷ
614 1581 758 1631 κατὰ
785 1579 886 1651 τὴν
907 1579 1132 1650 ἐρημον-
1162 1581 1490 1652 προσθέντος
1521 1580 1578 1634 δὲ
1613 1581 1696 1634 ὅτι
1725 1581 1906 1650 δεήσει

321 1670 616 1724 σκυλεῦσαι
639 1673 764 1732 τοὺς
788 1670 1136 1738 Αἰγυπτίους,
1165 1673 1468 1743 δεχομένης
1479 1672 1736 1740 γυναικὸς
1759 1672 1910 1743 παρὰ

321 1761 566 1828 γείτονος
614 1761 708 1813 καὶ
760 1761 1030 1831 συσκήνου
1085 1763 1258 1832 αὐτῆς
1318 1763 1484 1835 σκεύη
1545 1765 1766 1836 ἀργυρᾶ
1817 1764 1909 1815 καὶ

2003 575 2208 646 inquit,
2243 573 2456 640 ilaciem
2485 587 2642 627 suam
2674 571 2868 626 Moses.
2907 591 2924 621 ι
2959 571 3072 624 Deo
3109 569 3312 625 dehinc
3349 568 3592 627 dicente.

2003 663 2464 737 proﬁciscendum
2495 661 2576 718 illi
2601 677 2726 718 cum
2755 661 3072 716 senioribus
3105 659 3296 731 populi
3328 659 3496 714 Israel
3525 658 3595 714 ad

2004 757 2346 812 Pharaonem
2387 762 2598 810 terrore
2637 769 2984 824 percussum,
3017 751 3398 808 denuntiando
3457 765 3592 805 evo-

2009 849 2122 904 cari
2145 863 2176 902 a
2213 849 2325 902 Deo
2351 847 2626 902 lsraelitas
2649 854 2711 900 ut
2737 845 3048 900 sacriﬁcent
3089 845 3192 916 ipsi
3235 845 3290 898 in
3325 843 3546 898 deserto
3575 859 3588 894 :

2005 937 2299 992 mandante
2326 937 2492 991 etiam
2515 935 2798 1008 Algyptios
2821 936 3138 1006 exspoliari,
3185 935 3354 1005 298
3403 934 3592 988 uxori—

2005 1031 2112 1085 bus
2130 1045 2320 1084 eorum
2351 1045 2384 1084 a
2407 1029 2604 1086 vicinis
2617 1039 2674 1084 et
2691 1029 3190 1084 contubernalibus
3215 1043 3344 1082 vasa
3396 1041 3596 1096 argen—

2007 1135 2113 1190 tea,
2139 1133 2196 1180 et
2216 1125 2396 1178 discos
2423 1137 2622 1178 aureos
2647 1137 2710 1176 ac
2739 1121 3070 1176 vestimenta
3124 1118 3532 1188 accipientibus
3581 1135 3596 1170 :

2014 1235 2032 1267 ε
2061 1215 2384 1286 Respondit,
2417 1213 2617 1285 inquit,
2651 1213 2846 1276 Moses,
2894 1221 2954 1267 et:
2981 1212 3120 1266 divit
3146 1229 3162 1264 ελ
3191 1211 3312 1266 Non
3369 1209 3598 1264 credent

2009 1309 2168 1372 mihi,
2209 1323 2390 1378 neque
2421 1307 2650 1362 audient
2699 1321 2896 1361 vocem
2951 1319 3150 1360 meam.
3201 1302 3314 1358 Sed
3367 1301 3596 1356 dicent:

2007 1402 2128 1455 Non
2155 1400 2410 1471 apparuit
2437 1399 2536 1454 tibi
2565 1399 2852 1454 Dominus.
2879 1395 3023 1464 Quid
3045 1396 3224 1451 dicam
3268 1393 3422 1448 illis?
3453 1391 3600 1446 Dixit

2011 1493 2086 1546 illi
2125 1493 2390 1546 Dominus
2424 1491 2608 1557 :{Quid
2641 1499 2796 1544 tenes
2833 1505 2996 1543 manu
3021 1489 3150 1542 tua?
3177 1486 3270 1541 llle
3301 1486 3406 1540 ait:
3438 1485 3600 1554 Virga

2009 1595 2112 1640 est.
2141 1585 2395 1653 Dixitque
2419 1583 2688 1637 Dominus
2727 1599 2742 1634 :
2777 1583 2994 1651 Projice
3019 1597 3140 1636 eam
3169 1579 3224 1634 in
3267 1587 3490 1634 terrain.
3535 1577 3604 1632 Et

2011 1677 2263 1747 projecit.
2289 1691 2560 1744 versaque
2611 1685 2698 1728 est.
2727 1675 2784 1728 in
2835 1683 3170 1743 serpentem,
3199 1671 3446 1742 fugitque
3475 1685 3602 1725 eum

2013 1767 2208 1821 Moses.
2235 1767 2324 1820 Ait
2351 1766 2618 1820 Dominus
2647 1765 2726 1819 illi
2773 1783 2786 1818 :
2817 1763 3066 1818 Extende
3101 1777 3322 1817 manum
3351 1773 3520 1825 tuam,
3550 1767 3606 1816 et

328 1853 536 1923 χρυσᾶ,
587 1853 680 1904 καὶ
742 1855 1084 1922 ίματισμόν·ι
1109 1831 1424 1926 Ἀπεκρίθη,
1442 1831 1626 1926 (ρησὶν,
1652 1857 1680 1908 ὁ
1698 1831 1906 1924 Μωσῆς

2019 1855 2250 1911 caudam
2281 1858 2400 1926 ejus
2424 1855 2798 1925 apprehende.
2835 1853 3052 1909 Manum
3088 1855 3272 1923 itaque
3301 1851 3606 1908 extendens

333 1939 428 1992 καὶ
474 1935 646 1992 εἶπεν·
707 1941 836 1994 Ἐάν
873 1941 932 1994 δὲ
969 1942 1044 2013 μὴ
1075 1943 1406 1995 πιστεύσωσι
1429 1983 1443 2005 ,
1501 1943 1632 2014 μηδὲ
1663 1943 1914 1996 εἰσακού-

336 2047 472 2082 σωσι
533 2032 631 2099 τῆς
674 2032 860 2101 φωνῆς
896 2050 996 2103 μου
1047 2034 1252 2104 (ἐροῦσι
1287 2035 1414 2106 γὰρ,
1457 2036 1538 2088 ὅτι
1583 2035 1694 2088 Οὐκ
1737 2029 1914 2088 ὦπταί

327 2139 408 2174 σοι
445 2125 473 2174 ό
504 2122 688 2186 Θεὸς),
717 2124 774 2176 τί
805 2124 916 2194 ἐρῶ
941 2126 1080 2195 πρὸς
1114 2125 1332 2190 αὑτούςς
1365 2121 1498 2179 Eine
1531 2127 1584 2179 δὲ
1619 2127 1770 2196 αὐτῷ
1803 2128 1914 2180 Κύ-

330 2231 460 2284 ριος·
494 2215 560 2266 Τί
587 2215 746 2267 τοῦτο
775 2217 832 2268 ἐν
863 2219 928 2286 τῇ
953 2217 1096 2287 χειρί
1125 2233 1218 2270 σου
1244 2236 1257 2281 ς
1297 2219 1354 2270 ’0
1374 2219 1430 2271 δὲ
1453 2214 1625 2270 εἴπεν·
1666 2217 1907 2280 Ῥάϐδος.

321 2306 428 2358 Καὶ
446 2302 584 2358 εἶπε·
621 2307 806 2376 Ῥίψον
819 2309 990 2378 αὐτὴν
1005 2310 1096 2360 ἐπὶ
1111 2309 1210 2379 τὴν
1235 2310 1355 2379 γῆν.
1378 2311 1486 2364 Καὶ
1502 2309 1722 2381 ἔρριψεν
1740 2311 1912 2379 αὐτὴν

323 2397 414 2449 ἐπὶ
457 2398 557 2468 τὴν
587 2399 692 2467 γῆν
721 2401 816 2452 καὶ
848 2401 1068 2468 ἐγένετο
1091 2401 1232 2468 ὄφις,
1263 2401 1356 2454 καὶ
1389 2401 1556 2470 ἔφυγε
1581 2404 1786 2473 Μωσῆς
1813 2406 1907 2456 ἀπ’

327 2481 510 2536 αὑτοῦ.
551 2487 662 2538 Καὶ
699 2483 818 2540 εἷπε
855 2489 1058 2558 Κύριος
1104 2491 1237 2560 πρὸς
1269 2491 1452 2544 αὐτόν’
1495 2493 1774 2546 Ἔκτεινον
1809 2495 1910 2560 τὴν

323 2575 478 2645 χεῖρά
504 2593 596 2629 σου
616 2619 629 2640 ,
679 2578 772 2630 καὶ
797 2565 1058 2632 ἐπιλαϐοῦ
1097 2585 1196 2652 τῆς
1221 2581 1444 2651 κέρκου.
1508 2583 1786 2646 Ἐκτείνας
1818 2581 1910 2637 οὖν

323 2665 416 2728 τὴν
445 2667 628 2736 χεῖρα,
656 2669 950 2722 ἐπελάϐετο
973 2669 1070 2738 τῆς
1100 2672 1318 2742 κέρκου.
1354 2673 1446 2725 καὶ
1473 2672 1690 2740 ἐγένετο
1715 2674 1912 2742 ῥάϐδος

322 2755 377 2807 δν
409 2759 476 2826 τῇ
513 2760 657 2828 χειρὶ
681 2759 870 2812 αὑτοῦ·
909 2761 996 2814 ῖνα
1027 2763 1358 2817 πιστεύσωσί
1389 2783 1470 2818 σοι
1502 2768 1582 2819 ὅτι
1609 2761 1790 2820 ὦπταί
1827 2783 1909 2816 σοι

323 2843 526 2916 Κύριος
551 2851 580 2902 ὀ
605 2849 736 2914 Θεὸς
762 2852 872 2904 τῶν
906 2855 1157 2925 πατέρων
1187 2874 1302 2917 σου,
1336 2857 1468 2920 Θεὸς
1510 2858 1784 2928 Ἁϐραάμ,
1815 2857 1909 2908 καὶ

321 2936 452 3000 Θιὸς
475 2939 660 2993 Ἰσαὰκ
681 2942 774 2994 καὶ
790 2942 920 3006 Θεὸς
937 2944 1150 3000 Ἰακώϐ.
1167 2965 1184 2996 ι
1204 2946 1423 2999 Ἐδεδίει
1452 2947 1549 3015 μὲν
1571 2949 1680 3014 γὰρ
1705 2946 1908 3014 Μωσῆς

323 3026 412 3078 καί
437 3026 554 3097 [τρο
587 3028 686 3101 μὴ]
721 3031 826 3101 ἄρα
858 3050 942 3096 τις
972 3031 1112 3086 εἶναι
1136 3035 1264 3105 δόξῃ
1288 3038 1400 3097 τοῖς
1431 3037 1568 3096 υἱοῖς
1592 3035 1910 3104 Ἰσραὴλφι-

322 3113 584 3186 λοψευὸής
618 3135 677 3171 τε
735 3121 828 3173 καὶ
875 3123 1246 3190 είκαιὸμυθος,
1295 3122 1526 3192 ὀφθῆναι
1581 3124 1678 3191 μὲν
1730 3122 1907 3192 ἐαυτῷ

321 3206 494 3276 λέγων
525 3211 618 3264 τὸν
663 3212 768 3264 τῶν
794 3213 930 3265 ὅλων
960 3213 1112 3275 Θεὸν,
1157 3215 1330 3266 εἰπεῖν
1360 3215 1414 3266 δὲ
1461 3215 1762 3285 προστάξαι
1807 3215 1906 3284 τῆς

322 3299 636 3367 Αἰγυπτίων
668 3303 980 3368 πλεονεξίας
1023 3305 1105 3356 ὅτι
1137 3304 1338 3374 πρέπει
1369 3304 1554 3358 λοιπὸν
1604 3307 1904 3375 ἀποφοιτᾷν

325 3390 669 3464 ἐρρωμένως.
718 3394 990 3466 Ταύτῃτοι
1039 3397 1477 3465 Θαυματουργεῖν
1523 3396 1737 3450 ἐκέλευε

2018 1949 2246 2002 caudam
2272 1947 2654 2017 apprehendit,
2695 1945 2947 2016 factaque
2987 1946 3044 2000 in
3089 1947 3212 2016 ejus
3243 1959 3410 1999 manu
3449 1944 3605 2012 virga

2017 2048 2100 2094 est
2142 2059 2154 2092 :
2193 2049 2252 2094 ut
2279 2039 2526 2104 credant,
2571 2039 2769 2110 inquit,
2815 2041 3134 2109 apparuisse
3163 2037 3261 2093 tibi
3307 2037 3605 2092 Dominum

2019 2133 2190 2186 Deum
2217 2140 2434 2200 patrum
2463 2143 2706 2199 tuorum,
2738 2132 2832 2202 qui
2856 2139 2939 2186 est
2971 2131 3118 2186 Deus
3139 2131 3438 2196 Abraham,
3459 2131 3608 2186 Deus

2018 2221 2164 2275 Isaac
2186 2231 2242 2276 et
2273 2223 2416 2275 Deus
2440 2222 2608 2278 Iacob
2627 2223 2765 2275 ¹¹·¹¹.
2781 2241 2800 2273 ι
2839 2221 3116 2275 Metuebat
3141 2219 3414 2289 siquidem
3431 2219 3609 2274 Moses

2017 2316 2360 2370 nelsraelitis
2379 2316 2642 2386 deceptor
2675 2315 2982 2380 videretur,
3021 2311 3174 2384 quod
3207 2313 3404 2366 visum
3453 2325 3484 2365 a
3549 2323 3610 2364 Ie

2015 2403 2402 2458 universorum
2452 2403 2622 2458 Deum
2671 2412 2974 2468 assereret,
3025 2403 3122 2473 qui
3147 2402 3252 2458 sibi
3283 2402 3610 2470 imperasset

2019 2495 2393 2568 [Egyptiorum
2425 2495 2899 2567 exspoliationem,
2939 2503 2994 2548 et
3021 2493 3168 2564 quod
3193 2493 3376 2548 valida
3426 2491 3606 2546 disce-

2017 2587 2149 2642 dere
2173 2605 2336 2642 manu
2363 2597 2664 2657 Oporteret.
2695 2587 2763 2642 Et
2787 2596 3080 2657 prepterea
3121 2585 3450 2640 miraculum
3497 2583 3608 2638 hoc

2017 2685 2236 2746 patrare
2264 2693 2412 2740 eum,
2443 2687 2604 2747 atque
2636 2695 2800 2747 supra
2849 2677 3144 2732 humanam
3177 2685 3434 2730 naturam
3473 2689 3606 2744 ope-

2015 2769 2126 2820 rari
2150 2768 2279 2836 quid
2304 2777 2359 2821 et
2394 2767 2606 2823 cﬂiccre
2636 2768 2820 2837 jussit,
2865 2767 3188 2820 immutante
3213 2767 3328 2820 Deo
3351 2766 3470 2834 ipso
3490 2764 3608 2818 vir-

2012 2875 2132 2928 gam
2168 2861 2220 2911 in
2263 2867 2596 2928 serpentem,
2655 2875 2724 2914 ne
2771 2859 3133 2928 transfugium
3184 2856 3440 2920 suadere,
3503 2855 3612 2911 sed'

2012 2948 2257 3001 cmlestia
2291 2957 2452 3016 atque
2480 2947 2665 3000 divina
2701 2953 2922 3015 portare
2981 2946 3204 3000 oracula
3253 2959 3444 2999 revera
3477 2957 3604 2998 cre-

2013 3035 2256 3090 deretur.
2285 3037 2344 3090 ld
2375 3037 2521 3089 enim
2549 3051 2741 3090 verum
2766 3035 2982 3104 signum
3025 3035 3114 3089 cui
3147 3049 3340 3088 omnes
3360 3030 3608 3088 credidi--

2011 3141 2156 3190 mus,
2173 3125 2412 3179 Verbum
2425 3125 2583 3178 nobis
2599 3123 2776 3178 simile
2789 3123 2990 3178 factum
3005 3123 3072 3178 ad
3089 3137 3192 3178 nos
3209 3123 3422 3177 venisse
3443 3121 3609 3191 :quod

2011 3217 2159 3286 virga
2183 3217 2352 3270 humo
2379 3219 2618 3286 projecta
2645 3217 2914 3288 designat.
2945 3216 3002 3270 id
3031 3231 3139 3286 qua
3161 3217 3370 3270 ratione
3405 3211 3611 3268 intelli-

2011 3308 2272 3378 gendum,
2303 3325 2410 3378 qua
2433 3309 2586 3372 licet,
2629 3309 2816 3364 dicere
2845 3309 3028 3364 denuo
3057 3308 3464 3380 aggrediamur.

1763 3436 1777 3459 ,
1815 3398 1910 3448 καὶ
1943 3399 2010 3450 τὰ
2079 3400 2217 3470 ὑπὲρ
2249 3399 2537 3472 ἀνθρώπου
2579 3401 2742 3469 φύσιν
2817 3400 3167 3469 ἐργάζεσθαι.
3201 3397 3607 3472 μεταπλάττον-

323 3495 410 3542 τος
439 3481 532 3534 τοῦ
559 3481 697 3535 Θεοῦ
735 3483 833 3553 τὴν
887 3482 1081 3554 ῥάϐδον
1111 3487 1192 3547 είς
1225 3485 1366 3552 ὅφιν,
1400 3485 1476 3548 ὼς
1517 3485 1580 3540 ἂν
1607 3490 1778 3540 νοοῖτο
1810 3487 1908 3539 οὐκ
1947 3489 2252 3561 αὖτομόλης
2280 3491 2495 3559 ἀληθῶς
2515 3535 2528 3556 ,
2556 3493 2694 3546 ἀλλὰ
2723 3493 2832 3546 τῶν
2861 3492 3066 3546 ἄνωθεν
3133 3493 3225 3548 καὶ
3288 3492 3440 3564 παρὰ
3469 3489 3610 3544 Θεοῦ

323 3574 712 3644 θεσπισμάτων
760 3577 1042 3647 κομιστής.
1084 3576 1157 3628 Τὸ
1202 3575 1310 3647 γάρ
1355 3578 1554 3648 ἀληθὲς
1600 3581 1844 3649 σημεῖον,
1915 3579 1942 3629 ὃ
1980 3580 2180 3646 πάντες
2224 3585 2384 3652 ἡμεῖς
2434 3583 2900 3656 πεπιστεύκαμεν,
2941 3587 2972 3656 ὴ
3045 3583 3138 3639 τοῦ
3173 3585 3344 3654 Λόγου
3393 3587 3451 3638 ἐν
3493 3583 3609 3645 τοῖς

323 3669 448 3723 καθ’
479 3670 628 3738 ἡμᾶς
675 3669 1097 3738 καταφοὶτησις,
1132 3671 1165 3739 ἢ
1200 3670 1288 3724 διὰ
1321 3671 1418 3740 τῆς
1450 3671 1644 3741 ῥάϐδου
1691 3672 1788 3741 τῆς
1827 3672 1904 3733 είς
1942 3671 2046 3740 γῆν
2082 3674 2355 3747 πεσούσης
2401 3676 2742 3747 σημαίνεται.
2779 3676 2902 3741 Πῶς
2942 3677 2998 3730 δὲ
3065 3676 3162 3730 καὶ
3223 3677 3346 3728 τίνα
3379 3673 3604 3747 τρόπον,

323 3764 400 3826 ὡς
433 3762 512 3816 ενι
543 3761 608 3832 δὴ
649 3762 811 3815 πάλιν
836 3764 1013 3815 εἰπεῖν
1045 3765 1395 3836 πειράσομαι.

398 3855 464 3924 β’.
513 3854 724 3924 Ῥάϐδῳ
753 3857 1081 3926 παρεικάζει
1112 3857 1203 3909 τὸν
1239 3859 1302 3910 ὲκ
1345 3857 1480 3910 Θεοῦ
1526 3860 1696 3927 Λόγον
1748 3861 1920 3926 φύντα

321 3950 355 4017 ἡ
388 3947 750 4010 Θεόπνευστος
785 3949 973 4018 Γραφῇ
997 3988 1010 4010 ,
1039 3949 1128 4002 διά
1151 3968 1230 4003 τοι
1258 3951 1318 4002 τὸ
1352 3951 1527 4004 πάντα
1567 3950 1919 4020 στηρίζεσθαι

325 4039 458 4109 παρ’
507 4036 700 4092 αὐτοῦ’
756 4057 774 4089 ι
810 4038 901 4108 Τῷ
941 4039 1083 4110 λόγῳ
1119 4042 1344 4109 Κυρίου,
1392 4041 1578 4109 φησὶν,
1610 4043 1658 4092 οἱ
1704 4040 1922 4108 οὖρανοὶ

325 4127 760 4197 ἐστερεώθησαν.
799 4147 815 4178 ι
869 4130 975 4181 Καὶ
1001 4170 1014 4192 ,
1073 4149 1090 4180 ι
1143 4129 1527 4200 ’Υποστηρίζει
1566 4130 1663 4197 μὲν
1693 4130 1816 4188 τοὺς
1847 4128 1924 4180 δι-

327 4221 514 4282 καίους
544 4222 570 4272 ὁ
602 4219 823 4288 Κύριος.
863 4239 878 4270 ι
934 4219 1380 4289 ’Υπενηνέγμεθα
1422 4220 1484 4287 δὴ
1527 4220 1602 4288 τῷ
1639 4219 1812 4288 "arpi.
1854 4218 1917 4271 δι’

327 4311 501 4374 Υἱοῦ,
561 4311 655 4363 καὶ
704 4309 861 4363 τοῦτο
910 4311 1069 4373 αὐτὸς
1123 4311 1322 4380 ἀληθὲς
1383 4310 1629 4380 ὑπάρχον
1689 4310 1920 4376 ὑποφαί-

327 4419 410 4454 νει
461 4400 670 4468 λέγων⁶
711 4419 728 4450 ι
768 4400 878 4452 Καὶ
936 4400 1102 4464 διάξω
1155 4400 1349 4463 αὐτοὺς
1413 4400 1516 4452 ὑπὸ
1571 4400 1668 4469 τὴν
1723 4399 1918 4469 ῥάϐδον

331 4510 456 4564 μου.
503 4513 522 4544 ι
593 4493 812 4556 Ῥάεδος
855 4493 909 4545 δὲ
968 4495 1062 4545 καὶ
1113 4494 1352 4564 ἑτέρως,
1401 4494 1675 4563 βασιλείας
1714 4493 1914 4562 σύμϐο·

2089 3858 2140 3908 2.
2188 3858 2358 3924 Virgae
2403 3867 2683 3925 comparat
2719 3867 2907 3910 natum
2947 3871 3010 3908 ex
3044 3855 3155 3908 Deo
3192 3850 3431 3906 Verbum
3465 3850 3609 3906 divi-

2018 3948 2169 4000 nitus
2197 3947 2456 4014 inspirata
2485 3946 2791 4013 Scriptura,
2818 3944 2964 4013 quod
2990 3944 3060 3997 ab
3085 3958 3153 3998 eo
3178 3943 3362 3996 omnia
3390 3941 3612 3998 firmem

2020 4046 2126 4089 tur.
2169 4055 2184 4084 ι
2223 4035 2404 4088 Verbo
2451 4034 2700 4095 Domini,
2760 4033 2940 4100 inquit
2987 4031 3193 4094 David,
3243 4030 3368 4085 coeli
3411 4031 3610 4086 ﬁrmati

2020 4133 2147 4179 sunt
2183 4124 2242 4174 ι’.
2285 4144 2300 4173 ι
2359 4123 2425 4176 Ει
2469 4141 2480 4174 :
2531 4142 2546 4173 ι
2583 4121 2884 4176 Confirmat
2927 4121 3150 4192 quidem
3197 4121 3606 4192 justos.Domi..

2025 4234 2128 4272 nus
2158 4217 2218 4270 ‘5.
2253 4237 2268 4267 ›
2310 4217 2677 4286 Aggregamur
2701 4214 2884 4285 itaque
2908 4215 3054 4270 Patri
3081 4231 3178 4285 per
3201 4215 3398 4270 Filium
3424 4234 3436 4269 :
3461 4216 3606 4286 quod

2026 4311 2190 4366 etiam
2221 4310 2434 4363 Veritas
2473 4309 2586 4377 ipsa
2632 4308 2912 4362 ostendit:
2956 4327 2972 4360 ι
3010 4307 3338 4374 Traducam,
3378 4309 3474 4374 ait,
3513 4324 3611 4364 eos

2029 4405 2082 4456 in
2107 4404 2254 4469 virga
2299 4416 2416 4454 mea
2446 4401 2506 4452 ⁸⁵.
2541 4420 2556 4449 ι
2591 4400 2740 4454 Alias
2775 4401 2924 4470 virga
2967 4401 3118 4471 regni
3143 4411 3226 4457 est
3252 4402 3606 4473 symbolum:

2028 4509 2125 4562 per
2155 4494 2354 4546 Filium
2387 4492 2530 4545 enim
2569 4493 2800 4559 imperat
2827 4491 3210 4546 universorum
3242 4493 3388 4546 Deus
3417 4509 3480 4547 ac
3507 4493 3608 4548 Pa-

327 4585 450 4636 λον’
494 4583 767 4653 βασιλεύει
819 4584 874 4636 δὲ
923 4585 987 4635 δι’
1031 4584 1158 4638 Υῑοῦ
1221 4588 1248 4637 ὁ
1294 4584 1399 4637 τῶν
1461 4585 1597 4637 ὅλων
1653 4585 1784 4646 Θεὸς
1833 4586 1912 4638 καῖ

2031 4589 2129 4633 ter.
2165 4580 2320 4632 Hunc.
2351 4580 2513 4632 etiam
2540 4579 2771 4633 Aaronis
2796 4579 2946 4650 virga
2980 4581 3036 4633 in
3071 4582 3270 4636 Sancto
3296 4590 3608 4635 sanctorum

327 4676 546 4745 Πατήρ.
609 4676 770 4730 Αὑτὸν
840 4678 872 4744 ἠ
911 4676 1104 4746 ῥάϐδος
1171 4676 1379 4747 Ἀαρὼν
1417 4678 1448 4745 ἡ
1488 4679 1542 4728 ὲν
1584 4679 1696 4738 τοῖς
1751 4676 1927 4742 ἁγίοις

328 4767 440 4820 τῶν
496 4767 666 4834 ἁγίων
728 4769 1253 4838 καταϐλαστήσασα,
1327 4770 1764 4839 κατασημήνειεν
1829 4767 1920 4820 ἄν’

329 4860 494 4913 αὐτὸν
547 4860 581 4929 ἡ
641 4862 703 4911 ὲκ
759 4859 912 4929 ῥίζης
981 4862 1211 4925 Ἰεσσαὶ,
1275 4863 1369 4914 καὶ
1417 4864 1448 4931 ἡ
1511 4861 1718 4922 πάντας
1776 4861 1923 4927 ἡμᾶς

331 4948 737 5020 παρακαλοῦσα
779 4950 1198 5018 πνευματικῶς,
1247 4952 1342 5003 καὶ
1394 4951 1529 5020 πρός
1577 4967 1640 5018 γε
1691 4949 1750 5001 τὸ
1792 4951 1920 5019 ἐρη-

335 5041 546 5109 ρεῖσθαι
582 5040 758 5103 καλῶς
803 5043 928 5103 τοὺς
971 5043 1399 5103 πεπιστευκότας
1437 5042 1733 5111 ἀνέχουσα,
1779 5040 1916 5091 κατᾶ

331 5130 398 5182 τὸ
425 5132 480 5182 ὲν
521 5131 773 5200 Ψαλμοῖς
807 5131 1145 5200 ὑμνούμενον
1190 5133 1324 5202 πρὸς
1353 5133 1442 5183 τὸν
1486 5133 1592 5184 τῶν
1625 5131 1760 5184 ὅλων
1788 5131 1918 5182 Θεὸν

335 5222 432 5274 καὶ
459 5223 700 5293 Πατέρα·
742 5241 758 5272 ι
808 5223 867 5274 Ἠ
906 5223 1098 5292 ῥάϐδος
1128 5241 1216 5275 σου
1250 5223 1344 5274 καὶ
1370 5225 1402 5291 ἡ
1438 5222 1730 5292 βακτηρία,
1761 5214 1918 5274 αὗταί

337 5330 409 5383 με
451 5316 853 5386 παρεκάλεσαν.
910 5334 925 5365 ι
976 5315 1194 5376 Ῥὰϐδος
1228 5314 1291 5382 δὴ
1335 5310 1446 5377 οὗν,
1494 5315 1521 5363 ὁ
1568 5314 1716 5374 Υἱός.
1784 5312 1918 5365 Ἀλλ’

333 5403 444 5468 ἕως
475 5403 691 5478 μὲνίῆν]
726 5407 800 5469 ὼς
845 5408 902 5458 ὲν
932 5408 1074 5476 χειρὶ
1101 5404 1198 5457 τοῦ
1229 5404 1432 5473 Πατρδς
1465 5404 1556 5456 καὶ
1597 5405 1653 5456 ἐν
1683 5406 1794 5466 τοῖς
1829 5404 1924 5473 τῆς

335 5497 592 5568 θεότητος
622 5499 933 5569 ὑψώμασιν,
951 5496 1102 5550 ούπω
1119 5496 1410 5564 γενόμενος
1432 5495 1550 5548 καθ’
1574 5496 1722 5564 ἡμᾶς
1740 5537 1753 5560 ,
1776 5494 1922 5546 ἄθεοι

339 5588 442 5657 μὲν
468 5589 524 5640 ὲν
560 5589 749 5658 κόσμῳ
790 5586 1129 5656 διετελοῦμεν
1167 5587 1214 5636 οἱ
1255 5583 1511 5646 τάλανες·
1565 5583 1925 5653 ὲπλανώμεοα

2025 4673 2337 4740 germinans
2384 4671 2670 4741 designare
2711 4679 2897 4740 queat.
2931 4671 3070 4727 Item
3101 4673 3250 4743 virga
3291 4671 3382 4726 illa
3417 4686 3484 4725 ex
3521 4687 3608 4725 ra—

2025 4765 2144 4818 dice
2188 4765 2359 4828 Jesse,
2396 4779 2516 4832 quze
2554 4779 2656 4817 nos
2695 4779 2885 4820 omnes
2923 4764 3241 4835 spiritaliter
3273 4763 3606 4824 consolatur,

2025 4865 2185 4924 atque
2224 4855 2409 4918 etiam,
2446 4863 2644 4923 praeter
2705 4857 2850 4926 quod
2883 4857 3122 4911 stabiliat
3167 4869 3434 4925 gressum,
3462 4862 3610 4909 recte

2023 4948 2310 5000 credentes
2340 4957 2630 5011 sustentat,
2660 4949 2810 5015 juxta
2846 4949 2980 5001 illud
3013 4948 3068 5000 in
3099 4945 3330 5000 Psalmis
3359 4945 3471 5000 Deo
3499 4944 3606 5000 Pa-

2030 5037 2092 5090 tri
2142 5038 2488 5092 decantatum
2525 5056 2595 5094 ελι
2637 5039 2798 5107 Virga
2843 5047 2933 5090 tua
2980 5043 3034 5089 et
3079 5033 3326 5098 baculus,
3374 5034 3489 5104 ipsa
3523 5049 3610 5088 me

2028 5131 2302 5183 consolata
2349 5139 2476 5182 sunt
2513 5130 2575 5182 *°.
2612 5149 2628 5180 ι
2675 5129 2838 5198 Virga
2885 5127 3089 5196 itaque,
3125 5127 3222 5182 Dei
3271 5126 3461 5182 Filius.
3497 5127 3606 5184 Sed

2029 5221 2272 5289 quantliu
2305 5221 2459 5288 quasi
2494 5222 2545 5274 in
2577 5220 2754 5274 Patris
2789 5227 2908 5273 erat
2946 5235 3129 5284 manu,
3158 5228 3214 5273 et
3243 5219 3300 5272 in
3329 5218 3611 5274 altissimis

2033 5309 2352 5370 divinitatis,
2387 5309 2628 5363 nondum
2671 5309 2834 5360 homo
2877 5316 3036 5361 natus
3077 5316 3137 5361 ut
3177 5324 3295 5372 nos,
3323 5307 3512 5363 miseri
3555 5309 3610 5362 in

2033 5398 2257 5460 mundo,
2302 5407 2463 5466 atque
2505 5398 2661 5466 plane
2701 5397 2852 5466 impii
2887 5397 3222 5452 vivebamus.
3254 5398 3422 5469 299
3441 5399 3608 5454 Crea-

2034 5499 2166 5544 turse
2200 5489 2345 5543 enim
2376 5488 2698 5541 crrabamus
2725 5488 3046 5553 servientes,
3081 5497 3136 5542 et
3172 5488 3465 5560 impiorum
3495 5489 3609 5560 spi-

2037 5583 2239 5636 rituum
2275 5578 2556 5649 cupiditati
2591 5578 2840 5648 subjecti.
2879 5579 3172 5650 Postquam
3209 5598 3363 5647 vero,
3396 5590 3455 5637 ut
3491 5584 3609 5652 pla-

449 5787 710 5846 N‘llCm
769 5787 953 5854 nt,l8.
1033 5785 1568 5853 “°"Exod.iv,l-5.
1605 5783 1912 5843 "'Psaldl

2017 5783 2096 5847 ,6.
2163 5781 2203 5814 ’⁸
2226 5781 2366 5836 Psal.
2399 5795 2580 5846 xxxvi,
2611 5779 2692 5836 l7.
2758 5781 2800 5814 ¹⁸
2831 5781 2932 5838 Isa.
2965 5781 3118 5848 κω.
3192 5784 3232 5814 ¹⁸
3264 5781 3608 5846 Ρεοὶᾱιιηή.
3663 5800 3672 5808 ·
