4066 6282
441 298 548 355 ιΉε

1427 313 1430 316 ⁴
1461 309 1516 361 S.
1558 306 1834 367 CYBILLI
1871 313 2342 373 ALEXANDRINI
2381 311 2710 368 ABCIlIEP.‘

3600 303 3720 370 472,

441 420 571 474 nius
605 419 843 485 dicatur,
873 424 1020 492 quod
1067 424 1133 478 ad
1183 427 1698 496 contemplationem
1740 433 1874 489 utile
1913 443 2016 499 εει,

2132 434 2206 498 δὲ,
2233 436 2298 504 τῇ
2332 433 2505 486 κτίσει
2531 429 2916 501 λατρεύοντες,
2951 426 3044 481 καὶ¹
3082 426 3202 488 ταῖς
3246 423 3352 478 τῶν
3379 421 3705 491 ἀκαθάρτων

445 513 679 582 propriae
716 515 902 583 gloriae
937 515 1210 582 sublimia,
1243 518 1489 590 adeoque
1527 521 1811 578 dexteram
1847 525 2024 581 Patris

443 603 850 672 quodammodo
910 607 1242 677 reliquisset,
1291 611 1346 665 in
1397 620 1711 684 terramque
1760 616 1830 672 de
1885 619 2024 675 calo

444 695 850 763 descendisset;
898 699 1071 754 nostri
1125 700 1301 758 factus
1347 713 1432 759 est
1485 705 1708 773 similis,
1755 708 2024 778 nobisque

445 785 742 842 conformis
783 788 839 844 in
885 790 1063 857 terris,
1088 792 1182 862 qui
1217 794 1424 850 malitia
1461 796 1822 854 abundamus.
1857 799 2026 856 Malos

443 877 592 932 enim
634 878 748 948 ipse
781 893 880 935 nos
911 881 1006 936 Dei
1043 881 1214 938 Filius
1247 887 1482 950 vocavit,
1509 887 1733 944 dicens:
1774 909 1793 940 ι
1833 889 1888 945 Si
1921 890 2024 962 igi-

446 979 536 1024 tur
561 987 660 1026 vos
684 987 809 1028 cum
841 974 962 1032 sitis
989 976 1141 1043 mali,
1170 979 1402 1034 novistis
1426 979 1568 1035 bona
1597 981 1721 1036 data
1744 982 1876 1039 dare
1900 984 2026 1040 filiis

444 1062 664 1128 vestris,
705 1073 914 1134 quanto
947 1068 1120 1138 magis
1151 1068 1313 1124 Pater
1341 1083 1524 1126 vester
1558 1073 1652 1142 qui
1682 1073 1735 1127 in
1763 1075 1918 1130 caelis
1942 1083 2027 1130 est

442 1153 588 1208 bona
633 1153 788 1210 dabit
841 1159 1157 1228 petentibus
1192 1175 1250 1216 se
1283 1161 1365 1214 ‘7?
1403 1182 1420 1213 ι
1462 1162 1604 1229 Quin
1651 1172 1708 1218 et
1750 1164 1930 1234 ipsum
1968 1165 2025 1218 in

445 1254 756 1315 serpentem
784 1247 897 1303 fere
924 1259 1191 1306 mutatum
1220 1251 1431 1318 dixero,
1462 1256 1533 1310 ob
1564 1257 1736 1311 nostri
1767 1257 2026 1313 similitu-

445 1336 651 1402 dinem,
678 1339 936 1409 quodque
963 1356 1148 1410 parem
1179 1343 1466 1400 nobiscum
1495 1346 1724 1402 formam
1761 1349 2022 1404 induerit.

448 1426 620 1479 Malus
631 1427 848 1496 quidem
865 1427 1050 1495 homo,
1065 1429 1110 1483 si
1128 1429 1196 1484 ad
1209 1433 1685 1490 mansuetudinem
1704 1437 1800 1492 Dei
1813 1453 2030 1508 compa-

448 1523 622 1570 retur.
655 1516 898 1572 Transiit
931 1519 1120 1590 itaque
1150 1521 1207 1574 in
1239 1530 1556 1592 serpentem
1578 1525 1751 1596 virga.
1779 1528 2031 1599 Unigcni-

444 1611 536 1658 tus
563 1605 713 1660 enim
748 1607 912 1662 homo
945 1608 1122 1665 factus
1151 1619 1256 1677 est,
1283 1621 1340 1667 et
1367 1613 1511 1669 inter
1537 1615 1833 1672 sceleratos
1861 1632 2026 1688 repu-

2125 524 2451 596 πνευμάτων
2468 521 2896 592 ὐπενηνεγμένοι
2913 517 3268 582 πλεονεξίαις.
3303 514 3520 584 Ἐπειδὴ
3540 513 3596 566 δὲ
3619 531 3704 585 μο-

2124 615 2338 687 νονουχὶ
2355 612 2831 685 (σωματικώτερον
2849 610 3128 681 εἰρήσεται
3147 605 3311 674 διάγε
3335 603 3398 656 τὸ
3416 606 3483 674 τῇ
3505 603 3705 674 θεωρίᾳ

2124 705 2414 778 χρήσιμον)
2431 705 2531 774 τῆς
2551 705 2684 766 ἰδίας
2714 702 2872 772 δόξης
2885 696 3290 761 καταλελοιπὼς
3313 698 3382 751 τὰ
3411 694 3703 765 ὑψώματα,

2125 799 2219 852 καὶ
2259 800 2422 852 οἱονεὶ
2467 795 2567 868 τὴν
2610 795 2706 851 τοῦ
2749 792 2964 864 Πατρὸς
2996 794 3176 862 χεῖρα,
3228 788 3490 844 καθίκετο
3505 787 3604 857 μὲν
3626 787 3706 844 είς

2125 891 2232 962 γῆν
2256 890 2314 956 ἐξ
2329 887 2584 961 οὐρανοῦ,
2610 885 2938 956 γέγονε,καθ’
2954 885 3125 956 ἡμᾶς,
3144 881 3468 953 σύμμορφός
3481 877 3707 950 τε[τοῖς]

2127 983 2218 1036 ἐπὶ
2238 983 2338 1052 τῆς
2363 983 2485 1051 γῆς,
2509 980 2560 1034 οἳ
2588 979 2850 1050 πονηρίας
2874 977 3010 1030 εἰσιν
3029 973 3257 1046 ἔμπλεοι
3281 971 3575 1044 (πονηροὺς
3598 968 3708 1040 7&9

2127 1075 2322 1138 αὐτοὺς
2348 1072 2609 1126 ἐκάλεσεν
2647 1073 2676 1124 6
2704 1069 2851 1133 Υἱὸς,
2881 1067 3022 1121 οὕτω
3049 1066 3246 1135 λέγων·
3289 1084 3308 1117 ε
3342 1065 3408 1118 Εἰ
3431 1056 3524 1116 οὖν
3550 1061 3709 1132 ὑμεῖς

2128 1167 2352 1238 πονηροί
2376 1166 2549 1227 ὄντες,
2582 1164 2756 1217 οῐδατε
2795 1161 3004 1232 δόματα
3041 1158 3222 1228 ἀγαθά
3247 1157 3448 1211 διδόναι
3477 1157 3590 1217 τοῖς
3622 1154 3712 1206 τέ-

2127 1275 2274 1320 κνοις
2306 1254 2479 1326 ὑμῶν,
2511 1255 2663 1325 πόσῳ
2706 1252 2906 1324 μᾶλλον
2947 1251 2976 1303 6
3015 1249 3208 1320 Πατὴρ
3240 1247 3395 1318 ὑμῶν
3439 1246 3468 1298 6
3501 1246 3559 1298 ἐν
3598 1246 3711 1308 τοῖς

2126 1349 2372 1419 οὐρανοῖς
2389 1345 2549 1400 δώσει
2571 1345 2752 1414 ἀγαθά
2771 1345 2885 1405 τοῖς
2906 1340 3154 1396 αἰτοῦσιν
3173 1341 3306 1393 αὐτό
3320 1344 3388 1411 ›)ο
3428 1337 3712 1409 μονονουχὶ

2128 1441 2224 1493 καὶ
2248 1441 2323 1503 εἰς
2341 1439 2464 1508 ὅφιν
2490 1438 2654 1492 αὐτὸν
2681 1435 3086 1507 μετασκευάσαι
3109 1433 3311 1504 φαμὲν,
3338 1430 3427 1485 διά
3441 1447 3524 1484 τοι
3551 1429 3715 1500 μόνον

2127 1532 2226 1604 τὴν
2259 1531 2398 1602 πρὸς
2443 1533 2589 1602 ἡμᾶς
2629 1529 2924 1600 ὁμοιότητα
2977 1528 3073 1582 καὶ
3117 1525 3181 1580 τὸ
3216 1526 3274 1604 ἐν
3310 1522 3411 1594 [σῳ
3457 1521 3716 1590 γενέσθαι

2129 1621 2391 1691 σχήματι.
2424 1619 2666 1690 Πονηρὸς
2700 1619 2797 1690 μὲν
2835 1619 2865 1672 6
2906 1619 3222 1688 ἄνθρωπος,
3257 1603 3306 1669 εί
3347 1614 3484 1686 πρὸς
3512 1613 3720 1684 ἡμερό-

443 1703 610 1761 tatus,
655 1707 820 1768 atque
869 1700 1153 1770 improbus
1194 1703 1484 1760 nobiscum
1531 1708 1858 1776 appellatus,
1899 1725 2025 1765 cum

2134 1727 2273 1780 τητα
2292 1711 2384 1764 τοῦ
2398 1710 2532 1764 Θεοῦ
2551 1710 2913 1780 συγκρίνοιτο.
2929 1707 3287 1778 Μεταϐέϐηκε
3301 1707 3480 1760 τοίνυν
3497 1709 3576 1769 εἰς
3590 1706 3718 1774 ὅφιν

443 1794 638 1843 natura
694 1790 892 1856 bonus,
943 1792 1052 1847 imo
1097 1794 1215 1863 ipsa
1259 1795 1424 1850 etiam
1463 1797 1682 1853 bonitas
1715 1801 2022 1858 exsisteret.

2137 1802 2170 1872 ὴ
2185 1801 2396 1872 ῥάϐδος.
2414 1803 2608 1870 Γέγονε
2625 1801 2733 1873 7&9
2753 1801 3033 1870 ἄνθρωπος
3047 1799 3076 1851 6
3091 1796 3519 1867 Μονογενὴς,καὶ
3534 1799 3591 1849 ἐν
3602 1799 3719 1860 τοῖς

443 1877 648 1934 Verum
695 1882 843 1951 quod
889 1883 1270 1955 Unigenitum,
1318 1886 1521 1944 factum
1574 1889 1880 1957 hominem,
1925 1908 2027 1949 nos

443 1968 666 2036 quidem
703 1974 1106 2044 receperimus;
1139 1977 1323 2034 Iudaea
1355 1996 1488 2036 vero
1519 1983 1668 2037 natio
1697 1983 2026 2053 repudiave-

445 2060 536 2125 rit,
560 2077 663 2118 nec
687 2079 797 2134 quo
825 2065 1018 2122 debuit
1046 2083 1232 2125 amore
1264 2081 1557 2141 prosecuta
1588 2074 1754 2130 fuerit
1778 2077 2028 2145 (recessit

443 2155 590 2208 enim
628 2157 1033 2227 quodammodo
1074 2162 1145 2219 ab
1187 2164 1276 2234 eo)
1304 2180 1371 2220 ex
1415 2166 1550 2236 ipsis
1592 2169 1764 2223 sacris
1804 2170 2029 2226 Litteris

443 2247 652 2303 clarum
683 2266 802 2307 esse
836 2255 1059 2322 poterit.
1102 2275 1122 2306 «
1155 2257 1333 2313 Moses
1368 2260 1539 2326 enim,
1576 2261 1833 2330 inquiunt
1874 2264 2024 2334 ipsae,

443 2337 639 2394 faciem
681 2356 836 2396 suam
869 2345 1068 2399 avertit
1098 2347 1162 2400 η.
1196 2365 1215 2397 ι
1253 2347 1570 2418 improbum
1609 2365 1737 2405 eum
1768 2367 1892 2407 cum
1936 2367 2026 2407 rc-

444 2435 682 2494 putarct,
718 2432 944 2486 credere
984 2433 1041 2488 in
1079 2424 1262 2504 ipsum
1296 2434 1632 2502 formidavit,
1662 2437 1773 2492 imo
1803 2439 2024 2502 occidit,

445 2524 502 2568 et
527 2515 582 2570 in
611 2517 794 2572 medio
822 2519 1094 2575 latronum
1122 2523 1271 2578 cruci
1301 2524 1488 2580 aﬂixit.
1515 2525 1670 2593 Quod
1694 2543 1826 2584 vero
1855 2529 2028 2584 inter-

445 2607 578 2662 dum
619 2611 789 2664 notati
826 2621 883 2667 et
912 2614 1236 2685 reprehensi
1276 2616 1482 2673 fuerint
1509 2634 1540 2673 a
1573 2618 1794 2674 Christo
1830 2619 2026 2686 Judaei,

446 2707 660 2756 tantum
690 2702 844 2760 abest
866 2713 926 2760 ut
947 2715 1237 2776 propterea
1263 2717 1522 2778 peccator
1543 2710 1710 2765 luisse
1736 2725 2031 2781 cognosca—

446 2799 558 2858 tur,
595 2801 656 2846 ut
685 2794 868 2865 potius
898 2795 1303 2853 firmamentum
1333 2806 1390 2853 et
1421 2799 1592 2854 robur
1625 2799 1870 2870 spiritale
1905 2815 2029 2855 cre-

445 2884 703 2941 dentibus
724 2902 849 2941 eum
876 2902 1018 2950 esse.
1049 2904 1114 2944 ex
1140 2905 1208 2944 eo
1229 2891 1376 2961 quod
1406 2890 1609 2946 factum
1635 2901 1739 2956 est,
1769 2892 2026 2949 sciamus.

444 2976 766 3048 Fugientem
811 2980 957 3034 enim
1006 2981 1192 3037 Mosen
1238 2983 1384 3037 Deus
1427 2984 1719 3038 convertit.
1763 2983 1898 3038 Nam
1933 2983 2028 3038 ubi

446 3078 758 3138 serpentem
789 3071 1174 3142 apprehendit,
1197 3074 1380 3129 statim
1412 3076 1466 3130 in
1501 3091 1666 3130 manu
1687 3077 1808 3147 ejus
1835 3075 1889 3130 in
1912 3076 2024 3130 vir-

443 3174 564 3229 gam
591 3168 675 3217 εει
699 3172 1086 3219 commutatus.
1122 3165 1374 3223 Rudibus
1400 3167 1585 3236 itaque
1618 3167 1902 3237 improbus
1927 3182 2022 3235 ap-

440 3259 597 3318 paret
625 3251 898 3318 Christus,
932 3254 1003 3309 ob
1034 3257 1205 3311 nostri
1235 3257 1648 3313 similitudinem
1679 3267 1764 3312 :at
1785 3258 1880 3328 qui
1915 3257 2022 3311 fide

443 3357 569 3396 eum
601 3347 1098 3414 comprehenderit,
1133 3349 1338 3420 virgam
1371 3364 1491 3403 esse
1528 3358 1584 3405 ει
1620 3350 2022 3404 firmamentum

443 3437 767 3506 comperiet.
809 3438 1172 3504 Quamobrem
1210 3442 1313 3496 fide
1349 3443 1575 3512 dignum
1612 3451 1698 3497 est
1735 3443 1842 3498 hoc
1880 3443 2022 3497 divi-

445 3545 578 3584 num
612 3531 756 3585 circa
787 3531 992 3603 virgam
1018 3533 1220 3593 factum
1250 3535 1599 3599 miraculum,
1629 3544 1686 3589 et
1724 3534 2023 3604 plurimum

445 3621 590 3677 valet
605 3620 671 3676 ad
687 3623 1128 3692 persuadendum
1147 3625 1430 3690 lsraelitis,
1452 3625 1503 3679 id
1520 3635 1604 3681 est
1620 3626 1889 3681 universis
1909 3634 2024 3682 ter-

447 3731 562 3770 ram
597 3715 984 3776 incolentibus.
1027 3732 1056 3772 a
1095 3717 1206 3772 Deo
1244 3731 1302 3771 se
1339 3717 1694 3772 considerari.
1731 3718 2024 3788 Postquam

447 3827 577 3867 vero
598 3811 756 3866 valde
779 3810 1066 3883 languidos
1086 3812 1271 3866 animo
1291 3811 1588 3877 obstinato,
1613 3820 1669 3866 et
1693 3819 1845 3866 extra
1873 3826 2024 3881 spem

447 3901 654 3972 positos
684 3903 926 3976 effugere
961 3918 1142 3975 posse,
1177 3903 1324 3974 quod
1368 3902 1504 3973 ipsis
1537 3903 1908 3974 impendebat,
1937 3903 2025 3956 in-

447 3995 704 4049 evitabile
743 3997 946 4054 malum
1004 3996 1272 4065 pluraque
1306 4002 1560 4065 portenta
1602 3993 1884 4064 oportuit,
1931 4008 2029 4048 vo-

447 4085 554 4140 cati
585 4087 674 4140 vix
706 4087 844 4141 tales
869 4094 997 4142 sunt
1023 4086 1090 4141 ad
1122 4085 1513 4141 obediendum.

519 4262 572 4313 5.
605 4261 750 4315 Deus
770 4261 953 4331 itaque
977 4277 1197 4316 rursum
1220 4261 1288 4316 ad
1310 4276 1528 4316 sacrum
1551 4261 1735 4317 Mosen
1762 4280 1775 4315 :
1807 4281 1825 4313 ι
1851 4263 2024 4324 Mitte,

450 4351 651 4421 inquit,
682 4367 904 4406 manum
935 4361 1083 4407 tuam
1109 4352 1166 4408 in
1191 4353 1355 4424 300
1382 4354 1584 4408 sinum.
1611 4353 1866 4423 Misitque
1909 4370 2027 4409 ma-

2128 1895 2350 1966 ἀνόμοις
2377 1893 2652 1965 ἐλογίσθη,
2682 1894 2776 1948 καὶ
2801 1892 3178 1964 κεχρημάτικε
3223 1889 3340 1962 μεθ’
3367 1888 3525 1961 ήμῶν
3546 1904 3724 1957 πονη-

2131 1987 2242 2057 ρὸς,
2280 1986 2458 2041 καίτοι
2487 1985 2630 2039 κατά
2663 1985 2824 2054 φύσιν
2866 1971 3128 2056 ὑπάρχων
3159 1982 3394 2052 ἀγαθὸς,
3435 1979 3644 2052 μᾶλλον
3669 1977 3726 2032 δὲ

2127 2079 2448 2151 αὐτόχρημα
2478 2079 2538 2132 τὸ
2564 2078 2788 2147 ἀγαθόν.
2838 2077 2976 2130 Ἀλλ’
3004 2078 3088 2130 ὅτι
3113 2074 3378 2144 γεγονότα
3406 2073 3529 2127 καθ’
3567 2073 3725 2142 ἡμᾶς

2127 2171 2218 2224 τὸν
2239 2171 2520 2240 Μονογενῆ
2547 2168 2961 2240 παρεδεξάμεθα
2984 2169 3082 2238 μὲν
3104 2169 3288 2238 ἡμεῖς,
3305 2166 3407 2220 οὐκ
3425 2165 3727 2234 ἠγάπησαν

2127 2261 2182 2314 δὲ
2209 2262 2257 2314 οἰ
2285 2259 2394 2313 τῶν
2431 2259 2700 2313 Ἰουδαίων
2728 2260 2894 2330 δῆμοι
2942 2257 3364 2330 (ἀποδεδράκασι
3384 2255 3495 2328 γὰρ
3528 2255 3729 2326 ὥσπερ

2128 2348 2354 2419 αὐτοῦ),
2385 2349 2558 2419 σαφὲς
2575 2347 2642 2402 ἀν
2667 2348 2877 2418 γένοιτο
2904 2348 2992 2403 διὰ
3016 2348 3128 2402 τῶν
3160 2346 3322 2416 ἱερῶν
3341 2345 3724 2417 Γραμμάτων.

2135 2460 2154 2494 t
2192 2440 2403 2510 Ἐφυγε
2447 2440 2554 2512 γάρ
2595 2441 2804 2510 Μωσῆς
2847 2440 2954 2494 ἀπὸ
3002 2438 3299 2511 προσώπου
3327 2437 3512 2492 αὐτοῦ.
3545 2457 3571 2489 ψ
3625 2437 3732 2490 Πο-

2128 2532 2291 2602 vr,pr
2321 2532 2430 2601 7&9
2461 2527 2598 2585 εἶναι
2637 2531 2980 2602 νομίσαντες,
3019 2533 3082 2585 οὐ
3125 2534 3192 2601 τῇ
3235 2530 3415 2584 πίστει
3449 2528 3729 2600 τετολμή-

2131 2641 2307 2686 κασιν,
2355 2624 2688 2678 ἀπεκτόνασι
2739 2623 2798 2678 δὲ
2847 2624 3069 2695 μᾶλλον,
3115 2624 3210 2677 καὶ
3249 2621 3730 2692 συνεσταύρωσαν

2130 2716 2405 2785 πονηροῖς.
2447 2713 2595 2785 Πλὴν
2625 2714 2706 2767 ὅτι
2746 2715 2888 2768 κατά
2930 2714 3190 2782 καιροὺς,
3237 2712 3594 2783 ἐπιδράξεται
3631 2711 3734 2782 μὲν

2129 2804 2236 2858 ἀπὸ
2264 2804 2358 2858 τοῦ
2381 2803 2641 2875 Χριστοῦ,
2667 2803 2998 2872 γινώσκεται
3034 2802 3091 2856 δὲ
3120 2803 3202 2856 ὅτι
3231 2801 3465 2872 πονηρὸς
3497 2800 3605 2870 μὲν
3637 2800 3732 2852 οὐ-

2129 2895 2337 2966 δαμῶς,
2375 2896 2652 2966 στήριγμα
2680 2895 2738 2948 δέ
2765 2894 2964 2966 μᾶλλον
2991 2894 3086 2949 καὶ
3118 2895 3270 2964 ἰσχῦς
3301 2895 3336 2963 ἡ
3374 2891 3734 2961 πνευματικὴ

2129 2987 2238 3040 τῶν
2266 2988 2628 3042 πιστευόντων
2657 2987 2793 3050 ἐστὶ,
2825 2987 2890 3040 δι’
2922 2986 3089 3041 αὐτοῦ
3127 2985 3220 3039 τοῦ
3260 2983 3552 3053 γεγονότος
3583 2983 3733 3036 εἰσό-

2135 3081 2294 3148 μεθα.
2315 3079 2588 3147 Φεύγοντα
2614 3078 2726 3150 7&9
2747 3079 2950 3134 Μωσέα
2970 3079 3101 3142 Θεὸς
3127 3077 3463 3149 ἐπιστρέφει.
3498 3074 3734 3140 Ἐπειδὴ

2129 3169 2185 3222 δὲ
2213 3169 2307 3222 τοῦ
2349 3170 2524 3241 ὄφεως
2554 3170 2880 3238 ἐπελάϐετο,
2915 3170 3107 3239 γέγονε
3139 3169 3334 3241 ῥάϐδος
3373 3169 3431 3220 ἐν
3467 3169 3535 3236 τῇ
3586 3166 3737 3237 χειρὶ

2129 3259 2316 3314 αὐτοῦ.
2365 3262 2575 3314 Οὐκοῦν
2622 3263 2734 3324 τοῖς
2785 3263 2882 3331 μέν
2925 3263 3024 3316 οὐκ
3059 3261 3260 3324 εἰδόσι,
3301 3259 3539 3331 πονηρὸς
3588 3253 3738 3312 εἶναι

2130 3350 2295 3412 δοκεῖ,
2329 3352 2417 3405 διὰ
2439 3352 2536 3424 τὴν
2565 3354 2700 3424 πρὸς
2731 3355 2880 3423 ἡμᾶς
2909 3353 3190 3424 ὁμοίωσιν·
3227 3352 3281 3404 εἴ
3307 3369 3370 3421 γε
3403 3352 3509 3422 μὴν
3533 3348 3739 3404 ἐπιλά-

2131 3442 2280 3496 ϐοιτό
2324 3459 2408 3505 τις
2443 3443 2607 3496 αὐτοῦ
2650 3444 2742 3497 διὰ
2779 3445 3049 3507 πίστεως,
3094 3444 3287 3514 ῥάϐδον
3329 3443 3584 3514 εὑρίσκει
3641 3441 3741 3496 καὶ

2133 3533 2431 3603 στήριγμα.
2477 3533 2802 3603 Ἀξιόχρεως
2842 3536 2940 3604 μὲν
2978 3530 3070 3587 οὖν
3101 3535 3133 3602 ή
3164 3534 3255 3586 ἐπὶ
3279 3535 3346 3603 τῇ
3383 3532 3575 3604 ῥάϐδῳ
3615 3531 3740 3584 θευ-

2134 3623 2357 3692 σημεία,
2385 3623 2479 3677 καὶ
2504 3623 2817 3677 ἀναπείθειν
2839 3625 2930 3677 οἵα
2955 3641 3014 3678 τε
3043 3625 3171 3687 τοὺς
3191 3623 3249 3690 ἐξ
3283 3623 3524 3693 Ἰσραὴλ,
3559 3624 3744 3693 ὴγουν

2134 3713 2380 3778 ἅπαντας
2405 3714 2532 3777 τοῦς
2575 3716 2667 3767 ἐπὶ
2707 3715 2810 3786 τῆς
2856 3716 2990 3786 γῆς,
3019 3714 3093 3779 ὼς
3139 3715 3476 3768 ἐπέσκεπται
3519 3715 3551 3767 6
3599 3713 3743 3775 Θεὸς

2133 3807 2348 3870 αὐτούς.
2393 3807 2610 3878 Ἐπειδὴ
2643 3807 2701 3860 δέ
2748 3810 2860 3870 τοῖς
2897 3807 3037 3875 ἄγαν
3071 3807 3456 3878 ὴρρωστηκόσι
3495 3805 3566 3858 τὸ
3611 3805 3746 3858 δυσ-

2134 3899 2313 3970 ήκοον,
2345 3898 2440 3952 καὶ
2466 3900 2579 3962 τοὶς
2614 3897 2718 3964 ἔξω
2750 3899 3029 3967 γεγονόσιν
3058 3897 3270 3959 ἐλπίδος
3307 3897 3400 3950 τοῦ
3443 3895 3746 3967 διαδρᾶναι

2134 3989 2393 4044 δύνασθαι
2419 3988 2528 4043 τῶν
2565 3989 2749 4058 σφίσιν
2782 3989 3179 4062 ἐπηρτημένων
3201 3988 3264 4042 τὸ
3295 3987 3573 4058 δυσαχθὲς
3592 4028 3609 4052 ,
3645 3987 3748 4040 καὶ

2135 4082 2398 4136 πλειόνων
2433 4081 2539 4135 ἔδει
2569 4081 2892 4153 θαυμάτων
2933 4081 3225 4153 κέκληνται
3253 4079 3364 4151 7&9
3399 4080 3450 4133 οἰ
3491 4079 3748 4134 τοιοῦτοι

2140 4175 2291 4244 μόλις
2318 4177 2396 4236 εἰς
2426 4175 2486 4228 τὸ
2515 4175 2751 4245 εὐήνιον.

2205 4273 2273 4332 γ’.
2301 4265 2467 4319 Πάλιν
2505 4265 2608 4336 ἔφη
2631 4265 2762 4329 Θεὸς
2793 4266 2930 4337 πρὸς
2956 4266 3047 4319 τὸν
3071 4264 3214 4335 ἱερὸν
3237 4263 3742 4336 δηλονότιΜωσέα·

2142 4373 2161 4406 ι
2199 4355 2525 4424 Είσένεγκαι
2552 4355 2650 4426 τὴν
2682 4355 2840 4425 χεῖρά
2880 4373 2974 4410 σου
2999 4357 3080 4419 εἰς
3107 4355 3198 4408 τὸν
3223 4353 3424 4408 κόλπον
3465 4369 3598 4408 σου.
3634 4353 3749 4407 Καὶ

449 4461 582 4505 num
611 4459 765 4498 suam
797 4443 854 4498 in
878 4443 1080 4508 sinum,
1105 4453 1162 4499 et
1184 4444 1326 4499 facta
1347 4454 1433 4500 est
1455 4459 1650 4500 manus
1672 4447 1792 4517 ejus
1811 4446 2027 4515 leprosa

2135 4447 2420 4517 εἰσήνεγκε
2450 4447 2550 4517 τὴν
2577 4450 2733 4517 χεῖρα
2763 4447 2927 4500 αὐτοῦ
2958 4449 3038 4506 εἰς
3069 4446 3161 4500 τὸν
3187 4446 3386 4498 κόλπον
3413 4445 3619 4511 αὐτοῦ,
3648 4444 3749 4498 καὶ

450 4546 512 4591 ut
543 4535 658 4591 nix.
695 4537 765 4592 Et
800 4535 937 4590 dixit
971 4551 1190 4590 rursum
1229 4554 1242 4590 :
1278 4535 1430 4591 Mitte
1477 4551 1700 4591 manum
1747 4536 1802 4592 in
1849 4538 2030 4593 sinum

454 4643 630 4686 tuum.
687 4629 757 4684 Et
797 4628 945 4682 misit
981 4643 1202 4682 manum
1236 4643 1391 4683 suam
1434 4628 1492 4682 in
1532 4628 1712 4683 sinum
1760 4643 1942 4695 suum,
1978 4639 2035 4685 et

451 4723 642 4780 eduxit
667 4737 890 4777 manum
919 4720 988 4777 de
1022 4721 1144 4776 sinu
1181 4736 1302 4785 suo,
1333 4721 1645 4791 iterumque
1674 4723 1927 4779 restituta
1951 4730 2037 4777 est

450 4817 509 4870 in
551 4815 737 4871 carnis
785 4829 897 4869 sum
939 4812 1180 4868 colorem
1220 4813 1285 4865 η.
1329 4831 1346 4864 ι
1395 4813 1566 4882 igitur
1605 4812 1910 4883 majestatis
1949 4821 2035 4868 est

451 4923 681 4963 summae
728 4921 792 4962 ac
837 4904 1146 4976 potestatis,
1185 4903 1395 4974 lepram
1430 4917 1590 4975 posse
1629 4918 1842 4959 curare.
1879 4903 2028 4960 Alfe-

450 4999 661 5054 ctiones
706 5011 839 5051 vero
881 5011 1004 5067 qua:
1048 5009 1116 5049 eo
1161 4992 1449 5064 pravitatis
1493 4999 1620 5047 sunt
1666 4993 1934 5059 deductae,
1971 5003 2031 5048 ut

448 5089 616 5144 nullis
654 5087 996 5143 medicorum
1043 5084 1438 5156 experimentis
1480 5085 1677 5139 cedere
1717 5084 2028 5149 videantur,

450 5181 698 5252 indigent
750 5177 954 5249 aliqua,
994 5191 1167 5248 eaque
1213 5177 1398 5233 divina
1449 5177 1566 5232 sola
1616 5184 1904 5246 potestate,
1942 5177 2031 5232 cui

453 5273 593 5329 nihil
628 5272 858 5337 resistit,
889 5269 986 5328 sed
1023 5271 1211 5342 pervia
1257 5269 1439 5325 omnia
1473 5275 1603 5322 sunt
1633 5277 1690 5323 et
1719 5268 2030 5339 obsequen-

458 5364 548 5419 tia.
580 5362 1006 5419 lmmcdicabilis
1026 5377 1158 5433 ergo
1182 5362 1409 5417 morbus
1434 5361 1583 5431 lepra
1610 5371 1722 5426 est;
1753 5375 1874 5429 quae
1897 5375 2029 5414 vero

457 5453 776 5510 hominibus
816 5454 1124 5524 desperata,
1166 5452 1434 5522 nobisque
1471 5461 1738 5520 apparent
1779 5449 2032 5519 impossi-

455 5544 611 5603 bilia.
649 5545 751 5614 ipsi
794 5545 906 5599 Deo
947 5545 1090 5598 factu
1142 5543 1317 5596 facilia
1388 5549 1534 5596 sunt.
1585 5542 1735 5596 Adeo
1804 5542 2034 5609 ipsemet

528 5727 572 5761 "
609 5726 797 5784 Matth.
828 5743 919 5791 vn,
941 5730 963 5781 -Ι
981 5730 1027 5782 1.

1109 5726 1150 5758 ’⁸
1184 5729 1352 5783 Exod.
1381 5743 1455 5794 Ill,
1485 5729 1536 5783 6.
1623 5729 1659 5760 ¹⁹
1690 5726 1958 5791 Excd.1v,
1987 5728 2042 5790 (ἱ,
2073 5727 2122 5782 7.

2133 4539 2365 4611 ἐγενήθη
2418 4540 2450 4609 ή
2495 4540 2615 4610 χεὶρ
2654 4539 2819 4591 αὐτοῦ
2851 4538 3111 4609 λεπρῶσα
3138 4539 3214 4601 ὡς
3257 4536 3410 4609 χιών.
3456 4537 3581 4591 Καὶ
3616 4532 3749 4590 εἶπε

2134 4631 2329 4684 πάλιν·
2381 4631 2702 4698 Εἰσένεγκαι
2747 4629 2845 4701 τὴν
2895 4633 3053 4700 χεῖρα
3098 4631 3177 4692 εἰς
3213 4629 3303 4682 τὸν
3352 4628 3564 4682 κόλπον
3619 4645 3743 4682 σου.

2133 4724 2244 4776 Καὶ
2265 4723 2550 4794 εἰσήνεγκε
2579 4721 2678 4792 τὴν
2703 4725 2861 4794 χεῖρα
2883 4721 3049 4774 αὐτοῦ
3077 4722 3156 4784 είς
3180 4720 3272 4773 τὸν
3300 4719 3510 4773 κόλπον
3535 4718 3746 4785 αὐτοῦ,

2133 4813 2228 4867 καὶ
2255 4813 2516 4882 ἐξήνεγκε
2550 4812 2649 4884 τὴν
2681 4815 2838 4882 χεῖρα
2867 4811 3032 4865 αὐτοῦ
3074 4812 3138 4862 ἐκ
3168 4810 3263 4864 τοῦ
3298 4810 3508 4863 κόλπου
3538 4811 3745 4875 αὐτοῦ,

2133 4905 2226 4957 καὶ
2258 4905 2420 4958 πάλιν
2459 4904 2877 4975 ἀπεκατεστάθη
2907 4905 2989 4966 εἰς
3030 4903 3128 4974 τὴν
3172 4904 3339 4973 χρόαν
3371 4903 3475 4972 τῆς
3523 4904 3748 4976 σαρκὸς

2133 4996 2320 5052 αὐτοῦ.
2348 5016 2366 5049 ι
2394 4997 2706 5067 Θεοπρεπὲς
2729 4997 2859 5064 γοῦν
2875 4997 2956 5050 ὃτι
2979 4995 3216 5066 μάλιστά
3237 5012 3298 5064 γε
3319 4995 3381 5048 τὸ
3411 4995 3749 5060 ἀπαλλάξαι

2133 5087 2391 5142 δύνασθαι
2418 5087 2643 5159 λέπραν.
2677 5087 2758 5141 Τὰ
2787 5087 2844 5140 δέ
2874 5087 2953 5150 εἰς
2991 5085 3150 5139 τοῦτο
3181 5085 3368 5139 λοιπὸν
3393 5087 3748 5157 ἀγριότητος

2139 5179 2415 5248 ἀφιγμένα
2437 5179 2546 5233 τῶν
2585 5178 2796 5242 παθῶν,
2836 5177 2911 5241 ὡς
2954 5178 3087 5249 μηδέ
3115 5177 3307 5240 αὐταῖς
3331 5176 3510 5229 εἴκειν
3542 5179 3747 5246 ἀνέχε-

2141 5270 2264 5324 σθαι
2292 5274 2410 5334 ταῖς
2439 5272 2549 5325 τῶν
2580 5270 2779 5341 ἰατρῶν
2805 5269 3136 5340 ἐμπειρίαις,
3163 5268 3321 5322 δέοιτ’
3361 5267 3427 5321 ἀν
3466 5269 3584 5339 ἤδη
3624 5286 3749 5332 πως

2137 5361 2195 5414 ἐν
2235 5365 2345 5424 τοῖς
2377 5362 2497 5416 καθ’
2523 5363 2661 5417 αὐτά
2688 5362 2856 5432 μόνης
2899 5362 3040 5430 τάχα
3077 5377 3178 5413 που
3205 5359 3306 5428 τῆς
3329 5359 3552 5413 ἄνωθεν
3587 5360 3748 5424 ἐξουο

2135 5451 2276 5514 σίας,
2363 5452 2422 5504 τὸ
2450 5450 2804 5504 ἁντιστατοῦν
2835 5450 3010 5515 οὐδὲν,
3045 5449 3225 5504 πάντα
3264 5447 3479 5517 βάσιμα
3510 5450 3617 5502 καὶ
3645 5448 3746 5500 εὐ-

2133 5541 2318 5609 ήνυτα·
2348 5541 2560 5597 ἀνίατον
2582 5544 2638 5598 δέ
2665 5542 2985 5614 νοσημάτων
3008 5543 3040 5612 ὴ
3064 5541 3258 5612 λέπρα.
3291 5541 3407 5594 Ὅτι
3436 5540 3646 5596 τοίνυν
3673 5540 3746 5596 τὰ
