4066 6282
505 307 613 365 ιτε

1517 306 1579 364 S.
1619 306 1901 364 CYRILLI
1937 309 2408 370 ALEXANDRINI
2445 315 2764 374 ΑΗΟΗῙΕΡ.

3661 309 3764 366 476

506 423 807 480 firmitates'
827 422 994 479 etiam
1025 425 1240 478 nostras
1277 425 1592 494 assumpsit,
1628 426 1784 495 juxta
1810 426 2082 496 prophetae

2193 431 2338 485 ἐστιν
2375 435 2404 486 ὁ
2445 433 2680 504 βραχίων
2705 436 2734 487 6
2773 432 3053 504 ὑψηλὸς,ή
3085 431 3262 485 πάντα
3286 429 3546 500 ισχύουσα
3568 429 3710 500 χεὶρ,
3736 431 3765 486 ἠ

504 524 699 567 vocem
726 505 792 577 ⁸⁵,
817 512 1088 566 obnoxius
1105 510 1316 582 judicio
1338 521 1394 567 et
1421 513 1812 569 immunditiei.
1843 515 2089 571 Humana

504 601 654 656 enim
694 601 874 655 omnis
918 600 1163 655 conditio
1201 601 1270 655 ad
1313 602 1485 656 Deum
1519 611 1831 672 comparata
1875 603 2090 673 impura

503 699 608 754 est,
631 690 678 744 si
704 704 834 744 vere
859 689 1028 744 Isaias
1047 690 1186 744 dixit
1217 697 1240 745 :'
1266 711 1283 742 ι
1309 691 1472 758 Quasi
1497 708 1710 762 pannus
1737 705 2089 753 menstruatae

504 795 696 835 omnes
737 788 941 836 nostrae
964 783 1288 852 justitiaa‘".
1337 804 1354 834 ι
1407 784 1544 850 Quia
1585 786 1750 856 igitur
1787 785 2088 842 humanam

501 873 800 942 assumpsit
829 882 1104 939 natu-ram,
1134 875 1192 929 in
1223 876 1485 931 fmditatis
1518 879 1886 948 suspicionem
1920 880 2086 935 deve-

501 963 583 1016 nit
607 964 952 1020 castissimus
983 966 1118 1036 ipse,
1153 975 1210 1021 et
1237 968 1416 1023 lucem
1445 969 1698 1024 habitans
1725 970 2082 1026 inaccessam.

501 1052 653 1107 Adeo
696 1054 971 1123 siquidem
1005 1056 1194 1110 infelix
1225 1057 1539 1112 Iudaeorum
1587 1058 1866 1114 aberravit
1898 1061 2082 1126 natio;

501 1144 637 1213 quin
667 1153 723 1198 et
750 1146 863 1200 vini
893 1156 1165 1216 potorem,
1195 1157 1252 1203 et
1285 1148 1714 1216 Samaritanum,
1747 1160 1802 1206 et
1825 1167 1892 1205 ex
1925 1152 2083 1206 adul—

504 1237 645 1290 terio
687 1245 931 1304 ‘natum,
987 1248 1098 1294 tum
1146 1243 1311 1295 etiam
1361 1253 1705 1312 peccatorem
1758 1244 2081 1298 nominavit.

500 1325 658 1381 Caeco
683 1328 831 1382 enim
868 1345 898 1382 a
921 1330 1205 1386 nativitate
1227 1347 1346 1397 sua,
1374 1348 1403 1386 a
1437 1333 1656 1388 Christo
1686 1344 1895 1401 sanato,
1928 1335 2084 1390 dixe-

501 1424 630 1468 runt
659 1431 672 1468 :
714 1435 732 1466 ι
763 1417 838 1471 Da
860 1418 1089 1487 gloriam
1120 1419 1252 1475 Deo.
1282 1422 1392 1476 Nos
1416 1424 1619 1478 scimus
1645 1426 1775 1494 quia
1802 1426 1895 1481 hic
1919 1426 2084 1480 homo

499 1516 755 1574 peccator
797 1517 882 1562 est
921 1511 984 1563 ³⁷.
1027 1531 1045 1561 ι
1086 1509 1190 1566 Sed
1234 1528 1301 1566 eo
1355 1513 1647 1569 dementia:
1687 1532 1989 1585 nunquam,
2024 1526 2085 1571 ut

2192 525 2626 597 ἀξιοθαύμαστος
2652 526 2819 592 δεξιά.
2867 515 3082 597 Ἐπειδὴ
3103 525 3160 578 δὲ
3189 525 3389 595 τρόπον
3421 521 3543 576 τι.νά
3570 522 3650 584 εἰς
3678 522 3765 576 τὸν

2191 615 2321 670 ἴδιον
2359 617 2657 687 ὲκὸέϐηκεν
2691 617 2874 683 τόπον,
2907 617 3195 687 γενόμενος
3217 613 3642 685 ᾶνθρωπος,’καὶ
3670 613 3765 676 τὰς

2189 706 2472 770 ἀσθενείας
2493 708 2649 778 ἡμῶν
2666 708 2847 771 ἔλαϐε,
2867 708 3008 762 κατά
3023 709 3120 778 τὴν
3140 705 3233 760 τοῦ
3258 706 3538 777 προφήτου
3562 704 3765 774 φωνὴν,

2189 798 2246 848 ὲν
2272 796 2537 866 ὑπολήψει
2570 797 2762 865 γέγονε
2791 797 2887 850 καὶ
2911 796 3241 868 ἀκαθαρσίᾳ.
3290 793 3625 865 ’Δκάθαρτος
3659 793 3765 864 γὰρ

2186 890 2218 958 ή
2257 888 2544 958 ἀνθρώπου
2591 890 2752 958 φύσις
2783 889 2918 960 πρὸς
2945 889 3098 955 Θεὸν,
3130 888 3272 955 εἴγε
3302 886 3500 958 ἀληθὲς
3536 887 3563 938 ὃ
3604 901 3766 955 φησιν

2186 981 2215 1032 6
2269 984 2554 1051 προφήτης
2611 982 2872 1046 Ἡσαΐας,
2928 982 3012 1035 ὅτι
3079 1002 3096 1033 ι
3141 983 3300 1036 Πᾶσα
3354 982 3388 1050 ἡ
3449 977 3765 1049 δικαιοσύνη

2185 1071 2366 1142 ἡμῶν,
2419 1071 2492 1135 ώς
2548 1074 2713 1141 ῥάκος
2765 1071 3210 1144 ἀποκαθημένης.
3258 1089 3277 1124 ι
3321 1071 3550 1135 Οὐκοῦν,
3587 1071 3647 1124 τό
3699 1085 3765 1137 γε

2185 1157 2321 1233 ἧκον
2373 1163 2453 1227 εἰς
2487 1163 2775 1232 ἀνθρώπου
2829 1166 3011 1234 φύσιν,
3045 1165 3103 1217 ὲν
3125 1163 3344 1234 δοκήσει
3372 1163 3594 1232 γέγονεν
3625 1162 3765 1214 ἀκα-

2187 1253 2435 1326 θαρσίας,
2490 1257 2518 1308 ὁ
2562 1255 2836 1324 πάναγνός
2871 1273 2929 1309 τε
2966 1257 3059 1310 καὶ
3108 1257 3225 1325 φῶς
3254 1255 3546 1326 ἀπρόσιτον
3576 1253 3763 1309 οἰκῶν.

2187 1344 2561 1415 Πεπὶζάνηνται
2614 1345 2723 1418 γὰρ
2775 1346 2918 1402 οὕτω
2967 1348 3060 1401 καὶ
3115 1350 3162 1402 οἱ
3217 1347 3447 1410 τάλανες
3488 1347 3761 1400 Ἰουδαῖοι·

2184 1439 2461 1511 τοιγάρτοι
2511 1439 2603 1492 καὶ
2638 1441 2868 1508 μέθυσον
2915 1441 3011 1494 καὶ
3059 1438 3409 1511 Σαμαρείτην
3457 1437 3762 1508 ὠνόμαζον,

2186 1533 2281 1584 καὶ
2319 1533 2382 1584 ἐκ
2419 1532 2674 1601 πορνείας
2705 1533 3089 1602 γεγενημένον,
3136 1531 3231 1584 καὶ
3272 1530 3409 1610 πρὸς
3441 1529 3652 1593 τούτοις
3684 1529 3765 1583 ἑτι

498 1595 760 1662 arbitror,
789 1599 1090 1665 venissent,
1134 1610 1194 1656 ut
1230 1603 1357 1657 talia
1393 1605 1660 1671 dicerent,
1697 1617 1753 1662 et
1784 1608 1992 1664 etfrene
2025 1609 2080 1663 in

2186 1621 2279 1673 καὶ
2327 1595 2673 1691 ἀμαρτωλόν.
2717 1595 3004 1690 ⁷Ἷέιρασκον
3036 1621 3144 1693 γάρ
3179 1599 3284 1674 πού
3443 1621 3506 1672 ἐκ
3540 1619 3764 1690 γενετῆς

497 1700 624 1740 eum
667 1702 729 1742 os
772 1690 1068 1758 aperirent,
1102 1692 1146 1745 si
1180 1692 1277 1748 Dei
1324 1703 1575 1749 naturam
1611 1696 1666 1750 in
1695 1712 1761 1751 eo
1792 1701 2078 1770 cognovis—

2185 1690 2376 1778 τυφλῷ
2394 1690 2874 1782 τεθεραπευμένῳ·
2914 1730 2930 1762 ι
2964 1711 3062 1774 Δὸς
3095 1690 3252 1775 δόξαν
3275 1710 3353 1780 τῷ
3390 1709 3527 1779 Θεῷ.
3574 1710 3767 1778 Ἡμεῖς

497 1787 638 1833 sent.
686 1781 846 1850 302
903 1782 1010 1838 Sed
1055 1799 1181 1838 cum
1231 1785 1343 1849 ille,
1383 1788 1476 1856 qui
1525 1797 1783 1859 tanquam
1832 1792 2082 1862 impurus

2184 1798 2406 1866 οἴδαμεν
2449 1800 2531 1852 ὅτι
2586 1795 2739 1864 οὗτος
2785 1781 2829 1854 ὀί
2858 1801 3142 1873 ἄνθρωπος
3169 1788 3493 1873 ἁμαρτωλός
3523 1801 3694 1853 ἐστιν.
3743 1820 3760 1851 ι

498 1869 664 1924 homo
712 1871 768 1924 in
809 1872 960 1929 hunc
1007 1876 1273 1930 mundum
1325 1886 1486 1932 natus
1523 1890 1661 1944 erat,
1697 1881 1808 1936 imo
1849 1882 2080 1952 ipsemet

2196 1889 2334 1941 Ἀλλ’
2391 1891 2490 1943 οὐκ
2541 1890 2626 1954 ἂν,
2668 1887 2843 1962 οἶμαι,
2895 1893 3106 1964 μωρίας
3150 1896 3230 1957 εις
3267 1893 3425 1946 τοῦτο
3455 1891 3766 1962 κατῴχοντό

499 1960 753 2029 impurus
789 1972 846 2018 et
877 1965 1174 2022 sceleratus
1201 1969 1646 2038 existimabatur,
1667 1974 1792 2029 vitae
1822 1991 1934 2030 sua:
1964 1977 2077 2031 dis-

2184 1996 2336 2042 ποτε,
2366 1979 2442 2043 ώς
2472 1979 2628 2052 εἴπερ
2657 1982 2784 2035 ὄντα
2812 1982 2942 2035 Θεὸν
2970 1985 3111 2038 κατὰ
3145 1984 3305 2052 φύσιν
3335 1985 3554 2056 ᾔδεσαν,
3595 1984 3764 2052 φάναι

498 2055 878 2123 pensationem
923 2058 1319 2126 perfectissime
1363 2062 1705 2129 absolvisset,
1748 2065 2078 2138 tandemque

2184 2068 2240 2121 τὸ
2260 2069 2518 2135 τοιοῦτον,
2552 2073 2646 2124 καὶ
2674 2073 2956 2126 ἀπύλωτον
2987 2076 3073 2127 ἐπ’
3100 2074 3247 2144 αὐτῷ
3274 2075 3534 2139 διανοίξαι
3567 2076 3762 2143 στόμα.

496 2147 566 2199 ad
599 2147 817 2202 Patrem
854 2150 1214 2218 pervenisset,
1249 2152 1414 2222 inque
1445 2155 1622 2208 sinum
1653 2157 1772 2226 ejus
1803 2158 2075 2225 rediisset,

2194 2157 2332 2212 ’Δ).λ’
2386 2163 2413 2212 ὁ
2468 2163 2524 2213 ὲν
2569 2163 2790 2232 δοκήσει
2853 2163 3093 2231 γεγονὼς
3152 2163 3490 2236 ἀκαθαρσίας
3540 2163 3617 2226 ὡς
3672 2163 3765 2217 ἄν·

495 2245 648 2301 tunc,
678 2237 924 2308 inquam,
951 2242 1160 2312 expulit
1205 2257 1326 2296 eam
1377 2244 1726 2312 opinionem,
1777 2264 1884 2317 qua
1933 2250 2079 2304 velut

2184 2253 2417 2323 θρωπος,
2454 2253 2541 2305 ὅτε
2589 2253 2686 2324 τὴν
2726 2255 2846 2309 καθ’
2892 2257 3038 2326 ἡμᾶς
3082 2255 3509 2325 εύτεχνεστάτην
3556 2257 3765 2309 οἰκονο-

495 2326 662 2382 homo
707 2329 931 2399 iniquus
976 2341 1031 2387 et
1082 2334 1334 2404 impurus
1384 2345 1546 2390 natus
1594 2353 1715 2392 esse
1760 2339 2073 2394 videbatur.

2184 2345 2310 2415 μίαν
2344 2345 2563 2414 διάγων,
2597 2350 2676 2409 εἰς
2703 2349 2875 2418 πέρας
2903 2347 3069 2418 ἀνέδη
3100 2348 3234 2419 πρὸς
3266 2347 3357 2400 τὸν
3387 2336 3638 2417 Πατέρα,
3668 2348 3765 2400 καὶ

496 2415 810 2472 Honoratur
843 2436 974 2474 vero
1007 2431 1066 2476 ut
1091 2425 1256 2488 Deus,
1289 2426 1546 2480 laudatur
1579 2444 1609 2482 a
1637 2430 1849 2487 cunctis
1877 2440 1936 2486 ut
1970 2433 2075 2486 Do-

2184 2437 2236 2488 ὲν
2269 2435 2488 2498 κόλποις
2533 2438 2754 2506 γέγονεν
2804 2438 2996 2492 αὑτοῦ⁸
3029 2439 3149 2492 τότε
3179 2439 3264 2510 δὴ,
3305 2438 3426 2490 τότε
3462 2439 3556 2490 καὶ
3585 2438 3764 2508 αὐτὴν

2179 2532 2559 2601 ἀπεκρούσατο
2585 2531 2684 2599 τήν
2713 2531 2933 2602 δόκησιν
2967 2532 3058 2585 τοῦ
3092 2529 3418 2600 γεγενῆσθαι
3451 2531 3568 2599 μεθ’
3599 2529 3763 2600 ἡμῶν

2179 2623 2236 2672 ὲν
2288 2621 2572 2691 νεκρότητι
2625 2621 2718 2672 καὶ
2769 2619 3100 2690 ἀκαθαρσίᾳ.
3159 2619 3527 2688 Δοξολογεῖται
3572 2619 3630 2671 δὲ
3689 2619 3764 2684 ώς

2176 2711 2328 2773 Θεὸς,
2387 2711 2745 2778 δοξολογεῖται
2795 2691 3216 2781 παράιῖῖτάντων
3265 2710 3340 2774 ὡς
3392 2709 3629 2781 Κύριος,
3689 2709 3764 2774 ὡς

2177 2803 2346 2869 ἁγίων
2395 2804 2604 2870 Ἀγιος,
2649 2802 2724 2865 ὡς
2776 2801 3252 2874 καταλαμπρύνων
3281 2803 3381 2873 τὴν
3418 2802 3623 2870 κτίσιν,
3670 2801 3765 2855 καὶ

2175 2895 2286 2954 τοῖς
2314 2892 2422 2944 τῶν
2461 2891 2762 2962 ἀνθρώπων
2811 2892 3106 2963 πνεύμασι,
3143 2895 3236 2946 καὶ
3279 2892 3379 2964 μέν
3409 2910 3492 2946 τοι
3521 2895 3637 2955 τοῖς
3671 2891 3763 2944 ἐπὶ

491 2959 788 3027 pertinent,
825 2963 1113 3036 factusque
1134 2970 1237 3024 sub
1260 2971 1378 3042 lege
1405 2972 1549 3027 inter
1577 2974 1774 3044 impios
1807 2976 1876 3030 sit
1908 2992 2072 3046 repu-

2184 2984 2277 3054 γῆς
2322 2959 2579 3056 χορηγῶν.
2614 2986 2774 3049 αὐτὸς
2814 2985 2875 3038 τὸ
2919 2959 3118 3050 παντὸς
3163 2959 3419 3038 δύνασθαι
3467 2985 3764 3038 καταθλείν

491 3056 639 3105 tatus
668 3053 734 3117 ",
772 3066 1172 3130 revocatusque
1218 3061 1401 3117 denuo
1442 3071 1497 3118 et
1547 3065 1789 3121 insertus
1831 3067 2073 3136 pristinae

2184 3074 2269 3127 τοῦ
2303 3077 2672 3130 κατασπι).οὓν
2709 3076 3001 3146 ἰσχύοντος.
3052 3078 3173 3130 Ὅτι
3221 3077 3278 3130 δὲ
3310 3076 3639 3143 κατεδέξατο
3667 3076 3765 3148 μὲν

491 3139 743 3239 dignitati
769 3160 832 3200 ac
855 3147 1060 3216 gloriaa,
1088 3153 1304 3220 plenam
1332 3154 1461 3209 facit
1483 3156 1602 3224 ipse
1629 3155 1814 3221 fidem,
1831 3130 2071 3228 quando

2184 3167 2530 3238 οἰκονομικῶς
2573 3168 2639 3221 δι’
2673 3130 2821 3240 ήμόίς
2853 3171 2880 3221 ό
2920 3130 3046 3232 Υσὶὸς
3073 3168 3139 3222 τὰ
3171 3130 3647 3239 ἀνθρώπιναςκαὶ
3667 3130 3768 3235 .7!-

489 3230 571 3284 sic
594 3232 662 3286 ad
689 3235 902 3290 Patrem
931 3240 1210 3295 caelestem
1247 3244 1414 3299 verba
1452 3245 1583 3301 facit
1624 3264 1637 3300 :
1680 3266 1699 3298 ‹
1744 3248 1924 3314 Pater,
1959 3250 2070 3304 cla-

2184 3275 2298 3326 γονε
2336 3230 2434 3328 μὲν
2465 3230 2568 3312 ὑπὸ
2599 3230 2782 3331 νόμον,
2820 3230 3178 3331 κατελογίσθη
3204 3230 3384 3312 δὲ’καὶ
3412 3262 3468 3312 ὲν
3494 3230 3612 3321 τοῖς
3645 3230 3767 3311 ἀνύ-

492 3323 644 3378 rilica
679 3341 766 3381 me
803 3329 947 3396 apud
989 3335 1342 3404 temetipsum
1383 3339 1631 3395 claritate
1677 3357 1841 3410 quam
1880 3343 2070 3408 habui,

2184 3323 2319 3420 μοις,
2337 3323 2846 3422 -ἀναπεφοίτηκεδὲ
2875 3323 3040 3406 πάλιν.
3064 3353 3144 3415 εἰς
3167 3323 3269 3420 τὴν
3302 3349 3540 3421 ἔμφυτόν
3568 3366 3635 3402 τε
3669 3349 3766 3402 καὶ

489 3413 808 3484 priusquam
831 3420 1072 3476 mundus
1096 3433 1260 3491 esset,
1285 3428 1430 3495 apud
1456 3437 1509 3483 te
1529 3432 1594 3481 '9.
1632 3449 1650 3482 ›
1688 3431 1924 3486 Videsne
1945 3449 2073 3487 eum

2184 3413 2232 3495 έν
2258 3442 2452 3512 ἀρχαῖς
2488 3413 2713 3495 ἐνοῦσαν
2746 3444 2893 3514 αὐτῷ
2935 3445 3102 3514 τιμήν
3125 3413 3186 3496 τε
3216 3413 3518 3506 καὶδόξαν,
3549 3441 3766 3512 πληρο-

491 3515 617 3556 cum
643 3503 712 3557 iis
738 3520 859 3572 quae
891 3513 1276 3580 assumpsisset
1306 3515 1629 3588 demigrare,
1665 3535 1768 3574 nec
1795 3523 1913 3576 sine
1944 3538 2075 3578 con-

2184 3503 2401 3604 ρορήσει
2432 3503 2606 3602 λέγων
2640 3536 2799 3600 αὐτὸς
2834 3503 2968 3607 πρὸς
2995 3503 3102 3588 ’τόν
3131 3533 3206 3587 ἐν’
3228 3503 3476 3605 οὐρανοῖς
3503 3503 3761 3604 Πατέρα⁹

489 3593 616 3648 silio
658 3595 1100 3655 incarnationem
1137 3607 1481 3676 suscepisse?
1519 3611 1851 3682 PrOperahat
1886 3623 2072 3672 autem

2184 3593 2198 3678 ί
2242 3593 2446 3698 ίίἀτερ,
2482 3593 2704 3691 δόξασόν
2736 3593 2802 3697 με
2847 3593 2912 3700 tif}
2949 3593 3102 3698 δόξῃ,
3219 3593 3364 3697 six-0v
3391 3593 3498 3697 πρὸ
3537 3627 3639 3679 τοῦ
3667 3593 3767 3679 τὸν

488 3684 556 3739 ad
614 3685 920 3744 divinitatis
977 3686 1210 3764 insigne,
1251 3706 1308 3752 et
1363 3699 1430 3752 ad
1486 3702 1668 3756 omnia
1721 3715 2072 3773 superantem

2184 3684 2571 3788 edepovleivat-
2619 3684 2772 3788 παρά
2825 3684 2929 3771 σοί..
2971 3738 2987 3768 ι
3254 3684 3337 3771 ὄττι
3385 3684 3494 3770 τών
3552 3716 3764 3786 μεταξὺ

486 3777 716 3846 gloriam
757 3780 1259 3857 dignationemque.
1315 3789 1456 3847 Hinc
1497 3794 1662 3848 etiam
1702 3795 1894 3852 beatus
1928 3799 2070 3852 Pau-

2184 3777 2690 3880 παρεισϐεσηκότων
2752 3809 3117 3879 ἀπαλλακτιᾷ,
3167 3810 3259 3862 καὶ
3304 3808 3404 3860 οὐκ
3455 3806 3765 3876 ἀϐούλητον

486 3869 572 3924 lus
601 3888 613 3924 :
665 3890 684 3922 ι
717 3873 852 3939 Etsi,
891 3874 1090 3946 inquit,
1131 3883 1489 3952 cognovimus
1519 3887 1820 3941 secundum
1851 3877 2071 3945 carnem

2184 3869 2273 3969 μὲν
2305 3869 2599 3968 ἐποιήσατο
2645 3899 2744 3970 τὴν
2788 3899 2924 3969 μετά
2971 3869 3168 3968 σαρκὸς
3215 3898 3562 3968 οἰκονομίαν,
3599 3869 3765 3968 ἠπεί-

485 3958 888 4029 Christum,sed
915 3968 1028 4039 jam
1064 3973 1388 4030 novimus”.
1423 3996 1441 4028 ›
1472 3977 1516 4031 Α
1548 3980 1779 4036 mortuis
1806 3982 1951 4037 enim
1981 3998 2070 4038 re-

2184 3958 2298 4060 γετο
2320 3991 2377 4044 δὲ
2410 3958 2546 4062 π’ρδς
2590 3990 2652 4044 τὸ
2686 3958 3068 4061 τῆςιθεότητος
3099 3958 3317 4054 adiciet;
3345 3958 3437 4044 καὶ
3479 3958 3558 4044 διὸ,
3579 3958 3768 4045 πάντα

486 4052 642 4119 vixit,
685 4057 960 4128 rediitque
994 4063 1062 4116 ad
1097 4065 1314 4121 Patrem
1345 4084 1511 4124 carne
1545 4071 1789 4128 indutus.
1818 4073 1925 4129 Sed
1959 4090 2069 4129 non

2184 4052 2616 4154 δπερανεστηκδς
2650 4052 2905 4154 ἀξίωμας
2938 4052 3226 4136 Ᾰιά-τοῦτο
3263 4052 3360 4135 καὶ
3409 4083 3435 4135 ό
3489 4084 3766 4153 μακάριος

485 4146 722 4214 amplius
769 4153 1072 4206 secundum
1119 4171 1340 4212 carnem
1392 4165 1793 4232 cognoscimus,
1829 4165 1933 4220 hoc
1963 4175 2068 4233 est,

2184 4146 2416 4241 Παύλος,
2466 4146 2588 4226 ιἘῖ
2615 4146 2818 4243 γε-καὶ
2859 4174 3200 4243 ἐγνώκαμεν,
3257 4175 3442 4244 φησὶν,
3483 4146 3578 4228 τὸν
3619 4146 3769 4229 κάτά

485 4234 669 4288 carnis
688 4236 996 4306 subjectum
1011 4242 1417 4313 affectionibus,
1435 4251 1802 4318 passionlbus,
1823 4254 2068 4325 inquam,

2184 4234 2377 4334 σάρκα,
2403 4234 2664 4336 Χριστὸν,
2709 4266 2848 4320 ἀλλά
2891 4234 2986 4318 νῦν
3034 4234 3134 4318 ούκ
3189 4234 3280 4319 ἔτι.
3318 4234 3698 4336 γινώσκομεν.
3742 4283 3761 4315 ι

486 4322 593 4377 nisi
623 4327 968 4384 naturalibus
996 4339 1052 4385 et
1085 4333 1398 4406 inculpatis.
1429 4338 1734 4410 Antequam
1765 4322 1918 4398 enim
1948 4362 2074 4416 pre-

2184 4322 2409 4405 Ἀνεὸίω
2434 4322 2544 4424 γὰρ
2569 4355 2633 4406 ἐκ
2651 4322 2880 4425 νεκρῶν,
2907 4353 3130 4425 ἀνέθορέ
3162 4371 3221 4406 τε
3253 4322 3389 4425 πρός
3415 4354 3506 4408 τὸν
3535 4322 3767 4426 [ίατέρα

487 4414 682 4468 tiosam
728 4418 940 4475 subiret
980 4437 1222 4490 crucem,
1249 4429 1506 4485 esuriisse
1551 4432 1747 4500 fertur,
1776 4451 1840 4490 ac
1877 4414 2067 4494 devia

487 4503 687 4529 45.----.“
741 4509 939 4529 -__I_-___
1046 4522 1060 4529 -
1109 4522 1120 4529 .
1161 4516 1174 4528 ο
1215 4525 1224 4529 -
1272 4525 1281 4529 -
1463 4523 1478 4529 -
1594 4524 1608 4529 -

2184 4443 2311 4512 μετά
2338 4414 2558 4515 σαρκός.
2597 4444 2739 4497 Ἀλλ’
2753 4414 2965 4508 ὀύκέτι,
2997 4414 3185 4515 φηισὶν,
3219 4414 3566 4516 κατάϋσάρκα
3596 4414 3765 4498 αὐτὸν

486 4503 691 4560 fessum
739 4509 968 4578 sedisse,
1009 4522 1066 4569 et
1107 4516 1380 4573 tristatum
1413 4523 1728 4591 admodum,
1763 4529 1894 4597 quin
1926 4537 1981 4584 et
2011 4530 2067 4584 in

2184 4533 2529 4608 γινώσκομεν,
2559 4535 2854 4597 τουτέστιν,
2881 4535 2981 4588 οὐκ
3013 4535 3092 4588 ἔτι
3130 4536 3188 4588 ὲν
3217 4537 3328 4599 τοῖς
3359 4535 3594 4588 πάθεσιν
3630 4535 3766 4588 ὄντα

485 4595 634 4667 ligno
666 4610 900 4657 mortem
934 4620 1033 4674 pro
1075 4609 1233 4664 nobis
1265 4625 1586 4681 perpessum
1624 4633 1636 4668 :
1677 4625 1733 4670 at
1765 4595 1927 4674 modo
1958 4636 2067 4676 non

2184 4595 2265 4696 ἑῆς
2300 4595 2526 4696 σαρκὸς,
2549 4625 2746 4680 πάθεσί
2778 4595 2978 4689 τεντοῖς
3004 4628 3252 4695 φυσικοῖς
3279 4627 3370 4680 καὶ
3398 4617 3794 4704 ἀνεγκλήτοιςξ

485 4691 723 4760 amplius
749 4692 835 4748 his
857 4695 1156 4752 obnoxium
1181 4702 1452 4759 novimus.
1487 4724 1504 4756 ι
1535 4705 1714 4761 Semel
1741 4710 1888 4764 enim
1918 4729 2068 4767 mor-

667 4799 774 4806 ,η
828 4787 1057 4806 ____..,,,
1231 4793 1265 4806 .-
1365 4795 1404 4806 ..
1528 4797 1549 4806 -

2184 4691 2331 4786 ρημί.
2364 4691 2479 4786 ῘῙρὸ
2515 4715 2614 4784 μὲν
2645 4714 2752 4785 γὰρ
2782 4711 2876 4766 τού
2906 4691 3088 4783 τιμίου
3124 4711 3382 4782 σταυροῦ,
3431 4691 3525 4765 καί¹
3565 4691 3796 4806 πεινῇ-ἓ

483 4789 632 4845 tuus,
667 4799 779 4840 non
824 4787 1064 4857 amplius
1105 4793 1340 4847 moritur
1363 4795 1427 4848 ³³.
1464 4816 1482 4848 ι
1528 4797 1885 4870 Incorruptus
1921 4806 2069 4860 enim

2184 4824 2260 4859 ται
2284 4805 2527 4876 λέγεται,
2560 4805 2654 4859 καὶ
2676 4808 2875 4876 καμεῖν
2899 4806 2963 4858 ὲκ
2991 4807 3091 4875 τῆς
3121 4804 3449 4876 ὁδοιπορίας,
3474 4804 3571 4858 καὶ
3603 4802 3764 4874 περί·

483 4879 568 4925 est
595 4871 868 4940 Christus,
895 4893 1019 4932 cum
1046 4879 1156 4934 vita
1189 4882 1416 4938 exsistat
1445 4901 1543 4940 sua
1570 4897 1790 4956 natura,
1830 4885 2064 4964 vitaeque

2184 4871 2372 4951 κυπονν
2398 4871 2683 4965 γενέσθαι·
2739 4871 2834 4950 καὶ
2886 4871 3056 4950 αὐτὸν
3103 4895 3160 4948 δὲ
3210 4871 3431 4949 τὸν-ἐπὶ
3483 4894 3648 4960 ξύλου
3681 4871 3762 4946 *δι’

483 4969 678 5017 auctor
703 5005 718 5030 ,
749 4968 878 5036 quia
899 4984 966 5024 ex
990 4969 1106 5040 ipsa
1133 4971 1312 5028 Patris
1333 4974 1443 5030 vita
1469 4977 1694 5046 prodiit.

2184 4988 2322 5058 ἡμᾶς
2361 4988 2657 5058 ἀνατλῆναι
2700 4987 2952 5051 Θάνατον,
2984 4985 3118 5040 ἀλλὰ
3148 4985 3267 5051 νῦν,
3294 4987 3396 5040 οὐκ
3437 4989 3495 5040 ὲν
3539 4985 3762 5048 τούτοις

481 5050 610 5150 liv-ra
651 5055 1012 5128 γινώσκομεν.
1055 5079 1075 5112 ι
1114 5061 1298 5127 Ἀπαξ
1328 5064 1436 5138 γὰρ
1478 5067 1786 5134 ἀποθανὼν,
1839 5074 1940 5127 οὐκ
1985 5074 2066 5128 ἔτι
2102 5050 2456 5148 ἀποθνήσκει.
2507 5096 2525 5129 ι
2557 5050 2875 5150 ’Ἂφθαρτος
2905 5077 3012 5147 γὰρ
3041 5078 3070 5130 6
3110 5076 3364 5148 Χριστὸς.
3429 5076 3541 5146 ζωὴ
3618 5075 3764 5130 κατά

480 5140 669 5236 cptioth
691 5145 787 5199 καὶ
843 5147 992 5216 ζωῆς
1036 5152 1294 5222 χορηγὸς,
1333 5155 1415 5207 ὅτι
1463 5157 1556 5210 καὶ
1585 5159 1648 5212 ὲκ
1676 5159 1824 5230 ζωῆς
1857 5163 2065 5235 πέφηνε
2101 5165 2197 5219 τοῦ
2223 5140 2458 5236 Πατρός.

511 5259 514 5262 -
545 5234 598 5288 4.
642 5233 938 5305 Postquam
972 5253 1106 5294 vero
1144 5241 1455 5300 inauditum
1499 5247 1634 5303 illud
1664 5249 1810 5307 circa
1840 5233 2064 5309 manum

2242 5256 2304 5312 δ’.
2340 5233 2494 5313 Μετὰ
2522 5258 2578 5312 δέ
2601 5275 2664 5327 γε
2692 5258 2753 5312 τὸ
2782 5259 2873 5312 ἐπὶ
2894 5260 2958 5329 τῇ
2988 5257 3241 5330 λεπρώσῃ
3266 5260 3409 5330 χειρὶ
3432 5258 3761 5329 παραδόξως

477 5326 746 5395 leprosam
803 5328 1018 5411 signum
1065 5332 1176 5402 jam
1238 5338 1571 5405 transiisset,
1623 5344 1788 5399 tertio
1841 5363 2063 5417 quoque

2184 5346 2579 5418 τετελεσμένον,
2615 5326 2718 5402 καὶ
2761 5326 3172 5421 τρίτῳησημείῳ
3201 5326 3491 5420 καθίστησι
3510 5326 3756 5418 -βεσαιοο

476 5415 632 5484 signo
673 5416 818 5472 Deus
852 5435 950 5474 eos
989 5422 1161 5492 magis
1201 5425 1510 5484 conﬁrmat.
1555 5431 1645 5486 Ait
1683 5434 1831 5487 enim
1869 5415 2063 5492 rursus

2184 5415 2566 5511 ιέρουςίἜφη
2597 5441 2706 5513 γὰρ
2746 5415 2941 5496 πάλιν·
2985 5415 3174 5495 Usa;
3215 5443 3272 5496 δὲ
3307 5442 3380 5513 μή
3417 5415 3757 5495 πιστεύσωσί

477 5503 763 5574 Scriptura
793 5525 804 5559 :
841 5526 859 5557 ι
889 5508 1048 5575 Quod
1079 5510 1124 5564 si
1153 5527 1255 5568 nec
1285 5515 1500 5573 duobus
1530 5522 1751 5590 quidem
1777 5523 1864 5578 his
1891 5525 2060 5597 signis

2184 5546 2251 5582 I'Ol
2299 5533 2406 5594 τοῖς
2449 5533 2569 5586 δυσὶ
2623 5534 2870 5604 σημείοις
2915 5532 3146 5600 τούτοις,
3202 5533 3336 5604 μηδὲ
3380 5534 3757 5585 εἱσακούσωσι

547 5613 780 5710 illam.
812 5633 910 5710 xvl,‘
934 5620 983 5672 1.
1062 5620 1106 5651 ’⁸
1134 5621 1232 5678 lsa.
1265 5641 1402 5692 mm,
1432 5630 1484 5684 6.
1563 5633 1605 5662 ’⁷
1635 5633 1790 5687 Joan.
1828 5652 1897 5699 lx,
1931 5636 2017 5690 ⁵21.

2214 5642 2314 5696 lsa.
2349 5660 2457 5710 Lm,
2495 5645 2577 5698 l2.
2673 5649 2716 5677 ιε’
2740 5647 2893 5701 Joan.
2934 5661 3059 5710 xvn,
3085 5646 3134 5700 5.
3244 5645 3288 5676 ³⁸
3317 5645 3359 5699 il
3388 5642 3516 5700 Cor.
3579 5658 3635 5710 v,
3665 5642 3754 5698 16.

481 5682 520 5713 ⁸¹
566 5681 706 5736 Rom
766 5701 835 5750 v1,
875 5687 930 5741 9.

496 2505 700 2570 minus,
736 2516 795 2562 ut
826 2508 1058 2566 Sanetus
1092 2523 1431 2581 sanctorum,
1465 2526 1526 2571 ut
1560 2517 1652 2587 qui
1685 2520 1906 2575 condita
1950 2522 2075 2576 illu-

495 2604 696 2661 strans,
734 2597 1018 2654 hominum
1063 2604 1370 2673 spiritibus,
1408 2618 1572 2678 atque
1613 2609 1679 2665 iis
1711 2613 1806 2680 qui
1842 2612 1895 2666 in
1933 2621 2076 2669 terra

493 2690 625 2737 sunt
649 2683 960 2742 facultatem
997 2691 1206 2760 prabet
1250 2697 1546 2764 superandi
1592 2706 1648 2752 et
1684 2701 2074 2768 pessumdandi

492 2789 620 2844 eum
649 2778 743 2846 qui
771 2781 950 2836 omnis
975 2791 1059 2838 est
1083 2793 1276 2840 auctor
1306 2788 1724 2857 inquinamenti.
1753 2790 1909 2857 Quod
1943 2808 2075 2846 vero

490 2881 590 2938 per
635 2868 1099 2940 dispensationem
1154 2881 1460 2950 susceperit
1512 2897 1633 2951 qua:
1681 2882 1748 2936 ad
1797 2883 2072 2939 hominem

2129 5639 2172 5670 "
2214 5642 2314 5696 lsa.
2349 5660 2457 5710 Lm,
2495 5645 2577 5698 l2.
2673 5649 2716 5677 ιε’
2740 5647 2893 5701 Joan.
2934 5661 3059 5710 xvn,
3085 5646 3134 5700 5.
