4066 6282
493 279 602 335 479

1505 279 1566 336 S.
1607 279 1881 335 CYRILLI
1919 279 2388 338 ALEXANDRINI
2425 281 2740 338 ABCIIIEP.

3641 277 3749 334 ‘80

488 408 698 465 suaque
722 398 938 470 natura,
961 393 1067 448 hoc
1107 398 1210 459 est,
1234 392 1335 449 Dei
1357 395 1535 451 Patris
1557 395 1823 461 Verbum,
1855 407 2079 467 propter

2240 399 2547 472 Κατῴκηκε
2591 399 2700 471 γὰρ
2745 399 2803 453 ὲν
2827 397 3054 472 Χριστῷ
3097 397 3207 452 πᾶν
3237 395 3299 450 τὸ
3346 393 3748 468 πλήρωμα⁴τῆς

488 483 716 538 ttnionis
745 483 1229 553 dispensationem,
1280 485 1336 539 in
1371 501 1591 541 carnem
1625 496 1776 556 puta,
1813 496 1978 556 atque
2016 487 2070 541 in

489 576 805 630 universam
823 576 1218 630 humanitatem
1239 585 1599 648 naturamque
1624 588 1886 644 nostram,
1908 580 2074 634 etiam

491 677 724 723 mortem
752 667 923 736 ipsam
943 667 1179 724 subiisse
1203 668 1320 723 visa
1343 679 1448 724 cst.
1478 669 1723 724 Dicimus
1754 671 1901 724 enim
1928 686 2076 724 mor-

493 771 646 814 tuum
677 757 972 826 pronobis,
1008 774 1118 825 non
1145 765 1325 814 tamen
1350 759 1404 813 in
1420 761 1643 830 propria
1679 761 1731 815 id
1754 776 2072 831 perpessum

491 857 707 901 natura.
734 847 982 902 Mortuus
1015 847 1164 903 enim
1209 866 1320 904 non
1347 861 1514 916 esset,
1541 868 1666 906 eum
1707 853 1780 908 sit
1805 853 1937 918 vita,
1975 854 2075 908 sed

493 936 644 990 carni
670 953 782 992 sua:
808 946 1039 993 mortem
1072 940 1226 1008 quasi
1278 936 1669 1012 appropria'vit.
1697 942 1833 997 Vide
1868 943 2072 1014 itaque,

495 1027 641 1097 quod
673 1027 718 1081 si
746 1027 924 1083 Moses
953 1043 1154 1098 aquam
1184 1029 1241 1084 in
1271 1036 1474 1084 terram
1516 1029 1821 1094 en‘udisset,
1862 1032 1918 1087 in
1947 1048 2074 1087 san-

496 1120 717 1190 guinem
751 1135 910 1175 versa
933 1136 1042 1174 non
1065 1127 1245 1185 esset;
1279 1121 1427 1190 quod
1451 1122 1799 1176 manifestum
1821 1131 1904 1178 est
1926 1139 2075 1178 mor-

498 1209 572 1261 tis
595 1207 878 1261 indieium.
913 1208 1153 1262 Verbum
1197 1208 1344 1262 enim
1367 1210 1463 1264 Dei
1499 1211 1653 1280 quasi
1675 1219 1830 1266 extra
1854 1228 2076 1268 carnem

497 1298 882 1360 constitutum,
931 1297 1044 1351 vita
1091 1307 1176 1352 est
1217 1306 1274 1352 et
1315 1298 1622 1354 viviﬁcans.
1665 1298 1806 1366 Quia
1843 1317 1978 1359 vero
2019 1302 2078 1357 in

498 1402 662 1440 carne
693 1385 980 1450 habitavit,
1005 1396 1296 1456 propterea
1324 1387 1612 1444 hominum
1647 1406 1801 1446 mone
1827 1399 2080 1447 mortuus

500 1475 725 1530 dicitur.
758 1475 1029 1531 Caeterum
1073 1477 1179 1531 hoc
1221 1492 1578 1548 permagnum
1621 1489 1786 1550 atque
1817 1482 2078 1537 eximium

500 1567 714 1636 signum
739 1573 842 1631 est,
879 1581 988 1636 quo
1011 1567 1167 1637 quasi
1200 1569 1304 1621 reti
1350 1569 1533 1638 aliquo
1566 1570 1635 1624 ad
1664 1570 1826 1626 ﬁdem
1867 1583 2078 1642 pertra-

501 1657 775 1711 hebantur
805 1657 1053 1725 reliquiae
1085 1657 1273 1720 Israel,
1300 1665 1356 1712 et
1383 1667 1684 1714 convocata
1719 1667 1804 1715 est
1834 1664 2080 1732 gentium

2175 489 2424 560 θεότητος
2469 490 2824 559 σωματικῶς·
2870 507 2888 541 ι
2929 489 3212 560 μονονουχὶ
3237 488 3296 540 δὲ
3340 489 3406 557 τῇ
3438 483 3751 555 ἀνθρωπεία

2177 584 2554 656 συνενήνεκται
2590 581 2770 650 φύσει,
2797 580 2892 634 καὶ
2925 580 3000 645 ὡς
3031 581 3132 634 οὐκ
3159 579 3224 632 ἂν
3255 576 3471 632 δύναιτό
3497 593 3582 638 τις
3610 576 3751 628 νοεῖν

2175 673 2208 744 ἢ
2245 674 2482 744 φράσαιο
2520 673 2659 744 πλὴν
2699 674 2780 735 εἰς
2829 667 2967 743 αἷμα
3005 670 3337 743 μετεποιήθη
3389 669 3452 722 τὸ
3480 668 3646 737 ὕδωρ.
3685 667 3751 719 Ἦ

2175 763 2283 834 γὰρ
2326 764 2468 818 κατά
2505 764 2666 832 φύσιν
2699 750 2835 834 ζώὴ,
2875 762 3172 825 τουτέστιν,
3202 763 3231 814 ό
3276 761 3340 812 ὲκ
3367 757 3503 812 Θεοῦ
3538 756 3754 827 Πατρὸς

2175 855 2366 922 Λόγος,
2399 854 2520 907 καθ’
2542 853 2735 907 ἕνωσιν
2760 853 3126 924 οἰκονομικὴν,
3164 851 3263 921 τὴν
3301 851 3376 914 ὡς
3407 848 3542 921 πρὸς
3575 847 3754 917 σάρκα

2179 944 2342 1014 φημὶ,
2391 944 2512 1012 ήτοι
2541 941 2677 1013 πρὸς
2703 942 3000 1013 ὁλόκληρον
3040 939 3436 1011 ἀνθρωπότητα
3460 935 3554 988 καὶ
3593 933 3755 1002 φύσιν

2177 1033 2275 1104 τὴν
2307 1034 2427 1087 καθ’
2455 1034 2626 1102 ἡμᾶς,
2670 1032 2765 1085 καὶ
2791 1033 2855 1085 ὲν
2877 1031 3092 1101 δοκήσει
3126 1029 3319 1097 γέγονε
3342 1025 3440 1080 τοῦ
3466 1025 3562 1078 καὶ
3593 1021 3756 1078 αὑτὸν

2179 1125 2476 1195 ἀνατλῆναι
2506 1124 2598 1176 τὸν
2622 1123 2871 1177 θάνατον.
2899 1121 3080 1192 Φαμὲν
3109 1119 3218 1190 γὰρ
3249 1118 3332 1171 ὅτι
3362 1115 3457 1170 καὶ
3485 1112 3757 1168 ἀπέθανεν

2181 1216 2324 1286 ὑπὲρ
2352 1215 2530 1285 ήμῶν,
2565 1214 2665 1267 οὐκ
2698 1215 2778 1276 είς
2819 1212 2956 1265 ίδίαν
2993 1209 3154 1280 φύσιν
3185 1207 3343 1262 τοῦτο
3374 1205 3534 1267 αὐτὸς
3567 1201 3758 1256 παθὼν

2183 1305 2430 1377 (τεθναίη
2447 1305 2555 1375 γὰρ
2573 1304 2732 1368 αὐτὸς
2753 1301 3032 1372 οὐδαμῶς,
3055 1299 3169 1372 ζωὴ
3193 1296 3498 1368 ὑπάρχων),
3517 1294 3651 1348 ἀλλά
3666 1293 3762 1345 τὸν

2181 1398 2282 1468 τῆς
2311 1397 2447 1460 ίδίας
2480 1395 2682 1467 σαρκὸς
2725 1392 3092 1463 οἰκειούμενος
3133 1391 3381 1445 θάνατον.
3419 1385 3610 1456 Ἀθρει
3646 1383 3760 1454 γὰρ

2182 1488 2352 1550 ὅπως,
2384 1487 2433 1538 εί
2469 1486 2544 1556 μὴ
2574 1485 2786 1554 ἐξέχεεν
2811 1486 2838 1537 ό
2884 1483 3092 1552 Μωσῆς
3115 1482 3177 1535 rb
3208 1480 3352 1549 ὓδωρ
3392 1479 3471 1541 εἰς
3505 1475 3602 1546 τὴν
3630 1474 3759 1544 γῆν,

2183 1578 2245 1630 ού
2286 1574 2618 1646 μετεποιήθη
2643 1576 2724 1636 είς
2749 1567 2890 1645 αἷμα
2910 1588 2925 1606 ο
2957 1573 3094 1642 ὅπερ
3113 1571 3260 1624 ἐστὶν
3285 1565 3510 1637 ἐναργὲς
3529 1563 3764 1616 θανάτου

2189 1667 2434 1736 σημεῖον.
2471 1663 2618 1727 Ἔξω
2669 1663 2766 1733 μὲν
2799 1662 2908 1733 γὰρ
2949 1661 3048 1730 τῆς
3082 1657 3285 1730 σαρκὸς
3321 1653 3607 1724 νοούμενος
3637 1653 3665 1703 ὁ
3697 1651 3767 1700 ὲκ

501 1747 815 1802 multitudo.
841 1747 976 1814 Quis
989 1748 1136 1802 enim
1154 1747 1380 1803 credere
1396 1748 1685 1815 detrectet,
1709 1761 1941 1807 mortem
1965 1771 2085 1824 quae

2205 1756 2321 1810 3cm":
2367 1756 2558 1823 Λόγος,
2607 1753 2721 1824 ζωὴ
2771 1753 2864 1806 καὶ
2923 1748 3183 1816 ζωοποιός
3237 1749 3406 1800 ἐστιν.
3457 1741 3675 1828 Ἐπειδὴ
3703 1738 3769 1828 δὲ

502 1835 832 1889 mortalibus
886 1835 1102 1905 pridem
1159 1836 1390 1890 molesta
1441 1846 1560 1892 erat
1613 1847 1778 1908 atque
1829 1841 2088 1912 infausta,

2189 1843 2511 1914 κατῴκηκεν
2538 1843 2596 1896 ὲν
2633 1841 2816 1910 σαρκὶ,
2847 1840 2968 1892 τότε
2997 1839 3084 1907 δὴ,
3121 1836 3243 1891 τότε
3271 1836 3367 1889 καὶ
3401 1827 3652 1886 τεθνάναι
3677 1827 3772 1879 λέ·

503 1939 736 1979 cernens
772 1924 1136 1990 debilitatam,
1169 1927 1580 1995 corruptionem
1631 1928 1892 1995 ablatam,
1927 1939 2093 2002 atque

2205 1951 2343 2003 roum
2372 1935 2514 1987 κατά
2546 1933 2608 1986 τὸ
2634 1929 2992 2001 ἀνθρώπινον.
3025 1927 3196 1982 Τοῦτο
3221 1926 3286 1997 δὴ
3311 1923 3496 1977 λοιπὸν
3523 1921 3586 1974 rb
3618 1917 3772 1981 ἐξαί-

506 2015 561 2069 in
588 2029 740 2084 spem
762 2013 886 2068 vita:
916 2016 1266 2084 sempiterna:
1284 2032 1458 2085 genus
1477 2016 1779 2071 humanum
1812 2021 2094 2074 erectum?

2205 2023 2306 2076 rtév
2345 2025 2459 2074 ἐστι
2505 2021 2601 2074 καὶ
2647 2019 2904 2088 διαφανὲς
2940 2019 3182 2087 σημεῖον,
3211 2014 3276 2068 δι’
3305 2006 3367 2066 οὗ
3404 2011 3500 2064 καὶ
3531 2008 3771 2074 σεσαγή-
3795 2043 3813 2050 -

505 2106 578 2163 Ut
596 2103 743 2157 enim
777 2104 1105 2157 commortui
1125 2119 1315 2158 sumus
1337 2103 1568 2168 Adamo,
1588 2105 1670 2159 sic
1697 2114 1902 2160 etcum
1930 2105 2092 2162 Chri-

2205 2131 2374 2168 Ieutat
2416 2113 2512 2183 μὲν
2555 2113 2636 2174 είς
2680 2111 2862 2164 πίστιν
2906 2109 2967 2162 τὸ
2995 2107 3346 2176 κατάλειμμα
3373 2100 3466 2156 τοῦ
3523 2097 3769 2170 Ἰσραὴλ.

507 2203 592 2246 sto
617 2193 839 2247 excitati
879 2208 1090 2256 sumus,
1130 2201 1190 2246 ut
1217 2200 1448 2248 testatur
1481 2202 1706 2249 sanctus
1726 2195 1928 2251 Paulus
1955 2197 2092 2251 scri-

2205 2202 2642 2272 συνεισκέκληται
2662 2203 2718 2255 δὲ
2747 2202 2842 2255 καὶ
2865 2200 3002 2271 αὐτὴ
3029 2199 3138 2252 τῶν
3169 2197 3337 2251 ἐθνῶν
3362 2197 3396 2266 ή
3423 2191 3650 2263 πληθύς.
3673 2189 3774 2250 Τίς

507 2283 642 2338 hens
673 2303 686 2337 :
719 2305 737 2336 ί
774 2285 926 2339 Sicut
963 2286 1018 2339 in
1056 2285 1230 2339 Adam
1259 2298 1451 2339 omnes
1495 2286 1797 2348 morimur,
1833 2285 1907 2340 ita
1952 2296 2009 2342 et
2043 2288 2096 2341 in

2205 2295 2303 2365 γὰρ
2346 2296 2446 2348 οὐκ
2483 2295 2549 2349 ἂν
2581 2293 2863 2366 μεταθεῖτο
2901 2293 3035 2363 πρὸς
3070 2289 3401 2352 εὐπείθειαν,
3433 2283 3777 2350 ὰτονὴσαντα

508 2373 732 2428 Christo
791 2389 985 2429 omnes
1043 2373 1536 2428 viviﬁcabimur”.
1576 2393 1594 2425 ι
1641 2374 1895 2431 Redemit
1949 2380 2098 2435 enim

2205 2384 2409 2453 βλέπων
2436 2385 2528 2439 τὸν
2551 2385 2718 2439 πάλαι
2747 2383 2917 2437 δεινὸν
2940 2382 3034 2435 καὶ
3057 2381 3381 2450 δυσάντητον
3405 2377 3516 2438 τοῖς
3548 2373 3640 2425 ἐπὶ
3669 2368 3777 2438 γῆς

511 2478 614 2517 nos
637 2465 901 2534 sanguine
929 2479 1049 2528 suo,
1076 2470 1132 2519 et
1156 2480 1256 2534 pro
1280 2464 1525 2519 omnium
1548 2465 1659 2520 vita
1690 2482 1846 2522 suam
1873 2469 1989 2539 ipse
2013 2471 2097 2524 vi-

2205 2473 2440 2539 Βάνατον,
2473 2475 2566 2528 καὶ
2599 2472 3026 2544 κατηργημένην
3059 2472 3158 2542 τὴν
3185 2467 3410 2538 φθορὰν,
3441 2467 3536 2520 καὶ
3575 2464 3658 2524 είς
3693 2460 3778 2513 έλ-

515 2563 625 2607 tam
660 2555 1062 2626 Oppigneravit.

2205 2563 2326 2618 πίδα
2375 2564 2519 2636 ζωῆς
2560 2565 2662 2633 τῆς
2705 2564 3064 2632 ἀτελευτήτου
3121 2561 3220 2632 τὴν
3273 2556 3560 2628 ἀνθρώπου
3610 2551 3782 2622 φύσιν

512 2645 918 2715 ἀνηνεγμένηνς
955 2646 1165 2717 Ὠσπερ
1187 2645 1296 2716 γὰρ
1336 2645 1776 2716 συναπεθάνομεν
1835 2646 1914 2717 τῷ
1968 2648 2159 2720 Ἀδὰμ,
2202 2653 2344 2707 οὕτω
2387 2654 2834 2726 συνεγηγέρμεθα
2873 2653 2952 2723 τῷ
3002 2649 3245 2724 Χριστῷ,
3293 2649 3387 2703 καὶ
3435 2644 3782 2718 μαρτυρήσει

514 2737 739 2807 γράφων
769 2739 897 2808 ἡμῖν
937 2739 966 2790 ὀ
995 2736 1278 2799 Θεσπέσιος
1306 2737 1539 2802 Παῦλος-
1574 2756 1591 2790 ι
1631 2739 1840 2809 Ὥσπερ
1909 2739 2014 2811 γὰρ
2055 2742 2113 2794 ὲν
2150 2744 2227 2813 τῷ
2285 2746 2456 2818 Ἀδὰμ
2499 2747 2696 2809 πάντες
2735 2746 3177 2816 ἀποθνήσκομεν,
3223 2740 3368 2795 οὓτω
3427 2737 3524 2793 καὶ
3569 2735 3628 2787 ὲν
3703 2731 3784 2801 τῷ

514 2825 735 2899 Χριστῷ
769 2828 969 2890 πάντες
1011 2827 1480 2897 ζωοποιησόμεθα.
1522 2847 1541 2880 ι
1610 2827 1930 2900 Ἐξεπρίατο
1985 2829 2092 2901 γὰρ
2130 2834 2277 2903 ἡμᾶς
2308 2837 2385 2908 τῷ
2450 2836 2564 2908 ἰδίῳ
2627 2837 2840 2907 αἵματι,
2869 2837 2964 2888 mi.
2993 2835 3096 2905 τῆς
3124 2832 3374 2887 ἁπάντων
3405 2826 3551 2896 ζωῆς
3582 2823 3783 2878 ἀντάλ-

513 2921 700 2990 λαγμα
724 2921 822 2992 τὴν
861 2919 1054 2974 ἑαυτοῦ
1092 2920 1235 2990 ζωὴν
1261 2923 1571 2993 ἐποιήσατο.
2506 2917 2511 2926 ’

585 3013 637 3065 5.
665 3011 771 3066 Sed
795 3026 1106 3080 quanquam
1137 3019 1244 3064 tam
1291 3012 1492 3066 eximia
1541 3020 1598 3065 et
1644 3011 1957 3066 veneranda
2005 3027 2098 3066 os-

2275 3018 2334 3063 ε’.
2391 3011 2550 3064 Ἀλλὰ
2583 3010 2760 3064 καίτοι
2851 3004 2960 3062 τῶν
3066 3006 3207 3062 οὕτω
3235 3005 3450 3059 σεπτῶν
3483 3021 3784 3076 τερατουρο

517 3111 664 3157 tenta
702 3102 914 3165 ﬁerent,
952 3110 1133 3156 tamen
1166 3101 1346 3156 adhuc
1372 3102 1588 3156 dubitat
1623 3103 1818 3167 Moses,
1845 3112 2104 3172 metuque

517 3191 855 3261 corripitur,
920 3191 1359 3260 legationemque
1422 3191 1713 3245 detrectat.
1766 3191 1900 3246 Cum
1957 3193 2106 3247 enim

520 3283 664 3338 Deus
687 3281 1032 3351 przeeiperet,
1063 3289 1122 3333 ut
1143 3280 1209 3334 ad
1242 3281 1585 3335 Pharaonem
1610 3283 1918 3348 accederet,
1945 3285 2107 3354 eique

521 3371 874 3425 annuntiaret
898 3377 958 3422 ut
998 3371 1259 3440 populum
1312 3371 1477 3426 Israel
1519 3371 1843 3437 dimitteret,
1875 3373 1968 3442 qui
2003 3373 2108 3428 sibi

523 3462 577 3514 in
610 3475 797 3512 eremo
839 3467 987 3513 esset
1015 3460 1460 3522 sacriﬁcaturus,
1502 3461 1795 3515 abhorruit
1833 3478 1860 3516 a
1893 3464 2110 3533 negotio

523 3565 632 3605 non
664 3549 1036 3614 mediocriter,
1060 3551 1348 3606 manifeste
1373 3553 1518 3620 quod
1538 3561 1684 3607 esset
1721 3569 1972 3609 sermone
1990 3571 2110 3609 mo-

524 3641 700 3707 dicus,
750 3650 806 3696 et
850 3641 1143 3696 obscuram
1192 3643 1426 3698 haberet
1460 3644 1755 3713 loquelam,
1789 3645 1868 3700 sic
1895 3640 2111 3702 c'ont‘es-

524 3750 618 3788 sus
649 3752 662 3787 :
707 3754 724 3784 ί
753 3734 871 3789 Non
904 3749 1046 3801 sum,
1083 3734 1192 3800 ait,
1232 3736 1498 3804 eloquens
1553 3736 1622 3790 ab
1660 3737 1780 3791 heri
1814 3747 1870 3792 et
1911 3739 2115 3794 nudius

527 3827 741 3889 tertius,
777 3834 832 3881 et
855 3843 921 3881 ex
946 3842 1055 3896 quo
1083 3827 1300 3881 locutus
1325 3842 1384 3881 es
1405 3827 1471 3882 ad
1499 3845 1716 3883 servum
1751 3837 1926 3894 tuum,
1955 3831 2116 3901 305

529 3917 898 3986 impeditioris
922 3924 979 3970 et
1010 3915 1266 3970 tardioris
1288 3916 1487 3988 lingua:
1509 3919 1710 3972 sum“.
1747 3939 1763 3971 ι
1795 3919 1936 3986 Quin
1977 3931 2032 3976 et
2057 3937 2116 3976 se

530 4009 709 4062 minus
739 4024 860 4064 esse
900 4023 1090 4078 parem
1134 4023 1298 4078 quam
1364 4017 1424 4062 ut
1465 4011 1727 4079 populum
1757 4027 1787 4065 a
1838 4013 2119 4067 servitutis

525 4105 655 4172 jugo
677 4102 912 4156 liberare
929 4109 1114 4170 queat,
1140 4116 1250 4155 non
1279 4101 1513 4156 obscure
1537 4103 1850 4171 profitetur,
1889 4104 2117 4163 dicens:

539 4209 556 4240 ι
587 4191 848 4256 Obsecro,
891 4191 1140 4253 Domine,
1189 4189 1345 4243 mitte
1397 4191 1563 4243 alium
1607 4199 1906 4258 potentem,
1957 4209 2120 4262 quem

533 4279 804 4333 missurus
846 4281 984 4333 es”.
1017 4300 1033 4330 ι
1065 4282 1176 4334 Deo
1207 4291 1389 4336 autem
1417 4283 1712 4352 pollicente
1756 4285 1998 4354 linguam
2039 4285 2116 4339 illi

534 4383 594 4425 se
619 4368 972 4433 daturum,et
1005 4385 1067 4422 os
1110 4369 1467 4426 dilataturum
1490 4413 1504 4436 ,
1550 4381 1606 4427 et
1641 4372 1786 4442 quod
1817 4374 1933 4444 ipse
1971 4383 2119 4430 esset

537 4460 688 4516 solus
727 4459 821 4529 qui
863 4460 1184 4528 sapientiam
1233 4469 1287 4516 et
1317 4463 1685 4533 eloquentiam
1710 4465 1940 4521 donaret
1971 4481 2121 4522 assc-

538 4559 690 4605 rente
711 4591 726 4613 ,
758 4549 932 4619 magis
959 4565 1016 4604 se
1040 4551 1358 4618 excusabat,
1390 4554 1666 4624 aliumque
1683 4556 1777 4624 qui
1809 4557 1982 4626 magis
2005 4554 2127 4608 istis

537 4643 788 4713 polleret,
817 4642 1077 4696 substitui
1124 4643 1326 4698 debere
1360 4644 1614 4711 dicebat;
1663 4647 1913 4717 adeoque
1949 4648 2123 4701 Deum

536 4749 648 4789 non
679 4733 875 4789 leviter
903 4733 1236 4788 oll‘endebat.
1266 4735 1585 4799 «Incensus,
1618 4736 2122 4806 inquitScriptura,

540 4824 620 4878 ira
656 4825 920 4880 Dominus
956 4824 1022 4878 ad
1058 4823 1240 4880 Mosen
1273 4825 1349 4878 ait
1387 4843 1400 4878 :
1435 4826 1624 4882 Nonne
1650 4827 1805 4883 vides
1847 4827 2117 4882 Aaronem

541 4915 765 4970 fratrem
797 4924 973 4982 tuum,
1015 4915 1303 4970 Levitam?
1338 4915 1464 4970 Seio
1495 4915 1642 4985 quod
1669 4918 1903 4986 loquens
1927 4917 2120 4986 loque-

541 5016 630 5062 tur
659 5023 758 5077 pro
775 5016 827 5062 te
849 5008 914 5061 δ’.
948 5027 966 5058 ι
1007 5009 1238 5077 Insuper
1291 5007 1369 5062 ait
1421 5025 1433 5060 :
1475 5026 1492 5058 ι
1529 5007 1630 5063 llic
1667 5024 1730 5063 os
1768 5009 1868 5063 tibi
1907 5009 2016 5075 sit;
2061 5016 2120 5063 tu

543 5113 670 5152 vero
689 5097 788 5168 ipsi
813 5098 868 5151 in
884 5098 970 5151 his
989 5114 1108 5167 qua:
1129 5098 1194 5152 ad
1211 5098 1381 5151 Deum
1407 5097 1687 5167 pertinent
1704 5097 1765 5150 “.
1781 5117 1798 5148 ι
1829 5097 1992 5152 Vides
2014 5105 2126 5152 tar-

543 5190 822 5259 diloquum
840 5190 1045 5259 lingua.
1063 5198 1119 5242 et
1134 5191 1302 5244 veluti
1320 5189 1706 5244 adumbratum
1727 5189 1782 5243 in
1810 5189 1940 5244 divo
1952 5187 2126 5243 Mose?

546 5276 654 5331 Nee
684 5278 831 5331 enim
853 5277 938 5332 lex
955 5277 1229 5333 suﬂiciens
1266 5279 1477 5333 eratad
1521 5279 1742 5334 oracula
1766 5278 2124 5339 enuntianda,

548 5382 648 5423 nec
674 5369 808 5423 satis
847 5368 1052 5424 diserta
1079 5378 1172 5422 aut
1213 5369 1496 5438 eloquens,
1545 5369 1612 5424 ad
1646 5377 1890 5424 exactam
1935 5383 2126 5423 eorum

549 5474 669 5528 qua:
705 5459 965 5515 salutaria
994 5469 1123 5514 sunt
1156 5459 1645 5515 commendandam
1689 5459 2126 5529 intelligentiam,

631 5658 672 5688 "
705 5658 879 5713 ICor.
915 5675 1001 5721 xv,
1059 5660 1145 5711 22.
1223 5663 1266 5692 ⁸ο
1294 5661 1464 5716 Exod.
1504 5677 1574 5725 tv,
1605 5661 1687 5724 l0,
1769 5661 1806 5690 “
1843 5657 1973 5711 ibid.
2025 5654 2103 5707 l5.

2148 4337 2194 4395 D

2186 5655 2225 5683 δ’
2258 5653 2392 5706 im.
2440 5652 2508 5719 tl,
2555 5649 2641 5704 15o

2207 3103 2471 3172 γημάτων
2521 3100 3040 3170 ὲκπεπερασμένων,
3076 3097 3226 3151 ἀλύει
3275 3096 3501 3166 Μωσῆς,
3549 3097 3784 3165 ἡττᾶται

2206 3193 2425 3256 δειλίας,
2472 3191 2622 3244 οὔπω
2666 3190 2974 3263 τεθάρρηκε
3020 3187 3119 3258 τὴν
3155 3186 3480 3256 ἀποστολήν.
3524 3185 3690 3238 ’ἰέναι
3724 3184 3788 3255 δὴ

2207 3283 2291 3335 ὅτι
2321 3283 2588 3352 προσήκει
2619 3281 2754 3351 πρὸς
2773 3279 2971 3352 Φαραὼ
2994 3278 3129 3332 Θεοῦ
3157 3278 3604 3348 προστάττοντος,
3627 3276 3788 3344 διαγ-

2211 3372 2470 3440 γελοῦντα
2491 3371 2674 3437 σαφῶς
2686 3372 2888 3424 ἀνεῖναι
2905 3371 2994 3424 τὸν
3026 3369 3278 3439 Ἰσραὴλ,
3293 3365 3523 3421 θύσοντά
3541 3385 3630 3437 μοι
3646 3367 3791 3420 κατὰ

2211 3461 2308 3532 τὴν
2347 3461 2553 3532 ἔρημον
2568 3479 2582 3494 ο
2604 3462 2980 3531 καταπέφρικε
3024 3460 3122 3530 μὲν
3144 3458 3203 3511 τὸ
3225 3457 3416 3527 χρῆμα
3435 3457 3496 3509 ού
3527 3456 3793 3526 μετρίως,

2213 3553 2512 3622 προσφέρει
2526 3569 2581 3605 τε
2594 3552 2767 3621 λέγων
2779 3552 3099 3621 ἀναφανδὸν,
3115 3551 3188 3614 ὡς
3204 3551 3290 3618 εἴη
3309 3548 3406 3618 μὲν
3423 3547 3692 3618 όμολογου
3701 3546 3796 3616 μέ-

2214 3657 2319 3704 νως
2347 3641 2526 3709 ὀλίγος
2555 3642 2633 3704 είς
2653 3641 2865 3710 λόγους,
2890 3640 2985 3694 καὶ
3007 3639 3335 3711 παράσημον
3355 3636 3469 3706 ἔχει
3497 3636 3596 3707 τὴν
3621 3634 3797 3704 γλῶτ-

2215 3747 2313 3784 ταν
2335 3748 2346 3760 ·
2376 3751 2393 3780 ι
2415 3730 2489 3783 Οὐ
2515 3730 2624 3801 γὰρ
2641 3730 2862 3794 εὖλαλός
2879 3733 2992 3801 εἰμι
3021 3730 3126 3801 πρὸ
3144 3733 3242 3801 τῆς
3261 3729 3410 3800 χθὲς,
3429 3729 3550 3783 οὐδὲ
3572 3729 3686 3798 πρὸ
3700 3727 3797 3796 τῆς

2217 3821 2405 3892 τρίτης
2425 3821 2661 3894 ἡμέρας,
2677 3822 2785 3876 οὐδ’
2816 3822 2908 3889 ἀφ’
2935 3815 2996 3875 οὗ
3023 3822 3174 3893 ήρξω
3191 3821 3373 3874 λαλεῖν
3397 3819 3476 3890 τῷ
3498 3816 3798 3889 θεράποντι

2220 3929 2334 3978 σου,
2354 3912 2680 3983 ἰσχνόφωνος
2696 3912 2791 3966 καὶ⁸
2809 3913 2838 3983 β
2846 3913 3225 3984 ραδύγλωσσος
3253 3913 3364 3980 ἐγώ
3385 3911 3521 3981 είμι.
3546 3929 3565 3962 ι
3585 3911 3718 3962 Ὀτι
3736 3908 3800 3978 δὴ

2221 4002 2316 4056 καὶ
2355 4002 2624 4066 ἀνικάνως
2662 4002 2774 4074 ἔχει
2821 4002 2957 4074 πρὸς
2983 4002 3249 4075 λύτρωσιν
3280 4001 3386 4055 τῶν
3431 4000 3803 4054 ὑποδουλείων

2221 4093 2423 4162 ζυγῶν,
2463 4093 2825 4148 διεὸεὸαιοῦτο
2879 4094 3084 4162 σαφῶς,
3122 4093 3328 4162 ἔφασκέ
3361 4109 3451 4146 τε⁸
3501 4109 3520 4143 ι
3566 4088 3798 4160 Δέομαι,

2224 4186 2416 4256 Κύριε,
2450 4185 2794 4257 προχείρισαι
2816 4184 2972 4239 ἄλλον
2996 4184 3312 4255 δυνάμενον,
3333 4184 3390 4236 ὃν
3409 4181 3794 4248 ἀποστελεῖς.)

2225 4275 2542 4345 Χαριεῖσθαι
2578 4274 2634 4327 δὲ
2661 4275 2755 4328 καὶ
2787 4273 3030 4342 γλῶτταν
3077 4273 3224 4344 αὐτῷ
3255 4274 3350 4327 καὶ
3393 4275 3564 4342 στόμα
3594 4287 3796 4324 κατευο

2222 4364 2402 4434 ρύνειν
2430 4363 2859 4434 ὑπισχνουμένου
2876 4363 3034 4429 Θεοῦ,
3067 4365 3163 4417 καὶ
3195 4365 3266 4428 ὡς
3299 4363 3460 4426 αὐτὸς
3488 4362 3575 4432 εἴη
3605 4362 3797 4428 λέγον·

2221 4472 2311 4519 τος
2344 4458 2372 4508 ὁ
2412 4455 2601 4523 σοφίας
2639 4455 2732 4508 καὶ
2773 4454 2933 4522 λόγου
2963 4455 3148 4527 δοτὴρ,
3192 4454 3534 4526 μακροτέραν
3561 4454 3802 4516 ἐποιεῖτο

2221 4546 2318 4614 τὴν
2346 4547 2700 4617 παραίτησιν,
2726 4545 2913 4616 ἕτερον
2942 4546 3138 4617 χρῆναι
3167 4547 3342 4614 λέγων
3380 4541 3800 4598 ἀναδείκνυσθαι

2221 4635 2310 4688 τὸν
2339 4636 2651 4705 δυνάμενον.
2685 4637 3022 4708 Προσκρούει
3045 4637 3110 4706 δὴ
3141 4632 3234 4690 οὖν
3262 4637 3436 4708 ταύτῃ
3455 4633 3595 4704 θεῷ.
3625 4652 3646 4684 ι
3691 4632 3804 4684 Καὶ

2222 4724 2491 4796 θυμωθεὶς
2514 4727 2640 4798 γὰρ,
2661 4729 2843 4797 φησὶν,
2874 4728 3011 4798 ὀργῇ
3041 4726 3244 4798 Κύριος
3273 4727 3366 4780 ἐπὶ
3385 4725 3588 4794 Μωσῆν
3621 4720 3800 4776 εἶπεν·

2221 4822 2333 4875 Ούγ
2350 4822 2458 4875 ἰδοὺ
2489 4820 2695 4893 Ἀαρὼν
2717 4823 2746 4874 ὁ
2765 4820 2990 4888 ἀδελφός
3014 4837 3106 4872 σου
3129 4821 3157 4872 ὁ
3179 4819 3438 4887 Λευίτης
3467 4815 3804 4882 Ἐπίσταμαι

2221 4911 2304 4964 ὅτι
2350 4909 2527 4964 λαλῶν
2562 4910 2786 4982 λαλήσει
2822 4910 2984 4973 αὑτός
3013 4927 3116 4962 σοι.
3157 4929 3175 4959 ι
3216 4909 3326 4962 Καὶ
3363 4907 3498 4978 πρός
3535 4922 3597 4974 γε
3642 4902 3808 4957 τοῦτό

2225 5017 2411 5071 φησιν,
2442 5001 2525 5053 ὅτι
2552 5020 2570 5053 ι
2601 5001 2772 5065 Αὐτὸς
2801 5001 2953 5055 ἔσται
2979 5018 3071 5054 σου
3107 5001 3308 5070 στόμα·
3344 5000 3407 5052 σὺ
3440 4997 3497 5052 δὲ
3525 4996 3678 5066 αύτῷ
3706 4996 3807 5064 ἔσῃ

2224 5094 2291 5148 τὰ
2321 5093 2458 5165 πρὸς
2477 5092 2568 5146 τὸν
2605 5092 2756 5146 Θεόν.
2797 5111 2813 5144 ι
2861 5092 3019 5161 Ὁρᾷς
3053 5090 3113 5144 τὸ
3149 5089 3560 5160 βραδύγλωσσον
3585 5087 3687 5141 τοῦ
3719 5086 3818 5138 λό-.

2225 5201 2322 5252 γου
2350 5183 2446 5237 καὶ
2480 5182 2647 5236 πάλαι
2680 5180 3186 5252 σκιαγραφούμενον
3209 5181 3284 5244 ὡς
3315 5180 3371 5233 ἓν
3399 5197 3463 5248 γε
3493 5179 3566 5250 τῷ
3603 5179 3808 5231 θεσπε-

2229 5277 2328 5344 σίῳ
2360 5275 2570 5344 Μωσῇς
2605 5272 2680 5326 Οὐ
2715 5270 2824 5341 γὰρ
2864 5271 3046 5334 ίκανὺς
3072 5273 3100 5324 ὁ
3147 5271 3310 5341 νόμος
3345 5271 3424 5332 εἰς
3459 5266 3808 5336 ἀπαγγελίαν

2228 5359 2336 5410 τῶν
2375 5355 2890 5428 χρησμῳδημάτων,
2937 5355 3062 5408 οὗτε
3111 5356 3216 5426 μὴν
3255 5354 3608 5425 ἀριστοεπὴς,
3644 5354 3680 5422 ἢ
3720 5349 3810 5403 εύ-

2229 5444 2484 5520 γλωττος,
2513 5446 2700 5518 εἱς[τδ]
2719 5446 2923 5518 ἀκριϐῆ
2952 5447 3044 5500 τοῦ
3070 5448 3437 5519 συμφέροντος
3475 5444 3809 5515 παραθεῖναι

2714 5652 2758 5682 ⁸³
2787 5651 2921 5706 ibid.
2960 5654 3040 5709 16.
