4066 6282
365 321 457 380 ιθι
1339 326 1861 386 GLAPHYRORUM
1903 330 1971 384 IN
2010 327 2296 387 EXODUM
2337 330 2464 386 LIB.
2505 334 2569 388 ﬂ.
3507 347 3614 400 482

362 446 456 491 rrv
504 436 724 532 γνῶσιν,
775 442 1023 514 καθάπερ
1057 441 1249 513 ἀμέλει
1289 444 1317 496 6
1348 445 1606 515 Χριστὸς,
1651 449 1680 500 6
1726 448 1909 519 άληθῶ

2012 496 2016 508 ,
2042 446 2187 503 sicut
2206 447 2460 506 Christus
2503 467 2671 507 verus
2697 453 2788 509 ille
2815 453 3004 510 Levita
3040 457 3198 528 cujus
3229 467 3420 530 typum
3445 465 3612 532 gessit

362 527 615 610 lla-utrm,
651 524 710 584 οὗ
736 533 828 586 καὶ
859 537 939 596 είς
968 534 1131 587 τύπον
1167 533 1396 606 Ἀαρών.
1434 537 1493 589 '0
1522 539 1620 607 μὲν
1649 539 1753 609 γὰρ
1778 539 1910 610 νόμο

2040 534 2242 591 Aaron.
2288 537 2400 594 Lex
2426 542 2630 595 etenim
2662 543 2894 599 Mosaica
2937 546 3026 599 vix
3060 547 3128 600 ad
3159 524 3472 605 divinorum
3497 569 3610 606 sen-

361 597 496 672 66’16
519 597 782 688 Μωσέως,
817 627 897 688 είς
925 622 1099 697 ἀρχάξ
1131 597 1396 698 arrogo-{pst
1427 597 1579 698 μόλις
1604 597 1907 698 risv-lovis»

2038 641 2260 680 menum
2287 627 2538 696 perducit
2566 631 2866 698 primordia
2900 651 2911 685 :
2943 637 3074 703 quin
3099 637 3282 706 potius
3319 638 3609 693 imbecilli-

360 709 450 761 τοῦ
478 708 633 776 Θεοῦ,
664 714 757 764 καί⁵
778 716 1041 784 στοιχεῖόν
1077 717 1194 768 ἐστι
1223 718 1340 780 τοῖς
1381 717 1593 787 νηπίοις
1616 719 1933 789 εἰσηγητὴς,

359 800 652 871 παιδευτὴς
673 803 943 874 ἀφρόνων,
972 807 1061 860 διά
1092 807 1266 860 τύπου
1307 807 1400 860 καὶ
1425 809 1586 872 σκιᾶς
1628 809 1935 880 ἀμυδροτά-

357 908 454 960 την
494 894 627 962 ἡμῖν
672 895 998 966 είσκομίζων
1029 898 1184 967 μόλις
1206 898 1313 951 τῶν
1345 900 1635 970 πρακτέων
1657 901 1756 970 τὴν
1788 901 1932 970 εἴδη-

357 997 459 1032 σιν.
507 981 562 1035 '0
591 982 649 1034 δὲ
686 983 899 1054 ἀληθῶς
921 987 1230 1050 ίκανότατος
1253 989 1346 1042 καὶ
1374 989 1546 1058 μέγας
1568 989 1724 1060 ήμῶν
1753 992 1931 1056 ἱερεὺς

358 1070 448 1121 καὶ
478 1071 700 1135 δυνατὸς
725 1075 805 1136 εἰς
842 1075 1164 1148 ἀποστολὴν,
1200 1077 1443 1131 τουτέστι
1470 1079 1724 1150 Χριστὸς,
1760 1097 1931 1134 κατα-

356 1162 706 1229 σκιασμάτων
738 1163 1166 1236 ἀπηλλαγμένην
1207 1167 1492 1238 παρέδειξε
1521 1167 1618 1239 τὴν
1647 1169 1926 1238 ἀλήθειαν.

351 1253 424 1304 Ού
457 1253 565 1322 γάρ
596 1253 710 1305 ἐστι
752 1253 949 1324 βραδὺς
979 1256 1011 1327 ἢ
1041 1258 1272 1327 ὀκνηρὸς
1297 1259 1397 1329 τὴν
1419 1259 1687 1328 γλῶτταν,
1729 1260 1761 1330 ἢ
1789 1260 1926 1330 βραο

349 1339 447 1407 χὺς
482 1341 605 1402 τοὺς
644 1340 838 1408 λόγους
870 1344 1009 1396 κατά
1047 1346 1272 1408 Μωσέα,
1301 1347 1435 1400 πολὺ
1472 1348 1530 1401 δὲ
1556 1347 1674 1402 λίαν
1703 1349 1922 1420 εὐεπὴς,

350 1428 442 1479 καὶ
476 1428 714 1499 μάλιστα
751 1431 826 1494 ὡς
856 1433 1048 1500 σοφίας
1077 1435 1246 1504 Λόγος
1270 1436 1363 1490 τοῦ
1393 1438 1527 1491 Θεοῦ
1561 1441 1655 1492 καὶ
1687 1441 1920 1510 Πατρός.

348 1517 458 1570 Θέα
491 1519 568 1582 δὲ,
604 1520 724 1582 πῶς
754 1523 852 1592 οὐχ
885 1524 1068 1588 ἱκανὸς
1089 1526 1187 1595 μὲν
1213 1530 1240 1580 6
1272 1529 1431 1597 νόμος
1457 1533 1534 1593 είς
1560 1532 1618 1583 τὸ
1647 1530 1922 1595 ἐξελέσθαι

348 1605 594 1672 δουλείας
636 1612 763 1674 τοὺς
815 1613 917 1666 ὑπὸ
967 1614 1046 1684 τῷ
1099 1617 1272 1687 νοητῷ
1316 1621 1650 1690 πράττοντας
1696 1623 1917 1692 Φαραὼ,

351 1697 601 1752 τουτέστι
629 1699 706 1769 τῷ
740 1702 970 1775 Σατανᾷ,
999 1706 1104 1759 οὐδ’
1133 1707 1200 1762 ἂν
1231 1709 1507 1779 ὠφελῆσαί
1543 1730 1595 1766 τι
1632 1715 1728 1784 τὴν
1761 1715 1864 1784 γῆν
1893 1718 1922 1768 6

2037 719 2140 772 bus
2193 726 2356 788 atque
2391 719 2692 775 infantibus
2725 723 2882 791 quasi
2944 725 3339 793 rudimentum,
3384 729 3610 786 stolido-

2035 825 2267 878 rumque
2312 810 2569 879 magistra
2601 820 2686 866 est
2725 813 2780 866 in
2813 814 3005 884 figura,
3041 825 3205 886 atque
3237 833 3335 888 per
3355 820 3607 874 umbram

2031 899 2476 956 obscurissimam
2508 918 2648 972 :egre
2693 903 2929 960 allen-ns
2971 921 3162 961 eorum
3208 925 3330 978 qua:
3375 913 3604 980 agenda,

2029 992 2300 1046 notitiam.
2339 994 2409 1045 At
2433 994 2666 1048 maxime
2710 995 2940 1051 idoneus
2977 1013 3312 1069 magnusque
3352 1003 3609 1058 sacerdos

2027 1089 2238 1146 noster,
2267 1091 2324 1137 et
2355 1083 2449 1152 qui
2475 1084 2746 1154 legatione
2774 1101 2937 1155 quam
2967 1089 3172 1156 optime
3211 1089 3364 1161 fungi
3403 1098 3604 1160 potest,

2025 1171 2278 1228 Christus
2303 1173 2579 1240 videlicet,
2611 1176 2899 1230 veritatem
2932 1179 3143 1232 umbris
3168 1187 3327 1234 antea
3349 1181 3603 1250 designa-

2029 1268 2137 1313 tam
2165 1261 2506 1318 manifestam
2529 1263 2801 1319 exhibuit.
2837 1265 2954 1320 Non
2989 1267 3138 1321 enim
3163 1277 3248 1321 est
3288 1269 3475 1323 tardus
3501 1271 3605 1324 lin-

2024 1367 2150 1421 gua,
2178 1362 2273 1406 aut
2300 1353 2616 1423 impeditus,
2651 1366 2746 1410 aut
2792 1372 3046 1412 sermone
3078 1358 3284 1422 brevis,
3338 1367 3399 1413 ut
3427 1360 3606 1415 Moses

2022 1453 2176 1508 erat;
2215 1444 2347 1514 quin
2392 1447 2576 1516 potius
2624 1462 2876 1502 sermone
2919 1450 3154 1504 maxime
3211 1448 3498 1515 facundus,
3543 1459 3604 1505 ut

2026 1535 2260 1588 Verbum
2288 1537 2567 1605 sapientia:
2601 1537 2695 1591 Dei
2720 1553 2784 1591 ac
2815 1539 3009 1592 Patris.
3042 1539 3147 1592 Sed
3185 1539 3426 1604 attende,
3451 1557 3601 1610 qua:-

2021 1639 2102 1687 so,
2129 1639 2294 1694 quam
2318 1626 2402 1680 lex
2424 1626 2650 1680 minime
2671 1625 2901 1680 sufﬁciat
2921 1629 2990 1681 ad
3023 1629 3376 1684 eximendum
3412 1647 3442 1685 a
3483 1647 3600 1686 ser—

2022 1714 2193 1772 vitute
2243 1717 2448 1786 eosqui
2477 1717 2580 1772 sub
2617 1719 2890 1788 spirituali
2914 1719 3218 1784 Pharaone,
3254 1722 3356 1778 hoc
3388 1733 3473 1776 est
3499 1723 3599 1776 Sa-

356 1788 643 1854 θεσπέσιος
673 1793 896 1865 Μωσῆς,
923 1797 1100 1850 καίτοι
1127 1799 1554 1871 διαφανεστάτην
1587 1805 1672 1856 ἐπ’
1701 1807 1910 1874 ἀρεταῖς

2028 1813 2174 1868 tana,
2215 1815 2506 1860 versantur
2534 1825 2547 1860 :
2575 1777 2752 1877 neque
2796 1809 2972 1877 prosit
3017 1808 3316 1878 quidquam
3365 1812 3419 1863 in
3453 1820 3600 1864 terra

353 1877 454 1947 τὴν
489 1879 648 1944 δόξαν
672 1881 808 1938 ἐλὼν
829 1925 844 1949 ,
877 1887 952 1958 μὴ
992 1888 1111 1958 οὐχὶ
1140 1893 1388 1956 συνόντος
1415 1910 1472 1946 τε
1501 1893 1650 1963 αὐτῷ
1688 1897 1779 1948 καὶ
1826 1899 1923 1949 ἐπ-

349 1969 652 2037 αμύνοντος
692 1975 786 2028 τοῦ
821 1978 1079 2046 Χριστοῦ.
1123 1981 1293 2035 Τοῦτο
1321 1983 1364 2036 δ’
1398 1983 1462 2037 ἂν
1497 1985 1687 2053 μάθοις
1725 1981 1827 2040 ὧδέ
1864 2006 1920 2041 τε

344 2055 492 2146 ἔχειν
517 2062 618 2146 καὶ
652 2061 901 2131 ἀψευδῶς
948 2067 1200 2137 εἰρῆσθαι
1233 2069 1328 2139 ἀφ’
1370 2072 1524 2142 ἡμῶν
1564 2073 1650 2126 διὰ
1685 2075 1743 2127 τὸ
1783 2093 1920 2146 παρ-

339 2143 597 2233 εζεῦχθαι
626 2149 717 2201 τὸν
756 2151 983 2222 Ἀαρών.
1023 2155 1133 2207 Kal
1169 2155 1468 2226 διαλέγεται
1500 2161 1600 2230 μὲν
1637 2162 1664 2214 ό
1692 2143 1914 2233 Μωσῆς,

339 2232 620 2301 διατρανοί
642 2237 698 2290 δὲ
742 2239 830 2292 τὸν
880 2240 1034 2310 λόγον
1075 2244 1393 2313 ’Δαρών.Εε
1435 2247 1510 2318 μή
1544 2248 1650 2318 γὰρ
1699 2232 1914 2322 νοηθείη

341 2328 731 2395 πνευματικῶς
775 2331 803 2382 ό
845 2331 1029 2400 νόμος,
1068 2334 1542 2402 ἀποκαλύπτοντος
1584 2342 1716 2410 ήμῖν
1761 2342 1830 2395 τὰ
1857 2345 1915 2395 ὲν

341 2415 486 2488 αὐτῷ
512 2418 605 2471 τοῦ
636 2421 896 2492 Χριστοῦ,
942 2426 1211 2478 σκοτεινὸν
1245 2428 1339 2480 καὶ
1386 2431 1706 2500 ἀσυμφανὲς
1761 2433 1914 2487 ἔσται

339 2508 447 2569 τοῖς
475 2508 848 2582 ἀκροωμένοις
886 2515 947 2566 τὸ
975 2516 1320 2588 δηλούμενον.
1345 2521 1472 2576 Καὶ
1499 2523 1633 2590 γοῦν
1670 2525 1912 2579 Ἰουδαῖοι

337 2595 426 2648 τὸν
451 2597 877 2669 διερμηνεύοντα
899 2605 968 2658 τὰ
999 2608 1239 2672 Μωσέως
1270 2610 1369 2662 οὐκ
1401 2612 1633 2682 ἔχοντες,
1664 2616 1911 2668 τουτέστι

336 2683 425 2740 τδν
473 2689 730 2759 Χριστὸν,
776 2695 1267 2769 ἀπομεμενήκασιν
1315 2701 1565 2771 ἀμαθεῖς.
1624 2707 1912 2778 Τοιγάρτοι

341 2779 432 2832 καὶ
478 2779 721 2850 ἔφασκεν
748 2785 777 2835 6
821 2784 1102 2851 θεσπέσιος
1133 2790 1345 2855 Παῦλος
1365 2808 1379 2823 ο
1426 2812 1444 2845 ι
1483 2796 1644 2865 Ἀχρι
1673 2796 1782 2866 γὰρ
1811 2798 1910 2868 τῆς

338 2871 573 2943 σήμερον
603 2873 708 2943 ἠμέ
720 2891 836 2943 ρας,
857 2878 918 2930 τὸ
942 2879 1070 2932 αὐτὸ
1100 2881 1364 2953 κάλυμμα
1398 2885 1491 2937 ἐπὶ
1518 2889 1581 2956 τῇ
1605 2886 1910 2955 ἀναγνώσει

335 2961 431 3032 τῆς
462 2962 707 3028 Παλαιᾶς
753 2967 1022 3040 Διαθήκης
1068 2972 1218 3040 μένει
1260 2974 1334 3044 μὴ
1374 2976 1906 3048 ἀνακαλυπτόμενον,

2026 1895 2244 1950 divinus
2274 1897 2481 1962 Moses,
2512 1915 2690 1969 neque
2717 1901 2952 1954 maxima
2982 1900 3039 1953 in
3076 1900 3376 1955 virtutibus
3400 1903 3596 1972 gloria,

2025 1986 2126 2040 nisi
2156 1987 2300 2042 adsit
2324 1995 2379 2042 et
2395 1989 2691 2044 auxilietur
2717 1988 2988 2045 Christus.
3015 1989 3076 2044 Id
3097 2004 3230 2044 vero
3259 2006 3451 2044 verum
3473 2006 3595 2044 esse

2022 2094 2262 2148 vereque
2314 2094 2346 2134 a
2383 2080 2545 2134 nobis
2581 2081 2810 2146 dictum,
2870 2081 2956 2137 vel
2985 2098 3052 2137 ex
3085 2097 3152 2136 eo
3183 2082 3301 2152 ipse
3324 2082 3596 2152 conjicere

2021 2177 2197 2234 potes,
2235 2169 2383 2238 quod
2411 2169 2595 2225 Aaron
2627 2172 3012 2243 conjungatur.
3067 2173 3136 2226 Et
3168 2172 3344 2226 Moses
3373 2173 3595 2242 quidem

2020 2272 2109 2312 res
2132 2257 2350 2328 ingenio
2405 2276 2506 2315 suo
2548 2261 2736 2316 divino
2785 2270 3205 2327 commentatur,
3251 2262 3432 2317 Aaron
3463 2278 3596 2317 vero

2017 2349 2238 2404 easdem
2284 2350 2431 2420 ipsas
2481 2353 2728 2422 profert,
2779 2362 2836 2408 et
2875 2369 3128 2410 sermone
3175 2355 3448 2424 explanat.
3477 2355 3594 2409 Nisi

2015 2442 2165 2496 enim
2212 2443 2571 2512 spiritualiter
2592 2445 2679 2500 lex
2712 2445 3072 2516 intelligatur,
3106 2445 3384 2500 revelante
3434 2444 3594 2499 nobis

2015 2530 2253 2598 Christo,
2281 2549 2403 2604 quae
2428 2535 2482 2589 in
2507 2549 2571 2590 ea
2594 2535 2785 2601 latent,
2816 2537 3111 2592 obscurum
3143 2536 3276 2606 quid
3315 2546 3480 2606 atque
3511 2536 3594 2590 in-

2016 2624 2271 2679 tricatum
2319 2627 2425 2681 erit
2477 2626 2832 2682 audientibus
2883 2628 2938 2682 id
2980 2626 3126 2696 quod
3145 2625 3498 2696 significatur.
3525 2625 3594 2679 Et

2012 2715 2456 2785 quandoquidem
2473 2717 2642 2772 Judaei
2671 2758 2686 2782 ,
2728 2718 2822 2788 qui
2856 2715 3041 2773 Mosen
3066 2718 3414 2786 explanaret,
3460 2724 3592 2784 puta

2009 2805 2176 2875 306
2201 2805 2502 2872 Christum,
2524 2823 2635 2862 non
2659 2807 2926 2862 haberent
2945 2847 2960 2872 ,
2999 2806 3163 2860 rudes
3210 2815 3375 2874 atque
3415 2804 3589 2872 ignari

2010 2897 2400 2964 perdurarunt.
2443 2897 2598 2963 Quod
2643 2906 2698 2952 et
2731 2898 2930 2952 Paulus
2980 2897 3069 2951 ille
3114 2910 3267 2949 sacer
3309 2893 3587 2963 protulit:

2019 3005 2035 3036 ι
2075 2986 2257 3055 Usque
2282 2988 2339 3041 in
2374 2987 2702 3042 hodiernum
2740 2987 2886 3041 diem
2918 2984 2975 3039 id
3001 2987 3179 3055 ipsum
3216 2985 3486 3050 velamen,
3532 2985 3587 3039 in

332 3049 412 3103 ὅτι
438 3052 495 3104 ὲν
525 3054 746 3126 Χριστῷ
773 3062 1150 3128 καταργεῖται.
1185 3062 1322 3118 Ἀλλ’
1350 3064 1453 3126 ἕως
1475 3067 1712 3135 σήμερον
1745 3068 1907 3137 ἡνίκα

2012 3076 2247 3130 lectione
2285 3077 2498 3132 Veteris
2533 3076 2867 3132 Testameuti
2888 3084 3074 3131 manet
3117 3092 3229 3132 non
3264 3077 3585 3142 revelatum,

331 3145 764 3213 ἀναγινώσκεται
812 3150 1042 3220 Μωσῆς,
1083 3152 1348 3223 κάλυμμα
1387 3154 1479 3206 ἐπὶ
1524 3156 1623 3226 τὴν
1679 3157 1906 3227 καρδίαν

2012 3165 2270 3234 quoniam
2299 3165 2356 3220 in
2405 3167 2626 3222 Christo
2665 3177 2983 3223 evacuatur.
3026 3167 3134 3222 Sed
3180 3183 3353 3237 usque
3387 3168 3444 3222 in
3485 3168 3586 3224 ho-

332 3237 508 3291 αὒτῶν
534 3241 730 3292 κεῖται.
775 3240 966 3295 Ἠνίκα
985 3242 1042 3295 δὲ
1065 3242 1161 3297 ἐὰν
1188 3244 1493 3316 ἐπιστρέψῃ
1515 3245 1652 3316 πρὸς
1680 3245 1904 3317 Κύριον.

333 3332 698 3400 περιαιρεῖται
733 3330 794 3383 τὸ
835 3332 1123 3403 κάλυμμα.
1169 3333 1230 3387 '0
1262 3334 1319 3387 δὲ
1356 3335 1556 3408 Κύριος
1583 3336 1645 3389 τὸ
1690 3337 1907 3408 πνεῦμά

329 3421 466 3486 ἐστι,
510 3416 571 3473 οὗ
604 3420 660 3472 δὲ
707 3421 768 3473 τὸ
818 3422 1034 3494 πνεῦμα
1076 3424 1307 3496 Κυρίου,
1361 3426 1478 3480 ἐκεῖ
1521 3426 1820 3499 ἐλευθερία.
1879 3446 1898 3480 ι

340 3509 546 3578 Ὀρθῶς
576 3508 668 3565 οῦν
695 3511 933 3582 ἔφασκεν
960 3517 987 3568 6
1019 3516 1126 3570 τῶν
1147 3517 1282 3572 ὅλων
1305 3518 1435 3581 Θεὸς
1472 3519 1608 3592 πρὸς
1637 3520 1726 3574 τὸν
1765 3523 1905 3592 ἱερο-

325 3603 536 3671 φάντην
567 3603 774 3657 Μωσέα
802 3606 927 3675 περὶ
959 3605 1052 3658 τοῦ
1095 3606 1304 3678 Ἀαρὼν
1323 3611 1436 3674 ,ὅτι
1465 3629 1484 3662 ι
1518 3610 1707 3664 Λαλῶν
1741 3611 1902 3683 λαλή-

325 3709 409 3745 σει
436 3693 600 3756 αὑτός
619 3711 722 3761 σοι,
745 3697 840 3749 καὶ
869 3697 1028 3760 αὐτὸς
1050 3697 1201 3752 ἔσται
1229 3716 1322 3752 σου
1356 3702 1530 3772 στόμα
1551 3719 1564 3734 ο
1582 3703 1647 3756 σὺ
1674 3702 1728 3754 δὲ
1755 3704 1903 3774 αὐτῷ

322 3785 391 3836 τὰ
431 3785 570 3855 πρὸς
603 3785 693 3838 τὸν
739 3785 891 3840 Θεόν.
923 3811 942 3844 ι
997 3791 1107 3843 Καὶ
1140 3791 1202 3843 οὐ
1240 3793 1414 3864 δήπου
1466 3795 1644 3864 φαμὲν
1670 3795 1750 3847 ὅτι
1784 3795 1903 3866 Θεῷ

327 3877 754 3947 προσεχέστερον
788 3881 880 3932 καὶ
917 3880 1116 3949 μᾶλλον
1164 3885 1332 3952 ἐγγὺς
1379 3888 1533 3954 παρά
1561 3886 1652 3938 τὸν
1697 3887 1904 3954 Ἐμμα-

328 3967 489 4036 νουὴλ
525 3970 552 4020 6
582 3969 808 4039 Μωσῆς.
850 3970 907 4023 '0
935 3973 1031 4042 μὲν
1063 3973 1171 4044 γάρ
1205 3976 1352 4028 ἐστιν
1397 3975 1522 4038 Υἱὸς
1553 3975 1646 4027 καὶ
1676 3977 1738 4027 ἐκ
1767 3975 1900 4027 θεοῦ

323 4059 542 4130 Πατρὺς
570 4061 712 4113 κατὰ
740 4061 922 4130 φύσιν,
952 4066 980 4116 6
1008 4065 1063 4116 δὲ
1095 4065 1212 4134 μεθ’
1244 4066 1398 4136 ἡμῶν
1423 4068 1480 4119 ὲν
1515 4065 1774 4129 οἰκέταις,
1799 4066 1901 4119 κᾶν

323 4152 372 4202 εί
404 4151 621 4203 καλοῖτο
645 4153 885 4223 γνήσιος.
911 4155 1069 4206 Δοκεὶ¹
1089 4154 1145 4206 δέ
1177 4173 1291 4218 πως
1319 4155 1642 4226 γεγενῆσθαι
1669 4155 1736 4208 τά
1767 4157 1902 4226 πρὸς

322 4243 416 4296 τὸν
443 4242 578 4295 Θεὸν
619 4241 788 4314 αὐτῷ.
825 4246 1216 4316 Κεχρημάτικε
1255 4248 1362 4316 γὰρ
1392 4247 1494 4299 ὑπὸ
1518 4247 1682 4316 νόμου
1710 4246 1784 4309 ὼς
1809 4248 1901 4301 ἀν-

320 4333 541 4404 θρωπος
563 4335 592 4386 6
622 4334 875 4404 Χριστὸς,
898 4337 991 4390 καὶ
1019 4339 1290 4409 τετήρηκε
1317 4338 1387 4392 τὰ
1424 4339 1691 4402 Μωσέως.
1739 4340 1900 4409 Περι-

2007 3257 2263 3312 diernum
2289 3259 2436 3314 diem
2456 3274 2581 3314 cum
2601 3259 2800 3330 legitur
2824 3259 3022 3324 Moses,
3063 3259 3314 3314 velamen
3348 3259 3586 3330 positum

2006 3357 2092 3404 est
2116 3365 2283 3420 super
2317 3366 2413 3406 cor
2454 3365 2666 3406 eorum.
2709 3350 2845 3406 Cum
2871 3358 3056 3406 autem
3085 3365 3383 3406 conversus
3417 3349 3587 3406 fuerit

2005 3439 2072 3494 ad
2105 3439 2422 3505 Dominum,
2467 3439 2748 3496 auferetur
2786 3440 3058 3495 velamen.
3093 3440 3358 3496 Dominus
3399 3449 3584 3496 autem

2004 3532 2232 3602 Spiritus
2259 3541 2342 3587 est
2372 3550 2384 3585 :
2413 3531 2507 3587 ubi
2531 3541 2714 3588 autem
2752 3533 2978 3603 spiritus
3019 3533 3274 3600 Domini,
3301 3533 3376 3588 ibi
3409 3534 3581 3589 liber-

2004 3633 2086 3679 tas
2107 3623 2170 3678 “.
2201 3643 2220 3676 ι
2249 3625 2416 3680 Recte
2437 3626 2618 3696 itaque
2635 3627 2779 3681 Deus
2804 3625 2942 3680 dixit
2968 3625 3035 3681 de
3067 3625 3282 3680 Aarone
3307 3624 3375 3678 ad
3397 3625 3582 3679 Mosen

2002 3715 2340 3771 sacerdotem
2368 3735 2380 3769 :
2408 3736 2426 3768 ι
2449 3716 2704 3787 Loquens
2722 3719 2980 3788 loquetur
3004 3718 3120 3787 ipse
3143 3716 3264 3779 tibi,
3291 3715 3505 3782 eritque
3521 3729 3582 3769 os

2004 3814 2160 3862 tuum
2194 3827 2206 3860 :
2231 3817 2288 3861 tu
2304 3823 2434 3862 vero
2453 3809 2555 3876 ipsi
2585 3809 2640 3862 in
2663 3809 2730 3863 iis
2750 3825 2870 3876 quae
2891 3809 2958 3863 ad
2983 3809 3153 3861 Deum
3180 3805 3573 3874 pertinent“.-

2001 3897 2191 3965 Neque
2246 3906 2426 3951 tamen
2470 3898 2723 3959 dicimus,
2773 3898 2884 3950 Deo
2926 3895 3260 3957 affiniorem,
3303 3895 3580 3964 magisque

2004 3989 2375 4057 propinquum
2400 3987 2753 4041 Emmanuele
2777 3999 2900 4039 esse
2932 3985 3136 4039 Mosen.
3172 3985 3271 4038 Hic
3301 3984 3445 4037 enim
3482 3985 3578 4040 Dei

2005 4080 2178 4134 Filius
2223 4087 2327 4142 est,
2366 4087 2422 4132 et
2451 4094 2518 4134 ex
2545 4079 2657 4132 Deo
2704 4078 2865 4133 Patre
2905 4075 3086 4146 quoad
3115 4084 3369 4131 naturam
3419 4091 3578 4131 suam

2003 4172 2197 4236 datus;
2239 4170 2330 4224 ille
2350 4185 2481 4224 vero
2514 4168 2669 4239 quasi
2709 4167 2996 4223 nobiscum
3039 4168 3183 4222 inter
3221 4181 3428 4231 servos,
3471 4166 3576 4220 etsi

2003 4262 2274 4332 genuinus
2299 4269 2544 4316 vocetur.
2580 4260 2776 4314 Factus
2799 4266 2982 4314 autem
3022 4259 3242 4313 videtur
3262 4258 3365 4328 ipsi
3397 4258 3454 4313 in
3490 4257 3579 4312 his

2003 4371 2125 4424 quae
2160 4353 2227 4408 ad
2256 4354 2428 4408 Deum
2463 4351 2762 4421 pertinent.
2797 4351 2947 4405 Vixit
2972 4351 3121 4404 enim
3165 4349 3442 4414 Christus,
3473 4349 3580 4403 sub

317 4423 596 4492 τέτμηται
642 4424 751 4495 γὰρ
780 4426 1144 4499 ὀκταήμερος,
1188 4429 1282 4481 καὶ
1328 4427 1424 4498 τὴν
1463 4429 1556 4482 τοῦ
1598 4429 1896 4500 διδράχμου

2012 4423 2118 4515 lege
2149 4444 2409 4508 uthomo,
2441 4451 2498 4497 et
2535 4443 2770 4498 Mosaica
2797 4441 3112 4496 observavit
3145 4448 3434 4510 praecepta.
3468 4438 3575 4493 Oc-

320 4515 686 4586 συνεισςροράν
711 4517 1027 4588 ἐποιήσατο,
1062 4520 1238 4574 καίτοι
1269 4521 1410 4574 κατὰ
1436 4521 1596 4590 φύσιν
1619 4521 1902 4592 ἐλεύθερος

319 4606 398 4660 ὢν
431 4608 582 4671 Υἱός.
619 4609 828 4679 Ἔφαγε
860 4610 918 4664 δὲ
955 4612 1049 4665 καὶ
1096 4611 1158 4665 τὸ
1219 4613 1421 4683 πάσχα,
1463 4613 1636 4667 καίτοι
1687 4614 1846 4668 πάλιν
1873 4616 1902 4668 6

317 4698 488 4760 αὐτὸς
515 4697 590 4751 ὣν
632 4697 662 4748 6
700 4699 870 4768 ἀμνὸς
898 4701 926 4752 6
957 4700 1211 4772 ἀληθινὸς
1243 4702 1270 4753 6
1303 4701 1472 4773 αἴρων
1500 4702 1598 4772 τὴν
1628 4701 1901 4772 ἁμαρτίαν

315 4786 415 4840 τοῦ
451 4788 682 4858 κόσμου.
711 4789 980 4861 Ταύτῃτοι
1016 4791 1219 4861 Μωσῆς
1256 4791 1353 4862 μὲν
1392 4792 1716 4862 γεγενῆσθαι
1744 4792 1899 4858 λέγε-

317 4897 412 4932 ται
451 4879 521 4932 τὰ
561 4883 698 4951 πρὸς
720 4881 810 4935 τὸν
841 4882 972 4934 Θεὸν
1011 4882 1179 4952 αὐτῷ.
1216 4884 1337 4935 Ὅτι
1367 4883 1424 4936 δὲ
1453 4883 1643 4953 ἔμελλε
1676 4882 1771 4936 καὶ
1799 4882 1898 4936 αὺ-

316 4969 445 5031 ταῖς
460 4968 712 5022 ἀπειθεῖν
728 4971 757 5022 6
790 4970 1007 5043 Ἰσραὴλ
1027 4973 1144 5034 ταῖς
1167 4971 1254 5022 διὰ
1269 4973 1504 5042 Χριστοῦ
1529 4973 1895 5042 θεοσημείαις,

320 5061 707 5130 παραδείξειεν
733 5061 797 5116 ἂν
818 5064 846 5115 6
875 5063 1104 5132 Μωσῆς,
1141 5063 1258 5115 οὐδὲ
1282 5065 1465 5126 αὐτοῖς
1487 5067 1596 5127 τοῖς
1627 5064 1899 5134 θαύμασιν

318 5152 615 5222 ἀπονέμων
653 5153 750 5224 τὴν
790 5155 989 5208 πίστιν.
1023 5155 1310 5224 Τοιγάρτοι
1335 5155 1576 5216 Μωσέως
1608 5157 1898 5225 πρόσωπον

318 5247 434 5308 τοῖς
463 5245 760 5317 ἐᾷἸσραὴλ
782 5248 1169 5319 περιθήσομεν,
1199 5249 1286 5300 ὅτε
1311 5247 1599 5319 κέκληνται
1626 5247 1690 5301 δι’
1711 5249 1895 5316 αὐτοῦ,

318 5339 420 5392 καὶ
448 5342 563 5403 τοῖς
591 5339 656 5392 δι’
701 5341 865 5393 αὐτοῦ
893 5342 1407 5412 πεπαιδαγώγηνται
1451 5342 1652 5412 νόμοις.
1689 5345 1898 5398 Οὐκοῦν

316 5433 405 5486 ὅτι
453 5433 530 5504 μὴ
567 5433 749 5496 ἱκανὸς
773 5437 801 5488 6
835 5435 995 5505 νόμος
1029 5438 1140 5494 τοῖς
1167 5436 1244 5497 είς
1265 5434 1554 5506 λύτρωσιν,
1587 5436 1802 5508 ἀπόχρη
1843 5437 1898 5490 δὲ

319 5527 458 5596 ἡμῖν
487 5527 569 5590 είς
598 5526 758 5579 τοῦτο
780 5528 840 5581 τὸ
867 5528 1044 5598 τίμιον
1083 5527 1220 5601 αἷμα
1248 5529 1340 5582 τοῦ
1373 5530 1605 5600 Χριστοῦ
1624 5529 1704 5598 (δι’
1731 5532 1894 5586 αὐτοῦ

411 5706 454 5739 ⁸⁸
485 5708 529 5765 ll
550 5710 676 5767 Cor.
713 5728 788 5776 lli,
826 5713 1008 5767 lli—l7.

2001 4547 2124 4591 tavo
2149 4534 2295 4590 enim
2308 4533 2396 4588 die
2419 4533 2777 4588 circumcisus
2799 4539 2902 4595 est,
2929 4538 2984 4584 et
3011 4529 3205 4584 tributi
3231 4529 3450 4582 nomine
3475 4543 3577 4596 pro

1998 4628 2176 4696 capite
2209 4624 2532 4680 didrachma
2566 4622 2820 4687 contulit,
2863 4622 2968 4677 etsi
3030 4630 3227 4676 natura
3259 4619 3402 4673 liber
3430 4627 3578 4672 esset

1997 4720 2188 4774 Filius.
2224 4717 2368 4784 Quin
2423 4726 2480 4772 et
2533 4716 2734 4786 pascha
2759 4715 3018 4778 comedit,
3071 4712 3287 4767 tametsi
3343 4711 3578 4778 ipsemet

1995 4809 2182 4878 Agnus
2221 4808 2310 4862 ille
2351 4807 2444 4876 qui
2491 4816 2712 4875 peccata
2760 4804 2951 4859 mundi
2984 4803 3123 4857 tollit
3145 4802 3223 4864 “,
3270 4801 3573 4853 exsisteret.

2001 4898 2113 4953 Hac
2134 4899 2346 4952 ratione
2377 4896 2595 4952 Christo
2622 4897 2826 4951 dicitur
2852 4895 3027 4948 Moses
3060 4891 3225 4945 fuisse
3259 4888 3315 4941 in
3357 4888 3424 4941 iis
3455 4903 3576 4956 quae

1999 4990 2066 5043 ad
2092 4992 2263 5045 Deum
2289 4989 2723 5059 spcclant.Quod
2741 5001 2872 5040 vero
2899 4983 3154 5039 Israelitce
3188 4981 3348 5035 fidem
3372 4980 3576 5036 Christi

2000 5077 2282 5131 miraculis
2311 5077 2554 5130 habituri
2581 5092 2691 5130 non
2709 5080 2912 5136 essent,
2941 5072 3050 5126 sed»
3071 5071 3255 5141 potius
3290 5072 3474 5125 omnia
3500 5073 3575 5125 is-

2002 5181 2056 5224 ta
2078 5169 2400 5224 admiranda
2434 5168 2775 5237 despecturi,
2809 5168 2896 5220 vel
2935 5167 3050 5235 ipse
3087 5164 3341 5219 ostendat
3377 5163 3572 5217 Moses.

2000 5260 2268 5326 Quocirca
2339 5258 2502 5311 Mosis
2567 5270 2856 5325 personam
2917 5255 3176 5308 lsraelitis
3241 5252 3574 5321 aptabimus,

2001 5349 2221 5419 quando
2247 5348 2468 5417 quidem
2491 5347 2559 5400 ab
2588 5347 2680 5398 illo
2713 5345 2887 5399 vocati
2911 5352 3068 5406 sunt,
3104 5343 3333 5411 ejusque
3363 5341 3574 5410 legibus

2001 5440 2258 5495 instituti.
2283 5437 2438 5503 Quod
2478 5437 2643 5505 igitur
2679 5435 2904 5490 minime
2927 5433 3200 5489 sufficiens
3228 5433 3300 5485 sit
3343 5430 3572 5484 Mosaica

2002 5532 2088 5587 lex
2109 5531 2178 5586 ad
2208 5528 2660 5596 redemptionem,
2686 5526 2780 5582 sed
2804 5527 2987 5596 potius
3010 5525 3172 5581 nobis
3197 5523 3327 5578 huic
3352 5523 3430 5578 rei
3454 5537 3571 5591 pre-

1086 5713 1130 5744 ”
1167 5713 1333 5769 Exod.
1377 5731 1448 5780 Iv,
1497 5715 1576 5770 16.
1617 5716 1660 5746 ⁸⁸
1720 5713 1876 5770 Joan.
1920 5732 1954 5777 ι,
1984 5715 2074 5773 29.
