4066 6282
473 327 578 382 685

1499 311 1555 366 S.
1595 309 1869 366 CYRILLI
1905 305 2376 362 ALEXANDRINI
2415 301 2738 359 ARCHIEP.

3630 287 3734 355 686

477 443 651 496 tiosus
693 435 899 496 Christi
943 435 1186 507 sanguis,
1221 448 1330 505 quo
1369 432 1485 488 solo
1529 446 1678 486 mors
1704 427 1919 484 devicta
1950 437 2055 495 est,

2170 427 2264 498 γὰρ
2284 427 2377 480 καὶ
2401 426 2561 496 μόνου
2586 424 2863 495 νενίκηται
2884 424 2911 477 6
2934 422 3208 487 θάνατος),
3242 421 3412 493 σαφὲς
3439 421 3506 475 ἃν
3527 421 3738 490 γένοιτο

476 531 820 588 necessarius
843 531 934 594 sit,
965 527 1124 583 facile
1145 541 1363 582 rursum
1393 541 1424 580 e
1446 523 1805 594 sequentibus
1832 532 2058 592 appare-

477 624 579 679 bit.

547 714 599 767 6.
621 711 880 766 Discessit
893 709 1166 780 siquidem
1181 725 1250 764 ex
1269 707 1485 762 Madian
1506 703 1728 760 divinus
1753 702 1844 757 ille
1858 701 2056 762 Moses.

477 817 761 857 assumens
777 817 964 856 secum
1001 815 1227 856 uxorem
1265 807 1321 854 et
1347 798 1522 862 ﬁlios,
1563 795 1924 866 pervenitque
1947 801 2064 847 tan-

401 890 408 895 ’
478 893 964 963 deminEgyptum
997 894 1297 947 observans
1313 887 2066 957 accurateetperﬁciensquae

481 983 768 1038 mandarat
793 984 954 1036 Deus.
995 983 1133 1037 Cum
1176 997 1308 1036 vero
1341 996 1450 1035 non
1483 979 1671 1049 procul
1704 977 1938 1049 Egyptd
1965 977 2064 1031 ab-

479 1084 646 1140 esset,
675 1076 750 1130 ait
774 1075 851 1128 illi
879 1075 1214 1130 architectus
1238 1073 1478 1128 universi
1501 1075 1678 1127 Deus:
1706 1091 1723 1121 ι
1747 1072 1924 1124 Eunte
1943 1080 1996 1123 te
2013 1077 2068 1122 et

483 1175 794 1222 revertente
827 1168 883 1220 in
916 1165 1208 1236 Egyptum
1229 1205 1242 1228 ,
1276 1164 1401 1218 vide
1433 1164 1614 1218 omnia
1646 1171 1921 1232 portenta,
1948 1172 2070 1229 quae

483 1256 612 1310 dedi
647 1257 703 1310 in
739 1256 993 1310 manibus
1023 1257 1151 1318 tuis,
1175 1254 1342 1308 facies
1362 1269 1423 1307 ea
1447 1268 1635 1308 coram
1656 1253 1940 1306 Pharaone
1966 1244 2062 1303 ν’.»

485 1347 553 1400 Et
569 1355 690 1415 post
717 1347 821 1400 alia
852 1361 864 1398 :
892 1365 909 1396 ι
940 1346 1100 1400 Dices
1117 1345 1382 1398 Pharaoni
1413 1361 1424 1396 :
1450 1344 1576 1397 Haec
1600 1343 1734 1396 dicit
1764 1341 2028 1396 Dominus
2054 1356 2067 1390 :

483 1434 642 1503 307
674 1433 844 1486 Filius
871 1447 1025 1486 meus
1045 1431 1444 1500 primogenitus
1467 1431 1656 1484 lsrael.
1684 1431 1832 1484 Dixit
1888 1437 2072 1484 autem

486 1521 585 1574 tibi
615 1538 628 1572 :
664 1520 886 1574 Dimitte
923 1521 1186 1589 populum
1236 1535 1420 1573 meum
1473 1527 1534 1570 ut
1581 1520 1715 1572 mihi
1747 1519 1986 1572 serviat:
2019 1526 2074 1572 et

485 1611 710 1664 noluisti
741 1611 1020 1664 dimittere
1053 1625 1148 1664 eos
1184 1627 1196 1662 :
1228 1609 1354 1663 vide
1390 1610 1578 1679 igitur,
1603 1625 1704 1679 ego
1746 1608 2074 1663 interﬁciam

487 1701 658 1755 ﬁlium
704 1711 856 1755 tuum
903 1699 1350 1770 primogenitum.
1387 1701 1612 1755 Factum
1660 1709 1746 1755 est
1788 1707 1975 1754 autem
2017 1700 2073 1752 in

2161 520 2256 574 καὶ
2291 518 2436 588 μάλα
2471 510 2666 589 ῥᾳδίως
2693 516 2803 570 κάκ
2829 514 2995 568 τῶνδε
3025 514 3088 585 δὴ
3121 513 3300 567 πάλιν.
3599 551 3628 576 ,

2220 702 2309 761 .ς⁹.
2373 694 2623 764 Ἀπαίρει
2664 692 2772 762 γὰρ
2820 691 2921 762 τῆς
2968 693 3321 763 Μαδιηναίων
3365 693 3394 747 6
3453 693 3743 758 θεσπέσιος

2163 788 2389 857 Μωσῆς,
2417 784 2697 840 ἀναλαϐὼν
2725 785 2827 856 τὴν
2850 787 3086 852 γυναῖκα
3116 783 3282 838 αὐτοῦ
3313 785 3407 838 καὶ
3431 785 3502 838 τὰ
3530 787 3740 849 παιδία,

2165 877 2262 932 καὶ
2294 877 2605 930 καθικνεϊτο
2631 874 2818 928 λοιπὸν
2847 876 2926 940 είς
2950 874 3249 944 Αἴγυπτον,
3276 874 3662 945 ἁποπεραίνων
3686 877 3742 929 εὖ

2171 968 2314 1038 μάλα
2341 967 2412 1021 τὰ
2449 965 2897 1038 προστεταγμένα
2934 965 3084 1035 παρὰ
3108 964 3264 1018 Θεοῦ.
3300 965 3517 1036 Ἐπειδὴ
3544 966 3601 1019 δὲ
3630 967 3738 1036 ἀφ-

2167 1061 2387 1130 εστήκει
2425 1057 2612 1111 λοιπὸν
2641 1058 2740 1127 τῆς
2768 1056 3081 1124 Αἰγυπτίων
3113 1057 3174 1108 οὐ
3207 1057 3446 1127 μακρὰν,
3471 1057 3577 1127 ἔφη
3610 1059 3745 1128 πρὸς

2169 1152 2329 1204 αὑτὸν
2363 1150 2517 1202 ὁτῶν
2547 1149 2682 1202 ὅλων
2709 1148 2863 1211 Θεὸς
2903 1167 2920 1200 ι
2955 1145 3334 1219 Πορευομένου
3370 1165 3464 1201 σου
3501 1147 3596 1201 καὶ
3619 1150 3749 1202 ἀπο-

2173 1243 2494 1313 στρέψαντος
2542 1241 2622 1302 είς
2656 1239 2951 1306 Αἴγυπτον,
2998 1240 3100 1311 ὅρα
3145 1240 3321 1293 πάντα
3362 1240 3432 1293 τὰ
3472 1243 3673 1313 τέρατα
3711 1239 3748 1293 ἆ

2171 1335 2375 1387 δέδωκα
2418 1334 2474 1386 ὲν
2511 1334 2632 1394 ταῖς
2677 1330 2831 1402 χερσί
2876 1348 2989 1391 σου,
3036 1333 3283 1401 ποιήσεις
3327 1332 3466 1384 αὐτὰ
3509 1332 3750 1386 ἐναντίον

2171 1425 2391 1494 Φαραώ.
2435 1443 2452 1475 ι
2489 1424 2602 1478 Καὶ
2636 1423 2753 1492 μεθ’
2799 1423 2995 1493 ἕτερα·
3048 1439 3066 1472 ι
3119 1423 3191 1475 Σὺ
3221 1421 3276 1475 δὲ
3316 1424 3461 1491 ἐρεῖς
3512 1422 3745 1494 Φαραώ·

2174 1517 2311 1569 Τάδε
2338 1515 2486 1582 λέγει
2531 1515 2771 1584 Κύριος·
2803 1513 2932 1576 Υἱὸς
2972 1513 3316 1583 πρωτότοκός
3361 1531 3461 1584 μου
3507 1514 3748 1584 Ἰσραήλ.

2175 1602 2316 1659 Εἶπα
2353 1606 2409 1659 δέ
2443 1622 2552 1658 σοι·
2611 1603 3020 1668 Ἐξαπὸστειλον
3063 1603 3154 1656 τὸν
3202 1602 3330 1656 λαόν
3379 1622 3480 1674 μου
3523 1605 3613 1658 ἵνα
3661 1621 3753 1675 μοι

2176 1695 2468 1770 λατρεύσῃ.
2502 1696 2573 1750 Σὺ
2615 1695 2671 1748 δὲ
2700 1696 2801 1748 οὐκ
2844 1694 3066 1748 ἐϐούλου
3109 1694 3487 1759 ἐξαποστεῖλαι
3516 1694 3750 1758 αὐτούς·

486 1793 598 1857 via,
653 1793 708 1846 in
751 1793 1054 1846 diversorio
1088 1792 1330 1846 obviavit
1379 1793 1431 1846 ei
1481 1793 1706 1862 angelus
1752 1791 2067 1856 Domini,el

2177 1789 2276 1861 δρα
2301 1785 2412 1853 οὖν,
2441 1788 2550 1856 ἐγὼ
2578 1787 2860 1841 ἀποκτενῶ
2890 1787 2980 1840 τὸν
3005 1789 3118 1840 υἱόν
3149 1804 3242 1840 σου
3263 1788 3353 1841 τὸν
3377 1788 3750 1859 πρωτότοκον.

488 1882 772 1950 quaerebat
817 1897 944 1936 eum
978 1882 1255 1936 occidere.
1298 1883 1367 1936 Et
1393 1883 1670 1952 accipiens
1706 1883 1952 1952 Sephora
1976 1898 2071 1953 pe-

490 1979 652 2037 tram,
689 1972 1038 2027 circumcidit
1057 1975 1380 2043 praeputium
1407 1973 1502 2027 ﬁlii
1532 1974 1639 2040 sui,
1666 1981 1720 2027 et
1741 1974 1976 2044 procidit
2001 1974 2070 2028 ad

489 2065 658 2134 pedes
686 2066 804 2134 ejus
824 2105 838 2128 ,
872 2074 929 2118 et
961 2066 1139 2120 dixit:
1167 2065 1331 2121 Stetit
1379 2067 1600 2138 sanguis
1632 2066 2068 2120 circumcisionis

492 2155 592 2210 ﬁlii
629 2156 756 2209 mei.
787 2157 854 2210 Et
893 2157 1030 2210 abiit
1057 2157 1125 2212 ab
1147 2172 1217 2212 eo
1237 2159 1505 2230 angelus,
1531 2158 1658 2226 quia
1697 2157 1834 2210 dixit
1864 2175 1876 2208 :
1907 2157 2071 2211 Stetit

490 2245 713 2316 sanguis
748 2246 1184 2301 circumcisionis
1221 2248 1318 2300 ﬁlii
1346 2249 1454 2302 mei
1477 2249 1565 2302 ⁸⁷⁸.
1597 2267 1616 2299 ι
1650 2247 1889 2317 Angelus
1922 2248 2068 2301 enim

491 2335 549 2388 in
578 2335 751 2405 ﬁgura
774 2337 1327 2391 humanainsultabat
1358 2346 1415 2392 et
1444 2339 1698 2394 occidere
1721 2339 2072 2410 aggredieba—

493 2436 605 2491 tur;
629 2428 720 2481 vix
753 2442 894 2496 aegre
939 2428 1158 2482 tandem
1197 2429 1462 2497 placatus,
1493 2438 1783 2499 postquam
1824 2430 2072 2500 Sephora

493 2514 666 2570 ﬁlium
691 2533 852 2571 suum
879 2525 1019 2573 testa
1041 2518 1495 2585 circumcidisset,
1531 2521 1782 2586 Gersam,
1824 2521 2069 2590 inquam,

492 2606 589 2678 qui
629 2607 1028 2678 primogenitu‘s
1050 2616 1169 2663 erat
1191 2617 1246 2662 et
1277 2609 1414 2679 ipse,
1453 2611 1602 2680 quod
1644 2626 1846 2665 nomen
1877 2611 2070 2665 Latine

493 2707 651 2754 sonat
676 2703 1011 2771 peregrinum
1033 2716 1129 2755 seu
1162 2700 1417 2755 accolam.
1445 2701 1618 2767 Quem
1645 2717 1775 2756 vero
1807 2703 2069 2757 extermi-

493 2802 654 2847 nator
679 2793 869 2846 tollere
891 2807 921 2846 e
943 2793 1125 2847 medio
1145 2793 1404 2858 voluerit,
1429 2808 1586 2847 sacer
1609 2803 1903 2849 contextus
1925 2795 2071 2850 clare
2093 2869 2099 2874 .

496 2899 604 2940 non
646 2885 892 2938 indicat:
921 2885 1017 2938 sed
1061 2885 1147 2938 vel
1196 2884 1380 2938 Mosen
1435 2885 1577 2940 forte
1606 2886 1678 2940 ob
1719 2886 1942 2940 dilatam
1972 2887 2071 2941 ﬁlii

493 2975 1000 3040 circumcisionem;
1048 2982 1103 3029 et
1141 2975 1347 3029 invitus
1371 2975 1598 3030 abactus
1623 2991 1718 3030 seu
1743 2976 1935 3045 pulsus
1964 2983 2068 3030 est.

494 3070 750 3141 Designat
779 3071 978 3125 iterum
1001 3069 1091 3125 hic
1115 3077 1293 3140 typus,
1323 3069 1380 3124 in
1405 3069 1608 3125 Christi
1631 3071 1896 3140 sanguine
1925 3083 2072 3122 mor-

494 3168 604 3213 tem
633 3173 753 3213 esse
797 3158 1087 3212 devictam.
1129 3159 1235 3212 Per
1271 3159 1450 3228 ipsum
1489 3175 1725 3228 namque
1757 3159 1961 3213 salvata
1987 3167 2072 3211 est

494 3255 682 3302 saneta
710 3257 927 3318 patrum
961 3247 1291 3312 multitudo,
1326 3248 1436 3303 imo
1463 3263 1624 3302 omne
1651 3249 1879 3303 omnino
1917 3263 2071 3302 mor-

494 3336 686 3389 talium
719 3351 910 3404 genus,
957 3337 1104 3405 quod
1136 3344 1381 3406 tempore
1407 3338 1720 3392 antecessit.
1754 3338 1858 3391 Pro
1890 3338 2072 3391 omni.

495 3423 599 3477 bus
623 3424 772 3477 enim
798 3433 1034 3478 mortem
1060 3426 1218 3492 obiit,
1244 3435 1300 3480 et
1325 3426 1570 3480 omnium
1599 3428 1653 3480 in
1681 3429 1776 3481 illo
1814 3443 1964 3482 mors
1987 3436 2072 3482 est

496 3511 790 3566 dissoluta.
820 3511 940 3567 Non
963 3513 1108 3567 enim
1133 3515 1188 3568 in
1227 3517 1494 3585 sanguine
1521 3517 1938 3586 prophetarum,
1975 3517 2071 3571 sed

497 3599 548 3652 in
605 3601 872 3670 sanguine
923 3602 1128 3657 Christi
1178 3619 1372 3658 recens
1432 3607 1568 3671 nati,
1636 3616 1693 3662 et
1748 3623 1872 3662 cum
1919 3611 2068 3679 ipso,

493 3700 900 3762 peremptorem
940 3694 1228 3749 evitamus.
1271 3695 1409 3750 Hinc
1444 3699 1522 3751 ait
1556 3699 1757 3753 Paulus
1790 3717 1802 3752 :
1840 3720 1856 3750 ι
1883 3701 1943 3754 ln
1967 3701 2072 3756 hoc

491 3781 744 3836 Christus
775 3792 1024 3839 mortuus
1069 3792 1172 3850 est,
1201 3793 1257 3841 et
1303 3787 1532 3853 revixit,
1557 3796 1620 3843 ut
1645 3797 1700 3844 et
1726 3799 2069 3845 mortuorum

490 3881 548 3926 et
571 3873 822 3927 vivorum
860 3874 1176 3931 dominetur
1198 3877 1265 3932 ⁸⁸.
1300 3897 1319 3930 ›
1354 3877 1509 3945 Quod
1545 3881 1592 3934 si
1639 3880 1816 3951 ipsum
1844 3883 2068 3938 Gersam

491 3963 699 4018 dixeris
744 3965 813 4019 ab
844 3968 1276 4025 exterminatore
1335 3970 1609 4038 insultari,
1642 3982 1834 4029 etnon
1883 3977 2070 4046 potius

491 4054 711 4109 beatum
739 4055 944 4121 Mosen,
965 4059 1111 4114 idem
1139 4070 1320 4116 tamen
1346 4063 1636 4136 intelliges.
1661 4067 1781 4121 Non
1797 4069 1944 4122 enim
1971 4086 2069 4140 per

492 4145 973 4200 circumcisionem
997 4148 1248 4217 legalem,
1280 4151 1387 4205 hoc
1415 4163 1521 4219 est,
1546 4157 1842 4221 carnalem,
1867 4166 1922 4213 et
1946 4175 2070 4214 scn-

493 4235 648 4288 sibus
671 4235 910 4300 obviam,
947 4239 1103 4306 pulsa
1131 4255 1279 4294 mors
1307 4251 1418 4306 est;
1455 4245 1548 4298 scd
1574 4260 1672 4313 per
1693 4261 1835 4310 eam,
1868 4264 1989 4317 quae
2012 4251 2068 4305 in

492 4323 712 4378 Christo
735 4339 834 4394 per
871 4327 1124 4396 spiritum
1162 4338 1266 4393 est,
1304 4347 1466 4400 quam
1503 4337 1752 4389 exercuit
1776 4336 1832 4390 in
1856 4339 2066 4406 primo-

2169 1880 2279 1934 Και
2313 1879 2548 1947 ἐγένετο,
2592 1879 2778 1949 φησιν,
2813 1879 2868 1930 ἐν
2908 1881 2973 1949 τῇ
3027 1878 3134 1949 6δῷ
3182 1881 3239 1932 ὲν
3278 1878 3355 1949 τῷ
3397 1880 3753 1950 καταλύματι

2172 1973 2500 2042 συνήντησεν
2527 1971 2674 2040 αὐτῷ
2704 1971 2935 2040 ἅγγελος
2975 1970 3200 2041 Κυρίου,
3249 1966 3341 2024 καὶ
3385 1969 3570 2041 ἐζήτει
3615 1973 3754 2026 ἁπο-

2170 2064 2378 2115 κτεῖναι
2415 2061 2598 2115 αὐτόν.
2630 2062 2741 2115 Καὶ
2770 2062 3009 2115 λαϐοῦσα
3035 2062 3307 2133 Σεπφώρα
3346 2061 3552 2134 ψῆφον,
3591 2078 3755 2135 περι·

2171 2153 2330 2223 έτεμε
2355 2152 2453 2224 τὴν
2478 2153 2841 2223 ἀκροϐυστίαν
2858 2154 2950 2207 τοῦ
2973 2153 3089 2207 υἱοῦ
3111 2154 3299 2225 αὐτῆς,
3321 2149 3416 2207 καὶ
3442 2155 3755 2226 προσέπεσε

2171 2243 2308 2314 πρὸς
2338 2244 2465 2307 τοὺς
2494 2245 2658 2306 πόδας
2683 2244 2870 2309 αὐτοῦ,
2902 2243 2996 2298 καὶ
3022 2242 3171 2298 εἶπε·
3200 2241 3370 2316 Ἔστη
3400 2246 3461 2298 τὸ
3489 2235 3634 2316 αἷμα
3659 2247 3756 2318 τῆς

2171 2336 2477 2406 περιτομῆς
2509 2336 2600 2390 τοῦ
2626 2333 2835 2390 παιδίου
2877 2356 3001 2408 μου.
3029 2334 3139 2391 Καὶ
3160 2337 3401 2408 ἀπῆλθεν
3427 2334 3520 2392 ἀπ’
3557 2339 3756 2408 αὐτῆς,

2170 2426 2301 2478 διότι
2332 2421 2484 2479 εἶπεν
2505 2441 2518 2456 ·
2553 2426 2726 2496 Ἕστη
2760 2424 2822 2481 τὸ
2849 2425 2986 2499 αἷμα
3021 2427 3123 2498 τῆς
3154 2431 3455 2499 περιτομῆς
3492 2427 3587 2480 τοῦ
3630 2446 3758 2483 παι-

2170 2517 2282 2570 δίου
2315 2533 2436 2587 μου.
2475 2536 2493 2568 ι
2533 2518 2798 2587 Ἀγγελος
2825 2519 2934 2589 γὰρ
2965 2521 3022 2571 ὲν
3049 2519 3178 2572 εἴδει
3209 2519 3286 2589 τῷ
3318 2519 3440 2572 καθ’
3465 2520 3615 2590 ἡμᾶς
3666 2521 3759 2573 ἑπ-

2172 2607 2416 2679 έθρωσκέ
2444 2624 2504 2661 τε
2544 2609 2641 2663 καὶ
2682 2611 2890 2664 ἀνελεῖν
2929 2610 3224 2681 ἐπεχείρει,
3274 2611 3758 2682 δεδυσώπηταιδέ

2175 2700 2348 2770 μόλις,
2380 2701 2782 2772 περιτεμούσης
2818 2685 3120 2772 Σεπφὼρας
3135 2703 3225 2754 τὸν
3257 2701 3370 2754 υἱδν
3394 2702 3586 2771 αὐτῆς,
3607 2701 3760 2771 φημὶ

2169 2790 2225 2844 δὲ
2253 2791 2499 2863 Γηρσὰμ,
2533 2791 2591 2854 ὃς
2617 2787 2684 2862 ἦν
2724 2791 2818 2844 κα)⁸
2860 2791 3226 2863 πρωτότοκος,
3251 2791 3680 2862 διερμηνεύεται
3705 2791 3760 2847 at

2174 2883 2266 2934 καὶ
2300 2881 2599 2950 πάροικος.
2639 2883 2770 2936 Τίνα
2800 2879 2893 2936 οὖν
2933 2884 2962 2936 6
2991 2882 3315 2954 ὀλοθρευτὴς
3348 2883 3627 2952 ἐπεχείρει
3673 2885 3761 2937 ἀν-

2172 2974 2332 3038 ελεῖν,
2367 2974 2552 3043 σαφῶς
2584 2975 2643 3027 οὐ
2677 2976 2956 3044 μεμήνυκε
2986 2975 3224 3045 Γράμμα
3259 2973 3320 3026 τὸ
3357 2975 3500 3041 ἱερόν
3522 2990 3536 3004 ⁶
3568 2975 3693 3028 ἀλλ’
3725 2975 3756 3047 ἢ

2164 3062 2374 3118 ’Μωσέα
2414 3065 2574 3135 τυχὸν
2613 3067 2738 3137 τῇδε
2785 3065 2878 3118 τοῦ
2923 3066 3134 3119 παιδίου
3169 3069 3464 3138 περιτομῇ,
3514 3063 3616 3121 καὶ
3663 3069 3756 3138 οὐχ

2175 3156 2317 3209 ἑκὼν
2359 3158 2713 3229 ἀπελήλαται.
2757 3159 3045 3229 Διατρανοῖ
3084 3158 3140 3210 δὲ
3185 3158 3348 3212 πάλιν
3383 3161 3412 3211 6
3445 3157 3644 3222 τύπος,
3684 3159 3756 3223 ὡς

2173 3251 2266 3302 καὶ
2307 3251 2362 3303 ὲν
2392 3249 2468 3320 τῷ
2512 3251 2704 3321 αἵματι
2751 3251 2845 3302 τοῦ
2883 3249 3119 3321 Χριστοῦ
3167 3249 3446 3320 νενίκηται
3496 3251 3751 3316 θάνατος.

2175 3336 2450 3388 Σέσωσται
2485 3336 2540 3389 δὲ
2565 3337 2673 3389 τῶν
2705 3339 3007 3409 πατέρωνὴ
3042 3339 3173 3408 ἁγία
3207 3339 3437 3409 πληθὺς,
3472 3335 3755 3410 μᾶλλονδὲ

2180 3423 2401 3493 σύμπαν
2427 3426 2488 3478 τὸ
2515 3425 2720 3479 ἄνωθέν
2740 3445 2799 3480 τε
2831 3429 2923 3480 καὶ
2952 3428 3055 3499 πρὸ
3081 3428 3244 3481 αὑτοῦ
3267 3429 3444 3497 γένος.
3485 3423 3756 3486 Ἀπέθανε

2179 3514 2287 3584 γὰρ
2322 3516 2460 3586 ὑπὲρ
2499 3519 2735 3582 πάντων,
2777 3521 2868 3572 καὶ
2897 3521 2924 3572 ὁ
2957 3521 3172 3573 πάντων
3216 3521 3273 3574 ὲν
3338 3520 3488 3590 αὺτῷ
3533 3521 3754 3576 λέλυται

2175 3606 2421 3669 θάνατος.
2467 3608 2541 3660 Οὐ
2577 3609 2683 3679 γὰρ
2715 3611 2772 3661 ὲν
2808 3610 3000 3680 αἵματι
3050 3610 3366 3681 προφητῶν,
3413 3612 3526 3664 ἀλλ’
3581 3616 3639 3668 ὲν
3681 3613 3756 3684 τῷ

2175 3697 2366 3767 αἵματι
2402 3697 2495 3750 τοῦ
2536 3698 2774 3768 Χριστοῦ
2815 3701 2907 3754 τοῦ
2952 3700 3222 3756 νεωτάτου
3269 3703 3366 3755 καὶ
3417 3705 3534 3773 μετ’
3588 3703 3752 3758 αὑτοῦ

2170 3787 2622 3860 διαδιδράσκομεν
2647 3791 2736 3844 τὸν
2763 3792 3103 3864 ὀλοθρευτήν.
3133 3813 3151 3844 ι
3173 3795 3268 3857 Ei;
3293 3794 3452 3848 τοῦτο
3476 3795 3615 3867 γὰρ,
3649 3813 3752 3866 φη-

2173 3880 2277 3942 σὶν,
2311 3884 2338 3934 6
2369 3882 2602 3951 Χριστὸς
2630 3883 2867 3937 ἀπέθανε
2892 3885 2984 3939 καὶ
3022 3885 3236 3956 ἔζησεν,
3276 3886 3364 3939 ῑνα
3404 3888 3497 3940 καὶ
3534 3887 3751 3958 νεκρῶν

2171 3973 2263 4025 καὶ
2293 3971 2508 4037 ζώντων
2540 3974 2825 4046 κυριεύσῃ.
2861 3994 2880 4026 ι
2912 3974 2975 4028 Ei
2997 3977 3053 4029 δὲ
3082 3977 3155 4047 μὴ
3176 3977 3386 4046 λέγοιτο
3412 3978 3488 4048 τῷ
3518 3979 3754 4051 Γηρσὰμ

2169 4063 2531 4134 ὲπιθρώσκειν
2573 4067 2600 4118 6
2627 4065 2970 4137 ὀλοθρευτὴς,
3023 4069 3117 4121 καὶ
3157 4069 3278 4138 οὐχὶ
3325 4068 3389 4140 δὴ
3438 4071 3646 4140 μᾶλλον
3679 4069 3752 4140 τῷ

2173 4157 2426 4226 μακαρίῳ
2450 4157 2646 4227 Μωσῇ,
2687 4157 2848 4210 πάλιν
2886 4159 3061 4211 ἐκεῖνο
3096 4161 3369 4229 συνήσεις.
3414 4161 3489 4212 UO
3515 4161 3632 4233 γὰρ
3667 4161 3752 4214 διὰ

2168 4246 2269 4314 τῆς
2288 4247 2427 4298 κατὰ
2448 4246 2611 4315 νόμον
2642 4249 2961 4318 περιτομῆς,
2989 4249 3260 4314 τουτέστι,
3282 4251 3380 4320 τῆς
3405 4252 3547 4304 κατὰ
3572 4252 3749 4323 σάρκα

2169 4334 2260 4386 καὶ
2291 4335 2558 4405 αἰσθητῆς
2603 4336 2940 4408 ἀπελήλαται
2981 4337 3230 4411 θάνατος,
3264 4339 3401 4392 ἀλλὰ
3435 4341 3525 4393 διὰ
3561 4338 3662 4411 τῆς
3688 4345 3743 4394 ἐν

493 4415 677 4484 genito
699 4431 763 4471 ac
785 4432 928 4472 novo
941 4420 1161 4489 populo,
1177 4429 1334 4476 terra:
1359 4424 1580 4492 quidem
1602 4427 1798 4494 incola,
1821 4433 2067 4487 conscri-

2175 4425 2416 4495 Χριστῷ,
2453 4426 2541 4478 διὰ
2575 4417 2906 4496 πνεύματος,
2936 4428 3002 4499 ἢν
3039 4410 3349 4500 ἐνήργηκεν
3389 4433 3446 4483 ἐν
3484 4432 3564 4502 τῷ
3603 4451 3747 4504 πρωο

491 4513 587 4574 pto
620 4513 800 4560 tamen
821 4507 1022 4561 iterum
1046 4511 1114 4563 ad
1156 4524 1449 4580 supernam
1473 4523 1528 4568 et
1550 4531 1671 4585 qua:
1695 4519 1748 4572 in
1771 4520 1926 4575 caelis
1964 4522 2065 4576 de-

491 4597 638 4668 gitur
659 4597 825 4651 vitam
856 4616 869 4650 :
909 4615 1071 4668 quem
1117 4601 1418 4670 spiritualis
1445 4603 1720 4678 Sephora,
1748 4609 1802 4663 id
1848 4620 1932 4665 est
1956 4612 2062 4666 Ec-

491 4685 678 4748 clesia,
707 4701 830 4755 quae
850 4701 920 4740 ex
941 4687 1250 4743 Madianitis
1289 4693 1653 4764 gentibusque
1689 4706 1924 4762 constat,
1961 4715 2061 4754 suo

490 4776 837 4832 circumcidit
890 4779 1170 4850 suﬁ‘ragio.
1227 4781 1410 4852 Typus
1457 4785 1572 4840 haec
1621 4787 1786 4841 etiam
1833 4790 2062 4859 spiritus

490 4867 656 4922 fuerit
679 4909 694 4933 ,
735 4877 926 4939 utpote
967 4870 1131 4926 fortis
1169 4880 1226 4926 et
1253 4872 1506 4941 infracta,
1539 4885 1595 4931 et
1620 4879 1747 4947 quia
1787 4895 1854 4934 ex
1880 4891 2056 4951 petra.

488 4957 848 5016 Christienim
873 4971 959 5018 est
981 4965 1210 5034 spiritus
1236 4984 1249 5020 :
1286 4985 1304 5018 ι
1324 4967 1484 5022 Petra
1502 4978 1683 5025 autem
1711 4970 1964 5028 Christus
1981 5015 1994 5039 ,
2031 4993 2050 5026 ι

490 5059 551 5104 ut
592 5050 810 5121 sapiens
844 5053 1050 5109 Paulus
1088 5057 1167 5110 ait
1189 5057 1253 5111 δ’.
1308 5057 1604 5115 Sciendum
1652 5071 1855 5126 autem,
1911 5067 2060 5135 quod

488 5139 581 5208 qui
605 5149 730 5211 post
750 5143 937 5200 Mosen
963 5143 1068 5198 fuit
1096 5146 1285 5214 Josue,
1325 5150 1764 5222 cultrislapideis
1786 5155 2058 5212 Israelita-

489 5246 610 5286 rum
636 5231 778 5288 ﬁlios
803 5236 1150 5292 circumcidit
1170 5239 1242 5304 ⁸ο,
1277 5255 1388 5295 non
1421 5243 1788 5299 manufactam
1815 5245 1870 5300 in
1901 5246 2063 5303 Chri-

487 5328 574 5376 sto
600 5322 1076 5382 circumcisionem
1119 5327 1357 5388 obscure
1381 5333 1542 5388 nobis
1569 5335 1925 5402 adumbrans,
1953 5354 2061 5409 qua

487 5419 545 5464 et
564 5427 712 5470 mors
739 5425 1034 5486 superatur
1061 5419 1261 5492 :308
1285 5438 1406 5492 quae
1441 5425 1703 5494 spiritalis
1727 5436 1812 5482 est
1849 5428 2060 5499 impro-

487 5501 678 5560 bitatis
707 5507 1081 5575 circumcisio,
1116 5513 1339 5569 malitiae
1378 5531 1444 5570 ac
1467 5518 1812 5588 voluptatum
1840 5519 2061 5575 abdica-

2170 4515 2377 4586 τοτὸκῳ
2416 4517 2510 4569 καὶ
2551 4517 2658 4586 νέῳ
2695 4517 2828 4587 λαῷ,
2862 4519 2955 4570 καὶ
2978 4518 3055 4589 τῷ
3091 4521 3332 4590 παροὶκῳ
3366 4521 3465 4592 μὲν
3498 4524 3594 4578 ἐπὶ
3622 4525 3744 4593 γῆς,

2169 4606 2590 4677 ἐπιγραφομένῳ
2618 4607 2673 4659 δὲ
2712 4608 2873 4661 πάλιν
2904 4611 3003 4679 τῆς
3036 4608 3147 4662 ἄνω
3182 4612 3273 4664 καὶ
3309 4610 3642 4683 οὖρανικῆςο
3683 4616 3746 4684 ἢν

2169 4697 2201 4766 ἡ
2231 4696 2396 4767 νοητὴ
2420 4697 2712 4769 Σεπφώρα,
2743 4700 3018 4753 τουτέστιν
3044 4702 3076 4770 ἡ
3115 4701 3435 4772 Ἐκκλησία,
3470 4707 3502 4773 ἡ
3540 4708 3606 4757 ὲκ
3635 4707 3745 4759 Μα-

2166 4786 2298 4854 διάμ
2336 4805 2396 4840 τε
2422 4789 2514 4842 καὶ
2557 4788 2614 4854 ἐξ
2645 4789 2836 4856 ἐθνῶν,
2866 4792 3233 4864 περιτέτμηκε
3271 4793 3455 4865 ψήφῳ.
3487 4796 3670 4858 Τὺπος
3699 4796 3739 4848 δ’

2168 4876 2234 4930 ἂν
2258 4879 2341 4949 είη
2371 4879 2464 4931 καὶ
2485 4879 2622 4952 αὓτη
2649 4881 2744 4933 τοῦ
2773 4883 3101 4953 πνεύματος,
3137 4884 3226 4938 διά
3261 4903 3342 4939 τοι
3367 4886 3428 4940 τὸ
3468 4887 3741 4951 παναλκές

2165 4987 2230 5023 τε
2261 4971 2355 5024 καὶ
2382 4970 2712 5042 ἄθραυστον,
2745 4975 2835 5027 καὶ
2867 4975 2973 5045 μὴν
3011 4977 3092 5028 ὅτι
3131 4976 3226 5029 καὶ
3255 4977 3320 5030 ὲκ
3351 4979 3574 5048 πέτρας.
3608 4978 3740 5047 Χρι-

2168 5061 2295 5116 στοῦ
2327 5063 2436 5132 γὰρ
2464 5063 2524 5116 τὸ
2556 5064 2805 5135 πνεῦμαο
2849 5087 2867 5117 ι
2915 5069 3094 5140 Πέτρα
3116 5068 3171 5120 δὲ
3198 5067 3227 5118 6
3265 5071 3516 5139 Χριστὸς,
3557 5090 3576 5123 s
3603 5069 3744 5124 καθὰ

2165 5153 2260 5206 καὶ
2293 5156 2320 5206 6
2352 5153 2516 5221 σοφὸς
2555 5155 2755 5224 γράφει
2807 5155 3039 5221 Παῦλος.
3096 5159 3298 5212 ’ἰστέον
3349 5159 3404 5213 δὲ
3442 5161 3524 5214 ὅτι
3580 5161 3673 5214 καὶ
3715 5161 3742 5211 6

2162 5247 2300 5316 μετὰ
2345 5246 2549 5300 Μωσέα
2599 5247 2767 5301 πάλαι
2814 5248 3102 5319 γενόμενος
3161 5251 3386 5320 Ἰησοῦς,
3441 5253 3740 5322 μαχαίραις

2159 5337 2439 5407 πετρίναις
2466 5334 2760 5410 περιέτεμε
2788 5342 2914 5404 τοὺς
2945 5342 3096 5406 υἱοὺς
3134 5341 3371 5412 Ἰσραὴλ,
3403 5342 3501 5414 τὴν
3529 5344 3742 5414 ἀχειρο-

2158 5429 2379 5497 ποίητον
2399 5431 2456 5481 ὲν
2485 5430 2706 5501 Χριστῷ
2734 5432 2822 5485 διὰ
2843 5433 3146 5505 περιτομὴν
3169 5433 3583 5505 αἰνιγματωδῶς
3610 5435 3738 5504 ἡμῖν

2161 5520 2466 5590 σημαίνων,
2497 5521 2586 5591 ὑφ’
2621 5524 2684 5594 ῆν
2715 5524 2809 5577 καὶ
2837 5527 3066 5589 ἡττᾶται
3109 5525 3356 5592 θάνατος,
3394 5528 3544 5599 ἥπερ
3594 5526 3739 5580 ἐστὶν

554 5699 601 5734 ⁸⁷
623 5708 791 5765 Exod.
821 5724 894 5775 tv,
921 5712 1010 5766 2!.
1087 5714 1157 5749 δῖ’
1192 5715 1328 5771 ibid.
1363 5718 1534 5774 24-27
1609 5719 1718 5812 ζ’*
1745 5723 1903 5778 Rom.
1944 5739 2052 5789 ιη,

2203 5725 2259 5812 ’δ’
2295 5725 2314 5782 l
2343 5725 2467 5783 Cor.
2491 5745 2542 5791 x,
2580 5731 2630 5784 4.
2811 5729 2974 5788 Josue
3009 5750 3062 5801 τ,
3087 5733 3138 5787 2.

2683 5805 2788 5820 -αμ,
