4066 6282
298 350 405 408 ιεις
1285 345 1806 410 οωιπιιοιιωι
1839 350 1852 407 1

1957 347 2237 408 ειοουιι
2274 347 2405 405 ιω.
2445 344 2535 405 Β.
3444 357 3553 414 ιιε

300 462 525 532 ὴνοητή
565 459 668 531 τῆς
710 459 908 525 κακίας
945 460 1239 533 σωριτομὴ,
1292 461 1629 533 φαυλότητός
1668 477 1730 514 τε
1775 460 1852 515 ad

1978 461 2074 517 tio.
2109 460 2188 516 De
2212 459 2306 515 illa
2330 458 2481 516 enim
2504 457 2713 515 carnali
2734 458 3157 519 circumcisione
3200 462 3425 524 divinus
3446 484 3550 525 no-

296 552 499 624 ήδονῶν
527 551 805 617 άπόθεσις.
839 552 975 626 Περὶ
995 553 1101 626 γάρ
1129 552 1229 623 τῆς
1258 552 1400 608 κατά
1434 554 1612 624 σάρκα
1653 569 1852 625 περιτο

1978 552 2066 608 bis
2097 552 2299 607 Paulus
2332 550 2527 608 scribit
2552 570 2565 606 :
2600 570 2618 605 ι
2658 550 3017 609 Circumcisio
3054 553 3192 610 nihil
3217 564 3302 612 est
3320 558 3388 614 ".
3412 578 3432 612 ι
3453 559 3553 619 Su-

300 645 426 714 μῆς,
461 642 490 695 ό
517 643 658 707 θεῖος
696 644 828 715 ἡμῖν
874 648 1071 715 γράφει
1125 642 1337 707 Παῦλος
1360 661 1374 676 ο
1415 661 1434 695 ι
1486 643 1552 698 Ἦ
1600 645 1852 715 περιτομὶ

1977 643 2139 714 piens
2163 656 2296 698 vero
2343 656 2407 698 ac
2432 657 2589 699 sacer
2610 643 2772 699 nobis
2815 659 3000 700 sermo
3044 646 3303 711 inclamat
3329 667 3343 703 :
3380 669 3399 702 ι
3423 651 3548 708 Cir-

296 734 448 790 οὐδέν
477 736 616 790 ἔστι.
654 753 675 787 ι
705 734 873 806 Σοφδς
901 736 958 790 δὲ
977 738 1109 809 ἡμῖν
1131 736 1224 791 καὶ
1254 734 1396 807 ίερδς
1421 735 1767 805 άνακέκραγε
1785 735 1852 789 λό

1977 733 2203 790 cumcisi
2227 732 2361 788 estis
2376 733 2433 787 in
2467 732 2773 802 Christo",
2809 753 2828 788 ι
2859 750 2960 806 per
2984 752 3149 807 (metu
3181 746 3238 795 et
3275 754 3403 795 cum
3441 756 3551 813 quo

295 841 387 892 γος
407 838 419 856 ·
458 843 476 876 ι
509 825 896 897 Περιτμήθητε
915 827 995 898 τῷ
1020 825 1263 898 Χριστῷ,
1298 846 1317 879 ι
1351 826 1421 879 δι’
1452 821 1513 881 οὗ
1544 827 1637 880 καὶ
1670 825 1790 898 μεθ’
1811 822 1852 879 οἳ

1978 825 2091 881 Deo
2133 833 2190 880 et
2222 824 2373 879 Patri
2405 824 2578 895 gloria
2610 841 2736 883 cum
2778 835 2968 884 sancto
3016 828 3229 900 Spiritu
3261 830 3319 886 in
3352 832 3548 891 secula

294 916 369 986 τῷ
403 915 523 988 Θεῷ
554 917 649 970 καὶ
689 918 864 988 Πατρὶ
894 919 927 986 ἡ
957 918 1106 985 δόξα,
1139 919 1236 971 σὺν
1284 918 1429 988 ἁγίῳ
1477 917 1755 988 Πνεὺματι
1794 919 1852 972 sit

1974 914 2323 973 saeculorum.
2352 914 2546 973 Amen.

294 1008 417 1072 τοὺς
448 1008 654 1069 αίῶνας
677 1007 788 1061 τῶν
818 1007 1048 1063 αἰώνων.
1088 1010 1281 1080 Ἀμήν.

363 1142 408 1175 ⁸¹
443 1141 617 1201 lCor.
642 1157 682 1207 ι,
724 1140 809 1196 19.
886 1141 1068 1198 “Col.
1105 1141 1277 1208 n,ll.

839 1495 1624 1615 ΓΛΑΦΥΡΩΝ
1702 1496 1942 1609 ΕΙΣ
1995 1495 2313 1608 ΤΗΝ
2372 1482 3003 1611 ΕΞΟΔΟΝ

1603 1719 2049 1809 ΒΙΒΛΙΟΝ
2084 1716 2206 1805 Γ¹.

553 2029 1453 2124 GLAPHYBORUM
1527 1990 1648 2121 1N
1712 2027 2225 2122 EXODUM
2296 2024 2650 2114 LIBER
2721 2023 3283 2115 TERTIUS.

567 2329 707 2397 Περὶ
730 2328 843 2398 τῆς
874 2329 1286 2398 παταχθείσης
1317 2330 1557 2398 πέτρας.

358 2444 428 2494 α’.
464 2457 484 2491 ι
506 2437 787 2493 Είσὲλθετε
809 2440 898 2493 διὰ
923 2441 1022 2511 τῆς
1037 2440 1228 2511 στενῆς
1256 2441 1451 2514 πύλης,
1480 2461 1498 2494 ι
1523 2443 1632 2507 τοῖς
1658 2442 1854 2497 ἑαυτοῦ

290 2527 461 2595 φίλοις
490 2528 754 2598 ἐπεφώνει
787 2529 1054 2601 Χριστόςο
1083 2530 1271 2602 στενὴν
1312 2533 1436 2601 μὲν,
1476 2527 1650 2603 οἶμαι,
1680 2533 1855 2604 πύλην

289 2620 379 2673 καὶ
399 2617 763 2691 τεθλιμμένην
789 2620 1037 2692 εἰσϐολὴν
1065 2621 1125 2674 τὸ
1149 2620 1421 2691 τληπαθὲς
1436 2622 1737 2692 ὀνομάζων,
1760 2625 1856 2676 καὶ

286 2711 382 2782 τὴν
410 2711 504 2764 τοῦ
535 2710 692 2779 λόγου
740 2711 941 2773 παντὸς
983 2711 1138 2777 ἀξίαν
1180 2712 1476 2783 ὑπομονὴν,
1528 2714 1648 2767 καθ’
1681 2714 1749 2784 ἣν
1791 2714 1855 2768 ἂν

285 2803 495 2872 γίνοιτο
527 2804 622 2857 καὶ
672 2802 817 2874 μάλα
850 2803 1118 2865 πλουσίως
1159 2803 1220 2856 τὸ
1253 2804 1563 2875 εὐδοκιμεῖν
1594 2804 1855 2858 δύνασθαι

286 2896 393 2958 τοῖς
414 2894 484 2948 τά
507 2893 619 2948 ἄνω
647 2895 862 2964 φρονεῖν
890 2894 1205 2965 ᾑρημένοις,
1239 2894 1771 2965 καταφαιδρύνεσθαί
1795 2912 1855 2947 τε

290 2988 641 3059 γυμνάσμασι
677 2989 789 3050 τοῖς
820 2988 899 3048 είς
940 2986 1201 3055 εὐψυχίαν
1249 2984 1345 3037 καὶ
1394 2987 1616 3054 ἀρετήν.
1647 2985 1857 3055 Ὠσπερ

286 3078 390 3149 γάρ
429 3078 495 3131 τὸ
533 3078 839 3149 ἀριστεύειν
871 3078 930 3128 ὲν
970 3077 1191 3146 μάχαις,
1234 3076 1299 3144 τῇ
1341 3073 1436 3127 τοῦ
1484 3073 1856 3139 όπλιτεύοντος

284 3169 537 3241 εὐανδρίᾳ
571 3173 864 3241 μαρτυρεῖ·
890 3168 1032 3221 οὕτω
1072 3166 1163 3220 τὸν
1197 3165 1423 3235 εὐσθενῆ
1465 3165 1558 3218 καὶ
1590 3169 1853 3235 γενναῖον,

283 3258 360 3320 εἴς
389 3274 454 3325 γε
492 3258 552 3309 τὸ
586 3256 867 3323 δύνασθαι,
906 3256 1071 3327 φημὶ,
1108 3254 1208 3325 τὴν
1240 3254 1572 3308 ἀνδάνουσαν
1616 3254 1693 3324 τῷ
1737 3254 1856 3327 θεῷ

281 3348 482 3420 ἀρετὴν
504 3346 823 3417 κατορθοῦν,
853 3345 1126 3417 λαμπρὸν,
1157 3346 1252 3399 καὶ
1280 3345 1576 3417 περιφανῆ,
1604 3346 1697 3398 καὶ
1721 3361 1855 3398 παν-

279 3440 373 3503 τὸς
399 3437 623 3492 ἐπαίνου
654 3455 719 3509 με
729 3437 1074 3508 μεστωμένον
1100 3438 1429 3508 ἀποφήνειεν
1451 3436 1518 3491 ἂν
1544 3433 1606 3490 τὸ
1631 3432 1689 3491 εὖ
1711 3437 1853 3509 μάλα

280 3530 543 3584 δύνασθαι
562 3531 859 3599 διενεγκεῖν
884 3529 1009 3592 τοὺς
1038 3530 1102 3582 ὲκ
1128 3528 1221 3582 τοῦ
1243 3528 1600 3601 πειράζεσθαι
1633 3529 1848 3594 πόνους.

279 3619 394 3674 Καὶ
426 3618 558 3687 γοῦν
590 3618 684 3672 τοῦ
719 3618 969 3690 Σωτῆρος
1001 3617 1030 3670 ό
1069 3616 1336 3688 μαθητὴς,
1357 3618 1438 3671 ὅτι
1470 3619 1645 3690 πάντη
1673 3635 1731 3672 τε
1758 3619 1852 3673 καὶ

2468 2327 2548 2382 De
2582 2334 2735 2399 petra
2757 2340 3023 2398 percussa.

2035 2443 2085 2497 ί.
2109 2463 2126 2495 ι
2146 2442 2372 2498 l'ntroite
2391 2457 2490 2512 per
2513 2448 2797 2513 angustam
2808 2448 3026 2512 portam
3041 2436 3109 2503 ³⁸,
3120 2455 3140 2489 ι
3159 2434 3410 2493 Christus
3422 2435 3536 2493 dis-

1961 2538 2159 2607 cipulis
2180 2538 2295 2592 suis
2316 2536 2454 2591 dixit
2498 2554 2511 2589 :
2556 2539 2931 2606 angustam,ut
2953 2531 3210 2595 arbitror,
3241 2538 3453 2601 portam
3479 2539 3536 2585 et

1961 2637 2167 2684 arctam
2190 2629 2334 2683 viam
2358 2627 2650 2682 nominans
2674 2625 3040 2689 tolerantiam,
3070 2624 3328 2693 omnique
3372 2622 3535 2678 laude

1960 2717 2335 2787 dignissimam
2361 2715 2705 2786 patientiam,
2731 2729 2831 2784 per
2860 2730 3024 2784 quam
3047 2712 3290 2783 quidem,
3319 2713 3411 2782 qui
3438 2728 3534 2767 su-

1961 2824 2128 2877 perna
2185 2824 2376 2878 sapere
2422 2808 2615 2862 volunt
2643 2804 2860 2860 laudem
2896 2812 3324 2873 consequantur,
3355 2804 3538 2873 splen-

1961 2899 2233 2968 deantque
2270 2897 2549 2952 exercitiis
2582 2911 2705 2965 qua:
2727 2894 2795 2949 ad
2821 2896 3023 2950 bonam
3065 2894 3233 2947 animi
3263 2894 3533 2947 eonstitu~

1961 2990 2167 3043 tionem
2197 2997 2254 3043 et
2295 2997 2350 3043 et
2388 2989 2453 3042 ad
2479 2989 2740 3041 virtutem
2766 2994 3035 3056 spectent.
3059 2985 3531 3051 Quemadmodum

1961 3078 2109 3131 enim
2141 3076 2405 3131 fortitudo
2430 3083 2664 3131 testatur
2691 3076 2894 3146 primas
2922 3074 2977 3129 in
3004 3074 3150 3129 bello
3173 3074 3440 3142 obtineri,
3460 3075 3534 3130 ita

1961 3170 2124 3224 etiam
2155 3169 2441 3223 robustum
2467 3183 2531 3223 ac
2551 3182 2879 3239 generosum
2917 3166 2986 3221 ad
3008 3182 3226 3221 omnem
3250 3166 3360 3222 Deo
3382 3181 3537 3222 acce-

1963 3270 2109 3331 ptam
2132 3261 2391 3316 virtutem
2416 3258 2800 3330 praestandam,
2828 3258 3181 3329 splendidum
3216 3266 3381 3329 atque
3403 3258 3534 3312 illu—

1962 3360 2159 3416 strem,
2192 3360 2249 3407 et
2271 3352 2420 3406 omni
2451 3351 2611 3405 laude
2649 3350 2989 3405 cumulatum
3029 3349 3292 3416 declarat,
3315 3348 3534 3406 labores

1960 3443 2065 3497 sibi
2113 3458 2180 3497 ex
2215 3442 2515 3496 tentatione
2540 3440 2753 3494 oblatos
2798 3438 3033 3495 infracto
3066 3438 3248 3493 animo
3273 3439 3528 3494 tolerare.

1959 3533 2113 3589 Unde
2134 3541 2191 3589 et
2217 3533 2516 3589 Salvatoris
2540 3531 2844 3601 discipulus
2867 3530 3013 3601 quod
3038 3530 3163 3586 talis
3200 3531 3533 3603 conspicuus

1959 3625 2184 3679 omnino
2226 3632 2389 3695 atque
2416 3623 2648 3677 illustris
2678 3622 2769 3687 sit,
2798 3630 3057 3677 testatum
3101 3621 3262 3676 nobis
3286 3621 3528 3689 reliquit,

264 3711 502 3773 ’πάντως
519 3712 548 3762 ό
573 3708 811 3772 τοιοῦτος
838 3707 1180 3771 ἀπόϐλεπτος
1197 3708 1371 3773 ἔσται,
1400 3708 1576 3780 πεπλη
1586 3711 1852 3781 ροφόρηκε

1958 3717 2144 3772 dicens
2169 3734 2181 3770 :
2205 3735 2222 3766 ι
2255 3716 2455 3770 Beatus
2477 3715 2642 3769 homo
2664 3715 2759 3784 qui
2782 3714 2975 3768 suﬂ‘ert
3001 3713 3380 3774 tentationem,
3402 3710 3531 3778 quia

277 3797 483 3865 λέγων·
530 3817 548 3851 ι
598 3798 883 3867 Μακάριος
926 3797 1211 3869 ἄνθρωπος
1257 3797 1314 3859 ὃς
1358 3799 1624 3870 ὑπομείνῃ
1662 3817 1854 3871 σειρα-

276 3890 439 3959 σμὸν,
466 3888 551 3941 δτι
592 3887 816 3957 δόκιμος
850 3888 1159 3959 γενόμενος,
1198 3887 1426 3960 λήψεται
1471 3890 1561 3943 τὸν
1592 3891 1853 3960 στέφανον

272 3980 378 4048 τῆς
414 3979 583 4050 ζωῆς.
621 3993 647 4031 δ
675 3980 737 4032 Ui
765 3979 821 4032 δὲ
851 3978 914 4051 δὴ
962 3979 1095 4051 πρὸς
1126 3979 1283 4032 τοῦτο
1324 3979 1506 4033 λοιπὸν
1544 3980 1853 4045 εὐσθενείας

273 4073 628 4144 ἐληλακότες,
655 4071 750 4124 καὶ
784 4071 884 4143 τὴν
920 4070 1063 4125 οὕτω
1093 4074 1364 4142 περιφανῆ
1400 4072 1557 4136 δόξαν
1590 4073 1852 4143 ἀράμενοι

269 4165 552 4234 λέγουσιν,
583 4165 666 4218 ὅτι
703 4183 721 4216 ι
762 4163 1121 4233 Ἐδοκίμασας
1143 4162 1315 4231 ἡμᾶς,
1336 4162 1532 4226 όΘεὺς,
1564 4161 1854 4233 ὲπύρωσας

268 4259 448 4328 ἡμᾶς,
482 4256 559 4319 ὡς
585 4254 850 4326 πυροῦται
884 4253 944 4307 τὸ
983 4253 1267 4325 ἀργύριον.
1307 4253 1472 4306 Ἔθου
1515 4253 1723 4322 θλίψεις
1762 4256 1855 4307 ἐπὶ

269 4349 370 4402 τὸν
411 4346 582 4401 νῶτον
628 4346 803 4418 ἡμῶν.
862 4345 1222 4409 Ἐπεϐίῦασας
1263 4344 1583 4417 ἀνθρώπους
1623 4347 1716 4400 ἐπὶ
1752 4347 1851 4411 τὰς

268 4436 528 4506 κεφαλὰς
574 4437 752 4507 ἡμῶν.
801 4435 1099 4507 Διήλθομεν
1143 4436 1228 4489 διά
1273 4437 1444 4508 πυρὸς
1488 4437 1583 4489 καὶ
1638 4436 1848 4500 ὕδατος,

267 4528 611 4600 ἐδοκίμασας
657 4530 801 4600 ἡμᾶς
840 4530 921 4592 είς
965 4526 1248 4597 ἀνάψυξιν.
1300 4547 1318 4579 ι
1381 4528 1701 4599 Ἐκτελευτᾷ
1743 4528 1852 4600 γὰρ

266 4622 295 4673 ό
336 4620 499 4682 πόνος
542 4620 623 4683 είς
678 4618 909 4690 τρυφὴν,
959 4620 1052 4674 καὶ
1099 4619 1480 4690 ἀνευρύνουσιν
1536 4620 1593 4671 αί
1647 4618 1850 4686 θλίψεις

266 4712 390 4774 τοῖς
439 4708 663 4764 άθλοῦσι
717 4710 981 4777 γενναίως
1020 4712 1118 4782 τὴν
1167 4710 1380 4764 εὐθεῖαν
1413 4710 1548 4764 ὁδόν.
1597 4706 1718 4764 Οἳδε
1754 4710 1853 4781 μὲν

264 4802 344 4855 τὰ
399 4802 579 4854 πάντα
634 4801 762 4871 πρὶν
806 4800 1071 4869 γενέσεως
1135 4800 1312 4854 αὐτῶν
1354 4803 1382 4854 ὁ
1430 4800 1540 4853 τῶν
1598 4801 1853 4872 κρυπτῶν

265 4891 545 4964 γνὼστης,
582 4892 827 4945 τουτέστι
856 4892 992 4953 Θεός
1021 4894 1068 4957 (ι
1093 4891 1278 4962 Γυμνὰ
1304 4892 1411 4963 γὰρ
1444 4892 1593 4962 αὐτῷ
1623 4892 1689 4945 τὰ
1718 4893 1852 4945 πάν-

266 5002 347 5041 τα
374 4987 470 5040 καὶ
485 4984 1007 5057 τετραχηλισμένα)·
1035 5002 1053 5035 ›
1083 4985 1364 5056 περιμένει
1391 4985 1446 5037 δὲ
1469 4984 1575 5037 τῶν
1598 4984 1853 5055 πραγμά-

1955 3823 2078 3862 cum
2122 3808 2387 3878 probatus
2430 3805 2617 3868 fuerit,
2665 3805 2899 3873 accipiet
2945 3815 3205 3855 coronam
3258 3798 3470 3851 vitae".
3504 3816 3523 3848 ι

1953 3899 2056 3965 Qui
2083 3914 2215 3952 vero
2243 3913 2309 3951 eo
2339 3895 2678 3950 fortitudinis
2699 3899 3015 3953 evaserunt,
3035 3897 3096 3942 ut
3120 3889 3355 3957 amplam
3383 3886 3528 3940 illam

1955 3998 2120 4058 atque
2158 3988 2413 4041 eximiam
2452 3985 2682 4054 gloriam
2719 3981 2829 4035 sint
2858 3978 3164 4042 consecuti,
3194 3977 3249 4031 bi
3295 3977 3525 4032 dicunt:

1963 4100 1980 4132 ι
2007 4081 2172 4139 Deus,
2202 4087 2257 4132 tu
2285 4076 2529 4147 probasti
2569 4088 2698 4137 nos,
2735 4071 2856 4142 igne
2880 4069 3203 4124 examinasti
3228 4084 3328 4124 nos
3348 4109 3363 4134 ,
3389 4068 3531 4127 sicut

1954 4172 2296 4227 examinatur
2319 4177 2623 4237 argentum.
2650 4163 2886 4219 Posuisti
2919 4161 3241 4216 amictiones
3279 4160 3337 4215 in
3362 4160 3530 4217 dorso

1952 4272 2159 4317 nostro.
2182 4260 2490 4315 Ascendere
2526 4257 2704 4313 fecisti
2731 4254 2983 4310 homines
3020 4254 3076 4309 in
3105 4254 3285 4325 capita
3311 4263 3524 4310 nostra.

1955 4352 2332 4408 Transivimus
2359 4366 2456 4421 per
2496 4349 2675 4421 ignem
2719 4357 2776 4405 et
2801 4363 3022 4419 aquam,
3048 4356 3103 4402 et
3147 4347 3386 4402 eduxisti
3426 4363 3528 4404 nos

1954 4446 2009 4499 in
2037 4444 2382 4513 refrigerium
2411 4442 2476 4496 ⁸³.
2515 4460 2532 4492 ι
2566 4440 2796 4496 Laboris
2819 4441 2964 4494 enim
2993 4439 3114 4493 finis
3135 4449 3220 4494 est
3245 4440 3525 4510 gaudium,

1953 4534 2274 4588 amictiones
2310 4540 2491 4584 autem
2522 4530 2779 4599 aperiunt
2809 4529 2873 4583 iis
2899 4529 2994 4598 qui
3044 4529 3259 4584 fortiter
3278 4536 3489 4582 certant
3509 4568 3528 4594 ,

1952 4627 2094 4681 viam
2121 4626 2186 4679 ad
2220 4623 2463 4679 laetitiam
2489 4622 2670 4693 309.
2691 4620 2955 4692 Cognitor
2977 4620 3122 4675 enim
3145 4620 3484 4674 occultorum
3509 4659 3526 4683 ,

1954 4718 2059 4774 hoc
2098 4726 2183 4772 est
2223 4717 2389 4781 Deus,
2417 4716 2571 4770 novit
2596 4721 2815 4778 cuncta,
2850 4722 3143 4783 antequam
3179 4712 3437 4767 eveniant
3466 4725 3528 4765 ac

1955 4807 2104 4861 fiant.
2145 4826 2163 4857 ι
2200 4807 2356 4861 Nuda
2386 4805 2532 4861 enim
2558 4811 2720 4875 atque
2754 4812 2944 4875 aperta
2972 4803 3024 4858 ei
3046 4811 3174 4858 sunt
3196 4803 3379 4856 omnia
3411 4800 3478 4852 ".
3501 4817 3521 4850 ι

1954 4898 2216 4953 Din‘ertur
2232 4905 2413 4953 autem
2427 4911 2614 4951 rerum
2639 4897 2838 4961 exitus,
2860 4904 3118 4951 eteorum
3136 4893 3231 4961 qui
3247 4898 3525 4946 tentantur

1954 4989 2217 5044 fortitudo
2233 4987 2538 5044 secundum
2563 4995 2829 5055 tempora,
2850 4995 2910 5038 ut
2926 5000 3035 5038 non
3051 4983 3227 5037 solum
3250 4983 3362 5036 Deo
3372 4983 3526 5052 juxta

266 5094 385 5132 των
415 5078 481 5131 τδ
520 5078 716 5148 πέρας,
748 5078 844 5132 καὶ
874 5081 936 5130 τὸ
965 5076 1073 5130 τῶν
1122 5076 1529 5149 πειραζομένων
1556 5076 1697 5131 κατὰ
1729 5093 1845 5129 και-

1957 5078 2344 5147 pramotionem
2363 5074 2766 5146 digniprmmiis
2794 5082 3113 5142 appareant,
3131 5086 3323 5125 verum
3361 5072 3525 5126 etiam

270 5170 407 5242 ροῦς
439 5170 728 5235 εὐσθενές·
769 5170 856 5223 ἵνα
903 5170 1000 5239 μὲν
1049 5169 1323 5238 φαίνοιντο
1378 5169 1452 5239 μὴ
1510 5170 1666 5239 μόνον
1698 5168 1847 5239 αὐτῷ

268 5263 419 5317 κατά
453 5264 762 5334 πρόγνωσιν
790 5261 931 5325 ἄξιοι
957 5260 1155 5332 γερῶν,
1187 5261 1573 5329 κατακροτοῖεν
1607 5259 1663 5312 δὲ
1709 5260 1845 5330 μᾶλ-

265 5355 367 5409 λον
388 5354 463 5419 ὡς
498 5351 911 5427 ἡριστευκότας,
938 5352 1031 5405 καὶ
1059 5352 1145 5404 διὰ
1171 5350 1509 5421 πραγμάτων
1554 5350 1732 5404 αὐτῶν
1762 5352 1849 5404 ἐπ’

266 5448 443 5518 ἀρετῇ
481 5444 1032 5518 μεμαρτυρημένους,
1066 5441 1284 5511 ἄγγελοί
1314 5459 1371 5495 τε
1410 5444 1504 5496 καὶ
1551 5441 1845 5512 ἄνθρωποι.

267 5538 371 5591 Διά
404 5537 568 5594 τοῦτο
600 5537 697 5590 καὶ
720 5538 749 5590 ὁ
776 5535 1043 5608 μακάριος
1076 5533 1285 5596 Παῦλος
1329 5534 1457 5603 περὶ
1490 5532 1654 5586 αὑτοῦ
1672 5550 1732 5586 τε
1755 5532 1850 5585 καὶ

1954 5179 2011 5224 ut
2030 5169 2271 5240 ipsorum
2301 5165 2615 5238 praestantia
2640 5164 2805 5217 rebus
2834 5163 2965 5232 ipsis
2990 5177 3090 5232 per
3108 5163 3367 5218 virtutem
3400 5175 3524 5232 ges-

1956 5262 2024 5314 tis
2046 5260 2331 5315 testificata
2344 5259 2412 5311 ab
2425 5254 2742 5312 hominibus
2761 5253 2964 5323 pariter
2976 5261 3139 5323 atque
3160 5251 3366 5322 angelis
3385 5254 3521 5309 cele-

1956 5354 2051 5408 bro
2061 5361 2167 5405 tur.
2194 5350 2408 5405 Idcirco
2423 5348 2687 5403 etbeatus
2702 5346 2904 5399 Paulus
2914 5344 2982 5399 de
2996 5343 3177 5414 seipso
3188 5351 3244 5399 et
3262 5344 3521 5399 aliissan-

1957 5444 2060 5497 clis
2083 5443 2183 5505 ait,
2216 5440 2361 5511 quod
2384 5454 2509 5493 eum
2531 5434 2828 5490 admodum
2860 5434 3092 5490 feliciter
3113 5433 3521 5489 decertarintac

1956 5532 2213 5594 vicerint,
2240 5550 2258 5581 ι
2283 5525 2665 5599 Spectaculum
2681 5523 2807 5581 facti
2826 5526 2937 5582 sint
2951 5525 3158 5582 mundo
3171 5533 3227 5582 et
3245 5525 3452 5596 angelis
3468 5533 3521 5582 et

292 5644 303 5649 ῃ
347 5674 393 5707 ⁸³
416 5673 616 5731 Matth.
648 5687 741 5740 vn,
775 5672 827 5728 5.
913 5672 1093 5729 “Jac.
1121 5689 1159 5739 ι,
1184 5671 1268 5726 l2.
1347 5672 1393 5703 ⁸⁵
1429 5671 1571 5731 Psal.
1605 5687 1727 5738 ur,
1755 5669 1847 5725 l0-

2016 5672 2061 5705 ³⁸
2098 5669 2264 5724 Hebr.
2290 5685 2361 5735 tv,
2409 5667 2494 5722 15.
