4066 6282
549 318 653 374 £87

1536 311 1603 379 's.
1646 311 1922 383 cviuLLI
1959 329 2430 388 ALEXANDRINI
2470 332 2787 389 ARCHIEP.

3713 343 3818 398 £88

547 443 864 499 hominibus
889 444 955 496 ".
998 463 1015 494 ι
1066 441 1409 499 Mnltifariam
1442 445 1606 516 igitur
1651 449 1914 518 probatur
1939 454 2118 517 lsrael,

2235 456 2342 508 τῶν
2370 455 2546 510 ἄλλων
2578 458 2751 527 ἁγίων
2792 457 2976 529 φησὶν,
3007 455 3080 522 ὼς
3112 457 3428 529 ἠθληκότων
3454 456 3512 514 εὖ
3550 461 3696 532 μάλα
3727 467 3821 519 xal

551 547 612 591 ut
653 535 865 591 tametsi
896 534 1210 591 inﬁrmitate
1239 536 1489 592 laborare
1533 540 1808 604 videatur,
1851 543 2126 612 ingentem
2180 541 2182 544 ’

548 628 644 681 Dei
665 625 1061 695 benignitatem
1084 625 1410 693 admiretur,
1444 632 1538 700 qui
1559 645 1873 700 peccantem
1909 635 2123 691 toleret.

546 719 922 772 Adumbratur
937 727 1122 773 autem
1151 720 1207 774 in
1234 722 1464 792 singulis
1479 739 1600 792 quae
1627 725 1946 780 acciderunt
1965 726 2124 782 Chri—

545 811 614 864 sti
641 812 984 881 mysterium.
1023 812 1183 866 Modo
1222 814 1371 867 enim
1401 829 1711 870 sermonem
1751 817 1817 871 de
1845 819 2126 874 coturnice

543 912 600 956 et
625 917 825 956 manna
851 913 1210 972 exponentes,
1240 918 1353 958 non
1392 920 1585 974 parum
1615 904 1914 972 inﬁrmum,
1941 924 2004 962 ac
2027 925 2124 963 vo-

543 992 740 1061 luptati
770 992 1018 1047 deditum
1044 993 1301 1049 Israelem
1327 998 1686 1052 ostendimus.
1723 997 1829 1053 Sed
1860 1015 1988 1053 ecce
2013 1001 2124 1069 jam

545 1099 740 1138 rursus
785 1085 1030 1138 breviter
1061 1084 1395 1139 inculcatum
1429 1086 1665 1140 videtur.
1700 1087 1777 1141 Ita
1810 1088 1958 1143 enim
1999 1106 2122 1144 rur-

545 1189 668 1230 sum
702 1175 936 1229 habetur
973 1193 987 1227 :
1025 1194 1042 1225 ι
1085 1176 1155 1230 Et
1178 1175 1420 1245 profecta
1444 1188 1530 1232 est
1556 1181 1738 1233 omnis
1767 1181 2122 1251 congregatio

543 1264 785 1319 ﬁliorum
819 1266 984 1320 Israel
1015 1281 1082 1320 ex
1129 1266 1348 1322 deserto
1396 1267 1526 1322 Sina
1565 1284 1690 1324 cum
1720 1271 1838 1326 suis
1865 1272 2122 1327 taberna-
2163 1295 2166 1298 ί

543 1355 684 1410 culis
709 1395 724 1420 ,
762 1356 916 1425 juxta
945 1356 1176 1411 verbum
1211 1358 1426 1413 Domini
1457 1377 1471 1426 ;
1507 1369 1566 1414 et
1593 1363 1965 1417 castrametati
1995 1373 2125 1418 sunt

544 1449 602 1502 in
629 1448 921 1518 Rapbidim
941 1489 956 1514 ,
989 1449 1082 1504 ubi
1114 1465 1228 1505 non
1258 1459 1377 1504 erat
1413 1453 1792 1523 aquapopulo
1817 1455 1884 1509 ad
1923 1454 2122 1510 biben-

541 1540 694 1594 dum.
725 1540 794 1595 Et
819 1541 1234 1596 conviciabatur
1264 1541 1501 1610 populus
1529 1542 1597 1596 ad
1639 1543 1848 1609 Mosen,
1881 1544 2072 1601 dicens
2106 1563 2118 1598 :

543 1629 620 1684 Da
669 1629 830 1684 nobis
854 1645 1057 1699 equam
1090 1637 1151 1683 ut
1183 1629 1456 1684 bibamus.
1513 1631 1582 1686 Et
1620 1631 1758 1686 dixit
1790 1633 1871 1688 eis
1903 1635 2079 1691 Moses
2105 1655 2117 1690 :

542 1721 680 1787 Quid
718 1721 1104 1776 conviciamini
1129 1722 1261 1775 me?
1291 1731 1348 1777 et
1373 1723 1506 1791 quid
1537 1725 1760 1780 tentatis
1789 1727 2122 1783 Dominum?

543 1811 727 1866 Sitivit
766 1821 949 1867 autem
985 1815 1224 1884 p0pulus
1251 1815 1365 1869 illic
1395 1831 1614 1886 aquam,
1661 1829 1718 1874 et
1754 1822 2122 1877 murmuravit
2156 1793 2194 1847 Β

443 1927 445 1929 ι
541 1911 733 1956 contra
760 1903 966 1969 Mosen,
993 1904 1184 1959 dicens
1219 1924 1232 1960 :
1261 1905 1404 1973 Quid
1431 1908 1556 1974 hoc,
1591 1911 1738 1980 quod
1760 1912 1999 1968 eduxisti
2021 1929 2122 1969 nos

540 2009 609 2046 ex
630 1993 886 2066 .‘Egypto,
924 2006 984 2050 ut
1009 1996 1292 2053 occideres
1325 2015 1426 2069 nos
1452 2011 1509 2056 et
1531 2001 1674 2058 ﬁlios
1693 2013 1914 2060 nostros
1952 2016 2008 2061 et
2033 2008 2122 2077 ju-

540 2093 725 2140 menta
747 2086 878 2141 siti?
907 2086 1369 2146 Clamavitautem
1399 2092 1575 2148 Moses
1603 2095 1671 2149 ad
1692 2097 2006 2163 Dominum,
2033 2099 2119 2154 di-

541 2191 674 2231 cens
703 2194 716 2230 :
749 2177 891 2243 Quid
933 2179 1131 2235 faciam
1157 2183 1362 2251 populo
1395 2184 1567 2239 huic?
1592 2187 1771 2242 adhuc
1801 2191 2082 2257 paululum
2103 2232 2118 2256 ,

537 2273 592 2320 et
616 2267 883 2337 lapidabit
904 2286 1011 2326 me.
1043 2272 1112 2326 Et
1137 2272 1276 2327 dixit
1308 2275 1574 2331 Dominus
1593 2279 1660 2332 ad
1688 2279 1871 2335 Mosen
1909 2300 1922 2334 :
1951 2283 2120 2338 Ante-

539 2355 674 2409 cede
697 2357 961 2426 populum
982 2359 1172 2416 istum.
1195 2360 1396 2431 Accipe
1416 2373 1600 2418 autem
1631 2373 1814 2421 tecum
1844 2368 1912 2423 de
1943 2371 2124 2425 senio-

539 2443 696 2498 ribus
721 2445 930 2515 populi,
971 2454 1028 2502 et
1061 2447 1269 2518 virgam
1295 2465 1403 2520 qua
1440 2454 1757 2520 percussisti
1778 2455 2002 2524 ﬁumen,
2026 2476 2119 2515 ac-

539 2535 661 2605 cipe
709 2536 768 2590 in
809 2552 975 2592 manu
1005 2545 1118 2605 tua,
1149 2548 1206 2596 et
1235 2541 1396 2597 vade.
1431 2543 1573 2600 Ecce
1601 2561 1702 2616 ego
1751 2551 1910 2604 stabo
1951 2551 2066 2605 illic
2101 2593 2116 2618 ,

538 2633 832 2698 antequam
863 2639 920 2684 tu
943 2631 1172 2687 accedas
1200 2647 1367 2704 super
1391 2644 1602 2704 petram
1633 2638 1688 2692 in
1705 2637 1870 2694 Oreb.
1899 2641 1966 2695 Et
1997 2658 2121 2712 per-

538 2716 713 2770 cuties
742 2725 974 2786 petram,
1001 2727 1056 2773 et
1094 2720 1268 2775 exibit
1300 2737 1366 2776 ex
1392 2738 1457 2778 ea
1483 2741 1645 2794 aqua,
1668 2735 1726 2781 et
1758 2729 1912 2784 bibet
1939 2746 2119 2802 popu-

539 2803 629 2861 lus
657 2822 831 2862 meus.
865 2809 1017 2863 Fecit
1035 2819 1218 2867 autem
1242 2812 1422 2869 Moses
1449 2815 1530 2871 sic
1558 2832 1743 2872 coram
1775 2819 1903 2876 ﬁliis
1928 2822 2116 2877 Israel:

537 2902 595 2952 et
625 2899 842 2953 vocavit
866 2916 1068 2955 nomen
1109 2902 1214 2957 loci
1233 2902 1402 2971 illius,
1428 2905 1682 2962 Tentatio
1709 2908 1822 2965 sive
1847 2910 2116 2983 Jurgium,

537 2996 763 3058 propter
781 2989 1219 3063 objurgationem
1257 2992 1497 3050 ﬁliorum
1530 2996 1718 3065 Israel,
1759 3009 1815 3055 et
1843 3001 1972 3072 quia
1995 3009 2119 3058 ten-

539 3085 796 3134 taverunt
847 3081 1140 3137 Dominum
1188 3084 1435 3142 dicentes
1482 3105 1495 3141 :
1537 3087 1592 3142 Si
1632 3100 1718 3146 est
1756 3091 2018 3150 Dominus
2059 3095 2115 3150 in

537 3169 699 3224 nobis
729 3186 800 3225 an
827 3188 940 3227 non
973 3175 1060 3228 ‘3?
1091 3196 1109 3226 ι
1147 3175 1274 3232 Haec
1302 3179 1466 3249 310
1507 3181 1730 3250 quidem
1761 3185 1924 3240 nobis
1957 3187 2013 3241 in
2045 3187 2116 3243 li-

538 3258 640 3314 bro
665 3261 840 3316 Exodi
860 3263 1081 3320 divinus
1103 3281 1284 3321 sermo
1316 3256 1711 3327 commemorat
1739 3293 1751 3328 :
1789 3275 1888 3331 sed
1915 3277 1972 3330 in
2007 3278 2119 3333 Nu-

539 3351 710 3405 meris
730 3354 964 3422 amplior
985 3356 1052 3410 de
1071 3357 1159 3412 bis
1179 3360 1421 3415 narratio
1452 3361 1776 3432 instituitur,
1819 3383 1982 3436 quam
2016 3385 2117 3426 ne—

539 3441 841 3496 cessarium
861 3446 982 3500 esse
1011 3447 1257 3503 arbitror
1287 3458 1346 3504 ut
1367 3451 1424 3504 in
1465 3453 1709 3510 medium
1738 3457 2114 3528 proferamus;

540 3538 602 3584 ut
630 3531 842 3603 singula
863 3545 1012 3591 recte
1028 3547 1325 3609 exacteque
1355 3545 1780 3614 perpendentes,
1807 3549 1875 3603 ad
1901 3552 2116 3620 plenam

538 3635 732 3677 eorum
771 3639 892 3694 qua:
935 3627 1066 3682 olim
1105 3629 1337 3699 ﬁgurate
1382 3642 1533 3702 gesta
1575 3646 1704 3691 sunt
1745 3641 2116 3710 cognitionem

538 3714 944 3782 perveniamus,
974 3725 1030 3772 et
1066 3719 1371 3789 spiritualis
1419 3737 1613 3781 sensus
1647 3729 2114 3798 pulchritudinem

538 3821 960 3878 consequamur.
1008 3810 1089 3865 Ita
1143 3811 1313 3883 igitur
1354 3816 1622 3886 scriptum
1660 3820 1939 3878 habetur:
1991 3843 2010 3876 ι
2051 3827 2118 3884 Ει

538 3909 808 3954 venerunt
839 3899 938 3956 ﬁlii
970 3902 1137 3958 Israel
1167 3913 1224 3960 et
1255 3907 1434 3963 omnis
1460 3913 1809 3982 congregatio
1845 3914 1903 3969 in
1930 3915 2120 3973 deser-

538 3998 655 4045 tum
687 3991 817 4058 Sin,
864 3995 923 4050 in
963 4012 1152 4053 mense
1199 3998 1401 4069 primo,
1433 4009 1490 4055 et
1533 4004 1737 4059 mansit
1781 4008 2020 4077 populus
2056 4010 2114 4066 in

535 4082 730 4151 Cades,
765 4093 822 4139 et
848 4095 1066 4143 mortua
1090 4097 1177 4144 est
1199 4089 1277 4144 ibi
1298 4091 1467 4146 Maria
1491 4101 1558 4148 et-
1575 4097 1810 4165 sepulta.
1831 4097 1990 4154 Nulla
2012 4117 2111 4155 au-

539 4183 650 4227 tem
701 4189 842 4242 aqua
899 4184 1021 4229 erat
1075 4181 1515 4249 congregationi,
1555 4193 1611 4237 et
1651 4189 1963 4258 congregati
1986 4200 2115 4252 sunt

537 4268 730 4313 contra
756 4261 891 4316 Mosi
921 4270 978 4315 et
1009 4263 1212 4317 Aaron.
1239 4265 1308 4318 Et
1334 4271 1699 4324 murmuravit
1716 4273 1954 4342 populus
1978 4291 2110 4330 con-

537 4360 623 4404 tra
649 4351 856 4416 Mosen,
879 4352 1127 4414 dicentes
1155 4373 1168 4408 :
1194 4356 1416 4413 Utinam
1442 4360 1645 4415 mortui
1670 4377 1916 4421 essemus
1939 4366 1997 4421 in
2022 4368 2110 4421 in-

2234 549 2617 619 νενικηκότων,
2667 551 2748 602 ὃτι
2784 568 2801 601 ι
2827 549 3064 622 Θέατρον
3126 551 3465 622 ἐγενήθησαν
3510 554 3587 624 τῷ
3629 555 3821 626 κόσμῳ

2231 640 2324 692 xal
2353 640 2605 708 ἀγγέλοις
2651 641 2745 694 καὶ
2787 640 3115 712 ἀνθρώποις.
3147 660 3163 691 ι
3216 643 3584 712 Δοκιμάζεται
3636 649 3820 700 τοίνυν

2230 729 2629 800 πολυτρόπωςὸ
2663 729 2897 802 Ἰσραὴλ,
2919 731 3003 783 ἵνα
3027 731 3131 783 κᾶν
3165 733 3213 784 εί
3246 731 3488 801 φαίνοιτο
3519 736 3691 788 νοσῶν
3737 737 3819 790 ἔτι

2226 818 2287 873 τὺ
2313 820 2524 885 άναλκι,
2548 819 2878 888 θαυμάζοιτο
2907 821 3002 892 μὲν
3025 821 3118 874 ἐπὶ
3171 823 3338 894 πολλῇ
3366 823 3485 876 λίαν
3515 827 3820 899 ἡμερότητι

2226 912 2380 978 Θεὸς,
2415 913 2872 982 πλημμελοῦντας
2910 915 3266 984 ἀνεχόμενος·
3327 921 3721 986 σκιαγραφοῖτο
3760 919 3816 971 δὲ

2230 1005 2430 1074 μᾶλλον
2469 1007 2600 1075 ἡμῖν
2637 1005 2724 1074 ἐφ’
2763 1005 2978 1076 ἑκάστῳ
3020 1006 3128 1060 τῶν
3161 1006 3586 1079 συμϐεϐηκότων
3613 1009 3674 1061 τὸ
3709 1028 3816 1079 μυ-

2232 1096 2472 1165 στήριον.
2514 1097 2676 1165 Ἀρτι
2712 1095 2812 1166 μὲν
2847 1093 2941 1150 οὖν
2974 1095 3065 1150 τὸν
3095 1098 3186 1150 ἐπί
3219 1115 3278 1150 τε
3316 1101 3382 1170 τῇ
3421 1100 3815 1170 ὀρτυγομήτρα

2229 1187 2325 1238 καὶ
2372 1185 2562 1254 μέντοι
2589 1186 2688 1239 καὶ
2721 1185 2800 1257 τῷ
2833 1186 3014 1257 μάννα
3045 1187 3477 1259 διαπεράσαντες
3518 1191 3696 1259 λόγον,
3743 1193 3806 1243 οὐ

2228 1275 2467 1348 μετρίως
2510 1280 3015 1351 κατηρρωστηκότα
3039 1281 3102 1334 τὸ
3128 1281 3358 1353 ἀδρανὲς
3401 1282 3496 1336 καὶ
3528 1285 3814 1356 φιλήδονον

2224 1369 2593 1441 διεδείκνυμεν
2636 1373 2728 1424 τὸν
2767 1374 3002 1447 Ἰσραὴλ.
3045 1375 3182 1427 Ἀλλ’
3210 1374 3322 1428 ἰδοὺ
3366 1375 3530 1428 πάλιν
3571 1376 3666 1428 καὶ
3708 1375 3812 1428 οὐκ

2224 1463 2306 1524 είς
2328 1461 2548 1534 μακρὰν
2571 1465 2930 1536 παροτρύνων
2953 1465 3166 1536 ὁρᾶται.
3197 1465 3512 1536 Γέγραπται
3533 1465 3643 1536 γὰρ
3663 1467 3811 1519 οὕτω

2226 1552 2389 1606 πάλιν
2409 1569 2422 1583 ·
2459 1572 2475 1604 ι
2497 1553 2609 1608 Kal
2631 1555 2814 1626 ἀπῆρε
2840 1556 2988 1608 πᾶσα
3023 1557 3056 1626 ἡ
3081 1557 3382 1627 συναγωγὴ
3427 1557 3555 1610 υἱῶν
3591 1556 3809 1626 Ἰσραὴλ

2223 1643 2288 1694 ἐκ
2310 1642 2657 1713 τῆς.ἐρήμου
2687 1643 2798 1708 Σὶν,
2826 1642 2969 1698 κατά
3004 1644 3358 1714 παρεμϐολὰς
3386 1645 3566 1699 αὐτῶν
3596 1645 3682 1697 διὰ
3709 1647 3810 1716 ρή-

2227 1749 2394 1801 ματος
2423 1732 2646 1804 Κυρίου,
2684 1733 2778 1787 καὶ
2805 1734 3169 1806 παρενέϐαλον
3198 1737 3256 1788 ἐν
3286 1735 3578 1804 Ῥαιριδεῖψ
3611 1737 3710 1788 οὐκ
3738 1731 3809 1805 ἦν

2222 1822 2279 1876 δὲ
2319 1822 2461 1895 ὕδωρ
2498 1822 2580 1894 τῷ
2621 1823 2736 1894 λαῷ
2771 1827 2935 1879 πιεῖν.
2971 1826 3079 1878 Kal
3115 1825 3433 1897 ἐλοιδορεῖτο
3454 1830 3483 1880 ό
3510 1826 3635 1890 λαὸς
3669 1825 3808 1897 πρὸς

2221 1916 2427 1986 Μωσῆν
2489 1916 2768 1985 λέγοντες·
2810 1917 2910 1980 Δὸς
2966 1919 3098 1988 ἡμῖν
3178 1917 3341 1989 ὕδωρ,
3406 1919 3492 1971 ἵνα
3569 1919 3805 1990 πίωμεν.

2223 2005 2333 2058 Kal
2377 2003 2530 2058 εἶπεν
2568 2007 2749 2070 αὐτοῖς
2799 2008 3036 2077 Μωσῆς·
3074 2009 3140 2060 Τί
3178 2008 3503 2078 λοιδορεῖσθέ
3548 2028 3673 2080 μοι;
3711 2014 3812 2065 καὶ

2220 2093 2272 2146 τί
2321 2093 2610 2162 πειράζετε
2655 2094 2888 2166 Κύριον;
2935 2095 3186 2166 masc-nae
3231 2096 3288 2148 δὲ
3320 2097 3446 2160 λαὺς
3489 2097 3640 2151 ὕδατι
3665 2100 3809 2168 ἐκεῖ,

2221 2179 2316 2232 καὶ
2351 2178 2648 2248 ἐγόγγυζεν
2676 2184 2704 2235 ὁ
2729 2181 2856 2246 λαὸς
2888 2183 2982 2236 ἐπὶ
3014 2184 3220 2254 Μωσῆν
3267 2184 3551 2253 λέγοντες·
3588 2189 3705 2250 Ἵνα
3753 2191 3810 2242 τί

2220 2271 2379 2326 τοῦτο
2430 2273 2756 2338 ἀνεϐίϐασας
2808 2275 2956 2346 ἡμᾶς
3017 2274 3077 2341 ἐξ
3127 2276 3427 2344 Αἰγύπτου,
3485 2279 3810 2334 ἀποκτεῖναι

2221 2365 2369 2433 ἡμᾶς
2420 2365 2516 2417 καὶ
2558 2365 2626 2418 τὰ
2675 2365 2838 2419 τέκνα
2882 2367 3063 2438 ἡμῶν,
3093 2368 3186 2421 καὶ
3217 2368 3285 2422 τὰ
3327 2370 3500 2441 κτήνη
3532 2371 3689 2442 ἡμῶν
3722 2372 3808 2441 τῷ

2220 2454 2391 2524 δίψει;
2441 2455 2666 2526 Ἐϐόησε
2711 2457 2768 2509 δὲ
2810 2458 3015 2528 Μωσῆς
3058 2459 3193 2530 πρὸς
3248 2460 3473 2532 Κύριον,
3495 2461 3706 2529 λέγων’
3739 2464 3810 2517 Τί

2221 2548 2432 2619 ποιήσω
2471 2548 2548 2619 τῷ
2585 2548 2700 2618 λαῷ
2728 2549 2937 2618 τούτῳ;
2972 2548 3051 2602 έτι
3099 2550 3296 2620 μικρὸν
3323 2551 3420 2604 καὶ
3445 2553 3810 2607 καταλιθοϐο-

2219 2634 2441 2707 λήσουσί
2473 2655 2562 2707 με.
2594 2638 2703 2692 Kal
2731 2633 2853 2691 εἶπε
2882 2639 3086 2711 Κύριος
3129 2640 3264 2710 πρὸς
3303 2642 3508 2712 Μωσῆν
3529 2660 3543 2673 ο
3583 2644 3809 2714 Προπο-

2224 2727 2383 2798 ρεύου
2419 2728 2514 2782 τοῦ
2561 2729 2691 2782 λαοῦ
2737 2729 2950 2784 τούτου.
2976 2731 3123 2785 Λαϐἐ
3149 2732 3204 2785 δὲ
3244 2733 3381 2804 μετά
3435 2735 3665 2788 σεαυτοῦ
3692 2737 3809 2791 ἀπὸ

2219 2820 2327 2874 τῶν
2376 2821 2761 2893 πρεσϐυτέρων
2811 2822 2910 2876 τοῦ
2956 2823 3108 2890 λαοῦ,
3164 2825 3261 2878 καὶ
3313 2824 3413 2894 τὴν
3454 2825 3651 2896 ῥάϐδον
3677 2822 3808 2902 ἐνῇ

2220 2911 2496 2979 ἐπάταξας
2532 2913 2623 2967 τὸν
2670 2913 2936 2984 ποταμὸν,
2987 2915 3119 2968 λαϐὲ
3161 2916 3218 2968 tv
3259 2918 3324 2986 τῇ
3372 2918 3516 2987 χειρί
3550 2935 3666 2983 σου,
3708 2916 3811 2973 καὶ

2221 3002 2476 3074 πορεύου.
2518 3004 2646 3057 Ἰδοὺ
2675 3004 2785 3072 ἐγὼ
2811 3005 3018 3075 ἕστηκα
3046 3007 3161 3059 ἐκεῖ
3205 3007 3310 3078 πρὸ
3367 3007 3462 3061 τοῦ
3501 3009 3676 3064 ἐλθεῖν
3707 3009 3810 3062 ἐπὶ

2219 3094 2317 3164 τῆς
2350 3094 2554 3166 πέτρας
2601 3097 2658 3149 ἐν
2719 3095 2944 3168 Χωρήϐ.
2989 3095 3102 3151 Kal
3153 3097 3412 3164 πατάξεις
3440 3098 3538 3170 τὴν
3569 3101 3806 3171 πέτραν,

2219 3185 2317 3239 καὶ
2356 3185 2692 3250 ἐξελεύσεται
2729 3187 2871 3259 ὕδωρ
2905 3187 2963 3254 ἐξ
3010 3189 3182 3258 αὐτῆς
3204 3228 3218 3253 ,
3274 3191 3371 3244 καὶ
3401 3191 3584 3245 πίεται
3612 3196 3641 3247 ὁ
3670 3193 3808 3260 λαός

2220 3295 2345 3349 μου.
2386 3278 2640 3349 Ἐποίησε
2667 3278 2725 3331 δὲ
2754 3279 2962 3348 Μωσῆς
3006 3278 3180 3343 οὕτως
3222 3281 3466 3336 ἐναντίον
3517 3283 3624 3336 τῶν
3665 3285 3809 3340 υἱῶν

2230 3369 2466 3441 Ἰσραὴλ,
2497 3370 2591 3424 καὶ
2616 3369 2938 3441 ἐπωνόμασε
2962 3371 3024 3424 τὸ
3053 3371 3225 3442 ὄνομα
3250 3371 3344 3425 τοῦ
3372 3373 3542 3427 τόπου
3564 3375 3806 3441 ἐκείνου,

2219 3460 2532 3530 Πειρασμὸν
2582 3463 2680 3516 καὶ
2730 3461 3054 3532 λοιδόρησιν,
3079 3463 3168 3516 διὰ
3211 3463 3308 3534 τὴν
3344 3463 3646 3536 λοιδόρησιν
3689 3469 3811 3522 τῶν

2217 3553 2348 3606 υἱῶν
2391 3554 2624 3624 Ἰσραὴλ,
2667 3555 2763 3607 καὶ
2784 3554 2873 3608 διὰ
2898 3555 2960 3608 τὸ
2993 3553 3274 3624 πειράζειν
3296 3555 3498 3627 Κύριον
3523 3557 3806 3626 λέγοντεςυ

2216 3645 2282 3698 Et
2308 3645 2424 3699 ἐστι
2449 3644 2655 3716 Κύριος
2690 3647 2748 3698 ἐν
2773 3647 2926 3716 ἡμῖν,
2955 3645 2989 3717 ἥ
3019 3645 3080 3698 οὕ
3106 3662 3122 3710 ;
3147 3663 3164 3698 ι
3204 3646 3316 3699 Καὶ
3346 3648 3506 3701 ταυτὶ
3536 3649 3634 3718 μὲν
3667 3652 3806 3722 ἡμῖν

2219 3738 2277 3792 ἐν
2307 3739 2399 3821 τῇ
2423 3737 2618 3808 Ἐξόδῳ
2651 3737 2712 3791 τὺ
2755 3736 2898 3790 θεῖον
2931 3737 3034 3808 ἔφη
3072 3739 3488 3809 χρησμῲδημα·
3527 3757 3806 3812 κατακερ-

2219 3831 2402 3900 ματιεῖ
2437 3828 2495 3881 δὲ
2524 3828 2714 3899 ὥσπερ
2763 3829 2820 3882 ἐν
2856 3831 2969 3892 τοῖς
3016 3829 3293 3901 Ἀριθμοῖς
3347 3829 3653 3903 εὐρυτέραν
3699 3834 3806 3901 ἀφ-

2214 3920 2433 3996 ήγησιν,
2465 3917 2532 3988 ἢν
2573 3919 2665 3971 καὶ
2704 3919 3000 3987 ἀναγκαῖον
3023 3917 3179 3990 οῐμαι
3212 3921 3592 3989 παρενεγκεῖν,
3617 3921 3697 3985 ὡς
3737 3921 3808 3976 ἂν

2214 4006 2420 4061 ἕκαστα
2455 4003 2836 4075 βασανίζοντες
2867 4005 3042 4079 ὀρθῶς
3070 4008 3165 4060 καὶ
3220 4006 3630 4078 ἀπεξεσμένως,
3662 4011 3806 4064 ἀπο-

2213 4096 2434 4168 χρῶσαν
2467 4095 2679 4167 ἔχωμεν
2724 4096 2832 4150 τῶν
2886 4097 3052 4152 πάλαι
3085 4099 3386 4166 γεγονότων
3413 4098 3664 4163 τυπικῶς
3696 4102 3805 4172 τὴν

2211 4189 2437 4259 εῐδησιν,
2479 4187 2577 4242 καὶ
2618 4188 2752 4258 πρός
2806 4204 2869 4254 γε
2919 4187 2985 4258 δὴ
3027 4187 3257 4254 τούτοις,
3287 4191 3386 4260 τῆς
3412 4191 3804 4262 πνευματικῆς

2213 4279 2442 4350 θεωρίας
2468 4279 2530 4332 τὸ
2572 4278 2788 4342 κάλλος.
2824 4279 3140 4349 Γέγραπται
3169 4280 3234 4351 δὴ
3273 4276 3366 4334 οὖν
3388 4297 3402 4311 ο
3445 4301 3464 4332 ι
3489 4282 3598 4335 Kal
3627 4279 3802 4351 ἦλθον

2211 4374 2259 4425 οἱ
2286 4371 2394 4426 υἱοὶ
2429 4371 2666 4443 Ἰσραὴλ,
2699 4371 2795 4424 καὶ
2834 4373 2984 4424 πᾶσα
3015 4373 3048 4443 ἡ
3092 4373 3386 4444 συναγωγὴ
3414 4376 3494 4438 είς
3534 4377 3634 4445 τὴν
3665 4377 3801 4446 ἔρη-

537 4438 701 4493 teritu
759 4438 994 4494 fratrum
1035 4451 1350 4501 nostrorum
1385 4463 1571 4504 coram
1621 4452 1890 4511 Domino!
1927 4457 2108 4524 Quare

2218 4480 2312 4534 μον
2339 4463 2455 4528 Σὶν,
2490 4438 2547 4516 ἐν
2576 4438 2654 4534 τῷ
2686 4463 2819 4533 μηνὶ⁵
2863 4463 2942 4534 τῷ
2984 4438 3205 4536 πρώτῳ,
3239 4438 3382 4518 ’καὶ-
3401 4438 3731 4536 κατέμεινεν
3761 4438 3800 4521 ’ό

533 4527 810 4584 adduxisti
835 4532 1308 4602 congregationem
1339 4537 1557 4594 Domini
1591 4539 1648 4594 in
1669 4542 1950 4601 desertum
1978 4547 2104 4614 hoc,

534 4627 595 4673 ut
648 4619 934 4676 occideres
961 4637 1064 4677 nos
1099 4631 1155 4678 et
1178 4625 1430 4696 jumenta
1459 4633 1690 4686 nostra?
1717 4632 1895 4699 Quare
1915 4638 2108 4695 eduxi-

529 4710 601 4765 sti
623 4726 725 4766 nos
746 4726 814 4766 ex
835 4710 1096 4798 xngypto,
1131 4723 1194 4770 ut
1224 4717 1541 4776 veniremus
1574 4721 1632 4775 in
1656 4723 1839 4780 locum
1873 4743 2103 4798 pravum

530 4802 714 4858 hunc?
735 4792 914 4873 Locus
935 4805 1028 4860 ubi
1053 4822 1163 4863 non
1194 4810 1518 4877 seminatur,
1549 4829 1729 4884 neque
1750 4817 1905 4885 ﬁcus,
1923 4836 2104 4893 neque

528 4904 720 4960 vineae,
748 4912 928 4967 neque
949 4898 1090 4952 mala
1127 4907 1382 4970 grauata,
1414 4917 1594 4973 neque
1617 4920 1757 4975 aqua
1795 4918 1882 4965 est
1917 4911 1985 4967 ad
2015 4914 2102 4971 bi-

529 4983 789 5039 bendum.
822 4987 890 5041 Et
911 4989 1063 5043 venit
1092 4989 1270 5045 Moses
1301 4975 1366 5046 ad
1391 4991 1573 5048 Aaron
1613 5011 1645 5051 a
1689 4996 1828 5053 facie
1877 5015 2104 5075 congre-

527 5078 762 5147 gationis
786 5079 854 5134 ad
881 5081 1082 5136 ostium
1105 5083 1446 5140 tabernaculi
1481 5086 1826 5146 Testimonii.
1860 5094 1929 5150 Et
1952 5099 2100 5156 ceci-

527 5168 728 5225 derunt
753 5172 806 5224 in
835 5171 1029 5227 faciem
1076 5190 1229 5229 suam
1252 5216 1266 5241 ,
1295 5185 1352 5231 et
1383 5179 1641 5248 apparuit
1683 5182 1858 5252 gloria
1879 5187 2103 5246 Domini

526 5259 593 5316 ad
617 5262 760 5317 illos.
787 5263 855 5317 Et
881 5263 1098 5320 locutus
1117 5274 1201 5320 est
1231 5266 1497 5323 Dominus
1529 5269 1598 5323 ad
1624 5271 1830 5342 Mosen,
1855 5278 2051 5336 dicens
2084 5299 2098 5337 :

2211 4555 2339 4618 λαὸς
2368 4556 2424 4608 ἐν
2465 4553 2668 4625 Καδὴς,
2714 4555 2812 4608 καὶ
2856 4553 3211 4626 ἐτελεύτησεν
3252 4555 3369 4608 ἐκεῖ
3398 4557 3654 4627 Μαριάμ,
3700 4558 3799 4611 καὶ

2211 4648 2385 4718 ἐτάφη
2415 4649 2548 4700 ἐκεῖ,
2575 4647 2685 4700 Kal.
2710 4648 2810 4700 οὐκ
2834 4642 2900 4718 ἦν
2932 4647 3076 4719 ὕδωρ
3102 4650 3168 4718 τῇ
3201 4651 3509 4719 συναγωγῇ,
3545 4650 3638 4702 καὶ
3668 4666 3796 4702 συν-

2208 4737 2576 4810 ηθροίσθησαν
2606 4737 2702 4789 ἐπὶ
2727 4738 2898 4809 Μωσῇ
2927 4737 3022 4790 καὶ
3055 4737 3286 4810 Ἀαρών.
3327 4739 3437 4792 Kal.
3472 4739 3798 4808 ἐλοιδορεῖτο

2207 4832 2237 4884 ό
2263 4829 2387 4892 λαὸς
2415 4829 2548 4894 πρὸς
2588 4828 2814 4899 Μωσῆν,
2859 4829 3133 4897 λέγοντες·
3178 4830 3408 4899 Ὄφελον
3457 4829 3795 4900 ἀπωλόμεθα

2205 4925 2262 4976 tv
2291 4925 2358 4994 τῇ
2398 4921 2643 4992 ἀπωλείᾳ
2689 4918 2799 4972 τῶν
2838 4921 3084 4990 ἀδελφῶν
3121 4921 3278 4993 ἡμῶν
3332 4922 3513 4975 ἔναντι
3545 4921 3789 4992 Κυρίουι

2204 5012 2316 5066 Kal
2348 5012 2435 5081 ἵνα
2469 5011 2521 5064 τί
2565 5012 2769 5082 ἤγαγες
2814 5010 2913 5081 τὴν
2943 5012 3264 5082 συναγωγὴν
3303 5011 3510 5082 Κυρίου
3554 5012 3633 5073 είς
3685 5012 3792 5080 τὴν

2201 5104 2405 5175 ἔρημον
2433 5103 2634 5174 ταύτην
2655 5104 2974 5157 ἀποκτεῖναι
2999 5105 3146 5174 ἡμᾶς
3175 5104 3270 5157 καὶ
3293 5103 3360 5157 τὰ
3390 5103 3556 5155 τέκνα
3585 5101 3791 5172 ῆμῶν;

2199 5196 2310 5250 Kal
2342 5197 2430 5249 ἵνα
2463 5195 2516 5248 τί
2545 5193 2702 5248 τοῦτο
2734 5194 3037 5265 ἀνηγάγετε
3068 5196 3218 5266 ἡμᾶς
3252 5193 3314 5259 ἐξ
3357 5195 3636 5262 Αἰγύπτου
3676 5209 3789 5244 πα-

2198 5287 2524 5358 ραγενέσθαι
2553 5288 2632 5350 εἰς
2661 5287 2752 5340 τὸν
2775 5286 2934 5340 τόπον
2969 5284 3061 5339 τὸν
3085 5284 3320 5356 πονηρὸν
3343 5284 3562 5348 τοῦτονς
3595 5281 3788 5344 Τόπος

522 5354 724 5425 Accipe
757 5355 986 5428 virgam,
1023 5366 1079 5412 et
1111 5373 1383 5430 congrega
1413 5367 1915 5436 congregationem,
1959 5381 2016 5426 tu
2039 5382 2099 5428 et

2218 5373 2256 5432 ὦ
2301 5381 2362 5432 οὐ
2423 5379 2725 5450 σπείρεται,
2783 5377 2903 5431 οὑδέ
2949 5379 3130 5440 συκαῖ,
3182 5375 3304 5430 οὐδὲ
3362 5374 3617 5446 ἄμπελοι,
3655 5373 3785 5426 οὐδὲ

521 5443 703 5500 Aaron
726 5445 894 5500 frater
908 5455 1052 5516 tuus,
1075 5458 1131 5503 et
1157 5450 1444 5520 loquimini
1469 5456 1534 5510 ad
1556 5465 1766 5525 petram
1789 5476 1973 5518 coram
1995 5467 2098 5532 eis,

527 5541 582 5586 et
605 5532 757 5588 dabit
776 5550 945 5604 aquas
975 5553 1122 5604 suas,
1146 5548 1201 5594 et
1229 5541 1477 5599 educetis
1499 5545 1582 5600 eis
1605 5563 1803 5618 aquam
1824 5568 1892 5609 ex
1916 5565 2094 5626 petra,

600 5707 643 5739 ⁵⁷
691 5707 974 5779 ΙΟοικ-ιν,
998 5712 1099 5781 _l9.
1176 5716 1415 5789 "Exod.
1451 5737 1577 5790 xvii,
1612 5725 1731 5786 1-7.

2199 5471 2340 5544 ῥοαὶ,
2376 5473 2496 5526 οὐδὲ
2529 5473 2673 5544 ὕδωρ
2697 5471 2857 5544 [ἔστι]
2892 5474 3054 5527 πιεῖν.
3103 5464 3211 5524 Kal
3260 5465 3390 5541 ἦλθε
3441 5467 3649 5536 Μωσῆς
3683 5467 3783 5519 καὶ

2209 5561 2420 5633 Ἀαρὼν
2449 5564 2560 5618 ἀπὸ
2613 5563 2907 5635 προσώπου
2935 5564 3041 5634 τῆς.
3064 5563 3384 5633 συναγωγῆς
3421 5561 3514 5614 ἐπὶ
3546 5559 3652 5632 τὴν
3677 5556 3780 5612 Oti-
