4066 6282
490 354 589 409 ΜΗ.

1466 354 1521 409 S.
1560 353 1833 409 CYRILLI
1872 352 2341 412 ALEXANDRINI
2383 348 2701 414 ARCHIEP.

3649 360 3758 417 ιρει

494 467 657 525 Israel
696 465 952 538 praeclare
978 479 1092 520 rem
1113 479 1325 536 gerere,
1357 482 1536 536 neque
1566 467 2071 524 atl'ectuumincur-

2184 471 2297 524 οὐδὲ
2328 474 2510 535 συκαῖ,
2536 473 2655 526 οὐδὲ
2681 473 2936 543 ἄμπελοι,
2969 470 3088 527 οὐδὲ
3130 473 3274 545 ῥοαί,
3304 471 3426 525 οὐδε
3464 466 3610 543 ὕδωρ
3644 475 3763 528 ἔστι

491 558 739 615 sionibus
758 557 975 613 lortiter
1006 558 1286 613 resistere.
1321 557 1481 629 312
1512 559 1637 614 Hzec
1665 559 1812 613 enim
1837 575 1927 614 res
1958 575 2069 615 non

390 684 419 718 ς·
492 651 560 706 iis
598 651 694 721 qui
733 658 861 704 sunt
908 649 1013 705 sub
1054 649 1173 721 lege
1203 658 1288 705 est
1321 661 1620 715 reservata,
1655 651 1751 706 sed
1798 651 1980 721 potius
2004 652 2071 706 iis

490 750 791 814 przeparata
809 744 904 813 qui
928 742 1146 798 Christo
1160 742 1289 798 Jesu
1312 751 1440 797 sunt
1459 742 1633 797 insiti.
1657 742 1832 806 Unde,
1854 744 2069 798 tametsi

491 835 845 889 merebantur
875 841 938 888 ut
970 834 1116 888 Deus
1141 833 1316 889 iratus
1355 834 1488 904 ipsis
1510 849 1707 904 aquam
1737 849 1848 889 non
1872 848 2073 904 suppe-

490 925 710 990 ditaret,
752 932 935 980 tamen
960 934 1019 980 ut
1044 926 1136 995 qui
1168 925 1235 979 ad
1273 933 1476 980 tantam
1512 924 1887 995 stupiditatem
1910 925 2074 979 deve-

490 1025 708 1082 nerant,
749 1031 848 1088 per
877 1016 983 1072 alia
1014 1017 1279 1071 miracula
1307 1015 1373 1071 ad
1406 1015 1569 1071 ﬁdem
1592 1026 2069 1086 promoverentur,

490 1109 752 1179 praecepit
795 1108 930 1163 Mosi
972 1116 1034 1162 ut
1086 1107 1239 1178 virga
1280 1116 1598 1179 percuteret
1641 1117 1876 1178 petram.
1927 1109 2075 1163 Deus

492 1208 679 1254 autem
723 1199 953 1255 minime
984 1199 1270 1269 ignorabat
1299 1199 1464 1254 etiam
1504 1199 1683 1269 ipsum
1717 1199 1903 1254 Mosen
1927 1188 2075 1253 'non-

492 1292 633 1348 nihil
656 1290 772 1347 fore
792 1291 1194 1362 pusillanimem
1222 1290 1294 1346 ob
1318 1292 1505 1362 pepuli
1538 1291 1795 1355 insultus,
1827 1291 2073 1361 adeoque

494 1385 639 1439 circa
664 1382 829 1437 ﬁdem
850 1380 1286 1437 claudicaturum
1310 1397 1451 1437 esse.
1476 1382 1689 1437 Idcirco
1708 1382 1786 1437 ait
1808 1383 1862 1436 in
1885 1382 2073 1438 Exodo

494 1471 763 1541 quidem:
815 1490 833 1523 ι
874 1471 1041 1529 Sume
1091 1480 1275 1528 tecum
1323 1488 1392 1526 ex
1439 1473 1753 1528 senioribus
1774 1472 1985 1542 populi,
2018 1480 2075 1527 et

495 1563 703 1635 virgam
736 1579 844 1634 qua
887 1564 1207 1634 percussisti
1238 1562 1487 1627 ﬂuvium,
1524 1565 1707 1633 accipe
1742 1563 1795 1617 in
1849 1578 2074 1617 manum

492 1661 669 1718 tuam,
709 1661 765 1707 et
791 1653 949 1708 vade.
981 1653 1121 1707 Ecce
1148 1668 1251 1722 ego
1278 1652 1407 1707 steti
1441 1652 1539 1715 ibi,
1566 1665 1858 1722 antequam
1891 1660 1949 1707 tu
1978 1668 2074 1707 ve-

493 1746 643 1801 neris
671 1745 727 1800 in
751 1752 961 1816 petram
984 1743 1148 1809 Oreb,
1176 1743 1455 1815 percuties
1477 1754 1711 1814 petram,
1737 1753 1792 1800 et
1817 1745 1987 1799 exibit
2009 1761 2076 1799 ex

494 1837 613 1906 ipsa
645 1852 805 1906 aqua;
844 1836 1105 1909 bibetque
1139 1836 1370 1907 populus
1399 1851 1558 1892 meus
1586 1838 1648 1890 ε’.
1682 1856 1700 1887 ι
1737 1837 1796 1891 In
1824 1837 2078 1892 Numeris

498 1938 684 1985 autem
708 1930 782 1986 ita
804 1930 1036 2001 legitur:
1064 1949 1081 1982 ι
1113 1930 1315 2001 Accipe
1338 1930 1547 2001 virgam
1583 1939 1638 1985 et
1668 1945 1906 1985 convoca
1940 1946 2076 1985 con-

497 2022 890 2093 gregationem,
914 2029 973 2078 tu
1008 2031 1065 2079 et
1086 2023 1268 2078 Aaron
1296 2022 1466 2079 frater
1496 2030 1646 2078 tuus.
1673 2023 1741 2078 Et
1763 2023 1986 2091 loquere
2009 2021 2077 2075 ad

497 2118 709 2182 petram
731 2128 916 2169 coram
967 2113 1121 2184 ipsis,
1150 2120 1205 2168 et
1238 2113 1392 2168 dabit
1418 2128 1612 2184 aquam
1637 2127 1813 2167 suam.
1841 2112 1908 2166 Et
1928 2110 2081 2165 aufe-

500 2205 636 2261 retis
657 2204 814 2261 vobis
836 2220 1033 2276 aquam
1054 2221 1122 2259 ex
1144 2204 1261 2275 ipsa
1281 2213 1455 2274 petra,
1478 2211 1535 2258 et
1558 2201 1820 2273 potabitis
1847 2215 2077 2272 congre-

497 2297 772 2367 gationem
806 2297 872 2351 ⁶³.
905 2315 923 2348 ι
979 2295 1223 2352 Observa
1272 2302 1458 2350 autem
1495 2294 1641 2363 quod
1673 2292 1724 2347 ei
1766 2298 1989 2347 revocet
2022 2291 2078 2345 in

498 2387 821 2442 memoriam
850 2387 1116 2443 miracula
1140 2387 1195 2441 in
1217 2385 1451 2458 Egypto
1469 2385 1639 2449 edita,
1674 2383 1839 2453 idque
1863 2382 1987 2437 ideo
2018 2390 2081 2437 ut

499 2476 674 2547 ipsius
712 2464 877 2532 ﬁdem
945 2476 1235 2532 conﬁrmet
1279 2493 1292 2530 :
1338 2495 1356 2526 ι
1387 2475 1579 2547 Sume,
1631 2475 1921 2545 inquiens,
1965 2475 2081 2529 vir-

496 2585 620 2642 gam
655 2569 711 2625 in
744 2585 968 2624 manum
999 2579 1170 2634 tuam,
1201 2584 1309 2639 qua
1338 2568 1662 2639 percussisti
1694 2567 1922 2622 ﬂuvium
1953 2566 2018 2620 “.
2056 2585 2073 2618 ι

498 2660 665 2729 Quasi
693 2660 905 2716 diceret
930 2678 944 2714 :
969 2660 1065 2715 Illa
1089 2661 1243 2731 virga
1270 2675 1392 2729 qua:
1422 2667 1530 2713 tam
1561 2658 1838 2729 ingentem
1855 2657 2080 2712 ﬂuvium

499 2752 887 2808 transmutavit
925 2751 983 2806 in
1014 2752 1357 2823 sanguinem,
1392 2767 1490 2807 sua
1514 2751 1778 2807 ineffabili
1816 2752 2081 2822 potentia,

499 2845 614 2900 Deo
648 2844 779 2900 talia
803 2852 1120 2916 praestante,
1149 2842 1408 2900 facillime
1446 2844 1613 2899 etiam
1640 2857 1671 2897 e
1695 2851 1849 2913 petra
1874 2843 2081 2899 elicue-

499 2936 574 2992 rit
596 2952 816 3007 aquam.
840 2937 1049 2993 Deinde
1079 2937 1245 2992 etiam
1273 2937 1379 2991 alia
1404 2936 1617 2991 ratione
1640 2951 1766 2991 eum
1791 2935 2084 2990 conﬁrmat

501 3027 633 3085 dum
660 3029 736 3086 ita
763 3029 919 3095 dicit,
954 3049 974 3081 ι
1006 3029 1147 3085 Ecce
1180 3044 1283 3101 ego
1307 3029 1434 3091 steti
1460 3028 1570 3084 illic
1593 3029 1657 3081 ⁸³.
1690 3047 1708 3079 ›
1728 3028 1918 3098 Neque
1934 3027 2081 3083 enim

2171 564 2335 616 πιεῖν.
2367 583 2387 616 ›
2423 564 2614 633 Ἀθρει
2649 562 2836 634 ὥσπερ
2882 562 3218 632 ὑποφέρεται
3263 562 3401 634 πρὸς
3443 562 3758 635 ἀνανδρίαν,

2171 656 2267 708 καὶ
2297 655 2605 709 διανένευκε
2642 654 2741 726 μὲν
2772 655 3015 727 ἀσχέτως
3038 657 3117 719 εἰς
3143 656 3513 727 προσκαίρους
3540 654 3758 726 ἡδονὰς,

2175 749 2550 815 μεταποιεῖται
2593 746 2651 801 δὲ
2700 745 2823 800 λίαν
2866 747 3114 818 τέρψεων
3156 746 3474 817 κοσμικῶν·
3520 747 3619 800 καὶ
3665 763 3764 815 γα-

2174 841 2334 912 στρὸς
2374 841 2472 912 μὲν
2489 837 2814 910 ἀποδέχεται
2837 838 3020 908 κόρον.
3053 837 3315 891 Διαπτύει
3343 836 3402 891 δὲ
3425 838 3524 909 τὴν
3546 838 3760 895 ἑλπίδι.

2174 930 2395 999 καὶτῆς
2430 931 2544 993 τοῖς
2578 929 2849 1001 πατράσιν
2897 928 3317 1001 ἐπηγγελμένης
3356 928 3419 981 οὐ
3467 926 3760 999 κατέχεται

2173 1020 2318 1090 γῆς’
2352 1021 2451 1075 οὐκ
2499 1020 2696 1075 ἐννοῶν
2723 1021 2808 1074 ὅτι
2854 1021 3031 1089 πάντη
3070 1036 3128 1072 τε
3174 1021 3267 1073 καὶ
3305 1019 3525 1081 πάντως
3551 1020 3619 1072 τά
3652 1020 3762 1072 τῶν

2173 1111 2530 1182 χαρισμάτων
2563 1110 2816 1181 ἐξαίρετα
2858 1110 3221 1181 μεσολαϐοῦσι
3261 1110 3436 1164 πόνοι.
3485 1111 3621 1164 Οὐδὲ
3648 1112 3761 1181 γὰρ

2174 1201 2428 1273 ἀνιδρωτὶ
2464 1201 2871 1274 κατακτήσαιτό
2905 1219 2988 1265 τις
3013 1202 3081 1256 τά
3120 1201 3384 1255 κάλλιστα
3416 1201 3528 1255 τῶν
3554 1202 3758 1273 γερῶν.

2176 1293 2291 1345 Οὐκ
2330 1288 2473 1347 οῐδσν
2516 1288 2612 1347 οὖν
2655 1296 2686 1347 ό
2733 1293 2953 1365 Ἰσραὴλ
2992 1293 3326 1365 ἀριστεύειν,
3357 1294 3477 1347 οὐδὲ
3511 1297 3631 1357 ταῖς
3652 1293 3764 1348 τῶν

2177 1380 2368 1433 παθῶν
2400 1380 2729 1454 προσϐολαῖς
2761 1382 3083 1449 άντεξὰγειν
3116 1383 3400 1447 νεανικῶς.
3440 1384 3596 1438 Ἐπεὶ
3623 1383 3765 1455 μηδὲ
3802 1430 3803 1433 η

2175 1474 2289 1535 τοῖς
2319 1475 2376 1525 ἐν
2420 1466 2568 1543 νόμῳ
2613 1473 2673 1525 τὸ
2710 1472 2901 1544 χρῆμα
2936 1474 3205 1543 τετήρητο
3227 1491 3240 1504 ο
3271 1472 3676 1544 προητοίμαστο
3704 1472 3766 1527 δὲ

2180 1564 2380 1636 μᾶλλον
2408 1569 2521 1630 τοῖς
2548 1567 2607 1620 ἐν
2652 1564 2895 1639 Χριστῷ.
2935 1566 3072 1619 Ἀλλ’
3105 1561 3173 1636 ἦν
3217 1566 3317 1636 μὲν
3348 1565 3497 1629 εἰκὸς
3529 1566 3769 1634 ἀγανακ-

2176 1656 2374 1727 τοῦντα
2397 1656 2550 1722 Θεὸν,
2583 1657 2718 1728 μηδὲ
2747 1658 2846 1728 τῆς
2881 1655 3091 1711 ὑδάτων
3119 1657 3315 1719 αὐτοὺς
3342 1655 3572 1722 ἀξιῶσαι
3606 1668 3770 1726 χορη-

2178 1747 2336 1817 γίας·
2371 1748 2463 1801 ἵνα
2488 1748 2546 1802 δὲ
2574 1749 2779 1820 καίπερ
2823 1750 2903 1811 εἰς
2939 1747 3099 1801 τοῦτο
3144 1746 3464 1817 καθιγμένοι
3512 1746 3775 1815 σκαιότη-

2177 1858 2291 1906 τος,
2321 1840 2416 1894 ml.
2449 1840 2517 1894 δι’
2540 1840 2742 1910 ἑτέρων
2782 1841 2865 1903 εἰς
2900 1838 3083 1892 πίστιν
3113 1839 3409 1907 ὠφελοῐντο
3446 1837 3773 1908 θαυμάτων,

2179 1932 2578 2004 προστάττεται
2628 1931 2832 2002 Μωσῆς
2869 1930 3247 2000 κατακροῦσαι
3307 1932 3373 1999 τῇ
3431 1928 3616 2008 ῥάϐδῳ
3667 1927 3776 1997 τὴν

2181 2022 2407 2093 πέτραν.
2456 2021 2595 2074 Ἀλλ’
2636 2021 2736 2073 οὐκ
2772 2020 2958 2088 ἠγνόει
3002 2018 3136 2083 Θεὸς
3171 2019 3255 2072 ὅτι
3280 2020 3399 2080 ταῖς
3431 2016 3539 2069 τῶν
3578 2016 3773 2087 δήμων

2180 2113 2614 2168 ἑπαναστάσεσιν
2634 2112 3034 2183 ὀλιγοψυχήσας
3049 2108 3247 2181 βραχὺ,
3260 2109 3358 2161 καὶ
3372 2106 3534 2171 αὐτὸς
3546 2106 3775 2160 ὀκλάσει

2180 2206 2310 2275 περὶ
2334 2206 2434 2276 τὴν
2458 2206 2664 2259 πίστιν.
2692 2203 2791 2257 Διὰ
2812 2202 2970 2256 τοῦτό
2995 2217 3161 2272 φησιν
3192 2201 3251 2253 ὲν
3287 2200 3386 2270 μὲν
3411 2200 3480 2270 τῇ
3528 2197 3735 2267 Ἐξόδιρ
3753 2214 3768 2227 ⁸

2189 2312 2207 2344 ι
2231 2292 2377 2347 Λαϐὲ
2436 2292 2573 2363 μετὰ
2628 2292 2857 2346 σεαυτοῦ
2902 2291 3018 2345 ’ἀπὸ
3065 2289 3175 2343 τῶν
3230 2288 3616 2359 πρεσϐυτέρων
3670 2285 3771 2340 τοῦ

2188 2384 2349 2448 λαοῦ,
2394 2385 2493 2437 καλ⁵
2538 2384 2638 2454 τὴν
2677 2383 2871 2454 ῥάϐδον
2907 2384 2966 2436 εν
3080 2380 3357 2444 ὲπάταξας
3385 2379 3475 2435 τὸν
3505 2378 3775 2449 ποταμὸν,

2182 2476 2315 2530 λαϐὲ
2346 2479 2404 2530 ὲν
2433 2479 2500 2548 τῇ
2530 2478 2675 2548 χειρί
2699 2493 2815 2543 σου,
2840 2475 2938 2530 καὶ
2960 2472 3223 2546 πορεύσῃ.
3264 2473 3397 2527 Ἰδοὺ
3418 2471 3530 2541 ἐγὼ
3563 2472 3786 2543 ἕστηκα

2182 2572 2319 2634 ἐκεῖ,
2361 2570 2466 2639 πρὸ
2512 2569 2606 2624 τοῦ
2647 2571 2707 2623 σὲ
2748 2569 2925 2624 ἐλθεῖν
2958 2567 3053 2623 ἐπὶ
3093 2571 3191 2636 τῆς
3229 2566 3435 2636 πέτρας
3456 2568 3515 2621 ὲν
3543 2563 3779 2636 Χωρὴϐ,

2183 2660 2283 2715 καὶ
2310 2661 2571 2726 πατάξεις
2606 2662 2705 2733 τὴν
2738 2660 2970 2731 πέτραν,
3000 2659 3097 2713 καὶ
3123 2658 3463 2724 ἐξελεύσεται
3495 2658 3561 2723 ἐξ
3598 2657 3783 2727 αὐτῆς

2185 2752 2349 2824 ὕδωρ,
2374 2753 2471 2806 καὶ
2494 2752 2699 2807 πινέτω
2720 2753 2749 2805 ὁ
2768 2751 2897 2814 λαός
2922 2767 3045 2820 μου.
3072 2769 3093 2803 ι
3141 2751 3228 2803 Ἐν
3244 2750 3301 2803 δὲ
3319 2751 3433 2812 τοῖς
3472 2748 3777 2821 Ἀριθμοῖς·

2192 2864 2211 2896 ι
2233 2843 2382 2899 Λαϐὶ
2409 2846 2510 2914 τὴν
2530 2843 2744 2915 ῥάϐδον,
2777 2843 2874 2897 καὶ
2896 2842 3256 2912 ὲκκλησίασον
3280 2840 3380 2912 τὴν
3419 2841 3781 2911 συναγωγὴν,

2186 2934 2251 2988 σὺ
2286 2934 2383 2988 καὶ
2423 2934 2634 3004 ’Δαρὼν
2679 2933 2713 2986 ὁ
2763 2933 2991 3003 ἀδελφός
3039 2950 3155 2989 σου.
3206 2933 3319 2986 Καὶ
3347 2932 3582 3002 λάλησον
3635 2930 3782 3002 πρὸς

2183 3025 2289 3096 τὴν
2315 3025 2525 3096 πέτραν
2562 3025 2805 3078 ἐναντίον
2836 3025 3039 3089 αὐτῶν,
3062 3023 3160 3078 καὶ
3190 3022 3351 3077 δώσει
3377 3021 3445 3076 τὰ
3473 3020 3643 3075 ῦδατα
3669 3020 3783 3073 αύ-

503 3120 655 3178 solus
688 3122 820 3187 eris,
866 3122 984 3177 ait:
1016 3136 1196 3192 neque
1238 3130 1295 3176 tu
1340 3121 1790 3177 admirandorum
1836 3128 2081 3190 patrator

2184 3118 2316 3179 τοῖς.
2354 3116 2467 3170 Καὶ
2511 3113 2745 3179 ἰξοίσετε
2784 3114 2965 3181 αὐτοῖς
3010 3113 3154 3187 ὕδωρ
3182 3116 3249 3168 ὲκ
3282 3113 3384 3183 τῆς
3411 3113 3639 3184 πέτρας.
3674 3111 3786 3164 καὶ

505 3212 704 3269 iterum
730 3213 936 3280 lueris;
974 3213 1071 3268 sed
1096 3227 1198 3284 ego
1218 3220 1431 3283 petram
1459 3213 1759 3268 multorum
1789 3211 2081 3267 ﬂuviorum

2186 3211 2421 3261 ποτιεῖτε
2451 3208 2550 3278 τὴν
2581 3207 2923 3277 συναγωγήν.
2957 3224 2977 3258 ι
3027 3207 3392 3279 Ἐπιτήρησον
3416 3205 3500 3258 ὅτι
3530 3202 3782 3274 βεϐαιῶν

504 3313 737 3361 matrem
761 3304 1071 3371 ostendam,
1113 3304 1275 3374 prius
1292 3303 1613 3374 praeparabo
1643 3302 1993 3367 miraculum,
2028 3310 2081 3357 et

2184 3300 2263 3362 sic
2295 3298 2476 3352 πίστιν
2502 3297 2637 3368 πρὸς
2652 3297 2955 3368 ἀνάμνησιν
2981 3296 3081 3364 τῆς
3108 3298 3165 3349 ὲν
3195 3294 3456 3364 Αἰγύπτῳ
3476 3308 3785 3364 τερατουρο

506 3392 762 3463 uppcriar
791 3398 946 3446 tuum
972 3392 1363 3448 ministerium.
1397 3390 1651 3459 Loquere
1682 3399 1873 3461 petrae,
1902 3398 1958 3445 et
1983 3404 2093 3459 ego.

508 3496 728 3537 rursum
750 3495 847 3537 ero
875 3489 1095 3537 tuorum
1119 3482 1425 3537 verborum
1444 3481 1613 3535 robur
1642 3488 1805 3550 atque
1824 3480 2082 3535 eﬂicacia.

506 3573 682 3627 Porro
718 3570 822 3627 etsi
851 3572 941 3626 his
957 3571 1145 3626 verbis
1166 3571 1447 3626 debuisset
1468 3568 1741 3624 conﬁdere
1762 3568 1956 3632 Moses,
1993 3568 2089 3623 de-

506 3666 638 3723 fecit
698 3673 907 3721 tamen.
946 3664 1049 3721 Ait
1094 3664 1285 3719 enim:
1339 3681 1358 3714 ι
1389 3660 1589 3717 Audite
1632 3674 1741 3726 me,
1772 3659 2091 3715 increduli:

506 3772 640 3813 num
682 3770 751 3810 ex
771 3760 931 3826 petra
961 3754 1066 3810 hac
1095 3752 1467 3825 producemus
1506 3751 1664 3807 vobis
1696 3764 1893 3820 aquam
1938 3751 1983 3783 δ’
2007 3751 2031 3803 ?
2059 3768 2082 3804 ›

507 3846 718 3904 Deinde
738 3846 894 3918 virga
918 3854 1130 3918 petram
1155 3845 1242 3900 bis
1265 3844 1511 3916 percutit
1538 3861 1552 3897 :
1580 3842 1728 3899 haud
1751 3856 1910 3897 secus
1944 3856 2011 3896 ac
2041 3841 2089 3895 si

507 3939 645 3995 nihil
685 3953 880 3996 eorum
915 3953 1038 4010 quae
1079 3936 1495 4008 exspectabant,
1543 3943 1873 3992 eventurum
1919 3944 2084 3997 esset,

508 4030 726 4088 etiamsi
742 4036 897 4101 petra
914 4037 1293 4099 percuterctur
1313 4028 1483 4099 virga,
1503 4028 1588 4083 bis
1603 4026 1892 4098 percussit,
1910 4041 2094 4095 quan-

509 4137 677 4193 quam
701 4121 858 4191 prius
875 4119 1104 4175 ﬂuvium
1126 4121 1183 4175 in
1214 4121 1532 4191 sanguinem
1563 4118 2008 4175 transmutaverit
2034 4118 2088 4171 in

514 4212 745 4282 Egypto
770 4224 871 4278 per
894 4210 1145 4264 eamdem
1174 4210 1403 4279 virgam,
1426 4225 1589 4279 quam
1615 4218 1729 4265 tum
1754 4210 1922 4265 semel
1946 4210 2088 4264 dun-

517 4304 664 4355 taxat
683 4294 1021 4350 extenderat.
1049 4294 1304 4350 Attamen
1338 4297 1486 4351 Deus
1507 4296 1702 4350 tribuit
1728 4296 1863 4366 ipsis
1888 4296 2091 4351 ﬁumen

514 4399 689 4455 aqum,
738 4382 955 4437 tametsi
990 4382 1063 4437 ob
1096 4378 1342 4453 ipsorum
1377 4382 1816 4439 incredulitatem
1849 4395 1961 4439 non
1991 4398 2098 4454 pa-

2183 3391 2312 3457 γίας
2342 3390 2609 3460 ἀποφέρει
2634 3388 2839 3457 λέγων·
2877 3406 2896 3441 ι
2926 3387 3077 3441 Λαϐὲ
3099 3387 3198 3458 τὴν
3224 3385 3418 3458 ῥάϐδον
3447 3387 3506 3440 ὲν
3533 3387 3601 3457 τῇ
3630 3384 3788 3456 χειρί

2188 3494 2302 3542 σου,
2351 3479 2409 3531 ἐν
2528 3476 2808 3541 ὲπάταξας
2846 3476 2939 3530 τὸν
2980 3474 3243 3545 ποταμόν.
3275 3494 3294 3526 ι
3344 3475 3431 3535 ἐις
3457 3474 3663 3542 λέγων’
3703 3470 3791 3526 Ἦ

2189 3569 2385 3642 ῥάϐδος
2426 3570 2600 3640 μέγαν
2633 3569 3046 3638 μεταϐάλλουσα
3069 3568 3311 3638 ποταμὸν
3338 3568 3419 3631 εἰς
3442 3561 3580 3637 αἷμα
3608 3566 3788 3638 άῤῥήσ

2186 3676 2265 3729 τῳ
2289 3658 2518 3729 δυνάμει
2544 3657 2641 3712 τοῦ
2677 3657 2748 3711 τὰ.
2770 3658 2950 3713 τοιάδε
2989 3656 3384 3728 κατορθοῦντος
3413 3654 3551 3710 Θεοῦ
3577 3654 3790 3718 ἐξοίσει

2187 3749 2309 3804 λίαν
2339 3748 2576 3813 εὐκόλως
2606 3750 2704 3803 καὶ
2733 3751 2799 3804 ex
2819 3749 2923 3820 τῆς
2965 3748 3174 3822 πέτρας
3197 3749 3260 3802 τὸ
3288 3748 3459 3820 ὕδωρ.
3485 3743 3621 3801 Εἶτα
3647 3747 3784 3801 καθ’

2189 3842 2376 3914 ἕτερον
2406 3842 2633 3912 ἔμπεδοῖ
2648 3844 2851 3914 τρόπον
2873 3841 3213 3912 ὕπενεγκὼν,
3242 3863 3261 3896 ι
3284 3842 3415 3897 ’ἰδοὺ
3440 3840 3552 3911 ἑγὼ
3567 3841 3793 3911 ἕστηκα

2189 3936 2325 3989 ἐκεῖ.
2354 3954 2375 3988 ι
2416 3935 2493 3989 Ού
2526 3933 2637 4007 γὰρ
2684 3933 2843 4005 μόνος
2894 3934 3016 4006 ἔσῃ,
3052 3920 3237 4004 φήσιν,
3265 3933 3391 3987 οὐδὲ
3419 3933 3484 3987 σὺ
3517 3931 3613 3985 τοῦ
3644 3932 3794 3988 θαύ-

2194 4042 2361 4097 ματος
2393 4025 2759 4095 ἀποτελεστὴς
2785 4026 2904 4095 εἴης
2924 4025 3086 4079 πάλιν
3109 4042 3124 4057 ο
3157 4024 3272 4079 ἀλλ’
3308 4023 3420 4093 ἐγὼ
3446 4025 3546 4095 τὴν
3567 4025 3793 4096 πέτραν

2194 4115 2407 4187 μητέρα
2437 4115 2648 4169 πολλῶν
2682 4115 2953 4182 ἀποδείξω
2983 4116 3264 4185 ναμάτων,
3295 4115 3690 4188 προευτρεπιῶ
3724 4115 3796 4169 τὸ

2191 4206 2397 4277 θαῦμα,
2442 4207 2540 4259 καὶ
2576 4206 2856 4278 περιμενῶ
2897 4206 2995 4279 τὴν
3035 4209 3136 4278 σὴν
3165 4208 3486 4279 ὑπουργίαν.
3526 4205 3797 4277 Λάλησον

2189 4300 2257 4367 τῇ
2296 4298 2492 4369 πέτρᾳ,
2546 4300 2641 4352 καὶ
2689 4298 2799 4352 τῶν
2854 4300 3121 4370 ῥημάτων
3168 4300 3331 4370 ἰσχὺς
3377 4298 3583 4368 ἰσομαι
3644 4296 3795 4366 ἐγώ.

2205 4388 2365 4441 Ἀλλὰ
2415 4389 2593 4443 καίτοι
2634 4392 2753 4453 ταῖς
2818 4390 3104 4454 τοιαύταις
3145 4393 3354 4460 φωναῖς
3404 4388 3798 4460 ὲπιθαρσῆσαι

514 4490 636 4532 rum
658 4473 827 4529 fuerit
849 4473 1041 4539 iratus,
1066 4488 1137 4528 ne
1160 4472 1303 4531 forte
1327 4474 1661 4544 impotentiae
1681 4474 1996 4545 opinionem
2018 4475 2081 4531 de

2190 4478 2329 4544 δέον,
2360 4480 2624 4549 ὴτόνησεν
2668 4483 2697 4534 ὁ
2736 4482 2969 4553 Μωσῆς.
3023 4484 3167 4555 Ἔφη
3232 4484 3375 4555 γάρ·
3422 4502 3441 4535 ι
3481 4480 3797 4535 Ἀκούσατέ

511 4580 582 4621 eo
628 4564 986 4634 conciperent
1037 4563 1263 4634 quidam
1314 4564 1479 4620 stulte
1548 4565 1877 4635 suspicaees.
1936 4566 2095 4622 Unde

513 4654 693 4711 Moses
723 4653 1041 4724 inerepatur
1067 4676 1080 4708 :
1108 4675 1128 4706 ι
1165 4655 1290 4719 Vos,
1318 4655 1415 4721 ait,
1441 4668 1553 4710 non
1571 4656 1934 4711 introdueetis
1958 4672 2094 4712 con-

514 4747 890 4821 gregationem
927 4746 1071 4801 hanc
1106 4747 1164 4801 in
1195 4746 1357 4818 313
1390 4756 1595 4801 terram
1636 4762 1805 4817 quam
1831 4762 1936 4818 ego
1967 4747 2093 4804 dedi

514 4835 691 4902 wbis,
716 4835 848 4906 quia
874 4850 987 4892 non
1007 4833 1340 4899 credidistis,
1366 4842 1429 4889 ut
1448 4833 1868 4892 sanctiﬁearetis
1890 4851 1977 4892 me
1999 4851 2087 4891 co—

515 4942 633 4982 ram
676 4925 807 4985 ﬁliis
857 4926 1023 4983 Israel
1051 4926 1119 4981 ".
1162 4944 1181 4977 ι
1215 4925 1327 4998 Age
1351 4925 1539 4996 igitur,
1562 4941 1783 4985 rursum
1802 4926 2089 4984 historiam

516 5016 588 5072 ad
631 5016 837 5075 Christi
869 5016 1192 5090 mysterium
1240 5015 1651 5082 transferentes,
1700 5033 1821 5088 quae
1873 5019 2092 5074 veritati

514 5116 882 5164 consentanea
921 5118 1051 5165 sunt
1100 5108 1382 5173 dicamus,
1420 5107 1619 5166 divina
1657 5107 1956 5179 Scriptura:
1992 5125 2087 5167 ve-

511 5197 693 5270 stigiis
734 5199 1071 5265 insistentes,
1125 5209 1181 5255 et
1232 5198 1287 5254 in
1327 5200 1433 5255 hoc
1454 5198 1855 5263 incumbentes,
1879 5207 2087 5257 utaen-

512 5301 674 5347 suum
710 5290 823 5347 vim
855 5290 925 5346 ad
959 5306 1241 5347 sacrarum
1271 5290 1604 5347 Litterarum
1634 5290 1963 5347 sententiam
1995 5306 2088 5347 ac-

512 5389 702 5436 curate
734 5379 1055 5452 dirigamus.

2193 4585 2298 4641 μου
2322 4570 2371 4621 oi
2403 4570 2680 4634 ἀπειθεῖς·
2727 4569 2804 4641 μὴ
2852 4574 2919 4627 ἐκ
2966 4572 3066 4642 τῆς
3098 4572 3302 4644 πέτρας
3340 4571 3544 4641 ταύτης
3592 4569 3799 4636 ἐξάξο-

2195 4673 2294 4727 μεν
2328 4658 2458 4728 ύμῖν
2486 4657 2661 4729 ﬁdem;
2694 4678 2712 4712 ι
2753 4655 2888 4715 Εἶτα
2929 4660 3125 4715 τύπτει
3173 4664 3236 4731 τῇ
3269 4660 3451 4731 ῥάϐδῳ
3478 4659 3580 4731 τὴν
3606 4659 3797 4730 ἀκρό-

2191 4764 2358 4817 τομον
2387 4748 2499 4813 δίς·
2536 4748 2611 4813 ὡς
2649 4749 2757 4821 γὰρ
2791 4751 3058 4822 ἐσομένου
3107 4752 3337 4822 μηδενὸς
3386 4749 3495 4804 τῶν
3543 4750 3795 4822 προσδο-

2193 4838 2476 4910 κωμένων,
2524 4842 2628 4895 κᾶν
2672 4844 2721 4894 εἰ
2776 4843 3136 4898 καταπαίοιτο
3175 4843 3335 4913 τυχὸν
3386 4846 3419 4913 ἡ
3456 4842 3653 4912 πέτρα.
3688 4842 3799 4896 Πέ-

2195 4927 2368 4999 πληχε
2402 4928 2483 4992 δὶς
2507 4947 2522 4961 ο
2556 4930 2733 4984 καίτοι
2760 4930 2829 4985 τά
2866 4934 2924 4985 ὲν
2964 4931 3230 5004 Αἰγύπτῳ
3278 4930 3796 5003 μεταστοιχειώσας

2195 5019 2275 5082 εἰς
2308 5012 2471 5088 αἷμα,
2499 5019 2588 5073 διά
2626 5020 2718 5073 τοῦ
2747 5021 2846 5092 τὴν
2887 5021 3082 5092 ῥάϐδον
3120 5024 3439 5077 ἀποκτεῖναι
3462 5021 3797 5092 προσάπαξ.

2195 5109 2342 5180 Πλὴν
2365 5108 2534 5163 ἐδίδου
2568 5112 2631 5165 τὸ
2654 5117 2801 5183 νᾶμα
2839 5114 2992 5177 Θεὸς,
3026 5115 3198 5169 καίτοι
3229 5115 3321 5169 διά
3353 5114 3558 5169 τούτων
3593 5114 3665 5165 οὐ
3698 5130 3800 5183 με.

2192 5198 2359 5270 τρίως
2405 5202 2895 5273 παρωργισμένος·
2951 5205 3040 5259 ῐνα
3096 5205 3173 5276 μὴ
3221 5206 3443 5277 δόκησις
3490 5203 3799 5266 ἀσθενείας

2194 5289 2360 5344 αὐτοῦ
2411 5292 2818 5364 καταγράφοιτο
2850 5294 3003 5364 παρά
3052 5311 3116 5363 γε
3167 5299 3287 5359 ταῖς
3336 5296 3445 5350 τῶν
3496 5292 3799 5347 ἀσυνέτων

2197 5381 2473 5451 ὑποψίαις.
2522 5385 2872 5456 Ἐπιτιμᾶται
2925 5387 3003 5453 δὲ,
3064 5390 3255 5460 φησιν,
3287 5393 3318 5444 ό
3352 5389 3572 5458 Μωσῆς·
3620 5408 3643 5441 ι
3670 5389 3802 5443 Οὐκ

514 5471 761 5538 εἰσάξετε
789 5470 898 5544 γάρ
933 5472 1114 5536 αὐτοὶ,
1147 5472 1333 5541 φησιν,
1365 5471 1468 5542 τὴν
1496 5474 1817 5545 συναγωγὴν
1867 5474 2092 5546 ταύτην,
2132 5477 2212 5540 εις
2238 5476 2340 5547 τὴν
2378 5476 2489 5547 γῆν
2511 5477 2735 5548 ταύτην,
2765 5481 2832 5551 ἢν
2893 5481 3071 5536 ἔδωκα
3131 5483 3337 5545 αὐτοῖς,
3364 5482 3445 5537 ὅτι
3493 5482 3594 5534 οὐκ
3655 5481 3799 5534 ἑπι-

519 5560 774 5615 στεύσατε
794 5561 889 5615 τοῦ
912 5563 1132 5628 ἁγιάσαι
1156 5580 1230 5633 με
1275 5563 1519 5618 ἔναντίον
1554 5566 1663 5622 τῶν
1691 5566 1823 5621 υἱῶν
1859 5568 2096 5640 Ἰσραήλ.
2143 5584 2162 5621 t
2210 5568 2344 5636 ’Δγε
2376 5569 2440 5638 δὴ
2459 5564 2554 5623 οῦν
2584 5570 2743 5626 πάλιν
2771 5575 2850 5637 εις
2881 5571 2942 5627 τὸ
2983 5574 3219 5644 Χριστοῦ
3257 5573 3553 5645 μυστήριον
3576 5570 3650 5625 τὺ
3681 5572 3803 5641 τῆς

590 5753 633 5783 ⁶¹
658 5751 830 5811 Exod.
855 5767 981 5821 xm,
1004 5754 1058 5821 5,
1089 5754 1154 5810 6.
1220 5754 1263 5787 ⁸³
1298 5755 1457 5811 Num.
1489 5773 1576 5824 xx,
1610 5758 1661 5812 8.
1739 5760 1787 5795 “
1812 5759 1983 5816 Exod.
2011 5777 2139 5827 xvu,
2169 5761 2221 5816 5.
2266 5763 2311 5796 “
2343 5763 2480 5823 ibid.
2506 5765 2558 5822 6.
2636 5767 2681 5799 “
2704 5767 2865 5822 Num.
2886 5782 2978 5838 xx,
3015 5766 3099 5820 to.
3181 5766 3222 5799 ⁸⁷
3266 5763 3401 5819 ibid.
3438 5762 3521 5818 li.
