4066 6282
1471 376 1526 432 S.
1566 372 1840 430 CYBILLI
1880 369 2347 428 ALEXANDRINI
2383 371 2703 459 ARCIIIEP.

3664 376 3770 434 £96

510 494 798 550 laboravit.
821 491 1091 549 Caeterum
1118 492 1375 562 produxit
1400 493 1608 549 affatim
1632 490 1833 544 ﬂumen
1856 488 2084 552 Christi,

2203 490 2379 561 ήμῶν·
2419 491 2606 559 καιρὸς
2636 489 2744 560 γὰρ
2780 488 2882 558 τῆς
2920 487 3091 557 τομῆς
3120 486 3375 557 ἔφθασεν.
3425 508 3444 541 ι
3491 487 3774 547 ’Δνεθάλο-

511 586 764 650 oracula,
792 586 1048 654 inquam,
1079 582 1281 655 ipsius,
1317 596 1372 641 et
1405 585 1689 657 mysticam
1723 584 1779 639 in
1808 579 2008 649 spiritu
2033 587 2089 633 et

412 700 437 752 ε.
511 676 739 730 veritate
759 674 1128 745 disciplinam.
1157 674 1313 742 Quod
1342 659 1656 745 intelligens
1673 672 1869 727 beatus
1888 669 2091 724 Paulus

510 769 586 822 ita
618 765 814 821 scribit
843 783 857 819 :
896 783 915 816 ι
949 765 1088 821 Nolo
1117 782 1219 822 vos
1246 767 1525 838 ignorare,
1558 767 1776 827 fratres,
1816 764 1962 834 quod
1991 779 2090 833 pa-

505 866 628 913 tres-
648 857 824 912 nostri
854 860 1048 913 omnes
1069 858 1173 913 sub
1196 859 1344 915 nube
1366 858 1611 921 fuerunt,
1644 865 1699 911 et
1722 871 1915 911 omnes
1941 870 2092 910 mare

506 948 836 1019 transgressi
878 957 1028 1013 sunt,
1064 964 1364 1020 omnesque
1396 965 1496 1020 per
1524 951 1711 1005 Mosen
1736 947 1998 1017 baptizati
2035 946 2091 1002 in

505 1040 673 1105 nube,
714 1046 772 1093 et
818 1040 877 1094 in
902 1041 1086 1107 mari;
1132 1050 1189 1096 et
1230 1057 1421 1097 omnes
1452 1042 1582 1097 item
1624 1040 1877 1095 eumdem
1906 1039 2093 1094 cibum

506 1132 852 1202 spiritualem
899 1132 1281 1198 comederunt,
1322 1146 1623 1201 omnesque
1657 1130 1802 1185 idem
1830 1129 2092 1198 poculum

504 1223 790 1294 spirituale
811 1223 1091 1279 biberunt.
1117 1224 1384 1278 Bibcrunt
1404 1223 1550 1278 enim
1589 1236 1657 1276 ex
1686 1220 1962 1292 spirituali
1993 1236 2092 1290 pe-

506 1325 614 1379 tra,
674 1329 796 1383 quae
844 1328 941 1368 eos
988 1312 1343 1382 sequebatur.
1374 1313 1536 1368 Petra
1563 1323 1746 1367 autem
1781 1319 1901 1365 erat
1928 1308 2093 1365 Chri-

503 1415 623 1461 stus
668 1406 736 1459 7'.
775 1425 794 1456 ι
833 1403 1199 1474 Comparatur
1233 1412 1417 1458 autem
1461 1412 1633 1473 petrae
1670 1409 1894 1472 propter
1918 1399 2092 1455 infra-

502 1505 645 1550 ctam
686 1503 745 1551 et
793 1494 1131 1549 immobilem
1176 1509 1331 1548 suam
1376 1500 1650 1547 naturam.
1680 1492 1918 1547 Firmata
1944 1489 2093 1544 enim

501 1595 587 1642 est
618 1587 673 1640 in
704 1585 945 1656 propriis
984 1585 1148 1640 bonis
1184 1584 1371 1639 divina
1395 1583 1487 1637 illa
1508 1591 1564 1638 et
1593 1597 1850 1653 suprema
1872 1590 2090 1636 natura.

502 1678 623 1745 Quo
674 1678 843 1747 igitur
883 1676 1048 1731 modo
1092 1679 1260 1732 etiam
1290 1677 1409 1731 haec
1446 1690 1646 1746 aquam
1685 1672 1963 1737 cﬂ‘uderit,
1994 1688 2092 1726 ne-

502 1785 657 1825 cesse
698 1769 868 1824 fuerit
898 1768 1272 1823 considerare.
1304 1768 1439 1822 Nam
1473 1782 1598 1822 cum
1633 1765 1882 1820 seniores
1903 1763 2092 1834 populi

2197 599 2295 652 μεν
2323 578 2432 651 γὰρ
2468 581 2525 633 ιν
2556 578 2777 652 Χριστῷ
2804 578 2942 650 πρὸς
2973 578 3268 649 καινότητα
3299 578 3468 651 ζωῆς,
3499 581 3595 635 καὶ
3623 583 3653 636 6
3675 584 3774 655 τῆς

2192 672 2485 744 ἐπιδημίας
2507 672 2719 743 καιρὸς,
2754 672 2854 742 ἔαρ
2876 670 3064 739 ὥσπερ
3085 672 3218 742 ἡμῖν
3247 672 3529 744 ἀνεδείχθη
3555 674 3615 727 τὸ
3649 693 3769 746 νοη-

2192 763 2305 825 τὸν,
2352 762 2555 833 εὐανθῆ
2594 781 2654 816 τε
2700 763 2798 817 καὶ
2845 762 3122 834 ἔγκαρπον
3148 764 3250 834 τὴν
3278 764 3567 834 ἀνθρώπου
3614 767 3779 835 φύσιν

2192 852 2509 908 ἀποτελοῦν.
2542 852 2675 906 Τότε
2704 854 2835 924 γὰρ,
2870 853 2994 907 τότε
3034 855 3134 925 τῆς
3166 855 3224 908 ὲν
3253 859 3435 921 σκιαῖς
3485 858 3771 911 συνεσταλο

2196 942 2383 1012 μένης,
2411 943 2508 996 καὶ
2535 937 2648 996 οἷον
2677 942 2985 1014 τεθνεώσης
3015 944 3117 1014 τῆς
3148 946 3406 1017 Μαριὰμ,
3432 947 3722 1018 δεδίψηκεν
3747 951 3776 1004 ὃ

2192 1032 2322 1097 λαὸς
2341 1073 2355 1096 ,
2389 1034 2486 1086 καὶ⁸
2531 1035 2588 1086 ὲν
2621 1033 2815 1087 σπάνει
2848 1034 3072 1103 γέγονεν
3116 1035 3325 1089 ὑδάτων
3355 1037 3584 1108 νοητῶν.
3638 1033 3774 1094 Ἀλλ’

2193 1124 2521 1177 ὲκπέπτωκε
2551 1123 2820 1188 πλουσίως
2860 1124 2923 1178 τὸ
2950 1124 3099 1196 νᾶμα
3140 1126 3383 1198 Χριστοῦ
3409 1167 3423 1191 ,
3452 1130 3599 1200 φημὶ
3627 1130 3684 1183 δὲ
3708 1131 3775 1202 δὴ

2194 1214 2385 1281 πάλιν,
2416 1214 2484 1268 τὰ
2513 1215 2583 1268 δι’
2624 1214 2792 1270 αὐτοῦ
2823 1215 3203 1287 θεσπίσματα,
3247 1218 3343 1271 καὶ
3374 1218 3476 1291 τὴν
3518 1222 3575 1273 ὲν
3614 1220 3761 1273 πνεὰ

2197 1308 2327 1378 ματί
2373 1324 2432 1361 τε
2484 1308 2582 1362 καὶ
2625 1308 2853 1380 ἀληθεία
2905 1308 3172 1379 μυστικὴν
3215 1311 3615 1379 παιδαγωγίαν.
3662 1314 3776 1366 Καὶ

2192 1400 2353 1454 τοῦτο
2385 1401 2563 1465 συνεὶς
2589 1401 2618 1454 6
2647 1400 2931 1464 θεσπέσιος
2955 1402 3160 1472 γράφει
3182 1402 3394 1467 Παῦλος
3418 1421 3432 1435 ⁸
3470 1422 3488 1455 ι
3530 1406 3604 1457 Οὐ
3636 1404 3777 1458 θέλω

2194 1491 2302 1562 γάρ
2335 1491 2480 1562 ὑμᾶς
2523 1491 2758 1560 ἀγνοεῖν,
2805 1490 3061 1560 ἀδελφοὶ,
3108 1492 3192 1546 ὄτι
3230 1493 3432 1559 πάντες
3468 1497 3517 1548 ot
3543 1496 3777 1567 πατέρες

2194 1584 2351 1655 ήμῶν
2378 1584 2482 1637 ὑπὸ
2502 1584 2603 1654 τὴν
2639 1584 2868 1655 νεφέλην
2894 1581 3056 1656 ἦσαν,
3086 1586 3180 1640 καὶ
3222 1588 3421 1651 πάντες
3441 1588 3528 1641 διά
3555 1589 3652 1657 τῆς
3680 1589 3778 1641 θα-

2194 1674 2402 1747 λάσσης
2426 1675 2662 1746 διῆλθον,
2686 1676 2781 1729 καὶ
2800 1677 3000 1740 πάντες
3022 1679 3101 1742 είς
3123 1679 3327 1750 Μωςῆν
3346 1670 3779 1749 ἐϐαπτίσθησαν.

2196 1765 2253 1816 ὲν
2272 1766 2336 1834 τῇ
2371 1763 2569 1835 νεφέλῃ
2599 1763 2695 1817 καὶ
2729 1765 2786 1816 ἐν
2820 1766 2886 1834 τῇ
2920 1763 3187 1836 θαλάσσῃ,
3215 1767 3313 1818 καὶ
3340 1766 3543 1830 πάντες
3570 1767 3629 1821 τὸ
3650 1769 3782 1821 αὐτὸ

502 1867 690 1916 essent
727 1860 1064 1930 congregati,
1094 1866 1151 1914 et
1176 1866 1382 1914 astaret
1414 1858 1617 1922 Aaron,
1652 1872 1833 1912 sermo
1869 1856 2094 1911 habitus

2203 1854 2562 1924 πνευματικὸν
2591 1855 2786 1926 βρῶμα
2824 1844 3049 1925 ἔφαγον,
3087 1857 3183 1909 καί
3219 1857 3282 1910 τὸ
3307 1858 3439 1911 αὐτὸ
3475 1877 3781 1929 πνευματι-

502 1962 591 2008 est
637 1952 704 2008 ad
753 1962 988 2022 petram.
1029 1951 1308 2007 Percussit
1337 1958 1520 2006 autem
1550 1950 1723 2020 ipsam
1742 1949 1952 2020 Moyses
1986 1948 2092 2004 bis.

505 2045 645 2113 Quia
662 2060 786 2099 cum
805 2043 1052 2099 seniores
1066 2044 1256 2114 populi
1297 2041 1728 2105 concurrissent,
1758 2048 1815 2095 et
1843 2041 2098 2096 sacerdo-

506 2145 610 2201 tes,
629 2133 930 2190 secundum
949 2134 1125 2203 legem
1139 2133 1397 2199 instituti,
1414 2132 1522 2188 hoc
1536 2139 1641 2197 est,
1665 2132 1922 2187 Israelita:
1938 2129 2098 2201 quasi

507 2230 564 2283 in
618 2241 852 2298 persona
885 2225 1071 2291 Musis,
1111 2226 1357 2281 oblocuti
1397 2233 1525 2280 sunt
1559 2224 1802 2289 Christo,
1830 2238 2098 2278 accusan-

507 2329 591 2374 tes
647 2333 833 2373 coram
892 2317 1088 2382 Pilato,
1149 2318 1428 2388 impieque
1478 2316 1808 2373 vociferati:
1863 2335 1881 2369 ‹
1921 2316 2095 2383 Tolle,

508 2411 660 2472 tolle,
689 2407 951 2478 cruciﬁge
1003 2423 1131 2462 cum
1160 2408 1258 2462 ⁷⁸.»
1297 2407 1508 2463 Deinde
1528 2408 1693 2462 etiam
1724 2407 1940 2463 duabus
1969 2406 2101 2462 εσθ-

466 2498 475 2501 ’
506 2511 708 2557 certant
725 2500 920 2571 plagis.
937 2500 1099 2570 315
1117 2500 1301 2555 Primo
1316 2501 1462 2555 enim
1492 2508 1769 2555 auctorem
1793 2500 2100 2556 vitaainter-

508 2590 721 2647 ﬁcium.
749 2590 991 2644 Alteram
1019 2604 1151 2645 vero
1178 2590 1388 2660 plagam
1412 2590 1582 2645 veluti
1612 2590 1785 2660 priori
1814 2591 2097 2661 adjiciunt,

510 2681 645 2734 dum
690 2679 948 2734 nituntur
989 2678 1323 2748 persuadere
1344 2679 1664 2735 hominibus
1683 2680 1829 2750 quod
1864 2680 1919 2734 in
1946 2696 2100 2736 mor-

511 2771 624 2826 tuis
646 2770 1029 2841 pcrmanserit.
1053 2768 1125 2824 At
1157 2769 1413 2825 Christus
1441 2771 1747 2825 resurrexit
1778 2786 1809 2824 a
1843 2770 2097 2837 mortuis,

476 2905 482 2909 .
508 2863 827 2933 proculcata
846 2869 903 2916 et
918 2859 1152 2916 contrita
1172 2860 1289 2931 ipsa
1309 2869 1485 2916 morte
1508 2862 1575 2916 ".
1604 2863 1895 2932 Postquam
1917 2871 2099 2918 autem

508 2960 787 3009 venerunt
817 2952 1022 3007 milites
1058 2950 1116 3007 id
1153 2951 1478 3019 referentes,
1520 2953 1615 3022 qui
1660 2953 1899 3009 ordinati
1943 2963 2101 3009 erant

510 3042 583 3098 ab
640 3042 775 3113 ipsis
837 3040 1078 3112 sepulcri
1136 3040 1430 3106 custodes,
1484 3050 1869 3112 praeceperunt
1915 3041 2102 3097 dicere

511 3134 662 3203 quod
694 3134 871 3204 ipsius
902 3132 1161 3202 discipuli
1207 3132 1350 3188 clam
1399 3147 1528 3188 eum
1560 3141 1748 3189 essent
1786 3133 2043 3189 suﬂ‘urati
2082 3152 2097 3189 :

512 3234 679 3295 atque
733 3225 811 3279 ita
858 3224 1233 3279 venerandum
1276 3224 1423 3280 istud
1456 3225 1876 3281 resurrectionis
1898 3235 2102 3298 myste-

517 3315 660 3367 rium
697 3311 1198 3368 calumniabantur.
1220 3313 1383 3384 Plaga
1412 3313 1581 3384 igitur
1604 3312 1807 3384 duplex
1825 3315 1875 3371 ei
1898 3315 2102 3371 inﬂicta

516 3412 624 3458 est.
664 3402 939 3458 Caeterum
967 3412 1122 3472 petra
1171 3403 1321 3474 large
1369 3404 1563 3460 ell‘udit
1621 3405 1844 3472 ﬂumen,
1885 3407 2103 3463 etiamsi

426 3510 431 3519 ι
519 3492 685 3549 Israel
734 3491 790 3545 in
844 3492 1026 3561 ipsum
1053 3492 1422 3548 debacchatus
1461 3494 1552 3557 sit,
1590 3494 1728 3551 adeo
1754 3505 1816 3552 ut
1847 3496 1945 3550 toti
1969 3511 2102 3551 con-

519 3581 828 3653 gregationi
886 3590 1077 3652 potum
1130 3582 1387 3638 dederit:
1419 3584 1670 3655 irrigavit
1722 3586 1869 3640 enim
1913 3586 2106 3642 orbem

521 3674 731 3731 sanctis
749 3681 806 3730 et
836 3672 1042 3730 divinis
1063 3672 1405 3730 ﬂuminibus.
1449 3675 1527 3733 Ita
1560 3675 1708 3731 enim
1748 3677 2002 3746 promisit
2046 3693 2105 3732 se

521 3766 683 3825 nobis
715 3766 958 3837 seipsum
978 3766 1318 3823 donaturum
1349 3782 1448 3838 per
1473 3782 1661 3823 vocem
1689 3769 1990 3840 prophetae,
2017 3770 2103 3824 di-

521 3875 688 3917 cens:
732 3878 750 3912 ι
780 3859 923 3921 Ecce
957 3874 1061 3930 ego
1088 3859 1378 3917 declinabo
1408 3874 1577 3931 super
1610 3860 1779 3932 ipsos,
1817 3862 1975 3932 quasi
2004 3861 2107 3918 llu-

520 3951 647 4005 vius
683 3951 854 4020 pacis,
892 3960 950 4007 et
983 3950 1138 4021 quasi
1174 3960 1389 4008 torrens
1416 3953 1692 4009 inundans
1711 3954 1940 4026 gloriam
1971 3970 2106 4025 gen-

529 4042 665 4097 tium
698 4042 767 4096 7".
800 4061 817 4093 ι
868 4040 937 4097 Ει
972 4041 1144 4097 David
1174 4058 1395 4113 quoque
1431 4045 1636 4100 alicubi
1662 4045 1846 4115 psallit
1876 4063 1889 4099 :
1927 4065 1947 4098 ι
1974 4046 2106 4101 Flu-

525 4130 692 4186 minis
740 4132 980 4200 impetus
1029 4130 1275 4187 lmtiﬁcat.
1296 4133 1574 4189 civitatem
1603 4135 1702 4189 Dei
1727 4136 1794 4188 ⁷⁷.
1827 4155 1847 4186 ι
1880 4135 2012 4189 Item
2038 4135 2106 4190 ad

527 4222 708 4292 ipsum
740 4222 797 4274 in
834 4220 989 4276 cmlis
1015 4222 1231 4277 Patrem
1251 4238 1316 4278 ac
1348 4225 1519 4280 Deum
1556 4244 1570 4278 ι
1626 4244 1644 4277 ι
1678 4226 1817 4292 Quia
1839 4227 2106 4297 multipli-

528 4310 686 4374 casti,
704 4311 801 4375 ait,
822 4310 1258 4366 misericordiam
1281 4320 1453 4379 tuam,
1477 4316 1624 4370 Deus
1648 4333 1662 4369 :
1684 4315 1783 4371 lilii
1804 4324 1984 4371 autem
2006 4318 2107 4372 ho-

529 4403 741 4463 minum
782 4401 839 4456 in
872 4400 1109 4471 tegmine
1137 4401 1346 4459 alarum
1382 4412 1600 4461 tuarum
1642 4408 1961 4477 sperabunt.
2013 4407 2108 4464 Iu-

2198 1948 2295 2002 κὸν
2337 1948 2487 2019 πόμα
2527 1948 2700 2002 ἔπιον.
2745 1949 2972 2004 Ἔπινον
3002 1947 3112 2020 γὰρ
3145 1951 3208 2003 ἐκ
3238 1952 3624 2023 πνευματικῆς
3649 1953 3782 2005 ἀκο-

2197 2039 2493 2109 λουθούσης
2521 2040 2744 2112 πέτρας.
2791 2040 2854 2093 Ἢ
2884 2040 2942 2093 δὲ
2966 2039 3141 2111 πέτρα
3161 2036 3230 2111 ἦν
3258 2042 3287 2093 6
3312 2042 3568 2113 Χριστός.
3617 2061 3635 2093 ι
3669 2042 3780 2095 Πέ-

2197 2145 2303 2202 τρᾳ
2332 2131 2388 2184 δὲ
2412 2130 2829 2200 παρεικάζεται,
2860 2129 2947 2183 διὰ
2976 2129 3039 2182 τὸ
3065 2129 3373 2200 ἄθραυστον
3417 2130 3513 2182 καὶ
3558 2129 3785 2200 exim,

2199 2238 2309 2276 τον.
2354 2223 2701 2294 Ἑρήρεισται
2731 2221 2841 2292 γὰρ
2867 2221 2924 2274 ὲν
2950 2221 3103 2284 ἰδίοις
3133 2221 3357 2289 ἀγαθοῖς
3386 2223 3419 2293 ἡ
3455 2223 3571 2276 θεία
3589 2240 3652 2275 τε
3684 2223 3785 2278 καὶ

2200 2313 2478 2385 ὑπερτάτη
2514 2311 2694 2381 φύσις.
2724 2313 2858 2365 Τίνα
2881 2310 2946 2381 δὴ
2970 2307 3063 2365 οὖν
3090 2313 3292 2383 τρόπον
3312 2313 3372 2366 τὸ
3408 2312 3553 2385 ὕδωρ
3578 2313 3786 2367 ὲκδέδο-

2199 2421 2309 2468 ται,
2342 2403 2638 2474 καταθρεῖν
2663 2404 2978 2472 ἀναγκαῖον.
3012 2403 3650 2475 Συνεγηγερμένωνγὰρ
3670 2405 3787 2458 τῶν

2201 2497 2589 2569 πρεσϐυτέρων
2611 2496 2707 2550 τοῦ
2731 2497 2901 2569 νόμου
2918 2538 2933 2562 ,
2971 2499 3067 2552 καὶ
3093 2499 3505 2570 παρεστηκότος
3547 2498 3786 2569 ’Λαρὼνδ

2199 2588 2347 2660 λόγοι
2377 2590 2475 2660 μὲν
2505 2590 2746 2659 ἐγίνοντο
2793 2590 2931 2661 πρὸς
2970 2591 3068 2662 τὴν
3102 2590 3330 2659 πέτραν.
3375 2590 3687 2642 Καταπαίει
3726 2589 3789 2643 δὲ

2202 2682 2371 2751 αὐτὴν
2405 2681 2499 2734 καὶ
2528 2680 2608 2744 δὶς
2632 2682 2660 2733 6
2701 2681 2906 2751 Μωσῆς
2932 2719 2945 2733 .
2977 2677 3503 2749 Συνδεδραμηκότων
3526 2677 3641 2747 γὰρ
3675 2677 3790 2731 τῶν

2202 2773 2591 2845 πρεσϐυτέρων
2612 2773 2705 2827 τοῦ
2734 2772 2864 2826 λαοῦ
2896 2773 2991 2826 καὶ
3013 2771 3125 2825 τῶν
3148 2773 3360 2842 ἱερέων,
3383 2772 3434 2823 οί
3456 2770 3600 2825 κατά
3620 2769 3789 2840 νόμον

2202 2864 2728 2935 παιδαγωγούμενοι,
2752 2863 3053 2927 τουτέστιν,
3083 2865 3112 2915 ὁ
3153 2860 3368 2932 Ἰσραήλ
3403 2861 3462 2913 δν
3507 2859 3791 2932 προσώπῳ

2203 2955 2468 3022 Μωσέως,
2504 2954 2881 3026 κατελάλησαν
2908 2953 3004 3006 τοῦ
3048 2951 3311 3024 Χριστοῦ,
3342 2942 3790 3022 κατηγοροῦντες

2203 3048 2261 3103 δὲ
2301 3050 2397 3104 ἐπὶ
2443 3049 2714 3114 Πιλάτου,
2764 3047 2860 3100 καὶ¹
2899 3047 2993 3111 τδ,
3037 3064 3057 3097 ι
3093 3041 3236 3116 αἶρε,
3271 3039 3396 3116 αἶρε
3419 3084 3434 3109 ,
3468 3043 3793 3114 σταύρωσον

2205 3142 2367 3197 αὑτὸν
2389 3182 2402 3205 ,
2443 3160 2461 3194 ι
2497 3141 2730 3205 ἀνοσίως
2757 3138 3234 3211 ἀνακεκράγασαν.
3273 3133 3406 3191 Εἶτα
3430 3138 3524 3190 καὶ
3551 3136 3673 3189 δυσὶ
3696 3135 3794 3188 λε-

2205 3235 2482 3306 λυπήκασι
2521 3232 2778 3304 πληγαῖς.
2817 3232 3178 3287 ’Δπεκτὸνασι
3252 3230 3367 3299 γὰρ
3394 3229 3490 3282 τὸν
3514 3229 3613 3297 τῆς
3642 3226 3793 3298 ζωῆς

2204 3324 2470 3396 ἀρχηγόν.
2503 3323 2770 3394 Δευτέραν
2789 3322 2845 3376 δὲ
2872 3321 3061 3391 ὥσπερ
3084 3323 3150 3392 τῇ
3182 3318 3376 3392 πρώτῃ
3399 3317 3584 3388 πληγῇ
3621 3330 3793 3386 προσ-

2205 3419 2522 3486 επάγοντες,
2571 3416 2653 3469 ὅτι
2691 3415 2788 3469 καὶ
2826 3414 3133 3486 μεμένηκεν
3156 3413 3214 3465 ὲν
3236 3412 3451 3480 νεκροῖς
3473 3408 3799 3463 ἀναπείθειν

2205 3508 2416 3579 ήθελον.
2466 3507 2689 3560 Ἀνεϐίω
2712 3508 2808 3577 μὲν
2836 3507 2944 3576 γὰρ
2962 3507 2990 3558 6
3010 3503 3266 3575 Χριστὸς,
3295 3503 3547 3571 πατήσας
3572 3500 3664 3552 τὸν
3700 3498 3799 3553 θά-

2209 3613 2388 3650 νατον.
2429 3596 2648 3666 Ἐπειδὴ
2667 3596 2725 3649 δὲ
2750 3594 2908 3649 τοῦτο
2928 3590 3062 3665 ἧκον
3090 3593 3139 3646 οί
3164 3590 3492 3663 στρατιῶται
3512 3590 3730 3659 λέγοντε
3742 3607 3800 3652 ς,

2207 3691 2255 3741 οἱ
2295 3689 2391 3742 καὶ
2426 3688 2722 3758 τετάχαντο
2757 3685 2889 3757 παρ’
2933 3683 3113 3739 αὐτῶν
3145 3681 3241 3736 τοῦ
3292 3681 3467 3749 τάφου
3518 3678 3753 3749 φρουρά
3776 3720 3797 3743 ,

2209 3779 2590 3852 παρήγγελλον
2618 3779 2798 3848 λέγειν
2830 3778 2926 3831 καὶ
2960 3776 3117 3830 τοῦτο
3150 3772 3562 3846 ῥιψοκινδύνως,
3596 3770 3677 3823 ὅτι
3705 3788 3806 3824 κει

2208 3873 2472 3942 κλόφασιν
2512 3872 2674 3926 αὑτὸν
2720 3871 2975 3934 λαθόντες
3008 3871 3058 3921 oi
3110 3865 3391 3938 μαθηταὶ,
3426 3865 3519 3918 καὶ
3551 3864 3683 3917 αὐτὸ
3726 3864 3805 3917 τὸ

2211 3964 2405 4018 σεπτὸν
2433 3964 2532 4034 τῆς
2564 3962 2916 4025 ἀναστάσεως
2960 3957 3431 4029 συκοφαντοῦντες
3464 3958 3805 4027 μυστήριον.

2208 4057 2438 4124 Οὐκοῦν,
2473 4059 2531 4111 ὲν
2555 4055 2717 4126 διττῷ
2749 4056 3031 4125 γέγονενή
3070 4051 3273 4123 πληγή.
3317 4048 3458 4104 Ἀλλ’
3494 4049 3811 4102 ἐκδέδωκεν

2208 4151 2242 4220 ἡ
2276 4151 2447 4222 πέτρα
2489 4147 2760 4210 πλουσίως
2804 4145 2866 4199 τὸ
2895 4146 3063 4216 νᾶμα,
3102 4145 3280 4198 καίτοι
3327 4140 3808 4211 πεπαρῳνηκότος

2211 4245 2291 4307 είς
2321 4240 2484 4294 αὐτὸν
2516 4237 2611 4293 τοῦ
2649 4235 2994 4308 Ἰσραὴλ,καὶ
3029 4235 3291 4287 πεπότικε
3323 4233 3500 4285 πᾶσαν
3531 4229 3630 4300 τὴν
3662 4244 3809 4283 συν-

2211 4329 2467 4401 αγωγὴν,
2505 4328 2601 4383 καὶ
2647 4326 2915 4379 ἐπέκλυσε
2959 4325 3060 4393 τὴν
3102 4321 3430 4391 οἰκουμένην
3459 4320 3578 4380 τοϊς
3624 4318 3810 4386 ἱεροῖς

2204 4439 2267 4476 τε
2295 4422 2388 4475 καὶ
2417 4419 2581 4481 θείοις
2612 4417 2870 4488 νάμασιν.
2900 4413 3056 4468 Οὕτω
3078 4412 3189 4484 γὰρ
3211 4413 3342 4481 ἡμῖν
3371 4409 3563 4464 ἑαυτὸν
3583 4408 3809 4477 χαριεῖ-

528 4494 897 4559 ebriabuntur
925 4494 996 4548 ab
1036 4495 1285 4552 ubertate
1315 4496 1511 4554 domus
1536 4508 1662 4565 tuae,
1691 4500 1833 4556 etde
1862 4508 2100 4557 torrente

2211 4510 2335 4565 σθαι
2383 4507 2857 4579 κατεπηγγέλλετο
2885 4549 2899 4571 ,
2956 4504 3044 4557 διά
3096 4502 3192 4555 τοῦ
3247 4501 3525 4572 προφήτου
3578 4497 3804 4564 λέγων’

529 4585 827 4656 voluptatis
867 4593 972 4641 tua:
1014 4587 1231 4656 potabis
1267 4605 1383 4645 eos.
1431 4590 1699 4656 Quoniam
1751 4593 1896 4663 apud
1939 4602 1993 4648 te
2024 4603 2110 4651 est

522 4681 653 4735 fons
681 4678 808 4733 vitae
842 4678 908 4733 ⁷⁸.
938 4698 957 4731 ι
994 4678 1335 4739 Videautem
1359 4698 1469 4752 quo
1494 4694 1674 4753 pacto,
1706 4685 2108 4743 interveniente

508 4771 685 4842 ,prius
730 4769 960 4825 istorum
1011 4768 1348 4835 diﬂidentia,
1406 4773 1582 4829 Moses
1633 4776 1786 4846 virga
1839 4778 2111 4845 percutiat.

529 4873 762 4935 petram.
800 4864 963 4920 Israel
999 4864 1147 4919 enim
1182 4862 1501 4921 incredulus
1525 4866 1892 4924 debacchatus
1936 4877 2020 4923 est
2053 4869 2109 4923 in

528 4954 813 5010 Christum
857 4972 870 5008 :
921 4953 1243 5025 objurgatus
1297 4963 1481 5010 autem
1526 4964 1611 5010 est
1654 4956 1832 5013 Moses
1881 4965 1938 5011 et
1985 4972 2109 5013 cum

531 5045 651 5116 ipso
706 5047 910 5099 Aaron.
973 5064 991 5094 ι
1027 5043 1217 5114 Neque
1273 5045 1421 5099 enim
1467 5044 1830 5101 introducetis
1866 5062 1983 5112 vos,
2010 5047 2107 5112 ait,

529 5137 671 5193 ﬁlios
723 5135 890 5190 Israel
938 5136 994 5189 in
1025 5143 1226 5190 terram
1250 5150 1414 5206 quam
1449 5136 1575 5191 dedi
1618 5137 1752 5207 ipsis
1774 5138 1872 5191 τ’.»
1902 5137 2112 5192 Perdu-

526 5238 613 5285 cet
645 5238 827 5284 autem
866 5244 968 5284 nos
994 5229 1049 5283 in
1081 5237 1395 5284 sanctorum
1418 5230 1816 5296 haereditatem,
1838 5239 1895 5285 et
1921 5230 2103 5285 verio-

528 5339 645 5382 rem
684 5324 1064 5394 promissionis
1100 5335 1301 5381 terram
1337 5342 1446 5382 non
1467 5328 1688 5398 quidem
1719 5329 1806 5384 lex
1831 5346 1955 5400 quae
1977 5344 2102 5383 vcr-

524 5422 679 5470 satur
713 5413 769 5469 in
801 5415 963 5485 typis,
1020 5431 1203 5485 neque
1244 5417 1538 5473 sacerdotii
1583 5418 1797 5490 legalis,
1837 5420 2006 5476 veluti
2047 5421 2103 5475 in

530 5503 742 5559 umbris
794 5504 1162 5561 imbecillitas.
1218 5506 1405 5577 Neque
1450 5511 1600 5566 enim
1662 5527 1762 5580 per
1811 5511 2106 5580 sanguines

525 5594 666 5663 grati
695 5596 924 5660 erimus,
962 5611 1138 5665 neque
1171 5598 1299 5653 item
1344 5609 1560 5658 terrena
1579 5603 1756 5672 gloria
1778 5604 1987 5659 erimus
2008 5618 2104 5657 co-

599 5702 688 5756 ν³1
720 5702 843 5758 Cor.
868 5721 921 5769 ι,
954 5706 1062 5760 1-4.

532 5770 616 5851 ῳ.
695 5772 740 5804 τ’
771 5773 931 5851 Num.
962 5791 1048 5842 ιι,
1092 5777 1178 5830 42.

2220 4623 2238 4657 ι
2287 4602 2416 4657 Ἰδοὺ
2436 4600 2547 4671 ἐγὼ
2570 4600 2803 4655 ὲκκλίνω
2824 4600 2909 4651 ἐπ’
2931 4596 3129 4659 αὐτοὺς
3158 4594 3233 4657 ὡς
3260 4591 3507 4662 ποταμὸς
3540 4589 3806 4660 εἰρήνης,

2214 4696 2311 4749 καὶ
2343 4695 2419 4758 ὡς
2450 4694 2790 4765 χειμάρρους
2819 4688 3130 4751 ἐπικλύζων
3166 4686 3325 4750 δόξαν
3353 4683 3544 4737 ἐθνῶν.
3585 4701 3603 4733 ι
3632 4680 3809 4735 Ψάλ-

2213 4785 2295 4839 λει
2326 4785 2384 4837 δέ
2414 4800 2518 4837 που
2546 4784 2640 4837 καὶ
2673 4780 2868 4835 Δαϐίδ·
2915 4798 2934 4831 ι
2970 4778 3076 4831 Τοῦ
3110 4775 3355 4847 ποταμοῦ
3394 4775 3463 4829 τά
3492 4775 3808 4845 ὁρμήματι

2213 4876 2564 4948 εὐφραίνουσι
2604 4872 2703 4943 τὴν
2737 4871 2890 4925 πόλιν
2921 4869 3017 4922 τοῦ
3046 4868 3202 4921 Θεοῦ.
3241 4885 3258 4918 ι
3300 4865 3411 4919 Καὶ
3444 4864 3543 4934 μέν
3574 4880 3653 4916 τοι
3690 4866 3809 4918 καὶ

2209 4967 2345 5039 πρὸς
2379 4967 2540 5020 αὑτὸν
2563 4965 2656 5018 τὸν
2685 4965 2741 5016 ὲν
2770 4962 3019 5032 οὐρανοῖς
3049 4957 3268 5028 Πατέρα
3296 4957 3393 5010 καὶ
3429 4955 3563 5009 Θεὸν
3585 4971 3599 4987 ·
3639 4971 3659 5006 ι
3698 4954 3811 5020 Ὠς

2208 5059 2517 5129 ὲπλήθυνας
2549 5057 2611 5111 τὸ
2650 5056 2797 5119 ἔλεός
2826 5071 2942 5117 σου,
2976 5054 3005 5105 6
3037 5051 3166 5114 Θεός
3189 5067 3203 5083 ·
3240 5052 3290 5103 οἱ
3327 5049 3385 5103 δὲ
3411 5050 3518 5101 υἱοὶ
3548 5046 3657 5100 τῶν
3696 5048 3814 5102 ἀν-

2207 5150 2464 5223 θρώπων,
2496 5150 2555 5203 ὲν
2584 5147 2764 5218 σκέπῃ
2792 5145 2900 5199 τῶν
2941 5141 3230 5215 πτερύγων
3257 5157 3353 5194 σου
3375 5139 3644 5193 ὲλπιοῦσι.
3678 5139 3813 5192 Μες

2210 5242 2569 5313 θυσθήσονται
2590 5239 2701 5293 ἀπὸ
2723 5239 2976 5307 πιότητος
2997 5236 3148 5290 οἴκου
3180 5252 3296 5299 σου,
3321 5234 3417 5288 καὶ
3443 5234 3535 5287 τὸν
3556 5229 3813 5301 χειμάρ-

2214 5338 2341 5408 ρουν
2374 5333 2475 5402 τῆς
2504 5330 2717 5403 τρυφῆς
2755 5346 2847 5382 σου
2882 5331 3089 5391 ποτιεῖς
3115 5327 3333 5389 αὐτούς.
3367 5328 3489 5379 Ὅτι
3518 5323 3673 5394 παρὰ
3708 5325 3814 5376 σοι

2211 5426 2362 5496 πηγὴ
2404 5422 2571 5494 ζωῆς.
2617 5440 2637 5473 ι
2671 5421 2863 5490 ’Ἃθρει
2891 5420 2948 5473 δὲ
2981 5421 3118 5490 ὅπερ
3151 5416 3667 5489 προεισδραμούσης
3698 5416 3815 5468 αὖ.

2208 5515 2320 5569 τῶν
2353 5514 2631 5579 ἀπιστίας,
2664 5511 2958 5565 καταπαίει
2983 5512 3082 5581 τὴν
3106 5509 3311 5580 πέτραν
3348 5512 3415 5578 τῇ
3450 5507 3636 5578 ῥάϐδῳ
3658 5506 3815 5559 Μω-

2213 5606 2332 5678 σῆς.
2364 5604 2739 5677 Πεπαρῲνηκε
2761 5603 2871 5675 γὰρ
2900 5605 2979 5666 εις
3015 5601 3250 5672 Χριστὸν
3281 5598 3594 5669 ἀπειθήσας
3622 5600 3651 5650 6
3684 5597 3815 5650 ἰσ-

1147 5710 1192 5791 ξδ
1228 5709 1381 5767 Jnan.
1412 5731 1520 5782 XIX,
1554 5717 1634 5771 l5.
1713 5719 1759 5749 ⁷⁵
1791 5717 1811 5773 Ι
1842 5717 1965 5774 Cor.
1996 5737 2080 5784 xv,
2114 5708 2202 5778 57.
2280 5722 2326 5755 7‘
2352 5722 2455 5778 Isa.
2497 5737 2584 5791 vt,
2612 5720 2697 5776 12.
2753 5720 2797 5751 τ’
2839 5717 2981 5773 Psal.
3013 5732 3133 5783 XLV,
3166 5716 3216 5770 5.
3290 5714 3336 5747 "
3361 5712 3506 5769 Psal.
3539 5728 3705 5779 xxxv,
3741 5712 3813 5771 8-
