4066 6282
294 340 393 400 ί97

1280 351 1801 413 οιΑΡΗγιιοιιυΜ
1839 356 1906 413 lN
1945 357 2230 418 εχοοωι
2267 357 2396 416 LIB.
2436 360 2525 419 ill.

3442 363 3545 423 698

299 460 458 530 ραήλο
503 463 803 552 ἑπετιμᾶτο
823 465 1044 536 Μωσῆς,
1086 468 1183 521 σὺν
1217 468 1367 540 αὐτῷ
1399 471 1457 525 δὲ
1492 473 1587 526 καὶ
1628 475 1850 546 Ἀαρών.

1963 493 2081 533 ram
2109 477 2224 533 Deo
2252 478 2497 533 illustres
2523 496 2539 545 ;
2570 480 2665 534 sed
2710 479 2894 549 potius
2930 476 3294 549 procedentes
3317 476 3373 530 in
3406 477 3543 532 civi-

301 570 318 602 ι
353 553 430 605 06
459 551 567 625 γὰρ
597 553 863 619 είσάξετε,
896 558 1078 628 φησὶν,
1116 560 1272 629 ὑμεῖς
1298 562 1426 626 τοὺς
1453 564 1607 627 υίοὺς
1649 564 1861 638 Ἰσραὴλ

295 645 372 706 εἰς
407 643 505 714 τὴν
541 643 644 712 γῆν
678 644 744 715 ἢν
786 645 961 700 ἔδωκα
992 649 1193 713 αὐτοῖς.
1237 669 1257 702 ι
1289 651 1585 723 Ἐἰσκομιεῖ
1625 654 1682 707 δὲ
1711 657 1861 726 ἡμᾶς

294 734 369 796 είς
399 734 498 802 τὴν
526 733 633 787 τῶν
659 735 830 803 ἁγίων
860 737 1089 809 κλῆρον,
1118 741 1212 795 καὶ
1245 744 1325 803 είς
1355 742 1456 812 τὴν
1490 726 1859 816 ἀληθεστέραν

292 824 387 893 τῆς
415 825 749 893 ἐπαγγελίας
785 828 908 899 γῆν,
958 831 1077 902 οὐχὶ
1104 833 1267 902 νόμος
1299 836 1328 889 6
1369 836 1428 888 ὲν
1472 837 1666 902 τύποις
1690 878 1705 903 ,
1734 839 1857 892 οὐδὲ

1967 576 2135 622 tatem
2168 582 2487 638 supernam,
2523 574 2686 637 atque
2722 568 2779 622 in
2814 578 3032 638 patrum
3060 564 3434 621 hmditatem
3458 565 3548 620 in-

1968 658 2257 723 trabimus,
2300 658 2498 714 ducem
2538 659 2805 714 habentes
2848 659 3151 720 Christum,
3177 674 3277 728 per
3300 673 3467 727 quem
3489 666 3548 711 et

1965 763 2090 803 curn
2123 765 2234 819 quo
2266 749 2436 820 gloria
2469 750 2583 805 Deo
2631 765 2695 805 ac
2742 751 2892 805 Patri
2939 766 3065 806 cum
3110 762 3299 806 sancto
3337 749 3544 821 Spiritu

1965 839 2020 894 in
2049 841 2248 895 secula
2276 842 2624 897 szeculorum.
2658 843 2852 897 Amen.

289 917 384 986 τῆς
412 918 537 972 καθ’
564 918 728 973 αὑτὸν
755 920 1082 994 ἱερωσύνης,
1111 924 1173 977 τὸ
1195 925 1254 977 ὲν
1284 928 1466 989 σκιαῖς
1493 927 1744 999 ἁδρανές.
1813 927 1888 981 O6
1929 927 2037 998 γὰρ
2062 927 2130 981 δι’
2172 930 2425 999 αἱμάτων
2452 931 2914 1001 εὐαριστήσομεν,
2950 928 3074 982 οὔτε
3143 929 3250 999 μὴν
3281 931 3339 983 ὲν
3370 931 3543 999 αὐχή-

292 1025 424 1080 μασι
446 1012 559 1074 τοῖς
596 1010 983 1082 γεωδεστέροις
1004 1014 1305 1085 ἐκπρεπεῖς
1334 1012 1573 1087 ἐσόμεθα
1604 1021 1756 1090 παρὰ
1780 1018 1856 1089 τῷ
1887 1019 2012 1090 Θεῷ
2031 1036 2045 1049 ·
2088 1018 2421 1090 βαδιούμεθα
2487 1021 2545 1074 δὲ
2613 1020 2811 1092 μᾶλλον
2854 1022 2935 1083 ti;
2970 1020 3069 1090 τὴν
3100 1020 3210 1075 ἄνω
3241 1022 3415 1085 πόλιν,
3445 1026 3539 1078 καὶ

286 1103 362 1162 είς
410 1102 502 1156 τὸν
555 1103 664 1156 τῶν
714 1104 969 1175 πατέρων
1010 1105 1215 1178 ⁴ἥξομεν
1297 1108 1520 1181 κλῆρον,
1577 1112 1897 1184 καθηγητὴν
1932 1112 2150 1184 ἔχοντες
2184 1114 2277 1167 τὸν
2300 1115 2555 1186 Χριστὸν,
2624 1116 2693 1169 δι’
2717 1107 2779 1167 οὒ
2814 1116 2907 1168 καὶ
2934 1115 3053 1184 μεθ’
3084 1108 3149 1167 οὗ
3180 1114 3264 1184 τῷ
3299 1116 3420 1187 Θεῷ
3448 1117 3543 1172 καὶ

288 1198 459 1268 Πατρὶ
497 1199 531 1269 η
561 1198 711 1264 δόξα,
754 1200 852 1253 σὺν
881 1200 1020 1272 ἁγίῳ
1045 1202 1327 1274 Πνεύματι
1351 1243 1367 1269 ,
1400 1206 1480 1269 είς
1501 1206 1627 1269 τοὺς
1655 1206 1860 1272 αἰῶνας
1890 1207 1999 1261 τῶν
2026 1205 2258 1260 αἰώνων.
2313 1208 2507 1280 Ἀμήν.

284 1315 421 1385 Περὶ
451 1315 564 1384 τῆς
589 1315 661 1369 ἐν
705 1314 785 1381 τῷ
815 1316 934 1391 ὄρει
967 1316 1111 1386 Σινᾷ
1131 1319 1425 1391 Ακαθόδου,
1462 1323 1560 1375 καί
1596 1321 1708 1391 τῆς
1745 1321 1860 1375 πά-

670 1385 1026 1453 ραστάσεως
1049 1389 1159 1444 τοῦ
1200 1390 1462 1459 Ἰσραήλ.

349 1481 417 1528 α’.
438 1475 499 1527 ὐ
526 1475 732 1546 Κύριος
755 1474 914 1545 ἡμῶν
951 1478 1408 1549 ΊησοῦςΧριστὸς
1429 1483 1548 1543 ταῖς
1588 1480 1863 1535 Ἰουδαίων

280 1564 508 1633 ἀγέλαις
536 1564 638 1634 τὴν
675 1563 762 1616 διὰ
796 1565 1030 1627 πίστεως
1056 1564 1322 1637 λύτρωσιν
1358 1571 1418 1621 06
1449 1568 1859 1639 προσιεμένοις,

1958 1316 2037 1371 De
2085 1317 2182 1372 Dei
2225 1321 2281 1373 in
2330 1329 2559 1375 montem
2613 1319 2751 1445 S!ina
2783 1323 3087 1446 hdescensu,
3148 1334 3195 1378 et
3240 1325 3540 1380 assistentia

2659 1409 2778 1446 arae
2822 1410 2866 1446 ε.

2659 1409 2866 1447 arcem.

2030 1480 2079 1533 1.
2112 1480 2376 1536 Dominus
2407 1489 2597 1536 noster
2618 1481 2779 1537 Jesus
2802 1482 3058 1538 Christus
3088 1483 3281 1539 turbas
3317 1482 3538 1538 Judaeu-

1958 1585 2100 1634 rum,
2145 1573 2240 1641 qui
2274 1573 2706 1643 redemptionem
2731 1590 2833 1643 per
2851 1575 3014 1629 ﬁdem
3043 1591 3153 1631 non
3180 1575 3538 1645 recipiebant,
3580 1600 3589 1607 -

281 1652 674 1724 περιφρονοῠσι
697 1653 756 1707 δὶ
788 1654 910 1707 λίαν
934 1654 1043 1709 τῶν
1068 1655 1138 1709 δι’
1156 1655 1321 1710 αὑτοῦ
1345 1657 1731 1728 θεσπισμάτων
1755 1658 1850 1729 τὴν

1956 1666 2013 1712 at
2027 1659 2211 1729 potius
2226 1661 2391 1733 316
2405 1664 2581 1732 ipsius
2595 1664 2945 1719 oraculorum
2966 1665 3261 1720 utilitatem
3290 1676 3540 1721 contem-

280 1746 494 1814 θνησιν,
517 1745 782 1815 οἰομένοις
807 1763 865 1798 τε
890 1747 1075 1811 αὐτοῖς
1094 1789 1108 1811 ,
1141 1749 1224 1802 ὃτι
1250 1749 1280 1802 6
1306 1749 1471 1817 νόμος
1494 1749 1583 1803 διὰ
1613 1749 1850 1813 Μωσέως

1962 1749 2188 1816 nebaat,
2220 1751 2600 1808 existimantes
2632 1754 2783 1823 quod
2806 1755 2893 1809 lex
2924 1755 3090 1810 Hosis
3119 1754 3354 1812 solliciat
3384 1757 3539 1827 ipsis,

286 1835 539 1905 ἀρκέσει,
570 1837 662 1888 καὶ
693 1837 850 1907 μόνος
886 1840 966 1901 είς
1003 1839 1276 1892 οίκείωσιν
1302 1838 1400 1910 τὴν
1429 1840 1506 1903 ὡς
1532 1839 1669 1910 πρὸς
1697 1839 1855 1906 Θεὸν,

288 1926 632 1996 προσεφώνει
650 1928 821 1996 λέγων
839 1945 884 1980 ἰ
915 1930 1100 1994 Οὐδεὶς
1120 1932 1338 2002 ἔρχεται
1359 1932 1496 2001 πρὸς
1508 1932 1599 1985 τὸν
1614 1932 1854 2001 Πατέρα,

284 2018 334 2067 εί
364 2018 440 2086 μὴ
469 2018 538 2070 δι’
577 2020 730 2089 ἐμοῦ.
772 2038 791 2071 ι
839 2023 952 2075 Καὶ
990 2022 1185 2077 πάλιν·
1229 2041 1248 2074 ι
1321 2023 1463 2090 Ἐγώ
1504 2026 1618 2094 είμι
1646 2026 1679 2094 ἡ
1715 2025 1854 2091 ὁδὸς,

279 2108 375 2159 καὶ
411 2107 527 2174 ἐγώ
552 2111 723 2181 είμιή
762 2112 923 2181 θύρα.
957 2132 976 2164 ι
1010 2112 1386 2183 Ψευδοεπήσει
1418 2115 1475 2167 δὲ
1494 2115 1664 2168 ταῦτα
1683 2115 1857 2184 λέγων

274 2195 556 2266 οὐδαμῶς,
586 2200 817 2271 ἐπείπερ
846 2202 997 2254 ἐστὶν
1035 2201 1283 2273 ἀλήθεια.
1325 2205 1434 2257 Καὶ
1464 2206 1716 2275 προσιτὸς
1753 2207 1852 2277 οὐχ

275 2288 479 2358 ἑτέρως
501 2292 532 2342 6
561 2290 695 2354 Θεὸς
719 2293 811 2344 καὶ
853 2295 1066 2366 Πατὴρ,
1100 2296 1241 2367 πλὴν
1268 2298 1317 2350 εί
1348 2296 1422 2367 μὴ
1450 2297 1536 2350 διὰ
1570 2298 1728 2367 μόνου
1755 2299 1852 2353 τοῦ

276 2382 417 2435 κατὰ
447 2383 614 2452 φύσιν
639 2383 767 2438 Υἱοῦ
789 2402 803 2416 υ
830 2387 859 2438 6
887 2387 997 2457 γὰρ
1033 2388 1289 2457 ἐγνωκὼς
1314 2391 1475 2445 αὐτὸν
1511 2392 1714 2445 εἴσεταί
1745 2409 1848 2446 που

276 2472 493 2536 πάντως
529 2474 627 2526 καὶ
659 2474 755 2527 τὸν
792 2473 853 2538 ἐξ
896 2470 963 2530 οὗ
995 2475 1237 2547 πέφηνεν
1271 2478 1510 2549 Πατέρα.
1556 2482 1850 2553 Τοιγάρτοι

276 2563 366 2616 καὶ
390 2565 631 2632 Seuerer
659 2568 770 2629 τοῖς
792 2567 1038 2621 ἀπειθεῖν
1066 2569 1342 2639 ἑλομένοις
1368 2571 1517 2642 αὐτῷ
1538 2613 1553 2635 ,
1588 2575 1681 2627 καὶ
1708 2574 1850 2627 εἰδέ-

274 2671 363 2707 ναι
391 2654 614 2723 λέγουσι
646 2656 735 2708 τὸν
760 2657 867 2711 τῶν
889 2657 1027 2711 ὅλων
1053 2659 1216 2712 Θεὸν·
1252 2681 1270 2713 ι
1306 2663 1367 2716 Ei
1396 2663 1496 2733 ἐμὲ
1525 2663 1726 2733 ᾔδειτε,
1755 2664 1851 2717 καὶ

274 2746 361 2800 τὸν
393 2746 615 2817 Πατέρα
644 2764 744 2819 μου
766 2748 944 2819 ᾔδειτε
968 2751 1052 2805 ἄν.
1078 2770 1097 2802 ι
1127 2752 1323 2821 Γέγονε
1356 2756 1454 2825 μὲν
1477 2755 1587 2825 γὰρ
1606 2760 1720 2817 τοῖς
1750 2757 1851 2826 ἀρ-

276 2836 577 2905 χαιοτέροις
610 2836 960 2905 παιδαγωγὸς
987 2840 1017 2891 6
1048 2841 1273 2911 Μωσῆς,
1304 2841 1531 2911 μεσίτης
1566 2843 1659 2895 καὶ
1691 2842 1850 2913 ἡγού-

284 2942 450 2995 μενος,
488 2928 585 2981 καὶ
616 2927 724 2980 τῶν
765 2928 920 2998 παρὰ
946 2929 1079 2983 Θεοῦ
1115 2930 1298 3001 νόμων
1325 2931 1684 3001 διακομιστὴς
1703 2972 1717 2993 ,
1754 2933 1851 2986 καὶ

281 3016 493 3086 ἄριστος
528 3017 627 3086 μὲν
675 3018 732 3069 ὲν
762 3018 956 3085 ἁγίοις.
1006 3018 1238 3087 ’Δκήκοε
1273 3019 1383 3087 γὰρ
1423 3016 1561 3070 Θεοῦ
1595 3016 1847 3115 λέγοντος
1880 3056 1924 3115 C

276 3085 518 3177 ἐναργῶς
552 3124 567 3138 ο
607 3126 625 3158 ι
666 3105 797 3162 Οἷδά
818 3125 877 3162 σε
914 3107 1068 3179 παρὰ
1093 3085 1457 3170 στάντας,γκαὶ
1491 3108 1653 3178 χάριν
1693 3085 1850 3179 εὖρές

274 3200 401 3268 παρ’
428 3199 553 3269 ἐμὲ.
604 3218 622 3249 ι
656 3199 800 3270 Πλὴν
845 3201 875 3252 6
919 3200 1085 3268 νόμος
1118 3199 1221 3251 οὐκ
1262 3197 1548 3269 εύδρανὴς,
1585 3197 1709 3251 οὕτε
1742 3199 1849 3270 μὴν

270 3285 382 3354 οἷός
408 3306 469 3343 τε
500 3289 599 3360 τὴν
628 3290 765 3360 πρὸς
784 3291 917 3343 Θεὸν
938 3289 1214 3342 οίκείωσιν
1239 3288 1567 3359 προξενῆσαι
1595 3289 1844 3353 τελείως·

270 3381 357 3438 διὰ
384 3382 442 3435 δὲ
465 3382 566 3451 τῆς
591 3380 829 3452 Χριστοῦ
869 3379 1148 3449 μεσιτείας
1168 3380 1262 3432 καὶ
1292 3378 1450 3432 τοῦτο
1470 3379 1841 3450 κερδαίνομεν.

278 3492 297 3515 ι
334 3473 505 3535 Αὐτὸς
543 3473 652 3542 γὰρ
682 3472 828 3524 ἐστιν
860 3474 893 3541 ή
918 3472 1107 3541 εἰρήνη
1143 3469 1320 3539 ἡμῶν,
1354 3490 1373 3521 ι
1409 3470 1550 3524 κατὰ
1578 3470 1677 3533 τᾲς
1707 3471 1847 3542 Γρα-

271 3563 376 3628 φάς
401 3579 417 3594 ο
448 3563 545 3615 καὶ
568 3563 633 3614 ἐν
655 3561 804 3632 αὐτῷ
824 3561 888 3632 δὴ
912 3562 1007 3614 καὶ
1043 3561 1188 3631 μόνῳ
1219 3560 1282 3614 16
1312 3563 1369 3615 ὲν
1398 3561 1595 3629 γνώσει
1618 3563 1843 3627 τέλειον,

270 3654 364 3707 καὶ
398 3654 553 3706 πᾶσα
585 3653 732 3717 δόσις
781 3652 980 3724 ἀγαθὴ,
1024 3653 1118 3707 καὶ
1165 3653 1327 3716 αὐτὸς
1371 3654 1517 3724 ἡμᾶς
1570 3654 1640 3708 δι’
1676 3656 1843 3709 αὑτοῦ

229 3778 244 3789 .
274 3743 560 3814 μονονουχὶ
606 3742 1017 3813 προσκεκόμικε
1068 3741 1145 3812 τῷ
1192 3743 1387 3813 Πατρί.
1427 3744 1716 3815 Τοιγάρτοι
1752 3747 1845 3800 καὶ⁵

270 3836 503 3904 ἔφασκεο
527 3854 545 3886 ι
574 3834 724 3888 Θέλω
749 3834 835 3887 ῐνα
853 3833 1041 3904 ὥσπερ
1067 3832 1177 3901 ἐγὼ
1201 3835 1296 3887 καὶ
1321 3834 1385 3886 σὺ
1410 3834 1468 3887 ἓν
1491 3838 1678 3906 ἐσμεν,
1700 3835 1845 3890 οὕτω

268 3926 366 3980 καὶ
397 3924 555 3979 αὐτοὶ
587 3927 643 3978 ὲν
673 3926 804 3995 ἡμῖν
837 3924 896 3980 ἓν
922 3918 1077 3978 ὦσιν.
1118 3943 1137 3975 ι
1171 3923 1381 3977 Οὐκοῦν
1425 3926 1647 3995 μεσίτης
1678 3926 1778 3995 μὲν
1816 3927 1847 3979 6

267 4016 477 4086 Μωσῆς
498 4058 514 4081 ,
540 4014 684 4085 πλὴν
723 4015 797 4077 ὡς
830 4015 889 4066 ἐν
931 4013 1087 4082 τύπῳ
1112 4012 1207 4066 καὶ
1238 4016 1415 4074 σκιαῖς
1437 4028 1449 4040 ·
1485 4015 1514 4066 6
1548 4014 1609 4067 δὲ
1639 4013 1845 4084 ἀληθὴς

273 4108 503 4177 μεσίτης
532 4104 794 4177 Χριστὸς,
828 4098 873 4172 ᾧ
909 4102 1286 4174 κεκολλήμεθα
1335 4103 1634 4173 σχετικῶς,
1686 4105 1846 4178 εἴπερ

268 4199 415 4250 ἐστὶν
461 4197 662 4266 ἀληθὲς
692 4198 772 4249 ὃτι
827 4195 1202 4264 καταϐέϐηκεν
1246 4196 1304 4248 ὲν
1346 4196 1458 4259 τοῖς
1501 4196 1623 4248 καθ’
1661 4196 1842 4266 ἡμᾶς,

269 4289 364 4341 καὶ
380 4289 607 4357 γέγονεν
629 4286 726 4340 ἄνθ
733 4303 915 4356 ρωπος
930 4303 945 4317 ·
977 4287 1066 4340 ἵνα
1083 4287 1177 4340 καὶ
1196 4288 1357 4357 ἡμεῖς
1376 4287 1474 4357 τῆς
1497 4286 1647 4350 θείας
1674 4288 1843 4342 αὐτοῦ

267 4381 486 4448 φύσεως
510 4378 801 4449 γενώμεθα
822 4378 1088 4442 κοινωνοὶ,
1118 4382 1183 4451 τῇ
1215 4378 1307 4432 τοῦ
1337 4378 1490 4448 ἁγίου
1528 4379 1845 4450 Πνεύματος

269 4474 471 4544 μετοχῇ
503 4488 563 4524 τε
588 4471 680 4524 καὶ
708 4471 889 4541 χάριτι
913 4470 1032 4540 Θεῷ
1064 4470 1425 4541 συνδούμενοι.
1467 4471 1575 4526 Καὶ
1599 4472 1756 4525 ταυτὶ
1781 4472 1844 4542 δὴ

266 4565 433 4618 πάλιν
456 4563 737 4633 εἰσόμεθα,
767 4565 878 4627 τοῖς
905 4565 1069 4634 ἱεροῖς
1097 4563 1391 4634 Γρὰμμασι
1413 4564 1505 4616 τὸν
1521 4564 1621 4634 τῆς
1634 4565 1844 4619 ἑαυτῶν

264 4655 508 4719 διανοίας
548 4654 906 4725 ἐνερείδοντες
952 4652 1246 4723 ὀφθαλμόν.
1298 4649 1433 4707 Εἷπε
1489 4655 1628 4725 γὰρ,
1684 4658 1841 4725 φησὶ,

264 4745 473 4818 Κύριος
518 4745 658 4816 πρὸς
693 4745 933 4814 Μωσῆνσ
983 4762 1003 4796 ι
1051 4743 1310 4807 Καταὸἂις
1358 4744 1726 4816 διαμαρτυραι
1765 4747 1843 4817 τῷ

263 4834 415 4906 λαῷ,
444 4836 540 4889 καὶ
579 4834 803 4903 ἁγίασον
838 4834 1034 4899 αὐτοὺς
1079 4835 1317 4905 σήμερον
1358 4834 1453 4888 καὶ
1490 4833 1698 4906 αῠριον.
1737 4838 1846 4891 Καὶ

266 4925 626 4980 πλυνάτωσαν
660 4926 729 4978 τὰ
759 4925 949 4994 ἱμάτια
970 4967 986 4991 ,
1010 4925 1107 4980 καὶ
1137 4925 1382 4980 ἔστωσαν
1410 4925 1619 4996 ἕτοιμοι
1647 4928 1724 4990 εἰς
1747 4927 1855 4998 τὴν-

265 5017 482 5088 ἡμέραν
505 5016 609 5086 τὴν
644 5016 859 5087 τρίτην.
889 5016 967 5086 Τῇ
1011 5016 1120 5084 γὰρ
1156 5015 1336 5088 ἡμέρᾳ
1373 5020 1439 5088 τῇ
1472 5019 1632 5092 τρίτῃ
1677 5037 1846 5074 κατα-

265 5107 496 5177 ϐήσεται
516 5107 722 5178 Κύριος
746 5108 837 5162 ἐπὶ
862 5108 922 5161 τὸ
939 5107 1062 5178 ὅρος
1088 5108 1238 5169 Σινᾶ.
1264 5109 1505 5163 ἐναντίον
1523 5110 1722 5174 παντὸς
1751 5109 1845 5163 τοῦ

262 5198 397 5252 λαοῦ
423 5241 440 5265 ,
468 5199 565 5253 καὶ
592 5200 836 5269 ἁφοριεῖς
876 5200 967 5253 τὸν
996 5200 1123 5253 λαὸν
1150 5199 1333 5270 κύκλῳ
1361 5243 1377 5267 ,
1408 5200 1585 5269 λέγων
1606 5219 1618 5232 ·
1660 5203 1839 5273 Προσ-

263 5290 419 5359 έχετε
456 5293 673 5354 ἑαυτοῖς
697 5290 793 5344 τοῦ
836 5290 910 5361 μὴ
940 5292 1206 5361 ἀναϐῆναί
1231 5309 1351 5345 τινα
1377 5294 1456 5356 είς
1482 5293 1541 5346 τὸ
1568 5293 1713 5365 ὅρος,
1750 5295 1846 5349 καὶ

262 5381 440 5451 θέγειν
488 5400 544 5437 τι
595 5383 781 5437 αὐτοῦ.
832 5385 950 5447 Πᾶς
982 5385 1010 5436 6
1052 5383 1330 5454 ἁψάμενος
1374 5384 1469 5438 τοῦ
1526 5385 1720 5457 ὅρους,
1757 5387 1845 5442 θα-

1961 1848 2019 1895 et
2046 1842 2412 1912 quidem‘sola
2443 1844 2511 1899 ad
2542 1845 2841 1901 amicitiam
2874 1860 3010 1901 cum.
3042 1846 3155 1901 Deo
3195 1862 3539 1917 consequen-

1962 1931 2109 1998 dam,
2144 1932 2527 2003 alloquebatur
2566 1935 2719 1993 hisee
2745 1936 2979 1991 verbis:
3012 1956 3030 1987 ι
3063 1937 3256 1992 Nullus
3295 1939 3447 1993 venit
3472 1939 3541 1992 ad

1962 2022 2179 2080 Patrem
2208 2025 2316 2080 nisi
2348 2041 2447 2096 per
2469 2042 2557 2081 me
2582 2026 2650 2080 ⁸ο.
2687 2047 2705 2079 ι
2736 2028 2808 2081 Et
2830 2044 3022 2084 rursus
3050 2046 3071 2083 τ.
3098 2047 3116 2080 ι
3145 2029 3264 2099 Ego
3279 2045 3398 2084 sum
3430 2030 3537 2094 via,

1959 2123 2017 2171 et
2045 2131 2148 2187 ego
2189 2131 2313 2172 sum
2359 2117 2565 2173 ostium
2595 2119 2661 2173 θ’.
2710 2118 2949 2188 {Neque
2976 2135 3110 2174 veto
3130 2119 3248 2175 haec
3291 2120 3481 2175 dicens
3508 2137 3539 2175 a

1958 2221 2092 2262 vero
2142 2207 2458 2275 aberrabit;
2492 2218 2579 2265 est
2625 2225 2862 2280 namque
2905 2210 3130 2265 vet-itas.
3162 2211 3349 2280 Neque
3378 2212 3541 2267 Pater

1958 2296 2062 2353 alia
2087 2298 2303 2356 ratione
2324 2299 2464 2354 adiri
2489 2308 2690 2370 potest,
2712 2301 2818 2355 nisi
2844 2315 2943 2370 per
2965 2316 3125 2355 suum
3150 2318 3339 2357 verum
3362 2312 3418 2356 et
3447 2319 3539 2359 ua-

1958 2392 2188 2448 turalem
2220 2393 2417 2449 Filium
2446 2394 2576 2464 :qui
2602 2394 2750 2449 enim
2785 2397 3042 2467 cognovit
3070 2395 3269 2465 ipsum,
3304 2396 3395 2452 hic
3424 2412 3541 2451 om-

1956 2483 2088 2537 nino
2114 2483 2324 2539 videbit
2359 2500 2508 2550 eum,
2544 2501 2612 2540 ex
2650 2502 2761 2555 quo
2791 2494 2954 2541 natus
2983 2496 3089 2549 est,
3119 2486 3358 2541 Patrem.
3385 2487 3540 2547 Unde

1955 2583 2012 2629 et
2040 2574 2260 2631 dicebat
2282 2576 2392 2631 illis
2416 2578 2510 2647 qui
2542 2578 2598 2633 in
2629 2577 2735 2634 ﬁde
2769 2578 3058 2642 nutabant,
3087 2577 3454 2648 dicebantque
3479 2594 3539 2633 se

1955 2682 2285 2736 cognoscere
2320 2671 2490 2724 totius
2525 2671 2770 2726 universi
2800 2670 2972 2725 Deum
3015 2687 3027 2722 :
3068 2688 3087 2721 ι
3135 2670 3192 2724 Si
3219 2685 3305 2724 me
3335 2684 3537 2739 cogno-

1955 2757 2194 2821 vissetis,
2225 2768 2281 2813 et
2309 2759 2527 2814 Patrem
2556 2776 2741 2814 meum
2773 2761 2962 2830 utique
2990 2760 3385 2829 eoguovissctis
3412 2759 3479 2812 ⁸¹.
3511 2779 3531 2810 ι

1956 2846 2093 2901 Nam
2125 2848 2303 2903 Moses
2329 2849 2551 2918 quidem
2579 2850 2906 2919 paedagogus
2933 2850 3037 2904 fuit
3070 2850 3312 2918 antiquis
3334 2858 3389 2904 et
3419 2866 3536 2904 me-

1956 2936 2155 3002 diator,
2188 2948 2352 3008 atque
2399 2940 2530 2995 item
2570 2940 2700 3007 dux,
2732 2949 2788 2995 ct
2831 2941 3144 2995 divinarum
3183 2941 3364 3011 legum
3407 2957 3539 3013 pro-

1955 3029 2256 3100 mulgator,
2303 3029 2555 3100 interque
2608 3039 2828 3086 sanctos
2873 3032 3272 3086 sanctissimus.
3309 3032 3538 3089 Manife-

1956 3127 2040 3174 ste
2068 3120 2215 3174 enim
2235 3120 2448 3175 audivit
2476 3122 2646 3176 Deum
2681 3121 2989 3177 dicentem:
3020 3142 3038 3172 ι
3073 3122 3205 3176 Novi
3236 3131 3309 3187 te,
3329 3132 3386 3178 et
3414 3139 3542 3193 gra—

1956 3211 2089 3265 tiam
2123 3210 2382 3266 invenisti
2411 3213 2555 3282 apud
2586 3228 2674 3269 me
2702 3229 2814 3283 prie
2846 3214 3105 3268 omnibus
3130 3214 3194 3267 ⁸³.
3240 3233 3259 3264 ι
3294 3215 3405 3268 Lex
3435 3230 3537 3269 au-

1958 3306 2066 3353 tem
2092 3309 2175 3358 est
2203 3300 2438 3366 inﬁrma,
2470 3319 2648 3373 neque
2688 3304 2987 3358 amicitiam
3014 3305 3108 3359 Dei
3136 3304 3375 3374 perfecte
3404 3319 3536 3360 con-

1954 3389 2142 3446 ciliare
2184 3400 2396 3460 potest,
2433 3393 2532 3448 sed
2578 3408 2676 3462 per
2718 3391 2999 3448 Christum
3042 3392 3401 3448 mediatorcm
3432 3391 3540 3448 hoc

1953 3484 2363 3553 consequimur.
2404 3485 2687 3555 Siquidem
2720 3505 2737 3537 ‹
2790 3485 2907 3555 ipse
2954 3495 3037 3541 est
3086 3502 3189 3557 pax
3236 3495 3457 3549 nostra,
3509 3507 3529 3537 ι

1953 3574 2254 3629 secundum
2284 3573 2596 3645 Scripturas
2626 3576 2691 3639 ⁸³,
2726 3583 2782 3630 ct
2817 3575 2871 3628 in
2905 3575 3021 3645 ipso
3058 3576 3282 3645 quidem
3312 3576 3427 3631 solo
3451 3587 3538 3631 est

1952 3663 2193 3731 perfecta
2223 3665 2484 3734 cognitio,
2518 3667 2807 3735 omnisque
2839 3666 2990 3721 datio
3022 3666 3186 3729 bona,
3218 3673 3382 3733 atque
3418 3664 3534 3733 ipse

1953 3769 2053 3809 nos
2084 3771 2184 3824 per
2231 3772 2289 3812 se
2325 3764 2532 3812 tantum
2573 3774 2687 3813 non
2717 3759 2863 3812 Patri
2904 3759 3107 3812 attulit.
3139 3756 3352 3810 Idcirco
3380 3755 3533 3809 dicc-

1953 3845 2045 3899 bat
2074 3863 2088 3898 :
2123 3866 2141 3896 ι
2176 3847 2358 3910 Pater,
2386 3848 2532 3911 volo,
2560 3855 2622 3900 ut
2652 3848 2796 3901 sicut
2820 3862 2921 3915 ego
2946 3854 3002 3899 et
3039 3853 3095 3898 tu
3122 3859 3291 3897 unum
3321 3857 3531 3906 sumus,

1954 3936 2026 3991 ita
2061 3943 2117 3989 et
2143 3936 2244 4004 ipsi
2277 3937 2333 3989 in
2360 3937 2520 4017 nobis
2550 3951 2720 3990 unum
2767 3936 2878 3987 sint
2904 3935 2969 3987 ⁸⁵.
3009 3953 3026 3985 ι
3056 3932 3320 3986 Mediator
3349 3932 3533 4001 itaque

1953 4025 2148 4088 Moses,
2182 4025 2278 4079 sed
2306 4036 2565 4095 tauquam
2602 4025 2656 4078 in
2695 4025 2891 4078 umbra
2918 4032 2971 4077 et
3006 4032 3133 4092 typo
3162 4038 3175 4074 :
3203 4030 3257 4076 at
3281 4021 3533 4077 Christus

1952 4123 2037 4170 est
2057 4130 2221 4170 verus
2244 4116 2537 4180 mediator,
2564 4115 2653 4169 cui
2697 4112 3011 4184 specialiter
3050 4111 3407 4183 conglutinati
3436 4128 3530 4167 su-

1953 4220 2093 4261 mus.
2128 4205 2411 4276 Siquidem
2446 4221 2635 4260 verum
2683 4202 2941 4274 estquod
2978 4202 3264 4258 descendit
3309 4202 3376 4256 ad
3407 4217 3529 4267 nos,

1951 4304 2007 4351 ct
2035 4296 2199 4351 homo
2228 4295 2402 4351 factus
2448 4304 2531 4351 est
2570 4303 2633 4351 ut
2662 4310 2765 4350 nos
2803 4295 2967 4349 etiam
2996 4284 3190 4349 ﬁamus
3215 4292 3416 4348 divinae
3444 4292 3530 4363 ip-

1883 4402 1922 4455 n
1953 4390 2069 4444 sius
2094 4387 2318 4443 virtutis
2342 4388 2662 4458 participes,
2687 4396 2743 4442 et
2768 4387 3008 4457 Spiritus
3035 4386 3207 4441 sancti
3241 4386 3530 4456 participa-

1946 4479 2095 4533 tione
2128 4494 2191 4536 ac
2213 4477 2387 4547 gratia
2413 4478 2526 4532 Deo
2555 4478 2812 4549 colligati.
2845 4477 2976 4544 Qua:
3006 4476 3227 4547 quidem
3256 4477 3369 4546 ipsa
3400 4494 3529 4532 rur-

1943 4585 2036 4624 sus
2064 4568 2251 4624 videre
2286 4576 2389 4633 est,
2426 4568 2471 4621 si
2501 4569 2702 4623 mentis
2730 4577 2932 4623 nostra:
2963 4568 3184 4622 oculum
3214 4567 3386 4621 sacris
3409 4565 3527 4622 Lit-

1946 4661 2083 4715 teris
2121 4659 2491 4714 intendamus.
2538 4661 2629 4713 Ait
2676 4659 2824 4714 enim
2859 4658 3124 4714 Dominus
3164 4656 3231 4711 ad
3277 4656 3460 4711 Mosen
3509 4674 3524 4709 :

1950 4771 1967 4802 ι
2001 4751 2349 4807 Descendens
2388 4750 2682 4806 testiﬁcare
2734 4751 2968 4821 populo,
3002 4756 3058 4803 et
3106 4745 3388 4802 sanetiiica
3431 4760 3528 4803 eos

1944 4847 2108 4901 hodie
2142 4855 2198 4901 et
2227 4862 2366 4902 cras.
2390 4846 2462 4901 Et
2492 4847 2675 4900 lavent
2695 4845 3021 4899 vestimenta
3052 4856 3172 4903 sua,
3209 4849 3263 4893 et
3289 4839 3400 4923 sint
3429 4852 3525 4906 pa-

1944 4938 2045 4992 rati
2072 4938 2129 4992 in
2151 4937 2296 4992 diem
2324 4939 2566 4992 tertium.
2595 4937 2731 4992 Nam
2756 4936 2845 4991 die
2887 4933 3052 4988 tertio
3089 4928 3386 4984 descendet
3416 4927 3523 4981 Do-

1944 5016 2126 5083 minus
2157 5027 2211 5081 in
2236 5037 2479 5081 montem
2514 5026 2665 5090 Sina,
2696 5040 2879 5079 coram
2903 5020 3053 5076 omni
3088 5018 3312 5090 populo,
3349 5027 3404 5073 et
3435 5033 3524 5072 se—

1944 5119 2197 5187 gregabis
2221 5119 2483 5187 populum
2510 5118 2565 5170 in
2587 5115 2843 5177 circuitu,
2868 5112 3059 5166 dicens
3085 5128 3098 5164 :
3124 5109 3323 5166 Cavete
3344 5109 3523 5169 vobis,

1942 5223 2010 5262 ne
2057 5208 2365 5262 ascendatis
2412 5208 2468 5260 in
2513 5217 2786 5269 montem,
2821 5213 2875 5259 et
2909 5202 3142 5273 tangatis
3180 5199 3312 5269 quid
3354 5199 3522 5253 illius.

1946 5296 2136 5351 Omnis
2164 5295 2258 5365 qui
2286 5295 2527 5364 tetigerit
2559 5302 2820 5354 montem,
2864 5292 3039 5345 morte
3073 5287 3361 5342 morietur.
3404 5286 3522 5341 Non

1948 5395 2130 5458 tanget
2154 5387 2307 5441 illum
2332 5400 2551 5449 manus,
2581 5381 2857 5452 lapidibus
2881 5379 3029 5435 enim
3054 5376 3411 5449 lapidabitur,
3436 5378 3522 5430 vel

261 5474 411 5545 νάτῳ
454 5474 789 5546 τελευτήσει.
839 5476 949 5546 Οὐχ
985 5474 1180 5545 ἅψεται
1219 5474 1385 5529 αὑτοῦ
1436 5477 1590 5549 χείρ’
1639 5479 1696 5531 ὲν
1732 5477 1842 5550 γὰρ

1952 5479 2121 5546 iaculo
2144 5474 2524 5539 confodictur;
2561 5476 2672 5530 sive
2706 5474 2891 5537 homo,
2923 5470 3036 5526 sive
3064 5471 3370 5541 iumentum
3401 5467 3521 5522 fuc-

263 5562 434 5629 λίθοις
463 5564 940 5637 λιθοΰοληθὴσεται
960 5607 973 5632 ,
1004 5565 1036 5636 ἦ
1076 5564 1241 5635 βολίδι
1274 5569 1799 5641 κατατοξευθήσεται
1823 5608 1837 5633 ,

336 5677 380 5705 ⁸⁸³
414 5676 572 5732 Joan.
610 5697 714 5743 λιν,
740 5679 789 5732 6.

266 5763 368 5801 xvu
389 5787 403 5812 ,
443 5748 534 5801 ‘21.

886 5682 924 5708 “
957 5680 1107 5734 Joan.
1146 5698 1195 5744 x,
1222 5680 1285 5744 9;
1312 5696 1417 5747 xxv,
1452 5683 1503 5738 6.
1581 5683 1623 5715 '“
1646 5683 1799 5737 Joan.
1839 5700 1943 5747 vn,
1972 5683 2019 5735 7.

1945 5569 2035 5631 rit,
2072 5582 2181 5621 non
2210 5566 2375 5620 vivet.
2406 5564 2634 5629 Quando
2660 5574 2840 5621 autem
2868 5578 3029 5618 voces
3065 5571 3119 5617 et
3166 5560 3311 5615 tuba:
3340 5572 3516 5614 reces-

2099 5683 2143 5712 "
2176 5678 2345 5735 EWd-
2372 5690 2551 5737 “W1,
2587 5677 2665 5729 1'2.
2743 5678 2783 5707 9"
2818 5674 3015 5747 Ιίνιιις.
3060 5692 3114 5738 ιι,
3150 5673 3229 5726 l-i.
3307 5668 3518 5723 “lusu.
