4066 6282
431 310 537 370 633
565 315 572 325 '

429 512 569 571 Cum
598 512 746 569 enim
786 510 1045 567 Israelita
1087 506 1408 582 Egyptiaca
1442 512 1710 566 servitute
1746 510 2019 581 oppressi,

432 603 692 677 falsisque
717 605 963 675 ipsorum
987 601 1236 659 cultibus
1263 602 1486 666 irretiti.
1515 602 1755 658 humana
1799 602 2023 658 inventa

429 706 487 754 et
506 712 574 752 ex
600 695 781 766 lapide
807 702 904 749 aut
927 693 1034 748 alia
1061 692 1255 763 quavis
1277 694 1513 749 materia
1540 693 1684 750 facta
1705 692 2019 759 adorarent,

431 787 747 846 miserando
776 803 968 844 errore
1011 788 1265 852 involuti,
1294 786 1433 842 adeo
1460 796 1555 851 ut,
1587 786 1734 841 sicut
1772 786 1850 841 ait
1889 800 2021 856 pro-

432 879 617 952 pheta,
650 899 668 930 ι
698 878 950 934 dicerent
972 878 1319 949 ligno:Deus
1345 891 1503 931 meus
1527 891 1588 930 es
1616 883 1707 942 tu;
1734 886 1791 930 et
1815 875 1981 945 lapidi
2005 893 2018 929 :

434 971 515 1027 'l'u
558 985 647 1029 me
673 971 917 1044 genuisti
948 972 993 1003 ⁸⁷
1020 988 1037 1037 ;
1063 991 1079 1022 ι
1111 971 1320 1026 idcirco
1363 969 1695 1033 necessario,
1724 983 1850 1023 cum
1878 969 2027 1024 Deus

431 1073 650 1122 creator
680 1065 845 1121 vellet
869 1080 967 1120 eos
990 1079 1059 1119 ex
1081 1064 1269 1134 priore
1293 1063 1400 1119 isto
1434 1070 1492 1118 et
1530 1061 1738 1133 polluto
1762 1062 1917 1117 cultu
1953 1061 2023 1116 ad

432 1158 681 1214 veritatis
703 1156 1076 1228 cognitionem
1099 1155 1392 1221 adducere,
1415 1171 1486 1210 ne
1510 1154 1835 1210 viderentur
1857 1154 2022 1209 deum

434 1249 530 1320 qui
551 1264 680 1303 vere
701 1247 848 1303 Deus
873 1261 985 1304 non
1006 1254 1154 1302 esset
1175 1245 1357 1301 colere
1379 1245 1547 1301 Mosis
1566 1245 1756 1301 verbis
1782 1241 2020 1314 decepti,

435 1342 643 1398 idcirco
684 1355 781 1396 eos
806 1339 1017 1394 utiliter
1046 1337 1237 1393 divino
1267 1344 1496 1408 aspectu
1544 1337 1599 1391 in
1646 1336 1789 1408 typis
1827 1334 2022 1406 digna-

434 1443 544 1491 tur.
565 1432 698 1502 Quae
722 1433 871 1488 enim
896 1433 1176 1499 videntur,
1201 1448 1267 1487 ea
1296 1429 1523 1485 ﬁrmiori
1546 1429 1654 1485 [ide
1684 1428 2023 1500 apprehendi

432 1527 633 1583 solent.
668 1525 853 1581 Palam
886 1525 1056 1597 igitur
1103 1523 1377 1594 promittit
1418 1536 1477 1577 se
1509 1522 1928 1587 descensurum,
1965 1531 2026 1577 et

433 1618 656 1690 quidem
690 1617 821 1672 cito.
850 1617 920 1672 At
943 1631 1099 1680 vero,
1133 1623 1196 1670 ut
1234 1623 1579 1684 compertum
1614 1613 1885 1669 haberent
1927 1629 2026 1669 eos

433 1710 529 1781 qui
561 1709 631 1766 ad
660 1717 873 1765 tantum
903 1707 1172 1762 honorem
1206 1706 1387 1761 vocati
1418 1713 1624 1771 essent,
1650 1714 1712 1760 ut
1744 1704 2025 1782 auditores

434 1801 599 1858 simul
639 1816 704 1857 ac
737 1807 1077 1871 spectatores
1115 1799 1234 1864 Dei,
1263 1799 1380 1854 sive
1409 1797 1609 1853 divinae
1650 1797 1827 1868 ipsius
1856 1805 2023 1867 atque

435 1894 734 1950 ineﬂ‘abilis
772 1894 962 1965 gloria
1006 1891 1388 1957 edicerentur,
1434 1891 1740 1961 gratissima
1782 1889 2024 1959 puritate

432 1985 699 2057 pmditos
726 2000 851 2041 esse
879 1984 1104 2050 debere,
1132 1992 1190 2040 et
1213 2000 1245 2039 a
1270 1983 1476 2039 carnali
1510 1981 1861 2037 immunditia
1881 1980 2022 2036 libe-

437 2092 563 2144 ros;
590 2085 856 2148 praeterea
889 2076 1112 2131 mundis
1134 2074 1386 2131 vestibus
1416 2072 1661 2139 indutos,
1688 2078 1751 2127 ut
1780 2079 1931 2127 recte
1960 2086 2027 2127 ac

435 2170 697 2225 decenter
735 2167 979 2240 ﬁguram!
999 2168 1123 2224 festi
1154 2167 1486 2237 exprimant.
1528 2167 1740 2223 Revera
1767 2164 1917 2225 enim
1939 2162 2025 2218 {e-

437 2268 582 2315 stum
624 2267 682 2315 et
720 2259 945 2330 quidem
987 2274 1200 2328 summa
1243 2257 1608 2312 admiratione
1638 2256 1863 2327 dignum
1904 2261 2023 2318 est,

438 2351 586 2421 quod
619 2351 754 2405 istos
775 2359 888 2406 tam
921 2350 1207 2419 splendida
1233 2349 1490 2419 dignatus
1513 2348 1585 2403 sit
1608 2347 1838 2401 visione.
1862 2345 2028 2401 lubet

439 2449 625 2496 autem
664 2441 813 2510 ipsos
845 2440 999 2509 prius
1032 2439 1322 2504 mundari,
1365 2446 1424 2493 et
1471 2455 1503 2493 a
1548 2438 1841 2492 mulierum
1891 2452 2026 2490 eon-

437 2545 633 2602 gressu
676 2530 974 2596 abstinere,
1010 2530 1367 2600 adeoquead
1411 2529 1633 2585 tertium
1680 2544 1852 2599 usque
1880 2527 2029 2583 diem

439 2622 836 2679 continentiam
875 2623 1042 2679 tueri.
1074 2623 1239 2679 ΑΙ)ιυί
1282 2623 1433 2678 enim
1465 2622 1633 2677 etiam
1674 2631 1851 2676 vestes
1882 2621 2030 2690 ipsas

441 2716 720 2786 pmcepit.
745 2714 867 2782 Quo
899 2716 1122 2786 quidem
1149 2722 1424 2787 praecepto
1450 2715 1518 2771 ad
1548 2715 1715 2770 tinem
1736 2711 2026 2784 perducto,

441 2806 519 2861 ait
543 2823 558 2860 :
596 2827 613 2858 ι
647 2807 875 2863 Factum
899 2816 983 2862 est
1004 2816 1187 2863 autem
1211 2807 1301 2863 die
1328 2807 1492 2862 tertio
1514 2821 1695 2872 mane,
1720 2805 1879 2861 factae
1900 2812 2031 2859 sunt

443 2912 625 2963 voces,
653 2906 710 2954 et
746 2898 986 2970 fulgura,
1009 2906 1065 2954 et
1089 2897 1268 2954 nubes
1297 2899 1609 2970 caliginosae
1638 2898 1694 2952 in
1720 2902 1908 2952 monte
1940 2893 2029 2950 Si-

443 2990 554 3045 nai.
586 2990 705 3046 Vox
744 2991 891 3046 tubae
932 2991 1165 3046 sonabat
1194 2990 1372 3045 valde.
1399 2991 1467 3044 Et
1504 2987 1689 3044 timuit
1711 2988 1895 3043 omnis
1925 3001 2029 3056 po—

1321 296 1331 317 '
1387 301 1444 358 Β.
1482 295 1762 365 CYRlLLI
1798 298 2274 359 ALEXANDRINI
2306 300 2624 358 Αιισωεν.

431 421 703 482 serime
721 430 929 487 monte,
947 416 1248 475 ascertdent
1273 416 1354 472 illi
1377 418 1437 472 in
1453 417 1616 490 317
1641 425 1887 478 montem
1900 417 1974 473 ³⁸.
1998 436 2018 468 ι

2132 418 2223 474 ὲάν
2266 435 2329 474 τε
2386 420 2582 490 κτῆνος
2607 457 2622 482 ,
2688 417 2785 471 δάν
2833 431 2893 470 τε
2948 413 3237 486 ἄνθρωπος
3263 451 3278 478 ,

3601 295 3705 353 500

3330 414 3393 467 ού
3442 413 3669 485 ζήσεται
3683 460 3699 473 ,

2127 510 2295 563 Ὅταν
2319 509 2378 563 δὲ
2405 511 2462 563 αἱ
2483 507 2660 578 φωναὶ
2689 505 2782 561 καὶ
2806 505 3110 572 σάλπιγγες
3138 503 3235 557 καὶ
3256 504 3291 575 ἡ
3316 502 3515 574 νεφέλη
3545 502 3710 557 ἀπέλ-

2125 602 2191 675 θῃ
2217 604 2281 656 ὲκ
2304 600 2401 655 τοῦ
2434 601 2616 673 ὅρους,
2649 601 2847 654 ἐκεῖνοι
2881 598 3249 668 ἀναϐήσονται
3278 594 3373 649 ἐπὶ
3398 595 3459 649 τὺ
3492 594 3641 667 ὅρος.
3678 612 3704 648 ι

2136 694 2353 764 Ἐπειδὴ
2385 696 2492 766 γὰρ
2523 695 2581 748 ὲν
2607 691 2870 762 Αἰγύπτῳ
2902 691 3222 763 θητεύοντες
3264 688 3363 744 καὶ
3404 688 3527 752 ταῖς
3569 687 3711 741 ὲκεί-

2123 803 2230 839 νων
2283 782 2726 856 ψευδολατρείαις
2777 776 3200 853 ὲνωλισθηκότες
3241 779 3293 832 ot
3342 778 3403 845 ἐξ
3453 778 3708 851 Ἰσραὴλ.

2124 875 2486 948 ἀνθρωπίνοις
2536 876 2637 946 μὲν
2691 874 3064 945 προσεκύνουν
3102 872 3381 943 εὑρήμασι
3406 909 3421 932 ,
3473 870 3709 934 καὶτοῖς

2124 971 2191 1023 ἔκ
2217 967 2367 1023 λίθου
2393 965 2804 1037 πεποιημένοις,
2835 965 3004 1036 ἧγουν
3040 962 3100 1031 ἐξ
3131 963 3324 1033 ἑτέρας
3368 960 3501 1033 ὕλης
3539 977 3711 1032 προσ-

2125 1058 2379 1132 εκόμιζον
2420 1057 2520 1122 τάς
2564 1056 2841 1129 λατρείας,
2857 1055 3099 1127 ἐλεεινὴν
3140 1052 3425 1117 νοσοῦντες
3451 1053 3553 1123 τὴν
3579 1051 3711 1107 πλά-

2123 1172 2301 1226 νησιν,
2323 1154 2441 1219 καὶ,
2541 1170 2710 1225 φησιν
2743 1155 2773 1207 6
2816 1152 3125 1224 προφήτης,
3169 1169 3193 1202 ι
3233 1148 3316 1220 τῷ
3356 1148 3501 1219 ξύλῳ
3523 1146 3711 1216 λέγον-

2124 1262 2249 1312 τεςο
2298 1246 2431 1310 Θεός
2475 1261 2577 1316 μου
2614 1239 2664 1297 εί
2692 1243 2781 1307 σὺ,
2821 1243 2918 1297 καὶ
2960 1240 3041 1312 τῷ
3087 1240 3256 1312 λίθῳ’
3296 1240 3372 1294 Σὺ
3413 1237 3710 1309 ἑγέννησάς

2129 1355 2195 1409 με
2216 1377 2231 1398 ,
2276 1357 2295 1391 ι
2335 1336 2505 1408 ταύτῃ
2552 1334 2739 1389 λοιπὸν
2772 1333 3087 1402 ἀναγκαίως
3108 1371 3123 1397 ,
3159 1329 3457 1402 δπειδήπερ
3510 1326 3711 1390 αὐτοὺς

2127 1433 2192 1484 ὲκ
2230 1430 2330 1500 τῆς
2361 1427 2596 1500 ἀρχαίας
2632 1425 2848 1496 ἐκείνης
2895 1424 2992 1479 καὶ
3030 1420 3258 1495 βεϐήλου
3289 1417 3713 1491 ψευδολατρείας

2126 1525 2209 1587 είς
2251 1521 2549 1590 ἐπίγνωσιν
2593 1517 2854 1589 ἀληθείας
2917 1514 3271 1586 ἀνακομίζειν
3304 1511 3496 1583 ἤθελεν
3543 1510 3572 1563 6
3616 1509 3712 1579 δηο

2131 1612 2410 1685 μιουργὸς,
2448 1610 2537 1665 ἵνα
2564 1609 2638 1682 μὴ
2659 1608 2789 1679 δοκῇ
2820 1607 2880 1661 ὲν
2912 1605 2991 1677 τῷ
3023 1604 3099 1677 μὴ
3133 1604 3249 1659 όντι
3273 1602 3560 1675 λατρεύειν
3590 1599 3714 1671 Θεῷ

2127 1706 2249 1768 ταῖς
2286 1701 2386 1756 τοῦ
2418 1701 2664 1764 Μωσέως
2697 1700 2905 1769 φωναῖς
2938 1694 3419 1767 πεφενακισμένοι,
3452 1692 3714 1764 ταύτῃτοι

2057 1760 2097 1815 Β
2127 1760 2415 1865 χρησίμας
2439 1791 2536 1845 καὶ
2565 1760 2667 1860 τῆς
2710 1760 2771 1843 έν
2813 1760 3009 1852 τύποις
3023 1760 3230 1849 αὐτοὺς
3247 1760 3519 1847 ’θεοπτίας

2126 1884 2463 1957 Βεσαιοτέρᾳ
2495 1883 2603 1952 γὰρ
2638 1882 2821 1935 πίστει
2863 1879 3129 1950 τιμᾶσθαι
3162 1877 3310 1946 φιλεῖ
3342 1875 3411 1930 τά
3435 1873 3714 1947 ὁρώμενα.

2124 1972 2517 2030 Καθικνεηῖσθαι
2552 1969 2617 2041 δὴ
2667 1965 2761 2023 οῦν
2817 1966 3120 2037 ἀναφανδὸν
3160 1963 3581 2035 ἐπαγγέλλεται,
3618 1963 3718 2016 xui.

2125 2065 2228 2118 οὐκ
2262 2066 2341 2128 είς
2390 2061 2628 2134 μακράν.
2678 2060 2798 2115 Ἵνα
2838 2058 2894 2112 δὲ
2946 2057 3135 2112 εἰδεῖεν
3175 2057 3258 2110 δτι
3303 2058 3416 2118 τοῖς
3445 2056 3525 2117 είς
3553 2052 3718 2107 τοῦτο

2125 2157 2291 2228 τιμῆς
2323 2153 2703 2224 κεκλημένοις.
2735 2152 2811 2216 ὡς
2858 2150 3166 2221 κατηκόους
3208 2165 3269 2202 τε
3309 2147 3426 2218 ἅμα
3450 2145 3549 2201 καὶ
3572 2144 3716 2199 θεω-
3764 2194 3771 2198 ,

2128 2249 2255 2322 pob;
2281 2245 2535 2316 γενέσθαι
2568 2244 2662 2299 τοῦ
2698 2243 2856 2307 Θεοῦ,
2896 2243 3075 2314 ἤγουν·
3103 2241 3201 2310 τῆς
3235 2239 3389 2302 θείας
3416 2235 3582 2292 αὐτοῦ
3616 2238 3719 2290 καὶ

2127 2337 2443 2410 ἀπορρήτου
2471 2334 2653 2404 δόξης,
2685 2332 2794 2386 ἔδει
2826 2333 3043 2394 πάντως
3077 2331 3175 2385 καὶ¹
3211 2330 3312 2399 τῆς
3342 2326 3495 2398 αύτῷ
3532 2326 3721 2395 φιλαιο

2126 2431 2300 2497 τάτης
2325 2427 2571 2497 ἁγνείας,
2606 2427 2703 2479 καὶ
2740 2423 3011 2496 σαρκικῆς
3047 2422 3147 2492 μὲν
3175 2418 3519 2491 ἀκαθαρσίας
3537 2415 3721 2471 ἀπαλο

2128 2520 2419 2577 λάττεσθαι
2456 2517 2713 2590 πρέπειν,
2742 2516 2839 2570 καὶ
2883 2513 3021 2585 πρός
3064 2529 3129 2581 γε
3168 2511 3233 2582 δὴ
3256 2509 3433 2579 τούτῳ
3463 2506 3527 2561 τὸ
3572 2507 3719 2561 εὐει-

2133 2617 2346 2687 ματεῖν,
2376 2614 2463 2666 ἵνα
2490 2611 2664 2682 ὀρθῶς
2686 2627 2747 2663 τε
2776 2608 2872 2662 καὶ
2900 2605 3255 2677 καθηκόντως
3281 2602 3341 2656 τὸ
3374 2602 3476 2671 τῆς
3522 2600 3719 2671 ἑορτῆς

2130 2706 2529 2760 ύποπλάττοιτο
2572 2702 2780 2771 σχῆμα.
2828 2697 3023 2770 Ἐορτὴ
3054 2696 3163 2766 γὰρ
3198 2694 3368 2757 ὅντως
3415 2692 3513 2746 καὶ
3560 2690 3720 2754 aeri-

2131 2814 2331 2868 γαστος
2374 2796 2436 2850 τὸ
2474 2795 2575 2864 τῆς
2600 2792 2743 2846 οὕτω
2777 2789 3113 2862 περιφανοῦς
3141 2784 3427 2851 ἀξιοῦσθαι
3457 2781 3716 2852 θεωρίας.

2136 2889 2257 2944 Ἔτι
2301 2889 2398 2960 μὲν
2454 2885 2549 2941 καὶ
2586 2879 3043 2953 ἀποκαθήρασθαι
3086 2876 3320 2937 κελεύει,
3354 2873 3448 2929 καὶ
3478 2871 3721 2940 γυναίων

2137 2978 2238 3056 μὲν
2280 2973 2501 3046 ὁμιλίας
2549 2972 2883 3041 άποφοιτᾷν,
2935 2968 3030 3023 καὶ
3063 2968 3144 3030 είς
3174 2966 3366 3038 τρίτην
3397 2963 3593 3024 αὐτοὺς
3615 2960 3723 3056 τὴν

441 3081 607 3154 pulus
636 3082 731 3153 qui
761 3082 961 3138 eratin
991 3083 1205 3138 castris.
1243 3083 1311 3137 Et
1345 3082 1538 3161 eduxit
1564 3081 1739 3136 Moses
1762 3050 2027 3149 populum

2133 3050 2460 3139 ἐγκράτειαν
2504 3064 2701 3117 τείνειν
2749 3061 2986 3131 ἡμέραν.
3025 3052 3479 3161 ,Ἀποπλύνεσθαι
3519 3051 3578 3105 δὲ
3623 3050 3720 3103 καὶ

441 3176 501 3231 in
529 3189 819 3231 occursum
849 3174 947 3229 Dei
984 3191 1051 3230 ex
1077 3174 1293 3238 castris,
1320 3182 1376 3229 et
1396 3160 1691 3229 astiterunt
1712 3172 1815 3228 sub
1838 3178 2027 3226 monte

2132 3161 2273 3216 αύτά
2292 3156 2627 3230 προστέταχε
2653 3154 2723 3207 τὰ
2751 3153 2948 3223 ἀμφια.
2982 3142 3057 3203 Οὗ
3083 3148 3273 3210 καὶείς
3297 3146 3469 3238 πέρας
3496 3144 3723 3213 ἐνηνεγ-

444 3267 614 3323 Sinai.
646 3266 716 3321 At
739 3282 898 3321 mons
925 3265 1078 3322 Sinai
1107 3266 1354 3322 fumabat
1377 3273 1545 3329 totus,
1573 3266 1704 3336 quia
1731 3263 2031 3320 descende—

446 3363 532 3410 rat
565 3354 832 3409 Dominus
866 3355 935 3408 ad
979 3355 1130 3409 illum
1179 3356 1235 3410 in
1279 3356 1424 3424 igne.
1470 3354 1815 3409 Ascendebat
1846 3361 2029 3407 autem

446 3442 648 3507 fmnus,
673 3451 933 3513 tanquam
957 3443 1141 3499 fumus
1167 3444 1443 3499 fornacis:
1469 3451 1525 3497 et
1545 3442 1832 3511 obstupuit
1852 3441 2032 3497 omnis

448 3533 685 3604 populus
706 3534 885 3588 valde.
911 3533 1089 3590 Factae
1120 3543 1250 3589 sunt
1275 3543 1459 3589 autem
1488 3549 1651 3589 voces
1676 3533 1819 3588 tuba:
1841 3546 2035 3602 proce-

447 3628 641 3683 dentes
673 3625 929 3681 fortiores
968 3626 1145 3680 valde.
1190 3625 1368 3680 Moses
1395 3625 1724 3695 loquebatur
1759 3641 1775 3678 :
1804 3632 1860 3679 at
1887 3625 2034 3679 Deus

446 3718 814 3790 respondebat
846 3718 898 3774 ei
922 3733 1056 3773 voce
1080 3717 1145 3771 ⁸⁸.
1178 3737 1198 3770 ι
1226 3717 1361 3772 Nam
1390 3724 1573 3772 mente
1598 3715 1823 3771 vixdum
1853 3715 2034 3771 cerni-

449 3822 540 3868 tur
568 3827 824 3883 suprcma
863 3811 977 3877 illa,
1002 3822 1058 3865 et
1098 3811 1154 3866 in
1194 3809 1477 3865 altissimis
1507 3808 1765 3863 habitans
1798 3816 1995 3863 natura
2016 3846 2031 3871 ,

448 3918 573 3974 quae
607 3917 826 3958 omnem
873 3911 1184 3957 creaturam
1224 3900 1461 3956 excedit.
1510 3899 1804 3978 Postquam
1849 3906 2033 3953 autem

449 4010 550 4066 per
568 4011 663 4051 res
681 3994 1088 4050 manifestiores
1111 3993 1401 4048 commode
1426 4007 1490 4048 ea
1513 4007 1637 4062 quae
1668 3991 1945 4062 pertinent
1965 3989 2034 4045 ad

451 4085 547 4142 Del
586 4086 855 4140 visionem
886 4093 1106 4153 paracta
1132 4091 1281 4146 sunt,
1318 4082 1528 4137 idcirco
1566 4081 1826 4150 deinceps
1861 4080 2036 4136 divini

450 4175 667 4231 consilii
704 4175 847 4228 ratio
886 4188 985 4242 per
1026 4174 1197 4226 multa
1224 4187 1349 4240 qua
1379 4181 1645 4226 terrorem
1687 4172 2033 4235 incuterent,

452 4264 738 4337 processit.
756 4264 932 4317 Voces
951 4263 1097 4316 enim
1120 4270 1176 4316 et
1196 4262 1411 4331 fulgura
1433 4261 1598 4331 318
1612 4261 2035 4326 concurrebant,

451 4364 750 4426 coactaQue
779 4362 864 4410 est
897 4352 1074 4407 nubes
1109 4352 1427 4422 caliginosa,
1459 4361 1522 4406 ut
1549 4359 1605 4406 et
1628 4361 1887 4406 creatura
1908 4352 2038 4406 sub-

2136 3250 2320 3320 μένουδ
2369 3266 2389 3299 ι
2452 3244 2717 3313 Ἐγένετο,
2749 3242 2906 3311 φησὶ,
2952 3240 3019 3309 τῇ
3055 3237 3238 3308 ἡμέρᾳ
3264 3237 3332 3305 τῇ
3361 3232 3519 3302 τρίτῃ
3549 3247 3717 3299 γενη·

2135 3343 2321 3404 θέντος
2358 3338 2493 3409 πρὸς
2533 3335 2751 3409 ὄρθρον,
2795 3334 3045 3401 ἐγένοντο
3076 3328 3254 3399 φωναὶ
3283 3326 3380 3380 καὶ⁵
3411 3323 3722 3395 ἀστραπαὶ,

2133 3434 2228 3487 καὶ
2251 3430 2474 3501 νεφέλαι
2519 3426 2819 3497 γνοφιῦδεις
2871 3423 2957 3477 ἐπ’
3013 3422 3173 3493 ὅρους
3222 3420 3371 3473 Σινά.
3422 3414 3579 3487 Φωνὴ
3618 3413 3722 3482 τῆς
3796 3422 3801 3425 ‘

2136 3521 2435 3589 σάλπιγγος
2463 3518 2584 3588 ἤχει
2616 3515 2783 3586 μέγα.
2814 3512 2924 3566 Καὶ
2966 3509 3207 3579 ἐπτοήθη
3243 3509 3351 3570 πᾶς
3376 3508 3406 3561 ὁ
3436 3505 3564 3569 λαὸς
3596 3506 3625 3557 6
3659 3506 3722 3557 ὲν

2132 3617 2201 3685 τῇ
2240 3609 2584 3683 παρεμϐολῇ.
2642 3605 2755 3658 Καὶ
2800 3603 3037 3673 ἐξήγαγε
3089 3599 3295 3669 Μωσῆς
3333 3598 3426 3651 τὸν
3472 3595 3600 3649 λαὸν
3636 3595 3724 3660 είς

2133 3689 2235 3776 την
2287 3700 2612 3770 συνάντησιν
2652 3694 2746 3749 τοῦ
2794 3692 2930 3747 Θεοῦ
2963 3694 3029 3746 ὲκ
3071 3691 3172 3760 τῆς
3211 3685 3587 3759 παρεμϐολῆς,
3620 3688 3728 3739 καὶ

2135 3795 2486 3867 παρέστησαν
2503 3788 2607 3843 ὑπὸ
2622 3787 2684 3842 τὸ
2702 3787 2846 3858 ὅρος.
2863 3785 2938 3837 T6
2950 3783 3008 3838 δὲ
3027 3782 3152 3854 ope;
3166 3781 3227 3835 τὸ
3243 3780 3373 3833 Σινᾶ
3392 3776 3727 3840 έκαπνίζετο

2135 3889 2256 3944 ὅλον
2278 3886 2366 3939 διὰ
2391 3884 2451 3936 τὸ
2462 3879 2901 3949 καωϐεὸηκὲναι
2922 3876 3015 3929 τὸν
3039 3873 3177 3928 Θεὸν
3194 3874 3282 3925 ἐπ’
3313 3871 3446 3925 αὐτὸ
3466 3873 3523 3923 ἐν
3559 3868 3727 3939 πυρίο

2137 3980 2232 4036 καὶ
2279 3975 2561 4032 ἁνέὸαινεν
2608 3974 2637 4025 6
2680 3968 2911 4032 καπνὸς,
2949 3967 3026 4029 ὡς
3068 3963 3277 4026 καπνὸς
3322 3960 3552 4032 καμίνου
3576 3977 3589 3989 ·
3626 3962 3729 4015 καὶ

2135 4072 2327 4141 ἐξέστη
2367 4068 2476 4131 πᾶς
2506 4066 2535 4118 6
2574 4064 2703 4127 λαὸς
2747 4061 2974 4132 σφόδρα.
3019 4057 3298 4125 Ἐγένοντο
3347 4054 3407 4108 δὲ
3455 4055 3513 4106 αἱ
3542 4054 3730 4122 φωναὶ

2135 4164 2237 4232 τῆς
2288 4160 2589 4226 σάλπιγγος
2635 4152 3029 4226 προϐαίνουσαι
3086 4147 3437 4219 ἰσχυρότεραι
3489 4143 3725 4215 σφόδρα.

2138 4252 2345 4322 Μωσῆς
2376 4249 2578 4313 ἐλάλει,
2607 4248 2638 4299 6
2671 4247 2730 4300 δὲ
2757 4244 2890 4308 Θεὸς
2922 4241 3260 4313 ἀπεκρίνατο
3292 4236 3442 4307 αύτῷ
3483 4238 3659 4307 φωνῇ.
3700 4253 3724 4287 s

2139 4345 2234 4416 Νῷ
2266 4345 2365 4415 μὲν
2406 4342 2516 4411 γὰρ
2563 4340 2755 4411 ὁρᾶται
2810 4335 2964 4407 μόλις
3011 4335 3045 4404 ἡ
3097 4331 3380 4401 ὑπερτάτη
3429 4329 3523 4383 καὶ
3580 4329 3729 4395 ἀνῳ-

453 4447 771 4503 ministrare
814 4452 1172 4507 cerneretur,
1214 4451 1378 4512 atque
1436 4443 1602 4513 hujus
1642 4442 1886 4497 universi
1925 4442 2030 4497 Deo

2142 4437 2376 4508 κισμένη
2434 4431 2615 4504 φύσις,
2666 4431 2762 4484 καὶ
2815 4431 2850 4500 ἡ
2906 4426 3110 4488 παντὸς
3160 4424 3419 4477 ἐπέκεινα
3468 4418 3730 4490 γενητοῦ.

452 4539 724 4595 cervicem
767 4537 837 4592 ad
871 4535 1219 4591 serviendum
1266 4534 1609 4589 submittere.
1645 4534 1820 4590 Moses
1852 4535 2037 4604 itaque

454 4628 710 4686 lsraelcm
755 4625 1113 4697 perterritum
1156 4624 1460 4691 educebat,
1504 4633 1562 4680 et
1603 4625 1891 4680 constituit
1933 4626 2037 4680 sub

455 4729 735 4786 montem;
761 4718 909 4788 quod
933 4724 1117 4771 autem
1140 4717 1427 4771 nihil-mali
1464 4716 1678 4787 passuri
1711 4725 1914 4781 essent,
1941 4716 2036 4771 sed

456 4815 757 4871 Dominum
790 4812 1088 4884 benignum
1111 4826 1174 4866 ac
1196 4811 1495 4881 propitium
1528 4810 1794 4876 habituri,
1821 4811 2037 4881 praedo—

455 4906 593 4965 cuit.
622 4909 872 4966 Accenso
910 4914 1094 4962 autem
1135 4913 1323 4959 monte
1352 4904 1537 4959 fumus
1567 4918 1783 4960 sursum
1819 4904 2038 4959 fereba-

371 4991 397 4998 ’⁷
458 5010 572 5069 tur,
613 5002 865 5072 altusque
907 4998 1053 5056 tubm
1095 4998 1309 5054 sonitus
1348 4997 1654 5053 edebatur:
1680 4997 1773 5068 qui
1814 4998 2036 5068 quidem

460 5092 616 5147 initio
646 5090 947 5155 remissior,
984 5097 1173 5160 postea
1197 5101 1329 5143 vero
1359 5087 1646 5150 intensior,
1677 5103 1741 5143 ac
1778 5088 2036 5158 paulatim

459 5185 516 5240 in
545 5183 928 5240 acutissimum
966 5180 1280 5252 clangorem
1322 5181 1649 5251 procedens.
1696 5179 1905 5236 Deinde
1944 5178 2042 5234 de-

459 5276 674 5335 scendit
721 5277 778 5331 in
827 5284 1068 5332 montem
1120 5275 1509 5329 universorum
1557 5273 1705 5329 Deus
1755 5273 1810 5327 in
1859 5270 2042 5343 specie

2156 4529 2376 4600 Ἐπειδὴ
2420 4527 2477 4581 δὲ
2532 4521 2956 4595 ὲμφανεστέρων
3005 4519 3191 4580 αὐτοῖς
3237 4513 3580 4587 πραγμάτων
3605 4549 3620 4571 ,
3658 4511 3735 4565 τὰ

2142 4623 2242 4693 τῆς
2274 4621 2532 4681 θεοπτίας
2552 4613 2830 4686 χρειωδῶς
2851 4610 3235 4681 ἑξεπράττετο,
3255 4605 3513 4677 ταύτῃτοι
3540 4602 3731 4657 λοιπὸν

2142 4711 2439 4778 ἀναγκαῖος
2464 4706 2561 4776 τῆς
2598 4703 2914 4773 οίκανομίας
2942 4703 2972 4754 6
3002 4700 3202 4772 τρόπος
3223 4697 3315 4752 διά
3342 4695 3553 4751 πολλῶν
3584 4694 3726 4766 ἰχώ-

2148 4823 2229 4877 pst
2259 4802 2553 4873 δειμάτων.
2580 4797 2758 4850 Ilum/at
2779 4794 2889 4867 γὰρ
2919 4791 3061 4864 ἦσαν
3090 4791 3186 4845 καὶ
3223 4788 3509 4862 ἀστραπαὶ
3534 4803 3732 4877 cum.

2146 4876 2464 4952 πίπτουσαι,
2509 4887 2862 4957 συνηγείρετο
2919 4882 2993 4937 δι
3033 4883 3128 4937 καὶ
3173 4880 3374 4950 νεφέλη
3403 4876 3687 4948 γνοφώδης
3715 4893 3731 4908 ο

2146 4990 2234 5042 ἵνα
2299 4986 2393 5038 καὶ
2454 4983 2488 5052 ἡ
2543 4981 2720 5042 κτίσις
2778 4975 3126 5047 ὑπηρετοῦσα
3187 4973 3468 5044 φαίνηται,
3511 4969 3607 5023 καὶ⁵
3655 4969 3733 5038 τῷ

2146 5079 2256 5133 τῶν
2280 5077 2417 5132 ὅλων
2451 5072 2569 5144 Θεῷ
2599 5071 2784 5126 δοῦλον
2809 5069 3191 5127 ὑποϐάλλουσα
3222 5067 3318 5120 τὸν
3344 5064 3569 5136 αὐχένα.
3621 5064 3735 5117 Kac

2150 5167 2528 5239 ταπεφρικότα
2557 5164 2737 5218 τοίνυν
2759 5162 2850 5216 τὸν
2891 5160 3108 5232 Ἰσραὴλ
3126 5157 3445 5229 ἐξεκόμισεν
3463 5156 3495 5208 6
3525 5153 3739 5220 Μωσῆς

2152 5262 2246 5317 καὶ
2278 5261 2608 5331 παρίστησιν
2657 5254 2750 5308 ἐπὶ
2784 5252 2847 5307 τὸ
2887 5253 3048 5324 ὅρος·
3093 5251 3176 5304 ὅτι
3211 5248 3276 5319 δὴ
3308 5248 3585 5302 πείσονται
3627 5244 3748 5297 τῶν

461 5366 622 5438 ignis.
660 5385 679 5419 ι
723 5365 1017 5423 Descendit
1053 5364 1222 5429 enim,
1266 5365 1362 5428 ait,
1391 5363 1655 5419 Dominus
1685 5377 1853 5433 super
1889 5376 2030 5415 mon-

2153 5353 2482 5408 ἀδικούντων
2514 5349 2689 5415 οὐδὲν,
2724 5346 2839 5402 ἀλλ’
2877 5346 3074 5418 ἡμέρῳ
3126 5342 3215 5398 καὶ
3246 5340 3438 5411 ἀγαθῷ
3480 5337 3753 5410 περιτεῦο

465 5467 574 5515 tem
603 5458 778 5523 Sinai,
801 5474 968 5529 super
995 5472 1260 5513 cacumen
1288 5456 1513 5520 montis,
1542 5465 1598 5511 et
1623 5454 1837 5509 vocavit
1864 5452 2049 5508 Domi-

466 5563 572 5604 nus
598 5549 785 5605 Mosen
814 5550 870 5603 in
910 5547 1174 5603 verticem
1209 5547 1429 5601 montis.
1463 5545 1531 5600 Et
1571 5544 1818 5600 ascendit
1852 5543 2051 5606 Moses,

2157 5446 2335 5511 ξονται
2388 5443 2467 5515 τῷ
2528 5441 2792 5512 Δεσπότῃ,
2838 5436 3384 5510 προμυσταγωγήσας
3436 5431 3580 5501 τάχα
3633 5429 3741 5483 πού

2157 5554 2341 5608 φησιν.
2410 5534 2831 5605 Ἀνακαιομένου
2889 5530 2943 5584 δὲ
3006 5529 3098 5583 τοῦ
3150 5528 3330 5599 ὅρους,
3384 5523 3589 5577 tanta!
3638 5516 3745 5585 μὲν

542 5730 587 5760 ’⁸
618 5725 789 5817 Exod.
818 5740 928 5791 xix,
964 5722 1126 5781 10-ιὸ
1224 5727 1263 5755 ἰτ
1299 5725 1502 5781 larem.
1537 5725 1686 5792 ",27.
1764 5726 1810 5756 “
1834 5722 2002 5779 Exod.

2134 5762 2150 5789 ,
2195 5718 2375 5775 rem.
