4066 6282
306 367 408 428 lilii

1306 377 1833 435 GLAPHYRORUM
1872 376 1940 432 IN
1975 375 2262 432 EXODUM
2301 373 2432 430 LIB.
2469 373 2558 430 Ill.

3477 375 3580 429 508

311 477 398 538 οὖν
417 479 514 542 καὶ
537 479 617 545 ὡς
633 481 894 558 ἀνήμερα
915 483 1076 558 τρίτῃ
1097 485 1476 560 καταϐέϐηκεν
1491 489 1520 542 6
1543 489 1756 558 Μονογε
1765 489 1887 558 νής.

2006 491 2135 554 luce,
2165 496 2220 543 et
2245 487 2402 558 quasi
2434 487 2598 542 tertio
2625 485 2714 541 die
2734 483 3024 541 descendit
3040 483 3365 556 Unigenitus
3411 486 3534 542 Ροιί
3551 505 3582 543 o

323 572 625 644 Ἀστραπαὶ
667 571 724 627 δὲ
772 567 916 644 ἦσαν
971 577 1059 630 ια’
1105 575 1266 648 ὅρους
1315 577 1450 632 Σινᾶ
1473 619 1490 644 ,
1545 581 1640 633 καὶ
1690 577 1889 648 νεφέλη

316 663 612 736 γνοφώδης.
683 664 792 720 Καὶ
859 668 1120 740 ἀστραπὴ
1199 669 1298 742 μὲν
1323 711 1339 737 ,
1417 673 1498 732 εἰς
1563 670 1732 726 τύπον
1794 669 1889 724 τοῦ

313 753 456 812 θείου
490 753 690 824 φωτὸς,
745 757 840 810 καὶ
915 758 1018 830 τῆς
1087 760 1292 832 νοητῆς
1359 762 1537 834 αὐγῆς
1570 801 1586 826 ,
1648 760 1890 832 δηλονότι

310 843 402 900 τοῦ
441 845 502 900 ὲν
553 845 860 918 πνεύματι,
891 848 984 904 διὰ
1027 851 1264 923 Χριστοῦ
1324 852 1786 924 καταλαμπούσης
1823 851 1892 904 τὰ

319 935 642 1020 σύμπαντα,
679 939 774 996 καὶ
829 939 1150 1012 διαθεούσης
1186 942 1286 1016 τὴν
1317 944 1408 999 ὑπ’
1437 944 1689 1016 οὐρανόν.
1737 942 1893 997 Οὕτω

313 1027 417 1100 γάρ
447 1045 550 1086 που
593 1031 689 1086 καὶ
723 1033 754 1084 6
783 1033 1068 1104 προφήτης
1106 1033 1378 1104 ἀνιφώνσι
1423 1033 1596 1103 λέγων
1635 1034 1770 1100 πρὸς
1801 1032 1894 1086 τὸν

311 1117 416 1172 τῶν
456 1117 595 1172 ὅλων
621 1117 754 1174 Θεὸν
795 1121 890 1173 καὶ
933 1119 1161 1194 Σωτῆρα
1199 1121 1458 1194 Χριστόνο
1523 1141 1542 1174 ι
1584 1121 1823 1190 Ἔφανεν
1855 1121 1888 1187 ἠ

313 1207 564 1279 ἀστραπή
593 1224 686 1262 σου
719 1210 786 1280 τῇ
810 1209 1119 1284 οἰκουμένῃ.
1155 1229 1176 1264 ι
1215 1211 1327 1264 Καὶ
1363 1211 1428 1264 οὐ
1459 1211 1523 1282 δή
1555 1209 1658 1264 πού
1691 1225 1892 1278 φαμεν,

310 1301 390 1352 ὅτι
429 1299 531 1370 τῆς
576 1299 638 1364 ἐξ
689 1299 846 1354 ὑετοῦ
895 1302 1268 1372 γεγενημένης
1316 1300 1610 1373 ἀστραπῆς
1657 1301 1896 1354 ἐποιεῖτο

313 1388 555 1462 μνήμην
587 1389 725 1454 ἀλλ’,
761 1389 837 1453 ὡς
870 1389 1008 1462 ἔφην
1033 1393 1260 1464 ἀρτίως,
1291 1393 1392 1462 τὴν
1419 1391 1516 1446 τοῦ
1545 1389 1738 1462 νοητοῦ
1783 1406 1897 1459 φω·

311 1480 401 1545 τὸς
445 1481 762 1554 ἀνὰλαμψιν
795 1481 873 1552 τῷ
917 1481 1018 1553 τῆς
1061 1483 1348 1556 ἀστραπῆς
1387 1484 1614 1554 ὀνόματι
1652 1497 1896 1553 καταση-

316 1573 531 1638 μαίνειν
555 1573 766 1644 ἤθελεν.
800 1574 923 1630 Ὅτι
955 1573 1013 1629 δὲ
1042 1574 1410 1632 δυσκάτοπτον
1433 1575 1650 1644 ἀληθῶς
1680 1573 1739 1627 τὸ
1765 1574 1898 1644 Χρι-

315 1666 444 1719 στοῦ
471 1667 790 1736 μυστήριον,⁹
817 1667 1184 1741 ὑπεμφήνειιν
1209 1668 1275 1724 ἂν
1308 1670 1338 1723 6
1369 1669 1586 1740 γνόφος.
1630 1667 1742 1728 Καὶ
1765 1664 1898 1736 γοῦν

317 1757 413 1808 καὶ
438 1755 603 1818 αὐτὸς
623 1757 654 1810 6
677 1757 943 1828 μακάριος
963 1758 1148 1825 Δασὶδ,
1175 1753 1278 1816 ὧδέ
1294 1778 1370 1832 πη
1398 1761 1620 1824 συνιεὶς,
1647 1758 1899 1829 καθάπερ

1993 578 2209 650 fulgura
2241 587 2400 634 erant
2428 579 2484 634 in
2517 587 2705 634 monte
2738 577 2912 642 Sinai,
2955 585 3012 632 et
3045 577 3224 632 nubes
3261 577 3579 649 caliginosa.

1993 671 2238 742 Fulgura
2281 678 2411 726 sunt
2464 679 2626 743 typus
2673 669 2875 724 divina:
2926 667 3066 722 lucis
3114 677 3173 723 et
3221 668 3582 740 intelligibilis

1993 761 2304 830 splendoris
2330 780 2343 816 :
2369 777 2567 832 nempe
2595 762 2718 832 ejus
2735 775 2857 829 quae
2881 759 2935 813 in
2952 757 3163 828 Spiritu
3183 773 3283 828 per
3301 757 3580 816 Christum

1996 853 2237 907 illustrat
2284 853 2563 915 universa,
2615 859 2903 921 totumque
2953 849 3144 903 orbem
3197 849 3467 920 pervadit.
3504 849 3582 904 Ita

1993 941 2141 996 enim
2172 940 2330 1012 321
2372 940 2574 994 alicubi
2607 940 2876 1011 propheta
2907 938 3079 993 David
3110 939 3309 993 clamat
3353 939 3423 992 ad
3463 939 3586 994 Sal-

1997 1044 2240 1088 vatorem
2263 1031 2511 1086 omnium
2533 1031 2720 1086 Iesum
2751 1029 3056 1094 Christum,
3100 1048 3116 1078 ι
3145 1028 3446 1082 Illuxerunt
3476 1027 3584 1084 ful-

1995 1139 2133 1194 gura
2164 1125 2286 1196 ejus
2312 1122 2436 1178 orbi
2477 1131 2639 1177 terra:
2660 1123 2701 1175 '.
2740 1140 2758 1172 ι
2793 1120 2982 1190 Neque
3005 1133 3136 1174 vero
3169 1119 3408 1174 dicimus
3436 1118 3582 1188 quod

1996 1214 2088 1267 hic
2113 1211 2278 1267 faciat
2313 1211 2649 1268 mentionem
2683 1211 2950 1282 fulgetrze,
2981 1225 3103 1280 qua:
3131 1225 3198 1264 ex
3235 1210 3418 1279 pluvia
3447 1212 3586 1264 facta

1996 1306 2120 1369 fuit,
2149 1305 2268 1370 sed,
2310 1313 2370 1360 ut
2393 1305 2556 1360 modo
2579 1304 2713 1370 dixi,
2753 1321 2853 1375 per
2891 1316 3092 1358 nomen
3137 1302 3384 1373 fulgetra
3413 1301 3591 1358 voluit

1997 1396 2307 1472 significare
2330 1397 2706 1469 eﬂ‘ulgentiam
2742 1405 2799 1452 et
2847 1395 3285 1452 coruscationem
3326 1395 3466 1450 lucis
3501 1395 3586 1448 in-

1998 1487 2303 1556 telligibilis
2324 1494 2489 1556 atque
2521 1486 2742 1542 divinas.
2773 1484 3044 1541 Caeterum
3075 1485 3221 1554 quod
3254 1499 3444 1538 revera
3479 1484 3586 1538 dif-

2000 1580 2216 1634 ficulter
2269 1579 2516 1649 conspici
2542 1585 2708 1648 queat
2733 1576 2940 1632 Christi
2971 1578 3315 1649 mysterium,
3336 1576 3588 1631 subindi—

1999 1670 2204 1726 caverit
2237 1671 2335 1726 tibi
2381 1671 2500 1726 haec
2536 1670 2732 1740 caligo.
2775 1669 2938 1724 Certe
2969 1677 3026 1724 et
3058 1671 3255 1724 beatus
3295 1668 3468 1724 David
3514 1668 3590 1724 ita

2000 1761 2277 1834 intelligit,
2307 1762 2471 1817 sicuti
2518 1761 2778 1832 equidem
2825 1761 3092 1824 arbitror,
3145 1761 3277 1816 dum
3330 1760 3405 1816 ita
3457 1760 3589 1815 alibi

322 1841 560 1916 ἐγῷμαι,
594 1850 1068 1922 προανακεκράγει
1097 1850 1292 1920 λέγων’
1331 1871 1348 1903 ι
1385 1853 1494 1906 Καὶ
1517 1851 1669 1906 tom
1709 1850 1899 1914 σιιότος

2006 1853 2313 1908 exclamat:
2355 1872 2376 1904 ι
2409 1853 2478 1908 Et
2508 1853 2690 1922 posuit
2713 1852 2967 1908 tenebras
2991 1852 3280 1906 latibulum
3311 1866 3494 1916 suum,
3535 1849 3592 1904 in

326 1939 649 2010 ἀποκρυφὴν
675 1941 861 2006 αὑτοῦ,
892 1941 1076 2013 κύκλῳ
1098 1942 1266 1996 αὐτοῦ
1293 1945 1326 2014 ἡ
1354 1943 1529 2014 σκηνὴ
1553 1941 1738 1996 αὐτοῦ’
1781 1959 1904 1996 σκο-

325 2029 502 2081 τεινὸν
543 2028 684 2100 ὕδωρ
713 2031 782 2090 ὲν,
804 2030 1054 2098 νεφέλαις
1090 2031 1287 2102 ἀέρων.
1335 2029 1466 2084 ’Δπὺ
1505 2033 1602 2102 τῆς
1631 2029 1904 2098 τηλαυγὴ-

322 2136 462 2182 σεως
489 2121 722 2174 ἐνώπιον
750 2121 914 2175 αὐτοῦ
941 2125 996 2176 αἱ
1043 2123 1266 2192 νεφέλαι
1300 2113 1536 2192 διῆλθον.
1581 2144 1602 2176 ι
1648 2123 1906 2193 Κεκρυμ-

320 2208 483 2278 μένον
513 2211 624 2278 γὰρ
653 2211 825 2274 οὕτως
852 2211 972 2266 ἐστὶ
992 2211 1051 2266 τὸ
1078 2211 1317 2282 Χριστοῦ
1345 2212 1658 2282 μυστήριον,
1693 2215 1766 2274 ὡς
1795 2209 1903 2263 δεῖ-

319 2298 442 2351 σθαι
473 2302 868 2370 μυσταγωγίας
895 2303 993 2370 τῆς
1015 2301 1243 2367 ἄνωθεν,
1271 2302 1367 2356 καὶ
1391 2301 1782 2372 ἀποκαλύψεως
1804 2303 1904 2372 τῇς

320 2391 469 2462 παρά
493 2391 652 2444 Θεοῦ.
693 2393 896 2446 Ἥκουε
937 2393 1069 2461 γοῦν
1097 2395 1125 2446 ό
1162 2393 1366 2464 Πέτρος
1393 2390 1454 2448 εὖ
1492 2394 1657 2464 μάλα,
1701 2393 1904 2455 συνιεὶς

317 2481 406 2534 τὸν
437 2482 492 2534 ὲν
517 2481 684 2552 σαρκὶ
705 2484 982 2552 πεφηνότα
1005 2484 1138 2537 Θεὸν
1171 2485 1364 2552 Λόγον,
1392 2484 1487 2538 καὶ
1511 2484 1726 2554 ἀληθῶς
1749 2483 1898 2536 Υἱόν·

325 2595 341 2624 ι
372 2575 657 2646 Μακάριος
687 2570 759 2639 εἷ,
788 2577 971 2648 Σίμων
1003 2577 1107 2648 βαρ
1147 2578 1321 2642 Ἰωνᾶ,
1355 2579 1437 2632 ὅτι
1473 2577 1610 2648 σὰρξ
1641 2577 1736 2632 καὶ
1766 2571 1906 2646 αἷμα

319 2669 414 2722 οὐκ
441 2669 766 2740 ἀπεκάλυψέ
798 2687 911 2735 σοι,
953 2671 1068 2725 ἀλλ’
1098 2674 1126 2724 ὀ
1173 2673 1362 2742 Πατήρ
1403 2689 1503 2742 μου
1531 2673 1559 2723 ὁ
1593 2673 1649 2724 ὲν
1671 2673 1782 2734 τοῖς
1811 2669 1906 2722 οὐ·

321 2764 519 2830 ρενοῖς.
549 2779 582 2814 ι·
615 2762 973 2834 Ἑγνωρίσθαι
1013 2765 1069 2818 δὲ
1113 2766 1209 2818 καὶ
1230 2769 1259 2819 6
1289 2765 1499 2827 Παῦλος
1538 2761 1906 2817 διεϐεϐαιοῦτο

319 2853 492 2925 ἑαυτῷ
521 2854 584 2909 τὸ
614 2857 916 2926 μυστήριον
945 2857 1087 2910 κατά
1111 2857 1457 2926 ἀποκάλυψιν
1482 2855 1640 2909 Θεοῦ.
1672 2852 1902 2913 Οὐκοῦν,

319 2945 375 2996 τὸ
404 2947 727 3016 ἀσυμφανὲς
757 2947 855 3016 τῆς
883 2946 1134 3016 γνώσεως
1159 2949 1187 2999 6
1225 2947 1422 3014 γνόφος
1461 2945 1632 3016 δηλοῖ.
1680 2943 1902 2996 ’Δνακέ-

323 3054 490 3107 κραγε
516 3038 575 3090 δὲ
601 3038 697 3091 καὶ
728 3041 756 3108 ἡ
785 3039 1040 3108 σάλπιγξ,
1069 3039 1178 3092 τῶν
1203 3035 1577 3104 εῦαγγελικῶν
1603 3035 1904 3104 θεσπισμά-

318 3147 423 3182 των
447 3130 508 3182 τὸ
531 3128 728 3200 εῦηχες
751 3131 1150 3199 ἀποφαίνουσα.
1192 3128 1305 3182 Καὶ
1337 3127 1468 3195 γοῦν
1511 3126 1613 3196 ἔφη
1647 3143 1746 3178 που
1775 3123 1905 3187 Θεὸς

317 3221 404 3276 Eat!
449 3224 634 3292 φωνῆς
683 3223 792 3275 τῶν
845 3221 1138 3294 προφητῶν
1183 3223 1296 3283 τοῖς
1363 3219 1632 3272 Ἰουδαίων
1677 3218 1900 3288 δήμοις·
1933 3193 1977 3252 C

322 3334 341 3364 ι
384 3314 714 3385 Καθέστηκα
739 3315 821 3382 ἐφ’
861 3316 1005 3384 ὑμᾶς
1037 3311 1294 3376 σκοπούς.
1351 3311 1644 3364 Ἀκούσατε
1672 3311 1770 3378 τῆς
1797 3327 1908 3378 φω-

315 3403 414 3473 νῆς
456 3403 778 3472 σάλπιγγος.
829 3405 938 3457 Καὶ
991 3400 1174 3456 εἶπαν·
1231 3403 1346 3456 Οὐκ
1398 3401 1762 3472 ἀκουσόμεθα.
1809 3399 1907 3452 Διά

314 3494 478 3548 τοῦτο
507 3495 746 3566 ἥκουσαν
781 3497 848 3548 τὰ
871 3495 998 3564 ἔθνη
1021 3536 1034 3560 ,
1069 3495 1163 3548 καὶ
1203 3497 1249 3548 οἱ
1281 3493 1657 3563 ποιμαίνοντες
1695 3493 1764 3546 τὰ
1789 3491 1906 3544 ποί-

320 3602 451 3655 μνια
473 3587 530 3638 ὲν
556 3586 760 3649 αὐτοῖς.
791 3586 1010 3646 "Amos,
1041 3586 1130 3654 γῖγ
1181 3583 1310 3637 Ἰδοὺ
1339 3585 1530 3652 ἐπάγω
1555 3583 1648 3635 ἐπὶ
1673 3583 1756 3635 τὸν
1781 3581 1906 3634 λαον

313 3676 508 3730 τοῦτον
530 3677 698 3742 κακὰ,
729 3676 818 3729 τὸν
857 3677 1067 3747 καρπὸν
1095 3677 1448 3746 ἀποστροφῆς
1484 3673 1684 3737 αὐτῶν,
1722 3677 1803 3727 ὅτι
1829 3673 1906 3742 τῷ

314 3767 464 3838 λόγῳ
512 3785 613 3838 μου
657 3769 717 3820 οὺ
761 3768 1078 3838 προσέσχον,
1127 3767 1220 3820 καὶ
1261 3767 1352 3820 τὸν
1401 3767 1562 3836 νόμον
1609 3784 1710 3836 μου
1753 3767 1906 3819 ἀπώ-

319 3877 503 3912 σαντο.
551 3879 568 3910 ι
606 3857 903 3928 Πεφὼνηκε
940 3859 1035 3928 μὲν
1075 3859 1182 3929 γὰρ
1214 3861 1340 3929 παρ’
1383 3860 1564 3922 αὐτοῖς
1602 3861 1633 3928 ἠ
1673 3858 1908 3924 σάλπιγξ

316 3952 408 4005 διὰ
448 3951 557 4004 τῶν
601 3953 755 4023 παρὰ
803 3951 938 4003 Θεοῦ
989 3951 1226 4014 σκοπῶν,
1271 3950 1548 4012 τουτέστι,
1591 3950 1700 4003 τῶν
1739 3951 1908 4016 ἁγίων

318 4040 658 4094 ἀποστόλων.
716 4039 1198 4109 Κεχειροτόνηνται
1239 4039 1347 4108 γὰρ
1390 4041 1472 4106 ἐφ’
1513 4040 1658 4108 ἡμᾶς
1695 4039 1906 4090 σκοποί.

327 4151 347 4183 ι
393 4131 535 4183 Ἀλλ’
570 4128 738 4184 εἷπον·
786 4133 898 4184 Οὐκ
937 4129 1302 4200 ἀκουσόμεθα.
1339 4131 1436 4182 Διὰ
1475 4129 1633 4181 τοῦτο
1671 4129 1908 4198 ἤκουσαν

319 4227 392 4280 τὲ
433 4224 580 4296 ἔθνη.
617 4245 634 4276 ι
677 4226 788 4278 Καὶ
833 4225 1028 4286 αὐτοὺς
1071 4223 1128 4274 δὲ
1179 4224 1306 4284 τοὺς
1355 4222 1543 4290 ἁγίους
1599 4221 1908 4291 εὑρήσομεν

323 4317 575 4388 μαθητὰς
598 4357 612 4379 ,
667 4319 791 4380 τοὺς
813 4317 1114 4386 ἀναφανδὸν
1150 4315 1438 4386 εἰρηκότας
1477 4317 1588 4374 τοῖς
1643 4312 1910 4364 Ἰουδαίων

319 4412 473 4472 λαοῖς
497 4426 508 4438 ·
548 4429 566 4460 ι
633 4409 790 4480 Ὑμῖν
839 4411 1134 4476 ἀναγκαῖον
1177 4407 1392 4479 πρῶτον
1432 4405 1662 4474 λαλῆσαι
1701 4405 1792 4456 τὸν
1827 4404 1912 4457 λό-

318 4519 421 4570 γον
459 4500 551 4554 τοῦ
589 4501 745 4555 Θεοῦ.
799 4501 1016 4571 Ἐπειδὴ
1041 4501 1098 4552 δὲ
1128 4499 1433 4553 ἀπωθεῖσθε
1467 4499 1646 4558 αὑτὸν,
1681 4497 1776 4550 καὶ
1805 4497 1903 4548 οὐκ
1938 4531 1979 4582 D

319 4595 508 4658 ἀξίους
539 4594 684 4663 ὑμᾶς
713 4593 908 4654 αὐτοὺς
949 4592 1164 4662 κρίνετε
1201 4593 1298 4660 τῆς
1332 4591 1548 4644 αἰωνίου
1587 4589 1752 4657 ζωῆς,
1796 4589 1903 4642 ἰδοῦ

323 4685 673 4754 στρεφόμεθα
723 4687 802 4746 εἰς
869 4684 936 4738 τὰ
1001 4683 1149 4752 ἔθνη.
1228 4683 1382 4736 Οὕτω
1438 4683 1544 4752 γὰρ
1623 4680 1924 4746 sum)“;

321 4779 460 4848 ἡμῖν
530 4779 558 4830 ὁ
619 4777 840 4848 Κύριος.
909 4796 926 4826 ι
995 4775 1260 4842 Σάλπιγγι
1313 4773 1368 4826 δὲ
1429 4773 1754 4844 παρεικάζει
1822 4773 1912 4824 διὰ

319 4869 434 4921 τῶν
491 4868 726 4938 Χριστοῦ
783 4867 1153 4938 κηρυγμάτων
1213 4866 1306 4936 τὴν
1373 4867 1664 4934 εὐφωνίαν,
1730 4865 1826 4918 καὶ.
1885 4865 1908 4916 6

325 4961 600 5030 μακάριος
646 4961 872 5023 Ἡσαΐας
915 4959 1088 5028 λέγων
1131 4959 1257 5028 περὶ
1296 4959 1386 5010 τοῦ
1425 4957 1616 5029 καιροῦ
1673 4957 1766 5025 τῆς
1803 4959 1911 5008 ἐπι-

323 5051 526 5120 δημίας
554 5065 567 5078 ο
597 5051 736 5103 «Καὶ
759 5051 934 5112 ἔσται,
997 5042 1064 5105 ιν
1091 5053 1153 5120 τῇ
1183 5049 1366 5120 ἡμέρᾳ
1393 5050 1594 5120 εκείνη,
1621 5047 1908 5103 σαλπιοῦσι

322 5146 396 5214 τῇ
437 5145 697 5210 σάλπιγγι
725 5147 789 5214 τῇ
835 5145 1066 5214 μεγάλῃ.
1110 5165 1126 5194 ι
1174 5143 1414 5208 Σάλπιγξ
1454 5143 1552 5210 μὲν
1593 5144 1700 5210 γὰρ
1744 5141 1836 5192 καὶ
1886 5143 1914 5193 6

324 5235 511 5302 νόμος,
553 5234 667 5288 ἀλλ’
707 5231 774 5304 ἦν
814 5235 1158 5304 ἰσχνόφωνος,
1203 5235 1294 5286 καὶ
1337 5233 1767 5302 βραδύ-[λωτῖσος.
1813 5231 1911 5284 Διά

325 5327 487 5382 τοῦτο
523 5329 616 5380 καὶ
655 5329 857 5396 Μωσῆς
881 5369 896 5395 ,
939 5330 1018 5380 ὅτι
1065 5329 1158 5380 καὶ
1197 5329 1343 5396 μόλις
1385 5327 1462 5388 εἰς
1507 5327 1672 5394 μόνην
1713 5323 1907 5391 ἐφώνει

322 5420 430 5488 ’τὴν
495 5420 778 5482 Ἰουδαίαν,
833 5422 888 5473 ὲν
1021 5421 1110 5472 καὶ
1145 5421 1334 5486 γέγονε
1388 5417 1626 5484 γνωστὸς
1674 5417 1702 5468 6
1755 5415 1905 5477 Θεός.

323 5509 573 5580 Σάλπιγξ
609 5511 666 5565 δὲ
700 5513 734 5582 ἡ
791 5513 1034 5582 μεγάλη,
1070 5509 1323 5582 Χριστὸς,
1366 5509 1482 5579 1ἦτοι
1519 5508 1586 5561 τὰ
1637 5509 1703 5562 δι’
1744 5503 1909 5562 αὐτοῦ

436 5719 455 5748 ⁸
480 5717 620 5774 Psal.
646 5732 788 5779 XCVI,
816 5717 864 5770 ιὶ.
977 5717 995 5748 ³
1025 5717 1164 5771 Psal.
1201 5731 1338 5776 mi,
1373 5713 1440 5766 l9.
1463 5754 1474 5770 .
1510 5712 1591 5766 13.

343 5775 423 5841 ⁷11
463 5789 613 5845 Petr.
641 5805 679 5855 ι,
720 5775 799 5842 ιδ’.
879 5787 897 5813 ’⁸
933 5788 1048 5841 Art.
1100 5803 1210 5855 xm,
1251 5785 1448 5855 “3,17.

1675 5712 1692 5742 ⁸
1725 5713 1914 5766 Matth.
1946 5727 2067 5770 xvi,
2117 5709 2197 5760 l7.

1529 5783 1674 5838 ’Isa.
1726 5799 1891 5850 χχιιι,
1939 5782 2021 5834 13.

2009 1944 2246 1999 circuitu
2281 1945 2401 2013 ejus
2426 1943 2842 2000 tabernaculum
2866 1945 2985 2015 ejus
3013 1962 3026 1996 :
3056 1943 3343 1998 tenebrosa
3368 1957 3509 2012 aqua
3537 1942 3594 1997 in

2006 2033 2250 2090 nubibus
2281 2034 2444 2089 aeris.
2492 2034 2536 2088 Α
2569 2034 2780 2106 fulgore
2819 2050 3004 2092 coram
3061 2050 3129 2091 eo
3166 2036 3345 2092 nubes
3411 2046 3596 2092 trans—

2009 2125 2196 2180 ierunt
2235 2125 2274 2178 ³.
2322 2145 2340 2176 ι
2369 2125 2502 2180 Nam
2537 2125 2742 2181 Christi
2785 2127 3278 2198 mysterium‘adeo
3315 2137 3517 2182 tectum
3540 2136 3598 2184 et

2009 2213 2314 2267 involutum
2353 2222 2457 2277 est,
2490 2221 2551 2269 ut
2595 2230 2735 2284 opus
2763 2215 2833 2270 sit
2878 2231 3115 2287 superna
3147 2218 3492 2273 institutione
3533 2233 3598 2271 ac

2009 2304 2342 2360 revelatione
2367 2304 2573 2359 divina.
2615 2305 2754 2360 IIinc
2784 2307 2981 2362 Petrus
3009 2307 3238 2373 audivit,
3273 2324 3397 2364 cum
3423 2309 3598 2379 probe

2008 2405 2362 2467 cognosceret
2387 2412 2610 2454 carnem
2629 2398 2834 2454 factum
2857 2399 3029 2455 Deum
3052 2401 3293 2456 Verbum
3318 2417 3383 2456 ac
3406 2415 3597 2456 revera

2010 2489 2207 2545 Filium
2241 2507 2254 2544 :
2290 2509 2308 2542 ι
2353 2489 2556 2546 Beatus
2588 2507 2670 2556 es,
2709 2491 2897 2547 Simon
2935 2493 3185 2564 Barjona,
3218 2494 3348 2564 quia
3387 2509 3516 2548 caro
3543 2502 3601 2550 et

2009 2583 2230 2653 sanguis
2255 2599 2366 2639 non
2397 2583 2664 2640 revelavit
2697 2585 2820 2650 tibi,
2866 2587 2962 2640 sed
3002 2587 3164 2641 Pater
3199 2603 3356 2642 meus
3391 2587 3484 2657 qui
3515 2595 3600 2641 est

2009 2672 2061 2725 in
2102 2673 2256 2728 ccelis
2294 2677 2332 2727 ⁵.
2386 2693 2404 2725 ι
2445 2674 2513 2728 Ει
2546 2674 2752 2730 Paulus
2775 2675 3001 2746 quidem
3034 2684 3310 2732 asseverat
3351 2677 3454 2729 sibi
3496 2677 3602 2730 hoc

2009 2765 2330 2834 mysterium
2361 2763 2668 2820 innotuisse
2690 2781 2790 2835 per
2813 2767 3203 2822 revelationem
3227 2767 3323 2822 Dei
3343 2768 3384 2819 '.
3413 2767 3602 2836 Caligo

2009 2853 2193 2923 itaque
2240 2855 2511 2926 signiﬁcat
2551 2857 2975 2913 obscuritatem.
3027 2857 3273 2912 Sonabat
3327 2863 3511 2911 autem
3545 2866 3603 2912 et

2010 2948 2265 3012 buccina,
2293 2966 2415 3019 qua:
2450 2950 2645 3018 pandit
2677 2950 2840 3004 nobis
2860 2965 3121 3004 sonorum
3159 2949 3601 3019 evangelicorum

2009 3039 2362 3091 oraculorum
2387 3052 2604 3091 sonum.
2636 3037 2774 3092 Ilinc
2799 3038 2944 3092 Deus
2967 3053 3066 3106 per
3089 3052 3278 3091 vocem
3303 3036 3604 3106 propheta—

2011 3145 2133 3184 rum
2173 3130 2242 3184 ad
2275 3129 2505 3199 populos
2534 3129 2848 3184 Judaao‘rum
2884 3129 2956 3183 ita
2989 3129 3104 3184 ait:
3141 3150 3158 3179 ι
3191 3129 3463 3184 Constitui
3506 3145 3596 3185 su-

2010 3236 2108 3291 per
2134 3237 2232 3276 vos
2263 3221 2655 3291 speculatores.
2689 3219 2888 3276 Audite
2919 3237 3108 3276 vocem
3147 3222 3310 3276 tubae.
3349 3221 3416 3276 Et
3446 3221 3602 3278 dixe-

2011 3321 2178 3367 runt:
2207 3313 2329 3368 Non
2355 3312 2662 3368 audiemus.
2693 3311 2905 3367 Idcirco
2936 3313 3273 3368 audiverunt
3304 3322 3514 3384 gentes,
3549 3324 3606 3370 et

2009 3404 2104 3474 qui
2155 3405 2389 3475 pascunt
2420 3419 2613 3476 greges
2652 3404 2796 3459 inter
2827 3405 2993 3474 ipsos.
3040 3405 3204 3470 Audi,
3243 3415 3388 3460 terra
3423 3423 3436 3458 :
3475 3421 3604 3461 ecce

2010 3497 2210 3552 induco
2235 3513 2403 3568 super
2422 3496 2684 3567 populum
2713 3495 2879 3551 istum
2911 3497 3072 3562 mala,
3098 3496 3337 3552 fructum
3365 3499 3606 3553 aversio-

2008 3591 2098 3644 nis
2119 3605 2251 3657 suae,
2279 3589 2410 3660 quia
2435 3590 2606 3646 verbo
2638 3605 2763 3646 meo
2794 3605 2906 3644 non
2941 3588 3318 3654 attenderunt,
3344 3598 3400 3645 et
3426 3591 3603 3661 legem

2009 3684 2186 3744 meum
2232 3681 2599 3752 repudiarunt
2625 3682 2666 3736 ⁸.
2708 3702 2726 3734 ι
2771 3682 3024 3738 Insonuit
3059 3681 3209 3737 enim
3249 3681 3334 3735 eis
3368 3680 3604 3734 buccina

2010 3791 2105 3842 per
2131 3773 2228 3828 Dei
2247 3774 2642 3843 speculatores,
2673 3773 2780 3828 IIOC
2801 3782 2905 3838 est,
2937 3789 3036 3842 per
3059 3779 3280 3826 sanctos
3303 3769 3601 3837 apostolos.

2010 3862 2072 3915 lli
2105 3861 2254 3914 enim
2280 3867 2410 3916 sunt
2439 3861 2818 3929 speculatores
2843 3874 3010 3926 super
3039 3872 3140 3910 nos
3166 3854 3330 3908 electi
3385 3861 3442 3907 et
3473 3868 3606 3908 con-

2009 3953 2188 4006 stituti
2215 3953 2259 4006 ⁷.
2299 3971 2318 4002 ι
2341 3951 2411 4005 At
2437 3950 2698 4004 dixerunt
2730 3964 2743 3999 :
2779 3947 2897 4001 Non
2932 3945 3238 3999 audiemus.
3260 3943 3474 3998 Idcirco
3503 3959 3604 3998 au-

2009 4041 2268 4095 diverunt
2291 4047 2502 4110 gentes.
2553 4056 2571 4088 »
2603 4035 2770 4105 Αιᾳοί
2802 4036 2952 4104 ipsos
2979 4047 3199 4104 quoque
3223 4040 3442 4088 sanctos
3471 4049 3606 4102 apo-

2010 4133 2180 4187 stolos
2201 4129 2546 4186 inveniemus
2565 4135 2756 4198 aperte
2774 4126 2978 4181 dixisse
3005 4125 3322 4182 Iudaeorum
3352 4124 3603 4196 populis:

2019 4243 2034 4274 ι
2071 4221 2238 4276 Vobis
2271 4219 2563 4290 oportebat
2614 4217 2854 4289 primum
2886 4217 3037 4286 loqui
3066 4215 3298 4270 verbum
3335 4216 3453 4272 Dei.
3495 4215 3604 4273 Sed

2011 4311 2273 4382 quoniam
2325 4309 2596 4380 repellitis
2641 4307 2799 4374 illud,
2841 4317 3006 4378 atque
3044 4323 3142 4362 vos
3170 4307 3423 4378 indignos
3451 4307 3604 4379 judi—

2011 4403 2148 4458 catis
2171 4403 2298 4456 vita:
2320 4409 2560 4466 aeternae,
2588 4416 2717 4456 cccc
2761 4399 3136 4454 convertimur
3173 4398 3238 4452 ad
3279 4406 3488 4469 gentes.
3525 4399 3584 4452 It:

2010 4495 2159 4550 enim
2189 4492 2504 4548 mandatum
2534 4492 2694 4547 nobis
2724 4501 2806 4546 est
2829 4509 2860 4546 a
2894 4493 3126 4546 Domino
3154 4490 3194 4544 ³.
3235 4511 3252 4539 ι
3286 4491 3484 4542 Beatus
3507 4505 3584 4542 au-

2013 4593 2120 4639 tem
2157 4584 2326 4639 Isaias
2369 4582 2583 4637 confert
2619 4582 3020 4653 prreconiorum
3053 4581 3256 4636 Christi
3291 4595 3590 4635 consonam.

2010 4675 2139 4728 tiam
2164 4674 2330 4738 tubae,
2354 4673 2449 4727 ubi
2467 4671 2535 4727 de
2560 4680 2809 4742 tempore
2833 4671 3102 4726 adventus
3123 4672 3258 4725 dicit
3283 4689 3294 4724 :
3326 4690 3343 4722 ι
3372 4669 3561 4724 Etcrit

2014 4769 2066 4822 in
2109 4767 2198 4822 die
2233 4767 2326 4822 illo
2358 4766 2645 4836 clangetnr
2679 4765 2734 4820 in
2765 4765 2896 4820 tuba
2941 4781 3134 4836 magna
3157 4768 3197 4817 ³³.
3233 4785 3250 4814 υ
3295 4763 3457 4832 322
3511 4761 3598 4815 Si—

2009 4860 2232 4930 quidem
2265 4859 2430 4914 etiam
2481 4858 2566 4913 Ie);
2616 4858 2745 4912 tuba
2785 4867 2892 4919 est,
2930 4857 3025 4910 sed
3065 4871 3225 4908 rauca
3255 4860 3310 4907 ct
3345 4851 3472 4905 exili
3500 4866 3595 4904 vo-

2011 4966 2094 5004 ce.
2121 4949 2202 5004 0h
2228 4950 2334 5004 hoc
2359 4948 2506 5004 enim
2540 4956 2597 5002 et
2633 4947 2810 5000 Moses
2851 4955 2934 5000 est
2973 4943 3154 4999 tenuis
3185 4950 3240 4995 et
3277 4939 3444 4994 tarda:
3490 4938 3592 4992 lin-

2009 5058 2127 5112 gua:
2164 5041 2226 5105 '°,
2263 5039 2393 5110 quia
2423 5039 2510 5092 vix
2535 5039 2590 5092 in
2620 5045 2730 5090 tota
2767 5036 2953 5091 Iudaea
2982 5031 3273 5095 clamabat,
3317 5031 3373 5084 in
3407 5047 3514 5100 qua
3542 5038 3599 5084 et

2010 5135 2155 5188 Deus
2177 5131 2428 5202 cognitus
2459 5129 2580 5183 fuit.
2607 5127 2860 5182 Christus
2905 5132 3086 5177 autem
3127 5131 3211 5177 est
3247 5121 3338 5176 illa
3374 5121 3598 5191 grandis

2009 5241 2072 5280 ac
2101 5239 2294 5294 magna
2328 5221 2478 5282 tuba,
2513 5230 2607 5274 aut
2637 5226 2786 5272 certe
2813 5217 2933 5286 ejus
2953 5215 3245 5284 prreconia,
3275 5228 3396 5283 qua)
3426 5221 3596 5266 totum

2015 5319 2206 5372 orbem
2233 5326 2504 5372 terrarum
2535 5318 2851 5382 personant.
2875 5309 2966 5363 Ait
3009 5308 3156 5361 enim
3189 5306 3335 5376 quod
3383 5325 3400 5355 ι
3424 5307 3602 5360 Evan-

2016 5409 2218 5480 gelium
2249 5406 2403 5476 regni
2437 5401 2824 5474 prmdicabitur
2859 5400 2913 5452 in
2955 5407 3068 5453 toto
3089 5396 3242 5459 orbe,
3269 5397 3325 5450 in
3351 5397 3598 5451 testimo-

2017 5502 2170 5556 nium
2197 5497 2454 5554 omnibus
2480 5491 2817 5565 gentibus“.
2856 5512 2872 5542 ι
2911 5491 3066 5558 Quod
3100 5497 3282 5544 autem
3305 5489 3396 5542 hic
3417 5501 3598 5542 sermo

2301 5702 2514 5759 “Galat.
2572 5720 2623 5766 ι,
2685 5701 2782 5758 lii.
2851 5702 2929 5756 16.
3007 5701 3369 5764 'Jerem.vt,
3416 5697 3585 5751 l7-l9.

2107 5779 2146 5808 ¹⁰
2181 5776 2348 5833 Exod.
2391 5791 2460 5839 iv,
2504 5774 2586 5830 l0.
2670 5774 2708 5804 ”
2743 5772 2930 5826 Matth.
2967 5770 3218 5836 mnu.
