4066 6282
502 382 605 440 80⁸1

1519 379 1575 435 S.
1617 378 1895 436 CYRILL!
1931 376 2400 434 ALEXANDRINI
2439 378 2753 435 ARCHIEP.

3687 380 3791 439 508

503 506 672 548 verus
722 490 813 557 sit,
859 487 975 562 ipse
1016 505 1198 546 rerum
1240 491 1423 547 exitus
1455 492 1854 562 comprobavit.
1901 490 2087 546 Nullus

2199 490 2551 562 κηρύγματα,
2579 487 2947 561 περιηχοῦντα
2970 498 3068 560 την
3093 489 3185 543 ὑπ’
3212 487 3463 562 οὐρανόν.
3491 490 3638 563 Ἔφη
3658 491 3787 567 γάρ,

498 598 655 640 enim
680 591 931 638 nostrum
954 589 1039 636 est
1074 583 1169 651 qui
1205 598 1312 637 non
1341 583 1640 639 Salvatoris
1660 584 1835 638 nostri
1869 583 2099 653 gloriam

494 674 874 744 conspexerit.
910 691 931 725 ι
968 673 1038 728 Et
1064 674 1277 741 eduxit,
1320 676 1417 740 ait,
1460 674 1639 731 Moses
1684 677 1945 747 pepulum
1986 676 2099 731 Deo

421 819 429 831 ,
494 767 724 823 obviam
747 781 816 821 ex
844 767 1065 832 castris,
1089 775 1146 822 et
1168 766 1456 822 constituit
1479 783 1608 823 eum
1647 768 1751 823 sub
1787 776 1974 823 monte
2011 768 2097 823 Si-

410 834 433 924 }
508 859 600 914 nai
624 860 689 913 “.
723 878 742 910 ι
774 857 907 914 Vide
933 859 1096 914 Musis
1119 859 1488 930 paedagogiam
1517 878 1531 912 :
1560 859 1785 915 adducit
1807 860 1874 915 ad
1902 861 2094 915 Deum.

412 929 417 937 ’
502 951 640 1007 Nam
683 949 1012 1023 paedagogus
1050 929 1126 1005 ad
1163 929 1445 1008 Christum
1490 959 1575 1007 est
1601 952 1680 1005 “z
1713 961 1770 1007 et
1810 953 2099 1008 constituit

502 1043 728 1114 quidem
761 1059 857 1099 eos
889 1043 985 1114 qui
1017 1043 1121 1098 sub
1152 1042 1273 1114 ipso
1315 1044 1518 1098 eruditi
1567 1050 1695 1098 sunt
1742 1044 1846 1098 sub
1888 1053 2094 1109 monte,

503 1152 616 1191 non
646 1143 831 1192 autem
868 1136 925 1191 in
965 1144 1211 1192 montem
1241 1136 1421 1206 ipsum
1448 1135 1616 1190 ducit.
1651 1136 1822 1191 Porro
1851 1147 2095 1194 montem

504 1227 656 1283 hunc
680 1227 954 1298 intelliges
980 1227 1234 1282 eximiam
1263 1227 1408 1281 illam
1437 1242 1501 1281 ac
1531 1226 1823 1282 sublimem
1852 1226 2094 1300 mysterii

502 1319 711 1375 Christi
752 1319 1143 1389 cognitionem.
1192 1318 1420 1372 Excelsa
1464 1318 1613 1372 enim
1660 1318 1956 1374 admodum
1987 1329 2093 1386 est,

503 1423 685 1479 neque
730 1408 801 1463 ab
838 1408 909 1463 iis
943 1408 1038 1478 qui
1073 1406 1177 1463 sub
1215 1407 1335 1478 lege
1374 1417 1523 1473 sunt,
1563 1408 1702 1464 adiri
1742 1418 1942 1479 potest,
1997 1411 2094 1467 sed

504 1499 841 1554 conveniens
871 1505 958 1554 est
986 1498 1148 1553 nobis
1177 1497 1273 1568 qui
1302 1497 1626 1554 sanetiiicati
1665 1515 1857 1555 sumus
1885 1501 1941 1555 in
1978 1502 2093 1572 spi-

503 1588 635 1644 ritu.
662 1588 739 1644 Ita
763 1589 911 1645 enim
935 1587 1186 1643 Salvator
1207 1588 1326 1657 ipse
1347 1587 1485 1642 dixit
1510 1606 1523 1639 :
1558 1607 1578 1639 ι
1608 1588 1778 1644 Vobis
1799 1589 1987 1644 datum
2009 1599 2093 1646 est

500 1694 664 1735 nosse
698 1678 958 1751 mysteria
985 1679 1140 1749 regni
1172 1678 1440 1733 caelorum
1470 1697 1484 1731 :
1511 1678 1632 1733 istis
1662 1688 1846 1734 autem
1873 1696 1984 1735 non
2009 1688 2094 1736 est

502 1769 692 1825 datum
720 1770 799 1836 “;
838 1786 858 1820 ι
897 1768 1122 1834 Judaeis,
1161 1770 1381 1839 inquam
1412 1786 1426 1822 :
1464 1768 1596 1825 item
1628 1770 1723 1825 ubi
1762 1772 1936 1826 instar
1963 1787 2089 1842 pre-

501 1861 736 1917 cationis
767 1861 939 1916 verba
968 1862 1099 1916 facit
1131 1861 1199 1916 ad
1224 1862 1393 1916 Deum
1429 1877 1492 1916 ac
1521 1862 1738 1918 Patrem
1762 1880 1864 1934 pro
1882 1864 2045 1920 nobis
2075 1884 2088 1919 :
2124 1846 2164 1901 Β

510 1971 530 2003 ι
558 1951 839 2008 Conﬁteor
882 1953 1004 2017 tibi,
1032 1944 1339 2020 ait,'Pater,
1382 1954 1610 2010 Domine
1654 1956 1779 2011 coeli
1802 1972 1866 2011 ac
1906 1964 2086 2024 teme,

500 2048 631 2117 quia
663 2046 1000 2102 abscondisti
1045 2046 1160 2102 haec
1187 2063 1215 2101 a
1245 2046 1586 2117 sapientibus
1629 2057 1686 2103 et
1732 2049 2088 2123 intelligenti-

501 2134 627 2201 bus,
650 2144 707 2191 et
730 2137 984 2191 revelasti
1013 2152 1076 2192 ea
1103 2140 1368 2207 parvulis.
1387 2139 1486 2205 lta,
1515 2141 1696 2208 Pater,
1721 2144 1980 2212 quoniam
2010 2144 2090 2200 sic

500 2228 711 2297 placuit
752 2236 881 2284 ante
922 2237 975 2284 te
1009 2230 1074 2282 ¹⁸.
1124 2249 1142 2281 ι
1186 2230 1396 2287 Idcirco
1434 2231 1610 2287 Moses
1654 2234 1941 2289 constituit
1985 2235 2089 2290 sub

500 2328 710 2386 monte,
738 2335 918 2390 neque
944 2328 1128 2376 tamen
1160 2320 1314 2376 ducit
1352 2323 1408 2377 in
1448 2323 1648 2401 ipsum.
1678 2325 1835 2392 Quia,
1862 2336 1924 2381 ut
1961 2336 2089 2384 ante

498 2410 687 2476 docui,
719 2410 1119 2481 perfectionem
1143 2414 1649 2488 sublimitatemque
1688 2420 1970 2489 sapientim
2011 2420 2087 2476 si-

499 2505 617 2557 mul
655 2513 709 2559 et
741 2506 984 2560 scientiae
1019 2521 1400 2577 comparamus
1432 2512 1615 2579 potius
1654 2527 1753 2581 per
1783 2512 2084 2580 Christum,

500 2608 611 2647 non
648 2609 747 2662 per
772 2595 977 2650 Mosen.
1005 2596 1287 2665 Siquidem
1311 2598 1400 2653 hic
1423 2614 1616 2655 servus
1641 2611 1725 2656 est
1747 2613 1803 2658 et
1835 2605 2087 2676 paedago-

498 2699 634 2754 gus;
675 2685 766 2741 ille
799 2696 983 2742 autem
1010 2696 1269 2760 tanquam
1294 2690 1561 2746 Dominus
1585 2695 1970 2749 universorum
1994 2713 2089 2767 ap-

498 2775 682 2844 paruit
709 2776 890 2841 nobis,
922 2778 1181 2849 perfectae
1224 2781 1553 2850 cognitionis
1579 2782 1834 2838 donator.
1875 2785 2087 2857 Quippe

506 2882 525 2913 ‹
557 2862 614 2917 ιιι
649 2880 758 2934 quo
786 2866 897 2922 sint
925 2884 1117 2922 omnes
1146 2868 1389 2924 thesauri
1426 2873 1708 2941 sapientiae
1731 2882 1787 2930 et
1815 2878 2086 2947 cognitio-

496 2956 587 3010 nis
624 2956 954 3025 absconditi,
991 2978 1010 3010 ι
1049 2962 1192 3016 sicut
1225 2963 1489 3032 scriptum
1518 2973 1604 3020 est
1626 2966 1686 3020 ιθ.
1719 2966 1855 3022 Cum
1902 2978 2086 3025 autem

496 3051 643 3106 Deus
676 3052 1039 3109 descenderet
1080 3055 1136 3109 in
1180 3058 1364 3126 specie
1422 3058 1581 3129 ignis,
1626 3060 1762 3115 fumi
1807 3062 1977 3117 veluti
2017 3078 2087 3118 ex

498 3141 725 3199 fornace
756 3146 1059 3202 emicantes
1085 3148 1245 3202 valde
1276 3149 1331 3203 in
1361 3150 1596 3205 sublime
1621 3151 1960 3219 ferebantur,
1985 3169 2084 3224 per

2205 599 2225 633 ι
2266 582 2389 635 Ὅτι
2416 580 2827 653 κηρυχθήσεται
2856 579 3018 634 τοῦτο
3039 580 3099 634 τὺ
3139 581 3471 650 Εὐαγγέλιον
3498 582 3557 635 ἐν
3593 582 3690 656 ὅλῃ
3722 588 3789 658 τῇ

2197 671 2490 743 οἰκουμένῃ
2511 712 2524 735 ,
2564 674 2644 733 είς
2670 671 2982 742 μαρτυρίαν
3022 671 3158 723 πᾶσι
3187 674 3303 735 τοῖς
3335 669 3565 726 ἔθνεσιν.
3607 693 3625 725 ι
3669 675 3794 729 Ὅτι

2197 762 2254 816 δὲ
2285 763 2522 835 ἀτρεκὴς
2546 764 2575 815 6
2607 763 2785 831 λόγος,
2821 761 3213 834 μεμαρτύρηκε
3237 763 3369 817 αὐτὸ
3392 763 3501 817 τῶν
3526 767 3787 836 πραγμά-

2196 854 2392 907 τωντδ
2433 855 2627 926 πέρας.
2673 855 2933 924 Ἀνήκοος
2969 852 3082 925 γὰρ
3114 854 3291 918 οὐδεὶς
3323 854 3426 924 τῆς
3461 856 3557 909 τοῦ
3600 856 3785 929 Σωτῆ-

2203 963 2291 1017 ρος
2328 948 2485 1019 ἡμῶν
2510 947 2900 1020 ἀπομεμένηκε
2926 946 3102 1018 δόξης.
3132 966 3152 998 ι
3180 946 3292 1000 Καὶ
3314 945 3570 1017 ἐξήγαγε,
3599 949 3782 1020 φησὶν,

2197 1038 2229 1090 6
2265 1040 2470 1112 Μωσῆς
2510 1043 2590 1104 εἰς
2632 1041 2958 1112 συνάντησιν
2998 1039 3091 1094 τὸν
3115 1038 3252 1093 ’λαὸν
3290 1040 3385 1093 τοῦ
3425 1039 3562 1094 Θεοῦ
3595 1043 3659 1096 ὲκ
3691 1042 3785 1114 τῆς

2198 1131 2588 1203 παρεμϐολῆς,
2626 1133 2721 1186 καὶ
2759 1131 3102 1204 παρέστηκεν
3146 1131 3239 1185 ἐπὶ
3275 1132 3337 1185 τὸ
3385 1133 3510 1203 ὄρος
3562 1136 3711 1192 Σινᾶ.
3764 1158 3782 1191 ι

2200 1229 2345 1294 Ὅρα
2365 1226 2464 1298 τὴν
2487 1226 2731 1290 Μωσέως
2751 1226 3149 1294 παιδαγωγίαν·
3174 1225 3443 1298 ἀποφέρει
3468 1227 3605 1300 πρὸς
3629 1229 3783 1286 Θεόν.

2200 1318 2544 1387 Παιδαγωγεῖ
2560 1318 2670 1388 γὰρ
2693 1318 2785 1370 ἐπὶ
2809 1317 3063 1388 Χριστὸν,
3086 1318 3183 1371 καὶ
3211 1317 3509 1389 παρίστησι
3542 1320 3641 1390 μὲν
3661 1322 3788 1385 τοὺς

2197 1413 2289 1467 ὐπ’
2323 1410 2469 1480 αὐτῷ
2496 1410 2634 1472 τέως
2681 1406 3229 1478 παιδαγωγουμένους
3262 1407 3355 1460 ἐπὶ
3400 1408 3460 1461 τὸ
3492 1408 3647 1480 ὅρος·
3686 1411 3788 1465 οὐκ

2195 1501 2513 1565 ἀναϐιϐάζει
2537 1516 2601 1568 γε
2640 1496 2739 1569 μὲν
2770 1499 2827 1551 ὲν
2858 1496 3026 1567 αὐτῷ.
3065 1498 3229 1567 Ὄρος
3254 1496 3310 1550 δὲ
3341 1498 3553 1569 νοήσεις
3580 1502 3636 1553 ὲν
3664 1501 3787 1554 τού-

2192 1609 2308 1657 τοις
2327 1635 2340 1656 ,
2384 1592 2483 1662 τὴν
2509 1590 2765 1662 ὑπερφυᾶ
2793 1606 2852 1642 τε
2898 1587 2991 1642 καὶ
3020 1588 3422 1658 ὑπεραίρουσαν
3461 1588 3660 1669 γνῶσιν
3689 1590 3786 1644 τοῦ

2198 1682 2495 1756 μυστηρίου
2524 1680 2617 1735 τοῦ
2648 1680 2788 1734 κατὰ
2820 1679 3074 1752 Χριστόν.
3127 1678 3341 1750 Ὑψηλὴ
3370 1678 3479 1748 γάρ
3510 1679 3653 1744 λίαν,
3688 1682 3786 1765 καὶ

2193 1776 2396 1846 ἥκιστα
2433 1775 2530 1844 μὲν
2561 1777 2674 1836 τοῖς
2697 1773 2755 1825 ἐν
2802 1771 2952 1842 νόμῳ
2988 1770 3147 1841 βατὴ·
3178 1770 3460 1842 πρέπουσα
3488 1770 3547 1824 δὲ
3581 1772 3788 1842 μᾶλλον

2192 1866 2326 1933 ἡμῖν
2354 1865 2464 1926 τοῖς
2496 1863 2851 1931 ἡγιασμένοις
2891 1863 2951 1914 ὲν
2995 1860 3289 1930 πνεύματι.
3349 1861 3437 1925 Ὧς
3470 1862 3579 1931 γὰρ
3622 1863 3789 1927 αὐτὸς

2198 1954 2419 2025 εἴρηκεν
2443 1956 2471 2007 6
2490 1952 2699 2024 Σωτήρο
2732 1971 2752 2004 ι
2791 1951 2952 2020 Ὑμῖν
2975 1951 3181 2006 δέδοται
3209 1950 3491 2020 γνῶναιτά
3509 1954 3789 2024 μυστήρια

2197 2044 2295 2114 τῆς
2328 2042 2602 2113 βασιλείας
2635 2040 2744 2094 τῶν
2769 2040 3032 2112 οὐρανῶψ
3068 2039 3281 2103 τούτοις
3308 2040 3364 2092 δὲ
3398 2041 3458 2094 οὐ
3486 2040 3725 2104 δέδοται,
3763 2062 3782 2092 ι

2199 2135 2341 2205 φημὶ
2369 2132 2426 2187 δὲ
2454 2136 2567 2195 τοῖς
2614 2132 2906 2195 Ἰουδαίοις.
2942 2131 3272 2202 Ποιούμενος
3299 2130 3356 2184 δὲ
3385 2133 3479 2185 καὶ
3508 2132 3587 2194 ὡς
3616 2134 3678 2186 ὲν
3717 2133 3793 2186 et.

2195 2226 2274 2278 δει
2332 2225 2642 2295 προσευχῆς
2694 2225 2821 2286 τοὺς
2874 2223 3011 2293 πρὸς
3054 2222 3278 2293 Πατέρα
3323 2223 3419 2275 xit!
3464 2221 3596 2276 Θεὸν
3641 2223 3793 2294 ὑπὲρ

2197 2314 2353 2386 ἡμῶν
2381 2315 2595 2382 λόγους·
2648 2333 2667 2366 ι
2716 2314 3176 2385 Ἐξομολογοῦμαί
3224 2330 3342 2377 σοι,
3396 2314 3563 2386 φησὶ,
3601 2315 3797 2386 Πάτερ

2197 2406 2370 2477 Κύριε
2398 2404 2490 2458 τοῦ
2520 2404 2749 2476 οὐρανοῦ
2776 2406 2989 2475 καὶτῆς
3009 2406 3133 2476 γῆς,
3156 2407 3238 2459 ὃτι
3261 2406 3585 2477 ἀπέκρυψας
3611 2408 3795 2463 ταῦτα

2197 2498 2373 2551 πάντα
2402 2496 2510 2551 ἀπὸ
2534 2497 2710 2565 σοφῶν
2737 2497 2830 2550 καὶ
2860 2497 3115 2562 συνετῶν,
3141 2498 3236 2551 καὶ
3263 2498 3621 2568 ἀπεκάλυψας
3642 2501 3797 2555 αὐτὰ

2196 2589 2429 2660 νηπίοις.
2462 2587 2565 2642 Ναὶ
2604 2591 2632 2642 6
2681 2588 2911 2659 Πατὴρ,
2957 2590 3036 2642 ὃτι
3086 2589 3262 2653 οὕτως
3305 2590 3522 2658 ἐγένετο
3563 2591 3798 2646 εὐδοκία

2195 2678 2503 2749 ἔμπροσθέν
2540 2695 2654 2732 σου.
2692 2698 2709 2729 ι
2746 2677 2955 2732 Οὐκοῦν
2989 2679 3289 2750 παρίστησι
3324 2682 3423 2750 μὲν
3453 2681 3545 2734 ἐπὶ
3568 2682 3632 2735 τὸ
3672 2683 3804 2755 ὄρος

2185 2773 2223 2824 ,ὁ
2258 2773 2482 2842 Μωσῆς,
2521 2772 2621 2825 οὐκ
2654 2770 2970 2835 ἀναϐιϐάζει
3022 2771 3078 2824 δὲ
3105 2775 3163 2825 ὲν
3203 2772 3372 2843 αὐτῷ·
3405 2773 3482 2838 ὡς
3509 2774 3620 2847 γὰρ
3659 2776 3800 2844 ἔφην

2195 2861 2417 2932 ἀρτίως,
2444 2861 2502 2914 τὸ
2530 2861 2734 2915 τέλειόν
2757 2878 2815 2914 τε
2837 2863 2931 2916 καὶ
2960 2862 3163 2932 οψλδν
3190 2865 3247 2917 ἐν
3276 2864 3439 2936 σοφίᾳ
3460 2866 3556 2920 καὶ
3585 2867 3796 2935 γνώσει

2195 2952 2546 3023 κερδαίνομεν
2572 2952 2660 3005 διὰ
2688 2952 2926 3023 Χριστοῦ
2966 2954 3187 3024 μᾶλλον,
3215 2957 3278 3009 οὐ
3305 2955 3397 3009 διὰ
3424 2956 3695 3023 Μωσέως.
3737 2960 3799 3014 '0

2198 3043 2297 3114 μὲν
2325 3044 2434 3115 γὰρ
2461 3039 2529 3115 ἦν
2565 3045 2784 3112 οἰκέτης
2811 3085 2824 3107 ,
2856 3046 2952 3098 καὶ
2981 3044 3352 3115 παιδαγωγόςέ
3392 3049 3422 3101 6
3448 3048 3527 3112 δὲ,
3566 3050 3654 3115 ὡς
3686 3049 3801 3105 τῶν

2193 3135 2330 3189 ὅλων
2362 3135 2584 3206 Κύριος,
2616 3135 2871 3205 γνώσεως
2898 3138 3031 3207 ἡμῖν
3066 3137 3275 3202 τελείας
3312 3139 3557 3209 πέφηνεν
3599 3140 3799 3213 δοτήρ.

499 3233 843 3300 universum,
880 3238 1102 3306 opinor,
1140 3241 1401 3309 populum
1436 3241 1643 3297 diﬁ‘usi.
1684 3243 1819 3298 Nam
1838 3245 1934 3299 Dei
1951 3246 2087 3300 Ver-

2203 3247 2220 3278 ι
2269 3228 2357 3281 Ἐν
2388 3227 2538 3299 αὐτῷ
2566 3228 2676 3300 γάρ
2713 3230 2817 3281 είσι
2848 3230 3050 3294 πάντες
3076 3231 3125 3283 οἱ
3157 3231 3421 3303 θησαυροὶ
3451 3233 3556 3303 τῆς
3597 3235 3802 3305 σοφίας

496 3321 628 3377 bum
659 3325 950 3381 descendit
984 3329 1054 3382 ad
1092 3344 1196 3384 nos
1225 3346 1255 3385 e
1285 3330 1444 3397 coelo,
1482 3340 1742 3403 tanquam
1781 3336 1925 3405 ignis
1971 3335 2088 3390 for-

497 3414 670 3477 nacis,
691 3416 844 3483 juxta
861 3431 1048 3472 vocem
1070 3421 1352 3490 prophetae
1372 3423 1433 3477 ".
1460 3424 1639 3494 Atque
1662 3425 1778 3494 ipse
1799 3427 1966 3481 etiam
1989 3443 2087 3482 nos

498 3503 800 3573 baptizavit
830 3507 887 3561 in
925 3508 1138 3578 Spiritu
1180 3524 1370 3567 sancto
1394 3523 1449 3568 et
1478 3515 1602 3586 igne
1629 3517 1706 3582 ¹⁸;
1747 3518 1869 3586 igne
1904 3528 2087 3574 autem

498 3591 853 3663 intelligibili,
884 3598 978 3665 qui
1003 3598 1059 3651 in
1086 3600 1247 3655 nobis
1280 3602 1520 3657 absumit
1550 3605 1732 3667 fmces,
1772 3621 1835 3661 ac
1878 3611 2087 3678 peccati

495 3683 659 3755 323
712 3687 904 3743 sordes
966 3689 1252 3762 abstergit,
1288 3708 1468 3763 neque
1510 3695 1641 3749 sinit
1685 3706 1927 3752 mentem
1982 3714 2087 3753 no-

494 3782 668 3830 stram
712 3776 945 3847 impuris
990 3780 1369 3850 voluptatibus
1415 3783 1753 3864 frigescere,
1801 3795 1856 3840 at
1902 3789 2088 3858 potius

492 3865 751 3921 accendit
803 3883 924 3933 nos,
956 3878 1010 3925 et
1055 3872 1251 3940 spiritu
1284 3873 1564 3931 ferventes
1600 3876 1642 3908 ¹⁹
1669 3876 1852 3932 edicit.
1904 3879 2085 3948 Atque

496 3957 603 4012 hoc
652 3958 906 4017 Christus
952 3962 1068 4033 ipse
1117 3963 1173 4019 in
1227 3965 1390 4022 nobis
1436 3978 1715 4038 operatur.
1762 3969 1918 4025 Unde
1972 3972 2080 4027 ait:

503 4049 728 4120 «Ignem
765 4054 893 4107 veni
922 4055 1142 4110 mittere
1195 4056 1250 4111 in
1283 4068 1509 4113 terram.
1536 4060 1605 4114 Et
1628 4060 1760 4129 quid
1799 4062 1945 4128 volo,
1977 4064 2084 4118 nisi

494 4149 561 4193 ut
605 4143 941 4197 accendatur
966 4145 1050 4197 ὀἳ
1086 4166 1103 4197 ι
1144 4147 1359 4203 Idcirco
1405 4150 1462 4203 in
1511 4152 1694 4220 specie
1751 4153 1892 4223 ignis
1941 4155 2085 4210 miro

493 4230 729 4284 consilio
756 4234 1042 4289 veteribus
1071 4239 1353 4305 apparuit:
1411 4250 1672 4294 caeterum
1720 4257 1831 4296 non
1876 4243 2084 4313 absque

494 4321 670 4373 fumo.
724 4321 1098 4395 Intelligemus
1123 4335 1308 4382 autem
1367 4345 1465 4398 per
1504 4331 1610 4387 hoc
1655 4349 1867 4400 rursus,
1919 4351 2084 4405 quam

492 4411 735 4466 dedendi
771 4429 836 4468 ac
864 4415 1087 4485 lugendi
1135 4418 1246 4472 sint
1277 4420 1367 4475 isti
1407 4421 1503 4491 qui
1548 4422 1623 4479 ita
1666 4424 2080 4496 obtorpescunt,

495 4512 558 4559 ut
581 4503 825 4560 divinam
871 4507 1044 4577 ipsius
1079 4510 1308 4580 gloriam
1354 4516 1634 4587 negligant
1678 4525 1841 4588 atque
1887 4536 2078 4591 asper-

2192 3318 2283 3370 καὶ
2312 3317 2408 3387 τῆς
2433 3317 2687 3386 γνώσεως
2713 3320 3041 3391 ἀπόκρυφοι,
3070 3341 3089 3372 ι
3122 3322 3265 3376 κατά
3286 3322 3347 3375 τὸ
3369 3326 3801 3396 γεγραμμένον.

2192 3410 2570 3479 Καθικομένου
2595 3411 2659 3481 δὴ
2692 3407 2785 3465 οὖν
2813 3414 2869 3464 ὲν
2912 3412 3043 3466 εῖδει
3072 3414 3242 3483 πυρὸς
3267 3414 3359 3468 τοῦ
3388 3413 3548 3480 Θεοῦ,
3587 3419 3806 3472 καπνοὶ

2197 3501 2294 3570 μὲν
2334 3498 2495 3572 ἦσαν,
2544 3502 2618 3566 ὡς
2649 3505 2714 3556 ἐκ
2746 3503 2978 3572 καμίνου
3027 3504 3358 3574 διᾴττοντες,
3402 3508 3498 3560 καὶ
3532 3508 3693 3578 ὑψοῦ
3736 3509 3806 3581 δὴ

2190 3591 2311 3644 λίαν
2336 3591 2750 3663 ἐξελιττόμενοι,
2785 3587 2891 3646 καὶ⁵
2909 3595 3128 3658 παντὸς,
3165 3592 3319 3666 οἶμαί
3356 3612 3480 3661 που,
3512 3614 3807 3653 κατασκι-

2188 3683 2440 3753 δνάμενοι
2473 3683 2567 3737 τοῦ
2602 3684 2757 3738 λαοῦ.
2799 3687 3258 3758 Καταπεφοίτηκε
3301 3688 3411 3758 γὰρ
3449 3686 3509 3752 ἐξ
3546 3689 3811 3762 οὐρανοῦ

2187 3773 2254 3827 δι’
2281 3776 2427 3845 ἡμᾶς
2458 3776 2597 3846 πρὸς
2621 3777 2770 3846 ἡμᾶς
2796 3778 2824 3830 6
2850 3776 2944 3829 τοῦ
2970 3777 3105 3831 Θεοῦ
3132 3779 3303 3847 Λόγος
3328 3780 3404 3845 ὡς
3430 3780 3550 3851 πῦρ
3584 3801 3812 3854 χωνευ-

2186 3867 2378 3938 τηρίου
2401 3906 2415 3930 ,
2445 3868 2589 3921 κατά
2632 3868 2734 3937 τὴν
2765 3867 2859 3921 τοῦ
2894 3872 3176 3939 προφήτου
3220 3873 3426 3942 φωνήν.
3469 3873 3594 3927 Καὶ
3632 3876 3814 3940 αὐτὸς

2188 3961 2337 4029 ἡμᾶς
2361 3958 2657 4024 ἐϐάπτιζεν
2680 3962 2739 4013 ὲν
2768 3958 3049 4028 Πνεύματι
3078 3961 3219 4033 ἁγίῳ
3248 3963 3343 4017 καὶ
3369 3963 3527 4035 πυρί*
3562 3967 3717 4038 πυρὶ
3749 3966 3814 4022 δὲ

2185 4051 2264 4120 τῷ
2296 4049 2471 4122 νοητῷ
2503 4050 2596 4104 τὸν
2638 4052 2694 4104 ὲν
2725 4052 2854 4122 ἡμῖν
2895 4048 3200 4108 δαπανῶντι
3230 4055 3521 4125 συρφετὸν,
3573 4059 3686 4111 καὶ
3718 4060 3817 4114 τὸν

2186 4141 2244 4209 ἐξ
2270 4142 2543 4213 ἁμαρτίας
2572 4143 2857 4214 ἑκτήκοντι
2887 4146 3076 4216 ῥύπον,
3104 4146 3200 4199 καὶ
3229 4146 3627 4217 ἀποψύχεσθαι
3664 4151 3814 4222 πρὸς

2186 4236 2448 4301 ἐκτύπους
2487 4238 2680 4309 ηὼνάς
2711 4241 2810 4294 οὐκ
2855 4241 3073 4311 ἀφιέντι
3119 4242 3211 4295 τὸν
3259 4241 3402 4295 νοῦνο
3452 4244 3817 4299 ἀποτετελέο

2188 4328 2361 4396 σμεθα
2392 4328 2449 4381 δὲ
2478 4327 2757 4401 ταύτῃτοι,
2784 4329 2864 4401 τῷ
2899 4332 3172 4401 πνεύματι
3204 4332 3438 4397 ζέοντες.
3476 4336 3608 4389 Καὶ
3636 4334 3817 4389 τοῦτο

2185 4419 2315 4471 αὐτὸ
2346 4421 2649 4491 ἐνήργησεν
2690 4425 2771 4486 είς
2803 4423 2951 4494 ἡμᾶς
2989 4426 3016 4477 6
3056 4424 3314 4495 Χριστός.
3350 4425 3674 4498 Τοιγάρτοι
3714 4430 3819 4482 καὶ

2184 4507 2454 4577 ἔφασκεν·
2493 4530 2512 4563 ι
2550 4510 2667 4583 Πῦρ
2692 4507 2856 4583 ἦλθον
2897 4513 3080 4582 βαλεῖν
3120 4515 3211 4566 ἐπὶ
3253 4514 3352 4586 τὴν
3396 4516 3529 4586 γῆν.
3574 4518 3704 4571 Καὶ
3758 4519 3817 4571 τί

891 4568 911 4577 -
1079 4568 1109 4580 ν
1427 4568 1631 4587 ..ηομ--
1679 4568 1839 4588 -ηι--ν
1887 4568 2039 4591 -ντν-

489 4608 716 4656 nentur.
740 4601 876 4656 Nam
901 4603 996 4673 qui
1020 4603 1075 4659 in
1100 4605 1253 4661 fumo
1274 4618 1587 4675 versantur,
1630 4627 1854 4667 necesse
1884 4623 1969 4668 est
1994 4614 2076 4670 la-

2190 4568 2322 4654 9%)...)
2348 4604 2396 4656 εί
2434 4604 2533 4674 ἤδη
2569 4568 2820 4675 ἀνηφδη;
2866 4568 3133 4659 »ιοὺκοῦν
3172 4607 3230 4659 ὲν
3264 4568 3819 4691 είδειιπυρδς-οίκο-

490 4708 709 4766 crymas
736 4695 1091 4765 profundere.
1111 4698 1244 4764 Quis
1270 4716 1403 4756 vero
1453 4700 1672 4757 dubitet
1701 4704 1834 4773 quin
1890 4706 2079 4761 istius-

2190 4696 2421 4767 νομικῶς
2454 4698 2518 4768 δὴ
2566 4697 2686 4750 λίαν
2729 4702 2844 4761 τοῖς
2893 4695 3269 4770 ἀρχαιοτέροις
3307 4700 3606 4769 ἐφαίνετοο
3659 4707 3817 4778 πλὴν

491 4786 639 4840 modi
661 4785 939 4843 derisores
961 4795 1018 4844 et
1049 4789 1476 4848 calumniatores
1514 4793 1625 4847 sint
1660 4796 1991 4865 conjiciendi
2023 4799 2076 4854 in

2190 4786 2239 4839 αὐ
2264 4787 2389 4857 δίχα
2429 4788 2656 4841 καπνοῦ.
2689 4790 3001 4860 Συνήσομεν
3030 4791 3085 4844 δὲ
3126 4792 3218 4845 xal.
3242 4791 3329 4845 διὰ
3361 4792 3572 4849 τούτου
3608 4800 3814 4864 πάλιν,

2175 4876 2257 4931 δτι
2291 4878 2509 4949 Θρηνεῖν
2539 4880 2635 4933 καὶ
2662 4881 3022 4952 κατοιμώζειν
3047 4883 3261 4953 ἀνάγκη
3290 4884 3415 4947 τοὺς
3434 4886 3818 4943 ἀναπίπτον-

2175 4983 2275 5031 τας
2305 4970 2384 5031 εἰς
2418 4969 2477 5022 τὸ
2507 4968 2770 5041 ῥᾴθυμον,
2821 4972 2917 5026 καὶ
2947 4972 3047 5043 τῆς
3086 4972 3236 5036 θείας
3268 4973 3432 5027 αὐτοῦ
3473 4977 3669 5051 δόξης
3706 5000 3819 5043 καέ

2175 5062 2464 5128 ταφρονεῖν
2507 5061 2837 5132 ᾑρημένους.
2889 5064 3223 5136 Δακρυροεῖν
3272 5064 3381 5134 γὰρ
3439 5067 3695 5142 ἀνάγκη
3753 5074 3819 5125 ὲν

2176 5151 2392 5223 καπνῷ.
2430 5154 2861 5226 Κατοιχὴσονται
2893 5155 2950 5208 δὲ
2976 5157 3058 5209 ὅτι
3090 5155 3224 5228 πρὸς
3248 5158 3311 5211 τὸ
3338 5156 3641 5233 ἐξώτερον
3681 5167 3819 5221 σκό-

2175 5259 2267 5308 τος
2287 5246 2336 5297 οί
2364 5244 2639 5315 θεομισεῖς
2673 5262 2732 5298 τε
2761 5246 2855 5298 καὶ
2893 5246 3157 5318 ἀλιτήριοι
3178 5290 3191 5314 ,
3229 5248 3346 5312 πῶς
3374 5248 3447 5300 ἂν
3476 5252 3815 5309 ὲνδοιάσειέ

2174 5352 2293 5399 τιςς
2334 5356 2353 5387 ι
2405 5335 2553 5389 Ἐκεῖ
2578 5338 2684 5408 γὰρ
2712 5337 2886 5402 ἔσται,
2918 5338 3103 5409 φησὶν,
3135 5339 3164 5390 6
3198 5336 3486 5407 κλαυθμὸς
3520 5344 3638 5398 καὶ
3678 5345 3820 5418 βρυ-

2175 5427 2312 5495 γμὸς
2350 5427 2457 5479 τῶν
2509 5425 2804 5480 ὀδόντων.»
2863 5428 2986 5481 ’Ότι
3031 5426 3209 5481 τοίνυν
3248 5426 3451 5498 πικρὸν
3516 5433 3628 5487 ἐπὶ
3681 5439 3816 5499 ταῖς

2176 5516 2480 5590 ρᾳστώναις
2505 5518 2903 5582 καταστάζουσι
2935 5518 3170 5589 δάκρυον
3196 5520 3243 5571 οἱ
3270 5517 3398 5587 περὶ
3428 5511 3521 5573 ὧν
3555 5525 3591 5576 6
3615 5523 3814 5595 λόγος,

490 4877 750 4933 tenebras
788 4878 1135 4935 exteriores?
1164 4900 1181 4930 ι
1220 4880 1295 4935 ibi
1338 4882 1487 4937 enim
1517 4884 1645 4948 erit,
1680 4884 1778 4949 ait,
1821 4885 1983 4943 ﬂetus
2023 4898 2078 4943 et

487 4967 696 5022 stridor
717 4969 964 5026 dentium
980 4973 1043 5027 ¹¹.
1059 4993 1077 5024 ι
1096 4972 1261 5047 Quod
1288 4974 1455 5044 igitur
1478 4975 1586 5040 isti,
1609 4975 1675 5031 de
1697 4978 1900 5047 quibus
1924 4996 2072 5035 nunc

484 5063 571 5109 est
594 5073 797 5122 sermo,
837 5048 1067 5117 acerbas
1099 5062 1388 5119 eﬂ'undant
1436 5065 1726 5137 lacrymas,
1755 5068 2072 5124 subindicat

487 5147 691 5206 fumus.
714 5151 986 5223 Adjicitur
1010 5165 1195 5210 autem
1220 5155 1365 5226 quod
1393 5173 1556 5212 voces
1590 5159 1733 5214 tuba:
1770 5159 1927 5215 factae
1959 5162 2072 5216 sint

486 5254 781 5313 progressu
805 5244 1270 5313 vehementiores,
1305 5249 1442 5304 adeo
1472 5260 1531 5305 ut
1566 5250 1724 5306 initio
1768 5252 1928 5321 pauci
1970 5252 2070 5307 ad-

487 5334 712 5388 modum
746 5336 1043 5402 audierint,
1081 5349 1272 5408 postca
1304 5355 1436 5395 vero
1459 5342 1791 5412 complures,
1820 5343 1930 5396 imo
1958 5350 2069 5397 tota

486 5426 860 5495 congregatio.
893 5426 1177 5497 Siquidem
1201 5429 1488 5497 Evangelii
1532 5429 1850 5498 prmdicatio
1873 5437 1958 5484 est
1987 5437 2071 5484 tu-

488 5511 556 5566 ba
586 5516 820 5571 maxime
844 5531 1066 5582 sonora,
1093 5533 1213 5587 quae
1242 5527 1296 5572 et
1328 5533 1523 5572 sonum
1559 5519 1770 5572 audilui
1815 5517 2067 5589 pervium

563 5645 606 5717 ς
633 5645 937 5717 Exod._x1x.
970 5648 1056 5700 l7.
1141 5648 1182 5678 ⁸³
1207 5647 1383 5703 Galat.
1415 5665 1492 5711 ιιι,
1530 5648 1616 5701 2i.
1698 5648 1738 5679 “
1769 5648 1958 5702 Matth.
1993 5664 2085 5703 xm

2192 5648 2248 5713 l;
2279 5648 2411 5702 Luc.
2453 5666 2564 5713 vm,
2606 5650 2693 5705 50.
2775 5651 2817 5684 ¹⁸
2848 5652 3036 5705 Matth.
3075 5668 3129 5713 ιι,
3158 5651 3246 5712 95,
3273 5647 3555 5717 26;,Luc.
3608 5672 3670 5717 ιι,
3712 5658 3812 5712 2|.

492 5710 676 5834 “igni.
711 5731 769 5775 ιι,
800 5714 852 5767 5.
933 5717 972 5745 ¹τ
999 5716 1171 5770 Exod.
1211 5733 1318 5782 xix,
1370 5710 1487 5771 18.7
1530 5719 1569 5747 “‘
1599 5717 1728 5771 Luc.
1758 5734 1835 5784 ιιι,
1882 5718 1963 5773 l6.
2044 5719 2083 5749 "

489 5794 561 5835 ιι
604 5797 642 5835 ι.

2190 5710 2268 5771 Im]
2320 5734 2413 5785 xu,
2452 5710 2560 5773 Η(
2639 5721 2836 5775 “Luc.
2873 5737 2963 5786 xu,
2994 5721 3079 5776 l9.
3121 5710 3199 5753 7'“
3239 5710 3438 5773 Matth.
3489 5740 3622 5792 vm,
3659 5710 3729 5782 i2
3755 5710 3819 5784 ei.
