4066 6282
325 370 431 429 509

1322 368 1843 427 GLAPHYRORUM
1880 369 1947 425 IN
1987 369 2273 426 EXODUM
2309 369 2439 426 LIB.
2481 369 2567 427 111.

3465 373 3569 431 διο

329 486 621 556 ὑπέφαινον
650 485 700 540 οἱ
729 487 945 541 καπνοί.
972 487 1283 557 Προσετίθει
1311 487 1391 550 δὲ,
1415 488 1496 541 ὅτι
1530 488 1626 542 καὶ
1644 487 1702 540 αἱ
1724 485 1897 554 φωναὶ

2001 485 2136 551 edit,
2180 493 2241 541 ut
2261 487 2375 557 jam
2406 503 2435 541 ιι
2461 486 2625 542 nobis
2645 487 2854 543 dictum
2876 495 2979 544 est.
3021 488 3147 544 Haec
3169 487 3326 544 initio
3359 497 3572 546 tantum

327 579 425 649 τῆς
467 577 768 646 σάλπιγγος
811 578 1050 647 ἐγίνοντο
1085 578 1510 649 προϐαίνουσαι,
1555 579 1899 650 ίσχυρότεραι

580 667 653 733 ὡς
681 669 738 721 ἐν
764 670 959 739 ἀρχαῖς
987 669 1106 741 μὲν,
1136 669 1349 740 ὀλίγους
1374 669 1674 740 ἀκροᾶσθαι
1710 670 1895 740 μόλις·

329 760 554 832 ὕστερον
585 760 642 814 δὲ
672 760 922 826 πολλοὺς,
961 761 1162 831 μᾶλλον
1193 762 1251 815 δὲ
1281 760 1376 815 καὶ
1410 760 1628 815 ἃπασαν
1656 761 1756 830 τὴν
1781 779 1899 815 συν-

326 855 571 926 αγωγήν.
597 855 837 924 Σάλπιγξ
864 856 964 927 μὲν
991 856 1100 928 γὰρ
1124 856 1217 909 καὶ
1242 856 1611 927 εύνφωνοτάτη,
1639 856 1736 910 καὶ
1761 856 1898 926 ἠχὴν

328 944 482 1001 ίοῦσα
509 946 608 1015 τὴν
637 946 983 1018 διαπρυσίαν,
1007 947 1069 1000 τὸ
1096 946 1449 1013 εύαγγελικόν
1477 947 1593 1001 ἐστι
1614 948 1894 1019 κήρυγμα,

254 1032 271 1041 ’
326 1036 577 1107 καθάπερ
600 1036 700 1107 ἤδη
731 1038 1087 1109 προείπομεν.
1132 1037 1269 1091 Ἀλλ’
1301 1037 1528 1108 ἠκούετο
1557 1038 1677 1107 μὲν,
1710 1037 1895 1106 φησὶν,

324 1131 382 1181 ἐν
418 1128 616 1198 ἀρχαῖς
648 1128 729 1191 είς
757 1128 928 1198 μόνην
962 1128 1058 1198 τὴν
1099 1129 1363 1183 Ἰουδαίαν
1385 1145 1398 1162 ο
1428 1129 1815 1198 προϐαίνοντος
1842 1127 1897 1179 δὲ

320 1218 412 1275 τοῦ
443 1218 660 1290 καιροῦ,
693 1218 788 1272 καὶ
826 1221 907 1293 εἰς
936 1221 1114 1275 πᾶσαν
1151 1220 1252 1290 ἤδη
1282 1218 1382 1289 τὴν
1421 1219 1513 1272 ὑπ’
1545 1218 1775 1289 οὐρανὸν
1801 1234 1898 1271 πε-

322 1312 543 1384 ριῄεσαν
577 1312 626 1363 οἱ
663 1310 939 1366 θεσπέσιοι
971 1311 1239 1382 μαθηταὶ,
1267 1314 1379 1375 τοῖς
1418 1310 1758 1379 ἁπανταχόσε
1793 1325 1897 1377 κη-

319 1402 623 1476 ρύττοντες·
650 1400 792 1456 ὥστε
822 1403 919 1456 καὶ
939 1403 1048 1457 ἀπὸ
1078 1404 1434 1475 Ἰερουσαλὴμ
1467 1403 1629 1473 μέχρι
1663 1400 1757 1455 τοῦ
1800 1400 1899 1453 Ἰλ-

316 1493 562 1565 λυρικοῦ,
595 1492 793 1562 μᾶλλον
819 1492 877 1545 δὲ
902 1492 997 1546 καὶ
1030 1493 1221 1564 μέχρις
1240 1494 1419 1547 αὐτῶν
1450 1492 1743 1563 ἀφικέσθαι
1772 1509 1896 1562 τερ-

321 1584 509 1657 μάτων
532 1583 633 1653 τῆς
658 1585 782 1654 γῆς·
811 1582 909 1636 xui.
934 1581 995 1647 ἐξ
1018 1584 1147 1652 ἠοῦς
1173 1584 1308 1654 πρὸς
1334 1585 1593 1656 ἑσπέραν,
1615 1584 1715 1655 τὴν
1748 1582 1899 1653 ἱερὰν

318 1677 607 1746 ἀπηχῆσαι
644 1674 940 1743 σάλπιγγα.
978 1673 1177 1739 Τοῦτο,
1207 1671 1383 1746 οἶμαι,
1412 1676 1528 1730 ἔστι
1559 1676 1620 1746 to
1651 1675 1898 1743 γίνεσθαι

320 1744 649 1834 «assuta;
694 1765 796 1834 τῆς
842 1765 1140 1835 σάλπιγγος
1175 1744 1546 1840 ἰσχυροτέρας.
1579 1744 1726 1820 Ἐἶτα
1759 1766 1896 1833 μετὰ

322 1858 481 1912 τοῦτο
523 1857 707 1910 λοιπὸν
755 1858 1083 1928 ἐπισκήπτει
1125 1858 1258 1921 Θεὸς
1297 1858 1375 1929 τῷ
1420 1858 1672 1929 μακαρίῳ
1720 1859 1893 1928 Μωσῇ

326 1948 799 2020 διαμαρτύρασθαι
833 1949 912 2020 τῷ
946 1949 1078 2020 λαῷ·
1106 1951 1197 2021 Μή
1233 1968 1382 2009 ποτε.
1421 1952 1603 2023 φησὶν,
1637 1951 1896 2019 ἐγγίσωσι

325 2038 464 2108 πρὸς
501 2038 595 2092 τὸν
633 2038 766 2092 Θεὸν
800 2042 1173 2108 κατανοῆσαι,
1200 2040 1318 2092 -καὶ
1355 2039 1597 2093 πέσωσιν
1629 2038 1687 2105 ἐξ
1723 2039 1897 2093 αὐτῶν

318 2126 546 2197 πλῆθος·
588 2126 683 2180 καὶ
710 2130 758 2181 οί
809 2130 977 2199 ἱερεῖς
1007 2130 1056 2181 οἱ
1100 2129 1410 2197 ἐγγίζοντες
1451 2130 1637 2199 Κυρίῳ
1668 2127 1744 2197 τῷ

317 2218 758 2286 ἀγιασθήτωσαν,
786 2219 859 2288 μή
886 2235 1016 2271 ποτε
1038 2219 1321 2290 ἀπαλλάξῃ
1348 2220 1444 2271 ἀπ’
1470 2218 1648 2273 αὐτῶν
1672 2218 1892 2291 Κύριος.

319 2306 510 2376 Ἀθρει
559 2307 623 2377 δὴ
669 2303 782 2373 οὖν,
820 2308 1005 2375 ἄθρει,
1038 2310 1130 2363 καὶ
1181 2311 1246 2362 ἐκ
1278 2308 1445 2362 τῶνδε
1477 2310 1539 2379 δὴ
1588 2310 1768 2373 πάλιν,
1819 2311 1897 2376 ὡς

316 2398 458 2452 ἐστιν
490 2399 770 2468 ἀμήχανον
806 2399 895 2452 διὰ
926 2400 1020 2465 τῆς
1059 2399 1302 2461 Μωσέως
1339 2401 1712 2469 παιδαγωγίας
1745 2401 1898 2470 ἐγγί-

317 2487 425 2554 ξειν
444 2487 581 2558 Θεῷ.
609 2487 897 2557 Προσίεται
927 2488 1035 2559 γὰρ
1065 2488 1167 2541 οὐκ
1192 2491 1245 2541 ἐν
1266 2492 1456 2552 τύποις
1479 2489 1556 2542 ἔτι
1588 2490 1682 2543 καὶ
1717 2491 1899 2553 σκιαῖς

317 2578 622 2647 εὐδοκιμεῖν
646 2578 955 2647 ἑλομένους·
984 2578 1207 2635 τοιαῦτα
1235 2579 1345 2649 γὰρ
1364 2580 1432 2632 τὰ
1454 2581 1716 2644 Μωσέως·
1743 2580 1899 2650 ζητεῖ

316 2670 373 2722 δὲ
403 2668 602 2738 μᾶλλον
628 2670 685 2721 ἐν
721 2671 854 2738 ἡμῖν
889 2669 987 2738 τῆς
1015 2669 1273 2739 ἀληθείας
1298 2671 1356 2723 τὸ
1383 2671 1599 2733 κάλλος.
1643 2670 1899 2741 ’Δλήθεια

315 2759 369 2815 δὲ
394 2761 421 2812 ό
451 2759 710 2830 Χριστὸς,
735 2760 803 2812 δι’
832 2753 890 2814 οὗ
920 2760 1014 2829 τὴν
1036 2762 1401 2831 προσαγωγὴν
1431 2763 1768 2832 ἐσχήκαμεν,
1802 2760 1897 2813 καὶ

316 2852 485 2920 ἐγγὺς
512 2850 815 2920 γεγόναμεν
844 2850 936 2903 τοῦ
966 2851 1198 2920 Πατρὸς,
1231 2851 1486 2921 καθάπερ
1515 2852 1595 2913 εἰς
1619 2850 1744 2920 ὅρος
1768 2849 1900 2901 ἀνα-

319 2942 671 3012 φοιτήσαντες
691 2981 705 3002 ,
733 2940 831 3008 τὴν
864 2941 990 3010 περὶ
1021 2941 1182 2993 αὐτοῦ
1213 2940 1437 3008 γνῶσιν.
1494 2937 1900 3004 Ἐπεγνωκότες

319 3032 422 3103 γὰρ
451 3033 545 3084 τδν
579 3030 727 3094 Υἱὸν,
770 3032 1088 3099 ἐπέγνωμεν
1128 3033 1195 3083 δι’
1227 3029 1394 3082 αὑτοῦ
1425 3045 1484 3080 τε
1520 3028 1616 3081 καὶ
1651 3030 1708 3080 ἐν
1750 3026 1900 3096 αὐτῷ

1999 578 2327 634 audiebatur
2364 578 2419 632 in
2470 578 2693 634 Judma:
2734 594 3031 650 pregressu
3072 586 3255 635 autem
3308 581 3574 651 temporis

1999 679 2175 726 totum
2209 669 2401 725 orbem
2442 678 2713 725 terrarum
2749 671 2990 739 pervasit
3032 686 3046 724 :
3089 671 3263 726 sancti
3298 672 3447 726 enim
3482 671 3571 727 di-

1999 764 2196 835 scipuli
2223 763 2620 819 circumierunt
2638 763 3003 833 praedicantes
3044 764 3248 833 ubique
3290 766 3571 835 gentium;

1998 857 2136 912 adeo
2159 866 2222 911 ut
2249 856 2318 911 ab
2361 840 2753 925 Hierosolymis
2782 855 3059 926 Illyricum
3100 872 3273 926 usque
3303 872 3574 926 pervene-

2000 948 2133 1012 rint,
2161 948 2293 1017 quin
2320 948 2502 1018 potius
2538 963 2711 1017 usque
2758 947 2829 1002 ad
2858 947 2994 1003 ﬁnes
3016 955 3196 1012 terrae,
3230 958 3287 1003 et
3324 964 3391 1003 ex
3445 955 3572 1003 ortu

2000 1039 2055 1094 in
2079 1053 2333 1094 occasum
2354 1039 2473 1094 haec
2492 1038 2622 1094 tuba
2642 1038 2907 1094 senuerit.
2946 1039 3082 1103 Hoc,
3110 1048 3170 1094 ut
3198 1040 3458 1104 arbitror,
3490 1046 3577 1096 est

1998 1128 2147 1199 quod
2160 1143 2325 1184 voces
2350 1129 2496 1184 tubae
2516 1128 2775 1198 paulatim
2803 1128 2959 1184 factae
2984 1129 3093 1185 sint
3110 1130 3573 1185 vehementiores.

1999 1220 2205 1277 Deinde
2251 1220 2500 1291 praecipit
2541 1221 2687 1277 Deus
2731 1220 2892 1276 beato
2931 1220 3065 1276 Mosi
3121 1228 3182 1276 ut
3236 1229 3577 1277 eontestetur

2000 1311 2282 1381 populum,
2322 1328 2392 1367 ne
2423 1311 2566 1367 forte
2614 1312 3056 1382 appropinquent
3100 1311 3169 1367 ad
3222 1311 3396 1367 Deum
3439 1325 3574 1367 con-

2000 1400 2366 1471 spieiendum,
2392 1409 2449 1455 et
2475 1400 2674 1456 cadant
2714 1415 2783 1455 ex
2808 1400 2944 1470 ipsis
2967 1399 3149 1462 multi.
3192 1405 3364 1468 utque
3391 1413 3576 1454 sacer-

1998 1491 2176 1555 dotes,
2207 1492 2302 1561 qui
2328 1491 2603 1548 accedunt
2659 1491 2728 1546 ad
2758 1491 3052 1546 Dominum
3105 1490 3300 1554 Deum,
3332 1487 3576 1545 sanctiﬁ-

2000 1591 2217 1647 centur,
2260 1598 2332 1638 ne
2364 1582 2506 1638 forte
2553 1583 2623 1638 ab
2658 1582 2791 1652 ipsis
2810 1582 3067 1637 discedat
3111 1581 3396 1636 Dominus.
3439 1580 3577 1636 Vide

2001 1672 2190 1742 igitur,
2214 1671 2363 1737 vide,
2389 1671 2644 1736 obsecro,
2683 1671 2849 1726 etiam
2884 1686 2952 1725 ex
2999 1671 3086 1725 his
3130 1687 3372 1735 rursum,
3427 1670 3575 1741 quod

2002 1762 2340 1832 impossibile
2378 1763 2450 1819 sit
2495 1778 2595 1833 per
2643 1762 2809 1818 Hosis
2851 1762 3198 1832 disciplinam
3222 1763 3333 1818 Deo
3381 1775 3579 1832 appro-

1998 1854 2285 1923 pinquare.
2324 1853 2512 1923 Neque
2536 1853 2688 1907 enim
2716 1853 2959 1907 admittit
2988 1868 3086 1908 eos
3101 1853 3194 1922 qui
3213 1852 3355 1923 typis
3377 1860 3433 1908 et
3452 1868 3577 1907 um-

1997 1944 2111 1999 bris
2134 1946 2510 2015 acquiescunt,
2541 1946 2659 2000 haec
2683 1945 2832 2000 enim
2878 1944 3114 1999 Mosaiea
3157 1949 3313 2009 sunt;
3341 1942 3437 1998 sed
3482 1958 3581 2013 po-

2001 2035 2111 2092 tius
2134 2035 2369 2107 requirit
2398 2036 2453 2090 in
2472 2035 2635 2091 nobis
2667 2033 3138 2105 pulchritudinem
3178 2032 3448 2089 veritatis.
3475 2032 3581 2088 Ve-

1998 2128 2130 2181 ritas
2155 2136 2335 2181 autem
2363 2134 2446 2181 est
2466 2125 2719 2181 Christus
2740 2128 2805 2190 ",
2846 2140 2946 2195 per
2989 2133 3152 2194 quem
3196 2132 3252 2179 et
3299 2139 3579 2179 accessum

1998 2216 2267 2281 habemus
2298 2224 2354 2271 et
2379 2215 2885 2287 appropinquamus
2921 2213 3084 2285 324
3131 2213 3280 2268 Patri
3324 2214 3392 2278 ",
3428 2213 3582 2268 velut

1998 2308 2191 2370 monti,
2221 2323 2347 2361 cum
2397 2306 2809 2362 ascenderimus
2850 2305 2918 2361 ad
2977 2306 3150 2375 ipsius
3188 2304 3576 2376 cognitionem.

1997 2398 2228 2469 Cognito
2264 2398 2412 2453 enim
2452 2398 2613 2462 Filio,
2653 2398 3012 2468 cognovimus
3046 2412 3145 2466 per
3193 2395 3370 2466 ipsum
3408 2402 3467 2451 et
3520 2394 3581 2452 in

2002 2489 2121 2560 ipso
2155 2490 2320 2545 etiam
2346 2490 2584 2545 Patrem.
2613 2489 2757 2561 Ergo
2778 2505 2878 2560 per
2921 2489 3101 2559 ipsum
3136 2502 3419 2544 accessum
3475 2486 3579 2542 ha-

2000 2580 2194 2635 bemus
2224 2588 2281 2635 et
2319 2580 2825 2650 appropinquamus
2847 2580 3033 2648 Patri;
3086 2575 3433 2650 nequaquam
3480 2593 3582 2634 au-

2000 2677 2108 2723 tem
2152 2684 2251 2740 per
2276 2669 2480 2733 Mosen,
2522 2669 2629 2725 hoc
2660 2679 2764 2733 est,
2808 2685 2907 2739 per
2938 2670 3134 2741 legem.
3178 2671 3349 2724 Porro
3389 2676 3447 2724 et
3491 2682 3583 2723 sa-

2000 2757 2322 2813 cerdotibus
2350 2759 2610 2827 praecepit
2646 2767 2710 2813 ut
2756 2757 3268 2813 sanctiﬁcarentur:
3304 2772 3415 2827 quo
3452 2771 3583 2811 sane

2000 2850 2289 2904 evidenter
2341 2850 2585 2903 ostendit
2647 2850 3017 2905 sacerdotium
3077 2848 3250 2918 legale
3302 2863 3416 2903 non
3462 2861 3585 2903 esse

1999 2940 2247 3011 perfecte
2282 2949 2555 3003 sanctum,
2582 2948 2774 3010 utpote
2806 2941 2953 3010 quod
2973 2941 3157 2995 adhuc
3177 2946 3337 3010 egeat
3381 2938 3587 2993 sancti-

2002 3030 2254 3084 ficatione
2285 3047 2300 3088 :
2332 3030 2537 3099 alioqui
2561 3045 2673 3085 non
2698 3032 3049 3101 praecepisset
3087 3038 3149 3085 ut
3173 3028 3584 3086 sanctiﬁearen-

317 3123 403 3177 τὸν
428 3124 673 3192 Πατέρα.
704 3122 912 3175 Οὐκοῦν
940 3123 1004 3175 δι’
1036 3119 1201 3173 αὐτοῦ
1230 3121 1330 3190 τὴν
1353 3118 1717 3189 προσαγωγὴν
1740 3119 1897 3187 ἐσχῆ·

2003 3129 2108 3175 tur.
2142 3120 2398 3176 Christus
2418 3129 2599 3175 autem
2630 3130 2714 3176 est
2744 3123 2904 3177 nobis
2927 3122 3185 3177 sacerdos
3211 3122 3582 3192 inculpabilis,

316 3230 514 3284 καμεν,
536 3214 599 3266 ού
617 3213 705 3267 διὰ
726 3215 990 3275 Μωσέως,
1010 3212 1282 3271 τουτέστι,
1310 3211 1371 3263 οὗ
1394 3209 1482 3262 διὰ
1502 3210 1685 3280 νόμου.
1724 3209 1901 3275 Ἀγιά-

316 3303 506 3367 ζεσθαι
530 3303 585 3357 δὲ
602 3303 705 3356 καὶ
725 3303 922 3366 αὐτοὺς
946 3301 1444 3371 προαναφαίνοντος
1463 3300 1726 3371 ἐναργῶς,
1745 3300 1899 3355 οὔπω

317 3392 535 3457 τελείως
566 3393 727 3461 ἁγίαν
748 3392 845 3463 τὴν
876 3393 1019 3446 κατὰ
1050 3392 1215 3462 νόμον
1238 3389 1556 3462 ἱερωσύνην,
1590 3390 1665 3454 ὡς
1685 3390 1793 3462 γὰρ
1818 3389 1898 3444 ἔτι

314 3483 578 3555 δεομένην
608 3482 881 3552 ἁγιασμοῦ
906 3524 921 3548 ,
947 3482 1129 3536 ἄλλοθι
1165 3482 1241 3552 μὴ
1282 3481 1649 3553 προστέταχεν
1679 3480 1895 3549 ἁγιάζε-

319 3573 463 3629 σθαι.
496 3574 758 3643 ’Δμωμος
778 3572 854 3635 δέ,
887 3573 982 3625 καὶ
1012 3573 1183 3640 ἁγίων
1210 3572 1398 3640 Ἄγιος
1427 3572 1511 3640 ἐφ’
1540 3572 1689 3641 ἡμᾶς
1713 3572 1897 3642 ἀρχιε-

322 3664 465 3735 ρεὺς,
487 3667 515 3717 ὁ
533 3663 786 3734 Χριστὸς,
810 3664 905 3715 καὶ
938 3682 956 3715 ι
989 3662 1297 3733 κρείττονος
1324 3662 1587 3732 διαθήκης
1625 3662 1839 3731 ἔγγυος,
1872 3680 1888 3711 ι

319 3756 391 3815 ὡς
441 3752 656 3813 Παῦλός
713 3768 869 3820 φησι.
917 3749 1206 3818 Τοιγάρτοι
1260 3751 1351 3803 καὶ
1405 3750 1679 3804 πέπαυται
1733 3753 1893 3822 μὲνὴ

324 3840 532 3912 πρώτη.
574 3842 770 3908 Γέγονε
802 3840 859 3892 δὲ
892 3840 986 3893 καὶ
1019 3839 1190 3908 αὐτῆς
1231 3840 1528 3910 ἱερωσύνης
1567 3842 1855 3910 μετάθεσις
1878 3883 1892 3906 ,

315 3933 416 3988 οὐκ
445 3934 677 4004 ἐχούσης
705 3935 765 3987 τὸ
801 3933 1109 4002 ἄμεμπτον,
1141 3932 1235 3985 καὶ
1263 3934 1324 3984 τὸ
1365 3931 1548 4001 ἄκρως
1589 3934 1764 3999 ἅγιον.
1795 3933 1897 3985 Τε-

318 4022 568 4078 τελείωκε
602 4026 700 4095 μὲν
740 4026 847 4093 γὰρ
886 4023 1074 4076 οὐδένα
1121 4022 1261 4076 κατὰ
1296 4023 1619 4091 συνείδησιν·
1656 4021 1894 4075 είσκεκὸ-

321 4135 447 4187 μικε
472 4118 529 4170 δὲ
553 4118 750 4186 μᾶλλον
777 4113 1095 4185 βαπτισμῶν
1120 4113 1358 4183 διδαχὰς,
1390 4113 1688 4183 ἐφηγήσεις
1711 4113 1898 4183 περιρο

320 4210 625 4279 ῥαντηρίων
659 4208 792 4276 προς
824 4207 918 4276 τὴν
951 4206 1050 4273 τῆς
1077 4204 1276 4275 σαρκὸς
1305 4203 1672 4274 καθαρότητα.
1707 4203 1895 4256 Κατα-

318 4299 472 4367 λήγει
510 4299 619 4370 γὰρ
654 4301 732 4362 είς
765 4297 922 4350 τοῦτο
955 4297 1109 4366 μόλις
1141 4296 1240 4365 τῆς
1273 4294 1502 4364 νομικῆς
1532 4293 1827 4364 ἱερωσύνης
1863 4295 1895 4363 ἡ

314 4388 568 4461 δύναμις.
622 4388 710 4452 Ὧς
759 4389 858 4441 ούκ
904 4386 1104 4463 ἔχουσα
1146 4385 1324 4439 τοίνυν
1359 4385 1421 4437 τὸ
1457 4383 1677 4447 τελείως
1720 4383 1894 4452 ἆγιον,

2001 3220 2059 3265 et
2082 3209 2317 3265 Sanctus
2366 3220 2704 3276 sanctorum,
2727 3219 2891 3281 atque
2914 3212 3053 3266 adeo
3082 3232 3100 3262 ι
3125 3212 3371 3267 melioris
3413 3220 3585 3270 testa-
3636 3260 3641 3263 _

2001 3298 2171 3352 menti
2227 3296 2552 3354 conciliator
2577 3299 2661 3363 “,
2710 3316 2728 3348 ι
2792 3298 2936 3352 sicut
2990 3298 3191 3354 Paulus
3244 3298 3339 3354 ait.
3394 3298 3586 3368 Itaque

1999 3391 2165 3445 etiam
2198 3391 2440 3460 primum
2466 3390 2651 3446 desiit.
2677 3390 2783 3446 Sed
2810 3400 2865 3448 et
2890 3392 3064 3463 ipsius
3090 3392 3383 3448 sacerdotii
3416 3391 3583 3448 simul

1998 3480 2142 3537 facta
2168 3489 2254 3537 est
2279 3483 2588 3547 translatio,
2615 3484 2821 3554 quippe
2876 3484 3023 3554 quod
3075 3498 3187 3539 non
3233 3484 3399 3539 fuerit
3446 3485 3587 3540 irre-

1996 3576 2393 3646 prehensibile,
2421 3588 2525 3631 nec
2549 3591 2762 3631 summe
2812 3585 3083 3631 sanetum.
3117 3577 3406 3632 Neminem
3430 3575 3584 3631 enim

1996 3667 2229 3737 perfecit
2273 3667 2575 3722 secundum
2634 3666 3051 3729 conscientiam,
3104 3666 3201 3719 sed
3258 3666 3442 3734 potius
3500 3665 3585 3717 in-

1999 3757 2440 3813 vexitlotionum
2472 3758 2771 3820 doctrinas,
2810 3764 2865 3811 et
2904 3754 3347 3810 introductiones
3396 3769 3586 3821 asper-

1997 3849 2215 3903 sionum
2247 3847 2314 3901 ad
2342 3848 2636 3915 puritatem
2668 3846 2869 3902 carnis.
2905 3846 2984 3898 Ad
3016 3846 3120 3897 hoc
3153 3843 3301 3897 enim
3344 3842 3433 3896 vix
3455 3859 3583 3913 per-

1999 3938 2161 4006 tingit
2208 3937 2503 3991 sacerdotii
2555 3936 2746 4005 legalis
2796 3936 2898 3987 vis.
2950 3933 3085 3988 Cum
3133 3933 3318 4001 itaque
3366 3948 3480 3987 non
3510 3934 3585 3988 sit

1996 4029 2239 4099 perfecte
2285 4035 2570 4089 sanetum,
2630 4026 2726 4080 sed
2779 4031 2984 4079 statuto
3049 4032 3295 4092 tempore
3338 4024 3582 4078 sanctifi-

1997 4119 2231 4174 candum
2285 4120 2357 4172 sit
2400 4133 2429 4171 a
2463 4117 2702 4179 Christo,
2738 4131 2861 4172 cum
2914 4114 3023 4186 lypi
3061 4114 3128 4191 ad
3164 4115 3447 4169 veritatem
3467 4115 3587 4171 fue-

1998 4211 2112 4266 rint
2177 4208 2444 4274 traducti,
2498 4208 2748 4279 prazcipit
2809 4217 2869 4261 ut
2913 4192 3337 4262 sanctificentur-
3426 4205 3591 4281 Quod,

1998 4313 2181 4360 autem
2232 4304 2507 4360 addiderit
2557 4320 2571 4358 :
2635 4304 2755 4360 «Ne
2812 4304 2953 4360 forte
3019 4305 3089 4360 ab
3161 4304 3272 4359 illis
3337 4303 3582 4360 discedat

1998 4396 2265 4451 Dominus
2317 4397 2396 4462 ";
2430 4415 2448 4447 ι
2483 4397 2665 4451 innuit
2707 4396 2855 4466 quod
2904 4396 3026 4451 istis
3073 4396 3168 4465 qui
3223 4395 3360 4466 legis
3398 4412 3582 4451 sacer-

321 4481 761 4549 αγιασθησομένη
785 4480 839 4531 δὲ
865 4478 1004 4531 κατὰ
1026 4477 1249 4547 καιροὺς
1269 4478 1325 4529 ἐν
1341 4474 1560 4546 Χριστῷ
1583 4473 1688 4530 τῶν
1709 4475 1895 4528 τύπων

2000 4484 2213 4538 dotium
2259 4484 2554 4549 coluerint,
2613 4465 2847 4555 capitale
2896 4483 3229 4553 supplicium
3281 4465 3350 4538 sit
3377 4498 3576 4553 prope-

318 4571 845 4642 μεταπλαττομένων
887 4573 967 4632 εἰς
1012 4569 1291 4639 ἀλήθειαν,
1333 4566 1699 4637 προστέταχεν
1748 4566 1898 4634 ἁγιά-

316 4663 527 4728 ζεσθαι.
554 4661 873 4733 Προστιθεὶς
893 4662 949 4714 δὲ
977 4662 1056 4714 ὅτι
1079 4676 1091 4689 ·
1131 4679 1149 4710 ι
1193 4661 1282 4729 Μή
1314 4677 1442 4711 ποτε
1471 4659 1757 4730 ἀπαλλάξῃ
1801 4659 1894 4712 ἀπ’

315 4755 498 4808 αὐτῶν
527 4753 753 4824 Κύριος,
797 4772 815 4804 ι
862 4753 1029 4821 ἐφῆκε
1069 4753 1229 4812 νοεῖν,
1275 4751 1357 4802 ὅτι
1397 4748 1624 4813 θάνατος
1674 4750 1702 4818 ἡ
1734 4749 1893 4819 δίκη,

314 4849 430 4911 τοῖς
467 4845 570 4918 τὴν
600 4848 657 4898 ἐν
684 4845 833 4913 νόμῳ
869 4843 1103 4913 τιμῶσιν
1135 4840 1449 4910 ἱερωσύνην,
1492 4839 1896 4910 ἁναδειχθείσης

318 4938 377 4992 ἐν
405 4937 599 5007 κόσμῳ
626 4935 726 5004 τῆς
756 4933 844 4987 διὰ
877 4930 1136 5005 Χριστοῦ·
1165 4933 1231 4985 δι’
1262 4924 1322 4983 οὗ
1352 4932 1447 4983 καὶ
1475 4931 1613 4987 λαοὶ.
1644 4931 1739 4984 καὶ
1771 4931 1900 4983 αὐτὸ

315 5028 384 5083 et
415 5029 583 5083 πάλαι
612 5025 810 5080 σεπτὸν
839 5041 896 5077 τε
924 5024 1018 5076 καὶ
1051 5023 1193 5093 ἱερὸν
1225 5023 1506 5090 ἁγιάζεται
1536 5021 1710 5089 γένος·
1746 5020 1902 5089 βέϐη-

317 5119 412 5173 λον
450 5119 508 5173 δὲ
542 5116 783 5179 πάντως,
814 5115 908 5167 καὶ
952 5116 1007 5166 ἐν
1042 5112 1426 5184 ἀκαθαρσίαις,
1469 5108 1497 5164 ὃ
1537 5110 1611 5181 μὴ
1632 5109 1899 5187 ’.ἡγιάσθη

320 5211 457 5278 παρ’
482 5206 670 5261 αὐτοῦ.
701 5205 799 5259 Διὰ
817 5203 976 5258 τοῦτο
1002 5204 1206 5269 ἔφασκε
1236 5205 1348 5267 τοῖς
1390 5202 1657 5255 Ἰουδαίων
1687 5201 1898 5271 δήμοις·

327 5319 351 5351 ε
397 5300 591 5369 Ἀμὴν,
617 5297 765 5368 ἀμὴν
787 5297 934 5364 λέγω
963 5297 1112 5366 ὑμῖν,
1140 5296 1220 5348 ὅτι
1255 5296 1348 5347 ἐὰν
1372 5292 1444 5363 μὴ
1470 5292 1795 5363 πιστεύσητε
1819 5294 1901 5346 ὅτι

316 5393 438 5462 ἐγώ
476 5396 615 5464 είμι,
667 5395 724 5447 ἐν
761 5394 880 5455 ταῖς
920 5392 1216 5461 ἁμαρτίαις
1258 5388 1410 5457 ὑμῶν
1457 5389 1832 5445 ἀποθανεῖσθε.
1878 5409 1896 5442 ι

282 5546 297 5557 .
316 5486 454 5538 Ὀτι
478 5486 537 5538 δὲ
556 5485 781 5555 ἔμελλον
806 5483 856 5536 οἱ
875 5483 934 5549 ἐξ
975 5481 1189 5553 Ἰσραὴλ
1224 5481 1424 5550 ἐξήνιοι
1458 5480 1740 5547 γεγονότες
1770 5482 1904 5533 ἀποο

229 5619 255 5629 λ.
286 5560 294 5567 ί
323 5577 647 5647 πέμπεσθαι
667 5575 810 5629 κατὰ
832 5574 1079 5646 καιροὺς,
1104 5573 1488 5641 ὑποειοστήσειν
1508 5570 1561 5623 δὲ
1584 5571 1680 5644 οὐχ
1703 5572 1902 5640 ἑτέρως

436 5755 480 5786 “
510 5751 668 5807 Joan.
696 5762 804 5817 ππ,
834 5751 885 5803 6.
963 5749 1006 5782 ⁸³
1027 5738 1221 5818 Epirota.
1270 5765 1322 5805 ιι.
1365 5748 1444 5801 l8.
1522 5752 1562 5781 "
1601 5750 1766 5804 Hebr.
1801 5766 1889 5815 ·.·ιι,

2002 5792 2009 5800 .
2086 5752 2126 5780 τ⁷⁴
2156 5748 2451 5807 Εῖςοᾱλιλ,
2487 5747 2572 5801 ΞΞ.

2004 4577 2194 4641 situm,
2221 4592 2345 4631 cum
2392 4577 2760 4633 sacerdotium
2780 4592 2878 4647 per
2915 4575 3193 4631 Christum
3236 4574 3443 4628 mundo
3496 4589 3585 4628 se-

2004 4667 2108 4721 mel
2149 4676 2431 4723 ostensum
2479 4669 2669 4733 fuerit,
2700 4685 2800 4739 per
2827 4684 2990 4739 quem
3037 4677 3093 4722 et
3142 4666 3327 4738 pepuli
3368 4674 3425 4721 et
3475 4664 3575 4720 hoc

2004 4755 2181 4825 ipsum
2207 4756 2336 4810 olim
2362 4766 2610 4813 sanctum
2634 4772 2698 4812 ac
2737 4757 3112 4812 venerandum
3141 4770 3312 4825 genus
3337 4751 3582 4807 sanctiﬁ-

2004 4855 2235 4914 cantur;
2263 4848 2554 4917 profanum
2580 4859 2763 4905 autem
2793 4850 3018 4905 omnino
3045 4855 3130 4903 est
3159 4856 3214 4901 et
3233 4843 3581 4898 immundum

2001 4937 2370 5007 quodcunque
2424 4956 2535 4994 non
2588 4940 2759 4995 fuerit
2808 4955 2908 5008 per
2958 4940 3107 4992 hunc
3156 4934 3578 4989 sanctificatum.

1998 5031 2210 5086 Idcirco
2257 5031 2420 5086 etiam
2466 5032 2583 5099 ipse
2609 5032 2675 5086 ad
2716 5032 2950 5101 populos
2972 5029 3286 5084 Iudaeorum
3326 5026 3576 5082 dicebat:

2012 5137 2028 5169 ι
2049 5120 2244 5184 Amen,
2272 5137 2431 5175 amen
2453 5121 2579 5177 dico
2601 5120 2780 5183 vobis,
2807 5119 2953 5188 quod
2992 5119 3037 5172 si
3088 5133 3196 5172 non
3236 5116 3583 5171 credideritis

2002 5211 2147 5280 quod
2168 5226 2268 5279 ego
2312 5226 2457 5275 sum,
2504 5212 2559 5264 in
2608 5211 2850 5281 peccatis
2889 5210 3091 5263 vestris
3120 5208 3433 5263 moriemini
3463 5208 3527 5261 ’°.
3555 5228 3572 5258 ι

2006 5302 2162 5367 Quod
2227 5310 2411 5356 autem
2464 5301 2635 5355 Judmi
2697 5300 2934 5355 cﬂ'renes
2980 5310 3144 5370 atque
3199 5298 3580 5353 inobedientcs

2008 5394 2157 5455 facti,
2182 5394 2249 5447 ad
2289 5403 2505 5462 tempus
2541 5393 2825 5462 ablegandi
2851 5400 3055 5453 essent,
3084 5400 3341 5446 cwtcrum
3362 5393 3584 5446 evoluta

2010 5496 2256 5555 tempore
2306 5484 2374 5537 ad
2434 5485 2607 5537 Deum
2661 5484 2962 5547 reversuri,
3035 5484 3199 5552 idque
3251 5497 3365 5537 non
3422 5483 3583 5537 aliter

2010 5591 2173 5643 quam
2218 5590 2318 5645 per
2365 5572 2664 5637 Christum,
2704 5572 2862 5627 facile
2912 5574 3135 5643 colliges
3174 5589 3239 5628 ex
3290 5572 3393 5625 hoc
3437 5569 3583 5641 quod

2654 5752 2695 5779 "‘
2723 5749 2875 5804 Joan.
2915 5768 3024 5816 vm,
3048 5751 3132 5804 ει.
