4066 6282
456 366 550 422 Ml

1475 382 1531 438 S.
1572 378 1847 438 CYRILLI
1887 377 2149 434 ALEXA?
2170 377 2357 435 DRINI
2393 377 2710 437 ARCHIEP.

3617 379 3722 438 519

458 510 602 565 Deus
650 515 793 562 uitro
852 501 1087 560 consilio
1146 500 1214 556 ad
1267 500 1538 571 optimum
1591 501 1778 555 Mosen
1829 499 1966 554 dixit
2014 517 2026 552 :

2135 501 2271 572 πρὸς
2304 502 2456 569 Θεὸν,
2486 503 2624 574 πλὴν
2646 502 2727 555 ὅτι
2749 499 2836 554 διὰ
2881 498 3116 573 Χριστοῦ
3139 541 3152 565 ,
3188 496 3495 566 καταδεῖξει
3526 490 3724 572 ῥαδίως

463 598 662 663 ςνοὰε,
685 595 978 659 descende,
997 601 1051 648 et
1066 593 1319 657 ascende,
1349 601 1404 645 tu
1433 599 1490 646 et
1516 592 1696 646 Aaron
1723 601 1905 645 tecum
1929 591 2028 643 ³⁷.»

459 686 691 740 Videsne
728 700 838 754 quo
860 692 1020 753 pacto
1046 683 1330 752 ablegetur
1372 681 1571 747 Moses,
1608 697 1673 736 ac
1697 680 1898 735 deinde
1923 696 2031 734 non

454 778 605 832 solus
629 783 976 841 revertatur;
1005 774 1102 829 sed
1122 789 1230 828 una
1255 788 1379 828 cum
1407 773 1527 843 ipso
1559 782 1818 842 tauquam
1846 772 2032 826 socius

455 880 518 920 ac
553 880 741 920 comes
785 865 1047 919 ascendat
1068 864 1271 930 Aaron,
1301 864 1398 935 qui
1448 873 1570 918 erat
1621 871 1783 935 typus
1824 860 2033 918 Christi

455 957 635 1027 magni
676 956 825 1010 illius
847 957 1182 1011 sacerdotis?
1203 958 1308 1012 Per
1357 958 1539 1028 ipsum
1563 957 1733 1021 enim,
1790 964 1852 1010 ut
1897 955 2033 1019 dixi,

350 1042 355 1048 ’
454 1056 601 1118 patet
624 1048 808 1103 aditus
835 1048 903 1103 ad
929 1049 1168 1103 Patrem.
1194 1049 1374 1119 Atque
1398 1050 1474 1103 ita
1502 1048 1690 1119 reiecti
1715 1056 1842 1102 sunt
1869 1046 2039 1101 certis

455 1141 815 1210 temporibus,
836 1141 1055 1211 legales,
1073 1141 1178 1195 hoc
1194 1141 1574 1195 estlsraelitae.
1592 1140 1725 1195 Nam
1749 1141 1803 1194 in
1830 1139 2040 1195 ultimis

454 1231 797 1300 temporibus
816 1232 1091 1301 cognituri
1118 1238 1247 1285 sunt
1276 1242 1526 1286 sanctum
1553 1232 1708 1286 illum
1733 1240 1789 1286 et
1836 1230 2033 1284 imma-

453 1322 696 1375 culatum
752 1322 1115 1385 sacerdotem,
1153 1322 1260 1377 hoc
1285 1332 1370 1377 est
1400 1323 1703 1388 Christum,
1744 1323 1905 1394 325
1937 1338 2036 1392 per

452 1426 614 1479 quem
646 1412 714 1465 ad
747 1412 918 1465 Deum
941 1427 1006 1466 ac
1031 1413 1248 1468 Patrem
1272 1424 1403 1469 sunt
1445 1416 1729 1471 ascensuri
1770 1415 1943 1469 veluti
1980 1414 2035 1468 in

455 1511 695 1557 montem
726 1544 739 1567 ,
795 1504 1173 1574 amplexantes
1245 1507 1621 1561 venerandum
1673 1506 1807 1561 illud
1872 1512 2038 1575 atque

453 1596 782 1651 immensum
846 1595 1047 1650 divinae
1112 1596 1612 1653 administrationis
1668 1598 2028 1670 mysterium,

457 1700 553 1754 per
581 1686 730 1755 quod
754 1702 856 1741 nos
885 1701 1077 1741 omnes
1097 1687 1278 1742 salvos
1296 1686 1427 1741 fecit
1446 1687 1699 1743 Christus
1717 1689 1909 1744 Jesus:
1935 1706 2034 1761 per

451 1792 616 1846 quem
639 1788 695 1833 et
722 1794 845 1832 cum
870 1793 980 1847 quo
1012 1786 1097 1832 est
1117 1779 1230 1832 Deo
1254 1794 1318 1833 ac
1358 1780 1503 1834 Patri
1533 1781 1707 1857 gloria
1746 1797 1870 1836 cum
1912 1798 2036 1837 san-

453 1876 544 1923 eto
567 1869 774 1939 Spiritu
813 1870 868 1923 in
892 1871 1092 1924 smeula
1130 1871 1476 1926 saeculorum.
1520 1875 1714 1926 Amen.

2131 592 2267 645 Θεοῦ
2311 592 2561 662 λέγοντος
2608 590 2968 662 οἰκονομικῶς
3023 589 3099 660 τῷ
3154 589 3475 662 παναρεστῳ
3518 588 3722 664 Μωσῇθ

2135 699 2154 732 ‹
2195 683 2421 748 Βάδιζε,
2469 674 2777 754 κατάϐηθι,
2818 683 2912 736 καὶ
2951 680 3222 751 ἀνάϐηθι.
3265 681 3328 734 σὺ
3362 681 3457 735 καὶ
3512 681 3725 754 Ἀαρὼν

2132 774 2444 841 μετασοῦ.»
2476 775 2640 846 Ὁρᾷς
2666 775 2783 838 πῶς
2806 772 3166 843 ἀπεπέμπετο
3182 766 3542 840 Μωσῆς,εῐτα
3567 773 3727 841 μόνος

2136 867 2236 919 οὑκ
2263 868 2603 937 ἐπιστρέφει,
2626 865 2801 920 ἄνεισι
2826 864 2883 917 δὲ
2908 863 3068 917 πάλιν
3094 861 3556 933 συνομαρτοῦντος
3576 863 3725 934 αὐτῷ

2139 959 2235 1011 καὶ
2262 957 2662 1021 συνδιαθέοντος
2713 954 2946 1028 Ἀαρὼν,
2987 955 3046 1014 ὃς
3083 951 3150 1026 ἦν
3176 956 3255 1018 εἰς
3291 956 3460 1008 τύπον
3484 955 3722 1025 Χριστοῦ

2137 1049 2231 1102 τοῦ
2261 1048 2495 1119 μεγάλου
2527 1048 2752 1119 ἱερέωςς
2794 1048 2870 1099 Δι’
2909 1044 3074 1099 αὑτοῦ
3103 1046 3235 1116 γὰρ,
3271 1045 3344 1108 ὡς
3370 1043 3527 1115 ἔφην,
3557 1060 3755 1116 προίει,

2142 1139 2250 1202 tto;
2286 1140 2314 1191 ὁ
2359 1137 2573 1209 Πατήρ.
2616 1137 2729 1191 Καὶ
2750 1136 3102 1206 ἀπόπεμπτοι
3129 1133 3413 1202 γεγονότες
3438 1133 3580 1187 κατὰ
3608 1153 3748 1188 και-ο

2140 1229 2266 1299 pob;
2290 1228 2340 1281 οἱ
2366 1228 2423 1281 ἐν
2454 1229 2605 1299 νὸμῳ
2623 1268 2636 1292 ,
2658 1227 2937 1279 τουτέστιν
2959 1229 2986 1278 ὁ
3022 1224 3256 1296 Ἰσραήλ,
3296 1224 3722 1293 Ἐπιγνὼσονται

2141 1320 2239 1389 μὲν
2278 1320 2335 1372 ἐν
2367 1303 2616 1388 ἐσχάτοις
2643 1320 2855 1388 καιροῖς
2884 1317 2976 1369 τὸν
3008 1316 3155 1369 ὅσιόν
3179 1330 3238 1367 τε
3264 1314 3361 1368 καὶ
3390 1315 3595 1369 ἄκακον
3621 1317 3719 1386 ἀρ-

2138 1411 2365 1483 χιερέα,
2411 1410 2688 1464 τουτέστιν
2737 1407 2991 1479 Χριστόν·
3037 1406 3495 1478 προσελειὶσονται
3548 1407 3604 1460 δέ
3652 1407 3721 1461 δι’

2139 1498 2303 1557 αὐτόῦ
2331 1501 2407 1572 τῷ
2433 1502 2550 1572 Θεῷ
2582 1502 2672 1554 καὶ
2703 1501 2909 1570 Πατρὶ,
2938 1500 3192 1571 καθάπερ
3218 1501 3297 1561 εἰς
3324 1499 3449 1570 ὅρος
3478 1498 3722 1570 ἅναθῴ-

2141 1608 2362 1656 σκοντες
2381 1594 2441 1645 τὸ
2463 1592 2659 1644 σεπτὸν
2676 1591 2769 1643 καὶ
2789 1591 2928 1662 μέγα
2942 1589 3044 1660 τῆς
3068 1590 3381 1660 οἰκονομίας
3401 1591 3718 1661 μυστήριον,

2138 1689 2204 1743 δι’
2231 1681 2292 1743 οῦ
2342 1689 2548 1763 πάιτας
2590 1686 2741 1756 ἡμᾶς
2783 1684 3024 1737 σέσωκεν
3060 1686 3089 1737 ό
3127 1684 3394 1751 Χριστὸς,
3428 1682 3495 1734 δι’
3527 1677 3586 1736 οῦ
3625 1681 3723 1735 καὶ

2145 1780 2262 1853 μεθ’
2289 1773 2350 1834 οὗ
2385 1777 2463 1849 τῷ
2502 1776 2623 1847 Θεῷ
2665 1776 2759 1830 καὶ
2788 1772 2963 1846 Harp!
2992 1778 3024 1845 ὴ
3056 1775 3203 1839 δόξα,
3268 1775 3366 1828 σὺν
3394 1775 3541 1845 ἁγίῳ
3561 1773 3723 1829 Ilvati-

2147 1891 2297 1947 ματι,
2323 1873 2404 1936 εἰς
2434 1872 2564 1933 τοὺς
2588 1868 2788 1930 αἰῶνας
2815 1864 2923 1920 τῶν
2954 1863 3185 1918 αἰώνων.
3227 1863 3422 1936 Ἀμήν.

452 1983 1009 2059 Βεμαιερηςιι-Μοῃδὶδ
1055 1995 1103 2039 et
1137 1986 1319 2059 Aaron
1350 1988 1405 2040 in
1452 1998 1703 2059 montem,
1741 1992 1863 2044 item
1913 1992 2029 2047 Na-

2134 1988 2273 2059 Περὶ
2313 1986 2424 2053 τῆς
2465 1988 2565 2059 εἷς
2603 1983 2667 2059 τό
2693 1954 3419 2059 Δὄρος.ἐξγοίξδίζυῃὶιιιικξνὲιυσς
3452 1972 3577 2059 καὶ-
3598 1978 3719 2059 "Aa:

525 2054 647 2134 (tab,
685 2064 732 2134 et
758 2054 947 2120 Abiud,
982 2064 1029 2109 et
1061 2055 1401 2128 septuaginta
1439 2058 1499 2110 de
1533 2060 1823 2114 senioribus
1854 2062 2041 2134 populi

524 2123 717 2177 Israel.

529 2236 549 2288 1
564 2236 769 2290 .Vocati
790 2238 1013 2306 quidem
1031 2246 1159 2292 sunt
1180 2253 1278 2308 per
1294 2238 1469 2309 legem
1484 2239 1549 2293 ad
1568 2240 1739 2295 Deum
1755 2242 2040 2311 Israelita,

454 2326 727 2381 mediante
749 2336 881 2383 tunc
905 2345 967 2383 ac
995 2331 1344 2385 ministrante
1372 2330 1542 2385 Mose.
1562 2331 1789 2397 Verum,
1820 2343 1881 2388 ut
1901 2335 2042 2390 divi-

453 2434 561 2472 nus
581 2419 965 2488 aitApostolus
985 2439 1029 2473 :c
1042 2421 1153 2475 Lex
1169 2422 1476 2491 perfectum
1493 2421 1623 2477 fecit
1646 2426 1920 2481 neminem
1935 2429 2000 2481 "'.
2014 2447 2032 2480 ι

454 2511 586 2581 Ejus
633 2511 782 2564 enim
814 2526 878 2573 ac
905 2513 1299 2583 prophetarum
1333 2512 1588 2570 Christus
1630 2525 1886 2573 censetur
1920 2536 2042 2589 per-

454 2601 641 2656 fectio.
662 2601 745 2657 Ab
762 2618 828 2657 eo
862 2605 1009 2658 enim
1035 2606 1218 2660 omnis
1242 2605 1569 2675 redemptio.
1585 2605 2039 2679 Quandoquidem

462 2688 651 2753 «Aliud
669 2705 872 2746 nomen
890 2692 993 2747 sub
1018 2694 1159 2749 ccelo
1173 2709 1282 2748 non
1306 2703 1391 2749 est
1418 2695 1473 2748 in
1499 2695 1837 2764 hominibus,
1858 2698 1910 2753 in
1932 2716 2042 2769 quo

454 2779 654 2833 salvari
675 2796 775 2835 nos
790 2790 1042 2851 oporteat
1057 2783 1134 2849 '9;
1158 2802 1175 2833 ι
1210 2794 1265 2837 et
1287 2784 1341 2837 in
1366 2783 1486 2854 ipso
1503 2785 1684 2840 omnis
1705 2768 1970 2856 perfectio
1986 2768 2045 2844 in

455 2869 886 2926 sanctiﬁcatione
918 2873 1166 2943 spiritus.
1193 2874 1251 2928 In
1287 2875 1406 2944 ipso
1427 2878 1608 2931 vocati
1641 2877 1708 2931 ad
1739 2878 1909 2933 Deum
1938 2880 2040 2935 Pa-

456 2967 595 3012 trem
617 2975 829 3027 sumus,
847 2964 969 3019 etin
987 2979 1283 3034 supernam
1299 2966 1580 3021 civitatem
1601 2983 1724 3022 curn
1744 2968 1839 3023 illo
1856 2986 2045 3025 ascen-

454 3049 669 3106 demus.
697 3052 787 3107 Sic
810 3056 959 3109 enim
981 3056 1128 3110 clare
1160 3057 1392 3126 ipsemet
1418 3059 1495 3113 ait
1518 3077 1530 3112 :
1565 3060 1649 3116 «in
1676 3060 1840 3115 domo
1865 3064 2044 3119 Patris

455 3143 563 3197 mei
607 3146 921 3201 mansiones
964 3148 1149 3202 multae
1198 3157 1347 3202 sunt.
1391 3149 1445 3203 Si
1510 3151 1829 3219 quominus,
1873 3153 2044 3209 dixis-

457 3247 572 3287 sem
599 3236 788 3301 vobis;
819 3238 948 3306 quia
981 3239 1122 3291 vado
1148 3254 1342 3308 parare
1371 3240 1530 3295 vobis
1561 3241 1762 3296 locum.
1782 3243 1850 3297 Et
1876 3244 1919 3298 si
1949 3245 2045 3299 ab-

2205 2046 2352 2129 ρὼν.
2374 2046 2483 2109 ’καὶ
2513 2046 2729 2130 Ναξὰϐη.
2747 2046 2759 2050 ⁷
2782 2046 2880 2104 mil
2919 2049 3166 2130 ’.ιεόιοὺδί
3201 2050 3298 2102 καὶ
3330 2046 3448 2102 τῶν
3474 2048 3726 2119 ἐϐδομή-

2213 2120 2399 2184 κοντα
2428 2120 2848 2192 πρεσϐυτέρων
2874 2120 2979 2173 τοῦ
3014 2120 3190 2174 λαοῦ.

2212 2250 2281 2297 α’.
2305 2239 2617 2309 Κέκληνται
2641 2237 2737 2306 μὲν
2756 2234 2843 2288 διὰ
2863 2235 3031 2305 νόμου
3048 2231 3184 2305 πρὸς
3200 2232 3331 2286 Θεὸν
3352 2234 3399 2285 οἱ
3423 2231 3481 2299 ἐξ
3496 2232 3727 2302 αἵματος

2154 2331 2391 2405 Ἰσραὴλ,
2439 2326 2815 2399 μεσιτεύοντος
2841 2325 2903 2378 τὸ
2932 2324 3184 2396 τηνικάδε
3225 2323 3323 2376 καὶ
3353 2322 3725 2386 διακονοῦντος

2142 2425 2403 2485 Μωσέως.
2440 2417 2578 2473 Ἀλλ’
2602 2417 2677 2481 ὼς
2700 2419 2729 2470 ό
2755 2415 3042 2479 θεσπέσιος
3067 2414 3268 2486 γράφει
3294 2414 3535 2478 Παῦλος,
3572 2433 3590 2465 c
3621 2414 3725 2467 Τε-

2140 2513 2426 2569 τελείωκεν
2453 2512 2482 2563 ό
2511 2510 2675 2580 νόμος
2704 2504 2914 2561 οὐδένα.
2958 2525 2977 2558 ›
3010 2505 3298 2576 Τελειότης
3324 2521 3388 2573 γε
3421 2504 3526 2575 μὴν
3559 2503 3725 2558 αὐτοῦ

2143 2604 2237 2657 καὶ
2278 2598 2575 2672 προφητῶν
2604 2599 2806 2650 νοεῖται
2836 2596 3089 2667 Χριστός.
3129 2598 3284 2650 Πᾶσα
3317 2596 3424 2667 γὰρ
3456 2595 3729 2666 λύτρωσις

2141 2693 2207 2745 δι’
2236 2690 2421 2745 αὑτοῦ.
2483 2688 2636 2757 Ἐπεὶ
2687 2705 2706 2738 ι
2755 2684 2848 2756 Μὴ
2892 2685 3037 2738 ἐστιν
3071 2685 3259 2756 ἓτερον
3298 2684 3468 2756 ὄνομα
3501 2684 3606 2739 ὑπὸ
3636 2684 3731 2738 τὸν

2142 2780 2370 2852 οὐρανὸν
2416 2781 2475 2833 ἐν
2519 2775 2862 2848 ἀνθρώποις,
2898 2778 2956 2829 ἐν
2987 2767 3031 2842 ᾧ
3065 2775 3146 2829 δεῖ
3179 2774 3421 2845 σωθῆναι
3481 2775 3651 2845 ἡμᾶς,
3702 2792 3725 2825 ›

2142 2875 2240 2928 καὶ
2267 2876 2324 2928 ἐν
2368 2871 2516 2943 αὐτῷ
2556 2873 2703 2925 πᾶσα
2744 2868 3018 2939 τελειότης
3055 2868 3122 2921 δι’
3155 2867 3432 2938 ἁγιασμοῦ
3468 2870 3527 2921 ἐν
3562 2867 3728 2921 πνεῠό

2147 2981 2298 3035 ματι.
2322 2962 2400 3015 Δι’
2433 2959 2598 3015 αὐτοῦ
2629 2957 2943 3030 κεκλήμεθα
2975 2958 3110 3029 πρὸς
3140 2958 3229 3012 τὸν
3258 2958 3495 3030 Πατέρα,
3525 2956 3621 3010 καὶ
3649 2956 3731 3019 εῐς

2144 3055 2241 3124 τὴν
2276 3054 2388 3108 ἅνω
2434 3051 2587 3104 πόλιν
2633 3048 3016 3120 ἀναϐησόμεθα
3062 3050 3158 3102 σὴν
3211 3048 3385 3119 αὐτῷ.
3439 3047 3551 3102 Καὶ
3597 3045 3730 3117 γοῦν

2145 3146 2382 3216 ἔφασκεν
2427 3140 2703 3215 ἐναργῶς·
2763 3162 2781 3194 ι
2851 3143 2938 3196 Ἐν
2967 3144 3032 3212 τῇ
3076 3141 3222 3212 οἰκία
3253 3140 3346 3194 τοῦ
3380 3140 3592 3210 Πατρός
3626 3156 3728 3209 μου

2147 3239 2337 3290 πολλαὶ
2372 3236 2529 3305 μοναί
2578 3236 2735 3288 εἰσιν.
2781 3235 2843 3287 ΕΞ
2889 3234 2944 3286 δὲ
2979 3233 3074 3304 μὴ.
3112 3229 3264 3285 εἷπον
3305 3231 3372 3285 ἂν
3418 3233 3578 3302 ὑμῖνο
3627 3232 3741 3285 Ilo-

458 3325 574 3379 iero
599 3336 653 3379 et
678 3344 1054 3397 praepararem
1084 3330 1239 3384 vobis
1282 3331 1502 3393 locum,
1553 3332 1752 3386 iterum
1796 3336 2036 3401 veniam,

2145 3330 2375 3400 ρεύομαι
2420 3327 2706 3398 ἑτοιμάσαι
2754 3325 2916 3379 τόπον
2964 3322 3113 3395 ὑμῖν.
3175 3323 3287 3376 Kal.
3332 3323 3426 3377 ἐὰν
3477 3321 3735 3394 πορευθῶ

456 3424 513 3469 et
532 3418 794 3486 accipiam
827 3435 924 3471 vos
946 3420 1010 3473 ad
1039 3421 1330 3491 meipsnm,
1361 3432 1420 3475 ut
1454 3423 1545 3476 ubi
1574 3440 1675 3494 ego
1693 3441 1834 3489 sum,
1861 3434 1916 3479 et
1944 3443 2041 3483 vos

459 3504 582 3559 sitis
615 3507 678 3559 δ”.
705 3526 721 3555 ›
759 3508 1021 3562 Primitiae
1050 3513 1255 3564 etenim
1290 3520 1347 3565 et
1399 3511 1554 3580 quasi
1610 3512 1857 3567 initiatio
1888 3530 2041 3583 qua:-

459 3596 586 3651 dam
627 3596 986 3653 humanitatis
1027 3602 1310 3670 przecessit
1362 3601 1414 3654 in
1453 3602 1674 3657 omium.
1715 3602 1869 3670 Quod
1909 3620 2041 3659 vero

459 3688 574 3759 ipse
601 3689 970 3759 nosmetipsos
1008 3690 1174 3745 etiam
1227 3690 1359 3745 illuc
1397 3691 1710 3747 inserturus
1756 3694 1847 3758 sit,
1879 3710 2041 3747 neruo

452 3781 577 3850 jure
602 3780 962 3835 dubitaverit.
992 3780 1354 3836 Conﬁrmavit
1382 3781 1529 3837 enim
1565 3798 1667 3838 nos
1709 3784 1763 3838 in
1798 3800 1862 3839 ea
1910 3801 2041 3839 sen-

459 3873 629 3937 tentia
684 3872 775 3928 ille
814 3873 909 3943 qui
961 3874 1188 3928 mentiri
1233 3874 1433 3937 nescit,
1474 3875 1681 3945 quique
1729 3876 1820 3930 tali
1862 3876 2043 3947 dignis

456 3978 684 4016 munere
717 3977 867 4032 spem
895 3971 1103 4016 certam
1138 3962 1288 4016 fecit.
1324 3962 1545 4017 Erimus
1578 3962 1761 4032 itaque
1787 3962 1911 4017 cmli
1953 3962 2039 4015 iu-

455 4054 590 4107 eolze
621 4069 685 4107 ac
720 4054 871 4108 cives
894 4068 994 4107 suo
1028 4061 1297 4124 tempore,
1325 4062 1609 4122 prweunte
1654 4068 1774 4118 nos,
1800 4061 1861 4108 ut
1887 4053 2041 4108 dice-

454 4144 605 4206 liam,
650 4143 909 4208 Christo;
948 4144 1115 4214 idque
1140 4160 1334 4199 verum
1366 4161 1509 4210 esse,
1557 4144 1722 4199 ﬁdem
1755 4145 1919 4200 faciet
1950 4159 2040 4199 sa-

456 4234 838 4303 pientissimus
889 4235 1114 4297 Paulus,
1142 4251 1266 4289 cum
1298 4236 1372 4289 ita
1416 4237 1685 4305 scriptum
1716 4236 2036 4305 reliquerit:

466 4323 627 4375 «Non
665 4326 812 4376 enim
840 4323 897 4376 in
945 4323 1255 4379 manufaeta
1307 4335 1492 4380 sancta
1550 4327 1711 4381 .lesus
1763 4326 2036 4392 introivit,

457 4412 790 4482 exemplaria
822 4429 1101 4477 verorum,
1133 4414 1228 4469 sed
1268 4415 1323 4469 in
1364 4416 1544 4485 ipsum
1570 4416 1793 4480 coelum,
1831 4424 1894 4471 ut
1937 4434 2037 4488 ap-

462 4513 649 4573 pareat
694 4520 843 4560 nunc
867 4504 1042 4560 vultui
1078 4507 1175 4560 Dei
1216 4521 1318 4576 pro
1346 4507 1509 4563 nobis
1543 4507 1607 4561 “.
1635 4526 1654 4559 ι
1700 4508 1827 4562 Fuit
1864 4508 2035 4573 enim,

459 4603 562 4655 est,
592 4596 808 4665 eritque
841 4597 985 4652 Deus
1008 4608 1205 4653 natura
1239 4599 1512 4655 exsistcns
1549 4616 1675 4654 eum
1704 4600 1865 4655 Patre
1911 4616 2034 4666 suo,

2144 3421 2424 3490 ἑτοιμάσαι
2458 3419 2618 3472 τόπον
2669 3419 2815 3487 ὑμῖν,
2856 3416 3016 3470 πάλιν
3050 3416 3301 3489 ἔρχομαι,
3346 3415 3442 3469 xui.
3477 3414 3732 3486 παραλή-

2141 3514 2312 3583 ψομαι
2344 3512 2486 3581 ὑμᾶς
2535 3511 2668 3580 πρὸς
2714 3507 2972 3578 ἐμαυτὸν,
3003 3507 3089 3560 ἵνα
3118 3508 3252 3559 ὅπου
3303 3505 3421 3578 εἰμὶ
3469 3504 3598 3575 ἐγὼ,
3634 3505 3736 3559 καῖ

2144 3606 2301 3674 ὑμεῖς
2329 3600 2448 3674 ἦτε.
2487 3623 2504 3655 ι
2539 3601 2871 3674 Πριοτόλειον
2905 3600 3003 3671 μὲν
3029 3601 3137 3670 γὰρ
3164 3599 3259 3653 καὶ
3287 3593 3376 3653 οἷὰ
3400 3616 3482 3662 τις
3504 3598 3737 3671 ἀπαρχὴ

2143 3696 2242 3765 τῆς
2295 3694 2712 3766 ἁνθρωπότητος
2768 3692 3150 3765 προσὲφρησεν
3204 3693 3285 3755 εἰς
3330 3690 3422 3744 τὸν
3478 3693 3733 3763 οὐρανόν.

2157 3786 2505 3856 Ἀνακομίσει
2544 3786 2599 3839 δὲ
2629 3788 2709 3838 ὅτι
2737 3785 2832 3837 καὶ
2864 3784 3010 3854 ἡμᾶς
3042 3784 3267 3846 αὐτοὺς,
3302 3784 3402 3835 οὐκ
3429 3783 3494 3837 ἂν
3527 3782 3741 3836 ἐνδοιά-

2146 3875 2258 3928 σειέ
2294 3892 2394 3938 τις.
2446 3875 2702 3946 Ἐμπεδοῖ
2727 3874 2835 3945 γὰρ
2867 3875 2947 3937 εἰς
2979 3871 3136 3926 τοῦτο
3173 3872 3202 3924 ὁ
3226 3871 3517 3942 ψεύδεσθαι
3548 3871 3620 3943 μὴ
3654 3874 3743 3926 εε-

2144 3964 2269 4028 δὼς,
2308 3966 2401 4019 καὶ
2428 3969 2540 4029 τοῖς
2570 3965 2663 4018 τοῦ
2698 3968 2880 4036 τυχεῖν
2906 3964 3077 4029 ἀξίοις
3104 3962 3200 4035 τὴν
3226 3964 3416 4018 ἐλπίδα
3450 3963 3739 4035 προσθείς,

2156 4056 2422 4125 Ἐσόμεθα
2454 4057 2567 4128 γὰρ
2592 4055 2821 4126 οὐρανοῦ
2858 4055 3073 4108 πολῖται
3116 4053 3257 4108 κατά
3302 4056 3547 4125 καιροὺς,
3589 4070 3738 4124 προ-

2145 4149 2608 4217 αναιροιτήσαντος
2637 4145 2818 4216 ἡμῶν,
2850 4145 2924 4208 ὡς
2956 4145 3113 4216 ἔφην,
3146 4144 3406 4216 Χριστοῦ,
3426 4143 3741 4215 καὶάληθές

2142 4242 2223 4295 ὅτι
2260 4240 2447 4312 χρῆμά
2474 4242 2589 4293 ἐστι
2624 4238 2958 4291 πιστώσεται
2988 4241 3015 4290 ὁ
3049 4237 3360 4306 σοφώτατος
3390 4232 3600 4300 Παῦλος
3632 4236 3740 4291 ὡδὶ

2142 4331 2467 4401 γεγραφώς
2504 4349 2521 4382 ι
2561 4330 2635 4382 Οὐ
2667 4329 2772 4402 γὰρ
2803 4331 2880 4392 εἰς
2904 4328 3259 4400 χειροποίητα
3287 4329 3453 4396 ’Ἅγια
3482 4327 3738 4397 εἰσῆλθεν

2142 4422 2170 4473 ὁ
2206 4419 2461 4492 Χριστὸς,
2502 4418 2773 4472 ἀντίτυπα
2821 4416 2928 4470 τῶν
2978 4416 3269 4486 ἀληθινῶν,
3305 4415 3418 4470 ἀλλ’
3454 4418 3534 4480 εἰς
3567 4417 3738 4470 αὑτὸν

2141 4512 2231 4567 τὸν
2259 4510 2485 4582 οὐρανὸν
2510 4510 2604 4563 νῦν
2634 4507 3034 4579 ἐμφανισθῆναι
3064 4507 3142 4579 τῷ
3167 4507 3446 4581 προσώπῳ
3471 4508 3564 4561 τοῦ
3592 4506 3738 4562 Θεοῦ

2145 4603 2287 4675 ὑπὲρ
2316 4600 2491 4674 ἡμῶν.
2533 4621 2550 4653 ι
2582 4597 2691 4654 Ἦν
2724 4599 2822 4670 μὲν
2852 4598 2980 4670 γὰρ,
3006 4601 3100 4653 καὶ
3128 4599 3265 4657 ἔστι.
3299 4599 3390 4653 καὶ
3420 4599 3571 4652 ἔσται
3595 4597 3738 4664 Θεὸς

2691 4689 2718 4702 η

464 4687 516 4740 in
541 4687 715 4740 forma
735 4688 1034 4744 Gcnitoris.
1053 4691 1159 4744 Pro
1172 4691 1333 4746 nobis
1353 4705 1487 4745 vero
1516 4699 1764 4761 apparet,
1781 4692 1906 4761 quia
1937 4691 2039 4745 bo-

2145 4693 2220 4747 ὣν
2242 4663 2421 4762 ᾠοεὲὲι,
2458 4691 2599 4761 μετὰ
2625 4663 2883 4745 τοῦ-ἔδεον
2915 4663 3129 4760 Πατρὸς
3158 4691 3252 4744 καὶ
3286 4693 3342 4743 ἐν
3370 4690 3488 4760 ὄψει
3517 4689 3608 4742 τοῦ
3634 4707 3734 4757 γε·-

462 4796 551 4833 ιιιο
587 4779 764 4835 factus
795 4790 898 4844 est,
937 4789 999 4836 ut
1023 4790 1079 4836 et
1098 4797 1200 4837 nos
1227 4783 1323 4853 qui
1351 4799 1382 4837 a
1409 4783 1588 4837 Patris
1614 4781 1790 4838 oculis
1820 4783 2044 4839 abducti

461 4886 652 4930 sumus
684 4888 784 4942 per
814 4871 1009 4927 Adami
1046 4872 1264 4943 lapsum
1293 4913 1308 4938 ,
1340 4872 1664 4944 peccatique
1716 4871 2047 4929 dominatio-

462 4974 619 5027 nem,
674 4979 895 5018 rursum
952 4965 1276 5034 conspectui
1314 4965 1432 5035 ejus
1481 4980 1580 5035 per
1624 4964 1907 5019 Christum
1958 4965 2043 5019 of-

464 5050 709 5106 feramur
752 5054 831 5108 uti
858 5055 911 5108 in
942 5055 1240 5125 principio,
1267 5056 1335 5111 iis
1372 5057 1467 5125 qui
1518 5072 1661 5126 pone
1690 5057 1953 5111 subibant
1986 5056 2044 5110 in

462 5143 697 5199 nihilum
725 5145 1075 5203 abeuntibus.
1114 5148 1279 5220 326
1304 5148 1494 5204 Vocati
1529 5151 1715 5220 itaque
1742 5151 1799 5206 in
1822 5148 2044 5205 Christo

462 5253 674 5305 sumus,
712 5249 768 5295 et
792 5240 846 5294 in
872 5256 1168 5311 supernam
1204 5242 1510 5309 civitatem,
1545 5243 1658 5298 imo
1687 5243 1783 5314 qui
1809 5242 1875 5297 ad
1911 5258 2046 5297 con-

461 5340 710 5398 spectum
741 5331 836 5387 Dei
861 5341 917 5387 et
944 5332 1124 5388 Patris
1160 5333 1518 5390 admittamur
1540 5349 1732 5390 sumus
1766 5333 1915 5404 digni
1948 5333 2048 5387 ha-

464 5421 585 5485 Ititi,
614 5440 678 5479 ac
708 5439 807 5493 per
838 5426 1016 5495 ipsum
1052 5435 1107 5481 et
1135 5427 1189 5480 in
1221 5427 1341 5496 ipso
1380 5427 1614 5482 adorare
1640 5427 1888 5482 universi
1912 5442 2048 5481 con-

463 5508 701 5565 ditorem
735 5513 907 5568 Deum
936 5515 1156 5570 Patrem
1181 5515 1365 5571 cdocti
1394 5532 1604 5572 sumus.
1656 5518 1713 5571 Id
1743 5533 1878 5572 vero
1923 5533 2047 5571 rur-

465 5614 584 5653 sum
616 5603 731 5670 ipsa
767 5606 849 5658 lex
881 5623 979 5675 per
1003 5607 1230 5675 ﬁguram
1274 5608 1433 5663 nobis
1464 5609 1645 5663 innuit
1695 5619 1749 5663 et
1777 5607 2041 5678 praedicit.

464 5687 729 5746 Ascendit
775 5696 921 5750 enim
963 5697 1017 5750 in
1070 5697 1242 5751 forma
1297 5698 1440 5767 ignis
1489 5700 1734 5754 ouminm
1789 5700 1934 5755 Deus
1991 5700 2046 5753 in

542 5805 586 5834 ’⁷
622 5804 794 5861 Exod.
822 5826 928 5875 λιιι,
954 5811 1044 5866 23.
1123 5812 1167 5844 ³³
1197 5813 1363 5868 Hebr.
1394 5833 1484 5885 vn,
1524 5817 1603 5870 19.

2142 4784 2486 4857 γεννηκότος.
2535 4781 2926 4854 Ἐμφανίζεται
2956 4783 3012 4835 δὲ
3043 4782 3184 4853 ὑπὲρ
3225 4781 3415 4852 ἡμῶν,
3457 4781 3739 4861 ὃτιαγέγο-

2142 4895 2231 4932 νεν
2274 4877 2593 4949 ἄνθρωπος,
2634 4876 2719 4928 ἵνα
2763 4875 2855 4929 καὶ
2889 4875 3074 4945 ἡμεῖς.
3121 4876 3168 4927 οἱ
3216 4875 3325 4927 τῶν
3371 4874 3466 4928 τοῦ
3494 4870 3737 4947 ’Πατρός

2142 4969 2407 5040 ὀμμάτων
2446 4966 2829 5039 ἐξερριμμένοι
2869 4966 2958 5020 διά
2993 4982 3053 5018 τε
3101 4966 3197 5037 τὴν
3253 4968 3310 5020 ἐν
3354 4966 3525 5037 Ἀδὰμ
3554 4969 3740 5039 παρα-

2144 5062 2337 5125 ϐασιν,
2375 5059 2470 5113 καὶ
2509 5058 2607 5128 τὴν
2654 5057 2775 5111 καθ’
2810 5059 3400 5130 ἡμᾶς’τυραννήσασαν
3433 5059 3736 5133 ἁμαρτίαν,

2145 5155 2200 5206 ὲν
2235 5151 2357 5221 Mat
2389 5149 2676 5221 γενώμεθα
2721 5148 2885 5204 πάλιν
2910 5148 3073 5202 αὑτοῦ
3095 5189 3110 5213 ,
3147 5147 3236 5202 διὰ
3266 5149 3506 5220 Χριστοῦ
3538 5166 3596 5203 τε
3638 5150 3738 5203 καὶ

2145 5245 2224 5306 εἰς
2254 5241 2314 5295 τδ
2347 5244 2404 5295 ἐν
2434 5242 2651 5313 ἀρχαῖς,
2683 5239 2791 5293 τῶν
2826 5237 3028 5310 μεταξὺ
3066 5238 3617 5310 παρεισϐεὸηκότων,
3652 5242 3738 5293 ol-

2146 5335 2388 5404 χομένων
2420 5334 2499 5397 εἰς
2523 5333 2581 5387 τὸ
2614 5331 2801 5404 μηδὲν.
2831 5331 3165 5400 Κεκλήμεθα
3188 5325 3279 5384 οῦν
3307 5332 3370 5401 δὴ
3396 5334 3455 5384 ἐν
3487 5331 3735 5402 Χριστῷ,

2148 5428 2241 5479 καὶ
2271 5428 2349 5489 εἰς
2375 5426 2475 5495 τὴν
2505 5425 2616 5479 ἄνω
2661 5421 2812 5476 πόλιν
2832 5462 2846 5487 ,
2877 5421 2971 5476 καὶ
2997 5422 3097 5492 τῆς
3138 5421 3285 5494 παρὰ
3317 5422 3453 5476 Θεοῦ
3497 5425 3593 5477 καὶ
3623 5425 3743 5477 Παο

2153 5518 2279 5587 τρὸς
2313 5516 2576 5579 ἐποπτίας
2602 5512 2922 5585 ἁξιούμεθα,
2956 5513 3049 5566 καὶ
3079 5512 3148 5565 δι’
3172 5512 3335 5566 αὐτοῦ
3371 5513 3463 5566 καὶ
3492 5516 3553 5566 ἐν
3586 5513 3742 5583 αὐτῷ

2153 5607 2510 5678 δεδιδάγμεθα
2543 5607 2864 5675 προσκυνεῖν
2897 5604 2988 5658 τὸν
3032 5603 3139 5657 τῶν
3171 5604 3305 5658 ὅλων
3350 5605 3742 5675 γενεσιουργόν

2154 5717 2210 5752 τε
2237 5694 2327 5753 καὶ
2358 5698 2574 5768 Πατέρα
2602 5697 2756 5751 Θεόν.
2784 5692 3162 5767 Προανεψὼνει
3185 5693 3238 5748 δὲ
3266 5693 3359 5773 καὶ
3386 5694 3547 5750 τοῦτο
3575 5694 3743 5748 πάλιν

1687 5818 1730 5849 ’τ’
1772 5817 1890 5872 Act.
1922 5833 1990 5888 tv,
2028 5817 2111 5870 12.
2191 5817 2408 5872 ’“Joan.
2446 5832 2551 5883 λιν,
2583 5814 2638 5881 9.,
2664 5812 2715 5866 ’5.
2799 5812 2836 5841 ³¹
2873 5810 3038 5866 Hebr.
3078 5823 3149 5872 Ix,
3182 5805 3265 5862 24.
