4066 6282
328 355 431 422 M3

1328 351 1849 410 GLAPIIYRORUH
1888 350 1953 406 IN
1996 348 2281 405 EXODUM
2320 349 2448 405 LIB.
2491 348 2574 405 III.

3475 349 3579 407 εῑι

327 469 456 538 ἡμῖν
487 467 516 519 ό
554 466 714 536 νόμος
760 464 1189 536 αἰνιγματωδῶς.
1239 464 1631 534 Καταϐέϐηκεν
1671 463 1769 534 μὲν
1800 464 1908 532 γὰρ

2015 473 2260 518 montem
2297 460 2471 525 Sinai,
2503 461 2766 517 lsraelitis
2794 462 3017 517 tradens
3037 475 3101 516 ea
3121 476 3219 532 per
3240 476 3360 532 qua:
3383 464 3448 516 ad
3465 465 3583 518 ori-

328 560 385 612 ἒν
404 558 532 611 εἴδει
560 556 730 627 πυρὸς
755 558 783 609 ὁ
810 557 917 610 τῶν
948 556 1082 610 ὅλων
1107 554 1240 619 Θεδς
1274 557 1366 608 ἐπὶ
1392 555 1452 608 τὸ
1481 555 1608 626 ὅρος
1644 555 1705 607 τὸ
1740 555 1870 607 Σινᾶ
1888 571 1900 584 ·

330 647 732 718 θεσμοθετήσας
763 646 820 700 δὲ
854 648 966 712 τοῖς
990 646 1050 711 ἐξ
1094 646 1312 719 Ἰσραὴλ
1345 645 1414 699 τὰ
1448 646 1517 699 δι’
1547 640 1622 699 ὧν
1664 641 1731 714 ἦν
1762 642 1907 707 εἰκὸς

330 740 408 802 είς
437 738 610 808 ἀρχὰς
642 737 777 790 ἰέναι
808 737 1176 806 δικαιοσύνης.
1212 736 1547 808 Προεισϐολὴ
1576 735 1683 807 γὰρ
1717 735 1905 806 ὥσπερ

327 831 357 883 ὁ
400 830 565 900 νόμος
604 828 713 882 τῶν
745 829 1129 899 τελειοτέρων,
1168 829 1408 899 στοιχεῖά
1439 845 1500 880 τε
1529 830 1624 882 καὶ
1671 826 1908 896 προαγό-

330 936 523 989 ρευσις,
547 919 657 972 τῶν
688 918 775 972 διὰ
818 918 1054 988 Χριστοῦ
1090 917 1496 985 παιδευμάτων.
1546 918 1655 970 Καὶ
1695 918 1905 987 Μωσῇ,

330 1010 524 1078 φησὶν,
556 1005 738 1063 εἶπεν·
790 1028 808 1061 ι
870 1008 1129 1079 ’Δνάϐηθι
1172 1008 1310 1079 πρὸς
1358 1007 1449 1061 τὸν
1491 1007 1658 1071 Θεὸν,
1709 1009 1774 1061 σὺ
1813 1006 1908 1059 καὶ

341 1098 546 1170 Ἀαρὼν
564 1140 580 1165 ,
618 1101 714 1153 καὶ
747 1099 934 1154 Ναδὰϐ
954 1141 969 1166 ,
1000 1101 1095 1153 καὶ
1134 1098 1347 1155 Ἀϐιοὺδ
1373 1139 1389 1162 ,
1415 1099 1513 1152 καὶ
1538 1098 1908 1169 ἑϐδομήκοντα

327 1190 433 1243 τῶν
461 1190 847 1261 πρεσϐυτέρων
895 1191 1146 1263 Ἰσραὴλ,
1189 1192 1287 1245 καὶ
1315 1192 1755 1261 προσκυνήσουσι
1798 1206 1907 1259 μα·

328 1283 517 1354 κρόθεν
562 1282 642 1353 τῷ
696 1283 906 1354 Κυρίῳ.
959 1283 1069 1336 Kal.
1114 1284 1290 1350 ἐγγιεῖ
1322 1281 1529 1352 Μωσῆς
1577 1281 1737 1351 μόνος
1771 1280 1908 1350 πρὸς

326 1374 412 1428 τὸν
441 1373 596 1427 Θεόν.
626 1373 792 1426 Αὑτοὶ
816 1372 874 1426 δὲ
904 1373 1005 1425 οὐκ
1039 1373 1335 1441 ὲγγιοῦσιν.
1368 1373 1427 1424 '0
1454 1371 1510 1424 δὲ
1531 1370 1660 1434 λαὸς
1687 1372 1749 1423 οὑ
1780 1386 1907 1423 συν·

326 1467 660 1537 αναϐήσεται
716 1465 832 1535 μετ’
870 1464 1070 1518 αὐτῶν.
1109 1483 1127 1515 ι
1178 1462 1611 1532 Ἀπηγγελκότος
1647 1461 1706 1514 δὲ
1738 1458 1909 1515 ταῦτα

327 1559 421 1612 τοῦ
464 1557 745 1626 πανσόφου
788 1557 1063 1621 Μωσέως,
1110 1556 1385 1625 ἀπεκρίθη
1435 1556 1542 1617 πᾶς
1580 1552 1708 1616 λαὸς
1755 1552 1907 1623 φωνῇ

332 1649 545 1719 μεγάλῃ
570 1648 819 1713 λέγοντες
839 1662 852 1674 ·
890 1666 907 1698 ι
937 1646 1150 1709 Πάντας
1180 1648 1304 1709 τοὺς
1328 1646 1519 1712 λόγους
1560 1644 1651 1707 οὓς
1679 1644 1907 1713 ἐλάλησε

333 1739 561 1807 Κύριος,
598 1739 919 1806 ποιήσομεν,
952 1737 1045 1789 καὶ
1072 1735 1437 1805 ἀκουσόμεθα.
1480 1754 1498 1786 ι
1532 1734 1646 1788 Καὶ
1683 1734 1735 1786 τί
1771 1731 1911 1803 μετὰ

2008 555 2244 626 ginalem
2267 554 2539 626 justitiam
2577 554 2915 610 contendere
2958 569 3058 624 par
3091 564 3227 609 erat.
3276 553 3385 608 Lex
3433 554 3583 610 enim

2007 647 2180 703 veluti
2207 644 2458 716 quaedam
2488 647 2814 716 praegressio
2863 656 2948 702 est
2994 645 3407 716 perfectiorum,
3437 647 3586 703 rudi-

2007 750 2302 810 mentaque
2366 748 2421 795 et
2476 740 2766 809 praedictio
2829 741 3097 797 doctrina:
3160 742 3386 796 Christi.
3446 742 3585 797 Mosi

2007 834 2154 888 enim
2178 831 2356 887 dixit:
2392 850 2411 883 ι
2434 826 2684 887 Ascende
2711 833 2780 886 ad
2818 832 3134 898 Dominum,
3177 840 3234 886 tu
3271 840 3328 886 et
3380 832 3583 898 Aaron,

2006 933 2064 978 et
2083 922 2294 987 Nadab,
2342 930 2398 976 et
2425 920 2635 985 Abiud,
2685 929 2742 975 et
2765 922 3117 991 septuaginta
3157 922 3225 977 de
3274 923 3589 978 senioribus

2008 1013 2176 1069 Israel
2207 1031 2221 1066 :
2261 1022 2318 1067 et
2337 1012 2651 1067 adorabunt
2679 1012 2901 1067 eminus
2934 1011 3250 1065 Dominum.
3291 1012 3359 1065 Et
3384 1027 3586 1081 appro-

2008 1104 2300 1175 pinquabit
2343 1104 2495 1159 solus
2533 1104 2712 1159 Moses
2755 1103 2826 1158 ad
2873 1104 3068 1158 Deum.
3105 1104 3212 1174 Ipsi
3246 1112 3430 1157 autem
3478 1120 3586 1157 non

2008 1197 2555 1266 appropinquabunt.
2588 1196 2659 1250 At
2686 1195 2923 1265 populus
2952 1210 3063 1250 non
3115 1195 3278 1250 simul
3331 1196 3592 1250 ascendet

2009 1300 2136 1340 cum
2164 1285 2268 1340 eis.
2298 1304 2316 1345 ρ
2357 1286 2630 1340 Narrante
2654 1300 2791 1341 vero
2809 1284 2926 1339 haec
2951 1284 3360 1354 sapientissimo
3384 1284 3588 1354 Moyse,

2010 1375 2298 1445 respondit
2347 1377 2529 1438 omnis
2587 1377 2827 1446 populus
2881 1391 3015 1430 voce
3076 1391 3303 1445 magna,
3353 1376 3587 1429 dicens:

2016 1484 2035 1517 ι
2057 1464 2264 1520 Omnes
2285 1480 2569 1521 sermones
2614 1482 2755 1536 quos
2803 1466 3022 1521 locutus
3055 1474 3141 1520 est
3193 1466 3479 1530 Dominus,
3510 1467 3588 1519 fa-

2009 1558 2219 1611 ciemus
2241 1564 2299 1611 et
2329 1557 2637 1612 audiemus.
2664 1577 2683 1609 ι
2722 1557 2831 1613 Sed
2865 1558 2997 1627 quid
3032 1560 3253 1627 postea?
3285 1580 3302 1609 ι
3326 1560 3578 1630 Scripsit,

2010 1648 2211 1718 inquit,
2252 1649 2430 1704 Moses
2464 1650 2647 1705 omnia
2681 1650 2868 1704 verba.
2902 1651 3146 1719 Surgens
3181 1665 3367 1707 autem
3410 1654 3584 1708 aedili-

2011 1735 2158 1789 cavit
2176 1736 2349 1792 altare
2389 1737 2493 1791 sub
2516 1746 2724 1801 monte,
2748 1746 2804 1792 et
2828 1737 3118 1793 duodecim
3140 1740 3349 1810 lapides
3378 1743 3430 1796 in
3454 1744 3589 1797 duo-

335 1829 530 1892 τοῦτο;
563 1829 672 1881 Καὶ
708 1828 936 1898 ἔγραψε,
967 1830 1122 1897 φησὶ,
1157 1829 1360 1895 Μωσῆς
1390 1826 1568 1878 πάντα
1589 1824 1658 1877 τὰ
1689 1826 1907 1895 ῥήματα

2015 1825 2196 1880 decim
2246 1827 2427 1882 tribus
2481 1826 2673 1882 Israel.
2736 1828 2805 1882 Et
2858 1829 3011 1883 misit
3067 1831 3302 1900 juvenes
3352 1832 3590 1887 ﬁliorum

337 1919 567 1990 Κυρίου.
619 1919 909 1989 Ὀρθρίσας
953 1919 1009 1971 δὲ
1040 1919 1241 1988 Μωσῆς
1275 1918 1336 1971 τὸ
1375 1915 1542 1986 πρωῒ,
1594 1916 1910 1985 ᾠκοδόμησε

339 2008 721 2079 θυσιαστήριον
756 2011 848 2062 ἐπὶ
867 2010 928 2061 τὸ
955 2010 1111 2081 ὅρος,
1145 2011 1237 2063 καὶ
1269 2007 1476 2061 δώδεκα
1509 2007 1684 2069 λίθους
1718 2008 1794 2069 είς
1816 2007 1913 2079 τᾲς

332 2100 542 2153 δώδεκα
583 2101 756 2168 φυλὰς
794 2100 889 2153 τοῦ
940 2100 1176 2171 Ἰσραήλ.
1238 2101 1347 2153 Καὶ
1392 2097 1738 2165 ἐξαπέστειλε
1790 2097 1912 2160 τοὺς

331 2194 650 2255 νεανίσκους
671 2193 781 2246 τῶν
804 2193 938 2247 υίῶν
976 2192 1192 2264 Ἰσραὴλ
1210 2230 1223 2254 ,
1249 2193 1344 2245 καὶ
1369 2193 1673 2260 ἀνήνεγκαν
1692 2190 1914 2242 ὁλοκαυ-

327 2285 585 2353 τώματα,
644 2285 738 2337 καὶ
788 2280 989 2336 ἔθυσαν
1047 2284 1233 2337 θυσίαν
1280 2284 1547 2353 σωτηρίου
1601 2282 1788 2351 Κυρίῳ
1834 2280 1913 2350 τῷ

328 2375 466 2444 Θεῷ,
494 2375 784 2444 μοσχάρια.
810 2373 1009 2427 Λαϐὼν
1035 2373 1090 2425 δὲ
1118 2374 1322 2442 Μωσῆς
1347 2374 1407 2426 τὸ
1426 2376 1594 2443 ἥμισυ
1620 2374 1712 2427 τοῦ
1744 2373 1910 2443 αἷμα-

327 2481 417 2527 τος
450 2464 663 2533 ἐνέχεεν
706 2465 785 2526 είς
817 2463 910 2515 τὸν
941 2462 1189 2533 κρατῆρα
1208 2476 1220 2489 ⁸
1249 2463 1310 2514 τὸ
1337 2462 1391 2515 δὲ
1421 2464 1591 2532 ἥμισυ
1621 2464 1715 2515 τοῦ
1747 2464 1913 2532 αἷμα-

328 2572 417 2618 τος
449 2554 713 2626 προσέχεε
758 2555 895 2624 πρὸς
942 2555 1005 2607 τὸ
1040 2555 1439 2625 θυσιαστήριον.
1488 2556 1596 2607 Καὶ
1628 2554 1806 2606 λαϐὼν
1852 2554 1914 2606 τὺ

332 2646 534 2716 βιϐλίον
562 2648 661 2717 τῆς
685 2647 975 2716 διαθήκης,
1015 2648 1222 2713 ἀνέγνω
1244 2648 1323 2708 εἱς
1364 2646 1433 2698 τὰ
1466 2640 1580 2697 ὦτα
1615 2645 1708 2698 τοῦ
1736 2643 1869 2696 λαοῦ
1896 2657 1911 2673 ⁸

266 2767 270 2770 ~
329 2739 421 2791 καὶ
465 2732 660 2790 εἶπαν·
704 2738 888 2790 Πάντα
934 2740 1033 2791 ὅσα
1071 2737 1333 2807 ἐλάλησεν
1370 2740 1399 2790 ὁ
1438 2738 1641 2807 Κύριος
1690 2736 1913 2804 ποιήσο-

332 2845 431 2898 μεν
465 2829 559 2882 καὶ
590 2828 961 2899 ἀκουσόμεθα.
996 2828 1191 2882 Λαϐὼν
1217 2828 1275 2881 δὲ
1308 2827 1514 2898 Μωσῆς
1552 2828 1612 2880 τὸ
1647 2821 1786 2896 αἷμα
1814 2842 1914 2877 κα-

328 2920 657 2975 τεσκέδασεν
699 2921 795 2974 τοῦ
829 2921 982 2985 λαοῦ,
1016 2921 1110 2975 καὶ
1138 2915 1323 2973 εἶπεν·
1368 2919 1496 2972 ἰδοὺ
1539 2919 1601 2971 τδ
1650 2914 1788 2986 αἷμα
1818 2918 1915 2986 τῆς

329 3010 621 3081 διαθήκης,
650 3007 719 3083 ἦς
742 3010 947 3064 διέθετο
967 3011 1175 3081 Κύριος
1204 3009 1342 3081 πρὸς
1365 3010 1509 3079 ὑμᾶς
1538 3009 1668 3078 περὶ
1699 3008 1916 3060 πάντων

329 3105 634 3173 τῶνλόγων
661 3104 884 3159 τούτων.
937 3101 1466 3195 Ἐκπεπερασμένης
1493 3099 1548 3152 δὲ
1570 3100 1669 3168 τῆς
1703 3097 1912 3195 θυσίας,
1943 3138 1985 3195 c

312 3196 424 3249 »καὶ
448 3194 853 3265 κατερραμένου
884 3192 1082 3255 παντὸς
1108 3190 1204 3244 τοῦ
1229 3189 1357 3245 λαοῦ
1398 3188 1476 3260 τῷ
1513 3189 1612 3260 τῆς
1649 3188 1911 3259 διαθήκης

330 3286 542 3358 αἵματι,
573 3285 739 3356 ἀνέϐη
781 3286 858 3348 δὲ,
895 3284 1083 3354 φησὶν,
1118 3285 1147 3336 ὀ
1184 3280 1388 3351 Μωσῆς
1423 3281 1515 3333 καὶ
1558 3278 1788 3350 ’Λαρὼν,
1820 3280 1913 3333 καὶ

331 3377 541 3442 Nabim,
568 3377 665 3431 καὶ
705 3377 919 3430 Ἀσιοὺδ
941 3413 957 3440 ,
987 3375 1083 3429 καὶ
1108 3372 1477 3445 ἑϐδομήκοντα
1505 3372 1602 3442 τῆς
1625 3371 1912 3442 γερουσίας

329 3467 425 3522 τοῦ
460 3468 589 3521 λαοῦ
632 3467 881 3539 Ἰσραὴλ,
914 3467 1009 3521 καὶ
1045 3462 1182 3519 εἶδον
1207 3464 1299 3517 τὸν
1327 3463 1492 3516 τόπον
1521 3454 1582 3516 οὗ
1610 3462 1848 3532 εἱστήκει
1883 3463 1912 3515 ό

326 3561 462 3624 Θεὸς
484 3561 579 3614 τοῦ
617 3559 833 3631 Ἰσραὴλ
850 3599 864 3624 ,
892 3558 990 3612 καὶ
1012 3558 1080 3611 τὰ
1097 3556 1202 3609 ὑπὸ
1225 3555 1352 3619 τοὺς
1375 3554 1539 3618 πόδας
1560 3554 1724 3608 αὐτοῦ
1740 3594 1754 3619 ,
1779 3552 1911 3606 ὡσεὶ

328 3653 492 3724 ἔργον
522 3652 742 3705 πλίνθου
784 3651 1109 3721 σαπφείρου,
1142 3648 1237 3703 καὶ
1267 3648 1453 3719 ὥσπερ
1501 3638 1636 3707 εἶδος
1681 3643 1911 3715 στερεώ-

332 3760 503 3813 ματος
517 3742 612 3796 τοῦ
636 3740 864 3813 οὐρανοῦ
886 3744 952 3812 τῇ
978 3740 1328 3810 καθαρότητι.
1355 3739 1464 3793 Καὶ
1483 3737 1589 3791 τῶν
1611 3736 1910 3789 ἐπιλέκτων

330 3834 426 3888 τοῦ
463 3835 681 3904 Ἰσραὴλ
705 3836 765 3887 οὐ
798 3833 1130 3902 διεφώνησεν
1156 3831 1276 3884 οὐδὲ
1301 3826 1539 3893 εἷςρΚαὶ
1569 3827 1828 3899 ὤφθησαν
1854 3828 1910 3877 ὲν

328 3927 408 3997 τῷ
434 3927 589 3997 τόπῳ
614 3927 708 3980 τοῦ
736 3926 872 3979 Ε)εοῦ
894 3966 907 3989 ,
938 3926 1030 3978 καὶ
1050 3924 1252 3994 εφαγον
1292 3924 1386 3975 xar‘t
1414 3921 1587 3974 ἔπιον.
1621 3939 1640 3972 ι
1672 3920 1808 3990 Φέρε
1845 3918 1910 3987 δὴ

328 4016 448 4082 οὖν,
473 4020 609 4089 φέρε
647 4018 733 4086 ἐφ’
770 4019 987 4086 ἑκάστῳ
1014 4015 1125 4069 τῶν
1157 4010 1586 4080 ἀνεγνωσμένων
1620 4010 1691 4062 τὰ
1725 4008 1912 4060 εἰκότα

330 4113 601 4180 λέγωμεν,
629 4112 723 4162 καὶ
746 4112 843 4179 τῆς
865 4109 973 4161 τῶν
996 4105 1367 4178 προκειμένων
1391 4101 1598 4164 ἐννοίας
1622 4099 1911 4171 ἀρχόμενοι

330 4205 453 4257 κατ’
474 4203 635 4269 εὐθὺ,
663 4203 730 4255 τὰ
756 4204 835 4265 εἰς
865 4202 1008 4271 ἡμᾶς
1034 4199 1294 4268 γεγονότα
1331 4194 1482 4264 παρὰ
1509 4192 1763 4264 Χριστοῦ.
1801 4192 1915 4245 Κα-

331 4295 511 4365 θάπερ
538 4296 599 4347 ιν
645 4293 835 4347 πίνακι
877 4289 1381 4360 καταγεγραμμένα
1416 4285 1700 4356 βλέπωμεν
1745 4284 1802 4335 ὲν
1846 4286 1911 4353 τῇ

332 4384 678 4455 θεοπνεύστῳ
719 4384 906 4454 Γραφῇ
926 4420 942 4443 ,
972 4382 1067 4436 καὶ
1098 4383 1195 4452 τὴν
1234 4381 1346 4434 ἀνω
1382 4395 1442 4431 τε
1481 4379 1573 4431 καὶ
1602 4378 1658 4429 ὲν
1683 4379 1795 4440 τοῖς
1825 4377 1914 4429 οὐ-

2014 1917 2204 1981 Israel,
2236 1925 2293 1972 et
2313 1918 2637 1973 obtulerunt
2658 1919 3002 1985 holocausta,
3048 1930 3105 1975 et
3143 1923 3593 1977 sacriﬁcaverunt

2012 2008 2292 2063 victimam
2362 2010 2556 2065 salutis
2601 2011 2835 2066 Domino
2879 2011 3014 2076 Deo,
3058 2012 3283 2068 vitulos.
3306 2013 3596 2083 Accipiens

2014 2108 2200 2155 autem
2238 2100 2416 2156 Moses
2463 2100 2754 2156 dimidium
2804 2103 3086 2172 sanguinis
3137 2103 3343 2158 infudit
3377 2105 3434 2158 in
3470 2120 3595 2158 era-

2015 2201 2210 2257 terem,
2241 2201 2298 2246 et
2329 2192 2622 2247 dimidium
2663 2194 2947 2263 sanguinis
2979 2210 3148 2263 super
3173 2195 3364 2251 altare.
3408 2194 3476 2249 Et
3501 2211 3596 2249 ac-

2014 2283 2226 2352 cipiens
2247 2284 2451 2338 librum
2489 2284 2846 2349 Testaiuenti,
2901 2284 3035 2356 legit
3061 2286 3120 2339 in
3149 2301 3315 2340 aures
3378 2286 3594 2355 populi,

2013 2375 2109 2444 qui
2135 2374 2307 2430 dixit:
2334 2374 2529 2430 Omnia
2553 2390 2677 2445 qua:
2726 2376 2947 2431 locutus
2990 2386 3077 2433 est
3120 2377 3386 2432 Dominus
3428 2377 3596 2431 faeie-

2014 2480 2160 2530 nus,
2196 2473 2255 2521 et
2306 2465 2633 2521 obediemus
2687 2466 2761 2520 ei.
2822 2466 3116 2536 Accipiens
3173 2476 3363 2523 autem
3422 2468 3598 2522 Moses

2014 2556 2339 2626 sanguinem
2378 2557 2616 2626 aspersit
2656 2558 2943 2627 populum,
2972 2566 3028 2612 et
3074 2558 3252 2613 dixit:
3288 2560 3430 2615 Ecce
3467 2574 3597 2613 san-

2014 2647 2139 2716 guis
2169 2647 2396 2703 hederis
2417 2649 2564 2719 quod
2605 2648 2881 2718 disposuit
2908 2650 3174 2704 Dominus
3198 2651 3486 2705 vobiscum
3526 2650 3596 2704 de

2015 2738 2277 2795 omnibus
2337 2740 2688 2794 sermonibus
2763 2740 2906 2795 istis.
2965 2740 3197 2794 Peracto
3252 2741 3365 2809 jam
3424 2742 3598 2794 sacri-

2016 2828 2163 2893 ﬂcio,
2189 2838 2245 2883 et
2269 2843 2496 2898 asperso
2515 2831 2782 2899 sanguine
2818 2830 3047 2884 foederis
3077 2831 3286 2899 populo
3311 2829 3594 2892 universo,

2017 2916 2392 2970 ascenderunt
2415 2918 2631 2987 Moyses
2663 2928 2720 2973 et
2747 2919 2951 2982 Aaron,
2977 2918 3169 2973 Nadab
3202 2929 3260 2973 et
3308 2918 3514 2983 Abiud,
3543 2930 3600 2972 et

2018 3006 2362 3075 septuaginta
2384 3008 2631 3062 seniores
2651 3010 2840 3077 populi
2865 3010 3154 3063 Israelitici
3177 3028 3189 3064 :
3225 3009 3597 3080 videruntque

2018 3100 2201 3153 locum
2224 3099 2279 3151 in
2307 3114 2417 3167 quo
2451 3108 2680 3155 steterat
2704 3103 2850 3157 Deus
2874 3102 3063 3166 Israel,
3101 3111 3157 3157 et
3195 3118 3319 3171 quae
3368 3103 3472 3158 sub
3498 3120 3595 3172 pe-

2018 3188 2184 3244 dibus
2205 3189 2326 3259 ejus
2345 3188 2584 3255 fuerant,
2615 3201 2875 3262 tanquam
2919 3208 3059 3262 opus
3097 3193 3299 3263 lapidis
3328 3194 3595 3263 sapphiri,

2017 3292 2076 3338 et
2105 3283 2487 3354 sicutspecies
2528 3282 2862 3339 firmamenti
2912 3286 3063 3351 coeli,
3114 3301 3239 3341 cum
3272 3286 3473 3340 sudum
3514 3295 3601 3341 est

2017 3390 2082 3430 ac
2105 3370 2387 3431 serenum:
2430 3375 2500 3431 Et
2527 3375 2596 3431 de
2619 3376 2814 3432 electis
2855 3377 3021 3433 Isne]
3069 3393 3139 3433 ne
3194 3394 3339 3434 unus
3376 3378 3600 3449 quidem

2017 3466 2306 3523 dissonuit.
2343 3468 2414 3523 Et
2439 3461 2819 3539 apparuerunt
2842 3471 2898 3524 in
2936 3470 3059 3526 loco
3084 3471 3204 3536 Dei,
3255 3470 3600 3540 ederuntqne

2016 3576 2081 3616 ac
2102 3560 2364 3617 biberunt
2394 3562 2438 3594 ³⁸
2460 3583 2504 3617 ι.
2538 3564 2649 3634 Age
2671 3564 2881 3633 itaque,
2914 3579 3033 3631 age,
3064 3564 3130 3619 de
3157 3564 3389 3635 singulis
3409 3580 3599 3618 eorum

2015 3652 2137 3721 quae
2160 3653 2414 3723 legimus,
2440 3670 2562 3724 quae
2616 3657 2853 3710 maxime
2913 3657 3174 3710 convenit
3227 3657 3513 3720 dicamus;
3547 3666 3604 3710 et

2015 3744 2424 3812 quamprimum
2454 3744 2521 3798 de
2546 3746 2631 3808 iis,
2662 3762 2784 3815 qum
2808 3746 2876 3801 de
2920 3746 3205 3815 preposita
3230 3746 3464 3797 materia
3510 3759 3604 3798 co-

2018 3834 2334 3903 gitavimus,
2373 3837 2743 3904 auspicantes,
2781 3853 2845 3889 ea
2870 3851 2994 3904 quae
3014 3838 3165 3890 circa
3205 3850 3310 3888 nos
3348 3834 3603 3889 Christus

2018 3925 2235 3992 operari
2265 3925 2520 3994 dignatus
2536 3933 2637 3977 est.
2666 3926 2827 3994 327
2859 3925 3040 3977 Veluti
3070 3925 3125 3977 in
3149 3925 3333 3979 tabula
3365 3926 3601 3994 quadam

2019 4014 2300 4082 descripta
2329 4015 2684 4084 speculemur
2734 4016 2787 4067 in
2824 4013 3092 4068 divinitus
3134 4014 3402 4084 inspirata
3450 4016 3602 4071 Scri-

2019 4113 2203 4174 ptura,
2235 4120 2359 4159 cum
2395 4119 2515 4158 eam
2540 4120 2660 4173 qua:
2690 4120 2913 4159 sursum
2946 4114 3031 4158 est
3064 4119 3129 4159 ac
3178 4108 3460 4162 cmlestem
3495 4107 3602 4162 Ec-

2020 4196 2263 4261 clesiam,
2293 4212 2390 4251 seu
2417 4197 2616 4251 cmlum
2653 4198 2832 4267 ipsum
2854 4237 2867 4258 ,
2909 4211 3142 4267 eamque
3165 4214 3287 4268 quin
3321 4200 3376 4254 in
3410 4202 3599 4266 terris,

2020 4289 2150 4358 quia
2177 4288 2475 4343 assimilata
2500 4297 2582 4343 est
2629 4288 2864 4353 caelesti,
2904 4298 3018 4342 tum
3059 4290 3255 4344 collem
3299 4294 3599 4354 nominari,

2023 4387 2138 4434 tum
2168 4388 2444 4433 montem:
2481 4379 2627 4449 quod
2651 4390 2706 4434 et
2741 4380 2962 4434 exaltati
3013 4380 3144 4446 sint,
3189 4390 3353 4451 atque
3402 4385 3455 4439 in
3484 4386 3601 4439 vir-

334 4480 519 4551 ρανοίς
558 4474 914 4545 Ἐκκλησίαν,
944 4475 1062 4544 ἦτοι
1094 4472 1184 4525 τὸν
1217 4468 1446 4541 οὐρανὸν
1465 4510 1478 4533 ,
1510 4468 1608 4521 καὶ
1652 4465 1821 4536 αὐτὴν
1856 4464 1912 4517 δὲ

2023 4479 2194 4526 tutem
2219 4472 2593 4526 extumuerint
2622 4482 3029 4527 commorantes
3062 4473 3117 4526 in
3143 4474 3272 4527 illis.
3302 4476 3420 4528 Non
3451 4478 3601 4530 enim

330 4571 433 4637 τὴν
458 4570 550 4622 ἐπὶ
573 4568 673 4634 τῆς
695 4567 799 4636 γῆς
821 4565 945 4620 καθ’
967 4563 1259 4634 ὁμοιότητα
1282 4561 1380 4633 τῆς
1403 4561 1515 4614 ἄνω
1535 4600 1548 4624 ,
1581 4559 1675 4612 καὶ
1703 4557 1910 4628 βουνὸν,

331 4661 433 4715 καὶ
459 4661 588 4733 ϐρος
629 4658 960 4721 ἀποκαλεῖν,
1001 4656 1173 4709 διάτοι
1213 4654 1275 4707 τὸ
1308 4652 1616 4724 ἐπῃρμένον
1655 4651 1749 4703 καὶ
1793 4652 1916 4702 ἁνε-

336 4754 537 4825 στηκδς
562 4755 642 4816 είς
670 4752 769 4822 τὴν
796 4749 997 4822 ἀρετὴν
1030 4748 1138 4801 τῶν
1172 4745 1573 4801 κατοικούντων
1616 4746 1674 4798 ὲν
1700 4744 1911 4805 αὐταῖς.

332 4848 425 4901 Οὐ
436 4846 546 4916 γάρ
568 4847 687 4897 ἑστι
716 4841 991 4914 χθαμαλὸς
1015 4840 1134 4894 οὐδὲ
1158 4838 1599 4910 κατερριμμένος
1617 4835 1726 4888 τῶν
1748 4834 1917 4902 ἁγίων

330 4939 365 4991 ὁ
384 4936 547 4998 νοῦςε
569 4933 708 4988 ἀλλὰ
730 4931 1207 5002 φρονήματοςιμὲν
1238 4929 1605 5001 ὑπερφέρεται
1651 4926 1745 4979 τοῦ
1776 4942 1915 4993 γεω-

332 5028 618 5101 δεστέρου,
668 5026 765 5080 καὶ
818 5022 1099 5096 σαρκικῶν
1145 5021 1466 5092 ἐπιθυμιῶν,
1529 5019 1698 5088 ’Υψοῦ
1745 5017 1802 5070 δὲ
1852 5017 1916 5088 δὴ

339 5120 540 5191 μᾶλλον
563 5117 837 5187 ἀναφοιτᾷ
858 5133 869 5146 ·
903 5115 1000 5169 καὶ
1028 5114 1170 5167 ἔστιν
1195 5113 1391 5183 ἀληθὲς
1418 5115 1477 5165 τὸ
1500 5111 1588 5166 διὰ
1616 5111 1799 5179 φωνῆς
1821 5108 1917 5161 τοῦ

334 5211 503 5265 Δαϐίδ
517 5227 531 5242 ’
559 5230 577 5262 ι
606 5211 727 5263 Ὀτι
747 5210 795 5262 οι
812 5208 926 5260 θεοὶ
945 5208 993 5259 ot
1025 5205 1278 5276 κραταιοὶ
1296 5205 1396 5273 τῆς
1415 5204 1517 5271 γῆς
1536 5203 1741 5272 σφόδρα
1755 5201 1920 5271 ἐπῄρ-

335 5304 530 5374 θησαν.
576 5321 595 5356 ι
632 5302 757 5353 Ὀτι
784 5300 841 5353 δὲ
866 5300 974 5361 τοῖς
1004 5291 1102 5350 ὧδε
1127 5295 1273 5367 βιοῦν
1295 5294 1607 5365 ᾑρημένοις,
1639 5288 1735 5345 καὶ
1762 5294 1838 5356 είς
1858 5292 1920 5344 τὸ

2020 4560 2249 4615 humilis
2280 4569 2383 4623 est,
2411 4575 2590 4629 neque
2615 4561 2877 4631 depressa
2934 4571 3250 4617 sanctorum
3296 4579 3472 4627 mens,
3505 4568 3602 4619 sed

2017 4651 2330 4721 prudentiae
2355 4653 2732 4722 supereminet
2768 4654 3017 4708 terrestri
3051 4656 3251 4720 cuivis,
3283 4664 3450 4726 atque
3475 4672 3600 4711 car-

2022 4744 2242 4798 nalibus
2264 4743 2574 4799 desideriis.
2617 4743 2849 4799 Sursum
2881 4745 3030 4800 enim
3061 4748 3236 4817 magis
3277 4748 3488 4813 tendit;
3511 4762 3604 4801 vc-

2022 4852 2254 4908 rumque
2295 4846 2379 4893 est
2410 4838 2541 4891 illud
2571 4839 2821 4893 Davidis:
2856 4859 2873 4890 ι
2896 4840 2981 4893 Ι)ίί
3032 4840 3199 4895 fortes
3239 4849 3398 4895 terrae
3432 4842 3603 4895 vehe-

2024 4940 2240 4985 menter
2264 4932 2466 4986 elevati
2518 4941 2647 4985 sunt
2672 4932 2734 4983 ³³.
2764 4949 2781 4981 ›
2808 4930 2966 4996 Quod
3015 4946 3148 4983 vero
3181 4931 3275 4998 qui
3309 4932 3381 4985 ita
3413 4932 3601 4986 vivere

2021 5026 2310 5095 elegerint,
2333 5028 2403 5079 et‘
2423 5024 2490 5078 ad
2523 5032 2726 5078 tantam
2752 5023 3013 5076 virtutem
3057 5022 3429 5087 ascenderint,
3455 5025 3604 5079 solos

2021 5125 2273 5185 oporteat
2295 5115 2351 5169 in
2371 5115 2584 5169 caelesti
2618 5114 2742 5167 aula
2797 5112 3149 5176 commorari,
3205 5113 3348 5166 idem
3392 5114 3604 5169 Psaltcs

2022 5223 2243 5262 rursum
2276 5207 2573 5277 persuadet
2599 5206 2749 5258 hisee
2788 5203 2975 5256 verbis
3006 5220 3017 5254 :
3054 5224 3072 5254 ι
3099 5203 3232 5270 Quis
3268 5205 3601 5259 ascendetin

2023 5306 2269 5352 montem
2320 5295 2560 5358 Domini,
2612 5302 2708 5346 aut
2763 5294 2888 5361 quis
2948 5292 3116 5346 stabit
3160 5294 3367 5347 inloco
3412 5303 3605 5348 sancto

336 5392 526 5445 λοιπὸν
571 5390 778 5462 ἀρετῆς
822 5386 1215 5456 ἀναϐεϐηκόσι,
1251 5384 1451 5454 πρέποι
1484 5382 1551 5435 ἂν
1588 5381 1812 5445 εἰκότως
1862 5381 1912 5434 τί

2030 5389 2469 5461 ejus?Innocens
2507 5384 2763 5438 manibus
2792 5392 2847 5436 et
2892 5383 3097 5437 mundo
3131 5385 3318 5447 corde,
3364 5389 3458 5455 qui
3490 5402 3602 5439 non

338 5483 437 5538 καὶ
466 5485 590 5546 ταῖς
633 5481 746 5535 ἀνω
780 5481 966 5551 μοναῖς
1004 5474 1374 5539 ἐναυλίζεσθαι
1416 5474 1555 5538 δεῖν,
1591 5472 1912 5527 πιστώσεται

2029 5478 2240 5549 accepit
2262 5478 2316 5532 in
2342 5491 2483 5531 vano
2517 5474 2755 5527 animam
2785 5487 2960 5538 suam,
2986 5488 3089 5527 nec
3128 5475 3334 5544 juravit
3380 5475 3437 5529 in
3475 5475 3604 5529 dolo

306 5575 506 5631 νπὰλιν
537 5577 568 5628 ὁ
596 5573 926 5644 Ψαλμφδὸς,
959 5570 1100 5624 οὕτω
1143 5570 1341 5637 λέγων·
1397 5588 1414 5618 ι
1452 5568 1548 5631 Τίς
1588 5567 1912 5637 ἀναϐήσεται

2028 5570 2278 5641 proximo
2332 5583 2452 5623 suo.
2480 5565 2583 5631 Qui
2629 5564 2917 5634 pecuniam
2973 5580 3126 5620 suam
3171 5582 3280 5621 non
3331 5566 3484 5624 dedit
3534 5566 3602 5620 ad

402 5743 445 5775 ³¹
482 5754 657 5812 Exod.
695 5770 835 5821 xxiv,
870 5753 1018 5806 l—ll.
1098 5753 1140 5783 ³³
1182 5751 1320 5805 Psal.
1367 5765 1508 5815 nvi,
1540 5748 1624 5802 lO.
