4066 6282
443 363 547 421 5ἰὸ

1472 350 1529 405 S.
1570 348 1843 404 CYRILIJ
1884 344 2351 402 ALEXANDRINI
2389 343 2706 400 ARCHIEP.

2418 225 2498 237 γοα*

3598 341 3708 397 ’516

442 491 689 540 usuram,
713 483 770 531 et
791 488 1020 528 munera
1058 487 1224 540 super
1248 471 1597 522 innocentem
1638 483 1746 522 non
1771 467 2010 535 accepit.

2134 465 2200 528 είς
2240 464 2302 517 τὸ
2329 465 2454 535 ὅρος
2485 464 2689 533 Κυρίου
2713 504 2725 525 ,
2777 464 2807 532 ἢ
2853 462 2934 525 τίς
2984 462 3238 532 στήσεται
3273 464 3330 514 ἂν
3369 460 3522 532 τόπῳ
3568 461 3714 533 ἁγίῳ

444 569 543 623 llic
567 566 800 636 accipiet
854 561 1296 618 benedictionem
1337 575 1366 613 a
1398 558 1651 621 Domino,
1699 565 1758 611 et
1803 555 2020 608 miseri-

2123 555 2319 622 αὐτοῦ;
2377 555 2578 617 Ἀθῶος
2625 556 2810 624 χερσὶ,
2853 555 2948 608 κοιλ⁸
2999 553 3238 626 καθαρὸς
3270 557 3336 625 τῇ
3389 553 3622 626 καρδία,
3651 555 3714 618 ὃς

442 661 685 716 cordiam
715 673 746 711 ιι
767 657 878 711 Deo
904 655 1133 710 salutari
1155 669 1275 707 suo.
1305 651 1430 706 Haec
1454 659 1538 706 est
1561 649 1843 721 generatio
1875 662 2023 716 qua.L

2134 649 2222 700 οὐκ
2269 645 2461 699 ἔλαϐεν
2510 646 2604 697 ἐπὶ
2657 647 2870 716 ματαίῳ
2912 646 3012 717 τὴν
3044 645 3220 717 ψυχὴν
3254 644 3454 710 αὐτοῦ,
3487 645 3582 700 καὶ
3615 645 3717 699 οὐκ

443 751 679 807 rentium
712 748 907 802 faciem
930 746 1027 801 Dei
1055 745 1222 800 Jacob
1249 745 1314 798 “.
1346 763 1364 794 ι

2124 737 2338 807 ὤμοσεν
2364 738 2456 790 ἐπὶ
2484 736 2620 806 δόλῳ
2643 737 2723 806 τῷ
2751 736 2981 807 πλησίον
3009 737 3194 790 αὐτοῦ.
3225 737 3298 789 Τὸ
3326 735 3589 808 ἀργύριον
3617 737 3717 790 αύ-

439 843 534 898 τοῦ
563 843 663 895 οὐκ
708 841 906 894 ἔδωκεν
934 840 1026 892 ἐπὶ
1053 839 1196 907 τόκῳ
1219 878 1232 898 ,
1266 837 1358 890 καὶ
1399 833 1547 905 δῶρα
1603 833 1689 884 ἐπ’
1731 829 1926 894 ἀθώοις
1981 831 2086 883 ὀὒκ
2126 829 2336 882 ἔλαὸεν.
2366 824 2535 890 Οὗτος
2575 827 2805 898 λήψεται
2847 827 3097 896 εὐλογίαν
3143 827 3294 899 παρὰ
3337 828 3581 899 Κυρίου,
3621 827 3715 882 καὶ

444 931 820 1002 ἐλεημοσύνην
841 931 991 1000 παρὰ
1009 929 1144 982 Θεοῦ
1169 925 1421 998 Σωτῆρος
1440 924 1626 978 αὐτοῦ.
1646 922 1844 993 Αῦτηή
1882 921 2045 988 γενεὰ
2084 919 2388 992 ζητούντων
2417 920 2476 972 τὸ
2512 919 2800 989 πρόσωπον
2832 920 2910 993 (1)
2945 920 3039 974 τοῦ
3069 919 3204 973 Θεοῦ
3247 919 3464 973 Ἰακώϐ.
3491 939 3510 972 ι

513 1023 667 1078 Mons
693 1023 861 1093 igitur
888 1021 1094 1076 sanctis
1116 1020 1340 1090 pervius
1361 1017 1700 1081 hominibus,
1725 1016 1922 1069 caelum
1949 1014 2032 1083 ιι).-

445 1128 565 1166 sum
606 1121 710 1175 est,
741 1112 856 1166 sive
896 1106 1138 1165 Ecclesia
1173 1107 1684 1179 primogenitorum,
1722 1106 2032 1159 inaccessus

445 1213 637 1260 contra
667 1202 933 1272 improbis
957 1208 1121 1270 atque
1149 1199 1348 1269 impiis.
1377 1198 1548 1254 Jussit
1580 1197 1764 1266 itaque
1787 1193 2032 1250 universi

446 1294 592 1347 Deus
632 1293 819 1347 Mosen
852 1293 906 1345 in
953 1300 1193 1344 montem
1236 1288 1533 1343 ascendere
1564 1295 1620 1340 et
1648 1287 1943 1348 Aaroncm,
1977 1291 2034 1338 et

444 1383 656 1447 Nadab,
680 1392 735 1437 et
754 1382 956 1445 Abiud,
978 1389 1034 1434 et
1055 1380 1398 1450 septuaginta
1423 1379 1490 1433 de
1510 1378 1822 1433 senioribus
1843 1375 2028 1430 Israel.

447 1472 554 1527 Sed
581 1481 761 1526 tamen
787 1471 963 1524 dixit:
1000 1490 1017 1520 ι
1054 1471 1121 1524 Ει
1155 1470 1466 1524 adorabunt
1491 1469 1709 1538 longius
1741 1468 1905 1536 positi
1929 1465 2036 1520 Do-

447 1564 676 1618 minum.
706 1562 1054 1630 Accedetque
1077 1561 1256 1614 Moses
1284 1559 1434 1614 solus
1465 1559 1531 1612 ad
1559 1559 1732 1612 Deum
1759 1577 1770 1611 :
1803 1559 1879 1613 illi
1903 1576 2036 1615 vero

443 1669 554 1708 non
579 1653 1118 1723 appropinquabunt.
1153 1651 1264 1704 Nec
1291 1651 1528 1718 populus
1551 1650 1886 1705 conscendet
1911 1667 2036 1705 cum

450 1746 584 1815 ipsis
617 1747 682 1797 ³⁸.
713 1765 731 1794 ι
765 1744 888 1798 Filii
933 1744 1118 1811 itaque
1153 1741 1385 1795 Aaronis
1426 1756 1642 1795 sacrum
1681 1741 1840 1796 nobis
1867 1758 2038 1811 genus

445 1835 762 1904 designant;
802 1848 962 1887 senes
989 1847 1139 1894 vero,
1175 1832 1445 1885 electione
1474 1832 1821 1885 constitutos.
1851 1832 2030 1887 Aaron

445 1934 626 1980 autem
653 1924 932 1978 Christum
975 1924 1174 1978 iterum
1207 1923 1454 1986 exhibet,
1490 1931 1736 1976 sanctum
1769 1923 2031 1977 innocen-

446 2022 667 2084 temque
707 2013 1050 2068 sacerdotem
1090 2028 1364 2068 summum
1398 2028 1496 2081 per
1536 2027 1700 2082 quem
1734 2013 1790 2067 in
1824 2014 2032 2083 Spiritu

446 2114 503 2159 et
535 2120 675 2174 aqua
715 2103 1044 2174 regenerati,
1079 2123 1098 2154 ι
1135 2119 1310 2173 genus
1345 2103 1606 2168 electum,
1639 2104 1820 2173 regale
1849 2120 2030 2158 sacer-

446 2195 678 2260 dotium,
704 2211 945 2266 gensque
966 2203 1154 2250 sancta
1173 2195 1220 2226 ⁸⁸
1242 2212 1260 2245 ι
1284 2194 1641 2264 appellamur.
1662 2195 2034 2250 Ascendemus

448 2287 630 2356 itaque
656 2301 756 2341 suo
776 2285 1072 2356 aliquando
1098 2294 1345 2354 tempore
1371 2285 1536 2339 etiam
1561 2299 1681 2348 nos,
1704 2284 1845 2339 sacri
1872 2294 2034 2354 atque

449 2379 608 2431 electi
651 2378 706 2430 in
735 2377 1012 2431 civitatem
1042 2378 1343 2438 caelestem,
1375 2375 1670 2430 comitante
1699 2391 1800 2429 nos
1838 2391 1902 2429 ac
1929 2376 2034 2430 du-

449 2476 608 2520 cente
635 2467 916 2521 sacerdote
950 2481 1146 2536 magno
1165 2465 1407 2529 Christo,
1442 2465 1536 2534 qui
1563 2480 1630 2518 ex
1663 2465 1826 2519 nobis
1860 2464 2037 2520 factus

449 2567 555 2621 est,
577 2557 781 2626 quique
803 2557 1090 2611 nobiscum
1115 2555 1306 2610 adorat
1333 2571 1440 2610 una
1466 2556 1684 2609 Patrem
1715 2563 1914 2609 natura
1936 2571 2035 2611 sua

449 2646 622 2702 Deum
648 2647 1020 2702 exsistcntem.
1051 2647 1119 2701 Et
1151 2646 1555 2716 appropinquat
1582 2645 1804 2715 quidem
1835 2647 2032 2712 Moses,

451 2737 739 2791 nobiscum
762 2751 916 2802 vero,
943 2737 1035 2806 qui
1067 2737 1285 2806 longius
1303 2737 1488 2806 positi,
1513 2737 1701 2790 Filius.
1730 2736 1896 2806 328
1925 2737 2036 2791 Suo

449 2827 598 2879 enim
635 2825 798 2880 modo
827 2827 977 2879 venit
1023 2826 1090 2880 ad
1125 2824 1449 2896 mysterium
1493 2825 1887 2880 incarnationis
1925 2825 2038 2880 Deo

451 2917 814 2986 propinquior
847 2915 1041 2981 Moses,
1090 2925 1350 2985 tanquam
1384 2917 1520 2986 legis
1565 2916 1834 2971 mediator
1873 2925 2037 2986 atque

449 3008 676 3062 arbiter.
705 3008 843 3074 Quia
875 3023 1004 3062 vero
1029 3023 1058 3062 c
1091 3008 1250 3062 nobis
1275 3007 1444 3062 Filius
1469 3007 1644 3062 factus
1666 3015 1768 3072 est,
1799 3023 1924 3062 cum
1946 3022 2037 3062 es-

451 3105 535 3152 set
549 3098 696 3151 Deus
714 3105 931 3161 natura,
951 3097 1445 3166 universorumque
1466 3098 1750 3163 Dominus,
1789 3108 2038 3168 propter-

451 3200 516 3240 ea
539 3194 791 3242 nostrum
814 3201 924 3241 non
961 3195 1286 3257 aspernatur
1305 3203 1478 3257 genus
1507 3189 1862 3257 modumque.
1895 3190 2033 3244 Sus-

449 3277 592 3332 tinet
613 3294 745 3332 vero
779 3279 1207 3347 dispensationis
1239 3279 1453 3333 ratione
1481 3280 1621 3333 infra
1651 3280 1837 3335 Mosen
1875 3281 2041 3334 etiam

451 3370 687 3423 censeri.
717 3369 932 3424 Etenim
962 3369 1127 3423 etim
1156 3368 1443 3423 nobiscum
1483 3369 1661 3425 factus
1690 3380 1775 3425 est
1808 3371 1914 3425 sub
1943 3385 2039 3424 ea-

451 3459 579 3510 dem
620 3458 760 3526 lege,
807 3458 911 3511 etsi
956 3458 1254 3527 legislator,
1298 3467 1487 3527 utpote
1520 3460 1686 3523 Deus,
1727 3459 2033 3514 exsisteret.

451 3547 610 3614 Quod
652 3563 782 3602 vero
825 3547 928 3600 sub
967 3546 1082 3616 lege
1117 3547 1295 3601 factus
1325 3548 1396 3601 sit
1429 3549 1497 3611 ³τ,
1533 3549 1821 3618 perspicue
1852 3549 2041 3603 videre

453 3638 599 3691 licet.
633 3635 838 3691 Octavo
867 3633 1015 3688 enim
1046 3633 1406 3688 circumcisus
1435 3644 1519 3688 est
1549 3636 1656 3689 die.
1703 3636 1878 3690 Solvit
1911 3651 2042 3690 vero

449 3728 619 3782 etiam
647 3741 748 3798 pro
787 3741 845 3780 se
883 3724 1232 3789 didrachma,
1279 3725 1498 3778 tametsi
1541 3726 1684 3780 liber
1713 3736 1940 3791 natura,
1985 3736 2043 3781 et

450 3816 734 3880 immunis,
767 3825 827 3870 ut
850 3814 1044 3879 Filius,
1068 3821 1234 3869 esset.
1269 3813 1412 3869 Satis
1433 3831 1566 3869 vero
1591 3825 1648 3870 et
1678 3817 1783 3872 hoc
1814 3833 1845 3872 e
1870 3818 2042 3872 sacris

453 3907 678 3964 Litteris
699 3908 930 3971 clarum,
955 3905 1060 3960 sub
1087 3905 1208 3975 lege
1234 3913 1424 3960 natum
1452 3921 1573 3961 esse
1602 3907 2035 3964 Emmanuelem.

453 3999 609 4067 Quod
643 4015 774 4053 vero
803 4015 911 4069 qua
956 3999 1122 4053 homo
1155 4006 1297 4063 erat,
1332 4007 1389 4053 et
1430 4008 1702 4068 quatenus
1735 3999 2038 4054 secundum

454 4105 555 4145 nos
580 4091 683 4144 sub
705 4091 823 4159 lege
854 4097 1016 4144 natus
1037 4096 1143 4153 est,
1169 4089 1289 4158 ipso
1319 4089 1485 4144 etiam
1511 4089 1656 4145 Mose
1691 4089 1922 4146 inferior
1945 4093 2037 4161 ju-

455 4181 692 4243 dicetur,
723 4189 779 4234 et
796 4195 860 4233 ex
883 4179 1243 4247 sequentibus
1264 4195 1580 4250 cognosces.
1605 4181 1868 4251 Prtecepit
1888 4183 2036 4236 enim

456 4269 841 4322 universorum
865 4267 1130 4319 Dominus
1157 4268 1363 4336 optime
1394 4267 1548 4332 Mosi,
1590 4277 1651 4321 ut
1675 4269 2036 4327 lsraeliticum

455 4356 720 4428 populum
772 4356 840 4410 ab
875 4355 1205 4410 intolerabili
1238 4356 1541 4412 vindicaret
1590 4361 1853 4415 servitute
1893 4361 2036 4417 Pha-

2200 1015 2268 1082 β¹.
2308 1014 2470 1082 Ὄρος
2514 1009 2606 1066 οὖν
2633 1013 2970 1084 ἀναϐάσιμον
3010 1015 3122 1076 τοῖς
3151 1012 3360 1080 ἁγίοις,
3400 1013 3428 1065 6
3455 1012 3714 1083 οὐρανὸς,

2132 1104 2250 1174 ἦτοι
2276 1104 2382 1156 τῶν
2422 1105 2782 1172 πρωτοτόκων
2825 1109 2858 1175 ή
2905 1106 3228 1176 Ἐκκλησία·
3265 1104 3516 1176 βεϐήλοις
3559 1105 3614 1157 δέ
3652 1122 3717 1173 γε

2133 1191 2229 1246 καὶ
2257 1192 2512 1255 ἀνοσίοις,
2539 1193 2778 1258 ἁστιὸές.
2814 1195 3156 1265 Προστέταχε
3189 1194 3368 1248 τοίνυν
3397 1197 3425 1249 ὁ
3449 1193 3556 1247 τῶν
3581 1195 3718 1248 ὅλων

2134 1283 2265 1345 Θεὸς
2296 1284 2595 1355 ἀναιροιτᾷν
2632 1287 2710 1347 είς
2746 1285 2807 1337 τὸ
2845 1284 2966 1355 ὅρος
2998 1286 3202 1340 Μωσέα
3233 1303 3290 1339 τε
3325 1286 3421 1339 καὶ
3476 1285 3715 1357 Ἀαρὼν,

2135 1369 2319 1423 Ναδάσ
2349 1387 2408 1423 τε
2443 1371 2538 1423 καὶ
2584 1373 2819 1433 Ἀϐιοὺδ,
2867 1374 2965 1426 καὶ
2996 1374 3371 1445 έὸδομήκοντα
3402 1375 3512 1427 τῶν
3547 1391 3719 1446 πρεσ-

2135 1460 2380 1532 ϐυτέρων
2421 1461 2514 1515 τοῦ
2570 1462 2804 1533 Ἰσραήλ.
2852 1466 3093 1532 Ἔφασκέ
3120 1481 3178 1518 τε
3201 1504 3216 1529 ,
3243 1465 3324 1518 ὅτι
3357 1485 3375 1516 ι
3418 1466 3526 1519 Καὶ
3558 1483 3721 1538 προσ-

2117 1554 2431 1623 μκυνήσουσι
2479 1555 2752 1624 μακρόθεν
2789 1555 2866 1625 τῷ
2903 1557 3111 1627 Κυρίῳ.
3149 1557 3257 1611 Καὶ
3288 1559 3461 1626 ὲγγιεῖ
3516 1559 3721 1628 Μωσῆς

2141 1644 2300 1712 μόνος
2328 1643 2462 1714 πρὸς
2487 1645 2576 1698 τὸν
2615 1645 2776 1701 Θεόν’
2825 1647 2980 1699 αὐτοὶ
3012 1648 3067 1700 δὲ
3105 1649 3203 1701 οὐκ
3234 1647 3532 1716 ὲγγιοῦσιν.
3574 1650 3632 1702 Ὀ
3665 1649 3723 1702 δὲ.

2137 1733 2264 1794 λαὸς
2294 1734 2354 1786 οὐ
2389 1735 2822 1806 συναναὸήσεται
2857 1739 2973 1807 μετ’
3007 1738 3206 1791 αὐτῶν.
3251 1759 3269 1789 ι
3307 1740 3369 1792 Οί
3412 1738 3509 1809 μὲν
3543 1735 3634 1792 οὖν
3663 1739 3724 1804 ἐξ

2069 1814 2110 1867 Β
2150 1825 2361 1896 Ἀαρὼν
2408 1827 2691 1894 γεγονότες
2732 1828 2870 1892 υίοὶ,
2920 1828 2981 1881 τὸ
3028 1830 3170 1898 ἱερὸν
3218 1831 3348 1900 ἡμῖν
3397 1829 3723 1899 σημαίνουσι

2137 1917 2318 1982 γένος·
2365 1918 2414 1968 οἱ
2455 1917 2510 1969 δὲ
2554 1917 2945 1989 πρεσόύτεροι,
2981 1920 3108 1983 τοὺς
3142 1920 3453 1990 ἀριστίνδην
3488 1920 3726 1987 ἐξειλεγ-

2140 2009 2353 2078 μένους.
2408 2009 2620 2079 Ἀαρὼν
2661 2009 2716 2062 δὲ
2748 2011 2909 2064 πάλιν
2940 2012 3102 2065 αὐτὸν
3144 2015 3278 2083 ἡμῖν
3321 2013 3724 2067 ὑποπλάττεται

2135 2100 2225 2152 τὸν
2257 2101 2519 2170 Χριστὸν,
2552 2101 2645 2154 τὸν
2671 2101 2816 2154 ὅσιόν
2843 2120 2900 2155 τε
2942 2104 3038 2156 καὶ
3068 2105 3275 2159 ἄκακον
3311 2105 3572 2174 ἀρχιερέα
3592 2143 3606 2166 ,
3652 2105 3722 2157 δι’

2135 2183 2196 2242 οὗ
2227 2189 2320 2241 καὶ
2366 2190 2678 2259 ἐσχήκαμεν
2719 2190 2818 2261 τὴν
2843 2191 2932 2244 διὰ
2971 2192 3288 2264 Πνεύματός
3325 2212 3380 2248 τε
3408 2196 3503 2248 καὶ
3531 2196 3726 2258 ὓδατος

2135 2280 2414 2351 γέννησιν,
2472 2300 2490 2332 ι
2544 2281 2844 2336 Ἐκλεκτον
2885 2284 3074 2352 γένος,
3123 2287 3215 2338 καὶ
3259 2286 3531 2356 βασίλειον
3573 2288 3725 2358 ἱερά-

2135 2387 2348 2441 τευμα.
2390 2372 2486 2425 καὶ
2524 2372 2676 2437 ἔθνος
2711 2373 2886 2442 ἅγιον,
2939 2394 2958 2427 ι
3000 2378 3435 2447 χρηματίζομεν.
3490 2379 3726 2450 Ἀναϐη-

2138 2461 2345 2532 σόμεθα
2387 2463 2567 2516 τοίνυν
2605 2467 2748 2518 κατὰ
2777 2467 3002 2536 καιροὺς
3035 2469 3131 2522 καὶ
3173 2472 3252 2532 είς
3281 2470 3378 2541 τὴν
3421 2471 3532 2524 ἄνω
3567 2469 3725 2524 πόλιν

2105 2553 2184 2605 ὀί
2213 2553 2499 2606 ἀπόλεκτοί
2521 2571 2578 2606 τε
2609 2556 2706 2607 καὶ
2733 2557 2898 2628 ἱεροὶ,
2929 2559 3179 2622 συνόντος
3204 2561 3332 2630 ήμῖν
3359 2560 3452 2613 καὶ
3483 2563 3724 2633 ἡγουμέο

2137 2657 2229 2692 νου
2260 2641 2500 2711 Χριστοῦ
2535 2642 2628 2695 τοῦ
2659 2644 2892 2713 μεγάλου
2923 2647 3114 2717 ἱερέως
3136 2687 3149 2711 ,
3179 2648 3274 2701 τοῦ
3308 2648 3376 2702 δι’
3421 2651 3570 2718 ἡμᾶς
3597 2649 3721 2703 καθ’

2136 2732 2286 2801 ἡμᾶς
2313 2733 2598 2800 γεγονότος
2621 2773 2634 2798 ,
2680 2734 2775 2787 καὶ
2815 2739 3355 2808 συμπροσκυνοῦντος
3389 2741 3521 2809 ἡμῖν
3546 2742 3724 2794 καίτοι

2139 2822 2356 2893 Πατέρα
2385 2823 2510 2876 ὄντα
2539 2824 2679 2876 κατὰ
2717 2825 2878 2895 φύσιν
2922 2828 3012 2881 τὸν
3038 2829 3192 2885 Θεόν.
3223 2831 3333 2884 Καὶ
3366 2830 3574 2899 ἐγγίζει
3623 2832 3728 2901 μὲν

2138 2911 2165 2963 6
2190 2911 2426 2980 Μωσῆς,
2470 2915 2564 2966 σὺν
2594 2914 2724 2983 ἡμῖν
2769 2915 2826 2968 δὲ
2870 2919 2981 2980 τοῖς
3013 2919 3265 2989 μακρὰν,
3310 2921 3338 2971 6
3372 2921 3522 2984 Υἱός.
3558 2922 3726 2974 Ὅσον

2139 3000 2248 3071 γὰρ
2272 2996 2404 3070 ἧκεν
2429 3003 2508 3065 είς
2539 3003 2600 3055 τὸ
2627 3003 2727 3073 τῆς
2757 3007 2893 3076 μετὰ
2924 3008 3126 3078 σαρκὸς
3153 3010 3476 3081 οἰκονομίας
3519 3013 3732 3083 μυστή-

2139 3110 2256 3160 ριον
2281 3133 2295 3159 ,
2327 3094 2444 3165 Θεῷ
2477 3097 2906 3169 προσεχέστερος
2936 3101 2964 3152 6
2991 3102 3217 3171 Μωσῆς,
3251 3103 3327 3165 ὡς
3365 3104 3532 3172 νόμου
3571 3117 3732 3174 μεσι-

2143 3201 2243 3252 της
2283 3187 2377 3238 καὶ
2409 3189 2648 3256 όριστής.
2709 3189 2924 3260 Ἐπειδὴ
2967 3191 3024 3244 δὲ
3067 3192 3188 3262 μεθ’
3231 3193 3390 3263 ἡμῶν
3427 3195 3652 3263 γέγονεν
3695 3195 3730 3247 6

2146 3275 2304 3340 Υίὸς,
2345 3276 2522 3329 καίτοι
2563 3277 2697 3340 Θεὸς
2735 3277 2810 3332 ὢν
2844 3280 3000 3348 φύσει
3042 3284 3137 3335 καὶ¹
3173 3283 3281 3336 τῶν
3326 3284 3463 3337 ὅλων
3497 3284 3726 3353 Κύριος,

2142 3367 2400 3438 ταύτῃτοι
2433 3367 2494 3420 τὸ
2543 3369 2667 3422 καθ’
2710 3371 2859 3440 ἡμᾶς
2891 3373 2993 3425 οὐκ
3027 3373 3280 3443 ἀτιμάζει
3313 3376 3528 3446 μέτρον.
3573 3375 3728 3428 Ἀνέ-

2143 3476 2299 3528 χεται
2335 3459 2392 3512 δὲ
2437 3461 2796 3532 οἰκονομικῶς
2845 3465 2940 3518 καὶ
2997 3465 3162 3519 αὑτοῦ
3207 3468 3436 3520 κατόπιν
3483 3466 3730 3520 νοεῖσθαι

2145 3546 2405 3611 Μωσέως.
2443 3550 2552 3601 Καὶ
2583 3551 2714 3618 γοῦν
2763 3553 2858 3605 καὶ
2905 3554 3096 3622 γέγονε
3134 3555 3253 3624 μεθ’
3293 3555 3453 3626 ήμῶν
3490 3555 3595 3608 ὑπὸ
3630 3555 3731 3608 τὸν

2142 3638 2301 3691 αὐτὸν
2333 3640 2526 3709 νόμον.
2570 3642 2747 3695 καίτοι
2778 3643 3076 3715 νομοθέτης
3104 3644 3182 3698 ὢν
3207 3647 3284 3710 ὡς
3319 3647 3471 3712 Θεός.
3511 3647 3633 3700 Ὅτι
3664 3645 3732 3702 δὲ

2142 3732 2362 3798 γέγονεν
2388 3731 2493 3784 ὑπὸ
2517 3731 2700 3803 νόμον,
2725 3733 3108 3806 ἀταλαίπωρον
3137 3737 3284 3791 ἰδεῖν.
3315 3739 3728 3809 Περιτέτμηται

2143 3822 2250 3892 γὰρ
2287 3822 2652 3894 ὀκταήμερος.
2697 3827 3051 3882 Συντετέλεκε
3093 3829 3148 3882 δὲ
3179 3833 3273 3882 καὶ
3307 3830 3369 3883 τὸ
3405 3830 3728 3900 δίδραχμον,

2140 3914 2318 3967 καίτοι
2351 3915 2494 3968 κατὰ
2531 3915 2692 3985 φύσιν
2729 3917 3010 3990 ἐλεύθερος
3039 3917 3115 3971 ὣν
3157 3918 3234 3982 ὡς
3263 3919 3412 3983 Υἱός.
3471 3921 3732 3992 Ἀρκέσει

2137 4004 2197 4058 δὲ
2239 4006 2335 4059 καὶ
2375 4005 2509 4060 αὐτὸ
2537 4007 2599 4060 τὸ
2632 4009 2873 4080 Γράμμα
2899 4010 2960 4063 τὸ
2986 4010 3148 4080 ίερὸν,
3181 4011 3285 4064 ὑπὸ
3310 4012 3471 4081 νόμον
3495 4013 3735 4084 γεγενῆ-

2141 4096 2264 4150 σθαι
2293 4096 2447 4165 λέγον
2477 4097 2569 4150 τὸν
2601 4097 2968 4171 Ἐμμανουήλ.
3005 4102 3125 4154 Ὀτι
3153 4102 3209 4155 δὲ
3245 4102 3333 4156 διὰ
3357 4103 3422 4156 τὸ
3444 4103 3732 4174 ἀνθρώπι-

2139 4199 2227 4239 νον
2249 4226 2260 4246 ,
2291 4186 2387 4240 καὶ
2412 4187 2602 4256 ἐπειδὴ
2631 4188 2822 4257 γέγονε
2849 4190 2972 4243 καθ’
3004 4176 3279 4261 ήμᾶςύπὸ
3301 4193 3466 4264 νόμον
3485 4234 3497 4255 ,
3535 4195 3630 4247 καὶ
3665 4197 3734 4248 ὲν

2135 4277 2405 4349 δευτέροις
2434 4278 2707 4333 τεθεῖσθαι
2737 4281 2981 4344 Μωσέως
3009 4284 3296 4352 νομιείται,
3336 4284 3585 4354 συνήσεις
3626 4287 3734 4338 καὶ

2136 4368 2202 4421 δι’
2233 4370 2450 4438 ἑτέρων.
2490 4370 2828 4440 Προσέταττε
2861 4371 2960 4440 μὲν
2985 4371 3095 4444 γὰρ
3127 4374 3157 4425 6
3182 4374 3291 4426 τῶν
3320 4374 3456 4427 ὅλων
3484 4374 3618 4438 Θεὸς
3641 4375 3734 4444 τῷ

458 4462 683 4501 raonem
729 4447 809 4501 sic
833 4446 1158 4516 appellando
1203 4464 1215 4499 :
1248 4466 1266 4497 ι
1299 4447 1564 4502 Dominus
1605 4449 1748 4504 Deus
1775 4451 2034 4506 Hebraeo-

2136 4454 2454 4527 παναρίστῳ
2484 4459 2672 4511 Maiae!
2697 4458 2800 4528 τῆς
2820 4459 3092 4531 ἀφορήτου
3118 4460 3360 4526 δουλείας
3392 4464 3593 4515 ἀνεῖναι
3628 4463 3732 4519 τὸν

456 4554 580 4592 rum
611 4538 828 4593 vocavit
858 4553 958 4592 nos
989 4536 1054 4591 ³⁸.
1103 4557 1120 4588 ι
1166 4538 1278 4593 Lex
1319 4539 1466 4593 enim
1510 4539 1713 4595 fatetur
1756 4541 2033 4598 inﬁrmum

455 4629 589 4699 quid
635 4639 799 4697 atque
847 4628 1183 4683 imbecillum
1233 4645 1290 4684 se
1339 4646 1458 4686 esse
1507 4631 1575 4685 ad
1628 4632 2030 4689 redimendum.

455 4717 599 4774 Huic
643 4719 797 4774 addit
828 4719 1207 4789 tergiversanti
1241 4729 1298 4774 et
1337 4722 1614 4776 cunctanti
1650 4723 1896 4778 divinum
1923 4728 2030 4780 Aa—

455 4826 669 4875 ronem,
703 4809 798 4879 qui
843 4818 1002 4880 typus
1041 4818 1126 4864 est
1167 4809 1371 4865 Christi
1412 4813 1594 4866 omnia
1637 4815 1898 4882 potentis,
1942 4831 2040 4886 per

453 4917 618 4972 quem
669 4901 849 4956 omnis
894 4909 980 4955 est
1026 4899 1350 4969 redemptio.
1405 4901 1536 4956 Mosi
1579 4903 1729 4958 enim
1778 4905 1857 4960 sic
1902 4907 1980 4961 ait
2023 4926 2034 4960 :

462 5013 478 5042 ι
515 4992 677 5057 Ecce,
706 4991 832 5046 dedi
877 4999 929 5047 te
963 4991 1135 5045 Deum
1168 4991 1439 5045 Pharaoni
1487 5009 1499 5045 :
1542 5001 1598 5048 et
1639 4994 1824 5050 Aaron
1870 4995 2039 5052 frater

454 5091 582 5138 tuus
611 5083 881 5154 propheta
918 5089 1046 5137 tuus
1083 5081 1210 5136 erit.
1247 5081 1328 5136 Tu
1361 5097 1492 5137 vero
1517 5084 1758 5154 loqueris
1781 5085 1833 5154 ei
1856 5089 2038 5144 omnia

451 5188 571 5243 qua;
602 5172 988 5242 przecipicsibi
1019 5190 1030 5224 :
1062 5171 1245 5226 Aaron
1288 5181 1471 5227 autem
1519 5173 1688 5230 frater
1722 5185 1851 5232 tuus
1895 5178 2036 5233 Pha-

451 5263 604 5318 raoni
641 5263 899 5332 loquetur
920 5263 1020 5317 ³³.»
1049 5262 1218 5318 Vides
1246 5273 1307 5317 ut
1331 5263 1508 5318 Aaron
1531 5282 1746 5321 rursum
1768 5269 2039 5324 mediator

451 5349 556 5414 sit,
590 5350 736 5404 Mose
766 5351 1100 5422 legislatoris
1122 5364 1411 5421 personam
1450 5355 1792 5412 sustinente?
1817 5359 1954 5413 Hinc
1981 5367 2037 5413 et

456 5437 652 5496 beatus
679 5442 884 5496 Paulus
905 5442 1084 5513 legem
1115 5441 1288 5512 ipsam
1311 5443 1388 5497 illi
1416 5446 1641 5514 apponit
1664 5447 1830 5501 etiam
1861 5464 1890 5502 a
1921 5449 2036 5504 Deo

453 5526 794 5585 dissolutam.
824 5530 901 5585 lta
926 5531 1075 5586 enim
1115 5530 1309 5586 scribit
1339 5550 1350 5584 :
1381 5551 1404 5583 ί
1432 5533 1649 5589 irritam
1681 5537 1804 5606 quis
1829 5536 2036 5592 faciens

2097 4583 2103 4590 -
2154 4546 2369 4617 Ἰσραὴλ
2408 4546 2485 4617 τῷ
2526 4547 2725 4619 Φαραὼ
2762 4548 3018 4618 λέγοντα·
3067 4570 3087 4604 ι
3133 4552 3339 4624 Κύριος
3376 4554 3406 4605 6
3444 4552 3574 4616 Θεὸς
3611 4553 3734 4606 τῶν

2151 4635 2416 4707 Ἐϐραίων
2448 4639 2850 4710 προσκέκληται
2891 4643 3056 4713 ἡμᾶς.
3112 4663 3132 4696 ι
3179 4645 3239 4698 ὐ
3281 4645 3338 4698 δὲ
3379 4644 3627 4715 ὁμολογεῖ
3658 4648 3736 4700 τὸ

2138 4727 2364 4799 ἀδρανὲς
2387 4730 2415 4782 6
2440 4730 2601 4798 νόμος
2624 4735 2704 4796 είς
2723 4734 3118 4805 ἀπολύτρωσιν.
3145 4733 3279 4791 Εἶτα
3302 4738 3561 4793 συνάπτει
3581 4738 3688 4791 ἀνα
3707 4770 3730 4780 -

2131 4817 2376 4888 δυομένῳ
2404 4821 2498 4874 καὶ⁵
2523 4822 2767 4891 μέλλοντι
2795 4825 2886 4878 τὸν
2913 4825 3196 4880 θεσπέσιον
3212 4827 3421 4898 ’Δαρὼν
3443 4829 3523 4891 είς
3548 4828 3731 4881 τύπον

2134 4909 2367 4980 Χριστοῦ
2393 4911 2486 4964 τοῦ
2511 4913 3009 4986 πάνταίσχύοντος,
3031 4917 3096 4972 δι’
3120 4912 3182 4972 οὗ
3200 4919 3350 4972 πᾶσα
3367 4919 3400 4987 ή
3426 4917 3725 4988 λύτρωσις.

2137 5002 2282 5071 Ἔφη
2320 5001 2428 5073 γὰρ
2453 4997 2554 5056 ὧδε
2585 5005 2720 5076 πρὸς
2748 5008 2952 5078 Μωσῆν
2973 5015 2988 5040 ³
3029 5028 3051 5060 ι
3099 5009 3231 5063 Ἰδοὺ
3257 5009 3468 5064 δέδωκά
3497 5025 3557 5063 σε
3581 5008 3734 5063 Θεὸν

2133 5091 2361 5163 Φαραὼ,
2392 5095 2484 5146 καὶ¹
2525 5096 2735 5166 Ἀαρὼν
2760 5100 2788 5151 ό
2816 5099 3042 5169 ἀδελφός
3073 5118 3167 5156 σου
3197 5101 3349 5156 ἔσται
3381 5101 3476 5156 σοῦ
3505 5101 3734 5174 προφήο
3807 5115 3813 5118 ·

2134 5200 2252 5252 της.
2287 5185 2357 5237 Σὺ
2390 5184 2447 5237 δὲ
2480 5185 2730 5257 λαλήσεις
2763 5190 2912 5260 αὐτῷ
2940 5191 3116 5245 πάντα
3142 5194 3241 5246 ὅσα
3272 5192 3586 5262 ἐντέλλομαί
3611 5209 3732 5258 σοι,

2135 5272 2162 5324 6
2195 5273 2249 5328 δὲ
2292 5274 2500 5345 Ἀαρὼν
2529 5278 2557 5329 6
2586 5277 2810 5345 ἀδελφός
2858 5295 2951 5334 σου
2998 5280 3219 5350 λαλήσει
3255 5280 3390 5352 πρὸς
3418 5279 3640 5351 Φαραὼ.
3697 5300 3727 5333 ρ

2147 5360 2308 5432 Ὁρᾷς
2343 5365 2424 5416 ὅτι
2455 5365 2729 5434 μεσιτεύει
2767 5368 2928 5420 πάλιν
2969 5367 3176 5439 Ἀαρὼν
3205 5371 3266 5422 τὸ
3295 5369 3386 5422 τοῦ
3423 5369 3732 5440 νομοθέτου

2135 5452 2425 5522 πρόσωπον
2453 5455 2740 5527 φοροῦντος
2769 5458 3035 5520 Μωσέως.
3065 5458 3333 5530 Ταύτῃτοι
3366 5461 3461 5512 καὶ
3483 5460 3510 5512 ὃ
3535 5458 3731 5529 paxi-

2136 5558 2251 5612 ριος
2282 5543 2493 5610 Παῦλος
2526 5550 2620 5602 καὶ
2652 5549 2813 5602 αὐτὸν
2856 5550 3141 5621 ἀνατίθησι
3191 5549 3281 5604 τὸν
3327 5551 3494 5621 νόμον
3529 5548 3684 5621 αὐτῷ
3707 5592 3729 5616 ,

523 5636 574 5668 ³⁸
597 5639 736 5693 Psal.
766 5657 917 5704 χχιιι,
944 5641 1058 5696 5-6.
1102 5641 1330 5697 "Exod.
1367 5644 1577 5710 xnv,l,
1597 5644 1650 5698 2.
1690 5646 1732 5676 “
1760 5647 1942 5705 lPetr.
1974 5666 2030 5712 ιι,

2160 5651 2204 5685 ³⁷
2231 5651 2402 5709 Galat.
2432 5673 2503 5723 IV,
2525 5659 2574 5713 5.
2621 5658 2662 5691 ³⁸
2684 5660 2853 5716 Exod.
2877 5676 2956 5727 ιιι,
2983 5659 3103 5717 1-8.
3146 5661 3188 5695 ⁸⁹
3205 5661 3376 5716 Exod.
3402 5677 3478 5729 Iv,
3509 5661 3599 5728 £5,
3624 5663 3722 5719 l6.

525 5730 603 5802 (1)
638 5730 777 5787 LXX
799 5741 853 5785 et
882 5734 1039 5804 Vulg.
1073 5735 1375 5804 ζητούντων
1406 5738 1587 5803 αὑτὸν,
1622 5737 1925 5810 ζητούντων
1955 5748 2012 5799 τὸ
2045 5745 2200 5814 πρόσ.
