4066 6282
290 376 388 436 5H

1317 374 1837 433 CLAPBY'RORUM
1878 374 1945 430 IN
1986 374 2270 431 EXODL'II
2310 374 2437 431 LIB.
2482 376 2570 432 III.

3467 385 3581 443 5H.

289 493 462 548 καίτοι
481 492 709 548 λυθέντα
734 492 883 564 παρὰ
901 492 1057 549 Θεοῦ.
1080 491 1285 567 Γράερει
1310 494 1419 564 γὰρ
1436 493 1609 558 οὕτως
1630 510 1643 523 υ
1667 511 1686 543 ι
1728 491 1869 543 Ἀθε-

1975 489 2147 558 legem
2172 489 2327 553 Mosi.
2354 489 2474 545 sine
2498 490 2609 544 ulla
2637 490 2990 547 miseratione
3020 490 3240 548 duobus
3265 494 3354 550 vel
3384 497 3573 553 tribus

288 589 459 656 τὴσας
481 603 566 649 τις
593 585 758 657 νόμον
789 584 1054 648 Μωσέως,
1084 587 1254 657 χωρὶς
1279 585 1580 657 οἰκτιρμῶν
1607 587 1701 639 ἐπὶ
1720 585 1873 637 δυσὶν

289 678 321 747 ἢ
356 675 506 747 τρισλ⁵
541 676 839 748 μάρτυσιν,
859 676 1214 748 ἀποθνήσκει.
1246 695 1268 729 ι
1310 677 1540 746 ’Λνιμεν
1564 675 1745 727 τοίνυν
1769 691 1872 729 κα·-

291 766 463 839 Θάπερ
488 768 569 830 είς
586 766 712 837 ὖρος
737 764 836 831 τὰς
858 767 971 822 ἂνω
1000 766 1167 838 μονὰς
1192 767 1240 821 oi
1272 766 1408 839 ἱεροὶ
1438 768 1533 820 καὶ
1559 766 1869 831 ἀπόλεκτοι,

289 860 384 932 τῆς
409 859 604 931 ἐτέρας
622 858 857 929 πληθύος
873 859 1257 931 ἀπομενούσης
1279 860 1450 912 κάτω.
1482 877 1503 911 ι
1531 860 1607 913 Οὐ
1630 858 1741 930 γὰρ
1785 859 1874 912 ἁν-

291 948 586 1013 ελεύσεται,
610 950 795 1019 φησὶν,
817 951 846 1002 ὁ
860 949 988 1010 λαὸς
1008 951 1104 1004 σὺν
1124 949 1309 1013 αὐτοῖς
1323 966 1338 980 ·
1372 951 1479 1002 ιὸτι
1495 949 1638 1003 κατὰ
1659 950 1758 1019 τὴν
1776 949 1872 1003 τοῦ

291 1039 442 1112 Σωτη
450 1057 542 1112 ρος
562 1041 767 1112 φωνὴν,
793 1059 813 1092 ι
837 1039 1029 1094 Πολλοὶ
1047 1040 1256 1109 κλητοὶ,
1278 1039 1446 1108 ὀλίγοι
1467 1041 1524 1094 δὲ
1548 1040 1792 1093 ἐκλεκτοί
1800 1082 1814 1094 .
1847 1058 1865 1089 ι

295 1133 523 1203 ’Δνιμεν
550 1132 636 1199 δὲ,
686 1132 747 1185 οὐ
783 1132 905 1203 δίχα
949 1131 1210 1203 Χριστοῦ.
1243 1132 1419 1202 Συνῆν
1450 1131 1559 1203 γὰρ
1599 1133 1720 1185 τότε
1760 1135 1871 1195 τοῖς

291 1220 686 1292 προσκυνοῦσιν
716 1222 746 1274 6
785 1219 997 1291 ’Δαρὼν
1016 1260 1031 1284 ,
1059 1220 1156 1274 καὶ
1183 1222 1297 1284 τοῖς
1318 1220 1399 1273 ἐτι
1424 1220 1643 1292 μακρὰν
1666 1220 1874 1290 ἐναρίθο

293 1331 410 1383 μιος
432 1309 521 1385 ἦν.
566 1312 726 1367 Οὖτω
754 1313 848 1365 καλ⁵
879 1314 908 1365 ὁ
931 1313 1195 1382 Χριστὸς,
1234 1313 1453 1384 μακρὰν
1478 1311 1600 1381 μεθ’
1628 1312 1784 1381 ἡμῶν
1803 1313 1870 1364 δι’

290 1407 456 1475 ἡμᾶς,
477 1405 565 1458 ἵνα
581 1406 677 1460 καὶ
691 1406 855 1474 ἡμεῖς
878 1404 974 1457 σὺν
990 1403 1137 1473 αὐτῷ
1149 1421 1211 1457 τε
1228 1405 1320 1457 καὶ
1337 1405 1403 1457 δι’
1418 1403 1568 1474 αὑτῷ
1590 1406 1755 1471 ἐγγὺς
1774 1404 1869 1456 τοῦ

289 1497 522 1566 Πατρός.
545 1496 734 1550 Πάντα
752 1496 858 1566 γὰρ
878 1495 942 1548 δι’
959 1496 1109 1565 ἡμᾶς
1128 1496 1223 1548 καὶ
1244 1496 1385 1566 ὑπὲρ
1401 1495 1562 1565 ἡμῶν
1580 1495 1873 1565 ᾠκονομεϊο

289 1600 351 1641 το
380 1588 591 1654 σαφῶς.
625 1586 802 1639 Ὥσπε
811 1603 842 1656 ρ
860 1586 969 1656 γὰρ
988 1587 1181 1655 γέγονε
1214 1588 1332 1657 μεθ’
1355 1587 1512 1656 ἡμῶν
1536 1587 1594 1639 ὲν
1621 1588 1833 1655 νεκροῖς
1852 1624 1866 1646 ,

292 1678 382 1731 ἵνα
403 1677 568 1747 ἡμεῖς
593 1677 675 1735 εἰς
696 1675 841 1744 ζωὴν
863 1676 958 1728 σὺν
984 1674 1135 1745 αὐτῷ
1160 1692 1219 1728 τε
1246 1676 1343 1729 καὶ
1362 1675 1429 1730 δι’
1451 1676 1640 1731 αὐτοῦ·
1670 1675 1871 1729 ἀνεϐίω

293 1769 407 1837 γὰρ
444 1768 507 1820 τδ
543 1766 638 1820 τοῦ
682 1765 914 1821 Θανάτου
948 1767 1197 1837 πατήσας
1228 1767 1460 1839 κράτος,
1506 1768 1649 1823 οὕτω
1680 1768 1870 1835 γέγονε

210 1904 219 1911 .
304 1859 425 1929 μεθ’
470 1857 630 1928 ἡμῶν
677 1858 961 1930 ἀποτέρω,
994 1861 1199 1931 καίπερ
1225 1858 1300 1912 ὢν
1333 1861 1533 1929 ἔγγὺς,
1577 1861 1665 1914 ἵνα
1707 1861 1869 1915 πάλιν

302 1952 464 2020 ἡμεῖς
496 1952 593 2003 σὺν
622 1949 796 2021 αὐτῷ,
821 1950 917 2004 καὶ
948 1950 1017 2003 δι’
1046 1949 1209 2003 αὑτοῦ
1236 1951 1556 2022 ἑγγύσωμεν
1577 1951 1656 2020 τῷ
1674 1952 1870 2021 Πατρί’

297 2043 327 2092 ὃ
371 2041 435 2110 δὴ
485 2042 578 2095 καὶ
619 2043 948 2096 τετέλεσται.
992 2041 1217 2112 Μέτοχοι
1249 2042 1357 2111 γὰρ
1390 2042 1672 2109 γεγονότες
1711 2040 1874 2095 αὐτοῦ

293 2132 382 2184 διὰ
413 2130 510 2184 τοῦ
542 2132 881 2202 Πνεύματος,
916 2132 1171 2202 ήνώμεοα
1205 2132 1284 2203 τῷ
1312 2132 1432 2202 Θεῷ
1472 2135 1569 2187 καὶ
1599 2133 1776 2203 Ilasz
1805 2133 1873 2187 δι’

291 2218 480 2285 αὐτοῦ,
508 2221 668 2293 εἴπερ
696 2241 713 2271 ι
746 2224 908 2291 ἐσμὲν
931 2222 1145 2290 ἀληθῶς
1169 2223 1316 2285 Θείας
1332 2222 1545 2291 φύσεως
1563 2222 1829 2289 κοινωνοὶ,
1850 2242 1867 2270 ›

291 2312 434 2364 κατὰ
465 2310 563 2374 τὰς
592 2312 633 2362 Γ
637 2311 838 2382 ραφάς.
884 2312 1023 2365 Ἀλλ’
1053 2312 1187 2379 ὑψοῦ
1221 2315 1318 2383 μὲν
1346 2313 1481 2366 ξέναι
1512 2315 1870 2384 προστέταχε,

291 2403 386 2455 καὶ
409 2402 645 2457 συναναθ
655 2402 886 2474 ρώσκειν
906 2405 986 2466 είς
1003 2403 1062 2455 τὸ
1077 2404 1199 2474 ὅρος
1221 2405 1410 2458 Μωσεῖ
1425 2421 1485 2456 τε
1510 2404 1604 2457 καὶ
1637 2404 1871 2471 Ἀαρὼν,

290 2495 415 2556 τοὺς
450 2494 629 2562 ἱερούς
652 2510 712 2547 τε
747 2493 843 2548 καὶ
889 2494 1293 2563 ἐξειλεγμένους
1333 2495 1363 2547 ὁ
1388 2495 1497 2547 τῶν
1535 2496 1671 2547 ὅλων
1716 2495 1870 2559 Θεός.

293 2581 416 2635 Ὀτι
442 2582 498 2634 δὲ
535 2584 663 2646 τοὺς
692 2583 943 2646 εὐκλείας
988 2584 1222 2652 ἣκοντας
1249 2586 1328 2645 εἰς
1356 2583 1512 2636 τοῦτο
1539 2584 1744 2646 λοιπὸν,
1777 2586 1873 2637 καὶ
1906 2567 1943 2600 ⁸

290 2675 561 2744 ἀναϐῆναι
591 2675 806 2745 ἀληθῶς
833 2677 912 2737 είς
941 2674 1002 2726 τὸ
1026 2673 1139 2728 ἄνω
1168 2674 1625 2744 προτεθυμένους,
1659 2676 1746 2729 ἵνα
1777 2678 1871 2728 καὶ

292 2766 456 2832 ἔγγὺς
472 2766 715 2833 γένοιντο
742 2764 900 2827 θεοῦ,
926 2765 1429 2836 προαφαγνῐζεσθαι
1455 2766 1559 2836 χρὴ
1581 2768 1658 2836 τῷ
1678 2764 1871 2835 αἵματι

292 2855 384 2910 τοῦ
416 2857 678 2927 Χριστοῦ,
707 2856 765 2919 ὃς
804 2857 903 2925 τῆς
932 2858 1185 2910 ἁπάντων
1214 2859 1359 2926 ζωῆς
1391 2859 1744 2928 ἀντάλλαγμα
1775 2860 1873 2927 τὴν

292 2948 484 3001 ἑαυτοῦ
510 2947 685 3018 ψυχὴν
712 2949 1020 3018 ἐποιήσατο,
1046 2948 1366 3000 ἀνατέθεικε
1393 2947 1449 2999 δὲ
1479 2948 1570 3000 καὶ
1593 2950 1671 3009 είς
1697 2948 1872 3016 ὀσμὴν

293 3040 520 3103 εὐωδίας
550 3040 646 3110 τὴν
679 3038 1078 3109 ἀναληφθεῖσαν
1104 3038 1302 3107 σάρκα.
1329 3037 1741 3104 Προσκεκόμικε
1764 3039 1832 3103 γὲ
1841 3056 1872 3108 ρ

291 3131 480 3185 ἑαυτὸν
505 3131 698 3201 ἱερεῖον
717 3130 945 3200 ἄμωμον
970 3130 1111 3198 ὑπὲρ
1133 3127 1287 3198 ἡμῶν
1309 3127 1387 3196 τῷ
1408 3128 1544 3197 Θεῷ,
1571 3129 1667 3179 καὶ
1684 3129 1871 3198 νοητὸν
1900 3158 1940 3213 C

291 3221 672 3291 ὁλοκαύτωμα,
711 3222 786 3284 ὡς
823 3220 1201 3290 προανετύπου
1236 3219 1399 3270 πάλιν
1434 3221 1562 3289 ἡμῖν
1605 3220 1635 3270 ὁ
1679 3218 1871 3271 θεσπέ-

293 3328 406 3374 σιος
428 3310 659 3380 Μωσῆς,
686 3314 751 3381 τῇ
786 3310 880 3364 τοῦ
909 3309 1215 3377 πνεύματος
1247 3307 1582 3375 φωταγωγίᾳ
1609 3305 1740 3375 πρὸς
1772 3306 1869 3374 τὴν

288 3404 399 3458 τῶν
447 3403 721 3473 ἐσομένων
774 3401 1184 3473 προηγούμενος
1235 3399 1455 3468 γνῶσιν.
1507 3398 1676 3451 Τοῦτο
1725 3398 1867 3468 γὰρ,

287 3490 464 3563 οἶμαι,
498 3494 721 3555 συνιεὶς,
754 3493 860 3563 πρὸ
885 3493 980 3560 τῆς
1008 3493 1087 3553 είς
1124 3491 1184 3542 τὸ
1215 3491 1326 3544 ἄνω
1359 3490 1579 3560 πορείας
1608 3490 1771 3542 αὐτοῦ
1808 3508 1866 3542 τε

287 3583 383 3637 καὶ
413 3584 523 3636 τῶν
551 3582 927 3651 κεκλημένων,
971 3600 986 3630 ι
1028 3580 1273 3651 Ἔγραψε
1318 3580 1493 3632 πάντα
1540 3579 1605 3631 τὰ
1648 3582 1866 3649 ῥήματα

287 3671 378 3725 τοῦ
402 3673 635 3742 Κυρίου.
666 3692 684 3723 ι
720 3672 859 3723 Τίδὲ
881 3671 1051 3740 τούτῳ
1104 3671 1494 3741 προεὶργασται
1518 3670 1865 3739 πά>.ιν,ὲροῡ-

289 3781 390 3833 μεν
427 3764 612 3824 εὐθύς.
646 3763 770 3833 Χρὴ
814 3761 943 3832 γαρ,
973 3758 1160 3830 οἶμαι,
1200 3763 1327 3823 τοὺς
1362 3760 1459 3829 τῆς
1507 3760 1639 3829 ὑψοῦ
1672 3779 1728 3812 τε
1772 3763 1867 3813 κιὶ

283 3854 400 3907 ἄνω
430 3853 656 3922 πορείας
688 3853 1034 3922 ἐφιεμένους,
1067 3852 1144 3914 είς
1176 3851 1298 3902 νοῦν
1327 3852 1421 3902 καὶ
1450 3852 1678 3920 καρδίαν
1710 3854 1864 3918 ἐγκε-

286 3943 637 4014 χαραγμένον
658 3942 800 4012 ἔχειν
834 3943 935 3994 τὸν.
959 3941 1055 3994 τοῦ
1086 3941 1223 3993 Θεοῦ
1261 3941 1442 4008 νόμον,
1479 3942 1777 4006 ἀναφωνεῖν
1806 3957 1864 3992 τε

281 4034 473 4087 λοιπὸν
493 4033 745 4101 καθάπερ
766 4036 828 4085 ὲκ
848 4032 1015 4101 λύρας
1037 4033 1169 4100 πρὸς
1196 4031 1374 4091 αὑτὸν,
1408 4048 1423 4079 ι
1467 4031 1553 4081 Ἐν
1577 4033 1640 4098 τῇ
1670 4031 1865 4100 καρδίᾳ

286 4140 389 4194 μου
649 4123 718 4175 τὰ
742 4123 899 4189 λόγια
931 4139 1045 4182 σου,
1072 4122 1219 4182 ὅπως
1252 4119 1317 4172 ἂν
1345 4118 1420 4188 μὴ
1450 4119 1680 4188 ἁμάρτω
1707 4135 1805 4171 σοι.
1841 4138 1862 4171 ι

283 4219 500 4288 Ὠσπερ
520 4217 631 4285 γάρ
659 4218 805 4267 ἐστιν
824 4214 923 4266 οὐκ
953 4212 1238 4273 ἀσυντελὲς
1267 4213 1346 4273 εἰς
1370 4210 1535 4278 ζωὴν,
1560 4211 1651 4262 καὶ
1676 4211 1865 4281 χρῆμα

284 4309 575 4379 σωτήριον,
618 4306 679 4358 τὸ
724 4305 833 4357 τῶν
882 4303 976 4355 τοῦ
1021 4302 1156 4353 Θεοῦ
1204 4300 1376 4366 λόγων
1426 4298 1732 4369 μεμνῆσθαι
1779 4301 1866 4353 διὰ

283 4400 520 4462 παντός’
549 4397 643 4450 τὸν
684 4395 843 4449 αὑτὸν
864 4436 879 4459 ,
918 4390 1092 4462 οἶμαι,
1124 4393 1323 4462 τρόπον
1352 4391 1571 4461 ὀλέθρου
1611 4392 1865 4461 πρόξενον

1976 582 2211 637 testibus
2242 581 2479 637 moritur
2508 582 2581 636 “.
2608 602 2627 635 ι
2661 581 3099 639 Conscendimus
3134 585 3304 655 igitur
3343 602 3446 642 nos
3475 604 3567 643 sa-

1973 673 2110 727 crati
2136 682 2309 743 atque.
2333 673 2495 729 electi
2537 674 2605 728 ad
2641 689 2913 746 supernas
2940 678 3276 743 mansiones;
3307 678 3480 734 veluti
3508 682 3571 735 iu-

1974 770 2216 817 montem
2259 763 2588 833 quemdam,
2624 766 2835 835 reliqua
2881 767 3045 837 plebe
3092 769 3234 824 infra
3285 779 3563 827 manente.

1981 872 2000 904 ι
2035 854 2154 908 Non
2179 854 2350 918 enim,
2376 855 2471 919 ait,
2498 855 2764 911 ascendet
2787 857 3025 927 populus
3044 873 3172 913 cum
3201 874 3272 914 eo
3298 877 3312 913 :
3346 878 3365 911 ι
3394 862 3563 932 quod,

1975 954 2035 999 ut
2058 945 2314 1001 Christus
2341 947 2437 1005 ait.
2471 965 2490 997 ι
2522 946 2677 1001 Multi
2706 949 2818 1002 sint
2839 949 3055 1014 vocati,
3087 951 3249 1020 pauci
3278 967 3413 1007 vero
3448 952 3567 1009 ele-

1973 1036 2134 1119 αἰξί.
2169 1055 2189 1087 ν
2217 1035 2581 1091 Aseendimus
2613 1051 2768 1099 vero,
2796 1037 2892 1092 sed
2934 1052 3060 1092 cum
3090 1038 3333 1096 Christo.
3359 1042 3569 1098 Aderat

1972 1128 2121 1183 enim
2144 1137 2277 1182 tunc
2303 1127 2665 1183 adorantibus
2690 1128 2892 1193 Aaron,
2917 1137 2975 1183 et
3006 1130 3075 1185 iis
3098 1132 3194 1200 qui
3223 1132 3406 1188 adhuc
3440 1134 3565 1189 lon-

1971 1224 2093 1292 gius
2111 1223 2341 1277 aberant
2363 1221 2760 1277 adnumeratus
2778 1221 2914 1277 Iuit.‘
2927 1223 3019 1277 Sic
3039 1232 3097 1278 et
3121 1222 3380 1279 Christus
3401 1225 3569 1296 longe

1972 1330 2003 1366 a
2036 1313 2199 1368 nobis
2230 1312 2405 1368 abfuit
2438 1322 2666 1383 propter
2699 1329 2820 1379 nos,
2857 1323 2918 1369 ut
2950 1324 3006 1369 et
3037 1330 3141 1371 nos
3173 1331 3301 1370 cum
3347 1317 3467 1386 ipso
3508 1325 3570 1372 et

1972 1418 2073 1471 per
2105 1404 2285 1472 ipsum
2317 1403 2467 1458 Patri
2509 1404 3099 1483 appropinquaremus.
3152 1405 3363 1461 Cuncta
3415 1407 3565 1461 enim

1972 1505 2199 1565 propter
2237 1511 2342 1550 nos
2379 1511 2443 1550 ac
2475 1511 2580 1565 pro
2625 1495 2786 1550 nobis
2818 1498 3099 1566 sapienter
3143 1497 3442 1553 ordinavit.
3494 1497 3567 1553 Ut

1971 1589 2121 1642 enim
2161 1588 2339 1641 hctus
2373 1596 2457 1641 est
2491 1588 2781 1643 nobiscum
2813 1589 3084 1653 mortalis,
3131 1588 3299 1658 329
3332 1596 3394 1643 ut
3437 1605 3564 1643 cum

1974 1676 2092 1745 ipso
2123 1692 2186 1731 ac
2210 1691 2312 1746 per
2340 1677 2521 1746 ipsum
2547 1677 2864 1733 viveremus
2901 1695 2916 1731 :
2945 1680 3147 1733 revixit
3166 1681 3336 1740 enim.
3368 1682 3566 1736 mortis

1974 1777 2244 1839 potestate
2277 1769 2588 1836 destructa;
2638 1770 2718 1826 sic
2750 1770 2933 1825 factus
2974 1781 3061 1826 est
3098 1772 3392 1827 nobiscum
3440 1774 3564 1828 lon-

1974 1861 2115 1930 gius,
2141 1859 2357 1917 tam'etsi
2381 1863 2503 1917 erat
2522 1878 2715 1932 prope,
2744 1870 2805 1916 ut
2833 1871 2890 1917 et
2918 1878 3021 1918 nos
3058 1876 3184 1917 cum
3219 1864 3340 1934 ipso
3370 1872 3426 1919 et
3463 1880 3564 1935 per

1975 1954 2153 2022 ipsum
2181 1954 2364 2008 denuo
2386 1955 2956 2023 appropinquaremus
2986 1954 3140 2009 Patri
3167 1973 3183 2007 ι
3208 1955 3356 2025 quod
3387 1965 3443 2011 et
3468 1972 3563 2011 ac-

1975 2044 2127 2100 cidit.
2151 2044 2586 2114 Compartieipes
2610 2044 2757 2098 enim
2785 2044 2836 2098 ei
2874 2044 3074 2098 redditi
3102 2060 3314 2108 sumus,
3339 2055 3397 2100 et
3420 2047 3562 2101 uniti

1974 2133 2087 2187 Deo
2118 2148 2180 2188 ac
2207 2134 2353 2189 Patri
2394 2148 2492 2203 per
2519 2133 2720 2202 ipsum,
2749 2132 3020 2202 siquidem
3057 2152 3077 2183 ι
3125 2133 3327 2189 divina:
3371 2150 3567 2189 sumus

1973 2233 2184 2279 natura
2204 2232 2510 2288 consortes,
2542 2241 2560 2275 ι
2609 2231 2672 2278 ιιι
2693 2224 2959 2293 scriptum
2996 2234 3082 2279 est
3103 2224 3173 2277 “.
3212 2224 3319 2279 Sed
3341 2240 3562 2281 sursum

1974 2314 2201 2369 tendere
2226 2315 2486 2384 praecepit
2515 2315 2900 2369 universorum
2922 2314 3070 2369 Deus
3091 2315 3225 2370 Mosi
3246 2324 3304 2371 et
3330 2315 3561 2379 Aaroni,

1974 2411 2029 2456 et
2060 2404 2114 2459 in
2143 2414 2330 2459 monte
2357 2406 2636 2476 aggregari
2668 2407 2988 2461 sacerdotes
3015 2414 3178 2477 atque
3205 2408 3456 2463 selectos.
3479 2408 3561 2462 Ad

1975 2492 2120 2547 illam
2153 2510 2284 2549 vero
2313 2496 2541 2564 gloriam
2579 2498 2886 2562 venientes,
2919 2507 2978 2552 et
3017 2512 3215 2553 revera
3260 2500 3563 2556 ascendere

1974 2599 2189 2638 sursum
2216 2596 2458 2655 paratos,
2485 2603 2596 2658 quo
2616 2596 2673 2644 et
2702 2589 2815 2642 D‘eo
2841 2590 3304 2660 appropinquent,
3335 2592 3561 2646 lustrari

1973 2682 2029 2727 et
2054 2674 2332 2742 puriﬁcari
2356 2676 2562 2731 Christi
2592 2677 2857 2746 sanguine
2888 2679 3170 2740 convenit,
3194 2681 3290 2748 qui
3316 2695 3418 2748 pro
3439 2695 3561 2735 oni—

1974 2762 2126 2816 nium
2173 2765 2287 2818 vita
2336 2766 2575 2819 animam
2626 2781 2782 2819 suam
2836 2767 3274 2823 redhostimento
3318 2772 3504 2839 posuit
3546 2790 3562 2824 :

1973 2854 2172 2908 obtulit
2194 2870 2414 2925 quoque
2455 2857 2620 2911 etiam
2664 2857 2718 2909 in
2750 2857 2977 2914 odorem
3017 2860 3304 2914 suavitatis
3340 2875 3563 2916 carnem

1975 2953 2333 3014 assumptam.
2360 2947 2523 3001 Dedit
2577 2947 2726 3001 enim
2778 2949 3024 3017 seipsum
3088 2950 3420 3005 sacriﬁcium
3475 2954 3562 3008 in-

1973 3036 2198 3090 noxium
2246 3051 2349 3104 pro
2382 3038 2542 3091 nobis
2588 3039 2719 3102 Deo,
2766 3053 2832 3092 ac
2865 3040 3112 3108 spiritale
3146 3040 3562 3108 holocaustum,

1979 3133 2037 3179 ut
2063 3125 2119 3179 in
2146 3133 2272 3195 typo
2296 3126 2455 3181 nobis
2486 3127 2681 3181 beatus
2710 3129 2886 3183 Moses
2922 3130 3105 3183 denuo
3132 3137 3563 3201 repraesentavit,

1975 3213 2379 3269 illuminatione
2409 3215 2639 3284 spiritus
2661 3217 2981 3285 pratcedens
2998 3217 3066 3271 ad
3093 3228 3442 3288 posterorum
3469 3224 3564 3291 qui

1973 3313 2338 3375 sequerentur
2369 3307 2760 3361 erudilionem.
2798 3308 2912 3364 IIoc
2953 3310 3122 3374 enim,
3155 3320 3311 3380 puto,
3355 3313 3561 3368 intelli-

1971 3411 2105 3465 gens
2129 3411 2229 3466 per
2251 3412 2410 3451 suum
2445 3405 2610 3467 atque
2637 3404 2955 3452 vocatorum
2981 3400 3035 3454 in
3062 3402 3349 3471 superiora
3373 3418 3567 3458 ascen-

1970 3502 2113 3552 sum,
2148 3507 2165 3538 ι
2200 3486 2433 3558 Scripsit
2460 3489 2646 3543 omnia
2671 3490 2841 3544 verba
2870 3491 3085 3546 Domini
3117 3494 3184 3549 ⁸⁸.
3216 3512 3234 3544 ι
3265 3494 3407 3561 Quid
3448 3494 3563 3550 hazc

1970 3595 2187 3634 rursum
2222 3580 2392 3635 fuerit
2435 3589 2814 3643 consecutum,
2855 3598 3003 3638 nunc
3041 3584 3309 3640 dicemus.
3335 3585 3562 3654 Oportet

1968 3670 2149 3734 enim,
2182 3678 2243 3724 ut
2286 3670 2543 3734 arbitror,
2576 3686 2673 3725 eos
2704 3671 2797 3740 qui
2830 3687 3051 3726 sursum
3097 3672 3331 3727 tendunt
3362 3682 3420 3726 et
3465 3688 3561 3727 su-

1969 3776 2137 3828 perna
2168 3768 2452 3830 appetunt,
2477 3761 2663 3814 animo
2686 3761 2950 3830 cordique
2984 3762 3312 3829 insculptam
3352 3762 3448 3815 Dei
3477 3762 3559 3816 le-

1968 3866 2089 3918 gem
2132 3858 2350 3921 gestare
2397 3868 2409 3902 :
2457 3853 2764 3906 exclamare
2817 3852 3057 3919 denique
3104 3865 3228 3904 cum
3268 3851 3446 3905 l’salte
3493 3854 3559 3907 ad

1967 3944 2139 3997 Deum
2182 3959 2249 3993 τι
2296 3943 2355 3995 In
2387 3942 2553 3995 corde
2608 3956 2734 3995 meo
2779 3940 3046 3994 abscondi
3086 3940 3303 4008 eloquia
3354 3949 3448 3997 tua
3501 3954 3561 3998 ut

1968 4047 2077 4085 non
2105 4045 2328 4101 peccem
2361 4031 2462 4085 tibi
2487 4030 2553 4083 “.
2600 4049 2619 4082 ι
2650 4030 2721 4085 Ut
2761 4028 2910 4082 enim
2942 4028 3077 4083 utile
3105 4036 3193 4083 est
3215 4030 3362 4095 vitae,
3390 4040 3446 4087 et
3473 4050 3561 4089 res

1968 4123 2258 4186 salutaris,
2325 4122 2623 4176 verborum
2676 4119 2773 4174 Dei
2832 4119 3040 4189 ubique
3095 4120 3442 4189 meminisse;
3489 4126 3557 4180 ad

1968 4213 2244 4276 eumdem,
2267 4222 2424 4284 puto,
2447 4211 2672 4265 modum
2698 4211 3000 4281 perniciem
3025 4212 3207 4279 all‘ert,
3234 4214 3383 4269 illius
3412 4215 3553 4271 obii-

1969 4303 2125 4368 visci,
2156 4311 2321 4373 atque
2362 4303 2639 4373 ignorare.
2675 4302 2853 4357 Moses
2885 4302 3071 4373 itaque
3100 4303 3322 4360 divinus
3361 4307 3560 4364 scribit

1977 4412 1994 4443 ι
2022 4393 2208 4448 omnia
2234 4393 2406 4448 verba
2436 4392 2677 4457 Domini,
2728 4411 2748 4443 ι
2781 4392 2849 4448 de
2888 4393 3091 4463 quibus
3123 4404 3180 4449 et
3220 4395 3364 4451 idem
3411 4399 3558 4468 apud

278 4491 344 4543 τε,
371 4487 826 4543 ἐπιλανθάνεσθαι
860 4485 1051 4553 φιλεῖν.
1090 4485 1295 4553 Γράφει
1328 4483 1504 4534 τοίνυν
1531 4485 1559 4536 ὁ
1597 4485 1862 4553 μακάριος

1970 4484 2268 4553 discipulos
2301 4498 2331 4537 a
2371 4498 2429 4538 se
2459 4482 2708 4538 eruditos
2738 4483 3004 4552 loquitur,
3046 4485 3134 4539 vel
3167 4485 3330 4540 nobis
3372 4488 3556 4556 potius

278 4582 486 4651 Μωσῆς
525 4600 545 4632 ι
583 4578 759 4632 πάντα
786 4579 855 4629 τὰ
893 4579 1113 4645 ῥήματα
1154 4574 1244 4626 τοῦ
1282 4575 1518 4644 Κυρίου,
1570 4596 1587 4626 υ
1628 4577 1754 4646 περὶ
1786 4572 1861 4628 ὧν

276 4674 374 4726 καὶ
402 4673 568 4735 αὐτὸς
591 4668 859 4738 ἐπεφώνει
888 4669 997 4728 τοῖς
1030 4666 1565 4734 παιδαγωγουμένοις
1587 4666 1649 4718 δι’
1672 4667 1859 4732 αὐτοῦ,

283 4764 484 4834 μᾶλλον
505 4763 564 4817 δὲ
596 4761 690 4815 καὶ
712 4762 840 4830 ἡμῖν
871 4759 1049 4819 αὐτοῖς
1067 4774 1078 4786 ·
1121 4774 1139 4806 ι
1180 4757 1289 4809 Καὶ
1317 4756 1572 4823 λαλήσεις
1596 4759 1652 4809 ὲν
1683 4760 1862 4823 αὐτοῖς

278 4857 590 4927 καθήμενος
617 4854 674 4906 ἐν
703 4853 856 4920 οἴκῳ,
889 4850 982 4902 καὶ
1010 4850 1372 4920 πορευόμενος
1407 4849 1465 4898 ὲν
1493 4847 1617 4917 ὁδῷ,
1642 4852 1731 4902 καὶ
1758 4869 1862 4903 κοι.

276 4949 598 5021 ταζόμενος,
631 4946 724 4999 καὶ
748 4943 1174 5010 διανιστάμενος.
1218 4938 1506 5008 Ὀρθρίσας
1529 4939 1586 4990 δὲ
1610 4939 1669 4991 τὸ
1695 4940 1859 5010 πρωῒ,

279 5042 669 5113 θυσιαστήριον
714 5035 1047 5105 ἀνεδείματο,
1096 5032 1414 5102 Περιῖστησι
1455 5031 1512 5083 δὲ
1543 5031 1690 5100 αὑτῷ
1725 5032 1862 5084 δυω-

279 5134 509 5186 καεδεκα
551 5130 733 5192 λίθους
772 5128 850 5191 εἱς
892 5127 991 5188 τὰς
1039 5124 1243 5176 δώδεκα
1279 5122 1450 5190 φυλὰς
1483 5121 1575 5174 τοῦ
1620 5125 1856 5193 Ἰσραήλ.

278 5225 392 5277 Καὶ
420 5221 709 5277 ἀπέστειλε
737 5219 862 5281 τοὺς
890 5216 1206 5275 νεανίσκους
1234 5213 1343 5264 τῶν
1371 5213 1500 5264 υἱῶν
1539 5214 1777 5285 Ἰσραὴλ,
1811 5215 1858 5266 οἳ

277 5318 374 5370 καὶ
416 5316 758 5385 ἀνήνεγκαν,
809 5309 1007 5379 φησὶν,
1042 5303 1498 5372 ὁλοκαυτώματα,
1536 5307 1628 5357 καὶ
1661 5305 1860 5360 ἔθυσαν

275 5409 469 5462 θυσίαν
498 5403 767 5475 σωτηρίου
795 5400 875 5472 τῷ
903 5399 1051 5471 Θεῷ,
1107 5396 1394 5469 μοσχάρια.
1451 5415 1470 5448 ι
1507 5396 1580 5448 Τὸ
1628 5398 1726 5467 μὲν
1768 5395 1859 5453 οὖν

272 5497 688 5568 θυσιαστήριον,
705 5492 876 5556 τύπος
906 5491 970 5545 ἂν
1005 5490 1088 5559 εἴη
1110 5489 1204 5542 καὶ
1228 5487 1374 5557 μάλα
1395 5486 1579 5556 σαφῶς
1602 5488 1698 5559 τῆς
1734 5489 1859 5542 Ἐκ.

1969 4574 2105 4643 ipsis
2148 4590 2165 4625 :
2200 4592 2218 4624 ι
2265 4572 2333 4626 Ει
2361 4572 2607 4641 loqueris
2637 4572 2692 4626 in
2739 4572 2873 4642 ipsis
2903 4573 3102 4630 sedens
3131 4575 3280 4630 domi
3324 4584 3453 4642 tute,
3501 4587 3559 4632 et

1968 4665 2257 4721 ambulans
2287 4664 2343 4719 in
2376 4665 2487 4728 via,
2531 4664 2832 4730 dormiens,
2875 4673 2932 4719 et
2972 4665 3165 4721 cubitu
3211 4681 3555 4738 surgens.—

1960 4762 2117 4817 Mane
2144 4776 2276 4817 vero
2302 4776 2642 4833 consurgens
2679 4761 2971 4817 aediﬁcavit
3013 4762 3208 4817 altare.
3251 4762 3321 4816 Et
3361 4761 3551 4816 statuit

1960 4836 2250 4908 duodecim
2294 4852 2507 4921 lapides
2548 4853 2603 4906 in
2633 4851 2923 4909 duodecim
2953 4853 3134 4907 tribus
3161 4852 3349 4906 Israel.
3376 4851 3552 4906 Misit-

1961 4958 2071 5011 que
2091 4944 2322 5013 juvenes
2345 4942 2585 4997 ﬁliorum
2616 4943 2804 5006 Israel,
2834 4941 2930 5011 qui
2957 4949 3012 4995 et
3039 4940 3365 4995 obtulerunt
3392 4940 3551 4995 holo-

1960 5044 2290 5099 cautomata,
2339 5045 2396 5090 et
2442 5034 2797 5089 immolarunt
2836 5031 3073 5086 hostiam
3115 5030 3372 5085 salutaris
3415 5032 3553 5095 Deo,

1960 5126 2162 5181 vitulos
2181 5127 2251 5180 ⁸⁸.
2286 5146 2304 5177 ι
2334 5126 2519 5180 Altare
2542 5123 2765 5193 quidem
2789 5129 2952 5190 typus
2976 5137 3099 5176 esse
3122 5126 3324 5190 potest,
3345 5128 3402 5176 et
3421 5122 3550 5191 qui-

1958 5217 2084 5271 dem
2111 5218 2311 5280 clarus,
2336 5216 2597 5271 Ecclesia:
2619 5213 2843 5275 Christi,
2867 5228 2987 5281 qua:
3010 5212 3065 5265 in
3098 5218 3283 5265 monte
3317 5211 3423 5266 sita
3442 5222 3550 5268 est.

1958 5309 2017 5364 In
2051 5309 2200 5364 edito
2245 5308 2393 5362 enim
2435 5308 2586 5370 loco,
2633 5312 2892 5372 tanquam
2944 5303 3000 5356 in
3048 5311 3234 5357 monte
3276 5301 3546 5372 quodam,

1959 5402 2107 5455 illam
2137 5400 2367 5454 alteram
2398 5398 2559 5453 sitam
2582 5411 2704 5450 esse
2729 5394 2984 5459 dicimus,
3009 5395 3173 5465 33o
3190 5408 3313 5464 qua:
3346 5392 3552 5463 primo-

1958 5492 2269 5562 genitomm
2295 5497 2379 5544 est
2408 5486 2750 5555 metropolis,
2794 5486 2950 5555 cujus
2989 5486 3174 5556 opifex
3219 5494 3278 5541 et
3307 5484 3549 5540 archite—

271 5590 509 5661 κλησίας
537 5582 631 5643 τοῦ
676 5583 947 5658 Χριστοῦ,
992 5582 1093 5651 τῆς
1129 5581 1290 5634 οἱονεί
1327 5597 1443 5643 πως
1473 5580 1565 5633 ἐπὶ
1612 5581 1673 5634 τὸ
1712 5582 1837 5651 ὅρος

1970 5592 2066 5637 :tus
2086 5582 2250 5637 Deus.
2282 5580 2663 5649 Repraesentat
2683 5590 2816 5645 ergo
2836 5577 3008 5632 altare
3029 5575 3192 5632 nobis
3213 5574 3543 5637 Ecclesiam,

344 5704 391 5735 ’δ”
420 5703 591 5758 IIebr.
625 5718 692 5761 χ,
736 5699 823 5753 28.
901 5698 943 5728 ⁵¹
973 5695 1161 5750 Matth.
1240 5710 1341 5755 xx,
1376 5694 1460 5748 16.
1543 5694 1583 5723 δ’
1619 5693 1660 5746 II
1704 5695 1849 5746 Petr.

1971 5694 2022 5746 4.
2057 5760 2061 5764 .
2097 5694 2141 5725 ⁸³
2168 5691 2339 5746 Exod.
2382 5706 2505 5744 xxxv
2530 5730 2542 5753 ,
2573 5690 2605 5742 4
2648 5697 2703 5744 et
2741 5688 2893 5743 alibi.
2973 5688 3017 5719 “
3058 5688 3203 5741 Psal.
3235 5701 3429 5750 cxvm,
3459 5687 3548 5742 15⁸

260 5775 320 5857 ,⁸³
352 5774 511 5830 Deut.
535 5789 609 5840 vr,
640 5773 708 5837 7;
746 5769 917 5825 Exod.
947 5782 1091 5832 xm,
1122 5766 1184 5851 Vl,
