4066 6282
478 335 582 393 519

1498 334 1556 390 S.
1599 332 1875 392 CYRILLI
1915 329 2385 387 ALEXANDRINI
2414 330 2734 386 ARCHIEP.

3654 321 3755 378 5'30

474 451 565 509 cui
608 461 663 506 ot
699 449 927 523 mystice
974 447 1131 503 valde
1169 446 1430 517 imposuit
1464 447 1643 503 Moses
1669 447 1884 518 lapides
1929 446 2070 501 duo-

2178 446 2458 517 κειμένης.
2497 444 2665 514 Ὑψοῦ
2691 444 2800 515 γὰρ
2830 440 3019 512 ὥσπερ
3050 441 3107 492 ἐν
3131 437 3248 510 ὄρει
3277 435 3373 507 τὴν
3399 432 3593 523 ἑτέραν
3622 431 3761 523 εἱναί

474 542 677 606 decim,
708 542 766 596 in
794 540 1021 596 totidem
1071 539 1250 595 tribus
1292 539 1480 609 populi
1510 539 1676 594 Israel
1716 557 1728 591 :
1758 539 1839 593 sic
1869 552 2071 607 prope-

475 632 698 688 modum
723 631 991 687 accedens
1019 630 1088 684 iis
1119 630 1211 700 qui
1236 623 1322 685 de.
1350 630 1615 700 sanguine
1647 627 1865 683 lsraelis
1899 633 2067 691 sunt;

475 725 678 794 quibus
710 724 865 779 locus
898 723 1137 778 maxime
1170 723 1396 787 decens,
1431 721 1681 777 Ecclesia
1709 718 1918 776 Christi
1947 726 2066 783 est;

475 825 538 869 ut
569 813 817 869 fortassis
844 814 1180 868 exclamasse
1226 813 1362 868 illud
1401 820 1655 883 oporteat
1697 830 1711 864 :
1749 830 1767 862 ι
1812 810 2068 865 Circum-

474 905 619 962 (labo
660 906 833 960 altare
874 914 1051 971 tuum,
1079 905 1331 971 Domine,
1376 914 1436 960 ut
1464 905 1689 960 audiam
1722 918 1914 960 vocem
1946 903 2068 957 lau-

474 999 562 1059 dis
590 998 657 1052 ".
690 1018 708 1050 ι
736 996 894 1064 Quod
923 998 1071 1053 enim
1098 996 1236 1067 ipsis
1257 997 1495 1051 maxime
1533 1005 1591 1051 et
1625 1003 1753 1050 ante
1777 995 1916 1050 alios
1945 993 2066 1084 ξλι-

474 1098 720 1147 vatorem
753 1104 819 1144 ac
850 1089 1278 1159 Redemptorem
1301 1088 1517 1144 miserit
1544 1087 1746 1142 Filium
1774 1086 1958 1150 Pater,
1987 1085 2070 1154 ip-

474 1192 653 1241 semet
680 1182 944 1246 declarat,
970 1197 1095 1236 cum
1124 1181 1202 1236 ait
1235 1198 1247 1234 :
1285 1199 1304 1231 ι
1333 1181 1455 1235 Non
1487 1195 1609 1235 sum
1641 1178 1842 1234 missus
1866 1177 1975 1232 nisi
1996 1176 2068 1232 ad

476 1289 610 1329 oves
650 1288 775 1343 quae
804 1271 1090 1343 perierunt
1128 1270 1327 1325 domus
1373 1270 1540 1324 Israel
1586 1271 1652 1322 ".
1710 1287 1729 1319 ι
1771 1269 2067 1338 Postquam

478 1379 611 1420 vero
653 1364 859 1434 ingenti
903 1371 1198 1432 pereuntes
1229 1362 1469 1417 amentia
1500 1361 1556 1416 in
1590 1361 1744 1415 illum
1791 1369 1925 1415 sunt
1967 1358 2066 1414 de-

480 1456 729 1513 bacchati
763 1438 974 1520 Judaei,
1023 1453 1340 1509 necessario
1371 1452 1626 1511 Christus
1669 1451 1738 1506 ad
1783 1460 1976 1521 gentes
2008 1465 2068 1505 se

479 1546 772 1603 convertit.
826 1543 984 1611 Quod
1032 1543 1199 1613 igitur
1240 1542 1399 1597 locus
1453 1542 1688 1596 maxime
1730 1548 1890 1610 aptus
1935 1538 2068 1609 ipsis

476 1647 616 1701 erat,
641 1646 704 1691 ut
730 1637 893 1692 modo
919 1636 1193 1699 dicebam,
1225 1634 1398 1688 altare
1421 1632 1649 1697 Christi,
1679 1632 1856 1686 Moses
1880 1631 2068 1700 praesi-

476 1728 773 1800 gniﬁcavit,
815 1741 1098 1796 apponens
1130 1724 1230 1793 ipsi
1266 1723 1477 1793 lapides
1511 1722 1800 1777 duodecim
1834 1721 1890 1775 in
1937 1720 2065 1775 toti-

477 1792 602 1875 dem
627 1820 806 1874 tribus
826 1792 1015 1873 Israel.
1041 1792 1196 1882 Quod
1226 1792 1360 1870 vero
1384 1814 1710 1869 fortitudine
1733 1812 2063 1877 admirandi,
2099 1792 2142 1847 Β

477 1911 586 1966 hoc
616 1919 720 1973 est,
758 1908 1012 1979 spiritali,
1055 1923 1178 1977 qua:
1216 1905 1519 1962 secundum
1552 1907 1725 1960 Deum
1756 1913 1861 1970 est,
1896 1904 2066 1958 robu-

477 2010 729 2069 stamque
758 2015 822 2053 ac
866 1998 1102 2052 validam
1145 2003 1384 2051 mentem
1423 1996 1758 2060 obtinentes,
1791 1994 2066 2052 sacriﬁca-

478 2091 592 2147 turi
635 2097 795 2145 erant
832 2096 1140 2163 opportune
1178 2085 1399 2141 Christo
1443 2100 1691 2149 sacrum,
1724 2099 1792 2139 ex
1830 2083 1905 2139 iis
1947 2098 2068 2152 qua:

477 2190 629 2254 gesta
654 2188 783 2237 sunt
815 2180 973 2235 facile
1003 2178 1204 2233 discas.
1243 2176 1395 2231 Missi
1422 2176 1630 2231 etenim
1661 2183 1792 2230 sunt
1812 2176 2064 2247 juvenes,

477 2279 536 2326 et
562 2271 885 2326 obtulerunt
911 2270 1251 2323 holocausta.
1288 2266 1345 2321 ld
1373 2275 1556 2321 autem
1589 2265 1908 2336 praestitisse
1932 2264 2066 2319 bea-

480 2370 567 2418 tos
591 2361 961 2431 comperimus
979 2359 1274 2429 apostolos,
1300 2359 1395 2427 qui
1416 2372 1658 2423 omnem,
1679 2365 1740 2411 ut
1761 2356 1836 2410 ita
1864 2356 2064 2420 dicam,

480 2464 754 2510 terrarum
795 2452 987 2507 orbem
1016 2459 1380 2521 peragrarunt
1410 2449 1802 2515 sacriﬁcantes,
1827 2459 1884 2505 et
1909 2450 2065 2504 holo-

479 2553 670 2599 causta
706 2544 818 2597 Deo
847 2542 1163 2607 offerentes,
1200 2541 1305 2597 hoc
1331 2549 1434 2606 est,
1460 2556 1558 2596 eos
1583 2541 1676 2611 qui
1712 2540 1818 2595 ﬁde
1852 2556 1983 2595 sana
2012 2548 2069 2595 et
2102 2540 2124 2563 ‘

481 2634 694 2704 integra
737 2634 916 2689 ornati
958 2640 1109 2698 sunt,
1144 2641 1202 2687 ct
1239 2647 1404 2702 quam
1447 2632 1652 2702 optime
1693 2632 1760 2686 ad
1804 2631 2065 2685 virtutem

479 2725 803 2796 comparati.
834 2725 955 2779 Non
986 2724 1135 2778 enim
1165 2734 1251 2778 est
1277 2724 1564 2779 imbecillas
1602 2722 1823 2788 mentis,
1849 2723 2066 2793 perspi-

478 2834 584 2875 cue
609 2820 746 2873 alios
776 2818 979 2873 docere
1007 2832 1190 2887 posse,
1220 2832 1401 2885 neque
1433 2816 1601 2870 animi
1636 2813 1862 2879 inﬁrmi,
1888 2828 2068 2883 neque

480 2909 836 2966 saecularibus
884 2908 1177 2964 desideriis
1228 2907 1468 2971 assueti,
1521 2915 1578 2961 at
1624 2905 1915 2976 praeparati
1952 2905 2064 2970 sic,

480 3009 540 3055 ct
580 3001 898 3071 juvenilitcr
942 2998 1204 3063 animati,
1254 3007 1315 3052 ut
1356 2997 1576 3052 tandem
1621 2996 1807 3051 dicere
1845 3003 2011 3066 queat
2051 3011 2064 3046 :

488 3110 508 3141 ι
544 3090 676 3144 Mihi
728 3091 913 3144 vivere
959 3088 1213 3143 Christus
1253 3095 1371 3152 est,
1414 3097 1471 3142 et
1503 3086 1641 3141 mori
1683 3086 1902 3140 lucrum
1932 3084 1998 3139 ⁸⁸.
2040 3103 2060 3135 ι

480 3182 585 3249 Qui
617 3182 764 3237 enim
801 3182 922 3236 talis
951 3188 1061 3245 est,
1098 3195 1228 3234 vere
1268 3180 1488 3251 juvenis
1520 3186 1606 3233 est
1651 3177 1855 3241 audax,
1901 3184 2066 3246 atque

482 3272 616 3341 ipsis
650 3272 963 3327 fortissimis
991 3270 1456 3325 annumerandus.
1489 3268 1717 3339 Oportet
1755 3277 1940 3323 autem
1980 3269 2066 3337 ip-

483 3377 607 3417 sum
639 3363 751 3416 Deo
774 3362 974 3416 oﬁ‘erre
997 3362 1315 3415 holocausta
1346 3375 1410 3414 ac
1439 3359 1745 3429 spiritualia
1777 3358 2066 3422 sacriﬁcia,

483 3462 541 3507 et
583 3468 738 3507 sacra
773 3453 1115 3507 insensibilia
1156 3460 1521 3515 contrectare,
1567 3452 1804 3505 salutare
1852 3464 2071 3519 quoque

484 3542 707 3598 adolere
740 3542 1070 3599 sacriﬁcium
1098 3562 1111 3595 :
1140 3543 1287 3613 quod
1315 3557 1415 3612 per
1438 3542 1652 3596 oblatos
1681 3542 1885 3596 vitulos
1904 3541 2069 3595 etiam

485 3636 769 3708 aptissime
802 3635 1148 3707 designatum
1176 3643 1281 3688 est.
1308 3633 1633 3703 Aliquando.
1660 3632 1809 3688 enim
1848 3633 2070 3702 quidem

484 3726 558 3781 ob
587 3725 775 3791 robur,
812 3732 869 3779 et
913 3723 1042 3794 quia
1088 3723 1234 3777 inter
1263 3721 1520 3777 animalia
1550 3738 1674 3791 qua:
1705 3730 1892 3777 sancta
1925 3721 2073 3776 dicc-

486 3816 708 3881 bantur,
740 3816 1063 3886 primarium
1096 3816 1305 3870 vitulus
1323 3814 1696 3884 est,.perfecto
1720 3814 1894 3868 vitulo
1916 3813 2074 3867 Chri-

487 3919 606 3964 stus
656 3907 990 3963 assimilatur
1035 3906 1383 3977 :aliquando
1425 3907 1591 3961 etiam
1643 3920 1813 3975 parvo
1863 3904 2069 3969 vitulo;

487 4016 650 4070 quam
676 4000 748 4055 ob
774 4014 1017 4064 causam,
1046 4008 1108 4054 ut
1135 3999 1313 4065 vides,
1347 3998 1512 4053 homo
1544 3997 1721 4052 factus
1753 3996 1911 4067 331
1940 3995 2074 4051 Uni-

487 4092 726 4162 genitus,
755 4091 857 4145 sub
879 4090 1166 4145 servitutis
1183 4093 1315 4161 jugo
1341 4097 1503 4145 natus
1525 4089 1660 4155 fuit;
1687 4103 1881 4143 verum
1904 4086 2075 4156 siqui-

489 4181 613 4236 dem
639 4190 723 4236 est
740 4182 889 4249 quod
920 4182 977 4234 in
1008 4181 1185 4235 forma
1207 4182 1350 4236 servi
1374 4180 1713 4250 apparuerit.
1767 4179 1876 4234 Sed
1903 4195 2074 4249 quan—

491 4279 609 4324 tum
647 4269 832 4323 dicere
870 4269 951 4324 fas
981 4277 1086 4334 est,
1120 4269 1178 4322 in
1221 4270 1405 4324 carnis
1440 4269 1592 4323 venit
1623 4269 1965 4338 mysterium,
1990 4267 2074 4323 fa-

492 4367 615 4414 ctus
639 4359 928 4414 nobiscum
958 4359 1063 4413 sub
1086 4360 1231 4429 .jugo
1265 4359 1566 4423 servitutis,
1597 4359 1693 4413 sed
1718 4359 1832 4431 iugi
1861 4360 2077 4415 servilis

2177 553 2383 606 φαμεν,
2398 536 2498 607 τὴν
2521 535 2632 587 τῶν
2657 532 3015 604 πρωτοτόκων
3042 525 3397 601 μητρόπολιν,
3419 517 3486 597 ἧς
3512 522 3763 594 τεχνίτης

2171 627 2268 679 καὶ
2305 626 2634 697 δημιουργὸς
2676 626 2705 678 6
2747 624 2897 687 Θεός.
2944 617 3291 686 Ἐξεικονίζει
3339 613 3632 685 τοιγαροῦν
3663 612 3762 683 τήν

2184 718 2512 789 Ἐκκλησίαν
2543 719 2674 789 ἡμῖν
2703 716 2765 770 τὸ
2791 714 3207 785 θυσιαστήριον
3241 703 3286 779 ᾧ
3319 708 3414 762 καὶ
3450 705 3573 760 λίαν
3613 705 3762 758 οἰκο-

2170 809 2411 879 νομικῶς
2444 810 2788 879 περιῖστησιν
2817 808 2846 859 6
2883 806 3089 874 Μωσῆς
3126 802 3251 864 τοὺς
3300 798 3509 852 δώδεκα
3542 796 3725 859 λίθους
3746 836 3761 861 ο

2171 905 2250 965 εἱς
2271 900 2367 963 τὰς
2394 900 2602 955 δώδεκα
2622 896 2794 968 φυλὰς
2819 896 2913 950 τοῦ
2960 894 3175 965 Ἰσραήλ
3194 910 3209 928 ’
3239 890 3523 963 μονονουχὶ
3550 888 3646 941 καὶ
3673 886 3764 940 διὰ

2168 992 2329 1046 τοῦτο
2362 989 2802 1062 προπαρεγγυῶν
2841 989 2955 1052 τοῖς
2992 986 3053 1050 ἐξ
3098 986 3332 1054 αἵματος
3387 980 3637 1053 Ἰσραὴλ,
3676 981 3761 1033 ὅτι

2171 1084 2347 1157 χῶρος
2386 1083 2569 1147 αὐτοῖς
2596 1084 2626 1136 6
2661 1081 2898 1153 μάλιστα
2941 1078 3188 1150 πρέπων,
3215 1078 3251 1147 ή
3292 1074 3590 1145 Ἐκκλησία
3621 1073 3760 1142 Χριο

2172 1177 2299 1231 στοῦ
2320 1193 2334 1208 ο
2363 1176 2458 1229 καὶ
2472 1175 2613 1245 τάχα
2635 1190 2740 1227 που
2761 1168 3180 1242 διακεκραγέναι
3201 1168 3381 1238 δεήσει
3417 1182 3430 1196 ·
3467 1166 3759 1218 (Κατακο-

2171 1271 2367 1325 κλώσω
2394 1270 2456 1323 τὸ
2477 1265 2864 1336 θνσιαστήριόν
2907 1279 3023 1323 σου,
3049 1260 3246 1333 Κύριε,
3276 1258 3371 1313 τοῦ
3417 1255 3652 1312 ἀκοῦσαί
3689 1273 3757 1326 με

2170 1361 2353 1433 φωνὴν
2375 1359 2691 1422 αἰνέσεως.»
2712 1358 2834 1410 Ὅτι
2863 1355 3002 1426 πρὸς
3022 1353 3133 1423 γὰρ
3162 1352 3359 1414 αὐτοὺς
3395 1348 3629 1421 μάλιστα
3659 1348 3757 1399 καὶ

2171 1454 2278 1525 πρό
2310 1470 2374 1522 γε
2404 1452 2512 1506 τῶν
2541 1449 2716 1505 ἀλλων
2747 1447 2979 1516 Σωτῆρα
3015 1445 3108 1499 καὶ
3142 1442 3439 1514 Αυτρωτὴν
3468 1439 3757 1505 ἀπέστειλε

2169 1547 2262 1601 τὸν
2304 1545 2434 1599 Υίὸν
2474 1546 2503 1597 6
2536 1542 2764 1614 Πατὴρ,
2812 1541 3065 1608 σαφηνιεί
3114 1536 3289 1605 λέγων
3323 1533 3519 1597 αὑτός·
3571 1550 3592 1584 ι
3639 1532 3759 1585 Οὐκ

2170 1634 2485 1704 ἀπεστάλην
2506 1672 2521 1696 ,
2547 1634 2596 1686 εί
2633 1630 2708 1703 μὴ
2736 1632 2816 1694 είς
2841 1630 2914 1683 τὰ
2940 1627 3188 1702 πρόϐατα
3220 1625 3288 1679 τὰ
3321 1622 3638 1680 ἀπολωλότα
3675 1624 3758 1676 oi-

2171 1745 2269 1782 κου
2327 1724 2566 1797 Ἰσραήλ.
2620 1743 2640 1776 ι
2703 1720 2920 1792 Ἐπειδὴ
2960 1720 3019 1774 δὲ
3066 1720 3147 1782 εἱς
3192 1717 3457 1780 ἐκτύπους
3496 1714 3761 1777 ἀπονοίας

2173 1817 2536 1888 ὠλισθηκότες
2564 1814 3025 1885 πεπαρῳνήκασιν
3050 1813 3131 1875 εἱς
3153 1811 3345 1877 αὐτὸν,
3367 1806 3759 1880 μετακεχωρη-

2175 1929 2267 1965 κεν
2296 1882 2610 1978 ἀναγκαίως
2633 1882 2730 1960 ἐπί
2754 1882 2823 1959 τὰ
2850 1882 2977 1975 ἔθνη
3006 1901 3261 1973 Χριστός.
3293 1902 3413 1954 Ὅτι
3442 1900 3621 1954 τοίνυν
3649 1898 3757 1968 χῶ-
3844 1882 3853 1890 ’

2176 2020 2268 2074 ρος
2303 2004 2331 2056 ό
2373 2000 2607 2073 μάλιστα
2659 1998 2885 2069 πρέπων
2930 1993 2999 2068 ἦν
3047 1997 3260 2060 αὐτοῖς,
3311 1992 3567 2063 καθάπερ
3616 1990 3758 2061 ἔφην

2172 2095 2396 2167 ἀρτίως,
2417 2093 2479 2147 τὸ
2498 2091 2589 2146 τοῦ
2615 2088 2853 2161 Χριστοῦ
2880 2088 3284 2159 θυσιαστήριον,
3313 2085 3758 2158 προκατεσήμαι-

2174 2203 2262 2241 νεν
2293 2188 2323 2240 6
2350 2184 2570 2255 Μωσῆς,
2604 2183 2945 2252 περιστήσας
2982 2179 3132 2248 αὑτῷ
3162 2179 3291 2241 τοὺς
3331 2178 3541 2232 δώδεκα
3574 2176 3761 2240 λίθους

2173 2278 2253 2340 είς
2278 2274 2379 2337 τάς
2401 2274 2608 2328 δώδεκα
2640 2271 2812 2341 φυλὰς
2837 2269 2928 2325 τοῦ
2969 2270 3204 2341 Ἰσραήλ.
3234 2270 3357 2322 Ὅτι
3377 2268 3434 2322 δὲ
3456 2267 3681 2338 ἔμελλον
3706 2264 3758 2318 οἱ

2173 2367 2262 2419 ἐπ’
2285 2363 2505 2435 ἀνδρείᾳ.
2532 2361 2991 2431 τεθαυμασμένοι,
3019 2359 3179 2428 δῆλον
3211 2358 3268 2412 δὲ
3297 2359 3380 2413 ὅτι
3409 2360 3758 2428 πνευματικῇ

2173 2458 2267 2511 καὶ
2295 2455 2440 2510 κατὰ
2472 2455 2624 2519 Θεὸν,
2655 2456 2702 2508 οἱ
2730 2451 2960 2521 εὐσθενῆ
2983 2468 3044 2505 τε
3074 2452 3171 2505 καὶ
3200 2449 3517 2523 ἐρρωμένον
3540 2450 3760 2520 ἔχοντες

2173 2547 2320 2613 νοῦν,
2354 2547 2727 2617 ἱερουργήσειν
2758 2543 2898 2597 κατὰ
2923 2541 3146 2613 καιροὺς
3179 2541 3241 2595 τὸ
3274 2541 3510 2611 Χριστοῦ
3548 2540 3764 2610 μυστή-

2178 2658 2312 2713 ριον,
2348 2638 2658 2710 καταμάθοι
2684 2655 2767 2702 τις
2796 2637 2862 2691 ἂν
2887 2636 2996 2689 ἀπό
3022 2652 3086 2702 γε
3116 2630 3211 2688 τοῦ
3244 2632 3553 2702 γεγονότος.
3624 2633 3763 2685 Ἀπ-

2177 2732 2494 2787 εστέλλοντο
2545 2730 2645 2801 μὲν
2686 2728 2793 2800 γὰρ
2830 2729 2879 2782 οἱ
2919 2727 3225 2789 νεανίσκοι,
3263 2725 3357 2779 καὶ
3382 2724 3662 2795 προσῆγον
3687 2722 3760 2775 τὰ

2173 2823 2615 2893 ὁλοκαυτώματα.
2649 2821 2820 2874 Τοῦτο
2861 2819 3188 2889 δεδρακότας
3225 2819 3352 2880 τοὺς
3393 2816 3585 2886 ἁγίους
3617 2817 3761 2868 ἀπο-

2176 2915 2396 2978 στόλους
2426 2913 2783 2984 εὑρίσκομεν,
2811 2911 2861 2965 οἳ
2901 2911 3081 2964 πᾶσαν
3100 2949 3116 2973 ,
3146 2907 3337 2989 ὥσπερ
3365 2908 3563 2970 εἰπεῖν,
3604 2922 3762 2976 περι-

2174 3006 2403 3076 εφοίτων
2434 3004 2531 3078 τὴν
2563 3003 2687 3074 γῆν,
2723 3000 3131 3076 ἱερουργοῦντες
3156 2996 3308 3068 αὐτῷ
3335 2998 3429 3050 καὶ
3458 2995 3763 3068 προσάγον-

2174 3116 2265 3162 τες
2295 3095 2743 3168 ὁλοκαυτώματα,
2758 3093 3024 3157 τουτέστι,
3047 3092 3172 3157 τοὺς
3193 3092 3250 3143 ὲν
3269 3089 3557 3161 ἀμωμήτῳ
3578 3087 3759 3142 πίστει

2175 3191 2516 3259 διαπρεπεῖς,
2539 3186 2634 3241 καὶ
2657 3184 2763 3255 μὴν
2785 3185 2880 3238 καὶ
2903 3183 3284 3251 σπουδάσμασι
3309 3181 3437 3242 τοὺς
3458 3180 3537 3241 εἱς
3558 3175 3762 3248 ἀρετὴν

2171 3277 2231 3335 εὖ
2267 3280 2409 3351 μάλα
2433 3277 2865 3349 διηρτισμένους.
2903 3275 2978 3329 Οὐ
3008 3276 3118 3345 γάρ
3142 3275 3311 3338 ἐστιν,
3335 3272 3437 3325 οὐκ
3472 3270 3610 3335 ἔστι,
3640 3268 3763 3323 δια-ο

2171 3373 2317 3435 νοίας
2337 3369 2600 3442 ἀδρανοῦς
2622 3370 2681 3422 τὸ
2706 3369 3085 3440 μυσταγωγεῖν
3110 3364 3369 3419 δύνασθαι
3404 3362 3612 3432 σαφῶς,
3632 3360 3759 3414 οὔτε

2172 3463 2264 3516 νοῦ
2297 3461 2582 3524 νοσοῦντος
2611 3460 2673 3513 τὸ
2701 3458 2916 3524 ἀναλκι,
2948 3458 3042 3512 καὶ
3075 3458 3370 3528 καταρρεῖν
3399 3453 3651 3515 εἰωθότος
3679 3453 3763 3511 εἱς

2173 3554 2466 3622 ἐπιθυμίας
2495 3552 2766 3621 κοσμικάς
2785 3569 2798 3582 ·
2831 3549 3231 3619 ὲσκευασμένου
3261 3547 3318 3600 δὲ
3343 3545 3489 3600 οὕτω
3514 3544 3612 3598 καὶ
3644 3560 3764 3598 νεα-

2172 3645 2336 3708 νικῶς
2354 3644 2569 3715 ἔχοντος
2583 3683 2598 3708 ,
2628 3644 2704 3707 ὡς
2723 3643 2819 3697 καὶ
2837 3643 3012 3695 εἰπεῖν
3032 3638 3293 3693 δύνασθαι
3312 3637 3518 3691 λοιπόνο
3546 3653 3565 3687 ι
3606 3631 3764 3704 Ἐμοὶ

2172 3737 2282 3809 γὰρ
2310 3737 2372 3790 τὸ
2404 3735 2538 3805 ζῇν,
2567 3732 2822 3805 Χριστὸς,
2878 3733 2973 3786 καὶ
3008 3730 3068 3784 τὸ
3103 3728 3431 3796 ἀποθανεῖν,
3463 3727 3682 3799 κέρδος.⁴
3738 3745 3758 3775 ι
3820 3754 3825 3755 ί

2173 3830 2410 3891 Νεανίας
2439 3827 2549 3898 γὰρ
2570 3828 2599 3879 6
2623 3824 2895 3890 τοιοῦτος,
2923 3824 3015 3878 καὶ
3039 3821 3150 3876 τῶν
3171 3821 3311 3890 ἄγαν
3337 3817 3763 3890 ἀλκιμωτάτων.

2174 3918 2381 3989 Πρέπει
2405 3916 2449 3968 δ’
2481 3915 2548 3970 ἂν
2580 3913 2753 3985 αὐτῷ,
2776 3913 2839 3967 τὸ
2865 3910 3157 3982 καθιερορν
3184 3910 3262 3980 τῷ
3288 3907 3409 3979 Θεῷ
3434 3909 3502 3962 τὰ
3530 3906 3759 3961 ὁλοκαυ-

2171 4005 2436 4076 τώματα,
2486 4003 2582 4058 καὶ
2623 4003 2813 4065 θυσίας
2849 3998 3226 4071 πνευματικὰς
3251 4038 3266 4062 ,
3299 3999 3395 4053 καὶ
3446 3995 3769 4068 ἱερουργίας

2174 4095 2444 4153 ἅπτεσθαι
2476 4094 2577 4165 τῆς
2613 4093 2843 4165 νοητῆς,
2888 4093 2984 4146 καὶ
3010 4092 3110 4160 τὴν
3138 4090 3237 4145 τοῦ
3263 4088 3534 4160 σωτηρίου
3569 4086 3771 4142 θυσίαν

2172 4184 2548 4258 ἀποπληροῦνο
2576 4185 2611 4254 ἢ
2632 4184 2729 4239 καὶ
2757 4183 2849 4237 διὰ
2875 4182 2988 4236 τῶν
3018 4180 3537 4254 προσενηνεγμένων
3564 4194 3773 4249 μοσχα-

2178 4281 2308 4352 ρίων
2323 4275 2383 4334 εὖ
2405 4279 2551 4351 μάλα
2565 4274 3058 4348 προανεπλάττετο.
3074 4274 3210 4327 [locs
3231 4273 3328 4343 μὲν
3344 4272 3456 4344 γὰρ
3470 4270 3632 4325 διὰτὸ
3641 4269 3771 4325 λίαν

2178 4370 2450 4435 εὐσθενὲς,
2485 4368 2580 4423 καὶ
2609 4368 2692 4422 ὅτι
2715 4365 2824 4420 τῶν
2848 4365 3132 4436 ἀϐεϐήλων
3164 4362 3317 4429 ζώων
3343 4362 3406 4416 τὸ
3439 4361 3770 4433 ὑπέρταων,

490 4465 723 4521 expers;
756 4449 1206 4520 quandoquidem
1237 4451 1480 4507 etelestis
1505 4458 1628 4506 erat
1657 4460 1870 4508 natura:
1899 4468 1964 4507 ac
2004 4453 2072 4507 li-

2184 4463 2381 4534 μόσχος
2393 4461 2533 4527 ἐστὶ,
2545 4457 2728 4530 μόσχῳ
2743 4455 2934 4526 τελείῳ
2950 4453 3344 4528 παρεικάζεται
3358 4453 3614 4524 Χριστός·
3630 4452 3773 4505 ποτὲ

492 4542 659 4598 herae.
708 4542 850 4597 Hinc
897 4542 1071 4597 vitulo
1112 4550 1483 4613 comparatur,
1524 4543 1672 4613 quod
1714 4551 1772 4598 et
1814 4543 1918 4598 sub
1943 4545 2073 4614 jugo

492 4633 680 4698 fuerit,
716 4640 775 4687 et
799 4633 915 4704 jugi
947 4648 1165 4704 expers.
1213 4635 1410 4704 Jugum
1457 4634 1604 4688 enim
1639 4634 1817 4689 nescit
1845 4636 2072 4700 vitulus,

490 4725 597 4781 etsi
617 4725 751 4796 jugo
774 4724 1101 4779 destinetur.
1135 4724 1309 4779 Aliter
1337 4743 1351 4779 :
1374 4726 1507 4781 licet
1529 4734 1692 4781 natus
1712 4727 1784 4781 sit
1810 4727 1914 4781 sub
1933 4726 2074 4797 lege,

492 4817 665 4872 veluti
706 4816 812 4872 sub
846 4817 999 4888 jugo,
1037 4825 1217 4871 tamen
1247 4816 1388 4871 liber
1410 4817 1532 4872 fuit.
1568 4818 1701 4872 Erat
1738 4818 1886 4872 enim
1919 4834 2084 4889 supra

495 4906 694 4979 legem,
729 4907 858 4978 quia
894 4907 1173 4979 legislator
1197 4922 1262 4962 ac
1293 4908 1458 4963 Deus.
1498 4906 1576 4963 Ac
1604 4908 1791 4974 tertio,
1838 4909 1884 4963 si
1927 4909 2083 4965 vide-

503 5006 610 5064 tur,
644 4999 880 5068 portavit
908 5013 1132 5054 carnem
1166 5005 1443 5055 terrenam
1487 5000 1761 5055 inﬁrmam
1805 5002 1863 5057 in
1905 5003 2082 5073 seipsa

497 5099 724 5162 propter
762 5092 935 5162 legem
980 5094 1225 5162 peccati,
1264 5103 1328 5147 ut
1355 5092 1558 5148 Paulus
1596 5095 1673 5149 ait
1711 5094 1775 5149 υ.
1807 5093 2083 5161 Quantum

496 5181 646 5235 enim
674 5180 743 5236 ad
770 5183 1048 5239 carnalem
1076 5192 1352 5249 naturam,
1389 5185 1688 5240 incurrisse
1715 5195 1973 5240 censetur
1990 5187 2081 5255 ju-

498 5286 627 5341 gum
661 5274 902 5342 peccati;
929 5275 1024 5330 sed
1049 5275 1118 5329 ab
1144 5276 1293 5330 omni
1327 5276 1485 5346 culpa
1512 5275 1618 5330 fuit
1646 5291 1822 5346 purus
1857 5284 1913 5329 et
1938 5274 2082 5329 inte-

501 5377 637 5433 ger:
671 5383 689 5415 ι
725 5365 1013 5420 Damnavit
1042 5368 1189 5421 enim
1220 5375 1507 5438 peccatum
1538 5368 1592 5422 in
1622 5383 1808 5432 carne,
1835 5377 1897 5435 ut
1918 5366 2084 5437 justi-

504 5454 686 5510 ﬁcatio
708 5457 845 5527 legis
874 5458 1199 5528 impleretur
1220 5461 1277 5514 in
1314 5461 1496 5527 nobis,
1520 5463 1616 5532 qui
1639 5476 1749 5516 non
1778 5459 2084 5516 secundum

506 5557 724 5602 carnem
765 5548 1129 5615 ambulamus,
1176 5552 1269 5607 sed
1316 5554 1618 5608 secundum
1654 5553 1912 5623 spiritum
1948 5551 2012 5604 ⁵⁸.
2060 5570 2076 5602 ι

2180 4552 2237 4605 δὲ
2257 4549 2439 4622 μικρῷ
2455 4548 2755 4621 μοσχαρίῳ,
2775 4547 2867 4600 καὶ
2893 4545 3008 4600 ἀνθ’
3026 4544 3345 4609 ὅτου,πάλιν
3368 4544 3520 4614 ὁρᾷς,
3538 4543 3778 4611 γέγονεν

2182 4640 2467 4711 ἄνθρωπος
2491 4640 2519 4691 6
2539 4636 2873 4707 Μονογενὴς,
2896 4635 2991 4689 καὶ
3007 4634 3114 4689 ὑπὸ
3135 4634 3299 4704 ζυγὸν
3316 4633 3580 4698 δουλείας,
3605 4636 3779 4706 εἴπερ

2184 4734 2331 4785 ἐστὶν
2363 4729 2562 4801 ἀληθὲς
2589 4729 2672 4782 ἇτι
2705 4728 2944 4798 πέφηνεν
2977 4728 3036 4781 ὲν
3068 4726 3253 4780 δούλου
3296 4729 3499 4797 μορφῇ.
3542 4724 3683 4779 Ἀλλ’
3722 4729 3777 4780 εί

2182 4823 2275 4875 καὶ
2301 4822 2424 4875 ὅσον
2449 4821 2622 4874 εἰπεῖν
2650 4816 2786 4891 ἧκεν
2805 4861 2820 4884 ,
2856 4819 2936 4881 είς
2960 4835 3025 4886 γε
3052 4817 3116 4870 τὺ
3155 4819 3214 4870 ὲν
3244 4817 3407 4888 σαρκὶ
3440 4818 3776 4886 μυστήριον,

2181 4913 2370 4983 γέγονε
2412 4911 2529 4980 μεθ’
2559 4911 2717 4981 ἡμῶν
2748 4910 2853 4965 ὑπὸ
2882 4910 3045 4979 ζυγὸν
3072 4907 3351 4973 δουλείας,
3393 4907 3507 4960 ἀλλ’
3544 4902 3612 4977 ἦν
3645 4905 3773 4960 66-J-

2180 5002 2328 5065 λείας
2374 5002 2704 5073 ἀπείρατος,
2759 5002 2842 5054 ὅτι
2884 5000 3101 5070 φύσεως
3149 4995 3219 5070 ἦν
3266 4999 3364 5070 τῆς
3406 4997 3613 5053 ἀνωθεν
3670 5002 3780 5053 καὶ

2181 5093 2489 5165 ἐλευθέρας.
2536 5093 2635 5147 Διά
2682 5092 2841 5147 τοῦτο
2890 5093 3173 5164 μοσχαρίῳ
3207 5091 3634 5161 παρεικάζεται,
3682 5090 3777 5143 ὅτι

2179 5184 2277 5239 καὶ
2309 5185 2414 5238 ὑπὸ
2441 5184 2603 5253 ζυγὸν
2622 5224 2636 5248 ,
2671 5184 2766 5239 καὶ
2793 5184 2899 5251 ἔξω
2931 5173 3124 5254 ζυγοῦ.
3179 5183 3502 5253 Ἀπείρατον
3536 5183 3642 5250 γὰρ
3673 5182 3777 5247 ζυ-

2180 5274 2278 5343 γθῦ
2308 5276 2369 5328 τὸ
2411 5276 2740 5346 μοσχάριον,
2769 5277 2819 5328 εἰ
2852 5276 2946 5329 καὶ
2989 5272 3130 5328 εἶναι
3175 5274 3423 5342 πέφυκεν
3458 5272 3565 5331 67:6
3602 5270 3777 5341 ζυγὸν

2178 5366 2242 5418 τὸ
2267 5366 2468 5420 τοιόνδε
2498 5365 2673 5435 γένος.
2721 5366 2928 5429 Ἄλλως
2958 5383 3038 5428 τε,
3075 5366 3169 5418 καὶ
3209 5366 3259 5418 εἰ
3290 5364 3513 5432 γέγονεν
3542 5363 3649 5417 ὑπὸ
3691 5365 3791 5417 νό-

2186 5474 2306 5529 μον,
2335 5457 2411 5521 ὼς
2451 5458 2556 5511 ὑπὸ
2586 5456 2770 5526 ζυγὸν,
2803 5458 2918 5511 ἀλλ’
2946 5452 3014 5527 ἦν
3041 5455 3342 5528 ἐλεύθερος·
3379 5452 3447 5526 ἦν
3485 5456 3597 5526 γὰρ
3628 5453 3779 5519 ὑπὲρ

2184 5548 2367 5620 νόμον,
2403 5549 2478 5612 ὡς
2505 5549 2580 5602 ὢν
2601 5549 2897 5620 νομοθέτης
2930 5549 3024 5602 καὶ.
3057 5548 3209 5613 Θεός.
3240 5549 3351 5605 Καὶ
3382 5548 3589 5619 cpi-:69;
3622 5545 3704 5613 at,
3724 5550 3779 5602 εί

589 5725 632 5760 ⁸⁸
672 5729 811 5825 Psal.
851 5749 973 5798 xxv,
1020 5736 1071 5788 6.
1152 5738 1192 5767 ιτ
1234 5737 1422 5792 Matth.
1469 5754 1553 5804 xv,
1583 5738 1635 5791 2.
1703 5738 1748 5771 ⁸⁸
1777 5737 2014 5807 Philipp.
2057 5753 2072 5791 ι

2174 5738 2207 5792 l.
2287 5738 2329 5770 “
2362 5738 2518 5794 Rom.
2546 5754 2657 5804 vm,
2687 5736 2737 5791 τ’).
2819 5738 2864 5769 ⁵⁰
2904 5737 3059 5791 Rom.
3098 5750 3178 5801 Ix,
3210 5734 3261 5787 ι.
