4066 6282
307 332 401 389 Sil

1327 325 1842 388 GLAPHYRORUM
1883 326 1950 381 IN
1990 325 2275 382 EXODUM
2314 322 2443 380 LIB.
2484 319 2573 380 Ill.

3463 329 3568 383 ὃΞῖ

303 448 469 509 δοκεῖ,
503 444 783 517 πεφόρηκε
808 444 905 516 τὴν
928 442 1034 518 ἀπὸ
1057 443 1161 513 γῆς
1189 445 1387 516 σάρκα,
1412 447 1511 517 τὴν
1541 446 1799 501 νοσοῦσαν
1829 447 1886 498 ὲν

1990 444 2242 499 Christus
2272 442 2455 511 itaque
2495 440 2723 512 mystice
2762 441 2840 496 sic
2867 452 2952 498 est
2992 443 3194 498 vitulus
3225 443 3568 511 nominatus,

305 540 472 610 ἑαυτῇ
489 538 578 592 διὰ
593 537 693 609 τῆς
708 539 980 608 ἁμαρτίας
992 538 1080 592 τὸν
1103 541 1288 609 νόμον,
1309 540 1451 593 κατά
1462 539 1561 609 τὴν
1572 539 1664 592 τοῦ
1680 540 1892 592 Παύλου

306 636 509 702 φωνήν.
557 630 721 684 Ὅσον
766 630 875 700 γὰρ
910 624 1044 702 ⁴ἧκεν
1083 632 1162 694 εἰς
1193 628 1294 701 τὴν
1336 631 1435 701 τῆς
1483 630 1680 703 σαρκὸς
1712 629 1891 699 φύσιν,

258 726 259 729 ’
305 722 578 796 τεθεῖσθαι
623 722 771 776 δοκεί
819 723 913 775 καὶ
963 723 1068 776 ὑπὸ
1112 723 1275 791 ζυγὸν
1318 723 1624 795 ἁμαρτίας,
1673 722 1786 776 ἀλλ’
1824 716 1893 792 ἦν

307 816 631 887 ἀπείρατος“
680 834 699 867 ι
755 814 1065 886 Κατέκρινε
1098 815 1208 886 γὰρ
1256 816 1358 886 τὴν
1402 814 1674 887 ἁμαρτίαν
1725 815 1783 867 ὲν
1825 816 1891 884 τῇ

309 909 492 978 σαρκὶ,
534 906 621 960 ῐνα
647 906 708 961 τὸ
731 905 1012 977 δικαίωμα
1041 907 1135 961 τοῦ
1172 908 1339 975 νόμου
1367 906 1630 978 πληρωθῇ
1666 907 1724 959 ἐν
1761 907 1894 976 ἡμῖν

307 1003 416 1065 τοῖς
447 999 521 1071 μὴ
553 1000 696 1055 κατὰ
724 1002 906 1073 σάρκα
937 1001 1354 1072 περιπατοῦσιν,
1388 1001 1524 1055 ἀλλὰ
1551 1002 1692 1056 κατά
1729 1000 1894 1054 πνεῦ-

311 1110 404 1161 μα.
439 1111 458 1144 ι
484 1092 794 1163 Μοσχάριον
822 1089 918 1145 οὖν
943 1095 972 1145 ὁ
992 1093 1229 1163 Χριστὸς
1256 1092 1512 1165 ταύτῃτοι
1535 1090 1891 1163 οἰκονομικῶς

305 1185 636 1256 ὠνόμασται,
664 1184 758 1238 καὶ
795 1187 879 1240 ὅτι
907 1186 1000 1239 νέα
1029 1186 1221 1254 γέγονε
1259 1187 1436 1249 κτίσις
1467 1202 1479 1216 ·
1520 1187 1743 1256 ἀπαρχὴ
1784 1185 1891 1255 γὰρ

282 1265 290 1325 ξ
304 1277 411 1329 τῶν
428 1280 506 1341 εἰς
524 1276 683 1330 τοῦτο
704 1279 1058 1349 κεκλημένων
1082 1278 1265 1341 αὑτός.
1286 1279 1410 1332 Ὅτι
1432 1278 1489 1331 δὲ
1510 1273 1576 1345 ἦν
1594 1278 1891 1343 ἀναγκαῖον

305 1368 626 1437 ἁγιάζεσθαι
653 1369 731 1440 τῷ
765 1371 959 1441 αἵματι
991 1370 1341 1440 δράττοντας.
1373 1371 1467 1424 καὶ
1498 1367 1737 1437 ἐγγίζειν
1771 1367 1891 1437 Θεῷ

304 1461 680 1531 γλιχομένους,
704 1461 944 1532 δέδειχεν
968 1464 998 1515 6
1024 1462 1250 1533 Μωσῆς,
1287 1462 1668 1534 καταρῤαίνων
1695 1460 1889 1529 αἵματι

305 1552 486 1605 πάντα
512 1551 605 1604 τὸν
628 1551 780 1615 λαὸν,
808 1553 905 1604 καὶ
924 1552 1052 1605 αὐτὸ
1076 1552 1138 1605 τὸ
1170 1552 1394 1623 βιϐλίον.
1422 1551 1694 1622 Εἰσόμεθα
1721 1550 1775 1603 δὲ
1799 1551 1890 1603 καὶ

304 1643 394 1695 διὰ
430 1641 590 1696 τοῦτο
621 1643 804 1705 πάλιν,
830 1644 912 1696 ὅτι
944 1644 1102 1707 αὐτὸς
1139 1646 1167 1697 6
1201 1644 1357 1714 μόνος
1397 1644 1592 1714 ἀτελὴς
1622 1644 1704 1706 είς
1734 1643 1891 1709 ἁγια-

308 1732 467 1801 σμόν.
504 1732 604 1783 ’Δο
614 1747 696 1800 ρει
723 1732 834 1801 γὰρ
854 1732 997 1795 ὅπως
1016 1731 1095 1802 τῷ
1115 1730 1207 1784 τοῦ
1230 1732 1460 1802 αἵματος
1490 1728 1771 1800 ραντισμῷ
1796 1725 1891 1780 καὶ

313 1823 472 1885 αὐτὸς
519 1822 833 1889 ἁγιάζεται·
882 1822 1179 1876 ἀποπλύνει
1224 1824 1332 1894 γὰρ
1374 1824 1644 1893 ἁμαρτίας
1687 1821 1887 1890 ἥκιστα

318 1912 416 1982 μὲν
456 1915 486 1966 6
530 1914 728 1982 νόμος,
762 1913 1017 1985 κατορθοῖ
1064 1915 1122 1967 δὲ
1165 1913 1324 1967 τοῦτο
1365 1913 1474 1967 τῶν
1520 1913 1608 1966 διὰ
1650 1911 1881 1982 Χριστοῦ

314 2003 632 2073 μυστηρίων
664 2007 697 2074 ή
729 2006 911 2075 χάρις.
959 2000 1031 2057 Εὖ
1081 2004 1140 2057 δὲ
1186 2003 1306 2056 λίαν
1353 2004 1445 2057 καὶ
1474 2004 1534 2055 τὸ
1563 2002 1886 2074 ὀρθρίσαντα

311 2092 367 2143 τὸ
402 2093 549 2162 πρωῒ
592 2094 681 2146 τὸν
711 2095 1034 2165 ίεροψάντην
1064 2094 1290 2157 Μωσέα,
1310 2095 1439 2146 αὐτό
1461 2110 1519 2146 τε
1552 2093 1611 2146 τὺ
1633 2092 1773 2145 θεῖον
1797 2093 1887 2163 ὀρ-

305 2183 479 2237 θῶσαι
524 2187 849 2257 μυστήριον,
888 2187 983 2239 καὶ
1018 2188 1342 2256 περιστῆσαι
1377 2184 1475 2253 μὲν
1507 2182 1688 2254 αὐτῷ,
1718 2184 1887 2238 καθά-

305 2289 409 2343 περ
440 2274 540 2344 ήδη
573 2278 853 2344 προεῖπον,
889 2276 1228 2329 δυωκαίδεκα
1270 2274 1468 2339 λίθους,
1505 2274 1664 2327 θῦσαι
1702 2274 1758 2327 δὲ
1789 2276 1885 2329 καὶ

306 2366 600 2433 μοσχάρια.
636 2364 872 2435 Ὄρθρου
899 2366 1010 2435 γὰρ
1032 2365 1223 2437 ὥσπερ
1251 2366 1343 2419 καὶ
1367 2366 1577 2436 πρωΐας
1598 2365 1697 2437 ἥδη
1727 2382 1885 2435 γενοο

308 2456 495 2527 μένης,
530 2459 808 2527 μονονουχὶ
834 2457 893 2510 δὲ
924 2458 1017 2511 καὶ
1043 2459 1335 2530 Φωσφόρου
1359 2458 1761 2527 διαυγάξοντος,
1790 2458 1885 2512 καὶ

305 2552 502 2620 νοητῆς
545 2551 675 2619 ἡμῖν
713 2550 1038 2621 ἀνισχούσης
1089 2550 1336 2622 ἡμέρας,
1389 2553 1795 2623 παροιχομένης
1827 2551 1884 2604 δὲ

308 2641 405 2713 ήδη
458 2642 683 2709 νυκτὸς,
717 2644 811 2696 καὶ
843 2644 1227 2714 δαιμονιώδους
1261 2646 1604 2717 ἀργήσαντος
1638 2645 1882 2709 σκότους,

309 2733 559 2805 λαμπρὸν
588 2735 870 2806 ἀνεδείχθη
901 2737 999 2804 τῆς
1034 2736 1359 2807 Ἐκκλησίας
1381 2737 1441 2789 τὸ
1472 2737 1669 2800 κάλλος
1701 2736 1761 2789 τδ
1799 2752 1885 2788 σε-

309 2823 440 2876 πτὸν
468 2823 700 2894 ἐχούσης
733 2824 1133 2898 θυσιαστήριον,
1166 2829 1251 2895 ἐφ’
1274 2821 1334 2881 οὗ
1364 2827 1425 2879 τὸ
1453 2825 1689 2897 Χριστοῦ
1714 2825 1887 2878 τελεῖ-

310 2930 396 2968 ται
423 2916 741 2987 μυστήριον.
774 2917 1134 2987 Παρὲστησαν
1156 2917 1211 2970 δὲ
1235 2916 1382 2986 αὐτῷ
1412 2919 1504 2970 καὶ
1527 2919 1582 2969 αἱ
1607 2915 1768 2984 φυλαὶ
1787 2916 1888 2983 τῆς

315 3005 437 3073 γῆς,
480 3005 557 3070 ὡς
600 3008 661 3060 ὲν
695 3008 1098 3078 παραδείγμασι
1145 3011 1256 3070 τοῖς
1300 3008 1490 3071 λίθοις.
1538 3008 1649 3061 Καὶ
1688 3006 1819 3075 γοῦν
1859 3011 1887 3060 6

315 3098 599 3163 θεσπέσιος
650 3100 880 3164 Παῦλος,
919 3101 1018 3171 τὴν
1064 3101 1160 3152 τοῦ
1214 3099 1652 3170 παραδείγματος
1707 3099 1888 3150 είκόνα

1993 546 2049 592 ει
2086 537 2213 607 quia
2242 552 2384 592 nova
2415 537 2591 591 factus
2621 544 2705 605 est
2744 545 2998 591 creatura
3026 538 3093 590 ".
3126 538 3387 594 Primitiae
3424 541 3571 595 enim

1993 630 2109 701 ipse
2142 628 2209 683 ad
2242 629 2349 683 hoc
2371 637 2689 683 vocatorum
2721 628 2841 684 fuit.
2867 629 3022 697 Quod
3046 647 3178 686 vero
3200 646 3423 687 necesse
3454 641 3573 687 erat

1992 720 2257 789 sanguine
2280 719 2609 775 sanctiﬁcari
2628 736 2724 775 eos
2743 720 2836 790 qui
2864 720 3360 791 comprehendunt,
3384 729 3440 777 et
3460 722 3572 776 Deo

1991 810 2433 881 appropinquare
2484 810 2705 874 volunt,
2741 809 2930 865 'illoses
2990 809 3260 875 ostendit,
3310 810 3572 881 sanguine

1994 904 2314 958 universum
2359 918 2654 973 aspergens
2682 903 2944 973 populum
2965 942 2981 967 ,
3026 909 3084 957 et
3125 903 3302 972 ipsum
3335 903 3472 956 adeo
3501 903 3571 956 li-

1992 996 2171 1051 brum.
2216 994 2295 1050 Ex
2335 995 2440 1049 hoc
2482 1011 2613 1049 vero
2654 995 2853 1049 iterum
2887 1009 3050 1051 nosse
3097 994 3391 1058 convenit,
3425 993 3571 1062 quod

1992 1088 2108 1157 ipse
2142 1086 2292 1141 solus
2332 1086 2400 1141 ad
2443 1085 2930 1141 sanetiﬁcationem
2977 1100 3087 1139 non
3135 1082 3386 1139 sutﬁciat.
3437 1083 3571 1138 Vide

1990 1178 2197 1233 etenim
2222 1185 2283 1233 ut
2304 1177 2585 1247 sanguinis
2605 1180 2920 1246 aspersione
2944 1175 3317 1231 sanetiﬁcetur
3358 1182 3415 1229 et
3454 1175 3571 1245 ipse

1994 1270 2100 1342 (lex
2113 1270 2317 1341 quippe
2332 1279 2554 1339 peccata
2571 1284 2913 1340 nequaquam
2937 1268 3154 1337 abluit),
3173 1267 3422 1338 perﬁciat
3438 1281 3571 1321 vero

1990 1361 2096 1415 hoc
2137 1358 2524 1430 mysteriorum
2560 1359 2735 1429 gratia
2778 1373 2878 1429 per
2909 1357 3210 1413 Christum.
3239 1357 3408 1411 Recte
3438 1371 3570 1411 vero

1988 1460 2045 1507 et
2090 1451 2255 1515 iilud,
2302 1450 2547 1505 diluculo
2576 1466 2773 1520 nempe
2821 1458 3138 1520 surgentem
3180 1464 3334 1503 sacra
3367 1464 3569 1518 procu-

1991 1530 2139 1598 rasse
2186 1543 2400 1607 Mosen,
2449 1551 2612 1612 atque
2660 1542 2955 1611 ipsummct
3003 1542 3248 1596 divinum
3287 1541 3571 1596 ordinasse

1988 1635 2332 1707 mysterium,
2366 1643 2423 1689 et
2466 1634 2746 1704 appositus
2778 1633 2846 1688 ab
2880 1633 3018 1703 ipso,
3064 1642 3120 1687 ut
3148 1635 3259 1702 jam
3309 1632 3566 1697 diximus,

1990 1727 2199 1798 lapides
2238 1726 2553 1790 duodecim,
2601 1725 2803 1780 vitulos
2834 1739 2967 1779 vero
3007 1725 3074 1779 ad
3124 1723 3565 1780 sacriﬁcandum.

1918 1812 1960 1867 Β
1989 1819 2106 1874 Jam
2135 1818 2283 1873 enim
2325 1818 2483 1889 quasi
2527 1817 2771 1872 diluculo
2816 1824 2873 1871 et
2904 1831 3103 1871 aurora
3145 1815 3462 1881 cxsistente,
3506 1830 3571 1871 ac

1992 1909 2248 1964 Lucifero
2294 1909 2692 1980 propemodum
2745 1910 3115 1972 clarescente,
3171 1914 3229 1962 et
3273 1906 3362 1962 die
3409 1907 3570 1962 nobis

1993 2002 2223 2072 mystico
2251 2003 2565 2068 exoriente;
2609 2011 2771 2056 nocte
2805 2015 2935 2055 vero
2964 2000 3302 2062 discedente,
3327 2007 3384 2054 et
3426 2000 3569 2055 infe-

1990 2094 2190 2149 licibus
2224 2094 2499 2163 dissipatis
2531 2093 2795 2157 tenebris,
2836 2093 2984 2147 clara
3021 2092 3281 2148 Ecclesia:
3318 2091 3569 2162 pulchri.

1994 2187 2127 2241 tudo
2158 2194 2377 2241 ostensa
2408 2194 2513 2250 est,
2558 2186 2931 2241 venerandum
2972 2184 3225 2240 habentis
3272 2184 3465 2247 altare,
3512 2185 3570 2239 in

1991 2294 2102 2349 quo
2120 2276 2327 2334 Christi
2352 2277 2672 2349 mysterium
2703 2276 3004 2347 peragitur.
3030 2275 3295 2331 Astabant
3314 2289 3445 2329 vero
3464 2274 3568 2345 ipsi

1992 2370 2170 2424 tribus
2200 2375 2382 2433 terrae,
2412 2376 2669 2437 tanquam
2699 2367 2753 2421 in
2782 2366 3103 2436 exemplari,
3133 2366 3409 2436 lapidibus
3427 2366 3567 2422 duo-

1991 2458 2189 2514 decim.
2236 2455 2452 2512 Etenim
2497 2456 2719 2511 divinns
2758 2456 2978 2520 Paulus,
3001 2457 3234 2527 exempli
3277 2456 3569 2527 imaginem

1992 2565 2118 2603 vere
2141 2549 2476 2611 describens,
2510 2546 2862 2603 sanctiﬁcatis
2887 2548 2941 2602 in
2963 2546 3184 2602 Christo
3208 2548 3288 2603 sic
3322 2548 3431 2603 ait-:
3465 2567 3482 2598 ι
3510 2548 3570 2604 in

1990 2657 2101 2711 quo
2127 2649 2182 2695 et
2212 2641 2316 2712 ipsi
2346 2650 2603 2710 tanquam
2650 2639 2858 2710 lapides
2897 2640 3008 2694 vivi
3055 2640 3568 2711 supertedilicamini

1991 2732 2188 2787 domus
2221 2732 2543 2801 spirituaiis,
2591 2731 2647 2785 in
2699 2731 3068 2787 sacerdotium
3114 2740 3365 2785 sanetum
3417 2731 3482 2784 ".
3540 2752 3558 2784 ι

1993 2822 2148 2877 Tune
2172 2830 2227 2877 et
2245 2826 2474 2893 juvenes
2502 2824 2822 2879 holocausta
2849 2824 3192 2887 obtulerunt,
3223 2833 3278 2879 et
3310 2824 3566 2885 sacerdo-

1994 2921 2078 2969 tes
2108 2914 2233 2969 facti
2263 2924 2392 2969 sunt
2416 2915 2709 2986 spiritales.
2741 2915 2902 2986 332
2930 2915 3104 2980 Tunc,
3140 2924 3290 2980 tunc,
3322 2915 3566 2985 inquam,

1978 3005 2051 3060 .in
2096 3020 2330 3076 persona
2362 3007 2540 3063 Patris
2577 3022 2802 3071 sumus,
2838 3006 2942 3077 ipsi
2986 3007 3287 3077 potentiam
3333 3008 3566 3072 mentis,

1994 3115 2116 3169 quae
2148 3098 2214 3153 ad
2249 3114 2410 3153 omne
2439 3099 2643 3153 bonum
2660 3107 2784 3168 apte
2810 3086 3119 3163 conveniat,
3148 3100 3568 3162 constituent-cs.

313 3192 749 3262 παραχαράττων
766 3195 845 3256 είς
868 3169 1151 3262 ἀλήθειαν,
1171 3169 1473 3244 ἐπιστέλλει
1494 3193 1604 3253 τοῖς
1625 3192 1890 3261 ἡγιασμέ-

1995 3190 2049 3245 in
2076 3190 2327 3245 ordinem
2355 3190 2596 3245 collectae
2620 3190 2797 3260 plebis
2836 3190 3063 3245 redacti.
3094 3190 3152 3246 ld
3181 3192 3327 3247 clare
3352 3191 3572 3248 divinus

312 3299 421 3347 νοις
447 3287 507 3338 ὲν
538 3284 760 3354 Χριστῷ
782 3300 795 3314 ·
835 3303 854 3336 ι
903 3284 992 3338 Ἐν
1020 3276 1065 3351 ᾧ
1101 3283 1197 3336 καὶ
1236 3283 1391 3352 ὑμεῖς
1416 3283 1491 3346 ὡς
1526 3281 1665 3335 λίθοι
1691 3282 1892 3347 ζῶντες

314 3375 744 3446 ὲπῳκοδομεῖσθε
800 3374 947 3439 οἶκος
1015 3372 1381 3445 πνευματικδς
1440 3377 1522 3438 είς
1594 3376 1892 3448 ἱεράτευμα

314 3465 488 3535 ἅγιον.
536 3485 556 3518 ι
595 3469 728 3520 Τότε
769 3470 862 3521 καὶ
908 3469 960 3520 oi
998 3467 1266 3521 νεανίσκοι
1306 3469 1774 3539 προσκεκομίκασι
1820 3467 1890 3522 τὰ
1922 3459 1927 3463 ’

314 3558 758 3628 ὁλοκαυτώματα,
791 3560 885 3612 καὶ
916 3560 1185 3629 ἱερουργοὶ
1208 3560 1461 3627 γεγόνασι
1508 3560 1885 3629 πνευματικοί.

315 3648 445 3701 Τότε
475 3649 559 3719 δὴ,
593 3650 716 3702 τότε
770 3650 865 3703 καὶ
903 3652 959 3704 ὲν
1006 3650 1283 3719 προσώπῳ
1312 3650 1615 3719 γεγόναμεν
1643 3650 1736 3703 τοῦ
1772 3652 1884 3704 Παο

314 3740 457 3804 τρὸς,
492 3742 586 3794 καὶ
627 3745 1047 3813 παρεστήκαμεν
1081 3741 1230 3811 αὐτῷ
1275 3741 1335 3794 τὸ
1377 3742 1475 3810 τῆς
1517 3741 1754 3805 διανοίας
1801 3744 1889 3795 εύ-

314 3826 538 3895 δρανὲς,
586 3830 681 3881 καὶ
728 3829 865 3901 πρὸς
908 3830 1018 3882 πᾶν
1056 3829 1232 3882 ὁτιοῦν
1270 3830 1377 3882 τῶν
1410 3831 1628 3898 ἀγαθῶν
1659 3832 1890 3902 ἑτοίμως

317 3917 469 3987 ἔχον,
498 3920 558 3971 ἐν
589 3918 741 3982 τάξει
781 3918 1092 3990 ποιούμενοι
1124 3920 1571 3990 παραστήματος.
1609 3920 1779 3973 Τοῦτό
1807 3938 1888 3973 τοι

319 4009 504 4077 σαφῶς
536 4010 632 4063 καὶ
659 4011 820 4075 αὐτὸς
844 4013 872 4065 6
901 4011 1041 4073 θεῖος
1068 4012 1203 4080 ἡμῖν
1225 4009 1595 4080 προανεφώνει
1620 4009 1801 4073 Δαϐὶδ,
1826 4011 1891 4061 ὲκ

317 4100 610 4171 προσώπου
644 4102 754 4155 τῶν
788 4102 1225 4156 πεπιστευκότων
1256 4099 1397 4155 οὕτω
1426 4099 1598 4167 λέγων
1632 4100 1768 4170 πρὸς
1798 4099 1889 4151 τὸν

314 4190 450 4245 ὅλων
474 4189 608 4243 θεόν
628 4206 641 4221 ·
678 4209 697 4242 ι
738 4191 811 4244 Τὸ
835 4191 978 4263 πρωῒ
1010 4192 1301 4262 είσακούσῃ
1328 4194 1427 4261 τῆς
1455 4193 1637 4261 φωνῆς
1663 4207 1785 4259 μου.
1817 4189 1891 4243 Τὸ

311 4276 456 4344 πρωῒ
501 4281 922 4349 παραστήσομαι
964 4296 1065 4346 σοι,
1117 4279 1212 4333 καὶ
1262 4279 1452 4348 ὲπόψει
1496 4295 1593 4348 με,
1635 4279 1717 4331 ὅτι
1763 4278 1885 4348 οὐχὶ

315 4366 447 4430 056.;
479 4367 649 4424 θέλων
693 4369 924 4440 ἀνομίαν
963 4372 1026 4422 σὺ
1065 4366 1133 4433 εἴ,
1168 4370 1288 4423 οὐδὲ
1326 4369 1650 4440 παροικήσει
1681 4386 1760 4422 σοι
1795 4385 1890 4422 πο-

275 4455 696 4545 ξνηρευόμενος.
746 4478 766 4511 ι
822 4459 1175 4529 Ἠγιασμένοι
1208 4459 1270 4530 δὴ
1304 4455 1417 4524 οὖν,
1457 4459 1551 4514 καὶ
1588 4460 1661 4522 ὡς
1695 4461 1751 4512 ὲν
1796 4458 1888 4511 τύ-

316 4567 435 4612 ποις
468 4550 547 4602 ἑτι
576 4550 999 4621 καθηγνισμένοι
1028 4551 1104 4620 τῷ
1131 4552 1342 4622 αἵματι,
1384 4570 1402 4603 ι
1453 4550 1774 4619 Ἀνεφοίτων
1807 4552 1888 4613 εἰς
1924 4517 1964 4571 D

312 4643 372 4696 τὸ
408 4643 535 4714 ὅρος
574 4644 776 4713 Μωσῆς
813 4660 872 4696 τε
912 4642 1006 4696 καὶ⁸
1055 4645 1294 4715 Ἀαρὼν,
1355 4644 1447 4697 καὶ
1501 4643 1688 4697 Ναδὶιό
1712 4682 1728 4708 ,
1796 4644 1890 4696 καὶ

324 4740 572 4804 ’Δῆιοὺδ,
613 4741 708 4794 καὶ
758 4739 1129 4810 ἐϐδομήκοντα
1159 4740 1258 4810 τῆς
1295 4737 1583 4809 γερουσίας
1640 4736 1888 4808 Ἰσραὴλ,

310 4832 409 4886 καὶ
426 4827 567 4886 εἶδον
592 4830 662 4885 τὰ
688 4830 790 4883 ὑπὸ
809 4832 935 4893 τοὺς
954 4831 1114 4893 πόδας
1137 4830 1301 4885 αὐτοῦ
1333 4829 1490 4899 ἔργον
1515 4830 1646 4883 ὡσεὶ
1669 4830 1888 4883 πλίνθου

314 4923 641 4993 σαπφείξου,
678 4922 773 4975 καὶ
796 4921 984 4991 ὥσπερ
1018 4922 1175 4993 ἔργον
1206 4920 1578 4993 στερεὼματος
1602 4921 1695 4974 τοῦ
1722 4922 1888 4991 ούρα-

310 5012 405 5068 νοῦ
432 5014 498 5083 τῇ
526 5011 876 5081 καθαρότητι.
912 5010 1022 5065 Καὶ
1064 5010 1168 5063 τῶν
1200 5011 1496 5063 ἐπιλέκτων
1538 5010 1631 5063 τοῦ
1677 5009 1892 5081 Ἰσραὴλ

310 5105 374 5157 οὐ
403 5102 736 5173 διεφώνησεν
764 5104 959 5165 ούδείς.
998 5102 1108 5157 Καὶ
1136 5101 1395 5173 ὤφθησαν
1428 5104 1485 5155 ἐν
1518 5101 1595 5173 τῷ
1623 5103 1770 5172 τόπῳ
1796 5101 1889 5154 τοῦ

310 5195 474 5259 θεοῦ,
514 5193 612 5249 καὶ
634 5194 837 5265 ἔφαγον
866 5196 958 5249 καὶ
990 5195 1161 5249 ἔπιον.
1193 5215 1209 5246 ι
1231 5195 1472 5259 Ἀκούεις
1499 5197 1645 5253 ὅπως
1676 5195 1892 5247 τεθέαν-

309 5304 401 5339 ται
453 5287 545 5339 τὸν
590 5285 685 5339 τοῦ
750 5286 885 5339 Θεοῦ
943 5286 1234 5357 λεγόμενον
1278 5285 1474 5347 τόπον,
1539 5285 1613 5347 ὼς
1658 5285 1713 5335 ἐν
1762 5284 1890 5336 εῖδει

311 5374 697 5449 οτερεώματος
725 5376 975 5448 οὐρανοῦ.
1028 5376 1290 5445 Ἐναυγὴς
1316 5375 1424 5445 γὰρ
1451 5376 1480 5426 ὁ
1503 5373 1728 5445 οὐρανὸς
1747 5415 1760 5437 ,
1796 5375 1891 5427 καὶ

311 5470 609 5542 σαπιρείρῳ
637 5470 810 5533 ἐοικὸς
839 5471 899 5523 τὸ
936 5469 1194 5523 ἀνωτάτω
1249 5468 1345 5522 καὶ
1391 5468 1629 5539 αἰθέριον
1668 5467 1886 5539 χρῶμα.

306 5564 553 5634 Πρέπων
576 5564 634 5618 δὲ
660 5564 741 5617 ὃτι
774 5564 1005 5634 μάλιστα
1037 5562 1210 5635 χῶρος
1239 5564 1267 5616 6
1310 5562 1534 5632 οὐρανὸς
1554 5600 1568 5626 ,
1601 5562 1698 5616 καὶ
1734 5561 1816 5628 ἐφ’
1845 5553 1889 5627 ᾧ

392 5749 436 5781 ’ί
474 5748 518 5804 ιι
555 5749 681 5805 Cor.
720 5762 775 5809 v,
813 5746 898 5799 l7.
976 5745 1019 5777 "
1048 5744 1246 5814 Ephes.
1273 5762 1332 5805 η,
1358 5745 1449 5807 20,
1483 5743 1577 5809 2i;
1601 5744 1621 5798 ί
1644 5743 1792 5798 Petr.
1820 5758 1876 5808 ιι,

2012 5742 2083 5817 ⁷⁵³
2117 5742 2258 5797 Psal.
2302 5760 2354 5805 v,
2390 5743 2442 5809 4,
2470 5744 2520 5796 5.

684 5841 951 5900 Panos.
996 5840 1109 5900 Gn.
1155 5839 1356 5899 LXIX.

1991 3296 2209 3353 quoque
2234 3281 2406 3337 David
2445 3281 2798 3349 vociferatur,
2831 3282 2907 3338 ita
2953 3283 3295 3340 credentium
3337 3300 3571 3355 persona

1991 3374 2057 3428 ad
2084 3373 2467 3429 universorum
2494 3374 2665 3429 Deum
2688 3374 2880 3431 dicens
2904 3392 2917 3429 :
2952 3395 2971 3427 ‹
3006 3375 3161 3432 Mane
3187 3376 3450 3432 exaudies
3471 3392 3567 3433 νο-

1990 3478 2110 3518 cem
2144 3479 2339 3519 meam.
2385 3465 2540 3520 Mane
2582 3466 2771 3521 astabo
2803 3466 2924 3530 tibi,
2955 3474 3011 3522 et
3051 3467 3266 3524 videbis
3289 3484 3395 3536 me,
3428 3484 3567 3541 quo—

1991 3556 2136 3609 niam
2164 3571 2274 3610 non
2300 3556 2446 3611 Deus
2467 3556 2812 3628 iniquitatem
2842 3559 3031 3614 volens
3062 3568 3119 3615 tu
3141 3575 3202 3615 es
3227 3577 3240 3613 :
3268 3577 3448 3629 neque
3477 3561 3570 3615 ha-

1992 3647 2189 3702 bitabit
2210 3648 2363 3719 juxta
2389 3656 2442 3703 te
2478 3651 2745 3720 malignus
2770 3649 2835 3704 ⁸³.
2868 3670 2886 3703 ι
2918 3650 3251 3707 Sanetiﬁcati
3290 3652 3475 3721 igitur,
3506 3668 3571 3705 ac

1989 3740 2159 3794 veluti
2187 3740 2241 3794 in
2260 3748 2389 3811 typo
2405 3741 2680 3809 puriﬁcati
2704 3744 2969 3813 sanguine
2989 3742 3296 3805 etlustrati,
3329 3762 3349 3793 ι
3370 3741 3571 3796 Ascen-

1990 3830 2192 3884 derunt
2217 3831 2273 3883 in
2297 3840 2537 3884 montem
2567 3831 2742 3885 Moses
2769 3842 2824 3886 et
2848 3833 3048 3894 Aaron,
3073 3832 3261 3886 Nadab
3282 3838 3339 3885 et
3363 3830 3567 3893 Ahiud,

1990 3928 2045 3974 et
2087 3920 2431 3989 septuaginta
2475 3921 2541 3974 de
2584 3921 2897 3975 seniori-bus
2936 3921 3100 3974 Israel
3145 3937 3158 3972 :
3201 3919 3570 3989 videruntque

1991 4011 2093 4064 sub
2122 4010 2355 4079 pedibus
2384 4012 2504 4080 ejus
2543 4026 2683 4080 opus
2708 4011 2862 4079 quasi
2893 4012 3080 4065 lateris
3108 4012 3372 4081 sapphiri,
3404 4021 3570 4082 atque

1992 4110 2051 4154 nt
2082 4115 2218 4170 opus
2250 4098 2579 4155 ﬁrmamenti
2614 4101 2671 4155 in
2700 4102 2824 4156 caeli
2857 4102 3174 4158 serenitate.
3193 4104 3260 4159 Et
3282 4103 3350 4160 de
3379 4104 3571 4160 electis

1991 4188 2156 4243 Israel
2184 4186 2442 4242 desonuit
2473 4204 2541 4243 ne
2576 4205 2719 4244 unus
2748 4190 2991 4261 quidem.
3024 4192 3091 4246 Et
3115 4202 3485 4263 apparuerunt
3512 4195 3569 4250 in

1990 4278 2111 4332 loco
2142 4279 2259 4343 Dei,
2290 4288 2349 4335 et
2377 4281 2735 4336 comedecunt
2762 4291 2927 4353 atque
2952 4283 3214 4340 biberunt
3241 4286 3308 4340 ".
3348 4306 3367 4339 ι
3397 4286 3569 4343 Audis

1991 4380 2053 4425 ut
2082 4372 2194 4425 Deo
2222 4371 2461 4427 dicatum
2488 4374 2667 4428 locum
2698 4376 2955 4441 viderint,
2984 4378 3133 4432 velut
3170 4379 3223 4433 in
3255 4379 3437 4449 specie
3472 4378 3568 4432 tiro

1994 4464 2255 4518 mamenti
2279 4465 2440 4520 coeli?
2464 4465 2675 4521 Caelum
2706 4469 2851 4522 enim
2880 4470 3226 4538 splendidum
3266 4479 3350 4523 est
3386 4484 3450 4523 ac
3480 4470 3569 4523 di-

1993 4553 2271 4619 lucidum,
2314 4555 2683 4626 sappltiroqne
2722 4558 3000 4627 persimile
3046 4559 3101 4613 in
3143 4559 3485 4622 summitate,
3513 4568 3568 4614 et

1993 4646 2194 4701 coloris
2239 4647 2497 4703 cmlestis.
2545 4649 2755 4706 Decens
2804 4652 2989 4722 itaque
3038 4660 3094 4708 et
3132 4663 3293 4723 aptus
3337 4651 3569 4709 maxime

1993 4737 2149 4793 locus
2175 4740 2373 4795 cmlum
2417 4749 2533 4806 est,
2577 4743 2633 4797 in
2678 4760 2787 4814 quo
2816 4745 3053 4815 quiescit
3076 4745 3331 4800 habitans
3377 4746 3432 4799 in
3475 4759 3567 4798 an-

1994 4826 2146 4897 gelis.
2179 4828 2414 4886 Sanctus
2442 4832 2588 4886 enim
2624 4831 2679 4887 in
2719 4835 2924 4890 sanctis
2961 4834 3192 4898 habitat,
3224 4842 3280 4888 et
3302 4833 3567 4902 quodam-

1996 4920 2158 4973 modo
2191 4921 2484 4977 inclinatur
2524 4926 2595 4980 iis
2630 4927 2725 4995 qui
2772 4941 3027 4996 superam
3064 4926 3312 4978 incolunt
3353 4924 3568 4990 urbem,

1998 5012 2070 5065 ob
2101 5012 2443 5079 industriam,
2475 5002 2708 5088 vitaeque
2739 5017 3106 5087 praestantiam
3145 5016 3318 5087 probe
3347 5016 3560 5072 institu-

1998 5108 2128 5156 tam.
2170 5103 2459 5161 Credimus
2497 5107 2644 5160 enim
2677 5117 2879 5162 emtum
2929 5120 3252 5176 superorum
3287 5121 3564 5161 sacrosan-

1998 5202 2143 5247 ctum
2166 5209 2304 5249 esse.
2331 5195 2422 5249 Ait
2448 5196 2612 5266 igitur
2633 5212 2696 5251 ea
2723 5214 2845 5267 qua:
2871 5198 2974 5251 sub
2998 5195 3094 5251 Dei
3128 5198 3361 5267 pedibus
3391 5210 3571 5258 erant.

1998 5287 2066 5340 ab
2110 5287 2197 5339 his
2238 5288 2331 5355 qui
2376 5286 2431 5339 in
2475 5299 2717 5341 montem
2759 5289 3153 5353 ascenderant,
3210 5297 3467 5359 tanquam
3512 5289 3570 5342 in

1996 5375 2178 5444 specie
2201 5374 2555 5437 ﬁrmamenti,
2582 5391 2778 5429 sereno
2800 5392 2863 5430 ac
2888 5376 3026 5430 sudo
3055 5378 3215 5442 cmlo,
3240 5378 3354 5431 visa
3381 5377 3567 5432 fuisse.

1995 5466 2293 5536 Oportebat
2324 5468 2468 5519 enim
2513 5481 2626 5528 eos,
2661 5467 2754 5535 qui
2794 5467 2865 5520 ob
2896 5468 3126 5522 deorum
3159 5469 3568 5523 multitudinem

1993 5557 2230 5611 errando
2250 5557 2436 5627 aegroti
2464 5566 2622 5611 erant
2638 5598 2652 5622 ,
2688 5558 2893 5629 quique
2927 5570 3191 5617 creatura:
3214 5561 3570 5627 serviebant,

2600 5743 2643 5773 ⁸⁸
2677 5741 2858 5801 Exod.
2895 5763 3040 5813 xxxv,
3068 5744 3154 5813 10,
3205 5749 3295 5804 ll.

3140 5837 3204 5901 l7
