4066 6282
492 278 597 334 523

1489 267 1544 323 S.
1586 267 1859 323 CYRILLI
1898 263 2364 320 ALEXANDRINI
2405 261 2720 318 ARCHIEP.

3647 268 3751 321 εει

489 394 557 448 ad
599 390 694 447 Dei
732 396 919 460 postea
949 385 1316 456 cognitionem
1361 390 1605 445 vocatos,
1638 379 1848 435 utiliter
1879 394 1942 434 ac
1969 393 2056 431 ne-

2175 375 2604 438 ὲπαναπαύεται,
2631 375 2918 429 καταλύων
2949 375 3007 428 ὲν
3040 375 3309 444 ἀγγέλοις.
3344 376 3529 445 ’Ἄγιος
3556 380 3667 451 γὰρ
3698 385 3756 434 ἐν

487 483 726 539 cessario
761 479 969 542 videre,
1003 476 1176 530 Deum
1203 474 1307 529 sub
1339 473 1572 544 pedibus
1598 472 1800 527 coelum
1833 469 2063 533 habere,

487 576 841 642 omniumque
875 585 994 624 esse
1019 569 1332 632 Dominum,
1361 575 1474 621 uta
1504 581 1614 636 quo
1638 564 1820 618 omnia
1848 571 2066 616 mutua-

454 669 463 720 ἐ
486 675 676 720 rentur
707 662 1022 725 essentiam,
1054 660 1258 730 quique
1287 674 1381 713 eos
1423 658 1492 711 ab
1520 657 1750 725 antiqua
1777 653 1969 708 fraude
1998 653 2066 706 li-

485 752 710 809 berarit.
757 750 914 818 Quod
961 765 1094 805 vero
1138 748 1339 802 divinis
1385 745 1807 801 cliarismatibus
1849 742 2068 796 abunde

485 843 809 914 participem
842 840 982 905 ﬁeri,
1012 847 1068 894 et
1093 846 1348 909 oportere
1391 837 1636 891 deliciari
1676 836 1732 889 in
1764 833 2066 904 spirituali-

486 938 589 989 bus
612 933 815 988 Christi
845 932 1025 995 bonis,
1051 930 1384 984 assimiletur
1406 929 1604 981 iterum
1632 927 1700 980 iis
1725 926 1819 996 qui
1849 940 1948 978 suo
1971 923 2070 977 ali—

485 1023 705 1095 quando
752 1031 998 1091 tempore
1041 1020 1342 1090 ingressuri
1378 1027 1505 1071 sunt
1547 1031 1838 1086 supernam
1874 1015 2067 1068 civim--

487 1129 620 1182 tem,
656 1114 898 1170 ostendit
939 1114 1015 1178 id,
1059 1112 1204 1182 quod
1241 1111 1334 1180 qui
1368 1109 1729 1164 ascenderant
1768 1107 1834 1161 ad
1885 1108 2069 1160 locum

487 1210 602 1274 Dei,
635 1207 992 1264 comederunt
1037 1220 1101 1259 ac
1150 1204 1430 1257 biberunt.
1475 1200 1603 1264 Sed,
1638 1206 1698 1252 ut
1735 1199 1846 1268 jam
1892 1211 2068 1265 nuper

485 1302 743 1364 diximus,
783 1298 874 1353 uni
920 1296 1053 1350 Mosi
1096 1294 1162 1348 ad
1209 1295 1380 1348 Deum
1425 1291 1686 1346 accedere
1718 1287 2066 1359 praecipitur;

487 1393 698 1449 caeteris
741 1391 956 1461 longius
986 1387 1184 1458 positis
1211 1387 1442 1440 adorare
1489 1402 1503 1438 :
1546 1383 1748 1453 quibus
1794 1391 1849 1436 et
1889 1381 2069 1435 Aaron

486 1485 692 1540 aderat.
729 1481 887 1552 333
911 1479 1156 1535 Diximus
1187 1493 1337 1542 vero,
1364 1476 1653 1531 nobiscum
1678 1474 1866 1538 fuisse,
1890 1474 1944 1527 in
1968 1489 2068 1526 na-

489 1585 610 1630 tura
635 1575 794 1644 longe
828 1579 1055 1635 semota,
1085 1569 1307 1632 Filium,
1339 1567 1432 1637 qui
1476 1566 1704 1636 propius
1735 1564 1926 1618 aderat
1957 1563 2069 1618 Deo

487 1668 655 1731 Patri,
690 1669 1038 1721 innocentem
1081 1671 1243 1730 atque
1277 1659 1684 1721 immaculatum
1723 1656 2063 1711 sacerdotem

2170 467 2344 534 ἁγίοις
2390 468 2667 532 κατοικεῖ,
2718 468 2811 520 καὶ
2858 469 3138 530 οίονείπως
3187 469 3606 526 ὲπανακλίνεται
3645 479 3755 540 τοῖς

2166 559 2264 631 τὴν
2302 560 2412 614 ἀνω
2439 561 2684 630 τρίδουσι
2712 561 2884 626 πόλιν,
2917 561 3004 614 διὰ
3032 561 3092 614 τὸ
3127 561 3245 616 λίαν
3279 562 3506 632 εὐφυὲς,
3545 568 3639 620 καὶ
3678 571 3756 632 είς

2167 654 2458 724 ἀρειότητα
2503 653 2649 724 ζωῆς
2697 649 2754 706 εὖ
2807 655 2949 725 μάλα
2990 654 3350 726 διεξεσμένον.
3414 657 3601 726 Ἀγίαν
3647 663 3756 733 γάρ

2167 741 2305 798 εἶναι
2340 746 2667 817 πιστεύομεν
2711 747 2809 818 τὴν
2857 747 2966 800 τῶν
3003 748 3115 801 ἄνω
3157 750 3484 820 πνευμάτων
3525 751 3753 822 πληθύν.

2171 837 2347 908 Ὠφθη
2382 837 2446 908 δὴ
2477 833 2571 891 οὖν
2612 838 2680 891 τά
2725 839 2829 892 ὑπὸ
2861 840 2986 902 τοὺς
3022 840 3190 902 πόδας
3225 840 3390 893 αὐτοῦ
3430 845 3542 906 τοῖς
3583 845 3662 907 είς
3697 845 3758 899 τὸ

2167 923 2294 996 ὅρος
2327 925 2742 995 ἀναϐεόηκόσιν,
2779 927 2855 989 ὼς
2881 929 2936 979 ἐν
2963 927 3090 980 εῖδει
3116 929 3493 999 στερεώματος
3527 934 3754 1003 οὐρανοῦ

2165 1018 2232 1085 τῇ
2259 1014 2629 1087 καθαρότητι,
2655 1017 2838 1088 φησίν.
2874 1019 3022 1071 Ἔδει
3047 1018 3178 1091 γὰρ,
3206 1021 3334 1083 ἔδει,
3371 1023 3495 1085 τοὺς
3528 1023 3624 1093 τὴν
3653 1041 3753 1077 που

2167 1105 2356 1160 λύθεόν
2405 1125 2536 1160 ποτε
2594 1111 3125 1180 κατηρῤωστηκότας
3181 1111 3486 1184 πλάνησιν,
3545 1116 3640 1168 καὶ
3686 1119 3751 1188 τῇ

2167 1200 2341 1253 κτίσει
2371 1200 2823 1270 λελατρευκότας,
2861 1198 2982 1254 εἶτα
3008 1204 3378 1274 κεκλημένους
3409 1208 3487 1268 είς
3519 1207 3753 1275 ἐπίγνω-

2169 1308 2254 1344 σιν
2281 1289 2438 1354 Θεοῦ,
2473 1291 2758 1363 χρησίμως
2788 1310 2848 1345 τε
2891 1294 2986 1346 καὶ
3021 1294 3330 1362 ἀναγκαίως
3363 1295 3486 1350 ίδεῖν
3540 1298 3620 1350 ὃτι
3659 1299 3753 1352 καὶ

2167 1383 2328 1436 αὐτὸν
2363 1383 2465 1435 ὑπὸ
2499 1384 2662 1446 πόδας
2695 1383 2806 1454 ἔχει
2836 1383 2926 1436 τὸν
2959 1385 3204 1456 οὐρανὸν,
3240 1387 3336 1439 καὶ
3362 1388 3442 1440 ὅτι
3479 1389 3588 1441 τῶν
3613 1390 3753 1443 πάν-

2166 1491 2271 1526 των
2307 1474 2423 1526 ἐστὶ
2449 1474 2745 1544 Δεσπότης,
2785 1475 2861 1538 ὼς
2895 1474 3252 1547 παρενεγκὼν
3284 1477 3351 1530 τά
3387 1478 3564 1531 πάντα
3613 1480 3752 1549 πρὸς

2169 1563 2432 1634 ὓπαρξιν,
2463 1565 2491 1616 ό
2531 1563 2631 1633 τῆς
2667 1565 2902 1636 ἀρχαίας
2931 1568 3126 1629 αὐτοὺς
3162 1569 3377 1637 ἀπάτης
3417 1569 3755 1640 ἀπολυτρού-

2173 1671 2349 1723 μενος.
2382 1655 2503 1707 Ὅτι
2525 1654 2581 1707 δὲ
2611 1655 2704 1707 καὶ
2729 1659 2840 1718 τοῖς
2864 1657 2941 1718 είς
2969 1657 3070 1727 τὴν
3089 1657 3201 1711 ἄνω
3229 1660 3368 1712 κατά
3393 1662 3615 1731 καιροὺς
3640 1663 3755 1713 εἱσ-

485 1773 782 1822 summum,
816 1765 876 1810 ut
910 1770 1007 1824 per
1033 1753 1211 1823 ipsum
1251 1760 1307 1805 et
1350 1765 1475 1804 eum
1518 1750 1636 1819 ipso
1668 1749 1867 1802 iterum
1900 1763 2056 1817 repe-

2168 1745 2448 1798 ελαύνουσι
2487 1745 2681 1808 πόλιν,
2725 1747 3127 1817 παρεικάζεται
3177 1750 3338 1802 πάλιν
3388 1750 3449 1802 τὸ
3503 1752 3597 1804 καὶ
3641 1752 3755 1807 τῶν

485 1851 693 1904 riamur
724 1855 778 1901 ct
820 1845 922 1916 ipsi
968 1857 1157 1914 prOpe.
1192 1841 1329 1895 Hinc
1369 1838 1685 1894 nominatur
1718 1837 2058 1900 Emmanuel,

484 1940 632 2011 quod
673 1948 757 2004 est
805 1938 1243 2006 interpretatum,
1286 1932 1567 1986 Nobiscum
1615 1929 1776 1983 Deus.
1820 1927 2061 1982 Tametsi

483 2047 612 2085 vero
639 2029 925 2084 nobiscum
959 2023 1126 2080 fuerit
1153 2032 1409 2092 tanquam
1439 2021 1630 2086 homo;
1657 2034 1850 2075 cernas
1878 2025 2061 2072 tamen

483 2121 633 2185 licet,
669 2121 884 2174 Patrem
929 2130 1146 2186 quoque
1180 2129 1356 2182 neque
1389 2111 1549 2167 beato
1589 2111 1724 2165 Mosi
1765 2107 2060 2164 accessibi-

483 2213 590 2267 lem
624 2211 858 2276 factum,
904 2209 1022 2264 sine
1071 2207 1245 2277 ipsius
1289 2204 1703 2259 intercessione.
1749 2202 1870 2271 Ipse
1911 2202 2060 2255 enim

483 2304 571 2357 via
598 2312 700 2366 est,
732 2302 849 2371 ipse
881 2301 1102 2365 ostium,
1138 2309 1199 2355 ut
1234 2300 1345 2370 jam
1385 2296 1643 2350 diximus.
1679 2294 1962 2348 Discemus
2004 2299 2060 2345 et

484 2394 589 2448 hoc
621 2407 813 2447 rursus
836 2408 902 2446 ex
939 2393 1006 2446 iis
1036 2406 1157 2462 quae
1191 2394 1516 2459 sequuntur.
1557 2405 1574 2436 ι
1611 2386 1680 2440 Ει
1705 2384 1842 2438 dixit
1871 2383 2059 2437 Domi-

483 2501 588 2540 nus
620 2485 685 2539 ad
722 2484 946 2538 Mosen:
979 2481 1224 2538 Ascende
1265 2480 1332 2535 ad
1374 2494 1461 2533 me
1494 2477 1550 2531 in
1594 2484 1854 2540 montem,
1880 2483 1936 2530 et
1975 2483 2058 2528 sta

483 2578 580 2642 ibi,
631 2585 687 2631 et
729 2576 870 2631 dabo
907 2575 1005 2630 tibi
1041 2575 1254 2629 tabulas
1295 2571 1555 2642 lapideas,
1591 2570 1764 2639 legem
1804 2577 1861 2624 et
1902 2582 2056 2621 man-

481 2669 627 2729 data.
661 2683 783 2740 quae
825 2668 1018 2738 scripsi
1059 2675 1119 2722 ut
1160 2665 1347 2720 darem
1385 2664 1562 2733 legem
1590 2662 1692 2716 eis.
1722 2661 1792 2716 Et
1826 2673 2058 2728 surgens

480 2760 656 2814 Moses
681 2768 737 2814 et
759 2760 921 2815 Josue
947 2758 1040 2828 qui
1072 2757 1305 2820 astabat,
1341 2753 1707 2809 ascenderunt
1731 2752 1787 2805 in
1813 2758 2055 2804 montem

480 2848 576 2902 Dei
606 2850 672 2902 ⁵⁵.
707 2870 725 2900 ι
754 2848 919 2904 Vides
946 2857 1004 2902 ut
1027 2847 1203 2900 Moses
1227 2846 1299 2899 sit
1323 2851 1549 2898 vocatus
1571 2842 1626 2895 in
1647 2847 1910 2903 montem,
1938 2853 2057 2891 um-

481 2939 744 2993 braticam
759 2934 1303 2992 adhucetlitteralem
1315 2934 1489 3003 legem
1504 2938 1851 2999 accepturus,
1865 2943 2058 2981 accur-

481 3033 614 3087 rcrit
641 3046 770 3086 vero
796 3045 905 3084 una
929 3045 1036 3083 non
1067 3034 1292 3082 vocatus
1323 3025 1509 3088 Josue,
1535 3023 1588 3076 in
1613 3020 1818 3076 Christi
1843 3029 2052 3091 typum,

479 3125 571 3193 qui
601 3141 631 3178 a
659 3125 819 3178 Patre
846 3137 957 3176 non
984 3128 1235 3183 vocatur,
1264 3125 1325 3170 ut
1357 3113 1560 3177 caeteri,
1589 3127 1806 3181 semper
1830 3111 1973 3164 enim
2002 3113 2054 3166 ei

479 3211 652 3265 adest.
682 3210 833 3265 Viam
869 3210 1050 3278 itaque
1076 3207 1274 3263 sternit
1302 3204 1509 3259 vocatis
1539 3202 1806 3256 mediator
1831 3209 1888 3254 et
1913 3201 2053 3254 assi-

481 3308 650 3352 stens.
699 3298 794 3351 Est
838 3297 987 3352 enim
1037 3295 1394 3365 impossibile,
1429 3299 1491 3346 ut
1527 3291 1797 3354 dicebam,
1843 3291 1901 3343 in
1941 3290 2054 3344 Deo

2084 3080 2124 3135 C

2168 1836 2328 1889 θείων
2355 1838 2708 1907 χαρισμάτων
2732 1837 2997 1902 πλουσίως
3023 1843 3333 1909 μετασχεῖν,
3359 1841 3452 1894 καὶ
3476 1841 3535 1894 τὸ
3558 1843 3747 1911 ἐντρυο

2167 1927 2334 1995 φῆσαι
2363 1927 2470 1980 δεῖν
2496 1930 2607 1990 τοῖς
2637 1933 3026 1998 πνευματικοῖς
3051 1931 3201 2002 παρά
3229 1930 3466 2001 Χριστοῦ
3498 1932 3752 1997 ἀγαθοῖς,

2165 2017 2413 2082 διαδείξει
2446 2017 2528 2082 τὸ,
2572 2017 2630 2069 ὲν
2671 2018 2820 2088 τόπῳ
2862 2019 3187 2091 γενομένους
3227 2021 3386 2087 Θεοῦ,
3411 2026 3604 2090 φαγεῖν
3658 2027 3756 2079 καὶ

2167 2112 2309 2162 πιεῖν
2340 2111 2464 2173 τοὺς
2495 2110 2923 2181 ἀναϐεϐηκότας.
2986 2111 3124 2164 Ἀλλ’
3155 2114 3211 2164 ὲν
3257 2113 3354 2182 μὲν
3400 2107 3479 2175 οἷς
3522 2114 3757 2185 ἔναγχος

2164 2201 2322 2272 ἔφην,
2360 2202 2520 2272 μόνος
2555 2203 2952 2274 προσετάττετο
2986 2204 3191 2272 Μωσῆς
3222 2204 3437 2272 ἐγγίσαι
3472 2205 3613 2275 πρὸς
3666 2208 3756 2260 τὸν

2164 2293 2328 2348 Θεόν·
2359 2295 2413 2346 οἵ
2439 2311 2501 2363 γε
2532 2295 2638 2365 μὴν
2661 2295 2836 2366 ἕτεροι
2862 2301 3185 2366 προσκυνεῖν
3221 2296 3512 2368 μακρόθεν,
3543 2293 3627 2360 οἷς
3663 2300 3759 2351 καὶ

2165 2383 2330 2452 συνῆν
2384 2384 2613 2456 Ἀαρών.
2661 2386 2949 2456 Ἑλέγομεν
2969 2385 3043 2450 δὲ,
3078 2386 3158 2438 ὅτι
3206 2385 3324 2456 μεθ’
3355 2386 3513 2457 ήμῶν
3553 2389 3758 2456 γέγονε

2161 2476 2227 2544 τῇ
2260 2473 2418 2543 φύσει
2454 2475 2727 2545 μακρόθεν
2757 2477 2785 2528 6
2816 2477 2979 2544 ἐγγὺς
3008 2477 3100 2528 τοῦ
3133 2476 3268 2529 Θεοῦ
3301 2477 3393 2530 καὶ
3428 2478 3652 2550 [Ἰατρὸς
3683 2478 3759 2531 ὢν

2164 2564 2312 2628 Υἱὸς,
2340 2567 2367 2618 6
2392 2565 2595 2629 ἄκακος
2621 2567 2779 2637 ἡμῶν
2810 2569 2903 2620 καὶ
2931 2568 3188 2638 ἀμίαντος
3213 2568 3530 2640 ἀρχιερεύς·
3561 2571 3658 2623 ’ίνα
3689 2570 3755 2623 δι’

2163 2650 2362 2712 αὐτοῦ,
2398 2653 2492 2704 καὶ
2541 2653 2637 2706 σὺν
2685 2654 2834 2725 αὑτῷ
2872 2655 2936 2724 δὴ
2985 2655 3169 2718 πάλιν,
3216 2657 3613 2726 εὑρισκώμεθα
3663 2661 3758 2713 καὶ

2162 2744 2321 2812 ἡμεῖς
2350 2742 2532 2810 ἐγγύς.
2566 2745 2855 2816 Τοιγάρτοι
2890 2746 3150 2814 κέκληται
3186 2748 3280 2800 καὶ
3323 2748 3704 2819 Ἐμμανουήλ,
3729 2750 3759 2803 ὃ

2163 2834 2276 2884 ἐστι
2306 2832 2867 2904 μεθερμηνευόμενος,
2900 2840 3039 2890 Μεθ’
3068 2837 3238 2906 ἡμῶν
3259 2842 3291 2892 ὁ
3326 2841 3488 2904 Θειτς.
3522 2841 3682 2911 Πλὴν
3710 2844 3758 2895 εί

2161 2925 2253 2978 καὶ
2286 2925 2478 2994 γέγονε
2510 2927 2627 2997 μεθ’
2659 2927 2814 2998 ἡμῶν
2838 2928 2911 2992 ὡς
2942 2929 3260 2999 ἄνθρωπος,
3293 2931 3405 2983 ἀλλ’
3437 2931 3592 2986 ἔστιν
3629 2935 3760 2988 ἰδεῖν

2158 3017 2234 3080 ὡς
2265 3017 2383 3070 οὐδὲ
2417 3018 2565 3090 αὐτῷ
2598 3019 2674 3090 τῷ
2722 3021 2975 3092 μακαρίῳ
3018 3023 3190 3092 Μωσῇ
3223 3024 3476 3094 προσιτὺς
3520 3027 3764 3095 γέγονεν

2160 3110 2187 3162 ὁ
2216 3109 2426 3179 Πατὴρ,
2453 3110 2575 3180 δίχα
2602 3111 2699 3180 τῆς
2728 3111 2892 3164 αὑτοῦ
2926 3116 3221 3181 μεσιτείας.
3252 3115 3422 3178 Αὐτὸς
3452 3115 3568 3186 γάρ
3608 3120 3764 3170 ἐστιν

2158 3200 2190 3269 ἡ
2221 3199 2355 3262 ὁδὸς,
2390 3200 2552 3264 αὐτὸς
2582 3203 2614 3272 ἡ
2646 3200 2805 3272 θύρα,
2841 3202 3095 3274 καθάπερ
3126 3204 3224 3274 ἤδη
3257 3206 3624 3278 προείπομεν.
3666 3210 3765 3261 Εἱ-

2157 3291 2363 3361 σόμεθα
2387 3293 2443 3344 δὲ
2468 3294 2562 3346 καὶ
2590 3293 2750 3369 τοῦτο
2773 3295 2933 3348 πάλιν
2961 3296 3070 3349 ἀπό
3090 3313 3154 3364 γε
3172 3297 3280 3350 τῶν
3303 3299 3518 3367 ἐφεξῆς·
3549 3319 3571 3351 ε
3611 3297 3761 3354 Eius

483 3388 642 3440 Patre
675 3386 782 3440 alio
821 3401 923 3440 nos
958 3401 1079 3439 esse
1108 3383 1291 3446 modo,
1321 3397 1484 3450 quam
1511 3380 1625 3433 sola
1650 3379 1824 3447 ipsius
1846 3377 2054 3431 media-

2159 3385 2282 3456 γὰρ,
2316 3387 2498 3456 φησὶν,
2534 3389 2562 3439 6
2591 3387 2796 3458 Κύριος
2837 3387 2972 3459 πρὸς
3013 3390 3219 3460 Μωσῆν
3247 3408 3259 3420 ·
3301 3389 3564 3460 Ἀνάὸηθι
3617 3393 3768 3460 πρός

483 3476 629 3530 tione
663 3491 761 3530 seu
799 3475 1219 3530 interventione.
1251 3472 1335 3527 Illi
1365 3473 1550 3540 itaque
1590 3469 1759 3539 gloria
1790 3477 1846 3522 et
1879 3469 2054 3538 impe-

2159 3443 2337 3546 peleig
2364 3443 2424 3529 τὸ
2449 3477 2592 3548 ὅρος,
2630 3443 2722 3532 κάὶ
2754 3443 2863 3532 ἴσθι
2884 3443 3032 3542 ⁸ἐκεῖ,
3066 3481 3156 3533 καὶ
3177 3443 3336 3534 δώσω
3367 3498 3448 3536 σοι

482 3568 620 3622 rium
657 3568 819 3623 simul
841 3583 966 3622 cum
999 3566 1340 3621 sanctissimo
1370 3565 1530 3619 Patre
1558 3572 1614 3617 et
1633 3561 1840 3631 Spiritu
1869 3571 2056 3617 sancto

2159 3566 2223 3618 τά
2255 3566 2451 3634 λίθινα,
2478 3567 2567 3620 τὸν
2595 3567 2778 3638 νόμον,
2804 3571 2897 3622 καὶ
2929 3565 3026 3631 τὰς
3056 3570 3290 3632 πλάκας,
3314 3569 3377 3631 ἀς
3409 3569 3648 3640 ἔγραψα
3675 3587 3771 3623 νο·

479 3661 754 3716 in'szecula
782 3661 1124 3716 saeculorum.
1156 3657 1352 3712 Amen.

2159 3657 2454 3727 μοθετῆσαι
2494 3659 2698 3722 αὐτοῖς.
2742 3660 2854 3713 Καὶ⁵
2887 3660 3125 3722 ἀναστὰς
3155 3661 3360 3729 Μωσῆς
3400 3661 3494 3713 καὶ
3538 3662 3771 3732 Ἰησοῦς

476 3754 880 3828 ὀπαρεστηκὼς
902 3754 1072 3825 αὐτῷ,
1094 3751 1363 3822 ἀνέϐησαν
1385 3751 1465 3812 είς
1491 3749 1551 3802 τὸ
1605 3747 1730 3818 ὄρος
1753 3747 1846 3802 τοῦ
1883 3746 2038 3800 Θεοῦ.
2074 3767 2093 3800 ι
2123 3749 2286 3820 Ὁρᾷς
2315 3752 2507 3822 ὅτιπερ
2533 3752 2804 3822 κέκληται
2832 3752 2929 3822 μὲν
2954 3753 2982 3804 ὁ
3005 3753 3208 3822 Μωσῆς
3236 3753 3331 3805 τὸν
3346 3755 3401 3806 ὲν
3435 3758 3638 3816 σκιαῖς
3681 3756 3774 3810 ἔτι

474 3849 567 3902 καὶ
593 3849 912 3919 γράμμασιν
942 3842 1338 3913 ὑποδεξάμενος
1363 3841 1548 3910 νόμον,
1581 3839 1971 3910 συνανατρέχει
2032 3839 2088 3892 δὲ
2126 3839 2275 3911 αὐτῷ
2332 3841 2406 3912 μὴ
2429 3843 2869 3913 συγκεκλημένος
2895 3846 2923 3896 ὁ
2964 3842 3168 3913 Ἰησοῦς
3189 3844 3268 3906 είς
3284 3842 3450 3896 τύπον
3471 3845 3768 3915 Χριστοῦο

472 3944 531 4008 ὃς
571 3944 630 3996 οὐ
687 3943 937 3996 καλεῖται
990 3940 1143 4011 παρά
1203 3935 1448 4008 Πατρός,
1507 3934 1796 3999 ἵσως¹τοῖς
1843 3935 2056 3999 ἄλλοιςο
2101 3935 2316 3992 σύνεστι
2350 3937 2458 4005 γὰρ
2489 3937 2592 3992 ἀεί.
2622 3936 2799 4007 Βατὴν
2860 3937 2917 3990 δὲ
2943 3940 3057 4001 τοῖς
3095 3937 3446 4003 καλουμένοις
3473 3939 3590 4008 τὴν
3646 3937 3776 3993 ὁδον

473 4035 760 4108 ἐργάζεται
783 4036 1076 4105 μεσιτεύων
1099 4032 1196 4086 καὶ¹
1220 4031 1413 4086 συνών.
1444 4032 1600 4084 Ἔστι
1643 4030 1756 4101 γάρ
1809 4031 2112 4102 ἀμήχανον,
2152 4031 2227 4095 ὡς
2256 4031 2392 4102 ἔφην
2411 4073 2425 4099 ,
2456 4032 2606 4094 ἐντὸς
2636 4031 2892 4102 γενέσθαι
2926 4033 3019 4086 τοῦ
3053 4032 3188 4086 Θεοῦ
3227 4033 3320 4085 καὶ
3351 4032 3584 4103 Πατρὸς
3636 4034 3776 4087 an'

473 4129 658 4198 ἕτερον
695 4129 843 4196 ἡμᾶς
877 4127 1110 4196 τρόπον,
1143 4124 1282 4194 πλὴν
1309 4125 1392 4177 ὅτι
1424 4123 1509 4177 διὰ
1557 4125 1723 4194 μόνης
1749 4125 1848 4194 τῆς
1912 4125 2079 4178 αὐτοῦ
2124 4127 2425 4197 μεσιτείας.
2463 4126 2624 4196 Αὐτῷ
2695 4125 3054 4198 τοιγαροῦν-ἠ
3103 4127 3229 4193 δόξα
3261 4125 3356 4179 καὶ
3396 4127 3461 4179 τὸ
3501 4129 3776 4199 κράτος,

473 4217 608 4288 ὁμοῦ
637 4215 716 4268 τῶ
743 4216 993 4285 παναγίῳ
1025 4214 1203 4284 Πατρὶ
1235 4216 1332 4266 σὺν
1365 4213 1443 4283 τῷ
1479 4215 1617 4283 ἀγίῳ
1644 4216 1941 4286 Πνεύματι,
1968 4220 2047 4281 είς
2084 4220 2209 4284 τοὺς
2248 4219 2452 4282 αἰῶνας
2478 4217 2587 4270 τῶν
2616 4216 2850 4273 αἰώνων.
2901 4218 3094 4288 Ἀμήν.

785 4325 861 4380 De
894 4324 1055 4381 υίειιίο
1082 4340 1249 4396 quem
1269 4325 1512 4397 conﬂavit
1532 4325 1722 4379 Israel.

539 4441 644 4510 Qui
699 4440 875 4511 legem
909 4455 1019 4494 non
1066 4439 1272 4494 habent
1305 4439 1360 4494 in
1399 4439 1705 4494 subsidium
1732 4480 1746 4504 ,
1800 4440 1856 4495 hi
1905 4457 2048 4497 caeco

470 4537 705 4609 quodam
739 4544 795 4588 et
826 4533 1021 4604 effreni
1051 4531 1352 4586 voluntatis
1378 4531 1586 4602 impetu
1620 4532 1686 4587 ad
1718 4532 1924 4603 quaevis
1946 4549 2049 4587 no-

472 4632 558 4688 xia
586 4628 860 4693 feruntur,
909 4634 965 4680 et
997 4625 1272 4695 ingentem
1306 4625 1522 4693 culpam
1571 4623 1892 4690 incurrunt,
1922 4641 2048 4680 cum

469 4721 612 4792 apud
642 4720 834 4782 Deum,
873 4724 986 4770 tum
1033 4713 1178 4784 apud
1206 4714 1455 4768 homines
1485 4731 1497 4768 :
1539 4730 1604 4769 ac
1636 4715 1851 4769 tametsi
1891 4716 2046 4772 valde

471 4809 760 4865 videantur
789 4805 918 4877 aegri
964 4819 1085 4860 esse
1122 4803 1385 4872 inculpati
1406 4843 1421 4868 ,
1467 4803 1639 4874 magis
1673 4813 1855 4858 tamen
1879 4806 2042 4876 quid-

468 4901 599 4972 quid
641 4899 953 4970 improbum
979 4895 1547 4966 absurdissimumque
1576 4903 1662 4951 est
1701 4897 1960 4952 admirari
1986 4907 2044 4953 et

470 4989 692 5044 laudare
725 4988 938 5051 solent;
968 5000 1148 5056 neque
1179 4984 1501 5040 discernere
1539 4995 1747 5041 norunt
1777 4987 2040 5057 quidnam

469 5096 657 5136 revera
717 5079 1078 5134 admiratione
1131 5077 1356 5150 dignum
1396 5078 1502 5142 sit,
1540 5079 1672 5148 quid
1704 5093 1734 5133 e
1765 5081 2041 5136 contrario

468 5183 627 5244 turpe
656 5186 720 5227 ac
739 5169 1140 5226 detestandum.
1173 5170 1646 5238 Quemadmodum
1684 5171 1832 5226 enim
1875 5188 2042 5227 naves

465 5278 588 5331 quae
617 5269 827 5316 vastum
871 5273 1020 5315 mare
1053 5270 1441 5331 pervagantur,
1486 5261 1530 5316 si
1570 5272 1756 5332 aptum
1795 5279 1859 5318 ac
1896 5264 2044 5333 peri-

470 5366 582 5408 tam
609 5355 1032 5425 gubernatorem
1057 5361 1233 5408 nactae
1283 5353 1425 5418 sint,
1470 5353 1685 5408 felicem
1720 5364 2041 5425 rectumque

468 5460 688 5498 cursum
735 5443 1066 5510 conficiunt;
1105 5444 1188 5497 sin
1232 5452 1412 5498 autem
1442 5444 1607 5499 fuerit
1649 5447 1693 5499 is
1733 5463 1922 5516 parum
1960 5447 2038 5500 rei

472 5533 701 5586 nautica:
725 5533 954 5601 peritus,
993 5546 1208 5586 sursum
1251 5549 1312 5587 ac
1333 5535 1596 5589 'dcorsum
1623 5537 1899 5604 jar-tantur
1939 5553 2038 5604 pro

545 5663 588 5690 ⁶⁵
631 5659 968 5727 Exodntv,
1008 5660 1090 5726 l2,
1132 5661 1216 5713 15.

2075 4316 2122 4374 ο

2427 4331 2564 4400 Περὶ
2606 4330 3006 4401 μοσχοποιίας
3035 4330 3139 4384 τοῦ
3175 4329 3447 4399 Ἰσραήλ.

2215 4444 2277 4496 Οἱ
2310 4445 2471 4514 νόμον
2505 4445 2604 4496 οὐκ
2634 4442 2846 4513 ἔχοντες
2875 4445 2955 4507 είς
3001 4444 3351 4514 ἐπικουρίαν,
3378 4444 3638 4513 τυφλαῖς
3670 4449 3775 4500 καὶ

2143 4534 2582 4598 ἀκατασκέπτοις
2613 4534 2738 4603 οελη
2750 4535 2934 4603 μάτων
2963 4535 3191 4604 τροπαῖς
3221 4534 3356 4605 πρὸς
3398 4536 3518 4588 πᾶν
3567 4539 3775 4592 ὁτιοῦν

2142 4625 2507 4699 ἀποφέρονται
2529 4665 2544 4689 ,
2575 4625 2667 4676 καὶ
2703 4623 2822 4678 λίαν
2857 4624 3092 4687 εὐκόλως
3113 4666 3127 4688 ,
3156 4623 3263 4677 τῶν
3291 4625 3766 4696 ἀπηχθημένων,

2144 4720 2240 4773 καὶ
2269 4721 2324 4773 ἐν
2374 4720 2526 4791 αἰτίᾳ
2556 4719 2724 4791 πολλῇ
2774 4719 2927 4788 παρά
2969 4718 3046 4790 τῷ
3096 4719 3216 4790 Θεῷ
3258 4721 3351 4772 καὶ
3389 4720 3770 4791 ἀνθρώποις,

2140 4809 2240 4864 κᾶν
2267 4811 2317 4862 εί
2347 4809 2480 4863 πολὺ
2512 4809 2782 4878 φαίνοιντο
2809 4808 3089 4872 νοσοῦντες
3118 4809 3179 4861 τὺ
3207 4809 3543 4878 ἀμωμήτως
3577 4813 3769 4883 ἔχειν·

2144 4901 2341 4971 μᾶλλον
2368 4900 2424 4952 δὲ
2451 4901 2555 4954 κᾶν
2585 4902 2743 4971 εἴπερ
2768 4901 2854 4970 εἴη
2885 4918 2938 4953 τι
2968 4901 3063 4953 καὶ
3091 4900 3196 4952 τῶν
3238 4900 3374 4968 ἄγαν
3407 4901 3776 4959 ἐκτοπωτά-

2139 5007 2266 5054 των,
2312 4989 2470 5042 τοῦτο
2515 4990 2609 5043 καὶ
2658 4991 2958 5061 θαυμάζειν
2989 4991 3082 5043 καὶ
3111 4993 3352 5046 ἐπαινεῖν
3397 4993 3623 5061 ἀξιοῖς,
3665 4997 3773 5050 καὶ

2138 5081 2429 5153 διακρίνειν
2461 5081 2558 5134 οὐκ
2592 5077 2732 5135 οἶδεν
2761 5083 2789 5136 ὃ
2811 5082 2862 5134 τί
2892 5082 3021 5134 ποτέ
3054 5085 3201 5136 ἐστιν
3227 5081 3584 5151 ἀξιόληπτον
3620 5088 3773 5160 ἁλη-

2142 5173 2251 5236 θῶς
2303 5172 2335 5243 ἣ
2377 5173 2438 5225 τὸ
2471 5173 2707 5227 ἐναντίον
2754 5174 2982 5244 αἰσχρὸν
3048 5176 3142 5227 καὶ
3201 5173 3480 5230 ὕποπτον.
3529 5179 3779 5251 Ὃνπερ

2139 5265 2248 5332 γὰρ
2277 5265 2474 5333 τρόπον
2511 5265 2731 5328 ὁλκάδες
2759 5267 2814 5318 αἱ
2846 5265 2942 5336 τὴν
2984 5265 3222 5335 μεγάλην
3262 5265 3480 5335 ταύτην
3524 5271 3641 5324 καὶ
3678 5272 3780 5325 εὐ-

2144 5355 2386 5426 ρύχωρον
2407 5355 2717 5409 διαθέουσαι
2745 5355 3037 5420 θάλασσαν,
3067 5356 3112 5408 εί
3141 5356 3239 5424 μὲν
3281 5354 3533 5426 εῦχειρά
3566 5378 3635 5412 τε
3671 5364 3779 5415 καὶ

2138 5446 2524 5517 ἀριστοτέχνην
2563 5447 2735 5517 ἔχοιεν
2777 5447 2870 5500 τὸν
2897 5449 3009 5511 τοῖς
3035 5446 3313 5518 πηδαλίοις
3347 5447 3776 5522 ἐφεστηκότα.

2140 5538 2228 5586 τὸν
2253 5539 2336 5587 ἐπ’
2379 5538 2504 5592 εὐθὺ
2546 5538 2816 5609 διᾴττουσι
2851 5538 3069 5610 δρόμον.
3100 5538 3160 5590 Εί
3189 5537 3243 5590 δὲ
3271 5537 3330 5605 δή
3364 5551 3465 5601 τις
3507 5541 3615 5613 εἴη
3652 5545 3778 5598 τῶν
