4066 6282
382 309 488 368 525

1401 309 1920 368 οωιηιγιιοιιυιι
1959 310 2026 364 1N
2065 309 2350 366 EXODUM
2392 309 2518 364 LIB.
2561 306 2647 362 Ill.

3537 296 3640 355 5&6

380 427 443 479 οὐ
488 427 610 480 λίαν
672 427 1132 500 εύτεχνεστάτων,
1187 426 1636 500 διαρῤιπτοῦνται
1680 425 1962 496 πανταχῆ,

2082 425 2332 479 luctuum
2363 439 2426 478 ac
2457 420 2826 492 procellarum
2883 415 3113 470 arbitrio
3142 453 3155 477 ,
3207 411 3374 484 335,
3396 429 3520 482 qua:
3549 429 3644 466 eas

386 519 670 590 μονονουχὶ
714 521 1105 592 προσνεύουσαι
1157 518 1237 588 τῷ
1296 517 1669 590 προσωθοῦντι
1730 515 1958 587 κύματι,

383 611 612 682 ὅποιπερ
656 612 722 665 ἂν
765 613 982 666 δύναιτο
1027 610 1406 682 περιελαύνειν
1445 610 1635 672 αὐτάς
1681 609 1822 662 οὕτω
1870 609 1964 662 καὶ

387 701 420 770 ὴ
447 700 732 771 ἀνθρώπου
757 702 926 774 ψυχὴ,
953 701 1116 772 νόμον
1145 703 1246 756 οὐκ
1273 701 1472 772 ἔχουσα
1485 699 1576 753 τὸν
1601 699 1961 768 ἐφεστηκότα,

388 792 524 860 πρὸς
549 793 658 845 πᾶν
686 795 824 865 αὐτῇ
855 793 1048 848 δοκοῦν
1075 793 1330 848 ἀπονεύει
1361 791 1578 865 ῥᾳδίως,
1603 792 1700 844 καὶ
1725 793 1836 855 τοῖς
1857 789 1966 844 τῶν

395 884 539 938 ἰδίων
571 885 774 955 ἡδονῶν
806 885 1142 958 καταμεθύει
1185 885 1414 956 κύμασι.
1459 882 1632 936 Τοῦτο
1661 882 1969 936 πεπονθότα

392 975 482 1027 τὸν
537 977 752 1049 Ἰσραὴλ
804 979 1131 1050 εὑρήσομεν.
1187 977 1470 1048 Βεϐηκότα
1519 975 1629 1046 γὰρ
1675 975 1827 1029 οὔπω
1880 975 1970 1028 τὸν

391 1066 514 1121 νοῦν
567 1071 648 1132 είς
695 1071 978 1125 εὐσέϐειαν
1027 1071 1196 1142 ἔχων,
1243 1070 1367 1124 οὔτε
1417 1070 1524 1142 μὴν
1573 1068 1970 1140 ἐρηρεισμένην

395 1161 534 1230 μετὰ
563 1160 698 1214 Θεοῦ
728 1161 826 1234 τὴν
860 1164 1109 1234 καρδίαν,
1143 1164 1334 1218 ἀνόπιν
1364 1162 1554 1233 ὥσπερ
1599 1161 1692 1214 ἰὼν
1722 1178 1974 1228 κατειρω-

395 1254 524 1323 ρᾶτο
557 1253 740 1318 πάλιν,
772 1256 868 1309 καὶ
899 1256 998 1326 τῆς
1031 1258 1308 1329 ἐπαράτου
1334 1257 1429 1310 καὶ
1469 1255 1731 1326 βδελυρᾶς
1759 1251 1974 1306 εἰδωλο-

391 1344 648 1416 λατρείας
679 1347 988 1418 ἠγαπηκὼς
1027 1348 1096 1402 τὰ
1135 1349 1480 1419 ἐγκλήματα.
1509 1347 1799 1418 Τοιγάρτοι
1848 1345 1976 1416 περὶ

393 1422 717 1490 αὖτῶν’καὶ
761 1438 925 1502 αὐτὸς
971 1439 1206 1507 ἐνξασκεν
1238 1442 1266 1494 ὁ
1298 1441 1506 1511 Σωτήρο
1562 1459 1581 1490 ι
1625 1440 1794 1492 Ὅταν
1819 1437 1875 1490 δὲ
1916 1437 1978 1490 τὸ

397 1529 712 1598 ἀκάθαρτον
741 1529 960 1598 πνεῦμα
1003 1530 1196 1603 ἐξέλθῃ
1227 1532 1334 1586 ἀπὸ
1360 1533 1452 1586 τοῦ
1491 1531 1800 1602 ἀνθρώπου,
1828 1529 1974 1600 διέρ-

381 1611 556 1688 χεται
601 1620 672 1672 δι’
716 1619 961 1691 ἀνύδρων
1005 1623 1223 1687 τόπων,
1263 1623 1459 1695 ζητοῦν
1508 1625 1834 1687 ἀνάπαυσιν,
1881 1620 1980 1674 καὶ

403 1713 502 1778 οὐχ
531 1711 798 1781 εὑρίσκει,
834 1713 947 1778 καὶ,
989 1713 1373 1786 Ὑποστρέψω,
1400 1718 1586 1788 φησὶν,
1615 1718 1695 1780 εἰς
1721 1715 1814 1769 τὸν
1846 1715 1979 1768 ἴδιον

2062 531 2173 586 quo
2198 515 2370 570 velint
2388 513 2708 584 impellunt:
2734 511 2807 564 ita
2829 509 2996 565 etiam
3030 506 3266 561 hominis
3291 506 3493 570 anima,
3517 521 3645 560 cum

2065 607 2240 676 legem
2272 622 2382 661 non
2415 605 2581 660 habet
2614 601 2934 673 perfectam,
2965 599 3123 654 facile
3147 599 3215 652 ad
3251 596 3472 667 quidvis
3497 595 3644 666 quod

2065 699 2117 753 ei
2144 699 2372 753 libuerit
2402 697 2637 767 rapitur,
2673 703 2730 749 et
2755 693 3061 748 carnalium
3089 691 3432 760 voluptatum
3481 688 3649 742 undis

2067 789 2472 860 quodammodo
2497 787 2822 842 inebriatur.
2847 783 3006 850 Quod
3045 781 3269 854 quidem
3305 781 3650 852 reperiemus

2069 881 2335 936 accidisse
2380 880 2588 934 lsraeli.
2625 877 2762 934 Cum
2797 876 2944 932 enim
2985 892 3097 931 non
3144 875 3377 929 haberet
3409 882 3650 929 mentem

2070 973 2138 1027 ad
2183 973 2444 1042 pietatem
2490 985 2852 1042 propensam,
2899 983 3080 1038 neque
3114 982 3210 1021 cur
3248 967 3305 1022 in
3351 967 3525 1022 Deum
3551 965 3652 1020 de-

2073 1066 2239 1120 ﬁxum
2261 1106 2274 1130 ,
2309 1065 2464 1136 quasi
2501 1063 2854 1135 retrogradus
2911 1073 2995 1117 est
3051 1061 3460 1132 deprehensus,
3493 1076 3654 1115 exse-

2073 1153 2334 1208 crandam
2360 1153 2727 1208 idololatriam
2785 1153 3144 1221 amplexatus.
3182 1150 3394 1205 Idcirco
3423 1151 3490 1204 de
3534 1149 3656 1204 istis

2076 1244 2327 1300 Salvator
2358 1245 2474 1316 ipse
2502 1245 2578 1299 ait
2615 1262 2629 1298 :
2675 1263 2694 1296 ι
2724 1245 2861 1300 Cum
2891 1242 3211 1298 immundus
3243 1241 3472 1312 spiritus
3509 1241 3657 1296 exie-

2077 1337 2151 1390 rit
2181 1337 2252 1391 ab
2277 1337 2502 1392 homine
2527 1377 2541 1401 ,
2581 1344 2836 1406 peragrat
2867 1335 3078 1390 arentia
3133 1335 3250 1388 loca
3287 1350 3542 1404 quaerens
3573 1349 3658 1388 re-

2077 1429 2283 1497 quiem,
2309 1437 2363 1481 ct
2390 1444 2499 1482 non
2530 1428 2836 1492 inveniens,
2864 1426 3007 1482 'dicit
3039 1427 3339 1480 :Revertar
3357 1426 3412 1480 in
3432 1425 3657 1480 domum

2079 1535 2255 1574 meam
2292 1519 2437 1574 unde
2467 1519 2633 1574 exivi.
2663 1519 2878 1574 Etcum
2907 1519 3142 1581 venerit,
3178 1517 3390 1573 invenit
3418 1534 3538 1572 eam
3561 1535 3657 1572 va-

2079 1622 2316 1675 cantem,
2352 1611 2531 1680 scopis
2556 1611 2870 1665 mundatam
2896 1618 2953 1665 et
2982 1619 3270 1676 ornatam;
3313 1620 3442 1665 tunc
3474 1611 3656 1674 vadit,

2081 1711 2139 1757 et
2171 1703 2403 1756 assmnit
2454 1709 2663 1772 septem
2705 1702 2845 1757 alios
2880 1703 3107 1772 spiritus
3144 1702 3442 1772 nequiores
3485 1721 3563 1759 se.
3594 1704 3660 1758 Et

409 1775 610 1852 τόπον.-
631 1800 740 1852 Καὶ
766 1775 920 1854 ἐλθὸν
933 1775 1584 1874 ϋεύρίσκειισχολαζούτα,
1597 1775 1980 1875 σεσαρωμένον

2083 1794 2312 1864 ingressi
2369 1794 2618 1848 habitant
2646 1795 2760 1848 .ibi.
2805 1795 2874 1849 Et
2911 1795 3048 1849 fiunt
3073 1796 3372 1851 novissima
3421 1797 3663 1852 hominis

413 1890 505 1941 καὶ
553 1891 986 1961 κεκοσμημένον·
1037 1894 1158 1947 τότε
1201 1894 1527 1965 πορεύεται,
1582 1896 1674 1948 καὶ
1715 1893 1980 1965 λαμϐάνει

413 1979 573 2050 ἕτερα
625 1983 764 2035 ἑπτὰ
799 1983 1085 2054 πνεύματα
1119 1986 1458 2058 πονηρότερα
1493 1985 1705 2042 ἑαυτοῦ.
1738 1987 1845 2040 Καὶ
1871 1987 1982 2040 εἰσ-

409 2071 635 2124 ελθόντα
686 2077 938 2128 κατοικεῖ
981 2078 1119 2130 ἐκεῖο
1165 2077 1258 2129 καὶ
1297 2077 1503 2144 γίνεται
1540 2078 1606 2131 τὰ
1651 2077 1850 2150 ἔσχατα
1885 2077 1981 2132 τοῦ

405 2161 698 2234 ἀνθρώπου
733 2167 966 2236 ἐκείνου,
998 2169 1214 2238 χείρονα
1247 2169 1357 2223 τῶν
1387 2169 1634 2242 πρώτων.
1665 2190 1686 2222 ι
1709 2167 1838 2225 Εἶτα
1859 2171 1982 2225 τού-

401 2270 517 2318 τοις
562 2259 900 2324 προστιθεὶς,
937 2279 955 2312 ι
999 2261 1206 2331 Ἀμὴν,
1241 2261 1411 2332 φησὶ,
1447 2263 1590 2332 λέγω
1627 2264 1774 2334 ύμῖν,
1809 2264 1982 2329 οὕτως

403 2344 554 2398 ἔσται
599 2349 665 2418 τῇ
721 2352 940 2420 πονηρᾷ
981 2352 1155 2426 ταύτῃ
1204 2355 1385 2425 γενεᾷ.
1431 2373 1449 2404 ι
1511 2355 1842 2428 Ἀπελήλατο
1883 2358 1982 2427 μὲν

402 2435 508 2508 γὰρ
536 2438 592 2490 ἐν
616 2439 816 2509 ἀρχαῖς
843 2441 902 2493 τὸ
939 2442 1154 2514 πνεῦμα
1192 2445 1254 2498 τὸ
1299 2447 1555 2518 πονηρὸν,
1585 2450 1674 2501 ὅτε
1720 2449 1981 2503 τεθύκασι

405 2527 492 2581 τον
522 2531 692 2600 ἀμνδν
721 2534 802 2596 εἰς
833 2533 1002 2587 τύπον
1029 2535 1123 2588 τοῦ
1159 2537 1420 2608 Χριστοῦ’
1454 2539 1892 2612 κατεχρίσθησάν
1925 2557 1981 2593 τε

403 2619 480 2689 τῷ
506 2622 720 2692 αἵματι,
751 2624 846 2676 καὶ
871 2625 1152 2698 διέδρασαν
1181 2628 1274 2682 τὸν
1309 2629 1655 2704 ὀλοθρευτήν.
1702 2631 1838 2684 Ἀλλ’
1875 2632 1981 2686 ἰδοὺ

405 2714 564 2770 πάλιν
591 2717 913 2781 είσπέπεκε,
955 2720 1048 2773 καὶ
1080 2721 1214 2775 πολὺ
1243 2724 1504 2794 χειρόνως
1541 2723 1573 2795 ἢ
1602 2724 1790 2788 πάλαι,
1825 2725 1984 2798 εἴπερ

404 2807 552 2859 ἐστὶν
580 2807 786 2880 ἀληθὴς
811 2811 840 2862 ὁ
865 2810 1039 2878 λέγων
1065 2814 1192 2884 περὶ
1220 2814 1328 2868 τῶν
1352 2816 1420 2868 τὰ
1444 2815 1625 2869 τοιάδε
1652 2817 1828 2869 νοσεῖν
1856 2817 1986 2886 ᾑρη-

409 2899 607 2968 μένων·
683 2919 701 2952 ι
726 2902 994 2972 Κρεῖσσον
1037 2903 1144 2976 γὰρ
1177 2901 1245 2975 ἦν
1286 2907 1468 2970 αὐτοῖς
1516 2906 1590 2977 μὴ
1619 2907 1984 2974 ἐπεγνωκέναι

405 2987 502 3058 τὴν
533 2989 653 3043 ὁδον
685 2991 784 3062 τῆς
818 2991 1237 3066 δικαιοσύνης,ῆ
1270 2995 1584 3063 ἐπιγνοῦσιν
1614 2999 1692 3058 εἰς
1715 2995 1784 3048 τὰ
1811 2997 1986 3049 ὀπίσω

405 3079 728 3152 ἀνακάμψαι
757 3083 863 3138 ἀπὸ
895 3085 996 3154 τῆς
1043 3085 1290 3154 δοθείσης
1328 3087 1510 3151 αὐτοῖς
1548 3087 1708 3156 ἁγίας
1739 3089 1978 3158 ἐντολῆς.
2011 3111 2055 3168 C

407 3171 760 3241 Συμϐέϐηκεν
783 3173 968 3236 αὐτοῖς
993 3173 1054 3226 τὸ
1069 3173 1168 3244 τῆς
1187 3173 1422 3244 ἀληθοῦς
1441 3176 1764 3247 Παροιμίας’
1793 3177 1986 3235 (Κύων

408 3260 738 3332 ἐπιστρέψας
753 3263 845 3316 ἐπὶ
858 3262 920 3314 τὸ
945 3261 1074 3316 ἴδιον
1092 3259 1176 3326 ἐξέ
1186 3279 1355 3332 ραμαο
1370 3281 1388 3314 ι
1405 3265 1518 3328 καὶ,
1535 3286 1552 3315 ι
1565 3260 1590 3284 ⁷
1601 3267 1668 3330 Υς
1681 3267 1984 3340 λουσαμένη

407 3357 485 3420 εἰς
517 3355 760 3427 κύλισμα
793 3355 1078 3428 βορϐόρου.
1113 3374 1133 3408 ι
1182 3357 1270 3423 Ἐξ
1301 3357 1482 3410 αὐτῶν
1509 3359 1562 3411 δὲ
1590 3359 1696 3414 τῶν
1730 3362 1987 3438 τετολμη-

413 3447 587 3516 μένων
626 3448 1030 3519 καταθρήσαιτό
1060 3465 1143 3512 τις
1188 3447 1285 3512 ἂν,
1321 3450 1542 3504 ὅτιτῶν
1584 3453 1730 3506 ἰδίων
1775 3455 1985 3528 ἐμέτων

407 3537 643 3606 ἥπτοντο
679 3539 861 3604 πάλιν,
889 3541 982 3594 καὶ
1013 3542 1125 3604 τοῖς
1155 3540 1362 3595 ἄνωθεν
1391 3543 1821 3612 ἐγκυλινδεῖσθαι
1857 3548 1984 3622 βορ-

409 3629 586 3695 ϐόροις
631 3631 690 3696 ἐξ
741 3631 1090 3701 ὑποστροφῆς
1137 3633 1428 3704 ἐμελέτων.
1487 3636 1803 3707 Γέγραπται
1853 3641 1984 3712 γὰρ,

409 3721 488 3774 ὅτι
519 3739 536 3771 ι
579 3721 686 3774 Καὶ
723 3720 850 3775 ίδὼν
879 3725 907 3776 ὁ
933 3723 1060 3786 λαὸς
1091 3725 1172 3777 ὅτι
1196 3727 1478 3796 κεχρονικε
1507 3730 1708 3800 Μωσῆς
1738 3732 1984 3800 καταϐῆ-

408 3826 495 3861 ναι
529 3811 594 3862 ἐκ
634 3809 727 3864 τοῦ
764 3810 955 3883 ὅρους,
996 3815 1226 3884 συνέστη
1259 3817 1286 3868 ὁ
1325 3815 1451 3878 λαὸς
1490 3817 1578 3869 ἐπ’
1617 3818 1858 3887 Ἀαρὼν,
1893 3821 1988 3873 καὶ

409 3899 662 3969 λέγουσιν
707 3903 878 3974 αὐτῷ’
915 3903 1204 3974 Ἀνάστηθι
1225 3943 1239 3966 ,
1267 3906 1362 3958 καὶ
1387 3905 1610 3978 ποίησον
1648 3910 1778 3978 ἡμῖν
1811 3909 1984 3972 θεοὺς,

409 3993 459 4046 οἳ
493 3993 962 4065 προπορεύσονται
994 3995 1174 4066 ἡμῶν.
1218 3997 1275 4049 '0
1298 3998 1503 4068 Μωσῆς
1533 3994 1684 4062 οὗτος
1721 4002 1749 4053 ὁ
1778 4000 1988 4069 ἄνθρω-

410 4101 508 4148 πος
533 4085 592 4148 ὃς
620 4086 889 4154 ἐξήγαγεν
916 4087 1062 4156 ἡμᾶς
1086 4089 1149 4142 ἐκ
1181 4089 1284 4158 γῆς
1314 4089 1612 4154 Αἰγύπτου,
1639 4091 1739 4144 οὐκ
1768 4093 1987 4162 οἴδαμεν

407 4175 460 4229 τί
489 4177 715 4246 γέγονεν
747 4178 916 4249 αύτῷ.
947 4181 1056 4232 Καὶ
1092 4179 1240 4248 λέγει
1271 4181 1454 4244 αὐτοῖς
1494 4183 1522 4234 ὁ
1558 4180 1787 4252 Ἀαρών·
1821 4185 1986 4253 Περι-

409 4267 596 4321 έλεσθε
626 4267 696 4321 τὰ
721 4268 916 4324 ἐνώτια
941 4270 1007 4324 τὰ
1033 4272 1210 4342 χρυσᾶ
1227 4271 1296 4324 τὰ
1326 4273 1384 4326 ἐν
1402 4274 1516 4334 τοῖς
1543 4272 1645 4324 ὠσὶ
1672 4271 1781 4325 τῶν
1800 4289 1988 4341 γυναι-

371 4342 519 4412 θκῶν
571 4359 726 4430 ὑμῶν
771 4359 867 4414 καὶ
907 4361 1016 4414 τῶν
1047 4362 1390 4434 θυγατέρων,
1438 4363 1530 4417 καὶ
1563 4363 1823 4432 ἐνέγκατέ
1872 4383 1983 4436 μοι.

2082 1882 2230 1938 illius
2247 1884 2433 1954 pejora
2465 1881 2745 1953 prioribus
2761 1883 2825 1937 ⁵⁸.
2853 1903 2880 1949 ρ
2907 1884 3304 1940 Subditautem
3327 1887 3492 1956 paulo
3514 1896 3657 1958 post:

2090 1991 2108 2022 ‹
2142 1971 2346 2036 Amen,
2386 1972 2511 2028 dico
2537 1972 2717 2037 vobis,
2752 1973 2830 2028 sic
2859 1973 2949 2029 ﬁet
2980 1976 3320 2044 generationi
3368 1977 3499 2032 huic
3530 1993 3661 2048 pra-

2083 2082 2163 2120 vae
2193 2067 2258 2120 ⁸⁷.
2290 2086 2307 2117 ι
2347 2067 2687 2137 Expulerunt
2714 2067 2862 2122 enim
2897 2067 3056 2122 initio
3086 2068 3339 2139 spiritum
3362 2071 3660 2142 malignum

2083 2168 2320 2213 mactato
2342 2174 2482 2229 agno
2505 2159 2558 2213 in
2593 2169 2778 2230 typum
2801 2159 3040 2226 Christi,
3081 2163 3344 2232 unctique
3374 2172 3504 2219 sunt
3532 2180 3663 2219 san-

2083 2251 2268 2320 guine,
2300 2261 2356 2306 et
2382 2251 2692 2322 eifugerunt
2718 2253 3222 2308 exterminatorem.
3249 2254 3319 2308 At
3357 2255 3502 2320 vide,
3531 2272 3662 2326 pro-

2084 2342 2344 2398 labuntur
2398 2359 2658 2410 rursum,
2717 2359 2780 2399 ac
2811 2343 3034 2414 quidem
3077 2345 3134 2400 in
3179 2345 3338 2417 longe
3385 2347 3663 2402 deteriora

2085 2429 2362 2504 prioribus
2387 2453 2401 2501 ;
2435 2437 2705 2507 siquidem
2727 2453 2892 2492 verax
2916 2447 3000 2492 est
3021 2437 3109 2493 ille
3135 2437 3228 2508 qui
3261 2439 3328 2494 de
3353 2440 3444 2494 tali
3470 2441 3663 2494 morbo

2084 2527 2298 2583 aﬂ‘ectis
2327 2529 2464 2584 dicit
2495 2548 2507 2583 ε
2545 2549 2564 2581 ι
2601 2531 2795 2585 Melius
2819 2541 2965 2586 esset
2997 2529 3130 2601 ipsis
3153 2548 3436 2603 nunquam
3458 2549 3664 2605 cogno-

2085 2621 2228 2676 visse
2254 2621 2400 2677 viam
2437 2622 2686 2693 justitiae,
2719 2639 2883 2693 quam
2931 2639 3057 2678 cum
3108 2626 3466 2693 cognoverint
3513 2636 3664 2680 retro

2085 2709 2378 2767 deﬂectere
2401 2727 2432 2766 a
2461 2722 2651 2767 sancto
2679 2713 2968 2778 mandato,
3023 2713 3168 2783 quod
3227 2713 3330 2768 sibi
3373 2724 3460 2770 est
3491 2717 3662 2770 tradi-

2087 2805 2223 2851 tum.
2253 2797 2465 2852 Accidit
2487 2800 2634 2853 enim
2658 2801 2757 2862 eis,
2785 2802 2930 2870 quod
2956 2803 3117 2855 estin
3147 2803 3470 2870 Proverbia,
3500 2805 3666 2862 Canis

2087 2901 2342 2942 reversus
2362 2887 2429 2941 ad
2459 2889 2743 2958 proprium
2769 2891 3054 2956 vomitum;
3113 2901 3188 2956 et,
3215 2890 3320 2946 Sus
3339 2892 3449 2948 lota
3471 2895 3538 2949 ad
3567 2911 3666 2950 vo-

2087 2975 2363 3030 lutabrum
2407 2978 2548 3032 caeni
2579 2977 2644 3030 ⁸⁸.
2681 2997 2701 3029 ι
2734 2979 2867 3034 Nam
2894 2996 2961 3033 ex
3003 2981 3072 3034 iis
3102 2983 3237 3050 ipsis
3277 2998 3400 3052 quae
3427 2993 3667 3040 attenta—

2089 3071 2239 3129 runt,
2292 3063 2451 3120 facile
2488 3067 2614 3136 quis
2660 3067 2883 3134 viderit,
2923 3070 3068 3139 quod
3118 3071 3186 3124 ad
3218 3087 3379 3128 suum
3420 3074 3667 3144 ipsorum

2090 3155 2356 3212 vomitum
2387 3158 2686 3224 redierint,
2729 3168 2786 3214 et
2821 3160 2877 3215 in
2905 3161 3076 3231 priori
3117 3161 3288 3219 coeno
3306 3181 3424 3221 sese
3457 3167 3670 3223 voluta-

2090 3247 2288 3304 verint.
2335 3248 2613 3320 Scriptum
2638 3260 2722 3306 est
2757 3252 2904 3307 enim
2937 3271 2950 3307 :
2987 3273 3005 3304 ι
3041 3254 3190 3310 Vidit
3221 3265 3402 3313 autem
3432 3260 3670 3330 populus

2089 3341 2236 3411 quod
2269 3343 2505 3398 tardavit
2525 3343 2703 3400 Moses
2725 3345 3059 3403 descendere
3081 3349 3149 3404 de
3178 3360 3363 3406 monte
3396 3370 3408 3404 :
3435 3368 3668 3424 congre-

2087 3441 2356 3504 gatusque
2385 3444 2470 3490 est
2492 3436 2730 3506 populus
2755 3437 2822 3492 ad
2846 3439 3049 3504 Aaron,
3067 3448 3123 3496 et
3142 3440 3400 3498 dicuntei
3431 3462 3443 3497 :
3472 3443 3666 3516 Surge,

2085 3533 2142 3578 et
2186 3526 2272 3581 fac
2318 3527 2480 3582 nobis
2503 3527 2671 3594 deos,
2711 3529 2804 3599 qui
2831 3533 3143 3600 praecedant
3171 3550 3292 3590 nos.
3323 3535 3455 3590 Nam
3495 3536 3672 3592 Moses

2087 3621 2178 3674 hic
2203 3621 2368 3676 homo
2410 3630 2516 3687 est,
2547 3622 2643 3692 qui
2679 3623 2870 3678 eduxit
2897 3640 2999 3680 nos
3023 3625 3091 3680 de
3121 3635 3264 3681 terra
3292 3626 3532 3698 Egypti,
3559 3645 3670 3683 non

2086 3717 2292 3773 scimus
2326 3717 2459 3788 quid
2503 3717 2708 3774 factum
2755 3728 2838 3775 est
2882 3721 2983 3776 illi.
3013 3721 3081 3775 Et
3122 3720 3257 3775 dicit
3283 3721 3392 3774 illis
3431 3721 3611 3776 Aaron
3654 3742 3665 3776 :

2088 3810 2284 3866 Tollite
2315 3811 2534 3864 inaures
2557 3828 2754 3866 aureas
2777 3829 2899 3882 quae
2925 3813 2979 3866 in
2997 3812 3226 3866 auribus
3247 3813 3541 3867 mulierum
3572 3831 3668 3868 ve-

2087 3910 2323 3954 strarum
2366 3910 2423 3955 et
2459 3901 2725 3965 ﬁliarum,
2771 3907 2828 3955 et
2861 3901 3053 3954 afferte
3085 3901 3154 3954 ad
3183 3915 3289 3954 me.
3324 3902 3390 3956 Et
3423 3903 3669 3958 abstule-

2089 3999 2218 4044 runt
2239 3991 2420 4046 omnis
2447 3991 2684 4060 populus
2710 3991 2932 4045 inaures
2954 4005 3154 4046 aureas
3185 4006 3308 4060 qua:
3344 3993 3400 4046 in
3443 3993 3671 4048 auribus

2087 4099 2320 4137 uxorum
2355 4099 2570 4148 eorum,
2603 4091 2659 4138 et
2694 4083 3003 4138 attulerunt
3037 4081 3105 4138 ad
3133 4083 3336 4138 Aaron.
3363 4085 3430 4140 Et
3458 4090 3670 4156 accepit

2087 4175 2156 4229 de
2181 4175 2436 4230 manibus
2458 4175 2678 4230 illorum
2706 4174 2867 4246 335
2895 4183 2951 4231 et
2972 4175 3231 4231 formavit
3258 4177 3392 4232 illud
3419 4177 3475 4232 in
3498 4179 3666 4250 style,

2087 4278 2143 4324 et
2204 4269 2337 4324 fecit
2391 4267 2528 4324 illud
2573 4268 2808 4324 vitulum
2858 4268 3212 4326 conflatilem.
3252 4271 3321 4326 Et
3367 4272 3665 4329 dixerunt:

2087 4360 2180 4414 lsti
2211 4360 2286 4414 dii
2332 4361 2432 4424 tui,
2473 4361 2658 4428 Israel,
2691 4362 2786 4433 qui
2830 4363 3140 4440 eduxerunt
3163 4371 3215 4420 te
3239 4364 3308 4420 de
3340 4377 3486 4422 terra
3510 4366 3672 4440 Egy-

409 4451 516 4504 Καὶ
552 4452 890 4522 περιείλοντο
919 4454 1026 4512 πᾶς
1064 4456 1092 4507 ὁ
1123 4454 1248 4516 λαὸς
1281 4455 1349 4507 τὰ
1383 4454 1578 4508 ἐνώτια
1607 4457 1672 4508 τὰ
1708 4434 1886 4527 χρυσᾶ
1918 4457 1982 4511 τὰ

2088 4452 2187 4522 pti.
2219 4453 2286 4506 Et
2319 4452 2516 4508 videns
2543 4453 2726 4509 Aaron
2750 4434 3041 4512 aedificavit
3081 4457 3250 4512 altare
3278 4473 3462 4513 coram
3487 4473 3554 4513 eo
3573 4434 3670 4523 {in

406 4541 464 4592 ἐν
489 4545 603 4604 τοῖς
632 4542 736 4596 ὠσὶ
765 4543 871 4596 τῶν
901 4545 1182 4609 γυναικῶν
1217 4545 1420 4610 αὐτῶν,
1453 4547 1548 4600 καὶ
1589 4547 1828 4618 ῆνεγκαν
1851 4549 1988 4620 πρὸς

419 4633 652 4705 Ἀαρών.
700 4635 810 4688 Καὶ
855 4635 1074 4701 ἐδέξατο
1121 4639 1185 4690 ἐκ
1233 4637 1342 4691 τῶν
1384 4638 1582 4708 χειρῶν
1630 4640 1844 4698 αὐτῶν.
1891 4642 1987 4694 καὶ

405 4725 643 4779 ἔπλασεν
681 4727 820 4780 αὐτὰ
856 4729 912 4780 ἐν
950 4731 1015 4798 τῇ
1059 4729 1313 4798 γραςςίδι,
1356 4729 1452 4782 καὶ
1500 4731 1754 4801 ἐποίησεν
1802 4733 1986 4796 αὐτοῖς

408 4817 612 4888 μόσχδν
661 4819 948 4888 χωνευτόν.
1007 4820 1117 4873 Καὶ
1171 4816 1350 4873 εἶπαν·
1403 4815 1560 4874 Οὗτοι
1609 4825 1656 4874 οἰ
1704 4822 1815 4875 θεοί
1866 4841 1985 4888 σου,

417 4909 675 4980 Ἰσραὴλ,
719 4910 915 4972 οἵτινες
967 4911 1297 4966 ἀνεϐίϐασαν
1333 4929 1391 4966 σε
1422 4914 1486 4966 ἐκ
1527 4914 1630 4984 γῆς
1682 4916 1982 4982 Αἰγύπτου.

401 5000 517 5054 Καὶ
544 5001 671 5054 ἰδὼν
701 5001 934 5072 Ἀαρὼν,
961 5001 1278 5073 ᾠκοδόμησε
1313 5004 1696 5076 θυσιαστήριον
1727 5005 1984 5060 ἀπέναντι

402 5089 630 5160 αὐτοῦς
663 5092 762 5146 καὶ
804 5094 1070 5164 ἐκήρυξεν
1127 5087 1366 5166 Ἀαρὼν,
1413 5095 1605 5165 λέγων·
1653 5097 1843 5168 Ἐορτὴ
1892 5097 1984 5150 τοῦ

403 5186 614 5257 Κυρίου
640 5184 850 5256 αὔριον.
875 5187 988 5240 Καὶ
1008 5186 1266 5258 ὁρθρίσας
1289 5190 1354 5260 τῇ
1383 5189 1644 5260 ἐπαύριον
1667 5190 1985 5244 ἀνεϐίϐασεν

400 5275 876 5346 ὁλοκαυτώματα,
929 5277 1024 5331 καὶ
1069 5281 1411 5350 προσήνεγκε
1461 5279 1650 5332 θυσίαν
1695 5282 1981 5352 σωτηρίου,

402 5367 500 5420 κα)⁵
525 5368 779 5420 ἐκάθισεν
845 5367 873 5420 ὁ
904 5367 1030 5430 λαὸς
1055 5370 1247 5437 φαγεῖν
1287 5368 1382 5421 καὶ
1425 5371 1588 5434 πιεῖν,
1631 5371 1726 5422 καὶ
1754 5372 1985 5442 ἀνέστη-

405 5475 506 5512 σαν
547 5457 786 5524 παίζειν.
833 5477 852 5511 ι
893 5461 950 5514 Ὀ
995 5461 1094 5530 μὲν
1142 5461 1428 5525 θεσπέσιος
1481 5463 1708 5534 Μωσῆς,
1755 5465 1882 5530 τοὺς
1922 5461 1981 5518 εὖ

407 5550 556 5622 μάλα
584 5553 1110 5624 μυσταγωγούμενος
1148 5555 1364 5625 νόμους,
1395 5558 1628 5608 ἐποιεῖτο
1655 5557 1750 5622 τὰς
1781 5561 1984 5630 διατρι-

483 5665 527 5699 ¹⁵⁶
553 5666 744 5722 Matth.
781 5687 872 5736 xu,
905 5669 1096 5724 45-45·
1130 5669 1260 5721 Luc.
1290 5687 1358 5722 \‘l.
1403 5671 1592 5725 24—26.

394 5752 571 5801 xu",
619 5737 724 5791 Hi.

1672 5672 1714 5699 '”
1749 5673 1934 5728 Matth.
1959 5691 2050 5736 λιι,
2095 5675 2169 5728 L‘i.

2085 4545 2402 4614 praedicavit
2441 4547 2642 4613 Aaron,
2674 4548 2899 4604 dicens:
2925 4549 3147 4605 Festum
3180 4550 3394 4604 Domini
3427 4567 3570 4604 cras.
3599 4552 3670 4606 Et

2083 4653 2242 4693 mane
2265 4655 2492 4710 surgens
2511 4640 2568 4696 in
2597 4646 2898 4696 crastinum
2925 4641 3123 4696 deduci
3165 4642 3294 4698 fecit
3325 4643 3666 4707 holocausta,

2081 4741 2137 4787 et
2171 4732 2368 4788 obtulit
2421 4732 2748 4788 sacrificium
2801 4734 3058 4800 salutare,
3082 4743 3137 4790 et
3163 4735 3306 4788 sedit
3332 4733 3568 4804 populus
3604 4737 3672 4788 ad

2082 4825 2481 4880 comedendum
2543 4833 2599 4881 et
2661 4825 3002 4893 bibendum,
3071 4833 3128 4880 et
3171 4832 3532 4880 surrexerunt
3591 4825 3676 4879 lu-

2083 4916 2214 4971 dere
2233 4918 2298 4970 ".
2334 4937 2352 4968 ›
2382 4917 2518 4972 Nam
2554 4916 2750 4972 beatus
2787 4916 2964 4971 Moses
3002 4930 3126 4970 cum
3153 4929 3250 4969 eos
3283 4915 3490 4986 optime
3527 4915 3673 4970 divi-

2085 5023 2183 5062 nas
2205 5008 2350 5078 leges
2380 5007 2680 5071 docuisset,
2728 5022 2938 5061 moram
2992 5003 3230 5058 faciebat
3265 5004 3322 5058 in
3353 5012 3542 5060 monte
3583 5005 3672 5058 Si-

2084 5097 2194 5150 nai.
2242 5097 2310 5150 At
2353 5097 2442 5150 isti
2483 5112 2609 5150 cum
2631 5103 2820 5149 essent
2881 5092 3250 5148 cunctationis
3275 5094 3444 5148 stulte
3489 5095 3672 5165 impa-

2087 5185 2308 5245 tientes,
2339 5199 2406 5238 eo
2428 5183 2720 5239 dementia:
2745 5189 3040 5246 venerunt,
3060 5187 3120 5236 ut
3136 5196 3194 5236 se
3223 5199 3254 5237 a
3276 5184 3390 5237 Deo
3412 5185 3560 5238 omni
3570 5201 3674 5255 po-

2086 5283 2235 5330 tente
2269 5275 2442 5330 factos
2463 5276 2724 5344 deinceps
2745 5275 2968 5330 omnino
2997 5275 3344 5346 ignorarent;
3373 5292 3498 5330 cum
3528 5278 3672 5332 alio-

2087 5370 2181 5440 qui
2218 5369 2396 5438 ipsum
2439 5369 2494 5422 in
2533 5369 2715 5437 specie
2758 5367 2900 5436 ignis
2943 5366 3000 5421 in
3045 5374 3230 5421 monte
3283 5365 3434 5421 Sinai
3485 5384 3670 5426 essent

2085 5459 2406 5530 conspicati,
2435 5475 2498 5513 ac
2545 5460 2683 5513 vivae
2711 5457 2862 5512 vocis
2896 5459 3176 5514 auditores
3199 5457 3540 5514 exstitissent
3563 5499 3579 5525 ,
3605 5475 3672 5514 ac

2088 5556 2274 5610 Mosen
2322 5549 2676 5604 mediatorem
2709 5559 2895 5604 essent
2925 5551 3224 5623 deprecati.
3264 5549 3428 5617 Atqui
3467 5549 3671 5606 dixerit

2243 5671 2288 5699 ³⁸
2313 5663 2357 5719 ll
2391 5664 2534 5718 Petr.
2561 5681 2616 5728 ιι,
2639 5665 2728 5729 2|,
2753 5663 2853 5730 29.;
2885 5666 3044 5723 Prov.
3071 5681 3253 5728 xxvm,
3283 5663 3368 5717 ιε.
3434 5663 3666 5720 "Exod.
