  <div class='ocr_page' id='page_1' title='image "/cluster/home/n/w/nwhite01/storage/ocr_20150623/69/mdp.39015078384446/271.png"; bbox 0 0 4066 6282; ppageno 0'>
   <div class='ocr_carea' id='block_1_1' title="bbox 438 278 3665 359">
    <p class='ocr_par' dir='ltr' id='par_1_1' title="bbox 438 278 3665 359">
     <span class='ocr_line' id='line_1_1' title="bbox 438 278 3665 359; baseline -0.002 -1"><span class='ocrx_word' id='word_1_1' title='bbox 438 301 541 359; x_wconf 73' lang='lat'><strong>527</strong></span> <span class='ocrx_word' id='word_1_2' title='bbox 1452 301 1508 357; x_wconf 90' lang='lat' dir='ltr'><strong>s.</strong></span> <span class='ocrx_word' id='word_1_3' title='bbox 1550 302 1822 358; x_wconf 79' lang='lat' dir='ltr'><strong>CYRlLLl</strong></span> <span class='ocrx_word' id='word_1_4' title='bbox 1861 299 2329 356; x_wconf 72' lang='lat' dir='ltr'><strong>ALEXANDRINI</strong></span> <span class='ocrx_word' id='word_1_5' title='bbox 2366 278 2681 354; x_wconf 61' lang='lat' dir='ltr'><strong>secutae.</strong></span> <span class='ocrx_word' id='word_1_6' title='bbox 3557 291 3665 351; x_wconf 71' lang='lat' dir='ltr'><strong>sta</strong></span> 
     </span>
    </p>
   </div>
   <div class='ocr_carea' id='block_1_2' title="bbox 437 409 1995 486">
    <p class='ocr_par' dir='ltr' id='par_1_2' title="bbox 437 412 1995 486">
     <span class='ocr_line' id='line_1_2' title="bbox 437 412 1995 486; baseline 0 -17"><span class='ocrx_word' id='word_1_7' title='bbox 437 414 711 486; x_wconf 81' lang='lat' dir='ltr'><strong>quispiam</strong></span> <span class='ocrx_word' id='word_1_8' title='bbox 740 413 858 469; x_wconf 88' lang='lat' dir='ltr'><strong>his:</strong></span> <span class='ocrx_word' id='word_1_9' title='bbox 889 412 933 470; x_wconf 92' lang='grc' dir='ltr'>Ο</span> <span class='ocrx_word' id='word_1_10' title='bbox 955 428 1167 469; x_wconf 86' lang='lat' dir='ltr'><strong>summa</strong></span> <span class='ocrx_word' id='word_1_11' title='bbox 1185 412 1504 485; x_wconf 88' lang='lat' dir='ltr'><strong>stupiditate</strong></span> <span class='ocrx_word' id='word_1_12' title='bbox 1530 414 1676 485; x_wconf 85' lang='lat' dir='ltr'><strong>pleni</strong></span> <span class='ocrx_word' id='word_1_13' title='bbox 1698 425 1870 479; x_wconf 89' lang='lat' dir='ltr'><strong>:esto,</strong></span> <span class='ocrx_word' id='word_1_14' title='bbox 1893 424 1995 469; x_wconf 88' lang='lat' dir='ltr'><strong>tar-</strong></span> 
     </span>
    </p>
   </div>
   <div class='ocr_carea' id='block_1_3' title="bbox 2093 409 3670 486">
    <p class='ocr_par' dir='ltr' id='par_1_3' title="bbox 2110 409 3670 483">
     <span class='ocr_line' id='line_1_3' title="bbox 2110 409 3670 483; baseline -0.003 -16"><span class='ocrx_word' id='word_1_15' title='bbox 2110 414 2208 478; x_wconf 68' lang='grc' dir='ltr'>6ἂις</span> <span class='ocrx_word' id='word_1_16' title='bbox 2238 416 2294 466; x_wconf 81' lang='grc' dir='ltr'>ὲν</span> <span class='ocrx_word' id='word_1_17' title='bbox 2320 413 2398 483; x_wconf 78' lang='grc' dir='ltr'>τῷ</span> <span class='ocrx_word' id='word_1_18' title='bbox 2430 413 2544 482; x_wconf 75' lang='grc' dir='ltr'>ὄρει</span> <span class='ocrx_word' id='word_1_19' title='bbox 2567 413 2716 482; x_wconf 74' lang='grc' dir='ltr'>Σινᾷ.</span> <span class='ocrx_word' id='word_1_20' title='bbox 2747 411 2809 464; x_wconf 79' lang='grc' dir='ltr'><strong>Οἱ</strong></span> <span class='ocrx_word' id='word_1_21' title='bbox 2840 410 2897 464; x_wconf 77' lang='grc' dir='ltr'>δὲ</span> <span class='ocrx_word' id='word_1_22' title='bbox 2924 410 3057 480; x_wconf 79' lang='grc' dir='ltr'>πρὸς</span> <span class='ocrx_word' id='word_1_23' title='bbox 3096 411 3193 481; x_wconf 79' lang='grc' dir='ltr'><strong>τὴν</strong></span> <span class='ocrx_word' id='word_1_24' title='bbox 3221 409 3476 480; x_wconf 77' lang='grc' dir='ltr'><strong>μέλλησιν</strong></span> <span class='ocrx_word' id='word_1_25' title='bbox 3506 409 3670 462; x_wconf 72' lang='grc' dir='ltr'>αὐτοῦ</span> 
     </span>
    </p>
   </div>
   <div class='ocr_carea' id='block_1_4' title="bbox 437 497 1995 576">
    <p class='ocr_par' dir='ltr' id='par_1_4' title="bbox 437 504 1995 576">
     <span class='ocr_line' id='line_1_4' title="bbox 437 504 1995 576; baseline 0.001 -17"><span class='ocrx_word' id='word_1_26' title='bbox 437 506 583 560; x_wconf 85' lang='lat' dir='ltr'><strong>darit</strong></span> <span class='ocrx_word' id='word_1_27' title='bbox 610 505 800 560; x_wconf 85' lang='lat' dir='ltr'><strong>Moses.</strong></span> <span class='ocrx_word' id='word_1_28' title='bbox 829 504 969 570; x_wconf 86' lang='lat' dir='ltr'><strong>Quid</strong></span> <span class='ocrx_word' id='word_1_29' title='bbox 1001 504 1106 558; x_wconf 87' lang='lat' dir='ltr'><strong>hoc</strong></span> <span class='ocrx_word' id='word_1_30' title='bbox 1128 504 1195 559; x_wconf 89' lang='lat' dir='ltr'><strong>ad</strong></span> <span class='ocrx_word' id='word_1_31' title='bbox 1215 504 1409 572; x_wconf 88' lang='lat' dir='ltr'><strong>Deum,</strong></span> <span class='ocrx_word' id='word_1_32' title='bbox 1441 507 1535 575; x_wconf 89' lang='lat' dir='ltr'><strong>qui</strong></span> <span class='ocrx_word' id='word_1_33' title='bbox 1561 522 1776 576; x_wconf 83' lang='lat' dir='ltr'><strong>semper</strong></span> <span class='ocrx_word' id='word_1_34' title='bbox 1802 517 1995 561; x_wconf 89' lang='lat' dir='ltr'><strong>morta-</strong></span> 
     </span>
    </p>
   </div>
   <div class='ocr_carea' id='block_1_5' title="bbox 2093 497 3672 576">
    <p class='ocr_par' dir='ltr' id='par_1_5' title="bbox 2111 497 3672 573">
     <span class='ocr_line' id='line_1_5' title="bbox 2111 497 3672 573; baseline -0.005 -14"><span class='ocrx_word' id='word_1_35' title='bbox 2111 505 2384 567; x_wconf 83' lang='grc' dir='ltr'>ἀσυνέτως</span> <span class='ocrx_word' id='word_1_36' title='bbox 2411 503 2843 573; x_wconf 78' lang='grc' dir='ltr'><strong>ὀλιγωρήσαντες</strong></span> <span class='ocrx_word' id='word_1_37' title='bbox 2860 542 2874 568; x_wconf 93' lang='grc'><strong>,</strong></span> <span class='ocrx_word' id='word_1_38' title='bbox 2900 498 3393 573; x_wconf 69' lang='grc' dir='ltr'>φρενοϐλαϐεία[ι]ς</span> <span class='ocrx_word' id='word_1_39' title='bbox 3416 500 3495 561; x_wconf 87' lang='grc' dir='ltr'><strong>είς</strong></span> <span class='ocrx_word' id='word_1_40' title='bbox 3513 497 3672 552; x_wconf 80' lang='grc' dir='ltr'>τοῦτο</span> 
     </span>
    </p>
   </div>
   <div class='ocr_carea' id='block_1_6' title="bbox 436 589 1995 664">
    <p class='ocr_par' dir='ltr' id='par_1_6' title="bbox 436 594 1995 658">
     <span class='ocr_line' id='line_1_6' title="bbox 436 594 1995 658; baseline 0.001 -7"><span class='ocrx_word' id='word_1_41' title='bbox 436 597 581 652; x_wconf 89' lang='lat' dir='ltr'><strong>libus</strong></span> <span class='ocrx_word' id='word_1_42' title='bbox 623 596 813 658; x_wconf 92' lang='lat' dir='ltr'><strong>adest,</strong></span> <span class='ocrx_word' id='word_1_43' title='bbox 841 594 1055 649; x_wconf 89' lang='lat' dir='ltr'><strong>etiamsi</strong></span> <span class='ocrx_word' id='word_1_44' title='bbox 1087 595 1317 651; x_wconf 76' lang='lat' dir='ltr'><strong>fortasse</strong></span> <span class='ocrx_word' id='word_1_45' title='bbox 1345 611 1457 651; x_wconf 89' lang='lat' dir='ltr'><strong>non</strong></span> <span class='ocrx_word' id='word_1_46' title='bbox 1486 596 1779 652; x_wconf 77' lang='lat' dir='ltr'><strong>videatur?</strong></span> <span class='ocrx_word' id='word_1_47' title='bbox 1808 599 1995 653; x_wconf 77' lang='lat' dir='ltr'><strong>Excla-</strong></span> 
     </span>
    </p>
   </div>
   <div class='ocr_carea' id='block_1_7' title="bbox 2093 589 3675 664">
    <p class='ocr_par' dir='ltr' id='par_1_7' title="bbox 2113 589 3675 664">
     <span class='ocr_line' id='line_1_7' title="bbox 2113 589 3675 664; baseline -0.003 -15"><span class='ocrx_word' id='word_1_48' title='bbox 2113 593 2546 664; x_wconf 81' lang='grc' dir='ltr'>κατωλίσθησαν,</span> <span class='ocrx_word' id='word_1_49' title='bbox 2587 592 2728 646; x_wconf 78' lang='grc' dir='ltr'>ὥστε</span> <span class='ocrx_word' id='word_1_50' title='bbox 2769 592 2862 645; x_wconf 75' lang='grc' dir='ltr'><strong>καὶ</strong></span> <span class='ocrx_word' id='word_1_51' title='bbox 2889 592 2972 645; x_wconf 82' lang='grc' dir='ltr'><strong>ὅτι</strong></span> <span class='ocrx_word' id='word_1_52' title='bbox 3002 592 3286 660; x_wconf 86' lang='grc' dir='ltr'>γεγόνασιν</span> <span class='ocrx_word' id='word_1_53' title='bbox 3313 590 3416 642; x_wconf 82' lang='grc' dir='ltr'><strong>ὑπὸ</strong></span> <span class='ocrx_word' id='word_1_54' title='bbox 3450 589 3568 660; x_wconf 81' lang='grc' dir='ltr'><strong>Θεῷ</strong></span> <span class='ocrx_word' id='word_1_55' title='bbox 3595 590 3675 662; x_wconf 85' lang='grc' dir='ltr'>τῷ</span> 
     </span>
    </p>
   </div>
   <div class='ocr_carea' id='block_1_8' title="bbox 437 683 1995 759">
    <p class='ocr_par' dir='ltr' id='par_1_8' title="bbox 437 685 1995 759">
     <span class='ocr_line' id='line_1_8' title="bbox 437 685 1995 759; baseline 0.001 -17"><span class='ocrx_word' id='word_1_56' title='bbox 437 696 548 743; x_wconf 88' lang='lat' dir='ltr'><strong>met</strong></span> <span class='ocrx_word' id='word_1_57' title='bbox 572 687 739 758; x_wconf 88' lang='lat' dir='ltr'><strong>igitur</strong></span> <span class='ocrx_word' id='word_1_58' title='bbox 763 699 910 740; x_wconf 89' lang='lat' dir='ltr'><strong>nunc</strong></span> <span class='ocrx_word' id='word_1_59' title='bbox 955 685 1176 741; x_wconf 87' lang='lat' dir='ltr'><strong>divinus</strong></span> <span class='ocrx_word' id='word_1_60' title='bbox 1212 686 1382 742; x_wconf 86' lang='lat' dir='ltr'><strong>David</strong></span> <span class='ocrx_word' id='word_1_61' title='bbox 1416 706 1429 740; x_wconf 87' lang='lat'><strong>:</strong></span> <span class='ocrx_word' id='word_1_62' title='bbox 1470 706 1489 739; x_wconf 81' lang='grc' dir='ltr'>ι</span> <span class='ocrx_word' id='word_1_63' title='bbox 1524 686 1819 743; x_wconf 87' lang='lat' dir='ltr'><strong>Generatio</strong></span> <span class='ocrx_word' id='word_1_64' title='bbox 1842 704 1995 759; x_wconf 75' lang='lat' dir='ltr'><strong>prava</strong></span> 
     </span>
    </p>
   </div>
   <div class='ocr_carea' id='block_1_9' title="bbox 2093 683 3675 759">
    <p class='ocr_par' dir='ltr' id='par_1_9' title="bbox 2109 683 3675 757">
     <span class='ocr_line' id='line_1_9' title="bbox 2109 683 3675 757; baseline -0.002 -17"><span class='ocrx_word' id='word_1_65' title='bbox 2109 688 2287 742; x_wconf 85' lang='grc' dir='ltr'>πάντα</span> <span class='ocrx_word' id='word_1_66' title='bbox 2320 686 2556 757; x_wconf 82' lang='grc' dir='ltr'>ἰσχύοντι</span> <span class='ocrx_word' id='word_1_67' title='bbox 2597 686 2738 755; x_wconf 83' lang='grc' dir='ltr'>τάχα</span> <span class='ocrx_word' id='word_1_68' title='bbox 2766 703 2868 738; x_wconf 92' lang='grc' dir='ltr'><strong>που</strong></span> <span class='ocrx_word' id='word_1_69' title='bbox 2907 684 3091 739; x_wconf 68' lang='grc' dir='ltr'>λοιπὸν</span> <span class='ocrx_word' id='word_1_70' title='bbox 3122 684 3255 755; x_wconf 79' lang='grc' dir='ltr'>μηδὲ</span> <span class='ocrx_word' id='word_1_71' title='bbox 3297 683 3496 739; x_wconf 86' lang='grc' dir='ltr'>εἰδέναι</span> <span class='ocrx_word' id='word_1_72' title='bbox 3534 700 3675 738; x_wconf 73' lang='grc' dir='ltr'>πανο</span> 
     </span>
    </p>
   </div>
   <div class='ocr_carea' id='block_1_10' title="bbox 434 776 2008 847">
    <p class='ocr_par' dir='ltr' id='par_1_10' title="bbox 434 776 2008 847">
     <span class='ocr_line' id='line_1_10' title="bbox 434 776 2008 847; baseline 0.002 -14"><span class='ocrx_word' id='word_1_73' title='bbox 434 787 491 834; x_wconf 88' lang='lat' dir='ltr'><strong>et</strong></span> <span class='ocrx_word' id='word_1_74' title='bbox 520 776 932 847; x_wconf 74' lang='lat' dir='ltr'><strong>exasperans“.</strong></span> <span class='ocrx_word' id='word_1_75' title='bbox 968 796 987 828; x_wconf 82' lang='grc'>›</span> <span class='ocrx_word' id='word_1_76' title='bbox 1019 776 1101 831; x_wconf 89' lang='lat' dir='ltr'><strong>Ad</strong></span> <span class='ocrx_word' id='word_1_77' title='bbox 1125 777 1243 832; x_wconf 65' lang='lat' dir='ltr'><strong>haec</strong></span> <span class='ocrx_word' id='word_1_78' title='bbox 1269 785 1326 832; x_wconf 90' lang='lat' dir='ltr'><strong>et</strong></span> <span class='ocrx_word' id='word_1_79' title='bbox 1373 777 1548 832; x_wconf 80' lang='lat' dir='ltr'><strong>Moses</strong></span> <span class='ocrx_word' id='word_1_80' title='bbox 1592 795 1605 831; x_wconf 90' lang='lat'><strong>:</strong></span> <span class='ocrx_word' id='word_1_81' title='bbox 1655 797 1674 829; x_wconf 81' lang='grc' dir='ltr'>ι</span> <span class='ocrx_word' id='word_1_82' title='bbox 1706 778 1921 834; x_wconf 78' lang='lat' dir='ltr'><strong>Oblitus</strong></span> <span class='ocrx_word' id='word_1_83' title='bbox 1945 796 2008 836; x_wconf 91' lang='lat' dir='ltr'><strong>es</strong></span> 
     </span>
    </p>
   </div>
   <div class='ocr_carea' id='block_1_11' title="bbox 435 867 2006 941">
    <p class='ocr_par' dir='ltr' id='par_1_11' title="bbox 435 867 2006 941">
     <span class='ocr_line' id='line_1_11' title="bbox 435 867 2006 941; baseline 0.001 -16"><span class='ocrx_word' id='word_1_84' title='bbox 435 871 530 925; x_wconf 88' lang='lat' dir='ltr'><strong>Dei</strong></span> <span class='ocrx_word' id='word_1_85' title='bbox 555 869 649 939; x_wconf 89' lang='lat' dir='ltr'><strong>qui</strong></span> <span class='ocrx_word' id='word_1_86' title='bbox 675 877 726 923; x_wconf 91' lang='lat' dir='ltr'><strong>te</strong></span> <span class='ocrx_word' id='word_1_87' title='bbox 769 869 1065 923; x_wconf 74' lang='lat' dir='ltr'><strong>enutrit“.</strong></span> <span class='ocrx_word' id='word_1_88' title='bbox 1096 887 1114 920; x_wconf 84' lang='grc'>›</span> <span class='ocrx_word' id='word_1_89' title='bbox 1160 867 1370 936; x_wconf 89' lang='lat' dir='ltr'><strong>Quibus</strong></span> <span class='ocrx_word' id='word_1_90' title='bbox 1415 884 1546 925; x_wconf 91' lang='lat' dir='ltr'><strong>vero</strong></span> <span class='ocrx_word' id='word_1_91' title='bbox 1569 868 1676 924; x_wconf 91' lang='lat' dir='ltr'><strong>diis</strong></span> <span class='ocrx_word' id='word_1_92' title='bbox 1695 871 1889 941; x_wconf 84' lang='lat' dir='ltr'><strong>egebat</strong></span> <span class='ocrx_word' id='word_1_93' title='bbox 1914 871 2006 927; x_wconf 89' lang='lat' dir='ltr'><strong>ille</strong></span> 
     </span>
    </p>
   </div>
   <div class='ocr_carea' id='block_1_12' title="bbox 432 960 2005 1032">
    <p class='ocr_par' dir='ltr' id='par_1_12' title="bbox 432 960 2005 1032">
     <span class='ocr_line' id='line_1_12' title="bbox 432 960 2005 1032; baseline 0.001 -17"><span class='ocrx_word' id='word_1_94' title='bbox 432 961 526 1031; x_wconf 88' lang='lat' dir='ltr'><strong>qui</strong></span> <span class='ocrx_word' id='word_1_95' title='bbox 558 961 697 1015; x_wconf 91' lang='lat' dir='ltr'><strong>adeo</strong></span> <span class='ocrx_word' id='word_1_96' title='bbox 722 960 1114 1015; x_wconf 77' lang='lat' dir='ltr'><strong>admirabiliter</strong></span> <span class='ocrx_word' id='word_1_97' title='bbox 1136 961 1454 1032; x_wconf 81' lang='lat' dir='ltr'><strong>redemptus</strong></span> <span class='ocrx_word' id='word_1_98' title='bbox 1468 971 1572 1026; x_wconf 86' lang='lat' dir='ltr'><strong>est,</strong></span> <span class='ocrx_word' id='word_1_99' title='bbox 1598 970 1822 1031; x_wconf 85' lang='lat' dir='ltr'><strong>propter</strong></span> <span class='ocrx_word' id='word_1_100' title='bbox 1840 977 2005 1032; x_wconf 90' lang='lat' dir='ltr'><strong>quem</strong></span> 
     </span>
    </p>
   </div>
   <div class='ocr_carea' id='block_1_13' title="bbox 432 1049 2004 1124">
    <p class='ocr_par' dir='ltr' id='par_1_13' title="bbox 432 1049 2004 1124">
     <span class='ocr_line' id='line_1_13' title="bbox 432 1049 2004 1124; baseline 0.001 -20"><span class='ocrx_word' id='word_1_101' title='bbox 432 1049 654 1120; x_wconf 77' lang='lat' dir='ltr'><strong>grando</strong></span> <span class='ocrx_word' id='word_1_102' title='bbox 675 1058 731 1105; x_wconf 87' lang='lat' dir='ltr'><strong>et</strong></span> <span class='ocrx_word' id='word_1_103' title='bbox 755 1051 920 1103; x_wconf 88' lang='lat' dir='ltr'><strong>trium</strong></span> <span class='ocrx_word' id='word_1_104' title='bbox 967 1050 1180 1105; x_wconf 90' lang='lat' dir='ltr'><strong>dierum</strong></span> <span class='ocrx_word' id='word_1_105' title='bbox 1208 1050 1448 1106; x_wconf 63' lang='lat' dir='ltr'><strong>tenebrae</strong></span> <span class='ocrx_word' id='word_1_106' title='bbox 1488 1052 1802 1106; x_wconf 79' lang='lat' dir='ltr'><strong>universam</strong></span> <span class='ocrx_word' id='word_1_107' title='bbox 1838 1052 2004 1124; x_wconf 64' lang='lat' dir='ltr'><strong>Egy-</strong></span> 
     </span>
    </p>
   </div>
   <div class='ocr_carea' id='block_1_14' title="bbox 432 1140 2007 1214">
    <p class='ocr_par' dir='ltr' id='par_1_14' title="bbox 432 1140 2007 1214">
     <span class='ocr_line' id='line_1_14' title="bbox 432 1140 2007 1214; baseline 0.001 -20"><span class='ocrx_word' id='word_1_108' title='bbox 432 1151 586 1212; x_wconf 89' lang='lat' dir='ltr'><strong>ptum</strong></span> <span class='ocrx_word' id='word_1_109' title='bbox 610 1140 988 1195; x_wconf 84' lang='lat' dir='ltr'><strong>obsederunt?</strong></span> <span class='ocrx_word' id='word_1_110' title='bbox 1013 1141 1083 1196; x_wconf 93' lang='lat' dir='ltr'><strong>ob</strong></span> <span class='ocrx_word' id='word_1_111' title='bbox 1113 1157 1275 1211; x_wconf 86' lang='lat' dir='ltr'><strong>quem</strong></span> <span class='ocrx_word' id='word_1_112' title='bbox 1318 1141 1450 1197; x_wconf 88' lang='lat' dir='ltr'><strong>item</strong></span> <span class='ocrx_word' id='word_1_113' title='bbox 1491 1158 1599 1197; x_wconf 91' lang='lat' dir='ltr'><strong>una</strong></span> <span class='ocrx_word' id='word_1_114' title='bbox 1639 1152 1799 1198; x_wconf 90' lang='lat' dir='ltr'><strong>nocte</strong></span> <span class='ocrx_word' id='word_1_115' title='bbox 1828 1145 2007 1214; x_wconf 83' lang='lat' dir='ltr'><strong>perie-.</strong></span> 
     </span>
    </p>
   </div>
   <div class='ocr_carea' id='block_1_15' title="bbox 433 1231 2006 1301">
    <p class='ocr_par' dir='ltr' id='par_1_15' title="bbox 433 1231 2006 1301">
     <span class='ocr_line' id='line_1_15' title="bbox 433 1231 2006 1301; baseline 0.001 -15"><span class='ocrx_word' id='word_1_116' title='bbox 433 1241 563 1286; x_wconf 89' lang='lat' dir='ltr'><strong>runt</strong></span> <span class='ocrx_word' id='word_1_117' title='bbox 587 1231 767 1286; x_wconf 89' lang='lat' dir='ltr'><strong>omnia</strong></span> <span class='ocrx_word' id='word_1_118' title='bbox 784 1231 1147 1301; x_wconf 80' lang='lat' dir='ltr'><strong>primogenita</strong></span> <span class='ocrx_word' id='word_1_119' title='bbox 1169 1272 1183 1295; x_wconf 87' lang='lat'><strong>,</strong></span> <span class='ocrx_word' id='word_1_120' title='bbox 1212 1240 1269 1287; x_wconf 90' lang='lat' dir='ltr'><strong>et</strong></span> <span class='ocrx_word' id='word_1_121' title='bbox 1294 1231 1382 1287; x_wconf 89' lang='lat' dir='ltr'><strong>cui</strong></span> <span class='ocrx_word' id='word_1_122' title='bbox 1408 1246 1612 1286; x_wconf 66' lang='lat' dir='ltr'><strong>smvum</strong></span> <span class='ocrx_word' id='word_1_123' title='bbox 1645 1239 1809 1301; x_wconf 91' lang='lat' dir='ltr'><strong>atque</strong></span> <span class='ocrx_word' id='word_1_124' title='bbox 1833 1233 2006 1288; x_wconf 83' lang='lat' dir='ltr'><strong>intra-</strong></span> 
     </span>
    </p>
   </div>
   <div class='ocr_carea' id='block_1_16' title="bbox 431 1322 2004 1395">
    <p class='ocr_par' dir='ltr' id='par_1_16' title="bbox 431 1322 2004 1395">
     <span class='ocr_line' id='line_1_16' title="bbox 431 1322 2004 1395; baseline 0.001 -17"><span class='ocrx_word' id='word_1_125' title='bbox 431 1324 629 1379; x_wconf 90' lang='lat' dir='ltr'><strong>ctabile</strong></span> <span class='ocrx_word' id='word_1_126' title='bbox 653 1339 801 1376; x_wconf 90' lang='lat' dir='ltr'><strong>mare</strong></span> <span class='ocrx_word' id='word_1_127' title='bbox 833 1322 1069 1377; x_wconf 87' lang='lat' dir='ltr'><strong>divisum</strong></span> <span class='ocrx_word' id='word_1_128' title='bbox 1108 1329 1228 1387; x_wconf 90' lang='lat' dir='ltr'><strong>est,</strong></span> <span class='ocrx_word' id='word_1_129' title='bbox 1262 1331 1324 1376; x_wconf 90' lang='lat' dir='ltr'><strong>ut</strong></span> <span class='ocrx_word' id='word_1_130' title='bbox 1351 1323 1592 1380; x_wconf 84' lang='lat' dir='ltr'><strong>crudelis</strong></span> <span class='ocrx_word' id='word_1_131' title='bbox 1632 1326 2004 1395; x_wconf 88' lang='lat' dir='ltr'><strong>persecutoris</strong></span> 
     </span>
    </p>
   </div>
   <div class='ocr_carea' id='block_1_17' title="bbox 429 1414 2000 1487">
    <p class='ocr_par' dir='ltr' id='par_1_17' title="bbox 429 1414 2000 1487">
     <span class='ocr_line' id='line_1_17' title="bbox 429 1414 2000 1487; baseline 0.002 -18"><span class='ocrx_word' id='word_1_132' title='bbox 429 1430 624 1469; x_wconf 88' lang='lat' dir='ltr'><strong>manus</strong></span> <span class='ocrx_word' id='word_1_133' title='bbox 642 1414 952 1483; x_wconf 75' lang='lat' dir='ltr'><strong>eﬂ‘ugeret?</strong></span> <span class='ocrx_word' id='word_1_134' title='bbox 980 1414 1050 1467; x_wconf 89' lang='lat' dir='ltr'><strong>At</strong></span> <span class='ocrx_word' id='word_1_135' title='bbox 1073 1414 1118 1468; x_wconf 90' lang='lat' dir='ltr'><strong>si</strong></span> <span class='ocrx_word' id='word_1_136' title='bbox 1160 1415 1285 1483; x_wconf 88' lang='lat' dir='ltr'><strong>quis</strong></span> <span class='ocrx_word' id='word_1_137' title='bbox 1309 1414 1520 1485; x_wconf 81' lang='lat' dir='ltr'><strong>singula</strong></span> <span class='ocrx_word' id='word_1_138' title='bbox 1542 1417 1794 1487; x_wconf 84' lang='lat' dir='ltr'><strong>persequi</strong></span> <span class='ocrx_word' id='word_1_139' title='bbox 1817 1417 2000 1483; x_wconf 84' lang='lat' dir='ltr'><strong>velle‘t,</strong></span> 
     </span>
    </p>
   </div>
   <div class='ocr_carea' id='block_1_18' title="bbox 430 1505 2002 1580">
    <p class='ocr_par' dir='ltr' id='par_1_18' title="bbox 430 1505 2002 1580">
     <span class='ocr_line' id='line_1_18' title="bbox 430 1505 2002 1580; baseline 0.004 -21"><span class='ocrx_word' id='word_1_140' title='bbox 430 1506 644 1575; x_wconf 82' lang='lat' dir='ltr'><strong>longam</strong></span> <span class='ocrx_word' id='word_1_141' title='bbox 675 1505 742 1560; x_wconf 92' lang='lat' dir='ltr'><strong>de</strong></span> <span class='ocrx_word' id='word_1_142' title='bbox 770 1506 1027 1560; x_wconf 91' lang='lat' dir='ltr'><strong>omnibus</strong></span> <span class='ocrx_word' id='word_1_143' title='bbox 1047 1507 1349 1561; x_wconf 89' lang='lat' dir='ltr'><strong>orationem</strong></span> <span class='ocrx_word' id='word_1_144' title='bbox 1370 1508 1637 1563; x_wconf 83' lang='lat' dir='ltr'><strong>instituat.</strong></span> <span class='ocrx_word' id='word_1_145' title='bbox 1659 1508 1795 1563; x_wconf 89' lang='lat' dir='ltr'><strong>Cum</strong></span> <span class='ocrx_word' id='word_1_146' title='bbox 1818 1508 2002 1580; x_wconf 81' lang='lat' dir='ltr'><strong>itaque</strong></span> 
     </span>
    </p>
   </div>
   <div class='ocr_carea' id='block_1_19' title="bbox 428 1597 2003 1670">
    <p class='ocr_par' dir='ltr' id='par_1_19' title="bbox 428 1597 2003 1670">
     <span class='ocr_line' id='line_1_19' title="bbox 428 1597 2003 1670; baseline 0.001 -19"><span class='ocrx_word' id='word_1_147' title='bbox 428 1598 646 1667; x_wconf 85' lang='lat' dir='ltr'><strong>sapiens</strong></span> <span class='ocrx_word' id='word_1_148' title='bbox 693 1597 870 1652; x_wconf 85' lang='lat' dir='ltr'><strong>Moses</strong></span> <span class='ocrx_word' id='word_1_149' title='bbox 897 1604 1253 1652; x_wconf 80' lang='lat' dir='ltr'><strong>cunctaretur</strong></span> <span class='ocrx_word' id='word_1_150' title='bbox 1295 1598 1348 1652; x_wconf 91' lang='lat' dir='ltr'><strong>in</strong></span> <span class='ocrx_word' id='word_1_151' title='bbox 1374 1606 1580 1664; x_wconf 89' lang='lat' dir='ltr'><strong>monte,</strong></span> <span class='ocrx_word' id='word_1_152' title='bbox 1606 1602 1845 1670; x_wconf 77' lang='lat' dir='ltr'><strong>aggressi</strong></span> <span class='ocrx_word' id='word_1_153' title='bbox 1875 1608 2003 1655; x_wconf 90' lang='lat' dir='ltr'><strong>sunt</strong></span> 
     </span>
    </p>
   </div>
   <div class='ocr_carea' id='block_1_20' title="bbox 428 1686 2000 1756">
    <p class='ocr_par' dir='ltr' id='par_1_20' title="bbox 428 1686 2000 1756">
     <span class='ocr_line' id='line_1_20' title="bbox 428 1686 2000 1756; baseline 0.003 -16"><span class='ocrx_word' id='word_1_154' title='bbox 428 1687 716 1742; x_wconf 86' lang='lat' dir='ltr'><strong>Aaronem.</strong></span> <span class='ocrx_word' id='word_1_155' title='bbox 749 1686 851 1753; x_wconf 87' lang='lat' dir='ltr'><strong>Qui</strong></span> <span class='ocrx_word' id='word_1_156' title='bbox 883 1702 1008 1742; x_wconf 92' lang='lat' dir='ltr'><strong>cum</strong></span> <span class='ocrx_word' id='word_1_157' title='bbox 1043 1702 1101 1741; x_wconf 91' lang='lat' dir='ltr'><strong>se</strong></span> <span class='ocrx_word' id='word_1_158' title='bbox 1133 1686 1397 1756; x_wconf 90' lang='lat' dir='ltr'><strong>imparem</strong></span> <span class='ocrx_word' id='word_1_159' title='bbox 1426 1703 1620 1743; x_wconf 92' lang='lat' dir='ltr'><strong>eorum</strong></span> <span class='ocrx_word' id='word_1_160' title='bbox 1666 1690 1893 1744; x_wconf 89' lang='lat' dir='ltr'><strong>insultui</strong></span> <span class='ocrx_word' id='word_1_161' title='bbox 1919 1689 2000 1745; x_wconf 81' lang='lat' dir='ltr'><strong>fe-</strong></span> 
     </span>
    </p>
   </div>
   <div class='ocr_carea' id='block_1_21' title="bbox 427 1756 2072 1846">
    <p class='ocr_par' dir='ltr' id='par_1_21' title="bbox 427 1756 2072 1846">
     <span class='ocr_line' id='line_1_21' title="bbox 427 1756 2072 1846; baseline 0.001 -15"><span class='ocrx_word' id='word_1_162' title='bbox 427 1776 597 1834; x_wconf 89' lang='lat' dir='ltr'><strong>rendo</strong></span> <span class='ocrx_word' id='word_1_163' title='bbox 642 1776 855 1831; x_wconf 87' lang='lat' dir='ltr'><strong>videret</strong></span> <span class='ocrx_word' id='word_1_164' title='bbox 899 1775 1362 1846; x_wconf 81' lang='lat' dir='ltr'><strong>(vociferabantur</strong></span> <span class='ocrx_word' id='word_1_165' title='bbox 1403 1777 1552 1831; x_wconf 87' lang='lat' dir='ltr'><strong>enim</strong></span> <span class='ocrx_word' id='word_1_166' title='bbox 1591 1794 1605 1830; x_wconf 91' lang='lat'><strong>:</strong></span> <span class='ocrx_word' id='word_1_167' title='bbox 1652 1796 1670 1828; x_wconf 79' lang='grc' dir='ltr'>ι</span> <span class='ocrx_word' id='word_1_168' title='bbox 1701 1777 1806 1832; x_wconf 89' lang='lat' dir='ltr'><strong>Fac</strong></span> <span class='ocrx_word' id='word_1_169' title='bbox 1838 1777 1999 1833; x_wconf 90' lang='lat' dir='ltr'><strong>nobis</strong></span> <span class='ocrx_word' id='word_1_170' title='bbox 2033 1756 2072 1810; x_wconf 77' lang='grc' dir='ltr'>Β</span> 
     </span>
    </p>
   </div>
   <div class='ocr_carea' id='block_1_22' title="bbox 427 1865 1996 1937">
    <p class='ocr_par' dir='ltr' id='par_1_22' title="bbox 427 1865 1996 1937">
     <span class='ocr_line' id='line_1_22' title="bbox 427 1865 1996 1937; baseline 0.002 -17"><span class='ocrx_word' id='word_1_171' title='bbox 427 1866 578 1931; x_wconf 89' lang='lat' dir='ltr'><strong>deos,</strong></span> <span class='ocrx_word' id='word_1_172' title='bbox 600 1867 695 1937; x_wconf 89' lang='lat' dir='ltr'><strong>qui</strong></span> <span class='ocrx_word' id='word_1_173' title='bbox 725 1867 1037 1937; x_wconf 59' lang='lat' dir='ltr'><strong>prmeedant</strong></span> <span class='ocrx_word' id='word_1_174' title='bbox 1061 1865 1205 1937; x_wconf 91' lang='lat' dir='ltr'><strong>nos),</strong></span> <span class='ocrx_word' id='word_1_175' title='bbox 1238 1887 1255 1918; x_wconf 76' lang='grc' dir='ltr'><strong><em>ι</em></strong></span> <span class='ocrx_word' id='word_1_176' title='bbox 1282 1867 1512 1937; x_wconf 86' lang='lat' dir='ltr'><strong>jubebat</strong></span> <span class='ocrx_word' id='word_1_177' title='bbox 1537 1867 1736 1923; x_wconf 76' lang='lat' dir='ltr'><strong>ail‘erre</strong></span> <span class='ocrx_word' id='word_1_178' title='bbox 1761 1884 1996 1923; x_wconf 83' lang='lat' dir='ltr'><strong>uxorum</strong></span> 
     </span>
    </p>
   </div>
   <div class='ocr_carea' id='block_1_23' title="bbox 426 1955 1995 2025">
    <p class='ocr_par' dir='ltr' id='par_1_23' title="bbox 426 1955 1995 2025">
     <span class='ocr_line' id='line_1_23' title="bbox 426 1955 1995 2025; baseline 0.001 -15"><span class='ocrx_word' id='word_1_179' title='bbox 426 1970 491 2010; x_wconf 87' lang='lat' dir='ltr'><strong>ac</strong></span> <span class='ocrx_word' id='word_1_180' title='bbox 521 1955 754 2009; x_wconf 83' lang='lat' dir='ltr'><strong>ﬁliarum</strong></span> <span class='ocrx_word' id='word_1_181' title='bbox 790 1955 1029 2010; x_wconf 91' lang='lat' dir='ltr'><strong>inaures.</strong></span> <span class='ocrx_word' id='word_1_182' title='bbox 1061 1955 1126 2009; x_wconf 87' lang='lat' dir='ltr'><strong>Hi</strong></span> <span class='ocrx_word' id='word_1_183' title='bbox 1157 1964 1342 2011; x_wconf 90' lang='lat' dir='ltr'><strong>autem</strong></span> <span class='ocrx_word' id='word_1_184' title='bbox 1368 1958 1631 2012; x_wconf 90' lang='lat' dir='ltr'><strong>continuo</strong></span> <span class='ocrx_word' id='word_1_185' title='bbox 1652 1960 1995 2025; x_wconf 89' lang='lat' dir='ltr'><strong>attulerunt;</strong></span> 
     </span>
    </p>
   </div>
   <div class='ocr_carea' id='block_1_24' title="bbox 426 2045 1995 2120">
    <p class='ocr_par' dir='ltr' id='par_1_24' title="bbox 426 2045 1995 2120">
     <span class='ocr_line' id='line_1_24' title="bbox 426 2045 1995 2120; baseline 0.006 -21"><span class='ocrx_word' id='word_1_186' title='bbox 426 2054 482 2100; x_wconf 91' lang='lat' dir='ltr'><strong>et</strong></span> <span class='ocrx_word' id='word_1_187' title='bbox 519 2045 667 2116; x_wconf 90' lang='lat' dir='ltr'><strong>quod</strong></span> <span class='ocrx_word' id='word_1_188' title='bbox 717 2046 773 2100; x_wconf 90' lang='lat' dir='ltr'><strong>in</strong></span> <span class='ocrx_word' id='word_1_189' title='bbox 807 2046 1184 2119; x_wconf 59' lang='lat' dir='ltr'><strong>[Egyptiacum</strong></span> <span class='ocrx_word' id='word_1_190' title='bbox 1229 2063 1474 2104; x_wconf 90' lang='lat' dir='ltr'><strong>errorem</strong></span> <span class='ocrx_word' id='word_1_191' title='bbox 1523 2050 1722 2120; x_wconf 88' lang='lat' dir='ltr'><strong>relapsi</strong></span> <span class='ocrx_word' id='word_1_192' title='bbox 1775 2058 1995 2109; x_wconf 81' lang='lat' dir='ltr'><strong>essent.</strong></span> 
     </span>
    </p>
   </div>
   <div class='ocr_carea' id='block_1_25' title="bbox 426 2136 1997 2207">
    <p class='ocr_par' dir='ltr' id='par_1_25' title="bbox 426 2136 1997 2207">
     <span class='ocr_line' id='line_1_25' title="bbox 426 2136 1997 2207; baseline 0.003 -18"><span class='ocrx_word' id='word_1_193' title='bbox 426 2136 784 2207; x_wconf 87' lang='lat' dir='ltr'><strong>pristinisque</strong></span> <span class='ocrx_word' id='word_1_194' title='bbox 825 2137 1225 2193; x_wconf 90' lang='lat' dir='ltr'><strong>temeritatibus</strong></span> <span class='ocrx_word' id='word_1_195' title='bbox 1252 2141 1898 2205; x_wconf 76' lang='lat' dir='ltr'><strong>sesccontaminassent,</strong></span> <span class='ocrx_word' id='word_1_196' title='bbox 1938 2154 1997 2194; x_wconf 90' lang='lat' dir='ltr'><strong>re</strong></span> 
     </span>
    </p>
   </div>
   <div class='ocr_carea' id='block_1_26' title="bbox 428 2229 1997 2301">
    <p class='ocr_par' dir='ltr' id='par_1_26' title="bbox 428 2229 1997 2301">
     <span class='ocr_line' id='line_1_26' title="bbox 428 2229 1997 2301; baseline 0.003 -20"><span class='ocrx_word' id='word_1_197' title='bbox 428 2229 546 2298; x_wconf 91' lang='lat' dir='ltr'><strong>ipsa</strong></span> <span class='ocrx_word' id='word_1_198' title='bbox 582 2229 743 2283; x_wconf 87' lang='lat' dir='ltr'><strong>nobis</strong></span> <span class='ocrx_word' id='word_1_199' title='bbox 780 2229 1021 2284; x_wconf 87' lang='lat' dir='ltr'><strong>ostendit</strong></span> <span class='ocrx_word' id='word_1_200' title='bbox 1050 2230 1229 2285; x_wconf 87' lang='lat' dir='ltr'><strong>Aaron</strong></span> <span class='ocrx_word' id='word_1_201' title='bbox 1252 2271 1266 2296; x_wconf 96' lang='lat'><strong>,</strong></span> <span class='ocrx_word' id='word_1_202' title='bbox 1327 2230 1457 2285; x_wconf 90' lang='lat' dir='ltr'><strong>dum</strong></span> <span class='ocrx_word' id='word_1_203' title='bbox 1489 2231 1607 2301; x_wconf 89' lang='lat' dir='ltr'><strong>ipse</strong></span> <span class='ocrx_word' id='word_1_204' title='bbox 1647 2231 1997 2285; x_wconf 84' lang='lat' dir='ltr'><strong>simulacrum</strong></span> 
     </span>
    </p>
   </div>
   <div class='ocr_carea' id='block_1_27' title="bbox 426 2318 1996 2388">
    <p class='ocr_par' dir='ltr' id='par_1_27' title="bbox 426 2318 1996 2388">
     <span class='ocr_line' id='line_1_27' title="bbox 426 2318 1996 2388; baseline 0.003 -16"><span class='ocrx_word' id='word_1_205' title='bbox 426 2318 483 2372; x_wconf 89' lang='lat' dir='ltr'><strong>in</strong></span> <span class='ocrx_word' id='word_1_206' title='bbox 515 2319 697 2388; x_wconf 89' lang='lat' dir='ltr'><strong>specie</strong></span> <span class='ocrx_word' id='word_1_207' title='bbox 721 2321 879 2374; x_wconf 92' lang='lat' dir='ltr'><strong>vituli</strong></span> <span class='ocrx_word' id='word_1_208' title='bbox 912 2320 1248 2376; x_wconf 88' lang='lat' dir='ltr'><strong>adorandum</strong></span> <span class='ocrx_word' id='word_1_209' title='bbox 1293 2321 1571 2376; x_wconf 84' lang='lat' dir='ltr'><strong>formavit.</strong></span> <span class='ocrx_word' id='word_1_210' title='bbox 1590 2322 1809 2377; x_wconf 80' lang='lat' dir='ltr'><strong>Vitulus</strong></span> <span class='ocrx_word' id='word_1_211' title='bbox 1848 2322 1996 2377; x_wconf 93' lang='lat' dir='ltr'><strong>enim</strong></span> 
     </span>
    </p>
   </div>
   <div class='ocr_carea' id='block_1_28' title="bbox 425 2410 1996 2484">
    <p class='ocr_par' dir='ltr' id='par_1_28' title="bbox 425 2410 1996 2484">
     <span class='ocr_line' id='line_1_28' title="bbox 425 2410 1996 2484; baseline 0.003 -19"><span class='ocrx_word' id='word_1_212' title='bbox 425 2410 483 2465; x_wconf 88' lang='lat' dir='ltr'><strong>in</strong></span> <span class='ocrx_word' id='word_1_213' title='bbox 505 2410 735 2482; x_wconf 67' lang='lat' dir='ltr'><strong>Egypto</strong></span> <span class='ocrx_word' id='word_1_214' title='bbox 767 2413 1072 2478; x_wconf 87' lang='lat' dir='ltr'><strong>colebatur,</strong></span> <span class='ocrx_word' id='word_1_215' title='bbox 1113 2426 1223 2468; x_wconf 87' lang='lat' dir='ltr'><strong>non</strong></span> <span class='ocrx_word' id='word_1_216' title='bbox 1259 2413 1329 2468; x_wconf 91' lang='lat' dir='ltr'><strong>ab</strong></span> <span class='ocrx_word' id='word_1_217' title='bbox 1360 2413 1626 2484; x_wconf 65' lang='lat' dir='ltr'><strong>Egyptiis</strong></span> <span class='ocrx_word' id='word_1_218' title='bbox 1675 2414 1873 2478; x_wconf 89' lang='lat' dir='ltr'><strong>solum,</strong></span> <span class='ocrx_word' id='word_1_219' title='bbox 1899 2430 1996 2469; x_wconf 89' lang='lat' dir='ltr'><strong>ve-</strong></span> 
     </span>
    </p>
   </div>
   <div class='ocr_carea' id='block_1_29' title="bbox 426 2503 1999 2560">
    <p class='ocr_par' dir='ltr' id='par_1_29' title="bbox 426 2503 1999 2560">
     <span class='ocr_line' id='line_1_29' title="bbox 426 2503 1999 2560; baseline 0.003 -5"><span class='ocrx_word' id='word_1_220' title='bbox 426 2517 549 2556; x_wconf 90' lang='lat' dir='ltr'><strong>rum</strong></span> <span class='ocrx_word' id='word_1_221' title='bbox 573 2503 740 2558; x_wconf 89' lang='lat' dir='ltr'><strong>etiam</strong></span> <span class='ocrx_word' id='word_1_222' title='bbox 771 2504 837 2558; x_wconf 89' lang='lat' dir='ltr'><strong>ab</strong></span> <span class='ocrx_word' id='word_1_223' title='bbox 870 2504 992 2558; x_wconf 88' lang='lat' dir='ltr'><strong>aliis</strong></span> <span class='ocrx_word' id='word_1_224' title='bbox 1032 2503 1226 2559; x_wconf 91' lang='lat' dir='ltr'><strong>eodem</strong></span> <span class='ocrx_word' id='word_1_225' title='bbox 1253 2520 1443 2560; x_wconf 91' lang='lat' dir='ltr'><strong>errore</strong></span> <span class='ocrx_word' id='word_1_226' title='bbox 1476 2505 1875 2560; x_wconf 86' lang='lat' dir='ltr'><strong>laborantibus.</strong></span> <span class='ocrx_word' id='word_1_227' title='bbox 1907 2506 1999 2560; x_wconf 84' lang='lat' dir='ltr'><strong>Vi—</strong></span> 
     </span>
    </p>
   </div>
   <div class='ocr_carea' id='block_1_30' title="bbox 424 2592 1997 2664">
    <p class='ocr_par' dir='ltr' id='par_1_30' title="bbox 424 2592 1997 2664">
     <span class='ocr_line' id='line_1_30' title="bbox 424 2592 1997 2664; baseline 0.003 -18"><span class='ocrx_word' id='word_1_228' title='bbox 424 2592 593 2647; x_wconf 89' lang='lat' dir='ltr'><strong>desne</strong></span> <span class='ocrx_word' id='word_1_229' title='bbox 639 2606 749 2663; x_wconf 88' lang='lat' dir='ltr'><strong>quo</strong></span> <span class='ocrx_word' id='word_1_230' title='bbox 775 2601 934 2663; x_wconf 85' lang='lat' dir='ltr'><strong>pacto</strong></span> <span class='ocrx_word' id='word_1_231' title='bbox 977 2595 1265 2649; x_wconf 84' lang='lat' dir='ltr'><strong>volvantur</strong></span> <span class='ocrx_word' id='word_1_232' title='bbox 1300 2595 1368 2649; x_wconf 88' lang='lat' dir='ltr'><strong>ad</strong></span> <span class='ocrx_word' id='word_1_233' title='bbox 1394 2594 1540 2649; x_wconf 89' lang='lat' dir='ltr'><strong>istud</strong></span> <span class='ocrx_word' id='word_1_234' title='bbox 1576 2595 1636 2649; x_wconf 89' lang='lat' dir='ltr'><strong>in</strong></span> <span class='ocrx_word' id='word_1_235' title='bbox 1679 2610 1788 2664; x_wconf 91' lang='lat' dir='ltr'><strong>quo</strong></span> <span class='ocrx_word' id='word_1_236' title='bbox 1837 2606 1997 2651; x_wconf 89' lang='lat' dir='ltr'><strong>antea</strong></span> 
     </span>
    </p>
   </div>
   <div class='ocr_carea' id='block_1_31' title="bbox 423 2684 1992 2759">
    <p class='ocr_par' dir='ltr' id='par_1_31' title="bbox 423 2684 1992 2759">
     <span class='ocr_line' id='line_1_31' title="bbox 423 2684 1992 2759; baseline 0.004 -22"><span class='ocrx_word' id='word_1_237' title='bbox 423 2684 763 2739; x_wconf 81' lang='lat' dir='ltr'><strong>exstiterant.</strong></span> <span class='ocrx_word' id='word_1_238' title='bbox 799 2684 936 2751; x_wconf 89' lang='lat' dir='ltr'><strong>Quia</strong></span> <span class='ocrx_word' id='word_1_239' title='bbox 959 2685 1271 2743; x_wconf 82' lang='lat' dir='ltr'><strong>immundus</strong></span> <span class='ocrx_word' id='word_1_240' title='bbox 1292 2686 1521 2759; x_wconf 74' lang='lat' dir='ltr'><strong>spiritus</strong></span> <span class='ocrx_word' id='word_1_241' title='bbox 1571 2704 1825 2744; x_wconf 85' lang='lat' dir='ltr'><strong>reversus</strong></span> <span class='ocrx_word' id='word_1_242' title='bbox 1872 2699 1992 2744; x_wconf 90' lang='lat' dir='ltr'><strong>est:</strong></span> 
     </span>
    </p>
   </div>
   <div class='ocr_carea' id='block_1_32' title="bbox 423 2776 1997 2857">
    <p class='ocr_par' dir='ltr' id='par_1_32' title="bbox 423 2776 1997 2857">
     <span class='ocr_line' id='line_1_32' title="bbox 423 2776 1997 2857; baseline 0.003 -26"><span class='ocrx_word' id='word_1_243' title='bbox 423 2789 475 2832; x_wconf 88' lang='lat' dir='ltr'><strong>et</strong></span> <span class='ocrx_word' id='word_1_244' title='bbox 503 2776 723 2841; x_wconf 90' lang='lat' dir='ltr'><strong>accidit,</strong></span> <span class='ocrx_word' id='word_1_245' title='bbox 754 2778 1049 2857; x_wconf 77' lang='lat' dir='ltr'><strong>sicutdixit</strong></span> <span class='ocrx_word' id='word_1_246' title='bbox 1069 2780 1337 2845; x_wconf 89' lang='lat' dir='ltr'><strong>Salvator,</strong></span> <span class='ocrx_word' id='word_1_247' title='bbox 1367 2788 1430 2835; x_wconf 85' lang='lat' dir='ltr'><strong>ut</strong></span> <span class='ocrx_word' id='word_1_248' title='bbox 1457 2799 1475 2831; x_wconf 79' lang='grc' dir='ltr'>ι</span> <span class='ocrx_word' id='word_1_249' title='bbox 1511 2788 1786 2851; x_wconf 89' lang='lat' dir='ltr'><strong>postrema</strong></span> <span class='ocrx_word' id='word_1_250' title='bbox 1812 2789 1997 2835; x_wconf 90' lang='lat' dir='ltr'><strong>essent</strong></span> 
     </span>
    </p>
   </div>
   <div class='ocr_carea' id='block_1_33' title="bbox 423 2870 1996 2943">
    <p class='ocr_par' dir='ltr' id='par_1_33' title="bbox 423 2870 1996 2943">
     <span class='ocr_line' id='line_1_33' title="bbox 423 2870 1996 2943; baseline -0.001 -18"><span class='ocrx_word' id='word_1_251' title='bbox 423 2870 700 2925; x_wconf 89' lang='lat' dir='ltr'><strong>deteriora</strong></span> <span class='ocrx_word' id='word_1_252' title='bbox 730 2870 893 2941; x_wconf 79' lang='lat'><strong>336</strong></span> <span class='ocrx_word' id='word_1_253' title='bbox 920 2870 1115 2940; x_wconf 81' lang='lat' dir='ltr'><strong>primis</strong></span> <span class='ocrx_word' id='word_1_254' title='bbox 1136 2873 1201 2925; x_wconf 79' lang='lat'><strong>&quot;.</strong></span> <span class='ocrx_word' id='word_1_255' title='bbox 1255 2890 1274 2923; x_wconf 77' lang='grc' dir='ltr'>ι</span> <span class='ocrx_word' id='word_1_256' title='bbox 1318 2870 1591 2926; x_wconf 65' lang='lat' dir='ltr'><strong>Caeterum</strong></span> <span class='ocrx_word' id='word_1_257' title='bbox 1614 2871 1712 2943; x_wconf 8' lang='lat' dir='ltr'><strong>gita</strong></span> <span class='ocrx_word' id='word_1_258' title='bbox 1740 2870 1996 2926; x_wconf 78' lang='lat' dir='ltr'><strong>existimo</strong></span> 
     </span>
    </p>
   </div>
   <div class='ocr_carea' id='block_1_34' title="bbox 412 2959 1998 3032">
    <p class='ocr_par' dir='ltr' id='par_1_34' title="bbox 412 2959 1998 3032">
     <span class='ocr_line' id='line_1_34' title="bbox 412 2959 1998 3032; baseline 0.002 -19"><span class='ocrx_word' id='word_1_259' title='bbox 412 2959 694 3014; x_wconf 21' lang='lat' dir='ltr'><strong>.Aaronem</strong></span> <span class='ocrx_word' id='word_1_260' title='bbox 719 2961 981 3031; x_wconf 81' lang='lat' dir='ltr'><strong>singulari</strong></span> <span class='ocrx_word' id='word_1_261' title='bbox 1007 2961 1235 3017; x_wconf 90' lang='lat' dir='ltr'><strong>consilio</strong></span> <span class='ocrx_word' id='word_1_262' title='bbox 1258 2961 1481 3032; x_wconf 89' lang='lat' dir='ltr'><strong>petiisse</strong></span> <span class='ocrx_word' id='word_1_263' title='bbox 1505 2962 1743 3028; x_wconf 82' lang='lat' dir='ltr'><strong>inaures,</strong></span> <span class='ocrx_word' id='word_1_264' title='bbox 1777 2977 1840 3017; x_wconf 91' lang='lat' dir='ltr'><strong>ac</strong></span> <span class='ocrx_word' id='word_1_265' title='bbox 1861 2977 1998 3031; x_wconf 87' lang='lat' dir='ltr'><strong>quo-</strong></span> 
     </span>
    </p>
   </div>
   <div class='ocr_carea' id='block_1_35' title="bbox 422 3050 1993 3124">
    <p class='ocr_par' dir='ltr' id='par_1_35' title="bbox 422 3050 1993 3124">
     <span class='ocr_line' id='line_1_35' title="bbox 422 3050 1993 3124; baseline 0 -19"><span class='ocrx_word' id='word_1_266' title='bbox 422 3050 711 3105; x_wconf 89' lang='lat' dir='ltr'><strong>dammodo</strong></span> <span class='ocrx_word' id='word_1_267' title='bbox 738 3068 834 3120; x_wconf 90' lang='lat' dir='ltr'><strong>per</strong></span> <span class='ocrx_word' id='word_1_268' title='bbox 869 3053 975 3107; x_wconf 92' lang='lat' dir='ltr'><strong>hoc</strong></span> <span class='ocrx_word' id='word_1_269' title='bbox 1013 3052 1366 3123; x_wconf 86' lang='lat' dir='ltr'><strong>signiﬁcasse,</strong></span> <span class='ocrx_word' id='word_1_270' title='bbox 1391 3054 1538 3124; x_wconf 90' lang='lat' dir='ltr'><strong>quod</strong></span> <span class='ocrx_word' id='word_1_271' title='bbox 1563 3069 1722 3109; x_wconf 90' lang='lat' dir='ltr'><strong>suum</strong></span> <span class='ocrx_word' id='word_1_272' title='bbox 1750 3055 1993 3124; x_wconf 87' lang='lat' dir='ltr'><strong>ipsorum</strong></span> 
     </span>
    </p>
   </div>
   <div class='ocr_carea' id='block_1_36' title="bbox 423 3142 1996 3216">
    <p class='ocr_par' dir='ltr' id='par_1_36' title="bbox 423 3142 1996 3216">
     <span class='ocr_line' id='line_1_36' title="bbox 423 3142 1996 3216; baseline 0.005 -21"><span class='ocrx_word' id='word_1_273' title='bbox 423 3142 668 3196; x_wconf 90' lang='lat' dir='ltr'><strong>auditum</strong></span> <span class='ocrx_word' id='word_1_274' title='bbox 703 3144 1050 3199; x_wconf 87' lang='lat' dir='ltr'><strong>convenienti</strong></span> <span class='ocrx_word' id='word_1_275' title='bbox 1080 3154 1277 3200; x_wconf 89' lang='lat' dir='ltr'><strong>ornatu</strong></span> <span class='ocrx_word' id='word_1_276' title='bbox 1305 3146 1609 3216; x_wconf 88' lang='lat' dir='ltr'><strong>spoliarint,</strong></span> <span class='ocrx_word' id='word_1_277' title='bbox 1640 3163 1750 3202; x_wconf 91' lang='lat' dir='ltr'><strong>non</strong></span> <span class='ocrx_word' id='word_1_278' title='bbox 1783 3148 1996 3203; x_wconf 81' lang='lat' dir='ltr'><strong>baben-</strong></span> 
     </span>
    </p>
   </div>
   <div class='ocr_carea' id='block_1_37' title="bbox 423 3233 1996 3307">
    <p class='ocr_par' dir='ltr' id='par_1_37' title="bbox 423 3233 1996 3307">
     <span class='ocr_line' id='line_1_37' title="bbox 423 3233 1996 3307; baseline 0.006 -22"><span class='ocrx_word' id='word_1_279' title='bbox 423 3242 506 3286; x_wconf 76' lang='lat' dir='ltr'><strong>tes</strong></span> <span class='ocrx_word' id='word_1_280' title='bbox 533 3233 765 3303; x_wconf 89' lang='lat' dir='ltr'><strong>amplius</strong></span> <span class='ocrx_word' id='word_1_281' title='bbox 797 3235 1040 3289; x_wconf 90' lang='lat' dir='ltr'><strong>animum</strong></span> <span class='ocrx_word' id='word_1_282' title='bbox 1068 3236 1384 3300; x_wconf 84' lang='lat' dir='ltr'><strong>obediendi,</strong></span> <span class='ocrx_word' id='word_1_283' title='bbox 1429 3238 1523 3292; x_wconf 92' lang='lat' dir='ltr'><strong>sed</strong></span> <span class='ocrx_word' id='word_1_284' title='bbox 1563 3239 1747 3307; x_wconf 89' lang='lat' dir='ltr'><strong>potius</strong></span> <span class='ocrx_word' id='word_1_285' title='bbox 1784 3240 1996 3294; x_wconf 84' lang='lat' dir='ltr'><strong>avocati</strong></span> 
     </span>
    </p>
   </div>
   <div class='ocr_carea' id='block_1_38' title="bbox 425 3316 1993 3394">
    <p class='ocr_par' dir='ltr' id='par_1_38' title="bbox 425 3316 1993 3394">
     <span class='ocr_line' id='line_1_38' title="bbox 425 3316 1993 3394; baseline 0.006 -20"><span class='ocrx_word' id='word_1_286' title='bbox 425 3321 483 3374; x_wconf 89' lang='lat' dir='ltr'><strong>in</strong></span> <span class='ocrx_word' id='word_1_287' title='bbox 512 3316 830 3376; x_wconf 83' lang='lat' dir='ltr'><strong>sceleratam</strong></span> <span class='ocrx_word' id='word_1_288' title='bbox 859 3324 1080 3394; x_wconf 89' lang='lat' dir='ltr'><strong>Deoque</strong></span> <span class='ocrx_word' id='word_1_289' title='bbox 1118 3326 1350 3381; x_wconf 83' lang='lat' dir='ltr'><strong>invisam</strong></span> <span class='ocrx_word' id='word_1_290' title='bbox 1388 3329 1812 3382; x_wconf 88' lang='lat' dir='ltr'><strong>contumaciam.</strong></span> <span class='ocrx_word' id='word_1_291' title='bbox 1857 3331 1993 3384; x_wconf 89' lang='lat' dir='ltr'><strong>Nam</strong></span> 
     </span>
    </p>
   </div>
   <div class='ocr_carea' id='block_1_39' title="bbox 423 3411 1994 3477">
    <p class='ocr_par' dir='ltr' id='par_1_39' title="bbox 423 3411 1994 3477">
     <span class='ocr_line' id='line_1_39' title="bbox 423 3411 1994 3477; baseline 0.008 -13"><span class='ocrx_word' id='word_1_292' title='bbox 423 3411 529 3465; x_wconf 89' lang='lat' dir='ltr'><strong>etsi</strong></span> <span class='ocrx_word' id='word_1_293' title='bbox 566 3412 711 3465; x_wconf 90' lang='lat' dir='ltr'><strong>Deus</strong></span> <span class='ocrx_word' id='word_1_294' title='bbox 755 3414 1131 3470; x_wconf 82' lang='lat' dir='ltr'><strong>mandaverit:</strong></span> <span class='ocrx_word' id='word_1_295' title='bbox 1174 3436 1192 3468; x_wconf 80' lang='grc' dir='ltr'>ι</span> <span class='ocrx_word' id='word_1_296' title='bbox 1233 3417 1354 3471; x_wconf 82' lang='grc' dir='ltr'>Νοη</span> <span class='ocrx_word' id='word_1_297' title='bbox 1399 3426 1562 3471; x_wconf 88' lang='lat' dir='ltr'><strong>erunt</strong></span> <span class='ocrx_word' id='word_1_298' title='bbox 1597 3418 1695 3471; x_wconf 89' lang='lat' dir='ltr'><strong>tibi</strong></span> <span class='ocrx_word' id='word_1_299' title='bbox 1726 3418 1803 3472; x_wconf 90' lang='lat' dir='ltr'><strong>dii</strong></span> <span class='ocrx_word' id='word_1_300' title='bbox 1830 3422 1994 3477; x_wconf 90' lang='lat' dir='ltr'><strong>alieni</strong></span> 
     </span>
    </p>
   </div>
   <div class='ocr_carea' id='block_1_40' title="bbox 423 3501 1994 3575">
    <p class='ocr_par' dir='ltr' id='par_1_40' title="bbox 423 3501 1994 3575">
     <span class='ocr_line' id='line_1_40' title="bbox 423 3501 1994 3575; baseline 0.005 -21"><span class='ocrx_word' id='word_1_301' title='bbox 423 3507 621 3570; x_wconf 68' lang='lat' dir='ltr'><strong>praeter</strong></span> <span class='ocrx_word' id='word_1_302' title='bbox 643 3515 729 3554; x_wconf 91' lang='lat' dir='ltr'><strong>me</strong></span> <span class='ocrx_word' id='word_1_303' title='bbox 746 3501 811 3567; x_wconf 79' lang='grc'><strong>⁸³,</strong></span> <span class='ocrx_word' id='word_1_304' title='bbox 843 3520 863 3552; x_wconf 73' lang='grc' dir='ltr'>ι</span> <span class='ocrx_word' id='word_1_305' title='bbox 908 3501 1178 3575; x_wconf 84' lang='lat' dir='ltr'><strong>ﬁdemque</strong></span> <span class='ocrx_word' id='word_1_306' title='bbox 1203 3504 1354 3559; x_wconf 84' lang='lat' dir='ltr'><strong>hisce</strong></span> <span class='ocrx_word' id='word_1_307' title='bbox 1378 3507 1562 3561; x_wconf 84' lang='lat' dir='ltr'><strong>verbis</strong></span> <span class='ocrx_word' id='word_1_308' title='bbox 1588 3507 1905 3572; x_wconf 90' lang='lat' dir='ltr'><strong>tribuerint,</strong></span> <span class='ocrx_word' id='word_1_309' title='bbox 1931 3522 1994 3562; x_wconf 92' lang='lat' dir='ltr'><strong>ac</strong></span> 
     </span>
    </p>
   </div>
   <div class='ocr_carea' id='block_1_41' title="bbox 423 3590 1993 3667">
    <p class='ocr_par' dir='ltr' id='par_1_41' title="bbox 423 3590 1993 3667">
     <span class='ocr_line' id='line_1_41' title="bbox 423 3590 1993 3667; baseline 0.005 -22"><span class='ocrx_word' id='word_1_310' title='bbox 423 3590 700 3645; x_wconf 90' lang='lat' dir='ltr'><strong>communi</strong></span> <span class='ocrx_word' id='word_1_311' title='bbox 725 3605 994 3648; x_wconf 89' lang='lat' dir='ltr'><strong>consensu</strong></span> <span class='ocrx_word' id='word_1_312' title='bbox 1039 3595 1437 3665; x_wconf 66' lang='lat' dir='ltr'><strong>approbarint’,</strong></span> <span class='ocrx_word' id='word_1_313' title='bbox 1473 3596 1824 3666; x_wconf 77' lang='lat' dir='ltr'><strong>dixerintque</strong></span> <span class='ocrx_word' id='word_1_314' title='bbox 1846 3597 1993 3667; x_wconf 90' lang='lat' dir='ltr'><strong>quod</strong></span> 
     </span>
    </p>
   </div>
   <div class='ocr_carea' id='block_1_42' title="bbox 422 3680 1993 3752">
    <p class='ocr_par' dir='ltr' id='par_1_42' title="bbox 422 3680 1993 3752">
     <span class='ocr_line' id='line_1_42' title="bbox 422 3680 1993 3752; baseline 0.006 -18"><span class='ocrx_word' id='word_1_315' title='bbox 422 3680 606 3735; x_wconf 90' lang='lat' dir='ltr'><strong>omnia</strong></span> <span class='ocrx_word' id='word_1_316' title='bbox 634 3697 755 3752; x_wconf 73' lang='lat' dir='ltr'><strong>quae</strong></span> <span class='ocrx_word' id='word_1_317' title='bbox 779 3682 998 3739; x_wconf 90' lang='lat' dir='ltr'><strong>locutus</strong></span> <span class='ocrx_word' id='word_1_318' title='bbox 1023 3694 1109 3741; x_wconf 90' lang='lat' dir='ltr'><strong>est</strong></span> <span class='ocrx_word' id='word_1_319' title='bbox 1130 3685 1396 3741; x_wconf 90' lang='lat' dir='ltr'><strong>Dominus</strong></span> <span class='ocrx_word' id='word_1_320' title='bbox 1418 3686 1563 3742; x_wconf 91' lang='lat' dir='ltr'><strong>Deus</strong></span> <span class='ocrx_word' id='word_1_321' title='bbox 1588 3687 1698 3741; x_wconf 92' lang='lat' dir='ltr'><strong>sint</strong></span> <span class='ocrx_word' id='word_1_322' title='bbox 1724 3687 1993 3743; x_wconf 83' lang='lat' dir='ltr'><strong>facturiet</strong></span> 
     </span>
    </p>
   </div>
   <div class='ocr_carea' id='block_1_43' title="bbox 420 3772 1994 3849">
    <p class='ocr_par' dir='ltr' id='par_1_43' title="bbox 420 3772 1994 3849">
     <span class='ocr_line' id='line_1_43' title="bbox 420 3772 1994 3849; baseline 0.005 -22"><span class='ocrx_word' id='word_1_323' title='bbox 420 3772 662 3827; x_wconf 85' lang='lat' dir='ltr'><strong>audituri</strong></span> <span class='ocrx_word' id='word_1_324' title='bbox 688 3814 702 3840; x_wconf 96' lang='lat'><strong>,</strong></span> <span class='ocrx_word' id='word_1_325' title='bbox 761 3783 943 3830; x_wconf 88' lang='lat' dir='ltr'><strong>tamen</strong></span> <span class='ocrx_word' id='word_1_326' title='bbox 992 3776 1126 3832; x_wconf 91' lang='lat' dir='ltr'><strong>deos</strong></span> <span class='ocrx_word' id='word_1_327' title='bbox 1156 3777 1479 3846; x_wconf 66' lang='lat' dir='ltr'><strong>quaerebant</strong></span> <span class='ocrx_word' id='word_1_328' title='bbox 1504 3778 1803 3849; x_wconf 89' lang='lat' dir='ltr'><strong>sculptiles.</strong></span> <span class='ocrx_word' id='word_1_329' title='bbox 1829 3779 1994 3836; x_wconf 83' lang='lat' dir='ltr'><strong>Vides</strong></span> 
     </span>
    </p>
   </div>
   <div class='ocr_carea' id='block_1_44' title="bbox 416 3865 1991 3942">
    <p class='ocr_par' dir='ltr' id='par_1_44' title="bbox 416 3865 1991 3942">
     <span class='ocr_line' id='line_1_44' title="bbox 416 3865 1991 3942; baseline 0.006 -25"><span class='ocrx_word' id='word_1_330' title='bbox 416 3865 525 3935; x_wconf 86' lang='lat' dir='ltr'><strong>jam</strong></span> <span class='ocrx_word' id='word_1_331' title='bbox 565 3880 674 3935; x_wconf 92' lang='lat' dir='ltr'><strong>quo</strong></span> <span class='ocrx_word' id='word_1_332' title='bbox 703 3875 863 3936; x_wconf 91' lang='lat' dir='ltr'><strong>pacto</strong></span> <span class='ocrx_word' id='word_1_333' title='bbox 909 3866 1211 3938; x_wconf 88' lang='lat' dir='ltr'><strong>abjecerint</strong></span> <span class='ocrx_word' id='word_1_334' title='bbox 1239 3868 1612 3925; x_wconf 89' lang='lat' dir='ltr'><strong>obedientiam</strong></span> <span class='ocrx_word' id='word_1_335' title='bbox 1632 3871 1656 3924; x_wconf 88' lang='lat'><strong>?</strong></span> <span class='ocrx_word' id='word_1_336' title='bbox 1676 3871 1859 3942; x_wconf 80' lang='lat' dir='ltr'><strong>Atque</strong></span> <span class='ocrx_word' id='word_1_337' title='bbox 1886 3872 1991 3927; x_wconf 88' lang='lat' dir='ltr'><strong>hoc</strong></span> 
     </span>
    </p>
   </div>
   <div class='ocr_carea' id='block_1_45' title="bbox 418 3956 1988 4032">
    <p class='ocr_par' dir='ltr' id='par_1_45' title="bbox 418 3956 1988 4032">
     <span class='ocr_line' id='line_1_45' title="bbox 418 3956 1988 4032; baseline 0.008 -25"><span class='ocrx_word' id='word_1_338' title='bbox 418 3962 522 4019; x_wconf 87' lang='lat' dir='ltr'><strong>est,</strong></span> <span class='ocrx_word' id='word_1_339' title='bbox 546 3963 607 4009; x_wconf 91' lang='lat' dir='ltr'><strong>ut</strong></span> <span class='ocrx_word' id='word_1_340' title='bbox 634 3956 889 4023; x_wconf 86' lang='lat' dir='ltr'><strong>arbitror,</strong></span> <span class='ocrx_word' id='word_1_341' title='bbox 919 3958 1135 4014; x_wconf 90' lang='lat' dir='ltr'><strong>aurium</strong></span> <span class='ocrx_word' id='word_1_342' title='bbox 1151 3960 1576 4032; x_wconf 87' lang='lat' dir='ltr'><strong>ornatus.Atqui</strong></span> <span class='ocrx_word' id='word_1_343' title='bbox 1595 3962 1988 4030; x_wconf 83' lang='lat' dir='ltr'><strong>animadverte,</strong></span> 
     </span>
    </p>
   </div>
   <div class='ocr_carea' id='block_1_46' title="bbox 419 4044 1991 4117">
    <p class='ocr_par' dir='ltr' id='par_1_46' title="bbox 419 4044 1991 4117">
     <span class='ocr_line' id='line_1_46' title="bbox 419 4044 1991 4117; baseline 0.007 -19"><span class='ocrx_word' id='word_1_344' title='bbox 419 4044 648 4101; x_wconf 90' lang='lat' dir='ltr'><strong>obsecro</strong></span> <span class='ocrx_word' id='word_1_345' title='bbox 675 4087 689 4112; x_wconf 97' lang='lat'><strong>,</strong></span> <span class='ocrx_word' id='word_1_346' title='bbox 739 4063 902 4117; x_wconf 91' lang='lat' dir='ltr'><strong>quam</strong></span> <span class='ocrx_word' id='word_1_347' title='bbox 945 4052 1188 4107; x_wconf 88' lang='lat' dir='ltr'><strong>suaviter</strong></span> <span class='ocrx_word' id='word_1_348' title='bbox 1236 4052 1468 4107; x_wconf 91' lang='lat' dir='ltr'><strong>istorum</strong></span> <span class='ocrx_word' id='word_1_349' title='bbox 1517 4062 1774 4109; x_wconf 90' lang='lat' dir='ltr'><strong>conatum</strong></span> <span class='ocrx_word' id='word_1_350' title='bbox 1813 4055 1991 4111; x_wconf 89' lang='lat' dir='ltr'><strong>rideat</strong></span> 
     </span>
    </p>
   </div>
   <div class='ocr_carea' id='block_1_47' title="bbox 2106 774 3673 846">
    <p class='ocr_par' dir='ltr' id='par_1_47' title="bbox 2106 774 3673 846">
     <span class='ocr_line' id='line_1_47' title="bbox 2106 774 3673 846; baseline -0.003 -15"><span class='ocrx_word' id='word_1_351' title='bbox 2106 778 2298 842; x_wconf 84' lang='grc' dir='ltr'>τελῶς·</span> <span class='ocrx_word' id='word_1_352' title='bbox 2326 778 2502 831; x_wconf 90' lang='grc' dir='ltr'>καίτοι</span> <span class='ocrx_word' id='word_1_353' title='bbox 2533 776 2630 830; x_wconf 75' lang='grc' dir='ltr'><strong>καὶ</strong></span> <span class='ocrx_word' id='word_1_354' title='bbox 2662 778 2718 829; x_wconf 83' lang='grc' dir='ltr'><strong>ὲν</strong></span> <span class='ocrx_word' id='word_1_355' title='bbox 2745 776 2874 829; x_wconf 79' lang='grc' dir='ltr'>εἴδει</span> <span class='ocrx_word' id='word_1_356' title='bbox 2907 775 3077 846; x_wconf 84' lang='grc' dir='ltr'>πυρὸς</span> <span class='ocrx_word' id='word_1_357' title='bbox 3107 774 3190 828; x_wconf 74' lang='grc' dir='ltr'><strong>ἐπ’</strong></span> <span class='ocrx_word' id='word_1_358' title='bbox 3235 775 3394 844; x_wconf 74' lang='grc' dir='ltr'>ὅρους</span> <span class='ocrx_word' id='word_1_359' title='bbox 3429 774 3561 827; x_wconf 86' lang='grc' dir='ltr'><strong>Σινᾶ</strong></span> <span class='ocrx_word' id='word_1_360' title='bbox 3585 791 3673 826; x_wconf 85' lang='grc' dir='ltr'><strong>τε⁶</strong></span> 
     </span>
    </p>
   </div>
   <div class='ocr_carea' id='block_1_48' title="bbox 2108 864 3672 939">
    <p class='ocr_par' dir='ltr' id='par_1_48' title="bbox 2108 864 3672 939">
     <span class='ocr_line' id='line_1_48' title="bbox 2108 864 3672 939; baseline -0.003 -16"><span class='ocrx_word' id='word_1_361' title='bbox 2108 869 2358 939; x_wconf 79' lang='grc' dir='ltr'>θεαμένοι</span> <span class='ocrx_word' id='word_1_362' title='bbox 2377 909 2393 936; x_wconf 92' lang='grc'><strong>,</strong></span> <span class='ocrx_word' id='word_1_363' title='bbox 2419 868 2514 922; x_wconf 71' lang='grc' dir='ltr'>καὶ</span> <span class='ocrx_word' id='word_1_364' title='bbox 2538 869 2721 937; x_wconf 75' lang='grc' dir='ltr'>φωνῆς</span> <span class='ocrx_word' id='word_1_365' title='bbox 2766 868 3022 937; x_wconf 78' lang='grc' dir='ltr'><strong>αὐτήκοοι</strong></span> <span class='ocrx_word' id='word_1_366' title='bbox 3051 864 3366 933; x_wconf 84' lang='grc' dir='ltr'><strong>γεγονότες,</strong></span> <span class='ocrx_word' id='word_1_367' title='bbox 3391 865 3486 917; x_wconf 74' lang='grc' dir='ltr'>καὶ</span> <span class='ocrx_word' id='word_1_368' title='bbox 3518 882 3672 934; x_wconf 70' lang='grc' dir='ltr'>μεσιο</span> 
     </span>
    </p>
   </div>
   <div class='ocr_carea' id='block_1_49' title="bbox 2105 944 3681 1027">
    <p class='ocr_par' dir='ltr' id='par_1_49' title="bbox 2105 944 3681 1027">
     <span class='ocr_line' id='line_1_49' title="bbox 2105 944 3681 1027; baseline -0.002 -16"><span class='ocrx_word' id='word_1_369' title='bbox 2105 959 2283 1012; x_wconf 84' lang='grc' dir='ltr'>τεύειν</span> <span class='ocrx_word' id='word_1_370' title='bbox 2308 944 2512 1021; x_wconf 48' lang='grc' dir='ltr'>ἀὐτοῖς</span> <span class='ocrx_word' id='word_1_371' title='bbox 2555 955 2980 1027; x_wconf 75' lang='grc' dir='ltr'>λελιπαρηκότες</span> <span class='ocrx_word' id='word_1_372' title='bbox 3011 955 3234 1009; x_wconf 85' lang='grc' dir='ltr'>Μωσέα.</span> <span class='ocrx_word' id='word_1_373' title='bbox 3280 955 3441 1020; x_wconf 79' lang='grc' dir='ltr'>Ἀλλ’,</span> <span class='ocrx_word' id='word_1_374' title='bbox 3474 947 3542 1008; x_wconf 78' lang='grc' dir='ltr'>Ὢ</span> <span class='ocrx_word' id='word_1_375' title='bbox 3573 944 3681 1024; x_wconf 78' lang='grc' dir='ltr'>τῆς</span> 
     </span>
    </p>
   </div>
   <div class='ocr_carea' id='block_1_50' title="bbox 2106 1043 3669 1118">
    <p class='ocr_par' dir='ltr' id='par_1_50' title="bbox 2106 1043 3669 1118">
     <span class='ocr_line' id='line_1_50' title="bbox 2106 1043 3669 1118; baseline -0.004 -16"><span class='ocrx_word' id='word_1_376' title='bbox 2106 1051 2185 1113; x_wconf 87' lang='grc' dir='ltr'><strong>είς</strong></span> <span class='ocrx_word' id='word_1_377' title='bbox 2210 1048 2362 1117; x_wconf 80' lang='grc' dir='ltr'>λῆξιν</span> <span class='ocrx_word' id='word_1_378' title='bbox 2386 1047 2674 1111; x_wconf 81' lang='grc' dir='ltr'><strong>ἀσυνεσίας</strong></span> <span class='ocrx_word' id='word_1_379' title='bbox 2703 1045 2948 1118; x_wconf 76' lang='grc' dir='ltr'>ἔμπλεοι,</span> <span class='ocrx_word' id='word_1_380' title='bbox 2973 1045 3106 1116; x_wconf 80' lang='grc' dir='ltr'>φαίη</span> <span class='ocrx_word' id='word_1_381' title='bbox 3136 1063 3219 1109; x_wconf 90' lang='grc' dir='ltr'><strong>τις</strong></span> <span class='ocrx_word' id='word_1_382' title='bbox 3245 1044 3310 1098; x_wconf 86' lang='grc' dir='ltr'><strong>ἂν</strong></span> <span class='ocrx_word' id='word_1_383' title='bbox 3342 1045 3544 1107; x_wconf 73' lang='grc' dir='ltr'>αὐτοῖς’</span> <span class='ocrx_word' id='word_1_384' title='bbox 3573 1043 3669 1096; x_wconf 73' lang='grc' dir='ltr'><strong>καὶ</strong></span> 
     </span>
    </p>
   </div>
   <div class='ocr_carea' id='block_1_51' title="bbox 2104 1132 3669 1211">
    <p class='ocr_par' dir='ltr' id='par_1_51' title="bbox 2104 1132 3669 1211">
     <span class='ocr_line' id='line_1_51' title="bbox 2104 1132 3669 1211; baseline -0.005 -17"><span class='ocrx_word' id='word_1_385' title='bbox 2104 1141 2418 1211; x_wconf 84' lang='grc' dir='ltr'>κεχρόνικεν</span> <span class='ocrx_word' id='word_1_386' title='bbox 2457 1140 2486 1192; x_wconf 99' lang='lat'><strong>6</strong></span> <span class='ocrx_word' id='word_1_387' title='bbox 2517 1138 2747 1208; x_wconf 82' lang='grc' dir='ltr'>Μωσῆς.</span> <span class='ocrx_word' id='word_1_388' title='bbox 2786 1132 2918 1191; x_wconf 86' lang='grc' dir='ltr'>Εἶτα</span> <span class='ocrx_word' id='word_1_389' title='bbox 2946 1138 2998 1189; x_wconf 86' lang='grc' dir='ltr'><strong>τί</strong></span> <span class='ocrx_word' id='word_1_390' title='bbox 3039 1136 3197 1189; x_wconf 87' lang='grc' dir='ltr'>τοῦτο</span> <span class='ocrx_word' id='word_1_391' title='bbox 3228 1135 3364 1204; x_wconf 85' lang='grc' dir='ltr'>πρὸς</span> <span class='ocrx_word' id='word_1_392' title='bbox 3411 1133 3501 1186; x_wconf 80' lang='grc' dir='ltr'><strong>τὸν</strong></span> <span class='ocrx_word' id='word_1_393' title='bbox 3536 1135 3669 1186; x_wconf 81' lang='grc' dir='ltr'>Θεὸν</span> 
     </span>
    </p>
   </div>
   <div class='ocr_carea' id='block_1_52' title="bbox 2103 1225 3662 1298">
    <p class='ocr_par' dir='ltr' id='par_1_52' title="bbox 2103 1225 3662 1298">
     <span class='ocr_line' id='line_1_52' title="bbox 2103 1225 3662 1298; baseline -0.006 -11"><span class='ocrx_word' id='word_1_394' title='bbox 2103 1234 2193 1288; x_wconf 71' lang='grc' dir='ltr'><strong>ἀεὶ</strong></span> <span class='ocrx_word' id='word_1_395' title='bbox 2228 1232 2457 1285; x_wconf 85' lang='grc' dir='ltr'><strong>συνόντα</strong></span> <span class='ocrx_word' id='word_1_396' title='bbox 2489 1232 2600 1293; x_wconf 82' lang='grc' dir='ltr'>τοῖς</span> <span class='ocrx_word' id='word_1_397' title='bbox 2630 1231 2722 1283; x_wconf 75' lang='grc' dir='ltr'><strong>ἐπὶ</strong></span> <span class='ocrx_word' id='word_1_398' title='bbox 2752 1230 2850 1298; x_wconf 81' lang='grc' dir='ltr'>τῆς</span> <span class='ocrx_word' id='word_1_399' title='bbox 2887 1230 3020 1298; x_wconf 82' lang='grc' dir='ltr'>γῆς,</span> <span class='ocrx_word' id='word_1_400' title='bbox 3052 1228 3155 1280; x_wconf 81' lang='grc' dir='ltr'><strong>κᾶν</strong></span> <span class='ocrx_word' id='word_1_401' title='bbox 3187 1228 3234 1279; x_wconf 87' lang='grc' dir='ltr'><strong>εἰ</strong></span> <span class='ocrx_word' id='word_1_402' title='bbox 3266 1227 3341 1297; x_wconf 80' lang='grc' dir='ltr'>μὴ</span> <span class='ocrx_word' id='word_1_403' title='bbox 3371 1225 3546 1295; x_wconf 80' lang='grc' dir='ltr'>ὁρῷτο</span> <span class='ocrx_word' id='word_1_404' title='bbox 3574 1242 3662 1279; x_wconf 88' lang='grc' dir='ltr'>τυ-</span> 
     </span>
    </p>
   </div>
   <div class='ocr_carea' id='block_1_53' title="bbox 2104 1317 3669 1395">
    <p class='ocr_par' dir='ltr' id='par_1_53' title="bbox 2104 1317 3669 1395">
     <span class='ocr_line' id='line_1_53' title="bbox 2104 1317 3669 1395; baseline -0.004 -19"><span class='ocrx_word' id='word_1_405' title='bbox 2104 1324 2231 1395; x_wconf 85' lang='grc' dir='ltr'>χόν;</span> <span class='ocrx_word' id='word_1_406' title='bbox 2265 1321 2710 1392; x_wconf 82' lang='grc' dir='ltr'>Ἀνακεκραγέτω</span> <span class='ocrx_word' id='word_1_407' title='bbox 2737 1320 2915 1373; x_wconf 83' lang='grc' dir='ltr'>τοίνυν</span> <span class='ocrx_word' id='word_1_408' title='bbox 2940 1321 2967 1371; x_wconf 90' lang='lat'><strong>6</strong></span> <span class='ocrx_word' id='word_1_409' title='bbox 2999 1318 3283 1382; x_wconf 71' lang='grc' dir='ltr'>θεσπέσιος</span> <span class='ocrx_word' id='word_1_410' title='bbox 3309 1318 3490 1370; x_wconf 78' lang='grc' dir='ltr'>Δαὸίδ·</span> <span class='ocrx_word' id='word_1_411' title='bbox 3523 1336 3541 1367; x_wconf 76' lang='grc' dir='ltr'>ι</span> <span class='ocrx_word' id='word_1_412' title='bbox 3572 1317 3669 1370; x_wconf 79' lang='grc' dir='ltr'><strong>Γε·</strong></span> 
     </span>
    </p>
   </div>
   <div class='ocr_carea' id='block_1_54' title="bbox 2103 1408 3667 1482">
    <p class='ocr_par' dir='ltr' id='par_1_54' title="bbox 2103 1408 3667 1482">
     <span class='ocr_line' id='line_1_54' title="bbox 2103 1408 3667 1482; baseline -0.005 -14"><span class='ocrx_word' id='word_1_413' title='bbox 2103 1415 2198 1468; x_wconf 83' lang='grc' dir='ltr'><strong>νεά</strong></span> <span class='ocrx_word' id='word_1_414' title='bbox 2249 1413 2437 1467; x_wconf 78' lang='grc' dir='ltr'>σκολιά</span> <span class='ocrx_word' id='word_1_415' title='bbox 2478 1412 2574 1467; x_wconf 72' lang='grc' dir='ltr'>καὶ</span> <span class='ocrx_word' id='word_1_416' title='bbox 2618 1410 3155 1482; x_wconf 83' lang='grc' dir='ltr'>παραπικραίνουσα.</span> <span class='ocrx_word' id='word_1_417' title='bbox 3203 1428 3221 1461; x_wconf 75' lang='grc' dir='ltr'>ι</span> <span class='ocrx_word' id='word_1_418' title='bbox 3263 1409 3373 1462; x_wconf 80' lang='lat' dir='ltr'><strong>Kal</strong></span> <span class='ocrx_word' id='word_1_419' title='bbox 3419 1408 3556 1479; x_wconf 85' lang='grc' dir='ltr'>πρός</span> <span class='ocrx_word' id='word_1_420' title='bbox 3601 1425 3667 1477; x_wconf 88' lang='grc' dir='ltr'><strong>γε</strong></span> 
     </span>
    </p>
   </div>
   <div class='ocr_carea' id='block_1_55' title="bbox 2101 1500 3660 1575">
    <p class='ocr_par' dir='ltr' id='par_1_55' title="bbox 2101 1500 3660 1575">
     <span class='ocr_line' id='line_1_55' title="bbox 2101 1500 3660 1575; baseline -0.004 -16"><span class='ocrx_word' id='word_1_421' title='bbox 2101 1505 2259 1559; x_wconf 88' lang='grc' dir='ltr'>τοῦτο</span> <span class='ocrx_word' id='word_1_422' title='bbox 2295 1505 2518 1575; x_wconf 65' lang='grc' dir='ltr'>Μωσῆς</span> <span class='ocrx_word' id='word_1_423' title='bbox 2570 1522 2589 1555; x_wconf 81' lang='grc' dir='ltr'>ι</span> <span class='ocrx_word' id='word_1_424' title='bbox 2648 1501 2945 1555; x_wconf 82' lang='grc' dir='ltr'>Ἐπελάοου</span> <span class='ocrx_word' id='word_1_425' title='bbox 2990 1501 3127 1554; x_wconf 90' lang='grc' dir='ltr'>Θεοῦ</span> <span class='ocrx_word' id='word_1_426' title='bbox 3175 1500 3466 1572; x_wconf 84' lang='grc' dir='ltr'>τρέφοντός</span> <span class='ocrx_word' id='word_1_427' title='bbox 3506 1518 3585 1552; x_wconf 85' lang='grc' dir='ltr'><strong>σε.</strong></span> <span class='ocrx_word' id='word_1_428' title='bbox 3642 1519 3660 1552; x_wconf 77' lang='grc' dir='ltr'>ι</span> 
     </span>
    </p>
   </div>
   <div class='ocr_carea' id='block_1_56' title="bbox 2103 1590 3667 1663">
    <p class='ocr_par' dir='ltr' id='par_1_56' title="bbox 2103 1590 3667 1663">
     <span class='ocr_line' id='line_1_56' title="bbox 2103 1590 3667 1663; baseline -0.005 -13"><span class='ocrx_word' id='word_1_429' title='bbox 2103 1596 2278 1650; x_wconf 89' lang='grc' dir='ltr'>Ποίων</span> <span class='ocrx_word' id='word_1_430' title='bbox 2315 1594 2372 1648; x_wconf 85' lang='grc' dir='ltr'><strong>δὲ</strong></span> <span class='ocrx_word' id='word_1_431' title='bbox 2401 1595 2570 1647; x_wconf 79' lang='grc' dir='ltr'>ἐδεῖτο</span> <span class='ocrx_word' id='word_1_432' title='bbox 2609 1593 2780 1659; x_wconf 84' lang='grc' dir='ltr'>θεῶν,</span> <span class='ocrx_word' id='word_1_433' title='bbox 2819 1595 2847 1646; x_wconf 91' lang='lat'><strong>6</strong></span> <span class='ocrx_word' id='word_1_434' title='bbox 2878 1592 3197 1662; x_wconf 77' lang='grc' dir='ltr'>παραδόξως</span> <span class='ocrx_word' id='word_1_435' title='bbox 3225 1590 3367 1644; x_wconf 81' lang='grc' dir='ltr'>οὓτω</span> <span class='ocrx_word' id='word_1_436' title='bbox 3397 1590 3667 1663; x_wconf 78' lang='grc' dir='ltr'>λελυτρω-</span> 
     </span>
    </p>
   </div>
   <div class='ocr_carea' id='block_1_57' title="bbox 2106 1683 3667 1759">
    <p class='ocr_par' dir='ltr' id='par_1_57' title="bbox 2106 1683 3667 1759">
     <span class='ocr_line' id='line_1_57' title="bbox 2106 1683 3667 1759; baseline -0.003 -20"><span class='ocrx_word' id='word_1_437' title='bbox 2106 1687 2283 1759; x_wconf 82' lang='grc' dir='ltr'>μένος,</span> <span class='ocrx_word' id='word_1_438' title='bbox 2314 1686 2382 1740; x_wconf 84' lang='grc' dir='ltr'>δι’</span> <span class='ocrx_word' id='word_1_439' title='bbox 2407 1686 2465 1739; x_wconf 83' lang='grc' dir='ltr'>ὃν</span> <span class='ocrx_word' id='word_1_440' title='bbox 2504 1689 2538 1758; x_wconf 81' lang='grc' dir='ltr'><strong>ἡ</strong></span> <span class='ocrx_word' id='word_1_441' title='bbox 2571 1686 2782 1756; x_wconf 77' lang='grc' dir='ltr'>χάλαζα</span> <span class='ocrx_word' id='word_1_442' title='bbox 2814 1687 2911 1741; x_wconf 73' lang='grc' dir='ltr'>καὶ</span> <span class='ocrx_word' id='word_1_443' title='bbox 2940 1688 2968 1740; x_wconf 92' lang='lat'><strong>6</strong></span> <span class='ocrx_word' id='word_1_444' title='bbox 2998 1689 3293 1756; x_wconf 85' lang='grc' dir='ltr'>τριήμερος</span> <span class='ocrx_word' id='word_1_445' title='bbox 3336 1684 3526 1746; x_wconf 77' lang='grc' dir='ltr'>σκότος</span> <span class='ocrx_word' id='word_1_446' title='bbox 3566 1683 3667 1752; x_wconf 81' lang='grc' dir='ltr'><strong>τῆς</strong></span> 
     </span>
    </p>
   </div>
   <div class='ocr_carea' id='block_1_58' title="bbox 2101 1773 3666 1847">
    <p class='ocr_par' dir='ltr' id='par_1_58' title="bbox 2101 1773 3666 1847">
     <span class='ocr_line' id='line_1_58' title="bbox 2101 1773 3666 1847; baseline -0.003 -17"><span class='ocrx_word' id='word_1_447' title='bbox 2101 1777 2209 1831; x_wconf 84' lang='grc' dir='ltr'><strong>τῶν</strong></span> <span class='ocrx_word' id='word_1_448' title='bbox 2240 1778 2551 1846; x_wconf 82' lang='grc' dir='ltr'>Αίγυπτίων</span> <span class='ocrx_word' id='word_1_449' title='bbox 2581 1780 2865 1847; x_wconf 88' lang='grc' dir='ltr'>κατεχεῖτο</span> <span class='ocrx_word' id='word_1_450' title='bbox 2905 1778 3029 1845; x_wconf 85' lang='grc' dir='ltr'>γῆς,</span> <span class='ocrx_word' id='word_1_451' title='bbox 3063 1776 3130 1828; x_wconf 91' lang='grc' dir='ltr'>δι’</span> <span class='ocrx_word' id='word_1_452' title='bbox 3164 1774 3223 1829; x_wconf 79' lang='grc' dir='ltr'>ὃν</span> <span class='ocrx_word' id='word_1_453' title='bbox 3266 1773 3577 1829; x_wconf 82' lang='grc' dir='ltr'>ἀπολώλασι</span> <span class='ocrx_word' id='word_1_454' title='bbox 3610 1774 3666 1826; x_wconf 85' lang='grc' dir='ltr'>ἑν</span> 
     </span>
    </p>
   </div>
   <div class='ocr_carea' id='block_1_59' title="bbox 2102 1860 3664 1939">
    <p class='ocr_par' dir='ltr' id='par_1_59' title="bbox 2102 1860 3664 1939">
     <span class='ocr_line' id='line_1_59' title="bbox 2102 1860 3664 1939; baseline -0.003 -17"><span class='ocrx_word' id='word_1_455' title='bbox 2102 1868 2260 1923; x_wconf 77' lang='grc' dir='ltr'>νυκτὶ</span> <span class='ocrx_word' id='word_1_456' title='bbox 2306 1870 2405 1939; x_wconf 84' lang='grc' dir='ltr'>μιᾷ</span> <span class='ocrx_word' id='word_1_457' title='bbox 2449 1869 2519 1922; x_wconf 87' lang='grc' dir='ltr'>τὰ</span> <span class='ocrx_word' id='word_1_458' title='bbox 2566 1869 2783 1923; x_wconf 88' lang='grc' dir='ltr'>πάντων</span> <span class='ocrx_word' id='word_1_459' title='bbox 2817 1868 3166 1939; x_wconf 83' lang='grc' dir='ltr'>πρωτότοκα;</span> <span class='ocrx_word' id='word_1_460' title='bbox 3207 1860 3251 1936; x_wconf 84' lang='grc' dir='ltr'>ᾧ</span> <span class='ocrx_word' id='word_1_461' title='bbox 3288 1869 3321 1937; x_wconf 85' lang='grc' dir='ltr'>ἠ</span> <span class='ocrx_word' id='word_1_462' title='bbox 3370 1866 3537 1937; x_wconf 85' lang='grc' dir='ltr'>ἀγρία</span> <span class='ocrx_word' id='word_1_463' title='bbox 3571 1865 3664 1918; x_wconf 66' lang='grc' dir='ltr'>καῖ</span> 
     </span>
    </p>
   </div>
   <div class='ocr_carea' id='block_1_60' title="bbox 2099 1956 3665 2031">
    <p class='ocr_par' dir='ltr' id='par_1_60' title="bbox 2099 1956 3665 2031">
     <span class='ocr_line' id='line_1_60' title="bbox 2099 1956 3665 2031; baseline -0.004 -17"><span class='ocrx_word' id='word_1_464' title='bbox 2099 1959 2456 2030; x_wconf 82' lang='grc' dir='ltr'>άνουθέτητος</span> <span class='ocrx_word' id='word_1_465' title='bbox 2495 1961 2740 2015; x_wconf 88' lang='grc' dir='ltr'>θάλασσα</span> <span class='ocrx_word' id='word_1_466' title='bbox 2775 1959 2874 2031; x_wconf 85' lang='grc' dir='ltr'><strong>τὴν</strong></span> <span class='ocrx_word' id='word_1_467' title='bbox 2917 1959 3024 2013; x_wconf 85' lang='grc' dir='ltr'>τῶν</span> <span class='ocrx_word' id='word_1_468' title='bbox 3064 1958 3365 2012; x_wconf 85' lang='grc' dir='ltr'>διωκόντων</span> <span class='ocrx_word' id='word_1_469' title='bbox 3410 1956 3665 2025; x_wconf 79' lang='grc' dir='ltr'>ὠμότητα</span> 
     </span>
    </p>
   </div>
   <div class='ocr_carea' id='block_1_61' title="bbox 2097 2045 3666 2122">
    <p class='ocr_par' dir='ltr' id='par_1_61' title="bbox 2097 2045 3666 2122">
     <span class='ocr_line' id='line_1_61' title="bbox 2097 2045 3666 2122; baseline -0.004 -17"><span class='ocrx_word' id='word_1_470' title='bbox 2097 2052 2494 2122; x_wconf 78' lang='grc' dir='ltr'>διαδιδράσκειν</span> <span class='ocrx_word' id='word_1_471' title='bbox 2537 2053 2741 2118; x_wconf 72' lang='grc' dir='ltr'>ἐδίδους</span> <span class='ocrx_word' id='word_1_472' title='bbox 2797 2051 2937 2105; x_wconf 79' lang='grc' dir='ltr'>Ἀλλ’</span> <span class='ocrx_word' id='word_1_473' title='bbox 2986 2052 3041 2106; x_wconf 81' lang='grc' dir='ltr'><strong>εἴ</strong></span> <span class='ocrx_word' id='word_1_474' title='bbox 3085 2067 3168 2113; x_wconf 92' lang='grc' dir='ltr'><strong>τις</strong></span> <span class='ocrx_word' id='word_1_475' title='bbox 3213 2049 3383 2103; x_wconf 69' lang='grc' dir='ltr'>ἕλοιτο</span> <span class='ocrx_word' id='word_1_476' title='bbox 3426 2047 3496 2100; x_wconf 77' lang='grc' dir='ltr'><strong>τά</strong></span> <span class='ocrx_word' id='word_1_477' title='bbox 3544 2045 3666 2099; x_wconf 85' lang='grc' dir='ltr'>καθ’</span> 
     </span>
    </p>
   </div>
   <div class='ocr_carea' id='block_1_62' title="bbox 2098 2138 3663 2214">
    <p class='ocr_par' dir='ltr' id='par_1_62' title="bbox 2098 2138 3663 2214">
     <span class='ocr_line' id='line_1_62' title="bbox 2098 2138 3663 2214; baseline -0.003 -19"><span class='ocrx_word' id='word_1_478' title='bbox 2098 2143 2318 2196; x_wconf 76' lang='grc' dir='ltr'>ἕκαστα·</span> <span class='ocrx_word' id='word_1_479' title='bbox 2344 2143 2551 2210; x_wconf 87' lang='grc' dir='ltr'>λέγειν,</span> <span class='ocrx_word' id='word_1_480' title='bbox 2579 2144 2791 2214; x_wconf 82' lang='grc' dir='ltr'>μακρὸν</span> <span class='ocrx_word' id='word_1_481' title='bbox 2830 2144 2914 2212; x_wconf 77' lang='grc' dir='ltr'><strong>ἐφ’</strong></span> <span class='ocrx_word' id='word_1_482' title='bbox 2939 2141 3107 2196; x_wconf 73' lang='grc' dir='ltr'>ἅπασι</span> <span class='ocrx_word' id='word_1_483' title='bbox 3145 2140 3448 2211; x_wconf 83' lang='grc' dir='ltr'>δαπανήσει</span> <span class='ocrx_word' id='word_1_484' title='bbox 3486 2138 3663 2205; x_wconf 86' lang='grc' dir='ltr'>λόγον.</span> 
     </span>
    </p>
   </div>
   <div class='ocr_carea' id='block_1_63' title="bbox 2097 2227 3664 2302">
    <p class='ocr_par' dir='ltr' id='par_1_63' title="bbox 2097 2227 3664 2302">
     <span class='ocr_line' id='line_1_63' title="bbox 2097 2227 3664 2302; baseline -0.004 -16"><span class='ocrx_word' id='word_1_485' title='bbox 2097 2231 2396 2294; x_wconf 85' lang='grc' dir='ltr'>Μέλλοντος</span> <span class='ocrx_word' id='word_1_486' title='bbox 2422 2231 2488 2302; x_wconf 81' lang='grc' dir='ltr'><strong>δὴ</strong></span> <span class='ocrx_word' id='word_1_487' title='bbox 2520 2227 2612 2285; x_wconf 81' lang='grc' dir='ltr'>οὖν</span> <span class='ocrx_word' id='word_1_488' title='bbox 2638 2230 2731 2285; x_wconf 93' lang='grc' dir='ltr'><strong>τοῦ</strong></span> <span class='ocrx_word' id='word_1_489' title='bbox 2761 2231 3035 2300; x_wconf 67' lang='grc' dir='ltr'>πανσόφου</span> <span class='ocrx_word' id='word_1_490' title='bbox 3065 2229 3327 2292; x_wconf 83' lang='grc' dir='ltr'>Μωσέως,</span> <span class='ocrx_word' id='word_1_491' title='bbox 3370 2227 3664 2297; x_wconf 73' lang='grc' dir='ltr'>ἐπεφύοντο</span> 
     </span>
    </p>
   </div>
   <div class='ocr_carea' id='block_1_64' title="bbox 2097 2319 3664 2393">
    <p class='ocr_par' dir='ltr' id='par_1_64' title="bbox 2097 2319 3664 2393">
     <span class='ocr_line' id='line_1_64' title="bbox 2097 2319 3664 2393; baseline -0.002 -20"><span class='ocrx_word' id='word_1_492' title='bbox 2097 2321 2175 2392; x_wconf 82' lang='grc' dir='ltr'>τῷ</span> <span class='ocrx_word' id='word_1_493' title='bbox 2236 2320 2466 2392; x_wconf 84' lang='grc' dir='ltr'>Ἀαρών.</span> <span class='ocrx_word' id='word_1_494' title='bbox 2522 2323 2581 2375; x_wconf 89' lang='lat'><strong>&#39;0</strong></span> <span class='ocrx_word' id='word_1_495' title='bbox 2615 2321 2672 2375; x_wconf 80' lang='grc' dir='ltr'>δὲ</span> <span class='ocrx_word' id='word_1_496' title='bbox 2720 2322 2994 2393; x_wconf 78' lang='grc' dir='ltr'>ἀφόρητον</span> <span class='ocrx_word' id='word_1_497' title='bbox 3032 2321 3132 2392; x_wconf 73' lang='grc' dir='ltr'>ἤδη</span> <span class='ocrx_word' id='word_1_498' title='bbox 3184 2338 3301 2385; x_wconf 90' lang='grc' dir='ltr'><strong>πως</strong></span> <span class='ocrx_word' id='word_1_499' title='bbox 3343 2319 3664 2389; x_wconf 77' lang='grc' dir='ltr'>τεθεαμένος</span> 
     </span>
    </p>
   </div>
   <div class='ocr_carea' id='block_1_65' title="bbox 2095 2412 3665 2485">
    <p class='ocr_par' dir='ltr' id='par_1_65' title="bbox 2095 2412 3665 2485">
     <span class='ocr_line' id='line_1_65' title="bbox 2095 2412 3665 2485; baseline -0.003 -19"><span class='ocrx_word' id='word_1_500' title='bbox 2095 2413 2193 2485; x_wconf 82' lang='grc' dir='ltr'><strong>τὴν</strong></span> <span class='ocrx_word' id='word_1_501' title='bbox 2243 2413 2428 2482; x_wconf 72' lang='grc' dir='ltr'>ἔφοδον</span> <span class='ocrx_word' id='word_1_502' title='bbox 2465 2413 2962 2484; x_wconf 80' lang='grc' dir='ltr'>(ἀνακεκράγεισαν</span> <span class='ocrx_word' id='word_1_503' title='bbox 3014 2414 3141 2484; x_wconf 84' lang='grc' dir='ltr'>γάρ·</span> <span class='ocrx_word' id='word_1_504' title='bbox 3187 2431 3205 2463; x_wconf 78' lang='grc' dir='ltr'>ι</span> <span class='ocrx_word' id='word_1_505' title='bbox 3258 2412 3491 2479; x_wconf 86' lang='grc' dir='ltr'>Ποίησον</span> <span class='ocrx_word' id='word_1_506' title='bbox 3535 2412 3665 2479; x_wconf 81' lang='grc' dir='ltr'>ἡμῖν</span> 
     </span>
    </p>
   </div>
   <div class='ocr_carea' id='block_1_66' title="bbox 2098 2499 3662 2576">
    <p class='ocr_par' dir='ltr' id='par_1_66' title="bbox 2098 2499 3662 2576">
     <span class='ocr_line' id='line_1_66' title="bbox 2098 2499 3662 2576; baseline -0.003 -19"><span class='ocrx_word' id='word_1_507' title='bbox 2098 2504 2335 2575; x_wconf 53' lang='grc' dir='ltr'>θεοξιςωῖ</span> <span class='ocrx_word' id='word_1_508' title='bbox 2361 2502 2822 2576; x_wconf 82' lang='grc' dir='ltr'>προπορεύσονται</span> <span class='ocrx_word' id='word_1_509' title='bbox 2846 2502 3048 2574; x_wconf 81' lang='grc' dir='ltr'>ἡμῶν).</span> <span class='ocrx_word' id='word_1_510' title='bbox 3075 2521 3095 2554; x_wconf 68' lang='grc' dir='ltr'>ι</span> <span class='ocrx_word' id='word_1_511' title='bbox 3129 2502 3517 2573; x_wconf 78' lang='grc' dir='ltr'>προσκομίζειν</span> <span class='ocrx_word' id='word_1_512' title='bbox 3545 2499 3662 2553; x_wconf 78' lang='grc' dir='ltr'>ἐκέ-</span> 
     </span>
    </p>
   </div>
   <div class='ocr_carea' id='block_1_67' title="bbox 2095 2589 3662 2663">
    <p class='ocr_par' dir='ltr' id='par_1_67' title="bbox 2095 2589 3662 2663">
     <span class='ocr_line' id='line_1_67' title="bbox 2095 2589 3662 2663; baseline -0.001 -17"><span class='ocrx_word' id='word_1_513' title='bbox 2095 2594 2250 2648; x_wconf 86' lang='grc' dir='ltr'>λευσε</span> <span class='ocrx_word' id='word_1_514' title='bbox 2299 2594 2367 2648; x_wconf 89' lang='grc' dir='ltr'><strong>τά</strong></span> <span class='ocrx_word' id='word_1_515' title='bbox 2407 2610 2467 2646; x_wconf 89' lang='grc' dir='ltr'><strong>τε</strong></span> <span class='ocrx_word' id='word_1_516' title='bbox 2514 2595 2621 2648; x_wconf 85' lang='grc' dir='ltr'><strong>τῶν</strong></span> <span class='ocrx_word' id='word_1_517' title='bbox 2665 2589 2940 2663; x_wconf 80' lang='grc' dir='ltr'>γυναικῶν</span> <span class='ocrx_word' id='word_1_518' title='bbox 2969 2593 3200 2647; x_wconf 74' lang='grc' dir='ltr'>καὶτῶν</span> <span class='ocrx_word' id='word_1_519' title='bbox 3238 2592 3549 2663; x_wconf 80' lang='grc' dir='ltr'>θυγατέρων</span> <span class='ocrx_word' id='word_1_520' title='bbox 3578 2594 3662 2644; x_wconf 80' lang='grc' dir='ltr'><strong>ὲν-</strong></span> 
     </span>
    </p>
   </div>
   <div class='ocr_carea' id='block_1_68' title="bbox 2094 2679 3662 2754">
    <p class='ocr_par' dir='ltr' id='par_1_68' title="bbox 2094 2679 3662 2754">
     <span class='ocr_line' id='line_1_68' title="bbox 2094 2679 3662 2754; baseline -0.003 -17"><span class='ocrx_word' id='word_1_521' title='bbox 2094 2683 2250 2737; x_wconf 86' lang='grc' dir='ltr'>ὡτια.</span> <span class='ocrx_word' id='word_1_522' title='bbox 2288 2684 2350 2736; x_wconf 84' lang='grc' dir='ltr'><strong>Οἱ</strong></span> <span class='ocrx_word' id='word_1_523' title='bbox 2378 2682 2434 2735; x_wconf 81' lang='grc' dir='ltr'>δὲ</span> <span class='ocrx_word' id='word_1_524' title='bbox 2460 2682 2734 2754; x_wconf 82' lang='grc' dir='ltr'>προσῆγον</span> <span class='ocrx_word' id='word_1_525' title='bbox 2761 2682 2941 2746; x_wconf 72' lang='grc' dir='ltr'>εὐθύςο</span> <span class='ocrx_word' id='word_1_526' title='bbox 2975 2683 3056 2743; x_wconf 77' lang='grc' dir='ltr'><strong>ὅτι</strong></span> <span class='ocrx_word' id='word_1_527' title='bbox 3085 2682 3439 2736; x_wconf 79' lang='grc' dir='ltr'>πεπτώκασιν</span> <span class='ocrx_word' id='word_1_528' title='bbox 3465 2682 3544 2744; x_wconf 90' lang='grc' dir='ltr'><strong>είς</strong></span> <span class='ocrx_word' id='word_1_529' title='bbox 3569 2679 3662 2751; x_wconf 72' lang='grc' dir='ltr'>τὴν</span> 
     </span>
    </p>
   </div>
   <div class='ocr_carea' id='block_1_69' title="bbox 2096 2772 3664 2845">
    <p class='ocr_par' dir='ltr' id='par_1_69' title="bbox 2096 2772 3664 2845">
     <span class='ocr_line' id='line_1_69' title="bbox 2096 2772 3664 2845; baseline -0.002 -17"><span class='ocrx_word' id='word_1_530' title='bbox 2096 2777 2155 2830; x_wconf 82' lang='grc' dir='ltr'>ὲν</span> <span class='ocrx_word' id='word_1_531' title='bbox 2182 2773 2443 2845; x_wconf 70' lang='grc' dir='ltr'>Αἰγύπτῳ</span> <span class='ocrx_word' id='word_1_532' title='bbox 2471 2772 2756 2845; x_wconf 70' lang='grc' dir='ltr'>πλάνησιν,</span> <span class='ocrx_word' id='word_1_533' title='bbox 2792 2777 2887 2828; x_wconf 75' lang='grc' dir='ltr'>καὶ</span> <span class='ocrx_word' id='word_1_534' title='bbox 2920 2777 3037 2838; x_wconf 86' lang='grc' dir='ltr'>ταῖς</span> <span class='ocrx_word' id='word_1_535' title='bbox 3065 2773 3320 2845; x_wconf 78' lang='grc' dir='ltr'>ἀρχαίαις</span> <span class='ocrx_word' id='word_1_536' title='bbox 3358 2772 3664 2844; x_wconf 79' lang='grc' dir='ltr'>ὠλίσθησαν</span> 
     </span>
    </p>
   </div>
   <div class='ocr_carea' id='block_1_70' title="bbox 2095 2865 3661 2936">
    <p class='ocr_par' dir='ltr' id='par_1_70' title="bbox 2095 2865 3661 2936">
     <span class='ocr_line' id='line_1_70' title="bbox 2095 2865 3661 2936; baseline -0.002 -17"><span class='ocrx_word' id='word_1_537' title='bbox 2095 2866 2393 2931; x_wconf 79' lang='grc' dir='ltr'>ἀϐουλίαις,</span> <span class='ocrx_word' id='word_1_538' title='bbox 2427 2866 2494 2919; x_wconf 84' lang='grc' dir='ltr'><strong>δι’</strong></span> <span class='ocrx_word' id='word_1_539' title='bbox 2523 2865 2689 2919; x_wconf 83' lang='grc' dir='ltr'>αὑτοῦ</span> <span class='ocrx_word' id='word_1_540' title='bbox 2711 2865 2803 2919; x_wconf 90' lang='grc' dir='ltr'><strong>τοῦ</strong></span> <span class='ocrx_word' id='word_1_541' title='bbox 2837 2867 3162 2936; x_wconf 88' lang='grc' dir='ltr'>πράγματος</span> <span class='ocrx_word' id='word_1_542' title='bbox 3190 2866 3497 2930; x_wconf 79' lang='grc' dir='ltr'>κατέδειξεν</span> <span class='ocrx_word' id='word_1_543' title='bbox 3537 2865 3661 2917; x_wconf 86' lang='grc' dir='ltr'><strong>Ἀα-</strong></span> 
     </span>
    </p>
   </div>
   <div class='ocr_carea' id='block_1_71' title="bbox 2101 2957 3660 3029">
    <p class='ocr_par' dir='ltr' id='par_1_71' title="bbox 2101 2957 3660 3029">
     <span class='ocr_line' id='line_1_71' title="bbox 2101 2957 3660 3029; baseline -0.003 -17"><span class='ocrx_word' id='word_1_544' title='bbox 2101 2957 2227 3029; x_wconf 86' lang='grc' dir='ltr'>ρὼν,</span> <span class='ocrx_word' id='word_1_545' title='bbox 2265 2958 2476 3014; x_wconf 61' lang='grc' dir='ltr'>ἐκρείδει</span> <span class='ocrx_word' id='word_1_546' title='bbox 2504 2958 2598 3011; x_wconf 91' lang='grc' dir='ltr'><strong>τοῦ</strong></span> <span class='ocrx_word' id='word_1_547' title='bbox 2630 2958 2831 3029; x_wconf 85' lang='grc' dir='ltr'>μόσχου</span> <span class='ocrx_word' id='word_1_548' title='bbox 2863 2958 3166 3020; x_wconf 82' lang='grc' dir='ltr'>διαπλάσας</span> <span class='ocrx_word' id='word_1_549' title='bbox 3206 2958 3387 3020; x_wconf 79' lang='grc' dir='ltr'>αὐτοῖς</span> <span class='ocrx_word' id='word_1_550' title='bbox 3414 2957 3480 3009; x_wconf 86' lang='grc' dir='ltr'>τὸ</span> <span class='ocrx_word' id='word_1_551' title='bbox 3504 2971 3660 3027; x_wconf 81' lang='grc' dir='ltr'>προσο</span> 
     </span>
    </p>
   </div>
   <div class='ocr_carea' id='block_1_72' title="bbox 2098 3046 3659 3122">
    <p class='ocr_par' dir='ltr' id='par_1_72' title="bbox 2098 3046 3659 3122">
     <span class='ocr_line' id='line_1_72' title="bbox 2098 3046 3659 3122; baseline -0.002 -19"><span class='ocrx_word' id='word_1_552' title='bbox 2098 3049 2428 3119; x_wconf 81' lang='grc' dir='ltr'>κυνούμενον</span> <span class='ocrx_word' id='word_1_553' title='bbox 2457 3050 2699 3120; x_wconf 80' lang='grc' dir='ltr'>ἄγαλμα.</span> <span class='ocrx_word' id='word_1_554' title='bbox 2735 3050 2948 3120; x_wconf 79' lang='grc' dir='ltr'>Μόσχος</span> <span class='ocrx_word' id='word_1_555' title='bbox 2992 3050 3100 3122; x_wconf 79' lang='grc' dir='ltr'><strong>γὰρ</strong></span> <span class='ocrx_word' id='word_1_556' title='bbox 3128 3046 3196 3121; x_wconf 76' lang='grc' dir='ltr'>ἦν</span> <span class='ocrx_word' id='word_1_557' title='bbox 3233 3052 3290 3103; x_wconf 81' lang='grc' dir='ltr'>ὲν</span> <span class='ocrx_word' id='word_1_558' title='bbox 3316 3049 3573 3118; x_wconf 71' lang='grc' dir='ltr'>Αἰγύπτῳ</span> <span class='ocrx_word' id='word_1_559' title='bbox 3603 3046 3659 3101; x_wconf 68' lang='grc' dir='ltr'><strong>τὸ</strong></span> 
     </span>
    </p>
   </div>
   <div class='ocr_carea' id='block_1_73' title="bbox 2098 3140 3660 3211">
    <p class='ocr_par' dir='ltr' id='par_1_73' title="bbox 2098 3140 3660 3211">
     <span class='ocr_line' id='line_1_73' title="bbox 2098 3140 3660 3211; baseline -0.001 -18"><span class='ocrx_word' id='word_1_560' title='bbox 2098 3141 2260 3204; x_wconf 82' lang='grc' dir='ltr'>σέϐας</span> <span class='ocrx_word' id='word_1_561' title='bbox 2284 3143 2468 3205; x_wconf 82' lang='grc' dir='ltr'>αὐτοῖς</span> <span class='ocrx_word' id='word_1_562' title='bbox 2491 3160 2549 3195; x_wconf 88' lang='grc' dir='ltr'><strong>τε</strong></span> <span class='ocrx_word' id='word_1_563' title='bbox 2579 3144 2693 3206; x_wconf 84' lang='grc' dir='ltr'>τοῖς</span> <span class='ocrx_word' id='word_1_564' title='bbox 2717 3142 3054 3211; x_wconf 81' lang='grc' dir='ltr'>Αἰγυπτίοις,</span> <span class='ocrx_word' id='word_1_565' title='bbox 3078 3142 3303 3204; x_wconf 76' lang='grc' dir='ltr'>καὶτοῖς</span> <span class='ocrx_word' id='word_1_566' title='bbox 3323 3143 3420 3211; x_wconf 81' lang='grc' dir='ltr'>τὴν</span> <span class='ocrx_word' id='word_1_567' title='bbox 3444 3140 3660 3194; x_wconf 67' lang='grc' dir='ltr'>ἐκείνων</span> 
     </span>
    </p>
   </div>
   <div class='ocr_carea' id='block_1_74' title="bbox 2096 3229 3659 3304">
    <p class='ocr_par' dir='ltr' id='par_1_74' title="bbox 2096 3229 3659 3304">
     <span class='ocr_line' id='line_1_74' title="bbox 2096 3229 3659 3304; baseline -0.001 -18"><span class='ocrx_word' id='word_1_568' title='bbox 2096 3232 2313 3302; x_wconf 84' lang='grc' dir='ltr'>ἀπάτην</span> <span class='ocrx_word' id='word_1_569' title='bbox 2345 3234 2779 3303; x_wconf 73' lang='grc' dir='ltr'>ὴρρωστηκόσιν.</span> <span class='ocrx_word' id='word_1_570' title='bbox 2829 3234 2989 3304; x_wconf 85' lang='grc' dir='ltr'>Ὁρᾷς</span> <span class='ocrx_word' id='word_1_571' title='bbox 3013 3229 3106 3286; x_wconf 86' lang='grc' dir='ltr'><strong>οὖν</strong></span> <span class='ocrx_word' id='word_1_572' title='bbox 3131 3233 3277 3296; x_wconf 83' lang='grc' dir='ltr'>ὅπως</span> <span class='ocrx_word' id='word_1_573' title='bbox 3304 3233 3659 3303; x_wconf 75' lang='grc' dir='ltr'>ὑποφέρονται</span> 
     </span>
    </p>
   </div>
   <div class='ocr_carea' id='block_1_75' title="bbox 2095 3322 3659 3395">
    <p class='ocr_par' dir='ltr' id='par_1_75' title="bbox 2095 3322 3659 3395">
     <span class='ocr_line' id='line_1_75' title="bbox 2095 3322 3659 3395; baseline 0 -20"><span class='ocrx_word' id='word_1_574' title='bbox 2095 3326 2174 3386; x_wconf 87' lang='grc' dir='ltr'><strong>είς</strong></span> <span class='ocrx_word' id='word_1_575' title='bbox 2222 3324 2283 3375; x_wconf 76' lang='grc' dir='ltr'><strong>τὸ</strong></span> <span class='ocrx_word' id='word_1_576' title='bbox 2334 3325 2392 3376; x_wconf 85' lang='grc' dir='ltr'>ὲν</span> <span class='ocrx_word' id='word_1_577' title='bbox 2443 3325 2657 3395; x_wconf 81' lang='grc' dir='ltr'>ἀρχαῖς.</span> <span class='ocrx_word' id='word_1_578' title='bbox 2692 3323 2995 3394; x_wconf 79' lang='grc' dir='ltr'>Είσέφρησε</span> <span class='ocrx_word' id='word_1_579' title='bbox 3048 3322 3209 3377; x_wconf 86' lang='grc' dir='ltr'>πάλιν</span> <span class='ocrx_word' id='word_1_580' title='bbox 3248 3322 3309 3375; x_wconf 86' lang='grc' dir='ltr'><strong>τὸ</strong></span> <span class='ocrx_word' id='word_1_581' title='bbox 3354 3323 3659 3391; x_wconf 70' lang='grc' dir='ltr'>ἀκάθαρτον</span> 
     </span>
    </p>
   </div>
   <div class='ocr_carea' id='block_1_76' title="bbox 2097 3412 3657 3484">
    <p class='ocr_par' dir='ltr' id='par_1_76' title="bbox 2097 3412 3657 3484">
     <span class='ocr_line' id='line_1_76' title="bbox 2097 3412 3657 3484; baseline 0.001 -19"><span class='ocrx_word' id='word_1_582' title='bbox 2097 3413 2334 3483; x_wconf 77' lang='grc' dir='ltr'>πνεῦμαο</span> <span class='ocrx_word' id='word_1_583' title='bbox 2366 3413 2460 3466; x_wconf 55' lang='grc' dir='ltr'><strong>καί⁹</strong></span> <span class='ocrx_word' id='word_1_584' title='bbox 2488 3415 2709 3481; x_wconf 86' lang='grc' dir='ltr'>γέγονεν</span> <span class='ocrx_word' id='word_1_585' title='bbox 2750 3414 2935 3474; x_wconf 75' lang='grc' dir='ltr'>αὐτοῖς</span> <span class='ocrx_word' id='word_1_586' title='bbox 2973 3413 3116 3466; x_wconf 78' lang='grc' dir='ltr'>κατά</span> <span class='ocrx_word' id='word_1_587' title='bbox 3145 3412 3245 3483; x_wconf 76' lang='grc' dir='ltr'>τὴν</span> <span class='ocrx_word' id='word_1_588' title='bbox 3286 3414 3379 3466; x_wconf 89' lang='grc' dir='ltr'><strong>τοῦ</strong></span> <span class='ocrx_word' id='word_1_589' title='bbox 3415 3413 3657 3484; x_wconf 74' lang='grc' dir='ltr'>Σωτῆρος</span> 
     </span>
    </p>
   </div>
   <div class='ocr_carea' id='block_1_77' title="bbox 2096 3503 3657 3575">
    <p class='ocr_par' dir='ltr' id='par_1_77' title="bbox 2096 3503 3657 3575">
     <span class='ocr_line' id='line_1_77' title="bbox 2096 3503 3657 3575; baseline -0.001 -18"><span class='ocrx_word' id='word_1_590' title='bbox 2096 3505 2303 3575; x_wconf 84' lang='grc' dir='ltr'>φωνὴν,</span> <span class='ocrx_word' id='word_1_591' title='bbox 2348 3523 2366 3556; x_wconf 79' lang='grc' dir='ltr'>ι</span> <span class='ocrx_word' id='word_1_592' title='bbox 2408 3504 2623 3575; x_wconf 85' lang='grc' dir='ltr'>χείρονα</span> <span class='ocrx_word' id='word_1_593' title='bbox 2660 3503 2767 3556; x_wconf 80' lang='grc' dir='ltr'>τῶν</span> <span class='ocrx_word' id='word_1_594' title='bbox 2801 3503 3052 3575; x_wconf 83' lang='grc' dir='ltr'>πρώτων,</span> <span class='ocrx_word' id='word_1_595' title='bbox 3075 3504 3143 3557; x_wconf 85' lang='grc' dir='ltr'><strong>τά</strong></span> <span class='ocrx_word' id='word_1_596' title='bbox 3170 3505 3398 3559; x_wconf 81' lang='grc' dir='ltr'>λοίσθια.</span> <span class='ocrx_word' id='word_1_597' title='bbox 3439 3524 3458 3556; x_wconf 76' lang='grc' dir='ltr'>ι</span> <span class='ocrx_word' id='word_1_598' title='bbox 3492 3503 3657 3574; x_wconf 73' lang='grc' dir='ltr'>υἷμαι</span> 
     </span>
    </p>
   </div>
   <div class='ocr_carea' id='block_1_78' title="bbox 2093 3593 3655 3665">
    <p class='ocr_par' dir='ltr' id='par_1_78' title="bbox 2093 3593 3655 3665">
     <span class='ocr_line' id='line_1_78' title="bbox 2093 3593 3655 3665; baseline -0.002 -15"><span class='ocrx_word' id='word_1_599' title='bbox 2093 3597 2149 3650; x_wconf 86' lang='grc' dir='ltr'>δὲ</span> <span class='ocrx_word' id='word_1_600' title='bbox 2193 3597 2275 3650; x_wconf 85' lang='grc' dir='ltr'>ὅτι</span> <span class='ocrx_word' id='word_1_601' title='bbox 2323 3596 2442 3649; x_wconf 89' lang='grc' dir='ltr'>λίαν</span> <span class='ocrx_word' id='word_1_602' title='bbox 2490 3594 2848 3664; x_wconf 81' lang='grc' dir='ltr'>οἰκονομικῶς</span> <span class='ocrx_word' id='word_1_603' title='bbox 2886 3595 2914 3646; x_wconf 86' lang='grc' dir='ltr'><strong>ὁ</strong></span> <span class='ocrx_word' id='word_1_604' title='bbox 2953 3594 3236 3658; x_wconf 77' lang='grc' dir='ltr'>Θεσπέσιος</span> <span class='ocrx_word' id='word_1_605' title='bbox 3279 3593 3489 3665; x_wconf 84' lang='grc' dir='ltr'>Ἀαρὼν</span> <span class='ocrx_word' id='word_1_606' title='bbox 3536 3594 3655 3664; x_wconf 71' lang='grc' dir='ltr'><strong>ἑξή-</strong></span> 
     </span>
    </p>
   </div>
   <div class='ocr_carea' id='block_1_79' title="bbox 2092 3685 3656 3759">
    <p class='ocr_par' dir='ltr' id='par_1_79' title="bbox 2092 3685 3656 3759">
     <span class='ocr_line' id='line_1_79' title="bbox 2092 3685 3656 3759; baseline -0.004 -17"><span class='ocrx_word' id='word_1_607' title='bbox 2092 3705 2226 3759; x_wconf 90' lang='grc' dir='ltr'>τησε</span> <span class='ocrx_word' id='word_1_608' title='bbox 2257 3688 2326 3742; x_wconf 88' lang='grc' dir='ltr'><strong>τὰ</strong></span> <span class='ocrx_word' id='word_1_609' title='bbox 2352 3687 2570 3754; x_wconf 80' lang='grc' dir='ltr'>ὲνὼτια,</span> <span class='ocrx_word' id='word_1_610' title='bbox 2605 3687 2889 3758; x_wconf 77' lang='grc' dir='ltr'>μονονουχὶ</span> <span class='ocrx_word' id='word_1_611' title='bbox 2920 3685 3008 3741; x_wconf 83' lang='grc' dir='ltr'>διὰ</span> <span class='ocrx_word' id='word_1_612' title='bbox 3035 3686 3221 3740; x_wconf 83' lang='grc' dir='ltr'>τούτου</span> <span class='ocrx_word' id='word_1_613' title='bbox 3250 3686 3551 3757; x_wconf 85' lang='grc' dir='ltr'>σημαίνων,</span> <span class='ocrx_word' id='word_1_614' title='bbox 3578 3687 3656 3740; x_wconf 83' lang='grc' dir='ltr'><strong>ὅτι</strong></span> 
     </span>
    </p>
   </div>
   <div class='ocr_carea' id='block_1_80' title="bbox 2090 3777 3662 3848">
    <p class='ocr_par' dir='ltr' id='par_1_80' title="bbox 2090 3777 3662 3848">
     <span class='ocr_line' id='line_1_80' title="bbox 2090 3777 3662 3848; baseline -0.002 -15"><span class='ocrx_word' id='word_1_615' title='bbox 2090 3779 2183 3833; x_wconf 88' lang='grc' dir='ltr'><strong>τοῦ</strong></span> <span class='ocrx_word' id='word_1_616' title='bbox 2236 3779 2569 3848; x_wconf 77' lang='grc' dir='ltr'>καθήκοντος</span> <span class='ocrx_word' id='word_1_617' title='bbox 2614 3778 2821 3848; x_wconf 84' lang='grc' dir='ltr'>κόσμου</span> <span class='ocrx_word' id='word_1_618' title='bbox 2879 3779 2981 3848; x_wconf 80' lang='grc' dir='ltr'>τὴν</span> <span class='ocrx_word' id='word_1_619' title='bbox 3035 3777 3243 3832; x_wconf 78' lang='grc' dir='ltr'>ἑαυτῶν</span> <span class='ocrx_word' id='word_1_620' title='bbox 3301 3777 3662 3847; x_wconf 80' lang='grc' dir='ltr'>σεσυλήκασιν</span> 
     </span>
    </p>
   </div>
   <div class='ocr_carea' id='block_1_81' title="bbox 2090 3870 3652 3950">
    <p class='ocr_par' dir='ltr' id='par_1_81' title="bbox 2090 3870 3652 3950">
     <span class='ocr_line' id='line_1_81' title="bbox 2090 3870 3652 3950; baseline 0 -26"><span class='ocrx_word' id='word_1_621' title='bbox 2090 3870 2278 3942; x_wconf 82' lang='grc' dir='ltr'>ἀκοήν·</span> <span class='ocrx_word' id='word_1_622' title='bbox 2312 3870 2525 3941; x_wconf 73' lang='grc' dir='ltr'>ἔχοντες</span> <span class='ocrx_word' id='word_1_623' title='bbox 2558 3871 2656 3942; x_wconf 84' lang='grc' dir='ltr'>μὲν</span> <span class='ocrx_word' id='word_1_624' title='bbox 2697 3871 2881 3923; x_wconf 82' lang='grc' dir='ltr'>οὐκέτι</span> <span class='ocrx_word' id='word_1_625' title='bbox 2912 3870 2974 3923; x_wconf 85' lang='grc' dir='ltr'><strong>τὸ</strong></span> <span class='ocrx_word' id='word_1_626' title='bbox 3011 3871 3279 3934; x_wconf 78' lang='grc' dir='ltr'>εὐπειθὲς,</span> <span class='ocrx_word' id='word_1_627' title='bbox 3319 3888 3652 3950; x_wconf 79' lang='grc' dir='ltr'>παρενηνεγο</span> 
     </span>
    </p>
   </div>
   <div class='ocr_carea' id='block_1_82' title="bbox 2093 3960 3646 4033">
    <p class='ocr_par' dir='ltr' id='par_1_82' title="bbox 2093 3960 3646 4033">
     <span class='ocr_line' id='line_1_82' title="bbox 2093 3960 3646 4033; baseline 0.003 -19"><span class='ocrx_word' id='word_1_628' title='bbox 2093 3962 2243 4033; x_wconf 87' lang='grc' dir='ltr'>μένοι</span> <span class='ocrx_word' id='word_1_629' title='bbox 2272 3960 2328 4014; x_wconf 87' lang='grc' dir='ltr'>δὲ</span> <span class='ocrx_word' id='word_1_630' title='bbox 2354 3961 2554 4033; x_wconf 82' lang='grc' dir='ltr'>μᾶλλον</span> <span class='ocrx_word' id='word_1_631' title='bbox 2595 3963 2675 4026; x_wconf 88' lang='grc' dir='ltr'><strong>είς</strong></span> <span class='ocrx_word' id='word_1_632' title='bbox 2707 3960 2936 4032; x_wconf 85' lang='grc' dir='ltr'>θεομισῆ</span> <span class='ocrx_word' id='word_1_633' title='bbox 2968 3963 3061 4015; x_wconf 73' lang='grc' dir='ltr'>καὶ</span> <span class='ocrx_word' id='word_1_634' title='bbox 3094 3961 3318 4033; x_wconf 76' lang='grc' dir='ltr'>βέϐηλον</span> <span class='ocrx_word' id='word_1_635' title='bbox 3352 3964 3646 4018; x_wconf 79' lang='grc' dir='ltr'>ἀπείθειαν.</span> 
     </span>
    </p>
   </div>
   <div class='ocr_carea' id='block_1_83' title="bbox 2090 4051 3652 4127">
    <p class='ocr_par' dir='ltr' id='par_1_83' title="bbox 2090 4051 3652 4127">
     <span class='ocr_line' id='line_1_83' title="bbox 2090 4051 3652 4127; baseline -0.001 -21"><span class='ocrx_word' id='word_1_636' title='bbox 2090 4052 2224 4107; x_wconf 83' lang='grc' dir='ltr'>Θεοῦ</span> <span class='ocrx_word' id='word_1_637' title='bbox 2262 4053 2372 4123; x_wconf 85' lang='grc' dir='ltr'><strong>γὰρ</strong></span> <span class='ocrx_word' id='word_1_638' title='bbox 2420 4052 2692 4121; x_wconf 86' lang='grc' dir='ltr'>λέγοντος,</span> <span class='ocrx_word' id='word_1_639' title='bbox 2731 4071 2750 4105; x_wconf 83' lang='grc' dir='ltr'>ι</span> <span class='ocrx_word' id='word_1_640' title='bbox 2806 4054 2921 4106; x_wconf 85' lang='grc' dir='ltr'>υὺκ</span> <span class='ocrx_word' id='word_1_641' title='bbox 2963 4051 3174 4107; x_wconf 74' lang='grc' dir='ltr'>ἔσονταί</span> <span class='ocrx_word' id='word_1_642' title='bbox 3213 4070 3295 4107; x_wconf 83' lang='grc' dir='ltr'><strong>σοι</strong></span> <span class='ocrx_word' id='word_1_643' title='bbox 3329 4054 3442 4107; x_wconf 79' lang='grc' dir='ltr'>θεοὶ</span> <span class='ocrx_word' id='word_1_644' title='bbox 3479 4055 3652 4127; x_wconf 73' lang='grc' dir='ltr'>ἕτεροι</span> 
     </span>
    </p>
   </div>
   <div class='ocr_carea' id='block_1_84' title="bbox 421 4137 1995 4219">
    <p class='ocr_par' dir='ltr' id='par_1_84' title="bbox 421 4138 1990 4216">
     <span class='ocr_line' id='line_1_84' title="bbox 421 4138 1990 4216; baseline 0.008 -26"><span class='ocrx_word' id='word_1_645' title='bbox 421 4138 621 4191; x_wconf 82' lang='lat' dir='ltr'><strong>Aaron.</strong></span> <span class='ocrx_word' id='word_1_646' title='bbox 658 4138 794 4193; x_wconf 87' lang='lat' dir='ltr'><strong>Cum</strong></span> <span class='ocrx_word' id='word_1_647' title='bbox 827 4141 1161 4197; x_wconf 80' lang='lat' dir='ltr'><strong>ostendisset</strong></span> <span class='ocrx_word' id='word_1_648' title='bbox 1210 4142 1348 4212; x_wconf 90' lang='lat' dir='ltr'><strong>ipsis</strong></span> <span class='ocrx_word' id='word_1_649' title='bbox 1379 4145 1736 4200; x_wconf 89' lang='lat' dir='ltr'><strong>simulacrum</strong></span> <span class='ocrx_word' id='word_1_650' title='bbox 1774 4146 1830 4201; x_wconf 90' lang='lat' dir='ltr'><strong>in</strong></span> <span class='ocrx_word' id='word_1_651' title='bbox 1867 4161 1990 4216; x_wconf 91' lang='lat' dir='ltr'><strong>spe-</strong></span> 
     </span>
    </p>
   </div>
   <div class='ocr_carea' id='block_1_85' title="bbox 2093 4137 3654 4219">
    <p class='ocr_par' dir='ltr' id='par_1_85' title="bbox 2093 4137 3654 4216">
     <span class='ocr_line' id='line_1_85' title="bbox 2093 4137 3654 4216; baseline 0.003 -22"><span class='ocrx_word' id='word_1_652' title='bbox 2093 4141 2229 4211; x_wconf 77' lang='grc' dir='ltr'>πλὴν</span> <span class='ocrx_word' id='word_1_653' title='bbox 2275 4141 2430 4213; x_wconf 76' lang='grc' dir='ltr'>ἐμοῦ,</span> <span class='ocrx_word' id='word_1_654' title='bbox 2486 4160 2506 4194; x_wconf 74' lang='grc' dir='ltr'>ι</span> <span class='ocrx_word' id='word_1_655' title='bbox 2556 4137 2674 4195; x_wconf 85' lang='grc' dir='ltr'>εἶτα</span> <span class='ocrx_word' id='word_1_656' title='bbox 2720 4141 2842 4204; x_wconf 81' lang='grc' dir='ltr'>τοὺς</span> <span class='ocrx_word' id='word_1_657' title='bbox 2887 4140 3079 4210; x_wconf 86' lang='grc' dir='ltr'>λόγους</span> <span class='ocrx_word' id='word_1_658' title='bbox 3126 4145 3654 4216; x_wconf 84' lang='grc' dir='ltr'>κατακροτήσαντες,</span> 
     </span>
    </p>
   </div>
   <div class='ocr_carea' id='block_1_86' title="bbox 418 4226 1995 4305">
    <p class='ocr_par' dir='ltr' id='par_1_86' title="bbox 418 4226 1987 4295">
     <span class='ocr_line' id='line_1_86' title="bbox 418 4226 1987 4295; baseline 0.008 -17"><span class='ocrx_word' id='word_1_659' title='bbox 418 4226 503 4279; x_wconf 88' lang='lat' dir='ltr'><strong>cie</strong></span> <span class='ocrx_word' id='word_1_660' title='bbox 528 4226 686 4281; x_wconf 91' lang='lat' dir='ltr'><strong>vituli</strong></span> <span class='ocrx_word' id='word_1_661' title='bbox 744 4226 947 4283; x_wconf 80' lang='lat' dir='ltr'><strong>factum</strong></span> <span class='ocrx_word' id='word_1_662' title='bbox 969 4270 985 4295; x_wconf 92' lang='lat'><strong>,</strong></span> <span class='ocrx_word' id='word_1_663' title='bbox 1029 4230 1366 4287; x_wconf 88' lang='lat' dir='ltr'><strong>acclamabat</strong></span> <span class='ocrx_word' id='word_1_664' title='bbox 1395 4234 1516 4289; x_wconf 89' lang='lat' dir='ltr'><strong>istis</strong></span> <span class='ocrx_word' id='word_1_665' title='bbox 1541 4253 1553 4289; x_wconf 93' lang='lat'><strong>:</strong></span> <span class='ocrx_word' id='word_1_666' title='bbox 1588 4255 1606 4287; x_wconf 78' lang='grc' dir='ltr'>ι</span> <span class='ocrx_word' id='word_1_667' title='bbox 1632 4237 1697 4290; x_wconf 86' lang='lat' dir='ltr'><strong>Hi</strong></span> <span class='ocrx_word' id='word_1_668' title='bbox 1750 4245 1880 4291; x_wconf 90' lang='lat' dir='ltr'><strong>sunt</strong></span> <span class='ocrx_word' id='word_1_669' title='bbox 1909 4237 1987 4291; x_wconf 87' lang='lat' dir='ltr'><strong>dii</strong></span> 
     </span>
    </p>
   </div>
   <div class='ocr_carea' id='block_1_87' title="bbox 2093 4226 3656 4305">
    <p class='ocr_par' dir='ltr' id='par_1_87' title="bbox 2093 4232 3656 4305">
     <span class='ocr_line' id='line_1_87' title="bbox 2093 4232 3656 4305; baseline 0.001 -19"><span class='ocrx_word' id='word_1_670' title='bbox 2093 4233 2182 4286; x_wconf 73' lang='grc' dir='ltr'><strong>καὶ</strong></span> <span class='ocrx_word' id='word_1_671' title='bbox 2220 4236 2285 4303; x_wconf 84' lang='grc' dir='ltr'>τῇ</span> <span class='ocrx_word' id='word_1_672' title='bbox 2341 4232 2609 4305; x_wconf 82' lang='grc' dir='ltr'>παγκάλῳ</span> <span class='ocrx_word' id='word_1_673' title='bbox 2645 4233 2810 4304; x_wconf 74' lang='grc' dir='ltr'><strong>ψήφῳ</strong></span> <span class='ocrx_word' id='word_1_674' title='bbox 2848 4233 3217 4304; x_wconf 85' lang='grc' dir='ltr'>τιμήσαντες,</span> <span class='ocrx_word' id='word_1_675' title='bbox 3259 4236 3540 4305; x_wconf 82' lang='grc' dir='ltr'>εἰρηκότες</span> <span class='ocrx_word' id='word_1_676' title='bbox 3568 4236 3656 4301; x_wconf 86' lang='grc' dir='ltr'><strong>τὸ,</strong></span> 
     </span>
    </p>
   </div>
   <div class='ocr_carea' id='block_1_88' title="bbox 420 4313 1995 4396">
    <p class='ocr_par' dir='ltr' id='par_1_88' title="bbox 420 4313 1985 4394">
     <span class='ocr_line' id='line_1_88' title="bbox 420 4313 1985 4394; baseline 0.006 -26"><span class='ocrx_word' id='word_1_677' title='bbox 420 4313 521 4378; x_wconf 91' lang='lat' dir='ltr'><strong>tui,</strong></span> <span class='ocrx_word' id='word_1_678' title='bbox 546 4313 733 4378; x_wconf 87' lang='lat' dir='ltr'><strong>Israel,</strong></span> <span class='ocrx_word' id='word_1_679' title='bbox 793 4315 888 4385; x_wconf 92' lang='lat' dir='ltr'><strong>qui</strong></span> <span class='ocrx_word' id='word_1_680' title='bbox 925 4315 1239 4371; x_wconf 82' lang='lat' dir='ltr'><strong>eduxerunt</strong></span> <span class='ocrx_word' id='word_1_681' title='bbox 1278 4324 1331 4374; x_wconf 92' lang='lat' dir='ltr'><strong>te</strong></span> <span class='ocrx_word' id='word_1_682' title='bbox 1369 4335 1438 4375; x_wconf 80' lang='lat' dir='ltr'><strong>ex</strong></span> <span class='ocrx_word' id='word_1_683' title='bbox 1474 4320 1728 4394; x_wconf 62' lang='lat' dir='ltr'><strong>Egypto.</strong></span> <span class='ocrx_word' id='word_1_684' title='bbox 1771 4342 1790 4374; x_wconf 71' lang='grc' dir='ltr'><strong>ι</strong></span> <span class='ocrx_word' id='word_1_685' title='bbox 1818 4324 1985 4393; x_wconf 86' lang='lat' dir='ltr'><strong>Atqui</strong></span> 
     </span>
    </p>
   </div>
   <div class='ocr_carea' id='block_1_89' title="bbox 2093 4313 3652 4396">
    <p class='ocr_par' dir='ltr' id='par_1_89' title="bbox 2093 4319 3652 4396">
     <span class='ocr_line' id='line_1_89' title="bbox 2093 4319 3652 4396; baseline 0.001 -20"><span class='ocrx_word' id='word_1_686' title='bbox 2093 4323 2272 4376; x_wconf 85' lang='grc' dir='ltr'>Πάντα</span> <span class='ocrx_word' id='word_1_687' title='bbox 2299 4324 2400 4376; x_wconf 85' lang='grc' dir='ltr'><strong>ὅσα</strong></span> <span class='ocrx_word' id='word_1_688' title='bbox 2428 4319 2581 4376; x_wconf 84' lang='grc' dir='ltr'>εἶπεν</span> <span class='ocrx_word' id='word_1_689' title='bbox 2609 4324 2639 4375; x_wconf 91' lang='lat'><strong>6</strong></span> <span class='ocrx_word' id='word_1_690' title='bbox 2668 4323 2821 4387; x_wconf 79' lang='grc' dir='ltr'>Θεὸς,</span> <span class='ocrx_word' id='word_1_691' title='bbox 2851 4324 3148 4395; x_wconf 85' lang='grc' dir='ltr'>ποιήσομεν</span> <span class='ocrx_word' id='word_1_692' title='bbox 3172 4324 3266 4377; x_wconf 60' lang='grc' dir='ltr'><strong>καὶ¹</strong></span> <span class='ocrx_word' id='word_1_693' title='bbox 3286 4324 3652 4396; x_wconf 69' lang='grc' dir='ltr'>ἀκουσόμεθω</span> 
     </span>
    </p>
   </div>
   <div class='ocr_carea' id='block_1_90' title="bbox 418 4404 1995 4487">
    <p class='ocr_par' dir='ltr' id='par_1_90' title="bbox 418 4404 1988 4482">
     <span class='ocr_line' id='line_1_90' title="bbox 418 4404 1988 4482; baseline 0.008 -25"><span class='ocrx_word' id='word_1_694' title='bbox 418 4418 528 4457; x_wconf 91' lang='lat' dir='ltr'><strong>non</strong></span> <span class='ocrx_word' id='word_1_695' title='bbox 552 4418 651 4474; x_wconf 85' lang='lat' dir='ltr'><strong>per</strong></span> <span class='ocrx_word' id='word_1_696' title='bbox 684 4404 917 4459; x_wconf 92' lang='lat' dir='ltr'><strong>vitulum</strong></span> <span class='ocrx_word' id='word_1_697' title='bbox 937 4405 1155 4461; x_wconf 90' lang='lat' dir='ltr'><strong>liberati</strong></span> <span class='ocrx_word' id='word_1_698' title='bbox 1178 4417 1307 4465; x_wconf 91' lang='lat' dir='ltr'><strong>sunt</strong></span> <span class='ocrx_word' id='word_1_699' title='bbox 1347 4408 1645 4482; x_wconf 89' lang='lat' dir='ltr'><strong>(quomodo</strong></span> <span class='ocrx_word' id='word_1_700' title='bbox 1684 4413 1831 4468; x_wconf 91' lang='lat' dir='ltr'><strong>enim</strong></span> <span class='ocrx_word' id='word_1_701' title='bbox 1882 4414 1988 4469; x_wconf 83' lang='lat' dir='ltr'><strong>hoc</strong></span> 
     </span>
    </p>
   </div>
   <div class='ocr_carea' id='block_1_91' title="bbox 2093 4404 3655 4487">
    <p class='ocr_par' dir='ltr' id='par_1_91' title="bbox 2093 4411 3655 4487">
     <span class='ocr_line' id='line_1_91' title="bbox 2093 4411 3655 4487; baseline 0.004 -22"><span class='ocrx_word' id='word_1_702' title='bbox 2093 4411 2240 4477; x_wconf 77' lang='grc' dir='ltr'>θεοὺς</span> <span class='ocrx_word' id='word_1_703' title='bbox 2268 4412 2493 4484; x_wconf 76' lang='grc' dir='ltr'>ἐζήτουν</span> <span class='ocrx_word' id='word_1_704' title='bbox 2532 4412 2824 4482; x_wconf 83' lang='grc' dir='ltr'>γλυπτούς.</span> <span class='ocrx_word' id='word_1_705' title='bbox 2869 4412 3030 4486; x_wconf 80' lang='grc' dir='ltr'>Ὁρᾷς</span> <span class='ocrx_word' id='word_1_706' title='bbox 3063 4415 3212 4479; x_wconf 85' lang='grc' dir='ltr'>ὅπως</span> <span class='ocrx_word' id='word_1_707' title='bbox 3244 4414 3655 4487; x_wconf 66' lang='grc' dir='ltr'>άποόεϐλήκαστ</span> 
     </span>
    </p>
   </div>
   <div class='ocr_carea' id='block_1_92' title="bbox 417 4491 1986 4572">
    <p class='ocr_par' dir='ltr' id='par_1_92' title="bbox 417 4491 1986 4572">
     <span class='ocr_line' id='line_1_92' title="bbox 417 4491 1986 4572; baseline 0.007 -23"><span class='ocrx_word' id='word_1_708' title='bbox 417 4491 536 4550; x_wconf 81' lang='lat' dir='ltr'><strong>ﬁeri</strong></span> <span class='ocrx_word' id='word_1_709' title='bbox 581 4494 797 4568; x_wconf 87' lang='lat' dir='ltr'><strong>possit),</strong></span> <span class='ocrx_word' id='word_1_710' title='bbox 833 4495 931 4552; x_wconf 84' lang='lat' dir='ltr'><strong>sed</strong></span> <span class='ocrx_word' id='word_1_711' title='bbox 976 4516 994 4549; x_wconf 86' lang='grc' dir='ltr'>ι</span> <span class='ocrx_word' id='word_1_712' title='bbox 1026 4497 1084 4552; x_wconf 90' lang='lat' dir='ltr'><strong>in</strong></span> <span class='ocrx_word' id='word_1_713' title='bbox 1122 4513 1289 4555; x_wconf 91' lang='lat' dir='ltr'><strong>manu</strong></span> <span class='ocrx_word' id='word_1_714' title='bbox 1331 4502 1542 4572; x_wconf 88' lang='lat' dir='ltr'><strong>potenti</strong></span> <span class='ocrx_word' id='word_1_715' title='bbox 1557 4511 1615 4559; x_wconf 89' lang='lat' dir='ltr'><strong>et</strong></span> <span class='ocrx_word' id='word_1_716' title='bbox 1636 4502 1865 4559; x_wconf 87' lang='lat' dir='ltr'><strong>brachio</strong></span> <span class='ocrx_word' id='word_1_717' title='bbox 1887 4520 1986 4560; x_wconf 83' lang='lat' dir='ltr'><strong>ex-</strong></span> 
     </span>
    </p>
   </div>
   <div class='ocr_carea' id='block_1_93' title="bbox 415 4589 1982 4672">
    <p class='ocr_par' dir='ltr' id='par_1_93' title="bbox 415 4589 1982 4672">
     <span class='ocr_line' id='line_1_93' title="bbox 415 4589 1982 4672; baseline 0.007 -29"><span class='ocrx_word' id='word_1_718' title='bbox 415 4589 641 4655; x_wconf 74' lang='lat' dir='ltr'><strong>celso“,</strong></span> <span class='ocrx_word' id='word_1_719' title='bbox 675 4609 695 4643; x_wconf 76' lang='grc' dir='ltr'>ι</span> <span class='ocrx_word' id='word_1_720' title='bbox 728 4596 893 4662; x_wconf 86' lang='lat' dir='ltr'><strong>atque</strong></span> <span class='ocrx_word' id='word_1_721' title='bbox 931 4590 1069 4649; x_wconf 90' lang='lat' dir='ltr'><strong>adeo</strong></span> <span class='ocrx_word' id='word_1_722' title='bbox 1100 4608 1201 4664; x_wconf 90' lang='lat' dir='ltr'><strong>per</strong></span> <span class='ocrx_word' id='word_1_723' title='bbox 1226 4596 1396 4652; x_wconf 90' lang='lat' dir='ltr'><strong>multa</strong></span> <span class='ocrx_word' id='word_1_724' title='bbox 1437 4599 1592 4670; x_wconf 82' lang='lat' dir='ltr'><strong>signa</strong></span> <span class='ocrx_word' id='word_1_725' title='bbox 1631 4608 1688 4655; x_wconf 92' lang='lat' dir='ltr'><strong>et</strong></span> <span class='ocrx_word' id='word_1_726' title='bbox 1713 4599 1982 4672; x_wconf 76' lang='lat' dir='ltr'><strong>prodigia.</strong></span> 
     </span>
    </p>
   </div>
   <div class='ocr_carea' id='block_1_94' title="bbox 416 4679 1985 4761">
    <p class='ocr_par' dir='ltr' id='par_1_94' title="bbox 416 4679 1985 4761">
     <span class='ocr_line' id='line_1_94' title="bbox 416 4679 1985 4761; baseline 0.01 -27"><span class='ocrx_word' id='word_1_727' title='bbox 416 4679 486 4734; x_wconf 89' lang='lat' dir='ltr'><strong>Ut</strong></span> <span class='ocrx_word' id='word_1_728' title='bbox 510 4680 678 4750; x_wconf 85' lang='lat' dir='ltr'><strong>igitur</strong></span> <span class='ocrx_word' id='word_1_729' title='bbox 719 4697 783 4737; x_wconf 89' lang='lat' dir='ltr'><strong>ea</strong></span> <span class='ocrx_word' id='word_1_730' title='bbox 826 4698 1003 4752; x_wconf 65' lang='lat' dir='ltr'><strong>quaa-a</strong></span> <span class='ocrx_word' id='word_1_731' title='bbox 1026 4683 1136 4739; x_wconf 90' lang='lat' dir='ltr'><strong>Deo</strong></span> <span class='ocrx_word' id='word_1_732' title='bbox 1164 4695 1315 4757; x_wconf 83' lang='lat' dir='ltr'><strong>gesta</strong></span> <span class='ocrx_word' id='word_1_733' title='bbox 1361 4698 1491 4744; x_wconf 89' lang='lat' dir='ltr'><strong>sunt</strong></span> <span class='ocrx_word' id='word_1_734' title='bbox 1522 4691 1658 4761; x_wconf 89' lang='lat' dir='ltr'><strong>ipsis</strong></span> <span class='ocrx_word' id='word_1_735' title='bbox 1694 4692 1751 4746; x_wconf 87' lang='lat' dir='ltr'><strong>in</strong></span> <span class='ocrx_word' id='word_1_736' title='bbox 1775 4708 1985 4749; x_wconf 88' lang='lat' dir='ltr'><strong>memo-</strong></span> 
     </span>
    </p>
   </div>
   <div class='ocr_carea' id='block_1_95' title="bbox 416 4770 1980 4849">
    <p class='ocr_par' dir='ltr' id='par_1_95' title="bbox 416 4770 1980 4849">
     <span class='ocr_line' id='line_1_95' title="bbox 416 4770 1980 4849; baseline 0.01 -26"><span class='ocrx_word' id='word_1_737' title='bbox 416 4770 552 4825; x_wconf 90' lang='lat' dir='ltr'><strong>riam</strong></span> <span class='ocrx_word' id='word_1_738' title='bbox 599 4783 906 4840; x_wconf 85' lang='lat' dir='ltr'><strong>revocaret,</strong></span> <span class='ocrx_word' id='word_1_739' title='bbox 935 4773 1187 4829; x_wconf 88' lang='lat' dir='ltr'><strong>conridet</strong></span> <span class='ocrx_word' id='word_1_740' title='bbox 1228 4776 1452 4833; x_wconf 89' lang='lat' dir='ltr'><strong>dicens:</strong></span> <span class='ocrx_word' id='word_1_741' title='bbox 1482 4798 1500 4830; x_wconf 80' lang='grc' dir='ltr'>ι</span> <span class='ocrx_word' id='word_1_742' title='bbox 1532 4780 1598 4834; x_wconf 84' lang='lat' dir='ltr'><strong>lli</strong></span> <span class='ocrx_word' id='word_1_743' title='bbox 1628 4788 1757 4836; x_wconf 86' lang='lat' dir='ltr'><strong>sunt</strong></span> <span class='ocrx_word' id='word_1_744' title='bbox 1777 4782 1854 4837; x_wconf 90' lang='lat' dir='ltr'><strong>dii</strong></span> <span class='ocrx_word' id='word_1_745' title='bbox 1877 4783 1980 4849; x_wconf 91' lang='lat' dir='ltr'><strong>tui,</strong></span> 
     </span>
    </p>
   </div>
   <div class='ocr_carea' id='block_1_96' title="bbox 416 4860 2010 4937">
    <p class='ocr_par' dir='ltr' id='par_1_96' title="bbox 416 4860 2010 4937">
     <span class='ocr_line' id='line_1_96' title="bbox 416 4860 2010 4937; baseline 0.008 -21"><span class='ocrx_word' id='word_1_746' title='bbox 416 4860 600 4917; x_wconf 78' lang='lat' dir='ltr'><strong>Israel.</strong></span> <span class='ocrx_word' id='word_1_747' title='bbox 628 4882 646 4914; x_wconf 80' lang='grc' dir='ltr'>ι</span> <span class='ocrx_word' id='word_1_748' title='bbox 676 4862 1038 4920; x_wconf 78' lang='lat' dir='ltr'><strong>Adduxerunt</strong></span> <span class='ocrx_word' id='word_1_749' title='bbox 1082 4875 1267 4921; x_wconf 90' lang='lat' dir='ltr'><strong>autem</strong></span> <span class='ocrx_word' id='word_1_750' title='bbox 1289 4875 1345 4922; x_wconf 92' lang='lat' dir='ltr'><strong>et</strong></span> <span class='ocrx_word' id='word_1_751' title='bbox 1368 4869 1679 4937; x_wconf 86' lang='lat' dir='ltr'><strong>victimam,</strong></span> <span class='ocrx_word' id='word_1_752' title='bbox 1719 4871 2010 4928; x_wconf 88' lang='lat' dir='ltr'><strong>ederunt--</strong></span> 
     </span>
    </p>
   </div>
   <div class='ocr_carea' id='block_1_97' title="bbox 413 4954 1984 5030">
    <p class='ocr_par' dir='ltr' id='par_1_97' title="bbox 413 4954 1984 5030">
     <span class='ocr_line' id='line_1_97' title="bbox 413 4954 1984 5030; baseline 0.008 -23"><span class='ocrx_word' id='word_1_753' title='bbox 413 4967 522 5023; x_wconf 84' lang='lat' dir='ltr'><strong>que</strong></span> <span class='ocrx_word' id='word_1_754' title='bbox 540 4963 596 5009; x_wconf 83' lang='lat' dir='ltr'><strong>et</strong></span> <span class='ocrx_word' id='word_1_755' title='bbox 618 4954 877 5012; x_wconf 81' lang='lat' dir='ltr'><strong>biberunt</strong></span> <span class='ocrx_word' id='word_1_756' title='bbox 897 4998 910 5021; x_wconf 91' lang='lat'><strong>,</strong></span> <span class='ocrx_word' id='word_1_757' title='bbox 937 4964 1197 5030; x_wconf 87' lang='lat' dir='ltr'><strong>tanquam</strong></span> <span class='ocrx_word' id='word_1_758' title='bbox 1224 4958 1280 5013; x_wconf 92' lang='lat' dir='ltr'><strong>in</strong></span> <span class='ocrx_word' id='word_1_759' title='bbox 1305 4959 1394 5015; x_wconf 86' lang='lat' dir='ltr'><strong>die</strong></span> <span class='ocrx_word' id='word_1_760' title='bbox 1416 4959 1577 5027; x_wconf 79' lang='lat' dir='ltr'><strong>festo,</strong></span> <span class='ocrx_word' id='word_1_761' title='bbox 1607 4981 1626 5014; x_wconf 79' lang='grc' dir='ltr'>ι</span> <span class='ocrx_word' id='word_1_762' title='bbox 1643 4971 1700 5019; x_wconf 88' lang='lat' dir='ltr'><strong>et</strong></span> <span class='ocrx_word' id='word_1_763' title='bbox 1724 4979 1984 5019; x_wconf 77' lang='lat' dir='ltr'><strong>surrexe-</strong></span> 
     </span>
    </p>
   </div>
   <div class='ocr_carea' id='block_1_98' title="bbox 414 5046 1983 5120">
    <p class='ocr_par' dir='ltr' id='par_1_98' title="bbox 414 5046 1983 5120">
     <span class='ocr_line' id='line_1_98' title="bbox 414 5046 1983 5120; baseline 0.008 -21"><span class='ocrx_word' id='word_1_764' title='bbox 414 5051 544 5101; x_wconf 86' lang='lat' dir='ltr'><strong>runt</strong></span> <span class='ocrx_word' id='word_1_765' title='bbox 563 5046 631 5101; x_wconf 86' lang='lat' dir='ltr'><strong>ad</strong></span> <span class='ocrx_word' id='word_1_766' title='bbox 653 5046 952 5103; x_wconf 89' lang='lat' dir='ltr'><strong>ludendum</strong></span> <span class='ocrx_word' id='word_1_767' title='bbox 978 5049 1042 5103; x_wconf 79' lang='lat'><strong>&quot;.</strong></span> <span class='ocrx_word' id='word_1_768' title='bbox 1071 5070 1089 5102; x_wconf 73' lang='grc' dir='ltr'>ι</span> <span class='ocrx_word' id='word_1_769' title='bbox 1113 5048 1217 5118; x_wconf 90' lang='lat' dir='ltr'><strong>Qui</strong></span> <span class='ocrx_word' id='word_1_770' title='bbox 1247 5052 1395 5106; x_wconf 89' lang='lat' dir='ltr'><strong>enim</strong></span> <span class='ocrx_word' id='word_1_771' title='bbox 1422 5068 1453 5107; x_wconf 92' lang='lat' dir='ltr'><strong>a</strong></span> <span class='ocrx_word' id='word_1_772' title='bbox 1473 5053 1586 5108; x_wconf 91' lang='lat' dir='ltr'><strong>Deo</strong></span> <span class='ocrx_word' id='word_1_773' title='bbox 1610 5053 1896 5120; x_wconf 81' lang='lat' dir='ltr'><strong>deﬁciunt,</strong></span> <span class='ocrx_word' id='word_1_774' title='bbox 1922 5055 1983 5110; x_wconf 83' lang='lat' dir='ltr'><strong>ﬁt</strong></span> 
     </span>
    </p>
   </div>
   <div class='ocr_carea' id='block_1_99' title="bbox 409 5135 1976 5211">
    <p class='ocr_par' dir='ltr' id='par_1_99' title="bbox 409 5135 1976 5211">
     <span class='ocr_line' id='line_1_99' title="bbox 409 5135 1976 5211; baseline 0.008 -21"><span class='ocrx_word' id='word_1_775' title='bbox 409 5135 671 5205; x_wconf 86' lang='lat' dir='ltr'><strong>continuo</strong></span> <span class='ocrx_word' id='word_1_776' title='bbox 695 5145 757 5192; x_wconf 91' lang='lat' dir='ltr'><strong>ut</strong></span> <span class='ocrx_word' id='word_1_777' title='bbox 775 5137 941 5194; x_wconf 84' lang='lat' dir='ltr'><strong>rebus</strong></span> <span class='ocrx_word' id='word_1_778' title='bbox 965 5140 1277 5197; x_wconf 87' lang='lat' dir='ltr'><strong>carnalibus</strong></span> <span class='ocrx_word' id='word_1_779' title='bbox 1296 5143 1641 5211; x_wconf 88' lang='lat' dir='ltr'><strong>irretiantur,</strong></span> <span class='ocrx_word' id='word_1_780' title='bbox 1659 5154 1716 5202; x_wconf 90' lang='lat' dir='ltr'><strong>et</strong></span> <span class='ocrx_word' id='word_1_781' title='bbox 1738 5146 1976 5202; x_wconf 88' lang='lat' dir='ltr'><strong>immun-</strong></span> 
     </span>
    </p>
   </div>
   <div class='ocr_carea' id='block_1_100' title="bbox 411 5224 1972 5304">
    <p class='ocr_par' dir='ltr' id='par_1_100' title="bbox 411 5224 1972 5304">
     <span class='ocr_line' id='line_1_100' title="bbox 411 5224 1972 5304; baseline 0.009 -26"><span class='ocrx_word' id='word_1_782' title='bbox 411 5224 600 5280; x_wconf 86' lang='lat' dir='ltr'><strong>ditiem</strong></span> <span class='ocrx_word' id='word_1_783' title='bbox 645 5242 746 5298; x_wconf 91' lang='lat' dir='ltr'><strong>pro</strong></span> <span class='ocrx_word' id='word_1_784' title='bbox 777 5227 989 5285; x_wconf 87' lang='lat' dir='ltr'><strong>deliciis</strong></span> <span class='ocrx_word' id='word_1_785' title='bbox 1019 5230 1277 5298; x_wconf 86' lang='lat' dir='ltr'><strong>habeant,</strong></span> <span class='ocrx_word' id='word_1_786' title='bbox 1327 5233 1663 5304; x_wconf 86' lang='lat' dir='ltr'><strong>honestaque</strong></span> <span class='ocrx_word' id='word_1_787' title='bbox 1691 5245 1746 5290; x_wconf 90' lang='lat' dir='ltr'><strong>et</strong></span> <span class='ocrx_word' id='word_1_788' title='bbox 1783 5237 1972 5292; x_wconf 83' lang='lat' dir='ltr'><strong>suavia</strong></span> 
     </span>
    </p>
   </div>
   <div class='ocr_carea' id='block_1_101' title="bbox 408 5315 1968 5394">
    <p class='ocr_par' dir='ltr' id='par_1_101' title="bbox 408 5315 1968 5394">
     <span class='ocr_line' id='line_1_101' title="bbox 408 5315 1968 5394; baseline 0.008 -27"><span class='ocrx_word' id='word_1_789' title='bbox 408 5330 529 5369; x_wconf 86' lang='lat' dir='ltr'><strong>esse</strong></span> <span class='ocrx_word' id='word_1_790' title='bbox 551 5315 756 5374; x_wconf 90' lang='lat' dir='ltr'><strong>ducant</strong></span> <span class='ocrx_word' id='word_1_791' title='bbox 803 5333 868 5373; x_wconf 80' lang='lat' dir='ltr'><strong>ea</strong></span> <span class='ocrx_word' id='word_1_792' title='bbox 914 5318 985 5373; x_wconf 92' lang='lat' dir='ltr'><strong>ob</strong></span> <span class='ocrx_word' id='word_1_793' title='bbox 1032 5336 1153 5390; x_wconf 71' lang='lat' dir='ltr'><strong>qua:</strong></span> <span class='ocrx_word' id='word_1_794' title='bbox 1196 5322 1392 5377; x_wconf 83' lang='lat' dir='ltr'><strong>merito</strong></span> <span class='ocrx_word' id='word_1_795' title='bbox 1442 5323 1630 5394; x_wconf 82' lang='lat' dir='ltr'><strong>lugere</strong></span> <span class='ocrx_word' id='word_1_796' title='bbox 1676 5325 1968 5380; x_wconf 88' lang='lat' dir='ltr'><strong>debebant.</strong></span> 
     </span>
    </p>
   </div>
   <div class='ocr_carea' id='block_1_102' title="bbox 409 5403 1970 5484">
    <p class='ocr_par' dir='ltr' id='par_1_102' title="bbox 409 5403 1970 5484">
     <span class='ocr_line' id='line_1_102' title="bbox 409 5403 1970 5484; baseline 0.01 -28"><span class='ocrx_word' id='word_1_797' title='bbox 409 5403 644 5478; x_wconf 81' lang='lat' dir='ltr'><strong>ideoque</strong></span> <span class='ocrx_word' id='word_1_798' title='bbox 666 5409 831 5464; x_wconf 87' lang='lat' dir='ltr'><strong>etiam</strong></span> <span class='ocrx_word' id='word_1_799' title='bbox 854 5410 917 5464; x_wconf 92' lang='lat' dir='ltr'><strong>D.</strong></span> <span class='ocrx_word' id='word_1_800' title='bbox 952 5411 1152 5468; x_wconf 88' lang='lat' dir='ltr'><strong>Paulus</strong></span> <span class='ocrx_word' id='word_1_801' title='bbox 1177 5422 1389 5484; x_wconf 89' lang='lat' dir='ltr'><strong>turpem</strong></span> <span class='ocrx_word' id='word_1_802' title='bbox 1432 5414 1799 5471; x_wconf 88' lang='lat' dir='ltr'><strong>idololatriam</strong></span> <span class='ocrx_word' id='word_1_803' title='bbox 1825 5417 1970 5472; x_wconf 90' lang='lat' dir='ltr'><strong>inter</strong></span> 
     </span>
    </p>
   </div>
   <div class='ocr_carea' id='block_1_103' title="bbox 2080 4501 3653 4580">
    <p class='ocr_par' dir='ltr' id='par_1_103' title="bbox 2080 4501 3653 4580">
     <span class='ocr_line' id='line_1_103' title="bbox 2080 4501 3653 4580; baseline 0.003 -20"><span class='ocrx_word' id='word_1_804' title='bbox 2080 4509 2143 4561; x_wconf 80' lang='grc' dir='ltr'>τὸ</span> <span class='ocrx_word' id='word_1_805' title='bbox 2166 4508 2435 4579; x_wconf 82' lang='grc' dir='ltr'>εὐήκοον;</span> <span class='ocrx_word' id='word_1_806' title='bbox 2467 4508 2577 4563; x_wconf 74' lang='grc' dir='ltr'>Καὶ</span> <span class='ocrx_word' id='word_1_807' title='bbox 2605 4508 2784 4569; x_wconf 83' lang='grc' dir='ltr'>τοῦτο,</span> <span class='ocrx_word' id='word_1_808' title='bbox 2827 4501 3001 4579; x_wconf 75' lang='grc' dir='ltr'>οἶμαι,</span> <span class='ocrx_word' id='word_1_809' title='bbox 3032 4508 3140 4562; x_wconf 86' lang='grc' dir='ltr'>τῶν</span> <span class='ocrx_word' id='word_1_810' title='bbox 3174 4508 3326 4561; x_wconf 77' lang='grc' dir='ltr'>ὤτων</span> <span class='ocrx_word' id='word_1_811' title='bbox 3364 4511 3394 4563; x_wconf 89' lang='lat'><strong>6</strong></span> <span class='ocrx_word' id='word_1_812' title='bbox 3424 4510 3653 4580; x_wconf 87' lang='grc' dir='ltr'>κόσμος.</span> 
     </span>
    </p>
   </div>
   <div class='ocr_carea' id='block_1_104' title="bbox 2080 4598 3650 4671">
    <p class='ocr_par' dir='ltr' id='par_1_104' title="bbox 2080 4598 3650 4671">
     <span class='ocr_line' id='line_1_104' title="bbox 2080 4598 3650 4671; baseline 0.001 -18"><span class='ocrx_word' id='word_1_813' title='bbox 2080 4598 2189 4653; x_wconf 82' lang='grc' dir='ltr'><strong>Θέα</strong></span> <span class='ocrx_word' id='word_1_814' title='bbox 2216 4600 2296 4662; x_wconf 84' lang='grc' dir='ltr'><strong>δὲ,</strong></span> <span class='ocrx_word' id='word_1_815' title='bbox 2320 4600 2469 4664; x_wconf 81' lang='grc' dir='ltr'>ὅπως</span> <span class='ocrx_word' id='word_1_816' title='bbox 2493 4599 2820 4671; x_wconf 80' lang='grc' dir='ltr'>καταμειδιᾷ</span> <span class='ocrx_word' id='word_1_817' title='bbox 2854 4599 2965 4653; x_wconf 83' lang='grc' dir='ltr'><strong>τῶν</strong></span> <span class='ocrx_word' id='word_1_818' title='bbox 2993 4600 3410 4671; x_wconf 77' lang='grc' dir='ltr'>ἐγχειρημάτων</span> <span class='ocrx_word' id='word_1_819' title='bbox 3444 4603 3475 4655; x_wconf 92' lang='lat'><strong>6</strong></span> <span class='ocrx_word' id='word_1_820' title='bbox 3523 4602 3650 4655; x_wconf 76' lang='grc' dir='ltr'><strong>’Δαο</strong></span> 
     </span>
    </p>
   </div>
   <div class='ocr_carea' id='block_1_105' title="bbox 2084 4689 3649 4761">
    <p class='ocr_par' dir='ltr' id='par_1_105' title="bbox 2084 4689 3649 4761">
     <span class='ocr_line' id='line_1_105' title="bbox 2084 4689 3649 4761; baseline 0.001 -18"><span class='ocrx_word' id='word_1_821' title='bbox 2084 4690 2212 4761; x_wconf 79' lang='grc' dir='ltr'>ρῶν.</span> <span class='ocrx_word' id='word_1_822' title='bbox 2273 4690 2574 4756; x_wconf 80' lang='grc' dir='ltr'>Ἐπιδείξας</span> <span class='ocrx_word' id='word_1_823' title='bbox 2614 4689 2723 4761; x_wconf 83' lang='grc' dir='ltr'><strong>γάρ</strong></span> <span class='ocrx_word' id='word_1_824' title='bbox 2755 4690 2939 4753; x_wconf 78' lang='grc' dir='ltr'>αὐτοῖς</span> <span class='ocrx_word' id='word_1_825' title='bbox 2967 4689 3028 4743; x_wconf 79' lang='grc' dir='ltr'><strong>τὸ</strong></span> <span class='ocrx_word' id='word_1_826' title='bbox 3067 4691 3126 4742; x_wconf 84' lang='grc' dir='ltr'>ὲν</span> <span class='ocrx_word' id='word_1_827' title='bbox 3154 4691 3283 4743; x_wconf 76' lang='grc' dir='ltr'>εἴδει</span> <span class='ocrx_word' id='word_1_828' title='bbox 3317 4691 3519 4761; x_wconf 87' lang='grc' dir='ltr'>μόσχου</span> <span class='ocrx_word' id='word_1_829' title='bbox 3554 4707 3649 4744; x_wconf 67' lang='grc' dir='ltr'>πει</span> 
     </span>
    </p>
   </div>
   <div class='ocr_carea' id='block_1_106' title="bbox 2079 4778 3653 4852">
    <p class='ocr_par' dir='ltr' id='par_1_106' title="bbox 2079 4778 3653 4852">
     <span class='ocr_line' id='line_1_106' title="bbox 2079 4778 3653 4852; baseline 0.001 -18"><span class='ocrx_word' id='word_1_830' title='bbox 2079 4782 2374 4852; x_wconf 85' lang='grc' dir='ltr'>ποιημένον</span> <span class='ocrx_word' id='word_1_831' title='bbox 2404 4780 2653 4850; x_wconf 78' lang='grc' dir='ltr'>ἄγαλμα,</span> <span class='ocrx_word' id='word_1_832' title='bbox 2697 4781 3037 4852; x_wconf 80' lang='grc' dir='ltr'>προσεφώνει</span> <span class='ocrx_word' id='word_1_833' title='bbox 3079 4780 3301 4834; x_wconf 76' lang='grc' dir='ltr'>λοιπόνο</span> <span class='ocrx_word' id='word_1_834' title='bbox 3344 4800 3365 4833; x_wconf 79' lang='grc' dir='ltr'>ι</span> <span class='ocrx_word' id='word_1_835' title='bbox 3405 4778 3567 4837; x_wconf 81' lang='grc' dir='ltr'>Οὗτοι</span> <span class='ocrx_word' id='word_1_836' title='bbox 3597 4782 3653 4836; x_wconf 76' lang='grc' dir='ltr'><strong>οἰ</strong></span> 
     </span>
    </p>
   </div>
   <div class='ocr_carea' id='block_1_107' title="bbox 2080 4869 3644 4943">
    <p class='ocr_par' dir='ltr' id='par_1_107' title="bbox 2080 4869 3644 4943">
     <span class='ocr_line' id='line_1_107' title="bbox 2080 4869 3644 4943; baseline 0.001 -19"><span class='ocrx_word' id='word_1_837' title='bbox 2080 4869 2191 4925; x_wconf 86' lang='grc' dir='ltr'>θεοί</span> <span class='ocrx_word' id='word_1_838' title='bbox 2220 4886 2333 4939; x_wconf 89' lang='grc' dir='ltr'>σου,</span> <span class='ocrx_word' id='word_1_839' title='bbox 2372 4870 2586 4943; x_wconf 82' lang='grc' dir='ltr'>Ἰσραὴλ</span> <span class='ocrx_word' id='word_1_840' title='bbox 2605 4912 2621 4937; x_wconf 91' lang='grc'><strong>,</strong></span> <span class='ocrx_word' id='word_1_841' title='bbox 2649 4870 2843 4933; x_wconf 83' lang='grc' dir='ltr'>οίτινες</span> <span class='ocrx_word' id='word_1_842' title='bbox 2875 4869 3202 4924; x_wconf 79' lang='grc' dir='ltr'>άνεὸίὸασάν</span> <span class='ocrx_word' id='word_1_843' title='bbox 3236 4886 3299 4922; x_wconf 84' lang='grc' dir='ltr'><strong>σε</strong></span> <span class='ocrx_word' id='word_1_844' title='bbox 3330 4872 3394 4924; x_wconf 78' lang='grc' dir='ltr'>ὲκ</span> <span class='ocrx_word' id='word_1_845' title='bbox 3421 4870 3525 4941; x_wconf 80' lang='grc' dir='ltr'>γῆς</span> <span class='ocrx_word' id='word_1_846' title='bbox 3553 4872 3644 4925; x_wconf 78' lang='grc' dir='ltr'>Δί·</span> 
     </span>
    </p>
   </div>
   <div class='ocr_carea' id='block_1_108' title="bbox 2079 4959 3642 5034">
    <p class='ocr_par' dir='ltr' id='par_1_108' title="bbox 2079 4959 3642 5034">
     <span class='ocr_line' id='line_1_108' title="bbox 2079 4959 3642 5034; baseline 0.001 -20"><span class='ocrx_word' id='word_1_847' title='bbox 2079 4961 2304 5031; x_wconf 83' lang='grc' dir='ltr'>γύπτου.</span> <span class='ocrx_word' id='word_1_848' title='bbox 2343 4980 2362 5013; x_wconf 75' lang='grc' dir='ltr'>ι</span> <span class='ocrx_word' id='word_1_849' title='bbox 2405 4960 2543 5014; x_wconf 82' lang='grc' dir='ltr'><strong>Ἀλλ’</strong></span> <span class='ocrx_word' id='word_1_850' title='bbox 2575 4962 2674 5014; x_wconf 76' lang='grc' dir='ltr'><strong>οὐκ</strong></span> <span class='ocrx_word' id='word_1_851' title='bbox 2700 4963 2758 5015; x_wconf 84' lang='grc' dir='ltr'>ὲν</span> <span class='ocrx_word' id='word_1_852' title='bbox 2788 4962 2975 5032; x_wconf 84' lang='grc' dir='ltr'>μόσχῳ</span> <span class='ocrx_word' id='word_1_853' title='bbox 3002 4960 3338 5032; x_wconf 85' lang='grc' dir='ltr'>λελύτρωται</span> <span class='ocrx_word' id='word_1_854' title='bbox 3368 4959 3509 5031; x_wconf 84' lang='grc' dir='ltr'>(πῶς</span> <span class='ocrx_word' id='word_1_855' title='bbox 3538 4962 3642 5034; x_wconf 75' lang='grc' dir='ltr'>γὰρ</span> 
     </span>
    </p>
   </div>
   <div class='ocr_carea' id='block_1_109' title="bbox 2076 5049 3639 5122">
    <p class='ocr_par' dir='ltr' id='par_1_109' title="bbox 2076 5049 3639 5122">
     <span class='ocr_line' id='line_1_109' title="bbox 2076 5049 3639 5122; baseline -0.002 -18"><span class='ocrx_word' id='word_1_856' title='bbox 2076 5052 2110 5122; x_wconf 81' lang='grc' dir='ltr'>ἢ</span> <span class='ocrx_word' id='word_1_857' title='bbox 2147 5051 2353 5121; x_wconf 86' lang='grc' dir='ltr'>πόθεν),</span> <span class='ocrx_word' id='word_1_858' title='bbox 2385 5050 2501 5104; x_wconf 81' lang='grc' dir='ltr'>ἀλλ’</span> <span class='ocrx_word' id='word_1_859' title='bbox 2535 5069 2554 5102; x_wconf 83' lang='grc' dir='ltr'>ι</span> <span class='ocrx_word' id='word_1_860' title='bbox 2594 5052 2652 5104; x_wconf 79' lang='grc' dir='ltr'><strong>έν</strong></span> <span class='ocrx_word' id='word_1_861' title='bbox 2695 5051 2843 5121; x_wconf 79' lang='grc' dir='ltr'>χειρὶ</span> <span class='ocrx_word' id='word_1_862' title='bbox 2885 5051 3144 5121; x_wconf 80' lang='grc' dir='ltr'>κραταιᾷ,</span> <span class='ocrx_word' id='word_1_863' title='bbox 3175 5052 3267 5104; x_wconf 82' lang='grc' dir='ltr'>καὶ</span> <span class='ocrx_word' id='word_1_864' title='bbox 3308 5052 3367 5104; x_wconf 82' lang='grc' dir='ltr'><strong>έν</strong></span> <span class='ocrx_word' id='word_1_865' title='bbox 3399 5049 3639 5121; x_wconf 79' lang='grc' dir='ltr'>βραχίονι</span> 
     </span>
    </p>
   </div>
   <div class='ocr_carea' id='block_1_110' title="bbox 2079 5138 3641 5211">
    <p class='ocr_par' dir='ltr' id='par_1_110' title="bbox 2079 5138 3641 5211">
     <span class='ocr_line' id='line_1_110' title="bbox 2079 5138 3641 5211; baseline -0.002 -16"><span class='ocrx_word' id='word_1_866' title='bbox 2079 5139 2296 5211; x_wconf 78' lang='grc' dir='ltr'>ὑψηλῷ,</span> <span class='ocrx_word' id='word_1_867' title='bbox 2330 5158 2349 5190; x_wconf 72' lang='grc' dir='ltr'>ι</span> <span class='ocrx_word' id='word_1_868' title='bbox 2381 5139 2474 5193; x_wconf 77' lang='grc' dir='ltr'>καὶ</span> <span class='ocrx_word' id='word_1_869' title='bbox 2503 5140 2563 5192; x_wconf 85' lang='grc' dir='ltr'>ὲν</span> <span class='ocrx_word' id='word_1_870' title='bbox 2610 5138 2859 5210; x_wconf 86' lang='grc' dir='ltr'>σημείοις</span> <span class='ocrx_word' id='word_1_871' title='bbox 2906 5140 3002 5192; x_wconf 74' lang='grc' dir='ltr'><strong>καὶ</strong></span> <span class='ocrx_word' id='word_1_872' title='bbox 3044 5139 3284 5209; x_wconf 86' lang='grc' dir='ltr'>τέρασιν.</span> <span class='ocrx_word' id='word_1_873' title='bbox 3319 5138 3531 5193; x_wconf 76' lang='grc' dir='ltr'>Οὐκοῦν</span> <span class='ocrx_word' id='word_1_874' title='bbox 3573 5139 3641 5202; x_wconf 76' lang='grc' dir='ltr'><strong>ὡς</strong></span> 
     </span>
    </p>
   </div>
   <div class='ocr_carea' id='block_1_111' title="bbox 2078 5227 3636 5301">
    <p class='ocr_par' dir='ltr' id='par_1_111' title="bbox 2078 5227 3636 5301">
     <span class='ocr_line' id='line_1_111' title="bbox 2078 5227 3636 5301; baseline -0.001 -18"><span class='ocrx_word' id='word_1_875' title='bbox 2078 5234 2157 5292; x_wconf 86' lang='grc' dir='ltr'><strong>είς</strong></span> <span class='ocrx_word' id='word_1_876' title='bbox 2190 5231 2495 5300; x_wconf 81' lang='grc' dir='ltr'>ἀνάμνησιν</span> <span class='ocrx_word' id='word_1_877' title='bbox 2517 5227 2625 5282; x_wconf 87' lang='grc' dir='ltr'><strong>τῶν</strong></span> <span class='ocrx_word' id='word_1_878' title='bbox 2653 5229 2808 5301; x_wconf 85' lang='grc' dir='ltr'>παρά</span> <span class='ocrx_word' id='word_1_879' title='bbox 2839 5228 2974 5282; x_wconf 87' lang='grc' dir='ltr'>Θεοῦ</span> <span class='ocrx_word' id='word_1_880' title='bbox 3001 5230 3303 5298; x_wconf 85' lang='grc' dir='ltr'>γεγονότων</span> <span class='ocrx_word' id='word_1_881' title='bbox 3323 5270 3339 5294; x_wconf 92' lang='grc'><strong>,</strong></span> <span class='ocrx_word' id='word_1_882' title='bbox 3372 5245 3636 5301; x_wconf 77' lang='grc' dir='ltr'>κατειρωο</span> 
     </span>
    </p>
   </div>
   <div class='ocr_carea' id='block_1_112' title="bbox 2076 5315 3638 5392">
    <p class='ocr_par' dir='ltr' id='par_1_112' title="bbox 2076 5315 3638 5392">
     <span class='ocr_line' id='line_1_112' title="bbox 2076 5315 3638 5392; baseline -0.003 -18"><span class='ocrx_word' id='word_1_883' title='bbox 2076 5321 2288 5374; x_wconf 81' lang='grc' dir='ltr'>νεύεται</span> <span class='ocrx_word' id='word_1_884' title='bbox 2335 5320 2526 5389; x_wconf 83' lang='grc' dir='ltr'>λέγων·</span> <span class='ocrx_word' id='word_1_885' title='bbox 2583 5339 2602 5372; x_wconf 81' lang='grc' dir='ltr'>ι</span> <span class='ocrx_word' id='word_1_886' title='bbox 2657 5315 2816 5374; x_wconf 77' lang='grc' dir='ltr'>Οὗτοι</span> <span class='ocrx_word' id='word_1_887' title='bbox 2871 5321 2920 5373; x_wconf 85' lang='grc' dir='ltr'><strong>οί</strong></span> <span class='ocrx_word' id='word_1_888' title='bbox 2969 5321 3080 5374; x_wconf 85' lang='grc' dir='ltr'>θεοί</span> <span class='ocrx_word' id='word_1_889' title='bbox 3131 5338 3257 5386; x_wconf 89' lang='grc' dir='ltr'>σου,</span> <span class='ocrx_word' id='word_1_890' title='bbox 3324 5320 3559 5392; x_wconf 78' lang='grc' dir='ltr'>Ἰσραήλ.</span> <span class='ocrx_word' id='word_1_891' title='bbox 3620 5338 3638 5369; x_wconf 76' lang='grc' dir='ltr'>ι</span> 
     </span>
    </p>
   </div>
   <div class='ocr_carea' id='block_1_113' title="bbox 2077 5410 3643 5485">
    <p class='ocr_par' dir='ltr' id='par_1_113' title="bbox 2077 5410 3643 5485">
     <span class='ocr_line' id='line_1_113' title="bbox 2077 5410 3643 5485; baseline -0.001 -19"><span class='ocrx_word' id='word_1_892' title='bbox 2077 5411 2359 5485; x_wconf 83' lang='grc' dir='ltr'>Προσῆγεν</span> <span class='ocrx_word' id='word_1_893' title='bbox 2399 5411 2455 5464; x_wconf 86' lang='grc' dir='ltr'>δὲ</span> <span class='ocrx_word' id='word_1_894' title='bbox 2486 5412 2580 5465; x_wconf 76' lang='grc' dir='ltr'>καὶ</span> <span class='ocrx_word' id='word_1_895' title='bbox 2612 5410 2817 5474; x_wconf 82' lang='grc' dir='ltr'>θυσίας·</span> <span class='ocrx_word' id='word_1_896' title='bbox 2851 5411 3053 5481; x_wconf 75' lang='grc' dir='ltr'>ἔφαγον</span> <span class='ocrx_word' id='word_1_897' title='bbox 3097 5411 3155 5465; x_wconf 86' lang='grc' dir='ltr'>δὲ</span> <span class='ocrx_word' id='word_1_898' title='bbox 3194 5412 3284 5465; x_wconf 80' lang='grc' dir='ltr'>καὶ</span> <span class='ocrx_word' id='word_1_899' title='bbox 3318 5412 3643 5466; x_wconf 85' lang='grc' dir='ltr'>πεπώκασιν</span> 
     </span>
    </p>
   </div>
   <div class='ocr_carea' id='block_1_114' title="bbox 480 5594 1995 5673">
    <p class='ocr_par' dir='ltr' id='par_1_114' title="bbox 480 5594 1966 5673">
     <span class='ocr_line' id='line_1_114' title="bbox 480 5594 1966 5673; baseline 0.011 -27"><span class='ocrx_word' id='word_1_900' title='bbox 480 5594 524 5625; x_wconf 75' lang='grc'>⁸³</span> <span class='ocrx_word' id='word_1_901' title='bbox 556 5594 696 5673; x_wconf 64' lang='lat' dir='ltr'><strong>Psal.</strong></span> <span class='ocrx_word' id='word_1_902' title='bbox 720 5613 943 5673; x_wconf 59' lang='lat' dir='ltr'><strong>_t.}_xvn,</strong></span> <span class='ocrx_word' id='word_1_903' title='bbox 971 5599 1043 5673; x_wconf 89' lang='lat'><strong>8._</strong></span> <span class='ocrx_word' id='word_1_904' title='bbox 1099 5602 1140 5633; x_wconf 84' lang='lat'>&quot;</span> <span class='ocrx_word' id='word_1_905' title='bbox 1161 5604 1315 5662; x_wconf 86' lang='lat' dir='ltr'><strong>Deut.</strong></span> <span class='ocrx_word' id='word_1_906' title='bbox 1339 5622 1505 5673; x_wconf 63' lang='grc' dir='ltr'><strong>χχιιι,</strong></span> <span class='ocrx_word' id='word_1_907' title='bbox 1540 5607 1624 5662; x_wconf 81' lang='grc'><strong>18.</strong></span> <span class='ocrx_word' id='word_1_908' title='bbox 1705 5608 1751 5640; x_wconf 83' lang='grc'><strong><em>⁶²</em></strong></span> <span class='ocrx_word' id='word_1_909' title='bbox 1779 5608 1966 5663; x_wconf 84' lang='lat' dir='ltr'><strong>Matth.</strong></span> 
     </span>
    </p>
   </div>
   <div class='ocr_carea' id='block_1_115' title="bbox 2093 5594 3606 5673">
    <p class='ocr_par' dir='ltr' id='par_1_115' title="bbox 2093 5603 3606 5673">
     <span class='ocr_line' id='line_1_115' title="bbox 2093 5603 3606 5673; baseline 0 -12"><span class='ocrx_word' id='word_1_910' title='bbox 2093 5609 2209 5662; x_wconf 63' lang='lat'><strong>,45.</strong></span> <span class='ocrx_word' id='word_1_911' title='bbox 2263 5609 2308 5640; x_wconf 81' lang='lat'><strong>&quot;</strong></span> <span class='ocrx_word' id='word_1_912' title='bbox 2331 5606 2503 5663; x_wconf 84' lang='lat' dir='ltr'><strong>Exod.</strong></span> <span class='ocrx_word' id='word_1_913' title='bbox 2538 5623 2603 5661; x_wconf 73' lang='lat' dir='ltr'><strong>xx</strong></span> <span class='ocrx_word' id='word_1_914' title='bbox 2646 5604 2699 5660; x_wconf 81' lang='lat'><strong>3.</strong></span> <span class='ocrx_word' id='word_1_915' title='bbox 2759 5607 2804 5639; x_wconf 75' lang='lat'><strong>‘“</strong></span> <span class='ocrx_word' id='word_1_916' title='bbox 2842 5608 2981 5664; x_wconf 85' lang='lat' dir='ltr'><strong>Psal.</strong></span> <span class='ocrx_word' id='word_1_917' title='bbox 3018 5622 3208 5673; x_wconf 77' lang='lat' dir='ltr'><strong>cxxxv,</strong></span> <span class='ocrx_word' id='word_1_918' title='bbox 3238 5604 3322 5660; x_wconf 80' lang='lat' dir='ltr'><strong>l2.</strong></span> <span class='ocrx_word' id='word_1_919' title='bbox 3381 5604 3425 5639; x_wconf 85' lang='lat'><strong>“</strong></span> <span class='ocrx_word' id='word_1_920' title='bbox 3458 5603 3606 5661; x_wconf 77' lang='lat' dir='ltr'><strong>Exod</strong></span> 
     </span>
    </p>
   </div>
   <div class='ocr_carea' id='block_1_116' title="bbox 407 5664 1064 5732">
    <p class='ocr_par' dir='ltr' id='par_1_116' title="bbox 407 5664 1064 5732">
     <span class='ocr_line' id='line_1_116' title="bbox 407 5664 1064 5732; baseline 0.005 -15"><span class='ocrx_word' id='word_1_921' title='bbox 407 5677 573 5730; x_wconf 64' lang='lat' dir='ltr'><strong>xxxii,</strong></span> <span class='ocrx_word' id='word_1_922' title='bbox 614 5664 685 5728; x_wconf 82' lang='lat'>6;</span> <span class='ocrx_word' id='word_1_923' title='bbox 720 5665 894 5719; x_wconf 85' lang='lat' dir='ltr'><strong>lCor.</strong></span> <span class='ocrx_word' id='word_1_924' title='bbox 920 5682 974 5732; x_wconf 74' lang='grc' dir='ltr'>ι,</span> <span class='ocrx_word' id='word_1_925' title='bbox 1014 5669 1064 5721; x_wconf 91' lang='lat'><strong>7.</strong></span> 
     </span>
    </p>
   </div>
  </div>
