4066 6282
392 452 489 508 329

1412 453 1932 512 GLAPHYRORUM
1969 454 2036 508 IN
2076 453 2358 510 EXODUM
2400 454 2527 510 LIB.
2571 457 2650 511 III.

3535 454 3637 511 530

392 569 460 637 ὥς
499 572 559 625 ἐν
602 573 792 645 ἑορτῇ,
843 597 861 629 ι
901 577 991 632 καὶ
1039 576 1344 649 ἀνέστησαν
1389 579 1625 642 παίζειν.
1672 599 1690 630 ι
1726 579 1954 647 Ἕψεται

2061 576 2188 630 vitia
2218 577 2457 632 carnalia
2481 579 2732 632 collocat.
2766 599 2784 630 ι
2814 579 3098 634 Manifesta
3139 578 3288 634 enim
3325 585 3484 641 sunt,
3539 576 3636 642 ait,

393 662 495 733 γὰρ
531 663 827 720 ἀποστάσει
863 672 929 740 τῇ
967 669 1115 740 παρὰ
1159 670 1295 724 Θεοῦ
1335 670 1398 723 τὸ
1429 670 1801 740 ἐνδεσμεῖσθαι
1840 671 1954 733 τοῖς

391 757 690 824 σαρκικοῖς,
719 758 812 811 καὶ
841 759 1047 830 τρυφὴν
1074 761 1324 831 ἡγεῖσθαι
1353 761 1452 830 τὴν
1475 761 1838 833 ἀκαθαρσίαν,
1861 761 1956 814 καὶ

392 846 574 917 τέρψιν
605 849 812 903 οἴεσθαι
852 852 1022 921 καλὴν
1061 855 1155 906 καὶ
1183 853 1397 925 ήδείαν,
1429 854 1500 908 τὰ
1525 855 1609 923 ἐφ’
1632 851 1712 918 οἷς
1743 850 1812 926 ἦν
1853 854 1954 908 αύ-

391 938 511 1000 τοὺς
546 939 906 1008 κατοιμώζειν
941 943 1110 1008 ἄξιον.
1155 944 1253 997 Διὰ
1294 943 1454 998 τοῦτο
1490 945 1586 997 καὶ
1620 945 1648 996 ὁ
1689 944 1957 1014 μακάριος

389 1029 614 1095 Παῦλος,
645 1034 760 1094 τοῖς
794 1038 1074 1104 σαρκικοῖς
1108 1036 1452 1106 ἐγκλήμασιν
1500 1035 1813 1107 ἐναρίθμιον
1845 1033 1957 1085 ἐτί-

387 1119 466 1175 θει
498 1121 596 1194 τὴν
646 1123 957 1196 ἀκάθαρτον
991 1127 1456 1201 εἰδωλολατρείανο
1512 1147 1531 1179 ι
1590 1127 1805 1196 Φανερὲι
1849 1125 1958 1196 γάρ

386 1215 500 1269 ἐστι
529 1215 598 1270 τὰ
631 1216 770 1288 ἔργα
800 1216 900 1287 τῆς
929 1219 1153 1290 σαρκὸς,
1185 1218 1344 1273 ἅτινά
1367 1219 1510 1284 ἐστι,
1545 1217 1960 1290 πορνεία,.ἀκα-

385 1309 613 1381 θαρσία,
658 1309 946 1378 ἀσέλγεια,
995 1311 1430 1384 είδωλολατρεία.
1488 1329 1506 1362 ι
1567 1311 1960 1381 Προμνήστρια

385 1403 494 1474 γὰρ
534 1403 631 1456 καὶ
673 1402 784 1455 τῶν
825 1402 903 1455 ἔτι
939 1402 1197 1473 χειρόνων
1225 1407 1258 1474 ὴ
1314 1404 1599 1474 πλάνησιςο
1633 1403 1727 1457 καὶ
1768 1403 1828 1455 τὸ
1858 1402 1962 1468 ἔξω

359 1489 652 1560 ,φέρεσθαι
680 1488 841 1554 Θεοῦ,
883 1493 1060 1544 νοσεῖν
1098 1493 1396 1560 ἀναγκάζει
1427 1493 1496 1546 τὰ
1524 1493 1744 1547 πάντων
1778 1491 1960 1560 αἴσχι-

357 1561 492 1652 Ῐστα
522 1577 632 1630 τῶν
672 1578 878 1633 κακῶν.
909 1580 971 1631 Οἱ
1001 1579 1098 1649 μέν
1129 1579 1237 1650 γὰρ
1274 1581 1546 1650 ἐχόρευον,
1583 1579 1856 1642 ἀνιέντες,
1883 1572 1963 1630 οἷ-

362 1653 494 1739 ζμειί
553 1685 690 1730 που,
733 1670 832 1736 τὰς
875 1669 1216 1736 ἐπιδείπνους
1265 1672 1434 1742 ᾠδὰς,
1479 1671 1716 1743 δρῶντες
1761 1687 1818 1724 τε
1869 1670 1966 1724 καὶ

393 1758 640 1828 λέγοντες
671 1759 707 1814 ἂ
734 1761 843 1814 τῶν
868 1761 1177 1832 μεθυόντων
1217 1765 1362 1817 ἐστὶν
1392 1765 1558 1835 ἐγκλή
1569 1781 1733 1834 ματα.
1777 1764 1964 1832 Ἄγνο-

2055 683 2220 736 opera
2245 667 2449 732 carnis,
2472 684 2596 738 quae
2609 677 2739 724 sunt
2761 670 3044 734 scortatio,
3076 666 3448 731 immunditia,
3471 666 3637 721 lasci-

2055 758 2164 822 via,
2193 757 2504 812 idololatria
2534 760 2598 814 ⁶⁸.
2631 779 2649 812 ι
2679 761 2847 816 Error
2869 761 3015 815 enim
3035 759 3127 814 hic
3149 759 3405 816 conciliat
3428 759 3534 814 alia
3554 756 3638 813 his

2057 851 2333 906 deteriora
2353 893 2368 918 ,
2413 853 2738 923 aversioque
2769 870 2801 908 a
2830 853 2942 909 Deo
2977 853 3044 908 ad
3070 863 3316 908 extrema
3337 852 3483 906 mala
3510 866 3639 922 prec

2058 945 2233 1014 pellit.
2268 945 2556 1001 Ducebant
2602 947 2771 1017 igitur
2815 947 2903 1001 isti
2941 947 3192 1010 choreas,
3219 953 3480 1001 canentes
3504 943 3638 999 odas

2059 1035 2393 1100 convivales,
2420 1051 2595 1105 eaque
2631 1044 2687 1090 et
2718 1035 2980 1091 facientes
3005 1043 3062 1090 et
3100 1036 3368 1100 dicentes,
3395 1049 3518 1106 quae
3551 1047 3638 1088 so—

2060 1126 2176 1180 leut
2195 1125 2448 1180 homines
2471 1125 2634 1181 ebrii.
2671 1127 2867 1181 Divino
2887 1135 3071 1181 autem
3108 1127 3243 1181 Mosi
3281 1127 3482 1181 horum
3506 1123 3638 1179 faci-

2061 1231 2260 1270 norum
2287 1215 2464 1273 inscio
2485 1217 2632 1273 Deus
2662 1218 2937 1288 patefecit,
2966 1220 3041 1274 ita
3077 1219 3268 1274 dicens
3293 1236 3306 1271 :
3343 1237 3361 1269 ι
3389 1217 3538 1273 Vade
3569 1217 3636 1271 il-

2061 1307 2167 1362 lico
2190 1307 2340 1371 hinc,
2365 1318 2420 1364 et
2459 1309 2765 1365 descende:
2813 1312 3049 1382 populus
3083 1312 3231 1366 enim
3274 1320 3434 1374 tuus,
3474 1324 3638 1380 quem

2061 1397 2298 1454 eduxisti
2321 1399 2389 1454 de
2419 1407 2566 1456 terra
2584 1400 2820 1474 Egypti,
2851 1411 2936 1458 est
2957 1401 3367 1473 praevaricatus.
3393 1399 3515 1456 Cito
3546 1399 3638 1454 de-

2063 1491 2407 1548 clinaverunt
2448 1509 2481 1548 a
2521 1494 2608 1548 via
2638 1511 2803 1565 quam
2850 1495 2933 1550 eis
2976 1492 3329 1548 mandavisti.
3368 1492 3637 1546 Fecerunt

2063 1584 2171 1640 sibi
2198 1584 2300 1654 ipsi
2331 1584 2587 1650 vitulum,
2623 1594 2680 1641 et
2708 1586 3080 1641 adoraverunt
3103 1601 3253 1650 eum,
3274 1593 3331 1639 et
3359 1582 3640 1640 sacriﬁca-

2065 1683 2261 1732 verunt
2287 1677 2425 1748 ipsi,
2464 1677 2830 1748 dixeruntque
2858 1697 2871 1730 :
2906 1677 3000 1733 Isti
3032 1687 3162 1733 sunt
3207 1677 3284 1732 dii
3313 1677 3394 1732 tui
3423 1676 3596 1731 Israel
3622 1716 3640 1740 ,

2065 1769 2160 1838 qui
2197 1777 2248 1824 te
2273 1769 2583 1825 eduxerunt
2605 1769 2673 1824 de
2715 1778 2860 1826 terra
2885 1769 3121 1842 Egypti.
3150 1770 3219 1824 Et
3245 1784 3393 1824 nunc
3425 1768 3641 1823 dimitte

397 1851 545 1905 οῦντι
567 1852 624 1906 δέ
643 1853 712 1906 τὰ
737 1854 1116 1925 τετολμημένα
1142 1854 1223 1925 τῷ
1242 1855 1512 1926 θεσπεσίῳ
1534 1858 1702 1927 Μωσῇ
1755 1853 1960 1926 φανερά

2068 1874 2176 1922 me,
2199 1866 2256 1913 et
2279 1859 2455 1916 iratus
2492 1859 2679 1916 furore
2705 1861 2763 1915 in
2787 1876 2885 1916 eos
2911 1859 3108 1915 delebo
3139 1859 3307 1930 ipsos,
3335 1859 3641 1927 faciamque

401 1943 689 2016 καθίστησι
718 1945 872 2012 Θεὸς,
895 1945 1040 2000 οῦτω
1071 1947 1265 2016 λέγων·
1303 1966 1321 1998 ι
1359 1948 1572 2013 Βάδιζε,
1593 1947 1654 2000 τὸ
1687 1949 1844 2018 τάχος
1878 1950 1966 2002 ἐν-

397 2035 590 2090 τεῦθεν
625 2036 918 2108 κατάϐηθισ
949 2038 1196 2108 ὴνόμησε
1234 2038 1341 2109 γὰρ
1368 2039 1396 2091 ό
1435 2038 1580 2103 λαὸς,
1613 2039 1670 2092 ὃν
1703 2039 1966 2110 ἐξήγαγες

392 2127 458 2179 ἐκ
489 2127 594 2196 γῆς
638 2128 942 2196 Αἰγύπτου.
981 2129 1310 2200 Παρέϐησαν
1345 2132 1482 2201 ταχὺ
1525 2132 1588 2184 ἐκ
1615 2131 1712 2200 τῆς
1751 2131 1868 2185 ὀδοῦ
1898 2126 1966 2203 ἧς

389 2217 640 2271 ἐνετείλω
694 2219 902 2302 αὐτοῖς,
967 2220 1260 2289 Ἐποίησαν
1318 2221 1528 2285 ἑαυτοῖς
1583 2223 1814 2294 μόσχον,
1869 2224 1966 2277 καὶ

389 2309 809 2380 προσεκύνησαν
837 2310 1006 2382 αὐτῷ,
1027 2311 1123 2365 καὶ
1149 2311 1440 2368 τεθύκασιν
1467 2315 1636 2385 αύτῷ,
1656 2315 1750 2368 καὶ
1779 2310 1961 2369 εἶπαν·

388 2395 548 2455 Οὗτοι
579 2403 628 2454 oi
667 2400 780 2454 θεοί
825 2418 956 2468 σου,
999 2401 1234 2474 Ἰσραὴλ,
1283 2404 1478 2468 οἵτινες
1519 2406 1853 2460 ἀνεϐίϐασαν
1900 2423 1962 2459 σε

387 2495 452 2548 ὲκ
480 2493 584 2564 γῆς
613 2493 916 2562 Αἰγύπτου.
943 2494 1056 2550 Kal
1095 2494 1192 2548 νῦν
1237 2495 1396 2551 ἔασόν
1427 2515 1526 2568 με,
1559 2499 1657 2553 καὶ
1689 2499 1966 2569 Θυμωθεὶς

386 2584 524 2656 ὀργῇ
585 2585 666 2648 εἰς
715 2585 950 2654 αὐτοὺς,
1011 2586 1252 2657 ἐκτρίιίιω
1314 2588 1545 2654 αὐτοὺς,
1595 2590 1693 2642 καὶ
1753 2591 1966 2660 ποιήσω

389 2693 446 2730 σε
504 2679 586 2740 είς
620 2675 770 2738 ἔθνος
821 2677 981 2747 μέγα.
1021 2678 1132 2732 Καὶ
1195 2679 1391 2750 ἐδεήθη
1451 2681 1659 2752 Μωσῆς
1723 2680 1964 2734 ἐναντίον

387 2767 593 2838 Κυρίου
630 2767 722 2821 τοῦ
765 2769 900 2821 Θεοῦ
940 2766 1124 2822 αὑτοῦ.
1175 2788 1194 2821 ι
1245 2769 1492 2834 Ἀκούεις
1537 2772 1683 2834 ὅπως
1727 2771 1964 2841 ἐλαφρὸν

386 2860 480 2914 καὶ
513 2860 896 2933 εὐπαράιρορον
937 2862 1173 2916 δντατὸν
1213 2861 1462 2933 Ἰσραὴλ,
1508 2861 1604 2915 καὶ
1651 2862 1784 2915 πολὺ
1841 2861 1964 2915 λίαν

386 2949 592 3020 εὐπετῆ
637 2953 716 3014 εἰς
767 2951 1098 3018 ἀπόστασιν;
1139 2949 1275 3004 Οὐδὲ
1324 2949 1455 3002 λαὸν
1512 2968 1532 3000 ‹
1589 2948 1718 3002 ἴδιον
1773 2968 1792 3002 ι
1849 2951 1966 3002 ὀνο.

391 3044 584 3113 μάζειν
613 3043 782 3108 ἀξιοῖ*
821 3045 958 3099 ἀλλά
1007 3044 1189 3098 καίτοι
1235 3042 1614 3114 διορισάμενος
1667 3041 1759 3095 τὸν
1803 3042 1965 3112 νόμον

388 3137 568 3202 αὐτὸς,
589 3138 778 3190 Μωσεῖ
797 3139 858 3191 τὸ
881 3138 1074 3210 χρῆμα
1096 3135 1417 3208 προσνέμει.
1440 3153 1458 3188 t
1490 3135 1816 3207 Παρέϐησαν
1833 3135 1961 3208 γὰρ,

2067 1959 2120 2005 te
2156 1951 2211 2004 in
2240 1960 2457 2020 gentem
2506 1967 2778 2023 magnam.
2803 1952 2872 2008 Et
2911 1953 3090 2008 oravit
3112 1951 3288 2007 Moses
3317 1966 3505 2006 coram
3531 1950 3640 2005 Do-

2067 2039 2216 2092 mino
2247 2039 2360 2094 Deo
2377 2040 2442 2092 ‘7.
2491 2059 2508 2092 ι
2544 2040 2787 2096 Audisne
2824 2056 2988 2110 quam
3022 2040 3183 2111 337
3219 2040 3357 2096 levis
3382 2049 3438 2096 et
3468 2047 3641 2095 teme-

2067 2129 2246 2184 rarius
2267 2131 2338 2186 sit
2361 2131 2547 2197 Israel,
2573 2140 2630 2188 et
2654 2133 2814 2188 valde
2841 2132 2910 2188 ad
2941 2131 3308 2189 defectionem
3340 2131 3642 2206 proclivis?

2065 2221 2302 2292 Ideoque
2349 2222 2608 2293 dignatur
2654 2224 2918 2294 populum
2971 2243 2990 2276 ι
3038 2239 3199 2280 suum
3241 2243 3260 2274 ι
3302 2239 3400 2279 eos
3444 2237 3642 2278 vocare

2064 2313 2246 2368 Deus:
2276 2321 2331 2369 et
2357 2314 2486 2369 licet
2513 2315 2626 2386 ipse
2661 2315 2836 2386 legem
2861 2317 3068 2382 tulerit,
3101 2333 3165 2373 ac
3203 2315 3640 2387 praescripserit,

2065 2411 2249 2459 tamen
2282 2405 2336 2459 id
2369 2406 2498 2461 Mosi
2529 2408 2770 2478 assignat
2811 2415 2866 2462 et
2896 2408 3112 2463 tribuit.
3141 2408 3231 2464 Ait
3259 2408 3406 2464 enim
3433 2425 3446 2460 :
3478 2426 3496 2458 ι
3533 2405 3642 2461 De-

2065 2495 2409 2552 elinaverunt
2461 2500 2750 2554 confestim
2799 2500 2868 2556 de
2905 2501 3015 2566 via,
3067 2516 3232 2571 quam
3278 2509 3337 2556 tu
3370 2497 3644 2555 mandasti

2063 2591 2146 2647 eis
2170 2591 2235 2646 ‘3.
2275 2609 2292 2640 ι
2316 2591 2456 2646 IIinc
2485 2600 2538 2646 et
2562 2592 2816 2648 Christus
2841 2593 2939 2658 ait,
2962 2593 3204 2664 judicem
3232 2594 3322 2658 iis,
3355 2593 3450 2662 qui
3470 2591 3642 2662 aequi-

2066 2690 2232 2737 tatem
2287 2691 2673 2750 aspernantur,
2715 2699 2779 2738 ac
2824 2682 3072 2738 ﬁctitiam
3117 2683 3404 2736 veritatem
3441 2697 3554 2751 pra:
3584 2696 3643 2736 se

2063 2770 2270 2832 ferunt,
2297 2781 2354 2825 et
2378 2771 2444 2825 de
2473 2772 2633 2826 bonis
2665 2773 2927 2842 operibus
2949 2771 3274 2841 przestandis
3299 2785 3492 2840 parum
3516 2779 3641 2826 sunt

2065 2861 2310 2926 solliciti,
2345 2863 2414 2915 ad
2432 2862 2670 2916 tribunal
2703 2862 2800 2917 Dei
2821 2862 3097 2916 dicturum
3121 2877 3241 2916 esse
3271 2878 3282 2913 :
3321 2880 3339 2910 ι
3371 2860 3642 2916 Discedite

2065 2967 2096 3006 a
2127 2967 2234 3016 me,
2259 2952 2353 3022 qui
2387 2953 2692 3022 operamini
2721 2953 3100 3022 iniquitatem;
3126 2967 3236 3007 non
3264 2954 3390 3008 novi
3411 2968 3511 3008 vos
3527 2955 3593 3008 ".
3618 2973 3636 3004 ι

2065 3042 2179 3098 Deo
2204 3042 2370 3113 igitur
2403 3044 2516 3098 noti
2561 3051 2710 3109 sunt,
2739 3059 3014 3114 verusque
3049 3043 3224 3114 ipsius
3254 3059 3319 3098 ac
3349 3043 3643 3113 peculiaris

2065 3135 2334 3206 populus,
2369 3135 2463 3205 qui
2489 3135 2839 3190 indivulsain
2862 3135 3039 3206 ipsum
3061 3135 3357 3192 dilectione
3391 3137 3642 3208 ﬂagrant,

389 3229 544 3300 φησὶ,
569 3229 706 3300 ταχὺ
735 3231 798 3283 ἐκ
819 3230 919 3298 τῆς
952 3226 1071 3280 ὁδοῦ
1101 3221 1167 3298 ἧς
1184 3227 1434 3281 ἐνετείλω
1461 3225 1660 3290 αὐτοῖς.
1706 3247 1724 3280 ι
1762 3228 1960 3300 Ταύτῃ-

2065 3228 2418 3282 etsincerum
2449 3226 2575 3282 ﬁdei
2595 3227 2888 3284 candorem
2917 3237 3164 3294 tuentur,
3199 3236 3362 3298 atque
3387 3229 3452 3283 ad
3481 3242 3643 3283 omne

389 3337 470 3373 τοι
499 3320 594 3373 καὶ
622 3321 650 3372 ό
683 3321 917 3391 Χριστὸς
947 3321 1060 3382 τοῖς
1089 3319 1160 3373 τὰ
1191 3318 1284 3373 ίσα
1323 3319 1705 3392 πεφροντικόσι,
1741 3321 1836 3374 καὶ
1864 3320 1964 3390 τῆς

389 3412 643 3474 ἀσεϐείας
666 3411 764 3481 τὴν
789 3413 1008 3482 δόκησιν
1038 3410 1558 3481 ὑποπλαττομένοις,
1601 3411 1964 3482 ἀγαθουργείν

387 3495 443 3556 δέ
479 3504 602 3558 κατ’
644 3503 906 3574 ἀλήθειαν
943 3505 1002 3558 οῦ
1043 3503 1496 3574 μεμελετηκόσιν,
1537 3505 1632 3558 ἐπὶ
1679 3503 1772 3558 τοῦ
1814 3505 1962 3558 θείου

389 3594 632 3666 βήματος
683 3597 830 3666 ἐρεῖν
875 3593 980 3666 ἔφη
1028 3595 1120 3648 τὸν
1157 3597 1396 3666 Κριτήν·
1453 3615 1471 3648 ι
1533 3596 1828 3668 Ἀπόστητε
1866 3596 1960 3649 ἀπ’

385 3687 542 3756 ἐμοῦ,
583 3687 815 3758 ἐργάται
857 3687 1107 3758 ἀνομίας,
1146 3687 1246 3739 οὐκ
1291 3683 1406 3741 οἶδα
1451 3689 1617 3756 ὑμᾶς.
1668 3707 1686 3740 ι
1752 3688 1962 3742 οὐκοῦν

382 3776 503 3848 Θεῷ
533 3775 822 3847 γνώριμοι,
853 3777 947 3829 καὶ
991 3776 1118 3840 λαὸς
1167 3776 1332 3830 αὑτοῦ
1365 3776 1505 3830 κατά
1551 3777 1809 3848 ἀλήθειαν
1852 3775 1962 3832 εἷεν

381 3867 468 3931 ἂν,
496 3871 546 3922 oi
585 3869 686 3938 τῆς
713 3869 792 3932 είς
827 3867 988 3922 αὐτὸν
1011 3868 1232 3938 ἀγάπης
1265 3868 1648 3932 ἀδιασπάστως
1690 3869 1960 3941 ἐχόμενοι,

383 3962 480 4016 καὶ
501 3964 562 4016 τὸ
589 3965 647 4016 ἐν
681 3961 864 4025 πίστει
903 3963 1128 4031 γνήσιον
1167 3959 1568 4026 ἀποσώζοντες,
1620 3963 1716 4022 καὶ
1747 3963 1962 4033 ἐρηρει-

384 4054 576 4125 σμένοι
609 4054 746 4126 πρὸς
781 4051 1174 4124 ἀγαθουργίαν,
1222 4053 1318 4106 καὶ
1351 4051 1420 4106 τά
1457 4053 1522 4106 ἐκ
1562 4053 1661 4130 τῆς
1695 4049 1978 4123 ἐλαφρίαξ

379 4146 708 4216 ἐγκλήματα
749 4144 1188 4216 παρωθούμενοι.
1247 4143 1392 4214 Πλὴν
1434 4143 1682 4214 ἐλιπάρει
1732 4145 1960 4216 Μωσῆς,

377 4240 478 4293 καὶ
507 4239 914 4293 ἀνακόπτεσθαι
953 4239 1052 4310 τὴν
1077 4237 1249 4310 ὀργὴν
1274 4238 1371 4310 τὴν
1393 4238 1530 4291 κατά
1550 4239 1764 4292 πάντων
1783 4238 1956 4308 ἠξίου.

381 4331 536 4385 Ἔδει
561 4331 693 4402 γὰρ,
726 4331 833 4384 ἔδει
861 4332 952 4384 τὸν
982 4330 1335 4401 μεσιτεύὸντα
1377 4329 1660 4400 μιμεῖσθαι
1701 4329 1958 4402 Χριστὸν,

373 4423 439 4484 ὃς
461 4423 561 4492 τήν
607 4420 814 4476 ἀνωθεν
863 4421 948 4489 ἐφ’
997 4421 1145 4491 ἡμᾶς
1191 4415 1357 4474 οὖσαν
1404 4421 1574 4491 ὀργὴν
1619 4419 1708 4474 διὰ
1760 4419 1960 4492 πολλὴν

378 4513 658 4584 ἁμαρτίαν
686 4512 1048 4582 ἀπεσόδησεν,
1073 4511 1148 4575 ὡς
1168 4511 1297 4576 Υἱὸς
1328 4513 1428 4584 τὴν
1451 4515 1506 4566 ἐν
1535 4511 1715 4566 πίστει
1733 4513 1956 4566 δικαίω-

2067 3335 2206 3388 opus
2238 3320 2444 3374 bonum
2476 3321 2782 3376 confirmati
2815 3331 2964 3386 sunt,
3001 3320 3351 3391 levitatisque
3371 3321 3642 3375 etineon-

2065 3412 2278 3467 stantia:
2299 3412 2507 3468 crimen
2537 3413 2852 3484 promiscue
2887 3430 2916 3468 a
2953 3429 3012 3470 se
3039 3413 3332 3484 repellunt.
3372 3411 3642 3468 Caeterum

2061 3503 2242 3559 Moses
2278 3505 2501 3569 orabat,
2555 3514 2612 3561 et
2651 3506 2790 3560 iram
2815 3522 2936 3576 qua:
2984 3505 3038 3560 in
3073 3520 3266 3561 omnes
3313 3514 3595 3560 exarserat
3623 3544 3639 3570 ,

2062 3609 2316 3648 amovere
2349 3593 2622 3650 studebat.
2649 3593 2950 3665 Oportebat
2977 3595 3157 3660 enim,
3191 3595 3501 3664 Oportebat,
3555 3593 3640 3646 in-

2061 3701 2267 3755 quam,
2315 3686 2481 3741 etiam
2516 3687 2665 3741 hunc
2714 3687 3071 3742 mediatorem
3114 3685 3318 3740 imitari
3361 3683 3639 3736 Christum

2061 3791 2254 3829 verum
2294 3776 2674 3841 mediatorem,
2702 3777 2793 3844 qui
2821 3777 2956 3830 iram
2989 3775 3210 3830 cmlitus
3235 3773 3640 3842 nobisimpem

2062 3865 2282 3920 dentem
2317 3876 2541 3936 pr0pter
2579 3865 2865 3934 multiplex
2910 3872 3234 3934 peccatum,
3281 3870 3435 3916 arcet
3476 3857 3647 3932 atqui

2062 3957 2367 4025 propulsat,
2399 3967 2656 4025 tanquam
2687 3955 2878 4018 Filius,
2916 3969 3044 4008 cum
3067 3953 3135 4008 iis
3167 3953 3260 4022 qui
3282 3962 3640 4022 peccaverant

2061 4043 2398 4114 gratiﬁcetur
2421 4043 2870 4114 justillcationem
2898 4041 2952 4096 in
2969 4042 3096 4098 fide.
3119 4043 3262 4114 Ergo
3280 4043 3445 4098 etiam
3465 4043 3517 4097 in
3537 4042 3640 4100 hoc

2063 4150 2255 4189 rursus
2277 4135 2497 4190 divinus
2526 4135 2724 4201 Moses,
2745 4135 2873 4206 quia
2891 4135 3006 4190 suis
3025 4135 3286 4206 precibus
3307 4134 3402 4190 irae
3431 4135 3640 4190 severi-

2064 4233 2227 4280 tatem
2252 4225 2541 4296 mitigavit,
2567 4234 2726 4298 typus
2751 4234 2834 4281 est
2867 4227 3362 4292 reconciliationis,
3391 4243 3514 4297 qua:
3539 4241 3640 4299 per

2059 4317 2342 4372 Christum
2405 4318 2691 4390 contingit.
2749 4319 2957 4376 Deinde
3027 4336 3160 4375 vero
3221 4320 3511 4376 descendit
3571 4321 3638 4376 de

2061 4414 2285 4473 monte;
2320 4407 2413 4462 ubi
2449 4417 2632 4463 autem
2662 4410 2874 4464 audivit
2925 4411 3224 4474 saltantes,
3277 4420 3330 4465 et
3358 4412 3637 4466 ebriorum

2062 4516 2224 4556 voces
2244 4501 2485 4564 auribus
2512 4502 2744 4572 accepit,
2781 4503 3048 4574 confregit
3087 4507 3322 4569 tabulas,
3359 4504 3416 4558 in
3439 4505 3638 4574 quibus

373 4623 468 4660 σιν
487 4607 599 4668 τοῖς
625 4605 975 4678 ἡμαρτηκόσι
999 4604 1170 4674 δωροῦ
1181 4622 1360 4674 μενος.
1399 4606 1442 4657 Τ
1449 4605 1581 4668 ύπος
1603 4603 1696 4659 οὖν
1723 4605 1830 4677 ἄρα
1862 4606 1958 4674 τῆς

2065 4593 2212 4663 leges
2230 4603 2390 4648 erant
2420 4593 2667 4664 sculptae,
2701 4609 2879 4664 neque
2903 4595 3140 4665 amplius
3167 4612 3262 4651 eos
3293 4597 3638 4650 institutione

371 4699 468 4750 διὰ
513 4695 752 4768 Χριστοῦ
800 4695 1098 4767 μεσιτείας,
1153 4695 1436 4749 καὶτοῦτο
1479 4696 1544 4766 δὴ
1584 4695 1766 4750 πάλιν.
1795 4696 1904 4749 Καὶ
1931 4697 1960 4748 ό

373 4787 484 4860 μὲν
518 4787 807 4851 θεσπέσιος
845 4787 1052 4856 Μωσῆς
1083 4790 1204 4851 ταῖς
1235 4789 1466 4850 ἱκεσίαις
1498 4789 1710 4859 ἀποστᾷ
1749 4789 1807 4842 τὸ
1834 4789 1960 4842 ἀπό·

365 4899 545 4952 τομον
566 4880 666 4952 τῆς
679 4881 848 4952 ὀργῆς
869 4897 880 4910 ·
904 4877 1022 4934 εἶτα
1047 4881 1290 4934 κάτεισιν
1312 4883 1374 4934 ἐκ
1397 4882 1488 4934 τοῦ
1505 4881 1662 4952 ὅρους
1687 4922 1704 4938 .
1740 4882 1959 4954 Ἐπειδὴ

364 4974 432 5027 δὲ
455 4973 794 5044 χορευόντων
833 4973 1082 5036 ἐπύθετο,
1117 4974 1211 5026 καὶ
1249 4973 1346 5036 τὰς
1395 4973 1500 5027 τῶν
1531 4974 1842 5044 μεθυόντων
1879 4977 1960 5039 είς

367 5059 470 5125 οὖς
493 5063 712 5132 ἐδέχετο
735 5061 940 5130 φωνὰς,
978 5063 1388 5132 καταρρήγνυσι
1418 5061 1516 5125 τὰς
1551 5062 1764 5126 πλάκας
1807 5065 1958 5129 ἐγκε·

364 5153 740 5224 κολαμμὲνων
769 5153 954 5215 αὐτοῖς
985 5153 1095 5205 τῶν
1121 5153 1318 5222 νόμων,
1362 5153 1544 5204 οὐκέτι
1579 5153 1958 5221 παιδαγωγίας

364 5246 547 5310 ἀξιῶν
580 5246 656 5309 ὡς
691 5246 932 5308 ἀπειθεῖς
958 5244 1050 5298 καὶ
1074 5242 1466 5312 ἀγνώμονας,ἢ
1503 5241 1956 5312 ὀλιγογνὼμονας,

360 5341 475 5394 καὶ
527 5339 724 5410 κομιδῇ
775 5340 874 5410 μὲν
927 5337 1283 5407 εύπάροιστον
1331 5337 1414 5404 ἐφ’
1471 5335 1506 5388 ἃ
1559 5335 1632 5406 μὴ
1683 5336 1958 5406 προσῆκεν

361 5432 602 5499 ἔχοντας
627 5430 772 5494 νοῦν,
800 5432 1021 5500 ταχεῖαν
1044 5429 1099 5480 δέ
1121 5427 1264 5480 οὕτω
1279 5427 1376 5496 τὴν
1402 5427 1702 5480 ἀπόστασιν
1727 5442 1956 5494 7:37.011;-

364 5519 597 5591 μένους.
643 5521 858 5592 Ἐπειδὴ
882 5521 936 5572 δὲ
963 5515 1095 5590 ἧκεν
1135 5520 1214 5582 είς
1239 5520 1334 5588 τὴν
1371 5519 1708 5587 συναγωγὴν,
1745 5517 1957 5588 συντρί-

358 5615 466 5664 6ει
508 5611 600 5664 τὸν
643 5612 861 5682 μόσχον.
913 5607 1042 5663 Εἶτα
1084 5611 1290 5672 καθιεὶς
1333 5611 1412 5672 εἰς
1457 5608 1620 5678 ὕδωρ,
1664 5611 1954 5661 πεπότικεν

356 5703 532 5765 αὐτὸ,
565 5703 719 5772 φησὶ,
757 5703 880 5764 τοὺς
916 5702 1062 5765 υἱοὺς
1115 5701 1360 5771 Ἰσραήλ·
1403 5701 1683 5770 μονονουχὶ
1713 5699 1801 5752 διὰ
1832 5700 1953 5752 τούς

457 5874 502 5906 ⁸⁸
534 5879 707 5934 Galat.
746 5897 796 5946 ι’,
844 5881 922 5935 19.
1002 5881 1041 5907 ⁸⁷
1081 5879 1248 5932 Exod.
1297 5897 1458 5947 χχχιι,
1511 5881 1656 5934 7-H.

2057 4686 2386 4759 dignabatur
2423 4697 2681 4758 tanquam
2727 4688 3145 4757 inobedientes,
3177 4690 3426 4754 desides,
3466 4689 3637 4760 stupi-

2057 4778 2236 4849 doque
2271 4779 2489 4850 ingenio
2521 4781 2801 4851 praeditos,
2826 4791 2880 4838 et
2913 4782 3003 4836 vix
3028 4791 3208 4852 aptant
3235 4781 3302 4836 ad
3335 4797 3456 4850 quae
3477 4797 3636 4851 opor-

2056 4881 2216 4936 teret,
2244 4884 2482 4929 mentem
2504 4874 2785 4938 trahentes,
2815 4875 2984 4944 utqui
3009 4875 3146 4929 adeo
3169 4855 3479 4942 praecipites
3510 4890 3637 4928 rue-

2059 4974 2184 5020 rent
2220 4965 2288 5020 ad
2335 4965 2718 5022 defectionem.
2754 4968 3116 5034 Posteaquam
3167 4973 3351 5018 autem
3390 4965 3540 5020 venit
3571 4965 3636 5018 ad

2057 5057 2572 5126 congregationem,
2627 5058 2864 5113 conterit
2897 5056 3148 5110 vitulum.
3211 5054 3330 5122 Quo
3374 5057 3542 5111 misso
3581 5057 3636 5110 in

2057 5163 2252 5218 aquam
2286 5152 2495 5219 potavit
2523 5168 2588 5207 ex
2623 5167 2685 5206 ea
2732 5151 2874 5205 lilios
2903 5150 3102 5215 Israel;
3147 5164 3246 5217 per
3273 5151 3390 5206 hazc
3426 5151 3539 5219 ipsa
3573 5153 3645 5205 εἰ·
3673 5142 3682 5170 ³

2057 5241 2323 5310 gniﬁcans
2348 5244 2506 5310 quod
2529 5244 2587 5296 in
2629 5243 2870 5312 ipsorum
2900 5241 3216 5300 nrzccordiis
3252 5250 3308 5296 et
3333 5243 3636 5298 visceribus

2059 5331 2322 5386 inhrereat
2360 5333 2628 5401 impietas.
2667 5334 2937 5388 Przeterca
2969 5333 3133 5386 etiam
3161 5333 3266 5388 hoc
3303 5333 3636 5405 significasse

2063 5423 2322 5487 arbitror,
2366 5425 2512 5492 quod
2545 5440 2640 5478 eor
2671 5425 2934 5480 scelerata
2977 5433 3140 5494 atque
3167 5427 3488 5482 exsecrabili
3518 5429 3637 5484 itio—

2063 5515 2277 5569 lolatria
2321 5516 2555 5570 habeant
2588 5515 2870 5570 refertum.
2897 5515 3222 5572 Convocatis
3239 5528 3421 5572 autem
3449 5520 3636 5576 electi:

2063 5608 2322 5677 prasccpit
2378 5615 2435 5661 ut
2493 5608 2764 5678 przeeipua
2823 5610 3003 5680 capita
3052 5610 3480 5680 occidant,qn:e
3517 5613 3635 5666 aliis

2064 5714 2224 5752 causa
2249 5697 2471 5752 fuerunt
2497 5707 2551 5751 et
2587 5709 2838 5754 auctores
2861 5699 3024 5772 hujus
3052 5701 3295 5766 sceleris,
3320 5719 3491 5770 ιιυιμιι·
3515 5719 3629 5771 par-

1737 5883 1779 5913 "
1814 5882 1952 5936 Psal.
1994 5899 2065 5943 γι,
2093 5883 2142 5935 9.
2225 5885 2266 5914 "
2310 5883 2494 5938 Matth.
2539 5899 2626 5948 vn,
2655 5885 2742 5939 25.
