4066 6282
402 504 494 560 Vl

402 544 467 560 1-1

399 544 467 560 CIII

1424 489 1477 544 S.
1519 489 1797 547 CYRILLI
1835 490 2305 547 ALEXANDRINI
2350 478 2666 543 ARCHIEP.
3556 468 3659 525 Ξὖὲ

396 629 525 674 eant
561 616 647 669 vel
682 612 873 676 fratri,
907 611 994 665 vel
1025 609 1228 673 vicino,
1258 607 1346 662 vel
1376 606 1653 661 familiari.
1696 606 1875 676 Atque
1905 604 1980 657 ita
2012 657 2014 665 Α

2118 620 2176 656 ου
2200 599 2499 672 σημαίνων,
2535 592 2727 649 ὃτικαὶ
2756 587 2933 645 αὐτῶν
2962 583 3182 657 ἠπάτων
3207 578 3303 633 καὶ
3337 574 3662 644 σπλάγχνων

396 708 717 766 ceciderunt
754 702 946 773 viginti
992 701 1094 755 tria
1135 700 1326 754 millia.
1370 699 1665 768 Postquam
1693 711 1828 752 vero
1856 712 1975 751 mo-

395 804 614 858 deratas
646 798 713 852 ab
766 797 835 850 iis
878 795 972 865 qui
1006 793 1143 848 adeo
1182 793 1445 848 scelerate
1489 799 1753 862 egerant,
1789 804 1978 859 pinnas

397 891 651 961 sumpsit,
683 886 981 942 revertitur
1012 885 1081 939 ad
1110 886 1310 950 Deum,
1345 883 1510 955 338
1537 892 1592 938 et
1619 897 1718 953 pro
1740 882 1862 937 aliis
1893 881 1981 934 in-

401 980 650 1037 tercedit.
678 979 835 1033 Tunc
873 992 1004 1032 sane
1035 976 1087 1032 ei
1122 976 1266 1031 Deus
1290 974 1381 1028 vix
1412 974 1625 1039 annuit,
1656 972 1979 1026 adfuturum

397 1077 481 1131 eis
508 1074 720 1138 dicens,
755 1089 866 1129 non
896 1071 1119 1143 quidem
1147 1070 1387 1139 seipsum
1408 1107 1422 1133 ,
1469 1066 1565 1122 sed
1594 1066 1779 1136 potius
1819 1081 1984 1135 ange-

399 1168 515 1222 lum
549 1166 864 1237 quempiam
898 1162 1186 1235 praesidem
1214 1169 1270 1215 et
1304 1160 1498 1216 ducem
1528 1158 1743 1213 itineris
1767 1173 1824 1212 se
1847 1157 1979 1211 mis-

405 1273 617 1311 surum.
654 1255 856 1310 Adhaec
891 1254 1057 1325 igitur
1100 1250 1336 1321 populus
1369 1248 1590 1319 quidem
1617 1246 1877 1317 lugebat;
1930 1251 1985 1297 at

402 1348 551 1402 Deus
571 1345 829 1416 praecepit
848 1342 1053 1397 auferri
1076 1341 1145 1395 ab
1177 1340 1258 1395 eis
1284 1338 1634 1401 vestimenta,
1654 1348 1985 1403 omnemque

404 1446 660 1493 ornatum
682 1477 696 1501 ,
722 1445 887 1506 atque
918 1436 991 1489 ita
1022 1432 1263 1489 demisso
1296 1432 1452 1486 vultu
1483 1429 1673 1485 tristes
1706 1426 1982 1482 incedere.

405 1529 525 1597 Quo
551 1530 773 1600 quidem
816 1527 884 1583 ad
909 1526 1069 1581 ﬁnem
1100 1525 1390 1595 perducto,
1430 1522 1694 1579 scribitur
1726 1519 1988 1587 deinceps

406 1623 593 1679 Mosen
631 1630 917 1692 acceptum
958 1617 1258 1675 tentorium
1308 1631 1470 1671 suum
1500 1614 1680 1668 ﬁxisse
1716 1621 1869 1666 extra
1901 1626 1990 1663 ca-

411 1725 524 1771 stra
566 1730 778 1771 eorum.
830 1714 957 1768 Hice
982 1712 1227 1766 breviter
1254 1708 1323 1764 de
1356 1706 1605 1761 historia:
1640 1704 1813 1774 ipsius
1845 1700 1989 1755 serie

412 1810 557 1865 dicta
588 1809 717 1864 sint.
756 1805 1115 1875 Reperiemus
1141 1810 1324 1856 autem
1348 1814 1444 1855 eos
1465 1797 1559 1868 qui
1581 1813 1647 1851 ex
1678 1794 1842 1850 lsraei
1861 1799 1992 1848 sunt

410 1900 691 1972 persimile
724 1897 937 1952 facinus
980 1908 1142 1949 ausos
1180 1907 1323 1957 esse,
1349 1899 1405 1946 et
1429 1890 1584 1961 paria
1609 1886 1812 1958 ﬂagitia
1837 1900 1993 1940 eom-

411 1993 647 2055 misisse,
689 1988 908 2060 quando
939 1987 1125 2042 divino
1153 1984 1384 2041 consilio
1428 1957 1746 2052 unigenitus
1772 1977 1867 2031 Dei
1898 1976 1993 2031 Fi-

2118 1972 2228 2033 ιαὸς
2248 1988 2260 2001 ·
2293 1967 2626 2039 προσέταττε
2658 1962 2713 2015 δέ
2733 1958 2882 2022 Θεὸς,

412 2084 524 2139 iius
542 2085 697 2155 juxta
722 2097 821 2135 nos
849 2081 1014 2134 homo
1057 2085 1142 2132 est
1171 2077 1366 2132 factus.
1395 2074 1532 2131 Nam
1555 2070 1790 2126 vocabat
1813 2082 1909 2123 eos
1938 2068 1994 2121 in

416 2192 646 2248 regnum
705 2174 967 2230 emlorum
1024 2167 1486 2241 quemadmodum
1547 2164 1679 2218 olim
1718 2161 1873 2221 Deus
1900 2173 1999 2227 per

416 2266 603 2320 Mosen
619 2263 835 2319 vocavit
867 2262 921 2316 in
956 2268 1158 2316 terram
1184 2253 1583 2329 promissionis,
1611 2246 1997 2321 promittebat-

418 2374 525 2428 que
549 2374 606 2412 se
628 2358 993 2412 liberaturum
1018 2370 1114 2410 eos
1139 2352 1320 2423 quiin
1362 2351 1540 2420 ipsum
1591 2345 1903 2401 crederent.
1930 2340 2001 2395 Et

419 2450 568 2503 Deus
601 2446 857 2501 liberavit
914 2446 1036 2499 illos
1056 2484 1071 2508 ,
1106 2443 1199 2512 qui
1247 2457 1315 2495 ex
1341 2452 1538 2511 genere
1566 2434 1736 2490 Israel
1770 2446 1999 2501 recepe-

420 2549 551 2594 runt
578 2555 677 2609 per
708 2537 869 2592 ﬁdem
910 2537 1205 2592 salutarem
1234 2533 1390 2587 illum
1434 2526 1753 2598 sanguinem
1787 2538 1856 2578 ex
1904 2537 2003 2591 op-

421 2629 707 2699 pressione
772 2635 828 2682 et
887 2623 1174 2698 tyrannide
1250 2619 1649 2692 Egyptiorum.
1698 2612 2003 2668 Mactarunt

422 2721 570 2775 enim
603 2734 802 2790 agnum
847 2715 1017 2772 veluti
1064 2716 1118 2769 in
1157 2713 1320 2785 typis,
1347 2708 1527 2766 adhuc
1547 2705 1768 2762 Christo
1797 2709 2003 2773 myste-

423 2811 566 2865 rium
600 2808 958 2878 complcturo.
995 2806 1168 2863 Porro
1211 2802 1302 2857 isti
1334 2801 1510 2870 legem
1556 2795 1843 2858 habentes,
1884 2804 2006 2861 quae

425 2916 557 2956 sane
607 2900 841 2956 ﬁdeliter
870 2895 1256 2953 introducebat
1285 2908 1385 2963 per
1435 2890 1638 2961 ﬁguras
1673 2893 1730 2941 et
1760 2892 1915 2955 typos
1937 2880 2005 2936 ad

425 2993 632 3049 Christi
684 2991 1029 3064 mysterium,
1069 2988 1137 3043 de
1183 2985 1369 3041 verbis
1397 2976 1790 3052 sapientissimi
1843 2974 2007 3028 Mosis

428 3088 635 3158 ubique
664 3085 949 3157 magniﬁce
979 3082 1194 3155 gloriati
1218 3086 1366 3144 sunt,
1392 3091 1516 3132 cum
1543 3084 1721 3129 tamen
1742 3068 2007 3139 neipsum

431 3179 651 3247 quidem
698 3177 886 3232 Mosen
935 3188 1173 3245 unquam
1225 3171 1335 3226 sint
1378 3165 1621 3223 reveriti.
1653 3161 2010 3221 Dcciinabant

432 3272 578 3325 enim
606 3271 672 3325 ad
694 3269 973 3324 doctrinas
1015 3273 1072 3320 et
1100 3263 1352 3320 mandata
1378 3257 1689 3320 hominum,
1723 3255 2010 3321 cultusque

433 3358 607 3415 divini
645 3362 837 3430 jugum
882 3357 1254 3413 excutiebant.
1287 3351 1573 3421 Siquidem
1620 3363 1729 3402 non
1762 3355 2011 3399 accesse-

438 3459 568 3507 runt
598 3452 667 3505 ad
692 3467 817 3506 eum
848 3464 946 3520 per
979 3464 1142 3518 quem
1166 3447 1311 3502 Deus
1346 3444 1454 3498 hoc
1475 3440 1795 3495 universum
1816 3437 2016 3508 guber-

438 3551 554 3608 nat,
584 3544 691 3597 hoc
734 3549 818 3596 est
857 3540 1158 3596 Christum.
1192 3536 1357 3606 Atqui
1384 3547 1635 3605 quamam
1666 3529 1771 3584 fuit
1798 3525 2016 3582 occasio

439 3645 495 3690 et
517 3633 716 3691 causa?
740 3632 1090 3688 Deﬂexerunt
1117 3626 1263 3683 enim
1290 3625 1359 3680 ad
1394 3625 1751 3693 imposturam
1788 3615 2019 3673 munda-

441 3745 599 3794 nam;
636 3733 691 3783 et
710 3726 1020 3795 voluptates
1046 3722 1211 3792 hujus
1231 3720 1358 3774 vitat
1380 3713 1587 3771 utiliori
1610 3710 1793 3770 studio
1819 3706 2017 3781 praefe-

442 3829 664 3884 rentes,
711 3816 859 3872 haud
911 3813 1187 3869 immerito
1234 3809 1408 3882 gratia
1439 3806 1785 3863 exciderunt.
1829 3800 2021 3859 Vocati

442 3913 590 3968 enim
615 3911 679 3966 ad
707 3909 950 3980 nuptias,
978 3905 1277 3961 noluerunt
1304 3900 1516 3963 venire,
1547 3910 1780 3952 uxorum
1811 3890 2023 3963 nuptiis

444 4014 502 4061 et
534 4016 788 4075 agrorum
818 3996 1191 4070 emptionibus
1225 4009 1347 4050 sese
1395 3997 1738 4047 excusantes.
1776 3986 1845 4041 Et
1875 3988 2023 4040 certe

448 4107 665 4165 tempus
693 4093 804 4163 jam
828 4099 966 4152 erat,
999 4085 1267 4149 utlsrael,
1303 4083 1398 4154 qui
1438 4096 1506 4136 eo
1559 4076 1854 4148 impietatis
1897 4087 2027 4143 pro-

449 4190 637 4257 lapsus
672 4184 883 4247 fuerat,
933 4180 1070 4233 iram
1124 4176 1350 4231 omnino
1394 4171 1711 4228 sustineret.
1755 4168 2026 4223 Caeterum

454 4277 713 4353 precibus
729 4281 1044 4329 sanctorum
1084 4274 1312 4323 servata:
1332 4271 1461 4319 sunt
1489 4260 1737 4330 reliquiae
1759 4259 1804 4289 ⁷ο
1827 4275 1841 4324 ;
1869 4254 2028 4311 multi

456 4383 638 4425 tamen
667 4367 891 4421 luerunt
921 4376 1130 4433 poenas.
1162 4356 1494 4414 Ceciderunt
1537 4352 1683 4406 enim
1716 4351 1768 4403 in
1795 4347 2027 4420 gladiis:

457 4475 691 4531 cumque
718 4471 861 4513 εωνο
892 4454 1039 4510 bello
1071 4451 1508 4510 absumerentur,
1540 4444 1630 4497 vix
1659 4446 2035 4512 cognoverunt

459 4570 570 4626 quo
601 4551 728 4607 mali
760 4544 1081 4603 devenerint
1100 4542 1171 4597 ob
1191 4538 1416 4595 crimina
1439 4553 1470 4591 a
1497 4551 1554 4592 se
1580 4535 1846 4589 adversus
1870 4529 2033 4586 Chri-

461 4652 609 4703 stum‘
628 4641 935 4699 commissa.
967 4636 1214 4704 Cumque
1255 4630 1410 4701 quasi
1436 4628 1822 4687 vestimentum
1844 4621 2035 4693 pristi-

463 4752 545 4790 m:
579 4734 726 4789 illius
749 4727 934 4801 gloria:
962 4720 1283 4794 abjecerint,
1317 4726 1372 4772 et
1389 4730 1607 4771 omnem
1638 4720 1893 4767 ornatum
1923 4709 2037 4777 spi-

463 4828 701 4889 ritalem,
732 4799 938 4893 ingenti
966 4815 1221 4871 laborant
1252 4810 1399 4874 odio,
1432 4805 1651 4877 spoliati
1681 4802 1830 4858 omni
1866 4799 2040 4871 gloria

466 4938 530 4975 ac
578 4891 861 4988 dignitate.
901 4909 1059 4979 Quod
1105 4913 1288 4961 autem
1320 4900 1575 4957 Christus
1626 4896 1791 4951 etiam
1845 4893 1913 4948 ab
1958 4891 2040 4947 eis

468 5007 805 5070 discesserit,
829 5002 1068 5061 ostendit
1090 4999 1286 5060 Moses,
1311 4992 1404 5064 qui
1431 4986 1847 5045 tabernaculum
1886 4998 2048 5039 suum

470 5111 625 5156 extra
667 5105 846 5153 castra
889 5089 1170 5148 transfert.
1195 5081 1624 5157 339Christus
1660 5077 1807 5132 enim
1840 5072 2052 5129 relictis

470 5192 785 5249 .iudreorum
827 5184 1023 5248 turbis,
1066 5189 1229 5250 atque
1270 5177 1490 5230 illorum
1518 5167 1872 5226 multitudine
1911 5178 2052 5235 quo-

474 5282 765 5340 dammodo
799 5279 1014 5334 deserta
1042 5316 1056 5341 ,
1097 5270 1417 5342 longissime
1469 5265 1539 5319 ab
1568 5263 1649 5319 eis
1691 5259 2005 5330 demigrans
2037 5296 2051 5321 ,

476 5380 864 5432 inconcussum
896 5365 1312 5424 tabernaculum
1360 5356 1660 5414 Ecclesiam
1687 5351 1931 5423 gentium
1959 5347 2055 5402 de-

479 5469 711 5542 signavit
751 5484 764 5519 :
813 5477 978 5535 quam
1025 5460 1190 5514 etiam
1237 5468 1391 5511 suam
1421 5448 1696 5505 afﬁrmans
1727 5459 1829 5515 per
1862 5453 2054 5496 vocem

480 5530 782 5619 Psalmista:
812 5530 913 5613 ista
940 5556 1058 5610 ait:
1099 5571 1117 5603 ι
1170 5549 1271 5604 llic
1297 5543 1578 5605 habitabo,
1620 5537 1879 5609 quoniam
1918 5530 2059 5601 elegi

482 5648 691 5703 eam".
728 5667 747 5697 ι
783 5643 1084 5715 Oportebat
1109 5638 1275 5709 igitur
1304 5650 1399 5690 eos
1447 5631 1541 5701 qui
1568 5644 1678 5683 non
1709 5624 1916 5680 habent
1934 5621 2062 5675 Em-

486 5739 797 5799 manueiem
834 5735 986 5790 illum
1016 5730 1201 5803 gloria:
1225 5726 1537 5785 Dominum,
1570 5718 1801 5790 posthac
1820 5712 2063 5784 conspici

560 5872 605 5904 '°
636 5870 741 5924 lsa.
781 5883 837 5931 ς,
875 5863 987 5927 22;
1030 5859 1192 5913 Rom.
1238 5872 1309 5918 Ix,
1350 5852 1445 5909 26.
1492 5851 1535 5883 τί
1578 5848 1930 5922 Psal.cxxxl,
1979 5840 2059 5894 ll.

2080 693 2190 746 τῶν
2230 665 2287 746 ἐν
2327 692 2508 753 αὐτοῖς
2560 687 2754 757 ἅψεται
2801 682 2862 736 τὸ
2899 675 3217 745 δυσσέϐημα
3251 688 3265 701 ⁸
3299 665 3453 739 οἶμαι
3492 666 3547 718 δὲ
3580 667 3661 719 ὅτι

2082 785 2306 839 κάκεῖνο
2334 782 2475 851 τάχα
2501 756 2616 832 που
2637 771 3000 844 καταμηνύων
3032 766 3234 828 αὐτοῖς,
3269 763 3352 814 ὅτι
3372 760 3470 828 τῆς
3500 756 3662 827 βεϐή-

2081 876 2174 928 λου
2215 874 2310 928 καὶ
2360 846 2617 942 βδελυρᾶς
2675 858 3115 929 εἱδωλολατρείας
3164 846 3663 923 ἐκμεμεστωμένην

2084 965 2267 1035 ἔχουσι
2303 939 2401 1033 την
2447 939 2695 1028 καρδίαν.
2733 948 3254 1025 Προσκαλεσὰμενος
3279 943 3337 997 δὲ
3363 941 3489 1003 τοὺς
3528 939 3666 1004 ἐξειο

2084 1028 2401 1125 λεγμένους,
2446 1050 2688 1119 ἀναιρεῖν
2718 1045 2935 1099 ἐκέλευε
2969 1040 3094 1101 τοὺς
3147 1037 3228 1089 ὅτι
3278 1033 3515 1103 μάλιστα
3555 1028 3665 1081 τῶν

2085 1117 2261 1201 ἄλλων
2295 1117 2671 1205 αἰτιωτάτους,
2712 1137 2809 1190 καὶ
2860 1129 3114 1200 ἀδελφοῦ,
3146 1126 3243 1181 καὶ
3273 1123 3534 1193 γείτονος,
3569 1117 3666 1173 καὶ

2085 1237 2378 1308 γνωρίμων
2410 1230 2795 1303 ὴφειδηκότας.
2831 1224 2942 1279 Καὶ
2984 1221 3048 1292 δὴ
3091 1218 3188 1272 καὶ
3220 1211 3544 1269 πεπτώκασι
3581 1227 3665 1281 χι-

2086 1304 2275 1392 λιάδες-
2318 1329 2467 1399 τρεῖς
2517 1323 2613 1378 καὶ
2662 1320 2882 1375 εἴκοσιν.
2945 1313 3164 1381 Ἐπειδὴ
3206 1310 3262 1362 δὲ
3318 1304 3670 1375 συμμέτρους

2088 1421 2322 1492 ἐζήτησε
2353 1396 2508 1479 δίκας
2555 1417 2680 1477 τοὺς
2722 1410 2945 1478 ἀναίδην
2994 1404 3136 1460 οὕτω
3179 1396 3666 1466 δεδυσσεϐηκότσς,

2090 1485 2375 1566 ὑπονοστεῖ
2398 1509 2532 1580 πρὸς
2557 1506 2711 1570 Θεὸν,
2730 1503 2824 1557 καλ⁵
2846 1500 2947 1562 τὰς
2974 1496 3113 1566 ὑπὲρ
3140 1494 3246 1546 τῶν
3272 1491 3473 1558 ἐτέρων
3500 1485 3672 1539 ποιεῖ-

2088 1622 2181 1659 ται
2217 1604 2385 1666 λιτάς.
2419 1601 2552 1654 Τότε
2584 1598 2647 1668 δὴ
2690 1595 2841 1667 μόλις
2872 1589 3017 1660 αύτῷ
3047 1583 3335 1642 κατανεύει
3360 1581 3513 1641 Θεὸς,
3542 1592 3665 1629 συν-

2092 1694 2311 1749 έσεσθαι
2365 1692 2537 1758 λέγων
2568 1690 2770 1760 ἥκιστα
2817 1686 2911 1755 μὲν
2945 1680 3126 1742 αὐτὸς,
3173 1670 3587 1730 συναποστελεῖν
3616 1667 3671 1721 δέ

2097 1787 2295 1859 μᾶλλον
2327 1784 2506 1846 αὐτοῖς
2531 1779 2757 1849 ἄγγελον
2779 1774 3073 1842 ἐπιστάτην
3101 1768 3195 1823 καλ⁵
3224 1761 3673 1834 καθηγησόμενςν

2095 1849 2193 1951 τῆς
2227 1876 2368 1932 ὁδοῦ.
2404 1874 2516 1928 Καὶ
2557 1872 2692 1940 πρός
2720 1885 2784 1937 γε
2825 1866 2889 1937 δὴ
2920 1863 3094 1932 τούτῳ
3147 1854 3479 1925 κατοιμώζει
3520 1850 3618 1919 μὲν
3645 1849 3677 1901 ὁ

2921 1951 3217 2025 ἀφελέσθαι
3242 1948 3341 2010 τὰς
3367 1943 3556 2005 στολὰς
3578 1938 3679 2025 καὶ

2102 2063 2280 2115 πάντα
2317 2059 2408 2113 τὸν
2448 2058 2674 2127 κόσμον,
2720 2053 2855 2105 ἰέναι
2883 2065 2942 2101 τε
2982 2044 3154 2106 οὕτως

2105 2154 2201 2207 καὶ
2230 2153 2306 2215 είς
2327 2150 2501 2221 πέρας
2535 2121 2916 2217 ἐνηνεγμένου,
2942 2135 3142 2205 λαϐὼν,
3164 2132 3320 2202 φησὶ,
3353 2126 3558 2194 Μωσῆς
3579 2121 3681 2193 τὴν

2107 2213 2311 2314 σκηνὴν
2366 2213 2551 2302 αίῦτοῦ,
2601 2213 2798 2304 ἔπηξεν
2848 2230 2952 2295 ἐξω
2994 2228 3091 2296 τῆς
3138 2219 3509 2294 παρεμϐολῆς.
3564 2213 3686 2267 Καὶ

2105 2304 2246 2390 οὕτω
2269 2304 2380 2404 ’μὲν
2414 2331 2513 2401 τῆς
2548 2326 2786 2398 ἱστορίας
2830 2322 2906 2386 ώς
2940 2322 2997 2374 ἐν
3028 2316 3286 2390 βραχέσιν
3315 2313 3343 2364 ὁ
3365 2309 3549 2377 λόγος.
3581 2304 3688 2359 Εύο

2109 2391 2347 2499 ρήσομεν
2373 2423 2429 2476 δὲ
2459 2391 2585 2481 τοὺς
2600 2391 2908 2485 ἐξῚσραὴλ
2939 2411 3005 2465 τὰ
3029 2410 3118 2461 ῖσα
3144 2399 3540 2470 τετολμηκότας
3571 2391 3678 2462 (ι),

2101 2482 2190 2573 ί)τέ
2208 2482 2329 2570 καθ’
2348 2514 2493 2584 ἡμᾶς
2513 2511 2733 2580 γέγονεν
2755 2482 2851 2559 ἀνθ
2861 2482 3037 2573 ρωπος
3058 2499 3086 2551 ὁ
3105 2491 3436 2560 Μονογενής.
3460 2482 3688 2538 Ἐκάλει

2113 2609 2212 2680 μὲν
2245 2606 2346 2675 γὰρ
2370 2576 2454 2665 είς
2479 2576 2753 2670 βασιλείαν
2774 2591 3040 2664 οὐρανῶν,
3074 2586 3217 2641 καθά
3253 2582 3419 2636 πάλαι
3447 2577 3531 2631 διὰ
3554 2576 3696 2630 Μω-

2112 2662 2262 2761 σέως.
2300 2662 2379 2757 εἰς
2536 2690 2638 2760 γῆν
2659 2687 2758 2756 τῆς
2781 2662 3132 2751 ἐπαγγελίας,
3158 2670 3542 2742 ἐλευθερώσειν
3579 2662 3696 2738 [δὲ]

2111 2757 2487 2861 ἐπηγγέλλετο⁷
2507 2757 2632 2843 τοὺς
2661 2781 2739 2837 είς
2763 2774 2923 2829 αὑτὸν
2955 2768 3326 2828 πιστεύοντας.
3360 2757 3699 2825 Ἢλευθέρου

2111 2849 2373 2952 γὰρ’-καὶ
2418 2875 2545 2937 τοὺς
2595 2871 2653 2934 ἐξ
2699 2868 2932 2937 αἵματος
2992 2859 3208 2932 Ἰσραὴλ
3263 2856 3361 2925 τῆς
3411 2849 3701 2917 Αἰγύπτου

2114 2970 2423 3035 πλεονεξίας
2454 2959 2922 3028 καταδεξαμένους
2953 2958 3009 3008 ἐν
3039 2953 3219 3006 πίστει
3246 2946 3342 3016 τὴν
3363 2944 3428 2996 δι’
3458 2941 3705 3009 αἵματος

2117 3033 2412 3137 σωτηρίαν.
2446 3057 2721 3113 Τεθύκασι
2753 3051 2862 3120 γὰρ
2890 3049 2981 3101 τὸν
3031 3042 3224 3115 ἀμνὸν,
3265 3040 3341 3100 ὡς
3379 3038 3437 3088 ἐν
3475 3033 3707 3092 τύποις,

2116 3160 2194 3213 ἔτι
2232 3121 2324 3210 τδῦ
2368 3147 2606 3225 Χριστοῦ
2657 3144 2989 3216 πληροῦντος
3018 3138 3079 3190 τὸ
3118 3132 3436 3205 μυστήριον.
3479 3121 3620 3176 Ἀλλ’
3659 3123 3711 3177 οἱ

2117 3251 2280 3320 νόμον
2314 3214 2527 3317 ἔχοντες
2557 3242 2647 3294 τὸν
2688 3214 3139 3303 παιδαγωγοῦντα
3180 3222 3359 3282 καλῶς
3392 3216 3482 3271 διὰ
3532 3214 3710 3277 σκιᾶς

2120 3341 2216 3395 κοιλ⁴
2243 3338 2429 3392 τύπων
2461 3334 2555 3387 ἐπὶ
2579 3329 2834 3401 Χριστὸν,
2869 3325 2899 3395 ἢ
2927 3323 3052 3384 τοὺς
3088 3317 3182 3372 τοῦ
3216 3311 3457 3372 Μωσέως
3495 3308 3617 3361 ἄνω
3648 3322 3712 3359 τε

2121 3431 2218 3487 καὶ
2249 3428 2401 3483 κάτω
2434 3422 2819 3495 προῖσχόμενοι
2858 3416 3072 3483 λόγους,
3117 3407 3215 3467 καλ,
3258 3400 3421 3457 αὑτοῦ
3455 3396 3715 3457 Μωσέως

2121 3484 2490 3592 ’ἰνιιρειδηκότες¹
2543 3484 2882 3582 (ετράποντο
2926 3504 3035 3574 γὰρ
3079 3502 3157 3561 εἰς
3210 3490 3559 3549 διδασκαλίαν
3611 3484 3718 3538 καὶ

2124 3582 2440 3679 ἐντάλματα
2482 3601 2830 3672 ἀνθρώπων),
2876 3598 2973 3666 τῆς
3006 3593 3111 3647 ὑπὸ
3144 3587 3265 3658 Θεῷ
3306 3584 3568 3654 λατρείας
3603 3582 3722 3632 ἀπ-

2126 3667 2363 3754 εσείοντο
2393 3698 2484 3747 τὸν
2514 3667 2699 3759 ζυγόν.
2718 3688 3074 3759 Προσήκαντο
3103 3679 3209 3749 γὰρ
3242 3672 3492 3743 οὐδαμῶς
3515 3670 3618 3722 τὸν
3650 3667 3724 3721 δι’

2128 3784 2189 3844 οὗ
2237 3786 2344 3840 τῶν
2382 3783 2518 3837 ὅλων
2551 3781 2762 3851 κρατεῖ,
2810 3775 3056 3829 τουτέστι
3097 3766 3350 3840 Χριστόν.
3393 3763 3504 3814 Καὶ
3538 3759 3636 3823 τίς
3689 3759 3728 3827 ἡ

2132 3862 2434 3953 πρόφῖασιςς
2479 3850 2895 3926 Ἀπονενεύκασι
2921 3865 3030 3935 γάρ
3059 3864 3137 3924 εἰς
3166 3859 3380 3926 ἀπάτην
3414 3850 3729 3919 κοσμικὴν,

2131 3941 2225 4028 καὶ
2252 3941 2350 4032 τὰς
2382 3969 2440 4020 ἐν
2468 3964 2603 4035 τῷδε
2634 3961 2712 4031 τῷ
2744 3959 2841 4030 βίῳ
2873 3955 3089 4027 τέρψεις
3115 3952 3212 4020 τῆς
3244 3941 3735 4019 προύργιεστέρας

2133 4063 2409 4119 ποιοῦνται
2453 4057 2717 4126 σπουδῆς,
2765 4045 3273 4125 προσκεκρούκασιν
3325 4038 3580 4098 εἰκότως.
3620 4035 3741 4086 Ks-

2134 4156 2394 4229 κλημένοι
2430 4151 2539 4221 γὰρ
2574 4150 2653 4212 εἰς
2689 4146 2815 4208 τοὺς
2859 4143 3090 4212 γάμους,
3139 4137 3238 4191 οὐκ
3283 4130 3471 4204 ἤθελον
3508 4126 3739 4184 ἐλθεῖν,

2136 4211 2374 4317 γυνάίων
2398 4211 2459 4295 τὲ
2483 4211 2575 4294 καὶ
2600 4238 2785 4308 ἀγρῶν
2811 4232 3197 4307 προϊσχόμενοι
3226 4224 3471 4293 κτήσεις.
3503 4218 3637 4272 Καὶ
3667 4211 3746 4288 ἦν

2143 4309 2241 4410 μὲν
2256 4336 2356 4406 ἤδη
2375 4331 2586 4402 καιρὸς,
2609 4326 2926 4388 δυσσεϐείας
2945 4324 3023 4385 είς
3050 4320 3169 4373 τόδε
3199 4309 3745 4380 κατολισθήσαντες,

2139 4396 2237 4498 τὴν
2266 4396 2519 4486 είςνᾶπαν
2564 4417 2731 4489 ὀργὴν
2762 4416 3053 4484 ὑπομεῖναι
3101 4408 3192 4461 τὸν
3258 4399 3496 4472 Ἰσραήλ.
3568 4396 3750 4451 Ἀλλά

2142 4517 2250 4570 τῶν
2277 4514 2443 4583 ἁγίων
2477 4511 2620 4565 λιταὶ
2653 4506 2923 4561 σεσώκασι
2952 4503 3013 4555 τὸ
3042 4498 3421 4565 κατάλειμμα·
3470 4489 3628 4560 πλὴν
3666 4490 3751 4549 εἰς

3193 2043 3251 2094 ἐν
3279 2035 3571 2108 κατηφείᾳ.
3601 2024 3679 2085 Οὗ

2099 4616 2109 4674 μ
2146 4606 2374 4668 πολλοὺς
2406 4606 2438 4674 ἡ
2467 4602 2612 4672 δίκη.
2649 4598 2978 4652 Πεπτώκασι
3023 4593 3152 4664 γὰρ,
3184 4586 3476 4659 μαχαίραις
3501 4584 3611 4658 καὶ
3644 4598 3753 4633 πο-

2146 4700 2296 4771 λέμῳ
2339 4692 2523 4764 πικρῷ
2571 4689 2973 4759 δαπανώμενοι,
3019 4682 3290 4752 ἐγνώκασι
3338 4676 3493 4747 μόλις
3542 4674 3639 4726 ὅτι
3696 4674 3755 4724 ἐν

2147 4762 2327 4851 αὐτοῖς
2354 4762 2619 4852 ἐκϐέϐηκε
2647 4779 2819 4836 κακοῦ
2854 4778 2952 4848 τῆς
2973 4777 3053 4837 είς
3081 4769 3315 4842 Χριστδν
3340 4764 3655 4835 παροινίας
3687 4762 3759 4815 τὰ

2149 4881 2488 4951 ἐγκλήματα.
2532 4870 2994 4940 Ἀποϐεϐληκότες
3031 4866 3086 4918 δέ
3121 4862 3310 4930 ὥσπερ
3349 4858 3446 4927 τῆς
3492 4855 3759 4925 ἀρχαίας

2146 4973 2363 5041 ἐκείνης
2390 4969 2640 5029 εὐκλείας
2667 4966 2767 5035 τὴν
2805 4958 3152 5031 περιστολὴν,
3177 4954 3273 5008 καὶ
3313 4951 3497 5003 πάντα
3532 4947 3770 5017 κόσμον

2148 5058 2538 5132 πνευματικὸν,
2571 5055 2703 5108 πολὺ
2732 5050 2947 5107 νοσοῦσι
2965 5050 3026 5101 τὸ
3048 5046 3236 5117 ἄχαρι,
3265 5042 3360 5095 καὶ
3398 5038 3622 5107 γυμνοὶ
3661 5036 3770 5105 μὲν

2147 5130 2365 5223 ἀπάσης
2406 5146 2704 5203 διατελοῦσι
2748 5143 2927 5212 δόξης.
2972 5142 3093 5194 Ὅτι
3135 5138 3191 5190 δὲ
3229 5136 3322 5189 καὶ
3352 5132 3521 5194 αὐτὸς
3569 5130 3775 5184 αὐτῶν

2151 5248 2591 5318 ἀποπεφοίτηκεν
2608 5244 2635 5296 ὁ
2656 5241 2910 5313 Χριστὸς,
2936 5228 3491 5305 ὑπέφηνενὸΜωσῆς,
3526 5244 3658 5296 μακ
3670 5226 3779 5296 ρὰν

2152 5344 2253 5414 τῆς
2288 5336 2643 5414 παρεμϐολῆς
2676 5330 2936 5404 μεθιστὰς
2970 5328 3068 5399 τὴν
3104 5322 3299 5380 ἑαυτοῦ
3330 5318 3551 5389 σκηνὴν
3587 5334 3769 5371 κατα-

2156 5410 2592 5503 λελειμιμῖένην.
2617 5426 2741 5489 Πῶς
2757 5425 2866 5493 γὰρ
2895 5417 3172 5492 ὁΧριστδς
3204 5415 3301 5478 τάς
3325 5411 3433 5466 τῶν
3463 5410 3782 5464 Ἰουδαίων

2159 5500 2385 5595 ἀγέλας-,ί
2408 5524 2525 5593 ἢτοι
2563 5519 2661 5582 τὰς
2689 5514 3058 5588 παρεμϐολὰς,
3090 5511 3184 5566 καὶ
3213 5508 3311 5577 τῆς
3344 5500 3594 5557 ἐκείνων
3633 5501 3774 5571 πλη-

2160 5617 2286 5680 θύος
2301 5608 2760 5684 ἁποδεδραμηκὼς
2781 5606 2981 5679 τρόπον
2997 5604 3117 5658 τινὰ
3139 5602 3229 5654 καὶ
3245 5596 3517 5653 ἀποτάτω
3542 5596 3796 5665 χωρῶν,

2165 5706 2369 5778 σκηνὴν
2412 5703 2808 5759 ἀκατάσειστον
2854 5698 2954 5768 τὴν
2983 5695 3041 5761 ἐξ
3077 5692 3243 5746 ἐθνῶν
3289 5684 3621 5750 ἀνέδειξεν.
3666 5686 3808 5741 Ἐκ-

559 5965 636 6027 (l)
668 5962 846 6019 Codex
890 5955 1202 6010 llarlzeauus
1230 5948 1391 6010 addit,
1435 5945 1524 5998 καὶ
1554 5937 1753 6003 ἁδελφᾶ
1791 5936 2008 6000 nactam.

2118 5931 2337 5999 ηκιὶτας,
2380 5944 2499 5998 qum
2539 5924 2698 5980 etiam
2734 5915 2956 5975 reididil
2987 5913 3271 5979 interpres.
