4066 6282
351 400 450 458 553

1357 405 1872 462 GLAPIIYRORUM
1913 405 1978 459 IN
2021 401 2306 458 EXODL‘M
2349 401 2476 455 LIB.
2517 401 2602 454 III.

3491 397 3596 452 ΕΜ

353 519 607 587 κλησίαν·
638 520 702 592 ἢν
734 521 826 574 καὶ
861 519 994 574 ἰδίαν
1015 517 1174 582 αὐτὸς
1207 517 1540 586 ἀποςαίνων,
1575 517 1662 569 διὰ
1697 519 1794 586 τῆς
1827 515 1919 568 τοῦ

2038 513 2194 584 gloria
2235 521 2289 566 et
2315 511 2512 566 decore
2553 507 2846 578 spoliatos;
2895 522 2990 560 eos
3019 513 3200 560 autem
3234 505 3328 574 qui
3360 505 3598 575 diligunt.

355 607 658 672 ¹1³ἀλλοντος
696 610 880 678 φωνῆς
912 603 1012 662 ὧδέ
1043 609 1144 660 πού
1176 623 1336 676 φησι·
1377 625 1396 658 ι
1427 602 1556 658 Ὧδε
1588 605 1919 674 κατοικήσω,

353 697 432 749 ὅτι
461 685 800 768 ᾑρέτισάμην
832 701 1020 768 αὐτήν.
1047 717 1066 750 ι
1097 699 1246 750 Ἔδει
1273 698 1451 750 τοίνυν
1475 698 1568 750 καὶ
1597 697 1800 765 κόσμου
1831 695 1922 748 καὶ

354 786 505 855 δόξης
575 789 802 857 ὁρᾶσθαι
851 789 1036 841 λοιπὸν
1085 787 1592 858 ἀπημφιεσμένους,
1645 788 1770 850 τοὺς
1824 787 1923 838 οὐκ

355 873 568 942 ἔχοντας
599 876 688 928 τὸν
733 876 1212 946 Ἐμμανουὴλ,τὺν
1257 876 1356 946 τῆς
1384 875 1538 944 δόξης
1580 875 1802 944 Κύριον,
1834 873 1924 926 τὸν

355 967 462 1026 τοῖς
503 965 786 1030 ἀγαπῶσιν
819 967 1000 1027 αὑτὸν,
1044 965 1134 1018 τὸν
1177 965 1240 1018 ἐκ
1293 965 1526 1026 πίστεως
1579 965 1672 1018 καὶ
1716 963 1925 1033 ἀρετῶν

357 1055 694 1122 περιτιθέντα
725 1056 946 1126 κόσμον·
982 1057 1056 1118 ὡς
1086 1056 1178 1108 ὲπὶ
1217 1053 1390 1125 τούτῳ
1427 1056 1491 1124 δὴ
1516 1055 1635 1108 λίαν
1663 1053 1926 1124 ἡσθέντας

355 1147 554 1198 εἰπεῖν·
598 1166 616 1198 ι
677 1147 1046 1216 Ἀγαλλιάσθω
1075 1149 1106 1216 ἡ
1143 1147 1288 1218 ψυχή
1339 1165 1440 1217 μου
1475 1147 1568 1198 ἐπὶ
1603 1145 1680 1216 τῷ
1714 1145 1917 1216 Κυρίῳ.

368 1239 609 1292 Ἐνέδυσε
647 1243 756 1312 γάρ
793 1259 858 1312 με
889 1243 1100 1312 ἱμάτιον
1134 1242 1422 1312 σωτηρίου,
1451 1243 1546 1296 καὶ
1587 1241 1788 1312 χιτῶνα
1830 1242 1922 1294 εὑ-

355 1332 642 1403 φροσὺνης.
687 1334 774 1396 Ὠς
814 1335 1028 1404 νυμφίῳ
1075 1334 1364 1406 περιέθηκέ
1411 1351 1498 1404 μοι
1557 1335 1774 1404 μίτραν,
1825 1331 1918 1386 καὶ

2017 603 2218 673 ipsum,
2251 599 2586 656 ornamentis
2617 597 2738 651 tidei
2767 606 2823 651 et
2847 597 3064 650 virtutis
3091 595 3310 650 indutos
3339 603 3596 664 tanquam

2019 695 2086 750 dc
2117 710 2185 749 eo
2227 693 2582 746 vehementer
2619 689 2836 759 gavisos
2873 698 3090 757 Oportet
3131 687 3316 741 dicere
3351 705 3364 739 :
3419 705 3437 738 ι
3487 687 3596 740 Ex-

2019 786 2179 846 sulta,
2217 783 2399 837 anima
2425 797 2564 844 mea,
2594 781 2648 834 in
2663 778 2914 833 Domino.
2935 777 3117 831 Induit
3137 776 3281 830 enim
3307 791 3394 829 me
3427 775 3597 828 vesti-

2019 883 2205 930 mento
2260 873 2452 928 salutis
2510 881 2564 926 et
2628 869 2964 924 indumentis
3043 867 3264 921 ltetitize.
3315 867 3596 934 Tanquam

2023 981 2223 1036 sponso
2247 964 2506 1034 imposuit
2529 961 2662 1016 mihi
2691 974 2969 1022 coronam,
2987 967 3044 1013 et
3067 968 3324 1027 tanquam
3342 971 3594 1027 sponsam

2023 1055 2312 1112 exornavit
2365 1071 2450 1109 me
2477 1057 2522 1086 ⁷³
2573 1073 2590 1104 ο
2652 1050 3010 1106 Pulehritudo
3057 1049 3205 1104 enim
3247 1049 3360 1103 haec
3395 1048 3594 1102 eximia

2020 1159 2182 1216 atque
2207 1147 2434 1218 insignis
2446 1155 2548 1210 est,
2577 1142 3213 1214 intelligibilisnimirum
3237 1141 3348 1205 illa,
3367 1155 3488 1209 qum
3511 1147 3594 1194 est

2021 1241 2074 1294 in
2097 1239 2338 1301 Christo,
2363 1254 2462 1308 per
2484 1252 2646 1308 quem
2687 1245 2742 1290 et
2769 1251 2892 1288 cum
2923 1249 3034 1304 quo
3065 1243 3150 1288 est
3186 1232 3356 1303 gloria
3385 1233 3496 1286 Deo
3538 1241 3594 1282 et

2018 1332 2166 1388 Patri
2187 1347 2310 1386 cum
2331 1330 2536 1401 Spiritu
2553 1329 2806 1384 sanctoin
2825 1329 3020 1383 saecula
3035 1327 3378 1382 saeculorum.
3403 1323 3594 1381 Amen.

352 1421 424 1486 ὡς
444 1422 661 1492 νύμφην
694 1425 1070 1494 κατεκόσμησέ
1114 1443 1178 1494 με
1217 1425 1426 1495 κόσμῳ.
1461 1443 1477 1474 ι
1522 1425 1829 1496 Ἐκπρεπὲς
1883 1423 1992 1494 γὰρ
2029 1424 2092 1493 δὴ
2119 1423 2240 1475 λίαν
2271 1425 2330 1475 τὸ
2357 1422 2572 1486 κάλλος,
2600 1422 2756 1490 δῆλον
2790 1420 2846 1472 δὲ
2871 1421 2950 1472 ὅτι
2979 1419 3036 1472 τὺ
3065 1419 3122 1471 ὲν
3157 1419 3380 1490 Χριστῷ
3397 1419 3458 1472 τδ
3479 1433 3598 1486 νοη-

354 1515 442 1564 τόν
463 1529 475 1543 ·
507 1513 570 1564 δι’
607 1507 666 1566 οὗ
696 1513 792 1566 καὶ
820 1514 934 1582 μεθ’
961 1507 1021 1568 οὗ
1049 1514 1123 1583 τῷ
1147 1515 1373 1584 Θεῷικαὶ
1403 1515 1575 1585 Πατρὶ
1609 1517 1640 1584 ἡ
1673 1515 1798 1580 δόξα
1821 1515 1916 1566 σὺν
1955 1514 2092 1582 ἁγίῳ
2127 1512 2404 1581 Πνεύματι
2429 1511 2524 1564 νῦν
2557 1511 2650 1564 καὶ
2709 1512 2814 1571 ἀεὶ,
2842 1511 2933 1564 καὶ
2974 1511 3052 1572 είς
3077 1507 3204 1572 τοὺς
3233 1507 3432 1570 αἰῶνας
3491 1507 3598 1560 τῶν

356 1603 586 1656 αἰώνων.
629 1603 686 1653 Ἀ
695 1605 824 1673 μήν.

361 1717 500 1784 Περὶ
531 1714 636 1768 τοῦ
681 1715 1068 1784 καλύμιιατος
1106 1718 1212 1793 τοῦ
1243 1720 1310 1773 ἑν
1352 1721 1430 1788 τῷ
1467 1722 1762 1793 προσώπῳ
1793 1726 1922 1777 Μω-
1957 1711 1996 1764 Β

1057 1788 1230 1853 σέως.

443 1913 460 1944 ι
501 1888 646 1962 Ἀρὰ
673 1910 736 1962 γε
765 1894 1050 1962 γινώσκεις
1079 1896 1114 1950 ἃ.
1136 1899 1556 1967 ἀναγινώσκειςς
1581 1922 1597 1952 ι
1629 1903 1830 1974 Πρέποι
1859 1905 1926 1958 ἂν

369 1982 587 2040 εἰκότως
607 1985 721 2046 τοῖς
754 1983 1022 2038 Ἰουδαίων
1041 1986 1462 2056 ἐπιφθέγγεσθαι
1495 1990 1556 2059 δή
1566 2008 1704 2060 μοις,
1726 1992 1773 2044 οῖ
1793 1992 1927 2061 πρὸς

365 2074 520 2126 τοῦτο
551 2073 708 2143 ἥκειν
758 2075 1099 2145 ἀποπληξίας
1131 2079 1370 2148 νοηθεῖεν
1413 2080 1498 2144 ἂν,
1539 2082 1614 2144 ὡς
1647 2083 1928 2152 ἀκαρδίους

361 2163 546 2216 λοιπὸν
596 2165 749 2233 παρα
809 2181 872 2233 γε
925 2169 1036 2229 τοῖς
1102 2169 1265 2237 ἱεροῖς
1319 2171 1676 2240 ὀνομάζεσθαι
1727 2173 1924 2242 λόγοις.

365 2273 382 2303 α
407 2255 536 2308 ’ἰδοὺ
567 2255 697 2325 γὰρ,
723 2255 879 2324 φησὶ,
912 2256 1037 2320 λαὸς
1067 2259 1246 2327 μωρὸς
1273 2260 1364 2312 καὶ
1395 2261 1669 2332 ἀκάρδιος.
1699 2265 1926 2332 Ὀφθαλ-

362 2346 460 2414 μὸς
489 2347 694 2410 αὐτοῖς,
727 2349 820 2400 καὶ
852 2349 911 2402 οὐ
942 2348 1228 2416 βλέπουσιν
1253 2367 1266 2380 ·
1301 2345 1412 2406 ὦτα
1453 2355 1654 2418 αὐτοῖς,
1689 2357 1782 2410 καὶ
1826 2358 1926 2410 οὐκ

359 2432 666 2488 ἀκούονται.
712 2453 730 2486 ι
763 2436 886 2489 Ὅτι
909 2437 966 2490 δὲ
992 2439 1246 2507 ἀνόνητος
1273 2443 1549 2508 παντελῶς
1577 2445 1674 2499 καὶ
1699 2450 1728 2500 ὁ
1765 2448 1928 2518 νόμος

357 2525 538 2586 αὐτοῖς
575 2525 800 2592 γέγονεν
830 2528 859 2579 ὁ
898 2528 985 2582 διὰ
1019 2531 1296 2596 Μωσέως,
1344 2535 1432 2588 διὰ
1462 2537 1524 2588 τὸ
1559 2537 1658 2606 τῆς
1700 2539 1926 2608 ἐνούσης

361 2615 544 2676 αὐτοῖς
573 2615 866 2681 ἀσυνεσίας
893 2619 1120 2689 μέγεθος
1172 2623 1264 2684 καὶ
1292 2625 1452 2688 αὐτὸς
1479 2628 1608 2696 ἡμῖν
1637 2629 1666 2679 ὁ
1693 2627 1926 2699 Χριστὸς

363 2703 644 2772 παρέδειξε
677 2705 850 2772 λέγων
872 2725 884 2737 ·
913 2727 932 2760 ι
956 2710 1240 2779 Ἐρευνᾶτε
1267 2713 1362 2776 τὰς
1386 2715 1630 2785 Γραφὰς,
1667 2715 1808 2789 [καὶ]
1844 2719 1926 2770 ὃτι

362 2796 518 2864 ὑμεῖς
560 2793 766 2848 δοκεῖτε
807 2801 866 2851 ὲν
909 2801 1100 2866 αὐταῖς
1143 2803 1286 2874 ζωὴν
1336 2805 1554 2859 αἰώνιον
1605 2807 1768 2877 ἔχειν.
1817 2809 1928 2861 Καὶ

361 2885 566 2939 ἐκεῖναί
591 2889 726 2941 εἰσιν
752 2889 808 2940 αἱ
849 2893 1218 2963 μαρτυροῦσαι
1253 2896 1380 2964 περὶ
1424 2895 1580 2965 ἐμοῦ.
1615 2896 1724 2949 Καὶ
1753 2897 1812 2949 οὺ
1837 2896 1926 2949 θέ-

361 2975 474 3030 λετε
500 2977 676 3030 ἐλθεῖν
701 2979 833 3049 πρός
869 2997 956 3050 με,
991 2983 1078 3034 ἵνα
1104 2983 1247 3053 ζωὴν
1279 2985 1459 3053 ἔχητε.
1490 3004 1508 3036 ι
1543 2984 1804 3054 Πώρωσις
1829 2985 1926 3054 μὲν

362 3069 469 3140 γὰρ
514 3070 622 3122 ἀπὸ
664 3070 860 3141 μέρους
907 3073 1124 3139 ἐγένετο
1166 3072 1244 3142 τῷ
1291 3073 1524 3143 Ἰσραὴλ,
1578 3076 1671 3127 καὶ
1709 3076 1796 3129 διὰ
1838 3075 1933 3130 τοῦ

367 3161 670 3230 πνεύματος
705 3163 984 3232 φωτισμὸν
1019 3164 1118 3215 οὐκ
1147 3162 1380 3232 ἔχοντες,
1411 3165 1632 3235 ὀκνηρός.
1673 3166 1770 3236 μὲν
1795 3163 1934 3238 ἦσαν

367 3253 490 3321 περὶ
523 3251 621 3320 τὴν
665 3252 874 3317 πίστιν,
913 3253 1407 3323 δυσμετακόμιστοι
1557 3257 1748 3326 κομιδῇ
1797 3257 1935 3327 πρὸς

367 3341 423 3393 τὸ
447 3341 554 3393 δεῖν
578 3341 798 3395 ἑλέσθαι
825 3343 920 3394 καὶ
942 3345 1159 3413 φρονεῖν
1188 3343 1254 3396 τὰ
1273 3345 1351 3406 εἰς
1375 3345 1648 3414 σωτηρίαν
1669 3347 1934 3418 χρήσιμα.

381 3432 514 3484 Ἀλλ’
548 3431 647 3484 οὐκ
680 3432 784 3498 ἔξω
807 3433 962 3502 δίκης
990 3430 1100 3485 εἷεν
1136 3433 1220 3497 ἂν,
1255 3435 1353 3492 ὅτι,
1396 3435 1532 3504 μετὰ
1559 3437 1617 3488 τὸ
1635 3437 1844 3490 ἑλέσθαι
1875 3437 1936 3492 τὺ

369 3521 628 3589 ὠφελοῦν,
645 3523 940 3592 ἐτράποντο
961 3524 1157 3593 μᾶλλον
1175 3526 1250 3587 εἰς
1269 3512 1619 3594 ἀνουθέτητον
1637 3527 1934 3582 ἀπείθειαν·

371 3615 460 3666 καὶ
487 3613 548 3666 τὸ
581 3615 694 3681 φῶς
719 3613 930 3682 ἔχοντες
953 3615 1012 3666 τὸ
1039 3615 1095 3680 ἐξ
1117 3615 1345 3684 οὐρανοῦ
1370 3617 1461 3668 καὶ
1483 3615 1706 3680 ἄνωθεν,
1725 3619 1938 3690 ἠγάπη-

373 3718 470 3754 σαν
498 3703 696 3772 μᾶλλον
725 3704 786 3755 τὸ
817 3703 890 3765 ὡς
917 3705 973 3755 ὲν
995 3705 1150 3756 νυκτὶ
1183 3703 1412 3773 βαδίζειν
1435 3707 1528 3758 καὶ
1546 3708 1739 3778 σκότῳ.
1769 3709 1939 3764 Τοῦτο

373 3793 464 3845 καὶ
520 3795 548 3845 ὁ
595 3796 877 3864 προφήτης
929 3794 1284 3865 ὑπεσήμηνεν
1331 3795 1502 3864 λέγων
1557 3799 1683 3867 περὶ
1729 3799 1932 3850 αὐτῶν·

379 3907 396 3937 ι
443 3887 878 3957 ’Υπομεινάντων
902 3887 1077 3938 αὐτῶν
1110 3887 1244 3954 φῶς,
1270 3888 1484 3954 ἐγένετο
1507 3889 1688 3952 αὐτοῖς
1718 3889 1902 3952 σκότος
1921 3907 1934 3921 ·

379 3978 654 4047 μείναντες
687 3977 878 4046 αὐγὴν,
913 3979 970 4029 ὲν
1006 3978 1180 4047 ἀωρία
1217 3977 1648 4047 περιεπάτησαν.
1692 3997 1710 4029 ι
1754 3979 1940 4047 Meite-

375 4071 696 4141 νήκασιγὰρ
720 4074 940 4140 τραχεῖς
967 4073 1057 4123 καὶ
1088 4070 1310 4140 ἐξήνιοι,
1343 4071 1437 4124 καὶ
1457 4071 1634 4135 ὀλίγου
1666 4069 1940 4132 παντελῶς

375 4161 651 4225 ἀξιοῦντες
683 4161 838 4228 λόγου
893 4162 958 4213 τα
1005 4161 1278 4230 λυσιτελῆ,
1317 4161 1411 4213 καὶ
1441 4160 1508 4212 δι’
1550 4153 1626 4212 ὧν
1669 4159 1814 4222 είκδς
1850 4160 1940 4212 καὶ

375 4248 488 4304 λίαν
519 4251 757 4320 ἀμογητὶ
799 4250 1076 4320 διαδρᾶναι
1120 4250 1178 4302 τὸ
1227 4249 1465 4304 ἀδικοῦν.
1516 4248 1812 4317 Ἐπεφὼνει
1842 4248 1942 4319 μὲν

2393 1716 2468 1770 De
2497 1714 2752 1770 velamine
2781 1716 2832 1770 iu
2869 1715 3000 1784 {acie
3035 1714 3189 1768 Mosis

2105 1919 2120 1947 ι
2144 1899 2380 1952 Putasne
2406 1913 2528 1968 qua":
2547 1899 2704 1969 legis,
2737 1899 3088 1971 intelligis"?
3109 1919 3128 1950 ι
3155 1899 3470 1954 Jutheorum
3501 1916 3597 1970 po-

2027 1989 2172 2057 pulis
2205 1989 2596 2043 convenienter
2621 1987 2726 2044 dici
2762 1997 2960 2058 potest,
2997 1987 3090 2058 qui
3127 2005 3194 2044 c0
3227 1990 3466 2061 stuporis
3503 1995 3630 2042 veo'

2027 2079 2174 2134 uisse
2205 2089 2532 2143 cernuntur,
2566 2087 2626 2132 ut
2653 2079 2916 2134 excordes
2949 2080 3002 2133 in
3043 2080 3214 2134 sacris
3241 2080 3464 2134 Litteris
3502 2096 3602 2135 no-

2027 2169 2326 2224 minentur.
2365 2189 2384 2220 ι
2431 2169 2570 2224 Ecce
2604 2170 2772 2234 enim,
2796 2170 2995 2240 inquit,
3037 2171 3272 2239 populus
3303 2173 3508 2225 stultus
3547 2183 3603 2226 et

2027 2275 2240 2316 excors.
2279 2259 2434 2315 Oculi
2479 2261 2644 2330 ipsis,
2669 2269 2726 2316 et.
2755 2277 2864 2316 non
2913 2262 3133 2328 vident;
3175 2277 3336 2316 aures
3369 2263 3520 2330 ipsis,
3547 2271 3605 2318 et

2027 2367 2134 2406 non
2159 2351 2476 2406 audiunt“.
2517 2371 2536 2404 ι
2571 2351 2726 2418 Quod
2742 2361 2924 2408 autem
2961 2353 3048 2408 lex
3077 2352 3240 2407 Mosis
3267 2367 3494 2422 prorsus
3520 2353 3603 2422 ἰρι-

2027 2443 2104 2496 sis
2137 2442 2302 2496 fuerit
2347 2441 2557 2496 inutilis
2595 2451 2822 2512 propter
2853 2457 2972 2497 eam
3005 2457 3127 2512 quae
3164 2442 3246 2496 eis
3301 2442 3444 2496 inest
3469 2441 3606 2496 insi-

2027 2533 2246 2601 pientia:
2275 2532 2724 2602 magnitudinem,
2755 2533 3040 2603 ipsenobis
3061 2532 3314 2589 Christus
3343 2533 3604 2598 ostendit,

2027 2621 2214 2676 dicens
2248 2639 2260 2676 :
2317 2642 2334 2674 ι
2372 2623 2701 2684 Scrutamim
2740 2623 3086 2693 Scripturas,
3114 2625 3239 2692 quia
3271 2639 3368 2678 vos
3404 2625 3608 2694 putatis

2029 2711 2084 2766 in
2117 2713 2251 2782 ipsis
2281 2715 2446 2767 vitam
2494 2725 2756 2769 :eternarn
2803 2713 3028 2768 habere.
3065 2713 3132 2766 Et
3165 2713 3272 2768 illae
3325 2723 3452 2766 sunt
3487 2729 3610 2782 qum

2031 2803 2402 2856 testimonium
2427 2803 2721 2870 perhibent
2755 2802 2822 2857 de
2853 2817 2960 2856 me.
2992 2801 3180 2871 Neque
3203 2802 3368 2855 vultis
3423 2804 3610 2856 venire

2027 2889 2096 2943 ad
2125 2904 2233 2954 me,
2263 2899 2325 2943 ut
2361 2891 2608 2945 habeatis
2633 2890 2800 2944 vitam
2818 2891 2884 2944 ".
2928 2909 2946 2941 ›
2989 2887 3307 2947 Ειιραιοειιιιε
3336 2892 3486 2945 enim
3523 2902 3613 2946 est

2030 2993 2098 3032 et:
2130 2987 2286 3047 parte
2319 2978 2508 3044 Israel,
2531 2987 2588 3034 et
2629 2979 3083 3034 illuminationem
3107 2981 3338 3050 spiritus
3371 2997 3478 3036 non
3517 2981 3616 3036 ha-

2040 3068 2254 3133 bentes,
2279 3069 2544 3124 tardiores
2563 3079 2690 3125 sunt
2713 3069 2780 3124 ad
2815 3069 3170 3136 credendum,
3189 3069 3614 3142 diﬂicillimeqne

2053 3145 2344 3202 ﬂectuntur
2379 3161 2438 3202 ut
2467 3151 2671 3220 eligant
2699 3160 2753 3207 et
2791 3153 3006 3220 sapiant
3045 3169 3165 3222 quae
3200 3153 3516 3208 conducunt
3545 3155 3612 3207 ad

2053 3242 2284 3296 salutem
2314 3243 2382 3296 ".
2412 3241 2680 3298 Caeterum
2708 3245 2854 3298 haud
2888 3245 3132 3314 impune,
3193 3262 3316 3300 cum
3349 3245 3516 3312 aliqui
3561 3246 3613 3301 id

2049 3335 2196 3402 quod
2218 3337 2348 3390 utile
2373 3345 2456 3391 est
2484 3339 2736 3406 amplecti
2768 3339 3110 3405 debuissent,
3165 3341 3230 3392 ad
3265 3339 3617 3408 incorrigibi-

2049 3426 2153 3482 lem
2189 3427 2628 3482 incredulitatem
2661 3428 3108 3494 declinaverunt;
3138 3439 3192 3484 et
3246 3428 3508 3484 habentes
3533 3429 3616 3482 lu-

2048 3539 2172 3578 men
2208 3524 2452 3588 cmleste,
2489 3523 2662 3592 magis
2690 3534 3016 3578 amaverunt
3039 3523 3322 3580 ambulare
3351 3524 3404 3578 in
3456 3531 3616 3578 nocte

2047 3618 2172 3671 etin
2231 3617 2472 3670 tenebris
2514 3616 2580 3671 ".
2623 3617 2779 3682 Quod
2824 3625 2878 3672 et
2928 3617 3194 3686 propheta
3247 3613 3616 3670 subindicavit

2049 3709 2235 3764 dicens
2264 3726 2277 3762 :
2302 3709 2465 3780 340
2497 3729 2514 3761 ι
2548 3711 2683 3764 Cum
2717 3717 3126 3776 exspectassent
3155 3708 3351 3770 lucem,
3382 3705 3617 3759 tenebra:

2049 3787 2128 3856 eis
2161 3800 2318 3854 facta:
2355 3811 2502 3863 sunt,
2535 3813 2915 3868 exspectantes
2941 3800 3311 3868 splendorem,
3365 3797 3418 3849 in
3454 3806 3615 3848 nocte

2047 3893 2468 3948 ambulaverunt
2497 3893 2562 3946 ⁷⁸.
2604 3911 2622 3942 ι
2657 3892 3082 3946 Permanserunt
3121 3890 3268 3942 enim
3302 3887 3424 3942 duri
3453 3893 3615 3954 atque

2047 3985 2302 4047 ell‘renes,
2329 3998 2506 4053 neque
2545 3983 2710 4036 ullam
2769 3983 2996 4036 omnino
3043 3980 3292 4033 utilitatis
3345 3977 3612 4032 rationem

2049 4074 2379 4136 habuerunt,
2413 4081 2507 4126 aut
2532 4086 2718 4125 eorum
2747 4085 2843 4137 per
2867 4086 2986 4139 qua:
3016 4069 3264 4124 licuisset
3295 4068 3430 4138 ipsis
3453 4067 3613 4122 noxia

2049 4165 2303 4234 ellugere.
2328 4162 2660 4218 lnclamabat
2685 4161 2828 4217 enim
2857 4161 3106 4217 Christus
3143 4179 3159 4226 ;
3189 4179 3206 4212 ι
3243 4159 3355 4231 Ego
3381 4173 3501 4214 sum
3525 4158 3614 4212 lux

2050 4257 2240 4312 mundi
2273 4257 2342 4311 τ’.
2391 4274 2406 4306 ι
2441 4255 2504 4310 Et
2540 4273 2553 4308 :
2595 4273 2614 4307 ι
2657 4255 2792 4308 Dum
2849 4253 3022 4308 lucem
3053 4253 3288 4317 habetis,
3338 4251 3614 4307 ambulate

370 4345 479 4413 γὰρ
518 4345 546 4396 ὁ
585 4343 850 4413 Χριστός·
889 4360 906 4392 ι
955 4340 1094 4408 Ἐγώ
1141 4342 1255 4410 εἰμι
1301 4343 1362 4393 τὸ
1394 4341 1506 4410 φῶς
1536 4341 1628 4394 τοῦ
1663 4341 1934 4406 κόσμου.)

2051 4353 2104 4405 in
2146 4353 2290 4414 luce,
2321 4363 2386 4404 ne
2447 4363 2543 4402 vos
2606 4348 2840 4402 tenebrae
2880 4346 3346 4412 comprehendant
3371 4345 3436 4401 '°.
3477 4363 3494 4397 ι
3546 4345 3615 4398 At

377 4439 506 4501 Καὶ,
550 4456 567 4487 ι
599 4437 743 4498 Ἕως
785 4428 845 4488 οὗ
876 4435 936 4487 τὸ
978 4434 1092 4500 φῶς
1132 4434 1304 4502 ἔχετε,
1360 4435 1706 4504 περιπατεῖτε
1763 4434 1819 4485 ὲν
1866 4431 1938 4502 τῷ

375 4529 534 4595 φωτὶ,
570 4528 657 4580 ἵνα
684 4528 755 4597 μὴ
795 4531 828 4595 ὴ
857 4527 1042 4579 σκοτία
1067 4526 1208 4594 ὑμᾶς
1243 4525 1536 4593 καταλάϐῃ.
1571 4543 1586 4573 ι
1619 4526 1680 4577 Οἱ
1711 4523 1768 4575 δὲ
1802 4519 1940 4593 ἦσαν

374 4621 431 4670 ὲν
463 4619 564 4688 ἴσῳ
593 4622 704 4680 τοῖς
734 4619 834 4670 οὐκ
878 4617 1060 4686 έχουσι
1101 4616 1244 4678 νοῦν,
1379 4617 1599 4686 φρένας.
1657 4616 1942 4684 Τοιγάρτοι

377 4709 470 4762 καὶ
493 4709 911 4778 κατελήφθησαν
941 4707 1044 4760 ὑπὸ
1077 4707 1177 4775 τῆς
1221 4706 1460 4768 σκοτίας,
1489 4707 1582 4758 καὶ
1609 4695 1940 4758 διατελοῦσιν

377 4798 450 4861 ὡς
499 4801 556 4852 ἐν
602 4799 776 4858 νυκτὶ,
825 4797 1077 4866 ἁμέτοχοι
1111 4795 1383 4857 παντελῶς
1413 4796 1510 4864 τῆς
1557 4794 1702 4856 θείας
1743 4794 1936 4862 αὐγῆς,

373 4889 469 4940 καὶ
500 4889 561 4940 τὸ
605 4888 718 4957 φῶς
756 4887 817 4938 τὸ
855 4887 997 4939 θεῖον
1045 4886 1144 4937 οὐκ
1186 4885 1428 4954 ἔχοντες·
1463 4887 1523 4938 οὐ
1574 4886 1782 4936 συνιᾶσι
1838 4885 1944 4952 γὰρ

377 4976 655 5038 παντελῶς
703 4976 802 5043 τὴν
837 4975 1186 5027 θεόπνευστον
1229 4975 1466 5041 Γραψήν.
1516 4973 1625 5025 Καὶ
1659 4973 1744 5025 διὰ
1789 4973 1946 5025 ποίαν

375 5070 577 5132 αἰτίαν,
627 5070 882 5136 σαφηνιεῖ
912 5067 1081 5134 λέγων
1131 5067 1260 5134 ἡμῖν
1305 5067 1332 5116 ὁ
1365 5065 1646 5127 θεσπέσιος
1700 5063 1942 5127 Παῦλος·

383 5181 400 5210 ι
439 5163 603 5230 ’Ἄχρι
633 5161 741 5228 γὰρ
764 5159 861 5226 τῆς
898 5159 1132 5227 σήμερον
1169 5156 1379 5224 ἡμέρας
1417 5156 1475 5208 τὸ
1516 5157 1642 5208 αὐτὸ
1685 5155 1947 5226 κάλυμμα

377 5253 470 5306 ἐπὶ
511 5254 574 5320 τῇ
617 5247 917 5316 ἀναγνώσει
955 5249 1052 5317 τῆς
1079 5246 1317 5308 Παλαιᾶς
1356 5246 1627 5315 Διαθήκης
1679 5247 1824 5312 μένει
1872 5247 1945 5316 μὴ

375 5341 892 5408 ἁ·.ιακαλυπτόμενον
915 5377 928 5401 ,
961 5339 1042 5390 ὅτι
1065 5340 1120 5387 ὲν
1143 5335 1358 5405 Χριστῷ
1395 5337 1767 5404 καταργεῖται.
1807 5336 1945 5388 Ἀλλ’

375 5435 482 5496 ἓως
521 5435 758 5501 σήμερον
791 5431 950 5499 ἡνίκα
977 5425 1406 5493 ἀναγινώσκεται
1429 5426 1652 5494 Μωσῆς,
1684 5427 1946 5496 κάλυμμα

377 5525 472 5576 ἐπὶ
511 5526 607 5594 τήν
653 5521 878 5590 καρδίαν
919 5518 1096 5572 αὐτῶν
1137 5519 1330 5569 κεῖται.
1385 5517 1572 5569 Ἠνίκα
1623 5517 1666 5570 δ’
1713 5518 1776 5570 ἂν
1827 5519 1944 5569 ἐπι-

483 5649 500 5678 Ι

458 5709 498 5736 ⁷⁸
543 5706 640 5758 Isa.
673 5721 776 5760 t.\t.
820 5703 899 5764 I0,
938 5704 1014 5754 II.

385 5793 464 5830 ιιι,
509 5778 580 5828 Ill,
699 5776 742 5802 7“
795 5775 889 5824 Isa.
944 5789 1042 5828 [ιχ.
1076 5773 1124 5822 τι.

1095 5703 1137 5730 ⁷³
1171 5701 1284 5751 Art.
1333 5715 1437 5759 \‘Ill,
1476 5701 1560 5753 51L

1223 5772 1264 5799 ⁷³
1297 5769 1448 5822 Joan.
1482 5786 1590 5828 \lll,
1639 5771 1716 5822 lii.

1639 5701 1682 5730 7"
1730 5702 1929 5754 λιιι-ειμι.
1985 5719 2034 5762 v,
2088 5703 2172 5754 9|.

1800 5773 1840 5800 ⁸ο
1879 5770 2031 5824 Jnan.
2067 5789 2155 5834 λιι,
2189 5773 2274 5824 53.

2049 4458 2173 4497 vero
2197 4444 2285 4498 isti
2319 4457 2444 4496 eum
2477 4441 2686 4495 similes
2708 4445 2891 4494 essent
2942 4437 3249 4492 amentibus
3270 4453 3332 4491 ac
3357 4437 3611 4504 stupitlis,

2047 4524 2116 4578 ab
2144 4524 2273 4592 ipsis
2309 4525 2550 4578 tenebris
2587 4525 2910 4593 apprehensi
2945 4536 3105 4588 sunt,
3158 4536 3212 4580 et
3258 4537 3509 4595 tanquam
3563 4531 3614 4581 in

2047 4624 2206 4668 nocte
2231 4623 2526 4677 versantes,
2555 4615 2701 4668 nulla
2724 4630 2788 4668 ex
2816 4625 2964 4682 parte
2985 4615 3277 4684 participes
3299 4627 3424 4670 sunt
3442 4618 3618 4685 splen-

2047 4705 2198 4760 doris
2230 4705 2420 4768 divini,
2457 4721 2556 4759 nec
2583 4705 2633 4758 in
2658 4721 2714 4760 se
2739 4705 2980 4759 divinam
3006 4707 3179 4762 lucem
3205 4708 3404 4762 habent
3433 4725 3445 4759 :
3474 4709 3620 4760 nullo

2046 4797 2192 4851 enim
2217 4797 2378 4850 modo
2403 4795 2736 4866 Seriptttram
2761 4797 3024 4852 divinitus
3059 4799 3373 4867 inspiratam
3415 4799 3619 4852 intelli-

2043 4895 2195 4954 gunt.
2231 4888 2462 4941 Causam
2490 4904 2618 4941 vero
2649 4887 2839 4941 beatus
2870 4889 3026 4941 nobis
3049 4889 3246 4940 Paulus
3281 4887 3614 4940 declarabit:

2052 4993 2068 5022 (
2112 4973 2291 5042 Usque
2336 4973 2400 5028 ad
2433 4975 2779 5035 hodiernum,
2819 4975 3092 5041 inquiens,
3147 4973 3314 5036 diem,
3371 4975 3619 5028 velamen

2046 5065 2096 5118 in
2124 5065 2355 5119 lectione
2377 5065 2930 5119 Veteris'l‘estamenti
2952 5073 3132 5116 manet
3167 5078 3270 5116 non
3299 5067 3618 5128 revelatum,

2044 5157 2170 5225 quia
2225 5157 2443 5210 Christo
2494 5157 2761 5210 aboletur.
2837 5147 2941 5208 Sed
2981 5170 3151 5222 usque
3193 5155 3248 5208 in
3297 5156 3618 5210 hodiernum

2053 5247 2196 5300 diem
2242 5247 2460 5314 quando
2507 5247 2704 5315 legitur
2737 5247 2938 5309 Moses,
2988 5245 3230 5300 velamen
3275 5247 3328 5300 in
3363 5247 3621 5302 cordibus

2055 5337 2295 5406 ipsorum
2326 5337 2559 5402 pOsitum
2601 5347 2702 5391 est.
2742 5337 2875 5391 Cum
2920 5347 3103 5390 autem
3151 5354 3208 5393 se
3254 5340 3620 5394 converterint

2054 5426 2117 5478 ad
2143 5425 2441 5486 Christum,
2470 5427 2688 5479 tolletur
2722 5427 2987 5481 velamen.
3023 5428 3284 5483 Dominus
3305 5439 3486 5482 autem
3515 5431 3622 5497 spi-

2055 5517 2192 5569 ritus
2237 5527 2337 5568 est.
2374 5515 2469 5570 Ubi
2505 5527 2684 5570 autem
2727 5517 2954 5587 Spiritus
2985 5521 3216 5584 Ilotuini,
3263 5521 3335 5574 ibi
3376 5531 3424 5574 el
3455 5520 3619 5572 liberm

2668 5699 2712 5727 Ἴ(

2255 5705 2296 5732 τ’·
2352 5701 2504 5752 .loan.
2566 5716 2612 5758 ι’,
2666 5701 2749 5752 ὗε),
2857 5701 2900 5728 7"
2947 5701 3097 5753 llnm.
3134 5720 3201 5758 \l.
3265 5706 3315 5756 '7.
3395 5701 3619 5752 "Jnan.
