4066 6282
430 415 532 470 555

1445 412 1500 469 S.
1539 410 1814 473 CYRILLI
1852 414 2321 475 ALEXANDRINI
2357 418 2673 480 ARCHIEP.

3574 420 3679 478 536

429 543 514 587 tas
537 532 601 586 θ’.
639 549 657 580 ι
698 529 832 586 Vide
866 527 1031 599 igitur
1067 542 1215 582 nunc
1247 529 1569 599 mysterium
1603 529 1708 585 hoc
1730 530 1894 585 etiam
1944 530 1998 585 in

2108 533 2311 607 στρέψῃ
2338 535 2478 607 πρὸς
2504 534 2727 607 Κύριον,
2760 535 3110 606 παραιρεῖται
3130 533 3191 587 τὸ
3224 532 3505 606 κάλυμμα.
3543 534 3601 589 '0
3622 536 3679 591 δὲ

429 620 601 676 sacris
638 629 694 675 et
730 618 1011 673 veteribus
1043 618 1264 688 scriptis
1308 620 1633 689 pmlucens.
1685 620 1776 675 Sic
1818 631 2002 677 autem

430 713 594 768 habet
632 730 644 764 :
689 730 707 761 ι
739 711 807 765 Et
840 709 981 764 dixit
1010 711 1279 766 Dominus
1308 712 1377 766 ad
1411 712 1596 769 Mosen
1632 733 1646 773 ι
1685 713 1876 770 Scribe
1902 714 2001 770 tibi

426 805 594 858 verba
625 803 743 858 haec
778 821 791 856 :
822 802 909 857 his
932 803 1080 857 enim
1102 802 1289 859 verbis
1330 804 1528 860 faciam
1564 804 1744 861 tecum
1784 816 1840 862 et
1875 823 2002 864 cum

425 896 625 954 Israele
665 904 1075 951 testamentum.
1112 897 1181 953 Ει
1201 907 1322 955 erat
1355 898 1428 954 ibi
1458 900 1634 954 Moses
1671 914 1856 955 coram
1891 902 2002 957 Dov

379 980 386 1000 ³
426 989 577 1043 mino
626 988 988 1059 quadraginta
1014 988 1211 1045 diebus
1238 998 1294 1045 et
1336 990 1695 1061 quadraginta
1725 992 1998 1048 noctibus.

425 1080 629 1137 Panem
652 1095 762 1134 non
787 1079 1045 1143 comedit,
1072 1096 1252 1150 neque
1281 1097 1475 1151 aquam
1508 1082 1668 1135 bibit.
1692 1082 1761 1136 Et
1784 1082 2004 1153 scripsit

424 1171 597 1227 verba
629 1172 747 1227 hrec
793 1173 848 1226 in
913 1172 1114 1227 tabulis
1158 1175 1507 1240 testamenti,
1540 1174 1731 1230 decem
1768 1176 1998 1232 scilicet.

427 1263 565 1318 Cum
595 1271 777 1319 autem
806 1263 1165 1319 descenderet
1190 1264 1366 1320 Moses
1400 1264 1468 1320 de
1500 1273 1714 1331 monte,
1749 1266 1872 1321 dum
1918 1275 2002 1321 ta-

428 1354 571 1410 bulae
600 1365 759 1410 erant
784 1355 838 1409 in
883 1353 1138 1410 manibus
1168 1354 1360 1425 ipsius.
1416 1355 1524 1410 Sed
1562 1356 1903 1412 descendens
1933 1357 2001 1412 de

427 1453 611 1501 monte
657 1446 944 1518 ignorabat
971 1445 1119 1517 quod
1163 1448 1501 1519 gloriﬁcatus
1536 1449 1715 1503 fuerat
1750 1459 2002 1519 aspectus

328 1560 335 1565 ν
425 1539 569 1595 cutis
597 1539 757 1594 faciei
798 1555 930 1604 suae,
958 1539 1179 1594 interim
1197 1538 1329 1593 dum
1350 1539 1682 1611 loquebatur
1705 1541 1804 1611 ipsi
1836 1543 1997 1601 Deus.

429 1632 682 1701 Viditque
698 1632 881 1686 Aaron
897 1638 954 1685 et
976 1646 1169 1686 omnes
1191 1631 1438 1686 seniores
1454 1632 1675 1687 lsraelis
1704 1634 1908 1693 Mosen.
1933 1634 2001 1689 Et

425 1733 543 1783 erat
567 1722 904 1796 gloriﬁcatus
947 1731 1204 1793 aspectus
1238 1702 1381 1778 cutis
1422 1723 1581 1779 faciei
1627 1727 1747 1795 ejus
1782 1743 1795 1779 :
1838 1734 1894 1780 et
1928 1725 1999 1780 ti-

425 1824 684 1871 muerunt
712 1815 1154 1886 appropinquare
1188 1815 1262 1870 ei.
1305 1815 1374 1869 Et
1406 1817 1621 1870 vocavit
1660 1831 1757 1871 eos
1801 1816 1997 1881 Moses,

425 1906 789 1974 conversique
823 1913 952 1960 sunt
983 1906 1051 1959 ad
1084 1920 1213 1960 eum
1245 1905 1428 1961 Aaron
1455 1916 1510 1962 et
1547 1923 1740 1963 omnes
1787 1908 1997 1979 prinei-
2032 1888 2072 1944 Β

426 2012 523 2067 pes
540 1996 852 2068 Synagogae.
876 1996 944 2050 Et
971 1997 1189 2052 locutus
1203 2004 1290 2052 est
1327 1998 1436 2052 illis
1465 1998 1671 2063 Moses,
1720 2006 1777 2054 et
1808 2008 2001 2071 postea

394 2094 777 2145 ,accesserunt
804 2086 874 2142 ad
911 2102 1038 2142 eum
1076 2103 1267 2143 omnes
1286 2088 1383 2142 ﬁlii
1416 2088 1653 2144 Israelis.
1680 2090 1750 2144 Et
1773 2091 2001 2146 manda-

425 2180 506 2234 vit
522 2181 603 2235 eis
627 2180 816 2235 dicens
841 2181 1027 2235 omnia
1061 2196 1183 2251 qua:
1213 2180 1432 2236 locutus
1467 2189 1587 2235 erat
1628 2181 1895 2237 Dominus
1931 2183 2001 2237 ad

405 2268 606 2338 ipsum
634 2268 689 2322 in
716 2276 901 2324 monte
927 2268 1097 2323 Sinai.
1124 2269 1194 2323 Et
1214 2277 1504 2339 postquam
1536 2271 1619 2325 eis
1642 2271 1791 2341 loqui
1817 2288 2001 2326 cessa-

425 2357 526 2421 vit,
561 2358 819 2427 imposuit
847 2358 1096 2413 velamen
1135 2359 1192 2413 in
1226 2359 1421 2415 faciem
1459 2375 1635 2414 suam.
1678 2360 1834 2431 341
1863 2359 2000 2415 Cum

425 2457 611 2509 autem
644 2450 1027 2521 ingrederetur
1043 2449 1111 2505 ad
1146 2451 1461 2517 Dominum,
1493 2460 1555 2506 ut
1586 2452 1908 2521 loqueretur
1932 2451 2001 2506 ad

426 2558 578 2608 eum,
609 2544 898 2598 amovebat
923 2545 1172 2599 velamen
1202 2545 1379 2600 donec
1417 2546 1612 2600 exiret.
1646 2547 1714 2600 Et
1748 2560 2003 2616 egressus

428 2636 758 2706 loquebatur
793 2637 1007 2692 eunetis
1033 2628 1160 2693 ﬁliis
1182 2638 1371 2703 Israel,
1412 2653 1475 2693 ea
1509 2653 1630 2708 qum
1668 2646 2003 2707 pmccperat

418 2727 711 2783 Dominus.
742 2728 1120 2799 Videruntque
1143 2728 1239 2784 filii
1266 2730 1431 2786 Israel
1456 2730 1601 2801 quod
1629 2730 1798 2785 facies
1837 2728 2003 2784 Mosis

427 2819 730 2890 glorificata
755 2828 924 2875 esset.
953 2821 1022 2875 Et
1048 2820 1310 2891 imposuit
1339 2821 1519 2877 Moses
1550 2822 1799 2876 velamen
1836 2836 2004 2890 super

428 2909 624 2966 faciem
668 2926 844 2974 suam,
894 2910 1071 2966 donec
1116 2911 1500 2983 ingrederetur
1550 2911 1616 2966 ad
1665 2912 2001 2981 loquendum

428 3016 553 3054 cum
582 3016 649 3055 eo
672 3002 738 3055 “.
765 3021 782 3053 ι
816 3000 1023 3056 Scribit
1053 3001 1276 3071 quidem
1293 3002 1459 3073 hujus
1479 3003 1724 3058 universi
1760 3003 1904 3057 Deus
1926 3003 2004 3058 le-

427 3108 547 3162 gem
574 3093 628 3147 in
654 3088 857 3150 tabulis
879 3094 1129 3164 lapideis.
1176 3093 1283 3149 Sed
1310 3101 1599 3164 postquam
1631 3094 1798 3150 facies
1818 3095 1999 3159 Mosis,

2102 628 2306 697 Κύριος
2341 627 2401 681 τὸ
2433 626 2647 700 πνεῦμά
2682 629 2850 683 ἐστιν.
2894 619 2969 680 Οῧ
3004 627 3060 681 δὲ
3099 627 3161 680 τδ
3190 625 3411 696 πνεῦμα
3447 628 3677 699 Κυρίου,

2102 722 2219 773 ἐκεῖ
2246 720 2543 791 ἐλευθερία.
2579 738 2596 771 ι
2633 718 2823 791 Ἀθρει
2856 717 2921 789 δὴ
2941 714 3034 773 οὖν
3064 719 3124 771 τὸ
3158 718 3457 790 μυστήριον
3484 720 3542 772 ὲν
3565 721 3678 783 τοῖς

2105 811 2269 883 ἱεροῖς
2296 812 2389 865 καί
2431 810 2806 883 ἀρχαιοτέροις
2843 810 3307 882 προσαναλάμπον
3331 811 3677 882 γράμμασιν.

2106 902 2257 972 Ἔχει
2283 902 2338 955 δὲ
2369 900 2540 964 οὕτως
2561 916 2576 932 ο
2610 920 2628 953 ι
2670 900 2779 954 Kal
2810 896 2934 953 εἷπε
2992 899 3197 971 Κύριος
3243 904 3381 970 πρὸς
3433 901 3640 969 Μωσῆν
3660 917 3675 932 ·

2103 992 2325 1063 Γράψον
2364 991 2577 1063 σεαυτῷ
2613 992 2682 1045 τιὰ
2720 993 2937 1064 ῥήματα
2965 990 3136 1045 ταῦτα
3158 1008 3172 1021 ·
3204 990 3298 1044 ἐπὶ
3326 989 3434 1062 γὰρ
3459 990 3569 1044 τῶν
3592 990 3678 1043 λό.

2102 1101 2214 1154 γων
2239 1084 2445 1138 τούτων
2471 1083 2773 1155 τεθὴσομαί
2802 1100 2882 1137 σοι
2908 1082 3172 1154 διαθήκην
3198 1082 3292 1136 καὶ
3319 1082 3398 1152 τῷ
3441 1083 3675 1153 Ἰσραήλ.

2101 1178 2212 1231 Kal
2259 1175 2329 1249 ἦν
2374 1179 2492 1232 ἐκεῖ
2538 1177 2745 1247 Μωσῆς
2796 1175 2971 1230 ἔναντι
3016 1174 3222 1246 Κυρίου
3266 1174 3679 1244 τεσσαράκοντα

2099 1271 2208 1342 ήμέ
2218 1288 2312 1341 ρας
2357 1272 2450 1324 καὶ
2474 1270 2879 1342 τεσσαράκοντα
2895 1266 3115 1331 νύκτας.
3141 1268 3337 1338 Ἀρτον
3364 1267 3464 1320 οὐκ
3480 1266 3673 1337 ἔφαγε,

2102 1363 2195 1417 καί
2236 1362 2379 1434 ὓδωρ
2410 1363 2510 1416 οὐκ
2550 1361 2691 1417 ἔπιε.
2739 1361 2848 1414 Kal
2878 1360 3084 1432 ἔγραψε
3113 1359 3180 1413 τὰ
3230 1360 3453 1429 ῥήματα
3502 1358 3677 1412 ταῦτα

2102 1455 2192 1507 ἐπὶ
2221 1454 2330 1507 τῶν
2358 1453 2581 1507 πλακῶν
2608 1455 2707 1523 τῆς
2736 1451 3018 1524 διαθήκης,
3043 1451 3173 1515 τοὺς
3192 1451 3324 1505 δέκα
3342 1449 3553 1517 λόγους.
3585 1450 3676 1513 Ὠς

2102 1546 2157 1599 δὲ
2191 1546 2393 1618 κατέϐη
2433 1546 2638 1617 Μωσῆς
2666 1544 2773 1599 ἀπὸ
2794 1544 2888 1598 τοῦ
2916 1543 3099 1616 ὅρους,
3132 1544 3225 1597 καὶ
3260 1544 3317 1597 αἰ
3346 1542 3438 1596 δύο
3468 1542 3677 1603 πλάκες

2103 1639 2196 1690 ἐπὶ
2226 1636 2334 1691 τῶν
2372 1638 2570 1708 χειρῶν
2604 1638 2802 1707 Μωσῆ.
2849 1634 3284 1696 Καταὸαίνοντος
3325 1633 3382 1687 δὲ
3415 1632 3578 1686 αὐτοῦ
3610 1634 3677 1686 ὲκ

2100 1725 2195 1781 τοῦ
2226 1727 2404 1797 ὅρους.
2438 1726 2643 1796 Μωσῆς
2672 1727 2773 1778 οὐκ
2792 1725 2908 1796 ᾔδει
2932 1725 3016 1777 ὅτι
3048 1723 3410 1793 δεδόξασταιὴ
3441 1722 3562 1792 ὄψις
3580 1723 3675 1776 τοῦ

2102 1820 2310 1891 χρωτὸς
2362 1820 2458 1872 τοῦ
2505 1818 2798 1890 προσώπου
2853 1816 3019 1870 αὑτοῦ
3066 1818 3123 1869 ὲν
3163 1816 3243 1887 τῷ
3289 1816 3471 1869 λαλεῖν
3514 1815 3679 1869 αὑτὸν

2102 1911 2271 1983 αὐτῷ.
2300 1910 2410 1964 Kal
2438 1906 2580 1963 εἶδεν
2616 1909 2826 1981 Ἀαρὼν
2868 1909 2965 1961 καὶ
3001 1907 3202 1971 πάντες
3230 1908 3279 1961 οἱ
3315 1905 3677 1977 πρεσϐύτεροι

2115 2003 2330 2075 Ἰσραὴλ
2352 2002 2443 2056 τὸν
2470 2001 2694 2070 Μωσῆν.
2728 2001 2837 2055 Kal
2864 1996 2932 2071 ἦν
2962 1998 3322 2069 δεδοξασμένη
3353 1999 3386 2068 ἡ
3421 1997 3543 2066 δψις
3580 1994 3675 2049 τοῦ

2103 2094 2309 2165 χρωτὸς
2318 2091 2412 2146 τοῦ
2433 2089 2619 2163 προσὼ
2629 2107 2726 2143 που
2742 2088 2905 2142 αὐτοῦ
2916 2128 2928 2152 ,
2944 2088 3038 2142 καὶ
3051 2086 3446 2158 ὲφ66[ήθ]ησαν
3458 2081 3677 2152 ἐγγίσαι

2102 2185 2269 2254 αὐτῷ.
2316 2186 2428 2239 Kal
2468 2183 2722 2239 ἐκάλεσεν
2762 2181 2957 2246 αὐτοὺς
2995 2181 3218 2250 Μωσῆς,
3267 2179 3361 2233 καὶ
3408 2175 3679 2244 ἐπεστρά-

2103 2293 2281 2346 φησαν
2323 2276 2457 2346 πρὸς
2509 2274 2671 2329 αὺτδν
2724 2272 2934 2346 Ἀαρὼν
2992 2273 3087 2327 καὶ
3132 2271 3331 2335 πάντες
3380 2272 3428 2323 οἰ
3477 2268 3679 2337 ἄρχον-

2101 2385 2191 2430 τες
2225 2369 2322 2436 τῆς
2349 2368 2702 2438 Συναγωγῆς.
2741 2368 2851 2419 Kal
2875 2365 3104 2433 ὲλάλησε
3135 2363 3271 2435 πρδς
3314 2362 3506 2424 αὐτοὶ),
3546 2360 3673 2413 Mm-

2104 2459 2222 2528 σῆς,
2275 2457 2367 2511 καὶ
2422 2457 2558 2527 μετὰ
2596 2456 2771 2510 ταῦτα
2816 2455 3125 2528 προσῆλθον
3169 2453 3306 2524 πρὸς
3336 2451 3497 2506 αὐτὸν
3538 2451 3679 2504 πάν·-

2101 2564 2192 2611 τες
2233 2547 2283 2599 οἰ
2317 2547 2422 2599 υἱοὶ
2486 2545 2721 2617 Ἰσραήλ.
2772 2546 2883 2600 Καὶ
2933 2545 3233 2599 ἐνετείλατο
3279 2545 3460 2607 αὐτοῖς
3503 2541 3680 2608 λέγων

2104 2639 2282 2699 πάντα
2309 2637 2408 2690 ὅσα
2455 2636 2685 2705 ὲλάλησε
2713 2638 2850 2707 πρὸς
2883 2635 3049 2689 αὑτὸν
3099 2634 3305 2705 Κύριος
3349 2636 3407 2687 ὲν
3449 2632 3526 2702 τῷ
3559 2632 3680 2703 δρει

2104 2728 2249 2799 Σινᾷ.
2295 2728 2407 2781 Kal
2451 2726 2638 2798 ἐπειδὴ
2694 2725 3006 2780 κατέπαυσε
3049 2724 3234 2777 λαλεῖν
3280 2725 3418 2795 πρὸς
3456 2723 3680 2787 αὐτοὺς,

2103 2818 2373 2890 ἐπέθηκεν
2453 2820 2546 2874 ἐπὶ
2627 2820 2690 2872 τὸ
2779 2818 3068 2889 πρόσωπον
3137 2815 3302 2871 αὐτοῦ
3390 2815 3680 2883 κάλυμμα.

2115 2911 2306 2966 Ἠνίκα
2340 2911 2385 2964 δ’
2425 2912 2492 2966 ἂν
2521 2912 2901 2983 εἰσεπορεύετο
2931 2910 3135 2980 Μωσῆς
3165 2908 3406 2962 ἐναντίον
3435 2907 3642 2977 Κυρίου
3666 2946 3680 2969 ,

2103 3000 2280 3056 λαλεῖν
2311 3000 2491 3073 αὐτῷ,
2524 3001 2776 3072 περιῄρει
2815 3001 2877 3053 τὸ
2908 2999 3193 3070 κάλυμμα,
3227 2998 3331 3061 ἓως
3375 2996 3469 3050 τοῦ
3507 2998 3680 3049 ἐκπο-

2107 3092 2376 3167 ρεύεσθαι.
2422 3094 2532 3148 Καὶ
2564 3092 2794 3160 ἐξελθὼν
2856 3092 3033 3145 ἐλάλει
3073 3094 3207 3144 πᾶσι
3250 3094 3362 3154 τοῖς
3401 3092 3535 3152 υἱοῖς
3577 3089 3684 3142 Ἰσ-

427 3182 520 3254 qui
547 3199 644 3253 per
674 3182 1033 3254 quadraginta
1066 3183 1186 3239 dies
1215 3183 1290 3237 ibi
1324 3182 1608 3249 remansit,
1638 3192 1693 3238 et
1724 3183 1792 3238 ab
1828 3181 2005 3238 omni-

2113 3187 2269 3257 ραὴλ,
2300 3186 2400 3240 ὅσα
2434 3184 2733 3239 ἐνετείλατο
2781 3182 2929 3253 αὐτῷ
2959 3184 2987 3234 ὁ
3038 3182 3263 3255 Κύριος.
3302 3181 3411 3235 Kal
3454 3176 3596 3232 εἶδον
3631 3180 3684 3233 οι

426 3272 534 3328 bus
568 3273 825 3329 humanis
865 3274 1154 3339 abstinuit,
1208 3274 1410 3330 divina:
1446 3275 1585 3330 lucis
1631 3276 1864 3345 appulsu
1912 3291 2003 3331 re-

429 3365 817 3435 splenduisset,
835 3366 1233 3435 obstupescunt
1260 3366 1367 3421 hoc
1400 3367 1714 3436 spectaculo
1739 3367 1900 3423 electi
1922 3367 2004 3422 Is-

431 3456 658 3520 raelitze,
692 3471 755 3511 ac
777 3472 888 3525 pra:
909 3456 1030 3512 aliis
1059 3455 1259 3511 Aaron.
1295 3457 1636 3512 Recedcntes
1667 3466 1849 3511 autem
1869 3458 2002 3528 jam,

431 3557 488 3601 et
511 3562 632 3607 sese
659 3548 714 3603 in
733 3548 913 3617 fugam
946 3557 1227 3604 vertentes
1262 3549 1559 3603 revocabat
1594 3549 1791 3611 Moses,
1816 3549 2008 3618 loque-

431 3639 704 3709 baturque
734 3639 814 3694 sic
838 3638 962 3693 filiis
991 3638 1209 3694 Israelis
1232 3639 1483 3693 velamen
1513 3639 1670 3694 faciei
1701 3654 2002 3709 apponens,

430 3731 777 3800 effusumque
817 3730 1017 3786 divinae
1051 3729 1192 3785 lucis
1223 3729 1438 3784 radium
1490 3730 1605 3784 suis
1635 3729 2009 3784 adumbratio-

328 3889 340 3893 _
431 3823 594 3878 nibus
637 3821 880 3878 efﬁciens
929 3822 1108 3878 turbis
1136 3821 1522 3877 tolerandum:
1568 3840 1587 3872 ‹
1620 3820 1726 3877 Sed
1765 3820 2005 3891 quando,

428 3915 526 3979 ait,
548 3914 663 3969 ibat
694 3913 762 3969 ad
805 3914 999 3979 Deum,
1047 3913 1406 3969 amovebatur
1438 3915 1712 3969 velamen.
1749 3931 1767 3964 ι
1796 3913 2006 3968 Intelli-

430 4005 583 4074 gisne
612 4020 722 4076 quo
763 4012 923 4074 pacto
961 4004 1278 4062 Judzeorum
1322 4005 1556 4076 ingeniis
1594 4006 1689 4060 lux
1714 4006 1878 4061 etiam
1922 4005 2008 4075 ip-

429 4097 547 4152 sius
584 4097 722 4168 legis
748 4097 823 4152 sit
852 4097 1257 4167 quodammodo
1304 4097 1915 4167 incomprehensibilis?
1949 4096 2007 4152 Si

431 4197 613 4241 autem
646 4202 710 4242 ea
741 4202 865 4256 qua;
888 4188 1095 4255 scripta
1127 4196 1275 4251 sunt,
1317 4189 1679 4258 spiritualiter
1701 4188 2010 4257 intelligan-

434 4286 545 4337 tur,
574 4277 708 4330 nihil
741 4276 889 4330 aliud
910 4277 1203 4349 rel‘ulgebit
1226 4294 1390 4347 quam
1424 4279 1630 4333 Christi
1661 4280 2005 4348 mysterium,

434 4365 680 4419 divinum
708 4365 842 4420 illud
871 4376 927 4421 et
942 4366 1308 4422 clarissimum
1336 4368 1523 4422 lumen
1550 4368 1862 4423 auditorum
1887 4383 2011 4423 cor-

434 4455 597 4512 dibus
621 4457 944 4513 immittens.
984 4457 1261 4514 Caeterum
1300 4457 1563 4514 Israelita:
1599 4474 1712 4514 non
1754 4467 2010 4530 poterant

2112 3278 2218 3333 υἱοὶ
2263 3277 2478 3349 Ἰσραὴλ
2522 3276 2583 3330 τὸ
2625 3275 2915 3347 πρόσωπον
2950 3273 3196 3336 Μωσέως
3226 3274 3307 3327 ὅτι
3345 3268 3682 3335 δεδόξασται.

2112 3370 2221 3424 Kal
2269 3369 2562 3440 περιέθηκε
2612 3367 2817 3437 Μωσῆς
2861 3365 3123 3434 κάλυμμα
3173 3364 3266 3417 ἐπὶ
3304 3363 3363 3417 τὸ
3393 3363 3686 3431 πρόσωπον

2112 3461 2297 3525 αὐτοῦ,
2325 3460 2429 3523 ἕως
2458 3459 2522 3512 ἂν
2565 3459 2783 3530 εἰσέλθῃ
2814 3456 3093 3511 συλλαλεῖν
3126 3454 3292 3524 αὐτῷ.
3331 3474 3350 3505 ι
3391 3452 3687 3522 Καταγράο

2112 3568 2202 3621 φει
2235 3551 2332 3621 μὲν
2360 3549 2468 3619 γὰρ
2508 3552 2619 3613 τοῖς
2651 3551 2714 3601 ὲκ
2751 3548 2913 3601 λίθων
2956 3547 3165 3611 πυξίοις
3205 3548 3296 3599 τὸν
3325 3546 3487 3616 νόμον
3519 3546 3547 3597 ὁ
3574 3543 3685 3597 τῶν

2114 3644 2249 3699 ὅλων
2279 3641 2430 3705 Θεός.
2480 3639 2695 3710 Ἐπειδὴ
2716 3638 2772 3692 δὲ
2800 3641 2865 3710 τῇ
2893 3637 2987 3691 τοῦ
3021 3638 3165 3691 θείου
3197 3637 3374 3707 φωτὸς
3405 3634 3684 3706 προσϐολῇ

2115 3735 2479 3806 κατηγλάῖστο
2497 3732 2681 3786 λοιπὸν
2698 3731 2759 3784 τὸ
2778 3730 3020 3794 Μωσέως
3038 3729 3351 3800 πρόσωπον,
3368 3728 3425 3781 ὲν
3447 3726 3687 3798 ἡμέραις

2111 3825 2518 3896 τεσσαράκοντα
2553 3821 3022 3895 προσεδρεύοντος,
3059 3822 3153 3875 καὶ
3183 3819 3294 3872 τῶν
3327 3819 3689 3890 ἀνθρωπίνων

2112 3917 2467 3988 ὴφειδηκότος
2499 3915 2696 3979 αὐτῶν,
2725 3913 2982 3982 ἀγνοοῦσι
3020 3912 3156 3982 προς
3185 3910 3282 3981 τὴν
3316 3909 3445 3963 θέαν
3477 3910 3527 3962 οἰ
3552 3909 3692 3961 and.

2113 4008 2291 4062 λεκτοι
2312 4007 2419 4061 τῶν
2440 4007 2497 4072 ἐξ
2531 4007 2763 4079 Ἰσραὴλ,
2782 4009 2877 4060 καὶ
2894 4007 2999 4079 πρό
3023 4024 3087 4075 γε
3115 4006 3224 4059 τῶν
3246 4005 3421 4060 ἄλλων
3452 4003 3686 4074 ’Δαρὼν.

2127 4098 2562 4166 Ἀποιροιτῶντας
2593 4098 2649 4151 δὲ
2677 4098 2776 4169 ἤδη
2817 4099 2909 4151 καὶ
2940 4099 3021 4161 εἰς
3055 4096 3230 4168 φυγὴν
3264 4095 3647 4166 τραπομένους
3668 4135 3688 4159 ,

2114 4189 2429 4261 ἐπιστρέφει
2477 4189 2712 4258 Μωσῆς,
2750 4188 3071 4258 προσελάλει
3110 4206 3170 4242 τε
3219 4187 3362 4241 οὓτω
3392 4190 3507 4250 τοῖς
3551 4188 3695 4250 υἰοῖς

2127 4280 2341 4352 Ἰσραὴλ
2365 4322 2378 4347 ,
2414 4279 2785 4352 προκαθιστάς
2815 4279 2908 4333 τοῦ
2964 4278 3256 4349 προσώπου
3292 4277 3351 4331 τὸ
3380 4277 3648 4347 κάλυμμα
3672 4317 3691 4338 ,

2115 4376 2206 4430 καί¹
2243 4374 2336 4428 τοῦ
2368 4372 2511 4427 θείου
2538 4371 2715 4441 φωτὶς
2742 4371 2837 4443 τὴν
2873 4370 3317 4443 προσερχομένην
3350 4370 3545 4422 ἀκτῖνα
3574 4370 3694 4431 τοῖς

2115 4466 2560 4534 κατασκιάσμασι
2599 4463 2751 4533 μόλις
2771 4463 3011 4534 φορητὴν
3036 4464 3150 4525 τοῖς
3180 4461 3358 4531 ὄχλοις
3386 4457 3694 4512 ἀποτελῶν.

432 4556 599 4604 tantae
629 4550 929 4619 majestatis
984 4550 1153 4605 verba
1203 4550 1414 4615 audire,
1457 4567 1637 4621 neque
1693 4553 1829 4607 citra
1861 4567 2005 4608 sum-

2121 4580 2139 4614 ι
2190 4559 2327 4613 Ἀλλ’
2362 4558 2544 4629 ἡνίκα,
2576 4557 2761 4627 φησὶν,
2802 4554 2974 4626 εἰσῄει
3002 4554 3137 4625 πρὸς
3165 4554 3256 4606 τὸν
3293 4552 3459 4615 Θεὸν,
3491 4564 3697 4621 περιῃ-

433 4655 583 4695 mum
621 4640 865 4695 laborem
896 4641 1139 4713 mysterii
1164 4642 1509 4699 altitudinem
1547 4644 1830 4699 intellectu
1855 4659 2009 4699 com-

432 4732 1027 4804 prehendereJdcirco
1055 4734 1407 4798 Nicodemus,
1433 4751 1556 4790 cum
1591 4736 1833 4790 audisset
1852 4735 2013 4790 Chri-

434 4835 579 4880 stum
606 4824 675 4880 de
699 4824 972 4896 Spirituali
999 4825 1415 4896 regeneratione
1440 4826 1881 4891 concionantem,
1909 4825 2010 4880 fri-

434 4922 556 4993 gide
581 4921 876 4977 admodum
909 4930 966 4977 et
995 4921 1284 4993 pueriliter
1331 4922 1516 4993 erupit
1551 4923 1609 4976 in
1649 4922 1765 4977 haec
1801 4923 2008 4977 verba:

440 5029 459 5060 ι
491 5009 775 5077 Quomodo
795 5019 975 5083 potest
995 5011 1160 5066 homo
1177 5012 1326 5067 nasci
1348 5028 1472 5067 cum
1484 5013 1595 5082 jam
1618 5013 2012 5073 consenuerit?

432 5102 572 5160 Num
604 5112 786 5173 potest
815 5104 871 5159 in
900 5113 1120 5160 uterum
1155 5103 1351 5159 matris
1384 5103 1567 5159 redire
1609 5112 1666 5158 et
1700 5103 1882 5158 denuo
1906 5120 2007 5158 na—

428 5195 510 5250 sci
536 5193 659 5248 "1H
692 5193 834 5262 Quin
857 5204 912 5251 et
937 5195 1199 5267 posthinc,
1229 5195 1617 5251 cumChristus
1644 5195 1922 5260 suaderet,
1953 5196 2005 5249 id

431 5288 579 5358 quod
616 5297 856 5343 mentem
906 5288 1283 5358 rationemque
1327 5296 1569 5343 nostram
1595 5289 1848 5354 excedit,
1903 5288 2009 5344 ﬁde

430 5379 773 5449 apprehendi
820 5377 1022 5435 debere
1046 5420 1060 5444 ,
1112 5378 1347 5435 addebat
1386 5397 1399 5432 :
1439 5400 1455 5431 ι
1494 5379 1782 5446 Quomodo
1832 5387 2013 5450 potest

432 5469 539 5525 hoc
567 5469 792 5525 ﬁeri“?
821 5490 839 5523 ι
897 5486 1209 5542 quanquam
1257 5471 1340 5525 lex
1396 5472 1629 5528 infinitis
1675 5471 1789 5529 fere
1826 5471 2015 5541 figuris

348 5630 352 5634 '
435 5561 781 5615 adumbrarit
802 5561 1009 5616 Christi
1035 5563 1378 5632 mysterium,
1415 5561 1687 5627 Quocirca
1725 5563 1892 5617 etiam
1928 5560 2013 5612 le-

436 5652 517 5729 gis
542 5652 920 5721 ipsinslumen
946 5654 1147 5707 Iudaeis
1187 5654 1744 5722 incomprehensibtle
1776 5662 1880 5717 est,
1932 5655 2016 5708 id-

507 5831 887 5895 "110mm,
929 5830 1111 5896 Η-Π.
1192 5832 1235 5863 ⁸³
1288 5830 1458 5887 Exmi.
1516 5848 1690 5896 X\.\j:v,
1750 5833 1938 5887 9.7-3.3.

2110 4650 2255 4722 ρεῖτο
2288 4648 2350 4700 τὸ
2388 4646 2673 4717 κάλυμμα.
2712 4663 2731 4696 ι
2768 4645 2936 4706 Σύνες
2973 4642 3028 4696 δὲ
3075 4638 3168 4696 οὖν
3197 4643 3347 4704 ὅπως
3384 4642 3507 4703 ταῖς
3555 4639 3700 4693 Ἰουο

2107 4740 2271 4794 δαίων
2314 4737 2572 4800 διανοίαις
2604 4735 2887 4807 ἀχὼρητόν
2921 4733 3037 4797 πῶς
3088 4735 3204 4787 ἐστι
3245 4733 3339 4786 καὶ
3383 4728 3547 4785 αὐτοῦ
3592 4728 3695 4782 τοῦ

2108 4832 2271 4903 νόμου
2332 4830 2392 4883 τὸ
2445 4829 2581 4899 φῶς.
2640 4828 2703 4881 Εἰ
2747 4826 2801 4879 δὲ
2856 4828 3027 4878 νοοῖτο
3079 4822 3467 4893 πνευματικῶς
3512 4818 3580 4872 τὰ
3629 4819 3733 4897 ἐν’

2109 4922 2259 4991 αὐτῷ
2290 4919 2678 4992 γεγραμμένα·
2733 4915 3067 4988 ἀποστρέψει
3121 4913 3231 4986 γὰρ
3275 4914 3463 4984 ἕτερον
3510 4909 3695 4971 οὐδὲν,

2115 5014 2149 5084 ἢ
2192 5013 2251 5067 τὸ
2279 5010 2372 5064 τοῦ
2400 5009 2635 5080 Χριστοῦ
2684 5011 3003 5079 μυστήριον,
3037 5006 3133 5060 καὶ
3174 5008 3293 5067 ταῖς
3327 5003 3433 5057 τῶν
3468 5003 3693 5072 ἀκροωο

2119 5105 2294 5176 μένων
2333 5101 2583 5173 καρδίαις
2623 5100 2682 5153 τὸ
2718 5099 2859 5152 θεῖόν
2888 5116 2947 5153 τε
2998 5099 3091 5153 καὶ
3130 5096 3487 5151 διειδέστατον
3514 5092 3698 5161 ἐνίησι

2119 5199 2251 5267 φῶς.
2318 5195 2456 5249 Ἀλλ’
2494 5195 2594 5248 οὐκ
2648 5192 2713 5246 ἂν
2766 5191 2874 5245 τῶν
2931 5189 3075 5245 οὕτω
3120 5187 3333 5242 σεπτῶν
3386 5181 3700 5255 ἀκροᾶσθαι

2117 5288 2292 5356 λόγων
2321 5288 2371 5341 οἰ
2405 5284 2464 5352 ἐξ
2514 5284 2731 5354 Ἰσραὴλ
2754 5325 2768 5348 ,
2804 5283 2912 5336 οὐδ’
2945 5280 3012 5335 ἂν
3056 5281 3264 5333 συνεῖεν
3302 5274 3543 5347 ἀμογητὶ
3594 5273 3698 5327 τοῦ

2116 5377 2414 5449 μυστηρίου
2456 5374 2517 5428 τὸ
2569 5374 2749 5444 βάθος.
2791 5372 2900 5426 Kal
2947 5370 3051 5442 μὴν
3078 5372 3107 5423 ὁ
3134 5369 3444 5436 Νικόδημος
3471 5365 3562 5418 ὅτε
3595 5364 3702 5432 τὴν

2112 5468 2202 5522 διὰ
2256 5468 2564 5536 πνεύματος
2608 5464 2964 5534 ἀναγέννησιν
3010 5462 3251 5532 ἠκροᾶτο
3303 5459 3557 5526 λέγοντος
3596 5453 3701 5506 τοῦ

2114 5559 2389 5629 Χριστοῦ,
2444 5556 2667 5629 ψυχρῶς
2713 5573 2771 5609 τε
2830 5555 2925 5609 καὶ
2970 5551 3214 5624 ἀδρανῶς
3264 5544 3698 5613 ἀναπεφώνηκε,

2118 5650 2334 5718 λέγων*
2389 5669 2407 5702 ι
2473 5650 2594 5713 Πῶς
2651 5648 2868 5701 δύναται
2925 5647 3209 5716 ἅνθρωπος
3261 5636 3703 5706 άναγεννηθῆνιι

2022 5831 2068 5865 ⁸³
2114 5831 2270 5888 Joan.
2298 5846 2377 5893 In,
2406 5831 2455 5883 .l.
2531 5829 2576 5858 δ’·
2619 5829 2755 5883 ῐιιΜ.
2788 5829 2838 5888 β,
