  <div class='ocr_page' id='page_1' title='image "/cluster/home/n/w/nwhite01/storage/ocr_20150623/69/mdp.39015078384446/276.png"; bbox 0 0 4066 6282; ppageno 0'>
   <div class='ocr_carea' id='block_1_1' title="bbox 345 382 448 438">
    <p class='ocr_par' dir='ltr' id='par_1_1' title="bbox 345 382 448 438">
     <span class='ocr_line' id='line_1_1' title="bbox 345 382 448 438; baseline 0 0"><span class='ocrx_word' id='word_1_1' title='bbox 345 382 448 438; x_wconf 75' lang='lat'><strong>537</strong></span> 
     </span>
    </p>
   </div>
   <div class='ocr_carea' id='block_1_2' title="bbox 1333 388 2572 451">
    <p class='ocr_par' dir='ltr' id='par_1_2' title="bbox 1333 388 2572 451">
     <span class='ocr_line' id='line_1_2' title="bbox 1333 388 2572 451; baseline 0 -2"><span class='ocrx_word' id='word_1_2' title='bbox 1333 389 1861 450; x_wconf 73' lang='lat' dir='ltr'><strong>CLAPHYRORUM</strong></span> <span class='ocrx_word' id='word_1_3' title='bbox 1900 388 1967 445; x_wconf 80' lang='grc' dir='ltr'><strong>ΙΝ</strong></span> <span class='ocrx_word' id='word_1_4' title='bbox 2009 389 2294 450; x_wconf 75' lang='lat' dir='ltr'><strong>EXODUM</strong></span> <span class='ocrx_word' id='word_1_5' title='bbox 2334 393 2462 451; x_wconf 82' lang='lat' dir='ltr'><strong>LIB.</strong></span> <span class='ocrx_word' id='word_1_6' title='bbox 2504 393 2572 449; x_wconf 84' lang='grc' dir='ltr'><strong>ιιι</strong></span> 
     </span>
    </p>
   </div>
   <div class='ocr_carea' id='block_1_3' title="bbox 3510 390 3616 448">
    <p class='ocr_par' dir='ltr' id='par_1_3' title="bbox 3510 390 3616 448">
     <span class='ocr_line' id='line_1_3' title="bbox 3510 390 3616 448; baseline 0 0"><span class='ocrx_word' id='word_1_7' title='bbox 3510 390 3616 448; x_wconf 71' lang='grc'><strong>338</strong></span> 
     </span>
    </p>
   </div>
   <div class='ocr_carea' id='block_1_4' title="bbox 346 499 1916 581">
    <p class='ocr_par' dir='ltr' id='par_1_4' title="bbox 346 499 1916 581">
     <span class='ocr_line' id='line_1_4' title="bbox 346 499 1916 581; baseline -0.006 -14"><span class='ocrx_word' id='word_1_8' title='bbox 346 499 526 570; x_wconf 75' lang='grc' dir='ltr'>γέρων</span> <span class='ocrx_word' id='word_1_9' title='bbox 571 500 682 571; x_wconf 81' lang='grc' dir='ltr'>ῶν;</span> <span class='ocrx_word' id='word_1_10' title='bbox 726 508 819 580; x_wconf 79' lang='grc' dir='ltr'><strong>Μὴ</strong></span> <span class='ocrx_word' id='word_1_11' title='bbox 846 507 1067 564; x_wconf 78' lang='grc' dir='ltr'>δύναται</span> <span class='ocrx_word' id='word_1_12' title='bbox 1096 511 1177 575; x_wconf 80' lang='grc' dir='ltr'><strong>είς</strong></span> <span class='ocrx_word' id='word_1_13' title='bbox 1203 510 1303 580; x_wconf 80' lang='grc' dir='ltr'>τὴν</span> <span class='ocrx_word' id='word_1_14' title='bbox 1333 509 1541 565; x_wconf 77' lang='grc' dir='ltr'><strong>κοιλίαν</strong></span> <span class='ocrx_word' id='word_1_15' title='bbox 1569 509 1668 581; x_wconf 82' lang='grc' dir='ltr'>τῆς</span> <span class='ocrx_word' id='word_1_16' title='bbox 1716 506 1916 578; x_wconf 78' lang='grc' dir='ltr'>μητρὸς</span> 
     </span>
    </p>
   </div>
   <div class='ocr_carea' id='block_1_5' title="bbox 2018 499 3611 581">
    <p class='ocr_par' dir='ltr' id='par_1_5' title="bbox 2025 503 3611 577">
     <span class='ocr_line' id='line_1_5' title="bbox 2025 503 3611 577; baseline -0.002 -16"><span class='ocrx_word' id='word_1_17' title='bbox 2025 523 2131 577; x_wconf 89' lang='lat' dir='ltr'><strong>que</strong></span> <span class='ocrx_word' id='word_1_18' title='bbox 2156 523 2267 564; x_wconf 91' lang='lat' dir='ltr'><strong>non</strong></span> <span class='ocrx_word' id='word_1_19' title='bbox 2300 509 2465 564; x_wconf 89' lang='lat' dir='ltr'><strong>modo</strong></span> <span class='ocrx_word' id='word_1_20' title='bbox 2491 506 2744 573; x_wconf 77' lang='lat' dir='ltr'><strong>inﬁrmis,</strong></span> <span class='ocrx_word' id='word_1_21' title='bbox 2781 516 2945 577; x_wconf 85' lang='lat' dir='ltr'><strong>atque</strong></span> <span class='ocrx_word' id='word_1_22' title='bbox 2984 503 3311 577; x_wconf 70' lang='lat' dir='ltr'><strong>promiscua:</strong></span> <span class='ocrx_word' id='word_1_23' title='bbox 3355 505 3611 559; x_wconf 79' lang='lat' dir='ltr'><strong>multitu-</strong></span> 
     </span>
    </p>
   </div>
   <div class='ocr_carea' id='block_1_6' title="bbox 349 592 1923 672">
    <p class='ocr_par' dir='ltr' id='par_1_6' title="bbox 349 592 1923 672">
     <span class='ocr_line' id='line_1_6' title="bbox 349 592 1923 672; baseline 0.004 -29"><span class='ocrx_word' id='word_1_24' title='bbox 349 592 509 646; x_wconf 78' lang='grc' dir='ltr'>αὐτοῦ</span> <span class='ocrx_word' id='word_1_25' title='bbox 543 594 794 668; x_wconf 84' lang='grc' dir='ltr'>δεύτερον</span> <span class='ocrx_word' id='word_1_26' title='bbox 826 601 1086 657; x_wconf 74' lang='grc' dir='ltr'><strong>εἰσελθεῖν</strong></span> <span class='ocrx_word' id='word_1_27' title='bbox 1114 602 1211 657; x_wconf 73' lang='grc' dir='ltr'>καὶ</span> <span class='ocrx_word' id='word_1_28' title='bbox 1247 600 1577 672; x_wconf 75' lang='grc' dir='ltr'><strong>γεννηθῆναι</strong></span> <span class='ocrx_word' id='word_1_29' title='bbox 1598 619 1614 665; x_wconf 88' lang='lat'><strong>;</strong></span> <span class='ocrx_word' id='word_1_30' title='bbox 1637 596 1923 670; x_wconf 74' lang='grc' dir='ltr'>»Προσετί-</span> 
     </span>
    </p>
   </div>
   <div class='ocr_carea' id='block_1_7' title="bbox 350 681 1925 762">
    <p class='ocr_par' dir='ltr' id='par_1_7' title="bbox 350 681 1925 762">
     <span class='ocr_line' id='line_1_7' title="bbox 350 681 1925 762; baseline 0.005 -27"><span class='ocrx_word' id='word_1_31' title='bbox 350 681 431 736; x_wconf 77' lang='grc' dir='ltr'><strong>θει</strong></span> <span class='ocrx_word' id='word_1_32' title='bbox 469 685 527 740; x_wconf 65' lang='grc' dir='ltr'>δὲ</span> <span class='ocrx_word' id='word_1_33' title='bbox 577 689 809 756; x_wconf 76' lang='grc' dir='ltr'><strong>τούτοις,</strong></span> <span class='ocrx_word' id='word_1_34' title='bbox 847 694 1231 761; x_wconf 85' lang='grc' dir='ltr'>ἀναπείθοντος</span> <span class='ocrx_word' id='word_1_35' title='bbox 1272 694 1433 748; x_wconf 76' lang='grc' dir='ltr'>αὐτὸν</span> <span class='ocrx_word' id='word_1_36' title='bbox 1462 694 1557 747; x_wconf 87' lang='grc' dir='ltr'><strong>τοῦ</strong></span> <span class='ocrx_word' id='word_1_37' title='bbox 1594 689 1832 762; x_wconf 79' lang='grc' dir='ltr'><strong>Χριστοῦ</strong></span> <span class='ocrx_word' id='word_1_38' title='bbox 1863 690 1925 743; x_wconf 79' lang='grc' dir='ltr'><strong>τδ</strong></span> 
     </span>
    </p>
   </div>
   <div class='ocr_carea' id='block_1_8' title="bbox 349 774 1924 858">
    <p class='ocr_par' dir='ltr' id='par_1_8' title="bbox 349 774 1924 858">
     <span class='ocr_line' id='line_1_8' title="bbox 349 774 1924 858; baseline -0.008 -14"><span class='ocrx_word' id='word_1_39' title='bbox 349 774 546 844; x_wconf 77' lang='grc' dir='ltr'>κρῆναι</span> <span class='ocrx_word' id='word_1_40' title='bbox 582 779 759 835; x_wconf 79' lang='grc' dir='ltr'><strong>πίστει</strong></span> <span class='ocrx_word' id='word_1_41' title='bbox 781 786 945 857; x_wconf 77' lang='grc' dir='ltr'>τιμᾷν</span> <span class='ocrx_word' id='word_1_42' title='bbox 976 785 1044 839; x_wconf 83' lang='grc' dir='ltr'><strong>τὰ</strong></span> <span class='ocrx_word' id='word_1_43' title='bbox 1071 785 1212 858; x_wconf 70' lang='grc' dir='ltr'>ὑπὲρ</span> <span class='ocrx_word' id='word_1_44' title='bbox 1235 784 1362 839; x_wconf 86' lang='grc' dir='ltr'>νοῦν</span> <span class='ocrx_word' id='word_1_45' title='bbox 1394 785 1488 839; x_wconf 78' lang='grc' dir='ltr'>καὶ</span> <span class='ocrx_word' id='word_1_46' title='bbox 1515 784 1672 852; x_wconf 84' lang='grc' dir='ltr'>λόγον</span> <span class='ocrx_word' id='word_1_47' title='bbox 1691 797 1704 810; x_wconf 91' lang='grc'><strong>·</strong></span> <span class='ocrx_word' id='word_1_48' title='bbox 1741 799 1759 833; x_wconf 76' lang='grc' dir='ltr'><strong>ι</strong></span> <span class='ocrx_word' id='word_1_49' title='bbox 1798 780 1924 842; x_wconf 85' lang='grc' dir='ltr'>Πῶς</span> 
     </span>
    </p>
   </div>
   <div class='ocr_carea' id='block_1_9' title="bbox 347 863 1923 942">
    <p class='ocr_par' dir='ltr' id='par_1_9' title="bbox 347 863 1923 942">
     <span class='ocr_line' id='line_1_9' title="bbox 347 863 1923 942; baseline 0.004 -27"><span class='ocrx_word' id='word_1_50' title='bbox 347 863 562 923; x_wconf 80' lang='grc' dir='ltr'>δύναται</span> <span class='ocrx_word' id='word_1_51' title='bbox 611 869 781 924; x_wconf 85' lang='grc' dir='ltr'>ταῦτα</span> <span class='ocrx_word' id='word_1_52' title='bbox 834 876 1125 942; x_wconf 74' lang='grc' dir='ltr'>γενέσθαις</span> <span class='ocrx_word' id='word_1_53' title='bbox 1175 894 1195 928; x_wconf 71' lang='grc' dir='ltr'><strong>ι</strong></span> <span class='ocrx_word' id='word_1_54' title='bbox 1252 875 1429 928; x_wconf 84' lang='grc' dir='ltr'>καίτοι</span> <span class='ocrx_word' id='word_1_55' title='bbox 1479 871 1573 927; x_wconf 87' lang='grc' dir='ltr'><strong>τοῦ</strong></span> <span class='ocrx_word' id='word_1_56' title='bbox 1625 871 1790 941; x_wconf 85' lang='grc' dir='ltr'>νόμου</span> <span class='ocrx_word' id='word_1_57' title='bbox 1835 867 1923 921; x_wconf 73' lang='grc' dir='ltr'><strong>διὰ</strong></span> 
     </span>
    </p>
   </div>
   <div class='ocr_carea' id='block_1_10' title="bbox 352 958 1923 1039">
    <p class='ocr_par' dir='ltr' id='par_1_10' title="bbox 352 958 1923 1039">
     <span class='ocr_line' id='line_1_10' title="bbox 352 958 1923 1039; baseline 0 -27"><span class='ocrx_word' id='word_1_58' title='bbox 352 958 558 1031; x_wconf 78' lang='grc' dir='ltr'>μυρίων</span> <span class='ocrx_word' id='word_1_59' title='bbox 576 963 716 1017; x_wconf 83' lang='grc' dir='ltr'><strong>ὅσων</strong></span> <span class='ocrx_word' id='word_1_60' title='bbox 742 967 1039 1037; x_wconf 75' lang='grc' dir='ltr'><strong>σχημάτων</strong></span> <span class='ocrx_word' id='word_1_61' title='bbox 1069 965 1587 1039; x_wconf 74' lang='grc' dir='ltr'>προαναγραφοντος</span> <span class='ocrx_word' id='word_1_62' title='bbox 1620 961 1681 1016; x_wconf 84' lang='grc' dir='ltr'>τὸ</span> <span class='ocrx_word' id='word_1_63' title='bbox 1718 961 1923 1032; x_wconf 75' lang='grc' dir='ltr'>μυστή-</span> 
     </span>
    </p>
   </div>
   <div class='ocr_carea' id='block_1_11' title="bbox 353 1051 1920 1129">
    <p class='ocr_par' dir='ltr' id='par_1_11' title="bbox 353 1051 1920 1129">
     <span class='ocr_line' id='line_1_11' title="bbox 353 1051 1920 1129; baseline 0.002 -28"><span class='ocrx_word' id='word_1_64' title='bbox 353 1064 481 1119; x_wconf 89' lang='grc' dir='ltr'>ριον.</span> <span class='ocrx_word' id='word_1_65' title='bbox 527 1053 733 1108; x_wconf 80' lang='grc' dir='ltr'>Οὐκοῦν</span> <span class='ocrx_word' id='word_1_66' title='bbox 779 1057 1160 1129; x_wconf 78' lang='grc' dir='ltr'>ἀπαρὰδεκτον</span> <span class='ocrx_word' id='word_1_67' title='bbox 1206 1056 1481 1120; x_wconf 73' lang='grc' dir='ltr'><strong>Ἰουδαίοις</strong></span> <span class='ocrx_word' id='word_1_68' title='bbox 1530 1057 1623 1108; x_wconf 71' lang='grc' dir='ltr'>καὶ</span> <span class='ocrx_word' id='word_1_69' title='bbox 1663 1053 1794 1107; x_wconf 69' lang='grc' dir='ltr'>αὐτὸ</span> <span class='ocrx_word' id='word_1_70' title='bbox 1824 1051 1920 1105; x_wconf 83' lang='grc' dir='ltr'><strong>τοῦ</strong></span> 
     </span>
    </p>
   </div>
   <div class='ocr_carea' id='block_1_12' title="bbox 347 1140 1921 1221">
    <p class='ocr_par' dir='ltr' id='par_1_12' title="bbox 347 1140 1921 1221">
     <span class='ocr_line' id='line_1_12' title="bbox 347 1140 1921 1221; baseline -0.008 -11"><span class='ocrx_word' id='word_1_71' title='bbox 347 1140 508 1210; x_wconf 68' lang='grc' dir='ltr'><strong>νόμου</strong></span> <span class='ocrx_word' id='word_1_72' title='bbox 549 1145 684 1212; x_wconf 82' lang='grc' dir='ltr'>φῶς,</span> <span class='ocrx_word' id='word_1_73' title='bbox 718 1148 813 1201; x_wconf 74' lang='grc' dir='ltr'><strong>καὶ</strong></span> <span class='ocrx_word' id='word_1_74' title='bbox 846 1149 968 1219; x_wconf 74' lang='grc' dir='ltr'>οὐχὶ</span> <span class='ocrx_word' id='word_1_75' title='bbox 1010 1148 1076 1221; x_wconf 80' lang='grc' dir='ltr'>δὴ</span> <span class='ocrx_word' id='word_1_76' title='bbox 1134 1150 1316 1221; x_wconf 85' lang='grc' dir='ltr'>μόνοις</span> <span class='ocrx_word' id='word_1_77' title='bbox 1363 1150 1476 1213; x_wconf 80' lang='grc' dir='ltr'>τοῖς</span> <span class='ocrx_word' id='word_1_78' title='bbox 1523 1146 1780 1219; x_wconf 80' lang='grc' dir='ltr'>ἀδρανέσι</span> <span class='ocrx_word' id='word_1_79' title='bbox 1826 1145 1921 1198; x_wconf 77' lang='grc' dir='ltr'>καὶ</span> 
     </span>
    </p>
   </div>
   <div class='ocr_carea' id='block_1_13' title="bbox 345 1231 1920 1305">
    <p class='ocr_par' dir='ltr' id='par_1_13' title="bbox 345 1231 1920 1305">
     <span class='ocr_line' id='line_1_13' title="bbox 345 1231 1920 1305; baseline 0.004 -20"><span class='ocrx_word' id='word_1_80' title='bbox 345 1231 632 1301; x_wconf 78' lang='grc' dir='ltr'>ἀγελαίοις,</span> <span class='ocrx_word' id='word_1_81' title='bbox 673 1238 809 1294; x_wconf 78' lang='grc' dir='ltr'><strong>ἀλλὰ</strong></span> <span class='ocrx_word' id='word_1_82' title='bbox 841 1242 935 1294; x_wconf 75' lang='grc' dir='ltr'>καὶ</span> <span class='ocrx_word' id='word_1_83' title='bbox 963 1242 1145 1305; x_wconf 81' lang='grc' dir='ltr'>αὐτοῖς</span> <span class='ocrx_word' id='word_1_84' title='bbox 1178 1244 1293 1305; x_wconf 85' lang='grc' dir='ltr'>τοῖς</span> <span class='ocrx_word' id='word_1_85' title='bbox 1339 1240 1659 1304; x_wconf 84' lang='grc' dir='ltr'>ἀπολέκτοις</span> <span class='ocrx_word' id='word_1_86' title='bbox 1704 1237 1798 1291; x_wconf 77' lang='grc' dir='ltr'>καὶ</span> <span class='ocrx_word' id='word_1_87' title='bbox 1843 1239 1920 1292; x_wconf 77' lang='lat' dir='ltr'><strong>ls-</strong></span> 
     </span>
    </p>
   </div>
   <div class='ocr_carea' id='block_1_14' title="bbox 347 1325 1922 1404">
    <p class='ocr_par' dir='ltr' id='par_1_14' title="bbox 347 1325 1922 1404">
     <span class='ocr_line' id='line_1_14' title="bbox 347 1325 1922 1404; baseline -0.003 -17"><span class='ocrx_word' id='word_1_88' title='bbox 347 1325 477 1392; x_wconf 76' lang='grc' dir='ltr'>ροῖς.</span> <span class='ocrx_word' id='word_1_89' title='bbox 523 1326 791 1397; x_wconf 80' lang='grc' dir='ltr'>Ἀκήκοας</span> <span class='ocrx_word' id='word_1_90' title='bbox 823 1331 934 1402; x_wconf 75' lang='grc' dir='ltr'>γὰρ</span> <span class='ocrx_word' id='word_1_91' title='bbox 961 1333 1044 1386; x_wconf 75' lang='grc' dir='ltr'>ὅτι</span> <span class='ocrx_word' id='word_1_92' title='bbox 1083 1332 1181 1404; x_wconf 75' lang='grc' dir='ltr'>τὴν</span> <span class='ocrx_word' id='word_1_93' title='bbox 1203 1333 1449 1398; x_wconf 72' lang='grc' dir='ltr'>Μωσέως</span> <span class='ocrx_word' id='word_1_94' title='bbox 1472 1331 1812 1401; x_wconf 72' lang='grc' dir='ltr'>πεφόδηνται</span> <span class='ocrx_word' id='word_1_95' title='bbox 1837 1330 1922 1383; x_wconf 90' lang='grc' dir='ltr'>δό-</span> 
     </span>
    </p>
   </div>
   <div class='ocr_carea' id='block_1_15' title="bbox 346 1412 1920 1497">
    <p class='ocr_par' dir='ltr' id='par_1_15' title="bbox 346 1412 1920 1497">
     <span class='ocr_line' id='line_1_15' title="bbox 346 1412 1920 1497; baseline -0.001 -21"><span class='ocrx_word' id='word_1_96' title='bbox 346 1412 439 1476; x_wconf 72' lang='grc' dir='ltr'><strong>ξαν</strong></span> <span class='ocrx_word' id='word_1_97' title='bbox 481 1416 576 1469; x_wconf 71' lang='grc' dir='ltr'><strong>σὺν</strong></span> <span class='ocrx_word' id='word_1_98' title='bbox 602 1422 712 1481; x_wconf 84' lang='grc' dir='ltr'>τοῖς</span> <span class='ocrx_word' id='word_1_99' title='bbox 740 1422 1127 1493; x_wconf 77' lang='grc' dir='ltr'>πρεσϐυτέροις</span> <span class='ocrx_word' id='word_1_100' title='bbox 1171 1423 1401 1497; x_wconf 69' lang='grc' dir='ltr'>Ἀαρών.</span> <span class='ocrx_word' id='word_1_101' title='bbox 1444 1423 1643 1477; x_wconf 86' lang='grc' dir='ltr'>Ἐτίθει</span> <span class='ocrx_word' id='word_1_102' title='bbox 1680 1422 1745 1493; x_wconf 89' lang='grc' dir='ltr'>δὴ</span> <span class='ocrx_word' id='word_1_103' title='bbox 1776 1414 1920 1475; x_wconf 77' lang='grc' dir='ltr'><strong>οὖνό</strong></span> 
     </span>
    </p>
   </div>
   <div class='ocr_carea' id='block_1_16' title="bbox 344 1505 1920 1587">
    <p class='ocr_par' dir='ltr' id='par_1_16' title="bbox 344 1505 1920 1587">
     <span class='ocr_line' id='line_1_16' title="bbox 344 1505 1920 1587; baseline 0.007 -31"><span class='ocrx_word' id='word_1_104' title='bbox 344 1505 553 1576; x_wconf 79' lang='grc' dir='ltr'>Μωσῆς</span> <span class='ocrx_word' id='word_1_105' title='bbox 580 1511 865 1581; x_wconf 81' lang='grc' dir='ltr'><strong>χρησίμως</strong></span> <span class='ocrx_word' id='word_1_106' title='bbox 893 1515 1098 1584; x_wconf 77' lang='grc' dir='ltr'>σφόδρα</span> <span class='ocrx_word' id='word_1_107' title='bbox 1119 1515 1180 1569; x_wconf 78' lang='grc' dir='ltr'>τὸ</span> <span class='ocrx_word' id='word_1_108' title='bbox 1205 1516 1484 1587; x_wconf 69' lang='grc' dir='ltr'>κάλυμμα.</span> <span class='ocrx_word' id='word_1_109' title='bbox 1512 1515 1920 1585; x_wconf 83' lang='grc' dir='ltr'>Κατασκίασμα</span> 
     </span>
    </p>
   </div>
   <div class='ocr_carea' id='block_1_17' title="bbox 343 1595 1919 1678">
    <p class='ocr_par' dir='ltr' id='par_1_17' title="bbox 343 1595 1919 1678">
     <span class='ocr_line' id='line_1_17' title="bbox 343 1595 1919 1678; baseline -0.002 -17"><span class='ocrx_word' id='word_1_110' title='bbox 343 1595 453 1665; x_wconf 64' lang='grc' dir='ltr'><strong>γάρ</strong></span> <span class='ocrx_word' id='word_1_111' title='bbox 481 1599 508 1650; x_wconf 87' lang='grc' dir='ltr'><strong>ό</strong></span> <span class='ocrx_word' id='word_1_112' title='bbox 546 1599 710 1668; x_wconf 86' lang='grc' dir='ltr'>νόμος</span> <span class='ocrx_word' id='word_1_113' title='bbox 747 1602 860 1673; x_wconf 76' lang='grc' dir='ltr'>ἔχει</span> <span class='ocrx_word' id='word_1_114' title='bbox 882 1646 897 1666; x_wconf 86' lang='grc'>,</span> <span class='ocrx_word' id='word_1_115' title='bbox 931 1605 992 1658; x_wconf 81' lang='grc' dir='ltr'>τὸ</span> <span class='ocrx_word' id='word_1_116' title='bbox 1016 1608 1160 1677; x_wconf 78' lang='grc' dir='ltr'>παχὺ</span> <span class='ocrx_word' id='word_1_117' title='bbox 1188 1606 1282 1661; x_wconf 85' lang='grc' dir='ltr'><strong>τοῦ</strong></span> <span class='ocrx_word' id='word_1_118' title='bbox 1314 1609 1661 1678; x_wconf 75' lang='grc' dir='ltr'>γράμματος,</span> <span class='ocrx_word' id='word_1_119' title='bbox 1695 1606 1790 1659; x_wconf 74' lang='grc' dir='ltr'>καὶ</span> <span class='ocrx_word' id='word_1_120' title='bbox 1818 1604 1919 1675; x_wconf 79' lang='grc' dir='ltr'>τῆς</span> 
     </span>
    </p>
   </div>
   <div class='ocr_carea' id='block_1_18' title="bbox 348 1688 1917 1771">
    <p class='ocr_par' dir='ltr' id='par_1_18' title="bbox 348 1688 1917 1771">
     <span class='ocr_line' id='line_1_18' title="bbox 348 1688 1917 1771; baseline 0.015 -35"><span class='ocrx_word' id='word_1_121' title='bbox 348 1688 591 1756; x_wconf 72' lang='grc' dir='ltr'><strong>ἱστορίας</strong></span> <span class='ocrx_word' id='word_1_122' title='bbox 617 1690 678 1743; x_wconf 81' lang='grc' dir='ltr'>τὸ</span> <span class='ocrx_word' id='word_1_123' title='bbox 706 1694 766 1745; x_wconf 85' lang='grc' dir='ltr'>οὐ</span> <span class='ocrx_word' id='word_1_124' title='bbox 794 1694 996 1767; x_wconf 72' lang='grc' dir='ltr'>σφόδρα</span> <span class='ocrx_word' id='word_1_125' title='bbox 1016 1697 1298 1771; x_wconf 83' lang='grc' dir='ltr'>λαμπρόν.</span> <span class='ocrx_word' id='word_1_126' title='bbox 1327 1699 1467 1751; x_wconf 81' lang='grc' dir='ltr'><strong>Ἀλλ’</strong></span> <span class='ocrx_word' id='word_1_127' title='bbox 1497 1700 1555 1752; x_wconf 82' lang='grc' dir='ltr'>ὲν</span> <span class='ocrx_word' id='word_1_128' title='bbox 1587 1697 1729 1767; x_wconf 70' lang='grc' dir='ltr'>ὄψει,</span> <span class='ocrx_word' id='word_1_129' title='bbox 1760 1696 1917 1766; x_wconf 69' lang='grc' dir='ltr'><strong>φησὶ,</strong></span> 
     </span>
    </p>
   </div>
   <div class='ocr_carea' id='block_1_19' title="bbox 348 1775 1915 1860">
    <p class='ocr_par' dir='ltr' id='par_1_19' title="bbox 348 1775 1915 1860">
     <span class='ocr_line' id='line_1_19' title="bbox 348 1775 1915 1860; baseline 0.013 -36"><span class='ocrx_word' id='word_1_130' title='bbox 348 1775 485 1827; x_wconf 79' lang='grc' dir='ltr'>Θεοῦ</span> <span class='ocrx_word' id='word_1_131' title='bbox 513 1780 891 1850; x_wconf 80' lang='grc' dir='ltr'>εἰσερχόμενος</span> <span class='ocrx_word' id='word_1_132' title='bbox 922 1788 950 1839; x_wconf 87' lang='grc' dir='ltr'>ὁ</span> <span class='ocrx_word' id='word_1_133' title='bbox 978 1788 1182 1857; x_wconf 82' lang='grc' dir='ltr'>Μωσῆς</span> <span class='ocrx_word' id='word_1_134' title='bbox 1211 1829 1226 1849; x_wconf 87' lang='grc'>,</span> <span class='ocrx_word' id='word_1_135' title='bbox 1261 1789 1510 1860; x_wconf 80' lang='grc' dir='ltr'>περιῄρει</span> <span class='ocrx_word' id='word_1_136' title='bbox 1533 1789 1595 1842; x_wconf 76' lang='grc' dir='ltr'>τὸ</span> <span class='ocrx_word' id='word_1_137' title='bbox 1629 1789 1915 1859; x_wconf 77' lang='grc' dir='ltr'><strong>κάλυμμα.</strong></span> 
     </span>
    </p>
   </div>
   <div class='ocr_carea' id='block_1_20' title="bbox 2025 596 3612 665">
    <p class='ocr_par' dir='ltr' id='par_1_20' title="bbox 2025 596 3612 665">
     <span class='ocr_line' id='line_1_20' title="bbox 2025 596 3612 665; baseline -0.001 -11"><span class='ocrx_word' id='word_1_138' title='bbox 2025 598 2163 665; x_wconf 86' lang='lat' dir='ltr'><strong>dini,</strong></span> <span class='ocrx_word' id='word_1_139' title='bbox 2189 599 2286 655; x_wconf 90' lang='lat' dir='ltr'><strong>sed</strong></span> <span class='ocrx_word' id='word_1_140' title='bbox 2316 602 2484 655; x_wconf 90' lang='lat' dir='ltr'><strong>etiam</strong></span> <span class='ocrx_word' id='word_1_141' title='bbox 2503 600 2698 656; x_wconf 76' lang='lat' dir='ltr'><strong>electis</strong></span> <span class='ocrx_word' id='word_1_142' title='bbox 2722 608 2778 654; x_wconf 90' lang='lat' dir='ltr'><strong>et</strong></span> <span class='ocrx_word' id='word_1_143' title='bbox 2797 598 3198 654; x_wconf 77' lang='lat' dir='ltr'><strong>sacerdotibus.</strong></span> <span class='ocrx_word' id='word_1_144' title='bbox 3223 596 3439 658; x_wconf 81' lang='lat' dir='ltr'><strong>Audisti</strong></span> <span class='ocrx_word' id='word_1_145' title='bbox 3463 597 3612 652; x_wconf 90' lang='lat' dir='ltr'><strong>enim</strong></span> 
     </span>
    </p>
   </div>
   <div class='ocr_carea' id='block_1_21' title="bbox 2024 688 3611 760">
    <p class='ocr_par' dir='ltr' id='par_1_21' title="bbox 2024 688 3611 760">
     <span class='ocr_line' id='line_1_21' title="bbox 2024 688 3611 760; baseline 0 -15"><span class='ocrx_word' id='word_1_146' title='bbox 2024 692 2172 760; x_wconf 89' lang='lat' dir='ltr'><strong>quod</strong></span> <span class='ocrx_word' id='word_1_147' title='bbox 2204 692 2388 748; x_wconf 79' lang='lat' dir='ltr'><strong>Aaron</strong></span> <span class='ocrx_word' id='word_1_148' title='bbox 2421 708 2531 747; x_wconf 85' lang='lat' dir='ltr'><strong>una</strong></span> <span class='ocrx_word' id='word_1_149' title='bbox 2552 707 2677 748; x_wconf 90' lang='lat' dir='ltr'><strong>cum</strong></span> <span class='ocrx_word' id='word_1_150' title='bbox 2709 691 3025 748; x_wconf 84' lang='lat' dir='ltr'><strong>senioribus</strong></span> <span class='ocrx_word' id='word_1_151' title='bbox 3063 689 3316 745; x_wconf 79' lang='lat' dir='ltr'><strong>exterriti</strong></span> <span class='ocrx_word' id='word_1_152' title='bbox 3352 688 3464 745; x_wconf 89' lang='lat' dir='ltr'><strong>sint</strong></span> <span class='ocrx_word' id='word_1_153' title='bbox 3494 689 3611 745; x_wconf 78' lang='lat' dir='ltr'><strong>Mo-</strong></span> 
     </span>
    </p>
   </div>
   <div class='ocr_carea' id='block_1_22' title="bbox 2023 780 3609 854">
    <p class='ocr_par' dir='ltr' id='par_1_22' title="bbox 2023 780 3609 854">
     <span class='ocr_line' id='line_1_22' title="bbox 2023 780 3609 854; baseline -0.001 -16"><span class='ocrx_word' id='word_1_154' title='bbox 2023 784 2100 839; x_wconf 91' lang='lat' dir='ltr'><strong>sis</strong></span> <span class='ocrx_word' id='word_1_155' title='bbox 2122 783 2312 854; x_wconf 84' lang='lat' dir='ltr'><strong>gloria.</strong></span> <span class='ocrx_word' id='word_1_156' title='bbox 2350 784 2470 839; x_wconf 93' lang='lat' dir='ltr'><strong>Non</strong></span> <span class='ocrx_word' id='word_1_157' title='bbox 2506 784 2606 839; x_wconf 90' lang='lat' dir='ltr'><strong>abs</strong></span> <span class='ocrx_word' id='word_1_158' title='bbox 2645 799 2702 839; x_wconf 88' lang='lat' dir='ltr'><strong>re</strong></span> <span class='ocrx_word' id='word_1_159' title='bbox 2737 784 2903 854; x_wconf 84' lang='lat' dir='ltr'><strong>igitur</strong></span> <span class='ocrx_word' id='word_1_160' title='bbox 2947 782 3123 836; x_wconf 81' lang='lat' dir='ltr'><strong>Moses</strong></span> <span class='ocrx_word' id='word_1_161' title='bbox 3156 780 3407 837; x_wconf 80' lang='lat' dir='ltr'><strong>velamen</strong></span> <span class='ocrx_word' id='word_1_162' title='bbox 3450 780 3609 837; x_wconf 80' lang='lat' dir='ltr'><strong>faciei</strong></span> 
     </span>
    </p>
   </div>
   <div class='ocr_carea' id='block_1_23' title="bbox 2022 872 3609 944">
    <p class='ocr_par' dir='ltr' id='par_1_23' title="bbox 2022 872 3609 944">
     <span class='ocr_line' id='line_1_23' title="bbox 2022 872 3609 944; baseline -0.002 -16"><span class='ocrx_word' id='word_1_163' title='bbox 2022 874 2415 944; x_wconf 70' lang='lat' dir='ltr'><strong>praetendebat.</strong></span> <span class='ocrx_word' id='word_1_164' title='bbox 2443 876 2577 930; x_wconf 82' lang='lat' dir='ltr'><strong>Nam</strong></span> <span class='ocrx_word' id='word_1_165' title='bbox 2597 876 2684 930; x_wconf 78' lang='lat' dir='ltr'><strong>lex</strong></span> <span class='ocrx_word' id='word_1_166' title='bbox 2707 875 2934 930; x_wconf 88' lang='lat' dir='ltr'><strong>densam</strong></span> <span class='ocrx_word' id='word_1_167' title='bbox 2958 873 3194 928; x_wconf 90' lang='lat' dir='ltr'><strong>habetin</strong></span> <span class='ocrx_word' id='word_1_168' title='bbox 3214 874 3398 927; x_wconf 84' lang='lat' dir='ltr'><strong>littera</strong></span> <span class='ocrx_word' id='word_1_169' title='bbox 3414 872 3609 926; x_wconf 91' lang='lat' dir='ltr'><strong>adum-</strong></span> 
     </span>
    </p>
   </div>
   <div class='ocr_carea' id='block_1_24' title="bbox 2023 961 3608 1036">
    <p class='ocr_par' dir='ltr' id='par_1_24' title="bbox 2023 961 3608 1036">
     <span class='ocr_line' id='line_1_24' title="bbox 2023 961 3608 1036; baseline -0.004 -16"><span class='ocrx_word' id='word_1_170' title='bbox 2023 966 2353 1030; x_wconf 89' lang='lat' dir='ltr'><strong>brationem,</strong></span> <span class='ocrx_word' id='word_1_171' title='bbox 2395 966 2877 1036; x_wconf 88' lang='lat' dir='ltr'><strong>narrationemque</strong></span> <span class='ocrx_word' id='word_1_172' title='bbox 2916 979 3028 1019; x_wconf 93' lang='lat' dir='ltr'><strong>non</strong></span> <span class='ocrx_word' id='word_1_173' title='bbox 3058 962 3355 1018; x_wconf 87' lang='lat' dir='ltr'><strong>admodum</strong></span> <span class='ocrx_word' id='word_1_174' title='bbox 3391 961 3608 1032; x_wconf 86' lang='lat' dir='ltr'><strong>perspi-</strong></span> 
     </span>
    </p>
   </div>
   <div class='ocr_carea' id='block_1_25' title="bbox 2022 1052 3607 1126">
    <p class='ocr_par' dir='ltr' id='par_1_25' title="bbox 2022 1052 3607 1126">
     <span class='ocr_line' id='line_1_25' title="bbox 2022 1052 3607 1126; baseline -0.004 -13"><span class='ocrx_word' id='word_1_175' title='bbox 2022 1073 2203 1113; x_wconf 91' lang='lat' dir='ltr'><strong>cuam.</strong></span> <span class='ocrx_word' id='word_1_176' title='bbox 2240 1058 2312 1112; x_wconf 83' lang='lat' dir='ltr'><strong>At</strong></span> <span class='ocrx_word' id='word_1_177' title='bbox 2342 1072 2478 1111; x_wconf 92' lang='lat' dir='ltr'><strong>vero</strong></span> <span class='ocrx_word' id='word_1_178' title='bbox 2513 1057 2688 1112; x_wconf 77' lang='lat' dir='ltr'><strong>Moses</strong></span> <span class='ocrx_word' id='word_1_179' title='bbox 2739 1056 2808 1112; x_wconf 89' lang='lat' dir='ltr'><strong>ad</strong></span> <span class='ocrx_word' id='word_1_180' title='bbox 2837 1063 3119 1126; x_wconf 87' lang='lat' dir='ltr'><strong>aspectum</strong></span> <span class='ocrx_word' id='word_1_181' title='bbox 3146 1054 3240 1108; x_wconf 89' lang='lat' dir='ltr'><strong>Dei</strong></span> <span class='ocrx_word' id='word_1_182' title='bbox 3276 1052 3607 1123; x_wconf 88' lang='lat' dir='ltr'><strong>procedens,</strong></span> 
     </span>
    </p>
   </div>
   <div class='ocr_carea' id='block_1_26' title="bbox 2023 1144 3608 1220">
    <p class='ocr_par' dir='ltr' id='par_1_26' title="bbox 2023 1144 3608 1220">
     <span class='ocr_line' id='line_1_26' title="bbox 2023 1144 3608 1220; baseline -0.004 -16"><span class='ocrx_word' id='word_1_183' title='bbox 2023 1148 2251 1205; x_wconf 89' lang='lat' dir='ltr'><strong>tollebat</strong></span> <span class='ocrx_word' id='word_1_184' title='bbox 2282 1149 2554 1204; x_wconf 82' lang='lat' dir='ltr'><strong>velamen.</strong></span> <span class='ocrx_word' id='word_1_185' title='bbox 2582 1147 2744 1220; x_wconf 61' lang='lat'><strong>35.2</strong></span> <span class='ocrx_word' id='word_1_186' title='bbox 2785 1146 2901 1202; x_wconf 83' lang='lat' dir='ltr'><strong>Hoc</strong></span> <span class='ocrx_word' id='word_1_187' title='bbox 2937 1154 3122 1201; x_wconf 91' lang='lat' dir='ltr'><strong>autem</strong></span> <span class='ocrx_word' id='word_1_188' title='bbox 3161 1145 3505 1199; x_wconf 84' lang='lat' dir='ltr'><strong>inveniemus</strong></span> <span class='ocrx_word' id='word_1_189' title='bbox 3551 1144 3608 1197; x_wconf 92' lang='lat' dir='ltr'><strong>in</strong></span> 
     </span>
    </p>
   </div>
   <div class='ocr_carea' id='block_1_27' title="bbox 2021 1234 3608 1310">
    <p class='ocr_par' dir='ltr' id='par_1_27' title="bbox 2021 1234 3608 1310">
     <span class='ocr_line' id='line_1_27' title="bbox 2021 1234 3608 1310; baseline -0.004 -16"><span class='ocrx_word' id='word_1_190' title='bbox 2021 1240 2438 1310; x_wconf 87' lang='lat' dir='ltr'><strong>nobismetipsis</strong></span> <span class='ocrx_word' id='word_1_191' title='bbox 2464 1254 2658 1295; x_wconf 85' lang='lat' dir='ltr'><strong>verum</strong></span> <span class='ocrx_word' id='word_1_192' title='bbox 2687 1254 2830 1294; x_wconf 86' lang='lat' dir='ltr'><strong>esse.</strong></span> <span class='ocrx_word' id='word_1_193' title='bbox 2878 1236 3019 1304; x_wconf 84' lang='lat' dir='ltr'><strong>Quia</strong></span> <span class='ocrx_word' id='word_1_194' title='bbox 3061 1250 3186 1290; x_wconf 90' lang='lat' dir='ltr'><strong>cum</strong></span> <span class='ocrx_word' id='word_1_195' title='bbox 3229 1234 3483 1296; x_wconf 83' lang='lat' dir='ltr'><strong>Christus</strong></span> <span class='ocrx_word' id='word_1_196' title='bbox 3505 1248 3608 1288; x_wconf 85' lang='lat' dir='ltr'><strong>nos</strong></span> 
     </span>
    </p>
   </div>
   <div class='ocr_carea' id='block_1_28' title="bbox 2020 1328 3604 1403">
    <p class='ocr_par' dir='ltr' id='par_1_28' title="bbox 2020 1328 3604 1403">
     <span class='ocr_line' id='line_1_28' title="bbox 2020 1328 3604 1403; baseline -0.006 -16"><span class='ocrx_word' id='word_1_197' title='bbox 2020 1333 2176 1388; x_wconf 88' lang='lat' dir='ltr'><strong>ducit</strong></span> <span class='ocrx_word' id='word_1_198' title='bbox 2195 1332 2605 1403; x_wconf 87' lang='lat' dir='ltr'><strong>quodammodo</strong></span> <span class='ocrx_word' id='word_1_199' title='bbox 2626 1332 2683 1386; x_wconf 91' lang='lat' dir='ltr'><strong>in</strong></span> <span class='ocrx_word' id='word_1_200' title='bbox 2711 1331 2811 1389; x_wconf 85' lang='lat' dir='ltr'><strong>Dei</strong></span> <span class='ocrx_word' id='word_1_201' title='bbox 2841 1345 2906 1385; x_wconf 90' lang='lat' dir='ltr'><strong>ac</strong></span> <span class='ocrx_word' id='word_1_202' title='bbox 2933 1328 3112 1386; x_wconf 83' lang='lat' dir='ltr'><strong>Patris</strong></span> <span class='ocrx_word' id='word_1_203' title='bbox 3140 1334 3423 1397; x_wconf 87' lang='lat' dir='ltr'><strong>aspectum</strong></span> <span class='ocrx_word' id='word_1_204' title='bbox 3444 1366 3458 1391; x_wconf 90' lang='lat'><strong>,</strong></span> <span class='ocrx_word' id='word_1_205' title='bbox 3488 1332 3604 1379; x_wconf 87' lang='lat' dir='ltr'><strong>tum</strong></span> 
     </span>
    </p>
   </div>
   <div class='ocr_carea' id='block_1_29' title="bbox 2021 1418 3607 1492">
    <p class='ocr_par' dir='ltr' id='par_1_29' title="bbox 2021 1418 3607 1492">
     <span class='ocr_line' id='line_1_29' title="bbox 2021 1418 3607 1492; baseline -0.004 -13"><span class='ocrx_word' id='word_1_206' title='bbox 2021 1423 2140 1479; x_wconf 81' lang='lat' dir='ltr'><strong>sine</strong></span> <span class='ocrx_word' id='word_1_207' title='bbox 2164 1423 2682 1479; x_wconf 85' lang='lat' dir='ltr'><strong>adumbrationibus</strong></span> <span class='ocrx_word' id='word_1_208' title='bbox 2711 1422 2876 1477; x_wconf 70' lang='lat' dir='ltr'><strong>Hosis</strong></span> <span class='ocrx_word' id='word_1_209' title='bbox 2896 1420 3124 1492; x_wconf 77' lang='lat' dir='ltr'><strong>gloriam</strong></span> <span class='ocrx_word' id='word_1_210' title='bbox 3161 1419 3491 1483; x_wconf 84' lang='lat' dir='ltr'><strong>videbimus,</strong></span> <span class='ocrx_word' id='word_1_211' title='bbox 3527 1418 3607 1472; x_wconf 86' lang='lat' dir='ltr'><strong>le-</strong></span> 
     </span>
    </p>
   </div>
   <div class='ocr_carea' id='block_1_30' title="bbox 2020 1509 3605 1585">
    <p class='ocr_par' dir='ltr' id='par_1_30' title="bbox 2020 1509 3605 1585">
     <span class='ocr_line' id='line_1_30' title="bbox 2020 1509 3605 1585; baseline -0.003 -16"><span class='ocrx_word' id='word_1_212' title='bbox 2020 1530 2144 1585; x_wconf 83' lang='lat' dir='ltr'><strong>gem</strong></span> <span class='ocrx_word' id='word_1_213' title='bbox 2196 1514 2461 1569; x_wconf 89' lang='lat' dir='ltr'><strong>nimirum</strong></span> <span class='ocrx_word' id='word_1_214' title='bbox 2504 1513 2869 1585; x_wconf 84' lang='lat' dir='ltr'><strong>spiritualiter</strong></span> <span class='ocrx_word' id='word_1_215' title='bbox 2898 1511 3288 1582; x_wconf 86' lang='lat' dir='ltr'><strong>intelligentes.</strong></span> <span class='ocrx_word' id='word_1_216' title='bbox 3344 1528 3361 1560; x_wconf 77' lang='lat'>|</span> <span class='ocrx_word' id='word_1_217' title='bbox 3404 1509 3605 1565; x_wconf 87' lang='lat' dir='ltr'><strong>Trans-</strong></span> 
     </span>
    </p>
   </div>
   <div class='ocr_carea' id='block_1_31' title="bbox 2020 1601 3602 1674">
    <p class='ocr_par' dir='ltr' id='par_1_31' title="bbox 2020 1601 3602 1674">
     <span class='ocr_line' id='line_1_31' title="bbox 2020 1601 3602 1674; baseline -0.003 -15"><span class='ocrx_word' id='word_1_218' title='bbox 2020 1612 2300 1660; x_wconf 83' lang='lat' dir='ltr'><strong>mutamur</strong></span> <span class='ocrx_word' id='word_1_219' title='bbox 2336 1605 2483 1660; x_wconf 88' lang='lat' dir='ltr'><strong>enim</strong></span> <span class='ocrx_word' id='word_1_220' title='bbox 2506 1604 2573 1660; x_wconf 84' lang='lat' dir='ltr'><strong>de</strong></span> <span class='ocrx_word' id='word_1_221' title='bbox 2607 1603 2781 1674; x_wconf 84' lang='lat' dir='ltr'><strong>gloria</strong></span> <span class='ocrx_word' id='word_1_222' title='bbox 2816 1604 2873 1657; x_wconf 94' lang='lat' dir='ltr'><strong>in</strong></span> <span class='ocrx_word' id='word_1_223' title='bbox 2903 1604 3156 1673; x_wconf 76' lang='lat' dir='ltr'><strong>gloriam,</strong></span> <span class='ocrx_word' id='word_1_224' title='bbox 3190 1621 3207 1653; x_wconf 77' lang='grc' dir='ltr'><strong>ι</strong></span> <span class='ocrx_word' id='word_1_225' title='bbox 3247 1610 3309 1656; x_wconf 92' lang='lat' dir='ltr'><strong>ut</strong></span> <span class='ocrx_word' id='word_1_226' title='bbox 3337 1601 3602 1671; x_wconf 88' lang='lat' dir='ltr'><strong>scriptum</strong></span> 
     </span>
    </p>
   </div>
   <div class='ocr_carea' id='block_1_32' title="bbox 2020 1686 3601 1764">
    <p class='ocr_par' dir='ltr' id='par_1_32' title="bbox 2020 1686 3601 1764">
     <span class='ocr_line' id='line_1_32' title="bbox 2020 1686 3601 1764; baseline -0.003 -13"><span class='ocrx_word' id='word_1_227' title='bbox 2020 1694 2183 1751; x_wconf 75' lang='lat' dir='ltr'><strong>est&quot;.</strong></span> <span class='ocrx_word' id='word_1_228' title='bbox 2219 1697 2392 1751; x_wconf 88' lang='lat' dir='ltr'><strong>Nemo</strong></span> <span class='ocrx_word' id='word_1_229' title='bbox 2431 1711 2564 1749; x_wconf 85' lang='lat' dir='ltr'><strong>vero</strong></span> <span class='ocrx_word' id='word_1_230' title='bbox 2603 1694 2944 1749; x_wconf 90' lang='lat' dir='ltr'><strong>dubitaverit</strong></span> <span class='ocrx_word' id='word_1_231' title='bbox 2977 1686 3111 1763; x_wconf 89' lang='lat' dir='ltr'><strong>quin</strong></span> <span class='ocrx_word' id='word_1_232' title='bbox 3139 1692 3345 1749; x_wconf 78' lang='lat' dir='ltr'><strong>Christi</strong></span> <span class='ocrx_word' id='word_1_233' title='bbox 3395 1703 3601 1764; x_wconf 81' lang='lat' dir='ltr'><strong>myste-</strong></span> 
     </span>
    </p>
   </div>
   <div class='ocr_carea' id='block_1_33' title="bbox 2023 1782 3603 1860">
    <p class='ocr_par' dir='ltr' id='par_1_33' title="bbox 2023 1782 3603 1860">
     <span class='ocr_line' id='line_1_33' title="bbox 2023 1782 3603 1860; baseline -0.004 -18"><span class='ocrx_word' id='word_1_234' title='bbox 2023 1789 2164 1842; x_wconf 92' lang='lat' dir='ltr'><strong>rium</strong></span> <span class='ocrx_word' id='word_1_235' title='bbox 2188 1789 2261 1843; x_wconf 89' lang='lat' dir='ltr'><strong>sit</strong></span> <span class='ocrx_word' id='word_1_236' title='bbox 2298 1790 2356 1843; x_wconf 95' lang='lat' dir='ltr'><strong>in</strong></span> <span class='ocrx_word' id='word_1_237' title='bbox 2403 1790 2611 1860; x_wconf 80' lang='lat' dir='ltr'><strong>gloria,</strong></span> <span class='ocrx_word' id='word_1_238' title='bbox 2654 1804 2781 1843; x_wconf 86' lang='lat' dir='ltr'><strong>cum</strong></span> <span class='ocrx_word' id='word_1_239' title='bbox 2808 1787 3006 1842; x_wconf 90' lang='lat' dir='ltr'><strong>beatus</strong></span> <span class='ocrx_word' id='word_1_240' title='bbox 3044 1787 3247 1841; x_wconf 89' lang='lat' dir='ltr'><strong>Paulus</strong></span> <span class='ocrx_word' id='word_1_241' title='bbox 3292 1795 3481 1855; x_wconf 86' lang='lat' dir='ltr'><strong>aperte</strong></span> <span class='ocrx_word' id='word_1_242' title='bbox 3533 1782 3603 1837; x_wconf 75' lang='lat' dir='ltr'><strong>de</strong></span> 
     </span>
    </p>
   </div>
   <div class='ocr_carea' id='block_1_34' title="bbox 353 1857 1916 1951">
    <p class='ocr_par' dir='ltr' id='par_1_34' title="bbox 353 1857 1915 1951">
     <span class='ocr_line' id='line_1_34' title="bbox 353 1857 1915 1951; baseline 0.012 -36"><span class='ocrx_word' id='word_1_243' title='bbox 353 1864 527 1918; x_wconf 78' lang='grc' dir='ltr'>Τοῦτό</span> <span class='ocrx_word' id='word_1_244' title='bbox 566 1886 646 1921; x_wconf 90' lang='grc' dir='ltr'><strong>τοι</strong></span> <span class='ocrx_word' id='word_1_245' title='bbox 677 1873 770 1924; x_wconf 77' lang='grc' dir='ltr'>καὶ</span> <span class='ocrx_word' id='word_1_246' title='bbox 814 1875 899 1943; x_wconf 72' lang='grc' dir='ltr'><strong>ἐφ’</strong></span> <span class='ocrx_word' id='word_1_247' title='bbox 928 1877 1089 1946; x_wconf 87' lang='grc' dir='ltr'>ήμῶν</span> <span class='ocrx_word' id='word_1_248' title='bbox 1137 1857 1552 1950; x_wconf 52' lang='grc' dir='ltr'>αὐτῶνεᾷῂθξς</span> <span class='ocrx_word' id='word_1_249' title='bbox 1594 1857 1915 1951; x_wconf 79' lang='grc' dir='ltr'>εὑρήσομεν.</span> 
     </span>
    </p>
   </div>
   <div class='ocr_carea' id='block_1_35' title="bbox 2018 1857 3598 1951">
    <p class='ocr_par' dir='ltr' id='par_1_35' title="bbox 2024 1857 3598 1936">
     <span class='ocr_line' id='line_1_35' title="bbox 2024 1857 3598 1936; baseline -0.004 -3"><span class='ocrx_word' id='word_1_250' title='bbox 2024 1879 2203 1933; x_wconf 79' lang='lat' dir='ltr'><strong>Veteri</strong></span> <span class='ocrx_word' id='word_1_251' title='bbox 2227 1887 2283 1933; x_wconf 90' lang='lat' dir='ltr'><strong>et</strong></span> <span class='ocrx_word' id='word_1_252' title='bbox 2318 1857 2471 1936; x_wconf 76' lang='lat' dir='ltr'><strong>Novo</strong></span> <span class='ocrx_word' id='word_1_253' title='bbox 2496 1881 2849 1934; x_wconf 88' lang='lat' dir='ltr'><strong>Testamento</strong></span> <span class='ocrx_word' id='word_1_254' title='bbox 2880 1878 2955 1933; x_wconf 85' lang='lat' dir='ltr'><strong>ita</strong></span> <span class='ocrx_word' id='word_1_255' title='bbox 2994 1878 3298 1932; x_wconf 81' lang='lat' dir='ltr'><strong>exclamet:</strong></span> <span class='ocrx_word' id='word_1_256' title='bbox 3342 1894 3360 1925; x_wconf 86' lang='grc'><strong>‹</strong></span> <span class='ocrx_word' id='word_1_257' title='bbox 3401 1873 3454 1928; x_wconf 89' lang='lat' dir='ltr'><strong>Si</strong></span> <span class='ocrx_word' id='word_1_258' title='bbox 3491 1874 3598 1927; x_wconf 88' lang='lat' dir='ltr'><strong>mi-</strong></span> 
     </span>
    </p>
   </div>
   <div class='ocr_carea' id='block_1_36' title="bbox 366 1953 1921 2039">
    <p class='ocr_par' dir='ltr' id='par_1_36' title="bbox 366 1953 1921 2039">
     <span class='ocr_line' id='line_1_36' title="bbox 366 1953 1921 2039; baseline 0.013 -35"><span class='ocrx_word' id='word_1_259' title='bbox 366 1953 747 2028; x_wconf 80' lang='grc' dir='ltr'>Ἐνηνεγμένοι</span> <span class='ocrx_word' id='word_1_260' title='bbox 778 1964 886 2034; x_wconf 76' lang='grc' dir='ltr'><strong>γὰρ</strong></span> <span class='ocrx_word' id='word_1_261' title='bbox 914 1964 1105 2037; x_wconf 85' lang='grc' dir='ltr'>ῶσπερ</span> <span class='ocrx_word' id='word_1_262' title='bbox 1129 1970 1186 2020; x_wconf 78' lang='grc' dir='ltr'>ὲν</span> <span class='ocrx_word' id='word_1_263' title='bbox 1215 1967 1491 2039; x_wconf 77' lang='grc' dir='ltr'>προσώπῳ</span> <span class='ocrx_word' id='word_1_264' title='bbox 1525 1968 1621 2024; x_wconf 87' lang='grc' dir='ltr'><strong>τοῦ</strong></span> <span class='ocrx_word' id='word_1_265' title='bbox 1660 1969 1795 2024; x_wconf 80' lang='grc' dir='ltr'>Θεοῦ</span> <span class='ocrx_word' id='word_1_266' title='bbox 1830 1971 1921 2026; x_wconf 75' lang='grc' dir='ltr'>καὶ</span> 
     </span>
    </p>
   </div>
   <div class='ocr_carea' id='block_1_37' title="bbox 346 2041 1922 2131">
    <p class='ocr_par' dir='ltr' id='par_1_37' title="bbox 346 2041 1922 2131">
     <span class='ocr_line' id='line_1_37' title="bbox 346 2041 1922 2131; baseline 0.006 -24"><span class='ocrx_word' id='word_1_267' title='bbox 346 2041 583 2114; x_wconf 75' lang='grc' dir='ltr'>Πατρὸς.</span> <span class='ocrx_word' id='word_1_268' title='bbox 614 2053 1075 2123; x_wconf 81' lang='grc' dir='ltr'>προσκομίζοντος</span> <span class='ocrx_word' id='word_1_269' title='bbox 1116 2060 1265 2128; x_wconf 78' lang='grc' dir='ltr'>ἡμᾶς</span> <span class='ocrx_word' id='word_1_270' title='bbox 1300 2057 1394 2112; x_wconf 87' lang='grc' dir='ltr'><strong>τοῦ</strong></span> <span class='ocrx_word' id='word_1_271' title='bbox 1442 2061 1680 2131; x_wconf 82' lang='grc' dir='ltr'>Χριστοῦ</span> <span class='ocrx_word' id='word_1_272' title='bbox 1706 2102 1720 2125; x_wconf 94' lang='grc'>,</span> <span class='ocrx_word' id='word_1_273' title='bbox 1754 2078 1922 2116; x_wconf 88' lang='grc' dir='ltr'>κατα-</span> 
     </span>
    </p>
   </div>
   <div class='ocr_carea' id='block_1_38' title="bbox 343 2136 1921 2217">
    <p class='ocr_par' dir='ltr' id='par_1_38' title="bbox 343 2136 1921 2217">
     <span class='ocr_line' id='line_1_38' title="bbox 343 2136 1921 2217; baseline 0.016 -34"><span class='ocrx_word' id='word_1_274' title='bbox 343 2136 702 2203; x_wconf 80' lang='grc' dir='ltr'>σκισσμάτων</span> <span class='ocrx_word' id='word_1_275' title='bbox 719 2139 841 2212; x_wconf 87' lang='grc' dir='ltr'>δίχα</span> <span class='ocrx_word' id='word_1_276' title='bbox 861 2142 956 2214; x_wconf 81' lang='grc' dir='ltr'>τὴν</span> <span class='ocrx_word' id='word_1_277' title='bbox 981 2147 1224 2210; x_wconf 81' lang='grc' dir='ltr'>Μωσέως</span> <span class='ocrx_word' id='word_1_278' title='bbox 1253 2147 1495 2217; x_wconf 61' lang='grc' dir='ltr'>ὀψόμεθα</span> <span class='ocrx_word' id='word_1_279' title='bbox 1530 2151 1691 2215; x_wconf 82' lang='grc' dir='ltr'>δόξαν</span> <span class='ocrx_word' id='word_1_280' title='bbox 1711 2193 1728 2217; x_wconf 86' lang='grc'><strong><em>,</em></strong></span> <span class='ocrx_word' id='word_1_281' title='bbox 1761 2171 1921 2208; x_wconf 79' lang='grc' dir='ltr'>πνευ·</span> 
     </span>
    </p>
   </div>
   <div class='ocr_carea' id='block_1_39' title="bbox 344 2224 1919 2314">
    <p class='ocr_par' dir='ltr' id='par_1_39' title="bbox 344 2224 1919 2314">
     <span class='ocr_line' id='line_1_39' title="bbox 344 2224 1919 2314; baseline 0.014 -41"><span class='ocrx_word' id='word_1_282' title='bbox 344 2224 590 2314; x_wconf 83' lang='grc' dir='ltr'>ματικῶς</span> <span class='ocrx_word' id='word_1_283' title='bbox 618 2228 865 2293; x_wconf 74' lang='grc' dir='ltr'>νοοῦντες</span> <span class='ocrx_word' id='word_1_284' title='bbox 888 2232 978 2285; x_wconf 83' lang='grc' dir='ltr'><strong>τὺν</strong></span> <span class='ocrx_word' id='word_1_285' title='bbox 998 2234 1183 2304; x_wconf 86' lang='grc' dir='ltr'>νόμον.</span> <span class='ocrx_word' id='word_1_286' title='bbox 1221 2254 1239 2286; x_wconf 74' lang='grc' dir='ltr'><strong>ι</strong></span> <span class='ocrx_word' id='word_1_287' title='bbox 1269 2238 1782 2309; x_wconf 75' lang='grc' dir='ltr'>Μεταμορφούμεθα</span> <span class='ocrx_word' id='word_1_288' title='bbox 1810 2242 1919 2314; x_wconf 83' lang='grc' dir='ltr'><strong>γὰρ</strong></span> 
     </span>
    </p>
   </div>
   <div class='ocr_carea' id='block_1_40' title="bbox 340 2312 1917 2405">
    <p class='ocr_par' dir='ltr' id='par_1_40' title="bbox 340 2312 1917 2405">
     <span class='ocr_line' id='line_1_40' title="bbox 340 2312 1917 2405; baseline 0.015 -42"><span class='ocrx_word' id='word_1_289' title='bbox 461 2314 619 2405; x_wconf 79' lang='grc' dir='ltr'>δόξης</span> <span class='ocrx_word' id='word_1_290' title='bbox 634 2319 715 2381; x_wconf 88' lang='grc' dir='ltr'><strong>είς</strong></span> <span class='ocrx_word' id='word_1_291' title='bbox 741 2319 921 2387; x_wconf 77' lang='grc' dir='ltr'>δόξαν,</span> <span class='ocrx_word' id='word_1_292' title='bbox 954 2341 974 2374; x_wconf 77' lang='grc' dir='ltr'><strong>ι</strong></span> <span class='ocrx_word' id='word_1_293' title='bbox 1010 2325 1152 2378; x_wconf 77' lang='grc' dir='ltr'>κατὰ</span> <span class='ocrx_word' id='word_1_294' title='bbox 1172 2324 1232 2378; x_wconf 83' lang='grc' dir='ltr'>τὸ</span> <span class='ocrx_word' id='word_1_295' title='bbox 1250 2329 1779 2400; x_wconf 77' lang='grc' dir='ltr'>γεγραμμένον.⁰οτι</span> <span class='ocrx_word' id='word_1_296' title='bbox 1807 2312 1917 2405; x_wconf 73' lang='grc' dir='ltr'>γὰρ</span> 
     </span>
    </p>
   </div>
   <div class='ocr_carea' id='block_1_41' title="bbox 340 2403 1914 2489">
    <p class='ocr_par' dir='ltr' id='par_1_41' title="bbox 340 2403 1914 2489">
     <span class='ocr_line' id='line_1_41' title="bbox 340 2403 1914 2489; baseline 0.013 -36"><span class='ocrx_word' id='word_1_297' title='bbox 340 2403 397 2454; x_wconf 83' lang='grc' dir='ltr'>ὲν</span> <span class='ocrx_word' id='word_1_298' title='bbox 426 2403 552 2475; x_wconf 77' lang='grc' dir='ltr'>δόξῃ</span> <span class='ocrx_word' id='word_1_299' title='bbox 568 2406 627 2458; x_wconf 84' lang='grc' dir='ltr'>τὸ</span> <span class='ocrx_word' id='word_1_300' title='bbox 646 2409 882 2477; x_wconf 78' lang='grc' dir='ltr'>Χριστοῦ</span> <span class='ocrx_word' id='word_1_301' title='bbox 904 2414 1223 2484; x_wconf 85' lang='grc' dir='ltr'>μυστήριον,</span> <span class='ocrx_word' id='word_1_302' title='bbox 1244 2415 1359 2478; x_wconf 85' lang='grc' dir='ltr'><strong>πῶς</strong></span> <span class='ocrx_word' id='word_1_303' title='bbox 1374 2416 1518 2471; x_wconf 73' lang='grc' dir='ltr'>ἐστιν</span> <span class='ocrx_word' id='word_1_304' title='bbox 1531 2403 1914 2489; x_wconf 77' lang='grc' dir='ltr'>ἀμφιϐάλλειν,</span> 
     </span>
    </p>
   </div>
   <div class='ocr_carea' id='block_1_42' title="bbox 340 2494 1917 2582">
    <p class='ocr_par' dir='ltr' id='par_1_42' title="bbox 340 2494 1917 2582">
     <span class='ocr_line' id='line_1_42' title="bbox 340 2494 1917 2582; baseline 0.01 -36"><span class='ocrx_word' id='word_1_305' title='bbox 340 2494 766 2567; x_wconf 85' lang='grc' dir='ltr'>διακεκραγότος</span> <span class='ocrx_word' id='word_1_306' title='bbox 796 2501 891 2554; x_wconf 70' lang='grc' dir='ltr'><strong>ὡδὶ</strong></span> <span class='ocrx_word' id='word_1_307' title='bbox 914 2503 1007 2555; x_wconf 90' lang='grc' dir='ltr'><strong>τοῦ</strong></span> <span class='ocrx_word' id='word_1_308' title='bbox 1034 2506 1303 2575; x_wconf 75' lang='grc' dir='ltr'>μακαρίου</span> <span class='ocrx_word' id='word_1_309' title='bbox 1337 2507 1549 2561; x_wconf 78' lang='grc' dir='ltr'>Παύλου</span> <span class='ocrx_word' id='word_1_310' title='bbox 1578 2509 1765 2578; x_wconf 74' lang='grc' dir='ltr'>σαφῶς</span> <span class='ocrx_word' id='word_1_311' title='bbox 1792 2511 1917 2582; x_wconf 82' lang='grc' dir='ltr'>περί</span> 
     </span>
    </p>
   </div>
   <div class='ocr_carea' id='block_1_43' title="bbox 339 2586 1916 2671">
    <p class='ocr_par' dir='ltr' id='par_1_43' title="bbox 339 2586 1916 2671">
     <span class='ocr_line' id='line_1_43' title="bbox 339 2586 1916 2671; baseline 0.015 -35"><span class='ocrx_word' id='word_1_312' title='bbox 339 2601 397 2637; x_wconf 89' lang='grc' dir='ltr'><strong>τε</strong></span> <span class='ocrx_word' id='word_1_313' title='bbox 431 2586 530 2657; x_wconf 82' lang='grc' dir='ltr'>τῆς</span> <span class='ocrx_word' id='word_1_314' title='bbox 569 2588 800 2659; x_wconf 77' lang='grc' dir='ltr'>Πρώτης</span> <span class='ocrx_word' id='word_1_315' title='bbox 829 2592 921 2644; x_wconf 74' lang='grc' dir='ltr'>καὶ</span> <span class='ocrx_word' id='word_1_316' title='bbox 958 2595 1224 2664; x_wconf 77' lang='grc' dir='ltr'>Δευτέρας</span> <span class='ocrx_word' id='word_1_317' title='bbox 1251 2596 1543 2667; x_wconf 82' lang='grc' dir='ltr'>Διαθήκης·</span> <span class='ocrx_word' id='word_1_318' title='bbox 1583 2616 1601 2647; x_wconf 73' lang='grc' dir='ltr'><strong>ι</strong></span> <span class='ocrx_word' id='word_1_319' title='bbox 1656 2594 1717 2651; x_wconf 79' lang='grc' dir='ltr'><strong>Εἰ</strong></span> <span class='ocrx_word' id='word_1_320' title='bbox 1748 2600 1855 2670; x_wconf 77' lang='grc' dir='ltr'>γὰρ</span> <span class='ocrx_word' id='word_1_321' title='bbox 1884 2602 1916 2671; x_wconf 79' lang='grc' dir='ltr'>ἡ</span> 
     </span>
    </p>
   </div>
   <div class='ocr_carea' id='block_1_44' title="bbox 338 2676 1914 2757">
    <p class='ocr_par' dir='ltr' id='par_1_44' title="bbox 338 2676 1914 2757">
     <span class='ocr_line' id='line_1_44' title="bbox 338 2676 1914 2757; baseline 0.009 -28"><span class='ocrx_word' id='word_1_322' title='bbox 338 2676 582 2733; x_wconf 78' lang='grc' dir='ltr'>διακονία</span> <span class='ocrx_word' id='word_1_323' title='bbox 609 2684 708 2751; x_wconf 79' lang='grc' dir='ltr'>τῆς</span> <span class='ocrx_word' id='word_1_324' title='bbox 752 2685 1128 2756; x_wconf 71' lang='grc' dir='ltr'>κατακρίσεως</span> <span class='ocrx_word' id='word_1_325' title='bbox 1162 2686 1287 2751; x_wconf 77' lang='grc' dir='ltr'>δόξα</span> <span class='ocrx_word' id='word_1_326' title='bbox 1309 2726 1323 2749; x_wconf 85' lang='lat'><strong>,</strong></span> <span class='ocrx_word' id='word_1_327' title='bbox 1354 2688 1537 2757; x_wconf 80' lang='grc' dir='ltr'>πολλῷ</span> <span class='ocrx_word' id='word_1_328' title='bbox 1579 2689 1779 2757; x_wconf 80' lang='grc' dir='ltr'>μᾶλλον</span> <span class='ocrx_word' id='word_1_329' title='bbox 1815 2708 1914 2743; x_wconf 86' lang='grc' dir='ltr'>πε-</span> 
     </span>
    </p>
   </div>
   <div class='ocr_carea' id='block_1_45' title="bbox 345 2769 1917 2849">
    <p class='ocr_par' dir='ltr' id='par_1_45' title="bbox 345 2769 1917 2849">
     <span class='ocr_line' id='line_1_45' title="bbox 345 2769 1917 2849; baseline 0.009 -30"><span class='ocrx_word' id='word_1_330' title='bbox 345 2769 585 2837; x_wconf 78' lang='grc' dir='ltr'>ρισσεύει</span> <span class='ocrx_word' id='word_1_331' title='bbox 617 2773 648 2840; x_wconf 75' lang='grc' dir='ltr'>ἡ</span> <span class='ocrx_word' id='word_1_332' title='bbox 683 2772 926 2827; x_wconf 76' lang='grc' dir='ltr'>διακονία</span> <span class='ocrx_word' id='word_1_333' title='bbox 953 2777 1049 2846; x_wconf 82' lang='grc' dir='ltr'>τῆς</span> <span class='ocrx_word' id='word_1_334' title='bbox 1079 2776 1425 2847; x_wconf 77' lang='grc' dir='ltr'>δικαιοσύνης</span> <span class='ocrx_word' id='word_1_335' title='bbox 1459 2781 1515 2849; x_wconf 78' lang='grc' dir='ltr'>ἐν</span> <span class='ocrx_word' id='word_1_336' title='bbox 1545 2780 1693 2849; x_wconf 74' lang='grc' dir='ltr'>δόξῃ;</span> <span class='ocrx_word' id='word_1_337' title='bbox 1726 2799 1743 2829; x_wconf 73' lang='grc' dir='ltr'><strong>ι</strong></span> <span class='ocrx_word' id='word_1_338' title='bbox 1772 2782 1917 2833; x_wconf 82' lang='grc' dir='ltr'>Κατ-</span> 
     </span>
    </p>
   </div>
   <div class='ocr_carea' id='block_1_46' title="bbox 340 2848 1915 2941">
    <p class='ocr_par' dir='ltr' id='par_1_46' title="bbox 340 2848 1915 2941">
     <span class='ocr_line' id='line_1_46' title="bbox 340 2848 1915 2941; baseline 0.017 -32"><span class='ocrx_word' id='word_1_339' title='bbox 340 2860 577 2930; x_wconf 80' lang='grc' dir='ltr'>ήργηται</span> <span class='ocrx_word' id='word_1_340' title='bbox 611 2862 710 2933; x_wconf 80' lang='grc' dir='ltr'>μὲν</span> <span class='ocrx_word' id='word_1_341' title='bbox 742 2864 851 2935; x_wconf 76' lang='grc' dir='ltr'><strong>γὰρ</strong></span> <span class='ocrx_word' id='word_1_342' title='bbox 879 2867 911 2935; x_wconf 86' lang='grc' dir='ltr'>ή</span> <span class='ocrx_word' id='word_1_343' title='bbox 960 2866 1054 2918; x_wconf 75' lang='grc' dir='ltr'><strong>τοῦ</strong></span> <span class='ocrx_word' id='word_1_344' title='bbox 1088 2867 1256 2937; x_wconf 87' lang='grc' dir='ltr'>νόμου</span> <span class='ocrx_word' id='word_1_345' title='bbox 1301 2867 1450 2931; x_wconf 68' lang='grc' dir='ltr'>σκιὰ,</span> <span class='ocrx_word' id='word_1_346' title='bbox 1482 2848 1667 2921; x_wconf 75' lang='grc' dir='ltr'>καίτοι</span> <span class='ocrx_word' id='word_1_347' title='bbox 1697 2872 1760 2938; x_wconf 80' lang='grc' dir='ltr'>τῇ</span> <span class='ocrx_word' id='word_1_348' title='bbox 1792 2870 1915 2941; x_wconf 66' lang='grc' dir='ltr'>δόξῃ</span> 
     </span>
    </p>
   </div>
   <div class='ocr_carea' id='block_1_47' title="bbox 342 2954 1919 3029">
    <p class='ocr_par' dir='ltr' id='par_1_47' title="bbox 342 2954 1919 3029">
     <span class='ocr_line' id='line_1_47' title="bbox 342 2954 1919 3029; baseline 0.004 -28"><span class='ocrx_word' id='word_1_349' title='bbox 342 2954 675 3023; x_wconf 81' lang='grc' dir='ltr'>τετιμημένη</span> <span class='ocrx_word' id='word_1_350' title='bbox 703 2958 769 3026; x_wconf 81' lang='grc' dir='ltr'>τῇ</span> <span class='ocrx_word' id='word_1_351' title='bbox 808 2956 894 3009; x_wconf 72' lang='grc' dir='ltr'><strong>διὰ</strong></span> <span class='ocrx_word' id='word_1_352' title='bbox 923 2958 1185 3021; x_wconf 72' lang='grc' dir='ltr'>Μωσέως.</span> <span class='ocrx_word' id='word_1_353' title='bbox 1218 2959 1384 3028; x_wconf 67' lang='grc' dir='ltr'>ἤγουν</span> <span class='ocrx_word' id='word_1_354' title='bbox 1428 2962 1493 3028; x_wconf 80' lang='grc' dir='ltr'>τῇ</span> <span class='ocrx_word' id='word_1_355' title='bbox 1537 2961 1594 3011; x_wconf 79' lang='grc' dir='ltr'>ὲν</span> <span class='ocrx_word' id='word_1_356' title='bbox 1640 2960 1919 3029; x_wconf 77' lang='grc' dir='ltr'>προσώπῳ</span> 
     </span>
    </p>
   </div>
   <div class='ocr_carea' id='block_1_48' title="bbox 341 3043 1916 3117">
    <p class='ocr_par' dir='ltr' id='par_1_48' title="bbox 341 3043 1916 3117">
     <span class='ocr_line' id='line_1_48' title="bbox 341 3043 1916 3117; baseline 0.004 -21"><span class='ocrx_word' id='word_1_357' title='bbox 341 3043 611 3107; x_wconf 71' lang='grc' dir='ltr'>Μωσέως.</span> <span class='ocrx_word' id='word_1_358' title='bbox 645 3045 812 3100; x_wconf 86' lang='grc' dir='ltr'>Μένει</span> <span class='ocrx_word' id='word_1_359' title='bbox 855 3048 913 3101; x_wconf 69' lang='grc' dir='ltr'>δὲ</span> <span class='ocrx_word' id='word_1_360' title='bbox 959 3049 1234 3102; x_wconf 79' lang='grc' dir='ltr'>ἀσάλευτα</span> <span class='ocrx_word' id='word_1_361' title='bbox 1273 3048 1342 3100; x_wconf 72' lang='grc' dir='ltr'><strong>τὰ</strong></span> <span class='ocrx_word' id='word_1_362' title='bbox 1376 3048 1464 3102; x_wconf 74' lang='grc' dir='ltr'>διὰ</span> <span class='ocrx_word' id='word_1_363' title='bbox 1503 3049 1741 3117; x_wconf 75' lang='grc' dir='ltr'>Χριστοῦ</span> <span class='ocrx_word' id='word_1_364' title='bbox 1768 3090 1782 3110; x_wconf 90' lang='lat'><strong>,</strong></span> <span class='ocrx_word' id='word_1_365' title='bbox 1819 3053 1916 3103; x_wconf 82' lang='grc' dir='ltr'>καὶ</span> 
     </span>
    </p>
   </div>
   <div class='ocr_carea' id='block_1_49' title="bbox 341 3136 1917 3211">
    <p class='ocr_par' dir='ltr' id='par_1_49' title="bbox 341 3136 1917 3211">
     <span class='ocr_line' id='line_1_49' title="bbox 341 3136 1917 3211; baseline 0.004 -23"><span class='ocrx_word' id='word_1_366' title='bbox 341 3136 562 3189; x_wconf 82' lang='grc' dir='ltr'>πλουτεῖ</span> <span class='ocrx_word' id='word_1_367' title='bbox 595 3138 812 3202; x_wconf 86' lang='grc' dir='ltr'>πάντως</span> <span class='ocrx_word' id='word_1_368' title='bbox 840 3139 937 3210; x_wconf 85' lang='grc' dir='ltr'>τὴν</span> <span class='ocrx_word' id='word_1_369' title='bbox 968 3141 1181 3209; x_wconf 84' lang='grc' dir='ltr'>ἀμείνω</span> <span class='ocrx_word' id='word_1_370' title='bbox 1226 3140 1324 3207; x_wconf 81' lang='grc' dir='ltr'>τῆς</span> <span class='ocrx_word' id='word_1_371' title='bbox 1354 3139 1718 3211; x_wconf 79' lang='grc' dir='ltr'>ἀρχαιοτέρας</span> <span class='ocrx_word' id='word_1_372' title='bbox 1758 3139 1917 3206; x_wconf 81' lang='grc' dir='ltr'>δόξαν</span> 
     </span>
    </p>
   </div>
   <div class='ocr_carea' id='block_1_50' title="bbox 339 3229 1918 3306">
    <p class='ocr_par' dir='ltr' id='par_1_50' title="bbox 339 3229 1918 3306">
     <span class='ocr_line' id='line_1_50' title="bbox 339 3229 1918 3306; baseline 0.004 -28"><span class='ocrx_word' id='word_1_373' title='bbox 339 3243 399 3279; x_wconf 81' lang='grc' dir='ltr'><strong>τε</strong></span> <span class='ocrx_word' id='word_1_374' title='bbox 435 3229 529 3281; x_wconf 71' lang='grc' dir='ltr'>καὶ</span> <span class='ocrx_word' id='word_1_375' title='bbox 560 3230 738 3300; x_wconf 85' lang='grc' dir='ltr'>χάριν.</span> <span class='ocrx_word' id='word_1_376' title='bbox 775 3231 1206 3302; x_wconf 82' lang='grc' dir='ltr'>Περιῃρημένων</span> <span class='ocrx_word' id='word_1_377' title='bbox 1238 3231 1525 3301; x_wconf 79' lang='grc' dir='ltr'>τοιγαροῦν</span> <span class='ocrx_word' id='word_1_378' title='bbox 1550 3233 1657 3285; x_wconf 84' lang='grc' dir='ltr'><strong>τῶν</strong></span> <span class='ocrx_word' id='word_1_379' title='bbox 1679 3236 1735 3287; x_wconf 74' lang='grc' dir='ltr'>ἐν</span> <span class='ocrx_word' id='word_1_380' title='bbox 1769 3235 1918 3306; x_wconf 78' lang='grc' dir='ltr'>νόμῳ</span> 
     </span>
    </p>
   </div>
   <div class='ocr_carea' id='block_1_51' title="bbox 336 3322 1911 3396">
    <p class='ocr_par' dir='ltr' id='par_1_51' title="bbox 336 3322 1911 3396">
     <span class='ocr_line' id='line_1_51' title="bbox 336 3322 1911 3396; baseline 0.004 -26"><span class='ocrx_word' id='word_1_381' title='bbox 336 3323 858 3391; x_wconf 81' lang='grc' dir='ltr'>κατασκιασμάτων,</span> <span class='ocrx_word' id='word_1_382' title='bbox 886 3343 903 3373; x_wconf 74' lang='grc' dir='ltr'><strong>ι</strong></span> <span class='ocrx_word' id='word_1_383' title='bbox 933 3323 1031 3375; x_wconf 56' lang='grc' dir='ltr'>τὶν</span> <span class='ocrx_word' id='word_1_384' title='bbox 1044 3322 1198 3386; x_wconf 83' lang='grc' dir='ltr'>δόξαν</span> <span class='ocrx_word' id='word_1_385' title='bbox 1214 3322 1347 3376; x_wconf 83' lang='grc' dir='ltr'>Θεοῦ</span> <span class='ocrx_word' id='word_1_386' title='bbox 1371 3323 1864 3396; x_wconf 76' lang='grc' dir='ltr'>κατοπτριζόμεθα,</span> <span class='ocrx_word' id='word_1_387' title='bbox 1893 3345 1911 3377; x_wconf 76' lang='lat' dir='ltr'><strong>t</strong></span> 
     </span>
    </p>
   </div>
   <div class='ocr_carea' id='block_1_52' title="bbox 336 3411 1916 3489">
    <p class='ocr_par' dir='ltr' id='par_1_52' title="bbox 336 3411 1916 3489">
     <span class='ocr_line' id='line_1_52' title="bbox 336 3411 1916 3489; baseline 0.006 -27"><span class='ocrx_word' id='word_1_388' title='bbox 336 3411 480 3466; x_wconf 83' lang='grc' dir='ltr'>κατὰ</span> <span class='ocrx_word' id='word_1_389' title='bbox 505 3412 567 3465; x_wconf 77' lang='grc' dir='ltr'>τὸ</span> <span class='ocrx_word' id='word_1_390' title='bbox 589 3414 987 3484; x_wconf 84' lang='grc' dir='ltr'>γεγραμμένον.</span> <span class='ocrx_word' id='word_1_391' title='bbox 1027 3416 1089 3468; x_wconf 87' lang='lat' dir='ltr'><strong>El</strong></span> <span class='ocrx_word' id='word_1_392' title='bbox 1128 3414 1450 3487; x_wconf 82' lang='grc' dir='ltr'>ἀκούσωμεν</span> <span class='ocrx_word' id='word_1_393' title='bbox 1496 3418 1554 3470; x_wconf 84' lang='grc' dir='ltr'>ὲν</span> <span class='ocrx_word' id='word_1_394' title='bbox 1583 3417 1736 3489; x_wconf 76' lang='grc' dir='ltr'>τύπῳ</span> <span class='ocrx_word' id='word_1_395' title='bbox 1778 3435 1916 3487; x_wconf 77' lang='grc' dir='ltr'>σιρα-</span> 
     </span>
    </p>
   </div>
   <div class='ocr_carea' id='block_1_53' title="bbox 339 3500 1911 3582">
    <p class='ocr_par' dir='ltr' id='par_1_53' title="bbox 339 3500 1911 3582">
     <span class='ocr_line' id='line_1_53' title="bbox 339 3500 1911 3582; baseline 0.007 -29"><span class='ocrx_word' id='word_1_396' title='bbox 339 3500 398 3565; x_wconf 74' lang='grc' dir='ltr'><strong>(ὁ</strong></span> <span class='ocrx_word' id='word_1_397' title='bbox 405 3518 567 3571; x_wconf 84' lang='grc' dir='ltr'>μενον</span> <span class='ocrx_word' id='word_1_398' title='bbox 587 3504 678 3556; x_wconf 76' lang='grc' dir='ltr'><strong>τὸν</strong></span> <span class='ocrx_word' id='word_1_399' title='bbox 704 3504 895 3575; x_wconf 70' lang='grc' dir='ltr'>ἀμνὸν,</span> <span class='ocrx_word' id='word_1_400' title='bbox 916 3506 1116 3569; x_wconf 80' lang='grc' dir='ltr'>εὐθέως</span> <span class='ocrx_word' id='word_1_401' title='bbox 1135 3507 1491 3579; x_wconf 77' lang='grc' dir='ltr'>γινώσκωμεν</span> <span class='ocrx_word' id='word_1_402' title='bbox 1516 3509 1577 3562; x_wconf 82' lang='grc' dir='ltr'>τὸ</span> <span class='ocrx_word' id='word_1_403' title='bbox 1598 3512 1911 3582; x_wconf 78' lang='grc' dir='ltr'>μυστήριον,</span> 
     </span>
    </p>
   </div>
   <div class='ocr_carea' id='block_1_54' title="bbox 335 3593 1918 3673">
    <p class='ocr_par' dir='ltr' id='par_1_54' title="bbox 335 3593 1918 3673">
     <span class='ocr_line' id='line_1_54' title="bbox 335 3593 1918 3673; baseline 0.008 -30"><span class='ocrx_word' id='word_1_404' title='bbox 335 3593 695 3664; x_wconf 73' lang='grc' dir='ltr'>γνωρίζοντες</span> <span class='ocrx_word' id='word_1_405' title='bbox 746 3596 936 3667; x_wconf 84' lang='grc' dir='ltr'>ἀμνὸν,</span> <span class='ocrx_word' id='word_1_406' title='bbox 974 3597 1033 3660; x_wconf 83' lang='grc' dir='ltr'>ὃς</span> <span class='ocrx_word' id='word_1_407' title='bbox 1064 3598 1132 3651; x_wconf 85' lang='grc' dir='ltr'><strong>δι’</strong></span> <span class='ocrx_word' id='word_1_408' title='bbox 1162 3600 1308 3668; x_wconf 78' lang='grc' dir='ltr'>ἡμᾶς</span> <span class='ocrx_word' id='word_1_409' title='bbox 1339 3601 1434 3653; x_wconf 71' lang='grc' dir='ltr'><strong>καὶ</strong></span> <span class='ocrx_word' id='word_1_410' title='bbox 1463 3600 1602 3672; x_wconf 81' lang='grc' dir='ltr'>ὑπὲρ</span> <span class='ocrx_word' id='word_1_411' title='bbox 1637 3602 1794 3673; x_wconf 82' lang='grc' dir='ltr'>ἡμῶν</span> <span class='ocrx_word' id='word_1_412' title='bbox 1822 3605 1918 3657; x_wconf 78' lang='grc' dir='ltr'><strong>ἁν-</strong></span> 
     </span>
    </p>
   </div>
   <div class='ocr_carea' id='block_1_55' title="bbox 336 3681 1911 3767">
    <p class='ocr_par' dir='ltr' id='par_1_55' title="bbox 336 3681 1911 3767">
     <span class='ocr_line' id='line_1_55' title="bbox 336 3681 1911 3767; baseline 0.01 -32"><span class='ocrx_word' id='word_1_413' title='bbox 336 3681 535 3753; x_wconf 69' lang='grc' dir='ltr'>έθηκεν</span> <span class='ocrx_word' id='word_1_414' title='bbox 566 3686 757 3739; x_wconf 78' lang='grc' dir='ltr'>ἑαυτὸν</span> <span class='ocrx_word' id='word_1_415' title='bbox 789 3689 867 3752; x_wconf 88' lang='grc' dir='ltr'><strong>είς</strong></span> <span class='ocrx_word' id='word_1_416' title='bbox 890 3689 1064 3759; x_wconf 78' lang='grc' dir='ltr'>ὀσμὴν</span> <span class='ocrx_word' id='word_1_417' title='bbox 1093 3690 1321 3754; x_wconf 74' lang='grc' dir='ltr'>εὐωδίας</span> <span class='ocrx_word' id='word_1_418' title='bbox 1348 3691 1426 3761; x_wconf 85' lang='grc' dir='ltr'>τῷ</span> <span class='ocrx_word' id='word_1_419' title='bbox 1447 3692 1565 3763; x_wconf 84' lang='grc' dir='ltr'><strong>Θεῷ</strong></span> <span class='ocrx_word' id='word_1_420' title='bbox 1589 3694 1682 3748; x_wconf 77' lang='grc' dir='ltr'>καὶ</span> <span class='ocrx_word' id='word_1_421' title='bbox 1713 3695 1911 3767; x_wconf 87' lang='grc' dir='ltr'>Πατρί.</span> 
     </span>
    </p>
   </div>
   <div class='ocr_carea' id='block_1_56' title="bbox 337 3775 1915 3857">
    <p class='ocr_par' dir='ltr' id='par_1_56' title="bbox 337 3775 1915 3857">
     <span class='ocr_line' id='line_1_56' title="bbox 337 3775 1915 3857; baseline 0.008 -27"><span class='ocrx_word' id='word_1_422' title='bbox 337 3775 456 3830; x_wconf 74' lang='grc' dir='ltr'>Κᾶν</span> <span class='ocrx_word' id='word_1_423' title='bbox 492 3794 512 3828; x_wconf 71' lang='grc' dir='ltr'><strong>ι</strong></span> <span class='ocrx_word' id='word_1_424' title='bbox 557 3778 749 3842; x_wconf 69' lang='grc' dir='ltr'>σποδὸς</span> <span class='ocrx_word' id='word_1_425' title='bbox 776 3778 1061 3849; x_wconf 78' lang='grc' dir='ltr'>δαμάλεως</span> <span class='ocrx_word' id='word_1_426' title='bbox 1089 3782 1410 3851; x_wconf 74' lang='grc' dir='ltr'>ῥαντίζουσα</span> <span class='ocrx_word' id='word_1_427' title='bbox 1432 3786 1560 3848; x_wconf 81' lang='grc' dir='ltr'>τοὺς</span> <span class='ocrx_word' id='word_1_428' title='bbox 1588 3788 1915 3857; x_wconf 84' lang='grc' dir='ltr'>κεκοινωμέ-</span> 
     </span>
    </p>
   </div>
   <div class='ocr_carea' id='block_1_57' title="bbox 2020 1964 3604 2038">
    <p class='ocr_par' dir='ltr' id='par_1_57' title="bbox 2020 1964 3604 2038">
     <span class='ocr_line' id='line_1_57' title="bbox 2020 1964 3604 2038; baseline -0.006 -12"><span class='ocrx_word' id='word_1_429' title='bbox 2020 1972 2276 2026; x_wconf 90' lang='lat' dir='ltr'><strong>nistratio</strong></span> <span class='ocrx_word' id='word_1_430' title='bbox 2320 1971 2690 2026; x_wconf 86' lang='lat' dir='ltr'><strong>damnationis</strong></span> <span class='ocrx_word' id='word_1_431' title='bbox 2711 1978 2795 2024; x_wconf 91' lang='lat' dir='ltr'><strong>est</strong></span> <span class='ocrx_word' id='word_1_432' title='bbox 2834 1970 2889 2023; x_wconf 88' lang='lat' dir='ltr'><strong>in</strong></span> <span class='ocrx_word' id='word_1_433' title='bbox 2950 1967 3155 2038; x_wconf 70' lang='lat' dir='ltr'><strong>gloria,</strong></span> <span class='ocrx_word' id='word_1_434' title='bbox 3204 1965 3378 2020; x_wconf 91' lang='lat' dir='ltr'><strong>multo</strong></span> <span class='ocrx_word' id='word_1_435' title='bbox 3428 1964 3604 2033; x_wconf 81' lang='lat' dir='ltr'><strong>magis</strong></span> 
     </span>
    </p>
   </div>
   <div class='ocr_carea' id='block_1_58' title="bbox 2020 2054 3606 2131">
    <p class='ocr_par' dir='ltr' id='par_1_58' title="bbox 2020 2054 3606 2131">
     <span class='ocr_line' id='line_1_58' title="bbox 2020 2054 3606 2131; baseline -0.006 -17"><span class='ocrx_word' id='word_1_436' title='bbox 2020 2060 2329 2116; x_wconf 72' lang='lat' dir='ltr'><strong>exuberans</strong></span> <span class='ocrx_word' id='word_1_437' title='bbox 2364 2060 2734 2114; x_wconf 89' lang='lat' dir='ltr'><strong>ministerium</strong></span> <span class='ocrx_word' id='word_1_438' title='bbox 2776 2059 3007 2131; x_wconf 70' lang='lat' dir='ltr'><strong>justitia:</strong></span> <span class='ocrx_word' id='word_1_439' title='bbox 3032 2058 3084 2110; x_wconf 90' lang='lat' dir='ltr'><strong>in</strong></span> <span class='ocrx_word' id='word_1_440' title='bbox 3114 2056 3284 2126; x_wconf 85' lang='lat' dir='ltr'><strong>gloria</strong></span> <span class='ocrx_word' id='word_1_441' title='bbox 3308 2056 3371 2108; x_wconf 78' lang='grc'><strong>⁸⁸.</strong></span> <span class='ocrx_word' id='word_1_442' title='bbox 3413 2074 3430 2106; x_wconf 76' lang='grc' dir='ltr'><strong>ι</strong></span> <span class='ocrx_word' id='word_1_443' title='bbox 3460 2054 3606 2108; x_wconf 75' lang='lat' dir='ltr'><strong>Eva-</strong></span> 
     </span>
    </p>
   </div>
   <div class='ocr_carea' id='block_1_59' title="bbox 2020 2145 3603 2221">
    <p class='ocr_par' dir='ltr' id='par_1_59' title="bbox 2020 2145 3603 2221">
     <span class='ocr_line' id='line_1_59' title="bbox 2020 2145 3603 2221; baseline -0.006 -13"><span class='ocrx_word' id='word_1_444' title='bbox 2020 2163 2179 2208; x_wconf 88' lang='lat' dir='ltr'><strong>cuata</strong></span> <span class='ocrx_word' id='word_1_445' title='bbox 2214 2154 2362 2207; x_wconf 91' lang='lat' dir='ltr'><strong>enim</strong></span> <span class='ocrx_word' id='word_1_446' title='bbox 2406 2161 2491 2208; x_wconf 89' lang='lat' dir='ltr'><strong>est</strong></span> <span class='ocrx_word' id='word_1_447' title='bbox 2537 2152 2674 2221; x_wconf 83' lang='lat' dir='ltr'><strong>legis</strong></span> <span class='ocrx_word' id='word_1_448' title='bbox 2742 2152 2957 2214; x_wconf 88' lang='lat' dir='ltr'><strong>umbra,</strong></span> <span class='ocrx_word' id='word_1_449' title='bbox 3006 2148 3220 2206; x_wconf 84' lang='lat' dir='ltr'><strong>etiamsi</strong></span> <span class='ocrx_word' id='word_1_450' title='bbox 3257 2147 3428 2218; x_wconf 84' lang='lat' dir='ltr'><strong>gloria</strong></span> <span class='ocrx_word' id='word_1_451' title='bbox 3467 2145 3603 2200; x_wconf 82' lang='lat' dir='ltr'><strong>insi-</strong></span> 
     </span>
    </p>
   </div>
   <div class='ocr_carea' id='block_1_60' title="bbox 2020 2238 3590 2315">
    <p class='ocr_par' dir='ltr' id='par_1_60' title="bbox 2020 2238 3590 2315">
     <span class='ocr_line' id='line_1_60' title="bbox 2020 2238 3590 2315; baseline -0.004 -17"><span class='ocrx_word' id='word_1_452' title='bbox 2020 2246 2167 2315; x_wconf 93' lang='lat' dir='ltr'><strong>gnita</strong></span> <span class='ocrx_word' id='word_1_453' title='bbox 2192 2261 2288 2314; x_wconf 88' lang='lat' dir='ltr'><strong>per</strong></span> <span class='ocrx_word' id='word_1_454' title='bbox 2316 2245 2520 2307; x_wconf 81' lang='lat' dir='ltr'><strong>Mosen,</strong></span> <span class='ocrx_word' id='word_1_455' title='bbox 2548 2244 2662 2298; x_wconf 85' lang='lat' dir='ltr'><strong>sive</strong></span> <span class='ocrx_word' id='word_1_456' title='bbox 2691 2259 2756 2298; x_wconf 92' lang='lat' dir='ltr'><strong>ca</strong></span> <span class='ocrx_word' id='word_1_457' title='bbox 2784 2259 2905 2313; x_wconf 63' lang='lat' dir='ltr'><strong>quae</strong></span> <span class='ocrx_word' id='word_1_458' title='bbox 2938 2243 2994 2297; x_wconf 90' lang='lat' dir='ltr'><strong>iu</strong></span> <span class='ocrx_word' id='word_1_459' title='bbox 3032 2241 3169 2295; x_wconf 81' lang='lat' dir='ltr'><strong>facie</strong></span> <span class='ocrx_word' id='word_1_460' title='bbox 3205 2240 3367 2294; x_wconf 83' lang='lat' dir='ltr'><strong>Musis</strong></span> <span class='ocrx_word' id='word_1_461' title='bbox 3395 2238 3590 2293; x_wconf 80' lang='lat' dir='ltr'><strong>eluxit.</strong></span> 
     </span>
    </p>
   </div>
   <div class='ocr_carea' id='block_1_61' title="bbox 2018 2330 3601 2407">
    <p class='ocr_par' dir='ltr' id='par_1_61' title="bbox 2018 2330 3601 2407">
     <span class='ocr_line' id='line_1_61' title="bbox 2018 2330 3601 2407; baseline -0.006 -15"><span class='ocrx_word' id='word_1_462' title='bbox 2018 2337 2089 2392; x_wconf 83' lang='lat' dir='ltr'><strong>At</strong></span> <span class='ocrx_word' id='word_1_463' title='bbox 2123 2336 2325 2393; x_wconf 82' lang='lat' dir='ltr'><strong>Christi</strong></span> <span class='ocrx_word' id='word_1_464' title='bbox 2372 2336 2541 2407; x_wconf 87' lang='lat' dir='ltr'><strong>gloria</strong></span> <span class='ocrx_word' id='word_1_465' title='bbox 2589 2344 2775 2390; x_wconf 90' lang='lat' dir='ltr'><strong>manet</strong></span> <span class='ocrx_word' id='word_1_466' title='bbox 2821 2336 3176 2397; x_wconf 83' lang='lat' dir='ltr'><strong>inconcussa,</strong></span> <span class='ocrx_word' id='word_1_467' title='bbox 3210 2340 3267 2387; x_wconf 88' lang='lat' dir='ltr'><strong>et</strong></span> <span class='ocrx_word' id='word_1_468' title='bbox 3304 2330 3443 2386; x_wconf 86' lang='lat' dir='ltr'><strong>ditat</strong></span> <span class='ocrx_word' id='word_1_469' title='bbox 3499 2343 3601 2383; x_wconf 90' lang='lat' dir='ltr'><strong>nos</strong></span> 
     </span>
    </p>
   </div>
   <div class='ocr_carea' id='block_1_62' title="bbox 2019 2423 3601 2501">
    <p class='ocr_par' dir='ltr' id='par_1_62' title="bbox 2019 2423 3601 2501">
     <span class='ocr_line' id='line_1_62' title="bbox 2019 2423 3601 2501; baseline -0.006 -17"><span class='ocrx_word' id='word_1_470' title='bbox 2019 2429 2179 2501; x_wconf 83' lang='lat' dir='ltr'><strong>longe</strong></span> <span class='ocrx_word' id='word_1_471' title='bbox 2206 2430 2431 2485; x_wconf 88' lang='lat' dir='ltr'><strong>meliore</strong></span> <span class='ocrx_word' id='word_1_472' title='bbox 2462 2438 2519 2482; x_wconf 88' lang='lat' dir='ltr'><strong>et</strong></span> <span class='ocrx_word' id='word_1_473' title='bbox 2550 2428 2722 2498; x_wconf 83' lang='lat' dir='ltr'><strong>gloria</strong></span> <span class='ocrx_word' id='word_1_474' title='bbox 2745 2437 2803 2482; x_wconf 87' lang='lat' dir='ltr'><strong>et</strong></span> <span class='ocrx_word' id='word_1_475' title='bbox 2829 2427 3001 2498; x_wconf 85' lang='lat' dir='ltr'><strong>gratia</strong></span> <span class='ocrx_word' id='word_1_476' title='bbox 3026 2467 3038 2489; x_wconf 89' lang='lat'><strong>,</strong></span> <span class='ocrx_word' id='word_1_477' title='bbox 3063 2440 3227 2496; x_wconf 91' lang='lat' dir='ltr'><strong>quam</strong></span> <span class='ocrx_word' id='word_1_478' title='bbox 3247 2432 3332 2479; x_wconf 89' lang='lat' dir='ltr'><strong>est</strong></span> <span class='ocrx_word' id='word_1_479' title='bbox 3362 2423 3514 2493; x_wconf 90' lang='lat' dir='ltr'><strong>prior</strong></span> <span class='ocrx_word' id='word_1_480' title='bbox 3545 2431 3601 2476; x_wconf 88' lang='lat' dir='ltr'><strong>et</strong></span> 
     </span>
    </p>
   </div>
   <div class='ocr_carea' id='block_1_63' title="bbox 2019 2513 3598 2589">
    <p class='ocr_par' dir='ltr' id='par_1_63' title="bbox 2019 2513 3598 2589">
     <span class='ocr_line' id='line_1_63' title="bbox 2019 2513 3598 2589; baseline -0.004 -17"><span class='ocrx_word' id='word_1_481' title='bbox 2019 2519 2245 2589; x_wconf 88' lang='lat' dir='ltr'><strong>antiqua</strong></span> <span class='ocrx_word' id='word_1_482' title='bbox 2279 2519 2473 2589; x_wconf 86' lang='lat' dir='ltr'><strong>gloria.</strong></span> <span class='ocrx_word' id='word_1_483' title='bbox 2500 2518 2743 2572; x_wconf 86' lang='lat' dir='ltr'><strong>Sublatis</strong></span> <span class='ocrx_word' id='word_1_484' title='bbox 2776 2518 2941 2587; x_wconf 82' lang='lat' dir='ltr'><strong>igitur</strong></span> <span class='ocrx_word' id='word_1_485' title='bbox 2984 2517 3121 2586; x_wconf 84' lang='lat' dir='ltr'><strong>legis</strong></span> <span class='ocrx_word' id='word_1_486' title='bbox 3161 2513 3598 2570; x_wconf 89' lang='lat' dir='ltr'><strong>adumbrationi-</strong></span> 
     </span>
    </p>
   </div>
   <div class='ocr_carea' id='block_1_64' title="bbox 2019 2605 3597 2679">
    <p class='ocr_par' dir='ltr' id='par_1_64' title="bbox 2019 2605 3597 2679">
     <span class='ocr_line' id='line_1_64' title="bbox 2019 2605 3597 2679; baseline -0.003 -17"><span class='ocrx_word' id='word_1_487' title='bbox 2019 2607 2123 2663; x_wconf 89' lang='lat' dir='ltr'><strong>bus</strong></span> <span class='ocrx_word' id='word_1_488' title='bbox 2159 2629 2177 2660; x_wconf 76' lang='grc' dir='ltr'><strong>ι</strong></span> <span class='ocrx_word' id='word_1_489' title='bbox 2217 2610 2446 2679; x_wconf 83' lang='lat' dir='ltr'><strong>gloriam</strong></span> <span class='ocrx_word' id='word_1_490' title='bbox 2504 2610 2719 2664; x_wconf 89' lang='lat' dir='ltr'><strong>Domini</strong></span> <span class='ocrx_word' id='word_1_491' title='bbox 2758 2606 3185 2678; x_wconf 79' lang='lat' dir='ltr'><strong>speculamur&quot;,</strong></span> <span class='ocrx_word' id='word_1_492' title='bbox 3222 2628 3240 2659; x_wconf 74' lang='grc' dir='ltr'><strong>ι</strong></span> <span class='ocrx_word' id='word_1_493' title='bbox 3277 2608 3421 2661; x_wconf 89' lang='lat' dir='ltr'><strong>sicut</strong></span> <span class='ocrx_word' id='word_1_494' title='bbox 3458 2605 3597 2660; x_wconf 79' lang='lat' dir='ltr'><strong>scri-</strong></span> 
     </span>
    </p>
   </div>
   <div class='ocr_carea' id='block_1_65' title="bbox 2020 2700 3597 2770">
    <p class='ocr_par' dir='ltr' id='par_1_65' title="bbox 2020 2700 3597 2770">
     <span class='ocr_line' id='line_1_65' title="bbox 2020 2700 3597 2770; baseline -0.001 -17"><span class='ocrx_word' id='word_1_495' title='bbox 2020 2708 2173 2770; x_wconf 88' lang='lat' dir='ltr'><strong>ptum</strong></span> <span class='ocrx_word' id='word_1_496' title='bbox 2196 2709 2299 2755; x_wconf 88' lang='lat' dir='ltr'><strong>est.</strong></span> <span class='ocrx_word' id='word_1_497' title='bbox 2329 2700 2596 2766; x_wconf 73' lang='lat' dir='ltr'><strong>Quocurca</strong></span> <span class='ocrx_word' id='word_1_498' title='bbox 2641 2701 2684 2754; x_wconf 92' lang='lat' dir='ltr'><strong>si</strong></span> <span class='ocrx_word' id='word_1_499' title='bbox 2722 2700 3013 2753; x_wconf 88' lang='lat' dir='ltr'><strong>audiamus</strong></span> <span class='ocrx_word' id='word_1_500' title='bbox 3038 2700 3092 2753; x_wconf 89' lang='lat' dir='ltr'><strong>in</strong></span> <span class='ocrx_word' id='word_1_501' title='bbox 3124 2708 3254 2769; x_wconf 76' lang='lat' dir='ltr'><strong>typo</strong></span> <span class='ocrx_word' id='word_1_502' title='bbox 3298 2705 3597 2752; x_wconf 84' lang='lat' dir='ltr'><strong>mactatum</strong></span> 
     </span>
    </p>
   </div>
   <div class='ocr_carea' id='block_1_66' title="bbox 2019 2788 3597 2859">
    <p class='ocr_par' dir='ltr' id='par_1_66' title="bbox 2019 2788 3597 2859">
     <span class='ocr_line' id='line_1_66' title="bbox 2019 2788 3597 2859; baseline -0.004 -15"><span class='ocrx_word' id='word_1_503' title='bbox 2019 2806 2242 2859; x_wconf 81' lang='lat' dir='ltr'><strong>agnum,</strong></span> <span class='ocrx_word' id='word_1_504' title='bbox 2281 2791 2542 2844; x_wconf 87' lang='lat' dir='ltr'><strong>continuo</strong></span> <span class='ocrx_word' id='word_1_505' title='bbox 2593 2789 2962 2857; x_wconf 82' lang='lat' dir='ltr'><strong>intelligamus</strong></span> <span class='ocrx_word' id='word_1_506' title='bbox 3009 2788 3353 2858; x_wconf 80' lang='lat' dir='ltr'><strong>mysterium.</strong></span> <span class='ocrx_word' id='word_1_507' title='bbox 3395 2801 3597 2855; x_wconf 83' lang='lat' dir='ltr'><strong>cogno-</strong></span> 
     </span>
    </p>
   </div>
   <div class='ocr_carea' id='block_1_67' title="bbox 2020 2877 3595 2951">
    <p class='ocr_par' dir='ltr' id='par_1_67' title="bbox 2020 2877 3595 2951">
     <span class='ocr_line' id='line_1_67' title="bbox 2020 2877 3595 2951; baseline -0.004 -16"><span class='ocrx_word' id='word_1_508' title='bbox 2020 2891 2235 2935; x_wconf 88' lang='lat' dir='ltr'><strong>scentes</strong></span> <span class='ocrx_word' id='word_1_509' title='bbox 2258 2898 2478 2947; x_wconf 81' lang='lat' dir='ltr'><strong>agnum,</strong></span> <span class='ocrx_word' id='word_1_510' title='bbox 2512 2882 2604 2950; x_wconf 90' lang='lat' dir='ltr'><strong>qui</strong></span> <span class='ocrx_word' id='word_1_511' title='bbox 2633 2892 2857 2951; x_wconf 86' lang='lat' dir='ltr'><strong>propter</strong></span> <span class='ocrx_word' id='word_1_512' title='bbox 2894 2897 2996 2934; x_wconf 89' lang='lat' dir='ltr'><strong>nos</strong></span> <span class='ocrx_word' id='word_1_513' title='bbox 3031 2888 3087 2933; x_wconf 86' lang='lat' dir='ltr'><strong>et</strong></span> <span class='ocrx_word' id='word_1_514' title='bbox 3118 2894 3219 2948; x_wconf 86' lang='lat' dir='ltr'><strong>pro</strong></span> <span class='ocrx_word' id='word_1_515' title='bbox 3251 2878 3413 2931; x_wconf 88' lang='lat' dir='ltr'><strong>nobis</strong></span> <span class='ocrx_word' id='word_1_516' title='bbox 3432 2877 3595 2930; x_wconf 84' lang='lat' dir='ltr'><strong>obtu-</strong></span> 
     </span>
    </p>
   </div>
   <div class='ocr_carea' id='block_1_68' title="bbox 2019 2966 3597 3039">
    <p class='ocr_par' dir='ltr' id='par_1_68' title="bbox 2019 2966 3597 3039">
     <span class='ocr_line' id='line_1_68' title="bbox 2019 2966 3597 3039; baseline -0.002 -14"><span class='ocrx_word' id='word_1_517' title='bbox 2019 2972 2083 3025; x_wconf 90' lang='lat' dir='ltr'><strong>lit</strong></span> <span class='ocrx_word' id='word_1_518' title='bbox 2112 2972 2351 3039; x_wconf 83' lang='lat' dir='ltr'><strong>seipsum</strong></span> <span class='ocrx_word' id='word_1_519' title='bbox 2382 2971 2436 3023; x_wconf 89' lang='lat' dir='ltr'><strong>in</strong></span> <span class='ocrx_word' id='word_1_520' title='bbox 2486 2972 2712 3024; x_wconf 85' lang='lat' dir='ltr'><strong>odorem</strong></span> <span class='ocrx_word' id='word_1_521' title='bbox 2740 2969 3051 3038; x_wconf 74' lang='lat' dir='ltr'><strong>fragrantize</strong></span> <span class='ocrx_word' id='word_1_522' title='bbox 3080 2968 3190 3021; x_wconf 86' lang='lat' dir='ltr'><strong>Deo</strong></span> <span class='ocrx_word' id='word_1_523' title='bbox 3215 2981 3279 3021; x_wconf 90' lang='lat' dir='ltr'><strong>ac</strong></span> <span class='ocrx_word' id='word_1_524' title='bbox 3316 2966 3483 3020; x_wconf 87' lang='lat' dir='ltr'><strong>Patri.</strong></span> <span class='ocrx_word' id='word_1_525' title='bbox 3529 2967 3597 3022; x_wconf 86' lang='lat' dir='ltr'><strong>Et</strong></span> 
     </span>
    </p>
   </div>
   <div class='ocr_carea' id='block_1_69' title="bbox 2020 3055 3595 3128">
    <p class='ocr_par' dir='ltr' id='par_1_69' title="bbox 2020 3055 3595 3128">
     <span class='ocr_line' id='line_1_69' title="bbox 2020 3055 3595 3128; baseline -0.004 -12"><span class='ocrx_word' id='word_1_526' title='bbox 2020 3076 2144 3116; x_wconf 92' lang='lat' dir='ltr'><strong>cum</strong></span> <span class='ocrx_word' id='word_1_527' title='bbox 2183 3078 2200 3110; x_wconf 75' lang='grc' dir='ltr'><strong>ι</strong></span> <span class='ocrx_word' id='word_1_528' title='bbox 2241 3060 2381 3114; x_wconf 91' lang='lat' dir='ltr'><strong>cinis</strong></span> <span class='ocrx_word' id='word_1_529' title='bbox 2405 3060 2588 3113; x_wconf 67' lang='lat' dir='ltr'><strong>vitula:</strong></span> <span class='ocrx_word' id='word_1_530' title='bbox 2632 3073 2890 3128; x_wconf 89' lang='lat' dir='ltr'><strong>aspersus</strong></span> <span class='ocrx_word' id='word_1_531' title='bbox 2921 3058 3322 3112; x_wconf 86' lang='lat' dir='ltr'><strong>contaminatos</strong></span> <span class='ocrx_word' id='word_1_532' title='bbox 3353 3055 3595 3110; x_wconf 57' lang='lat' dir='ltr'><strong>sanctifio</strong></span> 
     </span>
    </p>
   </div>
   <div class='ocr_carea' id='block_1_70' title="bbox 2018 3149 3596 3215">
    <p class='ocr_par' dir='ltr' id='par_1_70' title="bbox 2018 3149 3596 3215">
     <span class='ocr_line' id='line_1_70' title="bbox 2018 3149 3596 3215; baseline -0.002 -9"><span class='ocrx_word' id='word_1_533' title='bbox 2018 3160 2105 3207; x_wconf 91' lang='lat' dir='ltr'><strong>cet</strong></span> <span class='ocrx_word' id='word_1_534' title='bbox 2128 3151 2194 3206; x_wconf 93' lang='lat' dir='ltr'><strong>ad</strong></span> <span class='ocrx_word' id='word_1_535' title='bbox 2218 3150 2663 3206; x_wconf 75' lang='lat' dir='ltr'><strong>emundationem</strong></span> <span class='ocrx_word' id='word_1_536' title='bbox 2687 3151 2867 3205; x_wconf 89' lang='lat' dir='ltr'><strong>carnis</strong></span> <span class='ocrx_word' id='word_1_537' title='bbox 2885 3151 2931 3181; x_wconf 78' lang='lat'>&#39;“</span> <span class='ocrx_word' id='word_1_538' title='bbox 2953 3191 2967 3215; x_wconf 92' lang='lat'><strong>,</strong></span> <span class='ocrx_word' id='word_1_539' title='bbox 2997 3170 3014 3201; x_wconf 78' lang='grc' dir='ltr'><strong>ι</strong></span> <span class='ocrx_word' id='word_1_540' title='bbox 3047 3149 3193 3203; x_wconf 88' lang='lat' dir='ltr'><strong>haud</strong></span> <span class='ocrx_word' id='word_1_541' title='bbox 3216 3165 3376 3205; x_wconf 89' lang='lat' dir='ltr'><strong>secus</strong></span> <span class='ocrx_word' id='word_1_542' title='bbox 3400 3150 3596 3204; x_wconf 88' lang='lat' dir='ltr'><strong>iterum</strong></span> 
     </span>
    </p>
   </div>
   <div class='ocr_carea' id='block_1_71' title="bbox 2015 3240 3598 3313">
    <p class='ocr_par' dir='ltr' id='par_1_71' title="bbox 2015 3240 3598 3313">
     <span class='ocr_line' id='line_1_71' title="bbox 2015 3240 3598 3313; baseline -0.002 -15"><span class='ocrx_word' id='word_1_543' title='bbox 2015 3243 2221 3299; x_wconf 86' lang='lat' dir='ltr'><strong>Christi</strong></span> <span class='ocrx_word' id='word_1_544' title='bbox 2265 3241 2707 3313; x_wconf 83' lang='lat' dir='ltr'><strong>puriﬁcationem</strong></span> <span class='ocrx_word' id='word_1_545' title='bbox 2773 3242 3145 3313; x_wconf 87' lang='lat' dir='ltr'><strong>intelligemus</strong></span> <span class='ocrx_word' id='word_1_546' title='bbox 3210 3258 3332 3312; x_wconf 68' lang='lat' dir='ltr'><strong>qua:</strong></span> <span class='ocrx_word' id='word_1_547' title='bbox 3385 3240 3445 3295; x_wconf 85' lang='lat' dir='ltr'><strong>ﬁt</strong></span> <span class='ocrx_word' id='word_1_548' title='bbox 3497 3258 3598 3313; x_wconf 83' lang='lat' dir='ltr'><strong>per</strong></span> 
     </span>
    </p>
   </div>
   <div class='ocr_carea' id='block_1_72' title="bbox 2015 3332 3597 3405">
    <p class='ocr_par' dir='ltr' id='par_1_72' title="bbox 2015 3332 3597 3405">
     <span class='ocr_line' id='line_1_72' title="bbox 2015 3332 3597 3405; baseline -0.001 -16"><span class='ocrx_word' id='word_1_549' title='bbox 2015 3349 2210 3405; x_wconf 85' lang='lat' dir='ltr'><strong>aquam</strong></span> <span class='ocrx_word' id='word_1_550' title='bbox 2236 3342 2291 3389; x_wconf 87' lang='lat' dir='ltr'><strong>et</strong></span> <span class='ocrx_word' id='word_1_551' title='bbox 2323 3334 2597 3403; x_wconf 88' lang='lat' dir='ltr'><strong>spiritum,</strong></span> <span class='ocrx_word' id='word_1_552' title='bbox 2635 3349 2819 3404; x_wconf 89' lang='lat' dir='ltr'><strong>neque</strong></span> <span class='ocrx_word' id='word_1_553' title='bbox 2862 3335 3110 3389; x_wconf 87' lang='lat' dir='ltr'><strong>carnales</strong></span> <span class='ocrx_word' id='word_1_554' title='bbox 3137 3344 3357 3389; x_wconf 87' lang='lat' dir='ltr'><strong>nostras</strong></span> <span class='ocrx_word' id='word_1_555' title='bbox 3401 3332 3597 3388; x_wconf 85' lang='lat' dir='ltr'><strong>sordes</strong></span> 
     </span>
    </p>
   </div>
   <div class='ocr_carea' id='block_1_73' title="bbox 2014 3427 3594 3497">
    <p class='ocr_par' dir='ltr' id='par_1_73' title="bbox 2014 3427 3594 3497">
     <span class='ocr_line' id='line_1_73' title="bbox 2014 3427 3594 3497; baseline -0.001 -15"><span class='ocrx_word' id='word_1_556' title='bbox 2014 3427 2298 3497; x_wconf 90' lang='lat' dir='ltr'><strong>abstergit,</strong></span> <span class='ocrx_word' id='word_1_557' title='bbox 2326 3427 2421 3483; x_wconf 88' lang='lat' dir='ltr'><strong>sed</strong></span> <span class='ocrx_word' id='word_1_558' title='bbox 2452 3428 2769 3497; x_wconf 86' lang='lat' dir='ltr'><strong>spirituales</strong></span> <span class='ocrx_word' id='word_1_559' title='bbox 2792 3436 2849 3482; x_wconf 89' lang='lat' dir='ltr'><strong>et</strong></span> <span class='ocrx_word' id='word_1_560' title='bbox 2883 3428 3079 3483; x_wconf 70' lang='lat' dir='ltr'><strong>anima:</strong></span> <span class='ocrx_word' id='word_1_561' title='bbox 3113 3428 3356 3484; x_wconf 86' lang='lat' dir='ltr'><strong>maculas</strong></span> <span class='ocrx_word' id='word_1_562' title='bbox 3395 3428 3594 3483; x_wconf 88' lang='lat' dir='ltr'><strong>abluit.</strong></span> 
     </span>
    </p>
   </div>
   <div class='ocr_carea' id='block_1_74' title="bbox 2015 3516 3596 3591">
    <p class='ocr_par' dir='ltr' id='par_1_74' title="bbox 2015 3516 3596 3591">
     <span class='ocr_line' id='line_1_74' title="bbox 2015 3516 3596 3591; baseline 0.002 -20"><span class='ocrx_word' id='word_1_563' title='bbox 2015 3516 2201 3573; x_wconf 88' lang='lat' dir='ltr'><strong>Sancti</strong></span> <span class='ocrx_word' id='word_1_564' title='bbox 2230 3518 2380 3573; x_wconf 88' lang='lat' dir='ltr'><strong>enim</strong></span> <span class='ocrx_word' id='word_1_565' title='bbox 2418 3533 2611 3573; x_wconf 92' lang='lat' dir='ltr'><strong>sumus</strong></span> <span class='ocrx_word' id='word_1_566' title='bbox 2654 3518 2710 3573; x_wconf 90' lang='lat' dir='ltr'><strong>in</strong></span> <span class='ocrx_word' id='word_1_567' title='bbox 2750 3518 2992 3575; x_wconf 82' lang='lat' dir='ltr'><strong>Christo.</strong></span> <span class='ocrx_word' id='word_1_568' title='bbox 3038 3518 3376 3591; x_wconf 82' lang='lat' dir='ltr'><strong>Adjiciemus</strong></span> <span class='ocrx_word' id='word_1_569' title='bbox 3414 3528 3596 3575; x_wconf 90' lang='lat' dir='ltr'><strong>autem</strong></span> 
     </span>
    </p>
   </div>
   <div class='ocr_carea' id='block_1_75' title="bbox 2013 3609 3595 3680">
    <p class='ocr_par' dir='ltr' id='par_1_75' title="bbox 2013 3609 3595 3680">
     <span class='ocr_line' id='line_1_75' title="bbox 2013 3609 3595 3680; baseline -0.001 -16"><span class='ocrx_word' id='word_1_570' title='bbox 2013 3609 2177 3664; x_wconf 90' lang='lat' dir='ltr'><strong>etiam</strong></span> <span class='ocrx_word' id='word_1_571' title='bbox 2200 3609 2304 3665; x_wconf 88' lang='lat' dir='ltr'><strong>hoc</strong></span> <span class='ocrx_word' id='word_1_572' title='bbox 2325 3626 2434 3664; x_wconf 90' lang='lat' dir='ltr'><strong>non</strong></span> <span class='ocrx_word' id='word_1_573' title='bbox 2463 3609 2562 3664; x_wconf 85' lang='lat' dir='ltr'><strong>abs</strong></span> <span class='ocrx_word' id='word_1_574' title='bbox 2591 3626 2670 3665; x_wconf 91' lang='lat' dir='ltr'><strong>re.</strong></span> <span class='ocrx_word' id='word_1_575' title='bbox 2701 3610 2978 3666; x_wconf 83' lang='lat' dir='ltr'><strong>Hactenus</strong></span> <span class='ocrx_word' id='word_1_576' title='bbox 2998 3612 3143 3665; x_wconf 91' lang='lat' dir='ltr'><strong>enim</strong></span> <span class='ocrx_word' id='word_1_577' title='bbox 3163 3612 3402 3680; x_wconf 88' lang='lat' dir='ltr'><strong>capitum</strong></span> <span class='ocrx_word' id='word_1_578' title='bbox 3425 3610 3595 3665; x_wconf 78' lang='lat' dir='ltr'><strong>Exodi</strong></span> 
     </span>
    </p>
   </div>
   <div class='ocr_carea' id='block_1_76' title="bbox 2010 3686 3598 3770">
    <p class='ocr_par' dir='ltr' id='par_1_76' title="bbox 2010 3686 3598 3770">
     <span class='ocr_line' id='line_1_76' title="bbox 2010 3686 3598 3770; baseline 0 -17"><span class='ocrx_word' id='word_1_579' title='bbox 2010 3700 2415 3754; x_wconf 89' lang='lat' dir='ltr'><strong>enarrationem</strong></span> <span class='ocrx_word' id='word_1_580' title='bbox 2458 3699 2808 3770; x_wconf 85' lang='lat' dir='ltr'><strong>digessimus,</strong></span> <span class='ocrx_word' id='word_1_581' title='bbox 2849 3717 2959 3755; x_wconf 92' lang='lat' dir='ltr'><strong>non</strong></span> <span class='ocrx_word' id='word_1_582' title='bbox 2985 3700 3132 3769; x_wconf 88' lang='lat' dir='ltr'><strong>quod</strong></span> <span class='ocrx_word' id='word_1_583' title='bbox 3163 3700 3229 3753; x_wconf 92' lang='lat' dir='ltr'><strong>ad</strong></span> <span class='ocrx_word' id='word_1_584' title='bbox 3259 3686 3451 3753; x_wconf 88' lang='lat' dir='ltr'><strong>eorum</strong></span> <span class='ocrx_word' id='word_1_585' title='bbox 3476 3714 3598 3767; x_wconf 68' lang='lat' dir='ltr'><strong>qua:</strong></span> 
     </span>
    </p>
   </div>
   <div class='ocr_carea' id='block_1_77' title="bbox 2011 3787 3593 3858">
    <p class='ocr_par' dir='ltr' id='par_1_77' title="bbox 2011 3787 3593 3858">
     <span class='ocr_line' id='line_1_77' title="bbox 2011 3787 3593 3858; baseline -0.001 -15"><span class='ocrx_word' id='word_1_586' title='bbox 2011 3788 2271 3857; x_wconf 88' lang='lat' dir='ltr'><strong>deinceps</strong></span> <span class='ocrx_word' id='word_1_587' title='bbox 2305 3798 2616 3857; x_wconf 87' lang='lat' dir='ltr'><strong>sequuntur</strong></span> <span class='ocrx_word' id='word_1_588' title='bbox 2639 3788 3062 3858; x_wconf 79' lang='lat' dir='ltr'><strong>explicationem</strong></span> <span class='ocrx_word' id='word_1_589' title='bbox 3094 3789 3375 3857; x_wconf 85' lang='lat' dir='ltr'><strong>segniores</strong></span> <span class='ocrx_word' id='word_1_590' title='bbox 3401 3787 3593 3851; x_wconf 84' lang='lat' dir='ltr'><strong>simus,</strong></span> 
     </span>
    </p>
   </div>
   <div class='ocr_carea' id='block_1_78' title="bbox 336 3870 1916 3948">
    <p class='ocr_par' dir='ltr' id='par_1_78' title="bbox 336 3870 1905 3948">
     <span class='ocr_line' id='line_1_78' title="bbox 336 3870 1905 3948; baseline 0.006 -27"><span class='ocrx_word' id='word_1_591' title='bbox 336 3886 462 3933; x_wconf 80' lang='grc' dir='ltr'>νους</span> <span class='ocrx_word' id='word_1_592' title='bbox 510 3870 710 3941; x_wconf 80' lang='grc' dir='ltr'><strong>ἀγιάζῃ</strong></span> <span class='ocrx_word' id='word_1_593' title='bbox 752 3872 889 3942; x_wconf 79' lang='grc' dir='ltr'>πρὸς</span> <span class='ocrx_word' id='word_1_594' title='bbox 935 3872 1033 3942; x_wconf 82' lang='grc' dir='ltr'>τὴν</span> <span class='ocrx_word' id='word_1_595' title='bbox 1064 3876 1162 3943; x_wconf 77' lang='grc' dir='ltr'>τῆς</span> <span class='ocrx_word' id='word_1_596' title='bbox 1208 3875 1411 3945; x_wconf 80' lang='grc' dir='ltr'>σαρκὸς</span> <span class='ocrx_word' id='word_1_597' title='bbox 1458 3876 1839 3948; x_wconf 85' lang='grc' dir='ltr'>καθαρότητα·</span> <span class='ocrx_word' id='word_1_598' title='bbox 1887 3898 1905 3931; x_wconf 80' lang='grc' dir='ltr'><strong>ι</strong></span> 
     </span>
    </p>
   </div>
   <div class='ocr_carea' id='block_1_79' title="bbox 2018 3870 3598 3948">
    <p class='ocr_par' dir='ltr' id='par_1_79' title="bbox 2018 3877 3598 3947">
     <span class='ocr_line' id='line_1_79' title="bbox 2018 3877 3598 3947; baseline -0.002 -14"><span class='ocrx_word' id='word_1_599' title='bbox 2018 3879 2102 3933; x_wconf 75' lang='lat' dir='ltr'><strong>sed</strong></span> <span class='ocrx_word' id='word_1_600' title='bbox 2116 3879 2261 3947; x_wconf 85' lang='lat' dir='ltr'><strong>quod</strong></span> <span class='ocrx_word' id='word_1_601' title='bbox 2277 3878 2343 3932; x_wconf 85' lang='lat' dir='ltr'><strong>iis</strong></span> <span class='ocrx_word' id='word_1_602' title='bbox 2359 3878 2537 3941; x_wconf 91' lang='lat' dir='ltr'><strong>libris,</strong></span> <span class='ocrx_word' id='word_1_603' title='bbox 2557 3894 2694 3947; x_wconf 90' lang='lat' dir='ltr'><strong>quos</strong></span> <span class='ocrx_word' id='word_1_604' title='bbox 2707 3878 2783 3931; x_wconf 90' lang='lat' dir='ltr'><strong>De</strong></span> <span class='ocrx_word' id='word_1_605' title='bbox 2802 3880 3113 3931; x_wconf 84' lang='lat' dir='ltr'><strong>adoratione</strong></span> <span class='ocrx_word' id='word_1_606' title='bbox 3127 3879 3181 3930; x_wconf 83' lang='lat' dir='ltr'><strong>in</strong></span> <span class='ocrx_word' id='word_1_607' title='bbox 3196 3877 3385 3946; x_wconf 78' lang='lat' dir='ltr'><strong>spiritu</strong></span> <span class='ocrx_word' id='word_1_608' title='bbox 3404 3886 3451 3928; x_wconf 83' lang='lat' dir='ltr'><strong>et</strong></span> <span class='ocrx_word' id='word_1_609' title='bbox 3465 3878 3598 3930; x_wconf 83' lang='lat' dir='ltr'><strong>veri-</strong></span> 
     </span>
    </p>
   </div>
   <div class='ocr_carea' id='block_1_80' title="bbox 339 3958 1911 4038">
    <p class='ocr_par' dir='ltr' id='par_1_80' title="bbox 339 3958 1911 4038">
     <span class='ocr_line' id='line_1_80' title="bbox 339 3958 1911 4038; baseline 0.005 -27"><span class='ocrx_word' id='word_1_610' title='bbox 339 3962 499 4013; x_wconf 71' lang='grc' dir='ltr'>πᾶιλιν</span> <span class='ocrx_word' id='word_1_611' title='bbox 522 3962 675 4014; x_wconf 73' lang='grc' dir='ltr'>οὐδὲν</span> <span class='ocrx_word' id='word_1_612' title='bbox 704 3958 865 4035; x_wconf 82' lang='grc' dir='ltr'>ἦττον</span> <span class='ocrx_word' id='word_1_613' title='bbox 893 3966 1175 4035; x_wconf 76' lang='grc' dir='ltr'>νοήσωμεν</span> <span class='ocrx_word' id='word_1_614' title='bbox 1199 3965 1298 4036; x_wconf 79' lang='grc' dir='ltr'>τὴν</span> <span class='ocrx_word' id='word_1_615' title='bbox 1326 3966 1413 4019; x_wconf 72' lang='grc' dir='ltr'><strong>διὰ</strong></span> <span class='ocrx_word' id='word_1_616' title='bbox 1437 3968 1672 4037; x_wconf 85' lang='grc' dir='ltr'>Χριστοῦ</span> <span class='ocrx_word' id='word_1_617' title='bbox 1701 3969 1911 4038; x_wconf 69' lang='grc' dir='ltr'>κάθαρς</span> 
     </span>
    </p>
   </div>
   <div class='ocr_carea' id='block_1_81' title="bbox 335 4053 1909 4130">
    <p class='ocr_par' dir='ltr' id='par_1_81' title="bbox 335 4053 1909 4130">
     <span class='ocr_line' id='line_1_81' title="bbox 335 4053 1909 4130; baseline 0.004 -23"><span class='ocrx_word' id='word_1_618' title='bbox 335 4068 452 4116; x_wconf 81' lang='grc' dir='ltr'>σιν,</span> <span class='ocrx_word' id='word_1_619' title='bbox 494 4053 528 4125; x_wconf 79' lang='grc' dir='ltr'>ἠ</span> <span class='ocrx_word' id='word_1_620' title='bbox 562 4054 629 4107; x_wconf 79' lang='grc' dir='ltr'>δι’</span> <span class='ocrx_word' id='word_1_621' title='bbox 665 4053 857 4119; x_wconf 77' lang='grc' dir='ltr'>ὕδατός</span> <span class='ocrx_word' id='word_1_622' title='bbox 900 4074 959 4109; x_wconf 87' lang='grc' dir='ltr'><strong>τε</strong></span> <span class='ocrx_word' id='word_1_623' title='bbox 1000 4056 1095 4109; x_wconf 75' lang='grc' dir='ltr'>καὶ</span> <span class='ocrx_word' id='word_1_624' title='bbox 1136 4057 1445 4127; x_wconf 75' lang='grc' dir='ltr'>πνεύματος</span> <span class='ocrx_word' id='word_1_625' title='bbox 1472 4099 1486 4121; x_wconf 89' lang='grc'>,</span> <span class='ocrx_word' id='word_1_626' title='bbox 1520 4058 1581 4111; x_wconf 74' lang='grc' dir='ltr'>οὗ</span> <span class='ocrx_word' id='word_1_627' title='bbox 1630 4060 1909 4130; x_wconf 84' lang='grc' dir='ltr'>σαρκικῶν</span> 
     </span>
    </p>
   </div>
   <div class='ocr_carea' id='block_1_82' title="bbox 333 4146 1908 4220">
    <p class='ocr_par' dir='ltr' id='par_1_82' title="bbox 333 4146 1908 4220">
     <span class='ocr_line' id='line_1_82' title="bbox 333 4146 1908 4220; baseline 0.005 -23"><span class='ocrx_word' id='word_1_628' title='bbox 333 4146 482 4215; x_wconf 73' lang='grc' dir='ltr'>ἡμᾶς</span> <span class='ocrx_word' id='word_1_629' title='bbox 513 4146 927 4201; x_wconf 75' lang='grc' dir='ltr'>ἁπαλλάττουσα</span> <span class='ocrx_word' id='word_1_630' title='bbox 958 4148 1177 4219; x_wconf 78' lang='grc' dir='ltr'>ρύπων,</span> <span class='ocrx_word' id='word_1_631' title='bbox 1217 4149 1353 4203; x_wconf 78' lang='grc' dir='ltr'><strong>ἀλλὰ</strong></span> <span class='ocrx_word' id='word_1_632' title='bbox 1390 4150 1497 4202; x_wconf 87' lang='grc' dir='ltr'><strong>τῶν</strong></span> <span class='ocrx_word' id='word_1_633' title='bbox 1534 4152 1591 4203; x_wconf 85' lang='grc' dir='ltr'>ὲν</span> <span class='ocrx_word' id='word_1_634' title='bbox 1638 4150 1908 4220; x_wconf 84' lang='grc' dir='ltr'>πνεύματι</span> 
     </span>
    </p>
   </div>
   <div class='ocr_carea' id='block_1_83' title="bbox 335 4237 1907 4310">
    <p class='ocr_par' dir='ltr' id='par_1_83' title="bbox 335 4237 1907 4310">
     <span class='ocr_line' id='line_1_83' title="bbox 335 4237 1907 4310; baseline 0.004 -21"><span class='ocrx_word' id='word_1_635' title='bbox 335 4237 431 4291; x_wconf 73' lang='grc' dir='ltr'>καὶ</span> <span class='ocrx_word' id='word_1_636' title='bbox 458 4238 604 4309; x_wconf 75' lang='grc' dir='ltr'>ψυχῇ</span> <span class='ocrx_word' id='word_1_637' title='bbox 641 4239 932 4308; x_wconf 82' lang='grc' dir='ltr'>μολυσμῶν</span> <span class='ocrx_word' id='word_1_638' title='bbox 963 4239 1053 4292; x_wconf 72' lang='grc' dir='ltr'><strong>τὸν</strong></span> <span class='ocrx_word' id='word_1_639' title='bbox 1088 4240 1276 4310; x_wconf 86' lang='grc' dir='ltr'>μῶμον</span> <span class='ocrx_word' id='word_1_640' title='bbox 1315 4240 1674 4294; x_wconf 76' lang='grc' dir='ltr'>ὲκπλύνονσα.</span> <span class='ocrx_word' id='word_1_641' title='bbox 1720 4241 1907 4310; x_wconf 76' lang='grc' dir='ltr'><strong>Ἤγιάο</strong></span> 
     </span>
    </p>
   </div>
   <div class='ocr_carea' id='block_1_84' title="bbox 2013 3966 3597 4037">
    <p class='ocr_par' dir='ltr' id='par_1_84' title="bbox 2013 3966 3597 4037">
     <span class='ocr_line' id='line_1_84' title="bbox 2013 3966 3597 4037; baseline -0.002 -14"><span class='ocrx_word' id='word_1_642' title='bbox 2013 3978 2121 4023; x_wconf 82' lang='lat' dir='ltr'><strong>tate</strong></span> <span class='ocrx_word' id='word_1_643' title='bbox 2141 3968 2586 4037; x_wconf 88' lang='lat' dir='ltr'><strong>conscripsimus,</strong></span> <span class='ocrx_word' id='word_1_644' title='bbox 2619 3976 2874 4021; x_wconf 89' lang='lat' dir='ltr'><strong>accurate</strong></span> <span class='ocrx_word' id='word_1_645' title='bbox 2892 3967 3065 4021; x_wconf 89' lang='lat' dir='ltr'><strong>sancti</strong></span> <span class='ocrx_word' id='word_1_646' title='bbox 3081 3966 3444 4021; x_wconf 86' lang='lat' dir='ltr'><strong>Tabernaculi</strong></span> <span class='ocrx_word' id='word_1_647' title='bbox 3469 3980 3597 4020; x_wconf 79' lang='lat' dir='ltr'><strong>con-</strong></span> 
     </span>
    </p>
   </div>
   <div class='ocr_carea' id='block_1_85' title="bbox 2014 4057 3591 4129">
    <p class='ocr_par' dir='ltr' id='par_1_85' title="bbox 2014 4057 3591 4129">
     <span class='ocr_line' id='line_1_85' title="bbox 2014 4057 3591 4129; baseline -0.002 -14"><span class='ocrx_word' id='word_1_648' title='bbox 2014 4061 2359 4117; x_wconf 86' lang='lat' dir='ltr'><strong>stitulionem</strong></span> <span class='ocrx_word' id='word_1_649' title='bbox 2398 4057 2942 4129; x_wconf 64' lang='lat' dir='ltr'><strong>investigaverimus,</strong></span> <span class='ocrx_word' id='word_1_650' title='bbox 2986 4065 3042 4111; x_wconf 91' lang='lat' dir='ltr'><strong>et</strong></span> <span class='ocrx_word' id='word_1_651' title='bbox 3076 4057 3287 4127; x_wconf 84' lang='lat' dir='ltr'><strong>singula</strong></span> <span class='ocrx_word' id='word_1_652' title='bbox 3315 4058 3591 4127; x_wconf 85' lang='lat' dir='ltr'><strong>prosecuti</strong></span> 
     </span>
    </p>
   </div>
   <div class='ocr_carea' id='block_1_86' title="bbox 2013 4148 3596 4221">
    <p class='ocr_par' dir='ltr' id='par_1_86' title="bbox 2013 4148 3596 4221">
     <span class='ocr_line' id='line_1_86' title="bbox 2013 4148 3596 4221; baseline -0.003 -13"><span class='ocrx_word' id='word_1_653' title='bbox 2013 4153 2188 4209; x_wconf 88' lang='lat' dir='ltr'><strong>simus</strong></span> <span class='ocrx_word' id='word_1_654' title='bbox 2210 4165 2332 4221; x_wconf 72' lang='lat' dir='ltr'><strong>qua:</strong></span> <span class='ocrx_word' id='word_1_655' title='bbox 2366 4150 2421 4203; x_wconf 90' lang='lat' dir='ltr'><strong>in</strong></span> <span class='ocrx_word' id='word_1_656' title='bbox 2460 4165 2526 4203; x_wconf 89' lang='lat' dir='ltr'><strong>co</strong></span> <span class='ocrx_word' id='word_1_657' title='bbox 2564 4157 2710 4212; x_wconf 89' lang='lat' dir='ltr'><strong>sunt,</strong></span> <span class='ocrx_word' id='word_1_658' title='bbox 2744 4148 3183 4218; x_wconf 88' lang='lat' dir='ltr'><strong>propitiatorium</strong></span> <span class='ocrx_word' id='word_1_659' title='bbox 3217 4188 3233 4214; x_wconf 94' lang='lat'><strong>,</strong></span> <span class='ocrx_word' id='word_1_660' title='bbox 3271 4149 3516 4218; x_wconf 80' lang='lat' dir='ltr'><strong>inquam,</strong></span> <span class='ocrx_word' id='word_1_661' title='bbox 3538 4157 3596 4204; x_wconf 85' lang='lat' dir='ltr'><strong>et</strong></span> 
     </span>
    </p>
   </div>
   <div class='ocr_carea' id='block_1_87' title="bbox 2016 4240 3594 4309">
    <p class='ocr_par' dir='ltr' id='par_1_87' title="bbox 2016 4240 3594 4309">
     <span class='ocr_line' id='line_1_87' title="bbox 2016 4240 3594 4309; baseline -0.004 -8"><span class='ocrx_word' id='word_1_662' title='bbox 2016 4259 2219 4307; x_wconf 84' lang='lat' dir='ltr'><strong>arcam,</strong></span> <span class='ocrx_word' id='word_1_663' title='bbox 2248 4257 2513 4305; x_wconf 88' lang='lat' dir='ltr'><strong>mensam,</strong></span> <span class='ocrx_word' id='word_1_664' title='bbox 2542 4256 2605 4296; x_wconf 92' lang='lat' dir='ltr'><strong>ac</strong></span> <span class='ocrx_word' id='word_1_665' title='bbox 2628 4240 3019 4295; x_wconf 83' lang='lat' dir='ltr'><strong>candelabrum</strong></span> <span class='ocrx_word' id='word_1_666' title='bbox 3041 4280 3055 4303; x_wconf 92' lang='lat'><strong>,</strong></span> <span class='ocrx_word' id='word_1_667' title='bbox 3076 4241 3149 4294; x_wconf 87' lang='lat' dir='ltr'><strong>ita</strong></span> <span class='ocrx_word' id='word_1_668' title='bbox 3181 4249 3240 4295; x_wconf 94' lang='lat' dir='ltr'><strong>ut</strong></span> <span class='ocrx_word' id='word_1_669' title='bbox 3265 4240 3403 4294; x_wconf 89' lang='lat' dir='ltr'><strong>nihil</strong></span> <span class='ocrx_word' id='word_1_670' title='bbox 3448 4240 3594 4309; x_wconf 91' lang='lat' dir='ltr'><strong>quod</strong></span> 
     </span>
    </p>
   </div>
   <div class='ocr_carea' id='block_1_88' title="bbox 337 4329 1916 4413">
    <p class='ocr_par' dir='ltr' id='par_1_88' title="bbox 337 4329 1906 4402">
     <span class='ocr_line' id='line_1_88' title="bbox 337 4329 1906 4402; baseline 0.005 -22"><span class='ocrx_word' id='word_1_671' title='bbox 337 4329 512 4398; x_wconf 82' lang='grc' dir='ltr'>σμεθα</span> <span class='ocrx_word' id='word_1_672' title='bbox 543 4330 653 4401; x_wconf 73' lang='grc' dir='ltr'><strong>γὰρ</strong></span> <span class='ocrx_word' id='word_1_673' title='bbox 695 4332 751 4382; x_wconf 81' lang='grc' dir='ltr'>ὲν</span> <span class='ocrx_word' id='word_1_674' title='bbox 780 4329 1020 4402; x_wconf 79' lang='grc' dir='ltr'>Χριστῷ.</span> <span class='ocrx_word' id='word_1_675' title='bbox 1060 4332 1503 4402; x_wconf 81' lang='grc' dir='ltr'>Προσεποίσομεν</span> <span class='ocrx_word' id='word_1_676' title='bbox 1533 4332 1585 4385; x_wconf 82' lang='grc' dir='ltr'>δὲ</span> <span class='ocrx_word' id='word_1_677' title='bbox 1617 4332 1713 4386; x_wconf 77' lang='grc' dir='ltr'>καὶ</span> <span class='ocrx_word' id='word_1_678' title='bbox 1746 4334 1906 4389; x_wconf 84' lang='grc' dir='ltr'>τοῦτο</span> 
     </span>
    </p>
   </div>
   <div class='ocr_carea' id='block_1_89' title="bbox 2018 4329 3594 4413">
    <p class='ocr_par' dir='ltr' id='par_1_89' title="bbox 2018 4331 3594 4404">
     <span class='ocr_line' id='line_1_89' title="bbox 2018 4331 3594 4404; baseline -0.003 -12"><span class='ocrx_word' id='word_1_679' title='bbox 2018 4334 2376 4392; x_wconf 83' lang='lat' dir='ltr'><strong>declaratione</strong></span> <span class='ocrx_word' id='word_1_680' title='bbox 2393 4347 2554 4404; x_wconf 74' lang='lat' dir='ltr'><strong>egere</strong></span> <span class='ocrx_word' id='word_1_681' title='bbox 2570 4333 2871 4397; x_wconf 82' lang='lat' dir='ltr'><strong>videretur,</strong></span> <span class='ocrx_word' id='word_1_682' title='bbox 2885 4332 3396 4387; x_wconf 88' lang='lat' dir='ltr'><strong>omiserimus.Nam</strong></span> <span class='ocrx_word' id='word_1_683' title='bbox 3409 4332 3512 4387; x_wconf 90' lang='lat' dir='ltr'><strong>hac</strong></span> <span class='ocrx_word' id='word_1_684' title='bbox 3526 4331 3594 4387; x_wconf 89' lang='lat' dir='ltr'><strong>de</strong></span> 
     </span>
    </p>
   </div>
   <div class='ocr_carea' id='block_1_90' title="bbox 333 4420 1906 4497">
    <p class='ocr_par' dir='ltr' id='par_1_90' title="bbox 333 4420 1906 4497">
     <span class='ocr_line' id='line_1_90' title="bbox 333 4420 1906 4497; baseline 0.005 -26"><span class='ocrx_word' id='word_1_685' title='bbox 333 4420 639 4491; x_wconf 80' lang='grc' dir='ltr'>χρησίμως.</span> <span class='ocrx_word' id='word_1_686' title='bbox 668 4422 845 4492; x_wconf 84' lang='grc' dir='ltr'>Μέχρι</span> <span class='ocrx_word' id='word_1_687' title='bbox 871 4423 979 4492; x_wconf 75' lang='grc' dir='ltr'><strong>γὰρ</strong></span> <span class='ocrx_word' id='word_1_688' title='bbox 1017 4423 1204 4475; x_wconf 75' lang='grc' dir='ltr'>τούτου</span> <span class='ocrx_word' id='word_1_689' title='bbox 1232 4422 1342 4476; x_wconf 89' lang='grc' dir='ltr'><strong>τῶν</strong></span> <span class='ocrx_word' id='word_1_690' title='bbox 1385 4425 1440 4475; x_wconf 85' lang='grc' dir='ltr'>ὲν</span> <span class='ocrx_word' id='word_1_691' title='bbox 1482 4426 1545 4494; x_wconf 80' lang='grc' dir='ltr'>τῇ</span> <span class='ocrx_word' id='word_1_692' title='bbox 1590 4425 1785 4497; x_wconf 80' lang='grc' dir='ltr'>Ἐξόδῳ</span> <span class='ocrx_word' id='word_1_693' title='bbox 1816 4444 1906 4479; x_wconf 82' lang='grc' dir='ltr'>κε-</span> 
     </span>
    </p>
   </div>
   <div class='ocr_carea' id='block_1_91' title="bbox 336 4512 1906 4585">
    <p class='ocr_par' dir='ltr' id='par_1_91' title="bbox 336 4512 1906 4585">
     <span class='ocr_line' id='line_1_91' title="bbox 336 4512 1906 4585; baseline 0.005 -22"><span class='ocrx_word' id='word_1_694' title='bbox 336 4512 584 4578; x_wconf 62' lang='grc' dir='ltr'>φαλαίων</span> <span class='ocrx_word' id='word_1_695' title='bbox 625 4513 727 4583; x_wconf 81' lang='grc' dir='ltr'>τὴν</span> <span class='ocrx_word' id='word_1_696' title='bbox 764 4514 1038 4584; x_wconf 70' lang='grc' dir='ltr'>ἀφήγησιν</span> <span class='ocrx_word' id='word_1_697' title='bbox 1080 4516 1412 4585; x_wconf 81' lang='grc' dir='ltr'>συμμετρεῖν</span> <span class='ocrx_word' id='word_1_698' title='bbox 1457 4515 1796 4585; x_wconf 76' lang='grc' dir='ltr'>ἐγνώκαμεν,</span> <span class='ocrx_word' id='word_1_699' title='bbox 1846 4519 1906 4571; x_wconf 74' lang='grc' dir='ltr'>οὐ</span> 
     </span>
    </p>
   </div>
   <div class='ocr_carea' id='block_1_92' title="bbox 2014 4424 3594 4493">
    <p class='ocr_par' dir='ltr' id='par_1_92' title="bbox 2014 4424 3594 4493">
     <span class='ocr_line' id='line_1_92' title="bbox 2014 4424 3594 4493; baseline -0.003 -11"><span class='ocrx_word' id='word_1_700' title='bbox 2014 4443 2073 4482; x_wconf 87' lang='lat' dir='ltr'><strong>re</strong></span> <span class='ocrx_word' id='word_1_701' title='bbox 2111 4441 2292 4480; x_wconf 89' lang='lat' dir='ltr'><strong>nonus</strong></span> <span class='ocrx_word' id='word_1_702' title='bbox 2306 4433 2360 4478; x_wconf 90' lang='lat' dir='ltr'><strong>et</strong></span> <span class='ocrx_word' id='word_1_703' title='bbox 2382 4424 2630 4478; x_wconf 89' lang='lat' dir='ltr'><strong>decimus</strong></span> <span class='ocrx_word' id='word_1_704' title='bbox 2646 4424 2788 4479; x_wconf 91' lang='lat' dir='ltr'><strong>liber</strong></span> <span class='ocrx_word' id='word_1_705' title='bbox 2807 4424 2968 4477; x_wconf 91' lang='lat' dir='ltr'><strong>nobis</strong></span> <span class='ocrx_word' id='word_1_706' title='bbox 2984 4432 3065 4477; x_wconf 87' lang='lat' dir='ltr'><strong>est</strong></span> <span class='ocrx_word' id='word_1_707' title='bbox 3083 4433 3460 4493; x_wconf 88' lang='lat' dir='ltr'><strong>consumptus.</strong></span> <span class='ocrx_word' id='word_1_708' title='bbox 3480 4424 3594 4478; x_wconf 90' lang='lat' dir='ltr'><strong>Deo</strong></span> 
     </span>
    </p>
   </div>
   <div class='ocr_carea' id='block_1_93' title="bbox 2013 4516 3589 4587">
    <p class='ocr_par' dir='ltr' id='par_1_93' title="bbox 2013 4516 3589 4587">
     <span class='ocr_line' id='line_1_93' title="bbox 2013 4516 3589 4587; baseline -0.003 -15"><span class='ocrx_word' id='word_1_709' title='bbox 2013 4528 2195 4572; x_wconf 88' lang='lat' dir='ltr'><strong>autem</strong></span> <span class='ocrx_word' id='word_1_710' title='bbox 2223 4524 2414 4571; x_wconf 88' lang='lat' dir='ltr'><strong>nostro</strong></span> <span class='ocrx_word' id='word_1_711' title='bbox 2439 4516 2510 4570; x_wconf 89' lang='lat' dir='ltr'><strong>sit</strong></span> <span class='ocrx_word' id='word_1_712' title='bbox 2534 4516 2706 4587; x_wconf 85' lang='lat' dir='ltr'><strong>gloria</strong></span> <span class='ocrx_word' id='word_1_713' title='bbox 2733 4516 2787 4570; x_wconf 90' lang='lat' dir='ltr'><strong>iu</strong></span> <span class='ocrx_word' id='word_1_714' title='bbox 2812 4516 3007 4570; x_wconf 61' lang='lat' dir='ltr'><strong>saecula</strong></span> <span class='ocrx_word' id='word_1_715' title='bbox 3031 4516 3375 4571; x_wconf 59' lang='lat' dir='ltr'><strong>saeculorum.</strong></span> <span class='ocrx_word' id='word_1_716' title='bbox 3396 4516 3589 4569; x_wconf 84' lang='lat' dir='ltr'><strong>Amen.</strong></span> 
     </span>
    </p>
   </div>
   <div class='ocr_carea' id='block_1_94' title="bbox 334 4606 3591 4682">
    <p class='ocr_par' dir='ltr' id='par_1_94' title="bbox 334 4606 3591 4682">
     <span class='ocr_line' id='line_1_94' title="bbox 334 4606 3591 4682; baseline 0 -24"><span class='ocrx_word' id='word_1_717' title='bbox 334 4608 472 4676; x_wconf 78' lang='grc' dir='ltr'>πρὸς</span> <span class='ocrx_word' id='word_1_718' title='bbox 511 4606 611 4675; x_wconf 74' lang='grc' dir='ltr'>τὴν</span> <span class='ocrx_word' id='word_1_719' title='bbox 638 4608 749 4660; x_wconf 87' lang='grc' dir='ltr'><strong>τῶν</strong></span> <span class='ocrx_word' id='word_1_720' title='bbox 794 4608 994 4677; x_wconf 67' lang='grc' dir='ltr'>ἐφεξῆς</span> <span class='ocrx_word' id='word_1_721' title='bbox 1045 4610 1559 4679; x_wconf 78' lang='grc' dir='ltr'>καταναρκήσαντες</span> <span class='ocrx_word' id='word_1_722' title='bbox 1598 4612 1916 4682; x_wconf 79' lang='grc' dir='ltr'>ἑρμηνείαν,</span> <span class='ocrx_word' id='word_1_723' title='bbox 1960 4614 2073 4667; x_wconf 81' lang='grc' dir='ltr'><strong>ἀλλ’</strong></span> <span class='ocrx_word' id='word_1_724' title='bbox 2145 4613 2225 4665; x_wconf 83' lang='grc' dir='ltr'>ὃτι</span> <span class='ocrx_word' id='word_1_725' title='bbox 2293 4611 2418 4674; x_wconf 72' lang='grc' dir='ltr'>τοὺς</span> <span class='ocrx_word' id='word_1_726' title='bbox 2458 4610 2594 4678; x_wconf 78' lang='grc' dir='ltr'>Περὶ</span> <span class='ocrx_word' id='word_1_727' title='bbox 2631 4609 2740 4676; x_wconf 84' lang='grc' dir='ltr'>τῆς</span> <span class='ocrx_word' id='word_1_728' title='bbox 2778 4610 2850 4663; x_wconf 79' lang='grc' dir='ltr'><strong>ἐν</strong></span> <span class='ocrx_word' id='word_1_729' title='bbox 2894 4610 3185 4677; x_wconf 74' lang='grc' dir='ltr'>πνεύματί</span> <span class='ocrx_word' id='word_1_730' title='bbox 3214 4624 3278 4661; x_wconf 82' lang='grc' dir='ltr'><strong>τε</strong></span> <span class='ocrx_word' id='word_1_731' title='bbox 3317 4608 3411 4660; x_wconf 76' lang='grc' dir='ltr'>καὶ</span> <span class='ocrx_word' id='word_1_732' title='bbox 3444 4608 3591 4671; x_wconf 72' lang='grc' dir='ltr'><strong>ἀλη-</strong></span> 
     </span>
    </p>
   </div>
   <div class='ocr_carea' id='block_1_95' title="bbox 332 4696 3592 4772">
    <p class='ocr_par' dir='ltr' id='par_1_95' title="bbox 332 4696 3592 4772">
     <span class='ocr_line' id='line_1_95' title="bbox 332 4696 3592 4772; baseline 0.003 -24"><span class='ocrx_word' id='word_1_733' title='bbox 332 4699 460 4764; x_wconf 79' lang='grc' dir='ltr'>θείᾳ</span> <span class='ocrx_word' id='word_1_734' title='bbox 497 4699 971 4765; x_wconf 67' lang='grc' dir='ltr'>προσκυνήσεως</span> <span class='ocrx_word' id='word_1_735' title='bbox 1000 4699 1333 4762; x_wconf 78' lang='grc' dir='ltr'>συντιθέντες</span> <span class='ocrx_word' id='word_1_736' title='bbox 1353 4700 1562 4766; x_wconf 82' lang='grc' dir='ltr'>λόγους.</span> <span class='ocrx_word' id='word_1_737' title='bbox 1593 4704 1714 4764; x_wconf 80' lang='grc' dir='ltr'>ταῖς</span> <span class='ocrx_word' id='word_1_738' title='bbox 1739 4701 2109 4770; x_wconf 73' lang='grc' dir='ltr'>καθηκούσαις</span> <span class='ocrx_word' id='word_1_739' title='bbox 2132 4701 2381 4772; x_wconf 71' lang='grc' dir='ltr'>ὲρεύναις</span> <span class='ocrx_word' id='word_1_740' title='bbox 2449 4700 2909 4771; x_wconf 80' lang='grc' dir='ltr'>ὑποϐεϐλήκαμεν</span> <span class='ocrx_word' id='word_1_741' title='bbox 2974 4700 3143 4770; x_wconf 75' lang='grc' dir='ltr'>αὑτήν</span> <span class='ocrx_word' id='word_1_742' title='bbox 3173 4715 3232 4750; x_wconf 87' lang='grc' dir='ltr'><strong>τε</strong></span> <span class='ocrx_word' id='word_1_743' title='bbox 3289 4697 3390 4766; x_wconf 76' lang='grc' dir='ltr'><strong>τῆς</strong></span> <span class='ocrx_word' id='word_1_744' title='bbox 3431 4696 3592 4763; x_wconf 71' lang='grc' dir='ltr'>ἁγίαις</span> 
     </span>
    </p>
   </div>
   <div class='ocr_carea' id='block_1_96' title="bbox 336 4786 3591 4863">
    <p class='ocr_par' dir='ltr' id='par_1_96' title="bbox 336 4786 3591 4863">
     <span class='ocr_line' id='line_1_96' title="bbox 336 4786 3591 4863; baseline 0.003 -25"><span class='ocrx_word' id='word_1_745' title='bbox 336 4789 538 4855; x_wconf 73' lang='grc' dir='ltr'>σκηνῆς</span> <span class='ocrx_word' id='word_1_746' title='bbox 567 4786 666 4857; x_wconf 83' lang='grc' dir='ltr'>τὴν</span> <span class='ocrx_word' id='word_1_747' title='bbox 698 4788 1061 4858; x_wconf 76' lang='grc' dir='ltr'>κατασκευὴν,</span> <span class='ocrx_word' id='word_1_748' title='bbox 1105 4790 1201 4841; x_wconf 78' lang='grc' dir='ltr'>καὶ</span> <span class='ocrx_word' id='word_1_749' title='bbox 1247 4789 1451 4842; x_wconf 71' lang='grc' dir='ltr'>ἕκαστα</span> <span class='ocrx_word' id='word_1_750' title='bbox 1491 4789 1597 4842; x_wconf 88' lang='grc' dir='ltr'><strong>τῶν</strong></span> <span class='ocrx_word' id='word_1_751' title='bbox 1642 4794 1698 4843; x_wconf 83' lang='grc' dir='ltr'>ὲν</span> <span class='ocrx_word' id='word_1_752' title='bbox 1750 4792 1885 4862; x_wconf 73' lang='grc' dir='ltr'><strong>αὖτῇ</strong></span> <span class='ocrx_word' id='word_1_753' title='bbox 1930 4792 2217 4862; x_wconf 78' lang='grc' dir='ltr'>κειμένων,</span> <span class='ocrx_word' id='word_1_754' title='bbox 2240 4791 2596 4863; x_wconf 79' lang='grc' dir='ltr'>ἁγιαστηρέου</span> <span class='ocrx_word' id='word_1_755' title='bbox 2644 4808 2725 4856; x_wconf 86' lang='grc' dir='ltr'>τε,</span> <span class='ocrx_word' id='word_1_756' title='bbox 2751 4789 2915 4861; x_wconf 68' lang='grc' dir='ltr'>φημὶ,</span> <span class='ocrx_word' id='word_1_757' title='bbox 2938 4789 3026 4843; x_wconf 48' lang='grc' dir='ltr'>καῖ</span> <span class='ocrx_word' id='word_1_758' title='bbox 3048 4789 3147 4859; x_wconf 81' lang='grc' dir='ltr'><strong>τῆς</strong></span> <span class='ocrx_word' id='word_1_759' title='bbox 3176 4786 3430 4847; x_wconf 73' lang='grc' dir='ltr'><strong>κιδωτοῦι</strong></span> <span class='ocrx_word' id='word_1_760' title='bbox 3461 4801 3591 4855; x_wconf 77' lang='grc' dir='ltr'>τρα-</span> 
     </span>
    </p>
   </div>
   <div class='ocr_carea' id='block_1_97' title="bbox 334 4879 3592 4958">
    <p class='ocr_par' dir='ltr' id='par_1_97' title="bbox 334 4879 3592 4958">
     <span class='ocr_line' id='line_1_97' title="bbox 334 4879 3592 4958; baseline -0.001 -23"><span class='ocrx_word' id='word_1_761' title='bbox 334 4882 503 4951; x_wconf 70' lang='grc' dir='ltr'>πέζης</span> <span class='ocrx_word' id='word_1_762' title='bbox 525 4922 540 4946; x_wconf 90' lang='grc'><em>,</em></span> <span class='ocrx_word' id='word_1_763' title='bbox 580 4882 675 4936; x_wconf 73' lang='grc' dir='ltr'>καὶ</span> <span class='ocrx_word' id='word_1_764' title='bbox 704 4881 952 4953; x_wconf 79' lang='grc' dir='ltr'>λυχνίας,</span> <span class='ocrx_word' id='word_1_765' title='bbox 997 4885 1070 4946; x_wconf 83' lang='grc' dir='ltr'>ὡς</span> <span class='ocrx_word' id='word_1_766' title='bbox 1098 4884 1458 4938; x_wconf 47' lang='lat' dir='ltr'><strong>mamma:</strong></span> <span class='ocrx_word' id='word_1_767' title='bbox 1491 4885 1668 4937; x_wconf 84' lang='grc' dir='ltr'>δοκεῖν</span> <span class='ocrx_word' id='word_1_768' title='bbox 1694 4888 1759 4955; x_wconf 81' lang='grc' dir='ltr'>τῇ</span> <span class='ocrx_word' id='word_1_769' title='bbox 1803 4886 1909 4939; x_wconf 88' lang='grc' dir='ltr'><strong>τῶν</strong></span> <span class='ocrx_word' id='word_1_770' title='bbox 1948 4888 2264 4957; x_wconf 80' lang='grc' dir='ltr'>ἀναγκαίων</span> <span class='ocrx_word' id='word_1_771' title='bbox 2296 4890 2569 4958; x_wconf 68' lang='grc' dir='ltr'>ἀφηγήσει</span> <span class='ocrx_word' id='word_1_772' title='bbox 2603 4886 2788 4958; x_wconf 76' lang='grc' dir='ltr'>μηδὲν.</span> <span class='ocrx_word' id='word_1_773' title='bbox 2824 4883 3286 4952; x_wconf 77' lang='grc' dir='ltr'>Δεδαπανήκαμεν</span> <span class='ocrx_word' id='word_1_774' title='bbox 3349 4879 3453 4949; x_wconf 78' lang='grc' dir='ltr'>γὰρ</span> <span class='ocrx_word' id='word_1_775' title='bbox 3512 4884 3592 4943; x_wconf 78' lang='grc' dir='ltr'>εἰς</span> 
     </span>
    </p>
   </div>
   <div class='ocr_carea' id='block_1_98' title="bbox 334 4973 3112 5049">
    <p class='ocr_par' dir='ltr' id='par_1_98' title="bbox 334 4973 3112 5049">
     <span class='ocr_line' id='line_1_98' title="bbox 334 4973 3112 5049; baseline 0 -22"><span class='ocrx_word' id='word_1_776' title='bbox 334 4974 519 5028; x_wconf 78' lang='grc' dir='ltr'>τοῦτόν</span> <span class='ocrx_word' id='word_1_777' title='bbox 552 4992 615 5044; x_wconf 89' lang='grc' dir='ltr'><strong>γε</strong></span> <span class='ocrx_word' id='word_1_778' title='bbox 654 4975 873 5032; x_wconf 81' lang='grc' dir='ltr'>ἔννατον</span> <span class='ocrx_word' id='word_1_779' title='bbox 901 4978 993 5029; x_wconf 77' lang='grc' dir='ltr'>καὶ</span> <span class='ocrx_word' id='word_1_780' title='bbox 1049 4976 1275 5031; x_wconf 83' lang='grc' dir='ltr'>δέκατον</span> <span class='ocrx_word' id='word_1_781' title='bbox 1319 4978 1496 5047; x_wconf 70' lang='grc' dir='ltr'>λόγον.</span> <span class='ocrx_word' id='word_1_782' title='bbox 1566 4977 1686 5048; x_wconf 85' lang='grc' dir='ltr'><strong>Θεῷ</strong></span> <span class='ocrx_word' id='word_1_783' title='bbox 1728 4977 1784 5030; x_wconf 75' lang='grc' dir='ltr'>δὲ</span> <span class='ocrx_word' id='word_1_784' title='bbox 1817 4979 1847 5049; x_wconf 74' lang='grc' dir='ltr'>ἡ</span> <span class='ocrx_word' id='word_1_785' title='bbox 1859 4979 1975 5049; x_wconf 86' lang='grc' dir='ltr'><strong>μῶν</strong></span> <span class='ocrx_word' id='word_1_786' title='bbox 2011 4980 2137 5045; x_wconf 78' lang='grc' dir='ltr'>δόξα</span> <span class='ocrx_word' id='word_1_787' title='bbox 2164 4983 2242 5044; x_wconf 88' lang='grc' dir='ltr'><strong>είς</strong></span> <span class='ocrx_word' id='word_1_788' title='bbox 2274 4981 2472 5043; x_wconf 82' lang='grc' dir='ltr'>αἰῶνας</span> <span class='ocrx_word' id='word_1_789' title='bbox 2509 4979 2618 5033; x_wconf 89' lang='grc' dir='ltr'><strong>τῶν</strong></span> <span class='ocrx_word' id='word_1_790' title='bbox 2644 4976 2875 5031; x_wconf 87' lang='grc' dir='ltr'>αίώνων.</span> <span class='ocrx_word' id='word_1_791' title='bbox 2918 4973 3112 5043; x_wconf 80' lang='grc' dir='ltr'>Ἀμήν.</span> 
     </span>
    </p>
   </div>
   <div class='ocr_carea' id='block_1_99' title="bbox 402 5143 1916 5215">
    <p class='ocr_par' dir='ltr' id='par_1_99' title="bbox 402 5143 1916 5210">
     <span class='ocr_line' id='line_1_99' title="bbox 402 5143 1916 5210; baseline 0.001 -9"><span class='ocrx_word' id='word_1_792' title='bbox 402 5143 445 5175; x_wconf 80' lang='grc'><strong>⁸⁵</strong></span> <span class='ocrx_word' id='word_1_793' title='bbox 487 5146 527 5201; x_wconf 82' lang='lat' dir='ltr'><strong>ll</strong></span> <span class='ocrx_word' id='word_1_794' title='bbox 558 5147 685 5202; x_wconf 84' lang='lat' dir='ltr'><strong>Cor.</strong></span> <span class='ocrx_word' id='word_1_795' title='bbox 725 5147 918 5210; x_wconf 85' lang='lat' dir='ltr'><strong>m,&#39;l8.</strong></span> <span class='ocrx_word' id='word_1_796' title='bbox 987 5147 1030 5179; x_wconf 75' lang='grc'><strong>⁸⁸</strong></span> <span class='ocrx_word' id='word_1_797' title='bbox 1057 5146 1191 5200; x_wconf 85' lang='lat' dir='ltr'><strong>lbid.</strong></span> <span class='ocrx_word' id='word_1_798' title='bbox 1231 5147 1283 5199; x_wconf 88' lang='lat'><strong>9.</strong></span> <span class='ocrx_word' id='word_1_799' title='bbox 1362 5146 1404 5177; x_wconf 79' lang='grc'>⁸⁷</span> <span class='ocrx_word' id='word_1_800' title='bbox 1436 5148 1568 5200; x_wconf 70' lang='grc' dir='ltr'><strong>ι’.)ἰιί.</strong></span> <span class='ocrx_word' id='word_1_801' title='bbox 1606 5149 1687 5202; x_wconf 86' lang='lat' dir='ltr'><strong>l8.</strong></span> <span class='ocrx_word' id='word_1_802' title='bbox 1763 5149 1808 5180; x_wconf 80' lang='grc'><strong>⁸⁸</strong></span> <span class='ocrx_word' id='word_1_803' title='bbox 1857 5149 1916 5202; x_wconf 69' lang='grc' dir='ltr'><strong>ΙΙ(</strong></span> 
     </span>
    </p>
   </div>
   <div class='ocr_carea' id='block_1_100' title="bbox 2018 5143 2249 5215">
    <p class='ocr_par' dir='ltr' id='par_1_100' title="bbox 2018 5150 2249 5215">
     <span class='ocr_line' id='line_1_100' title="bbox 2018 5150 2249 5215; baseline 0.013 -14"><span class='ocrx_word' id='word_1_804' title='bbox 2018 5190 2022 5201; x_wconf 94' lang='grc'>.</span> <span class='ocrx_word' id='word_1_805' title='bbox 2061 5150 2249 5215; x_wconf 74' lang='lat' dir='ltr'><strong>Ix,15.</strong></span> 
     </span>
    </p>
   </div>
  </div>
