4066 6282
423 372 528 430 559

1442 368 1500 425 8.
1529 366 1804 424 CYRILLI
1840 362 2308 421 ALEXANDRINI
2348 362 2666 420 ARCHIEP.

3565 355 3668 409 hi0

447 552 3635 597 Mm

1235 724 1461 812 ΤΟΥ
1532 728 1676 814 ΕΝ
1740 723 2107 812 ΛΓΙΟΙΣ
2138 725 2566 811 ΠΑΤΡΟΣ
2628 724 2955 812 ΗΜΩΝ

1488 1163 2054 1219 ΔΡΧῙΕΠΙΣΚΟΠΟΥ
2118 1162 2638 1217 ΔΛΕΞΑΝΔΡΕΙΑΣ

924 1331 1715 1471 ΓΛΑΦΥΡΩΝ
1770 1340 2013 1454 ΕΙΣ
2066 1334 2273 1451 ΤΟ
2335 1328 3170 1449 ΛΕΥΙΤΙΚΟΝ

1855 1581 2325 1670 ΒΙΒΛΙΟΝ.

1340 1933 1497 2090 S.
1542 1938 1715 2085 P.
1781 1934 1963 2084 Ν.
2022 1809 2802 2084 CYIRILLI

1579 2194 2046 2255 ALEXANDRLE
2079 2189 2599 2252 ARCHIEPISCOPI

873 2375 2086 2511 GLAPHYRORUM
2171 2373 2333 2498 IN
2418 2362 3301 2501 LEVITICUM

1914 2625 2246 2704 LIBER.

661 2948 820 3022 3&3
848 2945 998 3013 Quod
1029 2944 1222 3002 Christi
1250 2946 1423 3017 passio
1454 2947 1520 3001 sit
1557 2943 1838 2999 salutaris.

534 3044 680 3099 Deus
734 3043 897 3112 hujus
942 3038 1187 3094 universi
1240 3054 1351 3093 non
1380 3038 1512 3109 feeit
1546 3045 1804 3099 mortem.
1851 3049 2032 3105 neque

2062 2965 2111 3024 Α

2380 2935 2510 2989 Ὀτι
2537 2929 2793 3001 Χριστοῦ
2821 2927 2886 2982 τὸ
2910 2926 3122 2990 πάθος,
3153 2921 3468 2989 σωτήριον.

2208 3034 2278 3082 α’.
2331 3024 2393 3081 Ὀ
2423 3026 2521 3096 μὲν
2551 3023 2659 3076 τῶν
2704 3021 2840 3074 ὅλων
2868 3017 3000 3080 Θεὸς
3033 3014 3258 3069 θάνατον
3293 3012 3393 3064 οὐκ
3436 3008 3717 3078 ἐποίησεν,

467 3134 773 3190 delectatur
785 3131 1008 3186 interitu
1024 3129 1326 3184 viventium
1343 3127 1414 3194 ⁸ο,
1434 3129 1529 3183 sed
1546 3135 1740 3184 cuncta
1755 3126 1961 3181 creavit
1976 3133 2038 3180 ut

2153 3118 2259 3172 »ὐδὲ
2288 3115 2552 3185 τέρπεται
2576 3112 2662 3164 ἐπ’
2691 3107 2935 3178 ἀπωλείᾳ
2978 3104 3221 3169 ζώντων·
3258 3100 3371 3155 ἀλλ’
3396 3099 3580 3152 ἔκτισε
3617 3097 3720 3168 μὲν

467 3231 673 3286 essent,
704 3229 760 3276 et
784 3221 1052 3275 salutares
1084 3227 1212 3274 sunt
1234 3219 1620 3291 generationes
1635 3217 1846 3273 mundi.
1886 3237 1904 3267 ι
1933 3217 2038 3271 Ne-

469 3328 577 3381 que
613 3318 699 3366 est
728 3309 1031 3364 inferorum
1059 3325 1289 3378 regnum
1341 3308 1398 3362 in
1439 3316 1610 3371 terra,
1647 3325 1664 3358 ›
1718 3306 1862 3359 sicut
1900 3304 2039 3359 scri-

471 3412 625 3471 ptum
660 3409 745 3455 est
764 3402 849 3453 9"z
882 3419 900 3451 ι
931 3400 1138 3453 invidia
1162 3408 1346 3453 autem
1372 3397 1577 3452 diaboli
1612 3412 1763 3451 mors
1814 3395 2043 3449 intravit

474 3495 530 3547 in
560 3493 824 3546 mundum
844 3493 940 3544 ⁹¹.›
971 3492 1029 3545 In
1047 3492 1149 3546 hac
1174 3498 1356 3546 autem
1381 3490 1626 3543 oratione
1645 3503 1808 3558 perse
1831 3486 2045 3541 eluceat

472 3584 697 3639 veritas.
744 3584 932 3652 Neque
963 3581 1108 3635 enim
1136 3581 1364 3635 Creator
1407 3587 1516 3632 tam
1561 3579 1852 3649 gloriosam
1880 3586 2044 3647 atque

472 3673 854 3730 admirabilem
879 3678 1185 3727 creaturam
1210 3669 1443 3740 subjecit
1470 3668 1558 3733 iis,
1587 3683 1708 3737 quze
1743 3666 1901 3724 facile
1925 3682 2048 3721 cor-

474 3766 651 3835 rumpi
677 3765 875 3828 solent,
901 3762 997 3818 sed
1022 3776 1169 3815 mors
1190 3776 1258 3814 ex
1288 3761 1369 3814 ira
1390 3759 1664 3830 provenit,
1691 3774 1815 3813 cum
1835 3758 2047 3827 primus

472 3873 673 3929 parens
698 3856 865 3911 Adam
894 3855 1145 3925 neglecto
1179 3852 1365 3908 divino
1388 3860 1664 3923 praecepto
1684 3851 1751 3906 ad
1788 3850 2046 3905 incredu-

474 3953 683 4007 litatem
710 3949 1251 4017 inobedientiamque
1276 3946 1593 4000 declinavit.
1652 3944 1880 4000 Sublata
1917 3960 2048 3999 vero

2138 3210 2216 3273 εἰς
2245 3207 2304 3260 τὸ
2336 3202 2474 3259 εἶναι
2506 3202 2575 3256 τὰ
2604 3203 2779 3255 πάντα
2799 3240 2812 3262 ,
2841 3199 2937 3252 καὶ
2965 3197 3221 3267 σωτήριοι
3262 3194 3320 3245 al
3348 3191 3592 3261 γενέσεις
3621 3187 3723 3243 τοῦ

2140 3300 2365 3368 κόσμου.
2396 3314 2414 3346 ι
2440 3295 2550 3348 Καὶ
2562 3294 2661 3346 οὐκ
2685 3292 2832 3345 ἐστιν
2857 3289 2984 3361 ᾅδου
3009 3287 3277 3359 βασίλειον
3301 3283 3395 3337 ἐπὶ
3412 3284 3513 3353 τῆς
3525 3283 3658 3351 γῆς,
3695 3299 3718 3332 ι

2141 3388 2286 3443 καθὰ
2316 3386 2654 3456 γέγραπται·
2704 3402 2721 3433 ι
2761 3382 2939 3451 φθόνῳ
2969 3379 3028 3432 δὲ
3059 3377 3303 3430 διαϐόλου
3330 3375 3562 3437 θάνατος
3603 3373 3726 3424 εἰσ-

2140 3480 2301 3552 ῆλθεν
2342 3481 2420 3541 εἰς
2450 3478 2538 3531 τὸν
2576 3478 2799 3545 κόσμον.
2841 3493 2859 3526 ›
2901 3473 3058 3543 Ἐχοι
3104 3471 3148 3523 δ’
3201 3469 3267 3522 ἂν
3293 3469 3381 3537 ἐφ’
3418 3465 3598 3534 ἐαυτῷ
3628 3466 3731 3518 καὶ

2147 3570 2293 3642 μάλα
2321 3569 2546 3629 εἰκότως
2586 3567 2645 3619 τὸ
2672 3565 2871 3636 ἀληθὲς
2908 3567 2936 3617 ὁ
2965 3563 3143 3630 λόγος.
3184 3559 3258 3613 Οὐ
3293 3558 3402 3630 γὰρ
3442 3556 3508 3610 ἂν
3550 3555 3730 3615 οὓτως

2145 3661 2344 3715 εὐκλεᾶ
2371 3659 2464 3713 καὶ
2503 3656 2934 3726 ἀξιοθαύμαστόν
2973 3656 3083 3716 τοῖς
3123 3649 3365 3712 εὐκόλως
3405 3644 3734 3716 φθείρεσθαι

2147 3752 2442 3819 πεφυκόσιν
2473 3748 2849 3817 ὲναπέθηκενό
2873 3743 3235 3816 Δημιουργὸς,
3264 3741 3400 3794 ἀλλὰ
3425 3735 3737 3808 παρεισδέ-

2147 3845 2315 3915 6).ηκε
2352 3844 2450 3914 μὲν
2475 3843 2531 3908 ἐξ
2565 3842 2735 3911 ὀργῆς
2762 3839 3054 3903 ὁοὰνατος,
3089 3837 3168 3888 ὃτι
3193 3835 3292 3904 τῆς
3315 3833 3463 3897 Θείας
3479 3828 3735 3901 ἁλ[ο]γή-

2151 3954 2248 4001 σας
2310 3934 2528 4004 ἐντολῆς
2563 3933 2923 3986 ἁπονὲνευκεν
2955 3931 3034 3992 εἰς
3085 3927 3146 3981 τὸ
3206 3924 3430 3987 ἀπειθὲς
3471 3923 3564 3975 καὶ
3602 3920 3735 3973 δυσ-

476 4057 669 4096 rursus
698 4049 827 4096 sunt
848 4056 947 4109 per
973 4039 1180 4095 Christi
1207 4036 1581 4093 obedientiam
1616 4036 1782 4090 unius
1809 4036 2052 4091 hominis

2153 4031 2297 4101 ήνιον
2322 4029 2359 4082 ὁν
2391 4025 2692 4096 προπάτωρ
2734 4018 3243 4090 Ἀδάμ.’Λνῄρηται
3283 4016 3339 4068 δὲ
3376 4013 3585 4075 λοιπὸν,
3628 4010 3738 4063 καὶ

475 4133 693 4187 delicta.
745 4130 1033 4186 Justiﬁcati
1081 4131 1229 4183 enim
1285 4144 1477 4183 sumus
1528 4128 1584 4181 in
1609 4125 1851 4181 Christo.
1882 4125 2051 4195 Cujus

477 4225 556 4277 rei
591 4223 744 4275 testis
771 4221 880 4274 erit
905 4220 1125 4273 divinus
1144 4219 1365 4284 Paulus,
1405 4219 1499 4287 qui
1522 4218 1594 4272 ita
1622 4218 1817 4273 scribit
1850 4235 1862 4270 :
1891 4215 2053 4288 344,

2153 4123 2216 4174 ἐκ
2266 4120 2431 4192 μέσον
2472 4120 2696 4189 γέγονεν
2737 4117 2793 4169 ὲν
2832 4112 3054 4185 Χριστῷ
3092 4112 3156 4165 δι’
3197 4107 3445 4174 ὑπακοῆς
3483 4104 3578 4158 τοῦ
3614 4103 3741 4169 ἑνὸς

2155 4213 2443 4291 ἁνθρῴπου
2466 4211 2533 4265 τὰ
2552 4208 2899 4281 ἐγκλήματα.
2925 4203 3334 4275 Δεδικαιὼμεῦα
3350 4201 3459 4271 γὰρ
3481 4202 3537 4253 ὲν
3560 4197 3741 4268 αὐτῷ·

487 4330 507 4361 ‹
561 4306 1030 4372 Quemadmodum
1078 4306 1228 4360 enim
1264 4321 1363 4375 per
1403 4305 1831 4359 inobedientiam
1887 4304 2052 4358 unius

2157 4305 2250 4358 καὶ
2285 4304 2625 4375 μαρτυρήσει
2657 4301 2885 4372 γράφων
2908 4299 2934 4351 ὁ
2957 4298 3243 4360 θεσπέσιος
3270 4294 3483 4356 Παῦλος
3504 4308 3516 4320 ·
3550 4310 3569 4342 ι
3605 4292 3744 4342 Ὥσ-

482 4396 720 4454 hominis
757 4402 1074 4466 peccatores
1096 4395 1377 4449 constituti
1405 4405 1532 4449 sunt
1562 4397 1748 4461 multi;
1781 4396 1854 4450 ita
1883 4403 2053 4466 etper

479 4489 848 4545 obedientiam
875 4485 1036 4541 unius
1066 4486 1450 4557 hominisjusti
1480 4487 1888 4542 constituentur
1914 4488 2056 4541 mul-

483 4585 522 4639 ti
556 4585 621 4634 ’³.
671 4602 689 4633 ι
741 4580 992 4635 Damnati
1024 4579 1171 4634 enim
1209 4580 1265 4633 in
1312 4579 1405 4634 illo
1435 4595 1655 4635 eramus
1696 4579 1763 4634 ad
1796 4588 2052 4643 mortem,

481 4673 917 4731 misericordiam
955 4680 1140 4726 autem
1179 4673 1460 4727 consecuti
1518 4686 1709 4726 sumus
1762 4686 1861 4739 per
1899 4670 2056 4724 Chri-

481 4781 648 4834 stum,
681 4776 737 4821 et
767 4767 833 4821 ad
856 4766 1027 4820 vitam
1071 4763 1315 4819 renovati
1347 4780 1361 4827 ;
1387 4764 1591 4832 quippe
1621 4763 1715 4831 qui
1753 4761 1900 4816 Patri
1926 4761 2058 4814 obe-

481 4862 640 4916 diens
686 4859 757 4914 sit
808 4857 986 4912 factus
1009 4870 1183 4925 usque
1208 4854 1274 4908 ad
1308 4862 1541 4908 mortem
1572 4852 1639 4918 ’³,
1697 4852 2057 4923 posueritque

482 4951 718 5006 animam
768 4964 920 5004 suam
949 4962 1048 5018 pro
1078 4946 1238 5001 nobis
1264 4946 1310 4977 ”
1339 4961 1353 5010 ;
1391 4944 1485 4998 «Et
1534 4944 1706 4998 livore
1739 4944 1858 5014 ejus
1884 4944 2057 4998 sanati

483 5058 693 5107 sumus,
725 5061 743 5092 ι
770 5039 1071 5095 secundum
1096 5037 1412 5108 Scripturas
1434 5036 1500 5089 ".
1534 5035 1913 5091 Conveniebat
1963 5051 2060 5089 au-

485 5142 593 5189 tem
614 5140 672 5187 ut
692 5148 791 5186 nos
816 5133 870 5186 in
903 5131 1112 5186 Adamo
1139 5129 1284 5185 [cedo
1341 5128 1659 5183 laborantes
1692 5135 1916 5197 peccato
1947 5127 2061 5181 elli-

484 5240 737 5279 ceremur
765 5223 820 5277 in
842 5222 1064 5278 Christo
1088 5220 1411 5291 spiritualis,
1439 5227 1495 5274 et
1511 5218 1836 5273 suaveolens
1861 5198 1973 5272 [leo
1996 5233 2060 5272 ac

485 5315 656 5379 Patri,
696 5314 948 5384 bonaque
972 5322 1028 5368 et
1047 5326 1269 5382 accepta
1296 5310 1497 5376 hostia,
1546 5311 1816 5381 longeque
1866 5310 2062 5365 melior

487 5422 650 5477 quam
668 5414 800 5461 sunt
827 5404 1298 5474 umbratileslegis
1336 5402 1554 5458 hostiae.
1588 5402 1841 5459 Christus
1894 5403 2062 5473 igitur

487 5509 571 5553 est
591 5497 843 5568 primitiae
868 5504 1087 5559 nostrae,
1119 5497 1278 5551 nobis
1306 5496 1435 5551 fecit
1465 5506 1520 5549 et
1548 5495 2058 5557 instauravitviam,

490 5588 626 5641 sicut
644 5588 721 5640 ait
743 5587 799 5640 in
823 5585 966 5639 libro
1005 5586 1345 5639 Psalmorum
1379 5586 1443 5640 ad
1475 5587 1690 5640 Patrem
1734 5586 2012 5641 cmlestem
2046 5603 2057 5636 :

2155 4410 2262 4463 περ
2309 4392 2416 4462 γὰρ
2454 4392 2542 4445 διὰ
2570 4389 2855 4461 παρακοῆς
2886 4388 2975 4441 τοῦ
3007 4387 3123 4450 ἐνὸς
3158 4385 3445 4457 ἀνθρώπου
3473 4385 3743 4454 ἁμαρτω-

2155 4488 2234 4539 λοὶ
2267 4485 2674 4555 κατεστάθησαν
2704 4485 2754 4536 οἱ
2800 4479 3015 4543 πολλοὶ,
3049 4478 3192 4531 οὕτω
3226 4478 3319 4530 καὶ
3368 4477 3454 4530 διὰ
3496 4478 3593 4546 τῆς
3634 4473 3745 4524 ὐπ-

2156 4580 2324 4648 ακοῆς
2359 4577 2451 4631 τοῦ
2490 4577 2608 4639 ἐνὸς
2664 4573 2955 4645 ἀνθρώπου
3000 4571 3197 4623 δίκαιοι
3230 4566 3745 4635 κατασταεὴτονται

2138 4674 2205 4725 ‘oi
2243 4669 2445 4722 πολλοί.
2491 4688 2508 4719 ι
2561 4662 3085 4735 Καταδεδικάσμεθα
3117 4661 3226 4732 γὰρ
3259 4662 3318 4714 ὲν
3366 4656 3557 4732 ἐκείνῳ
3601 4654 3746 4722 πρὶς

2158 4762 2416 4815 Θάνατον·
2452 4757 2731 4829 ἡλεήμεθα
2761 4756 2817 4810 δὲ
2843 4754 2930 4809 διὰ
2959 4752 3218 4825 Χριστοῦ,
3247 4752 3342 4805 καὶ
3372 4747 3746 4815 ἁνεκαινξσῦη-

2162 4870 2260 4924 μεν
2299 4852 2376 4915 εἰς
2411 4850 2554 4922 ζωήν
2575 4866 2588 4878 ·
2617 4849 2807 4917 γέγονε
2834 4846 2940 4918 γὰρ
2973 4846 3211 4912 ὑπήκοος
3245 4842 3325 4913 τῷ
3364 4841 3539 4911 Πατρὶ
3578 4839 3747 4910 μέχρι

2160 4944 2414 5006 Θανάτου,
2446 4942 2541 4996 καὶ
2572 4939 2781 4994 τέθεικε
2828 4938 2926 5010 τὴν
2964 4937 3140 5009 ψυχὴν
3173 4935 3309 5005 ὑπὲρ
3341 4933 3497 5005 ἡμῶν
3519 4950 3531 4962 ·
3566 4951 3584 4983 ι
3634 4932 3749 4985 Καὶ

2159 5037 2238 5107 τῷ
2272 5035 2496 5107 μώλωπι
2531 5030 2694 5086 αὐτοῦ
2728 5033 2890 5101 ἡμεῖς
2923 5028 3172 5097 ἰάοημεν,
3212 5045 3230 5077 ι
3268 5024 3409 5079 κατὰ
3452 5024 3551 5085 τὰς
3597 5022 3749 5092 Γρα-

2163 5129 2287 5198 φάς.
2324 5127 2459 5195 Φαίη
2502 5125 2546 5178 δ’
2582 5123 2647 5177 ἂν
2686 5123 2766 5176 ὅτι
2799 5120 2893 5174 καὶ
2925 5120 3022 5190 τὴν
3061 5118 3202 5171 κατὰ
3241 5117 3442 5193 κόσμον
3471 5112 3749 5185 ἀμαρτῖαν

2163 5219 2614 5293 ἁρρωστήσαντες
2652 5215 2710 5268 ἐν
2748 5211 2941 5281 Ἀδὰμ.
2976 5210 3278 5280 γεγόναμεν
3311 5209 3366 5259 ὲν
3396 5203 3617 5276 Χριστῷ
3654 5203 3747 5256 ου.

2167 5312 2255 5364 σία
2286 5308 2631 5379 πνευματικὴ
2655 5307 2749 5359 καὶ
2778 5303 2982 5372 εὐώδης
3007 5301 3084 5371 τῷ
3114 5298 3231 5370 Θεῷ
3259 5298 3354 5352 καὶ
3383 5296 3580 5365 Πατρὶ,
3609 5294 3757 5366 καλή

2163 5418 2222 5452 τε
2279 5401 2374 5453 καὶ
2412 5398 2851 5469 εὐπαρὰδεκτος,
2901 5393 2996 5445 καὶ
3038 5392 3138 5460 τῆς
3183 5392 3325 5444 κατὰ
3372 5387 3537 5457 νόμον
3592 5384 3758 5443 σκιᾶς

2168 5493 2301 5546 πολὺ
2334 5491 2450 5544 λίαν
2510 5492 2566 5544 ἐν
2603 5488 2901 5558 ἀμείνοσιν.
2952 5482 3198 5555 ’Λπαρχὴ
3227 5483 3283 5535 δὲ
3320 5480 3499 5551 ἡμῶν,
3545 5479 3576 5530 ὁ
3615 5478 3747 5545 Χρι-

2172 5586 2314 5646 στὶς,
2362 5583 2454 5634 καὶ
2484 5580 2645 5641 αὐτὸς
2675 5581 2807 5649 ἡμῖν
2830 5576 3168 5630 ἁνεκαίνισεν
3198 5573 3293 5639 τὴν
3318 5570 3452 5623 ὁδόνσ
3476 5568 3621 5621 οὕτω
3644 5565 3759 5634 γάρ

561 5696 604 5779 '_’
648 5700 825 5753 Ezech
854 5716 1032 5779 “XVIII.
1078 5700 1169 5752 9.3.
1247 5702 1291 5732 9°
1326 5701 1450 5771 Sap.
1496 5719 1531 5766 ι,
1578 5702 1661 5755 Η.
1743 5703 1782 5733 ⁹¹
1818 5700 1941 5770 Sap.
1975 5717 2030 5762 ιι,

2224 5700 2267 5728 ⁹²
2321 5698 2473 5750 Rom.
2502 5712 2550 5754 γ,
2601 5694 2678 5746 l9.
2760 5689 3061 5759 "Phil-ipp.
3104 5703 3159 5751 ll,
3194 5685 3242 5738 8.
3321 5685 3364 5715 "
3395 5682 3555 5737 Joan.
3586 5697 3639 5743 .\',
3670 5678 3763 5733 ις».

495 5775 540 5807 ⁸³⁵
572 5773 677 5826 lsa.
713 5785 822 5833 Lm,
