4066 6282
286 428 374 484 5-H

1281 414 1798 475 GLAPHYRORUM
1835 414 1902 470 IN
1944 413 2328 473 LEVITICUM
2361 416 2583 473 LIBER.

3418 422 3521 478 διε

286 541 382 597 τού
416 557 578 612 φησιν
625 542 651 594 6
701 539 866 594 A2616
901 540 958 593 έν
1007 536 1172 608 βίϐλῳ
1207 533 1456 605 Ψαλμῶν
1489 532 1622 604 πρὸς
1669 532 1761 586 τὸν
1791 533 1849 584 έν

1961 549 1975 582 ι
2011 531 2352 586 Sacriﬁcium
2381 539 2438 586 et
2460 531 2793 587 oblationem
2818 531 3044 588 noluisti
3072 551 3084 586 :
3115 547 3316 604 corpus
3331 544 3514 590 autem

285 635 527 704 οὺρανοῖς
559 631 777 703 Πατέρα
805 630 894 682 καὶ
921 627 1057 681 Θεόν
1075 643 1088 657 ·
1126 644 1146 678 ι
1186 625 1389 680 Θυσίαν
1415 623 1511 677 καὶ
1533 621 1850 693 προσφορὰν

287 726 378 778 οὐκ
408 723 666 792 ὲθέλησας
694 738 708 752 '
741 722 898 792 σῶμα
923 721 980 774 δὲ
1020 718 1332 790 κατηρτίσω
1361 734 1471 787 μοι.
1517 713 1852 769 Ὀλοκαυτώ-

287 832 431 886 ματα
459 815 552 868 καὶ
582 815 708 886 περὶ
734 811 1008 883 ἁμαρτίας
1031 812 1130 864 οὐκ
1151 809 1476 878 ηὑδόκησας.
1505 807 1637 861 Τότε
1661 801 1814 859 εἷπον
1833 817 1850 834 ⁸

296 908 420 959 Ἰδοὺ
464 907 584 976 ἥκω
609 946 623 970 ,
656 905 750 959 τοῦ
794 908 1050 976 ποιῆσαι,
1098 904 1126 956 6
1153 902 1286 964 Θεὸς
1313 939 1330 963 ,
1364 899 1424 952 τὸ
1459 898 1673 968 θέλημά
1714 913 1808 950 σου
1834 935 1850 961 ,

285 999 610 1069 ἠϐουλήθην.
657 1017 676 1050 3
710 997 822 1050 Kal.
857 995 1020 1070 ταυτὶ
1065 995 1128 1066 δὴ
1155 993 1318 1047 πάλιν
1351 991 1528 1057 ἔξεστι
1561 987 1854 1059 καταθρεῖν

287 1091 378 1143 καὶ
410 1093 472 1142 ἐκ
503 1088 610 1142 τῶν
639 1087 1042 1158 γεγραμμένων
1071 1088 1130 1139 ὲν
1162 1085 1240 1154 τῷ
1267 1080 1554 1150 Δευῖτικῷ.
1600 1081 1754 1150 Ἔχει
1797 1077 1855 1131 δὲ

285 1179 473 1243 οὕτως·
487 1198 506 1230 ι
530 1180 654 1232 Ἐὰν
667 1179 723 1232 δὲ
739 1178 1051 1250 προσφέρῃς
1063 1176 1124 1229 θυ
1134 1176 1254 1228 σίαν
1265 1169 1663 1245 πρωτογεν[ν]η
1672 1172 1857 1239 μάτων

285 1271 358 1340 τῷ
386 1271 572 1342 Κυρίῳ
592 1271 686 1324 νέα
707 1270 1062 1340 πεφρυγμένα
1090 1267 1249 1338 χίδρα
1281 1264 1500 1336 ἐρεικτά
1523 1262 1600 1332 τῷ
1631 1261 1820 1332 Κυρίῳ
1839 1299 1854 1324 ,

286 1366 378 1417 καὶ
420 1363 730 1433 προσοίσεις
754 1361 850 1431 τὴν
887 1360 1076 1414 θυσίαν
1102 1360 1210 1412 τῶν
1237 1353 1853 1428 πρωτογεν[ν]ημάτων,

285 1455 376 1508 καὶ
414 1455 664 1523 έπιχεεῖς
713 1453 800 1506 ἐπ’
848 1450 1016 1522 αὐτὴν
1056 1450 1264 1513 ἔλαιον,
1301 1449 1394 1502 καὶ
1439 1447 1722 1514 ἐπιθήσεις
1769 1443 1856 1495 ἐπ’

284 1544 450 1615 αὐτὴν
499 1543 742 1598 λίϐανον.
796 1541 965 1594 Θυσία
1009 1540 1144 1594 ὲστί.
1193 1540 1306 1594 Kal.
1348 1537 1550 1593 ἀνοίσει
1591 1535 1769 1604 ἱερεὺς
1797 1533 1858 1586 τὸ

286 1635 634 1705 μνημόσυνον
663 1632 830 1702 αὐτῆς
861 1632 969 1684 ἀπὺ
985 1631 1092 1684 τῶν
1123 1630 1318 1702 χίδρων
1334 1629 1428 1682 σὺν
1461 1625 1540 1697 τῷ
1559 1625 1739 1694 ἐλαίῳ,
1763 1623 1859 1676 καὶ

285 1729 467 1780 πάντα
487 1724 576 1776 τὸν
601 1723 814 1777 λίϐανον
837 1723 1035 1793 αὐτῆς,
1053 1721 1332 1792 κάρπωμά
1357 1721 1470 1772 ἐστι
1499 1715 1576 1786 τῷ
1593 1713 1800 1783 Κυρίῳ.
1831 1730 1852 1764 3

362 1817 426 1887 β’.
467 1815 732 1887 Ἐναργὴς
763 1809 857 1868 οὖν
887 1814 1009 1867 λίαν
1046 1815 1074 1866 6
1101 1813 1195 1866 τοῦ
1225 1812 1548 1882 γράμματος
1576 1806 1729 1869 νοῦς,
1761 1803 1857 1858 καὶ

291 1909 390 1961 οὐκ
420 1907 484 1962 ἀν
516 1906 689 1960 δέοιτό
710 1923 871 1969 τινος,
901 1904 1152 1974 καθάπερ
1182 1896 1416 1970 ἐγῷμαι,
1441 1899 1601 1952 πόνου
1632 1896 1765 1968 πρός
1791 1911 1856 1963 γε

291 1999 350 2052 τὸ
398 1997 696 2061 δύνασθαι,
739 1997 902 2068 φημὶ,
939 1995 1179 2048 συνιέναι
1213 1991 1444 2054 λεπτῶς.
1506 1989 1650 2059 Πλὴν
1682 1987 1860 2040 έκεῖνο

285 2094 396 2164 ἐρῶ
423 2109 437 2122 ·
481 2093 656 2163 Χίδρα
683 2092 900 2159 λέγεται
933 2089 1000 2142 τὰ
1045 2088 1103 2155 ἐξ
1132 2086 1374 2157 ὀσπρίων
1399 2083 1623 2154 ἄλευρα.
1669 2081 1759 2134 Ἐν
1799 2079 1857 2132 δέ

285 2202 346 2253 γε
374 2186 488 2246 τοῖς
517 2183 711 2244 τύποις
741 2181 804 2234 τὸ
827 2178 1064 2252 Χριστοῦ
1094 2177 1358 2248 λαμϐάνει
1390 2175 1706 2246 μυστήριον.
1751 2171 1862 2226 Καὶ

284 2275 431 2329 ἐστιν
465 2272 628 2336 αὐτὸς
653 2275 685 2342 ἡ
706 2268 1208 2342 ὑπὲρήμῶνουσία,
1225 2268 1286 2320 τὸ
1312 2263 1787 2338 πρωτογένίν]ημα
1799 2262 1860 2316 16

291 2364 673 2436 πνευματικὸν,
692 2362 989 2425 τουτέστιν,
1014 2361 1048 2430 ἡ
1063 2359 1163 2427 τῆς
1181 2357 1595 2430 ἀνθρωπότητος
1610 2355 1858 2426 ἀπαρχὴ,

285 2456 313 2508 ὀ
340 2454 682 2526 πρωτότοκος
705 2454 768 2504 ὲκ
792 2448 1022 2520 νεκρῶν,
1053 2448 1081 2500 6
1102 2447 1315 2518 πρῶτος
1339 2447 1419 2510 είς
1447 2443 1775 2516 ἀφθαρσίαν,
1800 2441 1862 2495 τὸ

283 2546 448 2599 οἱονεὶ
496 2543 826 2614 πρωτόλειον
852 2538 962 2592 τῶν
993 2539 1430 2608 κεκοιμημένων.
1483 2536 1573 2600 Ὦς
1605 2553 1624 2586 ι
1661 2535 1862 2597 κόκκος

292 2637 390 2708 μὲν
414 2635 510 2689 τοῦ
545 2636 695 2688 σίτου
737 2653 756 2686 3
804 2630 985 2685 πεσὼν
1023 2629 1117 2684 ἐπὶ
1152 2631 1250 2698 τὴν
1292 2629 1396 2698 γῆν
1422 2627 1519 2682 καὶ
1547 2625 1857 2689 ἀποθανὼν,

291 2728 556 2797 ἀστάχυος
582 2725 637 2778 δὲ
659 2724 813 2794 δίκην
839 2721 1126 2784 πολλοστὸς
1147 2719 1373 2789 ἀναφύς.
1401 2717 1573 2772 Τοῦτο
1595 2718 1704 2788 γὰρ
1729 2719 1863 2786 ἡμῖν

292 2820 448 2881 αὐτὸς
475 2819 738 2886 ἀφηγεῖτο
760 2815 932 2882 λέγων
950 2830 964 2844 ο
991 2831 1010 2865 ι
1055 2813 1180 2866 Ἐὰν
1205 2811 1278 2882 μὴ
1302 2813 1330 2864 6
1357 2811 1554 2874 κόκκος
1579 2809 1672 2862 τοῦ
1714 2808 1862 2860 σίτου

293 2908 470 2963 πεσὼν
519 2909 598 2970 εἰς
647 2907 745 2976 τὴν
777 2907 882 2974 γῆν
927 2905 1174 2976 ἀποθάνῃ
1201 2944 1215 2968 ,
1254 2901 1416 2964 αὐτὸς
1465 2902 1626 2970 μόνος
1681 2899 1861 2970 μένει,

297 3001 384 3055 ἐὰν
417 3001 474 3056 δὲ
507 2998 787 3070 ἀποθάνῃ,
830 2997 995 3050 πολὺν
1039 2994 1249 3064 καρπὸν
1285 2994 1461 3062 φέρει.
1519 3010 1539 3044 3
1576 2990 1720 3060 Πλὴν
1760 2991 1867 3043 ἀπ-

289 3094 503 3158 έθανεν,
533 3093 592 3146 οὐ
623 3091 688 3144 δι’
714 3091 925 3152 ὲαυτὶν,
954 3087 1066 3140 ἀλλ’
1091 3089 1239 3156 ἡμῖν.
1263 3087 1338 3154 (l)
1372 3082 1508 3138 Ἀλλ’
1543 3084 1672 3154 ἡμῖν
1689 3083 1865 3151 ὑπεμ-

1952 623 2220 693 adaptasti
2242 623 2396 677 mibi.
2423 623 2748 679 Holocausta
2769 632 2825 679 ει
2849 639 2950 695 pro
2974 625 3214 694 peccatis
3239 641 3346 681 non
3377 643 3527 697 qua:—

1932 715 2148 770 ‘sivisti.
2195 714 2351 770 Tunc
2385 714 2540 769 dixi:
2592 713 2732 770 Ecce
2757 717 2938 780 venio,
2997 723 3060 771 ut
3107 717 3326 781 faciam,
3357 718 3523 780 Deus,

1951 807 2289 860 voluntatem
2319 813 2492 871 tuam,
2515 808 2664 862 volui
2693 807 2759 860 ".
2799 825 2819 859 3
2845 807 3048 862 Eadem
3075 807 3244 879 igitur
3274 810 3441 864 etiam
3469 811 3522 864 in

1953 896 2021 950 iis
2047 913 2168 966 qua-
2192 897 2246 950 in
2265 897 2507 952 Levitico
2533 899 2734 968 scripta
2761 908 2909 961 sunt,
2941 898 3070 954 licet
3090 900 3253 954 nobis
3272 915 3522 956 cernere.

1955 987 2172 1041 Habent
2200 999 2385 1042 autem
2419 987 2496 1042 ita
2523 1006 2536 1041 :
2568 1007 2585 1039 ι
2611 988 2668 1042 Si
2695 989 3153 1043 autemobtuleris
3197 991 3527 1044 sacriﬁcium

1953 1078 2323 1148 primitiarum
2346 1087 2562 1134 tuarum
2591 1079 2824 1154 Domino
2865 1095 3008 1134 nova
3037 1079 3328 1134 torrefacta
3383 1082 3529 1136 farra

1954 1169 2288 1222 comminuta
2307 1169 2556 1234 Domino,
2587 1177 2644 1223 et
2692 1169 2925 1224 offerres
2969 1168 3296 1224 sacriﬁcium
3337 1173 3531 1240 primi-

1956 1260 2154 1315 tiarum
2205 1268 2443 1326 tuarum,
2479 1271 2537 1316 et
2582 1261 2832 1317 efl'undes
2887 1277 3044 1332 supei
3103 1263 3282 1331 ipsum
3317 1263 3524 1329 oleum,

1953 1359 2011 1405 et
2045 1352 2292 1421 impones
2324 1367 2490 1422 super
2523 1352 2656 1406 illud
2717 1353 2862 1408 thus.
2925 1352 3269 1408 Sacriﬁcium
3315 1362 3418 1408 est.
3457 1355 3528 1409 Et

1956 1441 2151 1496 offeret
2176 1444 2432 1498 sacerdos
2484 1445 2806 1499 memoriale
2853 1446 2974 1515 ejus
3013 1445 3082 1500 de
3115 1445 3360 1502 farribus
3399 1461 3524 1502 cum

1955 1533 2100 1598 oleo,
2127 1542 2182 1588 et
2221 1548 2384 1589 omne
2443 1535 2574 1590 thus
2629 1537 2768 1606 ejus,
2798 1537 2978 1592 hostia
3020 1547 3104 1593 est
3133 1539 3367 1594 Domino
3395 1540 3460 1592 ".
3499 1559 3518 1590 3

2029 1811 2084 1866 2.
2105 1811 2276 1866 Porro
2294 1810 2622 1881 perspicuus
2647 1809 2940 1865 admodum
2964 1819 3048 1866 est
3073 1811 3272 1866 littera:
3305 1828 3522 1878 sensus,

1957 1917 2079 1966 nec,
2120 1902 2264 1956 sicut
2287 1915 2388 1971 ego
2424 1901 2684 1966 arbitror,
2714 1902 2948 1956 multum
2998 1903 3054 1956 in
3089 1903 3237 1957 illius
3276 1903 3524 1958 declara-

1957 1993 2107 2048 tione
2141 1992 2502 2047 laborandum
2523 1993 2710 2048 fuerit.
2739 1992 2853 2048 Hoc
2889 2001 3101 2048 tantum
3124 1993 3327 2059 dicam,
3375 1993 3525 2064 quod

1957 2072 2130 2155 Χίδρα
2148 2084 2403 2140 dicantur
2439 2083 2628 2138 farina:
2652 2100 2720 2140 ex
2748 2085 3138 2154 leguminibus.
3165 2085 3331 2154 Atqui
3362 2085 3418 2139 in
3438 2085 3527 2140 his

1957 2177 2101 2248 typis
2144 2176 2288 2246 capit
2344 2174 2548 2230 Christi
2576 2177 2915 2246 mysterium.
2961 2177 3082 2245 Ipse
3119 2177 3265 2230 enim
3306 2186 3390 2231 est
3425 2192 3528 2246 pro

1959 2268 2120 2322 nobis
2169 2267 2375 2321 oblatio
2395 2265 2696 2337 primarum
2721 2267 2938 2336 frugum
2975 2267 3262 2337 spiritalis,
3295 2269 3400 2323 b'oc
3420 2277 3525 2332 est,

1958 2357 2213 2426 primitiae
2236 2357 2489 2412 humanae
2515 2369 2746 2420 naturae,
2772 2357 3173 2427 primogenitus
3197 2375 3228 2414 e
3273 2359 3526 2423 mortuis,

1959 2449 2173 2518 primus
2197 2447 2264 2501 ad
2295 2447 2788 2518 incorruptionem,
2831 2465 2897 2504 ac
2936 2451 3107 2505 veluti
3138 2451 3396 2520 primitiae
3431 2467 3528 2505 eo-

1962 2553 2082 2592 rum
2101 2538 2196 2608 qui
2223 2538 2661 2593 obdormierunt.
2687 2539 2841 2594 Haud
2870 2554 3030 2594 secus
3051 2556 3216 2610 quam
3255 2559 3274 2592 α
3300 2555 3528 2611 granum

1963 2630 2130 2686 tritici
2157 2647 2176 2680 3
2207 2644 2332 2684 cum
2357 2630 2621 2685 ceciderit
2652 2630 2707 2683 in
2731 2638 2958 2695 terram,
2995 2638 3051 2686 et
3102 2640 3380 2685 mortuum
3415 2630 3532 2684 fue-

1963 2722 2056 2786 rit,
2083 2729 2247 2791 atque
2275 2723 2449 2776 instar
2479 2723 2642 2791 spicae
2672 2722 2961 2792 multiplex
3002 2721 3270 2777 exoritur.
3300 2722 3415 2776 Hoc
3447 2729 3533 2776 est

1963 2814 2108 2883 quod
2137 2814 2367 2883 ipsemet
2391 2814 2551 2867 nobis
2578 2821 2818 2876 enarrat,
2841 2814 3032 2868 dicens
3059 2831 3073 2867 :
3117 2833 3134 2866 ι
3164 2814 3278 2868 Nisi
3302 2829 3531 2884 granum

1967 2903 2133 2957 tritici
2157 2905 2460 2973 projectum
2488 2903 2543 2955 in
2566 2910 2770 2956 terram
2795 2904 3082 2967 moriatur,
3134 2903 3312 2972 ipsum
3354 2903 3532 2956 solum

1966 3001 2182 3057 manet;
2203 2994 2246 3047 si
2275 3001 2457 3048 autem
2486 2992 2654 3046 fuerit
2670 3002 2972 3056 mortuum,
3011 2993 3244 3046 multum
3273 2993 3378 3048 fert
3419 2992 3533 3047 fru-

1967 3090 2115 3137 ctum
2155 3081 2222 3134 ”.
2268 3101 2286 3133 3
2313 3081 2580 3136 Cancrum
2616 3097 2725 3134 non
2767 3090 2991 3150 propter
3033 3097 3090 3136 se
3128 3090 3380 3136 mortuus
3425 3091 3532 3148 est,

287 3187 508 3254 φήνειεν
551 3181 780 3244 ἀστείως
831 3177 894 3230 τὸ
953 3177 1184 3248 γράμμα
1215 3176 1272 3229 τὺ
1295 3173 1534 3246 νομικόν.
1587 3191 1606 3224 ι
1659 3173 1722 3224 Εἰ
1759 3171 1861 3240 γὰρ

1969 3172 2065 3227 sed
2085 3171 2245 3226 nobis
2272 3172 2377 3226 hoc
2402 3170 2679 3240 praestitit.
2705 3171 2819 3225 Iloe
2857 3179 3040 3226 autem
3075 3171 3232 3226 valde
3255 3171 3534 3242 eleganter

291 3273 352 3344 δή
398 3291 482 3336 τις
526 3271 730 3332 ἕλοιτο,
775 3268 947 3340 φησὶ,
1008 3267 1334 3335 δωροφορεῖν
1394 3262 1584 3315 θυσίαν
1641 3277 1860 3330 πρωτο-

289 3362 693 3435 γεν[ν]ημάτων
737 3359 814 3429 τῷ
855 3358 1077 3428 Κυρίῳ,
1131 3355 1223 3408 νέα
1287 3353 1646 3424 πεφρυγμένα
1708 3351 1864 3422 χίδρα

291 3453 514 3523 ἐρεικτά
563 3450 641 3520 τῷ
688 3447 827 3518 Θεῷ.
873 3465 890 3498 3
935 3447 1120 3516 Ἀθρει
1164 3445 1226 3513 δὴ
1274 3439 1386 3508 οὖν,
1421 3443 1569 3505 ὅπως
1619 3442 1682 3494 ὲκ
1729 3441 1864 3493 νέων

294 3544 440 3614 ἡμᾶς
485 3541 780 3612 προσάγειν
813 3536 1022 3608 καρπὸν
1057 3535 1352 3606 προτρέπει
1381 3533 1602 3600 Μωσῆς,
1665 3531 1780 3602 ἦτοι
1803 3531 1865 3583 16

289 3637 530 3704 γράμμα
555 3632 616 3684 τὸ
639 3629 882 3698 νομικόν.
937 3626 1184 3696 Ἀπαρχὴ
1212 3625 1340 3694 γὰρ.
1374 3623 1447 3686 ὡς
1485 3624 1639 3690 ἔφην,
1663 3623 1761 3690 τῆς
1785 3623 1865 3684 εἰς

291 3725 586 3792 καινότητα
613 3719 755 3789 ζωῆς
797 3717 1192 3786 ἁνανεουμένης
1237 3715 1445 3782 φύσεως
1477 3713 1729 3783 Χριστος,
1771 3712 1882 3764 καὶ·

291 3818 349 3870 ὲν
366 3815 518 3884 αὐτῷ
534 3813 722 3880 γέγονε
752 3811 819 3862 τὰ
837 3809 1010 3862 πάντα
1041 3806 1222 3861 καινά.
1239 3826 1256 3858 3
1275 3805 1442 3873 Πλὴν,
1458 3804 1555 3856 οὐκ
1703 3802 1861 3872 μόνου

292 3908 662 3980 προσφέρεται
689 3904 834 3956 σίτου
857 3902 922 3954 τά
943 3903 1019 3962 εἰς
1043 3899 1250 3961 θυσίαν,
1279 3895 1412 3949 ἀλλά
1437 3896 1528 3946 καὶ
1551 3892 1608 3957 ἐξ
1627 3892 1865 3962 ὀσπρίων

293 3994 683 4068 κατερεικτῶν.
713 3994 920 4060 Ὅνπερ
945 3989 1052 4058 γὰρ
1081 3988 1276 4058 τρόπον
1303 3989 1366 4040 ὲκ
1393 3984 1537 4037 σίτου
1567 3981 1863 4052 σεμίδαλιν,

293 4090 386 4144 καὶ
413 4089 514 4142 οὑκ
541 4084 702 4138 αὑτὸν
733 4082 861 4150 ὑγιᾶ
889 4079 979 4132 τὸν
1013 4079 1212 4131 κόκκον
1239 4073 1568 4130 ὀλοκαυτοῦν
1591 4071 1863 4126 διετύπου⁹

292 4173 436 4228 οὕτω
481 4169 711 4226 κάνθάδε
756 4167 952 4238 χρῆναι
1012 4163 1280 4218 ποιεῖσθαι
1335 4161 1683 4231 κατερεικτὰ,
1713 4176 1870 4213 τουτ-

296 4265 464 4326 έστιν,
507 4259 852 4332 ἀληλεσμένα
891 4255 958 4309 τὰ
999 4255 1056 4321 ἐξ
1093 4255 1336 4324 ὀσπρίων
1366 4251 1752 4322 προστέταχεν,
1781 4250 1868 4303 ἵνα

294 4355 356 4424 δὴ
378 4353 626 4424 φαίνοιτο
655 4352 721 4422 τῇ
750 4348 910 4418 θυσίᾳ
943 4346 1140 4418 προσὸν
1164 4345 1222 4397 τὸ
1239 4344 1398 4397 οἱονεὶ
1424 4343 1864 4412 έδώδιμον.Κατ-

1963 3265 2126 3319 nobis
2160 3263 2480 3318 indicaverit
2510 3263 2693 3317 littera
2713 3263 2867 3332 legis.
2888 3263 3047 3334 35,5
3070 3264 3155 3316 Ait
3178 3263 3325 3316 enim
3359 3279 3372 3314 :
3429 3281 3447 3313 ι
3477 3262 3532 3317 Si

1963 3357 2088 3427 quis
2111 3357 2348 3412 voluerit
2378 3355 2580 3409 donum
2603 3354 2822 3417 oﬁerre,
2845 3355 3077 3408 hostiam
3099 3353 3399 3424 primarum
3423 3353 3528 3407 fru-

1963 3464 2090 3519 gum
2137 3448 2388 3511 Domino,
2415 3463 2590 3518 nuper
2623 3445 2912 3504 Lorrefacta
2937 3445 3079 3500 farra
3117 3445 3394 3500 confracta
3428 3445 3539 3499 Do-

1963 3541 2114 3594 mino
2137 3542 2206 3588 ⁹⁹.
2233 3559 2250 3590 3
2282 3539 2448 3594 Vides
2483 3539 2759 3608 quomodo
2784 3539 2977 3601 Moses,
3019 3537 3134 3592 sive
3172 3537 3353 3591 littera
3401 3537 3533 3606 legis

1961 3647 2030 3687 ex
2049 3632 2208 3686 novis
2231 3631 2482 3702 frugibus
2506 3646 2608 3685 nos
2636 3631 2836 3685 oﬁ'erre
2861 3631 3236 3700 jubcat?Nam
3259 3629 3533 3688 Christus,

1963 3733 2024 3779 ut
2045 3725 2179 3787 dixi,
2203 3732 2286 3777 est
2315 3723 2575 3792 primitiae
2606 3731 2817 3777 natura:
2841 3739 2962 3791 qua:
2985 3723 3042 3776 in
3070 3721 3367 3776 novitatem
3411 3719 3532 3773 vita-

1965 3823 2261 3869 renovatur
2288 3832 2301 3868 :
2335 3815 2582 3883 adeoque
2605 3815 2661 3867 in
2686 3815 2805 3882 ipso
2821 3828 2961 3866 nova
2985 3813 3125 3865 facta
3149 3807 3499 3864 suntomnia'
3520 3847 3532 3860 .

1964 3906 2083 3959 Non
2105 3915 2288 3958 autem
2323 3919 2388 3957 ex
2415 3904 2532 3957 solo
2561 3903 2745 3955 tritico
2776 3901 3086 3954 offeruntur
3109 3899 3251 3951 dona
3277 3897 3343 3950 ad
3366 3897 3532 3950 sacri-

1967 3996 2170 4057 ficium,
2203 3994 2297 4048 sed
2323 4009 2388 4046 ex
2412 3991 2780 4062 leguminibus
2818 3990 2960 4042 mola
2985 3987 3300 4042 confractis.
3335 3987 3525 4052 Quem-

1965 4083 2258 4138 admodum
2298 4083 2444 4136 enim
2485 4081 2847 4150 similaginem
2888 4095 2955 4134 ex
2982 4079 3186 4142 tritico,
3217 4093 3325 4132 non
3351 4085 3533 4132 autem

1968 4171 2236 4239 integrum
2273 4185 2500 4239 granum
2537 4169 2592 4223 in
2624 4169 3008 4223 holocaustum
3031 4168 3229 4223 offerre
3261 4169 3348 4222 lex
3372 4167 3532 4238 jube-

1968 4262 2061 4316 hat
2105 4261 2212 4316 :ita
2249 4269 2305 4316 et
2328 4261 2416 4314 hic
2444 4261 2690 4330 praecipit
2713 4276 2831 4315 esse
2861 4259 3197 4325 faciendum,
3237 4271 3298 4316 ut
3327 4261 3532 4316 scilicet

1967 4353 2239 4421 legumina
2260 4352 2413 4422 prius
2449 4353 2591 4406 mola
2621 4352 3051 4417 contundantur,
3085 4353 3248 4422 idque
3296 4353 3421 4408 ideo
3477 4361 3532 4407 ut

294 4443 578 4515 ειθίσμεθα
615 4443 743 4512 γὰρ,
775 4441 872 4510 οὐχ
907 4439 1034 4506 ὑγιᾶ
1061 4436 1150 4490 τὸν
1187 4436 1404 4497 κόκκον,
1435 4432 1861 4503 συντεθραυσμέε

1969 4444 2295 4498 sacrificium
2339 4444 2583 4497 oblatum
2638 4443 2889 4497 videatur
2952 4443 3355 4514 quodammodo
3415 4445 3532 4498 esui

294 4554 381 4589 νον
421 4536 478 4588 δὲ
527 4533 724 4605 μᾶλλον
771 4529 1306 4610 ποιεῖσθαιοτροφήν.
1344 4524 1550 4578 Οὐκοῦν
1602 4543 1620 4576 ι
1658 4541 1861 4596 πρωτο-

1970 4543 2176 4603 aptum.
2207 4535 2394 4604 Neque
2419 4536 2564 4589 enim
2587 4535 2972 4589 consuevimus
2993 4537 3262 4605 integrum
3285 4552 3531 4605 granum,

293 4624 598 4698 γένῖν]η’μα
632 4625 797 4695 μὲν,ὀ
824 4622 1079 4694 Χριστὸς,
1121 4621 1214 4672 καὶ
1249 4617 1406 4672 θυσία
1427 4615 1638 4688 caesa
1667 4616 1807 4686 καλὴ
1844 4634 1864 4668 3

293 4721 391 4772 καὶ
417 4717 792 4788 εὐοσμωτάτη,
839 4712 1226 4786 τροφιμωτὸπη
1259 4711 1314 4764 δὲ
1349 4710 1468 4762 λίαν
1496 4711 1590 4762 καὶ
1617 4711 1747 4779 ἡμῖν
1773 4709 1870 4762 αὺ-

291 4814 426 4873 τοῖς.
459 4829 478 4862 ι
513 4809 684 4872 Αὐτὸς
704 4809 812 4878 γάρ
843 4809 987 4860 ἐστιν
1032 4807 1060 4858 6
1088 4804 1270 4875 ἄρτος,
1301 4805 1328 4856 6
1355 4803 1411 4868 ἐξ
1437 4801 1667 4872 οὐρανοῦ
1698 4819 1866 4855 πιιατα⁸

294 4902 416 4964 ὕας,
467 4901 565 4954 καλ⁵
609 4899 752 4968 ζωὴν
793 4897 870 4968 τῷ
910 4898 1098 4967 κόσμῳ
1149 4895 1350 4957 διδούς·
1390 4913 1408 4944 3
1465 4893 1560 4946 καὶ
1591 4893 1867 4956 οἱονείπως

296 4996 426 5060 ἡμῖν
477 4991 680 5059 ἔδεσμα
717 4989 806 5043 τὸν
855 4989 1016 5041 αὑτὸν
1066 4987 1349 5058 παραοεὶς,
1403 4985 1651 5055 καθάπερ
1713 4985 1869 5054 σεμί-

296 5083 445 5135 δαλιν
475 5081 507 5152 ἢ
537 5079 750 5150 χίδραν.
795 5079 1140 5146 Ἐπιγέεσθαι
1179 5079 1234 5130 δῖε
1265 5080 1330 5147 τῇ
1363 5077 1520 5148 θυσία
1547 5078 1652 5130 δεῖν
1680 5079 1782 5145 ἔφη
1811 5077 1871 5130 τὸ

297 5175 496 5235 ἔλαιον,
526 5172 828 5226 καταπλάτ’
847 5171 999 5223 εσθαι
1022 5169 1076 5221 δὲ
1099 5168 1266 5238 αὐτὴν
1286 5169 1378 5221 καὶ
1403 5168 1682 5237 λιϐανωτῷ
1708 5185 1872 5238 προσ-

297 5265 520 5334 τέταχε’
553 5262 646 5315 τοῦ
683 5263 778 5331 μὲν
826 5262 1001 5314 ἐλαίου
1033 5260 1090 5312 τὸ
1131 5259 1203 5321 ὡς
1233 5263 1288 5312 ὲν
1323 5259 1535 5328 πιότητι
1569 5259 1660 5310 καὶ
1692 5259 1870 5330 ἱλαρό-

298 5371 418 5422 τητι
465 5351 810 5424 συμϐολικῶς
857 5351 1243 5420 ὑποφαίνοντος
1265 5363 1280 5380 ⁸
1315 5350 1409 5402 τοῦ
1442 5351 1498 5403 δέ
1539 5366 1601 5419 γε
1623 5349 1862 5416 λιϐάνου,

295 5445 357 5498 τὸ
387 5447 527 5516 ἱερὸν
583 5447 676 5500 καὶ
708 5445 903 5506 εὑῶδες
953 5443 1178 5505 ἀστείως
1219 5445 1346 5512 ἡμῖν
1384 5443 1861 5512 ὑποσημαίνοντος.

294 5535 490 5606 Γέγονε
521 5540 617 5607 μὲν
661 5537 790 5606 γὰρ,
831 5535 906 5598 ὡς
934 5534 1085 5604 ἔφην,
1117 5535 1254 5604 ὑπὲρ
1297 5533 1451 5602 ἡμῶν
1481 5534 1638 5587 θυσία
1671 5537 1698 5586 ὁ
1727 5537 1864 5604 Χρι-

301 5631 444 5691 στὸς,
464 5629 643 5690 καλῶς
656 5627 838 5698 ἀγρῶν
863 5627 1082 5698 ἀπαρχὴ
1099 5625 1683 5696 πρωτογενίνῖημάτιιιν
1705 5643 1866 5676 πνευο

1965 4626 2059 4680 sed
2098 4635 2388 4680 contusum
2423 4626 2477 4680 in
2543 4626 2864 4680 alimentum
2915 4627 3532 4682 convertere.Christus

1967 4717 2133 4788 igitur
2151 4726 2234 4772 est
2273 4737 2290 4767 ι
2319 4717 2576 4787 primitiae
2605 4717 2841 4786 frugum,
2868 4717 3156 4788 hostiaque
3181 4717 3290 4772 Deo
3311 4721 3485 4787 grata’
3512 4737 3527 4768 ι

1964 4814 2020 4860 ει
2052 4807 2512 4878 fragrantissima;
2557 4809 2665 4861 imo
2687 4823 2816 4860 vero
2847 4815 2901 4861 ει
2921 4809 3081 4862 nobis
3121 4809 3255 4876 ipsis
3302 4808 3540 4861 maxime

1964 4900 2220 4954 convenit
2247 4901 2302 4954 in
2333 4901 2675 4954 alimentum.
2711 4919 2728 4946 ι
2761 4899 2897 4964 Quia
2938 4899 3052 4968 ipse
3091 4907 3174 4952 est
3222 4899 3380 4967 panis
3443 4900 3532 4967 qui

1967 4989 2034 5043 de
2051 4990 2189 5044 cmlo
2221 4989 2504 5044 descendit
2566 4997 2622 5043 et
2652 4989 2744 5042 dat
2765 4988 2933 5041 vitam
2963 4986 3169 5040 mundo
3195 4986 3236 5048 ³,
3277 5005 3294 5037 3
3325 4995 3379 5040 et
3404 5003 3530 5056 quo-

1967 5081 2256 5135 dammodo
2293 5082 2532 5150 scipsum
2584 5079 2745 5133 nobis
2784 5080 3011 5146 apponit
3049 5077 3342 5134 edendum.
3368 5082 3534 5134 veluti

1967 5173 2325 5239 similaginem
2354 5180 2445 5225 aut
2473 5171 2702 5224 farinam
2730 5168 3020 5237 quamdam
3045 5184 3111 5220 ex
3141 5169 3533 5236 leguminibus.

1967 5262 2139 5315 Porro
2183 5261 2236 5313 in
2281 5262 2605 5315 sacriﬁcium
2665 5259 2740 5313 ait
2769 5274 2888 5312 esse
2941 5257 3281 5312 fundendum
3329 5261 3532 5320 oleum,

1967 5361 2130 5421 atque
2166 5351 2219 5404 id
2246 5351 2402 5404 thure
2427 5349 2823 5419 aspergendum
2845 5349 3122 5418 praecepit.
3149 5348 3340 5405 Oleum
3399 5351 3530 5419 ligu-

1966 5451 2082 5496 ratc
2106 5440 2376 5508 signiﬁcat
2399 5441 2450 5492 id
2483 5440 2628 5508 quod
2657 5439 2854 5508 pingue
2887 5447 3007 5492 est:
3044 5440 3170 5494 thus
3187 5449 3368 5493 autem
3400 5442 3530 5496 scite

1967 5532 2237 5598 signil’icat
2280 5531 2478 5584 bonam
2514 5530 2886 5599 fragrantiam.
2929 5529 3182 5584 Christus
3232 5530 3377 5584 enim
3437 5547 3530 5599 prc

1968 5625 2148 5680 nobis.
2181 5632 2235 5674 ut
2259 5623 2388 5682 dixi,
2421 5622 2594 5674 factus
2621 5629 2703 5675 est
2735 5621 2933 5686 hostia,
2984 5632 3038 5676 et
3069 5622 3238 5676 veluti
3281 5639 3530 5684 agrorum

359 5739 711 5798 "Ps.xxxu,
733 5735 782 5788 7.
808 5735 854 5768 ’7
876 5733 1004 5788 Lev.
1023 5750 1080 5796 ιι,
1105 5731 1189 5794 H,
1218 5731 1301 5784 15.
1330 5729 1542 5784 "Joan.
1565 5747 1661 5794 xu,
1687 5731 1774 5783 Eli.
1807 5732 1851 5762 νυ

1961 5747 1998 5782 ι’·
2028 5747 2084 5791 ιι,
2115 5730 2195 5782 Μ-
2243 5730 2258 5760 ¹
2285 5727 2465 5784 "Cur.
2489 5745 2538 5790 ν,
2573 5729 2653 5782 l7.
2699 5731 2716 5760 ²
2744 5728 2878 5783 Phil.
2908 5745 2980 5794 tv,
3005 5729 3088 5784 l8.
3118 5729 3312 5782 3.1mm.
3339 5743 3414 5784 γι.
3437 5727 3523 5778 ἓίυ.

360 5830 434 5898 (ι)
467 5828 646 5883 Codex
683 5823 993 5898 Harl-.eanus
1027 5823 1326 5898 iiite;-sa-_.-it.
1363 5823 1451 5873 xx".
1489 5820 1642 5898 τοῦτο
1660 5819 1861 5898 “acopo-3;

1961 5837 2012 5878 τις
2051 5819 2325 5886 ςιονοψρπλχὶ
2358 5818 2448 5869 κλὶ
2476 5817 2547 5878 ὡς
2586 5818 2731 5886 παρὰ
2759 5820 2910 5886 ἡμῶν
2945 5823 3081 5886 καλῇ
3113 5823 3200 5870 καὶ
3233 5816 3526 5884 ἀμώμητος

295 5891 382 5954 utut
416 5896 750 5964 εὑοσμοτὰτη
779 5895 935 5946 θυσία
967 5895 1421 5962 προσκῑτςνέμισται
1465 5893 1536 5950 τις)
1577 5891 1692 5960 (ζιςῷ
1727 5891 1814 5941 καὶ
1846 5891 2013 5958 Ματρί

2081 5893 2169 5943 καὶ
2205 5891 2352 5940 :cher
2386 5891 2532 5957 fpiv,
2580 5905 2626 5942 κ.
2668 5905 2712 5941 τ.
2748 5891 2804 5946 ὶ,
