4066 6282
589 316 691 372 δίη

1587 305 1644 361 S.
1685 302 1960 361 CYRILLI
1998 299 2466 356 ALEXANDBINI
2504 299 2821 356 ARCHIEP.

3747 298 3851 355 568

589 431 763 485 Porro
782 429 930 500 quod
948 429 1150 485 Christi
1173 441 1324 483 mors
1348 426 1419 481 sit
1444 433 1632 478 sancta
1657 438 1721 477 ac
1744 421 2007 491 pretiosa,
2031 418 2163 473 sub-

2273 418 2647 489 ὐπεμφήνειεν
2678 419 2743 472 ἂν
2787 417 2868 482 τὸ,
2892 415 3113 490 Ιέ]αυτῷ
3148 420 3341 489 χρῆναι
3380 417 3735 488 προσκεῖσθαι
3762 421 3852 474 λέ-

593 521 919 575 indicaverit
962 520 1108 589 quod
1159 519 1295 574 dicit
1333 536 1351 568 (
1388 515 1713 586 sanguinem
1739 512 1806 566 ad
1843 512 2015 566 altare
2038 510 2166 564 fun-

588 612 849 666 dendum.
884 612 1097 665 iPotest
1114 621 1295 665 tamen
1311 609 1474 664 etiam
1503 607 1651 660 aliud
1677 604 1808 675 quid
1833 603 2164 673 signiﬁcare,

588 718 807 771 nempe,
832 703 977 772 quod
992 704 1238 772 posuerit
1263 702 1500 755 animam
1526 713 1679 753 suam
1708 712 1807 767 pro
1832 696 2077 750 Ecclesia
2101 697 2162 749 ¹⁷.

587 792 721 849 Nam
753 812 771 843 ι
814 794 987 848 altare
1021 813 1038 844 ι
1069 793 1204 848 illud
1231 801 1316 847 est
1336 791 1592 846 Ecclesiae
1622 799 1802 860 typus,
1850 788 1994 843 sicut
2038 802 2167 841 san-

586 884 708 956 guis
745 886 958 941 animae.
997 885 1351 940 Consecratio
1379 891 1563 937 autem
1590 880 2000 942 intestinorum,
2046 879 2169 948 pin-

585 977 842 1049 guedinis
887 978 1146 1047 inquam,
1199 975 1405 1047 jecoris
1464 983 1520 1028 et
1568 987 1786 1036 renum,
1855 970 2168 1025 subindicat

587 1082 808 1122 rursum
831 1067 978 1136 quod
997 1066 1180 1121 omnia
1204 1066 1258 1119 in
1278 1064 1498 1120 Christo
1528 1062 1637 1117 sint
1666 1070 1874 1124 sancta,
1899 1061 2160 1130 pretiosa,

587 1158 902 1229 fragrantia.
933 1159 990 1212 ln
1014 1142 1211 1227 hepate
1240 1158 1388 1211 enim
1416 1155 1783 1226 cupiditatum
1821 1154 2087 1224 cuiusque
2110 1162 2165 1207 et

587 1249 931 1319 appetitunm
953 1248 1138 1303 sedem
1170 1255 1438 1310 statuunt,
1456 1246 1549 1315 qui
1572 1247 1765 1300 barum
1791 1260 1977 1299 rerum
1999 1244 2162 1313 periti

588 1347 735 1394 sunt.
764 1340 942 1393 Renes
963 1354 1094 1393 vero
1126 1338 1420 1393 discretiva
1446 1337 1705 1391 facultate
1743 1335 1959 1405 praediti
2012 1343 2159 1388 sunt.

588 1430 854 1499 Scparant
880 1429 1099 1484 enimid
1126 1429 1271 1499 quod
1306 1429 1437 1482 utile
1464 1444 1529 1483 ac
1558 1429 1796 1482 salutare
1819 1436 1923 1491 est,
1975 1425 2045 1479 ab
2084 1426 2166 1478 in-

588 1523 709 1577 utili
737 1532 793 1578 et
837 1521 1136 1593 superﬂuo.
1192 1523 1358 1591 Atqui
1397 1522 1501 1575 hoc
1547 1520 1784 1575 otiicium
1835 1526 2060 1589 pra'stat
2109 1518 2163 1571 in

585 1614 748 1669 nobis
780 1630 953 1668 mens.
998 1614 1124 1668 Haec
1149 1614 1317 1673 enim.
1349 1612 1513 1667 modo
1537 1620 1683 1666 recte
1725 1612 2022 1665 constituta
2070 1611 2161 1675 sit,

589 1706 769 1777 rejicit
799 1706 853 1759 id
886 1706 1032 1775 quod
1070 1719 1270 1759 nocere
1314 1705 1486 1770 solet;
1526 1704 1762 1759 admittit
1812 1711 1994 1757 autem
2035 1718 2162 1772 per-

2270 527 2389 578 γειν
2421 510 2496 581 τῷ
2524 511 2895 582 θυσιαστηρίῳ
2921 510 2981 563 τὸ
3011 503 3173 580 αἷμα.
3212 529 3230 562 ι
3266 510 3689 580 Κατασημήνειε
3716 510 3760 564 δ’
3788 512 3858 566 ἂν

2270 602 2364 653 καὶ
2395 602 2619 672 ἑτέρως,
2646 602 2732 653 ὅτι
2761 600 2974 654 τέθεικε
3008 598 3104 671 τὴν
3138 600 3328 653 ἑαυτοῦ
3360 599 3536 670 ψυχὴν
3574 601 3715 670 ὑπὲρ
3752 605 3855 675 τῆς

2280 692 2626 763 Ἐκκλησίας.
2654 693 2835 756 Τύπος
2866 692 2963 762 μὲν
2992 692 3109 763 γὰρ
3134 692 3235 761 τῆς
3272 691 3597 762 Ἐκκλησίας
3651 694 3713 746 τὸ
3760 692 3853 747 0::-
3910 684 3917 693 ’

2270 783 2604 852 σιαστήριον,
2653 780 2831 851 ψυχῆς
2854 783 2911 835 δὲ
2944 782 3006 833 τὸ
3054 777 3212 852 αἷμα.
3258 781 3323 833 Ἣ
3348 780 3403 834 δὲ
3430 780 3538 834 τῶν
3568 782 3855 838 ἐνδοσθίων

2267 874 2541 938 ἀνάθεσις,
2564 875 2683 944 ἦτοι
2714 873 3059 943 καθιέρωσις,
3097 873 3331 944 πιμελῆς
3358 875 3433 938 δὲ,
3462 873 3625 942 λέγω,
3645 877 3853 946 ἥπατός

2265 981 2327 1018 τε
2370 966 2465 1019 καὶ
2507 966 2740 1036 νεφρῶν,
2789 966 3045 1036 ὑποδηλοῖ
3072 966 3254 1027 πάλιν,
3305 967 3387 1018 ὅτι
3429 967 3523 1018 καὶ
3569 966 3721 1035 ἅγια,
3754 969 3854 1021 καὶ

2269 1059 2410 1129 ἱερά,
2440 1059 2533 1111 καὶ
2564 1057 2737 1128 εὐώδη
2774 1060 2950 1113 πάντα
2973 1060 3039 1112 τὰ
3070 1061 3126 1111 ἐν
3155 1058 3396 1130 Χριστῷ.
3446 1060 3534 1111 Ἐν
3554 1061 3723 1130 ἥπατι
3753 1061 3854 1131 μὲν

2266 1150 2395 1221 γὰρ,
2420 1151 2520 1214 τὰς
2565 1151 2648 1219 ἐφ’
2688 1150 2865 1204 ὁτιοῦν
2897 1150 3192 1220 ἐπιθυμίας
3222 1151 3339 1221 ἦτοι
3373 1151 3578 1221 ὀρέξεις
3608 1154 3853 1221 γίνεσθαί

2272 1259 2436 1311 φασιν
2464 1244 2517 1295 οἱ
2557 1241 2730 1295 ταῦτα
2781 1242 2953 1312 σοφοί.
3004 1243 3213 1313 Νεφρὸς
3259 1242 3314 1296 δὲ
3349 1243 3412 1313 δὴ
3444 1243 3626 1307 πάλιν,
3666 1245 3852 1315 μόριόν

2266 1336 2415 1386 ἐστιν
2459 1335 2516 1386 ἐν
2576 1334 2810 1401 σώματι,
2860 1335 3201 1406 διακριτικὴν
3236 1335 3356 1404 ἔχον
3399 1336 3498 1405 τὴν
3549 1337 3852 1407 ἐνέργειαν.

2279 1426 2591 1498 Ἀποκρίνει
2628 1428 2737 1499 γὰρ
2770 1428 2865 1481 τοῦ
2892 1429 3162 1499 χρησίμου
3191 1428 3250 1481 τὸ
3280 1430 3552 1500 περιττόν.
3597 1429 3855 1484 Τοιοῦτον

2264 1519 2321 1572 δέ
2341 1537 2393 1572 τι
2412 1521 2505 1572 καὶ
2525 1522 2581 1573 ἐν
2605 1523 2734 1591 ἡμῖν
2760 1522 2942 1585 αὐτοῖς
2986 1523 3014 1575 6
3036 1521 3159 1585 νοῦς
3186 1522 3501 1591 ἐργάζεται.
3529 1523 3856 1594 Κιδδηλεὺει

2269 1609 2366 1678 μὲν
2395 1611 2526 1680 γὰρ,
2556 1613 2713 1681 εἴπερ
2745 1612 2863 1664 ἐστὶ
2889 1612 3069 1681 σοφὸς,
3092 1612 3152 1664 τὸ
3172 1614 3378 1666 ἀδικεῖν
3402 1616 3665 1682 πεφυκός·
3684 1631 3856 1685 προσ-

2269 1699 2405 1751 ίεται
2431 1700 2487 1752 δὲ
2512 1701 2601 1753 καὶ
2619 1699 2739 1753 λίαν
2768 1702 3020 1770 ἀσμένως
3055 1701 3116 1753 τὸ
3150 1700 3335 1754 τελοῦν
3361 1703 3439 1764 είς
3468 1701 3673 1770 ὄνησιν.
3703 1701 3857 1755 Ψάλ-

587 1793 821 1847 libenter
852 1794 907 1847 id
934 1793 1081 1863 quod
1125 1794 1297 1863 juvat.
1328 1793 1481 1847 Unde
1503 1803 1559 1848 et
1593 1794 1787 1848 beatus
1830 1792 2001 1846 David
2042 1801 2161 1845 tan-

2266 1790 2343 1844 λει
2368 1791 2424 1844 δέ
2455 1810 2557 1846 που
2597 1794 2693 1846 καὶ
2729 1795 2756 1845 6
2793 1794 3060 1864 μακάριος
3102 1793 3288 1858 Δαϐὶδ,
3327 1793 3402 1857 ὡς
3444 1795 3509 1847 ἐκ
3557 1795 3858 1865 προσώπου

586 1900 750 1954 quam
799 1884 855 1938 in
876 1900 1112 1953 persona
1140 1883 1343 1938 Christi
1389 1884 1520 1937 alibi
1564 1883 1746 1952 psallit
1784 1900 1796 1934 :
1844 1901 1861 1932 ι
1909 1881 2161 1944 Domine,

586 1986 713 2031 ante
755 1985 806 2032 te
844 1992 1005 2032 omne
1037 1976 1372 2032 desiderium
1405 1992 1587 2031 meum
1624 1976 1687 2029 η.
1736 1994 1754 2025 ι
1794 1975 1931 2029 Item
1958 2014 1971 2038 ,
2009 1992 2028 2024 ‹
2080 1973 2165 2026 Tu

588 2067 878 2136 possedisti
909 2084 1069 2123 renes
1116 2084 1269 2123 meos
1302 2069 1363 2123 '9.
1434 2087 1453 2119 ι
1495 2066 1651 2134 Quod
1677 2082 1808 2121 vero
1839 2064 2164 2119 Emmanuel

586 2159 772 2213 divina
818 2159 1021 2214 virtute
1058 2160 1297 2215 refertus
1346 2160 1438 2224 sit,
1475 2158 1939 2214 demonstraverit
1974 2171 2165 2210 rursus

587 2250 753 2303 veluti
792 2249 845 2302 in
869 2257 997 2321 typo
1018 2250 1134 2319 ipsa
1163 2249 1459 2319 pinguedo.
1480 2247 1955 2315 Quemadmodum
2013 2247 2163 2302 enim

587 2338 862 2408 pinguedo
918 2340 1166 2393 nascitur
1210 2340 1268 2393 in
1313 2339 1642 2394 animalibus
1671 2337 1813 2393 bene
1870 2337 2076 2392 habitis
2100 2353 2165 2393 ac

587 2430 758 2498 pastis
785 2448 797 2482 :
826 2430 920 2494 ita,
941 2430 1205 2494 arbitror,
1229 2431 1393 2485 etiam
1419 2431 1594 2484 virtus
1625 2438 1707 2485 est
1742 2430 1798 2483 in
1831 2437 2013 2484 mente
2042 2444 2164 2499 quas

584 2519 798 2575 cmicsti
824 2521 1087 2576 alimento
1112 2522 1374 2576 abundat.
1412 2521 1666 2577 Christus
1707 2522 1892 2590 itaque
1938 2529 2162 2575 sanctus

586 2619 641 2666 et
665 2611 1051 2666 immaculatus
1070 2620 1172 2678 est,
1205 2621 1262 2668 et
1288 2614 1493 2668 virtute
1518 2613 1849 2676 cumulatus,
1867 2611 2160 2681 pretiosus,

586 2703 839 2774 fragrans
872 2705 1247 2760 holocaustum
1275 2705 1638 2776 intelligibile,
1664 2720 1729 2759 ac
1745 2704 1914 2759 veluti
1939 2702 2162 2757 inomni

584 2795 768 2863 Specie
791 2795 1058 2859 oblatum,
1098 2796 1154 2849 in
1177 2797 1350 2851 vitulo
1384 2796 1629 2866 inquam,
1687 2802 1743 2850 et
1787 2795 1957 2849 ariete
1997 2802 2162 2863 atque

586 2884 759 2938 hirco.
787 2883 974 2940 Hostia
996 2886 1143 2939 enim
1179 2887 1436 2941 salutaris
1482 2901 1586 2956 pro
1615 2885 1777 2940 nobis
1826 2884 2004 2939 factus
2052 2893 2158 2948 est,

586 2973 844 3043 deditque
875 2976 1228 3045 semetipsum
1273 2974 1707 3044 redemptionem
1736 2986 1878 3026 unus
1914 2986 2015 3041 pro
2047 2984 2164 3024 om-

586 3065 771 3135 nibus,
806 3081 907 3135 per
961 3081 1125 3136 quem
1168 3074 1227 3121 et
1278 3081 1405 3120 cum
1454 3081 1564 3136 quo
1607 3065 1679 3120 sit
1730 3065 1842 3118 Deo
1885 3078 1950 3118 ac
2011 3060 2159 3117 Patri

586 3154 755 3226 gloria
801 3170 927 3210 cum
954 3163 1144 3211 sancto
1201 3155 1412 3226 Spiritu
1466 3156 1524 3210 in
1557 3154 1757 3211 saecula
1810 3152 2156 3208 saeculorum.

586 3247 780 3301 Amen.

587 3355 747 3425 359
782 3352 933 3428 Quod
955 3373 1047 3410 nos
1081 3359 1308 3428 mystica:
1332 3357 1697 3428 benedictionis
1718 3356 1842 3428 facti
1861 3357 2161 3428 participes,

656 3427 869 3479 omnino
896 3442 960 3479 ac
986 3426 1193 3497 penitet;
1223 3429 1393 3481 sancti
1427 3427 1690 3496 divinique
1717 3427 1880 3480 simus
1904 3426 2090 3495 futuri.

658 3608 839 3663 Divini
878 3609 1156 3679 discipuli,
1197 3609 1684 3665 Salvatorisnostri
1728 3608 2005 3679 mysteriis
2026 3607 2164 3662 insi-

585 3717 719 3773 gnes
771 3701 964 3767 habiti,
1015 3717 1197 3771 neque
1247 3701 1354 3755 sibi
1385 3709 1692 3771 rapuerunt
1734 3701 2021 3764 honorem,
2064 3715 2164 3753 ne-

584 3809 691 3863 que
721 3793 931 3864 absque
971 3794 1260 3849 vocatione
1307 3807 1428 3847 sese
1466 3793 1835 3863 ingesserunt,
1863 3792 1956 3846 sed
1982 3792 2165 3862 potius

584 3886 783 3942 delecti
828 3894 958 3941 sunt
994 3885 1062 3939 ad
1094 3898 1298 3938 munus
1323 3883 1705 3953 apostolicum,
1734 3892 1790 3937 et
1817 3882 2077 3946 ordinati,
2106 3890 2167 3935 ut

586 3979 683 4032 toti
724 3976 844 4031 orbi
877 3990 1031 4031 sacra
1067 3973 1536 4035 administrarent,
1578 3988 1676 4041 per
1699 3972 1994 4028 salutarem
2026 3986 2167 4041 prae-

584 4068 937 4131 dicationem,
982 4067 1089 4120 hoc
1133 4075 1238 4130 est,
1283 4063 1489 4120 Christi
1512 4064 1887 4134 Evangelium.
1915 4064 2164 4118 Illustres

584 4159 733 4214 enim
757 4167 813 4212 et
837 4158 1129 4226 praeclaros
1166 4157 1456 4212 constituit
1480 4171 1577 4210 eos
1601 4157 1891 4226 magistros
1924 4156 2037 4220 ille,
2068 4156 2164 4225 qui

587 4247 723 4314 ipsis
769 4246 950 4299 dixit:
1000 4264 1018 4295 ι
1050 4246 1260 4300 Euntes
1301 4245 1496 4299 docete
1550 4260 1743 4299 omnes
1783 4256 1975 4315 gentes
2030 4247 2095 4299 ὀ.
2138 4264 2157 4297 ι

2264 1884 2359 1938 τοῦ
2385 1885 2621 1956 Χριστοῦ
2644 1903 2656 1916 ⁸
2697 1905 2716 1937 ι
2768 1886 3040 1939 Ἐναντίον
3081 1903 3174 1939 σου
3203 1888 3352 1940 πᾶσα
3383 1889 3415 1957 ή
3444 1887 3706 1957 ἐπιθυμία
3749 1888 3856 1957 μού

2265 1978 2401 2032 ἐστι.
2444 1995 2463 2028 ι
2514 1978 2625 2030 Καὶ
2668 1978 2865 2031 πάλιν·
2904 1999 2921 2031 ι
2963 1980 3085 2033 Ὀτι
3127 1981 3190 2034 σὺ
3221 1981 3436 2050 ἐκτήσω
3456 1978 3683 2049 νεφρούς
3712 1996 3856 2047 μου,

2265 2067 2458 2141 Κύριε.
2500 2088 2518 2121 ι
2551 2069 2675 2122 Ὅτι
2703 2069 2759 2123 δὲ
2789 2070 2886 2123 καὶ
2928 2072 3131 2141 ἀρετῆς
3163 2071 3466 2140 ἀνάμεστος
3494 2070 3596 2140 τῆς
3626 2069 3860 2139 θεοπρε⁹

2265 2160 2399 2223 ποῦς
2442 2163 2470 2214 ό
2518 2159 2889 2232 Ἐμμανουὴλ,
2929 2163 3305 2233 παραδείξειεν
3360 2162 3426 2216 ἂν
3471 2162 3546 2225 ὡς
3585 2164 3642 2215 ἐν
3692 2161 3860 2231 τύπῳ

2265 2255 2425 2309 πάλιν
2454 2256 2486 2325 ἡ
2518 2255 2770 2324 πιμελή.
2789 2256 3029 2326 »Ὥσπερ
3057 2254 3166 2325 γάρ
3186 2258 3242 2308 ἐν
3259 2257 3370 2315 τοῖς
3392 2255 3588 2323 ἄριστα
3612 2252 3852 2324 τεθραμ·

2268 2346 2449 2417 μένοις
2486 2345 2595 2398 τῶν
2622 2343 2775 2409 ζώων
2803 2347 2834 2416 ἡ
2863 2346 3067 2417 πιμελὴ
3100 2346 3335 2413 γίνεται’
3364 2345 3502 2398 κατὰ
3544 2344 3634 2398 τὸν
3664 2344 3854 2408 αὑτὸν,

2262 2430 2447 2505 οἶμαι,
2491 2435 2691 2506 τρόπον
2730 2436 2809 2498 είς
2848 2435 2972 2487 νοῦν
3013 2436 3180 2507 ἀρετὴ
3214 2436 3418 2506 τροφὴν
3446 2435 3636 2504 ἔχοντα
3663 2434 3764 2505 τὴν
3796 2434 3855 2500 ἐξ

2262 2524 2517 2596 οὐρανοῦ.
2548 2527 2736 2593 Ἄγιος
2754 2526 2819 2597 δὴ
2850 2522 2945 2579 οῦν
2978 2528 3072 2580 καὶ
3094 2526 3395 2597 ἀμώμητος
3420 2527 3448 2578 6
3470 2525 3725 2595 Χριστὸς,
3759 2527 3855 2579 καὶ

2263 2618 2460 2689 ἀρετῆς
2517 2619 2799 2690 ἔμπλεως,
2857 2619 3001 2691 ἱερὸς
3053 2620 3147 2672 καὶ
3193 2619 3436 2686 εὐώδης,
3489 2617 3855 2687 ὁλοκαύτωμα

2262 2711 2469 2779 νοητὸν,
2489 2711 2583 2763 καὶ
2602 2710 2679 2774 ὼς
2708 2712 2765 2762 tv
2781 2710 2910 2762 εἴδει
2935 2710 3098 2763 ’παντὶ¹
3119 2709 3640 2780 προσενηνεγμένον,
3665 2706 3855 2782 μόσχῳ

2261 2816 2341 2864 τε,
2374 2801 2536 2871 φημὶ,
2565 2801 2658 2855 καὶ
2688 2800 2828 2871 κριῷ
2851 2842 2865 2865 ,
2898 2801 2990 2854 καὶ
3014 2801 3148 2869 αἰγί.
3180 2800 3456 2869 Σωτήριος
3492 2796 3601 2869 γὰρ
3627 2797 3855 2864 γέγονεν

2263 2891 2402 2961 ὑπὲρ
2425 2894 2457 2962 ἡ
2466 2892 2580 2962 μῶν
2606 2891 2765 2945 θυσία
2789 2908 2868 2954 τε,
2893 2892 2987 2945 καί⁵
3001 2892 3233 2945 δέδωκεν
3248 2888 3438 2945 ἑαυτὸν
3460 2889 3602 2958 ὑπὲρ
3629 2891 3849 2942 πάντων

2265 2975 2365 3045 εἷς,
2403 2983 2431 3034 6
2458 2982 2678 3034 πάντων
2709 2981 2981 3045 ἀντάξιος.
3013 2981 3091 3034 Δι’
3121 2978 3181 3036 οὗ
3219 2981 3316 3035 καὶ
3357 2980 3477 3051 μεθ’
3507 2973 3569 3033 οὗ
3607 2980 3686 3049 τῷ
3726 2976 3851 3048 Θεῷ

2265 3073 2358 3125 καὶ
2396 3072 2570 3143 Πατρ“ι
2589 3072 2621 3134 ἡ
2647 3071 2793 3138 δόξα,
2820 3072 2917 3125 σὺν
2951 3073 3091 3144 ἁγίῳ
3114 3072 3415 3144 Πνεῦματι,
3446 3072 3523 3136 εἷς
3554 3073 3682 3136 τοὺς
3716 3070 3853 3124 αἰῶ-

2263 3177 2360 3226 νας
2395 3160 2505 3216 τῶν
2542 3159 2775 3216 αἰώνων.
2809 3162 3002 3233 Ἀμήν.

2264 3356 2392 3415 Ὀτι
2422 3358 2534 3428 τῆς
2560 3360 2862 3430 μυστικῆς
2895 3362 3177 3430 εὐλογίας
3221 3361 3290 3416 ἐν
3327 3361 3564 3431 μεθέξει
3603 3351 3852 3430 γεγονό-

2333 3446 2454 3497 τες,
2481 3431 2631 3501 ἅγιοι
2656 3431 2757 3485 καὶ
2784 3432 2926 3500 ἱεροὶ
2946 3431 3142 3500 πάντη
3164 3431 3262 3487 καί
3294 3432 3534 3499 πάντως
3559 3434 3850 3502 ἐσόμεθα.

2332 3604 2539 3676 Ταμίαι
2580 3606 2834 3675 γεγόνασι
2872 3607 2981 3660 τῶν
3008 3605 3102 3661 τοῦ
3143 3607 3393 3677 Σωτῆρος
3429 3605 3586 3677 ἡμῶν
3628 3622 3850 3676 μυστη-

2266 3701 2396 3771 ρίων
2423 3702 2472 3753 οἱ
2508 3700 2784 3754 θεσπέσιοι
2831 3702 3089 3773 μαθηταὶ,
3139 3701 3234 3755 καὶ
3274 3702 3370 3771 οὐχ
3419 3701 3631 3763 ἑαυτοῖς
3664 3699 3853 3771 ἀρπά-

2264 3793 2449 3857 ζοντες
2481 3792 2579 3863 τὴν
2605 3793 2803 3863 τιμὴν,
2844 3792 2970 3845 οὕτε
3005 3792 3111 3864 μὴν
3155 3792 3476 3861 αὑτόκλητοι
3504 3791 3658 3861 παρά
3686 3791 3854 3846 τοῦτο

2268 3884 2456 3947 ίόντες·
2478 3884 2989 3955 προκεχειρισμένοι
3005 3884 3061 3937 δέ
3088 3884 3287 3954 μᾶλλον
3304 3885 3380 3947 είς
3397 3881 3732 3951 ἀποστολὴν,
3758 3882 3854 3936 καὶ

2263 3978 2374 4039 τοῖς
2422 3976 2525 4029 ἀνά
2562 3978 2742 4030 πᾶσαν
2772 3977 2871 4046 τὴν
2929 3976 3019 4029 ὑπ’
3061 3976 3287 4046 οὐρανὸν
3319 3976 3621 4046 ἱερουργεῖν
3671 3977 3856 4028 ἐπιτε-

2263 4068 2524 4138 ταγμένοι
2541 4068 2603 4121 τὸ
2626 4068 2899 4137 σωτήριον
2916 4069 3203 4139 κήρυγμα,
3226 4067 3492 4132 τουτέστι,
3513 4066 3574 4119 τὸ
3600 4068 3854 4135 Εὐαγγέ-

2263 4159 2373 4212 λιον
2394 4164 2488 4217 τοῦ
2519 4157 2780 4230 Χριστοῦ.
2809 4159 3111 4230 Λαμπροὺς
3141 4160 3250 4229 γὰρ
3282 4158 3447 4210 ἐτίθει
3498 4158 3626 4220 τοὺς
3676 4175 3853 4228 μυστ-

2263 4249 2532 4316 αγωγοὺς,
2583 4246 2725 4300 οὕτω
2770 4247 2975 4314 λέγων·
3007 4267 3024 4299 ι
3055 4246 3419 4318 Πορευθέντες
3462 4246 3852 4316 μαθητεύσατε

580 4333 1007 4403 Promptissimo
1046 4334 1231 4402 itaque
1271 4334 1456 4387 animo
1510 4333 1833 4389 obedientes
1864 4335 2163 4391 Dominicis

2266 4340 2444 4393 πάντα
2479 4339 2548 4392 τὰ
2573 4337 2754 4409 tom»
2774 4340 3029 4402 Εῖκοντες
3060 4338 3125 4410 δὴ
3165 4334 3281 4403 οῦν,
3318 4337 3414 4391 κα)⁸
3456 4338 3601 4408 μάλα
3636 4336 3850 4409 προθύ-

588 4426 897 4497 ρτωοοριίε,
927 4425 1117 4479 orbem
1141 4434 1410 4480 terrarum
1431 4426 1777 4481 illustrarunt
1800 4442 1815 4492 ;
1843 4424 2163 4497 magistrum

2269 4451 2404 4504 μως,
2431 4436 2545 4498 τοῖς
2558 4435 2905 4496 Δεσποτικοῖς
2934 4433 3295 4503 θεσπίσμασι,
3314 4430 3721 4501 φωταγωγοῦσι
3755 4432 3853 4498 τὴν

586 4519 812 4589 quidem
865 4517 1011 4571 nacti
1054 4519 1227 4572 Deum
1276 4534 1342 4572 ac
1389 4519 1605 4573 Patrem
1638 4520 1938 4583 ccelestem,
1977 4519 2163 4588 gratiae

2266 4525 2621 4595 οἰκουμένην’
2670 4524 2963 4595 παιδευτὴν
3016 4524 3113 4593 μὲν
3157 4524 3414 4594 λαχόντες
3459 4523 3615 4575 αὐτοὶ
3659 4523 3756 4575 τὸν
3795 4522 3852 4571 ἐν

586 4610 883 4680 participes
898 4610 1033 4664 alios
1058 4610 1380 4665 effecerunt.
1408 4611 1585 4665 Probe
1607 4610 1756 4665 enim
1775 4609 2162 4676 meminerunt,

2266 4618 2507 4687 οὐρανοῖς
2531 4616 2751 4686 Πατέρα
2776 4618 2870 4669 καὶ
2900 4616 3052 4681 Θεὸν,
3086 4617 3379 4679 κοινωνοὺς
3410 4616 3467 4669 δὲ
3496 4615 3596 4684 τῆς
3622 4615 3851 4686 χάριτος

586 4709 648 4755 ut
694 4716 792 4770 par
838 4699 963 4763 fuit,
1019 4700 1165 4754 illius
1216 4701 1363 4770 quod
1411 4700 1662 4756 Christus
1700 4701 1833 4770 ipsis
1881 4702 2161 4771 praecepit,

2266 4708 2648 4771 ἀποτελοῦντες
2688 4708 2930 4778 ἐτέρους.
2967 4708 3337 4779 Διεμέμνηντο
3363 4707 3491 4780 γὰρ,
3517 4706 3660 4761 κατὰ
3685 4706 3749 4759 τὸ
3776 4705 3851 4757 εξ-

582 4793 826 4847 mandati
858 4810 871 4845 :
924 4812 941 4842 ι
972 4792 1155 4846 Gratis
1183 4794 1491 4862 accepistis,
1527 4791 1697 4862 gratis
1719 4792 1842 4846 date
1872 4794 1937 4845 “.
1969 4811 1988 4843 ›
2019 4792 2163 4847 Scri-

2266 4799 2377 4863 κὸς,
2412 4800 2491 4862 εἰς
2524 4797 2680 4851 τοῦτο
2703 4797 2930 4869 γνώμης
2956 4799 3154 4861 αὐτοὺς
3185 4799 3554 4869 ἀποφέροντπ
3590 4797 3687 4850 τοῦ
3714 4798 3847 4866 Χρι-

583 4883 666 4939 bit
712 4886 880 4955 igitur
926 4884 1147 4938 divinus
1193 4884 1394 4937 Paulus
1415 4883 1512 4946 sic,
1544 4882 1938 4936 incarnationis
1958 4881 2163 4937 Christi

2266 4888 2415 4953 στοῦ,
2468 4889 2717 4955 λέγοντος
2765 4890 2988 4957 σαφῶςο
3040 4889 3301 4960 (Δωρεὰν
3345 4888 3588 4953 ἐλάϐετε,
3634 4885 3852 4956 δωρεὰν

584 4976 906 5047 mysterium
948 4974 1268 5030 declarans:
1310 4992 1329 5023 ε
1359 4971 1515 5038 Quod
1557 4973 1706 5027 enim
1744 4981 1864 5026 erat
1911 4973 2163 5044 impossi-

2266 4979 2406 5033 δότε.
2439 4998 2457 5030 ι
2507 4979 2714 5048 Γράφει
2764 4980 2944 5032 τοίνυν
2986 4981 3015 5031 6
3062 4978 3354 5042 θεσπέσιος
3408 4976 3644 5042 Παῦλος,
3671 4976 3772 5029 καὶ
3794 4973 3852 5025 τὸ

584 5070 693 5125 bile
744 5072 881 5141 legis
923 5070 978 5123 in
1026 5085 1137 5139 quo
1182 5067 1566 5123 inﬁrmabalur
1619 5081 1717 5136 per
1746 5082 1989 5131 carnem,
2018 5068 2163 5122 Deus

2270 5069 2405 5139 βαθὺ
2444 5069 2541 5137 τῆς
2573 5069 2709 5139 μετά
2748 5071 2946 5140 σαρκὸς
2974 5070 3282 5139 οἰκονομίας
3324 5067 3598 5138 διατρανοί
3624 5064 3850 5136 μυστή-

583 5164 753 5218 misso
772 5180 879 5218 suo
909 5163 1048 5218 Filio
1074 5163 1128 5216 in
1156 5161 1572 5216 similitudinem
1601 5161 1788 5214 carnis
1822 5161 2055 5230 peccati,
2097 5160 2163 5215 de

2267 5177 2399 5232 ριον,
2427 5159 2522 5211 ὡδί
2563 5176 2666 5211 που
2701 5159 2872 5227 λέγων
2896 5177 2908 5189 ·
2942 5178 2961 5210 ι
2984 5160 3057 5212 Τὸ
3091 5159 3199 5231 γὰρ
3232 5158 3493 5212 ἀδύνατον
3534 5148 3627 5209 τοῦ
3679 5156 3852 5222 νόμου

585 5266 804 5326 peccato
854 5254 1239 5309 condemnavit
1288 5261 1574 5323 peccatum
1620 5252 1674 5306 in
1726 5268 1823 5307 sua
1872 5268 2058 5316 carne,
2105 5260 2163 5306 ut

2266 5254 2323 5305 ἐν
2364 5244 2409 5319 ᾧ
2453 5249 2670 5321 ἠσθένει
2720 5251 2808 5303 διὰ
2848 5251 2950 5321 τῆς
2997 5250 3221 5321 σαρκὸς,
3267 5251 3296 5302 6
3341 5247 3473 5310 Θεὸς
3516 5245 3607 5300 τὸν
3648 5240 3850 5297 ἑαυτοῦ

578 5345 899 5416 justiﬁeatio
943 5347 1078 5416 legis
1114 5346 1447 5415 impleretur
1497 5344 1551 5398 in
1600 5344 1779 5409 nobis,
1814 5344 1908 5413 qui
1939 5360 2050 5398 non
2084 5359 2163 5397 se-

2266 5346 2394 5399 Υίὸν
2441 5344 2666 5417 πέμψας
2709 5346 2768 5397 ἐν
2811 5343 3089 5414 ὁμοιότητι
3140 5341 3343 5413 σαρκὸς
3388 5337 3688 5409 ἁμαρτίας,
3725 5332 3851 5401 περὶ

583 5435 824 5489 cundum
874 5449 1095 5490 carnem
1133 5434 1497 5499 ambulamus,
1546 5433 1643 5487 sed
1671 5434 1975 5487 secundum
2000 5433 2163 5502 spiri-

2269 5434 2542 5506 ἁμαρτίας
2575 5435 2865 5503 κατέκρινε
2899 5433 2997 5503 τὴν
3030 5433 3304 5503 ἁμαρτίαν
3328 5433 3386 5483 tv
3419 5432 3485 5500 τῇ
3528 5424 3733 5497 σαρκίο
3769 5424 3862 5475 ἵνα

584 5530 720 5583 tum.
777 5527 972 5581 Factus
1030 5526 1178 5581 enim
1225 5533 1310 5580 est
1357 5541 1457 5595 pro
1494 5525 1653 5580 nobis
1698 5524 2163 5597 peccatumChri-

2266 5525 2328 5577 τὸ
2364 5524 2641 5596 δικαίωμα
2682 5525 2777 5578 τοῦ
2825 5524 2993 5596 νόμου
3029 5522 3292 5593 πληρωθῇ
3344 5521 3403 5573 tv
3453 5521 3602 5589 ἡμῖν,
3628 5518 3748 5578 τοῖς
3783 5513 3863 5583 μὴ

662 5725 1102 5795 "Epltes.v,25.
1170 5728 1211 5759 "
1239 5725 1702 5792 Psal.xxxvn,10.
1766 5728 2342 5798 ”Psal.cxxxvm,15.
2422 5732 2466 5761 ¹⁰
2499 5732 2683 5785 Matth.
2740 5746 2931 5796 χχι-ιιι,
2967 5728 3050 5782 i9.
3131 5727 3170 5757 ¹²
3211 5721 3396 5778 Matth.
3452 5738 3518 5783 Χ.
3553 5721 3603 5776 8.
