4066 6282
331 334 433 391 σιν

1317 331 1839 388 GLAPHYRORUM
1880 332 1945 386 IN
1990 330 2361 387 LEVITICUM
2394 333 2616 388 LIBER.

3498 341 3605 398 830

332 447 471 502 κατὰ
493 445 671 523 σάρκα
700 445 1111 516 περιπατοῦσιν,
1136 445 1271 499 ἀλλᾶ
1295 446 1438 500 κατὰ
1455 446 1692 517 πνεῦμα.
1721 447 1918 515 Γέγονε

2023 455 2160 511 ειυε,
2199 468 2217 499 ι
2260 450 2408 503 sicut
2442 449 2710 518 scriptum
2741 456 2827 502 est
2896 468 2918 513 ν,
2952 463 3075 502 cum
3109 457 3292 504 tamen
3315 452 3448 507 nulli
3473 472 3605 525 pec-

332 539 439 608 γὰρ
457 537 595 607 ὑπὲρ
616 536 771 607 ἡμῶν
792 536 1035 608 ἁμαρτία
1056 537 1308 607 Χριστὸς,
1331 555 1349 586 ι
1377 536 1563 601 καθὼς
1586 538 1915 607 γέγραπται,

332 631 425 683 καί
455 630 515 682 ού
542 630 712 699 δήπου
762 630 979 691 πάντως
1023 628 1299 699 ἁμαρτίας
1342 628 1544 699 ἔνοχος.
1580 630 1653 682 Ού
1680 630 1785 701 γὰρ
1816 623 1918 682 ὦδε

308 725 517 793 -ληρεῖν
549 720 854 790 εἰθίσμεθα,
890 721 1010 775 ἐπεὶ
1055 722 1129 792 μὴ
1166 716 1308 773 εἶδεν
1366 721 1504 785 ὅλως
1559 721 1620 774 τὸ
1665 721 1919 791 πλημμε-

334 811 464 877 λεῖν,
512 812 642 876 Θεὸς
673 812 749 865 ὢν
785 813 968 881 φύσει,
994 814 1090 866 καὶ
1122 815 1186 866 ὲκ
1224 812 1361 866 Θεοῦ
1395 811 1653 883 πειρηνὼς
1672 814 1766 866 τοῦ
1802 814 1918 865 Πα-

334 904 481 975 τρὺς,
514 903 698 974 ἐπειδὴ
745 904 802 957 δὲ
846 904 1039 972 γέγονε
1101 904 1253 973 θῦμα
1285 904 1427 975 ὑπὲρ
1462 903 1760 975 ἁμαρτίας.
1800 922 1818 954 ι
1845 905 1918 956 Τὸ

334 997 442 1067 γὰρ
477 998 667 1068 Πάσχα
704 996 860 1068 ἡμῶν
890 998 1029 1067 ὑπὲρ
1056 996 1214 1068 ήμῶν
1244 996 1408 1067 ἐτύθη
1434 998 1685 1067 Χριστός.
1719 1016 1737 1048 ι
1776 994 1919 1049 Ταύ-

334 1089 483 1159 τῃτοι
573 1105 752 1159 φαμεν
812 1088 1064 1157 γενέσθαι
1141 1089 1235 1142 καὶ
1310 1089 1609 1159 ἁμαρτίαν.
1684 1087 1916 1141 Τέθυται

334 1180 464 1251 γὰρ,
488 1181 563 1244 ὼς
600 1181 758 1251 ἔφην,
782 1180 868 1233 ἵνα
897 1179 975 1249 τῷ
1020 1179 1134 1250 ἰδίῳ
1160 1179 1353 1251 αἵματι
1383 1179 1793 1249 κατακτήσῃται
1819 1179 1915 1248 τὴν

335 1272 422 1324 ὑπ’
453 1273 698 1344 οὐρανόν.
741 1291 760 1323 ι
796 1271 1178 1343 Ἠγορὰσμεθα
1226 1272 1334 1342 γὰρ
1374 1270 1562 1341 τιμῆς,
1591 1290 1608 1322 ι
1649 1270 1788 1323 κατὰ
1819 1270 1917 1333 τὰς

334 1363 575 1434 Γραφὰς,
605 1363 700 1415 καὶ
730 1362 828 1414 οὐκ
848 1362 1017 1431 ἐσμὲν
1048 1360 1279 1424 ἑαυτῶν,
1306 1360 1439 1413 ἀλλὰ
1459 1360 1554 1413 τοῦ
1587 1361 1727 1430 ὑπὲρ
1759 1360 1915 1430 ἡμῶν

332 1454 613 1522 γεγονότος
640 1452 908 1523 ἁμαρτία,
940 1452 1028 1506 ἶνα
1072 1453 1180 1506 τῶν
1211 1454 1453 1525 ἀρχαίων
1483 1454 1633 1523 ἡμᾶς
1664 1452 1914 1505 ἀπαλλά-

334 1540 399 1612 ξῃ
441 1540 948 1610 πλημμελημάτων,
983 1543 1078 1594 καὶ
1128 1542 1312 1610 ἁγίους
1357 1545 1609 1614 ἀποφήνῃ
1647 1541 1736 1594 διὰ
1792 1559 1919 1611 μετ-

332 1633 467 1702 οχῆς
497 1631 595 1699 τῆς
638 1631 798 1698 ἁγίας
828 1630 992 1684 αὐτοῦ
1026 1633 1248 1703 σαρκὸς,
1272 1633 1426 1704 δῆλον
1447 1634 1501 1687 δὲ
1517 1635 1599 1687 ὃτι
1627 1633 1722 1687 καὶ
1754 1633 1919 1701 αἵμα-

333 1740 449 1785 τος.
482 1722 655 1775 Τοῦτό
690 1740 769 1775 τοι
815 1724 910 1776 καὶ
955 1726 990 1793 ό
1037 1724 1323 1789 Θεσπέσιος
1362 1729 1493 1797 ἡμῖν
1545 1724 1917 1797 προανειρώνει

341 1815 533 1883 νόμος*
567 1814 877 1883 γέγραπται
911 1814 1020 1886 γὰρ
1049 1814 1221 1878 οὕτως
1244 1819 1300 1869 ἐν
1328 1818 1402 1886 τῷ
1432 1818 1730 1887 Λευῖτικῴ’
1764 1836 1781 1869 ι
1808 1817 1917 1869 Καὶ
1952 1793 1990 1846 Β

345 1904 574 1971 ἐλαλησε
613 1902 814 1975 Κύριος
864 1906 1000 1974 πρὸς
1048 1906 1277 1976 Μωσῆν,
1322 1904 1496 1974 λέγων
1519 1923 1530 1936 ·
1567 1906 1811 1977 Λάλησον
1840 1904 1918 1976 τῷ

360 1992 571 2062 Ἀαρὼν
594 1993 689 2045 καὶ
721 1996 832 2057 τοῖς
871 1997 1007 2057 υἱοῖς
1054 1996 1243 2059 αὐτοῦ,
1271 1995 1443 2062 λέγων
1471 2012 1485 2026 ⁸
1511 1991 1677 2058 Οὗτος
1706 1998 1734 2048 ό
1758 1996 1917 2064 νόμος

342 2085 442 2156 τῆς
483 2084 772 2153 ἁμαρτίας.
825 2086 913 2137 Ἐν
943 2085 1097 2155 τόπῳ
1126 2081 1188 2139 οὗ
1224 2085 1485 2153 σφάζουσι
1514 2084 1581 2137 τὰ
1612 2084 1918 2138 ὁλοκαυτώ-

343 2190 513 2243 ματα,
544 2176 805 2243 σφάξουσι
833 2177 921 2228 καὶ
951 2178 1012 2229 τὸ
1032 2177 1131 2245 τῆς
1161 2176 1435 2245 ἁμαρτιας
1478 2175 1658 2228 ἔναντι
1692 2176 1918 2246 Κυρίου.

341 2263 508 2332 ’Ἅγια
543 2266 713 2330 ἁγίων
744 2267 907 2319 ἐστίν.
956 2268 1155 2335 Ἱερεὺς
1199 2269 1227 2319 6
1274 2267 1559 2337 ἀναφέρων
1587 2269 1776 2338 αὐτὴν,
1810 2268 1919 2321 ἔδε-

337 2371 426 2406 ται
461 2353 654 2425 αὐτὴν,
698 2356 755 2407 ὲν
802 2356 952 2425 τόπῳ
1006 2357 1149 2424 ἁγίῳ
1182 2356 1541 2427 βρωθήσεται,
1572 2359 1628 2410 ὲν
1655 2360 1791 2429 αὐλῇ
1822 2360 1921 2429 τῆς

342 2445 545 2515 σκηνῆς
573 2444 666 2497 τοῦ
700 2448 1021 2516 μαρτυρίου.
1055 2448 1168 2509 Πᾶς
1197 2448 1226 2498 6
1257 2449 1563 2517 ἁπτόμενος
1587 2450 1697 2502 τῶν
1740 2450 1920 2520 κρεῶν

339 2535 530 2605 αὐτῆς,
569 2536 983 2606 ἁγιασθήσεται.
1026 2537 1113 2589 Ἐν
1141 2531 1185 2605 ᾧ
1232 2539 1298 2591 ἂν
1355 2540 1751 2611 ὲπιρῥαντισθῇ
1813 2541 1921 2593 ἀπὸ

340 2627 430 2681 τοῦ
461 2627 692 2697 αἵματος
722 2629 890 2699 αὐτῆς
913 2629 1003 2681 ἐπὶ
1038 2629 1096 2682 τὸ
1128 2631 1362 2700 ἱμάτιον,
1401 2631 1429 2684 ὃ
1462 2632 1526 2685 ἂν
1555 2633 1813 2703 ραντισθῇ
1836 2629 1921 2686 ἐπ’

340 2717 494 2780 αὐτὸ,
528 2717 893 2789 πλυνθήσεται
923 2722 981 2773 ὲν
1002 2719 1152 2790 τόπῳ
1178 2721 1337 2791 ἁγίῳ.
1373 2722 1482 2775 Καὶ
1514 2722 1704 2785 σκεῦος
1726 2723 1923 2793 ὀστρά-

341 2826 489 2863 κινον
515 2802 577 2861 οὗ
608 2810 701 2862 ἐὰν
734 2809 908 2879 ἑψηθῇ
934 2811 989 2862 ὲν
1024 2809 1192 2880 αύτῷ,
1248 2810 1669 2881 συντριϐήσεται
1690 2829 1702 2841 ο
1737 2811 1831 2863 ἐὰν
1865 2811 1922 2863 δὲ

344 2901 401 2954 ἒν
440 2899 624 2953 σκεύει
673 2900 857 2970 χαλκῷ
912 2901 1110 2972 ἑψηθῇ,
1142 2900 1387 2971 ὲκτρίψει
1423 2901 1573 2965 αὐτὸ,
1609 2902 1702 2953 καὶ
1730 2900 1923 2953 πλύσει

343 2991 514 3045 ὕδατι.
577 2992 693 3045 Πᾶν
743 2993 910 3063 ἄρσεν
952 2994 1011 3045 ὲν
1062 2995 1173 3053 τοῖς
1208 2990 1417 3061 ἱερεῦσι
1465 2991 1700 3058 φάγεται
1758 2991 1919 3045 αὑτά.

343 3088 510 3156 Ἀγια
551 3076 884 3155 ἀγίωνΛὲστὶ
927 3085 1007 3153 τῷ
1044 3085 1257 3153 Κυρίῳ.
1284 3102 1301 3134 ι
1337 3082 1499 3145 Σύνες
1526 3082 1590 3153 δὴ
1634 3079 1725 3136 οὖν
1750 3084 1923 3154 ὅσπερ
1950 3116 1992 3173 C

337 3175 705 3230 καταθύεσθαι
762 3174 974 3229 κελεύει
1025 3174 1124 3243 τὴν
1185 3173 1481 3244 ἁμαρτίαν,
1544 3174 1809 3239 τουτέστι,
1862 3175 1924 3227 τὸ

342 3268 480 3338 ὑπὲρ
525 3267 820 3340 ἁμαρτίας.
862 3265 1114 3335 Χίμαρος
1157 3264 1211 3316 δὲ
1241 3265 1350 3334 ἄρα
1377 3263 1534 3317 τοῦτο
1562 3260 1629 3334 ἦν
1654 3266 1734 3327 εἰς
1758 3264 1925 3319 τύπον

341 3359 601 3431 Χριστοῦ,
622 3359 717 3413 τοῦ
750 3359 820 3412 δι’
841 3358 1011 3428 ἡμᾶς,
1044 3357 1119 3418 ὡς
1150 3355 1306 3427 ἔφην,
1344 3358 1628 3425 γεγονότος
1653 3358 1920 3428 ἁμαρτία.

349 3451 708 3518 «Λελόγισται
756 3450 864 3521 γὰρ
925 3450 983 3501 ὲν
1034 3448 1276 3518 ἀνόμοις,
1310 3467 1328 3499 ι
1379 3449 1473 3500 καὶ
1511 3448 1925 3520 συνεσταυρώθη

343 3540 589 3613 λῃσταῖς,
638 3537 1014 3609 κεχρημάτικέ
1067 3554 1126 3589 τε
1153 3538 1249 3591 καὶ
1277 3539 1404 3608 ἀρά.
1433 3537 1742 3607 Γέγραπται
1794 3539 1923 3610 γὰρ,

341 3632 422 3685 ὅτι
488 3652 507 3682 ‹
537 3633 857 3702 Κατάρατος
913 3631 1020 3692 πᾶς
1062 3631 1089 3682 6
1142 3631 1491 3700 κρεμάμενος
1541 3632 1633 3685 ἐπὶ
1688 3632 1865 3698 ξύλου.
1899 3652 1918 3686 ι

355 3721 515 3775 Ἀλλά
546 3723 641 3775 καί
671 3720 909 3790 καθῆκεν
943 3722 1132 3773 ἑαυτὸν
1161 3722 1218 3773 ὲν
1249 3720 1459 3784 τούτοις
1489 3721 1555 3775 δι’
1591 3724 1738 3792 ἡμᾶς
1780 3726 1926 3776 οἰκο-

342 3814 582 3885 νομικῶς
603 3830 618 3844 ·
650 3813 765 3867 ἁλλ’
797 3809 864 3884 ἦν
894 3830 952 3865 τε
993 3813 1088 3865 καὶ
1123 3812 1275 3865 ἔστιν
1306 3814 1480 3880 ἅγιος,
1541 3816 1602 3867 οὐ
1630 3816 1769 3869 κατὰ
1801 3815 1927 3886 μέθ-

343 3907 454 3973 εξιν
481 3906 583 3959 τὴν
609 3904 684 3968 ὡς
732 3903 863 3976 παρ’
892 3904 1080 3974 ἑτέρου
1107 3903 1363 3974 καθάπερ
1386 3907 1563 3975 ἡμεῖς,
1596 3905 1840 3973 φυσικῶς
1868 3907 1925 3960 δὲ

348 3998 549 4068 μᾶλλον
586 3995 747 4059 αὐτὸς
789 3995 865 4058 ὡς
914 3994 1066 4058 Θεός.
1116 3995 1193 4047 Δι’
1246 3994 1408 4047 αὑτοῦ
1452 3996 1559 4065 γὰρ
1601 3997 1925 4067 πιστεύομεν

342 4089 442 4159 τὴν
474 4088 654 4142 κτίσιν
680 4087 1022 4155 ἁγιάζεσθαι,
1055 4086 1158 4139 κᾶν
1203 4087 1465 4154 ἀγγέλους
1500 4087 1790 4159 όνομάσῃς,
1823 4088 1926 4141 κᾶν

346 4181 406 4233 τὸ
435 4180 514 4233 ἔτι
560 4174 796 4250 προῦχον
835 4179 892 4230 ὲν
922 4177 1070 4247 δόξῃ,
1107 4176 1209 4229 κᾶν
1241 4176 1301 4229 τὸ
1334 4178 1721 4247 ὑπερκείμενον
1745 4195 1803 4230 τε
1835 4178 1928 4230 καλ¹

350 4272 629 4342 ἀνωτέρω,
663 4269 902 4340 Θρόνους
946 4269 1006 4322 τέ
1051 4286 1190 4338 φημι
1244 4270 1335 4321 καὶ
1385 4269 1602 4339 Ἀρχὰς,
1646 4269 1748 4323 κᾶν
1791 4269 1928 4322 αύτὰ

351 4381 440 4433 μοι
474 4363 640 4433 λέγῃς
671 4363 739 4414 τὰ
770 4360 1019 4432 Σεραφὶμ
1038 4378 1051 4391 ·
1081 4360 1195 4412 ἀλλ’
1222 4362 1321 4412 οὐκ
1349 4359 1414 4413 ἂν
1436 4360 1632 4430 ἑτέρως
1654 4359 1928 4428 ἁγιάζοιτο

2021 547 2145 592 cato
2195 539 2364 594 fuerit
2399 542 2690 597 obnoxius.
2732 542 2921 611 Neque
2946 543 3093 597 enim
3122 544 3195 598 ita
3214 544 3449 602 delirare
3476 564 3608 604 con-

2020 630 2324 695 suevimus,
2368 639 2428 684 ut
2472 646 2599 685 eum
2636 632 2731 702 qui
2770 641 2962 701 suapte
3009 643 3204 688 natura
3241 642 3326 689 est
3358 636 3523 701 Deus,
3551 648 3608 695 et

2019 736 2087 775 ex
2122 722 2235 777 Deo
2270 723 2428 776 Patre
2463 723 2702 792 genitus,
2742 739 2971 793 peccare
2999 740 3345 787 censeamus,
3377 728 3471 781 sed
3515 744 3605 781 as-

2020 829 2339 869 severamus
2365 815 2513 885 quod
2545 815 2723 869 hostia
2758 814 2831 869 sit
2856 830 2956 883 pro
2978 823 3203 883 peccato
3224 816 3422 871 factus.
3462 837 3480 868 ι
3508 818 3608 873 Pa-

2018 906 2149 960 scha
2173 907 2319 961 enim
2349 923 2451 976 pro
2490 907 2652 961 nobis
2695 906 3009 960 immolatus
3043 916 3145 967 est.
3175 906 3430 962 Christus
3461 911 3534 961 "z
3580 929 3600 961 ι

2018 996 2280 1067 quocirca
2335 1013 2463 1051 eum
2520 1017 2538 1048 ι
2573 1007 2856 1068 peccatum
2889 998 3092 1051 factum
3133 1017 3151 1048 ι
3191 1014 3311 1053 εεεε
3348 999 3603 1054 dicimus.

2018 1088 2284 1143 Mactatus
2312 1090 2462 1143 enim
2518 1097 2624 1154 est,
2660 1098 2718 1143 ιιι
2750 1089 2882 1153 dixi,
2944 1098 3009 1143 ut
3060 1104 3160 1143 suo
3202 1091 3425 1159 proprio
3478 1107 3604 1144 san-

2018 1180 2184 1249 guine
2241 1188 2415 1235 totum
2457 1181 2754 1235 redimeret.
2819 1180 3105 1235 mundum.
3168 1181 3242 1235 Ita
3315 1183 3461 1235 enim
3530 1184 3608 1235 ait

2020 1268 2306 1340 Scriptura
2335 1288 2347 1323 :
2398 1289 2416 1321 ι
2447 1271 2631 1326 Pretio
2676 1272 2847 1340 empti
2885 1271 3018 1325 estis
3045 1271 3090 1301 "
3122 1289 3134 1323 :
3169 1290 3186 1321 ι
3214 1288 3392 1340 neque
3417 1288 3609 1327 sumus

2020 1360 2255 1429 amplius
2281 1361 2456 1414 nostri
2493 1361 2656 1432 juris,
2687 1362 2783 1415 sed
2809 1361 2977 1423 illius,
3005 1362 3099 1430 qui
3123 1376 3224 1431 pro
3246 1361 3407 1415 nobis
3432 1363 3608 1416 tactus

2018 1459 2102 1505 est
2141 1462 2463 1520 peccatum,
2513 1459 2575 1505 ut
2628 1467 2659 1505 a
2706 1452 2984 1520 prioribus
3028 1451 3269 1520 peccatis
3310 1451 3602 1514 liberaret,

2020 1549 2348 1609 sanctosque
2382 1557 2479 1611 per
2504 1554 2705 1597 sanctae
2743 1544 2925 1598 carnis
2952 1559 3064 1597 suae
3088 1551 3143 1596 et
3167 1544 3296 1597 item
3325 1544 3606 1614 sanguinis

2020 1630 2463 1683 communionem
2508 1630 2783 1684 redderet.
2821 1631 2936 1684 Hoc
2960 1631 3137 1700 ipsum
3169 1632 3351 1685 divina
3378 1633 3465 1686 lex
3501 1649 3604 1686 uo-

2020 1722 2106 1775 bis
2155 1721 2597 1791 prmsigniﬁcavit
2627 1760 2642 1784 ,
2685 1722 2758 1775 ita
2796 1722 2943 1776 enim
2973 1724 3029 1776 in
3062 1723 3307 1778 Levitico
3336 1727 3603 1795 scriptum

2019 1819 2102 1866 est
2136 1831 2148 1864 :
2184 1832 2200 1862 ι
2229 1814 2471 1868 Locutus
2513 1822 2597 1867 est
2652 1813 2917 1868 Dominus
2960 1814 3027 1868 ad
3087 1815 3328 1886 Moysen,
3364 1817 3553 1872 dicens
3586 1836 3597 1871 :

2019 1904 2272 1975 Loquere
2318 1907 2496 1960 Aaron
2547 1914 2602 1960 et
2656 1905 2784 1959 ﬁliis
2827 1908 2968 1975 ejus,
3013 1905 3241 1961 dicens:
3276 1908 3383 1961 Ista
3411 1918 3493 1963 est
3516 1909 3603 1964 lex

2019 1997 2248 2065 peccati.
2279 1996 2341 2050 In
2392 1998 2511 2050 loco
2549 1996 2642 2050 ubi
2691 2004 2929 2050 mactant
2981 1996 3358 2052 holocaustum
3417 2014 3601 2065 suum,

2021 2087 2343 2141 mactabunt
2380 2078 2543 2157 350
2566 2095 2622 2140 et
2650 2086 2882 2140 hostiam
2914 2102 3014 2156 pro
3038 2096 3262 2155 peccato
3289 2104 3472 2143 coram
3500 2091 3604 2144 Do-

2020 2177 2191 2232 mino.
2240 2178 2441 2232 Sancta
2471 2186 2787 2232 sanctorum
2821 2186 2969 2231 sunt.
3002 2176 3269 2233 Sacerdos
3303 2180 3396 2249 qui
3420 2181 3602 2242 oﬂ‘ert.

2021 2266 2194 2335 ipsam
2218 2268 2529 2331 manducat,
2556 2275 2612 2321 ct
2640 2266 2694 2320 in
2726 2267 2848 2321 loco
2874 2277 3065 2323 sancto
3085 2269 3356 2334 comedet,
3384 2271 3438 2324 in
3462 2272 3603 2325 atrio

1974 2344 1997 2368 ⁶
2022 2360 2363 2415 tabernaculi
2393 2360 2713 2415 testimonii.
2747 2359 3073 2429 Quicunque
3100 2361 3342 2431 attigerit
3380 2361 3449 2416 de
3478 2376 3601 2416 car-

2020 2451 2186 2505 nibus
2218 2452 2357 2521 ejus,
2388 2450 2841 2505 sanctiﬁcabitur.
2866 2451 2934 2505 Et
2953 2451 3391 2520 quandocunque
3412 2467 3602 2520 asper-

2024 2557 2145 2621 sum
2188 2542 2356 2596 fuerit
2402 2542 2471 2596 de
2514 2543 2778 2613 sanguine
2804 2542 2978 2612 ipsius
3000 2558 3166 2612 super
3191 2544 3601 2609 vestimentum;

2022 2632 2392 2702 quodcunque
2423 2649 2706 2703 aspersum
2746 2633 2936 2698 fuerit,
2978 2634 3032 2688 id
3077 2635 3352 2689 lavabitur
3393 2634 3449 2688 in
3480 2635 3603 2689 loco

2022 2733 2235 2779 sancto.
2291 2725 2400 2780 Vas
2428 2732 2635 2795 (autem
2684 2725 2740 2778 in
2786 2740 2895 2793 quo
2932 2728 3086 2778 cocta
3133 2732 3236 2788 est,
3280 2726 3443 2779 ﬁctile
3474 2742 3605 2779 con-

2022 2814 2291 2883 fringetur
2319 2832 2332 2866 :
2366 2813 2412 2867 si
2435 2829 2566 2867 vero
2591 2829 2744 2868 aeneo
2767 2830 2895 2868 vase
2921 2822 3074 2867 cocta
3096 2814 3282 2878 fuerit,
3312 2814 3603 2870 defricabit

2024 2901 2204 2971 ipsum
2251 2911 2307 2957 et
2337 2903 2521 2956 abluet
2547 2918 2706 2971 aqua.
2742 2901 2933 2956 Omnis
2957 2903 3235 2957 masculus
3255 2918 3320 2957 ex
3344 2905 3598 2959 sacerdo-

2025 2994 2176 3047 tibus
2197 2994 2313 3047 edit
2346 2994 2482 3061 ipsa.
2509 2993 2707 3047 Sancta
2731 3001 3041 3047 sanctorum
3067 3002 3197 3048 sunt
3225 2994 3456 3048 Domino
3477 2997 3542 3050 ".
3577 3018 3595 3048 ι

2024 3082 2292 3151 lntelligis
2348 3081 2515 3151 igitur
2558 3079 2835 3149 quomodo
2878 3080 3072 3149 jubeat
3110 3080 3379 3135 immolari
3405 3099 3602 3152 pecca-

2025 3182 2164 3237 tum,
2204 3174 2309 3227 hoc
2336 3181 2443 3237 est,
2470 3172 2705 3227 hostiam
2752 3188 2855 3243 pro
2877 3174 3147 3243 peccato?
3176 3173 3352 3243 Caper
3379 3190 3510 3245 ergo
3558 3177 3605 3231 is

2025 3273 2144 3321 erat
2183 3265 2240 3318 in
2294 3272 2479 3336 typum
2521 3264 2745 3329 Christi,
2792 3264 2886 3334 qui
2921 3272 3149 3335 propter
3182 3280 3302 3329 nos,
3350 3274 3414 3320 ut
3465 3266 3600 3330 dixi,

2025 3355 2202 3412 factus
2237 3364 2320 3411 est
2349 3365 2656 3426 peccatum.
2713 3374 2732 3406 ι
2757 3356 2907 3410 Ιιιιει·
2952 3356 3171 3425 iniquos
3205 3357 3353 3411 enim
3380 3366 3603 3427 reputa-

2028 3458 2116 3503 tus
2140 3448 2308 3514 est",
2348 3466 2366 3499 ι
2394 3457 2453 3504 et
2480 3462 2591 3501 una
2629 3462 2755 3502 cum
2798 3448 3102 3503 latronibus
3150 3449 3464 3513 cruciﬁxus,
3502 3449 3603 3504 de-

2024 3541 2371 3610 claratusque
2428 3540 2754 3595 maledictus
2796 3538 2855 3593 in
2914 3538 3216 3609 Scriptura.
3275 3540 3367 3596 Ait
3414 3542 3599 3603 enim,

2033 3647 2052 3680 ι
2081 3630 2402 3685 Maledictus
2428 3630 2607 3685 omnis
2634 3629 2729 3700 qui
2757 3626 2963 3699 pendet
3009 3627 3064 3681 in
3115 3628 3265 3698 ligno
3299 3631 3364 3682 '7.
3423 3650 3442 3679 ι
3486 3629 3601 3682 Etsi
3641 3621 3657 3637 °

2025 3729 2206 3774 autem
2235 3721 2475 3791 seipsum
2499 3720 2575 3775 ita
2601 3719 2887 3775 demiserit
2917 3728 3142 3789 propter
3190 3734 3311 3780 nos,
3360 3724 3477 3771 erat
3518 3726 3601 3770 ta—

2025 3824 2152 3862 men
2201 3818 2365 3878 atque
2417 3818 2502 3863 est
2549 3817 2788 3872 sanctus,
2815 3818 2877 3861 et
2904 3806 3125 3876 quidem
3158 3820 3268 3857 non
3298 3805 3599 3858 secundum

2026 3899 2531 3969 participationem,
2570 3898 2742 3953 veluti
2768 3898 2838 3950 ab
2865 3897 2993 3959 alio,
3026 3895 3170 3949 sicut
3192 3909 3293 3947 nos
3318 3911 3332 3957 ;
3355 3894 3448 3948 sed
3473 3910 3600 3949 sua—

2026 4000 2118 4059 pte
2146 3999 2361 4052 natura,
2391 4000 2651 4057 tanquam
2686 3988 2850 4041 Deus.
2882 3986 2988 4041 Per
3030 3985 3209 4053 ipsum
3254 3985 3400 4038 enim
3437 3994 3491 4039 et
3532 3986 3600 4040 ab

2028 4079 2147 4148 ipso
2206 4078 2485 4132 credimus
2526 4077 2836 4130 universam
2887 4073 3218 4129 sanctiﬁcari
3267 4082 3596 4141 creaturam,

2028 4171 2194 4225 etiam
2235 4170 2385 4240 ipsos
2427 4169 2669 4239 angelos,
2698 4177 2793 4222 aut
2831 4168 2877 4223 si
2910 4167 3041 4238 quid
3079 4166 3455 4236 praestantiore
3481 4168 3600 4237 glo-

2029 4263 2111 4316 ria
2155 4263 2227 4317 sit
2271 4261 2580 4332 przeditum,
2622 4260 3063 4329 cminentiusque
3109 4274 3173 4313 ac
3203 4260 3456 4328 superius
3482 4259 3594 4314 sit:

2031 4361 2093 4406 ut
2130 4360 2259 4407 sunt
2302 4352 2507 4405 Throni
2530 4360 2586 4405 et
2620 4350 2988 4420 Principatus.
3013 4351 3127 4405 lmo
3151 4366 3283 4405 vero
3312 4352 3439 4406 licet
3462 4353 3595 4406 mihi

346 4455 530 4516 ταυτὶ,
556 4454 697 4523 πλὴν
724 4454 805 4505 ὅτι
851 4451 1003 4523 παρὰ
1050 4449 1261 4520 Πατρὺς
1302 4449 1367 4502 δι’
1402 4448 1529 4502 Υἰού
1552 4451 1605 4502 ὲν
1631 4448 1924 4519 Πνεύματι.

2028 4442 2235 4497 dixeris
2277 4443 2427 4511 ipsos
2457 4440 2740 4509 Serapbim
2774 4457 2789 4507 ;
2821 4449 3001 4496 tamen
3023 4456 3132 4495 non
3170 4442 3330 4496 aliter
3353 4442 3594 4496 sanctiﬁ-

349 4546 558 4600 Οὐκοῦν
612 4544 715 4598 κᾶν
762 4543 986 4612 γέγονεν
1033 4542 1297 4612 ἁμαρτία,
1337 4540 1641 4611 μεμένηκεν
1670 4541 1806 4610 ὅπερ
1834 4536 1922 4611 ἦν,

348 4640 650 4699 τουτέστιν,
684 4638 837 4704 ἆγιος
881 4635 1022 4689 κατὰ
1053 4634 1214 4704 φύσιν
1255 4633 1330 4695 ὡς
1361 4632 1512 4697 Θεὸς,
1551 4632 1644 4684 καὶ
1683 4651 1700 4681 ι
1724 4632 1824 4683 οὐκ
1862 4633 1926 4684 ἐκ

352 4732 555 4801 μέτρου
587 4729 771 4783 δίδωσι
807 4729 867 4780 τὸ
904 4726 1145 4797 Πνεῦμα,
1172 4745 1191 4776 ι
1232 4724 1372 4777 κατὰ
1405 4723 1504 4792 τὴν
1542 4722 1787 4774 Ἰωάννου
1817 4738 1928 4788 egw-

350 4826 467 4893 νήν.
504 4823 631 4874 Ὅτι
677 4820 857 4874 δὲκαὶ
903 4822 931 4873 6
977 4818 1077 4887 τῆς
1115 4815 1315 4883 σαρκὸς
1362 4812 1526 4867 αὐτοῦ
1567 4813 1794 4873 θάνατος
1840 4813 1926 4863 ἐπ’

349 4915 633 4985 ἀναιρέσει
662 4913 761 4981 τῆς
797 4909 993 4979 σαρκὸς
1019 4904 1277 4975 γεγονὼς,
1314 4905 1465 4972 ἆγιός
1499 4921 1557 4956 τε
1603 4902 1698 4955 καὶ
1725 4901 1926 4971 666611-

332 5005 441 5069 ’λος
460 5002 530 5076 ἦν
580 5004 675 5058 καὶ
723 5002 798 5062 ὡς
841 5004 898 5054 ὲν
936 5000 1090 5065 τάξει
1121 4999 1478 5067 θυμιαμάτων
1532 4994 1932 5065 εύπαράδεκτος

353 5098 432 5166 τῷ
463 5095 583 5167 Θεῷ
614 5095 711 5148 καὶ
741 5094 933 5163 Πατρὶ,
970 5090 1379 5161 διαμεμήνυκεν
1405 5086 1647 5155 ἐναργῶς
1688 5087 1715 5137 6
1748 5085 1928 5154 νόμος,

358 5190 555 5242 εἰπών·
598 5207 617 5239 ι
657 5187 746 5241 Ἐν
776 5185 924 5254 τόπῳ
959 5178 1018 5237 οὗ
1059 5181 1322 5251 σφάζουσι
1369 5178 1437 5233 τὰ
1485 5175 1928 5244 ὁλοκαυτώματα,

362 5280 624 5347 σφάξουσι
674 5277 770 5330 καὶ
814 5279 875 5330 τὸ
931 5277 1059 5346 περὶ
1102 5272 1376 5344 ἁμαρτίας
1431 5270 1607 5322 ἔναντι
1651 5267 1877 5336 Κυρίου.
1904 5282 1923 5315 ι

375 5369 766 5432 ’ϋλοκαύτωσις
800 5368 827 5419 ό
853 5367 1104 5438 Χριστὸς,
1130 5364 1402 5417 τουτέστιν
1423 5361 1539 5423 ὅλος
1573 5358 1632 5422 ἐξ
1659 5359 1802 5421 ὅλου,
1832 5355 1927 5410 καὶ

361 5462 421 5513 οὑ
458 5460 719 5533 μερικῶς,
754 5463 833 5523 εἰς
869 5458 1040 5529 ὀσμὴν
1075 5455 1298 5516 εὐωδίας
1330 5451 1683 5519 ἀνακείμενος
1712 5447 1787 5517 τῷ
1808 5445 1924 5516 Θεῷ

1119 5662 1162 5693 ’³
1195 5659 1236 5713 11
1274 5659 1401 5712 Cor.
1434 5674 1485 5717 γ,
1515 5657 1565 5709 7.

434 5672 476 5699 ³³
524 5667 804 5727 Rom.vm,
835 5666 868 5718 5
892 5680 1042 5733 seqq.
1119 5666 1162 5693 ³³
1197 5666 1236 5713 11
1274 5666 1401 5712 (lor.
1434 5674 1485 5717 γ,
1516 5666 1565 5709 7.
1647 5666 1665 5686 ²

439 5753 505 5782 vn
528 5778 538 5782 _
572 5738 674 5782 Qti:
708 5736 880 5782 Galnt-
930 5752 1012 5782 ιιι-
1052 5733 1129 5782 15.
1210 5733 1252 5759 ’ί
1282 5730 1438 5782 ,1ι›;ξιι.
1477 5744 1561 5782 Ill,
1600 5727 1665 5778 fisi

1352 5763 1438 5779 μη-
1478 5763 1561 5787 III‘
1601 5763 1686 5778 υτ-

365 5753 538 5801 nvtt,
572 5738 675 5790 alti:
708 5736 880 5791 Galat.
930 5752 1013 5797 ιιι,
1052 5733 1129 5784 15.

2026 4542 2242 4597 cantur,
2270 4548 2434 4603 quam
2464 4548 2494 4587 a
2532 4532 2813 4611 Patreger
2840 4533 3035 4586 Filium
3066 4534 3121 4587 in
3157 4534 3362 4602 Spiritu
3383 4542 3592 4587 saneto.

2027 4624 2370 4693 Quapropter
2407 4622 2624 4677 etiamsi
2666 4622 2842 4678 factus
2885 4622 3051 4677 fuerit
3077 4633 3382 4693 peccatum,
3415 4631 3595 4676 tamen

2028 4717 2174 4787 quod
2198 4724 2317 4771 erat
2336 4714 2653 4785 permansit,
2678 4713 2785 4769 hoc
2818 4722 2922 4779 est,
2946 4725 3138 4786 suapte
3164 4726 3357 4770 natura
3378 4723 3598 4768 sanctus

2030 4816 2284 4878 tanquam
2306 4808 2471 4872 Deus,
2501 4807 2589 4861 cui
2616 4816 2673 4863 et
2703 4808 2848 4863 Deus
2873 4808 3034 4862 Pater
3068 4828 3086 4859 ι
3116 4824 3225 4861 non
3254 4823 3320 4860 ex
3345 4821 3595 4859 mensura

2031 4901 2122 4954 dat
2177 4898 2513 4970 Spiritum,»
2571 4900 2726 4970 juxta
2764 4899 2898 4953 illud
2952 4898 3179 4953 Joannis
3222 4897 3475 4965 Baptista:
3528 4894 3592 4948 ⁷⁸⁸.

2029 4989 2183 5055 Quod
2224 5000 2408 5045 autem
2457 5004 2604 5043 mors
2649 4991 2828 5043 carnis
2872 4989 3043 5057 ipsius
3088 4988 3153 5040 ad
3187 4986 3594 5041 demolitionem

2029 5081 2235 5147 peccati
2271 5081 2409 5133 facta
2443 5089 2630 5133 sancta
2653 5080 2725 5134 sit
2750 5095 2813 5133 ac
2840 5078 3064 5141 munda,
3089 5093 3153 5132 ac
3184 5078 3352 5131 veluti
3387 5077 3597 5132 sumtus

2027 5170 2141 5225 Deo
2167 5178 2444 5239 acceptus,
2477 5170 2760 5224 evidenter
2794 5168 3117 5238 signiﬁcavit
3142 5169 3227 5221 lex
3274 5168 3365 5221 ubi
3423 5168 3592 5223 dicit:

2040 5280 2058 5313 ι
2086 5262 2143 5315 1η
2187 5261 2309 5314 loco
2354 5260 2450 5313 ubi
2483 5268 2724 5314 mactant
2746 5260 3147 5322 holocaustum,
3182 5258 3345 5312 etiam
3366 5258 3471 5311 hoc
3499 5274 3597 5326 pro

2030 5358 2255 5422 peccato
2288 5352 2603 5405 mactabunt
2623 5365 2803 5403 coram
2838 5349 3066 5402 Domino
3091 5351 3156 5404 ’9.
3190 5370 3208 5401 ι
3237 5349 3489 5404 Christus
3515 5357 3593 5401 est

2031 5443 2429 5507 holocaustum,
2470 5441 2572 5494 hoc
2608 5447 2711 5502 est,
2756 5448 2902 5494 totus
2931 5456 2998 5493 ex
3025 5448 3159 5504 toto,
3190 5456 3300 5494 non
3323 5456 3390 5494 ex
3421 5446 3593 5508 parte,

1647 5656 1690 5686 ²¹⁵
1723 5657 1740 5709 1
1779 5655 1903 5707 Cor.

2034 5649 2123 5701 ‘25.
2200 5649 2242 5678 ’³
2276 5646 2446 5702 LcVit.
2481 5661 2560 5707 γι,
2596 5643 2782 5697 25-50.
2862 5645 2903 5673 "‘
2935 5643 3034 5696 lsa.
3073 5659 3190 5710 LIII,
3231 5642 3314 5696 i9...
3358 5643 3399 5673 "
3434 5640 3595 5696 Deut.

1769 5727 1811 5756 ²⁹
1848 5722 2023 5776 Levit.
2057 5736 2138 5783 ιἰ,
2165 5718 2253 5785 25..
3181 5725 3210 5736 ⁸·
