  <div class='ocr_page' id='page_1' title='image "/cluster/home/n/w/nwhite01/storage/ocr_20150623/69/mdp.39015078384446/283.png"; bbox 0 0 4094 6282; ppageno 0'>
   <div class='ocr_carea' id='block_1_1' title="bbox 473 310 568 365">
    <p class='ocr_par' dir='ltr' id='par_1_1' title="bbox 473 310 568 365">
     <span class='ocr_line' id='line_1_1' title="bbox 473 310 568 365; baseline -0.032 0"><span class='ocrx_word' id='word_1_1' title='bbox 473 310 568 365; x_wconf 72' lang='lat' dir='ltr'><strong>5M</strong></span> 
     </span>
    </p>
   </div>
   <div class='ocr_carea' id='block_1_2' title="bbox 1478 285 2699 353">
    <p class='ocr_par' dir='ltr' id='par_1_2' title="bbox 1478 285 2699 353">
     <span class='ocr_line' id='line_1_2' title="bbox 1478 285 2699 353; baseline -0.01 0"><span class='ocrx_word' id='word_1_2' title='bbox 1478 296 1535 353; x_wconf 73' lang='grc' dir='ltr'>Β.</span> <span class='ocrx_word' id='word_1_3' title='bbox 1571 294 1845 352; x_wconf 74' lang='lat' dir='ltr'><strong>CYI’JLLI</strong></span> <span class='ocrx_word' id='word_1_4' title='bbox 1883 285 2351 349; x_wconf 74' lang='lat' dir='ltr'><strong>ALEXANDRINI</strong></span> <span class='ocrx_word' id='word_1_5' title='bbox 2381 287 2699 344; x_wconf 79' lang='lat' dir='ltr'><strong>ARCHIEP.</strong></span> 
     </span>
    </p>
   </div>
   <div class='ocr_carea' id='block_1_3' title="bbox 3626 279 3729 335">
    <p class='ocr_par' dir='ltr' id='par_1_3' title="bbox 3626 279 3729 335">
     <span class='ocr_line' id='line_1_3' title="bbox 3626 279 3729 335; baseline -0.01 0"><span class='ocrx_word' id='word_1_6' title='bbox 3626 279 3729 335; x_wconf 73' lang='grc' dir='ltr'><strong>εεε</strong></span> 
     </span>
    </p>
   </div>
   <div class='ocr_carea' id='block_1_4' title="bbox 473 398 2071 479">
    <p class='ocr_par' dir='ltr' id='par_1_4' title="bbox 473 409 2050 479">
     <span class='ocr_line' id='line_1_4' title="bbox 473 409 2050 479; baseline -0.011 0"><span class='ocrx_word' id='word_1_7' title='bbox 473 424 706 479; x_wconf 77' lang='lat' dir='ltr'><strong>offertur</strong></span> <span class='ocrx_word' id='word_1_8' title='bbox 742 422 854 477; x_wconf 87' lang='lat' dir='ltr'><strong>Deo</strong></span> <span class='ocrx_word' id='word_1_9' title='bbox 904 434 967 473; x_wconf 86' lang='lat' dir='ltr'><strong>ac</strong></span> <span class='ocrx_word' id='word_1_10' title='bbox 991 416 1139 472; x_wconf 86' lang='lat' dir='ltr'><strong>Patri</strong></span> <span class='ocrx_word' id='word_1_11' title='bbox 1165 414 1221 469; x_wconf 90' lang='lat' dir='ltr'><strong>in</strong></span> <span class='ocrx_word' id='word_1_12' title='bbox 1245 414 1471 470; x_wconf 87' lang='lat' dir='ltr'><strong>odorem</strong></span> <span class='ocrx_word' id='word_1_13' title='bbox 1502 411 1810 468; x_wconf 76' lang='lat' dir='ltr'><strong>suavitatis.</strong></span> <span class='ocrx_word' id='word_1_14' title='bbox 1839 409 2050 465; x_wconf 91' lang='lat' dir='ltr'><strong>Idci‘rco</strong></span> 
     </span>
    </p>
   </div>
   <div class='ocr_carea' id='block_1_5' title="bbox 2170 398 3728 479">
    <p class='ocr_par' dir='ltr' id='par_1_5' title="bbox 2170 398 3728 477">
     <span class='ocr_line' id='line_1_5' title="bbox 2170 398 3728 477; baseline -0.004 -18"><span class='ocrx_word' id='word_1_15' title='bbox 2170 407 2245 459; x_wconf 75' lang='lat' dir='ltr'><strong>cal</strong></span> <span class='ocrx_word' id='word_1_16' title='bbox 2271 405 2750 477; x_wconf 81' lang='grc' dir='ltr'>Πατρί.Ταύτῃτοι</span> <span class='ocrx_word' id='word_1_17' title='bbox 2794 401 2885 455; x_wconf 69' lang='grc' dir='ltr'>καὶ</span> <span class='ocrx_word' id='word_1_18' title='bbox 2914 401 3127 472; x_wconf 77' lang='grc' dir='ltr'>ἀληθῶς</span> <span class='ocrx_word' id='word_1_19' title='bbox 3151 398 3340 470; x_wconf 80' lang='grc' dir='ltr'>Ἀγιος</span> <span class='ocrx_word' id='word_1_20' title='bbox 3361 399 3531 468; x_wconf 87' lang='grc' dir='ltr'>ἁγίων</span> <span class='ocrx_word' id='word_1_21' title='bbox 3558 400 3728 453; x_wconf 68' lang='grc' dir='ltr'>ἐστίν.</span> 
     </span>
    </p>
   </div>
   <div class='ocr_carea' id='block_1_6' title="bbox 475 503 2049 571">
    <p class='ocr_par' dir='ltr' id='par_1_6' title="bbox 475 503 2049 571">
     <span class='ocr_line' id='line_1_6' title="bbox 475 503 2049 571; baseline -0.008 0"><span class='ocrx_word' id='word_1_22' title='bbox 475 516 639 571; x_wconf 85' lang='lat' dir='ltr'><strong>etiam</strong></span> <span class='ocrx_word' id='word_1_23' title='bbox 680 527 869 569; x_wconf 82' lang='lat' dir='ltr'><strong>revera</strong></span> <span class='ocrx_word' id='word_1_24' title='bbox 912 518 997 565; x_wconf 89' lang='lat' dir='ltr'><strong>est</strong></span> <span class='ocrx_word' id='word_1_25' title='bbox 1035 508 1270 563; x_wconf 89' lang='lat' dir='ltr'><strong>Sanctus</strong></span> <span class='ocrx_word' id='word_1_26' title='bbox 1324 514 1660 562; x_wconf 80' lang='lat' dir='ltr'><strong>sanctorum.</strong></span> <span class='ocrx_word' id='word_1_27' title='bbox 1713 503 2049 560; x_wconf 89' lang='lat' dir='ltr'><strong>Sanctiﬁcati</strong></span> 
     </span>
    </p>
   </div>
   <div class='ocr_carea' id='block_1_7' title="bbox 475 596 2053 670">
    <p class='ocr_par' dir='ltr' id='par_1_7' title="bbox 475 596 2053 670">
     <span class='ocr_line' id='line_1_7' title="bbox 475 596 2053 670; baseline -0.008 -9"><span class='ocrx_word' id='word_1_28' title='bbox 475 607 621 661; x_wconf 91' lang='lat' dir='ltr'><strong>cnim</strong></span> <span class='ocrx_word' id='word_1_29' title='bbox 667 618 858 659; x_wconf 89' lang='lat' dir='ltr'><strong>sumus</strong></span> <span class='ocrx_word' id='word_1_30' title='bbox 909 600 966 655; x_wconf 91' lang='lat' dir='ltr'><strong>in</strong></span> <span class='ocrx_word' id='word_1_31' title='bbox 999 602 1120 670; x_wconf 90' lang='lat' dir='ltr'><strong>ipso</strong></span> <span class='ocrx_word' id='word_1_32' title='bbox 1148 600 1234 666; x_wconf 81' lang='grc'><strong>³⁰;</strong></span> <span class='ocrx_word' id='word_1_33' title='bbox 1269 599 1496 670; x_wconf 86' lang='lat' dir='ltr'><strong>ipseque</strong></span> <span class='ocrx_word' id='word_1_34' title='bbox 1518 606 1770 652; x_wconf 90' lang='lat' dir='ltr'><strong>nostrum</strong></span> <span class='ocrx_word' id='word_1_35' title='bbox 1794 596 2053 651; x_wconf 87' lang='lat' dir='ltr'><strong>universa</strong></span> 
     </span>
    </p>
   </div>
   <div class='ocr_carea' id='block_1_8' title="bbox 476 686 2053 765">
    <p class='ocr_par' dir='ltr' id='par_1_8' title="bbox 476 686 2053 765">
     <span class='ocr_line' id='line_1_8' title="bbox 476 686 2053 765; baseline -0.006 -16"><span class='ocrx_word' id='word_1_36' title='bbox 476 692 792 765; x_wconf 83' lang='lat' dir='ltr'><strong>iustiﬁcatio</strong></span> <span class='ocrx_word' id='word_1_37' title='bbox 830 700 934 755; x_wconf 85' lang='lat' dir='ltr'><strong>est,</strong></span> <span class='ocrx_word' id='word_1_38' title='bbox 979 689 1152 760; x_wconf 79' lang='lat' dir='ltr'><strong>magis</strong></span> <span class='ocrx_word' id='word_1_39' title='bbox 1176 704 1309 744; x_wconf 91' lang='lat' dir='ltr'><strong>vero</strong></span> <span class='ocrx_word' id='word_1_40' title='bbox 1345 688 1511 743; x_wconf 86' lang='lat' dir='ltr'><strong>etiam</strong></span> <span class='ocrx_word' id='word_1_41' title='bbox 1539 701 1902 758; x_wconf 83' lang='lat' dir='ltr'><strong>supernorum</strong></span> <span class='ocrx_word' id='word_1_42' title='bbox 1939 686 2053 756; x_wconf 85' lang='lat' dir='ltr'><strong>spi-</strong></span> 
     </span>
    </p>
   </div>
   <div class='ocr_carea' id='block_1_9' title="bbox 477 780 2053 850">
    <p class='ocr_par' dir='ltr' id='par_1_9' title="bbox 477 780 2053 850">
     <span class='ocr_line' id='line_1_9' title="bbox 477 780 2053 850; baseline -0.004 -12"><span class='ocrx_word' id='word_1_43' title='bbox 477 785 680 839; x_wconf 82' lang='lat' dir='ltr'><strong>rituum</strong></span> <span class='ocrx_word' id='word_1_44' title='bbox 710 782 993 847; x_wconf 86' lang='lat' dir='ltr'><strong>sanctitas,</strong></span> <span class='ocrx_word' id='word_1_45' title='bbox 1025 782 1169 836; x_wconf 92' lang='lat' dir='ltr'><strong>sicut</strong></span> <span class='ocrx_word' id='word_1_46' title='bbox 1199 782 1311 850; x_wconf 89' lang='lat' dir='ltr'><strong>jam</strong></span> <span class='ocrx_word' id='word_1_47' title='bbox 1338 780 1472 835; x_wconf 78' lang='lat' dir='ltr'><strong>dixi.</strong></span> <span class='ocrx_word' id='word_1_48' title='bbox 1494 781 1764 835; x_wconf 82' lang='lat' dir='ltr'><strong>Praeterea</strong></span> <span class='ocrx_word' id='word_1_49' title='bbox 1817 797 1835 829; x_wconf 80' lang='grc' dir='ltr'><strong>ι</strong></span> <span class='ocrx_word' id='word_1_50' title='bbox 1867 794 2053 833; x_wconf 90' lang='lat' dir='ltr'><strong>sacer-</strong></span> 
     </span>
    </p>
   </div>
   <div class='ocr_carea' id='block_1_10' title="bbox 474 870 2055 942">
    <p class='ocr_par' dir='ltr' id='par_1_10' title="bbox 474 870 2055 942">
     <span class='ocr_line' id='line_1_10' title="bbox 474 870 2055 942; baseline -0.001 -16"><span class='ocrx_word' id='word_1_51' title='bbox 474 871 596 938; x_wconf 87' lang='lat' dir='ltr'><strong>dos,</strong></span> <span class='ocrx_word' id='word_1_52' title='bbox 624 878 721 936; x_wconf 89' lang='lat' dir='ltr'><strong>ait,</strong></span> <span class='ocrx_word' id='word_1_53' title='bbox 757 870 854 942; x_wconf 86' lang='lat' dir='ltr'><strong>qui</strong></span> <span class='ocrx_word' id='word_1_54' title='bbox 879 871 1043 927; x_wconf 84' lang='lat' dir='ltr'><strong>offert</strong></span> <span class='ocrx_word' id='word_1_55' title='bbox 1068 886 1211 936; x_wconf 90' lang='lat' dir='ltr'><strong>eam,</strong></span> <span class='ocrx_word' id='word_1_56' title='bbox 1242 870 1492 926; x_wconf 90' lang='lat' dir='ltr'><strong>comedet</strong></span> <span class='ocrx_word' id='word_1_57' title='bbox 1514 886 1634 925; x_wconf 92' lang='lat' dir='ltr'><strong>eam</strong></span> <span class='ocrx_word' id='word_1_58' title='bbox 1663 871 1727 923; x_wconf 76' lang='lat'><strong>&quot;.</strong></span> <span class='ocrx_word' id='word_1_59' title='bbox 1761 889 1779 921; x_wconf 75' lang='grc' dir='ltr'><strong>ι</strong></span> <span class='ocrx_word' id='word_1_60' title='bbox 1807 870 1907 925; x_wconf 84' lang='lat' dir='ltr'><strong>Hic</strong></span> <span class='ocrx_word' id='word_1_61' title='bbox 1932 887 2055 924; x_wconf 87' lang='lat' dir='ltr'><strong>rur-</strong></span> 
     </span>
    </p>
   </div>
   <div class='ocr_carea' id='block_1_11' title="bbox 475 961 2055 1033">
    <p class='ocr_par' dir='ltr' id='par_1_11' title="bbox 475 961 2055 1033">
     <span class='ocr_line' id='line_1_11' title="bbox 475 961 2055 1033; baseline -0.003 -14"><span class='ocrx_word' id='word_1_62' title='bbox 475 979 573 1020; x_wconf 84' lang='lat' dir='ltr'><strong>sus</strong></span> <span class='ocrx_word' id='word_1_63' title='bbox 610 964 845 1018; x_wconf 84' lang='lat' dir='ltr'><strong>observa</strong></span> <span class='ocrx_word' id='word_1_64' title='bbox 877 963 1026 1033; x_wconf 91' lang='lat' dir='ltr'><strong>quod</strong></span> <span class='ocrx_word' id='word_1_65' title='bbox 1054 964 1109 1016; x_wconf 89' lang='lat' dir='ltr'><strong>in</strong></span> <span class='ocrx_word' id='word_1_66' title='bbox 1138 963 1397 1017; x_wconf 89' lang='lat' dir='ltr'><strong>omnibus</strong></span> <span class='ocrx_word' id='word_1_67' title='bbox 1423 963 1590 1017; x_wconf 85' lang='lat' dir='ltr'><strong>rebus</strong></span> <span class='ocrx_word' id='word_1_68' title='bbox 1630 961 1855 1033; x_wconf 85' lang='lat' dir='ltr'><strong>agendis</strong></span> <span class='ocrx_word' id='word_1_69' title='bbox 1877 962 2055 1016; x_wconf 88' lang='lat' dir='ltr'><strong>eccle-</strong></span> 
     </span>
    </p>
   </div>
   <div class='ocr_carea' id='block_1_12' title="bbox 477 1052 2056 1124">
    <p class='ocr_par' dir='ltr' id='par_1_12' title="bbox 477 1052 2056 1124">
     <span class='ocr_line' id='line_1_12' title="bbox 477 1052 2056 1124; baseline -0.002 -14"><span class='ocrx_word' id='word_1_70' title='bbox 477 1055 558 1110; x_wconf 89' lang='lat' dir='ltr'><strong>sia</strong></span> <span class='ocrx_word' id='word_1_71' title='bbox 610 1054 783 1110; x_wconf 88' lang='lat' dir='ltr'><strong>sacris</strong></span> <span class='ocrx_word' id='word_1_72' title='bbox 826 1064 883 1109; x_wconf 89' lang='lat' dir='ltr'><strong>et</strong></span> <span class='ocrx_word' id='word_1_73' title='bbox 920 1054 1122 1109; x_wconf 87' lang='lat' dir='ltr'><strong>divinis</strong></span> <span class='ocrx_word' id='word_1_74' title='bbox 1166 1052 1455 1124; x_wconf 71' lang='lat' dir='ltr'><strong>praeceptis</strong></span> <span class='ocrx_word' id='word_1_75' title='bbox 1507 1052 1864 1122; x_wconf 80' lang='lat' dir='ltr'><strong>gubernatur.</strong></span> <span class='ocrx_word' id='word_1_76' title='bbox 1903 1052 2056 1107; x_wconf 92' lang='lat' dir='ltr'><strong>Illius</strong></span> 
     </span>
    </p>
   </div>
   <div class='ocr_carea' id='block_1_13' title="bbox 478 1144 2053 1217">
    <p class='ocr_par' dir='ltr' id='par_1_13' title="bbox 478 1144 2053 1217">
     <span class='ocr_line' id='line_1_13' title="bbox 478 1144 2053 1217; baseline -0.003 -15"><span class='ocrx_word' id='word_1_77' title='bbox 478 1148 646 1212; x_wconf 90' lang='lat' dir='ltr'><strong>enim,</strong></span> <span class='ocrx_word' id='word_1_78' title='bbox 684 1146 779 1217; x_wconf 92' lang='lat' dir='ltr'><strong>qui</strong></span> <span class='ocrx_word' id='word_1_79' title='bbox 808 1147 971 1201; x_wconf 78' lang='lat' dir='ltr'><strong>oﬁ‘ert</strong></span> <span class='ocrx_word' id='word_1_80' title='bbox 993 1146 1251 1211; x_wconf 84' lang='lat' dir='ltr'><strong>hostiam,</strong></span> <span class='ocrx_word' id='word_1_81' title='bbox 1276 1146 1414 1199; x_wconf 91' lang='lat' dir='ltr'><strong>ﬁunt</strong></span> <span class='ocrx_word' id='word_1_82' title='bbox 1437 1160 1503 1199; x_wconf 89' lang='lat' dir='ltr'><strong>ea</strong></span> <span class='ocrx_word' id='word_1_83' title='bbox 1527 1156 1649 1214; x_wconf 69' lang='lat' dir='ltr'><strong>quae</strong></span> <span class='ocrx_word' id='word_1_84' title='bbox 1675 1159 1742 1199; x_wconf 85' lang='lat' dir='ltr'><strong>ex</strong></span> <span class='ocrx_word' id='word_1_85' title='bbox 1768 1144 1884 1213; x_wconf 89' lang='lat' dir='ltr'><strong>ipsa</strong></span> <span class='ocrx_word' id='word_1_86' title='bbox 1905 1152 2053 1198; x_wconf 91' lang='lat' dir='ltr'><strong>sunt.</strong></span> 
     </span>
    </p>
   </div>
   <div class='ocr_carea' id='block_1_14' title="bbox 481 1234 2059 1307">
    <p class='ocr_par' dir='ltr' id='par_1_14' title="bbox 481 1234 2059 1307">
     <span class='ocr_line' id='line_1_14' title="bbox 481 1234 2059 1307; baseline -0.004 -14"><span class='ocrx_word' id='word_1_87' title='bbox 481 1238 644 1294; x_wconf 84' lang='lat' dir='ltr'><strong>Novit</strong></span> <span class='ocrx_word' id='word_1_88' title='bbox 685 1246 867 1292; x_wconf 88' lang='lat' dir='ltr'><strong>autem</strong></span> <span class='ocrx_word' id='word_1_89' title='bbox 915 1238 1058 1307; x_wconf 92' lang='lat' dir='ltr'><strong>quod</strong></span> <span class='ocrx_word' id='word_1_90' title='bbox 1094 1238 1219 1291; x_wconf 91' lang='lat' dir='ltr'><strong>dico</strong></span> <span class='ocrx_word' id='word_1_91' title='bbox 1246 1236 1403 1306; x_wconf 82' lang='lat'><strong>351</strong></span> <span class='ocrx_word' id='word_1_92' title='bbox 1434 1236 1615 1290; x_wconf 90' lang='lat' dir='ltr'><strong>omnis</strong></span> <span class='ocrx_word' id='word_1_93' title='bbox 1651 1234 1746 1305; x_wconf 90' lang='lat' dir='ltr'><strong>qui</strong></span> <span class='ocrx_word' id='word_1_94' title='bbox 1772 1235 1983 1305; x_wconf 84' lang='lat' dir='ltr'><strong>legibus</strong></span> <span class='ocrx_word' id='word_1_95' title='bbox 2002 1241 2059 1288; x_wconf 91' lang='lat' dir='ltr'><strong>et</strong></span> 
     </span>
    </p>
   </div>
   <div class='ocr_carea' id='block_1_15' title="bbox 481 1316 2059 1394">
    <p class='ocr_par' dir='ltr' id='par_1_15' title="bbox 481 1316 2059 1394">
     <span class='ocr_line' id='line_1_15' title="bbox 481 1316 2059 1394; baseline -0.001 -11"><span class='ocrx_word' id='word_1_96' title='bbox 481 1329 752 1383; x_wconf 86' lang='lat' dir='ltr'><strong>institutis</strong></span> <span class='ocrx_word' id='word_1_97' title='bbox 782 1327 1040 1382; x_wconf 69' lang='lat' dir='ltr'><strong>Ecclesia:</strong></span> <span class='ocrx_word' id='word_1_98' title='bbox 1070 1334 1155 1382; x_wconf 86' lang='lat' dir='ltr'><strong>est</strong></span> <span class='ocrx_word' id='word_1_99' title='bbox 1207 1328 1502 1382; x_wconf 86' lang='lat' dir='ltr'><strong>enutritus.</strong></span> <span class='ocrx_word' id='word_1_100' title='bbox 1538 1316 1694 1394; x_wconf 80' lang='lat' dir='ltr'><strong>Quod</strong></span> <span class='ocrx_word' id='word_1_101' title='bbox 1725 1342 1859 1382; x_wconf 89' lang='lat' dir='ltr'><strong>vero</strong></span> <span class='ocrx_word' id='word_1_102' title='bbox 1886 1329 2059 1382; x_wconf 89' lang='lat' dir='ltr'><strong>eccle-</strong></span> 
     </span>
    </p>
   </div>
   <div class='ocr_carea' id='block_1_16' title="bbox 480 1416 2060 1473">
    <p class='ocr_par' dir='ltr' id='par_1_16' title="bbox 480 1416 2060 1473">
     <span class='ocr_line' id='line_1_16' title="bbox 480 1416 2060 1473; baseline 0.002 -3"><span class='ocrx_word' id='word_1_103' title='bbox 480 1418 561 1471; x_wconf 89' lang='lat' dir='ltr'><strong>sia</strong></span> <span class='ocrx_word' id='word_1_104' title='bbox 607 1417 702 1471; x_wconf 86' lang='lat' dir='ltr'><strong>Dei</strong></span> <span class='ocrx_word' id='word_1_105' title='bbox 750 1417 822 1471; x_wconf 85' lang='lat' dir='ltr'><strong>sit</strong></span> <span class='ocrx_word' id='word_1_106' title='bbox 865 1418 1020 1471; x_wconf 89' lang='lat' dir='ltr'><strong>locus</strong></span> <span class='ocrx_word' id='word_1_107' title='bbox 1061 1417 1263 1471; x_wconf 89' lang='lat' dir='ltr'><strong>divinis</strong></span> <span class='ocrx_word' id='word_1_108' title='bbox 1292 1416 1576 1471; x_wconf 89' lang='lat' dir='ltr'><strong>sacriﬁciis</strong></span> <span class='ocrx_word' id='word_1_109' title='bbox 1611 1417 2060 1473; x_wconf 88' lang='lat' dir='ltr'><strong>convenientissi—</strong></span> 
     </span>
    </p>
   </div>
   <div class='ocr_carea' id='block_1_17' title="bbox 481 1506 2060 1579">
    <p class='ocr_par' dir='ltr' id='par_1_17' title="bbox 481 1506 2060 1579">
     <span class='ocr_line' id='line_1_17' title="bbox 481 1506 2060 1579; baseline 0.001 -19"><span class='ocrx_word' id='word_1_110' title='bbox 481 1521 624 1570; x_wconf 89' lang='lat' dir='ltr'><strong>mus.</strong></span> <span class='ocrx_word' id='word_1_111' title='bbox 654 1507 911 1577; x_wconf 86' lang='lat' dir='ltr'><strong>quodque</strong></span> <span class='ocrx_word' id='word_1_112' title='bbox 936 1508 993 1561; x_wconf 91' lang='lat' dir='ltr'><strong>in</strong></span> <span class='ocrx_word' id='word_1_113' title='bbox 1027 1508 1143 1578; x_wconf 88' lang='lat' dir='ltr'><strong>ipsa</strong></span> <span class='ocrx_word' id='word_1_114' title='bbox 1173 1506 1380 1562; x_wconf 90' lang='lat' dir='ltr'><strong>Christi</strong></span> <span class='ocrx_word' id='word_1_115' title='bbox 1407 1507 1726 1579; x_wconf 82' lang='lat' dir='ltr'><strong>mysterium</strong></span> <span class='ocrx_word' id='word_1_116' title='bbox 1751 1509 2060 1564; x_wconf 84' lang='lat' dir='ltr'><strong>necessario</strong></span> 
     </span>
    </p>
   </div>
   <div class='ocr_carea' id='block_1_18' title="bbox 482 1599 2061 1671">
    <p class='ocr_par' dir='ltr' id='par_1_18' title="bbox 482 1599 2061 1671">
     <span class='ocr_line' id='line_1_18' title="bbox 482 1599 2061 1671; baseline 0 -16"><span class='ocrx_word' id='word_1_117' title='bbox 482 1609 794 1671; x_wconf 75' lang='lat' dir='ltr'><strong>peragatur,</strong></span> <span class='ocrx_word' id='word_1_118' title='bbox 851 1600 1192 1655; x_wconf 87' lang='lat' dir='ltr'><strong>ostenderint</strong></span> <span class='ocrx_word' id='word_1_119' title='bbox 1239 1599 1384 1653; x_wconf 84' lang='lat' dir='ltr'><strong>haud</strong></span> <span class='ocrx_word' id='word_1_120' title='bbox 1418 1599 1653 1655; x_wconf 89' lang='lat' dir='ltr'><strong>obscure</strong></span> <span class='ocrx_word' id='word_1_121' title='bbox 1676 1615 1740 1654; x_wconf 91' lang='lat' dir='ltr'><strong>ea</strong></span> <span class='ocrx_word' id='word_1_122' title='bbox 1769 1600 1837 1655; x_wconf 92' lang='lat' dir='ltr'><strong>de</strong></span> <span class='ocrx_word' id='word_1_123' title='bbox 1859 1600 2061 1671; x_wconf 87' lang='lat' dir='ltr'><strong>quibus</strong></span> 
     </span>
    </p>
   </div>
   <div class='ocr_carea' id='block_1_19' title="bbox 481 1674 2059 1761">
    <p class='ocr_par' dir='ltr' id='par_1_19' title="bbox 481 1674 2059 1761">
     <span class='ocr_line' id='line_1_19' title="bbox 481 1674 2059 1761; baseline 0.002 -16"><span class='ocrx_word' id='word_1_124' title='bbox 481 1691 615 1756; x_wconf 81' lang='lat' dir='ltr'><strong>dixi,</strong></span> <span class='ocrx_word' id='word_1_125' title='bbox 665 1692 829 1747; x_wconf 92' lang='lat' dir='ltr'><strong>modo</strong></span> <span class='ocrx_word' id='word_1_126' title='bbox 867 1678 993 1761; x_wconf 83' lang='lat' dir='ltr'><strong>quis</strong></span> <span class='ocrx_word' id='word_1_127' title='bbox 1015 1692 1258 1746; x_wconf 87' lang='lat' dir='ltr'><strong>animum</strong></span> <span class='ocrx_word' id='word_1_128' title='bbox 1285 1690 1555 1757; x_wconf 85' lang='lat' dir='ltr'><strong>advertat,</strong></span> <span class='ocrx_word' id='word_1_129' title='bbox 1592 1711 1611 1743; x_wconf 86' lang='grc'><strong><em>‹</em></strong></span> <span class='ocrx_word' id='word_1_130' title='bbox 1642 1692 1699 1746; x_wconf 91' lang='lat' dir='ltr'><strong>in</strong></span> <span class='ocrx_word' id='word_1_131' title='bbox 1722 1674 1843 1748; x_wconf 74' lang='lat' dir='ltr'><strong>loco</strong></span> <span class='ocrx_word' id='word_1_132' title='bbox 1871 1702 2059 1748; x_wconf 89' lang='lat' dir='ltr'><strong>sancto</strong></span> 
     </span>
    </p>
   </div>
   <div class='ocr_carea' id='block_1_20' title="bbox 481 1754 2133 1840">
    <p class='ocr_par' dir='ltr' id='par_1_20' title="bbox 481 1754 2133 1840">
     <span class='ocr_line' id='line_1_20' title="bbox 481 1754 2133 1840; baseline 0.002 -3"><span class='ocrx_word' id='word_1_133' title='bbox 481 1754 679 1837; x_wconf 84' lang='lat' dir='ltr'><strong>edetur</strong></span> <span class='ocrx_word' id='word_1_134' title='bbox 701 1782 757 1836; x_wconf 92' lang='lat' dir='ltr'><strong>in</strong></span> <span class='ocrx_word' id='word_1_135' title='bbox 782 1754 922 1837; x_wconf 78' lang='lat' dir='ltr'><strong>atrio</strong></span> <span class='ocrx_word' id='word_1_136' title='bbox 957 1782 1301 1837; x_wconf 83' lang='lat' dir='ltr'><strong>tabernaculi</strong></span> <span class='ocrx_word' id='word_1_137' title='bbox 1332 1754 1632 1839; x_wconf 85' lang='lat' dir='ltr'><strong>testimonii</strong></span> <span class='ocrx_word' id='word_1_138' title='bbox 1655 1784 1724 1839; x_wconf 82' lang='grc'><strong>²’.</strong></span> <span class='ocrx_word' id='word_1_139' title='bbox 1754 1803 1773 1837; x_wconf 75' lang='grc' dir='ltr'><strong>ι</strong></span> <span class='ocrx_word' id='word_1_140' title='bbox 1812 1784 1918 1839; x_wconf 85' lang='lat' dir='ltr'><strong>Sed</strong></span> <span class='ocrx_word' id='word_1_141' title='bbox 1943 1793 2061 1840; x_wconf 89' lang='lat' dir='ltr'><strong>erat</strong></span> <span class='ocrx_word' id='word_1_142' title='bbox 2094 1754 2133 1808; x_wconf 72' lang='grc' dir='ltr'><strong>Β</strong></span> 
     </span>
    </p>
   </div>
   <div class='ocr_carea' id='block_1_21' title="bbox 484 1872 2059 1946">
    <p class='ocr_par' dir='ltr' id='par_1_21' title="bbox 484 1872 2059 1946">
     <span class='ocr_line' id='line_1_21' title="bbox 484 1872 2059 1946; baseline 0.002 -20"><span class='ocrx_word' id='word_1_143' title='bbox 484 1872 541 1926; x_wconf 92' lang='lat' dir='ltr'><strong>in</strong></span> <span class='ocrx_word' id='word_1_144' title='bbox 572 1880 821 1941; x_wconf 88' lang='lat' dir='ltr'><strong>tempore</strong></span> <span class='ocrx_word' id='word_1_145' title='bbox 868 1872 963 1926; x_wconf 93' lang='lat' dir='ltr'><strong>illo</strong></span> <span class='ocrx_word' id='word_1_146' title='bbox 998 1888 1169 1927; x_wconf 91' lang='lat' dir='ltr'><strong>unum</strong></span> <span class='ocrx_word' id='word_1_147' title='bbox 1204 1873 1617 1929; x_wconf 84' lang='lat' dir='ltr'><strong>tabernaculum</strong></span> <span class='ocrx_word' id='word_1_148' title='bbox 1636 1891 1736 1946; x_wconf 92' lang='lat' dir='ltr'><strong>per</strong></span> <span class='ocrx_word' id='word_1_149' title='bbox 1758 1875 2059 1941; x_wconf 90' lang='lat' dir='ltr'><strong>desertum,</strong></span> 
     </span>
    </p>
   </div>
   <div class='ocr_carea' id='block_1_22' title="bbox 484 1962 2060 2038">
    <p class='ocr_par' dir='ltr' id='par_1_22' title="bbox 484 1962 2060 2038">
     <span class='ocr_line' id='line_1_22' title="bbox 484 1962 2060 2038; baseline 0.003 -21"><span class='ocrx_word' id='word_1_150' title='bbox 484 1969 539 2017; x_wconf 87' lang='lat' dir='ltr'><strong>et</strong></span> <span class='ocrx_word' id='word_1_151' title='bbox 581 1969 707 2031; x_wconf 90' lang='lat' dir='ltr'><strong>post</strong></span> <span class='ocrx_word' id='word_1_152' title='bbox 736 1962 844 2017; x_wconf 91' lang='lat' dir='ltr'><strong>hoc</strong></span> <span class='ocrx_word' id='word_1_153' title='bbox 893 1962 1060 2017; x_wconf 88' lang='lat' dir='ltr'><strong>etiam</strong></span> <span class='ocrx_word' id='word_1_154' title='bbox 1109 1979 1279 2018; x_wconf 90' lang='lat' dir='ltr'><strong>unum</strong></span> <span class='ocrx_word' id='word_1_155' title='bbox 1330 1965 1596 2035; x_wconf 85' lang='lat' dir='ltr'><strong>templum</strong></span> <span class='ocrx_word' id='word_1_156' title='bbox 1650 1964 2060 2038; x_wconf 80' lang='lat' dir='ltr'><strong>Hierosolymis,</strong></span> 
     </span>
    </p>
   </div>
   <div class='ocr_carea' id='block_1_23' title="bbox 483 2053 2065 2129">
    <p class='ocr_par' dir='ltr' id='par_1_23' title="bbox 483 2053 2065 2129">
     <span class='ocr_line' id='line_1_23' title="bbox 483 2053 2065 2129; baseline 0.003 -19"><span class='ocrx_word' id='word_1_157' title='bbox 483 2054 632 2126; x_wconf 88' lang='lat' dir='ltr'><strong>quod</strong></span> <span class='ocrx_word' id='word_1_158' title='bbox 677 2062 735 2110; x_wconf 90' lang='lat' dir='ltr'><strong>et</strong></span> <span class='ocrx_word' id='word_1_159' title='bbox 791 2053 1049 2111; x_wconf 90' lang='lat' dir='ltr'><strong>Salomon</strong></span> <span class='ocrx_word' id='word_1_160' title='bbox 1095 2055 1406 2112; x_wconf 82' lang='lat' dir='ltr'><strong>aediﬁcavit.</strong></span> <span class='ocrx_word' id='word_1_161' title='bbox 1454 2057 1524 2112; x_wconf 89' lang='lat' dir='ltr'><strong>Et</strong></span> <span class='ocrx_word' id='word_1_162' title='bbox 1562 2057 1785 2128; x_wconf 86' lang='lat' dir='ltr'><strong>quidem</strong></span> <span class='ocrx_word' id='word_1_163' title='bbox 1833 2058 2065 2129; x_wconf 85' lang='lat' dir='ltr'><strong>capitale</strong></span> 
     </span>
    </p>
   </div>
   <div class='ocr_carea' id='block_1_24' title="bbox 486 2146 2063 2217">
    <p class='ocr_par' dir='ltr' id='par_1_24' title="bbox 486 2146 2063 2217">
     <span class='ocr_line' id='line_1_24' title="bbox 486 2146 2063 2217; baseline 0.001 -16"><span class='ocrx_word' id='word_1_164' title='bbox 486 2146 817 2216; x_wconf 82' lang='lat' dir='ltr'><strong>supplicium</strong></span> <span class='ocrx_word' id='word_1_165' title='bbox 867 2146 1209 2216; x_wconf 88' lang='lat' dir='ltr'><strong>propositum</strong></span> <span class='ocrx_word' id='word_1_166' title='bbox 1247 2155 1368 2203; x_wconf 89' lang='lat' dir='ltr'><strong>erat</strong></span> <span class='ocrx_word' id='word_1_167' title='bbox 1405 2146 1474 2204; x_wconf 88' lang='lat' dir='ltr'><strong>iis</strong></span> <span class='ocrx_word' id='word_1_168' title='bbox 1526 2148 1620 2217; x_wconf 88' lang='lat' dir='ltr'><strong>qui</strong></span> <span class='ocrx_word' id='word_1_169' title='bbox 1651 2156 1806 2202; x_wconf 79' lang='lat' dir='ltr'><strong>extra</strong></span> <span class='ocrx_word' id='word_1_170' title='bbox 1833 2147 1940 2203; x_wconf 88' lang='lat' dir='ltr'><strong>hoc</strong></span> <span class='ocrx_word' id='word_1_171' title='bbox 1979 2155 2063 2202; x_wconf 91' lang='lat' dir='ltr'><strong>ta-</strong></span> 
     </span>
    </p>
   </div>
   <div class='ocr_carea' id='block_1_25' title="bbox 487 2236 2103 2315">
    <p class='ocr_par' dir='ltr' id='par_1_25' title="bbox 487 2236 2103 2315">
     <span class='ocr_line' id='line_1_25' title="bbox 487 2236 2103 2315; baseline -0.002 -21"><span class='ocrx_word' id='word_1_172' title='bbox 487 2237 847 2294; x_wconf 84' lang='lat' dir='ltr'><strong>bernaculum</strong></span> <span class='ocrx_word' id='word_1_173' title='bbox 897 2236 1274 2292; x_wconf 88' lang='lat' dir='ltr'><strong>immolabant.</strong></span> <span class='ocrx_word' id='word_1_174' title='bbox 1325 2237 1406 2291; x_wconf 89' lang='lat' dir='ltr'><strong>Ita</strong></span> <span class='ocrx_word' id='word_1_175' title='bbox 1444 2237 1591 2291; x_wconf 84' lang='lat' dir='ltr'><strong>enim</strong></span> <span class='ocrx_word' id='word_1_176' title='bbox 1628 2236 1706 2292; x_wconf 86' lang='lat' dir='ltr'><strong>ait</strong></span> <span class='ocrx_word' id='word_1_177' title='bbox 1738 2236 2019 2307; x_wconf 81' lang='lat' dir='ltr'><strong>Scriptura</strong></span> <span class='ocrx_word' id='word_1_178' title='bbox 2047 2254 2103 2315; x_wconf 59' lang='grc' dir='ltr'>ι.</span> 
     </span>
    </p>
   </div>
   <div class='ocr_carea' id='block_1_26' title="bbox 496 2325 2066 2396">
    <p class='ocr_par' dir='ltr' id='par_1_26' title="bbox 496 2325 2066 2396">
     <span class='ocr_line' id='line_1_26' title="bbox 496 2325 2066 2396; baseline 0.001 -18"><span class='ocrx_word' id='word_1_179' title='bbox 496 2347 515 2378; x_wconf 68' lang='grc' dir='ltr'><strong>ι</strong></span> <span class='ocrx_word' id='word_1_180' title='bbox 547 2329 721 2383; x_wconf 86' lang='lat' dir='ltr'><strong>Homo</strong></span> <span class='ocrx_word' id='word_1_181' title='bbox 764 2342 833 2382; x_wconf 80' lang='lat' dir='ltr'><strong>ex</strong></span> <span class='ocrx_word' id='word_1_182' title='bbox 879 2326 1006 2382; x_wconf 89' lang='lat' dir='ltr'><strong>ﬁliis</strong></span> <span class='ocrx_word' id='word_1_183' title='bbox 1058 2327 1249 2392; x_wconf 90' lang='lat' dir='ltr'><strong>Israel,</strong></span> <span class='ocrx_word' id='word_1_184' title='bbox 1299 2327 1395 2396; x_wconf 91' lang='lat' dir='ltr'><strong>qui</strong></span> <span class='ocrx_word' id='word_1_185' title='bbox 1440 2325 1805 2381; x_wconf 90' lang='lat' dir='ltr'><strong>immolaverit</strong></span> <span class='ocrx_word' id='word_1_186' title='bbox 1835 2326 2066 2381; x_wconf 85' lang='lat' dir='ltr'><strong>vitulum</strong></span> 
     </span>
    </p>
   </div>
   <div class='ocr_carea' id='block_1_27' title="bbox 489 2417 2066 2488">
    <p class='ocr_par' dir='ltr' id='par_1_27' title="bbox 489 2417 2066 2488">
     <span class='ocr_line' id='line_1_27' title="bbox 489 2417 2066 2488; baseline -0.003 -12"><span class='ocrx_word' id='word_1_187' title='bbox 489 2428 585 2476; x_wconf 86' lang='lat' dir='ltr'><strong>aut</strong></span> <span class='ocrx_word' id='word_1_188' title='bbox 628 2434 817 2483; x_wconf 90' lang='lat' dir='ltr'><strong>ovem,</strong></span> <span class='ocrx_word' id='word_1_189' title='bbox 866 2426 961 2472; x_wconf 89' lang='lat' dir='ltr'><strong>aut</strong></span> <span class='ocrx_word' id='word_1_190' title='bbox 990 2433 1207 2488; x_wconf 87' lang='lat' dir='ltr'><strong>capram</strong></span> <span class='ocrx_word' id='word_1_191' title='bbox 1240 2418 1298 2471; x_wconf 90' lang='lat' dir='ltr'><strong>in</strong></span> <span class='ocrx_word' id='word_1_192' title='bbox 1322 2417 1518 2472; x_wconf 88' lang='lat' dir='ltr'><strong>castris</strong></span> <span class='ocrx_word' id='word_1_193' title='bbox 1547 2434 1560 2470; x_wconf 92' lang='lat'><strong>:</strong></span> <span class='ocrx_word' id='word_1_194' title='bbox 1596 2417 1727 2471; x_wconf 85' lang='lat' dir='ltr'><strong>item</strong></span> <span class='ocrx_word' id='word_1_195' title='bbox 1753 2418 1848 2487; x_wconf 89' lang='lat' dir='ltr'><strong>qui</strong></span> <span class='ocrx_word' id='word_1_196' title='bbox 1869 2417 2066 2472; x_wconf 88' lang='lat' dir='ltr'><strong>immo-</strong></span> 
     </span>
    </p>
   </div>
   <div class='ocr_carea' id='block_1_28' title="bbox 492 2508 2068 2579">
    <p class='ocr_par' dir='ltr' id='par_1_28' title="bbox 492 2508 2068 2579">
     <span class='ocr_line' id='line_1_28' title="bbox 492 2508 2068 2579; baseline 0 -14"><span class='ocrx_word' id='word_1_197' title='bbox 492 2511 622 2566; x_wconf 89' lang='lat' dir='ltr'><strong>larit</strong></span> <span class='ocrx_word' id='word_1_198' title='bbox 650 2520 803 2565; x_wconf 85' lang='lat' dir='ltr'><strong>extra</strong></span> <span class='ocrx_word' id='word_1_199' title='bbox 831 2516 1030 2574; x_wconf 87' lang='lat' dir='ltr'><strong>castra,</strong></span> <span class='ocrx_word' id='word_1_200' title='bbox 1065 2524 1247 2578; x_wconf 82' lang='lat' dir='ltr'><strong>neque</strong></span> <span class='ocrx_word' id='word_1_201' title='bbox 1283 2508 1390 2563; x_wconf 91' lang='lat' dir='ltr'><strong>hoc</strong></span> <span class='ocrx_word' id='word_1_202' title='bbox 1420 2508 1487 2563; x_wconf 92' lang='lat' dir='ltr'><strong>ad</strong></span> <span class='ocrx_word' id='word_1_203' title='bbox 1518 2518 1707 2579; x_wconf 89' lang='lat' dir='ltr'><strong>portas</strong></span> <span class='ocrx_word' id='word_1_204' title='bbox 1733 2509 2068 2565; x_wconf 85' lang='lat' dir='ltr'><strong>tabernaculi</strong></span> 
     </span>
    </p>
   </div>
   <div class='ocr_carea' id='block_1_29' title="bbox 495 2599 2068 2673">
    <p class='ocr_par' dir='ltr' id='par_1_29' title="bbox 495 2599 2068 2673">
     <span class='ocr_line' id='line_1_29' title="bbox 495 2599 2068 2673; baseline 0 -17"><span class='ocrx_word' id='word_1_205' title='bbox 495 2602 793 2657; x_wconf 83' lang='lat' dir='ltr'><strong>testimonii</strong></span> <span class='ocrx_word' id='word_1_206' title='bbox 834 2600 1103 2665; x_wconf 86' lang='lat' dir='ltr'><strong>attulerit,</strong></span> <span class='ocrx_word' id='word_1_207' title='bbox 1159 2599 1436 2655; x_wconf 76' lang='lat' dir='ltr'><strong>utoﬁ‘erat</strong></span> <span class='ocrx_word' id='word_1_208' title='bbox 1491 2615 1693 2654; x_wconf 89' lang='lat' dir='ltr'><strong>munus</strong></span> <span class='ocrx_word' id='word_1_209' title='bbox 1741 2615 1925 2656; x_wconf 87' lang='lat' dir='ltr'><strong>coram</strong></span> <span class='ocrx_word' id='word_1_210' title='bbox 1957 2602 2068 2673; x_wconf 80' lang='lat' dir='ltr'><strong>Do_-</strong></span> 
     </span>
    </p>
   </div>
   <div class='ocr_carea' id='block_1_30' title="bbox 488 2692 2070 2765">
    <p class='ocr_par' dir='ltr' id='par_1_30' title="bbox 488 2692 2070 2765">
     <span class='ocr_line' id='line_1_30' title="bbox 488 2692 2070 2765; baseline 0.001 -17"><span class='ocrx_word' id='word_1_211' title='bbox 488 2695 665 2759; x_wconf 84' lang='lat' dir='ltr'><strong>mino,</strong></span> <span class='ocrx_word' id='word_1_212' title='bbox 708 2708 894 2749; x_wconf 90' lang='lat' dir='ltr'><strong>coram</strong></span> <span class='ocrx_word' id='word_1_213' title='bbox 947 2692 1302 2748; x_wconf 88' lang='lat' dir='ltr'><strong>tabernaculo</strong></span> <span class='ocrx_word' id='word_1_214' title='bbox 1332 2692 1570 2758; x_wconf 89' lang='lat' dir='ltr'><strong>Domini,</strong></span> <span class='ocrx_word' id='word_1_215' title='bbox 1596 2694 1818 2764; x_wconf 83' lang='lat' dir='ltr'><strong>sanguis</strong></span> <span class='ocrx_word' id='word_1_216' title='bbox 1845 2703 2070 2765; x_wconf 88' lang='lat' dir='ltr'><strong>reputa—</strong></span> 
     </span>
    </p>
   </div>
   <div class='ocr_carea' id='block_1_31' title="bbox 491 2784 2073 2855">
    <p class='ocr_par' dir='ltr' id='par_1_31' title="bbox 491 2784 2073 2855">
     <span class='ocr_line' id='line_1_31' title="bbox 491 2784 2073 2855; baseline -0.001 -13"><span class='ocrx_word' id='word_1_217' title='bbox 491 2787 644 2842; x_wconf 85' lang='lat' dir='ltr'><strong>bitur</strong></span> <span class='ocrx_word' id='word_1_218' title='bbox 684 2785 890 2841; x_wconf 90' lang='lat' dir='ltr'><strong>homini</strong></span> <span class='ocrx_word' id='word_1_219' title='bbox 944 2784 1045 2850; x_wconf 90' lang='lat' dir='ltr'><strong>illi,</strong></span> <span class='ocrx_word' id='word_1_220' title='bbox 1090 2784 1184 2854; x_wconf 87' lang='lat' dir='ltr'><strong>qui</strong></span> <span class='ocrx_word' id='word_1_221' title='bbox 1223 2785 1542 2855; x_wconf 81' lang='lat' dir='ltr'><strong>sanguinem</strong></span> <span class='ocrx_word' id='word_1_222' title='bbox 1569 2786 1723 2840; x_wconf 92' lang='lat' dir='ltr'><strong>illum</strong></span> <span class='ocrx_word' id='word_1_223' title='bbox 1750 2784 2073 2841; x_wconf 76' lang='lat' dir='ltr'><strong>eﬂ‘udit.ld-</strong></span> 
     </span>
    </p>
   </div>
   <div class='ocr_carea' id='block_1_32' title="bbox 493 2875 2072 2947">
    <p class='ocr_par' dir='ltr' id='par_1_32' title="bbox 493 2875 2072 2947">
     <span class='ocr_line' id='line_1_32' title="bbox 493 2875 2072 2947; baseline 0 -16"><span class='ocrx_word' id='word_1_224' title='bbox 493 2877 642 2932; x_wconf 88' lang='lat' dir='ltr'><strong>circo</strong></span> <span class='ocrx_word' id='word_1_225' title='bbox 693 2875 900 2947; x_wconf 88' lang='lat' dir='ltr'><strong>peribit</strong></span> <span class='ocrx_word' id='word_1_226' title='bbox 944 2875 1128 2929; x_wconf 90' lang='lat' dir='ltr'><strong>anima</strong></span> <span class='ocrx_word' id='word_1_227' title='bbox 1176 2875 1266 2929; x_wconf 91' lang='lat' dir='ltr'><strong>illa</strong></span> <span class='ocrx_word' id='word_1_228' title='bbox 1299 2891 1367 2929; x_wconf 78' lang='lat' dir='ltr'><strong>ex</strong></span> <span class='ocrx_word' id='word_1_229' title='bbox 1407 2877 1609 2945; x_wconf 84' lang='lat' dir='ltr'><strong>pOpulo</strong></span> <span class='ocrx_word' id='word_1_230' title='bbox 1643 2892 1742 2930; x_wconf 92' lang='lat' dir='ltr'><strong>suo</strong></span> <span class='ocrx_word' id='word_1_231' title='bbox 1772 2876 1835 2931; x_wconf 85' lang='grc'><strong>³³.</strong></span> <span class='ocrx_word' id='word_1_232' title='bbox 1878 2896 1894 2927; x_wconf 73' lang='grc' dir='ltr'><strong>ι</strong></span> <span class='ocrx_word' id='word_1_233' title='bbox 1928 2877 2072 2947; x_wconf 82' lang='lat' dir='ltr'><strong>Ergo</strong></span> 
     </span>
    </p>
   </div>
   <div class='ocr_carea' id='block_1_33' title="bbox 493 2962 2068 3036">
    <p class='ocr_par' dir='ltr' id='par_1_33' title="bbox 493 2962 2068 3036">
     <span class='ocr_line' id='line_1_33' title="bbox 493 2962 2068 3036; baseline -0.003 -16"><span class='ocrx_word' id='word_1_234' title='bbox 493 2974 682 3021; x_wconf 90' lang='lat' dir='ltr'><strong>contra</strong></span> <span class='ocrx_word' id='word_1_235' title='bbox 714 2966 886 3036; x_wconf 79' lang='lat' dir='ltr'><strong>legem</strong></span> <span class='ocrx_word' id='word_1_236' title='bbox 909 2971 1013 3028; x_wconf 88' lang='lat' dir='ltr'><strong>est,</strong></span> <span class='ocrx_word' id='word_1_237' title='bbox 1038 2972 1093 3019; x_wconf 91' lang='lat' dir='ltr'><strong>et</strong></span> <span class='ocrx_word' id='word_1_238' title='bbox 1124 2963 1434 3033; x_wconf 86' lang='lat' dir='ltr'><strong>profanum,</strong></span> <span class='ocrx_word' id='word_1_239' title='bbox 1457 2971 1620 3032; x_wconf 88' lang='lat' dir='ltr'><strong>atque</strong></span> <span class='ocrx_word' id='word_1_240' title='bbox 1653 2962 1790 3017; x_wconf 85' lang='lat' dir='ltr'><strong>adeo</strong></span> <span class='ocrx_word' id='word_1_241' title='bbox 1816 2963 2068 3032; x_wconf 89' lang='lat' dir='ltr'><strong>capitale,</strong></span> 
     </span>
    </p>
   </div>
   <div class='ocr_carea' id='block_1_34' title="bbox 2163 491 3731 566">
    <p class='ocr_par' dir='ltr' id='par_1_34' title="bbox 2163 491 3731 566">
     <span class='ocr_line' id='line_1_34' title="bbox 2163 491 3731 566; baseline -0.004 -17"><span class='ocrx_word' id='word_1_242' title='bbox 2163 494 2509 566; x_wconf 81' lang='grc' dir='ltr'>Ἥγιὰσμεθα</span> <span class='ocrx_word' id='word_1_243' title='bbox 2565 495 2674 566; x_wconf 85' lang='grc' dir='ltr'><strong>γὰρ</strong></span> <span class='ocrx_word' id='word_1_244' title='bbox 2721 494 2780 547; x_wconf 83' lang='grc' dir='ltr'>ὲν</span> <span class='ocrx_word' id='word_1_245' title='bbox 2830 492 2999 564; x_wconf 81' lang='grc' dir='ltr'>αὐτῷ,</span> <span class='ocrx_word' id='word_1_246' title='bbox 3033 494 3129 546; x_wconf 70' lang='grc' dir='ltr'>καὶ</span> <span class='ocrx_word' id='word_1_247' title='bbox 3159 492 3322 554; x_wconf 85' lang='grc' dir='ltr'>αὐτὸς</span> <span class='ocrx_word' id='word_1_248' title='bbox 3344 491 3552 562; x_wconf 78' lang='grc' dir='ltr'>ἠμῶνή</span> <span class='ocrx_word' id='word_1_249' title='bbox 3586 493 3731 544; x_wconf 80' lang='grc' dir='ltr'>πᾶσα</span> 
     </span>
    </p>
   </div>
   <div class='ocr_carea' id='block_1_35' title="bbox 2151 581 3733 657">
    <p class='ocr_par' dir='ltr' id='par_1_35' title="bbox 2151 581 3733 657">
     <span class='ocr_line' id='line_1_35' title="bbox 2151 581 3733 657; baseline -0.004 -16"><span class='ocrx_word' id='word_1_250' title='bbox 2151 588 2452 651; x_wconf 78' lang='grc' dir='ltr'><strong>δικαίωσις,</strong></span> <span class='ocrx_word' id='word_1_251' title='bbox 2478 586 2678 657; x_wconf 82' lang='grc' dir='ltr'>μᾶλλον</span> <span class='ocrx_word' id='word_1_252' title='bbox 2709 585 2767 640; x_wconf 83' lang='grc' dir='ltr'><strong>δὲ</strong></span> <span class='ocrx_word' id='word_1_253' title='bbox 2801 587 2896 640; x_wconf 80' lang='grc' dir='ltr'>καὶ</span> <span class='ocrx_word' id='word_1_254' title='bbox 2930 584 3113 639; x_wconf 84' lang='grc' dir='ltr'>αὐτῶν</span> <span class='ocrx_word' id='word_1_255' title='bbox 3132 583 3243 636; x_wconf 91' lang='grc' dir='ltr'><strong>τῶν</strong></span> <span class='ocrx_word' id='word_1_256' title='bbox 3266 581 3379 637; x_wconf 82' lang='grc' dir='ltr'><strong>ἁνω</strong></span> <span class='ocrx_word' id='word_1_257' title='bbox 3403 583 3733 653; x_wconf 73' lang='grc' dir='ltr'><strong>πνευμάτων</strong></span> 
     </span>
    </p>
   </div>
   <div class='ocr_carea' id='block_1_36' title="bbox 2151 673 3732 748">
    <p class='ocr_par' dir='ltr' id='par_1_36' title="bbox 2151 673 3732 748">
     <span class='ocr_line' id='line_1_36' title="bbox 2151 673 3732 748; baseline -0.003 -17"><span class='ocrx_word' id='word_1_258' title='bbox 2151 677 2440 748; x_wconf 77' lang='grc' dir='ltr'>ἁγιασμὸς,</span> <span class='ocrx_word' id='word_1_259' title='bbox 2480 676 2733 746; x_wconf 83' lang='grc' dir='ltr'>καθάπερ</span> <span class='ocrx_word' id='word_1_260' title='bbox 2764 675 2899 746; x_wconf 79' lang='grc' dir='ltr'>ἔφην</span> <span class='ocrx_word' id='word_1_261' title='bbox 2944 675 3164 746; x_wconf 78' lang='grc' dir='ltr'>ἀρτίως.</span> <span class='ocrx_word' id='word_1_262' title='bbox 3201 674 3370 745; x_wconf 86' lang='grc' dir='ltr'>Πλὴν,</span> <span class='ocrx_word' id='word_1_263' title='bbox 3399 694 3418 725; x_wconf 76' lang='grc' dir='ltr'><strong>ι</strong></span> <span class='ocrx_word' id='word_1_264' title='bbox 3439 673 3497 727; x_wconf 84' lang='lat'><strong>&#39;0</strong></span> <span class='ocrx_word' id='word_1_265' title='bbox 3531 673 3732 745; x_wconf 79' lang='grc' dir='ltr'>ἱερεὺς,</span> 
     </span>
    </p>
   </div>
   <div class='ocr_carea' id='block_1_37' title="bbox 2154 764 3735 837">
    <p class='ocr_par' dir='ltr' id='par_1_37' title="bbox 2154 764 3735 837">
     <span class='ocr_line' id='line_1_37' title="bbox 2154 764 3735 837; baseline -0.002 -16"><span class='ocrx_word' id='word_1_266' title='bbox 2154 767 2341 836; x_wconf 71' lang='grc' dir='ltr'>φησὶν,</span> <span class='ocrx_word' id='word_1_267' title='bbox 2402 768 2431 819; x_wconf 97' lang='lat'><strong>6</strong></span> <span class='ocrx_word' id='word_1_268' title='bbox 2467 767 2755 837; x_wconf 79' lang='grc' dir='ltr'><strong>ἀναφέρων</strong></span> <span class='ocrx_word' id='word_1_269' title='bbox 2799 766 2987 837; x_wconf 84' lang='grc' dir='ltr'>αὐτὴν,</span> <span class='ocrx_word' id='word_1_270' title='bbox 3022 765 3201 818; x_wconf 78' lang='grc' dir='ltr'><strong>ἔδεται</strong></span> <span class='ocrx_word' id='word_1_271' title='bbox 3249 767 3491 834; x_wconf 78' lang='grc' dir='ltr'>αὐτήν.»</span> <span class='ocrx_word' id='word_1_272' title='bbox 3540 764 3735 837; x_wconf 82' lang='grc' dir='ltr'>Ἀθρει</span> 
     </span>
    </p>
   </div>
   <div class='ocr_carea' id='block_1_38' title="bbox 2151 856 3734 930">
    <p class='ocr_par' dir='ltr' id='par_1_38' title="bbox 2151 856 3734 930">
     <span class='ocr_line' id='line_1_38' title="bbox 2151 856 3734 930; baseline -0.003 -17"><span class='ocrx_word' id='word_1_273' title='bbox 2151 858 2217 929; x_wconf 82' lang='grc' dir='ltr'><strong>δὴ</strong></span> <span class='ocrx_word' id='word_1_274' title='bbox 2246 860 2340 913; x_wconf 91' lang='grc' dir='ltr'><strong>νῦν</strong></span> <span class='ocrx_word' id='word_1_275' title='bbox 2388 858 2551 912; x_wconf 80' lang='grc' dir='ltr'>πάλιν</span> <span class='ocrx_word' id='word_1_276' title='bbox 2587 861 2668 914; x_wconf 84' lang='grc' dir='ltr'>ὅτι</span> <span class='ocrx_word' id='word_1_277' title='bbox 2725 858 2863 930; x_wconf 75' lang='grc' dir='ltr'>πρὸς</span> <span class='ocrx_word' id='word_1_278' title='bbox 2909 860 3019 912; x_wconf 81' lang='grc' dir='ltr'><strong>πᾶν</strong></span> <span class='ocrx_word' id='word_1_279' title='bbox 3060 856 3238 911; x_wconf 85' lang='grc' dir='ltr'>ὁτιοῦν</span> <span class='ocrx_word' id='word_1_280' title='bbox 3281 857 3390 910; x_wconf 89' lang='grc' dir='ltr'><strong>τῶν</strong></span> <span class='ocrx_word' id='word_1_281' title='bbox 3420 857 3734 928; x_wconf 83' lang='grc' dir='ltr'>πρακτέων,</span> 
     </span>
    </p>
   </div>
   <div class='ocr_carea' id='block_1_39' title="bbox 2155 946 3737 1021">
    <p class='ocr_par' dir='ltr' id='par_1_39' title="bbox 2155 946 3737 1021">
     <span class='ocr_line' id='line_1_39' title="bbox 2155 946 3737 1021; baseline -0.003 -19"><span class='ocrx_word' id='word_1_282' title='bbox 2155 952 2319 1021; x_wconf 79' lang='grc' dir='ltr'><strong>ἱεροῖς</strong></span> <span class='ocrx_word' id='word_1_283' title='bbox 2346 951 2440 1003; x_wconf 75' lang='grc' dir='ltr'>καὶ</span> <span class='ocrx_word' id='word_1_284' title='bbox 2463 950 2628 1013; x_wconf 79' lang='grc' dir='ltr'><strong>θείοις</strong></span> <span class='ocrx_word' id='word_1_285' title='bbox 2654 950 2686 1020; x_wconf 81' lang='grc' dir='ltr'><strong>ἡ</strong></span> <span class='ocrx_word' id='word_1_286' title='bbox 2719 949 3015 1017; x_wconf 82' lang='grc' dir='ltr'><strong>Ἐκκλησία</strong></span> <span class='ocrx_word' id='word_1_287' title='bbox 3045 948 3330 1001; x_wconf 74' lang='grc' dir='ltr'><strong>διοικεῖται</strong></span> <span class='ocrx_word' id='word_1_288' title='bbox 3356 947 3601 1017; x_wconf 87' lang='grc' dir='ltr'>θεσμοῖς.</span> <span class='ocrx_word' id='word_1_289' title='bbox 3627 946 3737 999; x_wconf 91' lang='grc' dir='ltr'><strong>Τοῦ</strong></span> 
     </span>
    </p>
   </div>
   <div class='ocr_carea' id='block_1_40' title="bbox 2155 1038 3733 1113">
    <p class='ocr_par' dir='ltr' id='par_1_40' title="bbox 2155 1038 3733 1113">
     <span class='ocr_line' id='line_1_40' title="bbox 2155 1038 3733 1113; baseline -0.003 -19"><span class='ocrx_word' id='word_1_290' title='bbox 2155 1042 2264 1113; x_wconf 81' lang='grc' dir='ltr'><strong>γὰρ</strong></span> <span class='ocrx_word' id='word_1_291' title='bbox 2294 1042 2666 1113; x_wconf 72' lang='grc' dir='ltr'>προσάγοντος</span> <span class='ocrx_word' id='word_1_292' title='bbox 2712 1039 2811 1112; x_wconf 86' lang='grc' dir='ltr'>τὴν</span> <span class='ocrx_word' id='word_1_293' title='bbox 2847 1039 3058 1102; x_wconf 89' lang='grc' dir='ltr'>θυσίαν,</span> <span class='ocrx_word' id='word_1_294' title='bbox 3090 1038 3161 1095; x_wconf 73' lang='grc' dir='ltr'><strong>τὰ</strong></span> <span class='ocrx_word' id='word_1_295' title='bbox 3201 1039 3260 1104; x_wconf 79' lang='grc' dir='ltr'>ἐξ</span> <span class='ocrx_word' id='word_1_296' title='bbox 3294 1039 3464 1108; x_wconf 86' lang='grc' dir='ltr'>αὐτῆς</span> <span class='ocrx_word' id='word_1_297' title='bbox 3503 1038 3733 1106; x_wconf 86' lang='grc' dir='ltr'>γίνεται.</span> 
     </span>
    </p>
   </div>
   <div class='ocr_carea' id='block_1_41' title="bbox 2156 1129 3735 1204">
    <p class='ocr_par' dir='ltr' id='par_1_41' title="bbox 2156 1129 3735 1204">
     <span class='ocr_line' id='line_1_41' title="bbox 2156 1129 3735 1204; baseline -0.004 -17"><span class='ocrx_word' id='word_1_298' title='bbox 2156 1129 2279 1187; x_wconf 73' lang='grc' dir='ltr'>Οἵδε</span> <span class='ocrx_word' id='word_1_299' title='bbox 2309 1134 2337 1186; x_wconf 86' lang='grc' dir='ltr'><strong>ὃ</strong></span> <span class='ocrx_word' id='word_1_300' title='bbox 2365 1150 2530 1204; x_wconf 79' lang='grc' dir='ltr'>φημι,</span> <span class='ocrx_word' id='word_1_301' title='bbox 2552 1134 2661 1195; x_wconf 75' lang='grc' dir='ltr'><strong>πᾶς</strong></span> <span class='ocrx_word' id='word_1_302' title='bbox 2688 1131 2934 1185; x_wconf 75' lang='grc' dir='ltr'>ὁστισοῦν</span> <span class='ocrx_word' id='word_1_303' title='bbox 2959 1135 3068 1195; x_wconf 82' lang='grc' dir='ltr'>τοῖς</span> <span class='ocrx_word' id='word_1_304' title='bbox 3101 1132 3200 1201; x_wconf 89' lang='grc' dir='ltr'><strong>τῆς</strong></span> <span class='ocrx_word' id='word_1_305' title='bbox 3240 1130 3566 1200; x_wconf 85' lang='grc' dir='ltr'>Ἐκκλησίας</span> <span class='ocrx_word' id='word_1_306' title='bbox 3591 1133 3735 1182; x_wconf 75' lang='grc' dir='ltr'>ἐντε-</span> 
     </span>
    </p>
   </div>
   <div class='ocr_carea' id='block_1_42' title="bbox 2157 1222 3736 1300">
    <p class='ocr_par' dir='ltr' id='par_1_42' title="bbox 2157 1222 3736 1300">
     <span class='ocr_line' id='line_1_42' title="bbox 2157 1222 3736 1300; baseline -0.004 -21"><span class='ocrx_word' id='word_1_307' title='bbox 2157 1227 2472 1300; x_wconf 78' lang='grc' dir='ltr'>θραμμένος</span> <span class='ocrx_word' id='word_1_308' title='bbox 2499 1226 2708 1295; x_wconf 87' lang='grc' dir='ltr'>νόμοις.</span> <span class='ocrx_word' id='word_1_309' title='bbox 2742 1226 2864 1278; x_wconf 85' lang='grc' dir='ltr'>’Ὁτι</span> <span class='ocrx_word' id='word_1_310' title='bbox 2893 1225 2950 1278; x_wconf 80' lang='grc' dir='ltr'><strong>δὲ</strong></span> <span class='ocrx_word' id='word_1_311' title='bbox 2980 1225 3144 1287; x_wconf 79' lang='grc' dir='ltr'>τόπος</span> <span class='ocrx_word' id='word_1_312' title='bbox 3169 1226 3288 1288; x_wconf 82' lang='grc' dir='ltr'>ταῖς</span> <span class='ocrx_word' id='word_1_313' title='bbox 3320 1222 3496 1286; x_wconf 79' lang='grc' dir='ltr'>θείαις</span> <span class='ocrx_word' id='word_1_314' title='bbox 3530 1225 3736 1292; x_wconf 87' lang='grc' dir='ltr'>ἱερουρ-</span> 
     </span>
    </p>
   </div>
   <div class='ocr_carea' id='block_1_43' title="bbox 2157 1313 3737 1389">
    <p class='ocr_par' dir='ltr' id='par_1_43' title="bbox 2157 1313 3737 1389">
     <span class='ocr_line' id='line_1_43' title="bbox 2157 1313 3737 1389; baseline -0.004 -17"><span class='ocrx_word' id='word_1_315' title='bbox 2157 1320 2303 1388; x_wconf 89' lang='grc' dir='ltr'>γίαις</span> <span class='ocrx_word' id='word_1_316' title='bbox 2333 1321 2361 1372; x_wconf 92' lang='lat'><strong>6</strong></span> <span class='ocrx_word' id='word_1_317' title='bbox 2393 1317 2635 1389; x_wconf 81' lang='grc' dir='ltr'>μάλιστα</span> <span class='ocrx_word' id='word_1_318' title='bbox 2659 1317 2904 1388; x_wconf 83' lang='grc' dir='ltr'>πρέπων,</span> <span class='ocrx_word' id='word_1_319' title='bbox 2934 1319 2965 1387; x_wconf 79' lang='grc' dir='ltr'>ἡ</span> <span class='ocrx_word' id='word_1_320' title='bbox 3000 1316 3293 1386; x_wconf 82' lang='grc' dir='ltr'>Ἐκκλησία</span> <span class='ocrx_word' id='word_1_321' title='bbox 3333 1315 3428 1369; x_wconf 88' lang='grc' dir='ltr'><strong>τοῦ</strong></span> <span class='ocrx_word' id='word_1_322' title='bbox 3452 1315 3609 1376; x_wconf 83' lang='grc' dir='ltr'>Θεοῦ,</span> <span class='ocrx_word' id='word_1_323' title='bbox 3645 1313 3737 1367; x_wconf 76' lang='grc' dir='ltr'>καὶ</span> 
     </span>
    </p>
   </div>
   <div class='ocr_carea' id='block_1_44' title="bbox 2160 1407 3735 1482">
    <p class='ocr_par' dir='ltr' id='par_1_44' title="bbox 2160 1407 3735 1482">
     <span class='ocr_line' id='line_1_44' title="bbox 2160 1407 3735 1482; baseline -0.004 -19"><span class='ocrx_word' id='word_1_324' title='bbox 2160 1413 2216 1464; x_wconf 82' lang='grc' dir='ltr'>ὲν</span> <span class='ocrx_word' id='word_1_325' title='bbox 2246 1411 2384 1482; x_wconf 87' lang='grc' dir='ltr'>αὐτῇ</span> <span class='ocrx_word' id='word_1_326' title='bbox 2425 1409 2738 1477; x_wconf 81' lang='grc' dir='ltr'>ἀναγκαίως</span> <span class='ocrx_word' id='word_1_327' title='bbox 2786 1409 2848 1462; x_wconf 87' lang='grc' dir='ltr'>τὸ</span> <span class='ocrx_word' id='word_1_328' title='bbox 2889 1407 3126 1475; x_wconf 75' lang='grc' dir='ltr'>Χριστοῦ</span> <span class='ocrx_word' id='word_1_329' title='bbox 3160 1407 3391 1461; x_wconf 83' lang='grc' dir='ltr'>τελεῖται</span> <span class='ocrx_word' id='word_1_330' title='bbox 3418 1408 3735 1477; x_wconf 65' lang='grc' dir='ltr'>μυστήριον,</span> 
     </span>
    </p>
   </div>
   <div class='ocr_carea' id='block_1_45' title="bbox 2160 1478 3765 1569">
    <p class='ocr_par' dir='ltr' id='par_1_45' title="bbox 2160 1490 3737 1569">
     <span class='ocr_line' id='line_1_45' title="bbox 2160 1490 3737 1569; baseline -0.003 -16"><span class='ocrx_word' id='word_1_331' title='bbox 2160 1499 2441 1563; x_wconf 77' lang='grc' dir='ltr'>ὲνδείξειεν</span> <span class='ocrx_word' id='word_1_332' title='bbox 2495 1499 2563 1552; x_wconf 78' lang='grc' dir='ltr'>ἂν</span> <span class='ocrx_word' id='word_1_333' title='bbox 2605 1499 2706 1551; x_wconf 89' lang='grc' dir='ltr'><strong>οὐκ</strong></span> <span class='ocrx_word' id='word_1_334' title='bbox 2738 1497 3096 1568; x_wconf 77' lang='grc' dir='ltr'>ἁσυμφανῶς,</span> <span class='ocrx_word' id='word_1_335' title='bbox 3152 1495 3606 1569; x_wconf 81' lang='grc' dir='ltr'>προσεπενεγκὼν</span> <span class='ocrx_word' id='word_1_336' title='bbox 3656 1490 3737 1560; x_wconf 64' lang='grc' dir='ltr'><strong>οἷς</strong></span> 
     </span>
    </p>
   </div>
   <div class='ocr_carea' id='block_1_46' title="bbox 2162 1587 3739 1662">
    <p class='ocr_par' dir='ltr' id='par_1_46' title="bbox 2162 1587 3739 1662">
     <span class='ocr_line' id='line_1_46' title="bbox 2162 1587 3739 1662; baseline -0.001 -20"><span class='ocrx_word' id='word_1_337' title='bbox 2162 1590 2319 1661; x_wconf 76' lang='grc' dir='ltr'>ἔφην’</span> <span class='ocrx_word' id='word_1_338' title='bbox 2359 1609 2378 1642; x_wconf 74' lang='grc' dir='ltr'><strong>ι</strong></span> <span class='ocrx_word' id='word_1_339' title='bbox 2413 1590 2502 1643; x_wconf 83' lang='grc' dir='ltr'>Ἐν</span> <span class='ocrx_word' id='word_1_340' title='bbox 2538 1590 2689 1662; x_wconf 82' lang='grc' dir='ltr'>τόπῳ</span> <span class='ocrx_word' id='word_1_341' title='bbox 2742 1590 2883 1661; x_wconf 85' lang='grc' dir='ltr'>ἁγίῳ</span> <span class='ocrx_word' id='word_1_342' title='bbox 2941 1588 3305 1661; x_wconf 84' lang='grc' dir='ltr'>βρωθήσεται,</span> <span class='ocrx_word' id='word_1_343' title='bbox 3341 1591 3399 1642; x_wconf 89' lang='grc' dir='ltr'>ὲν</span> <span class='ocrx_word' id='word_1_344' title='bbox 3443 1589 3581 1660; x_wconf 80' lang='grc' dir='ltr'>αὐλῇ</span> <span class='ocrx_word' id='word_1_345' title='bbox 3640 1587 3739 1657; x_wconf 73' lang='grc' dir='ltr'><strong>τῆς</strong></span> 
     </span>
    </p>
   </div>
   <div class='ocr_carea' id='block_1_47' title="bbox 2164 1676 3739 1753">
    <p class='ocr_par' dir='ltr' id='par_1_47' title="bbox 2164 1676 3739 1753">
     <span class='ocr_line' id='line_1_47' title="bbox 2164 1676 3739 1753; baseline -0.002 -18"><span class='ocrx_word' id='word_1_346' title='bbox 2164 1681 2367 1753; x_wconf 81' lang='grc' dir='ltr'>σκηνῆς</span> <span class='ocrx_word' id='word_1_347' title='bbox 2394 1680 2487 1734; x_wconf 88' lang='grc' dir='ltr'><strong>τοῦ</strong></span> <span class='ocrx_word' id='word_1_348' title='bbox 2518 1680 2838 1752; x_wconf 85' lang='grc' dir='ltr'>μαρτυρίου.</span> <span class='ocrx_word' id='word_1_349' title='bbox 2860 1698 2880 1731; x_wconf 72' lang='grc' dir='ltr'><strong>ι</strong></span> <span class='ocrx_word' id='word_1_350' title='bbox 2927 1679 3067 1733; x_wconf 81' lang='grc' dir='ltr'>Ἀλλ’</span> <span class='ocrx_word' id='word_1_351' title='bbox 3093 1676 3161 1751; x_wconf 81' lang='grc' dir='ltr'>ἦν</span> <span class='ocrx_word' id='word_1_352' title='bbox 3192 1681 3312 1734; x_wconf 87' lang='grc' dir='ltr'>κατ’</span> <span class='ocrx_word' id='word_1_353' title='bbox 3336 1679 3513 1732; x_wconf 78' lang='grc' dir='ltr'>έκεῖνο</span> <span class='ocrx_word' id='word_1_354' title='bbox 3543 1678 3739 1750; x_wconf 79' lang='grc' dir='ltr'>καιροῦ</span> 
     </span>
    </p>
   </div>
   <div class='ocr_carea' id='block_1_48' title="bbox 2166 1767 3742 1844">
    <p class='ocr_par' dir='ltr' id='par_1_48' title="bbox 2166 1767 3742 1844">
     <span class='ocr_line' id='line_1_48' title="bbox 2166 1767 3742 1844; baseline -0.001 -19"><span class='ocrx_word' id='word_1_355' title='bbox 2166 1773 2265 1844; x_wconf 89' lang='grc' dir='ltr'><strong>μία</strong></span> <span class='ocrx_word' id='word_1_356' title='bbox 2302 1772 2399 1843; x_wconf 82' lang='grc' dir='ltr'>μὲν</span> <span class='ocrx_word' id='word_1_357' title='bbox 2431 1771 2573 1825; x_wconf 84' lang='grc' dir='ltr'>κατὰ</span> <span class='ocrx_word' id='word_1_358' title='bbox 2601 1773 2700 1843; x_wconf 66' lang='grc' dir='ltr'>τὴν</span> <span class='ocrx_word' id='word_1_359' title='bbox 2731 1771 2935 1842; x_wconf 81' lang='grc' dir='ltr'>ἔρημον</span> <span class='ocrx_word' id='word_1_360' title='bbox 2977 1771 3170 1843; x_wconf 85' lang='grc' dir='ltr'>σκηνὴ,</span> <span class='ocrx_word' id='word_1_361' title='bbox 3213 1772 3306 1824; x_wconf 71' lang='grc' dir='ltr'>καὶ</span> <span class='ocrx_word' id='word_1_362' title='bbox 3353 1767 3433 1834; x_wconf 82' lang='grc' dir='ltr'>εἷς</span> <span class='ocrx_word' id='word_1_363' title='bbox 3457 1772 3575 1841; x_wconf 88' lang='grc' dir='ltr'>μετ’</span> <span class='ocrx_word' id='word_1_364' title='bbox 3607 1770 3742 1824; x_wconf 84' lang='grc' dir='ltr'>ὲκεί-</span> 
     </span>
    </p>
   </div>
   <div class='ocr_carea' id='block_1_49' title="bbox 2160 1860 3744 1935">
    <p class='ocr_par' dir='ltr' id='par_1_49' title="bbox 2160 1860 3744 1935">
     <span class='ocr_line' id='line_1_49' title="bbox 2160 1860 3744 1935; baseline -0.003 -16"><span class='ocrx_word' id='word_1_365' title='bbox 2160 1881 2258 1934; x_wconf 82' lang='grc' dir='ltr'><strong>νην</strong></span> <span class='ocrx_word' id='word_1_366' title='bbox 2291 1865 2321 1917; x_wconf 89' lang='lat'><strong>6</strong></span> <span class='ocrx_word' id='word_1_367' title='bbox 2352 1862 2498 1929; x_wconf 81' lang='grc' dir='ltr'>ναὸς,</span> <span class='ocrx_word' id='word_1_368' title='bbox 2527 1862 2586 1916; x_wconf 84' lang='grc' dir='ltr'>ὃν</span> <span class='ocrx_word' id='word_1_369' title='bbox 2608 1864 2668 1915; x_wconf 82' lang='grc' dir='ltr'>ὲν</span> <span class='ocrx_word' id='word_1_370' title='bbox 2703 1864 2816 1926; x_wconf 90' lang='grc' dir='ltr'>τοῖς</span> <span class='ocrx_word' id='word_1_371' title='bbox 2848 1863 3238 1935; x_wconf 74' lang='grc' dir='ltr'>Ἰεροσολύμοις</span> <span class='ocrx_word' id='word_1_372' title='bbox 3269 1864 3297 1916; x_wconf 93' lang='lat'><strong>6</strong></span> <span class='ocrx_word' id='word_1_373' title='bbox 3328 1861 3579 1933; x_wconf 86' lang='grc' dir='ltr'>Σολομὼν</span> <span class='ocrx_word' id='word_1_374' title='bbox 3608 1860 3744 1916; x_wconf 80' lang='grc' dir='ltr'>έδείο</span> 
     </span>
    </p>
   </div>
   <div class='ocr_carea' id='block_1_50' title="bbox 2166 1949 3741 2026">
    <p class='ocr_par' dir='ltr' id='par_1_50' title="bbox 2166 1949 3741 2026">
     <span class='ocr_line' id='line_1_50' title="bbox 2166 1949 3741 2026; baseline 0.001 -18"><span class='ocrx_word' id='word_1_375' title='bbox 2166 1972 2321 2026; x_wconf 88' lang='grc' dir='ltr'>ματο.</span> <span class='ocrx_word' id='word_1_376' title='bbox 2357 1954 2469 2008; x_wconf 73' lang='lat' dir='ltr'><strong>Kal</strong></span> <span class='ocrx_word' id='word_1_377' title='bbox 2515 1953 2743 2017; x_wconf 81' lang='grc' dir='ltr'>Θάνατος</span> <span class='ocrx_word' id='word_1_378' title='bbox 2768 1949 2837 2025; x_wconf 76' lang='grc' dir='ltr'>ἦν</span> <span class='ocrx_word' id='word_1_379' title='bbox 2869 1956 2982 2018; x_wconf 83' lang='grc' dir='ltr'>τοῖς</span> <span class='ocrx_word' id='word_1_380' title='bbox 3029 1954 3134 2019; x_wconf 75' lang='grc' dir='ltr'><strong>ἔξω</strong></span> <span class='ocrx_word' id='word_1_381' title='bbox 3176 1954 3363 2008; x_wconf 82' lang='grc' dir='ltr'>θύουσι</span> <span class='ocrx_word' id='word_1_382' title='bbox 3382 1955 3481 2025; x_wconf 88' lang='grc' dir='ltr'><strong>τῆς</strong></span> <span class='ocrx_word' id='word_1_383' title='bbox 3509 1954 3741 2026; x_wconf 80' lang='grc' dir='ltr'><strong>σκηνῆς.</strong></span> 
     </span>
    </p>
   </div>
   <div class='ocr_carea' id='block_1_51' title="bbox 2167 2044 3744 2118">
    <p class='ocr_par' dir='ltr' id='par_1_51' title="bbox 2167 2044 3744 2118">
     <span class='ocr_line' id='line_1_51' title="bbox 2167 2044 3744 2118; baseline 0 -19"><span class='ocrx_word' id='word_1_384' title='bbox 2167 2049 2312 2118; x_wconf 79' lang='grc' dir='ltr'>Ἔφη</span> <span class='ocrx_word' id='word_1_385' title='bbox 2341 2046 2451 2117; x_wconf 78' lang='grc' dir='ltr'>γὰρ</span> <span class='ocrx_word' id='word_1_386' title='bbox 2500 2044 2640 2099; x_wconf 73' lang='grc' dir='ltr'>οὕτω</span> <span class='ocrx_word' id='word_1_387' title='bbox 2683 2046 2745 2099; x_wconf 77' lang='grc' dir='ltr'>τὸ</span> <span class='ocrx_word' id='word_1_388' title='bbox 2784 2047 3023 2116; x_wconf 85' lang='grc' dir='ltr'>Γράμμα</span> <span class='ocrx_word' id='word_1_389' title='bbox 3069 2046 3130 2099; x_wconf 83' lang='grc' dir='ltr'>τὸ</span> <span class='ocrx_word' id='word_1_390' title='bbox 3177 2046 3339 2118; x_wconf 90' lang='grc' dir='ltr'>ίερόν.</span> <span class='ocrx_word' id='word_1_391' title='bbox 3382 2046 3744 2116; x_wconf 67' lang='grc' dir='ltr'>«Ἄνθρωπος</span> 
     </span>
    </p>
   </div>
   <div class='ocr_carea' id='block_1_52' title="bbox 2165 2131 3740 2206">
    <p class='ocr_par' dir='ltr' id='par_1_52' title="bbox 2165 2131 3740 2206">
     <span class='ocr_line' id='line_1_52' title="bbox 2165 2131 3740 2206; baseline -0.001 -17"><span class='ocrx_word' id='word_1_392' title='bbox 2165 2135 2272 2189; x_wconf 88' lang='grc' dir='ltr'><strong>τῶν</strong></span> <span class='ocrx_word' id='word_1_393' title='bbox 2306 2134 2438 2188; x_wconf 82' lang='grc' dir='ltr'>υίῶν</span> <span class='ocrx_word' id='word_1_394' title='bbox 2470 2133 2710 2205; x_wconf 83' lang='grc' dir='ltr'>Ἰσραὴλ,</span> <span class='ocrx_word' id='word_1_395' title='bbox 2751 2134 2809 2198; x_wconf 79' lang='grc' dir='ltr'>ὃς</span> <span class='ocrx_word' id='word_1_396' title='bbox 2835 2134 2903 2188; x_wconf 81' lang='grc' dir='ltr'>ἂν</span> <span class='ocrx_word' id='word_1_397' title='bbox 2934 2133 3111 2206; x_wconf 79' lang='grc' dir='ltr'>σφάξῃ</span> <span class='ocrx_word' id='word_1_398' title='bbox 3145 2134 3342 2205; x_wconf 87' lang='grc' dir='ltr'>μόσχον</span> <span class='ocrx_word' id='word_1_399' title='bbox 3379 2131 3413 2205; x_wconf 81' lang='grc' dir='ltr'><strong>ἢ</strong></span> <span class='ocrx_word' id='word_1_400' title='bbox 3451 2134 3740 2205; x_wconf 84' lang='grc' dir='ltr'>πρόϐατον,</span> 
     </span>
    </p>
   </div>
   <div class='ocr_carea' id='block_1_53' title="bbox 2165 2223 3744 2300">
    <p class='ocr_par' dir='ltr' id='par_1_53' title="bbox 2165 2223 3744 2300">
     <span class='ocr_line' id='line_1_53' title="bbox 2165 2223 3744 2300; baseline 0.004 -24"><span class='ocrx_word' id='word_1_401' title='bbox 2165 2227 2199 2299; x_wconf 76' lang='grc' dir='ltr'><strong>ἢ</strong></span> <span class='ocrx_word' id='word_1_402' title='bbox 2242 2223 2371 2295; x_wconf 71' lang='grc' dir='ltr'>αἶγα</span> <span class='ocrx_word' id='word_1_403' title='bbox 2412 2228 2470 2280; x_wconf 83' lang='grc' dir='ltr'>ὲν</span> <span class='ocrx_word' id='word_1_404' title='bbox 2508 2229 2575 2297; x_wconf 79' lang='grc' dir='ltr'>τῇ</span> <span class='ocrx_word' id='word_1_405' title='bbox 2612 2226 2958 2298; x_wconf 81' lang='grc' dir='ltr'>παρεμϐολῇ,</span> <span class='ocrx_word' id='word_1_406' title='bbox 2981 2227 3075 2280; x_wconf 75' lang='grc' dir='ltr'>καὶ</span> <span class='ocrx_word' id='word_1_407' title='bbox 3100 2226 3157 2289; x_wconf 87' lang='grc' dir='ltr'>ὃς</span> <span class='ocrx_word' id='word_1_408' title='bbox 3189 2226 3255 2280; x_wconf 83' lang='grc' dir='ltr'>ἂν</span> <span class='ocrx_word' id='word_1_409' title='bbox 3305 2227 3484 2300; x_wconf 70' lang='grc' dir='ltr'>σφάξῃ</span> <span class='ocrx_word' id='word_1_410' title='bbox 3520 2226 3622 2291; x_wconf 78' lang='grc' dir='ltr'><strong>ἔξω</strong></span> <span class='ocrx_word' id='word_1_411' title='bbox 3641 2227 3744 2297; x_wconf 76' lang='grc' dir='ltr'><strong>τῆς</strong></span> 
     </span>
    </p>
   </div>
   <div class='ocr_carea' id='block_1_54' title="bbox 2167 2314 3748 2388">
    <p class='ocr_par' dir='ltr' id='par_1_54' title="bbox 2167 2314 3748 2388">
     <span class='ocr_line' id='line_1_54' title="bbox 2167 2314 3748 2388; baseline -0.003 -18"><span class='ocrx_word' id='word_1_412' title='bbox 2167 2316 2542 2388; x_wconf 88' lang='grc' dir='ltr'>παρεμϐολῆς,</span> <span class='ocrx_word' id='word_1_413' title='bbox 2571 2317 2666 2370; x_wconf 72' lang='grc' dir='ltr'>καὶ</span> <span class='ocrx_word' id='word_1_414' title='bbox 2689 2317 2780 2368; x_wconf 76' lang='grc' dir='ltr'><strong>ἐπὶ</strong></span> <span class='ocrx_word' id='word_1_415' title='bbox 2805 2317 2902 2387; x_wconf 79' lang='grc' dir='ltr'>τὴν</span> <span class='ocrx_word' id='word_1_416' title='bbox 2927 2314 3097 2387; x_wconf 79' lang='grc' dir='ltr'>θὼραν</span> <span class='ocrx_word' id='word_1_417' title='bbox 3121 2315 3221 2385; x_wconf 87' lang='grc' dir='ltr'><strong>τῆς</strong></span> <span class='ocrx_word' id='word_1_418' title='bbox 3240 2316 3446 2386; x_wconf 81' lang='grc' dir='ltr'>σκηνῆς</span> <span class='ocrx_word' id='word_1_419' title='bbox 3470 2314 3565 2368; x_wconf 88' lang='grc' dir='ltr'><strong>τοῦ</strong></span> <span class='ocrx_word' id='word_1_420' title='bbox 3601 2331 3748 2386; x_wconf 90' lang='grc' dir='ltr'>μαρ-</span> 
     </span>
    </p>
   </div>
   <div class='ocr_carea' id='block_1_55' title="bbox 2166 2402 3748 2478">
    <p class='ocr_par' dir='ltr' id='par_1_55' title="bbox 2166 2402 3748 2478">
     <span class='ocr_line' id='line_1_55' title="bbox 2166 2402 3748 2478; baseline -0.002 -19"><span class='ocrx_word' id='word_1_421' title='bbox 2166 2406 2378 2478; x_wconf 85' lang='grc' dir='ltr'>τυρίου,</span> <span class='ocrx_word' id='word_1_422' title='bbox 2408 2406 2482 2477; x_wconf 79' lang='grc' dir='ltr'>μὴ</span> <span class='ocrx_word' id='word_1_423' title='bbox 2509 2406 2706 2477; x_wconf 81' lang='grc' dir='ltr'>ὲνέγκῃ</span> <span class='ocrx_word' id='word_1_424' title='bbox 2738 2405 2891 2468; x_wconf 84' lang='grc' dir='ltr'>αὐτὸ,</span> <span class='ocrx_word' id='word_1_425' title='bbox 2916 2404 3057 2458; x_wconf 87' lang='grc' dir='ltr'>ῶστε</span> <span class='ocrx_word' id='word_1_426' title='bbox 3087 2405 3456 2475; x_wconf 84' lang='grc' dir='ltr'>προσενέγκαι</span> <span class='ocrx_word' id='word_1_427' title='bbox 3478 2404 3651 2476; x_wconf 88' lang='grc' dir='ltr'>δῶρον</span> <span class='ocrx_word' id='word_1_428' title='bbox 3671 2402 3748 2474; x_wconf 83' lang='grc' dir='ltr'><strong>τῷ</strong></span> 
     </span>
    </p>
   </div>
   <div class='ocr_carea' id='block_1_56' title="bbox 2169 2490 3748 2567">
    <p class='ocr_par' dir='ltr' id='par_1_56' title="bbox 2169 2490 3748 2567">
     <span class='ocr_line' id='line_1_56' title="bbox 2169 2490 3748 2567; baseline -0.001 -17"><span class='ocrx_word' id='word_1_429' title='bbox 2169 2497 2359 2567; x_wconf 79' lang='grc' dir='ltr'>Κυρίῳ</span> <span class='ocrx_word' id='word_1_430' title='bbox 2385 2496 2645 2550; x_wconf 79' lang='grc' dir='ltr'>ἀπέναντι</span> <span class='ocrx_word' id='word_1_431' title='bbox 2672 2494 2770 2564; x_wconf 81' lang='grc' dir='ltr'><strong>τῆς</strong></span> <span class='ocrx_word' id='word_1_432' title='bbox 2809 2496 3014 2565; x_wconf 82' lang='grc' dir='ltr'>σκηνῆς</span> <span class='ocrx_word' id='word_1_433' title='bbox 3052 2497 3283 2566; x_wconf 79' lang='grc' dir='ltr'>Κυρίου,</span> <span class='ocrx_word' id='word_1_434' title='bbox 3313 2490 3454 2566; x_wconf 76' lang='grc' dir='ltr'>αἷμα</span> <span class='ocrx_word' id='word_1_435' title='bbox 3493 2494 3748 2567; x_wconf 81' lang='grc' dir='ltr'>λογισθή-</span> 
     </span>
    </p>
   </div>
   <div class='ocr_carea' id='block_1_57' title="bbox 2172 2584 3751 2660">
    <p class='ocr_par' dir='ltr' id='par_1_57' title="bbox 2172 2584 3751 2660">
     <span class='ocr_line' id='line_1_57' title="bbox 2172 2584 3751 2660; baseline -0.001 -18"><span class='ocrx_word' id='word_1_436' title='bbox 2172 2606 2322 2643; x_wconf 86' lang='grc' dir='ltr'>σεται</span> <span class='ocrx_word' id='word_1_437' title='bbox 2361 2588 2438 2659; x_wconf 82' lang='grc' dir='ltr'>τῷ</span> <span class='ocrx_word' id='word_1_438' title='bbox 2490 2588 2782 2660; x_wconf 76' lang='grc' dir='ltr'>ἀνθρώπῳ,</span> <span class='ocrx_word' id='word_1_439' title='bbox 2835 2588 2894 2651; x_wconf 88' lang='grc' dir='ltr'>ὃς</span> <span class='ocrx_word' id='word_1_440' title='bbox 2921 2590 3099 2642; x_wconf 78' lang='grc' dir='ltr'>ἐκεῖνο</span> <span class='ocrx_word' id='word_1_441' title='bbox 3128 2584 3270 2659; x_wconf 82' lang='grc' dir='ltr'>αἷμα</span> <span class='ocrx_word' id='word_1_442' title='bbox 3300 2588 3546 2659; x_wconf 77' lang='grc' dir='ltr'>ἐξέχεεν,</span> <span class='ocrx_word' id='word_1_443' title='bbox 3570 2587 3751 2653; x_wconf 72' lang='grc' dir='ltr'>ἐξολο-</span> 
     </span>
    </p>
   </div>
   <div class='ocr_carea' id='block_1_58' title="bbox 2171 2680 3749 2755">
    <p class='ocr_par' dir='ltr' id='par_1_58' title="bbox 2171 2680 3749 2755">
     <span class='ocr_line' id='line_1_58' title="bbox 2171 2680 3749 2755; baseline -0.001 -20"><span class='ocrx_word' id='word_1_444' title='bbox 2171 2681 2527 2754; x_wconf 77' lang='grc' dir='ltr'>θρευθήσεται</span> <span class='ocrx_word' id='word_1_445' title='bbox 2570 2685 2603 2752; x_wconf 86' lang='grc' dir='ltr'>ἡ</span> <span class='ocrx_word' id='word_1_446' title='bbox 2645 2682 2792 2754; x_wconf 80' lang='grc' dir='ltr'>ψυχὴ</span> <span class='ocrx_word' id='word_1_447' title='bbox 2838 2682 3020 2752; x_wconf 75' lang='grc' dir='ltr'>ἐκείνη</span> <span class='ocrx_word' id='word_1_448' title='bbox 3055 2680 3164 2755; x_wconf 77' lang='grc' dir='ltr'>[ἐκ]</span> <span class='ocrx_word' id='word_1_449' title='bbox 3196 2682 3288 2736; x_wconf 88' lang='grc' dir='ltr'><strong>τοῦ</strong></span> <span class='ocrx_word' id='word_1_450' title='bbox 3311 2682 3464 2736; x_wconf 89' lang='grc' dir='ltr'>λαοῦ.</span> <span class='ocrx_word' id='word_1_451' title='bbox 3488 2701 3506 2732; x_wconf 77' lang='grc' dir='ltr'><strong>ι</strong></span> <span class='ocrx_word' id='word_1_452' title='bbox 3540 2681 3749 2736; x_wconf 87' lang='grc' dir='ltr'>Οὐκοῦν</span> 
     </span>
    </p>
   </div>
   <div class='ocr_carea' id='block_1_59' title="bbox 2171 2772 3747 2845">
    <p class='ocr_par' dir='ltr' id='par_1_59' title="bbox 2171 2772 3747 2845">
     <span class='ocr_line' id='line_1_59' title="bbox 2171 2772 3747 2845; baseline 0.001 -20"><span class='ocrx_word' id='word_1_453' title='bbox 2171 2773 2429 2844; x_wconf 79' lang='grc' dir='ltr'>ἁνόμημα</span> <span class='ocrx_word' id='word_1_454' title='bbox 2466 2772 2562 2826; x_wconf 70' lang='grc' dir='ltr'>καὶ</span> <span class='ocrx_word' id='word_1_455' title='bbox 2603 2772 2924 2843; x_wconf 86' lang='grc' dir='ltr'>βεϐήλωσις,</span> <span class='ocrx_word' id='word_1_456' title='bbox 2968 2772 3063 2825; x_wconf 66' lang='grc' dir='ltr'><strong>καὶ⁵</strong></span> <span class='ocrx_word' id='word_1_457' title='bbox 3092 2772 3197 2824; x_wconf 82' lang='grc' dir='ltr'><strong>ὑπὸ</strong></span> <span class='ocrx_word' id='word_1_458' title='bbox 3238 2772 3395 2845; x_wconf 81' lang='grc' dir='ltr'>δίκην</span> <span class='ocrx_word' id='word_1_459' title='bbox 3430 2774 3658 2845; x_wconf 78' lang='grc' dir='ltr'>αἵματος</span> <span class='ocrx_word' id='word_1_460' title='bbox 3688 2772 3747 2827; x_wconf 74' lang='grc' dir='ltr'><strong>τὸ</strong></span> 
     </span>
    </p>
   </div>
   <div class='ocr_carea' id='block_1_60' title="bbox 2171 2863 3747 2938">
    <p class='ocr_par' dir='ltr' id='par_1_60' title="bbox 2171 2863 3747 2938">
     <span class='ocr_line' id='line_1_60' title="bbox 2171 2863 3747 2938; baseline 0.003 -22"><span class='ocrx_word' id='word_1_461' title='bbox 2171 2868 2283 2927; x_wconf 84' lang='grc' dir='ltr'>τοῖς</span> <span class='ocrx_word' id='word_1_462' title='bbox 2303 2863 2539 2927; x_wconf 83' lang='grc' dir='ltr'>ἀνοσίοις</span> <span class='ocrx_word' id='word_1_463' title='bbox 2567 2865 2865 2936; x_wconf 87' lang='grc' dir='ltr'>αἱρετικοῖς</span> <span class='ocrx_word' id='word_1_464' title='bbox 2886 2863 3298 2929; x_wconf 80' lang='grc' dir='ltr'>συναυλίζεσθαι</span> <span class='ocrx_word' id='word_1_465' title='bbox 3322 2866 3517 2934; x_wconf 83' lang='grc' dir='ltr'>φιλεῖν,</span> <span class='ocrx_word' id='word_1_466' title='bbox 3540 2866 3747 2938; x_wconf 77' lang='grc' dir='ltr'>καὶτῆς</span> 
     </span>
    </p>
   </div>
   <div class='ocr_carea' id='block_1_61' title="bbox 2173 2955 3749 3031">
    <p class='ocr_par' dir='ltr' id='par_1_61' title="bbox 2173 2955 3749 3031">
     <span class='ocr_line' id='line_1_61' title="bbox 2173 2955 3749 3031; baseline 0.003 -22"><span class='ocrx_word' id='word_1_467' title='bbox 2173 2957 2309 3027; x_wconf 80' lang='grc' dir='ltr'>πρὸς</span> <span class='ocrx_word' id='word_1_468' title='bbox 2333 2955 2573 3017; x_wconf 77' lang='grc' dir='ltr'>ἐκείνους</span> <span class='ocrx_word' id='word_1_469' title='bbox 2598 2956 2918 3026; x_wconf 83' lang='grc' dir='ltr'>ἀντέχεσθαι</span> <span class='ocrx_word' id='word_1_470' title='bbox 2966 2957 3268 3020; x_wconf 82' lang='grc' dir='ltr'>κοινωνίας.</span> <span class='ocrx_word' id='word_1_471' title='bbox 3298 2958 3443 3023; x_wconf 81' lang='grc' dir='ltr'><strong>Ἐξω</strong></span> <span class='ocrx_word' id='word_1_472' title='bbox 3467 2959 3575 3031; x_wconf 79' lang='grc' dir='ltr'><strong>γὰρ</strong></span> <span class='ocrx_word' id='word_1_473' title='bbox 3601 2958 3749 3014; x_wconf 81' lang='grc' dir='ltr'>θύου-</span> 
     </span>
    </p>
   </div>
   <div class='ocr_carea' id='block_1_62' title="bbox 495 3047 2071 3143">
    <p class='ocr_par' dir='ltr' id='par_1_62' title="bbox 495 3050 2066 3123">
     <span class='ocr_line' id='line_1_62' title="bbox 495 3050 2066 3123; baseline -0.003 -15"><span class='ocrx_word' id='word_1_474' title='bbox 495 3054 541 3108; x_wconf 86' lang='lat' dir='ltr'><strong>si</strong></span> <span class='ocrx_word' id='word_1_475' title='bbox 575 3054 699 3123; x_wconf 86' lang='lat' dir='ltr'><strong>quis</strong></span> <span class='ocrx_word' id='word_1_476' title='bbox 742 3068 867 3107; x_wconf 90' lang='lat' dir='ltr'><strong>cum</strong></span> <span class='ocrx_word' id='word_1_477' title='bbox 911 3051 1095 3121; x_wconf 85' lang='lat' dir='ltr'><strong>impiis</strong></span> <span class='ocrx_word' id='word_1_478' title='bbox 1124 3051 1398 3106; x_wconf 67' lang='lat' dir='ltr'><strong>haereticis</strong></span> <span class='ocrx_word' id='word_1_479' title='bbox 1427 3050 1678 3106; x_wconf 87' lang='lat' dir='ltr'><strong>habitare</strong></span> <span class='ocrx_word' id='word_1_480' title='bbox 1723 3058 2066 3113; x_wconf 90' lang='lat' dir='ltr'><strong>consuescat,</strong></span> 
     </span>
    </p>
   </div>
   <div class='ocr_carea' id='block_1_63' title="bbox 2170 3047 3751 3143">
    <p class='ocr_par' dir='ltr' id='par_1_63' title="bbox 2177 3047 3751 3123">
     <span class='ocr_line' id='line_1_63' title="bbox 2177 3047 3751 3123; baseline 0.002 -22"><span class='ocrx_word' id='word_1_481' title='bbox 2177 3065 2229 3101; x_wconf 88' lang='grc' dir='ltr'><strong>σι</strong></span> <span class='ocrx_word' id='word_1_482' title='bbox 2258 3048 2357 3119; x_wconf 83' lang='grc' dir='ltr'><strong>τῆς</strong></span> <span class='ocrx_word' id='word_1_483' title='bbox 2395 3048 2556 3115; x_wconf 82' lang='grc' dir='ltr'>ἁγίας</span> <span class='ocrx_word' id='word_1_484' title='bbox 2586 3048 2812 3118; x_wconf 81' lang='grc' dir='ltr'>σκηνῆς,</span> <span class='ocrx_word' id='word_1_485' title='bbox 2844 3047 2906 3100; x_wconf 88' lang='lat'><strong>1:6</strong></span> <span class='ocrx_word' id='word_1_486' title='bbox 2941 3050 3071 3118; x_wconf 73' lang='grc' dir='ltr'>περὶ</span> <span class='ocrx_word' id='word_1_487' title='bbox 3102 3050 3201 3119; x_wconf 86' lang='grc' dir='ltr'><strong>τῆς</strong></span> <span class='ocrx_word' id='word_1_488' title='bbox 3238 3050 3540 3123; x_wconf 85' lang='grc' dir='ltr'>ἁμαρτίας,</span> <span class='ocrx_word' id='word_1_489' title='bbox 3566 3051 3669 3107; x_wconf 83' lang='grc' dir='ltr'><strong>οὐκ</strong></span> <span class='ocrx_word' id='word_1_490' title='bbox 3695 3053 3751 3106; x_wconf 80' lang='grc' dir='ltr'>ὲν</span> 
     </span>
    </p>
   </div>
   <div class='ocr_carea' id='block_1_64' title="bbox 494 3141 2072 3215">
    <p class='ocr_par' dir='ltr' id='par_1_64' title="bbox 494 3141 2072 3215">
     <span class='ocr_line' id='line_1_64' title="bbox 494 3141 2072 3215; baseline -0.003 -15"><span class='ocrx_word' id='word_1_491' title='bbox 494 3159 663 3215; x_wconf 84' lang='lat' dir='ltr'><strong>seque</strong></span> <span class='ocrx_word' id='word_1_492' title='bbox 718 3143 963 3213; x_wconf 89' lang='lat' dir='ltr'><strong>ipsorum</strong></span> <span class='ocrx_word' id='word_1_493' title='bbox 997 3142 1245 3197; x_wconf 89' lang='lat' dir='ltr'><strong>societati</strong></span> <span class='ocrx_word' id='word_1_494' title='bbox 1268 3144 1582 3213; x_wconf 82' lang='lat' dir='ltr'><strong>conjungat.</strong></span> <span class='ocrx_word' id='word_1_495' title='bbox 1613 3141 1825 3212; x_wconf 83' lang='lat' dir='ltr'><strong>Quippe</strong></span> <span class='ocrx_word' id='word_1_496' title='bbox 1845 3142 1940 3212; x_wconf 91' lang='lat' dir='ltr'><strong>qui</strong></span> <span class='ocrx_word' id='word_1_497' title='bbox 1972 3158 2072 3196; x_wconf 83' lang='lat' dir='ltr'><strong>ex-</strong></span> 
     </span>
    </p>
   </div>
   <div class='ocr_carea' id='block_1_65' title="bbox 499 3234 2070 3303">
    <p class='ocr_par' dir='ltr' id='par_1_65' title="bbox 499 3234 2070 3303">
     <span class='ocr_line' id='line_1_65' title="bbox 499 3234 2070 3303; baseline 0.001 -16"><span class='ocrx_word' id='word_1_498' title='bbox 499 3240 583 3288; x_wconf 91' lang='lat' dir='ltr'><strong>tra</strong></span> <span class='ocrx_word' id='word_1_499' title='bbox 627 3235 1045 3289; x_wconf 88' lang='lat' dir='ltr'><strong>tabernaculum</strong></span> <span class='ocrx_word' id='word_1_500' title='bbox 1085 3241 1338 3288; x_wconf 88' lang='lat' dir='ltr'><strong>sanctum</strong></span> <span class='ocrx_word' id='word_1_501' title='bbox 1372 3234 1657 3288; x_wconf 90' lang='lat' dir='ltr'><strong>immolent</strong></span> <span class='ocrx_word' id='word_1_502' title='bbox 1702 3249 1801 3303; x_wconf 93' lang='lat' dir='ltr'><strong>pro</strong></span> <span class='ocrx_word' id='word_1_503' title='bbox 1826 3242 2070 3303; x_wconf 87' lang='lat' dir='ltr'><strong>peccato,</strong></span> 
     </span>
    </p>
   </div>
   <div class='ocr_carea' id='block_1_66' title="bbox 495 3324 2069 3380">
    <p class='ocr_par' dir='ltr' id='par_1_66' title="bbox 495 3324 2069 3380">
     <span class='ocr_line' id='line_1_66' title="bbox 495 3324 2069 3380; baseline 0 0"><span class='ocrx_word' id='word_1_504' title='bbox 495 3340 601 3380; x_wconf 88' lang='lat' dir='ltr'><strong>nec</strong></span> <span class='ocrx_word' id='word_1_505' title='bbox 638 3326 695 3379; x_wconf 91' lang='lat' dir='ltr'><strong>in</strong></span> <span class='ocrx_word' id='word_1_506' title='bbox 731 3325 868 3380; x_wconf 92' lang='lat' dir='ltr'><strong>locis</strong></span> <span class='ocrx_word' id='word_1_507' title='bbox 895 3325 1099 3379; x_wconf 90' lang='lat' dir='ltr'><strong>sanctis</strong></span> <span class='ocrx_word' id='word_1_508' title='bbox 1123 3334 1371 3380; x_wconf 88' lang='lat' dir='ltr'><strong>sanctum</strong></span> <span class='ocrx_word' id='word_1_509' title='bbox 1397 3324 1691 3380; x_wconf 90' lang='lat' dir='ltr'><strong>conﬁciant</strong></span> <span class='ocrx_word' id='word_1_510' title='bbox 1719 3325 2069 3380; x_wconf 89' lang='lat' dir='ltr'><strong>sacriﬁcium.</strong></span> 
     </span>
    </p>
   </div>
   <div class='ocr_carea' id='block_1_67' title="bbox 497 3415 2073 3479">
    <p class='ocr_par' dir='ltr' id='par_1_67' title="bbox 497 3415 2073 3479">
     <span class='ocr_line' id='line_1_67' title="bbox 497 3415 2073 3479; baseline -0.001 -8"><span class='ocrx_word' id='word_1_511' title='bbox 497 3416 615 3471; x_wconf 89' lang='lat' dir='ltr'><strong>Una</strong></span> <span class='ocrx_word' id='word_1_512' title='bbox 655 3415 804 3469; x_wconf 91' lang='lat' dir='ltr'><strong>enim</strong></span> <span class='ocrx_word' id='word_1_513' title='bbox 853 3423 938 3469; x_wconf 87' lang='lat' dir='ltr'><strong>est</strong></span> <span class='ocrx_word' id='word_1_514' title='bbox 982 3416 1246 3479; x_wconf 84' lang='lat' dir='ltr'><strong>Ecclesia,</strong></span> <span class='ocrx_word' id='word_1_515' title='bbox 1296 3415 1440 3470; x_wconf 88' lang='lat' dir='ltr'><strong>sicut</strong></span> <span class='ocrx_word' id='word_1_516' title='bbox 1487 3424 1543 3469; x_wconf 90' lang='lat' dir='ltr'><strong>et</strong></span> <span class='ocrx_word' id='word_1_517' title='bbox 1590 3416 1721 3470; x_wconf 90' lang='lat' dir='ltr'><strong>olim</strong></span> <span class='ocrx_word' id='word_1_518' title='bbox 1768 3416 1872 3471; x_wconf 84' lang='lat' dir='ltr'><strong>fuit</strong></span> <span class='ocrx_word' id='word_1_519' title='bbox 1904 3432 2073 3470; x_wconf 90' lang='lat' dir='ltr'><strong>unum</strong></span> 
     </span>
    </p>
   </div>
   <div class='ocr_carea' id='block_1_68' title="bbox 501 3504 2076 3573">
    <p class='ocr_par' dir='ltr' id='par_1_68' title="bbox 501 3504 2076 3573">
     <span class='ocr_line' id='line_1_68' title="bbox 501 3504 2076 3573; baseline 0.001 -15"><span class='ocrx_word' id='word_1_520' title='bbox 501 3504 787 3573; x_wconf 89' lang='lat' dir='ltr'><strong>templum,</strong></span> <span class='ocrx_word' id='word_1_521' title='bbox 825 3519 1104 3573; x_wconf 88' lang='lat' dir='ltr'><strong>unumque</strong></span> <span class='ocrx_word' id='word_1_522' title='bbox 1143 3505 1560 3558; x_wconf 86' lang='lat' dir='ltr'><strong>tabernaculum</strong></span> <span class='ocrx_word' id='word_1_523' title='bbox 1614 3504 1762 3573; x_wconf 92' lang='lat' dir='ltr'><strong>quod</strong></span> <span class='ocrx_word' id='word_1_524' title='bbox 1814 3504 2076 3560; x_wconf 70' lang='lat' dir='ltr'><strong>Ecclesiae</strong></span> 
     </span>
    </p>
   </div>
   <div class='ocr_carea' id='block_1_69' title="bbox 499 3594 2075 3667">
    <p class='ocr_par' dir='ltr' id='par_1_69' title="bbox 499 3594 2075 3667">
     <span class='ocr_line' id='line_1_69' title="bbox 499 3594 2075 3667; baseline -0.001 -17"><span class='ocrx_word' id='word_1_525' title='bbox 499 3595 823 3667; x_wconf 81' lang='lat' dir='ltr'><strong>dignitatem</strong></span> <span class='ocrx_word' id='word_1_526' title='bbox 867 3595 1025 3664; x_wconf 89' lang='lat' dir='ltr'><strong>quasi</strong></span> <span class='ocrx_word' id='word_1_527' title='bbox 1061 3596 1117 3648; x_wconf 90' lang='lat' dir='ltr'><strong>in</strong></span> <span class='ocrx_word' id='word_1_528' title='bbox 1150 3595 1293 3666; x_wconf 80' lang='lat' dir='ltr'><strong>typis</strong></span> <span class='ocrx_word' id='word_1_529' title='bbox 1332 3594 1791 3664; x_wconf 63' lang='lat' dir='ltr'><strong>praemonstravit.</strong></span> <span class='ocrx_word' id='word_1_530' title='bbox 1820 3595 2075 3650; x_wconf 88' lang='lat' dir='ltr'><strong>Immola-</strong></span> 
     </span>
    </p>
   </div>
   <div class='ocr_carea' id='block_1_70' title="bbox 501 3685 2075 3758">
    <p class='ocr_par' dir='ltr' id='par_1_70' title="bbox 501 3685 2075 3758">
     <span class='ocr_line' id='line_1_70' title="bbox 501 3685 2075 3758; baseline -0.001 -17"><span class='ocrx_word' id='word_1_531' title='bbox 501 3688 687 3741; x_wconf 86' lang='lat' dir='ltr'><strong>bimus</strong></span> <span class='ocrx_word' id='word_1_532' title='bbox 724 3686 890 3758; x_wconf 77' lang='lat' dir='ltr'><strong>igitur</strong></span> <span class='ocrx_word' id='word_1_533' title='bbox 917 3701 1020 3743; x_wconf 91' lang='lat' dir='ltr'><strong>nos</strong></span> <span class='ocrx_word' id='word_1_534' title='bbox 1051 3701 1153 3756; x_wconf 93' lang='lat' dir='ltr'><strong>pro</strong></span> <span class='ocrx_word' id='word_1_535' title='bbox 1176 3694 1404 3756; x_wconf 85' lang='lat' dir='ltr'><strong>peccato</strong></span> <span class='ocrx_word' id='word_1_536' title='bbox 1443 3685 1496 3739; x_wconf 92' lang='lat' dir='ltr'><strong>in</strong></span> <span class='ocrx_word' id='word_1_537' title='bbox 1532 3685 1673 3739; x_wconf 88' lang='lat' dir='ltr'><strong>atrio</strong></span> <span class='ocrx_word' id='word_1_538' title='bbox 1701 3693 1909 3749; x_wconf 85' lang='lat' dir='ltr'><strong>sancto,</strong></span> <span class='ocrx_word' id='word_1_539' title='bbox 1942 3685 2075 3740; x_wconf 88' lang='lat' dir='ltr'><strong>ede-</strong></span> 
     </span>
    </p>
   </div>
   <div class='ocr_carea' id='block_1_71' title="bbox 500 3774 2108 3846">
    <p class='ocr_par' dir='ltr' id='par_1_71' title="bbox 500 3774 2108 3846">
     <span class='ocr_line' id='line_1_71' title="bbox 500 3774 2108 3846; baseline 0.001 -17"><span class='ocrx_word' id='word_1_540' title='bbox 500 3790 731 3844; x_wconf 89' lang='lat' dir='ltr'><strong>musque</strong></span> <span class='ocrx_word' id='word_1_541' title='bbox 765 3775 833 3830; x_wconf 90' lang='lat' dir='ltr'><strong>de</strong></span> <span class='ocrx_word' id='word_1_542' title='bbox 871 3774 1131 3830; x_wconf 89' lang='lat' dir='ltr'><strong>carnibus</strong></span> <span class='ocrx_word' id='word_1_543' title='bbox 1158 3774 1388 3838; x_wconf 89' lang='lat' dir='ltr'><strong>sanctis,</strong></span> <span class='ocrx_word' id='word_1_544' title='bbox 1431 3774 1538 3829; x_wconf 89' lang='lat' dir='ltr'><strong>hoc</strong></span> <span class='ocrx_word' id='word_1_545' title='bbox 1574 3782 1677 3839; x_wconf 85' lang='lat' dir='ltr'><strong>est,</strong></span> <span class='ocrx_word' id='word_1_546' title='bbox 1713 3775 1956 3846; x_wconf 68' lang='lat' dir='ltr'><strong>mystica:</strong></span> <span class='ocrx_word' id='word_1_547' title='bbox 1981 3775 2108 3831; x_wconf 54' lang='lat' dir='ltr'><strong>ben</strong></span> 
     </span>
    </p>
   </div>
   <div class='ocr_carea' id='block_1_72' title="bbox 501 3866 2077 3938">
    <p class='ocr_par' dir='ltr' id='par_1_72' title="bbox 501 3866 2077 3938">
     <span class='ocr_line' id='line_1_72' title="bbox 501 3866 2077 3938; baseline 0.001 -16"><span class='ocrx_word' id='word_1_548' title='bbox 501 3868 834 3923; x_wconf 89' lang='lat' dir='ltr'><strong>nedictionis</strong></span> <span class='ocrx_word' id='word_1_549' title='bbox 880 3867 1177 3938; x_wconf 89' lang='lat' dir='ltr'><strong>participes</strong></span> <span class='ocrx_word' id='word_1_550' title='bbox 1230 3866 1356 3921; x_wconf 82' lang='lat' dir='ltr'><strong>facti</strong></span> <span class='ocrx_word' id='word_1_551' title='bbox 1406 3866 1890 3922; x_wconf 87' lang='lat' dir='ltr'><strong>sanctiﬁcabimur.</strong></span> <span class='ocrx_word' id='word_1_552' title='bbox 1920 3869 2077 3935; x_wconf 90' lang='lat' dir='ltr'><strong>Quod</strong></span> 
     </span>
    </p>
   </div>
   <div class='ocr_carea' id='block_1_73' title="bbox 501 3957 2080 4031">
    <p class='ocr_par' dir='ltr' id='par_1_73' title="bbox 501 3957 2080 4031">
     <span class='ocr_line' id='line_1_73' title="bbox 501 3957 2080 4031; baseline 0.001 -17"><span class='ocrx_word' id='word_1_553' title='bbox 501 3959 679 4029; x_wconf 87' lang='lat' dir='ltr'><strong>ipsum</strong></span> <span class='ocrx_word' id='word_1_554' title='bbox 712 3968 945 4015; x_wconf 89' lang='lat' dir='ltr'><strong>testatur</strong></span> <span class='ocrx_word' id='word_1_555' title='bbox 981 3959 1070 4013; x_wconf 79' lang='lat' dir='ltr'><strong>lex</strong></span> <span class='ocrx_word' id='word_1_556' title='bbox 1100 3972 1229 4014; x_wconf 88' lang='lat' dir='ltr'><strong>cum</strong></span> <span class='ocrx_word' id='word_1_557' title='bbox 1257 3957 1373 4012; x_wconf 90' lang='lat' dir='ltr'><strong>ait:</strong></span> <span class='ocrx_word' id='word_1_558' title='bbox 1427 3976 1446 4009; x_wconf 78' lang='grc' dir='ltr'><strong>ι</strong></span> <span class='ocrx_word' id='word_1_559' title='bbox 1482 3957 1806 4028; x_wconf 86' lang='lat' dir='ltr'><strong>Quicunque</strong></span> <span class='ocrx_word' id='word_1_560' title='bbox 1840 3960 2080 4031; x_wconf 79' lang='lat' dir='ltr'><strong>tetigerit</strong></span> 
     </span>
    </p>
   </div>
   <div class='ocr_carea' id='block_1_74' title="bbox 502 4049 2079 4120">
    <p class='ocr_par' dir='ltr' id='par_1_74' title="bbox 502 4049 2079 4120">
     <span class='ocr_line' id='line_1_74' title="bbox 502 4049 2079 4120; baseline 0.001 -14"><span class='ocrx_word' id='word_1_561' title='bbox 502 4051 571 4106; x_wconf 92' lang='lat' dir='ltr'><strong>de</strong></span> <span class='ocrx_word' id='word_1_562' title='bbox 626 4050 889 4105; x_wconf 89' lang='lat' dir='ltr'><strong>carnibus</strong></span> <span class='ocrx_word' id='word_1_563' title='bbox 938 4051 1112 4120; x_wconf 91' lang='lat' dir='ltr'><strong>ipsius</strong></span> <span class='ocrx_word' id='word_1_564' title='bbox 1162 4049 1597 4105; x_wconf 89' lang='lat' dir='ltr'><strong>sanctiﬁcabitur</strong></span> <span class='ocrx_word' id='word_1_565' title='bbox 1652 4050 1717 4105; x_wconf 77' lang='lat'><strong>“.</strong></span> <span class='ocrx_word' id='word_1_566' title='bbox 1755 4070 1774 4102; x_wconf 74' lang='grc' dir='ltr'><strong>ι</strong></span> <span class='ocrx_word' id='word_1_567' title='bbox 1827 4050 1971 4118; x_wconf 87' lang='lat' dir='ltr'><strong>Quin</strong></span> <span class='ocrx_word' id='word_1_568' title='bbox 2023 4060 2079 4107; x_wconf 89' lang='lat' dir='ltr'><strong>et</strong></span> 
     </span>
    </p>
   </div>
   <div class='ocr_carea' id='block_1_75' title="bbox 504 4138 2080 4210">
    <p class='ocr_par' dir='ltr' id='par_1_75' title="bbox 504 4138 2080 4210">
     <span class='ocr_line' id='line_1_75' title="bbox 504 4138 2080 4210; baseline 0.003 -17"><span class='ocrx_word' id='word_1_569' title='bbox 504 4139 749 4207; x_wconf 83' lang='lat' dir='ltr'><strong>aspersio</strong></span> <span class='ocrx_word' id='word_1_570' title='bbox 768 4139 1048 4207; x_wconf 81' lang='lat' dir='ltr'><strong>sanguinis</strong></span> <span class='ocrx_word' id='word_1_571' title='bbox 1069 4138 1138 4193; x_wconf 92' lang='lat' dir='ltr'><strong>de</strong></span> <span class='ocrx_word' id='word_1_572' title='bbox 1164 4139 1271 4193; x_wconf 87' lang='lat' dir='ltr'><strong>hoc</strong></span> <span class='ocrx_word' id='word_1_573' title='bbox 1293 4139 1564 4194; x_wconf 89' lang='lat' dir='ltr'><strong>sacriﬁcio</strong></span> <span class='ocrx_word' id='word_1_574' title='bbox 1584 4141 1733 4210; x_wconf 91' lang='lat' dir='ltr'><strong>paris</strong></span> <span class='ocrx_word' id='word_1_575' title='bbox 1755 4141 1977 4197; x_wconf 87' lang='lat' dir='ltr'><strong>virtutis</strong></span> <span class='ocrx_word' id='word_1_576' title='bbox 1994 4154 2080 4198; x_wconf 85' lang='lat' dir='ltr'><strong>est</strong></span> 
     </span>
    </p>
   </div>
   <div class='ocr_carea' id='block_1_76' title="bbox 504 4227 2074 4299">
    <p class='ocr_par' dir='ltr' id='par_1_76' title="bbox 504 4227 2074 4299">
     <span class='ocr_line' id='line_1_76' title="bbox 504 4227 2074 4299; baseline 0.003 -15"><span class='ocrx_word' id='word_1_577' title='bbox 504 4230 574 4284; x_wconf 81' lang='lat' dir='ltr'><strong>ad</strong></span> <span class='ocrx_word' id='word_1_578' title='bbox 624 4229 906 4299; x_wconf 80' lang='lat' dir='ltr'><strong>mysticam</strong></span> <span class='ocrx_word' id='word_1_579' title='bbox 958 4227 1418 4283; x_wconf 78' lang='lat' dir='ltr'><strong>benedictionem.</strong></span> <span class='ocrx_word' id='word_1_580' title='bbox 1466 4232 1705 4286; x_wconf 85' lang='lat' dir='ltr'><strong>Rursum</strong></span> <span class='ocrx_word' id='word_1_581' title='bbox 1757 4234 1904 4288; x_wconf 86' lang='lat' dir='ltr'><strong>enim</strong></span> <span class='ocrx_word' id='word_1_582' title='bbox 1962 4235 2074 4288; x_wconf 89' lang='lat' dir='ltr'><strong>ait:</strong></span> 
     </span>
    </p>
   </div>
   <div class='ocr_carea' id='block_1_77' title="bbox 409 4318 2079 4394">
    <p class='ocr_par' dir='ltr' id='par_1_77' title="bbox 409 4318 2079 4394">
     <span class='ocr_line' id='line_1_77' title="bbox 409 4318 2079 4394; baseline 0.006 -24"><span class='ocrx_word' id='word_1_583' title='bbox 409 4351 412 4355; x_wconf 60' lang='grc' dir='ltr'><strong>ι</strong></span> <span class='ocrx_word' id='word_1_584' title='bbox 514 4338 535 4371; x_wconf 74' lang='grc' dir='ltr'><strong>ι</strong></span> <span class='ocrx_word' id='word_1_585' title='bbox 559 4318 1005 4387; x_wconf 86' lang='lat' dir='ltr'><strong>Quandocunque</strong></span> <span class='ocrx_word' id='word_1_586' title='bbox 1028 4333 1310 4388; x_wconf 89' lang='lat' dir='ltr'><strong>aspersum</strong></span> <span class='ocrx_word' id='word_1_587' title='bbox 1332 4320 1498 4374; x_wconf 81' lang='lat' dir='ltr'><strong>fuerit</strong></span> <span class='ocrx_word' id='word_1_588' title='bbox 1518 4321 1585 4376; x_wconf 91' lang='lat' dir='ltr'><strong>de</strong></span> <span class='ocrx_word' id='word_1_589' title='bbox 1616 4324 1877 4393; x_wconf 78' lang='lat' dir='ltr'><strong>sanguine</strong></span> <span class='ocrx_word' id='word_1_590' title='bbox 1906 4324 2079 4394; x_wconf 91' lang='lat' dir='ltr'><strong>ipsius</strong></span> 
     </span>
    </p>
   </div>
   <div class='ocr_carea' id='block_1_78' title="bbox 2175 3137 3751 3213">
    <p class='ocr_par' dir='ltr' id='par_1_78' title="bbox 2175 3137 3751 3213">
     <span class='ocr_line' id='line_1_78' title="bbox 2175 3137 3751 3213; baseline 0.005 -23"><span class='ocrx_word' id='word_1_591' title='bbox 2175 3138 2362 3200; x_wconf 87' lang='grc' dir='ltr'>τόποις</span> <span class='ocrx_word' id='word_1_592' title='bbox 2400 3138 2577 3205; x_wconf 82' lang='grc' dir='ltr'>ἁγίοις</span> <span class='ocrx_word' id='word_1_593' title='bbox 2620 3137 2719 3209; x_wconf 83' lang='grc' dir='ltr'>τὴν</span> <span class='ocrx_word' id='word_1_594' title='bbox 2766 3139 2915 3208; x_wconf 73' lang='grc' dir='ltr'>ἱερὰν</span> <span class='ocrx_word' id='word_1_595' title='bbox 2943 3138 3157 3192; x_wconf 88' lang='grc' dir='ltr'>τελοῦσι</span> <span class='ocrx_word' id='word_1_596' title='bbox 3179 3139 3389 3197; x_wconf 85' lang='grc' dir='ltr'>θυσίαν.</span> <span class='ocrx_word' id='word_1_597' title='bbox 3427 3142 3543 3197; x_wconf 85' lang='grc' dir='ltr'>Μία</span> <span class='ocrx_word' id='word_1_598' title='bbox 3577 3143 3687 3213; x_wconf 77' lang='grc' dir='ltr'>γὰρ</span> <span class='ocrx_word' id='word_1_599' title='bbox 3716 3145 3751 3213; x_wconf 72' lang='grc' dir='ltr'>ἡ</span> 
     </span>
    </p>
   </div>
   <div class='ocr_carea' id='block_1_79' title="bbox 2189 3229 3754 3306">
    <p class='ocr_par' dir='ltr' id='par_1_79' title="bbox 2189 3229 3754 3306">
     <span class='ocr_line' id='line_1_79' title="bbox 2189 3229 3754 3306; baseline 0.004 -24"><span class='ocrx_word' id='word_1_600' title='bbox 2189 3229 2504 3299; x_wconf 83' lang='grc' dir='ltr'>Ἐκκλησία,</span> <span class='ocrx_word' id='word_1_601' title='bbox 2566 3229 2712 3283; x_wconf 83' lang='grc' dir='ltr'>καθὰ</span> <span class='ocrx_word' id='word_1_602' title='bbox 2768 3230 2865 3285; x_wconf 69' lang='grc' dir='ltr'>καὶ</span> <span class='ocrx_word' id='word_1_603' title='bbox 2909 3232 2937 3284; x_wconf 89' lang='grc' dir='ltr'>ὁ</span> <span class='ocrx_word' id='word_1_604' title='bbox 2985 3230 3157 3285; x_wconf 76' lang='grc' dir='ltr'>πάλαι</span> <span class='ocrx_word' id='word_1_605' title='bbox 3202 3233 3351 3297; x_wconf 83' lang='grc' dir='ltr'>ναὸς,</span> <span class='ocrx_word' id='word_1_606' title='bbox 3390 3234 3486 3306; x_wconf 90' lang='grc' dir='ltr'><strong>μία</strong></span> <span class='ocrx_word' id='word_1_607' title='bbox 3511 3235 3568 3288; x_wconf 84' lang='grc' dir='ltr'><strong>δὲ</strong></span> <span class='ocrx_word' id='word_1_608' title='bbox 3600 3237 3754 3304; x_wconf 77' lang='grc' dir='ltr'>καὶὴ</span> 
     </span>
    </p>
   </div>
   <div class='ocr_carea' id='block_1_80' title="bbox 2177 3321 3755 3392">
    <p class='ocr_par' dir='ltr' id='par_1_80' title="bbox 2177 3321 3755 3392">
     <span class='ocr_line' id='line_1_80' title="bbox 2177 3321 3755 3392; baseline 0.006 -19"><span class='ocrx_word' id='word_1_609' title='bbox 2177 3322 2374 3392; x_wconf 83' lang='grc' dir='ltr'>σκηνὴ,</span> <span class='ocrx_word' id='word_1_610' title='bbox 2402 3321 2501 3391; x_wconf 87' lang='grc' dir='ltr'><strong>τῆς</strong></span> <span class='ocrx_word' id='word_1_611' title='bbox 2544 3321 2873 3392; x_wconf 86' lang='grc' dir='ltr'>Ἐκκλησίας</span> <span class='ocrx_word' id='word_1_612' title='bbox 2917 3322 2978 3376; x_wconf 82' lang='grc' dir='ltr'>τὸ</span> <span class='ocrx_word' id='word_1_613' title='bbox 3021 3324 3220 3389; x_wconf 83' lang='grc' dir='ltr'>κάλλος</span> <span class='ocrx_word' id='word_1_614' title='bbox 3252 3326 3328 3390; x_wconf 86' lang='grc' dir='ltr'>ὡς</span> <span class='ocrx_word' id='word_1_615' title='bbox 3360 3328 3418 3380; x_wconf 82' lang='grc' dir='ltr'>ὲν</span> <span class='ocrx_word' id='word_1_616' title='bbox 3452 3327 3642 3391; x_wconf 82' lang='grc' dir='ltr'>τύποις</span> <span class='ocrx_word' id='word_1_617' title='bbox 3673 3328 3755 3383; x_wconf 74' lang='grc' dir='ltr'>ἔτι</span> 
     </span>
    </p>
   </div>
   <div class='ocr_carea' id='block_1_81' title="bbox 2178 3413 3756 3493">
    <p class='ocr_par' dir='ltr' id='par_1_81' title="bbox 2178 3413 3756 3493">
     <span class='ocr_line' id='line_1_81' title="bbox 2178 3413 3756 3493; baseline 0.007 -30"><span class='ocrx_word' id='word_1_618' title='bbox 2178 3413 2679 3483; x_wconf 81' lang='grc' dir='ltr'>προαναφαίνουσα.</span> <span class='ocrx_word' id='word_1_619' title='bbox 2709 3414 2959 3484; x_wconf 83' lang='grc' dir='ltr'>Θύσομεν</span> <span class='ocrx_word' id='word_1_620' title='bbox 2987 3417 3167 3471; x_wconf 84' lang='grc' dir='ltr'>τοίνυν</span> <span class='ocrx_word' id='word_1_621' title='bbox 3190 3419 3349 3487; x_wconf 81' lang='grc' dir='ltr'>ἡμεῖς</span> <span class='ocrx_word' id='word_1_622' title='bbox 3373 3419 3434 3472; x_wconf 80' lang='grc' dir='ltr'>τὸ</span> <span class='ocrx_word' id='word_1_623' title='bbox 3461 3421 3558 3490; x_wconf 86' lang='grc' dir='ltr'><strong>τῆς</strong></span> <span class='ocrx_word' id='word_1_624' title='bbox 3580 3423 3756 3493; x_wconf 84' lang='grc' dir='ltr'>ἁμαρ-</span> 
     </span>
    </p>
   </div>
   <div class='ocr_carea' id='block_1_82' title="bbox 2175 3504 3758 3581">
    <p class='ocr_par' dir='ltr' id='par_1_82' title="bbox 2175 3504 3758 3581">
     <span class='ocr_line' id='line_1_82' title="bbox 2175 3504 3758 3581; baseline 0.007 -23"><span class='ocrx_word' id='word_1_625' title='bbox 2175 3505 2317 3569; x_wconf 88' lang='grc' dir='ltr'>τίας,</span> <span class='ocrx_word' id='word_1_626' title='bbox 2348 3504 2421 3568; x_wconf 86' lang='grc' dir='ltr'>ὼς</span> <span class='ocrx_word' id='word_1_627' title='bbox 2472 3506 2530 3558; x_wconf 81' lang='grc' dir='ltr'>ἐν</span> <span class='ocrx_word' id='word_1_628' title='bbox 2564 3505 2700 3577; x_wconf 76' lang='grc' dir='ltr'>αὐλῇ</span> <span class='ocrx_word' id='word_1_629' title='bbox 2753 3507 2906 3577; x_wconf 73' lang='grc' dir='ltr'>ἁγίᾳ,</span> <span class='ocrx_word' id='word_1_630' title='bbox 2967 3507 3064 3562; x_wconf 67' lang='grc' dir='ltr'><strong>καὶ</strong></span> <span class='ocrx_word' id='word_1_631' title='bbox 3112 3510 3397 3580; x_wconf 83' lang='grc' dir='ltr'>φαγόμεθα</span> <span class='ocrx_word' id='word_1_632' title='bbox 3428 3512 3535 3565; x_wconf 87' lang='grc' dir='ltr'><strong>τῶν</strong></span> <span class='ocrx_word' id='word_1_633' title='bbox 3583 3514 3758 3581; x_wconf 80' lang='grc' dir='ltr'>ἁγίων</span> 
     </span>
    </p>
   </div>
   <div class='ocr_carea' id='block_1_83' title="bbox 2176 3595 3760 3673">
    <p class='ocr_par' dir='ltr' id='par_1_83' title="bbox 2176 3595 3760 3673">
     <span class='ocr_line' id='line_1_83' title="bbox 2176 3595 3760 3673; baseline 0.006 -26"><span class='ocrx_word' id='word_1_634' title='bbox 2176 3595 2384 3666; x_wconf 88' lang='grc' dir='ltr'>κρεῶν,</span> <span class='ocrx_word' id='word_1_635' title='bbox 2424 3595 2692 3660; x_wconf 82' lang='grc' dir='ltr'>τουτέστι,</span> <span class='ocrx_word' id='word_1_636' title='bbox 2730 3596 2832 3667; x_wconf 82' lang='grc' dir='ltr'><strong>τῆς</strong></span> <span class='ocrx_word' id='word_1_637' title='bbox 2874 3599 3144 3669; x_wconf 87' lang='grc' dir='ltr'>μυστικῆς</span> <span class='ocrx_word' id='word_1_638' title='bbox 3212 3599 3463 3669; x_wconf 80' lang='grc' dir='ltr'>εὐλογίας</span> <span class='ocrx_word' id='word_1_639' title='bbox 3512 3604 3570 3656; x_wconf 83' lang='grc' dir='ltr'>ἐν</span> <span class='ocrx_word' id='word_1_640' title='bbox 3631 3604 3760 3673; x_wconf 75' lang='grc' dir='ltr'>μεθο</span> 
     </span>
    </p>
   </div>
   <div class='ocr_carea' id='block_1_84' title="bbox 2176 3684 3759 3763">
    <p class='ocr_par' dir='ltr' id='par_1_84' title="bbox 2176 3684 3759 3763">
     <span class='ocr_line' id='line_1_84' title="bbox 2176 3684 3759 3763; baseline 0.007 -27"><span class='ocrx_word' id='word_1_641' title='bbox 2176 3684 2285 3750; x_wconf 78' lang='grc' dir='ltr'>έξει</span> <span class='ocrx_word' id='word_1_642' title='bbox 2307 3685 2591 3752; x_wconf 82' lang='grc' dir='ltr'>γεγονότες</span> <span class='ocrx_word' id='word_1_643' title='bbox 2607 3686 3074 3758; x_wconf 88' lang='grc' dir='ltr'>ἁγιασθησόμεθα.</span> <span class='ocrx_word' id='word_1_644' title='bbox 3094 3689 3202 3741; x_wconf 75' lang='lat' dir='ltr'><strong>Kal</strong></span> <span class='ocrx_word' id='word_1_645' title='bbox 3225 3692 3565 3763; x_wconf 78' lang='grc' dir='ltr'>μαρτυρήσει</span> <span class='ocrx_word' id='word_1_646' title='bbox 3580 3691 3759 3762; x_wconf 81' lang='grc' dir='ltr'>λέγων</span> 
     </span>
    </p>
   </div>
   <div class='ocr_carea' id='block_1_85' title="bbox 2175 3776 3760 3852">
    <p class='ocr_par' dir='ltr' id='par_1_85' title="bbox 2175 3776 3760 3852">
     <span class='ocr_line' id='line_1_85' title="bbox 2175 3776 3760 3852; baseline 0.006 -24"><span class='ocrx_word' id='word_1_647' title='bbox 2175 3776 2205 3828; x_wconf 87' lang='lat'><strong>6</strong></span> <span class='ocrx_word' id='word_1_648' title='bbox 2237 3777 2430 3846; x_wconf 76' lang='grc' dir='ltr'>νόμοςο</span> <span class='ocrx_word' id='word_1_649' title='bbox 2468 3794 2486 3828; x_wconf 86' lang='grc' dir='ltr'><strong>ι</strong></span> <span class='ocrx_word' id='word_1_650' title='bbox 2509 3776 2623 3839; x_wconf 82' lang='grc' dir='ltr'>Πᾶς</span> <span class='ocrx_word' id='word_1_651' title='bbox 2653 3778 2681 3829; x_wconf 90' lang='lat'><strong>6</strong></span> <span class='ocrx_word' id='word_1_652' title='bbox 2713 3777 3017 3848; x_wconf 83' lang='grc' dir='ltr'>ἁπτόμενος</span> <span class='ocrx_word' id='word_1_653' title='bbox 3033 3779 3143 3832; x_wconf 90' lang='grc' dir='ltr'><strong>τῶν</strong></span> <span class='ocrx_word' id='word_1_654' title='bbox 3174 3780 3351 3850; x_wconf 86' lang='grc' dir='ltr'>κρεῶν</span> <span class='ocrx_word' id='word_1_655' title='bbox 3372 3782 3561 3852; x_wconf 80' lang='grc' dir='ltr'>αὐτῆς,</span> <span class='ocrx_word' id='word_1_656' title='bbox 3593 3785 3760 3851; x_wconf 85' lang='grc' dir='ltr'>ἁγια-</span> 
     </span>
    </p>
   </div>
   <div class='ocr_carea' id='block_1_86' title="bbox 2179 3865 3759 3946">
    <p class='ocr_par' dir='ltr' id='par_1_86' title="bbox 2179 3865 3759 3946">
     <span class='ocr_line' id='line_1_86' title="bbox 2179 3865 3759 3946; baseline 0.008 -28"><span class='ocrx_word' id='word_1_657' title='bbox 2179 3865 2455 3938; x_wconf 83' lang='grc' dir='ltr'>σθήσεται.</span> <span class='ocrx_word' id='word_1_658' title='bbox 2485 3887 2505 3919; x_wconf 74' lang='grc' dir='ltr'><strong>ι</strong></span> <span class='ocrx_word' id='word_1_659' title='bbox 2564 3866 2704 3920; x_wconf 80' lang='grc' dir='ltr'>Ἀλλ’</span> <span class='ocrx_word' id='word_1_660' title='bbox 2734 3867 2882 3921; x_wconf 80' lang='grc' dir='ltr'>ἐστιν</span> <span class='ocrx_word' id='word_1_661' title='bbox 2942 3870 3222 3943; x_wconf 78' lang='grc' dir='ltr'>ίσοσθενὴς</span> <span class='ocrx_word' id='word_1_662' title='bbox 3256 3874 3336 3937; x_wconf 88' lang='grc' dir='ltr'><strong>είς</strong></span> <span class='ocrx_word' id='word_1_663' title='bbox 3368 3877 3634 3946; x_wconf 83' lang='grc' dir='ltr'>μυστικὴν</span> <span class='ocrx_word' id='word_1_664' title='bbox 3662 3877 3759 3930; x_wconf 82' lang='grc' dir='ltr'>εὐ-</span> 
     </span>
    </p>
   </div>
   <div class='ocr_carea' id='block_1_87' title="bbox 2178 3958 3753 4039">
    <p class='ocr_par' dir='ltr' id='par_1_87' title="bbox 2178 3958 3753 4039">
     <span class='ocr_line' id='line_1_87' title="bbox 2178 3958 3753 4039; baseline 0.01 -28"><span class='ocrx_word' id='word_1_665' title='bbox 2178 3958 2365 4029; x_wconf 88' lang='grc' dir='ltr'>λογίαν</span> <span class='ocrx_word' id='word_1_666' title='bbox 2436 3960 2534 4014; x_wconf 77' lang='grc' dir='ltr'>καὶ</span> <span class='ocrx_word' id='word_1_667' title='bbox 2589 3960 2619 4012; x_wconf 89' lang='lat'><strong>6</strong></span> <span class='ocrx_word' id='word_1_668' title='bbox 2670 3961 2963 4032; x_wconf 74' lang='grc' dir='ltr'>ῥαντισμὺς</span> <span class='ocrx_word' id='word_1_669' title='bbox 3010 3962 3101 4016; x_wconf 91' lang='grc' dir='ltr'><strong>τοῦ</strong></span> <span class='ocrx_word' id='word_1_670' title='bbox 3152 3965 3380 4035; x_wconf 80' lang='grc' dir='ltr'>αἵματος</span> <span class='ocrx_word' id='word_1_671' title='bbox 3407 3969 3507 4039; x_wconf 89' lang='grc' dir='ltr'><strong>τῆς</strong></span> <span class='ocrx_word' id='word_1_672' title='bbox 3539 3969 3753 4034; x_wconf 84' lang='grc' dir='ltr'>θυσίας.</span> 
     </span>
    </p>
   </div>
   <div class='ocr_carea' id='block_1_88' title="bbox 2183 4047 3757 4131">
    <p class='ocr_par' dir='ltr' id='par_1_88' title="bbox 2183 4047 3757 4131">
     <span class='ocr_line' id='line_1_88' title="bbox 2183 4047 3757 4131; baseline 0.006 -25"><span class='ocrx_word' id='word_1_673' title='bbox 2183 4053 2327 4124; x_wconf 80' lang='grc' dir='ltr'>Ἔφη</span> <span class='ocrx_word' id='word_1_674' title='bbox 2361 4053 2470 4125; x_wconf 80' lang='grc' dir='ltr'><strong>γὰρ</strong></span> <span class='ocrx_word' id='word_1_675' title='bbox 2502 4054 2695 4108; x_wconf 78' lang='grc' dir='ltr'>πάλινο</span> <span class='ocrx_word' id='word_1_676' title='bbox 2732 4071 2751 4105; x_wconf 78' lang='grc' dir='ltr'><strong>ι</strong></span> <span class='ocrx_word' id='word_1_677' title='bbox 2771 4055 2881 4108; x_wconf 81' lang='lat' dir='ltr'><strong>Kal</strong></span> <span class='ocrx_word' id='word_1_678' title='bbox 2911 4047 2954 4122; x_wconf 81' lang='grc' dir='ltr'>ᾧ</span> <span class='ocrx_word' id='word_1_679' title='bbox 2984 4054 3050 4109; x_wconf 82' lang='grc' dir='ltr'>ἂν</span> <span class='ocrx_word' id='word_1_680' title='bbox 3084 4057 3476 4131; x_wconf 77' lang='grc' dir='ltr'>ὲπιρραντισθῇ</span> <span class='ocrx_word' id='word_1_681' title='bbox 3508 4062 3616 4115; x_wconf 79' lang='grc' dir='ltr'><strong>ἀπὸ</strong></span> <span class='ocrx_word' id='word_1_682' title='bbox 3658 4063 3757 4117; x_wconf 88' lang='grc' dir='ltr'><strong>τοῦ</strong></span> 
     </span>
    </p>
   </div>
   <div class='ocr_carea' id='block_1_89' title="bbox 2178 4145 3760 4226">
    <p class='ocr_par' dir='ltr' id='par_1_89' title="bbox 2178 4145 3760 4226">
     <span class='ocr_line' id='line_1_89' title="bbox 2178 4145 3760 4226; baseline 0.006 -28"><span class='ocrx_word' id='word_1_683' title='bbox 2178 4145 2409 4216; x_wconf 85' lang='grc' dir='ltr'>αἵματος</span> <span class='ocrx_word' id='word_1_684' title='bbox 2449 4146 2641 4215; x_wconf 84' lang='grc' dir='ltr'>αὐτῆς,</span> <span class='ocrx_word' id='word_1_685' title='bbox 2689 4148 2781 4199; x_wconf 71' lang='grc' dir='ltr'><strong>ἐπὶ</strong></span> <span class='ocrx_word' id='word_1_686' title='bbox 2817 4147 2878 4200; x_wconf 79' lang='grc' dir='ltr'>τὸ</span> <span class='ocrx_word' id='word_1_687' title='bbox 2927 4148 3141 4218; x_wconf 74' lang='grc' dir='ltr'>ἱμάτιον</span> <span class='ocrx_word' id='word_1_688' title='bbox 3173 4150 3201 4202; x_wconf 85' lang='grc' dir='ltr'>ὃ</span> <span class='ocrx_word' id='word_1_689' title='bbox 3230 4150 3325 4204; x_wconf 76' lang='grc' dir='ltr'><strong>ἐὰν</strong></span> <span class='ocrx_word' id='word_1_690' title='bbox 3363 4153 3620 4226; x_wconf 80' lang='grc' dir='ltr'>ραντισθῇ</span> <span class='ocrx_word' id='word_1_691' title='bbox 3667 4156 3760 4209; x_wconf 77' lang='grc' dir='ltr'><strong>ἐπ’</strong></span> 
     </span>
    </p>
   </div>
   <div class='ocr_carea' id='block_1_90' title="bbox 2179 4235 3759 4317">
    <p class='ocr_par' dir='ltr' id='par_1_90' title="bbox 2179 4235 3759 4317">
     <span class='ocr_line' id='line_1_90' title="bbox 2179 4235 3759 4317; baseline 0.009 -31"><span class='ocrx_word' id='word_1_692' title='bbox 2179 4235 2347 4306; x_wconf 85' lang='grc' dir='ltr'>αὐτῷ,</span> <span class='ocrx_word' id='word_1_693' title='bbox 2382 4235 2746 4304; x_wconf 87' lang='grc' dir='ltr'>πλυνθήσεται</span> <span class='ocrx_word' id='word_1_694' title='bbox 2776 4238 2833 4290; x_wconf 83' lang='grc' dir='ltr'>ὲν</span> <span class='ocrx_word' id='word_1_695' title='bbox 2861 4239 3009 4310; x_wconf 85' lang='grc' dir='ltr'>τόπῳ</span> <span class='ocrx_word' id='word_1_696' title='bbox 3039 4240 3197 4311; x_wconf 86' lang='grc' dir='ltr'>ἁγίῳ.</span> <span class='ocrx_word' id='word_1_697' title='bbox 3226 4259 3244 4293; x_wconf 77' lang='grc' dir='ltr'><strong>ι</strong></span> <span class='ocrx_word' id='word_1_698' title='bbox 3283 4242 3393 4295; x_wconf 81' lang='grc' dir='ltr'><strong>Καὶ</strong></span> <span class='ocrx_word' id='word_1_699' title='bbox 3413 4244 3466 4296; x_wconf 90' lang='grc' dir='ltr'><strong>τί</strong></span> <span class='ocrx_word' id='word_1_700' title='bbox 3490 4245 3550 4297; x_wconf 74' lang='grc' dir='ltr'>τὸ</span> <span class='ocrx_word' id='word_1_701' title='bbox 3576 4247 3759 4317; x_wconf 81' lang='grc' dir='ltr'>παρά-</span> 
     </span>
    </p>
   </div>
   <div class='ocr_carea' id='block_1_91' title="bbox 2178 4326 3759 4407">
    <p class='ocr_par' dir='ltr' id='par_1_91' title="bbox 2178 4326 3759 4407">
     <span class='ocr_line' id='line_1_91' title="bbox 2178 4326 3759 4407; baseline 0.008 -28"><span class='ocrx_word' id='word_1_702' title='bbox 2178 4326 2348 4393; x_wconf 78' lang='grc' dir='ltr'>δοξον,</span> <span class='ocrx_word' id='word_1_703' title='bbox 2396 4329 2446 4379; x_wconf 88' lang='grc' dir='ltr'>εἰ</span> <span class='ocrx_word' id='word_1_704' title='bbox 2476 4327 2536 4381; x_wconf 80' lang='grc' dir='ltr'>τὸ</span> <span class='ocrx_word' id='word_1_705' title='bbox 2573 4327 2787 4396; x_wconf 82' lang='grc' dir='ltr'>λογικὸν</span> <span class='ocrx_word' id='word_1_706' title='bbox 2822 4329 3034 4398; x_wconf 77' lang='grc' dir='ltr'>ἁγιάζει</span> <span class='ocrx_word' id='word_1_707' title='bbox 3088 4332 3245 4396; x_wconf 83' lang='grc' dir='ltr'>ζῶον,</span> <span class='ocrx_word' id='word_1_708' title='bbox 3280 4335 3424 4404; x_wconf 77' lang='grc' dir='ltr'>φημὶ</span> <span class='ocrx_word' id='word_1_709' title='bbox 3449 4335 3514 4407; x_wconf 79' lang='grc' dir='ltr'><strong>δὴ</strong></span> <span class='ocrx_word' id='word_1_710' title='bbox 3551 4336 3641 4390; x_wconf 80' lang='grc' dir='ltr'>τὸν</span> <span class='ocrx_word' id='word_1_711' title='bbox 3669 4337 3759 4390; x_wconf 76' lang='grc' dir='ltr'><strong>ἄν·</strong></span> 
     </span>
    </p>
   </div>
   <div class='ocr_carea' id='block_1_92' title="bbox 507 4411 2071 4500">
    <p class='ocr_par' dir='ltr' id='par_1_92' title="bbox 507 4411 2071 4484">
     <span class='ocr_line' id='line_1_92' title="bbox 507 4411 2071 4484; baseline 0.003 -17"><span class='ocrx_word' id='word_1_712' title='bbox 507 4426 674 4482; x_wconf 90' lang='lat' dir='ltr'><strong>super</strong></span> <span class='ocrx_word' id='word_1_713' title='bbox 704 4411 1112 4477; x_wconf 89' lang='lat' dir='ltr'><strong>vestimentum,</strong></span> <span class='ocrx_word' id='word_1_714' title='bbox 1157 4411 1521 4482; x_wconf 88' lang='lat' dir='ltr'><strong>quodcunque</strong></span> <span class='ocrx_word' id='word_1_715' title='bbox 1564 4428 1846 4484; x_wconf 89' lang='lat' dir='ltr'><strong>aspersum</strong></span> <span class='ocrx_word' id='word_1_716' title='bbox 1889 4415 2071 4481; x_wconf 82' lang='lat' dir='ltr'><strong>fuerit,</strong></span> 
     </span>
    </p>
   </div>
   <div class='ocr_carea' id='block_1_93' title="bbox 2170 4411 3773 4500">
    <p class='ocr_par' dir='ltr' id='par_1_93' title="bbox 2180 4419 3773 4500">
     <span class='ocr_line' id='line_1_93' title="bbox 2180 4419 3773 4500; baseline 0.006 -27"><span class='ocrx_word' id='word_1_717' title='bbox 2180 4420 2416 4489; x_wconf 87' lang='grc' dir='ltr'>θρωπον,</span> <span class='ocrx_word' id='word_1_718' title='bbox 2446 4419 2534 4472; x_wconf 82' lang='grc' dir='ltr'>ὅτε</span> <span class='ocrx_word' id='word_1_719' title='bbox 2572 4420 2665 4474; x_wconf 60' lang='grc' dir='ltr'><strong>καὶ⁹</strong></span> <span class='ocrx_word' id='word_1_720' title='bbox 2711 4420 2851 4473; x_wconf 79' lang='grc' dir='ltr'>αὐτὰ</span> <span class='ocrx_word' id='word_1_721' title='bbox 2888 4421 2955 4474; x_wconf 69' lang='grc' dir='ltr'>τὰ</span> <span class='ocrx_word' id='word_1_722' title='bbox 2984 4423 3117 4495; x_wconf 82' lang='grc' dir='ltr'>πρὸς</span> <span class='ocrx_word' id='word_1_723' title='bbox 3146 4425 3446 4497; x_wconf 83' lang='grc' dir='ltr'>ὑπουργίαν</span> <span class='ocrx_word' id='word_1_724' title='bbox 3474 4427 3572 4498; x_wconf 81' lang='grc' dir='ltr'>τὴν</span> <span class='ocrx_word' id='word_1_725' title='bbox 3607 4420 3773 4500; x_wconf 71' lang='grc' dir='ltr'>ἱερὰν</span> 
     </span>
    </p>
   </div>
   <div class='ocr_carea' id='block_1_94' title="bbox 508 4502 2075 4575">
    <p class='ocr_par' dir='ltr' id='par_1_94' title="bbox 508 4502 2075 4575">
     <span class='ocr_line' id='line_1_94' title="bbox 508 4502 2075 4575; baseline 0.003 -16"><span class='ocrx_word' id='word_1_726' title='bbox 508 4504 563 4559; x_wconf 89' lang='lat' dir='ltr'><strong>id</strong></span> <span class='ocrx_word' id='word_1_727' title='bbox 601 4502 873 4557; x_wconf 89' lang='lat' dir='ltr'><strong>lavabitur</strong></span> <span class='ocrx_word' id='word_1_728' title='bbox 904 4502 960 4555; x_wconf 91' lang='lat' dir='ltr'><strong>in</strong></span> <span class='ocrx_word' id='word_1_729' title='bbox 992 4503 1115 4557; x_wconf 76' lang='lat' dir='ltr'><strong>loco</strong></span> <span class='ocrx_word' id='word_1_730' title='bbox 1137 4513 1327 4558; x_wconf 91' lang='lat' dir='ltr'><strong>sancto</strong></span> <span class='ocrx_word' id='word_1_731' title='bbox 1357 4502 1428 4559; x_wconf 75' lang='grc' dir='ltr'>ν.</span> <span class='ocrx_word' id='word_1_732' title='bbox 1462 4522 1480 4555; x_wconf 75' lang='grc' dir='ltr'><strong>ι</strong></span> <span class='ocrx_word' id='word_1_733' title='bbox 1507 4504 1574 4559; x_wconf 88' lang='lat' dir='ltr'><strong>Et</strong></span> <span class='ocrx_word' id='word_1_734' title='bbox 1593 4506 1724 4575; x_wconf 90' lang='lat' dir='ltr'><strong>quid</strong></span> <span class='ocrx_word' id='word_1_735' title='bbox 1748 4506 1948 4562; x_wconf 91' lang='lat' dir='ltr'><strong>mirum</strong></span> <span class='ocrx_word' id='word_1_736' title='bbox 1971 4516 2075 4573; x_wconf 83' lang='lat' dir='ltr'><strong>est,</strong></span> 
     </span>
    </p>
   </div>
   <div class='ocr_carea' id='block_1_95' title="bbox 511 4586 2080 4665">
    <p class='ocr_par' dir='ltr' id='par_1_95' title="bbox 511 4586 2080 4665">
     <span class='ocr_line' id='line_1_95' title="bbox 511 4586 2080 4665; baseline 0.003 -15"><span class='ocrx_word' id='word_1_737' title='bbox 511 4595 558 4650; x_wconf 83' lang='lat' dir='ltr'><strong>si</strong></span> <span class='ocrx_word' id='word_1_738' title='bbox 591 4586 792 4649; x_wconf 87' lang='lat' dir='ltr'><strong>animal</strong></span> <span class='ocrx_word' id='word_1_739' title='bbox 815 4595 1024 4649; x_wconf 90' lang='lat' dir='ltr'><strong>ratione</strong></span> <span class='ocrx_word' id='word_1_740' title='bbox 1052 4595 1336 4665; x_wconf 66' lang='lat' dir='ltr'><strong>praeditum</strong></span> <span class='ocrx_word' id='word_1_741' title='bbox 1353 4595 1743 4663; x_wconf 88' lang='lat' dir='ltr'><strong>sanctiﬁcetur,</strong></span> <span class='ocrx_word' id='word_1_742' title='bbox 1772 4598 1956 4665; x_wconf 90' lang='lat' dir='ltr'><strong>homo,</strong></span> <span class='ocrx_word' id='word_1_743' title='bbox 1992 4601 2080 4655; x_wconf 90' lang='lat' dir='ltr'><strong>in-</strong></span> 
     </span>
    </p>
   </div>
   <div class='ocr_carea' id='block_1_96' title="bbox 509 4685 2080 4756">
    <p class='ocr_par' dir='ltr' id='par_1_96' title="bbox 509 4685 2080 4756">
     <span class='ocr_line' id='line_1_96' title="bbox 509 4685 2080 4756; baseline 0.003 -17"><span class='ocrx_word' id='word_1_744' title='bbox 509 4700 696 4756; x_wconf 87' lang='lat' dir='ltr'><strong>quam,</strong></span> <span class='ocrx_word' id='word_1_745' title='bbox 744 4700 871 4739; x_wconf 92' lang='lat' dir='ltr'><strong>cum</strong></span> <span class='ocrx_word' id='word_1_746' title='bbox 921 4695 978 4740; x_wconf 84' lang='lat' dir='ltr'><strong>et</strong></span> <span class='ocrx_word' id='word_1_747' title='bbox 1004 4685 1122 4755; x_wconf 88' lang='lat' dir='ltr'><strong>ipsa</strong></span> <span class='ocrx_word' id='word_1_748' title='bbox 1150 4701 1278 4740; x_wconf 89' lang='lat' dir='ltr'><strong>vasa</strong></span> <span class='ocrx_word' id='word_1_749' title='bbox 1309 4701 1430 4755; x_wconf 70' lang='lat' dir='ltr'><strong>quae</strong></span> <span class='ocrx_word' id='word_1_750' title='bbox 1461 4686 1529 4741; x_wconf 92' lang='lat' dir='ltr'><strong>ad</strong></span> <span class='ocrx_word' id='word_1_751' title='bbox 1554 4687 1919 4742; x_wconf 89' lang='lat' dir='ltr'><strong>ministerium</strong></span> <span class='ocrx_word' id='word_1_752' title='bbox 1953 4706 2080 4745; x_wconf 83' lang='lat' dir='ltr'><strong>san-</strong></span> 
     </span>
    </p>
   </div>
   <div class='ocr_carea' id='block_1_97' title="bbox 508 4775 2084 4847">
    <p class='ocr_par' dir='ltr' id='par_1_97' title="bbox 508 4775 2084 4847">
     <span class='ocr_line' id='line_1_97' title="bbox 508 4775 2084 4847; baseline 0.002 -15"><span class='ocrx_word' id='word_1_753' title='bbox 508 4786 660 4832; x_wconf 90' lang='lat' dir='ltr'><strong>ctum</strong></span> <span class='ocrx_word' id='word_1_754' title='bbox 712 4775 958 4830; x_wconf 89' lang='lat' dir='ltr'><strong>adhibita</strong></span> <span class='ocrx_word' id='word_1_755' title='bbox 1007 4782 1158 4840; x_wconf 87' lang='lat' dir='ltr'><strong>sunt,</strong></span> <span class='ocrx_word' id='word_1_756' title='bbox 1208 4776 1403 4830; x_wconf 87' lang='lat' dir='ltr'><strong>eodem</strong></span> <span class='ocrx_word' id='word_1_757' title='bbox 1466 4785 1522 4831; x_wconf 91' lang='lat' dir='ltr'><strong>et</strong></span> <span class='ocrx_word' id='word_1_758' title='bbox 1594 4778 1819 4847; x_wconf 91' lang='lat' dir='ltr'><strong>quidem</strong></span> <span class='ocrx_word' id='word_1_759' title='bbox 1884 4795 2084 4836; x_wconf 85' lang='lat' dir='ltr'><strong>conve-</strong></span> 
     </span>
    </p>
   </div>
   <div class='ocr_carea' id='block_1_98' title="bbox 509 4864 2082 4937">
    <p class='ocr_par' dir='ltr' id='par_1_98' title="bbox 509 4864 2082 4937">
     <span class='ocr_line' id='line_1_98' title="bbox 509 4864 2082 4937; baseline 0.003 -15"><span class='ocrx_word' id='word_1_760' title='bbox 509 4867 686 4922; x_wconf 89' lang='lat' dir='ltr'><strong>nienti</strong></span> <span class='ocrx_word' id='word_1_761' title='bbox 719 4866 884 4922; x_wconf 90' lang='lat' dir='ltr'><strong>modo</strong></span> <span class='ocrx_word' id='word_1_762' title='bbox 922 4864 1381 4921; x_wconf 76' lang='lat' dir='ltr'><strong>sanctiﬁcentur?</strong></span> <span class='ocrx_word' id='word_1_763' title='bbox 1424 4865 1660 4937; x_wconf 88' lang='lat' dir='ltr'><strong>Ideoque</strong></span> <span class='ocrx_word' id='word_1_764' title='bbox 1710 4884 1811 4925; x_wconf 89' lang='lat' dir='ltr'><strong>nec</strong></span> <span class='ocrx_word' id='word_1_765' title='bbox 1836 4870 1891 4924; x_wconf 90' lang='lat' dir='ltr'><strong>in</strong></span> <span class='ocrx_word' id='word_1_766' title='bbox 1922 4887 2082 4927; x_wconf 90' lang='lat' dir='ltr'><strong>usum</strong></span> 
     </span>
    </p>
   </div>
   <div class='ocr_carea' id='block_1_99' title="bbox 509 4955 2083 5027">
    <p class='ocr_par' dir='ltr' id='par_1_99' title="bbox 509 4955 2083 5027">
     <span class='ocr_line' id='line_1_99' title="bbox 509 4955 2083 5027; baseline 0.004 -16"><span class='ocrx_word' id='word_1_767' title='bbox 509 4970 855 5012; x_wconf 88' lang='lat' dir='ltr'><strong>communem</strong></span> <span class='ocrx_word' id='word_1_768' title='bbox 899 4962 1315 5020; x_wconf 88' lang='lat' dir='ltr'><strong>convertuntur,</strong></span> <span class='ocrx_word' id='word_1_769' title='bbox 1351 4955 1445 5010; x_wconf 91' lang='lat' dir='ltr'><strong>sed</strong></span> <span class='ocrx_word' id='word_1_770' title='bbox 1489 4957 1737 5027; x_wconf 83' lang='lat' dir='ltr'><strong>quaedam</strong></span> <span class='ocrx_word' id='word_1_771' title='bbox 1782 4960 2083 5018; x_wconf 87' lang='lat' dir='ltr'><strong>abluuntur</strong></span> 
     </span>
    </p>
   </div>
   <div class='ocr_carea' id='block_1_100' title="bbox 508 5047 2082 5119">
    <p class='ocr_par' dir='ltr' id='par_1_100' title="bbox 508 5047 2082 5119">
     <span class='ocr_line' id='line_1_100' title="bbox 508 5047 2082 5119; baseline 0.006 -16"><span class='ocrx_word' id='word_1_772' title='bbox 508 5062 577 5104; x_wconf 76' lang='lat' dir='ltr'><strong>ex</strong></span> <span class='ocrx_word' id='word_1_773' title='bbox 622 5048 774 5118; x_wconf 89' lang='lat' dir='ltr'><strong>ipsis,</strong></span> <span class='ocrx_word' id='word_1_774' title='bbox 812 5050 1059 5119; x_wconf 63' lang='lat' dir='ltr'><strong>quaadam</strong></span> <span class='ocrx_word' id='word_1_775' title='bbox 1111 5047 1549 5119; x_wconf 79' lang='lat' dir='ltr'><strong>confringuntur.</strong></span> <span class='ocrx_word' id='word_1_776' title='bbox 1603 5048 1736 5116; x_wconf 73' lang='lat' dir='ltr'><strong>Quae</strong></span> <span class='ocrx_word' id='word_1_777' title='bbox 1779 5052 1925 5108; x_wconf 88' lang='lat' dir='ltr'><strong>enim</strong></span> <span class='ocrx_word' id='word_1_778' title='bbox 1970 5056 2082 5112; x_wconf 91' lang='lat' dir='ltr'><strong>Deo</strong></span> 
     </span>
    </p>
   </div>
   <div class='ocr_carea' id='block_1_101' title="bbox 510 5139 2082 5211">
    <p class='ocr_par' dir='ltr' id='par_1_101' title="bbox 510 5139 2082 5211">
     <span class='ocr_line' id='line_1_101' title="bbox 510 5139 2082 5211; baseline 0.005 -18"><span class='ocrx_word' id='word_1_779' title='bbox 510 5148 641 5194; x_wconf 84' lang='lat' dir='ltr'><strong>sunt</strong></span> <span class='ocrx_word' id='word_1_780' title='bbox 660 5139 926 5205; x_wconf 88' lang='lat' dir='ltr'><strong>dedicata,</strong></span> <span class='ocrx_word' id='word_1_781' title='bbox 951 5139 1226 5211; x_wconf 88' lang='lat' dir='ltr'><strong>quomodo</strong></span> <span class='ocrx_word' id='word_1_782' title='bbox 1250 5140 1317 5194; x_wconf 91' lang='lat' dir='ltr'><strong>ad</strong></span> <span class='ocrx_word' id='word_1_783' title='bbox 1344 5142 1613 5196; x_wconf 90' lang='lat' dir='ltr'><strong>humanos</strong></span> <span class='ocrx_word' id='word_1_784' title='bbox 1636 5156 1768 5197; x_wconf 89' lang='lat' dir='ltr'><strong>usus</strong></span> <span class='ocrx_word' id='word_1_785' title='bbox 1794 5144 2082 5200; x_wconf 83' lang='lat' dir='ltr'><strong>traducan-</strong></span> 
     </span>
    </p>
   </div>
   <div class='ocr_carea' id='block_1_102' title="bbox 509 5229 2076 5296">
    <p class='ocr_par' dir='ltr' id='par_1_102' title="bbox 509 5229 2076 5296">
     <span class='ocr_line' id='line_1_102' title="bbox 509 5229 2076 5296; baseline 0.006 -14"><span class='ocrx_word' id='word_1_786' title='bbox 509 5229 653 5283; x_wconf 82' lang='lat' dir='ltr'><strong>tur?</strong></span> <span class='ocrx_word' id='word_1_787' title='bbox 693 5230 849 5296; x_wconf 87' lang='lat' dir='ltr'><strong>Quod</strong></span> <span class='ocrx_word' id='word_1_788' title='bbox 900 5240 1084 5285; x_wconf 90' lang='lat' dir='ltr'><strong>autem</strong></span> <span class='ocrx_word' id='word_1_789' title='bbox 1141 5231 1456 5286; x_wconf 89' lang='lat' dir='ltr'><strong>communio</strong></span> <span class='ocrx_word' id='word_1_790' title='bbox 1509 5233 1756 5288; x_wconf 88' lang='lat' dir='ltr'><strong>carnium</strong></span> <span class='ocrx_word' id='word_1_791' title='bbox 1820 5237 2076 5293; x_wconf 90' lang='lat' dir='ltr'><strong>sacriﬁcii</strong></span> 
     </span>
    </p>
   </div>
   <div class='ocr_carea' id='block_1_103' title="bbox 508 5316 2078 5389">
    <p class='ocr_par' dir='ltr' id='par_1_103' title="bbox 508 5316 2078 5389">
     <span class='ocr_line' id='line_1_103' title="bbox 508 5316 2078 5389; baseline 0.008 -18"><span class='ocrx_word' id='word_1_792' title='bbox 508 5316 668 5387; x_wconf 78' lang='lat'><strong>352</strong></span> <span class='ocrx_word' id='word_1_793' title='bbox 704 5319 777 5373; x_wconf 90' lang='lat' dir='ltr'><strong>sit</strong></span> <span class='ocrx_word' id='word_1_794' title='bbox 825 5328 1029 5382; x_wconf 89' lang='lat' dir='ltr'><strong>sancta,</strong></span> <span class='ocrx_word' id='word_1_795' title='bbox 1059 5335 1162 5375; x_wconf 81' lang='lat' dir='ltr'><strong>nec</strong></span> <span class='ocrx_word' id='word_1_796' title='bbox 1189 5321 1313 5376; x_wconf 89' lang='lat' dir='ltr'><strong>aliis</strong></span> <span class='ocrx_word' id='word_1_797' title='bbox 1338 5323 1647 5389; x_wconf 89' lang='lat' dir='ltr'><strong>conveniat,</strong></span> <span class='ocrx_word' id='word_1_798' title='bbox 1678 5326 1784 5381; x_wconf 90' lang='lat' dir='ltr'><strong>nisi</strong></span> <span class='ocrx_word' id='word_1_799' title='bbox 1805 5328 1979 5382; x_wconf 89' lang='lat' dir='ltr'><strong>solum</strong></span> <span class='ocrx_word' id='word_1_800' title='bbox 2009 5328 2078 5385; x_wconf 89' lang='lat' dir='ltr'><strong>iis</strong></span> 
     </span>
    </p>
   </div>
   <div class='ocr_carea' id='block_1_104' title="bbox 509 5408 2075 5485">
    <p class='ocr_par' dir='ltr' id='par_1_104' title="bbox 509 5408 2075 5485">
     <span class='ocr_line' id='line_1_104' title="bbox 509 5408 2075 5485; baseline 0.009 -25"><span class='ocrx_word' id='word_1_801' title='bbox 509 5408 603 5476; x_wconf 85' lang='lat' dir='ltr'><strong>qui</strong></span> <span class='ocrx_word' id='word_1_802' title='bbox 651 5425 954 5479; x_wconf 82' lang='lat' dir='ltr'><strong>repugnare</strong></span> <span class='ocrx_word' id='word_1_803' title='bbox 998 5411 1173 5465; x_wconf 88' lang='lat' dir='ltr'><strong>solent</strong></span> <span class='ocrx_word' id='word_1_804' title='bbox 1214 5412 1472 5480; x_wconf 88' lang='lat' dir='ltr'><strong>peccatis,</strong></span> <span class='ocrx_word' id='word_1_805' title='bbox 1512 5412 1750 5485; x_wconf 84' lang='lat' dir='ltr'><strong>fortique</strong></span> <span class='ocrx_word' id='word_1_806' title='bbox 1798 5419 1979 5473; x_wconf 90' lang='lat' dir='ltr'><strong>animo</strong></span> <span class='ocrx_word' id='word_1_807' title='bbox 2007 5420 2075 5474; x_wconf 89' lang='lat' dir='ltr'><strong>ad</strong></span> 
     </span>
    </p>
   </div>
   <div class='ocr_carea' id='block_1_105' title="bbox 510 5498 2075 5573">
    <p class='ocr_par' dir='ltr' id='par_1_105' title="bbox 510 5498 2075 5573">
     <span class='ocr_line' id='line_1_105' title="bbox 510 5498 2075 5573; baseline 0.01 -23"><span class='ocrx_word' id='word_1_808' title='bbox 510 5498 768 5555; x_wconf 81' lang='lat' dir='ltr'><strong>virtutem</strong></span> <span class='ocrx_word' id='word_1_809' title='bbox 801 5500 1159 5566; x_wconf 87' lang='lat' dir='ltr'><strong>contendunt,</strong></span> <span class='ocrx_word' id='word_1_810' title='bbox 1183 5502 1519 5573; x_wconf 83' lang='lat' dir='ltr'><strong>signiﬁcatur</strong></span> <span class='ocrx_word' id='word_1_811' title='bbox 1541 5505 1628 5561; x_wconf 84' lang='lat' dir='ltr'><strong>his</strong></span> <span class='ocrx_word' id='word_1_812' title='bbox 1652 5507 1870 5563; x_wconf 88' lang='lat' dir='ltr'><strong>verbis:</strong></span> <span class='ocrx_word' id='word_1_813' title='bbox 1902 5529 1918 5562; x_wconf 82' lang='grc' dir='ltr'><strong>ι</strong></span> <span class='ocrx_word' id='word_1_814' title='bbox 1948 5509 2075 5565; x_wconf 91' lang='lat' dir='ltr'><strong>Om-</strong></span> 
     </span>
    </p>
   </div>
   <div class='ocr_carea' id='block_1_106' title="bbox 2175 4511 3757 4585">
    <p class='ocr_par' dir='ltr' id='par_1_106' title="bbox 2175 4511 3757 4585">
     <span class='ocr_line' id='line_1_106' title="bbox 2175 4511 3757 4585; baseline 0.008 -22"><span class='ocrx_word' id='word_1_815' title='bbox 2175 4511 2598 4583; x_wconf 81' lang='grc' dir='ltr'>παρειλημμένα</span> <span class='ocrx_word' id='word_1_816' title='bbox 2626 4512 2732 4565; x_wconf 88' lang='grc' dir='ltr'><strong>τῶν</strong></span> <span class='ocrx_word' id='word_1_817' title='bbox 2773 4513 3002 4578; x_wconf 82' lang='grc' dir='ltr'>σκευῶν,</span> <span class='ocrx_word' id='word_1_818' title='bbox 3037 4516 3291 4585; x_wconf 78' lang='grc' dir='ltr'>ἡγιάζετο</span> <span class='ocrx_word' id='word_1_819' title='bbox 3336 4517 3479 4572; x_wconf 81' lang='grc' dir='ltr'><strong>κατὰ</strong></span> <span class='ocrx_word' id='word_1_820' title='bbox 3526 4520 3617 4574; x_wconf 71' lang='grc' dir='ltr'><strong>τὸν</strong></span> <span class='ocrx_word' id='word_1_821' title='bbox 3659 4521 3757 4579; x_wconf 58' lang='grc' dir='ltr'>αὐτ</span> 
     </span>
    </p>
   </div>
   <div class='ocr_carea' id='block_1_107' title="bbox 2175 4601 3757 4681">
    <p class='ocr_par' dir='ltr' id='par_1_107' title="bbox 2175 4601 3757 4681">
     <span class='ocr_line' id='line_1_107' title="bbox 2175 4601 3757 4681; baseline 0.006 -28"><span class='ocrx_word' id='word_1_822' title='bbox 2175 4605 2287 4665; x_wconf 87' lang='grc' dir='ltr'>τοῖς</span> <span class='ocrx_word' id='word_1_823' title='bbox 2317 4618 2418 4654; x_wconf 90' lang='grc' dir='ltr'><strong>που</strong></span> <span class='ocrx_word' id='word_1_824' title='bbox 2457 4601 2672 4664; x_wconf 81' lang='grc' dir='ltr'>πάντως</span> <span class='ocrx_word' id='word_1_825' title='bbox 2700 4603 2979 4671; x_wconf 81' lang='grc' dir='ltr'>πρέποντα</span> <span class='ocrx_word' id='word_1_826' title='bbox 3009 4605 3241 4675; x_wconf 83' lang='grc' dir='ltr'>τρόπον;</span> <span class='ocrx_word' id='word_1_827' title='bbox 3272 4605 3536 4681; x_wconf 78' lang='grc' dir='ltr'>Ταύτῃτοι</span> <span class='ocrx_word' id='word_1_828' title='bbox 3565 4610 3657 4661; x_wconf 75' lang='grc' dir='ltr'><strong>καὶ</strong></span> <span class='ocrx_word' id='word_1_829' title='bbox 3675 4610 3757 4673; x_wconf 81' lang='grc' dir='ltr'>εἰς</span> 
     </span>
    </p>
   </div>
   <div class='ocr_carea' id='block_1_108' title="bbox 2178 4692 3757 4770">
    <p class='ocr_par' dir='ltr' id='par_1_108' title="bbox 2178 4692 3757 4770">
     <span class='ocr_line' id='line_1_108' title="bbox 2178 4692 3757 4770; baseline 0.004 -24"><span class='ocrx_word' id='word_1_830' title='bbox 2178 4693 2361 4764; x_wconf 84' lang='grc' dir='ltr'>κοινὴν</span> <span class='ocrx_word' id='word_1_831' title='bbox 2387 4693 2448 4746; x_wconf 89' lang='grc' dir='ltr'><strong>οὐ</strong></span> <span class='ocrx_word' id='word_1_832' title='bbox 2479 4692 2972 4764; x_wconf 80' lang='grc' dir='ltr'>παραλαμϐάνεται</span> <span class='ocrx_word' id='word_1_833' title='bbox 2996 4696 3205 4766; x_wconf 89' lang='grc' dir='ltr'>χρείαν.</span> <span class='ocrx_word' id='word_1_834' title='bbox 3241 4697 3342 4751; x_wconf 83' lang='grc' dir='ltr'>Διὰ</span> <span class='ocrx_word' id='word_1_835' title='bbox 3365 4700 3526 4752; x_wconf 86' lang='grc' dir='ltr'>τοῦτο</span> <span class='ocrx_word' id='word_1_836' title='bbox 3546 4701 3614 4753; x_wconf 75' lang='grc' dir='ltr'><strong>τὰ</strong></span> <span class='ocrx_word' id='word_1_837' title='bbox 3654 4699 3757 4770; x_wconf 81' lang='grc' dir='ltr'>μὲν</span> 
     </span>
    </p>
   </div>
   <div class='ocr_carea' id='block_1_109' title="bbox 2178 4783 3756 4862">
    <p class='ocr_par' dir='ltr' id='par_1_109' title="bbox 2178 4783 3756 4862">
     <span class='ocr_line' id='line_1_109' title="bbox 2178 4783 3756 4862; baseline 0.006 -27"><span class='ocrx_word' id='word_1_838' title='bbox 2178 4784 2503 4837; x_wconf 83' lang='grc' dir='ltr'>έκπλύνεται</span> <span class='ocrx_word' id='word_1_839' title='bbox 2531 4783 2639 4836; x_wconf 91' lang='grc' dir='ltr'><strong>τῶν</strong></span> <span class='ocrx_word' id='word_1_840' title='bbox 2683 4785 2912 4849; x_wconf 82' lang='grc' dir='ltr'>σκευῶν,</span> <span class='ocrx_word' id='word_1_841' title='bbox 2944 4787 3014 4839; x_wconf 78' lang='grc' dir='ltr'>τὰ</span> <span class='ocrx_word' id='word_1_842' title='bbox 3049 4787 3107 4841; x_wconf 84' lang='grc' dir='ltr'>δὲ</span> <span class='ocrx_word' id='word_1_843' title='bbox 3134 4788 3510 4860; x_wconf 87' lang='grc' dir='ltr'>συνθραύεται.</span> <span class='ocrx_word' id='word_1_844' title='bbox 3536 4791 3616 4846; x_wconf 78' lang='grc' dir='ltr'><strong>Τὰ</strong></span> <span class='ocrx_word' id='word_1_845' title='bbox 3646 4792 3756 4862; x_wconf 77' lang='grc' dir='ltr'>γὰρ</span> 
     </span>
    </p>
   </div>
   <div class='ocr_carea' id='block_1_110' title="bbox 2180 4875 3757 4956">
    <p class='ocr_par' dir='ltr' id='par_1_110' title="bbox 2180 4875 3757 4956">
     <span class='ocr_line' id='line_1_110' title="bbox 2180 4875 3757 4956; baseline 0.007 -29"><span class='ocrx_word' id='word_1_846' title='bbox 2180 4877 2295 4939; x_wconf 90' lang='grc' dir='ltr'>τοῖς</span> <span class='ocrx_word' id='word_1_847' title='bbox 2350 4875 2516 4938; x_wconf 87' lang='grc' dir='ltr'>θείοις</span> <span class='ocrx_word' id='word_1_848' title='bbox 2560 4875 3069 4949; x_wconf 82' lang='grc' dir='ltr'>λελειτουργηκότα,</span> <span class='ocrx_word' id='word_1_849' title='bbox 3113 4881 3231 4943; x_wconf 84' lang='grc' dir='ltr'><strong>πῶς</strong></span> <span class='ocrx_word' id='word_1_850' title='bbox 3270 4881 3337 4935; x_wconf 81' lang='grc' dir='ltr'>ἂν</span> <span class='ocrx_word' id='word_1_851' title='bbox 3367 4883 3583 4937; x_wconf 90' lang='grc' dir='ltr'>καλοῖτο</span> <span class='ocrx_word' id='word_1_852' title='bbox 3618 4885 3757 4956; x_wconf 79' lang='grc' dir='ltr'>πρὸς</span> 
     </span>
    </p>
   </div>
   <div class='ocr_carea' id='block_1_111' title="bbox 2181 4963 3759 5045">
    <p class='ocr_par' dir='ltr' id='par_1_111' title="bbox 2181 4963 3759 5045">
     <span class='ocr_line' id='line_1_111' title="bbox 2181 4963 3759 5045; baseline 0.006 -28"><span class='ocrx_word' id='word_1_853' title='bbox 2181 4965 2252 5018; x_wconf 75' lang='grc' dir='ltr'>τὰ</span> <span class='ocrx_word' id='word_1_854' title='bbox 2282 4963 2631 5038; x_wconf 82' lang='grc' dir='ltr'>ἀνθρώπινα;</span> <span class='ocrx_word' id='word_1_855' title='bbox 2662 4966 2787 5020; x_wconf 90' lang='grc' dir='ltr'>Ὅτι</span> <span class='ocrx_word' id='word_1_856' title='bbox 2826 4966 2883 5019; x_wconf 84' lang='grc' dir='ltr'>δέ</span> <span class='ocrx_word' id='word_1_857' title='bbox 2924 4970 3039 5022; x_wconf 83' lang='grc' dir='ltr'>έστι</span> <span class='ocrx_word' id='word_1_858' title='bbox 3083 4968 3193 5022; x_wconf 88' lang='grc' dir='ltr'><strong>τῶν</strong></span> <span class='ocrx_word' id='word_1_859' title='bbox 3221 4971 3319 5041; x_wconf 89' lang='grc' dir='ltr'><strong>τῆς</strong></span> <span class='ocrx_word' id='word_1_860' title='bbox 3357 4972 3549 5041; x_wconf 89' lang='grc' dir='ltr'>θυσίας</span> <span class='ocrx_word' id='word_1_861' title='bbox 3578 4974 3759 5045; x_wconf 84' lang='grc' dir='ltr'>κρεῶν</span> 
     </span>
    </p>
   </div>
   <div class='ocr_carea' id='block_1_112' title="bbox 2183 5054 3755 5136">
    <p class='ocr_par' dir='ltr' id='par_1_112' title="bbox 2183 5054 3755 5136">
     <span class='ocr_line' id='line_1_112' title="bbox 2183 5054 3755 5136; baseline 0.005 -25"><span class='ocrx_word' id='word_1_862' title='bbox 2183 5056 2521 5127; x_wconf 84' lang='grc' dir='ltr'>ἁγιοπρεπὴς</span> <span class='ocrx_word' id='word_1_863' title='bbox 2546 5054 2589 5128; x_wconf 74' lang='grc' dir='ltr'>ἧ</span> <span class='ocrx_word' id='word_1_864' title='bbox 2612 5056 2964 5127; x_wconf 77' lang='grc' dir='ltr'>μέθεξις,καὶ</span> <span class='ocrx_word' id='word_1_865' title='bbox 2991 5061 3090 5114; x_wconf 89' lang='grc' dir='ltr'><strong>οὐκ</strong></span> <span class='ocrx_word' id='word_1_866' title='bbox 3118 5060 3184 5115; x_wconf 81' lang='grc' dir='ltr'>ἂν</span> <span class='ocrx_word' id='word_1_867' title='bbox 3199 5062 3408 5133; x_wconf 81' lang='grc' dir='ltr'>ἑτέροις</span> <span class='ocrx_word' id='word_1_868' title='bbox 3437 5065 3755 5136; x_wconf 85' lang='grc' dir='ltr'>ἁρμόσειεν,</span> 
     </span>
    </p>
   </div>
   <div class='ocr_carea' id='block_1_113' title="bbox 2181 5146 3758 5223">
    <p class='ocr_par' dir='ltr' id='par_1_113' title="bbox 2181 5146 3758 5223">
     <span class='ocr_line' id='line_1_113' title="bbox 2181 5146 3758 5223; baseline 0.004 -24"><span class='ocrx_word' id='word_1_869' title='bbox 2181 5146 2321 5217; x_wconf 75' lang='grc' dir='ltr'>πλὴν</span> <span class='ocrx_word' id='word_1_870' title='bbox 2360 5148 2442 5199; x_wconf 82' lang='grc' dir='ltr'>ὅτι</span> <span class='ocrx_word' id='word_1_871' title='bbox 2486 5146 2552 5218; x_wconf 84' lang='grc' dir='ltr'><strong>δὴ</strong></span> <span class='ocrx_word' id='word_1_872' title='bbox 2601 5149 2783 5218; x_wconf 90' lang='grc' dir='ltr'>μόνοις</span> <span class='ocrx_word' id='word_1_873' title='bbox 2832 5152 2944 5212; x_wconf 90' lang='grc' dir='ltr'>τοῖς</span> <span class='ocrx_word' id='word_1_874' title='bbox 2999 5151 3098 5221; x_wconf 84' lang='grc' dir='ltr'><strong>τῆς</strong></span> <span class='ocrx_word' id='word_1_875' title='bbox 3148 5152 3427 5223; x_wconf 82' lang='grc' dir='ltr'>ἁμαρτίας</span> <span class='ocrx_word' id='word_1_876' title='bbox 3467 5153 3758 5207; x_wconf 83' lang='grc' dir='ltr'>καταθλεῖν</span> 
     </span>
    </p>
   </div>
   <div class='ocr_carea' id='block_1_114' title="bbox 2181 5236 3757 5317">
    <p class='ocr_par' dir='ltr' id='par_1_114' title="bbox 2181 5236 3757 5317">
     <span class='ocr_line' id='line_1_114' title="bbox 2181 5236 3757 5317; baseline 0.007 -28"><span class='ocrx_word' id='word_1_877' title='bbox 2181 5236 2398 5291; x_wconf 74' lang='grc' dir='ltr'>εἰωθόσι</span> <span class='ocrx_word' id='word_1_878' title='bbox 2434 5237 2532 5291; x_wconf 76' lang='grc' dir='ltr'>καὶ</span> <span class='ocrx_word' id='word_1_879' title='bbox 2576 5237 2979 5310; x_wconf 81' lang='grc' dir='ltr'>ἀνδριζομένοις</span> <span class='ocrx_word' id='word_1_880' title='bbox 3014 5244 3094 5305; x_wconf 82' lang='grc' dir='ltr'><strong>εἰς</strong></span> <span class='ocrx_word' id='word_1_881' title='bbox 3137 5242 3359 5315; x_wconf 79' lang='grc' dir='ltr'>ἀρετὴν,</span> <span class='ocrx_word' id='word_1_882' title='bbox 3415 5244 3757 5317; x_wconf 76' lang='grc' dir='ltr'>ὑπεσήμαινε</span> 
     </span>
    </p>
   </div>
   <div class='ocr_carea' id='block_1_115' title="bbox 2182 5329 3753 5406">
    <p class='ocr_par' dir='ltr' id='par_1_115' title="bbox 2182 5329 3753 5406">
     <span class='ocr_line' id='line_1_115' title="bbox 2182 5329 3753 5406; baseline 0.006 -24"><span class='ocrx_word' id='word_1_883' title='bbox 2182 5329 2354 5398; x_wconf 84' lang='grc' dir='ltr'>λέγων</span> <span class='ocrx_word' id='word_1_884' title='bbox 2379 5345 2393 5361; x_wconf 75' lang='grc' dir='ltr'><strong>ο</strong></span> <span class='ocrx_word' id='word_1_885' title='bbox 2431 5348 2450 5381; x_wconf 88' lang='grc'><strong>‹</strong></span> <span class='ocrx_word' id='word_1_886' title='bbox 2476 5331 2591 5385; x_wconf 81' lang='grc' dir='ltr'>Πᾶν</span> <span class='ocrx_word' id='word_1_887' title='bbox 2620 5332 2786 5402; x_wconf 76' lang='grc' dir='ltr'>ἄρσεν</span> <span class='ocrx_word' id='word_1_888' title='bbox 2824 5334 2880 5385; x_wconf 80' lang='grc' dir='ltr'>ὲν</span> <span class='ocrx_word' id='word_1_889' title='bbox 2919 5337 3031 5397; x_wconf 85' lang='grc' dir='ltr'>τοῖς</span> <span class='ocrx_word' id='word_1_890' title='bbox 3066 5334 3273 5406; x_wconf 76' lang='grc' dir='ltr'>ἱερεῦσι</span> <span class='ocrx_word' id='word_1_891' title='bbox 3321 5338 3551 5406; x_wconf 65' lang='grc' dir='ltr'>φάγεται</span> <span class='ocrx_word' id='word_1_892' title='bbox 3591 5337 3753 5392; x_wconf 80' lang='grc' dir='ltr'>αὐτά.</span> 
     </span>
    </p>
   </div>
   <div class='ocr_carea' id='block_1_116' title="bbox 2181 5421 3753 5500">
    <p class='ocr_par' dir='ltr' id='par_1_116' title="bbox 2181 5421 3753 5500">
     <span class='ocr_line' id='line_1_116' title="bbox 2181 5421 3753 5500; baseline 0.006 -26"><span class='ocrx_word' id='word_1_893' title='bbox 2181 5421 2350 5489; x_wconf 79' lang='grc' dir='ltr'>Ἀγια</span> <span class='ocrx_word' id='word_1_894' title='bbox 2391 5422 2562 5491; x_wconf 85' lang='grc' dir='ltr'>ἁγίων</span> <span class='ocrx_word' id='word_1_895' title='bbox 2600 5424 2717 5476; x_wconf 73' lang='grc' dir='ltr'>ἐστὶ</span> <span class='ocrx_word' id='word_1_896' title='bbox 2757 5424 2966 5497; x_wconf 84' lang='grc' dir='ltr'>Κυρίῳ.</span> <span class='ocrx_word' id='word_1_897' title='bbox 2993 5443 3011 5476; x_wconf 77' lang='grc' dir='ltr'><strong>ι</strong></span> <span class='ocrx_word' id='word_1_898' title='bbox 3056 5426 3179 5498; x_wconf 69' lang='grc' dir='ltr'><strong>’Ἆρ’</strong></span> <span class='ocrx_word' id='word_1_899' title='bbox 3215 5423 3342 5495; x_wconf 83' lang='grc' dir='ltr'>οῦν,</span> <span class='ocrx_word' id='word_1_900' title='bbox 3374 5429 3494 5482; x_wconf 74' lang='grc' dir='ltr'>εἰπέ</span> <span class='ocrx_word' id='word_1_901' title='bbox 3533 5447 3645 5500; x_wconf 90' lang='grc' dir='ltr'>μοι,</span> <span class='ocrx_word' id='word_1_902' title='bbox 3695 5428 3753 5482; x_wconf 71' lang='grc' dir='ltr'>τὸ</span> 
     </span>
    </p>
   </div>
   <div class='ocr_carea' id='block_1_117' title="bbox 2181 5512 3840 5593">
    <p class='ocr_par' dir='ltr' id='par_1_117' title="bbox 2181 5512 3840 5593">
     <span class='ocr_line' id='line_1_117' title="bbox 2181 5512 3840 5593; baseline 0.007 -28"><span class='ocrx_word' id='word_1_903' title='bbox 2181 5512 2313 5584; x_wconf 83' lang='grc' dir='ltr'>θῆλυ</span> <span class='ocrx_word' id='word_1_904' title='bbox 2339 5516 2496 5582; x_wconf 88' lang='grc' dir='ltr'>γένος</span> <span class='ocrx_word' id='word_1_905' title='bbox 2529 5516 2819 5571; x_wconf 87' lang='grc' dir='ltr'>ἀποσοϐεῖν</span> <span class='ocrx_word' id='word_1_906' title='bbox 2846 5519 2874 5571; x_wconf 92' lang='lat'><strong>6</strong></span> <span class='ocrx_word' id='word_1_907' title='bbox 2908 5518 3071 5589; x_wconf 82' lang='grc' dir='ltr'>νόμος</span> <span class='ocrx_word' id='word_1_908' title='bbox 3099 5520 3196 5589; x_wconf 84' lang='grc' dir='ltr'><strong>τῆς</strong></span> <span class='ocrx_word' id='word_1_909' title='bbox 3234 5522 3486 5590; x_wconf 85' lang='grc' dir='ltr'>εὐλογίας</span> <span class='ocrx_word' id='word_1_910' title='bbox 3524 5521 3751 5593; x_wconf 70' lang='grc' dir='ltr'>προστέ·</span> <span class='ocrx_word' id='word_1_911' title='bbox 3825 5533 3840 5547; x_wconf 89' lang='lat'>&#39;</span> 
     </span>
    </p>
   </div>
   <div class='ocr_carea' id='block_1_118' title="bbox 583 5673 2071 5767">
    <p class='ocr_par' dir='ltr' id='par_1_118' title="bbox 583 5673 2071 5753">
     <span class='ocr_line' id='line_1_118' title="bbox 583 5673 2071 5753; baseline 0.012 -21"><span class='ocrx_word' id='word_1_912' title='bbox 583 5674 626 5708; x_wconf 83' lang='lat'><strong>”</strong></span> <span class='ocrx_word' id='word_1_913' title='bbox 657 5675 679 5733; x_wconf 84' lang='grc' dir='ltr'><strong>ι</strong></span> <span class='ocrx_word' id='word_1_914' title='bbox 706 5673 834 5730; x_wconf 85' lang='lat' dir='ltr'><strong>Cor.</strong></span> <span class='ocrx_word' id='word_1_915' title='bbox 869 5693 907 5743; x_wconf 84' lang='lat' dir='ltr'><strong>I,</strong></span> <span class='ocrx_word' id='word_1_916' title='bbox 938 5679 993 5731; x_wconf 75' lang='grc'><strong>2.</strong></span> <span class='ocrx_word' id='word_1_917' title='bbox 1068 5682 1109 5713; x_wconf 82' lang='grc'><strong>³⁸</strong></span> <span class='ocrx_word' id='word_1_918' title='bbox 1146 5684 1321 5739; x_wconf 86' lang='lat' dir='ltr'><strong>Levit.</strong></span> <span class='ocrx_word' id='word_1_919' title='bbox 1354 5703 1426 5753; x_wconf 76' lang='lat' dir='ltr'><strong>Vt,</strong></span> <span class='ocrx_word' id='word_1_920' title='bbox 1462 5688 1549 5743; x_wconf 76' lang='grc'><strong>26.</strong></span> <span class='ocrx_word' id='word_1_921' title='bbox 1626 5692 1671 5722; x_wconf 82' lang='grc'><strong>³’</strong></span> <span class='ocrx_word' id='word_1_922' title='bbox 1713 5693 1850 5747; x_wconf 88' lang='lat' dir='ltr'><strong>Ibid.</strong></span> <span class='ocrx_word' id='word_1_923' title='bbox 1952 5696 1997 5727; x_wconf 80' lang='grc'>³³</span> <span class='ocrx_word' id='word_1_924' title='bbox 2024 5695 2071 5750; x_wconf 60' lang='grc' dir='ltr'>ιι</span> 
     </span>
    </p>
   </div>
   <div class='ocr_carea' id='block_1_119' title="bbox 2170 5673 3440 5767">
    <p class='ocr_par' dir='ltr' id='par_1_119' title="bbox 2170 5697 3440 5767">
     <span class='ocr_line' id='line_1_119' title="bbox 2170 5697 3440 5767; baseline 0.002 -16"><span class='ocrx_word' id='word_1_925' title='bbox 2170 5704 2198 5751; x_wconf 78' lang='lat' dir='ltr'><strong>l.</strong></span> <span class='ocrx_word' id='word_1_926' title='bbox 2236 5697 2321 5764; x_wconf 80' lang='lat' dir='ltr'><strong>I7,</strong></span> <span class='ocrx_word' id='word_1_927' title='bbox 2348 5697 2402 5765; x_wconf 77' lang='lat'><strong>3,</strong></span> <span class='ocrx_word' id='word_1_928' title='bbox 2433 5699 2487 5753; x_wconf 79' lang='grc' dir='ltr'>ι.</span> <span class='ocrx_word' id='word_1_929' title='bbox 2563 5699 2608 5730; x_wconf 67' lang='grc'><strong>⁸⁵</strong></span> <span class='ocrx_word' id='word_1_930' title='bbox 2634 5699 2805 5754; x_wconf 80' lang='lat' dir='ltr'><strong>Exod.</strong></span> <span class='ocrx_word' id='word_1_931' title='bbox 2833 5716 2907 5767; x_wconf 76' lang='grc' dir='ltr'>γι,</span> <span class='ocrx_word' id='word_1_932' title='bbox 2937 5700 3026 5756; x_wconf 73' lang='grc'><strong>27.</strong></span> <span class='ocrx_word' id='word_1_933' title='bbox 3105 5700 3149 5734; x_wconf 85' lang='grc'><strong>³⁸</strong></span> <span class='ocrx_word' id='word_1_934' title='bbox 3186 5698 3325 5756; x_wconf 83' lang='lat' dir='ltr'><strong>Ibid.</strong></span> <span class='ocrx_word' id='word_1_935' title='bbox 3351 5700 3440 5754; x_wconf 78' lang='lat'><strong>28.</strong></span> 
     </span>
    </p>
   </div>
  </div>
