4066 6282
383 297 489 356 553

1369 295 1889 350 GLAPHYRORUM
1927 296 1991 347 ια
2033 294 2226 347 ικγιί
2240 294 2404 347 ιρυινι
2441 295 2665 348 LIBER.

3537 303 3641 354 554

382 429 585 484 ταχεν;
634 413 695 467 οὺ
731 412 889 467 τοῦτό
943 430 1157 484 φαμεν·
1186 414 1472 483 ἁγιάζεται
1512 416 1622 486 γὰρ
1664 417 1762 469 σὺν
1797 417 1950 487 ἡμῖν.

2062 414 2146 468 nis
2173 413 2449 468 masculus
2483 414 2628 467 inter
2664 411 2974 467 sacerdotes
3003 408 3244 465 comedit
3270 410 3404 464 haec.
3443 411 3641 468 Sancta

398 505 538 559 Ἀλλ’
566 505 627 557 ἑν
649 503 840 568 τύποις
871 504 969 575 μὲν
994 507 1177 559 ἐκεῖνα
1206 506 1302 559 καὶ
1330 509 1530 571 σκιαῖς.
1560 509 1659 561 Διὰ
1681 507 1736 561 δέ
1769 524 1832 576 γε
1863 506 1958 562 τοῦ

386 591 675 665 ἀρσενικοῦ
723 592 821 647 καὶ
874 592 1020 664 ἱεροῦ
1071 592 1286 661 γένους,
1318 594 1698 665 ὑπεσήμαινεν
1744 595 1963 664 εὐφυῶς

384 686 509 749 τοὺς
560 686 619 737 έν
671 676 894 756 Χριστῷ
923 684 1131 755 von-:6);
1186 683 1470 756 ἀνδρείους
1508 701 1568 739 τε
1609 686 1702 740 καὶ
1763 686 1963 757 ἱερούς.

387 774 719 847 Κεκλήμεθα
747 775 929 829 τοίνυν
950 778 1029 840 είς
1077 775 1297 847 μέθεξιν
1326 775 1428 847 τῆς
1451 778 1839 848 εὺοσμωτάτης
1868 776 1964 830 θυ-

389 870 529 934 σίας,
564 869 638 933 ὡς
699 867 840 941 ἱερὸν
897 870 992 922 καὶ
1044 886 1062 920 ι
1085 868 1384 923 ἀπόδεκτον
1441 869 1618 937 γένος,
1675 869 1751 933 ὡς
1814 867 1967 932 ἔθνος

391 962 565 1029 ἆγιον,
598 961 676 1024 ὡς
703 960 971 1032 βασίλειον
1004 960 1358 1033 ἱεράτευμα,›
1398 961 1672 1016 νεανίσκοι
1698 963 1792 1015 καὶ
1822 978 1965 1033 παρ-

386 1051 547 1115 θένοι,
591 1049 894 1123 πρεσϐῦται
929 1051 1066 1122 μετά
1110 1046 1410 1123 νεωτέρων.
1453 1050 1543 1105 Ἑν
1591 1051 1697 1123 γὰρ
1749 1048 1968 1122 Χριστῷ

398 1142 591 1212 Ἰησοῦ,
626 1144 724 1196 οὐκ
762 1143 931 1213 ἄρσεν
955 1144 1048 1198 καὶ
1078 1143 1236 1215 θῆλυ,
1268 1143 1383 1199 ἀλλ’
1410 1134 1527 1209 at:
1557 1145 1756 1208 πάντες
1777 1144 1965 1215 ἐσμὲν,

382 1232 457 1295 ὼς
501 1232 597 1286 τοῦ
656 1234 776 1297 ἑνὸς
834 1234 934 1305 μὲν
976 1235 1143 1307 ἄρτου
1178 1236 1520 1307 μετέχοντες,
1548 1254 1568 1287 ›
1603 1237 1745 1290 κατὰ
1789 1234 1851 1288 τδ
1877 1251 1969 1303 γε-

382 1325 719 1394 γραμμένον.
754 1326 863 1380 Kal.
889 1326 1021 1397 φέρε
1051 1326 1118 1399 δὴ
1151 1327 1337 1383 λοιπὸν
1386 1327 1696 1391 ἀκλείστοις
1733 1328 1968 1397 στόμασι

383 1414 477 1468 καὶ
501 1415 905 1487 ἁκαταλήκτοις
931 1421 1136 1487 φωναῖς
1168 1420 1258 1473 τὸν
1290 1418 1401 1474 τῶν
1432 1419 1572 1473 ὅλων
1593 1417 1833 1473 Βασιλέα
1873 1418 1969 1471 καὶ

378 1507 679 1579 Λυτρωτὴν
727 1508 1059 1577 δοξολογίαις
1111 1512 1604 1584 καταγεραίρωμεν
1628 1554 1642 1578 ,
1699 1510 1846 1581 φημὶ
1909 1509 1967 1562 δὲ

382 1597 638 1669 Χριστὸν,
690 1600 757 1653 δι’
779 1595 841 1656 οῦ
892 1602 988 1655 καὶ
1027 1603 1144 1671 μεθ’
1171 1598 1233 1657 οὗ
1281 1604 1360 1674 τῷ
1407 1600 1527 1675 Θεῷ
1576 1606 1671 1659 καὶ
1729 1603 1967 1674 Πατρὶή

383 1689 513 1757 δόξα
552 1693 651 1744 σὺν
678 1691 821 1761 ἁγίῳ
848 1692 1132 1763 Πνεῦματι
1172 1696 1252 1759 είς
1296 1697 1420 1760 τοὺς
1450 1694 1654 1759 αἰῶνας
1692 1694 1799 1749 τῶν
1837 1693 1969 1749 αἰώ-

386 1790 514 1835 νων.
545 1780 740 1852 Ἀμήν.

2065 515 2379 561 sanctorum
2412 506 2660 562 Domino
2702 506 2766 558 ³⁸.
2793 526 2811 558 ι
2842 505 2984 560 Num
3017 504 3202 575 igitur,
3237 502 3327 557 die
3355 501 3511 567 mihi,
3546 519 3640 572 ge-

2064 613 2171 654 nus
2190 596 2527 652 femininum
2571 599 2658 654 lex
2708 613 2738 652 a
2789 597 3176 652 benedictione
3230 593 3404 649 arceri
3444 594 3644 665 jussit?

2064 689 2185 744 Non
2231 688 2337 743 hoc
2386 689 2667 745 dicimus:
2707 689 2996 744 nobiseum
3041 689 3188 744 enim
3244 686 3639 743 sanctificatur.

2066 780 2175 837 Sed
2199 781 2257 835 in
2280 781 2423 853 typis
2453 781 2546 836 illa
2573 791 2631 836 et
2681 782 2895 836 umbris
2936 780 3158 837 fiebant.
3213 779 3349 847 Quia
3391 794 3489 848 per
3525 792 3641 832 ma-

2067 870 2278 926 sculum
2298 880 2354 926 et
2375 880 2626 926 sanctum
2646 886 2819 941 genus
2838 872 3119 941 eleganter
3142 870 3483 941 significabat
3522 868 3644 925 illos

2067 959 2163 1029 qui
2218 960 2348 1016 Su‘nt
2394 960 2446 1014 in
2500 960 2720 1015 Christo
2763 960 3124 1031 spirituauiter
3155 960 3328 1015 fortes
3364 969 3421 1015 et
3445 960 3638 1015 sancti.

2066 1049 2257 1105 Vocati
2286 1062 2417 1123 ergo
2444 1048 2643 1106 sumus
2671 1051 2726 1105 in
2778 1052 3164 1106 communione
3205 1050 3644 1122 ﬂagrantissimae

2069 1141 2387 1207 oblationis,
2406 1144 2579 1198 veluti
2611 1153 2857 1199 sanctum
2878 1154 2934 1198 et
2965 1163 2981 1194 ι
3004 1143 3237 1198 electum
3265 1156 3488 1213 genus,»
3520 1151 3644 1197 tan-

2070 1242 2233 1306 quam
2261 1255 2277 1286 ι
2298 1250 2431 1306 gens
2464 1245 2672 1302 sancta,
2704 1236 2959 1307 etjregale
2986 1234 3353 1291 sacerdotium
3371 1234 3436 1299 ",
3462 1253 3481 1285 ι
3510 1234 3641 1289 ado-

2069 1326 2341 1381 lescentes
2357 1336 2413 1381 et
2432 1327 2695 1398 virgines,
2717 1341 2877 1383 senes
2908 1341 3035 1381 eum
3058 1326 3374 1398 junioribus
3396 1325 3483 1379 "‘.
3505 1324 3644 1391 Quia

2068 1419 2125 1473 in
2171 1418 2392 1474 Christo
2436 1416 2565 1476 Jesu
2610 1436 2718 1475 non
2756 1429 2839 1475 est
2880 1419 3172 1484 masculus,
3207 1433 3386 1488 neque
3418 1415 3643 1481 femina,

2071 1510 2166 1565 sed
2196 1526 2364 1565 unum
2389 1526 2580 1566 omnes
2614 1527 2804 1567 sumus
2838 1521 3093 1583 tanquam
3145 1511 3239 1582 qui
3266 1511 3323 1565 in
3355 1524 3466 1565 uno
3505 1524 3645 1580 pane

2072 1601 2564 1667 communicemus,
2597 1621 2614 1653 ι
2647 1603 2789 1658 sicut
2816 1603 3078 1672 scriptum
3110 1612 3195 1658 est
3227 1601 3293 1655 ⁸⁸.
3325 1602 3482 1657 Nunc
3516 1614 3646 1671 ergo

2071 1701 2323 1763 superest
2347 1701 2408 1747 ut
2434 1704 2623 1763 aperto
2656 1709 2751 1749 ore
2788 1703 2844 1749 et
2872 1708 3005 1749 voce
3044 1694 3407 1750 inaccessibili
3440 1694 3645 1763 Regem

2003 1784 2045 1839 B
2074 1785 2240 1857 hujus
2284 1785 2527 1841 universi
2566 1802 2630 1840 ac
2662 1784 3085 1856 Redemptorem
3120 1794 3371 1841 nostrum
3404 1783 3645 1840 celebre-

390 1885 535 1936 mus,
568 1870 932 1944 laudibusque
970 1876 1316 1943 extollamus,
1370 1877 1673 1944 Christum,
1715 1878 1960 1949 inquam,
2001 1893 2101 1948 per
2142 1893 2304 1949 quem
2358 1889 2414 1935 et
2454 1894 2578 1934 cum
2605 1895 2715 1950 quo
2742 1880 2811 1935 sit
2848 1879 3018 1950 gloria
3074 1881 3186 1934 Deo
3220 1894 3282 1934 ac
3342 1877 3491 1934 Patri
3518 1890 3645 1931 cum

393 1963 600 2035 Spiritu
626 1977 818 2023 sancto
856 1969 913 2024 in
944 1972 1141 2028 saecula
1166 1972 1510 2029 saeculorum.
1540 1975 1734 2029 Amen.

624 2080 765 2147 Περὶ
793 2080 902 2135 τοῦ
935 2084 1310 2155 καθαρισμοῦ
1334 2083 1445 2154 τῆς
1474 2085 1722 2155 λέπρας.

454 2165 855 2224 Βεδασίλευκεν
907 2172 1068 2243 ἡμῶν
1114 2175 1147 2244 ἡ
1189 2174 1452 2246 ἁμαρτία,
1493 2176 1587 2229 καὶ
1634 2174 1963 2247 κατεκράτη-

381 2273 473 2312 σεν
506 2259 615 2312 τῶν
666 2262 760 2314 ἐπὶ
817 2261 917 2333 τῆς
956 2264 1080 2334 γῆς,
1120 2265 1249 2320 ιδιά
1297 2283 1376 2319 τοι
1422 2266 1480 2319 τὸ
1540 2266 1816 2335 ἐγκεῖσθαι
1862 2266 1961 2338 τὴν

377 2350 618 2406 διάνοιαν
664 2351 759 2406 τοῦ
811 2354 1101 2426 ἀνθρώπου
1131 2356 1408 2428 ἐπιμελῶς
1433 2359 1524 2411 ἐπὶ
1552 2357 1621 2411 τὰ
1655 2358 1867 2430 πονηρὰ
1896 2358 1960 2409 ὲκ

379 2440 649 2511 νεότητος,
672 2461 691 2493 ι
736 2445 832 2497 καὶ
872 2444 1139 2515 ἀχαλίνως
1174 2446 1391 2501 ἑλέσθαι
1429 2449 1623 2501 παθεῖν
1649 2448 1748 2520 τὴν
1772 2450 1853 2512 είς
1888 2446 1959 2501 τὰ

378 2532 595 2603 χείρονα
627 2534 820 2605 ῥοπὴν,
867 2537 1098 2605 ποιήσας
1154 2537 1211 2592 δὲ
1262 2541 1393 2611 παρ’
1432 2540 1585 2594 οὐδὲν
1634 2542 1736 2611 τῆς
1796 2542 1960 2593 ἐπιει-

386 2622 540 2685 κείας
571 2622 670 2692 τὴν
716 2623 895 2687 δόξαν.
932 2625 989 2678 ’0
1029 2625 1085 2679 δὲ
1124 2626 1255 2691 Θεὸς
1278 2646 1295 2679 ι
1320 2627 1571 2692 πλούσιος
1608 2629 1665 2681 ὲν
1697 2627 1837 2681 ὲλέει
1868 2630 1959 2682 καὶ

380 2713 702 2783 οἰκτιρμοῖς,
718 2732 736 2765 ι
758 2713 899 2769 καθὰ
914 2716 1244 2787 γέγραπται,
1266 2719 1382 2773 «διὰ
1394 2720 1492 2790 τὴν
1520 2721 1720 2793 πολλὴν
1738 2722 1957 2792 ἀγάπην

381 2804 565 2873 αὐτοῦ,
599 2804 666 2877 ἢν
697 2806 982 2876 ἠγάπησεν
1029 2810 1196 2880 ἡμᾶς,
1231 2812 1324 2864 καὶ
1352 2812 1512 2875 ὄντας
1553 2814 1700 2883 ἡμᾶς
1731 2813 1958 2882 νεκροὺς

378 2897 490 2960 τοῖς
539 2897 949 2968 παραπτώμασι
990 2902 1422 2973 συνεζωοποίησε
1471 2902 1548 2973 τῷ
1591 2904 1830 2973 Χριστῷ,
1864 2905 1958 2957 καὶ

381 2988 691 3057 συνήγειρε,
726 2988 820 3042 καὶ
850 2989 1170 3043 συνεκάθισε
1222 2993 1337 3053 τοῖς
1390 2992 1753 3062 ἐπουρανίοις.
1783 3011 1800 3043 ι
1851 2994 1957 3045 Πε-

381 3077 762 3150 πλουτήκαμεν
825 3081 933 3152 γὰρ
983 3083 1041 3134 ὲν
1075 3081 1295 3151 Χριστῷ
1362 3081 1459 3151 τὴν
1506 3082 1710 3136 ἄνωθεν
1758 3084 1955 3155 ὴμερό·

378 3185 535 3239 τητα,
570 3171 663 3223 καὶ
711 3171 809 3242 τὴν
858 3172 1031 3224 ἀκλεᾶ
1085 3172 1179 3225 καὶ
1231 3171 1628 3244 παμμόχθηρον
1686 3175 1957 3246 ἁμαρτίαν

379 3260 780 3330 ἀπενιψάμεθα,
814 3261 1142 3333 κεκλημένοι
1168 3262 1255 3316 διὰ
1283 3260 1382 3333 τῆς
1416 3263 1649 3328 πίστεως
1687 3268 1764 3331 εἰς
1803 3267 1958 3335 ἁγια-

2529 2082 2606 2137 De
2631 2083 2972 2137 mundatiouc
2999 2082 3177 2153 lepra'.

2070 2160 2095 2171 ’
2142 2177 2193 2231 1.
2227 2176 2494 2248 Regnavit
2521 2175 2587 2230 de
2636 2174 2796 2229 nobis
2825 2183 3130 2245 peccatum,
3182 2184 3239 2231 et
3266 2175 3557 2246 imperium
3587 2176 3645 2233 in

2068 2268 2331 2324 mortales
2358 2267 2615 2333 obtinuit,
2653 2286 2670 2319 ι
2698 2282 2763 2322 eo
2790 2267 2935 2337 quod
2955 2265 3211 2337 cogitatio
3232 2265 3469 2321 hominis
3487 2267 3644 2323 valde

2074 2372 2247 2428 prona
2287 2367 2375 2412 est
2413 2357 2481 2412 ad
2516 2356 2658 2411 mala
2705 2356 2774 2411 ab
2817 2355 3183 2410 adolescentia
3218 2370 3314 2409 sua
3351 2354 3417 2421 ³⁸⁵,
3439 2374 3455 2405 ι
3479 2362 3642 2425 atque

2066 2449 2262 2506 ell'reni
2289 2450 2495 2521 impetu
2521 2449 2587 2504 ad
2616 2448 2888 2504 deteriora
2908 2462 3148 2518 praeceps
3171 2446 3363 2513 fertur,
3387 2456 3442 2501 et
3469 2448 3645 2502 conti-

2065 2541 2268 2596 nentiaa
2317 2539 2548 2612 gloriam
2601 2539 2809 2595 nullius
2857 2539 3017 2609 plane
3065 2536 3212 2590 facit.
3266 2537 3411 2591 Deus
3458 2545 3642 2591 autem

2073 2652 2091 2685 ι
2127 2648 2254 2687 cum
2295 2632 2366 2688 sit
2394 2632 2548 2687 dives
2595 2632 2649 2686 in
2686 2630 3082 2694 misericordia,
3114 2648 3131 2681 ι
3187 2629 3328 2683 sicut
3376 2628 3641 2699 scriptum

2064 2734 2148 2780 est
2180 2726 2246 2792 ⁸⁸³,
2311 2734 2577 2796 «propter
2616 2737 2866 2793 magnam
2916 2720 3263 2775 dilectionem
3315 2734 3489 2784 suam,
3534 2731 3642 2789 qua

2065 2818 2255 2872 dilexit
2281 2832 2401 2882 nos,
2423 2816 2590 2870 etiam
2633 2822 2746 2869 tum
2778 2814 2995 2883 quando
3045 2811 3249 2870 mortui
3284 2826 3504 2865 eramus
3541 2811 3640 2866 de-

2065 2908 2228 2973 lictis,
2256 2904 2657 2961 conviviﬁcavit
2678 2921 2779 2959 nos
2800 2905 3039 2967 Christo,
3065 2903 3335 2972 simulque
3359 2901 3639 2969 excitavit,

2064 3009 2120 3052 et
2153 2998 2345 3052 sedere
2395 2995 2523 3050 fecit
2547 2996 2602 3049 in
2630 2995 2965 3050 caelestibus.
3004 3012 3021 3045 ι
3054 2992 3348 3048 Consecuti
3373 2990 3519 3046 enim
3545 3008 3639 3046 su-

2066 3103 2188 3143 mus
2231 3089 2285 3143 in
2318 3086 2539 3159 Christo
2578 3099 2870 3154 supernam
2900 3082 3313 3154 benignitatem,
3354 3089 3408 3137 et
3440 3081 3641 3137 infame

2064 3188 2347 3250 peccatum
2390 3177 2684 3241 abluimus,
2712 3174 2891 3229 vocati
2917 3189 3015 3244 per
3045 3173 3208 3228 fidem
3235 3173 3302 3227 ad
3330 3172 3639 3228 sanctifica-

2064 3270 2288 3324 tionem.
2338 3268 2609 3322 Prmterea
2655 3264 2779 3319 vita:
2815 3269 3030 3317 internae
3084 3261 3210 3317 facti
3242 3262 3557 3332 participes,
3586 3270 3645 3317 ct

381 3350 534 3421 σμόν.
572 3352 682 3405 Kal
727 3353 865 3424 πρός
903 3370 967 3422 γε
1017 3355 1081 3426 δὴ
1116 3354 1327 3420 τούτοις
1371 3357 1466 3411 καὶ
1498 3358 1596 3429 τῆς
1642 3362 1722 3424 είς
1754 3360 1956 3426 αἰῶνας

2062 3361 2269 3431 accepti
2322 3359 2550 3423 erimus,
2598 3366 2654 3412 et
2693 3356 2990 3411 olferemur
3022 3354 3075 3408 in
3105 3353 3331 3409 odorem
3359 3354 3644 3410 suavitatis

380 3441 525 3512 ζωῆς
561 3445 847 3513 γεγονότες
892 3447 1128 3517 μέτοχοι,
1164 3447 1341 3503 δεκτοί
1380 3467 1439 3503 τε
1467 3450 1722 3520 ἐσόμεθα,
1755 3453 1849 3507 καὶ
1877 3455 1956 3517 εἰς

379 3532 552 3604 ὀσμὴν
610 3533 838 3597 εὐωδίας
879 3535 1283 3607 ἀνακεισόμεθα
1333 3537 1413 3609 τῷ
1459 3539 1578 3611 Θεῷ
1614 3542 1706 3595 καὶ
1756 3542 1951 3614 Πατρί.

380 3621 490 3675 Kal
533 3623 644 3694 γάρ
687 3626 837 3678 ἐστιν
868 3625 1072 3698 ἀληθὴς
1098 3629 1127 3681 ὁ
1159 3627 1425 3700 μακάριος
1470 3631 1679 3696 Παῦλος
1705 3633 1954 3704 γράφων,

379 3713 459 3766 ὅτι
488 3714 727 3785 Χριστοῦ
752 3716 978 3770 (εὐωδία
998 3736 1015 3767 ι
1046 3719 1308 3791 ὲσμὲνιτῷ
1336 3719 1474 3792 Θεῷ.
1497 3722 1619 3776 Ὅτι
1647 3724 1774 3796 γὰρ,
1792 3726 1841 3778 εἰ
1862 3724 1959 3779 καὶ

379 3806 776 3878 τετυράννηκεν
818 3808 975 3879 ὴμῶν
1018 3811 1052 3882 ή
1085 3811 1326 3881 ἁμαρτία
1368 3813 1506 3866 κατὰ
1550 3816 1796 3885 καιροὺς,
1843 3816 1958 3870 ἀλλ’

381 3897 841 3969 ἀπεκρουσάμεθα
898 3900 996 3971 τὴν
1050 3901 1261 3972 κηλῖδα,
1316 3902 1692 3975 διεσμήγμεθα
1743 3907 1832 3959 τὸν
1865 3907 1957 3978 5:6-

382 4004 480 4042 πον
507 3990 885 4062 κατελήξαμεν
925 3994 982 4045 ὲν
1006 3994 1226 4065 Χριστῷ
1252 3994 1358 4047 τῶν
1388 3997 1631 4066 ἀρχαίων
1667 3998 1957 4069 ἀρρωστη-

385 4082 588 4153 μάτων,
624 4084 767 4156 ἱερὸς
793 4085 940 4155 ἡμᾶς
969 4085 1250 4139 ἀναπείσει
1300 4085 1478 4153 λόγος.
1509 4087 1819 4158 Γέγραπται
1850 4089 1959 4158 γὰρ

381 4174 552 4238 οὕτως
578 4176 639 4228 ὲν
686 4174 764 4245 τῷ
795 4175 1064 4246 Λευῖτικῷ
1088 4193 1100 4206 ·
1137 4196 1155 4227 ι
1189 4177 1299 4230 Kal
1329 4177 1555 4248 ὲλάλησε
1587 4178 1790 4251 Κύριος
1824 4181 1961 4251 πρὸς

382 4267 606 4338 Μωσῆν,
654 4266 828 4334 λέγων
853 4284 866 4297 ·
923 4260 1091 4332 Οὗτος
1143 4269 1171 4320 ὁ
1214 4269 1375 4339 νόμος
1414 4268 1510 4322 τοῦ
1557 4270 1781 4341 λεπροῦ,
1816 4265 1850 4346 ᾖ
1893 4271 1959 4326 ἂν

382 4357 565 4430 ἡμέρᾳ
619 4357 955 4430 καθαρισθῇ·
1015 4360 1109 4412 καὶ
1182 4360 1617 4432 προσαχθήσεται
1676 4361 1812 4433 πρὸς
1868 4361 1960 4417 τὸν

386 4448 551 4519 ἱερέα,
584 4450 677 4501 καὶ
704 4448 1041 4513 ἐξελεύσεται
1070 4452 1098 4503 ό
1127 4452 1303 4523 ἱερεὺς
1338 4451 1441 4518 ἔξω
1463 4453 1560 4522 τῆς
1587 4452 1957 4523 παρεμϐολῆς,

384 4542 473 4594 καὶ
498 4542 691 4611 ὄψεται
720 4544 748 4594 ὁ
779 4543 977 4612 ἱερεὺς,
1005 4543 1095 4596 καὶ
1122 4543 1228 4596 ἰδοῦ
1263 4545 1405 4597 ἰᾶται
1428 4546 1461 4614 ἠ
1492 4546 1602 4615 ἁφὴ
1625 4545 1726 4615 τῆς
1754 4545 1959 4616 λέπρας

380 4632 489 4686 ἀπὸ
514 4631 610 4686 τοῦ
642 4633 866 4703 λεπροῦ.
903 4633 1013 4686 Kal.
1045 4634 1305 4704 προσάξει
1340 4637 1367 4688 ὁ
1400 4637 1598 4706 ἱερεὺς,
1632 4636 1724 4689 καὶ
1761 4636 1959 4707 λήψον-

2060 3453 2172 3507 Deo
2217 3468 2280 3507 ac
2328 3450 2495 3506 Patri.
2558 3447 2841 3519 Siquidem
2896 3462 3061 3501 verax
3090 3453 3174 3500 est
3215 3446 3409 3501 beatus
3439 3445 3643 3501 Paulus

2060 3544 2309 3599 scribens
2356 3541 2503 3613 quod
2557 3539 2761 3596 Christi
2821 3558 2837 3590 ι
2875 3537 3054 3594 bonus
3106 3537 3242 3593 odor
3276 3557 3293 3587 ι
3347 3551 3539 3593 sumus
3576 3538 3631 3591 in

2060 3635 2172 3691 Deo
2197 3637 2259 3689 “.
2285 3634 2440 3701 Quod
2463 3633 2633 3698 enim,
2662 3631 2763 3687 etsi
2787 3636 3073 3701 peccatum
3108 3629 3163 3683 in
3192 3645 3290 3683 nos
3313 3644 3464 3683 suam
3486 3642 3646 3683 exer-

2060 3729 2237 3783 cuerit
2272 3725 2612 3799 tyrannidem
2652 3723 2720 3778 ad
2742 3731 2979 3792 tempus,
3010 3730 3194 3775 tamen
3221 3734 3288 3773 ex
3311 3720 3416 3773 hoc
3437 3716 3641 3786 probro

2059 3818 2465 3880 emerserimus,
2500 3815 2796 3883 sordesque
2817 3811 3177 3873 abluerimus,
3216 3807 3377 3877 353
3410 3814 3572 3875 atque
3608 3819 3643 3860 a

2059 3907 2306 3977 pristinis
2353 3922 2451 3976 per
2498 3903 2779 3958 Christum
2824 3899 3001 3968 erepti
3035 3896 3262 3961 morbis,
3296 3911 3453 3950 sacra
3481 3895 3641 3950 nobis

2062 3994 2343 4064 Scriptura
2390 3990 2761 4063 persuadebit.
2818 3988 2909 4042 Sic
2959 3987 3106 4041 enim
3157 3984 3421 4054 scriptum
3470 3985 3638 4039 estin

2061 4085 2304 4141 Levitico
2339 4101 2349 4135 :
2404 4102 2420 4132 ‹
2460 4080 2526 4135 Et
2567 4082 2784 4134 locutus
2826 4085 2911 4132 est
2962 4076 3228 4131 Dominus
3273 4076 3341 4130 ad
3398 4076 3637 4147 Moysen,

2061 4179 2291 4232 dicens:
2334 4174 2459 4229 llaec
2500 4180 2584 4227 est
2622 4172 2711 4226 lex
2738 4169 2964 4240 leprosi,
3005 4182 3335 4240 quocunque
3360 4168 3447 4224 die
3478 4184 3640 4223 mun-

2062 4269 2223 4324 datus
2245 4267 2411 4322 fuerit
2445 4284 2456 4318 :
2487 4273 2541 4318 et
2566 4263 2871 4319 adducetur
2900 4260 2969 4315 ad
2996 4259 3359 4325 sacerdotem,
3390 4254 3642 4315 Ctesibii.

2062 4361 2316 4418 sacerdos
2356 4369 2508 4414 extra
2555 4366 2755 4421 castra,
2789 4354 3108 4425 videbitque
3141 4353 3255 4425 ipse
3281 4355 3553 4420 sacerdos,
3585 4364 3641 4409 ct
3718 4344 3719 4347 “

2060 4468 2187 4507 ecce
2245 4461 2467 4505 sanatur
2508 4450 2662 4519 plaga
2706 4448 2871 4516 leprae
2913 4437 2944 4501 a
2992 4446 3229 4515 leproso.
3266 4446 3333 4499 Et
3360 4447 3641 4515 prtecipiet

2063 4543 2335 4607 sacerdos,
2396 4540 2737 4611 aceipietque
2780 4539 2848 4593 de
2892 4539 3156 4593 mundato
3206 4537 3344 4592 duos
3393 4552 3639 4605 passeres

2062 4635 2215 4688 vivos
2258 4639 2311 4687 et
2352 4648 2539 4703 puros,
2587 4635 2750 4702 atq‘ue
2803 4631 3009 4702 lignum
3041 4629 3346 4693 cedrinum,
3371 4637 3426 4681 et
3457 4629 3637 4682 cocci-

380 4739 469 4778 ται
498 4722 576 4793 τῷ
620 4722 1080 4793 κεκαθαρισμένῳ
1134 4724 1225 4776 δύο
1264 4725 1472 4795 ὀρνίθια
1515 4724 1692 4788 ζῶντα
1725 4727 1820 4778 καὶ
1854 4743 1953 4780 κα·

2062 4740 2189 4778 num
2240 4725 2729 4794 conglomeratum,
2782 4731 2838 4777 et
2876 4723 3192 4793 hyssopum.
3252 4719 3638 4787 Mamlabitque

382 4811 544 4885 θαρὰ,
579 4812 675 4866 καὶ
702 4811 855 4877 ξύλον
887 4813 1147 4884 κέδρινον,
1180 4814 1275 4867 καὶ
1309 4814 1516 4868 κεκλωσ
1527 4816 1687 4884 μένον
1712 4815 1959 4868 κόκκινον

379 4905 474 4959 καὶ
504 4903 778 4958 ὕσσωπον.
808 4906 917 4958 Kal
942 4904 1200 4975 προσάξει
1234 4906 1262 4959 ό
1314 4906 1511 4977 ἱερεὺς,
1557 4906 1652 4960 καὶ
1699 4904 1958 4975 σφάξουσι

378 4996 487 5050 τῶν
513 4996 767 5069 όρνιθίων
799 4995 858 5050 τὸ
879 4994 955 5059 ἒν,
981 4998 1060 5058 εὶς
1082 4996 1300 5065 ἀγγεῖον
1328 4996 1666 5067 ὀστράκινον,
1691 4999 1775 5065 ἐφ’
1805 4997 1956 5051 ὕδατι

381 5087 562 5150 ζῶντι.
600 5086 710 5139 Kal.
741 5087 803 5140 τὸ
834 5087 1063 5159 ὀρνίθιον
1094 5086 1154 5138 τὸ
1183 5085 1289 5150 ζῶν
1322 5086 1549 5157 λήψεται
1580 5072 1732 5150 αῦτὸ,
1776 5088 1867 5140 καὶ
1900 5088 1958 5140 τὸ

384 5176 534 5242 ξύλον
563 5178 624 5230 τὸ
654 5178 914 5248 κέδρινον,
952 5178 1048 5230 καὶ
1077 5176 1136 5228 τὸ
1176 5176 1407 5230 ἁλαστὸν
1447 5179 1715 5242 κόκκινον,
1743 5177 1836 5231 καὶ
1862 5178 1959 5248 τὴν

384 5267 655 5335 ὕσσωπον,
683 5270 777 5323 καὶ
812 5267 972 5338 paean
1002 5267 1158 5333 αὐτὰ,
1185 5270 1277 5321 καὶ
1310 5267 1366 5320 τὸ
1393 5267 1625 5338 ὀρνίθιον
1654 5269 1712 5321 τὸ
1741 5267 1846 5332 ζῶν
1880 5268 1959 5331 είς

382 5358 441 5411 τὸ
467 5355 606 5429 αἷμα
635 5360 729 5412 τοῦ
761 5359 994 5429 όρνιθίου
1020 5359 1114 5411 τοῦ
1148 5359 1443 5427 σφαγέντος
1473 5359 1557 5427 ἐφ’
1586 5357 1737 5412 ῦδατι
1773 5357 1954 5423 ζῶντι,

383 5448 475 5501 καὶ
500 5452 822 5521 περιρρανεί
868 5451 958 5503 ἐπὶ
1000 5450 1090 5503 τὸν
1138 5449 1537 5519 καθαρισθέντα
1578 5450 1686 5502 ἀπὸ
1732 5450 1831 5520 τῆς
1871 5449 1956 5501 λέ-

385 5557 523 5614 πρας
545 5542 795 5606 ἑπτάκις,
828 5542 921 5595 καὶ
962 5542 1195 5612 καθαρὸς
1231 5541 1400 5596 ἔσται.
1448 5543 1557 5596 Kal
1606 5541 1953 5608 ἐξαποστελεῖ

445 5632 488 5663 ⁸⁸
521 5635 693 5688 Exod.
727 5651 799 5697 vl,
829 5634 917 5687 29.
997 5633 1036 5664 ³⁷
1066 5635 1082 5687 1
1116 5635 1260 5688 Pctr.
1305 5650 1372 5697 ιι,
1411 5636 1462 5689 9.
1542 5635 1604 5667 ³⁷⁸
1636 5636 1778 5691 Psal.
1815 5652 1959 5690 εχιτ]

2075 5638 2157 5691 12.
2239 5638 2281 5669 ⁵⁸
2315 5636 2433 5692 Gal.
2484 5651 2574 5700 ιιι,
2617 5634 2722 5701 28;

382 5700 446 5773 5;
477 5720 589 5771 vm,
619 5706 706 5761 ‘23.
786 5705 830 5735 ³ο
859 5702 1056 5772 Ephcs.
1084 5720 1123 5769 ι,
1160 5706 1211 5768 4,
1242 5705 1293 5757 5.
1373 5706 1414 5736 ⁸⁸
1450 5704 1490 5760 Il
1521 5704 1646 5761 Cor.
1682 5722 1738 5773 ιι,
1772 5706 1858 5759 15.

698 5797 967 5856 Puncta
1017 5795 1128 5855 Gn.
1180 5796 1389 5859 LXIX.

2057 4818 2313 4872 sacerdos
2347 4833 2360 4881 ;
2413 4824 2470 4871 ct
2527 4815 2845 4871 ma’ctabunt
2896 4832 2961 4870 ex
3002 4812 3334 4885 passerculis
3373 4826 3542 4864 unum
3582 4810 3637 4862 in

2057 4924 2185 4963 vase
2238 4908 2387 4963 ﬁctili
2434 4910 2501 4964 ad
2544 4926 2741 4981 aquam
2788 4909 3083 4964 viventem.
3139 4907 3207 4960 Et
3260 4904 3488 4957 alteram
3519 4903 3637 4956 avi-

2057 5001 2235 5054 culam
2266 5017 2388 5070 qua:
2410 5000 2548 5054 vivit
2603 5002 2855 5071 accipiet,
2892 5000 3208 5070 lignumque
3242 4994 3550 5059 cedrinum,
3583 5003 3640 5047 et

2057 5092 2520 5160 conglomeratum
2573 5093 2855 5145 coccinum
2907 5099 2963 5144 ct
3012 5090 3329 5160 hyssopum,
3358 5086 3637 5155 tingetque

2058 5179 2177 5249 ipsa
2220 5190 2275 5235 et
2313 5183 2689 5251 passerculum
2737 5182 3009 5234 viventem
3053 5179 3109 5233 in
3154 5177 3472 5248 sanguinem
3522 5176 3637 5231 avis

2057 5278 2306 5324 mactata:
2342 5272 2409 5325 ad
2439 5287 2635 5341 aquam
2670 5272 2965 5334 viventem,
2994 5275 3352 5339 aspergctque
3384 5266 3438 5322 in
3472 5281 3636 5319 mun-

2053 5360 2241 5415 datum
2284 5377 2315 5415 a
2361 5362 2511 5431 lepra
2568 5361 2790 5430 septies,
2830 5368 2887 5413 et
2933 5360 3040 5415 erit
3078 5358 3334 5414 mundus.
3368 5357 3523 5411 Tunc
3548 5356 3636 5411 di-

2052 5451 2233 5505 mittet
2267 5452 2645 5520 passerculum
2697 5450 2752 5503 in
2798 5465 3071 5519 campum,
3123 5458 3177 5503 et
3221 5448 3405 5502 abluet
3461 5446 3506 5500 is
3540 5446 3635 5515 qui

2051 5543 2347 5598 mundatus
2368 5550 2453 5597 est
2475 5541 2801 5596 vestimenta
2824 5557 2942 5595 sua.
2966 5541 3250 5611 Radetque
3279 5553 3469 5594 omnes
3494 5538 3635 5608 pilos

2799 5634 2971 5689 lCor.
3013 5651 3079 5701 χ,
3126 5635 3210 5689 l7.
3293 5633 3335 5665 ³⁹
3377 5631 3512 5687 Gen.
3546 5645 3632 5695 vr.

3249 5791 3317 5853 18
