4094 6282
423 259 532 318 535

1448 244 1505 301 S.
1545 243 1821 301 CYRILLI
1859 242 2325 299 ALEXANDRINI
2360 242 2673 299 ARCHIEP.

3576 235 3680 293 556

422 383 573 433 suos,
606 373 664 421 et
689 362 959 422 lavabitur
1009 361 1062 416 in
1088 372 1254 428 aqua,
1288 354 1634 425 mundusque
1673 354 1800 409 erit.
1846 354 2004 411 Post-

2106 354 2167 407 τὸ
2195 354 2427 428 ὀρνίθων
2464 355 2524 408 τδ
2552 354 2660 418 ζῶν
2688 354 2766 417 είς
2809 352 2869 405 τὸ
2908 352 3110 418 πεδίον,
3161 350 3253 406 καὶ
3292 352 3482 406 πλυνεῖ
3513 352 3543 405 6
3579 369 3680 406 κα-

425 460 543 515 haec
574 457 915 530 ingredietur
938 458 1138 515 castra,
1171 458 1228 506 et
1259 446 1690 504 commorabitur
1723 453 1878 499 extra
1907 443 2004 499 do-

426 567 578 607 mum
604 565 759 606 suam
784 554 992 616 septem
1013 543 1230 599 diebus.
1256 542 1326 596 Et
1344 540 1472 605 erit,
1497 545 1561 593 ut
1586 538 1642 592 in
1658 537 1748 593 die
1769 536 2004 607 septimo

425 642 655 697 abradat
674 652 866 695 omnes
885 651 1014 691 suos
1031 634 1277 705 capillos,
1296 640 1460 703 caput
1474 647 1658 697 suum,
1678 638 1735 686 et
1752 630 2001 695 barbam,

427 730 830 801 superciliaque
858 744 874 794 ;
903 726 1140 798 denique
1163 734 1391 780 cunctos
1418 723 1561 794 pilos
1596 738 1725 779 suos
1754 722 2001 787 abradat,

426 821 721 889 abluetque
772 817 1100 873 vestimenta
1138 830 1257 880 sna,
1284 823 1340 869 ct
1363 814 1569 870 lavabit
1610 828 1811 883 corpus
1839 828 2001 883 aqua,

424 921 479 965 et
527 910 766 965 mundus
814 908 921 962 erit
968 907 1033 960 ".
1077 925 1094 957 ι
1140 905 1325 961 Series
1356 918 1489 974 ergo
1534 902 1780 959 historia:
1823 918 2005 974 perse

424 1002 714 1059 manifesta
751 1008 836 1056 est
865 1010 921 1055 et
953 999 1119 1066 clara,
1162 1005 1327 1068 atque
1360 998 1408 1053 si
1451 997 1576 1068 quis
1607 996 1831 1066 planum
1875 996 2006 1051 velit

425 1096 628 1159 facere,
678 1106 790 1155 non
838 1090 1071 1146 multum
1118 1105 1183 1145 ea
1217 1104 1305 1143 res
1344 1088 1599 1143 utilitatis
1645 1085 1859 1152 afferat,
1899 1086 2004 1141 nisi

427 1184 752 1256 spiritaliter
784 1181 1140 1251 intelligatur.
1170 1179 1281 1250 Age
1315 1179 1481 1250 igitur
1516 1178 1574 1234 in
1610 1176 1853 1232 medium
1875 1192 2005 1248 pro-

426 1275 692 1337 feramus,
723 1270 1074 1325 traducentes
1095 1268 1374 1338 eleganter
1395 1266 1594 1322 littera
1632 1264 2006 1321 inﬁrmitatem

429 1365 498 1439 ad
537 1362 743 1419 Christi
775 1360 1117 1433 mysterium.
1147 1359 1329 1414 Pauca
1374 1372 1508 1414 vero
1546 1372 1614 1413 ex
1661 1356 1750 1413 his
1785 1372 1907 1428 quae
1937 1356 2006 1412 ad

426 1453 853 1511 declarationem
882 1449 1191 1506 necessaria
1221 1456 1406 1515 erunt,
1451 1447 1823 1518 praefabimur.
1869 1447 2007 1501 Nam

427 1547 583 1617 lepra
628 1553 714 1601 est
746 1543 974 1599 morbus
1017 1541 1113 1614 qui
1152 1548 1354 1611 praeter
1383 1539 1726 1595 voluntatem
1757 1539 2005 1610 corpori-

428 1638 533 1692 bus
576 1634 904 1707 quibusdam
940 1631 1162 1688 accidit.
1209 1630 1306 1685 Est
1342 1638 1525 1684 autem
1551 1628 1713 1700 longe
1741 1627 2007 1684 edacissi-

427 1743 572 1792 mus,
594 1704 679 1783 *ει
718 1740 939 1796 semper
986 1720 1394 1793 quodammodo
1420 1727 1755 1791 propagatur
1793 1735 1892 1790 per
1925 1735 2005 1785 se,
2042 1704 2081 1759 Β

427 1829 593 1889 atque
641 1817 970 1891 ingravescit
1010 1815 1067 1870 in
1090 1813 1353 1869 membris
1381 1828 1504 1884 quae
1530 1821 1783 1884 occupat.
1808 1812 2008 1868 Malum

428 1925 658 1980 prorsus
688 1908 1012 1973 incurabile,
1048 1906 1306 1978 quodque
1331 1904 1672 1961 medicorum
1696 1904 2005 1970 scientiam,

427 2011 484 2055 ct
518 2016 582 2055 ea
620 2016 742 2071 qua:
772 1999 841 2053 ab
870 1999 1036 2070 hujus
1060 1998 1199 2054 artis
1220 1997 1414 2068 peritis
1449 1996 1790 2052 adhibentur
1825 2010 2006 2051 reme-

427 2093 540 2159 dia,
587 2092 819 2162 respuit,
862 2106 927 2146 ac
960 2098 1075 2145 tum
1101 2089 1322 2145 demum
1347 2104 1489 2161 aegre
1513 2087 1854 2159 prolligatur,
1879 2102 2006 2143 eum

426 2195 624 2240 natura
647 2181 1053 2254 quodammodo
1079 2181 1342 2237 adversus
1367 2180 1421 2235 id
1444 2179 1698 2252 insurgit,
1720 2180 2009 2235 damnum-

425 2290 533 2345 que
571 2290 602 2330 a
637 2289 695 2329 se
734 2273 992 2343 repellit,-
1018 2271 1311 2344 adiuvante
1343 2272 1476 2325 Deo.
1505 2271 1679 2326 Porro
1708 2271 1797 2326 lex
1820 2270 2008 2342 lepro~

422 2381 547 2423 sum
603 2374 863 2435 tanquam
918 2362 1262 2418 immundum
1321 2378 1353 2416 e
1414 2362 1609 2417 castris
1675 2361 2005 2433 ejiciendum

422 2458 586 2531 355
605 2457 781 2530 jubet.
809 2456 1025 2512 Dictum
1050 2455 1197 2511 enim
1212 2464 1291 2512 est
1318 2455 1449 2509 alibi
1470 2471 1499 2509 a
1524 2456 1635 2510 Deo
1654 2455 1725 2510 ad
1745 2455 1964 2527 Moysen
1989 2474 2003 2511 :

430 2570 449 2601 ι
476 2549 716 2620 Praecipe
755 2548 881 2604 ﬁliis
917 2548 1082 2604 Israel
1107 2554 1168 2602 ut
1194 2547 1437 2618 relegent
1461 2562 1527 2601 ex
1550 2547 1748 2603 castris
1784 2562 2003 2603 omnem

414 2644 723 2714 leprosum,
769 2651 825 2697 et
870 2657 1091 2697 onmem
1120 2640 1215 2711 qui
1268 2639 1473 2695 ﬂuxum
1518 2639 1745 2695 seminis
1776 2640 2002 2711 patitur,

422 2750 755 2807 omnemque
803 2734 1147 2789 immundum
1203 2733 1260 2788 in
1290 2731 1472 2787 anima
1514 2731 1580 2787 “.
1614 2751 1632 2783 ι
1663 2732 1852 2803 Neque
1874 2748 2005 2788 vero

423 2826 659 2882 dicimus
700 2824 848 2897 quod
894 2824 1115 2879 morbos
1160 2838 1450 2893 corporum
1482 2823 1566 2877 lex
1592 2822 1803 2893 puniat.
1837 2821 2005 2878 Valde

422 2918 571 2973 enim
617 2916 918 2973 absurdum
958 2925 1103 2971 esset
1153 2914 1223 2969 ab
1255 2914 1324 2969 iis
1362 2913 1453 2984 qui
1486 2923 1683 2984 praeter
1714 2928 1869 2969 suam
1905 2927 2003 2969 vo-

424 3012 689 3065 luntatem
760 3006 1149 3073 inﬁrmantur,
1196 3023 1321 3063 cum
1371 3006 1545 3078 magis
1592 3005 2001 3061 miserationem

423 3110 763 3166 mereantur,
814 3115 1006 3171 poenas
1049 3099 1213 3173 exigi.
1240 3097 1513 3154 Caeterum
1544 3098 1660 3154 [nec
1682 3097 1919 3153 Mosaica
1945 3096 2003 3151 in

425 3191 568 3263 typis
613 3191 995 3257 versabantur,
1046 3190 1333 3247 veritatem
1370 3190 1749 3261 parturientia.
1775 3191 1909 3246 Nam
1944 3199 2005 3246 ut

426 3285 581 3354 lepra
628 3283 923 3338 mortiﬁcat
967 3299 1212 3351 carnem,
1236 3283 1317 3339 sic
1343 3292 1400 3337 et
1438 3293 1754 3354 peccatum,
1784 3283 2004 3354 quando

425 3371 663 3426 animam
708 3371 916 3425 invadit
958 3379 1307 3441 mentemque
1336 3371 1633 3426 humanam
1655 3383 1888 3443 occupat
1907 3390 2006 3444 per

427 3472 646 3517 mortua
686 3477 874 3531 opera,
925 3462 1216 3518 confestim
1268 3477 1388 3517 eam
1428 3463 1610 3517 reddit
1644 3463 1895 3519 inutilem
1942 3480 2006 3518 ac

425 3553 699 3626 frigidam.
736 3553 915 3623 Opera
950 3561 1138 3608 autem
1180 3560 1396 3609 mortua
1420 3568 1556 3608 voco
1585 3553 1690 3609 ista
1716 3553 1931 3624 impura
1950 3562 2007 3610 et

428 3648 656 3720 profana
704 3646 888 3703 carnis
928 3646 1085 3711 vitia,
1133 3646 1270 3701 nihil
1328 3646 1438 3701 nisi
1479 3653 1760 3701 terrenum
1788 3662 2001 3719 sapere.

429 3742 565 3797 llinc
600 3740 703 3796 sub
743 3738 963 3795 initium
1004 3737 1245 3794 diximus
1275 3736 1422 3808 quod
1451 3751 1581 3803 nos,
1612 3752 1738 3793 cum
1760 3754 2008 3795 essemus

424 3832 630 3888 mortui
680 3846 782 3902 per
829 3828 1050 3895 delicta,
1102 3827 1249 3884 Deus
1293 3828 1454 3882 Pater
1498 3826 1794 3884 viviﬁcavit
1815 3843 1916 3883 nos
1949 3829 2006 3885 in

424 3924 665 3985 Christo.
710 3922 900 3994 Itaque
928 3937 1028 3993 per
1052 3936 1167 3977 rem
1189 3920 1535 3976 manifestam
1557 3920 1645 3976 lex
1666 3935 1768 3977 nos
1786 3921 1854 3977 ad
1877 3938 2006 3978 sen-

425 4030 519 4070 sus
541 4013 776 4069 subtiles
801 4011 1044 4067 deducit.
1081 4010 1245 4083 Ejicit
1269 4009 1418 4066 enim
1451 4024 1483 4065 e
1521 4009 1717 4065 castris
1742 4009 2005 4067 infectum

425 4105 616 4174 lepra:
648 4119 759 4174 quo
804 4103 1039 4159 latenter
1073 4102 1315 4157 insinuat
1354 4100 1502 4172 quod
1532 4115 1759 4157 necesse
1806 4101 1877 4157 sit
1905 4117 2006 4172 per

428 4204 650 4265 peccata
689 4203 957 4258 mortuos,
985 4209 1049 4249 ac
1072 4192 1478 4263 quodammodo
1507 4192 1679 4247 variis
1710 4193 2005 4263 perturba-

429 4285 642 4340 tionum
676 4284 820 4338 notis
866 4283 1104 4337 inustam
1148 4291 1387 4338 mentem
1411 4281 1698 4349 habentes,
1730 4300 1762 4339 e
1786 4293 2007 4341 sancto-

2106 445 2384 521 0a9t605‘t;
2433 448 2501 500 τὰ
2555 446 2745 517 ἱμάτια
2796 443 2981 499 αὑτοῦ.
3039 444 3149 497 Καὶ
3189 442 3552 515 ξυρηθήσεται
3586 444 3681 496 ἀπ’

2104 538 2269 592 αὑτοῦ
2301 540 2478 592 πᾶσαν
2523 538 2622 609 τὴν
2660 536 2841 607 τρίχα,
2876 536 2972 590 καὶ
3016 536 3265 589 λούσεται
3296 536 3354 588 ἐν
3380 534 3553 597 ὕδατι,
3589 537 3685 588 καὶ

2106 632 2589 705 καθαρισθήσεται.
2633 630 2743 686 Καὶ
2799 629 2941 701 μετά
2982 629 3156 683 ταῦτα
3207 628 3575 683 εἰσελεύσεται
3604 630 3685 690 είς

2104 724 2201 797 τὴν
2230 724 2604 796 παρεμϐολὴν,
2637 724 2731 778 καὶ
2760 722 3030 793 διατρίψει
3073 721 3178 788 ἔξω
3217 720 3312 774 τοῦ
3341 722 3491 775 οῖκου
3516 720 3684 774 αὐτοῦ

2105 815 2244 870 ἐπτά
2269 814 2503 887 ἡμέρας.
2545 815 2655 868 Καὶ
2695 813 2848 869 ἔσται
2877 816 2943 885 τῇ
2991 812 3173 884 ἡμέρᾳ
3220 814 3287 882 τῇ
3330 811 3553 883 ἐϐδόμῃ,
3589 828 3685 866 και

2104 905 2469 978 ξυρηθήσεται
2504 908 2684 960 πᾶσαν
2728 906 2828 977 τὴν
2861 905 3023 976 τρίχα
3075 903 3263 965 αὑτοῦ,
3306 902 3405 974 τὴν
3442 903 3687 974 κεφαλὴν

2102 997 2292 1064 αὐτοῦ,
2321 998 2416 1053 καὶ
2445 997 2536 1052 τὸν
2573 996 2832 1065 πώγωνα,
2870 997 2964 1050 καὶ
3010 994 3110 1059 τὰς
3142 994 3335 1065 ὀφρῦς,
3365 994 3461 1049 καὶ
3503 995 3687 1047 πᾶσαν

2103 1090 2201 1162 τὴν
2232 1090 2394 1162 τρίχα
2425 1084 2595 1144 αὑτά
2626 1088 3008 1161 ξυρηθήσεται,
3048 1089 3144 1142 καὶ
3176 1088 3364 1140 πλυνεῖ
3394 1085 3463 1140 τά
3494 1086 3686 1157 ἱμάτια

2100 1184 2291 1249 αὐτοῦ,
2323 1183 2418 1237 καὶ
2457 1182 2705 1237 λούσεται
2742 1181 2803 1236 τὸ
2832 1181 2989 1253 σῶμα
3021 1181 3213 1235 ἐαυτοῦ
3245 1180 3416 1246 ὕδατι,
3460 1179 3553 1234 καὶ
3587 1198 3687 1234 κα-

2106 1273 2271 1345 θαρὸς
2303 1272 2473 1328 ἔσται.
2509 1292 2530 1325 ι
2588 1273 2648 1327 '0
2686 1273 2784 1343 μέν
2813 1267 2906 1326 οὖν
2939 1273 3037 1342 τῆς
3074 1271 3312 1342 ἱστορίας
3343 1269 3587 1342 ἐμφανὴς
3619 1271 3687 1323 ἂν

2106 1367 2193 1436 εῖη
2224 1364 2402 1434 λόγος,
2433 1364 2535 1419 κᾶν
2566 1365 2616 1417 εἰ
2657 1365 2734 1435 μή
2774 1381 2856 1428 τις
2888 1363 3063 1417 ἐλοιτο
3096 1361 3440 1433 διατρανοῦν,
3476 1360 3587 1432 ἔχει
3625 1361 3686 1414 δὲ

2106 1457 2259 1510 οὐδὲν
2280 1456 2342 1511 τδ
2362 1455 2549 1510 τελοῦν
2570 1457 2649 1519 εἰς
2674 1454 2881 1526 δνησιν,
2907 1456 2955 1509 εί
2989 1454 3063 1526 μὴ
3088 1456 3257 1507 νοοῖτο
3277 1452 3684 1524 πνευματικῶς.

2107 1547 2316 1601 Οὐκοῦν
2340 1547 2473 1620 φέρε
2502 1546 2749 1618 λέγωμεν
2773 1547 3242 1617 μεταπλάττοντες
3265 1546 3480 1615 εὐφυῶς
3508 1545 3569 1599 τὸ
3592 1546 3686 1598 τοῦ

2108 1640 2435 1711 γράμματος
2475 1638 2702 1711 ἀδρανὲς
2736 1640 2817 1703 είς
2855 1639 2917 1693 τὸ
2955 1638 3050 1692 τοῦ
3090 1638 3326 1709 Χριστοῦ
3364 1639 3685 1709 μυστήριον.

2122 1731 2305 1801 Ὀλίγα
2334 1730 2393 1785 δέ
2420 1732 2558 1788 ἄττα
2582 1730 2692 1784 τῶν
2720 1731 3037 1800 ἀναγκαίων
3083 1733 3162 1795 είς
3190 1730 3519 1801 διασάφησιν
3551 1749 3691 1801 χρη-

2111 1820 2285 1892 σίμως
2330 1822 2462 1893 ἡμῖν
2489 1822 2895 1894 προειρήσεται.
2930 1821 3122 1889 Λέπρα
3155 1820 3264 1892 γὰρ
3288 1820 3586 1891 ἀδούλητον
3627 1820 3691 1874 τὸ

2108 1913 2279 1978 πάθος
2303 1916 2415 1979 τοῖς
2435 1930 2595 1969 τινων
2624 1912 3005 1984 ἐπιωμὸαίνει
3038 1912 3303 1983 σώμασιν.
3339 1913 3496 1967 Ἔστι
3523 1912 3582 1965 δέ
3604 1913 3690 1967 ὅτι

2111 2006 2345 2078 μάλιστα
2376 2005 2552 2078 βόρον,
2603 2006 2699 2059 καὶ
2732 2004 3132 2075 κατευρήσεταί
3177 2020 3293 2067 πως
3326 2002 3413 2057 ἀεὶ
3456 2002 3593 2072 πρὸς
3625 2002 3690 2055 τὸ

2107 2095 2255 2159 ἐντὸς
2287 2095 2537 2169 μᾶλλονῆ
2569 2097 2695 2166 πρὶν
2720 2094 2829 2148 τῶν
2854 2095 2911 2149 ἐν
2944 2089 3026 2158 οἷς
3053 2092 3119 2147 ἂν
3149 2093 3357 2164 γένοιτο
3386 2092 3692 2164 καταδράτ-

2105 2185 2291 2240 τεσθαι
2314 2186 2498 2259 μέρος.
2522 2185 2927 2255 Δυσδιάφυκτον
2946 2184 3001 2238 δὲ
3022 2184 3216 2256 κομιδῇ
3242 2184 3302 2237 τὸ
3321 2183 3687 2256 ἀρρώστημα,

2107 2273 2202 2328 καὶ
2235 2274 2434 2347 ἰατρῶν
2465 2273 2564 2347 μὲν
2599 2275 2942 2346 ἐπιστήμης,
2982 2274 3150 2345 ἤγουν
3186 2274 3284 2345 τῆς
3311 2272 3416 2326 ὑπό
3444 2289 3537 2327 του
3575 2272 3689 2326 tibi

2106 2366 2278 2422 ταῦτα
2312 2368 2491 2438 σοφῶν
2516 2369 2834 2440 ἐπικουρίας
2865 2369 2965 2423 οὐκ
2988 2369 3336 2440 ἀνεχόμενον,
3364 2365 3690 2440 ἀποχωροῦν

2105 2460 2163 2515 δέ
2189 2459 2252 2531 δὴ
2284 2459 2435 2531 μόλις
2459 2459 2647 2532 ὥσπερ
2670 2459 3125 2532 άντεγειρομένης
3154 2458 3301 2533 αὐτῷ
3320 2459 3419 2530 τῆς
3449 2458 3689 2529 φύσεως,

2107 2551 2201 2605 καὶ
2224 2551 2286 2606 τὸ
2314 2540 2507 2622 βλάϐος
2533 2551 2979 2624 ἀποκρουομένης
3007 2551 3384 2623 ἐπαμύνοντος
3404 2551 3498 2605 τοῦ
3527 2549 3689 2605 Θεοῦ.

2107 2640 2253 2712 Πλὴν
2286 2642 2315 2695 6
2343 2639 2507 2711 νόμος
2539 2640 2614 2705 ὡς
2643 2639 2952 2713 ἀκάθαρτον
2990 2635 3080 2694 τὸν
3118 2640 3316 2715 λεπρδν
3360 2640 3691 2712 ἀποπέμπε-

2108 2731 2231 2786 σθαι
2250 2731 2362 2785 δεῖν
2382 2729 2487 2802 ἔφη
2513 2732 2610 2802 τῆς
2632 2730 3003 2803 παρεμ6ολῆς.
3031 2731 3259 2802 Εἴρηται
3285 2731 3394 2803 γάρ
3420 2749 3519 2786 που
3550 2732 3691 2804 πρὸς

2104 2822 2196 2876 τὸν
2230 2821 2552 2893 ἱεροφάντην
2580 2823 2785 2876 Μωσὲα
2811 2823 2961 2894 παρὰ
2992 2820 3085 2876 τοῦ
3114 2822 3248 2877 Θεοῦ
3283 2824 3685 2895 προστάξαντος

2104 2916 2217 2978 τοῖς
2260 2915 2396 2978 υἱοῖς
2439 2914 2677 2985 Ἰσραήλ*
2736 2933 2754 2966 ι
2804 2916 2915 2969 Καὶ
2956 2914 3539 2972 ἀποστειλάτωσαν’ἐκ
3586 2919 3685 2989 τῆς

2107 3005 2462 3079 παρεμόολῆς
2512 3006 2690 3060 πάντα
2737 3005 2958 3077 λεπρὸν,
3004 3007 3183 3063 πάντα
3223 3009 3531 3083 γονορρυἦ,
3590 3010 3689 3064 καὶ

2107 3096 2284 3151 πάντα
2325 3096 2630 3168 ἀκάθαρτον
2763 3096 2932 3168 ψυχῇ.
2970 3116 2988 3150 ι
3028 3098 3139 3151 Καὶ
3175 3099 3237 3153 οὐ
3276 3098 3340 3170 δή
3369 3099 3470 3153 πού
3508 3117 3690 3171 φαμεν

2105 3189 2187 3242 ὅτι
2211 3190 2332 3251 ταῖς
2369 3186 2477 3241 τῶν
2508 3186 2776 3257 σωμάτων
2811 3186 3147 3258 ἀρρωστίαις
3174 3188 3204 3241 ό
3235 3188 3399 3260 νόμος
3434 3191 3688 3261 ἐπιτιμᾷ.

2107 3279 2318 3351 Κομιδῇ
2348 3279 2453 3350 7&9
2487 3278 2682 3350 εὔηθες
2717 3278 2845 3342 τοὺς
2876 3277 3187 3349 ἀϐουλήτως
3229 3281 3684 3353 ἠρῤωστηκὸτας.

2105 3370 2284 3424 καίτοι
2308 3370 2507 3442 μᾶλλον
2530 3369 2796 3424 ἐλεεῖσθαι
2819 3369 2957 3434 δέον,
2992 3369 3410 3441 προστεθεῖσθαι
3430 3373 3487 3426 δὲ
3509 3373 3687 3438 δίκας.

2118 3460 2257 3515 Ἀλλ’
2294 3458 2363 3533 ἦν
2395 3463 2453 3517 ἐν
2496 3461 2689 3527 τύποις
2732 3462 2800 3517 τὰ
2845 3461 2935 3516 διά
2980 3462 3074 3515 τοῦ
3125 3463 3403 3534 πανσόφου
3442 3466 3692 3529 Μωσέως

2107 3552 2363 3607 ὠδίνοντα
2395 3552 2494 3625 τὴν
2534 3554 2813 3625 ἀλήθειαν.
2846 3554 3042 3625 Δέπρα
3084 3555 3182 3625 μὲν
3224 3556 3332 3628 7&9
3369 3559 3554 3628 νεκροῖ
3589 3558 3692 3630 τὴν

2109 3643 2310 3714 σάρκα,
2347 3643 2594 3714 ἁμαρτία
2617 3643 2676 3697 δέ
2709 3638 2777 3698 αὖ
2804 3642 3005 3715 ψυχαῖς
3050 3644 3452 3717 συμϐαίνουσα,
3479 3646 3578 3699 καὶ
3606 3649 3693 3713 είς

2108 3732 2233 3788 νοῦν
2273 3734 2429 3806 εἴπερ
2476 3732 2544 3788 τοι
2588 3734 2678 3789 τὸν
2722 3734 3062 3807 ἀνθρώπινον
3104 3736 3193 3791 διὰ
3228 3736 3439 3809 νεκρῶν
3483 3738 3686 3810 ἔργων·

2107 3820 2295 3875 τοῦτον
2322 3822 2538 3896 ἀχρεῖόν
2565 3840 2625 3877 τε
2656 3822 2819 3888 εὐθὺς
2861 3825 2957 3880 καὶ
2994 3824 3382 3897 ἀπεψυγμένον
3409 3827 3688 3884 ἀποτελεῖ.

2112 3913 2292 3984 Ἔργα
2320 3914 2378 3968 δὲ
2410 3910 2547 3969 εἷναί
2577 3932 2757 3987 φαμεν
2786 3915 2855 3970 τὰ
2884 3916 3054 3989 νεκρά
3083 3917 3184 3988 τῆς
3212 3918 3415 3989 σαρκὸς
3443 3918 3692 3990 δηλονότι

2105 4001 2176 4057 τά
2210 4002 2429 4075 μυσαρά
2460 4004 2554 4057 καὶ
2582 4002 2785 4075 βέϐηλα
2815 4005 2985 4077 πάθη,
3022 4006 3201 4060 καὶτὸ
3224 4008 3443 4079 φρονεῖν
3469 4008 3692 4064 ἑλέσθαι

2105 4094 2177 4148 τά
2207 4094 2300 4149 ἐπὶ
2325 4094 2424 4166 τῆς
2443 4096 2569 4167 γῆς.
2592 4095 2860 4168 Ταύτῃτοι
2882 4098 2975 4151 καὶ
2995 4100 3052 4152 ἐν
3076 4098 3273 4170 ἀρχαῖς
3300 4099 3581 4170 ἐλέγομεν.
3604 4100 3692 4154 ὅτι

2108 4188 2334 4259 νεκροὺς
2359 4189 2505 4259 ἡμᾶς
2533 4188 2692 4252 ὄντας
2720 4191 2830 4253 τοῖς
2859 4190 3325 4261 παραπτώμασιν,
3360 4193 3390 4244 6
3426 4191 3561 4255 Θεὸς
3596 4192 3693 4246 καὶ

2109 4278 2297 4350 Πατὴρ
2330 4276 2760 4350 συνεζωοποίησε
2786 4279 2865 4350 τῷ
2891 4278 3132 4352 Χριστῷ.
3159 4279 3366 4334 Οὐκοῦν
3395 4281 3482 4335 διὰ
3509 4282 3691 4355 πράγ-

431 4387 554 4428 rum
599 4387 761 4443 grege
803 4370 1110 4436 discedere,
1148 4371 1418 4442 longeque
1457 4386 1487 4425 a
1526 4372 1873 4428 sacerdotum
1906 4390 2006 4429 nu-

2115 4386 2282 4440 ματος
2316 4369 2615 4441 ἐμφανοῦς,
2670 4372 2750 4434 είς
2779 4370 2988 4435 ἐννοίας
3028 4372 3175 4443 ἡμᾶς
3196 4374 3225 4426 6
3261 4371 3418 4441 λόγος
3452 4374 3691 4445 ἀποτορ-

430 4480 585 4520 mero
637 4465 850 4520 abesse.
907 4462 1027 4518 Non
1056 4462 1203 4518 enim
1249 4462 1669 4534 eongrcgabitur
1696 4479 1820 4519 eum
1848 4466 2006 4537 justis

2111 4460 2257 4514 νεύει
2290 4461 2511 4527 λεπτάς.
2562 4463 2869 4534 Ἐκπὲμπει
2898 4464 3008 4536 γὰρ
3042 4465 3143 4536 τῆς
3182 4466 3536 4538 παρεμϐολῆς
3565 4469 3694 4530 τοὺς

431 4554 724 4627 malignus,
771 4570 952 4625 nequc
997 4553 1257 4610 sordidus
1299 4569 1423 4610 cum
1472 4556 1736 4623 mundis;
1778 4567 1872 4612 aut
1915 4559 2009 4629 qui

432 4646 595 4702 habet
635 4647 905 4701 maculam
947 4645 1158 4717 peccati
1202 4647 1466 4703 tenaciter
1497 4647 1600 4703 sibi
1626 4648 2006 4715 inhaerentem,

429 4754 554 4793 eum
605 4736 979 4794 sanctiﬁcatis.
1036 4757 1053 4787 ι
1083 4736 1215 4804 Quae
1271 4738 1419 4793 enim
1471 4746 1557 4792 est
1610 4739 1845 4794 societas
1900 4740 2009 4796 luci

428 4846 553 4888 cum
574 4830 818 4887 tenebris
838 4830 861 4884 ?
883 4838 978 4886 aut
1001 4846 1123 4901 quae
1144 4845 1269 4901 pars
1298 4828 1443 4885 ﬁdeli
1475 4845 1601 4885 eum
1626 4830 1832 4886 inﬁdeli
1856 4831 1899 4863 ⁸³
1927 4834 1950 4886 ?
1980 4853 1997 4885 ι

427 4921 581 4989 Quod
622 4931 805 4977 autem
847 4922 913 4977 iis
941 4920 1036 4993 qui
1070 4921 1157 4992 pie
1184 4920 1369 4975 vivere
1400 4919 1592 4975 volunt
1632 4923 2004 4979 necessarium

428 5015 499 5068 sit
534 5013 602 5068 ad
633 5012 958 5083 profectum,
985 5019 1047 5066 ut
1077 5026 1293 5067 summo
1323 5009 1506 5065 studio
1536 5010 1708 5066 malos
1738 5012 2001 5080 devitent,

427 5119 620 5159 rursus
670 5090 829 5160 nobis
877 5103 1161 5176 Scriptura
1188 5102 1455 5159 divinitus
1487 5102 1750 5174 inspirata
1780 5121 2004 5175 persua-

428 5194 598 5250 debit.
636 5193 726 5250 Ait
752 5195 899 5250 enim
925 5195 1056 5250 alibi
1083 5195 1246 5259 Deus,
1276 5193 1344 5249 ad
1369 5208 1465 5249 eos
1492 5210 1631 5266 quos
1660 5195 1858 5251 charos
1907 5197 2004 5252 ha-

430 5289 563 5343 bet:
612 5305 629 5338 ι
656 5287 833 5351 Exite,
866 5287 1010 5343 exite
1038 5286 1106 5341 de
1142 5285 1326 5343 medio
1371 5285 1638 5357 ipsorum,
1683 5297 1740 5341 et
1790 5302 2011 5359 separa-

432 5378 585 5443 mini,
613 5377 709 5447 qui
728 5376 884 5432 fertis
905 5393 1033 5434 vasa
1054 5376 1271 5432 Domini
1302 5376 1367 5430 ‘5.
1401 5395 1420 5427 ι
1450 5374 1621 5431 Porro
1645 5392 1771 5432 vasa
1794 5377 2010 5433 Domini

433 5470 659 5539 intelligi
693 5478 921 5538 possunt
959 5470 1064 5524 illae
1102 5467 1467 5523 multiformes
1502 5468 1753 5523 virtutes.
1790 5469 1929 5533 llinc
1957 5480 2011 5526 et

2111 4554 2587 4626 λελεπρωμένους·
2631 4556 3045 4628 αἰνιγματωδῶς
3082 4558 3395 4628 ὑποφαίνων
3441 4561 3523 4614 δτι
3565 4563 3692 4625 τοὺς

2066 4692 2069 4697 .
2111 4649 2176 4718 τῇ
2206 4647 2450 4720 ἁμαρτίᾳ
2481 4649 2940 4722 νενεκρωμένους,
2979 4653 3261 4724 μονονουχὶ
3298 4651 3354 4706 δέ
3384 4653 3479 4707 καὶ
3509 4653 3691 4706 ποικίη

2110 4735 2223 4800 λοις
2263 4735 2460 4790 πάθεσι
2508 4739 2931 4810 κατεστιγμένον
2967 4739 3189 4810 ἔχοντας
3231 4740 3378 4809 νοῦν,
3419 4743 3515 4797 καὶ
3554 4743 3690 4797 πολὺ

2114 4826 2403 4890 νοσοῦντας
2428 4827 2504 4892 ὡς
2526 4828 2583 4883 ἐν
2608 4846 2671 4897 γε
2692 4830 2756 4900 δὴ
2782 4830 2966 4901 σφίσιν
2986 4832 3171 4896 αὐτοῖς
3190 4833 3252 4886 τὸ
3273 4833 3530 4899 ἀκαλλὲς,
3558 4838 3692 4887 ἀπο-

2114 4921 2309 4989 χωρεῖν
2334 4922 2547 4991 ἀνάγκη
2575 4922 2677 4992 τῆς
2707 4922 2816 4976 τῶν
2844 4923 3013 4991 ἁγίων
3043 4923 3301 4993 πληθύος,
3330 4926 3425 4980 καὶ
3449 4926 3553 4992 ἔξω
3586 4942 3689 4979 που

2114 5010 2375 5082 φέρεσθαι
2409 5012 2517 5066 τῶν
2559 5014 2719 5083 ἱερῶν
2757 5015 3097 5084 καταλόγων.
3151 5016 3689 5088 Συναγελασθήσεται

2111 5102 2220 5174 7&9
2254 5102 2505 5174 οὐδαμῶς
2534 5108 2647 5168 τοῖς
2672 5106 2900 5173 δικαίοις
2936 5111 2965 5163 6
2998 5111 3233 5183 πονηρὸς
3253 5153 3268 5177 ,
3297 5114 3411 5175 τοῖς
3438 5109 3691 5180 βεϐήλοις

2110 5197 2138 5248 6
2169 5194 2376 5265 ῥυπῶν,
2398 5194 2522 5249 οὔτε
2569 5196 2675 5268 μὴν
2702 5199 2952 5254 συνέσται
2980 5203 3094 5273 τοῖς
3122 5202 3473 5272 ἡγιασμένοις
3495 5204 3524 5255 ὁ
3565 5203 3691 5255 δυσ-

2111 5287 2407 5341 απόνιπτον
2439 5287 2576 5358 ἔχων
2608 5288 2709 5359 τῆς
2745 5290 3021 5363 ἁμαρτίας
3063 5294 3153 5346 τὸν
3189 5293 3485 5365 μολυσμόν.
3524 5312 3542 5345 ι
3593 5294 3691 5356 Τίς

2108 5381 2216 5450 7&9
2245 5378 2498 5432 κοινωνία
2517 5421 2532 5444 ,
2564 5381 2731 5450 φησὶ,
2766 5382 2907 5451 φωτὶ
2943 5383 3078 5455 πρὸς
3126 5386 3337 5453 σκότος,
3365 5385 3501 5455 ἢτίς
3528 5386 3688 5455 μερὶς

2109 5469 2286 5539 πιστῷ
2316 5470 2451 5539 μετὰ
2479 5471 2747 5538 ἀπίστου;
2791 5492 2808 5524 ι
2844 5473 2964 5527 Ὅτι
3001 5474 3055 5529 δέ
3097 5479 3208 5541 τοῖς
3232 5475 3406 5548 ὀρθῶς
3444 5476 3687 5530 ἐθέλουσι

501 5644 547 5678 ⁸⁸
575 5644 753 5698 Levit.
795 5659 900 5713 ιη’,
935 5648 1050 5703 1-9.
1128 5649 1173 5680 δ’
1206 5648 1367 5702 Num.
1407 5662 1459 5713 ι’,
1496 5649 1551 5716 2,
1583 5651 1634 5705 ’5.
1715 5652 1757 5684 ⁸⁸
1783 5651 1828 5705 11
1855 5649 1980 5705 Cor.

2126 5651 2205 5705 14.
2289 5654 2329 5685 ³⁵
2364 5653 2461 5709 Isa.
2504 5672 2592 5723 ιιι,
2642 5658 2724 5713 ll.
