4094 6282
363 291 467 348 ἓίίὶἸ

1316 294 1834 353 GLAPHYRORUM
1871 294 1937 350 IN
1979 292 2353 378 LEVITICUM.
2391 293 2612 351 LIBER.

3508 301 3614 357 558

364 405 536 476 βιοῦν,
565 407 859 475 ἀναγκαῖον
880 408 959 472 τίς
990 407 1175 478 ὀνησιν
1201 408 1261 463 τὸ
1291 410 1593 483 ἀποφοιτᾷν
1621 409 1940 478 ἐπείγεσθαι

2043 406 2258 462 divinus
2268 407 2470 462 Paulus
2490 426 2502 461 :
2529 427 2547 458 ι
2565 408 2799 475 lnduite,
2817 410 2913 477 ait,
2931 427 3083 467 arma
3102 411 3198 467 Dei
3220 413 3474 469 universa
3490 415 3554 471 “.
3586 436 3605 467 ι

363 496 648 568 πονηρῶνο
693 498 832 570 αὐτὴ
873 499 1035 556 πάλιν
1072 501 1220 571 ἡμᾶς
1266 502 1299 570 ἠ
1342 501 1698 565 θεόπνευστος
1747 501 1936 572 Γραφὴ

362 589 663 645 ἀναπείσει.
699 591 841 661 Ἔφη
878 592 986 662 γάρ
1014 608 1118 643 που
1154 592 1183 644 6
1216 591 1350 656 Θεὸς
1379 596 1493 658 τοῖς
1518 593 1710 648 ἑαυτοῦ
1737 593 1937 663 γνωρί-

365 696 508 751 μοις·
558 699 579 734 ι
641 683 963 755 Ἰο]ξ.‹ἐλθεει;ε,¹
999 684 1243 750 ἑξέλθετε
1292 687 1358 739 ἐκ
1400 684 1565 755 μέσου
1603 684 1804 752 αὐτῶν,
1846 684 1938 739 καὶ

363 771 692 843 ἀφορίσθητε
718 813 734 838 ,
791 776 839 828 οί
891 754 1150 847 φέροντες
1189 774 1257 829 τὰ
1298 754 1466 847 σκεύη
1499 774 1594 829 τοῦ
1649 776 1874 847 Κυρίου.
1916 796 1933 829 ι

244 933 257 938 _
364 862 540 934 Σκεύη
587 864 643 916 δὲ
677 866 884 937 Κυρίου
922 865 1164 938 νοηθεῖεν
1195 865 1283 931 ἂν,
1314 868 1370 921 αἱ
1398 867 1695 931 πολυειδεῖς
1725 868 1936 939 ἀρεταί.

365 954 631 1026 Ταύτῃτοι
682 957 775 1009 καὶ
806 958 834 1011 6
872 957 1159 1021 θεσπέσιος
1187 957 1428 1024 Παῦλος·
1496 978 1515 1011 ι
1577 960 1899 1015 Ἐνδύσασθε
1922 1003 1937 1026 ,

364 1046 548 1115 φησιν,
569 1047 666 1114 τὴν
691 1047 994 1102 πανοπλίαν
1017 1049 1112 1102 τοῦ
1141 1048 1300 1107 Θεοῦ.
1329 1069 1348 1102 ι
1378 1050 1586 1104 Οὐκοῦν
1616 1052 1691 1115 ὡς
1711 1054 1765 1105 έν
1787 1052 1942 1123 τύπῳ

362 1136 469 1190 τῶν
523 1137 761 1209 λεπρῶν,
805 1140 897 1193 τὸν
930 1141 1326 1213 ὴρρωστηκότα
1375 1142 1475 1213 τὴν
1524 1143 1803 1216 ἁμαρτίαν
1849 1150 1942 1199 καὶ

365 1232 772 1304 μεμολυσμένον
796 1233 1027 1306 πληθύος
1046 1235 1147 1305 τῆς
1168 1235 1276 1289 τῶν
1299 1237 1471 1305 ἁγίων
1490 1238 1756 1293 ἀποσοϐεῖ
1784 1240 1937 1304 Θεός.

374 1325 511 1378 Ἀλλ’
547 1321 616 1396 ἦν
651 1326 715 1397 δή
755 1325 856 1379 πού
887 1344 1005 1381 τινα
1051 1328 1146 1380 καὶ
1187 1328 1391 1398 σφόδρα
1430 1330 1578 1393 είκὸς
1613 1330 1722 1383 τῶν
1758 1332 1944 1404 apem.

362 1412 639 1485 στηκότων
658 1413 1079 1484 ἀποκρούεσθαι,
1109 1413 1170 1467 τὸ
1196 1415 1385 1479 πάθος.
1407 1416 1805 1487 Καταλήγομεν
1836 1418 1945 1489 γὰρ

361 1504 422 1569 ἐξ
451 1503 735 1575 ἁμαρτιῶν
777 1504 886 1558 ἐσθ’
914 1507 1003 1558 ὅτε
1055 1505 1403 1577 μεθιστάντες
1448 1509 1539 1562 τὸν
1589 1508 1713 1563 νοῦν
1751 1510 1843 1563 ἐπὶ
1882 1511 1944 1564 τὸ

361 1593 495 1664 δρᾷ-ι
525 1592 741 1646 ἑλέσθαι
769 1593 862 1646 καὶ
901 1599 1116 1664 φρονεῖν
1143 1597 1211 1650 τὰ
1239 1596 1445 1666 ἀμείνω
1493 1598 1588 1652 καὶ
1626 1598 1944 1669 πρεπωδέσ-

361 1698 519 1751 τερα.
548 1680 613 1733 Τί
644 1675 737 1733 οὖν
764 1682 792 1734 6
820 1681 1010 1752 νόμος;
1044 1678 1193 1754 τΔρα
1220 1686 1330 1747 τοῖς
1362 1683 1602 1737 ἐθέλουσι
1640 1687 1941 1755 μετανοεῖν,

367 1773 428 1826 οὐ
466 1771 842 1825 καταδεικνύει
872 1773 967 1843 τὴν
1002 1775 1152 1841 ὁδόν;
1182 1777 1285 1829 οὐκ
1314 1776 1590 1843 ἀνοίγνυσι
1630 1777 1727 1847 τῆς
1760 1793 1937 1849 σωτη-
1974 1760 2014 1818 Β

373 1863 496 1933 ρίας
520 1862 618 1931 τὴν
650 1863 858 1934 πύλην;
886 1864 979 1936 Μὴ
1006 1865 1161 1919 τοῦτο
1190 1866 1482 1938 ὑπολάϐῃς.
1516 1886 1532 1919 ι
1578 1867 1802 1936 ’Δγαθδς
1830 1869 1938 1940 γὰρ

372 1954 467 2007 καὶ
488 1953 867 2025 φιλάνθρωπος
887 1958 914 2009 6
937 1958 1229 2027 Δεσπότης.
1253 1975 1272 2008 ι
1305 1959 1502 2010 ΙΙἈκουιι
1521 1958 1770 2027 λέγοντος
1790 1960 1942 2030 εναρ-

373 2043 486 2110 γῶς
513 2060 526 2073 ’
577 2063 595 2095 ι
632 2045 1038 2117 Ἐπιστράφητε
1068 2047 1119 2099 οἱ
1134 2046 1568 2118 ἐπιστρέφοντες,
1601 2049 1694 2101 καὶ
1726 2049 1942 2119 ἰάσομαι

366 2135 438 2188 τὰ
468 2137 853 2208 συντρίμματα
883 2138 1057 2209 ὑμῶν.
1089 2157 1108 2190 ι
1138 2140 1248 2193 Καὶ
1276 2140 1382 2211 μὴν
1407 2140 1501 2194 καὶ
1528 2140 1616 2193 διὰ
1644 2141 1824 2210 φωνῆς
1860 2142 1945 2195 Ἰε-

367 2223 579 2297 ζεχιήλο
618 2245 637 2277 ι
687 2228 1089 2301 Ἐπιστράφητε
1119 2229 1215 2283 καὶ
1246 2230 1620 2301 ἀποστρέψατε
1660 2231 1723 2283 ἐκ
1756 2230 1943 2285 πασῶν

365 2315 474 2369 τῶν
509 2318 750 2388 ἀνομιῶν
780 2318 954 2388 ὑμῶν,
990 2315 1133 2383 οἶκος
1162 2319 1255 2372 τοῦ
1301 2320 1535 2391 Ἰσραὴλ,
1561 2322 1655 2375 καὶ
1678 2323 1776 2376 οὐκ
1804 2322 1945 2375 {cov-

2040 497 2220 563 Quare
2249 498 2394 554 Deus
2412 514 2512 569 per
2540 500 2816 570 leprosum
2846 512 3104 575 tanquam
3143 506 3202 559 in
3227 512 3354 576 typo
3376 506 3623 575 peccatis

2039 588 2381 644 laborantem
2445 598 2501 645 et
2552 594 2980 650 contaminatum
3031 610 3061 650 a
3110 604 3418 651 sanctorum
3468 605 3614 654 cmtu

2040 688 2212 734 arcet.
2236 678 2506 734 Caterum
2540 697 2638 751 par
2658 692 2799 749 erat,
2826 687 3122 742 nonnullos
3139 702 3207 741 ex
3240 688 3362 743 istis
3387 689 3482 759 qui
3512 689 3617 744 hoc

2041 769 2239 825 morbo
2270 772 2519 842 corrupti
2548 783 2726 837 erant.
2756 776 2955 831 iterum
2996 778 3220 833 liberari
3254 788 3417 850 atque
3449 780 3614 835 resti-

2042 862 2143 917 tui.
2200 862 2483 933 Siquidem
2531 874 2587 920 et
2638 883 2739 923 nos
2787 883 3067 925 cessamus
3113 886 3361 940 peccare,
3397 873 3615 943 quando

2041 962 2282 1009 mentem
2318 971 2385 1009 eo
2421 957 2822 1023 transierimus,
2856 969 2919 1015 ut
2958 962 3192 1017 velimus
3221 963 3399 1019 facere
3424 972 3481 1020 et
3531 980 3619 1020 sa-

2043 1060 2173 1115 pere
2200 1061 2321 1116 qua:
2354 1059 2484 1104 sunt
2508 1050 2736 1105 meliora
2760 1063 2816 1107 et
2863 1054 3209 1123 optabiliora.
3233 1055 3400 1123 “Quid
3450 1056 3618 1128 igitur

2042 1137 2188 1191 lex?
2231 1136 2392 1209 355
2452 1139 2775 1198 Veientibus
2828 1144 3153 1214 resipiscere
3211 1162 3321 1202 non
3376 1149 3619 1205 ostendit

2043 1228 2187 1283 viam
2216 1230 2241 1283 ?
2269 1246 2447 1301 neque
2488 1233 2663 1302 aperit
2709 1243 2896 1304 portas
2932 1237 3165 1293 salutis?
3198 1239 3277 1293 Ne
3300 1240 3406 1296 hoc
3433 1242 3616 1312 suspi-
3704 1253 3730 1279 't

2043 1336 2216 1377 care:
2279 1341 2297 1373 ι
2333 1324 2604 1396 benignus
2646 1328 2791 1382 enim
2845 1336 2901 1384 et
2953 1346 3144 1387 amans
3190 1332 3475 1389 hominum
3532 1346 3618 1391 est

2044 1413 2311 1470 Dominus
2332 1416 2396 1470 ⁸⁷.
2430 1436 2449 1469 ι
2477 1418 2582 1473 Sed
2617 1420 2801 1489 potius
2829 1422 2957 1477 audi
2986 1424 3275 1481 manifeste
3302 1426 3614 1484 dicentem:

2052 1521 2070 1552 ι
2099 1501 2517 1571 Convertimini,
2546 1507 2641 1561 filii
2692 1520 3093 1579 convertentes,
3145 1521 3201 1569 ct
3242 1515 3358 1585 ipse
3409 1516 3618 1572 curabo

2045 1596 2406 1652 contritiones
2429 1609 2641 1654 vestras
2655 1601 2719 1653 ".
2744 1621 2761 1651 ι
2786 1603 2916 1656 Item
2932 1619 3033 1673 per
3058 1621 3247 1661 vocem
3277 1607 3613 1663 Ezechielis:

2055 1707 2073 1740 ι
2101 1688 2520 1755 Convertimini,
2571 1699 2628 1752 et
2675 1691 2903 1748 avertite
2922 1710 3019 1749 vos
3041 1696 3110 1751 ab
3134 1698 3391 1754 omnibus
3419 1699 3620 1770 iniqui-

2044 1781 2249 1835 tatibus
2286 1782 2505 1847 vcstris,
2550 1783 2749 1839 domus
2781 1785 2983 1852 lsrael;
3020 1795 3149 1844 tunc
3174 1805 3283 1844 non
3314 1790 3480 1846 luetis
3502 1807 3619 1861 pm.

2045 1887 2173 1926 nam
2219 1873 2500 1944 injustitiaa
2542 1876 2606 1929 ⁸ο.
2646 1894 2664 1927 ι
2704 1875 2890 1943 Qualis
2935 1878 3102 1947 igitur
3139 1886 3224 1933 cst
3266 1880 3352 1934 via
3386 1880 3621 1936 salutis?

2046 1962 2249 2033 Ecquis
2283 1964 2481 2021 liberat
2518 1980 2614 2020 eos
2647 1967 2742 2036 qui
2780 1977 3164 2038 peccaverunt,
3203 1970 3500 2039 quominus
3528 1988 3620 2026 ra-

2040 2055 2265 2123 piantur
2288 2056 2356 2110 ad
2383 2058 2758 2127 supplicium?
2791 2058 2926 2126 Quis
2949 2060 3080 2114 item
3115 2061 3341 2117 redimit
3360 2071 3415 2117 et
3438 2074 3624 2119 servat

2040 2160 2142 2200 nos
2188 2147 2430 2216 perfecte
2457 2149 2480 2202 ?
2512 2150 2776 2211 Dominus
2815 2160 3003 2207 noster
3036 2153 3196 2209 Jcsus
3225 2153 3496 2219 Christus,
3526 2156 3622 2225 qui

2041 2235 2195 2292 dedit
2236 2239 2476 2309 seipsum
2517 2256 2617 2311 pro
2657 2243 2915 2297 omnibus
2943 2245 3179 2313 pretium
3204 2245 3622 2317 redemptionis,

2041 2336 2098 2382 et
2123 2344 2226 2384 nos
2257 2331 2482 2401 proprio
2502 2333 2766 2403 sanguine
2793 2333 3173 2390 sanctificavit.

365 2423 456 2461 ται
487 2408 611 2476 ὑμῖν
644 2410 722 2472 είς
752 2408 975 2463 κόλασιν
1000 2410 1232 2476 ἀδικίας.
1270 2411 1460 2502 »Ποία
1486 2412 1660 2467 τοίνυν
1691 2414 1807 2468 ἐστὶ
1835 2414 1936 2485 τῆς
1974 2422 2245 2492 σωτηρίας
2276 2424 2308 2493 ἠ
2337 2423 2489 2487 ὁδός;
2522 2425 2616 2487 Τίς
2644 2426 2673 2478 6
2698 2425 3059 2479 ἀπαλλάσσων
3117 2428 3243 2492 τοὺς
3305 2430 3624 2502 ἡμαρτηκό-

366 2515 460 2561 τας
491 2497 584 2552 τοῦ
623 2499 947 2564 κολάζεσθαι
968 2500 1110 2568 δεῖν;
1136 2501 1230 2593 Τίς
1254 2503 1282 2556 ὁ
1308 2501 1668 2574 λυτρούμενος
1688 2506 1782 2559 καὶ
1810 2507 2106 2573 ἀνασώζων
2133 2514 2402 2579 εὐκόλως;
2444 2516 2503 2569 '0
2566 2516 2768 2587 Κύριος
2817 2518 2849 2588 ἡ
2862 2516 2977 2588 μῶν
3016 2520 3222 2589 Ἰησοῦς
3283 2497 3621 2593 (δν-Χριστὸς,

367 2593 395 2644 ὁ
423 2590 544 2655 δοὺς
576 2591 767 2644 ἑαυτὸν
798 2593 1117 2665 ἀντίλυτρον
1143 2592 1283 2665 ὑπὲρ
1312 2594 1548 2658 πάντων,
1578 2597 1672 2650 καὶ
1701 2596 1945 2665 ἁγιάζων
1982 2601 2129 2672 ἡμᾶς
2164 2605 2242 2675 τῷ
2277 2607 2391 2677 ίδίῳ
2424 2609 2635 2678 αἵματι.

438 2682 502 2752 β’.
540 2682 728 2753 Ἀθρει
743 2682 799 2736 δέ
823 2700 913 2754 μοι
934 2684 1094 2740 πάλιν
1116 2684 1191 2748 ὡς
1205 2687 1262 2739 ὲν
1284 2689 1462 2751 σκιαῖς
1484 2686 1564 2739 ἔτι
1580 2689 1690 2750 τοῖς
1715 2688 1773 2740 ἐν
1795 2688 1944 2759 νόμῳ

367 2776 807 2847 γεγραμμένοις,
855 2778 916 2831 τὺ
953 2779 1268 2850 μυστήριον.
1304 2782 1741 2853 Προσεκομίζετο
1778 2784 1886 2856 γὰρ
1914 2786 1943 2839 6

368 2867 563 2939 λεπρὸς
595 2868 700 2934 ἔξω
730 2870 973 2939 γεγονότι
1006 2872 1102 2942 τῆς
1131 2872 1335 2944 πύλης,
1368 2873 1445 2945 τῷ
1490 2874 1634 2928 κατά
1662 2875 1822 2946 νόμον
1865 2878 1942 2930 ἱε-

372 2960 670 3033 ρατεύοντι.
705 2963 1117 3027 Διανενευκότος
1149 2963 1206 3017 δὲ
1247 2963 1435 3037 ὥσπερ
1464 2965 1558 3018 ἐπὶ
1592 2964 1686 3019 τοῦ
1738 2966 1942 3030 πάθους

368 3050 431 3105 τὸ
455 3050 696 3122 ἄμεινον,
727 3051 822 3106 καὶ
851 3052 934 3105 ὅτι
971 3052 1238 3105 παύσεται
1271 3052 1476 3118 λοιπὸν,
1516 3056 1608 3108 καὶ
1649 3055 1940 3125 καταλήξει

372 3141 818 3213 ὑπεμφαίνοντος,
852 3142 1183 3214 ἐπληροῦντο
1210 3143 1280 3197 τά
1316 3145 1394 3207 είς
1419 3144 1775 3217 καθαρισμὸν,
1801 3146 1943 3201 κατά

374 3252 439 3304 γε
474 3234 537 3287 τὸ
565 3235 828 3309 νομοθέτῃ
855 3234 1065 3289 δοκοῦν.
1107 3253 1126 3287 ι
1188 3235 1465 3305 Ὄρνιθίων
1502 3236 1599 3306 μὲν
1630 3237 1738 3310 γὰρ
1769 3238 1940 3292 καθα-

378 3326 485 3397 ρῶν
517 3325 848 3395 ἐλαμϐάνετο
875 3326 1007 3390 δυάς
1026 3345 1039 3358 ·
1072 3325 1226 3391 ξύλον
1255 3325 1312 3379 δὲ
1339 3326 1579 3398 κέδρινον
1606 3330 1700 3383 καὶ
1733 3331 1940 3384 κεκλω-

374 3418 568 3486 σμένον
598 3417 870 3482 κόκκινον,
903 3436 922 3470 ι
949 3418 1024 3480 ὡς
1050 3420 1108 3472 ἐν
1135 3419 1263 3472 εῖδει
1286 3420 1572 3490 σπαρτίου,
1599 3422 1691 3474 καὶ
1718 3422 1825 3492 μὴν
1850 3423 1944 3475 καὶ

371 3506 646 3574 ὕσσωπον,
682 3510 817 3573 πόας
852 3510 908 3563 δὲ
952 3504 1092 3574 εἶδος
1129 3510 1223 3564 καὶ
1252 3511 1429 3566 τοῦτο.
1461 3508 1595 3565 Εἶτα
1634 3513 1695 3566 τὸ
1740 3513 1837 3583 μὲν
1886 3513 1943 3565 ἓν

370 3600 480 3653 τῶν
509 3600 760 3672 ὀρνιθίων
776 3602 860 3671 ἐφ’
882 3601 1033 3656 ὕδατι
1057 3604 1448 3674 κατεσφάζετο,
1469 3604 1694 3677 θάτερόν
1719 3623 1781 3674 γε
1812 3607 1943 3677 μὴν,

371 3691 503 3761 ὁμοῦ
535 3694 647 3755 τοῖς
675 3692 876 3763 ἀρτίως
909 3693 1038 3763 ἡμῖν
1069 3692 1412 3763 εἰρημένοις,
1451 3693 1742 3764 βαπτισθὲν
1770 3697 1828 3747 ἐν
1866 3694 1944 3765 τῷ

373 3783 524 3836 ὖδατι
548 3824 563 3846 ,
595 3783 688 3837 καὶ
719 3783 817 3854 μέν
856 3800 937 3837 τοι
970 3783 1065 3836 τοῦ
1095 3782 1389 3847 τεθνεῶτος
1415 3786 1640 3856 αἵματι,
1680 3785 1946 3849 πεπονθὸς

375 3875 545 3940 οὐδὲν,
583 3876 760 3928 ἀνεῖτο
790 3875 996 3929 λοιπόν.
1030 3871 1160 3929 Εἶτα
1187 3876 1275 3929 τὸν
1305 3878 1700 3948 ἠρρωστηκότα
1731 3877 1829 3949 τὴν
1857 3877 1945 3929 λέ-

374 3988 538 4043 πραν,
574 3971 803 4035 ἑπτάκις
840 3971 918 4042 τῷ
955 3971 1109 4024 ὕδατι
1154 3969 1488 4042 ὲπιρραίνων
1520 3971 1548 4021 6
1595 3969 1806 4039 ἱερεὺς,
1839 3966 1946 4020 τῶν

373 4066 436 4118 ὲκ
468 4064 630 4135 νόμου
659 4063 1133 4135 κατηγορημάτων
1161 4061 1445 4131 ἐλεύθερον
1475 4058 1743 4111 ἀπετέλει.
1773 4060 1947 4127 Προσ-

373 4153 601 4226 εξυρᾶτο
627 4154 685 4207 δὲ
712 4154 812 4222 τὴν
833 4153 1016 4224 τρίχα,
1042 4152 1136 4204 καὶ
1162 4150 1361 4203 εἰσέθει
1383 4148 1570 4201 λοιπὸν
1599 4146 1946 4216 ἀνεγκλήτως

374 4245 451 4308 είς
486 4243 583 4316 τὴν
615 4242 987 4315 παρεμϐολὴν,
1026 4241 1120 4295 καὶ
1148 4242 1227 4302 εἰς
1254 4239 1345 4292 τὸν
1382 4237 1506 4290 ἴδιον
1537 4232 1704 4301 οἷκον,
1737 4235 1947 4306 ἡμέρας

372 4334 474 4402 ἔξω
508 4334 765 4406 μεμηνὼς
794 4334 951 4387 ἑπτά.
976 4333 1039 4386 Ol
1080 4333 1188 4403 γὰρ
1222 4330 1389 4384 πάλαι
1416 4328 1515 4399 τὴν
1545 4329 1641 4399 τῆς
1673 4327 1945 4397 ἁμαρτίας

2118 2696 2172 2752 2.
2207 2696 2314 2754 Sed
2349 2700 2441 2755 hic
2469 2700 2670 2756 iterum
2723 2702 2859 2757 mihi
2912 2704 3146 2759 observa
3201 2705 3257 2759 in
3305 2704 3375 2760 iis
3404 2720 3528 2776 quas
3566 2708 3625 2764 in

2047 2786 2165 2857 lege
2203 2789 2404 2860 scripta
2430 2797 2577 2855 sunt,
2608 2792 2775 2848 veluti
2806 2794 2860 2847 in
2878 2794 3090 2849 umbris
3118 2794 3460 2865 mysterium.
3487 2797 3625 2853 Nam

2047 2881 2316 2937 sacerdoti
2334 2884 2710 2939 adducebatur
2737 2887 2986 2955 leprosus
3008 2887 3104 2957 qui
3126 2888 3428 2944 secundum
3450 2891 3627 2963 legem

2045 2980 2165 3027 erat
2213 2983 2367 3029 extra
2399 2984 2606 3046 portas,
2643 2977 2806 3047 idque
2849 2987 2963 3033 tum
3016 2979 3235 3049 quando
3266 2981 3493 3038 morbus
3526 2983 3627 3040 de-

2046 3061 2283 3117 clinabat
2313 3065 2367 3118 in
2399 3065 2615 3129 melius,
2646 3074 2703 3120 et
2726 3067 2948 3136 jamjam
2980 3075 3315 3135 cessaturus,
3354 3069 3628 3143 ﬁnemque

2043 3152 2332 3209 habiturus
2362 3155 2652 3211 videbatur
2686 3173 2698 3209 :
2732 3164 2867 3221 tum,
2898 3157 3140 3229 inquam,
3196 3160 3632 3218 conficiebantur

2041 3261 2163 3316 qum
2189 3245 2463 3302 faciebant
2485 3248 2554 3303 ad
2569 3248 3031 3319 purificationem.
3062 3260 3229 3321 prout
3260 3268 3291 3307 a
3317 3252 3630 3325 legislature

2044 3342 2246 3390 statuta
2283 3345 2462 3391 erant.
2504 3356 2523 3388 ‹
2558 3337 2948 3408 Accipiebatur
2982 3339 3129 3394 enim
3155 3354 3257 3410 par
3294 3341 3630 3397 mundorum

2043 3442 2349 3497 passerum,
2397 3438 2454 3483 et
2480 3428 2687 3500 lignum
2718 3429 3027 3495 cedrinum,
3057 3431 3454 3502 coccinumque
3491 3448 3630 3491 con-

2044 3517 2400 3585 glomeratum
2433 3518 2480 3550 '°
2513 3538 2531 3570 ›
2562 3518 2620 3574 in
2640 3534 2848 3575 morem
2881 3520 3136 3587 funiculi,
3168 3536 3273 3577 nec
3297 3538 3407 3577 non
3434 3521 3629 3595 hysso-

2044 3622 2168 3676 pus.
2200 3624 2321 3678 qua:
2354 3616 2440 3664 est
2472 3625 2646 3681 genus
2680 3611 2886 3667 herbae.
2913 3612 3120 3667 Deinde
3148 3628 3291 3668 unus
3311 3630 3379 3667 ex
3408 3628 3629 3683 passer-

2045 3699 2186 3753 culis
2235 3699 2303 3754 ad
2333 3715 2530 3769 aquam
2557 3703 2736 3757 vivam
2788 3703 3153 3767 mactabatur,
3178 3710 3236 3757 et
3276 3704 3434 3766 alter,
3464 3704 3628 3758 sicuti

2044 3788 2208 3843 modo
2239 3804 2269 3843 a
2313 3790 2475 3844 nobis
2509 3791 2717 3845 dictum
2763 3800 2866 3855 est,
2900 3793 3106 3847 tinctus
3143 3793 3198 3846 in
3240 3806 3437 3860 aquam
3463 3798 3520 3846 et
3573 3793 3629 3846 in

2046 3880 2366 3949 sanguinem
2418 3882 2621 3944 occisi,
2687 3889 2877 3950 postea
2944 3882 3159 3950 integer
3223 3881 3626 3937 dimittebatur.

2046 3970 2254 4026 Deinde
2280 3971 2538 4026 sacerdos
2560 3986 2685 4025 cum
2720 3970 2925 4039 septies
2971 3985 3110 4039 aqua
3137 3970 3462 4040 aspersisset
3499 3987 3631 4028 eum

2047 4056 2140 4125 qui
2162 4057 2510 4113 laboraverat
2545 4058 2718 4127 lepra,
2761 4074 2791 4111 a
2843 4058 3002 4128 legali
3047 4058 3458 4129 inquinamento
3486 4061 3633 4117 libe—

2049 4164 2169 4202 rum
2221 4148 2552 4204 declarabat.
2602 4148 2913 4204 Abradehat
2946 4158 3127 4204 autem
3166 4150 3327 4221 pilos,
3359 4160 3415 4207 et
3445 4152 3628 4223 ingre-

2047 4237 2301 4292 diebatur
2324 4237 2585 4309 deinceps
2608 4239 2881 4310 inculpate
2915 4239 2971 4294 in
2991 4248 3185 4306 castra,
3232 4249 3396 4313 atque
3420 4243 3474 4298 in
3504 4258 3631 4314 pro-

2047 4328 2193 4397 prias
2224 4327 2390 4393 mdes,
2424 4342 2547 4383 cum
2579 4337 2761 4384 tamen
2796 4340 2955 4385 antea
2989 4345 3086 4399 per
3116 4339 3322 4402 septem
3353 4333 3472 4389 dies
3494 4333 3631 4389 foris

373 4426 754 4497 περιφέροντες
792 4426 1078 4497 νέκρωσιν,
1122 4423 1217 4477 καὶ.
1246 4421 1515 4477 πολυειδεῖ
1542 4420 1730 4475 παθῶν
1760 4420 1942 4491 ἀγριό-

2048 4415 2355 4469 mansisset.
2390 4416 2520 4470 Nam
2552 4431 2653 4471 nos
2697 4416 2829 4470 olim
2861 4417 3067 4487 peccati
3109 4418 3629 4476 circumferebamus

370 4531 491 4584 τητι
511 4496 995 4586 κατεσπιλωμένοι.
1021 4496 1116 4565 καὶ
1139 4501 1344 4582 λέπραν
1374 4510 1561 4583 ὥσπερ
1594 4509 1942 4581 ὴρρωστηκό-

2049 4505 2457 4572 mortalitatem,
2485 4515 2647 4576 atque
2676 4507 2995 4562 multiformi
3025 4509 3339 4562 morborum
3374 4510 3628 4563 vastitate

370 4623 461 4670 τες
485 4606 583 4677 τὴν
609 4607 826 4676 νοητήν·
863 4603 1255 4675 πεπλανήμεθα
1278 4602 1388 4673 γὰρ
1421 4604 1487 4673 τῇ
1513 4601 1687 4654 κτίσει
1716 4601 1942 4672 λατρεύ-

2046 4617 2265 4656 eramus
2290 4602 2662 4665 contaminati,
2704 4617 2768 4656 ac
2799 4603 2966 4657 veluti
2994 4602 3224 4672 spiritali
3245 4602 3629 4656 laborabamus

372 4713 564 4760 σαντες
585 4737 597 4759 ,
638 4695 1154 4767 προσκεκομίσμεθα
1198 4694 1274 4765 τῷ
1302 4693 1420 4763 Θεῷ
1460 4693 1596 4763 ἱερεῖ
1623 4690 1702 4761 τῷ
1728 4693 1942 4763 μεγάλῳ

2046 4694 2197 4763 lepra
2237 4712 2248 4746 :
2296 4694 2602 4747 erravimus
2631 4693 2779 4747 enim
2813 4694 3020 4747 cultum
3062 4693 3331 4749 creaturis
3359 4692 3626 4747 exhiben-

368 4787 462 4839 καὶ
491 4786 622 4856 ὁσίῳ
661 4785 753 4839 καὶ
775 4785 983 4854 ἀκάκῳ,
1016 4783 1155 4836 κατά
1188 4783 1286 4854 τὴν
1310 4781 1401 4835 τοῦ
1431 4782 1701 4852 μακαρίου
1729 4780 1940 4834 Παύλου

2049 4792 2161 4851 tes;
2196 4784 2289 4840 sed
2314 4801 2462 4839 nunc
2484 4785 2704 4839 adducti
2735 4800 2925 4840 sumus
2953 4783 3021 4839 ad
3047 4782 3347 4848 Christum,
3371 4798 3624 4852 magnum

369 4878 573 4948 φωνήν.
611 4874 1134 4947 Προσκεκομίσμεθα
1163 4874 1220 4928 δὲ
1251 4874 1401 4945 παρὰ
1430 4872 1523 4927 τοῦ
1544 4873 1677 4926 Θεοῦ
1710 4873 1802 4932 καὶ
1831 4874 1940 4925 Πα-

365 4964 508 5036 τρός.
550 4952 695 5036 Ἔφῆ
728 4964 835 5035 γάρ
859 4981 960 5017 που
994 4964 1224 5034 Χριστὸς
1249 4966 1359 5026 τοῖς
1402 4962 1677 5025 Ἰουδαίοις
1704 4962 1939 5033 προσλα-

366 5053 492 5107 λῶψ
527 5075 545 5108 ι
577 5055 669 5126 Μὴ
700 5054 1030 5123 γογγύζεσθε
1062 5056 1178 5108 κατ’
1204 5054 1465 5124 ἀλλήλων.
1498 5055 1685 5119 Οὐδεὶς
1718 5055 1937 5108 δύναται

366 5145 536 5199 ἐλθεῖν
567 5144 705 5217 πρὸς
738 5147 824 5216 μὲ,
853 5146 946 5200 ἐὰν
972 5145 1047 5216 μὴ
1075 5146 1102 5197 6
1134 5145 1318 5215 Πατὴρ
1338 5148 1366 5198 ὁ
1392 5145 1612 5215 πέμψας
1640 5162 1705 5214 με
1734 5148 1935 5218 ἐλκύσῃ

366 5238 546 5292 αὐτόν.
596 5257 615 5290 ι
658 5238 1021 5311 Προσκομίζει
1051 5237 1160 5307 γὰρ
1202 5238 1230 5288 6
1263 5236 1393 5300 Θεὸς
1440 5240 1533 5291 καὶ
1576 5237 1760 5308 Πατὴρ
1810 5239 1933 5301 τοὺς

366 5329 790 5401 ὴρῤωστηκότας
818 5330 893 5393 ὠς
929 5328 1036 5399 ἰδίᾳ
1061 5327 1282 5397 δυνάμει
1309 5326 1386 5397 τῷ
1425 5327 1557 5396 Υίῷ.
1589 5330 1934 5400 Παραγέγονε

367 5420 473 5489 γὰρ
494 5420 677 5475 ἰᾶσθαι
697 5422 821 5483 τοὺς
838 5419 1327 5490 συντετριμμένους
1344 5420 1440 5490 τὴν
1461 5420 1706 5491 καρδίαν,
1728 5422 1936 5488 ἀνοῖξαι

365 5508 673 5583 ὀφθαλμοὺς
716 5513 952 5582 τυφλῶν.
1021 5512 1145 5564 Ἐὰν
1189 5511 1372 5564 λοιπὸν
1415 5511 1475 5565 τὸ
1511 5512 1704 5566 άναλκί
1748 5530 1804 5566 τε
1843 5501 1938 5566 κάὶ

2048 4875 2201 4930 illum
2241 4877 2580 4932 sacerdotem
2638 4888 2693 4931 et
2742 4887 2986 4933 sanctum
3038 4887 3201 4946 atque
3252 4876 3621 4934 innocentem.

2041 4968 2193 5037 juxta
2223 4984 2412 5023 vocem
2452 4969 2596 5023 beati
2645 4970 2795 5024 Pauli
2837 4972 2904 5023 δι,
2938 4967 3171 5023 Adducti
3218 4980 3345 5020 vero
3381 4981 3626 5021 sumusa

2044 5059 2155 5113 Deo
2179 5068 2233 5114 et
2259 5061 2439 5114 Patre.
2467 5060 2718 5115 Christus
2746 5061 2893 5114 enim
2923 5058 3052 5111 alibi
3074 5056 3293 5112 Iudaeos
3315 5056 3622 5127 alloquens.

2042 5151 2155 5206 ait:
2194 5171 2210 5202 ι
2250 5153 2427 5206 Nolite
2463 5153 2517 5205 in
2547 5152 2779 5205 invicem
2831 5164 3198 5203 murmurare.
3247 5147 3419 5202 Nemo
3442 5156 3623 5217 potest

2040 5240 2227 5294 venire
2282 5240 2352 5294 ad
2396 5256 2503 5303 me,
2552 5240 2657 5294 nisi
2697 5241 2876 5303 Pater,
2917 5238 3010 5306 qui
3056 5237 3207 5291 misit
3243 5253 3349 5300 me,
3392 5237 3621 5291 traxerit

2040 5346 2166 5385 eum
2200 5332 2264 5382 ⁸².
2298 5349 2315 5380 ι
2354 5331 2490 5384 Nam
2523 5332 2663 5383 Deus
2691 5337 2746 5382 ct
2772 5331 2932 5384 Pater
2970 5328 3191 5383 adducit
3236 5327 3480 5383 infirmos
3522 5343 3621 5398 per

2042 5436 2209 5486 suum,
2231 5419 2429 5473 Filium
2460 5428 2714 5487 tanquam
2751 5418 3024 5488 pr0priam
3061 5418 3382 5489 potentiam.
3407 5418 3622 5487 Quippe

2044 5512 2136 5580 qui
2178 5510 2395 5565 venerit
2444 5509 2511 5563 ad
2538 5510 2809 5565 sanandos
2854 5511 3117 5566 contritos
3151 5509 3339 5574 corde,
3371 5509 3536 5580 356
3566 5515 3623 5562 et

435 5628 481 5658 “
506 5627 719 5715 Ephes;
745 5626 908 5715 qui!
958 5624 1193 5715 “f’llaoel
1260 5641 1313 5689 ιι,
1347 5625 1431 5679 15.
1510 5626 1553 5658 ’⁸⁸
1581 5626 1782 5682 Jerem.
1818 5642 1894 5691 ιιι,
1926 5626 1942 5679 ε

2093 5626 2136 5657 ’⁸9
2170 5623 2367 5678 Ezech.
2408 5637 2594 5685 XXXIII,
2628 5621 2713 5673 Η.
2792 5625 2835 5655 ⁸⁸³
2874 5622 3046 5677 Levit.
3085 5640 3203 5691 xw,
3236 5625 3289 5677 4.
3367 5626 3409 5657 ⁸¹
3448 5624 3617 5680 llcbr.

367 5711 472 5765 vn,
506 5695 596 5753 26.
678 5698 719 5729 "
755 5698 915 5757 Joan,
957 5711 1027 5761 iv,
1060 5695 1154 5749 l8.
