4094 6282
438 284 546 339 539

1473 277 1530 333 S.
1568 276 1841 332 CYRILL]
1879 277 2346 333 ALEXANDRi-Nl
2383 278 2699 335 ARCHJEP.

3578 280 3681 335 $60

436 398 630 455 oculos
661 409 927 451 caecorum
953 390 1294 464 aperiendos,
1327 398 1388 446 dt
1423 390 1699 445 inﬁmum
1719 398 1883 460 atque
1912 391 2011 444 im-

2111 394 2338 465 ἀδρανὲς
2385 393 2465 456 είς
2499 410 2561 461 γε
2593 392 2655 444 τδ
2696 390 2892 461 χρῆναι
2933 387 3175 461 πληροῦν
3204 390 3270 445 τὰ
3312 390 3431 462 Θεῷ
3461 391 3683 469 θυμήρη

434 491 635 548 bccille
658 489 991 551 ahdicantes,
1011 485 1241 555 posthac
1260 492 1581 555 praestemus
1601 498 1724 554 qua:
1736 483 1850 538 Deo
1862 492 2013 554 grata

444 590 591 647 sunt,
619 580 1027 647 habeamusque
1064 591 1160 629 cor
1201 590 1391 630 amans
1425 589 1677 645 operum;
1700 581 1757 629 et
1780 574 2012 628 actioni-

445 673 548 725 bus
570 669 833 724 virtutum
878 663 1220 719 tenacissime
1242 662 1404 730 amxi,
1441 663 1689 735 gloriosae
1727 672 1892 733 atque
1914 664 2012 718 ad-

389 756 395 764 ’
445 759 679 816 mirabili
699 758 823 812 vitae
846 771 1069 827 operam
1101 756 1315 821 demus,
1333 764 1797 828 agnoseentesque
1821 771 2012 811 verum

443 867 505 906 ac
533 856 725 920 suapte
752 854 952 902 natura
1005 846 1358 901 exsistentcm
1401 844 1715 910 Dominum,
1765 845 1844 899 sic
1886 860 2012 899 eum

444 942 724 999 Psalmista
740 940 1018 995 dicamus:
1043 938 1327 1003 «Benedic,
1351 937 1531 992 anima
1542 936 2010 1003 mea,Dominum,

444 1035 537 1105 qui
560 1034 893 1105 propitiatur
931 1030 1190 1085 omnibus
1225 1028 1608 1099 iniquitatibus
1632 1028 1760 1094 tuis,
1800 1029 1893 1099 qui
1924 1044 2013 1083 sa-

446 1136 538 1181 nat
559 1141 751 1182 omnes
777 1123 1123 1178 inﬁrmitates
1145 1130 1286 1186 tuas,
1313 1120 1407 1191 qui
1438 1120 1661 1175 redimit
1688 1119 1754 1174 de
1786 1119 2012 1173 interitu

445 1220 611 1273 vitam
637 1227 806 1281 tuam,
834 1215 926 1286 qui
954 1223 1181 1270 coronat
1211 1213 1340 1267 tein
1368 1211 1743 1267 misericordia
1771 1218 1826 1265 et
1848 1211 2014 1265 mise-

448 1309 752 1366 rationibus
775 1309 839 1360 ⁵³.
874 1327 891 1358 ι
925 1305 1164 1361 Observa
1199 1312 1380 1358 autem
1413 1302 1689 1372 quomodo
1709 1302 1859 1372 lepra
1880 1301 2013 1356 all‘c-

438 1411 568 1458 ctns
603 1399 922 1455 ostendatur
950 1395 1221 1451 sacerdoti
1269 1402 1421 1450 extra
1470 1401 1682 1463 portam
1711 1392 2012 1458 exsistenti,

441 1501 497 1548 et
530 1490 841 1562 longissime
875 1503 906 1542 a
928 1487 1142 1542 castris.
1175 1484 1456 1555 Siquidem
1499 1484 1566 1538 ad
1606 1499 1706 1538 nos
1738 1482 1892 1553 quasi
1918 1498 2014 1537 ex-

444 1584 630 1653 pulsos
673 1589 836 1652 atque
881 1588 1037 1635 extra
1087 1586 1330 1633 sanctam
1379 1576 1655 1630 civitatem
1706 1582 2013 1638 manentes,

434 1673 761 1737 Ecclesium,
779 1672 1024 1740 inquam,
1038 1668 1156 1733 Dei,
1182 1665 1595 1721 similitudinem
1612 1664 1783 1718 nostri
1809 1663 2017 1717 habens

441 1765 671 1820 accessit
719 1760 991 1823 Christus,
1028 1772 1268 1828 cumque
1305 1758 1599 1820 visitasset,
1641 1754 1876 1809 mundos
1917 1768 2017 1823 per
2047 1736 2088 1790 Β

443 1861 692 1907 sanetum
738 1850 1092 1919 baptismum,
1122 1856 1178 1903 et
1222 1862 1321 1918 per
1351 1860 1552 1916 corpus
1598 1860 1757 1899 suum
1810 1844 2012 1899 eﬂ‘ecit.

443 1940 759 1995 lmmoiatus
784 1944 868 1993 est
911 1953 1011 2007 pro
1038 1937 1217 2001 nobis,
1248 1935 1547 2005 salutisque
1589 1933 1891 1989 remedium
1923 1947 2017 1988 os-

440 2044 649 2097 tensus,
681 2047 748 2086 eo
762 2030 908 2101 quod
939 2030 1052 2100 ipse
1071 2035 1302 2084 mortem
1326 2028 1382 2081 in
1411 2027 1559 2098 ligno
1587 2041 1689 2096 pro
1712 2025 1871 2079 nobis
1898 2039 2018 2080 sus-

443 2128 626 2182 tinuit.
662 2126 717 2180 ld
748 2123 895 2179 enim
924 2131 1008 2177 est
1048 2120 1192 2191 quod
1220 2121 1274 2174 in
1301 2118 1471 2174 sacris
1516 2117 1738 2172 Litteris
1769 2116 2020 2186 praeﬁgu-

443 2227 614 2275 ratur.
645 2237 665 2270 ι
687 2218 817 2272 Nam
841 2216 963 2270 duae
979 2215 1203 2269 avicula:
1217 2210 1436 2267 munda:
1463 2229 1483 2263 ι
1505 2210 1869 2280 accipiuntur,
1896 2223 2017 2278 qua:

441 2325 601 2385 typus
645 2319 802 2367 erant
847 2308 1051 2366 Christi
1099 2306 1322 2376 superni
1375 2313 1538 2374 atque
1583 2302 1838 2359 emissus.
1878 2300 2017 2368 Quia

422 2406 558 2461 .avis
588 2405 694 2458 alte
735 2402 899 2456 volat.
952 2397 1244 2454 Descendit
1265 2404 1445 2451 autem
1474 2394 1539 2449 ad
1576 2409 1677 2449 nos
1703 2409 1735 2448 e
1764 2392 2018 2463 supernis

442 2500 497 2546 et
526 2506 556 2545 e
581 2490 733 2546 talis
755 2487 1096 2543 Emmanuel.
1125 2487 1203 2541 Ita
1222 2484 1369 2540 enim
1398 2485 1474 2539 ait
1502 2502 1514 2537 :
1550 2503 1568 2535 ι
1613 2483 1807 2537 Nullus
1830 2497 2018 2536 ascen-

441 2585 523 2638 dit
548 2583 603 2636 in
630 2583 828 2637 caelum
861 2580 965 2634 nisi
992 2578 1086 2648 qui
1116 2577 1402 2632 descendit
1420 2577 1489 2631 de
1519 2576 1679 2640 caelo,
1710 2574 1882 2629 Filius
1913 2574 2013 2629 ho-

440 2674 606 2728 minis
630 2673 694 2726 “.
736 2692 754 2722 ι
791 2670 994 2726 Scribit
1035 2678 1219 2723 autem
1270 2668 1414 2724 idem
1464 2667 1685 2722 divinus
1728 2666 2011 2721 Joannes:

446 2785 463 2815 ι
489 2764 599 2831 Qui
630 2779 661 2818 e
692 2762 944 2833 supernis
968 2760 1140 2825 venit,
1176 2774 1342 2830 super
1360 2760 1544 2816 omnia
1568 2768 1653 2814 est
1678 2759 1747 2813 ".
1787 2777 1806 2809 ι
1845 2758 2017 2813 Porro

434 2870 567 2911 aves
618 2862 748 2910 sunt
774 2853 1010 2907 mundae.
1041 2852 1177 2906 Vere
1218 2852 1365 2906 enim
1397 2850 1638 2905 mundus
1661 2857 1745 2904 est
1769 2858 1826 2904 et
1855 2849 2014 2904 inno-

422 2961 566 3000 cens
592 2945 873 3010 Dominus,
907 2950 1095 3013 utpote
1129 2942 1223 3012 qui
1248 2942 1458 2997 nesciat
1484 2949 1789 3013 peccatum.
1824 2941 2015 3011 Neque

424 3052 568 3091 tero
612 3037 718 3092 hoc
767 3035 1004 3090 dicimus
1029 3042 1091 3089 ut
1137 3034 1279 3089 duos
1319 3033 1690 3103 intelligamus
1744 3032 2009 3100 Chr-istos,
2038 3064 2083 3125 ο

418 3130 538 3186 etsi
570 3129 681 3187 duo
707 3127 913 3184 fuerint
938 3126 1257 3198 passe'rculi.
1286 3125 1620 3181 Prudentem
1647 3135 1829 3181 autem
1850 3126 2017 3183 nobis

432 3228 491 3277 et
510 3220 871 3277 necessariam
899 3218 1018 3273 haec
1053 3216 1229 3272 oratio
1268 3216 1574 3271 introducit
1608 3215 2011 3271 consideratio-

419 3326 583 3364 .ncm.
622 3308 947 3379 Unigenitus
999 3306 1148 3361 enim
1195 3320 1320 3361 cum
1367 3314 1562 3375 suapte
1620 3316 1815 3361 natura
1867 3305 2013 3361 Deus

388 3418 393 3425 '
433 3410 601 3467 esset,
659 3400 893 3470 gestavit
918 3412 1140 3453 carnem
1164 3412 1233 3452 ex
1259 3395 1420 3451 beata
1458 3396 1629 3451 Maria
1652 3396 1896 3466 Virgine,
1948 3410 2014 3450 ac

433 3489 840 3564 quodammodo
895 3504 928 3543 e
980 3488 1198 3545 duobus
1234 3486 1570 3557 compositus
1605 3496 1710 3551 est,
1746 3486 2010 3541 nimirum

430 3601 501 3641 ex
538 3592 735 3639 natura
772 3595 1027 3652 suprema
1067 3590 1124 3637 et
1150 3579 1509 3644 humanitate,
1562 3579 1912 3634 ineﬂ‘abiliter
1955 3587 2013 3635 et

426 3691 601 3748 supra
620 3683 869 3731 nostrum
898 3681 1138 3744 captum.
1176 3673 1380 3729 Verum
1402 3672 1674 3727 Dominus
1704 3680 1893 3726 noster
1917 3671 2010 3727 Je-

427 3785 523 3826 sus
552 3768 806 3823 Christus
828 3773 913 3820 est
936 3780 1043 3819 una
1077 3776 1327 3835 persona.
1359 3763 1502 3833 Ergo
1533 3762 1835 3832 Scriptura,
1870 3762 2012 3817 hanc

426 3869 751 3915 naturarum
769 3857 1030 3911 unionem
1047 3854 1424 3920 considerans,
1448 3853 1585 3908 duas
1600 3852 1656 3906 in
1677 3849 2009 3907 sacriﬁcium

424 3949 681 4006 adhibuit
711 3948 973 4003 avieulas.
998 3945 1345 4018 Quapropter
1370 3946 1455 4001 lex
1494 3959 1621 4000 cum
1656 3943 2008 3998 multifariam

427 4042 696 4114 signiticet
726 4039 931 4097 Christi
956 4041 1299 4112 mysterium,
1325 4037 1704 4110 accipiendum
1737 4038 1813 4092 ait
1842 4038 2008 4093 etiam

435 4155 453 4184 ι
498 4134 784 4188 cedrinum
826 4133 1069 4203 lignum;
1108 4151 1126 4183 ι
1164 4130 1312 4201 quod
1343 4130 1488 4185 idem
1516 4144 1647 4184 sane
1684 4138 1846 4200 typus
1887 4143 2009 4184 esse

425 4231 604 4295 potest
640 4230 844 4276 saneta:
864 4222 1037 4291 ipsius
1058 4221 1261 4286 carnis,
1283 4220 1443 4290 357
1460 4235 1581 4289 qua:
1607 4235 1721 4275 non
1748 4220 2010 4275 sustinuit

425 4316 859 4385 corruptionem.
891 4313 1009 4368 Hoc
1026 4312 1174 4367 enim
1194 4311 1401 4382 lignum
1417 4312 2007 4381 putrediniohnoxium

2115 485 2559 553 παραιτούμενοι,
2590 480 3016 553 φιλεργεστάτην
3056 479 3268 551 ἔχωμεν
3292 481 3393 552 τὴν
3432 483 3679 554 καρδίαν,

2112 575 2206 626 καὶ
2234 573 2341 627 τῶν
2373 574 2472 644 τῆς
2508 572 2807 635 ἐπιεικείας
2848 571 3025 642 ἔργων
3066 571 3235 642 ἀπρὶξ
3273 572 3545 642 ⁴ἡμμένοι,
3582 576 3684 644 τὴν

2113 664 2310 718 εὐκλεᾶ
2330 665 2423 719 καὶ
2456 663 2889 735 ἀξιοθαύμαστον
2914 662 3358 735 ἐπιτηδεύσωμεν
3386 664 3683 729 πολιτείαν,

2111 758 2202 811 τὸν
2240 760 2399 827 φύσει
2436 774 2494 811 τε
2527 758 2622 812 καὶ
2647 753 2865 827 άληθῶς
2902 756 3177 826 Δεσπότην
3210 756 3682 823 ἐπιγινώσκοντες,

2112 848 2258 902 οὕτω
2310 850 2575 919 λέγωμεν,
2623 848 2763 902 κατά
2807 847 2905 919 τὴν
2958 846 3051 900 τοῦ
3102 847 3412 913 Ψάλλαντος
3466 850 3650 919 φωνήν
3671 867 3684 880 ο

2121 958 2138 991 ι
2172 940 2412 1008 Εὑλόγει,
2440 942 2473 1011 ἡ
2507 939 2649 1010 ψυχή
2678 955 2777 1009 μου
2806 939 2897 992 τὸν
2925 937 3147 1012 Κύριον,
3187 938 3277 991 τὸν
3308 938 3687 994 εὐιλατεύοντα

2115 1029 2311 1091 πάσαις
2337 1032 2457 1092 ταῖς
2482 1029 2733 1099 ἀνομίαις
2755 1045 2849 1081 σου
2867 1070 2880 1094 ,
2916 1030 3008 1083 τὸν
3035 1028 3263 1099 ίώμενον
3286 1029 3465 1094 πάσας
3497 1032 3688 1096 νόσους

2118 1137 2234 1185 σου,
2268 1120 2358 1173 τὸν
2393 1119 2756 1192 λυτρούμενον
2795 1122 2860 1173 ἐκ
2896 1120 3099 1190 φθορᾶς
3137 1121 3237 1191 τὴν
3268 1120 3414 1191 ζωήν
3443 1138 3561 1186 σου,
3594 1123 3690 1178 τὸν

2117 1212 2481 1282 στεφανοῦντά
2511 1228 2568 1265 σε
2604 1214 2661 1264 ἐν
2693 1212 2831 1264 ἐλέει
2863 1213 2957 1266 καὶ
2989 1214 3309 1283 οἱκτιρμοῖς.
3342 1233 3361 1266 ι
3407 1215 3685 1286 Ἐπιτήρει

2115 1304 2172 1358 δέ
2199 1305 2345 1368 ὅπως
2378 1303 2481 1368 ἔξω
2520 1303 2760 1373 γεγονότι
2789 1306 2888 1374 τῆς
2918 1303 3091 1373 πύλης
3122 1304 3197 1375 τῷ
3238 1305 3392 1375 ἱερεῖ,
3421 1307 3515 1360 καὶ
3546 1308 3685 1360 ἀπο-

2114 1397 2261 1451 τάτω
2280 1398 2377 1467 τῆς
2406 1396 2776 1467 παρεμϐολῆς,
2805 1398 2834 1449 6
2853 1398 2951 1466 τὴν
2974 1396 3185 1466 λέπραν
3210 1397 3491 1461 πεπονθὼς
3516 1400 3687 1453 εἰσκο-

2121 1489 2355 1559 μίζεται.
2402 1486 2843 1559 Ἐξερῤιμμένοις
2883 1486 2992 1557 γάρ
3024 1486 3214 1556 ὥσπερ
3247 1489 3400 1558 ἡμῖν,
3448 1491 3545 1543 καὶ
3589 1492 3687 1543 πό·-

2116 1579 2251 1644 λεως
2276 1582 2373 1651 τῆς
2405 1581 2563 1648 ἁγίας
2590 1580 2683 1633 καὶ
2711 1580 2859 1650 ἱερᾶς
2878 1578 2994 1653 ⁸ἔξω
3025 1596 3126 1631 που
3157 1583 3509 1650 μεμενηκόσι,
3542 1582 3686 1652 φημὶ

2116 1672 2173 1726 δέ
2205 1672 2301 1742 τῆς
2348 1671 2672 1742 Ἐκκλησίας
2709 1669 2804 1722 τοῦ
2840 1669 3006 1732 Θεοῦ,
3052 1671 3150 1741 τὴν
3198 1669 3322 1723 καθ’
3359 1672 3506 1740 ἡμᾶς
3548 1672 3688 1742 ἔχων

2118 1764 2374 1835 ὁμοίωσιν
2400 1763 2658 1833 ἐπεφοίτη
2671 1778 2757 1814 σεν
2777 1763 2805 1815 6
2825 1760 3078 1833 Χριστός.
3119 1761 3585 1832 Ἐπισκεψάμενος
3604 1764 3683 1827 δὲ,

2118 1853 2363 1923 ἀπέφηνε
2388 1852 2659 1921 καθαροὺς
2682 1851 2768 1905 διὰ
2793 1851 2885 1905 τοῦ
2911 1853 3063 1920 ἀγίου
3095 1851 3468 1922 βαπτίσματός
3496 1870 3555 1906 τε
3591 1856 3689 1909 καὶ

2116 1943 2211 1997 τοῦ
2263 1942 2511 2013 σώματος
2556 1941 2740 1996 αὐτοῦ.
2788 1941 3018 1996 τέθυται
3064 1943 3170 2014 γάρ
3214 1943 3356 2015 ὑπὲρ
3380 1943 3558 2016 ἡμῶν,
3594 1949 3689 1999 καὶ

2119 2037 2382 2105 σωτήριον
2415 2035 2547 2104 ἡμῖν
2595 2032 2876 2103 ἀνεδείχθη
2916 2033 3223 2105 φάρμακον,
3275 2034 3337 2087 τὸ
3379 2035 3476 2090 καὶ
3525 2036 3688 2089 αὐτὸν

2118 2126 2260 2197 ὑπὲρ
2289 2126 2446 2196 ἡμῶν
2469 2124 2797 2196 ἀνασχέσθαι
2817 2124 3009 2178 παθεῖν
3030 2125 3121 2177 τὸν
3143 2125 3235 2177 ἐπὶ
3254 2124 3411 2193 ξῠλου
3435 2125 3683 2180 θάνατον.

2117 2214 2279 2269 Τουτὶ
2309 2216 2418 2284 γὰρ
2446 2217 2577 2285 ἡμῖν
2613 2217 2673 2267 ἐν
2701 2217 2811 2279 τοῖς
2851 2216 3015 2286 ἱεροῖς
3045 2217 3467 2287 ἐσκιαγραφεῖτο
3496 2217 3685 2289 Γράμο

2118 2323 2300 2378 μασιν.
2343 2325 2363 2358 ι
2393 2305 2495 2359 Δύο
2522 2306 2630 2377 γάρ
2658 2305 2867 2375 ὀρνίθια
2893 2305 3107 2376 καθαρὰ
3138 2326 3156 2358 ι
3189 2306 3549 2377 λαμϐάνεται.
3582 2308 3690 2361 Τύο

2117 2415 2218 2462 πος
2248 2398 2304 2451 δὲ
2329 2394 2397 2468 ἦν
2425 2398 2530 2468 ἆρα
2562 2397 2657 2450 καὶ
2683 2396 2841 2450 τοῦτο
2869 2396 3103 2469 Χριστοῦ
3140 2396 3235 2449 τοῦ
3263 2396 3468 2451 ἀνωθεν
3505 2398 3597 2450 καὶ
3627 2397 3689 2463 ἐξ

2116 2487 2365 2561 οὐρανοῦ.
2417 2488 2736 2559 Ἀεροπετές
2779 2487 2889 2559 γὰρ
2930 2489 2991 2542 τὸ
3025 2487 3276 2559 ὀρνίθιον.
3326 2488 3687 2560 Καταϐἐϐηκε

2115 2582 2172 2636 δέ
2200 2583 2336 2654 πρὸς
2372 2583 2521 2654 ἡμᾶς
2552 2581 2758 2635 ἀνωθεν
2796 2598 2855 2634 τε
2884 2581 2976 2633 καὶ
3016 2579 3075 2646 ἐξ
3120 2581 3361 2652 οὐρανῶν
3400 2583 3428 2634 6
3473 2581 3687 2652 Ἐμμα-

2116 2674 2299 2746 νουήλ.
2350 2674 2506 2728 υῦτω
2538 2673 2647 2745 γάρ
2690 2672 2790 2725 πού
2841 2689 3023 2743 φησιν·
3071 2691 3088 2724 ι
3129 2673 3320 2736 Οὐδεὶς
3352 2673 3687 2745 ἀναϐέϐηκεν

2114 2766 2196 2829 εις
2228 2765 2318 2818 τὸν
2349 2765 2593 2835 οὐρανὸν,
2626 2766 2674 2817 εί
2709 2762 2784 2835 μὴ
2813 2765 2842 2817 6
2874 2766 2938 2817 ἐκ
2975 2763 3065 2817 τοῦ
3095 2764 3327 2832 οὐρανοῦ
3359 2766 3620 2829 καταϐὰς,
3655 2767 3687 2819 6

2117 2856 2244 2919 Υἱὸς
2272 2854 2365 2908 τοῦ
2412 2854 2569 2909 Θεοῦ.
2607 2873 2627 2908 ι
2665 2855 2871 2927 Γράφει
2911 2855 2969 2908 δέ
3002 2856 3095 2909 καὶ
3127 2857 3156 2907 6
3193 2856 3354 2923 σοφὸς
3398 2857 3680 2928 ’ῐωάννηςυ

2123 2966 2142 2999 ι
2187 2948 2247 3001 '0
2283 2946 2491 3001 ἀνωθεν
2522 2946 2816 3018 ἐρχόμενος
2847 2946 3031 3000 ἐπάνω
3060 2946 3279 3001 πάντων
3320 2947 3457 3003 ἐστί.
3501 2967 3520 3000 ι
3567 2951 3684 3002 Καρ

2117 3037 2259 3110 θαρά
2283 3037 2340 3091 δέ
2370 3037 2438 3092 τὰ
2480 3038 2712 3111 ὀρνίθια.
2745 3038 2854 3093 Καὶ
2883 3038 2991 3110 γάρ
3026 3041 3171 3093 ἐστιν
3203 3039 3419 3112 άληθῶς
3448 3041 3690 3112 καθαρὸς

2114 3131 2210 3185 καὶ
2251 3128 2514 3200 ἀϐέϐηλος
2551 3129 2580 3182 6
2612 3129 2815 3200 Κύριος
2838 3171 2852 3193 ,
2886 3131 2986 3183 οὐκ
3031 3130 3186 3194 εἰδὼς
3230 3132 3527 3204 ἁμαρτίαν.
3577 3134 3691 3188 Καὶ

2111 3220 2228 3276 οῦτι
2255 3222 2358 3273 πού
2383 3236 2585 3291 φαμεν,
2603 3221 2680 3284 ὡς
2705 3220 2799 3274 δύο
2826 3220 3054 3292 νοοῦμεν
3080 3223 3371 3292 Χριστοὺς,
3395 3223 3499 3278 κάν
3520 3226 3569 3278 εί
3593 3225 3692 3279 δύο

2111 3310 2351 3379 λέγοιντο
2398 3308 2625 3381 ὀρνίθια.
2673 3309 2851 3380 Σοφὴν
2891 3310 2949 3363 δὲ
2997 3312 3093 3364 καὶ
3125 3312 3427 3381 ἀναγκαίαν
3465 3316 3495 3367 6
3530 3314 3692 3383 λόγος

2109 3406 2243 3475 ἡμῖν
2274 3401 2572 3472 εἰσκομίζει
2601 3402 2700 3473 τὴν
2723 3401 2972 3473 θεωρίαν.
3003 3401 3135 3467 Θεὸς
3168 3403 3274 3475 γὰρ
3301 3404 3377 3458 ὣν
3411 3406 3551 3460 κατά
3579 3406 3686 3476 φύ-

2113 3508 2196 3545 σιν
2226 3494 2253 3546 ό
2286 3491 2615 3563 Μονογενὴς,
2655 3491 2752 3563 τὴν
2779 3493 2879 3563 τῆς
2905 3493 3065 3563 ἁγίας
3092 3494 3370 3566 Παρθένου
3402 3484 3690 3570 πεφόρηκέ

2112 3581 2311 3652 σάρκα,
2356 3581 2451 3633 καὶ
2481 3580 2782 3634 συντίθεται
2819 3583 2917 3652 μὲν
2954 3582 3141 3655 ὥσπερ
3180 3585 3243 3638 ἐκ
3271 3585 3436 3653 δυοῖν,
3469 3588 3690 3656 φύσεως

2109 3671 2254 3741 λέγω
2295 3673 2394 3743 τῆς
2442 3673 2704 3727 ἀνωτάτω
2752 3675 2847 3727 καὶ
2900 3674 3321 3747 ἀνθρωπότητος
3359 3679 3688 3753 ἀπορρήτως

2110 3763 2205 3816 καὶ
2242 3763 2379 3834 ὑπὲρ
2416 3763 2558 3818 νοῦν.
2606 3763 2752 3835 Πλὴν
2801 3760 2881 3828 εἷς
2922 3766 3125 3838 Κύριος
3177 3767 3381 3838 Ἰησοῦς
3427 3771 3683 3842 Χριστός.

2108 3855 2315 3927 Θεωρεῖ
2340 3854 2385 3908 δ’
2425 3851 2516 3909 οὖν
2547 3857 2575 3909 6
2600 3855 2755 3924 λόγος
2780 3858 2878 3926 τὴν
2906 3860 2969 3911 ἐκ
2994 3858 3137 3911 δυοῖν
3168 3860 3249 3923 εἰς
3284 3860 3344 3913 ἐν
3370 3878 3422 3914 τι
3462 3862 3687 3934 συνδρο-

2112 3948 2241 4017 μήν.
2281 3947 2384 3999 Δύο
2408 3941 2500 4000 οὖν
2532 3946 2789 4019 ταύτῃτοι
2830 3948 2900 4002 τά
2944 3950 3152 4020 ὀρνίθια
3192 3952 3472 4023 σημαίνων
3518 3954 3687 4007 πολυ-

2107 4038 2325 4109 τρόπως
2358 4038 2424 4110 δὴ
2453 4040 2481 4091 6
2512 4040 2674 4111 νόμος
2709 4041 2768 4094 τὸ
2801 4042 3041 4112 Χριστοῦ
3086 4046 3406 4115 μυστήριον,
3435 4046 3544 4099 δεῖν
3578 4046 3683 4118 ἔφη

2109 4128 2631 4199 παραλαμϐάνεσθαι
2658 4129 2753 4183 καὶ
2800 4147 2820 4181 ι
2853 4132 3094 4202 κέδρινον
3142 4132 3318 4197 ξύλονο
3353 4155 3371 4187 ι
3409 4138 3578 4199 τύπος
3637 4137 3686 4191 δ’

2110 4219 2178 4275 ἂν
2223 4221 2311 4291 εἴη
2356 4222 2451 4276 καὶ
2491 4221 2607 4275 τόδε
2654 4223 2752 4292 τῆς
2784 4223 2948 4291 ἀγίας
2981 4224 3146 4277 αὑτοῦ
3179 4226 3414 4296 σαρκὸς,
3460 4228 3561 4281 οὐκ
3588 4230 3685 4282 ἀνο

2111 4313 2376 4383 εχομένης
2410 4314 2597 4366 παθεῖν
2633 4312 2731 4384 τὴν
2770 4314 3139 4386 καταφθοράν.
3176 4318 3455 4388 Ἀσηπτον
3476 4319 3585 4392 γὰρ
3620 4322 3686 4375 τὸ

424 4422 538 4462 non
562 4414 664 4462 est.
699 4406 872 4461 Porro
918 4403 1188 4475 hyssopus
1217 4402 1526 4474 designabit
1555 4402 1792 4474 Spiritus
1827 4403 2000 4459 sancti

2111 4399 2282 4466 ξύλον.
2316 4400 2607 4465 ’Υσσωπός
2637 4418 2700 4469 γε
2731 4400 2838 4472 μὴν
2865 4398 2975 4457 εἷεν
3005 4404 3072 4458 ἂν
3106 4407 3186 4467 είς
3215 4405 3382 4460 τύπον
3402 4407 3498 4461 τοῦ
3525 4409 3682 4477 ἀγίου

424 4496 743 4564 efﬁcaciam,
767 4512 868 4567 per
889 4508 1053 4566 quam
1088 4493 1282 4563 spiritu
1312 4493 1587 4551 ferventes
1625 4494 1896 4552 eﬂicimur
1932 4496 2001 4562 '°,

424 4588 771 4645 immunditia
794 4587 851 4641 in
890 4584 1165 4640 intestinis
1205 4585 1362 4655 quasi
1385 4587 1624 4642 resoluta
1648 4594 1704 4642 et
1741 4586 2000 4643 arefacta.

422 4682 702 4755 ilyssopus
729 4679 877 4733 enim
930 4677 1101 4733 herba
1141 4687 1335 4732 natura
1361 4688 1445 4731 est
1478 4676 1654 4731 calida
1698 4685 1753 4731 et
1786 4687 1909 4747 apta
1935 4676 2005 4731 ad

422 4771 765 4844 purgandam
802 4769 1221 4842 phlegmaticam
1253 4775 1309 4822 et
1356 4767 1610 4838 frigidam
1642 4768 1697 4822 in
1730 4769 2005 4824 intestinis

423 4864 706 4919 collectam
747 4860 1171 4917 immunditiam.
1197 4857 1449 4915 Christus
1473 4866 1656 4914 autem
1693 4875 1793 4928 per
1818 4859 1991 4929 Spiri-

423 4964 531 5022 tus,
561 4966 623 5010 ut
648 4955 780 5022 dixi,
809 4953 1183 5025 operationem
1222 4952 1421 5008 liberat
1449 4966 1550 5006 nos
1582 4967 1613 5007 a
1643 4951 1853 5007 morbis
1899 4952 1993 5022 qui

420 5047 601 5102 adhuc
641 5047 811 5101 latent
833 5047 888 5101 in
916 5053 1117 5101 mente.
1160 5042 1430 5100 Cancrum
1474 5043 1578 5097 hoc
1604 5043 1788 5098 herba:
1822 5058 1993 5114 genus

420 5147 565 5192 recte
593 5136 885 5191 admodum
915 5150 1056 5205 aqua
1088 5135 1209 5189 viva
1251 5133 1543 5202 excipitur.
1562 5132 1823 5203 Baptizati
1846 5134 1994 5187 enim

420 5244 610 5283 sumus
648 5247 666 5279 ι
703 5229 758 5283 in
790 5228 1000 5298 Spiritu
1029 5235 1217 5281 sancto
1253 5234 1315 5280 et‘
1338 5225 1482 5295 igne,
1518 5243 1535 5276 ι
1562 5225 1708 5279 sicut
1734 5227 2000 5295 scriptum

418 5330 503 5377 est
531 5321 597 5374 ⁸⁷.
627 5320 734 5375 Sed
778 5320 949 5374 herba
998 5319 1136 5385 hmo,
1177 5324 1240 5373 ut
1268 5316 1401 5384 dixi,
1434 5324 1518 5371 est
1549 5316 1739 5371 calidae
1764 5326 1996 5382 naturae,

418 5420 579 5480 atque
609 5411 719 5465 vim
765 5410 994 5480 spiritus
1024 5408 1383 5464 demonstrat.
1428 5425 1447 5458 ι
1483 5406 1782 5462 Coccinum
1811 5415 1999 5462 autem

420 5502 883 5569 conglomeratum
919 5521 936 5553 ι
970 5516 1163 5555 rursus
1196 5499 1251 5553 in
1287 5498 1468 5569 se'ipso
1490 5498 1731 5554 declarat
1777 5499 1999 5553 modum

2104 4494 2421 4564 Πνεύματος
2445 4493 2582 4558 ζέων
2613 4493 2711 4565 τὴν
2749 4495 3049 4567 ἐνέργειαν,
3089 4498 3156 4550 δι’
3201 4494 3270 4570 ἧς
3298 4499 3376 4571 τῷ
3410 4501 3685 4572 πνεύματι

2104 4586 2315 4650 ζέοντες
2339 4584 2746 4657 ἀποτελούμεθα
2771 4586 2870 4659 τὴν
2898 4590 2957 4641 ἐν
2985 4588 3314 4661 σπλάγχνοις
3340 4591 3684 4664 ἀκαθαρσίαν

2103 4668 2264 4731 orave!
2293 4693 2409 4741 πως
2435 4678 2843 4747 ἐκτετηγμένοι.
2877 4679 2990 4733 Πόα
3024 4680 3184 4752 γάρὴ
3218 4682 3470 4747 ὔσσωπος
3502 4685 3679 4756 θερμὴ

2102 4784 2163 4821 τε
2193 4770 2257 4839 τῇ
2291 4768 2467 4836 φύσει,
2492 4768 2588 4823 καὶ
2607 4768 2929 4841 διασμήχειν
2957 4771 3045 4826 οἵα
3073 4790 3130 4826 τε
3149 4775 3248 4844 τὴν
3266 4775 3325 4827 ἐν
3351 4775 3682 4847 σπλάγχνοις

2105 4857 2511 4929 συνηνεγμένην
2540 4858 2901 4933 φλεγματώδη
2936 4864 3029 4916 καὶ
3066 4863 3281 4935 ψυχράν
3312 4867 3675 4939 ἀκαθαρσίαν.

2102 4947 2455 5002 Ἀπαλλάττει
2481 4948 2537 5003 δὲ
2584 4952 2766 5021 ἡμᾶς,
2800 4952 2876 5016 ὡς
2918 4952 3074 5024 ἔφην,
3122 4957 3187 5027 τῇ
3234 4955 3329 5009 τοῦ
3373 4958 3680 5029 πνεύματος

2101 5039 2351 5111 ἐνεργείᾳ
2395 5042 2666 5112 Χριστὸς,
2700 5044 2811 5097 τῶν
2853 5046 2935 5108 είς
2966 5046 3092 5100 νοῦν
3134 5046 3243 5100 ἔσω
3279 5051 3678 5120 κεκρυμμένων

2104 5132 2313 5186 παθῶν.
2344 5128 2418 5186 Εὖ
2439 5133 2495 5185 δὲ
2516 5134 2578 5205 δὴ
2602 5134 2722 5188 λίαν
2747 5135 2834 5205 ἐφ’
2854 5136 3003 5190 ὕδατι
3024 5138 3187 5203 ζῶντι
3215 5140 3308 5192 καὶ
3329 5140 3391 5192 τὸ
3418 5140 3516 5210 τῆς
3542 5141 3679 5202 πόας

2100 5224 2241 5289 εἶδος
2264 5226 2773 5298 παραλαμϐάνεται.
2798 5228 3217 5301 Βεϐαπτίσμεθα
3239 5232 3349 5303 γὰρ
3378 5251 3400 5281 r
3428 5234 3485 5285 ἐν
3508 5231 3676 5286 Πνεύ-

2104 5333 2234 5387 ματι
2261 5318 2400 5387 ἁγίῳ
2431 5318 2524 5370 καὶ
2554 5319 2709 5390 πυρὶ,
2750 5338 2768 5370 ι
2804 5322 2943 5375 κατὰ
2966 5320 3028 5375 τὸ
3056 5323 3457 5392 γεγραμμένον.
3484 5321 3674 5391 Θερμὴ

2099 5406 2178 5470 δὲ,
2219 5406 2294 5469 ὡς
2338 5407 2495 5478 ἔφην,
2542 5409 2574 5479 ἠ
2623 5409 2730 5462 πόα
2751 5451 2765 5475 ,
2796 5411 2892 5464 καὶ
2918 5412 3015 5482 τῆς
3046 5411 3142 5464 τοῦ
3177 5411 3488 5481 πνεύματος
3519 5411 3676 5479 ἐνερ‹

2101 5498 2256 5565 γείας
2304 5498 2697 5571 παραδεκτική.
2725 5500 2825 5555 ’Τὸ
2871 5502 2926 5555 δὲ
2978 5501 3353 5571 κεκλωσμένον
3397 5501 3667 5565 κόκκινον,

497 5675 546 5709 ⁸³
593 5676 738 5730 Psal.
766 5692 855 5743 cn,
886 5679 1000 5731 1-4.
1078 5677 1124 5710 ³⁸
1156 5676 1311 5730 Joan.
1344 5690 1421 5740 ιιι,
1461 5674 1544 5727 l5.
1623 5676 1667 5708 ⁵⁸
1702 5676 1860 5744 ibid,
1897 5677 1983 5733 51.

2141 5682 2297 5737 Rom.
2347 5700 2439 5750 xu,
2471 5684 2554 5737 Η.
2633 5686 2677 5717 ⁸⁷
2708 5685 2897 5740 Matth.
2938 5702 3013 5753 tu,
3064 5685 3121 5738 Η
3148 5702 3160 5751 ;
3189 5682 3327 5741 Luc.
3358 5696 3437 5751 In,
3470 5679 3558 5735 16.
