4094 6282
380 449 475 506 561

1389 449 1910 508 GLAPHYRORUM
1949 450 2013 505 IN
2050 449 2427 506 LEVITl-CUH
2466 450 2686 505 LIBER.

3532 450 3635 503 tua

380 569 508 621 αὐτὸ
534 567 599 639 δὴ
632 564 789 621 πάλιν
817 568 903 638 ἐφ’
924 566 1102 637 ἑαυτῷ
1129 567 1219 619 τὸν
1244 566 1342 635 τῆς
1365 567 1827 640 ἐνανθρωπήσιως
1854 565 1949 621 τοῦ

2058 566 2450 623 incarnationis
2476 566 2774 636 Unigeniti.
2804 564 3040 620 Verbum
3053 562 3201 617 enim
3231 576 3357 616 cum
3382 559 3632 627 sitDeus,

379 659 715 728 Μονογενοῦς
782 659 1113 729 ὑπεμφαίνει
1178 659 1398 730 τρόπον.
1474 661 1785 715 Πέπλεκται
1844 659 1954 732 γὰρ

380 751 566 822 ῶσπερ
595 750 757 821 σαρκὶ
790 752 881 804 καὶ
914 750 1107 820 αἵματι
1136 749 1271 814 Θεὸς
1317 747 1393 803 ὢν
1432 751 1462 803 6
1494 750 1685 818 Λόγος.
1718 749 1955 816 Ἐξεικο-

379 844 481 895 νιεῖ
504 842 559 894 δὲ
594 844 623 895 6
653 840 872 905 κόκκος,
905 836 1048 912 αἴμά
1089 857 1149 893 τε
1182 841 1278 895 καὶ
1308 841 1509 911 σάρκα.
1554 840 1953 913 Τοιουτόχρωος

379 934 488 1003 γὰρ
513 931 706 1001 ὁρᾶται
739 933 833 986 καί¹
860 931 1036 986 ἔσται.
1077 930 1350 1000 Σφάζεται
1390 934 1570 987 τοίνυν
1617 933 1680 987 τὸ
1721 934 1954 1005 ὀρνίθων

379 1026 462 1093 ἐφ’
486 1023 637 1077 ὕδατι
660 1023 821 1090 ζῶντι
843 1025 900 1077 ἐν
925 1015 971 1091 ᾧ
992 1024 1054 1077 τὸ
1073 1024 1447 1097 περιλειφθὲν,
1468 1024 1605 1096 ὁμοῦ
1635 1028 1745 1090 τοῖς
1773 1025 1953 1089 ἄλλοις

380 1115 695 1185 βαπτίζεται
714 1155 729 1181 ,
769 1115 861 1170 καὶ
888 1115 1075 1171 λοιπὸν
1100 1117 1312 1171 ἀνεῖται
1342 1116 1612 1181 πεπονθὸς
1640 1117 1814 1183 οὐδὲν,
1852 1135 1953 1171 κα-

378 1206 552 1278 θάπερ
577 1208 678 1277 ήδη
707 1209 987 1278 προεῖπον.
1016 1206 1248 1262 Τέθυται
1273 1207 1384 1279 γάρ
1416 1208 1557 1280 ὑπὲρ
1582 1208 1737 1280 ἡμῶν
1762 1210 1791 1262 6
1816 1210 1951 1280 Χρι-

378 1298 521 1359 στόςο
544 1295 658 1349 ἀλλ’
681 1293 750 1367 ἦν
770 1300 798 1351 ό
829 1296 995 1360 αὐτὸς
1020 1296 1111 1350 καὶ
1138 1299 1197 1351 ἐν
1227 1296 1461 1369 θανάτῳ,
1493 1298 1587 1351 καὶ
1617 1299 1758 1369 ὑπὲρ
1788 1298 1953 1354 θάνα⁴

373 1404 487 1445 τον.
518 1407 538 1440 ι
574 1388 922 1460 Ἐθανατώθη
956 1389 1056 1460 μὲν
1084 1388 1193 1460 γάρ
1218 1389 1417 1459 σαρκὶ,
1449 1389 1593 1442 κατά
1614 1390 1675 1442 τὸ
1704 1406 1954 1460 γεγραμ-

378 1477 560 1549 μένον,
596 1477 935 1550 ἐζωοποιήθη
961 1479 1019 1531 δέ
1046 1478 1337 1551 πνεύματι,
1369 1498 1387 1530 ι
1419 1482 1479 1534 ἐν
1500 1473 1548 1549 ᾦ
1586 1499 1605 1533 ι
1633 1481 1729 1534 καὶ
1756 1485 1869 1545 τοῖς
1893 1484 1955 1537 ἐν

376 1568 588 1641 φυλακῇ
610 1568 940 1639 ἀπειθήσασι
968 1586 1096 1623 ποτε
1118 1570 1425 1642 πνεύμασιν
1450 1572 1738 1645 πορευθεὶς
1770 1593 1789 1625 ι
1825 1575 1953 1645 ἐκή-

380 1662 558 1732 ρυξεν.
592 1657 669 1734 ’ῌ
706 1662 805 1733 μὲν
834 1661 944 1733 γὰρ
986 1666 1183 1719 νοεῖται
1231 1666 1326 1719 καὶ
1366 1665 1590 1735 γέγονεν
1627 1667 1911 1737 ἄνθρωπος
1934 1708 1948 1730 ,

379 1753 587 1824 ὑπέστη
624 1754 716 1808 τὸν
747 1755 974 1810 θάνατον
993 1772 1007 1786 ⁸
1119 1757 1175 1810 δέ
1209 1759 1357 1811 ἐστιν
1384 1758 1598 1830 ἀληθῶς
1624 1759 1738 1830 ζωή
1762 1777 1824 1813 τε
1859 1761 1955 1813 καὶ

381 1846 444 1897 ἐκ
471 1844 638 1915 ζωῆς,
670 1844 901 1900 θανάτου
935 1848 1200 1917 κρείττων
1229 1850 1494 1918 ἐφαίνετο.
1523 1848 1730 1905 Οὐκοῦν
1758 1851 1838 1914 είς
1860 1850 1953 1903 τὸν

383 1934 474 1988 τοῦ
508 1936 801 2000 τεθνεῶτος
838 1936 1090 2002 θάνατον,
1121 1939 1180 1991 τὸ
1224 1940 1456 2008 ὀρνίθων
1493 1940 1555 1993 τὸ
1585 1940 1694 2005 ζῶν
1729 1941 1953 1995 ἐϐαπτί-
1990 1927 2029 1980 Β

383 2026 522 2089 ζετο.
555 2026 660 2079 Τοῦ
692 2026 859 2098 νόμου
885 2028 1384 2098 κατασημαίνοντος
1411 2029 1847 2099 αἰνιγματωδῶς,
1873 2031 1955 2085 ὅτι

381 2120 474 2173 καί
497 2138 578 2174 τοι
600 2121 742 2175 κατά
765 2121 927 2192 φύσιν
946 2122 1058 2194 ζωὴ
1086 2124 1179 2176 καὶ
1199 2125 1262 2177 ἐκ
1285 2122 1428 2195 ζωῆς
1452 2124 1708 2195 ὑπάρχων
1725 2126 1955 2194 όΛόγος,

377 2211 474 2281 τῆς
506 2212 641 2277 ιδίας
676 2214 877 2285 σαρκὸς
912 2215 1211 2270 οἰκειοῦται
1240 2216 1333 2269 τὸν
1362 2216 1609 2270 θάνατον.
1638 2218 1714 2271 Οὐ
1753 2218 1862 2292 γάρ
1888 2214 1957 2291 ἦν

376 2301 633 2375 ἀλλοτρία
658 2303 823 2358 αὐτοῦ
850 2306 880 2376 ἡ
905 2305 1277 2375 ἀναληφθεῖσα
1304 2306 1460 2379 σάρξ,
1489 2308 1603 2363 ἀλλ’
1635 2309 1739 2363 ἰδία
1766 2310 1955 2368 αὐτοῦ.

376 2394 841 2467 Κατερῤαμμὲνος
867 2396 924 2450 δὲ
945 2398 973 2451 6
1001 2398 1203 2469 λεπρὸς
1227 2399 1458 2464 ἑπτάκις
1482 2401 1567 2475 τῶ
1581 2399 1731 2454 ὕδατι
1760 2402 1868 2455 τῶν
1896 2405 1959 2456 ἐκ

374 2483 467 2537 τοῦ
500 2483 827 2554 λεπροῦσθαι
846 2486 1033 2541 λοιπον
1059 2488 1402 2560 αιτιαμάτων
1429 2489 1821 2561 ἀπηλλάττετο.
1848 2494 1958 2548 Κα-

376 2577 574 2648 θαροὺς
599 2578 679 2643 δὲ,
719 2579 796 2644 ὡς
827 2579 990 2651 ἔφην,
1021 2581 1117 2635 καὶ
1154 2583 1305 2653 ἡμᾶς
1349 2583 1640 2652 ἀποφαίνει
1682 2584 1917 2656 Χριστὸς
1941 2625 1956 2652 ,

373 2668 464 2722 διὰ
484 2669 577 2723 τοῦ
609 2670 763 2740 ἀγίου
788 2672 1161 2743 βαπτίσματος
1191 2674 1338 2745 ἡμᾶς
1366 2673 1628 2744 ἀγιάζων.
1650 2676 1822 2731 Τοῦτο
1850 2678 1960 2749 γὰρ

374 2756 526 2831 οἶμαι
556 2760 751 2834 δηλοῦν
778 2764 839 2816 τὺ
868 2764 1119 2828 ἑπτάκις.
1149 2763 1306 2819 Οὕτω
1333 2782 1393 2819 τε
1426 2768 1605 2832 συνεὶς
1634 2770 1661 2822 ὁ
1691 2769 1960 2840 μακάριος

375 2852 477 2925 ἔφη
512 2854 742 2921 Παῦλοςο
786 2875 803 2908 ι
837 2850 913 2911 Oi}
940 2856 996 2909 δὲ
1033 2857 1353 2911 ἐπλεόνασεν
1400 2861 1433 2931 ὴ
1477 2860 1752 2930 ἁμαρτία,
1786 2862 1959 2933 ὑπερ-

378 2946 825 3019 επερίσσευσενή
876 2947 1056 3021 χάρις.
1113 2968 1132 3002 ι
1171 2950 1382 3005 Οὐκοῦν
1419 2952 1480 3004 τὸ
1514 2952 1828 3022 ἀμφιλαιρές
1858 2953 1959 3024 τῆς

378 3037 596 3109 χάριτος
628 3040 722 3093 καὶ
760 3040 822 3093 τὸ
854 3040 1021 3094 ὀἱονεί
1047 3058 1164 3104 πως
1207 3041 1429 3105 τελείως
1471 3043 1593 3114 ἔχον
1637 3044 1716 3107 είς
1747 3044 1960 3098 ἀποκά-

379 3128 590 3201 θαρσιν,
642 3131 732 3184 διά
779 3132 873 3186 τοῦ
923 3132 1155 3196 ἑπτάκις
1223 3132 1568 3204 σημαίνεται.
1632 3138 1962 3209 Κατεῤῥαμ-

385 3219 542 3288 μένος
580 3220 636 3273 δὲ
684 3222 713 3273 ὁ
740 3220 963 3292 λεπρὸς,
1006 3220 1228 3292 ἐξύρετο
1280 3222 1381 3294 τὴν
1426 3225 1606 3295 τρίχα.
1672 3227 1958 3298 Κεκαθαρ-

389 3287 536 3377 μένοι
594 3311 704 3381 γὰρ
763 3287 859 3366 διὰ.
897 3313 992 3367 τοῦ
1051 3287 1212 3382 ἀγίου
1248 3287 1646 3385 βαπτίσματος,
1670 3318 1833 3372 οἱονεὶ
1866 3287 1958 3373 καὶ
1986 3287 2028 3342 C

382 3401 451 3454 τά
483 3404 685 3475 σαρκὸς
731 3404 1114 3475 βλαστήματα,
1162 3407 1425 3467 τουτέστι,
1459 3408 1557 3472 τὰς
1599 3410 1655 3462 ἐν
1704 3412 1836 3481 ἡμῖν
1869 3412 1962 3465 καὶ

380 3494 653 3564 ἐμφύτους
694 3496 885 3565 ἡδονὰς
919 3497 993 3560 ὡς
1021 3499 1077 3550 ἐν
1118 3498 1248 3551 εἴδει
1275 3497 1476 3569 τριχῶν
1503 3501 1797 3570 νοουμένας
1825 3501 1960 3572 ὁμοῦ

380 3582 488 3644 τοῖς
519 3581 723 3652 ἑτέροις
747 3582 1080 3654 πταίσμασιν
1104 3585 1496 3655 ἀποτιθέμεθα,
1522 3587 1794 3643 καὶτοῦτο
1827 3592 1961 3661 ἡμῖν

380 3670 728 3742 ἐνεργοῦντος
760 3674 1019 3745 Χριστοῦ.
1059 3676 1228 3744 Λόγος
1258 3677 1364 3747 γάρ
1392 3679 1537 3732 ἐστιν
1566 3679 1726 3743 αὐτὸς
1760 3678 1869 3743 ζῶν
1900 3698 1959 3734 τε

380 3762 474 3813 καὶ
518 3763 755 3833 ἐναργὴς
801 3764 894 3817 καὶ
947 3766 1258 3835 τομὼτατος
1304 3769 1614 3840 ἀποκείρων
1663 3772 1958 3843 ἁμαρτίας,

380 3855 473 3907 καὶ
505 3855 603 3925 τῆς
632 3858 696 3909 ἐκ
728 3857 915 3910 παθῶν
943 3858 1286 3931 ἀκαθαρσίας
1316 3860 1670 3916 ἀπαλλάττων
1691 3865 1781 3917 τὸν
1813 3864 1959 3919 νοῦν.

392 3945 753 4019 Ἐξυρημένος
780 3951 843 4021 δὴ
865 3948 958 4005 οὖν
987 3955 1014 4006 ό
1043 3952 1261 4023 λεπρὸς,
1287 3954 1515 4008 εῐσέλθει
1547 3955 1732 4010 λοιπὸν
1760 3958 1837 4021 εις
1862 3958 1961 4030 τὴν

381 4040 765 4111 παρεμϐολήν·
800 4040 953 4096 οὔπω
997 4060 1061 4111 γε
1114 4044 1220 4114 μὴν
1260 4047 1354 4097 καὶ
1380 4046 1457 4107 εἰς
1497 4046 1592 4099 τὸν
1636 4047 1766 4099 ἴδιον
1789 4043 1959 4102 οἶκον.

378 4131 795 4202 Κεκαθαρμένοι
813 4133 939 4203 γὰρ,
965 4134 1040 4196 ὡς
1062 4133 1609 4206 ἔφη’),συναπτόμεθα
1635 4140 1746 4198 τοῖς
1763 4138 1958 4207 ἀγίοις,

380 4222 811 4293 συνδιαιτώμεθα
864 4225 1068 4290 ,λοιπὸν
1130 4225 1207 4294 τῷ
1259 4224 1391 4297 ὁδί-ρ
1454 4227 1545 4279 καὶ
1606 4229 1736 4298 ἱερῷ
1775 4229 1956 4297 γένει’

378 4313 587 4384 εῐσιμέν
614 4331 675 4367 τε
699 4314 841 4368 οὕτω
871 4316 962 4369 καὶ
990 4318 1045 4368 ἐν
1072 4315 1204 4387 οἴκῳ
1223 4317 1380 4380 Θεοῦ,
1405 4317 1543 4388 πλὴν
1565 4318 1719 4372 οὔπω
1750 4322 1828 4384 είς
1860 4320 1959 4385 τάς

376 4405 490 4458 ἄνω
524 4406 710 4475 μονάς.
746 4407 1054 4477 Τετήρηται
1101 4408 1209 4478 γὰρ
1242 4411 1321 4473 είς
1366 4409 1537 4462 αἰῶνα
1574 4410 1662 4462 τὸν
1695 4411 1959 4480 μέλλοντα

376 4499 489 4561 τοῖς
521 4496 693 4566 ἁγίοις
724 4497 783 4551 τὸ
810 4499 1000 4569 δῶρον.
1037 4498 1303 4571 Ταύτητοι
1343 4501 1435 4554 καὶ
1470 4502 1736 4554 εἰσελάσει
1760 4504 1956 4574 εἰςτὴν

378 4589 730 4659 παρεμϐολὴν
754 4591 781 4643 ὁ
814 4591 1239 4661 κεκαθαρμένος,
1260 4592 1396 4644 ἑπτὰ
1419 4593 1703 4664 διατρίψας
1725 4595 1955 4664 ἡμέρας,

2054 657 2351 713 involvitur
2382 657 2535 713 carni
2567 666 2622 712 et
2652 655 2921 726 sanguini.
2958 654 3169 710 Coccus
3191 669 3323 709 vero
3339 668 3559 708 carnem
3579 663 3637 707 et

2054 747 2377 818 sanguinem
2410 753 2789 817 repraesentat.
2825 745 2974 800 Talis
2992 744 3143 799 enim
3170 743 3357 799 colore
3385 750 3632 812 apparet,

2053 848 2111 895 et
2149 847 2252 895 est.
2285 840 2525 910 Ideoque
2562 838 2778 894 avicula
2815 844 3087 893 mactatur
3112 836 3169 891 in
3196 850 3338 905 aqua
3377 833 3634 898 ferventi,

2055 932 2111 986 in
2130 946 2273 1001 aqua
2298 932 2438 986 alter
2454 947 2646 1002 passer
2672 946 2782 986 una
2803 944 2930 985 cum
2953 929 3075 984 aliis
3100 926 3350 998 tingitur,
3373 932 3431 981 et
3446 934 3636 996 postea

2053 1024 2550 1089 dimittitur,nullo
2590 1024 2733 1079 malo
2757 1023 3006 1087 allectus,
3037 1020 3502 1093 quemadmodum
3538 1036 3637 1075 an—
3674 1019 3681 1025 “

2053 1125 2140 1171 tea
2164 1115 2313 1169 dixi.
2331 1114 2613 1185 Siquidem
2644 1132 2745 1186 pro
2759 1116 2922 1171 nobis
2942 1122 3212 1170 mactatus
3237 1123 3321 1169 εει
3337 1113 3593 1169 Christus
3618 1133 3632 1167 :

2053 1222 2246 1269 verum
2271 1206 2416 1262 idem
2436 1216 2561 1263 erat
2598 1208 2653 1262 in
2689 1217 2863 1264 morte
2889 1216 2946 1263 et
2969 1222 3132 1277 supra
3163 1214 3417 1261 mortem.
3447 1225 3465 1257 ι
3498 1206 3639 1261 Mor-

2055 1298 2295 1355 tiﬁcatas
2313 1299 2462 1355 enim
2490 1307 2579 1354 est
2601 1313 2788 1363 carne,
2828 1299 2974 1354 sicut
3001 1298 3265 1367 scriptum
3295 1306 3398 1363 est,
3419 1305 3476 1353 et
3495 1296 3637 1352 vivi-

2056 1391 2249 1447 ἤρεισε
2273 1392 2466 1462 spiritu
2495 1409 2508 1445 :
2553 1410 2572 1444 ι
2606 1407 2705 1462 per
2724 1405 2888 1463 quem
2927 1390 3207 1461 profectus
3226 1390 3395 1445 etiam
3419 1410 3440 1442 ι
3472 1390 3638 1461 spiri-

2056 1483 2204 1537 tibus
2240 1483 2296 1536 in
2338 1498 2560 1538 carcere
2606 1483 2944 1553 praedicavit,
2988 1482 3093 1552 qui
3124 1482 3257 1536 olim
3300 1482 3525 1537 fuerunt
3553 1482 3637 1544 in-

2053 1571 2376 1626 obedientes
2419 1573 2487 1626 ⁸³.
2520 1592 2538 1623 ι
2595 1572 2878 1638 Quatenus
2932 1572 3081 1627 enim
3119 1572 3440 1643 intelligitur
3473 1581 3530 1627 et
3556 1572 3638 1627 fa-

2055 1674 2177 1719 ctus
2199 1674 2284 1719 est
2318 1665 2505 1730 homo,
2545 1665 2810 1720 sustinuit
2844 1672 3077 1720 mortem
3119 1682 3132 1718 :
3161 1675 3434 1735 quatenus
3456 1672 3640 1719 autem

2054 1771 2183 1811 vere
2216 1757 2327 1811 vita
2356 1764 2460 1821 est,
2490 1763 2547 1811 et
2578 1771 2646 1810 ex
2691 1755 2824 1820 vita,
2876 1761 3054 1810 morte
3098 1763 3326 1826 apparet
3362 1755 3638 1825 superior.

2055 1846 2398 1918 Quapropter
2445 1848 2794 1918 passerculus
2834 1846 3004 1903 vivus
3030 1845 3087 1900 in
3136 1854 3372 1900 mortem
3420 1846 3640 1902 mactati

2058 1940 2406 1995 abluebatur.
2435 1940 2557 2009 Quo
2582 1956 2713 1997 sane
2744 1940 2830 1995 lex
2872 1938 3101 2010 ﬁgurate
3140 1936 3416 2008 signiﬁcat
3466 1938 3640 2008 quod,

2056 2033 2161 2087 etsi
2184 2032 2425 2088 Verbum
2450 2042 2643 2104 suapte
2669 2040 2869 2088 natura
2888 2031 3001 2086 vita
3033 2031 3104 2085 sit
3126 2037 3183 2084 et
3204 2045 3273 2085 ex
3298 2030 3430 2094 vita,
3461 2038 3645 2085 tamen

2058 2138 2172 2180 sua
2198 2125 2349 2180 carni
2369 2127 2644 2196 propriam
2662 2125 2797 2181 fecit
2824 2134 3081 2181 mortem.
3100 2124 3236 2180 Nam
3264 2137 3394 2177 caro
3424 2138 3549 2192 quae
3574 2123 3647 2177 ab

2060 2217 2178 2288 ipso
2200 2227 2480 2289 assumpta
2494 2228 2600 2285 est,
2624 2234 2735 2273 non
2764 2230 2883 2273 erat
2904 2219 3154 2285 alterius,
3195 2217 3291 2272 sed
3318 2217 3490 2288 ipsius
3520 2232 3648 2286 pro-

2059 2308 2197 2378 pria.
2236 2307 2508 2364 Caeterum
2564 2307 2815 2380 leprosus
2871 2310 3075 2381 septies
3121 2323 3379 2380 aspersus
3431 2323 3572 2379 aqua
3612 2323 3645 2362 a

2059 2400 2226 2472 lepra:
2274 2401 2411 2456 vitio
2445 2401 2705 2472 deinceps
2755 2401 3162 2457 absolvebatur.
3187 2399 3442 2456 Christus
3478 2399 3645 2453 etiam

2059 2510 2161 2549 nos
2192 2494 2427 2550 mundos
2453 2495 2655 2561 reddit,
2689 2511 2789 2566 per
2812 2502 3063 2550 sanetum
3083 2492 3416 2564 baptismum
3439 2490 3647 2547 aﬂ‘atim

2060 2600 2162 2642 nos
2190 2586 2561 2642 sanctiﬁcans.
2590 2587 2648 2642 Id
2681 2587 2829 2642 enim
2878 2586 3121 2641 arbitror
3146 2584 3515 2656 septenarium
3538 2598 3646 2637 nu-

2060 2690 2272 2731 merum
2297 2678 2625 2747 signiﬁcare.
2655 2677 2835 2747 Atque
2864 2677 2939 2733 ita
2971 2677 3166 2732 beatus
3203 2675 3406 2730 Paulus
3438 2674 3647 2729 intelli-

2060 2783 2195 2839 gens
2240 2769 2317 2824 ait
2365 2786 2380 2822 :
2434 2788 2452 2820 ι
2489 2769 2596 2825 Ubi
2653 2769 2956 2825 abundavit
3006 2775 3313 2838 peccatum,
3350 2766 3428 2821 ibi
3472 2766 3666 2836 magis.

2060 2859 2328 2915 exuberat
2354 2859 2530 2930 gratia
2559 2858 2628 2912 ⁸⁸.
2654 2877 2672 2911 ι
2707 2857 3078 2925 Quamobrem
3102 2855 3408 2927 amplitudo
3435 2854 3644 2925 gratiae,

2060 2962 2118 3009 et
2141 2952 2249 3008 hoc
2269 2951 2415 3022 quod
2454 2952 2612 3022 quasi
2648 2951 2954 3023 perfectum
2980 2958 3065 3006 est
3090 2950 3159 3005 ad
3174 2946 3646 3011 cmundationem,

2062 3059 2164 3116 per
2186 3043 2563 3114 septenarium
2606 3043 2968 3115 signiﬁcatur.
2996 3042 3238 3112 Leproso
3274 3049 3458 3096 autem
3481 3056 3660 3099 mult-A

2063 3138 2194 3194 dato
2216 3137 2628 3193 abradebantur
2647 3137 2767 3208 pili.
2792 3135 2959 3208 358
2984 3134 3121 3202 Quia
3150 3142 3205 3189 et
3241 3148 3365 3199 nos,
3392 3149 3492 3205 per
3515 3148 3645 3188 sau-

2064 3238 2214 3284 ctum
2244 3228 2576 3298 baptismum
2612 3225 2861 3283 mandati
2896 3242 2927 3282 a
2955 3227 3138 3282 carnis
3166 3233 3371 3296 segete,
3402 3224 3509 3280 hoc
3538 3232 3645 3288 est,

2063 3334 2094 3374 a
2123 3317 2501 3389 voluptatibus
2525 3317 2691 3373 nobis
2720 3316 2901 3372 insitis
2921 3332 3045 3387 quae
3067 3332 3166 3386 per
3189 3315 3330 3385 pilos
3356 3315 3647 3385 designan-

2063 3418 2183 3475 tur,
2223 3424 2334 3465 una
2367 3424 2494 3465 eum
2536 3408 2753 3465 caeteris
2782 3407 3007 3463 delictis
3038 3422 3432 3471 exoneramur;
3482 3406 3646 3476 idque

2062 3502 2118 3556 in
2149 3502 2312 3557 nobis
2336 3500 2606 3557 eﬂiciente
2627 3499 2868 3556 Christo.
2899 3499 3141 3555 Verbum
3170 3498 3319 3553 enim
3354 3497 3534 3567 ipsum
3562 3506 3661 3550 est

2061 3593 2245 3648 vivum
2269 3600 2326 3648 et
2356 3591 2569 3657 efﬁcax,
2596 3600 2760 3661 atque
2783 3588 3162 3644 acutissimum
3184 3586 3251 3641 ad
3278 3584 3647 3641 abscindenda

2062 3695 2315 3756 peccata,
2344 3693 2402 3741 et
2429 3686 2496 3741 ad
2527 3684 2869 3740 liberandam
2903 3690 3144 3737 mentem
3189 3680 3259 3734 ab
3294 3677 3647 3733 immunditia

2062 3793 2185 3847 quae
2215 3793 2283 3832 ex
2319 3777 2517 3832 morbo
2541 3775 2754 3845 peccati
2783 3774 3001 3829 exsistit
3048 3773 3114 3824 ⁸ο.
3153 3771 3433 3840 Leprosus
3481 3768 3647 3838 igitur

2062 3884 2219 3923 rasus
2245 3869 2301 3922 in
2337 3876 2515 3923 castra
2537 3867 2759 3921 demum
2784 3880 2907 3920 sese
2944 3861 3294 3939 conferebat;
3321 3874 3423 3913 nec
3463 3866 3643 3913 tamen

2064 3960 2329 4016 continuo
2352 3959 2409 4013 in
2431 3973 2584 4013 suam
2607 3957 2830 4025 domum
2859 3952 3331 4009 intremittebatur
3357 3968 3371 4002 :
3392 3965 3516 4004 nam
3544 3964 3646 4002 nos

2062 4053 2301 4123 purgati,
2356 4060 2419 4107 ut
2468 4051 2601 4114 dixi,
2636 4047 3022 4120 conjungimur
3054 4043 3278 4107 sanctis,
3316 4050 3377 4096 ut
3416 4040 3645 4111 posthac

2061 4162 2184 4203 cum
2217 4156 2407 4200 sancto
2456 4160 2519 4199 ac
2548 4143 2736 4197 divino
2766 4155 2965 4212 genere
2991 4152 3308 4201 versemur;
3355 4144 3517 4203 atque
3564 4132 3643 4185 sic

2063 4237 2405 4308 ingredimur
2456 4234 2679 4305 quidem
2729 4232 2953 4288 domum
2997 4229 3118 4294 Dei,
3167 4228 3261 4282 sed
3305 4225 3551 4281 nondum
3582 4225 3641 4277 in

2061 4329 2376 4383 mansiones
2402 4341 2686 4397 supernas.
2718 4324 2833 4379 Hoc
2873 4322 3021 4378 enim
3053 4321 3257 4376 donum
3299 4324 3640 4374 reservatum

2058 4431 2143 4475 est
2180 4420 2235 4473 in
2266 4418 2399 4473 illud
2445 4417 2704 4472 smculum
2736 4414 2883 4485 quod
2924 4419 3049 4483 post
3074 4411 3217 4465 hanc
3247 4409 3414 4463 vitam
3459 4414 3643 4460 manet

2059 4516 2296 4565 sanctos.
2319 4508 2557 4578 Ideoque
2585 4509 2884 4561 mundatus
2913 4501 3306 4558 admittebatur
3338 4499 3393 4551 in
3439 4504 3638 4557 castra,

2061 4601 2115 4655 in
2141 4601 2342 4671 quibus
2375 4615 2497 4654 cum
2530 4600 2731 4669 egisset
2762 4604 2970 4666 septem
2997 4593 3135 4655 dies,
3167 4593 3222 4646 in
3245 4604 3397 4645 suam
3421 4588 3642 4641 tandem

378 4682 472 4734 καὶ
501 4682 579 4744 είς
608 4681 699 4734 τὸν
729 4681 858 4735 ἴδιον
888 4679 1035 4735 οἷκον
1066 4683 1294 4737 είσέλθει
1323 4684 1526 4739 λοιπόν.
1562 4687 1716 4739 Μετὰ
1746 4690 1853 4758 γάρ
1876 4706 1954 4741 τοι

2062 4709 2118 4748 se
2155 4691 2458 4762 recipiebat
2493 4689 2740 4744 domum.
2781 4685 2918 4752 Quia
2942 4694 2997 4740 et
3021 4701 3120 4739 nos
3155 4690 3281 4753 post
3316 4686 3639 4751 praesentem

376 4772 469 4825 τὸν
492 4773 664 4826 αἰῶνα
691 4772 783 4825 τὸν
816 4775 1140 4845 ἐνεστηκότα
1165 4777 1263 4846 τὴν
1299 4775 1386 4829 διά
1416 4777 1653 4848 Χριστοῦ
1689 4779 1955 4848 κάθαρσιν

376 4865 615 4933 ἔχοντες,
644 4865 737 4918 καὶ
760 4866 815 4916 ἐν
849 4868 967 4929 ταῖς
1004 4866 1115 4919 ἀνω
1154 4871 1341 4937 μοναῖς
1372 4868 1748 4938 καταλύσομεν
1775 4885 1787 4895 ’
1823 4872 1954 4922 ἐκα-

379 4956 503 5019 στός
527 4972 587 5007 τε
616 4955 724 5007 τῶν
759 4957 1123 5028 ὴγιασμένων,
1149 4959 1399 5031 καθάπερ
1425 4961 1503 5024 είς
1532 4962 1664 5013 ἴδιον
1695 4958 1839 5013 οἷκον
1865 4963 1956 5014 τόν

378 5046 888 5118 ἐκνεμηθησόμενον
917 5049 1067 5118 αὐτῷ
1102 5051 1393 5104 καταλύσει
1422 5051 1642 5123 κλῆρον.
1686 5054 1759 5106 Οὐ
1794 5070 1961 5106 κατα-

379 5138 531 5192 λύσει
572 5139 682 5210 γάρ
727 5139 1039 5210 παραυτίκα
1088 5145 1201 5205 τοῖς
1243 5145 1632 5196 πεπιστευκόσι
1676 5146 1741 5196 τὰ
1785 5145 1957 5213 γέρον

2065 4784 2253 4849 vitam,
2284 4782 2330 4836 si
2366 4798 2465 4852 per
2488 4778 2772 4836 Christum
2796 4776 3100 4831 habeamus
3128 4768 3563 4831 mundationem,
3585 4767 3641 4820 in

2061 4875 2318 4945 supernis
2338 4871 2641 4928 habitaturi
2670 4885 2861 4927 sumus
2900 4867 3297 4925 mansionibus,
3330 4860 3643 4930 singulique

2062 4968 2233 5021 sancti
2267 4968 2319 5020 in
2353 4965 2726 5020 haereditatem
2749 4961 2853 5016 sibi
2885 4946 3225 5016 attributam,
3251 4951 3405 5022 quasi
3431 4951 3484 5006 in
3512 4966 3641 5021 pro-

2056 5060 2231 5128 priam
2284 5058 2690 5122 domum,sunt
2747 5048 3130 5120 immigraturi.
3187 5045 3639 5112 Quandoquidem

2059 5147 2169 5201 illis
2186 5146 2279 5216 qui
2297 5145 2672 5205 crediderunt,
2712 5156 2819 5195 non
2860 5137 3108 5209 protinus
3131 5133 3487 5188 conferuntur
3509 5148 3661 5199 praua

381 5232 497 5286 ἀλλ’
527 5233 614 5285 ἐπ’
649 5232 830 5285 ἐλπίσι
868 5234 965 5303 μὲν
1017 5234 1245 5302 ἀγαθαῖς
1300 5237 1332 5305 ἡ
1386 5236 1606 5308 κλῆσις,
1644 5238 1738 5289 καὶ
1784 5240 1811 5289 ὁ
1863 5235 1959 5290 τοῦ

2060 5237 2168 5291 mia
2191 5255 2201 5288 :
2231 5234 2325 5290 sed
2361 5235 2607 5304 ipsorum
2629 5230 2843 5285 voeatio
2877 5236 2961 5282 est
2988 5226 3089 5280 sub
3118 5240 3214 5294 spe
3240 5223 3381 5277 bona
3403 5228 3459 5273 et
3480 5220 3641 5273 arrba

383 5322 696 5394 πνεύματος
727 5323 1005 5395 ἀρραϐών.
1064 5326 1393 5397 Ἀναλάμψει
1440 5327 1496 5380 δὲ
1548 5329 1581 5398 ή
1627 5328 1787 5399 χάρις
1822 5327 1959 5381 κατά

2062 5326 2306 5396 spiritus.
2350 5323 2463 5378 Suo
2488 5331 2672 5376 autem
2700 5329 2945 5388 tempore
2982 5315 3261 5384 continget
3282 5320 3340 5365 et
3367 5310 3645 5364 eluceseet

382 5413 592 5484 καιρὸν,
626 5411 719 5466 καὶ
755 5413 854 5484 τῆς
893 5412 1104 5476 ἐλπίδος
1142 5413 1204 5467 τὸ
1245 5415 1419 5485 πέρας
1449 5416 1505 5467 ἐν
1534 5416 1775 5488 Χριστῷ,
1804 5416 1870 5468 δι’
1901 5411 1959 5470 οὗ

2068 5418 2149 5472 eis
2174 5415 2366 5487 gratia,
2394 5429 2515 5483 qua:
2544 5410 2716 5481 ipsius
2760 5408 2874 5477 spei
2907 5406 3032 5460 ﬁnis
3056 5413 3142 5458 est
3186 5405 3241 5457 in
3274 5401 3516 5462 Christo,
3545 5414 3643 5468 per

386 5506 479 5556 καὶ
530 5488 648 5574 μεθ’
692 5499 754 5559 οὗ
800 5503 877 5574 τῷ
914 5504 1032 5575 Θεῷ
1077 5506 1170 5558 καὶ
1216 5506 1391 5576 Πατρὶ
1454 5506 1644 5577 ήδόξα
1695 5508 1790 5561 σὺν
1820 5507 1959 5575 ἁγίῳ

2068 5523 2231 5577 quem
2250 5514 2305 5559 et
2341 5519 2466 5558 eum
2504 5515 2616 5571 quo
2643 5499 2712 5553 sit
2750 5499 2860 5551 Deo
2888 5506 2945 5551 et
2969 5494 3115 5552 Patri
3148 5493 3317 5564 gloria
3351 5505 3476 5544 cum
3519 5504 3645 5543 san-

387 5598 683 5667 Ιινεύματι,
711 5599 790 5661 εἰς
819 5599 944 5660 τοὺς
978 5597 1175 5660 αἰῶνας
1206 5596 1314 5651 τῶν
1344 5597 1575 5653 αἰώνων.
1625 5599 1815 5667 ’Λμήω

2069 5606 2155 5651 elo
2181 5596 2406 5667 Spiritu,
2442 5593 2497 5647 in
2532 5589 2727 5646 szecula
2751 5585 3305 5643 smeulorum.Amcn.

459 5782 502 5811 ⁸⁸
535 5781 553 5836 1
583 5781 728 5835 Pctr.
766 5798 840 5846 Ill,
876 5781 956 5846 18,
994 5781 1071 5836 19.
1154 5783 1194 5814 ⁵³
1240 5783 1396 5837 Rom.
1432 5799 1483 5847 γ,
1526 5782 1611 5834 21).
1694 5782 1735 5813 ⁶⁰
1767 5781 1930 5835 Hebr.
1981 5797 2050 5844 Iv,
2092 5780 2169 5831 12.
