4094 6282
437 430 541 489 565

496 542 574 598 De
596 542 902 600 Judteorum
919 543 1224 615 Synagoga,
1243 546 1639 599 utcontumacia
1667 547 1734 599 sit
1764 544 1935 615 lapsa.

503 727 554 780 l.
583 724 757 792 Quam
786 725 1025 782 Judaicae
1051 742 1266 783 marcor
1296 727 1488 798 ingens
1519 728 1815 800 Synagogze
1836 736 1895 784 et
1921 729 2005 783 in-

432 819 683 886 ﬁdelitas,
713 836 987 891 quamque
1007 820 1175 877 fuerit
1216 822 1552 888 refractaria,
1578 822 1821 877 ostendit
1868 822 2002 877 olim

431 911 574 967 Deus
599 910 714 981 ipse
740 911 1046 969 Ezechielis
1066 928 1199 969 voce
1221 913 1300 968 sic
1327 929 1458 969 usus
1488 932 1500 968 :
1541 932 1559 964 ι
1577 913 1779 969 Omnes
1806 913 2003 970 domus

426 1000 593 1056 Israel
622 1002 951 1058 contentiosi
975 1010 1104 1057 sunt
1131 1011 1188 1058 et
1219 1003 1341 1058 duri
1377 1003 1542 1058 corde
1573 1003 1638 1057 ⁶¹.
1665 1022 1683 1055 ι
1714 1003 1835 1073 lpse
1862 1003 2002 1058 adeo

428 1093 705 1159 Servator,
745 1104 804 1149 ut
848 1110 970 1165 qua:
1002 1096 1232 1151 salutem
1263 1104 1630 1162 aversaretur,
1685 1103 1743 1151 et
1784 1097 2002 1152 innatos

427 1182 533 1252 ipsi
570 1199 754 1239 mores
785 1184 1037 1241 sinistros
1082 1185 1407 1255 increparet,
1439 1185 1514 1239 ait
1546 1203 1559 1238 :
1621 1204 1639 1236 ι
1672 1185 1999 1249 Jerusalem,

424 1271 752 1340 Jerusalem,
801 1291 923 1344 qua:
968 1275 1173 1330 occidis
1212 1276 1528 1345 prophetas,
1559 1283 1616 1331 et
1652 1275 1863 1347 lapidas
1904 1291 2000 1332 eos

426 1361 522 1431 qui
544 1363 614 1419 ad
641 1372 694 1418 te
720 1365 1018 1419 mittuntur
1049 1383 1062 1418 :
1093 1366 1308 1435 quoties
1335 1366 1483 1421 volui
1506 1382 1837 1438 congregare
1859 1366 2000 1422 ﬁlios

424 1463 569 1520 tuos,
626 1456 1085 1525 quemadmodum
1138 1458 1254 1512 avis
1288 1457 1478 1513 nidum
1530 1474 1689 1513 suum
1735 1459 1837 1515 sub
1861 1473 1999 1529 pen-

425 1546 511 1602 nis
550 1564 563 1600 :
603 1546 700 1602 sed
731 1547 1005 1604 noluistis.
1045 1548 1188 1603 Ecce
1233 1550 1561 1619 relinquitur
1610 1550 1766 1605 vobis
1804 1551 1999 1607 domus

426 1638 714 1694 vestras“.
773 1659 793 1692 ι
856 1639 1252 1697 Universorum
1315 1650 1499 1697 autem
1556 1644 1704 1697 Deus
1763 1643 1998 1698 liberare

422 1728 589 1800 359
625 1730 769 1786 hanc
793 1732 1274 1803 congregationem
1326 1732 1475 1787 mille
1514 1732 1771 1788 studebat
1799 1734 1996 1789 modis.

423 1822 494 1873 At
524 1819 630 1891 ipsi
654 1821 813 1877 valde
840 1822 1149 1877 refractarii
1176 1822 1411 1878 eilrenes
1427 1831 1555 1879 sunt
1577 1824 1798 1889 redditi,
1821 1834 1878 1880 et
1903 1841 1999 1894 puo

1459 433 1516 489 s.
1555 433 1833 490 CYRILLI
1871 432 2342 490 ALEXANDRINI
2381 404 2709 493 Αιιοιιιιιιδξ

3579 440 3684 497 364

2037 551 2080 606 Α
2111 545 2247 613 Περί
2271 545 2380 614 τῆς
2404 548 2523 601 τῶν
2577 546 2879 622 ’ζουδᾳίῳν
2916 549 3299 622 Σιθνξαγωγῆς,
3330 552 3421 607 ὅτι
3450 552 3680 622 συνέϐη

2451 617 2665 671 πεσεῖν
2694 616 2890 686 αὐτὴν
2917 617 2987 684 ἐξ
3014 616 3336 687 ἀπειθείας.

2178 733 2246 780 a'.
2307 728 2417 799 Τῆς
2487 728 2753 784 Ἰουδαίων
2807 730 3133 801 Συναγωγῆς
3183 732 3245 785 τὺ
3311 734 3681 806 κατεσκληκδς

2107 817 2268 885 ἄγαν,
2325 820 2416 872 καὶ
2459 820 2557 890 μέν
2612 838 2696 873 τοι
2747 821 2810 874 τὸ
2853 821 3076 886 ἀπειθὲς
3111 822 3205 877 καὶ
3238 823 3554 894 δυσάγωγον
3584 825 3677 879 τοῦ

2107 910 2331 980 τρόπον,
2376 911 2607 980 φανερὸν
2658 913 2824 967 ἐτίθει
2880 914 2974 968 καὶ
3004 912 3170 967 πάλαι
3205 914 3339 978 Θεὸς
3380 915 3468 969 διὰ
3499 919 3679 988 φωνῆς

2120 1002 2397 1072 Ἰεζεχιὴλ,
2438 1002 2580 1055 οὓτω
2622 1001 2814 1072 λέγων,
2858 1004 2942 1057 ὅτι
2983 1023 3001 1055 ι
3046 1005 3163 1068 Πᾶς
3193 1006 3222 1057 6
3248 1003 3396 1070 οἰκος
3438 1008 3676 1079 Ἰσραὴλ,

2108 1093 2402 1163 φιλόνεικοί
2446 1097 2551 1148 εἰσι
2594 1096 2687 1149 καὶ
2717 1095 3156 1167 σκληροκάρδιοι.
3197 1117 3218 1149 ι
3261 1098 3551 1169 Τοιγάρτοι
3582 1103 3677 1154 καὶ

2106 1185 2264 1249 αὐτὸς
2290 1186 2318 1237 6
2345 1186 2554 1257 Σωτὴρ,
2585 1186 2661 1248 ὡς
2699 1186 2758 1241 τὸ
2784 1186 3050 1251 σώζεσθαι
3076 1191 3549 1262 παραιτουμένην,
3585 1193 3677 1245 καὶ
3710 1230 3719 1247 ς

2105 1275 2203 1344 τὴν
2237 1273 2463 1328 ἐνοῦσαν
2480 1276 2618 1345 αὐτῇ
2653 1276 2947 1346 σκαιότητα
2971 1281 3283 1349 κατῃτιᾶτο,
3311 1278 3486 1348 λέγων
3504 1298 3515 1310 ·
3548 1300 3567 1332 ι
3592 1281 3679 1334 Ἰε-

2106 1364 2407 1435 ρουσαλὴμ,
2454 1365 2809 1437 Ἰερουσαλὴμ
2834 1369 2867 1437 ή
2892 1368 3264 1423 ἀποκτενοῦσα
3292 1372 3417 1434 τοὺς
3463 1374 3675 1442 προφή-

2103 1473 2220 1520 τας,
2266 1457 2360 1510 καὶ
2400 1456 2747 1511 λιθοϐολοῦσα
2780 1458 2906 1522 τοὺς
2947 1460 3384 1530 ἀπεσταλμένους
3413 1464 3546 1533 πρὸς
3575 1464 3677 1516 a6-

2102 1549 2200 1619 τήν
2222 1564 2236 1579 ·
2285 1546 2518 1609 ποσάκις
2548 1546 2787 1620 ἠθέλησα
2812 1549 3231 1618 ἐπισυναγαγεῖν
3256 1550 3323 1603 τὰ
3348 1552 3516 1606 τέκνα
3559 1570 3674 1615 σου,

2102 1637 2160 1690 ὂν
2206 1638 2406 1708 τρόπον
2446 1637 2768 1706 ἐπισυνάγει
2817 1637 2964 1709 ὅρνις
3002 1638 3070 1692 τὰ
3112 1640 3301 1693 νοσσία
3356 1641 3524 1713 αὑτῆς
3569 1644 3677 1696 ὑπὸ

2101 1729 2200 1791 τὰς
2247 1728 2564 1798 πτὲρὺγαςο
2615 1729 2709 1782 καί⁹
2747 1730 2847 1783 οὐκ
2892 1728 3214 1800 ἠθελήσατε.
3277 1732 3406 1785 Ἰδοὺ
3458 1733 3675 1802 ἀφίεται

2101 1819 2230 1889 ὑμῖν
2259 1820 2287 1872 6
2312 1812 2480 1882 οἶκος.
2515 1837 2534 1870 ι
2567 1818 2625 1871 '0
2651 1819 2750 1889 μὲν
2777 1820 2886 1890 γὰρ
2917 1820 3026 1874 τῶν
3052 1821 3187 1875 ὅλων
3216 1821 3346 1886 Θεὸς
3373 1823 3674 1888 ἀνασώζειν

423 1912 615 1967 dorem
635 1927 935 1982 supernum
967 1922 1343 1982 aspernantes,
1375 1913 1636 1984 gravibus
1670 1922 1727 1969 et
1750 1913 1992 1968 inconsi-

2097 1909 2263 1981 αὐτὴν
2296 1910 2385 1964 διά
2429 1910 2637 1982 μυρίων
2664 1911 2805 1966 ὅσων
2835 1913 2996 1982 ἤθελε
3026 1913 3265 1985 τρόπων.
3308 1916 3370 1968 Ol
3401 1915 3457 1968 δὲ
3488 1916 3676 1971 πολλοὶ

424 2001 632 2057 deratis
670 2001 1218 2073 tergiversationibus
1260 2005 1318 2058 in
1370 2004 1656 2060 interitum
1692 2019 1757 2059 ac
1804 2004 1995 2075 perni-

424 2094 564 2150 ciem
595 2094 936 2153 ferebantur.
974 2096 1178 2169 Legem
1221 2097 1390 2168 igitur
1421 2113 1521 2168 per
1541 2097 1730 2153 Mosen
1780 2097 1993 2162 statuit,

423 2201 533 2255 qua
554 2186 681 2243 duci
713 2196 863 2244 recte
885 2199 1142 2259 possent,
1172 2206 1238 2245 ac
1271 2190 1493 2245 virtutis
1529 2190 1706 2245 imbui
1741 2189 1992 2254 scientia,

425 2278 777 2350 veritatisque
803 2282 1169 2353 cognitionem
1203 2283 1487 2353 acquirere
1514 2300 1527 2336 :
1562 2283 1762 2338 dehinc
1783 2290 1998 2338 sancto-

424 2384 549 2424 rum
595 2372 990 2442 prophetarum
1043 2376 1300 2430 vaticinia
1360 2377 1661 2432 identidem
1715 2376 1996 2431 fructuose

423 2462 632 2518 eisdem
664 2463 937 2537 adhibuit,
961 2477 1023 2520 ut
1038 2467 1129 2521 alii
1155 2469 1322 2523 etiam
1359 2476 1716 2539 suppeterent
1754 2469 1995 2523 honesta:

424 2550 550 2606 vitae
585 2552 773 2618 duces,
799 2554 895 2623 qui
935 2555 1211 2612 celebrem
1236 2567 1465 2614 nossent
1503 2558 1805 2614 informare
1844 2574 1993 2613 rem-

425 2643 726 2712 publicam,
764 2654 821 2701 et
858 2646 1104 2718 legitime
1131 2649 1321 2715 vitam,
1356 2661 1413 2706 et
1445 2650 1512 2705 ad
1550 2650 1784 2721 quodvis
1817 2648 1993 2704 admi-

424 2736 656 2792 randum
702 2748 1052 2810 componant.
1111 2739 1352 2797 Accendi
1398 2742 1583 2811 itaque
1640 2758 1740 2811 par
1778 2747 1898 2795 erat
1924 2737 1995 2795 ad

422 2829 627 2899 gratias
653 2846 868 2888 summo
888 2833 1001 2888 Deo
1027 2835 1296 2905 agendas,
1327 2835 1676 2904 libenterque
1695 2831 1996 2888 accedendi

423 2922 689 2993 magistri,
751 2925 903 2980 omni
939 2941 1035 2981 eos
1088 2927 1299 2982 honore
1327 2926 1650 2993 alliciendo;
1700 2924 1899 2981 deinde
1936 2932 1997 2979 ut
2032 2945 2036 2949 ·

421 3013 580 3083 valde
607 3014 771 3069 etiam
793 3026 1045 3087 prompte
1074 3018 1222 3088 ipsos
1241 3018 1310 3075 ad
1326 3019 1553 3074 meliora
1581 3018 1915 3082 traduceret,
1937 3023 1994 3071 et

424 3120 558 3161 voce
586 3106 902 3163 honestiore
929 3118 1292 3179 caperentur;
1337 3110 1463 3165 duri
1502 3117 1684 3165 tamen
1718 3119 1776 3164 et
1806 3107 1990 3178 pervi-

423 3209 582 3250 caces
619 3209 768 3262 sunt,
813 3197 1124 3254 laborantes
1169 3201 1335 3254 etiam
1367 3200 1606 3271 graviori
1658 3199 1851 3254 morbo
1894 3197 1992 3252 de-

424 3286 681 3354 prehensi
702 3297 851 3345 sunt.
880 3291 1118 3347 Proinde
1140 3292 1303 3348 simul
1342 3293 1649 3362 perierunt,
1693 3300 1751 3345 et
1787 3291 1855 3345 de
1905 3288 1996 3343 his

425 3376 692 3435 Jeremias
733 3380 1001 3449 propheta
1047 3383 1425 3452 pronuntiavit
1460 3399 1473 3435 :
1528 3401 1546 3433 ι
1573 3383 1778 3436 Domus
1828 3379 1997 3433 Israel

426 3466 660 3532 cecidit,
696 3476 753 3523 et
794 3485 903 3524 non
930 3484 1018 3528 est
1056 3474 1150 3541 qui
1177 3472 1470 3529 resuscitet
1502 3488 1624 3527 eam
1646 3471 1713 3525 “.
1747 3490 1764 3523 ι
1804 3469 2000 3525 Consi-

426 3555 560 3612 dera
591 3557 724 3612 mihi
773 3574 888 3614 rem
929 3560 1130 3627 denuo,
1166 3570 1222 3618 et
1256 3580 1356 3633 per
1394 3563 1558 3618 Mosis
1607 3563 1871 3633 scriptum
1902 3561 1998 3616 ob-

429 3648 646 3704 scurius
682 3666 802 3707 esse
826 3652 1161 3722 praedictam.
1199 3654 1290 3709 Sic
1315 3654 1462 3709 enim
1493 3654 1585 3710 ille
1616 3654 1672 3708 in
1704 3653 1950 3708 Levitico
1981 3670 1993 3705 :

436 3759 455 3790 ¢
488 3740 558 3795 Et
589 3740 806 3797 locutus
840 3751 925 3799 est
957 3744 1223 3800 Dominus
1252 3744 1320 3799 ad
1345 3745 1531 3800 Mosen
1564 3752 1621 3800 et
1650 3747 1832 3801 Aaron
1853 3784 1867 3809 ,
1910 3742 1995 3799 di-

427 3847 560 3887 cens
601 3832 777 3890 :Cum
810 3835 1041 3906 ingressi
1080 3836 1299 3894 fueritis
1324 3837 1382 3891 in
1419 3845 1623 3891 terram
1655 3835 1995 3893 Chanaan-

424 3938 570 3988 rum,
598 3939 761 3993 quam
796 3941 896 3997 ego
920 3925 991 3981 do
1006 3925 1164 3989 vobis
1194 3926 1250 3981 in
1274 3925 1701 3997 possessionem,
1746 3933 1803 3979 ct
1853 3923 1996 3978 dabo

426 4022 632 4069 tactum
672 4016 836 4087 lepra:
868 4018 924 4073 in
971 4014 1229 4077 dOmibus
1252 4028 1412 4075 terra:
1461 4035 1491 4074 a
1525 4018 1683 4075 vobis
1709 4032 1992 4089 possessae.

424 4105 495 4161 Et
524 4106 706 4162 veniet
736 4110 893 4179 cujus
942 4119 1025 4164 est
1058 4110 1231 4179 ipsius
1277 4110 1472 4167 domus
1495 4151 1510 4176 ,
1546 4119 1602 4166 et
1649 4107 1998 4166 aununtiabit

426 4196 699 4251 sacerdoti
746 4197 980 4251 dicens:
1026 4198 1191 4264 Quasi
1232 4208 1408 4255 tactus
1454 4201 1604 4255 visus
1643 4208 1728 4255 est
1758 4200 1893 4255 mihi
1939 4201 1995 4253 in

426 4285 610 4340 domo.
641 4286 709 4341 Et
733 4288 1012 4356 praecipiet
1043 4289 1299 4351 sacerdos
1321 4290 1466 4344 vasis
1489 4304 1723 4344 vacuare
1749 4289 1992 4350 domum,

426 4382 720 4444 antequam
752 4374 1032 4445 ingressus
1064 4377 1321 4433 sacerdos
1346 4385 1551 4432 tactum
1577 4376 1780 4440 videat,
1802 4388 1857 4433 ct
1886 4395 1995 4434 non

425 4464 561 4518 fiant
603 4464 886 4520 immunda
939 4481 1281 4538 quacunque
1328 4468 1535 4523 fuerint
1578 4469 1634 4523 in
1699 4470 1881 4525 domo.
1929 4471 1997 4524 Et

424 4564 551 4626 post
603 4556 721 4612 hzec
770 4556 1110 4627 ingredietur
1162 4560 1417 4615 sacerdos
1453 4560 1522 4614 ad
1562 4562 1992 4633 cognoscendam

2102 2001 2222 2057 λίαν
2255 2003 2669 2068 ἀπονενευκότες
2707 2005 2788 2068 είς
2827 2003 2889 2058 τὸ
2925 2005 3157 2078 ὲξήνιον,
3207 2008 3302 2061 καὶ
3337 2009 3550 2077 φειδοῦς
3575 2012 3676 2081 τῆς

2098 2095 2302 2150 ἄνωθεν
2322 2095 2706 2167 ἀλογήσαντες,
2731 2096 2937 2160 δειναῖς
2961 2099 3056 2151 καὶ
3096 2101 3535 2164 άκατασκέπτοις
3567 2102 3674 2154 ἀπ-

2098 2186 2355 2257 εφέροντο
2376 2188 2606 2257 τροπαῖς
2629 2188 2707 2251 εἰς
2735 2186 2952 2258 ὄλεθρον
2976 2188 3066 2242 καί
3079 2189 3368 2242 ἀπώλειαν.
3390 2191 3498 2244 Kal
3516 2189 3672 2247 τοῦτο

2097 2275 2461 2347 νομοθετήσας
2477 2274 2564 2329 διὰ
2597 2276 2838 2340 Μωσέως
2867 2276 2936 2330 τά
2960 2276 3025 2330 δι’
3050 2270 3123 2331 ὧν
3146 2274 3214 2349 ἦν
3235 2278 3492 2332 δύνασθαι
3518 2279 3674 2334 παιδ-

2098 2366 2428 2435 αγωγεῖσθαι
2486 2366 2668 2432 καλῶς
2715 2368 2854 2439 πρὸς
2903 2369 3111 2440 εἴδησιν
3160 2370 3383 2440 ἀρετῆς,
3432 2371 3524 2423 καὶ
3571 2371 3672 2441 τῆς

2097 2454 2353 2527 ἀληθείας
2373 2455 2473 2527 τὴν
2496 2456 2697 2524 γνῶσιν
2723 2457 3139 2529 ἀποκερδαίνειν
3164 2454 3222 2513 εὖ
3251 2460 3418 2531 μάλα,
3449 2459 3543 2514 καλ⁵
3574 2461 3673 2524 τὰς

2095 2545 2203 2599 τῶν
2225 2546 2394 2614 ἁγίων
2416 2546 2711 2618 προφητῶν
2726 2547 3020 2613 ἀναδείξεις
3037 2548 3174 2602 κατά
3187 2552 3410 2621 καιροὺς
3440 2539 3674 2605 ἔποιεῖτο

2096 2637 2402 2710 χρησίμως,
2462 2639 2550 2693 ἵνα
2603 2638 2775 2709 ἔχοιεν
2827 2640 2920 2693 καὶ
2971 2640 3187 2711 ἐτέρους
3235 2641 3342 2694 τῶν
3373 2641 3673 2695 καλλίστων

2096 2729 2412 2801 εἰσηγητὰς,
2446 2729 2911 2802 καταρῤυθμίζειν
2939 2731 3147 2795 εἰδότας
3176 2734 3255 2796 εἰς
3286 2732 3486 2787 εὐκλεᾶ
3518 2732 3672 2786 πολι-

2097 2819 2248 2872 τείαν
2286 2820 2365 2884 εἰς
2411 2820 2791 2891 ὲννομωτάτην
2828 2820 2993 2890 ζωὴν,
3045 2822 3140 2874 καὶ
3176 2823 3313 2894 πρὸς
3355 2825 3464 2877 πᾶν
3495 2822 3671 2877 ὁτιοῦν

2096 2909 2204 2963 τῶν
2235 2908 2718 2981 τεθαυμασμένων.
2740 2909 2924 2963 eam
2960 2911 3075 2964 δέον
3121 2912 3381 2966 ἀνάπτειν
3414 2912 3481 2965 τά
3514 2929 3667 2984 χαρι-

2104 2998 2302 3069 στήρια
2326 2996 2402 3070 τῷ
2426 2998 2533 3051 τῶν
2562 2997 2698 3052 ὅλων
2725 2997 2862 3068 Θεῷ,
2899 2998 2993 3052 καὶ
3019 2999 3340 3070 προσίεσθαι
3372 3001 3470 3071 μὲν
3502 3001 3673 3074 ἀσμέ-

2102 3106 2207 3153 νως
2255 3090 2381 3153 τοὺς
2434 3089 2851 3159 παιδαγωγοὺς,
2910 3090 3077 3162 τιμῆς
3135 3092 3190 3145 δὲ
3241 3093 3422 3163 πάσης
3476 3094 3675 3156 αὐτοὺς

2105 3180 2305 3247 ἀξιοῦν,
2342 3180 2809 3252 μεταπλάττεσθαι
2838 3183 2894 3236 δὲ
2932 3183 3118 3253 ὥσπερ
3162 3184 3254 3237 καὶ
3298 3185 3442 3252 μάλα
3473 3185 3676 3256 προθύ-

2023 3260 2064 3317 C
2104 3292 2219 3345 μως
2262 3274 2398 3346 πρὸς
2433 3274 2503 3328 τά
2541 3275 2770 3343 ἀμείνω,
2814 3276 2907 3328 ml
2942 3278 3089 3347 φωνῇ
3117 3275 3332 3331 ἑλέσθαι
3363 3279 3430 3348 τῇ
3456 3294 3677 3349 πρεπω-

2097 3365 2329 3437 δεστέρᾳ.
2353 3381 2364 3393 ·
2404 3365 2627 3438 σκληροί
2670 3383 2728 3420 τε
2765 3366 2858 3419 καί
2892 3366 3146 3435 ἄτεγκτοι
3173 3369 3267 3422 καὶ
3306 3368 3375 3423 τὰ
3403 3368 3483 3421 ἔτι
3505 3369 3676 3439 χείρω

2099 3456 2377 3520 νοσοῦντες
2408 3457 2708 3527 ἡλίσκοντο.
2747 3458 3036 3529 Τοιγάρτοι
3078 3460 3174 3513 καὶ
3214 3460 3551 3525 διολώλασιν,
3580 3460 3679 3513 καὶ

2098 3550 2385 3612 ὲπάὐτοῖς
2418 3552 2445 3603 ὁ
2484 3552 2769 3621 προφήτης
2811 3552 3078 3623 Ἱερεμίας
3104 3544 3207 3607 ὧδέ
3229 3569 3415 3624 φησιν’
3458 3571 3477 3603 ‹
3515 3548 3677 3615 Οἶκος

2111 3640 2328 3713 Ἰσραὴλ
2354 3640 2569 3708 ἔπεσεν,
2594 3642 2693 3695 οὐκ
2724 3641 2872 3698 ἔστιν
2896 3644 3205 3715 ἀναστήσας
3228 3644 3412 3698 αὐτόν.
3443 3662 3460 3695 ι
3484 3643 3677 3715 Ιἰ’ἰθρει

2096 3734 2153 3788 δέ
2203 3752 2290 3804 μοι
2329 3734 2390 3787 τὸ
2429 3734 2616 3806 χρῆμα
2643 3734 2824 3802 πάλιν,
2849 3735 2941 3789 καί
2967 3735 3055 3789 διὰ
3088 3735 3196 3788 τῶν
3227 3735 3469 3798 Μωσέως
3492 3750 3678 3805 γραμ-

2100 3827 2285 3897 μάτων
2308 3826 2720 3897 αἰνιγματωδῶς
2768 3828 3132 3899 φωνούμενον.
3169 3828 3324 3897 Ἔχει
3355 3826 3464 3898 γὰρ
3502 3826 3676 3890 οὕτως

2097 3918 2155 3969 ἐν
2184 3915 2261 3986 τῷ
2288 3915 2574 3985 Λευιτικῷ·
2610 3934 2629 3967 ι
2668 3915 2782 3969 Kal
2811 3914 3039 3987 ὲλάλησε
3067 3915 3272 3986 Κύριος
3300 3916 3437 3986 πρὸς
3468 3914 3677 3984 Μωσῆν

2098 4008 2191 4062 καὶ
2240 4005 2471 4079 Ἀαρὼν,
2516 4007 2727 4076 λέγων’
2774 4007 2860 4071 Ὠς
2910 4008 2977 4061 ἂν
3018 4006 3295 4077 εἰσέλθητε
3337 4009 3414 4071 εἰς
3443 4007 3541 4079 τὴν
3570 4010 3676 4079 γῆν

2095 4098 2204 4152 τῶν
2252 4099 2591 4164 Χαναναίων,
2626 4099 2693 4171 ἥν
2725 4097 2835 4166 ἐγὼ
2863 4098 3053 4170 δίδωμι
3091 4101 3218 4169 ὑμῖν
3245 4100 3303 4152 ὲν
3334 4099 3540 4170 κλήρῳ,
3580 4098 3679 4153 καὶ

2095 4188 2248 4244 δώσω
2286 4191 2429 4260 ἁφὴν
2462 4190 2669 4262 λέπρας
2710 4192 2768 4245 ἐν
2797 4193 2916 4253 ταῖς
2944 4189 3141 4252 οἰκίαις
3169 4191 3268 4262 τῆς
3307 4190 3410 4261 γῆς
3444 4190 3541 4261 τῆς
3579 4192 3676 4258 ἐγ-

2096 4284 2297 4353 κτήτου
2331 4284 2478 4353 ὑμῖν.
2503 4285 2609 4336 Kal
2636 4283 2755 4353 ἥξει
2777 4282 2923 4347 τινὸς
2950 4282 3115 4335 αὐτοῦ
3141 4285 3173 4352 ἡ
3204 4283 3372 4344 οἰκία,
3389 4283 3482 4336 καὶ
3508 4282 3671 4352 ἀναγ-

2096 4375 2243 4442 γελεῖ
2284 4373 2359 4443 τῷ
2408 4376 2540 4445 ἱερεῖ
2570 4374 2742 4443 λέγων
2770 4391 2783 4406 ⁸
2818 4375 3029 4446 ’Ὠσπερ
3060 4374 3171 4445 ἁφὴ
3218 4373 3454 4445 ἐώραταί
3490 4392 3578 4444 μοι
3616 4376 3677 4427 ἐν

2095 4468 2160 4538 τῇ
2207 4464 2374 4536 οἰκία.
2409 4466 2519 4519 Kal
2548 4466 2840 4537 προστάξει
2876 4468 2905 4521 6
2946 4467 3125 4538 ἱερεὺς
3170 4466 3543 4519 ἀποτκευάσαι
3576 4466 3675 4537 τὴν

2098 4557 2275 4610 οἰκίαν
2318 4556 2426 4629 πρὸ
2459 4556 2550 4610 τοῦ
2589 4557 2851 4610 εἰσελθεῖν
2878 4558 2968 4611 τὸν
3015 4559 3164 4629 ἱερέα
3211 4559 3338 4611 ἰδεῖν
3376 4560 3474 4630 τὴν
3506 4559 3672 4628 ἁφὴν,

424 4649 683 4716 domum;
712 4662 769 4714 et
799 4650 1029 4720 aspiciet
1055 4652 1311 4707 sacerdos
1331 4661 1558 4707 tactum.
1579 4654 1646 4707 Et
1668 4670 1795 4709 ecce
1820 4663 1997 4710 tactus

2102 4648 2196 4702 καὶ
2228 4649 2287 4701 οὐ
2316 4648 2390 4719 μὴ
2417 4648 2702 4720 ἀκάθαρτα
2730 4650 2983 4719 γενέσθαι
3011 4653 3185 4705 πάντα
3210 4653 3310 4705 ὅσα
3338 4652 3431 4706 ἐὰν
3526 4653 3585 4704 ἐν
3608 4655 3674 4723 τῇ

425 4744 482 4798 in
506 4743 808 4814 parietibus
832 4743 1050 4807 domus,
1082 4744 1345 4799 cavitates
1367 4744 1689 4812 viridantes,
1720 4748 1805 4800 vel
1832 4749 1997 4802 rube—

425 4847 675 4901 scentcs,
716 4846 773 4892 et
820 4845 1076 4908 aspectus
1112 4837 1232 4906 ejus
1279 4822 1543 4891 humilior
1570 4838 1895 4908 parietibus.
1932 4841 1999 4895 Et

411 4936 679 4998 egressus
701 4930 958 4985 sacerdos
978 4945 1009 4984 e
1047 4928 1211 4983 domo
1247 4928 1315 4983 ad
1337 4929 1537 4983 ostium
1560 4930 1775 4995 domus,
1811 4947 1996 5003 segre-

425 5021 575 5091 gabit
614 5022 872 5077 sacerdos
905 5021 1128 5076 dommn
1170 5029 1378 5092 septem
1406 5020 1541 5075 dies.
1579 5022 1646 5076 Et
1680 5023 1883 5077 redibit
1906 5040 1995 5079 sa-

425 5110 620 5167 cerdos
643 5111 732 5167 die
780 5112 1033 5183 septimo,
1098 5119 1154 5167 et
1202 5111 1430 5181 aspiciet
1472 5111 1695 5166 domum
1732 5130 1744 5165 :
1784 5122 1839 5168 et
1869 5129 1997 5168 ecce

425 5202 659 5258 diffusus
682 5210 767 5258 cst
796 5211 974 5259 tactus
1002 5204 1057 5258 in
1084 5203 1389 5274 parietibus
1429 5202 1626 5257 domus
1663 5221 1675 5256 :
1717 5211 1774 5259 et
1804 5205 1996 5275 prmei-

425 5291 539 5360 piet
562 5291 840 5357 sacerdos,
873 5299 931 5346 et
955 5299 1156 5347 erueut
1175 5292 1385 5362 lapides
1416 5292 1473 5346 in
1492 5291 1695 5361 quibus
1718 5301 1803 5347 est
1818 5294 1990 5363 lepra,

424 5392 482 5436 et
513 5381 737 5452 cjicient
770 5397 868 5437 eos
912 5390 1070 5436 extra
1120 5382 1402 5437 civitatem
1444 5383 1501 5437 in
1530 5384 1713 5438 locum
1753 5384 1993 5440 immun-

426 5472 577 5527 dum.
607 5472 677 5528 Et
699 5472 923 5528 domum
945 5473 1140 5528 radent
1160 5475 1228 5529 ab
1261 5475 1410 5530 intus
1442 5475 1499 5529 in
1526 5475 1784 5539 circuitu,
1825 5484 1880 5529 et
1912 5474 1995 5530 cf-

427 5561 655 5619 fuudent
680 5564 963 5634 pulverem
1008 5580 1193 5618 rasum
1230 5574 1384 5619 cxtra
1417 5564 1695 5620 civitatem
1726 5563 1780 5618 in
1820 5564 1999 5619 locum

429 5652 793 5710 immundum.
827 5655 893 5707 Et
916 5664 1136 5708 sument
1163 5656 1299 5709 alios
1325 5656 1535 5724 lapides
1558 5656 1719 5726 360
1751 5670 1923 5720 rasos,
1946 5665 2001 5709 et

499 5834 538 5862 "
592 5829 791 5886 Ezech.
847 5845 923 5896 ιιι,
981 5829 1032 5882 7.

2097 4742 2263 4813 οἰκίᾳ.
2301 4742 2411 4796 Kal
2463 4742 2600 4813 μετά
2641 4741 2814 4795 ταῦτα
2856 4742 3221 4797 εἰσελεύσεται
3248 4744 3276 4796 6
3306 4745 3484 4814 ἱερεὺς
3512 4760 3676 4797 κατα-

2101 4835 2294 4906 μαθεῖν
2345 4835 2442 4905 τὴν
2499 4835 2698 4900 οἰκίαν,
2735 4836 2829 4888 καὶ
2875 4834 3061 4903 ὄψεται
3112 4836 3140 4888 6
3172 4836 3351 4906 ἱερεὺς
3382 4835 3478 4906 τὴν
3510 4836 3673 4905 ἁφήν.

2097 4930 2208 4982 Καὶ
2243 4927 2352 4982 ἰδοῦ
2389 4929 2422 4998 ἡ
2451 4928 2562 4999 ἁφὴ
2588 4928 2646 4979 ὲν
2675 4929 2786 4990 τοῖς
2812 4928 3010 4997 τοίχοις
3052 4926 3151 4996 τῆς
3193 4926 3392 4990 οἰκίας,
3426 4927 3674 4990 κοιλάδας

2095 5020 2467 5092 χλωριζούσας
2499 5019 2532 5090 ἢ
2565 5018 2922 5093 πυριζούσας,
2950 5020 3044 5073 καί⁵
3071 5019 3191 5089 ὄψις
3220 5018 3384 5073 αὑτοῦ
3424 5035 3677 5072 ταπεινο-

2094 5112 2228 5182 τέρα
2252 5111 2358 5164 τῶν
2394 5110 2609 5181 τοίχων.
2641 5112 2751 5164 Καὶ
2782 5109 3010 5176 ἐξελθὼν
3033 5113 3061 5164 6
3093 5112 3267 5182 ἱερεὺς
3296 5113 3359 5164 ἐκ
3379 5112 3479 5181 τῆς
3500 5111 3674 5173 οἰκίας

2095 5204 2189 5257 ἐπὶ
2233 5204 2331 5273 τὴν
2379 5202 2550 5273 θύραν
2594 5202 2697 5273 τῆς
2729 5205 2925 5268 οἰκίας,
2961 5203 3178 5274 ἀφοριεῖ
3209 5205 3236 5256 ὁ
3265 5205 3442 5275 ἱερεὺς
3466 5202 3564 5272 τὴν
3600 5204 3679 5255 οἰ-

2096 5295 2221 5348 κίαν
2247 5294 2385 5348 ὲπτά
2412 5295 2642 5366 ἡμέρας.
2674 5295 2784 5348 Kal
2817 5293 2974 5347 πάλιν
3002 5293 3166 5365 ἥξειὸ
3191 5294 3367 5365 ἱερεὺς
3400 5295 3464 5364 τῇ
3496 5292 3677 5363 ἡμέρᾳ

2096 5388 2162 5457 τῇ
2193 5386 2414 5457 ἐϐδόμῃ,
2461 5386 2556 5440 καὶ
2585 5385 2777 5455 ὄψεται
2812 5386 2911 5455 τὴν
2933 5386 3107 5437 οἰκίαν
3129 5401 3140 5410 ·
3170 5387 3264 5437 καὶ
3306 5384 3411 5437 ἰδοὺ
3453 5382 3675 5452 διεχύθη

2104 5474 2277 5546 ἡὰφὴ
2310 5477 2364 5527 ὲν
2403 5478 2516 5538 τοῖς
2563 5475 2763 5545 τοίχοις
2799 5474 2898 5543 τῆς
2939 5475 3136 5537 οἰκίας,
3178 5475 3271 5526 καὶ
3319 5471 3611 5544 προστάξει
3644 5471 3676 5521 6

2112 5566 2310 5635 ἱερεὺς,
2347 5566 2437 5617 καὶ
2462 5566 2702 5630 ὲξελοῦσι
2724 5567 2845 5629 τοὺς
2870 5566 3047 5628 λίθους
3081 5568 3135 5617 ἐν
3168 5558 3247 5627 οἷς
3288 5565 3433 5617 ἐστιν
3467 5566 3497 5631 ἡ
3533 5564 3671 5631 ἀφή⁹

2110 5657 2202 5708 καὶ
2249 5657 2565 5710 ἐκϐαλοῦσιν
2604 5658 2798 5721 αὐτοὺς
2817 5656 2947 5725 ,ἔξω
2980 5656 3075 5727 τῆς
3120 5655 3350 5719 πόλεως,
3393 5656 3468 5716 εἰς
3510 5652 3676 5705 τόπον

1111 5829 1151 5859 θ’
1203 5830 1389 5884 Matth.
1442 5846 1592 5896 nui,
1629 5832 1717 5897 57,
1759 5832 1845 5887 58.
1927 5831 2124 5899 "lino,
2163 5831 2330 5887 Amos
2367 5850 2416 5900 ν,
2454 5833 2497 5887 l.
