4094 6282
386 415 490 475 585

1360 418 1881 482 CLAPIIYROBUM
1918 422 1986 479 1N
2024 421 2397 482 LEVJTICUM
2437 420 2659 482 LIBER.

3531 422 3651 476 566'

389 525 717 598 ἀκάθαρτον.
783 529 893 583 Καὶ
957 530 1056 601 τὴν
1118 530 1294 585 οἰκίαν
1345 534 1721 602 ἀποξύσουσινο
1758 533 1960 589 ἐσωθεν

2067 545 2264 607 ponent
2290 552 2390 607 pro
2417 538 2712 607 lapidibus,
2744 544 2800 590 et
2825 537 3102 607 pulverem
3123 534 3293 588 alium
3322 544 3562 598 sument,
3579 544 3636 588 ct

390 616 590 686 κύκλῳ,
638 618 732 671 καὶ
767 619 1014 688 ἐκχεοῦσι
1058 620 1148 674 τὸν
1185 622 1312 692 χοῦν
1334 623 1425 678 τὸν
1450 624 1826 695 ἀπεξυσμὲνον
1853 624 1958 690 ἔξω

388 708 487 777 τῆς
509 708 714 773 πόλεως
743 712 839 775 εἰς¹
863 713 1027 767 τόπον
1058 714 1387 784 ἀκάθαρτον.
1433 716 1542 773 Καὶ
1581 716 1839 789 λήψονται
1878 716 1960 771 λί-

390 801 514 864 θσυς
545 802 762 874 ἐτέρους
796 804 1224 876 ἀπεξυσμένους,
1270 808 1363 861 καὶ
1406 807 1665 879 θήσουσιν
1700 810 1821 863 ἀντί
1850 809 1959 864 τῶν

391 889 571 953 λίθων,
616 892 712 945 καὶ
762 892 889 962 χοῦν
929 895 1114 967 ἕτερον
1158 896 1439 969 λήψονται,
1478 899 1574 953 καὶ
1621 898 1960 968 ἐξαλείφουσι

390 981 489 1049 τὴν
525 982 719 1036 οἰκίαν.
758 984 881 1038 Ἐάν
918 985 974 1039 δέ
1014 977 1220 1061 ἐπέλθῃ
1255 990 1418 1043 πάλιν
1458 992 1491 1061 ή
1539 990 1675 1062 ἀφὴ,
1710 992 1803 1045 καὶ
1827 992 1959 1045 ἀνα-

391 1071 540 1143 τείλῃ
575 1073 634 1127 ἐν
663 1077 729 1146 τῇ
766 1076 935 1148 οἰκίᾳ,
969 1078 1110 1148 μετὰ
1150 1080 1213 1133 τὸ
1254 1080 1456 1145 ἐξελεῖν
1485 1083 1613 1145 τοὺς
1644 1082 1847 1146 λίθους,
1870 1081 1964 1135 καὶ

394 1162 531 1230 μετά
554 1163 615 1217 τὸ
661 1165 1030 1238 ἀποξυσθῆναι
1073 1172 1173 1241 τὴν
1222 1171 1420 1239 οἰκίαν,
1464 1173 1558 1227 καὶ
1604 1173 1744 1243 μετά
1771 1173 1832 1227 τὸ
1874 1174 1961 1239 ἐξο

391 1256 708 1328 αλειφθῆναι
733 1260 833 1331 τὴν
862 1263 1058 1326 οἰκίαν,
1088 1265 1563 1320 καὶείσελεύσεται
1586 1267 1615 1319 ὀ
1646 1266 1845 1337 ἱερεὺς,
1869 1265 1964 1319 καὶ.

389 1346 579 1414 ὄψεται
609 1348 658 1400 εἰ
684 1348 995 1421 διακέχυται
1029 1355 1063 1422 ἡ
1105 1353 1216 1425 ἀφὴ
1263 1356 1322 1406 ἐν
1349 1358 1416 1426 τῇ
1458 1354 1626 1424 οἰκίᾳ,
1658 1353 1832 1424 λέπρα
1863 1353 1963 1424 ἒμ-

394 1437 553 1505 μονός
582 1439 730 1492 ἐστιν
763 1442 822 1494 ἐν
872 1445 939 1514 τῇ
965 1445 1131 1515 οἰκίᾳ,
1162 1445 1469 1518 ἀκάθαρτός
1499 1448 1636 1500 ἐστι.
1677 1446 1787 1499 Kal.
1833 1444 1965 1498 καθ-

395 1527 576 1580 ελοῦσι
594 1529 691 1600 τὴν
715 1532 912 1599 οἰκίαν,
938 1536 1034 1589 καὶ
1058 1537 1127 1590 τά
1150 1537 1280 1602 ξύλα
1296 1540 1486 1611 αὐτῆς,
1514 1540 1609 1594 καὶ
1633 1541 1761 1603 τοὺς
1784 1539 1966 1602 λίθους

394 1621 587 1691 αὐτῆς,
607 1624 703 1676 καὶ
733 1625 910 1679 πάντα
935 1628 1027 1681 τὸν
1054 1628 1181 1699 χοῦν
1207 1630 1307 1700 τῆς
1337 1632 1512 1696 οἰκίας
1538 1631 1836 1697 ἐξοίσουσιν
1863 1630 1968 1695 ἔξω

397 1715 496 1781 τῆς
522 1712 747 1777 πόλεως,
780 1717 860 1778 είς
883 1717 1047 1771 τόπον
1069 1720 1400 1792 ἀκάθαρτον.
1436 1740 1455 1773 ι
1484 1720 1614 1776 Εἶτα
1630 1723 1721 1776 τὸν
1747 1724 1804 1775 ἐν
1827 1723 1966 1790 αὐτῇ

401 1800 738 1872 κοιμώμενον
750 1806 843 1858 καὶ
854 1808 1099 1862 ἐσθίοντα
1112 1811 1205 1863 καί
1216 1812 1349 1875 ὅλως
1361 1828 1386 1864 ε
1395 1812 1699 1866 ἰσδαίνοντα
1710 1828 1971 1883 προειρη-

2057 632 2281 685 domum
2313 631 2528 685 liuient.
2549 630 2606 686 Si
2634 638 2816 684 autem
2844 627 3073 683 redierit
3100 628 3301 688 iterum
3341 633 3542 689 tactus,
3581 633 3637 679 et

2060 719 2411 791 repullularit
2450 719 2510 773 in
2546 719 2734 783 domo,
2758 725 3047 788 postquam
3077 716 3220 771 eruti
3257 713 3463 769 fuerint
3496 713 3636 783 lapi-

2058 812 2177 874 des,
2211 818 2267 865 et
2293 818 2580 881 postquam
2627 810 2825 864 domus
2865 808 3034 863 fuerit
3073 823 3227 871 rasa,
3266 815 3323 860 et
3351 812 3638 875 postquam

2060 901 2217 955 liuita
2249 900 2479 965 domus;
2524 907 2581 954 et
2613 897 2952 969 ingredietur
2994 896 3274 961 sacerdos,
3298 900 3383 950 'et
3410 894 3639 964 aspiciet

2062 995 2108 1047 si
2136 992 2374 1048 diﬂ'usus
2406 1000 2491 1047 est
2521 998 2700 1045 tactus
2726 990 2781 1044 in
2815 988 3001 1052 domo,
3033 988 3184 1057 lepra
3210 999 3538 1057 permanens
3557 991 3639 1038 est
3691 976 3700 983 ’

2063 1087 2117 1140 in
2153 1085 2339 1149 domo,
2402 1083 2684 1139 immunda
2733 1091 2837 1136 est.
2870 1082 2939 1135 Et
2968 1080 3260 1135 destruent
3302 1078 3549 1141 domum,
3583 1084 3640 1130 et

2062 1179 2208 1249 ligna
2236 1179 2375 1248 eius,
2400 1184 2456 1232 et
2491 1175 2704 1246 lapides
2726 1176 2867 1245 ejus,
2897 1181 2954 1229 et
2984 1188 3203 1228 omnem
3230 1171 3511 1242 pulverem
3542 1169 3641 1224 do-

2064 1284 2188 1323 mus
2238 1268 2472 1323 ederent
2521 1275 2676 1323 extra
2729 1267 3039 1331 civitatem,
3089 1266 3146 1320 in
3174 1264 3354 1319 locum
3399 1263 3640 1317 immun-

2064 1359 2196 1414 dum
2213 1359 2281 1411 “.
2319 1378 2337 1409 ι
2376 1357 2583 1413 Deinde
2612 1357 2669 1412 in
2693 1357 2810 1427 ipsa
2832 1356 2996 1412 domo
3029 1356 3418 1419 dormientem,
3454 1361 3511 1408 et
3543 1367 3642 1406 ve-
3720 1338 3734 1350 ’

2064 1459 2332 1515 scentem,
2356 1458 2413 1505 et
2437 1450 2665 1504 omnino
2702 1448 3104 1519 ingredientem
3134 1462 3260 1503 cum
3281 1445 3510 1501 dixisset
3534 1443 3641 1497 im-

2068 1542 2358 1607 mundum,
2385 1541 2689 1598 introducit
2720 1542 2921 1596 iterum
2959 1539 3298 1595 sacerdotem
3340 1536 3645 1607 inspicien—

2068 1644 2201 1689 tem.
2236 1634 2327 1689 Ait
2353 1633 2540 1688 enim:
2572 1650 2591 1683 ι
2624 1630 2680 1687 Si
2701 1639 2885 1687 autem
2930 1630 3198 1687 accedens
3231 1628 3517 1684 intraverit
3551 1642 3640 1681 sa-

2070 1725 2290 1791 cerdos,
2342 1734 2401 1781 et
2437 1724 2662 1789 viderit,
2692 1731 2750 1778 et
2780 1737 2910 1779 ecce
2944 1722 3240 1778 diffusioue
3266 1722 3507 1777 diffusus
3530 1734 3640 1774 non

2070 1825 2155 1873 est
2191 1826 2371 1873 tactus
2401 1817 2457 1873 in
2486 1818 2670 1881 domo,
2702 1823 2990 1887 postquam
3018 1814 3175 1869 linita
3208 1812 3312 1868 fuit
3340 1813 3556 1877 domus,
3587 1817 3645 1865 et

405 1894 514 1958 κὼς
526 1895 852 1961 ἀκάθαρτον,
869 1900 1078 1969 εἰσάγει
1100 1902 1260 1955 πάλιν
1271 1902 1670 1957 ἐπισκοποῦντα
1684 1905 1772 1957 τὸν
1794 1903 1963 1974 ἱερέα.

2074 1910 2363 1965 mundabit
2382 1910 2641 1965 sacerdos
2654 1882 2901 1974 domum,
2924 1907 3055 1977 quia
3086 1915 3310 1961 sanatus
3336 1913 3421 1960 est
3444 1910 3640 1959 tactus.

405 1984 564 2052 Λέγει
588 1984 716 2057 γάρ’
758 2005 775 2038 ι
815 1986 943 2042 Ἐὰν
966 1989 1024 2042 δέ
1046 1992 1488 2062 παραγενόμενος
1509 1994 1538 2045 ὀ
1562 1993 1737 2063 ἱερεὺς
1754 1992 1969 2064 εἰσέλθῃ

405 2075 499 2127 καὶ
514 2074 620 2148 ἴδῃ,
634 2078 726 2132 καί
744 2078 854 2133 ἰδοὺ
874 2081 1118 2152 διαχύσει
1134 2082 1196 2136 ού
1210 2083 1478 2153 διαχεῖται
1493 2085 1526 2153 η
1543 2084 1654 2155 ἀφὴ
1672 2084 1807 2155 ὲντῇ
1824 2085 1970 2156 οἰκίᾳ

403 2167 544 2234 μετά
560 2169 622 2223 τὸ
639 2170 1023 2243 ἐξαλειφθῆναι
1038 2174 1138 2245 τὴν
1150 2174 1348 2240 οἰκίαν,
1371 2177 1465 2230 καὶ
1481 2176 1733 2247 καθαριεῖ
1748 2179 1778 2230 ὀ
1792 2177 1971 2247 ἰερεὺς

396 2258 498 2327 τὴν
512 2260 713 2323 οἰκίαν,
731 2263 815 2315 ὅτι
837 2263 962 2336 ἰάθη
986 2266 1019 2335 ἡ
1041 2266 1177 2336 ἀφή.
1197 2267 1307 2321 Καὶ
1317 2267 1544 2338 λήψεται
1562 2268 1971 2340 ἀφαγνίσαιπὴν

396 2351 573 2406 οἰκίαν
592 2352 688 2406 δύο
708 2354 919 2425 ὀρνίθια
953 2357 1171 2429 καθαρά
1190 2358 1390 2424 ζῶντα,
1422 2361 1517 2414 καὶ
1536 2359 1692 2426 ξύλον
1703 2361 1969 2433 κέδρινον,

399 2445 490 2497 καὶ
516 2445 896 2515 κεκλωσμένον
923 2449 1194 2516 κόκκινον,
1222 2454 1316 2506 καὶ
1338 2452 1610 2508 ὕσσωπον.
1639 2455 1751 2509 Kal.
1779 2454 1971 2524 σφάξει

397 2537 456 2589 τὸ
468 2538 701 2608 ὀρνίθιον
717 2540 780 2593 τὸ
801 2540 859 2594 ἒν
876 2543 955 2605 εἰς
978 2542 1169 2608 σκεῦος
1190 2544 1511 2616 ὀστράκινον
1531 2548 1589 2601 ἐν
1610 2545 1763 2601 ὕδατι
1786 2546 1966 2612 ζῶντι.

399 2627 504 2680 Kal.
536 2627 763 2700 λήψεται
787 2629 850 2684 τὸ
880 2629 1036 2695 ξύλον
1055 2630 1118 2684 τό
1150 2632 1415 2703 κέδρινον,
1445 2633 1541 2688 καί
1568 2633 1632 2686 sb
1658 2633 1973 2705 κεκλωσμέ-

396 2736 485 2772 νον
518 2721 790 2787 κόκκινον,
834 2723 928 2777 καὶ
959 2724 1060 2795 τὴν
1090 2723 1341 2779 ὕσσωπον
1361 2765 1376 2787 ,
1424 2727 1518 2780 καὶ
1556 2726 1617 2779 τὸ
1643 2726 1878 2798 ὀρνίθιον
1910 2728 1972 2781 τὸ

398 2809 526 2873 ζῶν,
562 2813 656 2866 καὶ
694 2812 854 2884 partu
890 2816 1030 2870 αὐτὰ
1082 2819 1162 2881 εἰς
1215 2818 1275 2872 τὸ
1319 2813 1459 2889 αἷμα
1486 2819 1579 2873 τοῦ
1607 2820 1841 2892 ὀρνιθίου
1874 2820 1969 2874 τοῦ

398 2903 743 2975 ἐσφαγμένου
778 2908 864 2976 ἐφ’
907 2907 1062 2963 ὕδατι
1090 2910 1270 2975 ζῶντι,
1307 2912 1403 2965 καὶ
1431 2915 1755 2984 περιρρανεί
1785 2915 1842 2967 ἐν
1871 2915 1970 2967 αύ-

397 3001 510 3062 τοῖς
542 3001 635 3054 ἐπὶ
653 3001 750 3073 τὴν
779 3002 957 3056 οἰκίαν
980 3002 1231 3067 ἑπτάκις.
1257 3004 1363 3056 Καὶ
1388 3002 1644 3072 ἀφαγνιεῖ
1668 3005 1769 3075 τὴν
1793 3005 1971 3059 οἰκίαν

400 3094 457 3144 ὲν
482 3092 559 3162 τῷ
592 3093 784 3163 αἵματι
810 3094 903 3147 τοῦ
935 3093 1172 3165 ὀρνιθίου
1226 3095 1591 3165 ἐσφαγμένου,
1645 3097 1739 3150 καὶ
1785 3098 1844 3149 ἐν
1894 3096 1971 3168 τῷ

400 3181 550 3236 ὕδατι
574 3183 651 3255 τῷ
680 3185 864 3250 ζῶντι,
903 3186 1000 3239 καὶ
1034 3186 1092 3240 ἐν
1118 3185 1195 3256 τῷ
1229 3186 1448 3258 ὀρνιθίῳ
1477 3186 1554 3257 τῷ
1581 3187 1763 3252 ζῶντι,
1790 3190 1885 3243 καὶ
1911 3192 1970 3245 ἐν

404 3276 476 3345 τῷ
510 3277 650 3348 ξύλῳ
680 3278 757 3349 τῷ
789 3279 1036 3351 κεδρίνῳ,
1079 3280 1175 3333 καὶ
1212 3280 1271 3333 ἐν
1295 3283 1362 3353 τῇ
1396 3280 1653 3352 ὑσσώπῳ,
1679 3283 1770 3336 καὶ
1804 3284 1863 3336 ἐν
1893 3283 1972 3354 τῷ

404 3368 758 3440 κεκλωσμένῳ
806 3370 1045 3441 κοκκίνῳ
1070 3410 1084 3434 ,
1131 3370 1223 3425 καὶ
1254 3370 1603 3435 ἐξαποστελεί
1634 3372 1697 3425 τὸ
1737 3372 1972 3443 ὀρνίθιον

401 3461 460 3513 τὸ
483 3460 589 3525 ζῶν
617 3461 722 3528 ἔξω
752 3463 851 3532 τῆς
884 3461 1091 3524 πόλεως
1115 3462 1195 3525 εἰς
1223 3461 1285 3514 τὸ
1326 3462 1526 3525 πεδίον,
1550 3463 1644 3516 καὶ
1667 3463 1972 3530 ὲξιλάσεται

403 3550 527 3620 περὶ
554 3551 651 3621 τῆς
682 3549 876 3613 οἰκίας,
913 3550 1006 3603 καὶ
1045 3550 1262 3621 καθαρά
1292 3550 1466 3604 ἔσται.
1505 3569 1524 3602 ι
1564 3551 1724 3606 Ὅλον
1751 3555 1884 3623 ἡμῖν
1915 3555 1972 3607 ὲν

400 3641 605 3704 τούτοις
640 3641 997 3711 ἀναφαίνεται
1047 3642 1234 3709 σαφῶς
1276 3641 1336 3694 τὸ
1380 3642 1508 3713 περὶ
1549 3643 1649 3715 τῆς
1703 3644 1970 3699 Ἰουδαίων

402 3732 731 3802 Συναγωγῆς
760 3734 1073 3804 μυστήριον,
1108 3732 1200 3785 καὶ
1220 3732 1290 3786 τά
1312 3732 1370 3799 ἐξ
1394 3733 1567 3804 ἀρχῆς
1594 3734 1754 3805 μέχρι
1783 3735 1967 3800 τέλους

2068 2004 2139 2059 Ει
2170 2011 2350 2058 sumet
2404 2002 2473 2057 ad
2520 2000 2920 2073 puriﬁeandam
2961 2000 3186 2056 domum
3233 1998 3371 2055 duas
3401 1997 3645 2052 avieulas

2069 2095 2320 2149 viventes
2365 2092 2618 2157 mundas,
2659 2102 2718 2147 et
2744 2092 2953 2164 lignum
2980 2090 3290 2153 cedrinum,
3328 2096 3386 2144 et
3417 2101 3643 2143 coccum

2072 2194 2298 2250 tortum,
2329 2193 2387 2239 et
2437 2184 2760 2256 hyssopum.
2792 2183 2861 2239 Et
2882 2180 3156 2254 jugulabit
3176 2180 3447 2235 aviculam
3479 2191 3645 2230 unam

2072 2277 2129 2331 in
2160 2291 2288 2332 vase
2338 2275 2491 2330 fictili
2530 2275 2587 2330 in
2629 2290 2771 2345 aqua
2819 2272 3053 2329 fervida.
3093 2271 3394 2340 Sumetque
3437 2268 3644 2339 lignum

2071 2366 2378 2432 cedriuum,
2400 2374 2455 2421 et
2477 2381 2702 2421 coccum
2735 2366 3118 2436 glomeratum,
3156 2372 3215 2419 et
3243 2362 3564 2433 hyssopum,
3591 2371 3649 2415 et

2070 2474 2350 2529 passerem
2394 2458 2580 2513 vivum
2623 2475 2638 2511 :
2679 2466 2735 2512 et
2769 2457 2942 2527 tinget
2998 2455 3056 2510 in
3109 2453 3374 2525 sanguine
3426 2451 3646 2507 mactati

2071 2552 2310 2621 passeris
2351 2551 2406 2605 in
2440 2566 2580 2621 aqua
2634 2549 2878 2615 fervida,
2912 2556 2969 2604 et
2999 2556 3255 2619 asperget
3297 2547 3381 2602 eis
3424 2545 3648 2601 domum

2073 2644 2296 2713 septies.
2316 2643 2749 2713 Puriﬁcabitque
2771 2643 2995 2698 domum
3026 2641 3083 2696 in
3113 2640 3378 2711 sanguine
3398 2639 3648 2703 aviculae,

2071 2743 2128 2789 et
2166 2734 2222 2789 in
2257 2750 2398 2805 aqua
2437 2735 2677 2799 vivente,
2709 2743 2765 2790 et
2805 2734 2861 2789 in
2892 2734 3106 2789 avicula
3138 2734 3377 2798 vivente,
3407 2741 3465 2787 et
3497 2733 3553 2787 in
3582 2733 3648 2786 li-

2071 2839 2178 2893 gno
2208 2824 2455 2889 cedrino,
2506 2832 2563 2879 et
2600 2823 2656 2877 in
2696 2824 2953 2894 hyssopo,
2989 2822 3131 2876 etin
3178 2835 3345 2875 cocco
3376 2826 3552 2884 torto;
3594 2827 3652 2872 et

2070 2915 2285 2969 emittet
2315 2914 2585 2969 aviculam
2615 2914 2890 2969 viventem
2916 2920 3071 2968 extra
3100 2910 3379 2967 civitatem
3411 2908 3466 2963 in
3497 2924 3650 2963 eam—

2071 3020 2225 3075 pum,
2259 3014 2315 3061 et
2345 3005 2587 3075 expiabit
2612 3004 2859 3079 domum,
2890 3012 2948 3060 et
2985 3002 3192 3058 munda
3223 3001 3330 3058 erit
3351 3000 3416 3054 ⁸⁸.
3454 3021 3472 3052 ι
3501 3001 3649 3055 lutc-

2072 3112 2231 3168 grum
2266 3097 2322 3151 in
2360 3097 2446 3151 his
2484 3096 2647 3152 nobis
2696 3096 2937 3153 Judaieae
2979 3094 3275 3166 Synagogze
3325 3092 3657 3165 mysterium

2073 3190 2220 3245 clare
2256 3189 2571 3255 exhibetur,
2607 3202 2838 3259 quaeque
2879 3187 3058 3242 eidem
3089 3187 3159 3241 ah
3188 3185 3348 3240 initio
3370 3184 3448 3240 ad
3463 3191 3649 3238 extre-

2079 3298 2229 3337 mum
2285 3296 2460 3352 usque
2507 3281 2883 3345 obvenerunt,
2939 3288 2996 3336 et
3043 3286 3173 3334 sunt
3218 3294 3318 3348 per
3366 3276 3651 3332 Christum

2076 3382 2366 3430 eventura.
2394 3373 2641 3445 Agedum
2673 3372 2840 3445 igitur
2869 3387 3111 3436 rursum,
3142 3370 3324 3441 quoad
3356 3369 3504 3431 licet,
3530 3367 3653 3422 sin-

2071 3467 2196 3538 gula
2221 3468 2499 3523 subtiliter
2520 3473 2908 3537 exsequentes,
2945 3474 3001 3521 et
3031 3465 3231 3520 litterae
3259 3461 3651 3533 pinguedinem

2069 3558 2439 3627 explicantes,
2498 3556 2967 3627 pulchritudinem
3001 3569 3222 3625 quoque
3260 3553 3401 3624 ejus,
3432 3566 3554 3622 qme
3596 3550 3654 3604 in

2068 3646 2185 3716 ipsa
2224 3648 2434 3703 inclusa
2476 3656 2583 3712 est,
2631 3644 3114 3716 contemplationis
3154 3643 3369 3713 aperire
3427 3639 3651 3696 studea-

2066 3752 2209 3793 IDUS.

402 3826 487 3878 ἐπ’
516 3826 687 3896 αὐτῆς
711 3826 968 3894 γεγονότα
1008 3825 1131 3895 ήδη,
1157 3824 1250 3877 καὶ
1307 3823 1543 3894 ἐσόμενα
1604 3826 1755 3897 παρὰ
1784 3826 2042 3897 Χριστοῦ.
2081 3829 2193 3883 Καὶ
2221 3830 2352 3898 φέρε
2377 3830 2439 3900 δὴ
2476 3830 2635 3884 πάλιν
2656 3830 2730 3893 ὼς
2753 3830 2832 3882 ἔνι
2862 3828 3077 3891 λεπτῶς
3112 3826 3398 3891 διεξιόντες
3424 3825 3649 3887 ἕκαστα,

401 3920 494 3973 καὶ
521 3919 622 3991 τὴν
663 3922 721 3973 ἐν
761 3921 839 3990 τῷ
887 3921 1176 3991 γράμματι
1213 3918 1496 3990 παχύτητα
1530 3920 1969 3987 διαπτύσσοντες,
2004 3923 2103 3993 τῆς
2131 3925 2548 3995 ἐγκεχωσμένης
2608 3924 2755 3995 αὐτῷ
2807 3925 3038 3994 θεωρίας
3100 3922 3160 3974 τὸ
3226 3920 3417 3983 κάλλος
3451 3921 3649 3990 ἀπογυ-

408 4012 570 4080 μνοῦν
596 4012 1003 4081 σπουδάσωμεν.

474 4104 539 4174 β’.
570 4104 763 4176 Λέπρα
795 4105 892 4175 μὲν
911 4102 1005 4159 οὖν
1034 4106 1067 4175 ἡ
1098 4105 1175 4167 εἰς
1199 4105 1358 4175 σῶμα
1386 4106 1642 4177 γινομένη
1676 4107 1739 4160 τὸ
1766 4107 1977 4179 ἀνθρὼ-

406 4213 578 4257 πινον,
598 4195 773 4258 πάθος
802 4195 970 4258 ἐστὶν,
995 4194 1194 4265 ἰατρῶν
1222 4195 1319 4266 μὲν
1339 4195 1555 4265 τέχναις
1575 4196 1976 4268 ἀποκρούεσθαι

408 4287 479 4356 μὴ
508 4286 823 4357 δυνάμενον,
860 4286 998 4359 μόνῃ
1033 4286 1089 4339 δὲ
1134 4287 1348 4339 ὑπείκει
1381 4286 1519 4357 μετά
1564 4289 1672 4341 τῶν
1701 4288 1874 4343 ἄλλων
1906 4293 1974 4362 τῇ

407 4378 616 4449 μεγάλῃ
647 4379 741 4433 καὶ
773 4379 1062 4431 πανσθενεϊ
1104 4379 1272 4451 δεξιᾷ,
1305 4380 1397 4433 καὶ
1436 4382 1500 4451 τῇ
1534 4381 1855 4453 παντουργῷ
1891 4382 1975 4435 δυ-

405 4469 563 4539 νάμει
586 4469 683 4522 τοῦ
712 4468 846 4522 Θεοῦ
878 4468 1195 4538 νικώμενον.
1245 4471 1331 4523 Ἐν
1360 4470 1418 4524 δὲ
1448 4473 1557 4535 τοῖς
1588 4472 1733 4539 ἅπαξ
1767 4472 1974 4526 παθοῦ-

406 4578 478 4621 σι,
510 4560 757 4628 φαίνεται
790 4560 912 4613 καθ’
949 4561 1138 4630 ἑτέραν
1184 4561 1303 4630 ὄψιν
1332 4562 1477 4633 ἤπερ
1517 4559 1585 4634 ἦν
1611 4565 1668 4616 ἐν
1713 4565 1907 4635 ἀρχαῖς
1939 4566 1971 4636 ἡ

407 4651 561 4723 σάρξ.
606 4653 950 4723 Ἑτεροχροιά
995 4652 1101 4723 γάρ
1126 4671 1209 4717 τις
1244 4654 1711 4725 ἐπισυμὸαίνουσα
1741 4656 1840 4727 τὴν
1871 4656 1972 4727 φύ-

406 4764 488 4798 σιν
515 4744 880 4813 διαψεύδεται,
937 4745 1340 4817 μεθισταμένης
1398 4749 1476 4809 εἰς
1499 4746 1559 4799 τὸ
1609 4748 1760 4816 παρά
1790 4747 1973 4816 φύσιν,

404 4839 524 4891 ὅσον
555 4840 634 4900 εἰς
666 4838 764 4907 τὴν
789 4836 916 4889 θέαν
938 4836 1031 4888 τοῦ
1064 4835 1313 4907 σώματος
1337 4838 1591 4909 τοιαύτην
1620 4838 1741 4892 τινά
1772 4840 1977 4910 προσῆ-

407 4947 497 4983 κεν
528 4929 950 4998 ὑπολαμϐάνειν,
987 4930 1079 4982 καὶ
1110 4932 1208 4999 τῆς
1229 4931 1285 4982 ἐν
1319 4932 1450 5001 ἡμῖν
1472 4932 1846 5002 προαιρέσεως
1874 4932 1973 5003 τὴν

406 5022 739 5093 μεταϐολὴν,
783 5023 874 5074 καὶ
905 5021 1000 5091 τὴν
1031 5023 1093 5074 ἐκ
1122 5023 1229 5074 τῶν
1258 5022 1554 5091 ἀμεινόνων
1585 5024 1676 5077 ἐπὶ
1706 5025 1772 5078 τὰ
1804 5026 1972 5097 χείρω

402 5114 749 5166 κατάστασιν.
807 5111 997 5165 Πολλοὶ
1053 5112 1160 5182 γὰρ
1196 5112 1455 5177 πολλάκις
1496 5115 1553 5180 ἐξ
1587 5116 1797 5187 ἀγαθῆς
1828 5134 1975 5180 τινος

401 5206 626 5274 γνώμης
663 5205 743 5266 εἰς
772 5202 867 5273 τὴν
897 5204 1092 5272 αἰσχίω
1138 5208 1642 5275 μεταχωρήσαντες,
1686 5207 1778 5259 καὶ
1814 5208 1874 5259 τὸ
1904 5211 1970 5278 τῇ

400 5292 562 5360 φύσει
618 5293 825 5364 πρέπον
876 5294 1253 5357 ἐκϐαίνοντες,
1303 5294 1625 5365 πολυτρόπῳ
1680 5296 1974 5367 φαυλότητι

394 5386 499 5453 ’.τὴν
546 5385 754 5438 ἑαυτῶν
798 5384 972 5454 ψυχὴν
1014 5385 1425 5447 καταστίζουσιν
1452 5426 1465 5446 ,
1502 5386 1662 5438 οἱονεὶ
1707 5387 1970 5451 σώζοντες

399 5477 665 5545 ἐκατέρου
708 5475 807 5545 τὴν
853 5474 974 5545 ὄψιν
1020 5476 1228 5538 ἑαυτοῖς
1255 5492 1266 5504 ·
1305 5476 1427 5528 οὔτε
1490 5477 1597 5549 γὰρ
1648 5478 1863 5541 πάντως
1892 5482 1970 5541 εἰς

403 5566 640 5636 παντελῆ
683 5566 774 5617 τοῦ
818 5563 1023 5631 ἀγαθοῦ
1068 5564 1266 5633 ζημίαν
1310 5566 1684 5628 ἐκπίπτουσιν,
1717 5566 1840 5619 οὔτε
1868 5568 1972 5637 μὴν

407 5659 481 5719 εἰς
526 5656 817 5726 ὀλόκληρον
864 5656 1170 5727 φαυλότητά
1200 5676 1275 5725 ,τε
1338 5659 1427 5713 καὶ
1467 5661 1736 5730 ἀτραπίαν
1789 5660 1973 5729 ἐκτρέ-

478 5835 521 5864 ⁸⁴
549 5833 725 5889 chit.
762 5853 866 5901 xlv,
897 5836 963 5889 53
998 5838 1082 5891 lii.
1164 5838 1206 5868 εδ
1245 5836 1401 5901 ἰΙ.ιίι1.,
1432 5838 1497 5891 48
1531 5838 1617 5891 55.

2145 4111 2198 4163 2.
2246 4109 2421 4179 Lepra
2470 4108 2654 4178 itaque
2706 4106 2935 4162 humani
2979 4114 3063 4161 est
3116 4105 3365 4176 corporis
3400 4106 3651 4162 morbida

2076 4200 2293 4256 atlectio
2327 4214 2449 4269 quae
2484 4198 2696 4253 medica
2728 4197 3028 4269 expugnari
3055 4204 3173 4251 arte
3220 4206 3456 4268 nequeat
3501 4197 3651 4252 :hccc

2073 4281 2228 4347 enini
2261 4307 2384 4347 cum
2409 4290 2531 4346 aliis
2564 4290 2773 4345 morbis
2798 4289 2974 4345 solius
2996 4288 3092 4344 Dei
3110 4304 3323 4359 magnae
3348 4305 3413 4344 ac
3438 4290 3649 4359 potenti

2072 4382 2346 4447 dexterm,
2386 4382 2549 4452 vique
2590 4380 2773 4436 omnia
2796 4379 3041 4434 domanti
3085 4378 3228 4434 vieta
3262 4379 3533 4433 concedit.
3572 4378 3649 4432 Ea

2002 4504 2051 4563 υ
2076 4488 2216 4543 quos
2249 4474 2417 4528 semel
2445 4473 2755 4543 occupavit,
2786 4472 2841 4529 in
2868 4472 2954 4526 his
2985 4471 3090 4526 alia
3132 4470 3271 4525 facie
3299 4486 3462 4538 quam
3490 4480 3647 4524 antea

2074 4582 2202 4621 caro
2238 4566 2486 4636 cutisque
2537 4574 2782 4635 apparet.
2812 4565 3012 4620 Varius
3055 4563 3202 4618 enim
3236 4564 3390 4618 color
3427 4562 3651 4632 insuper

2070 4658 2357 4723 accedens,
2383 4666 2634 4713 naturam
2670 4659 2841 4727 ipsam
2868 4656 3027 4722 fallit,
3054 4664 3108 4712 et
3142 4654 3645 4723 trausmutauejam

2070 4757 2268 4819 praeter
2293 4757 2564 4814 naturam,
2601 4748 2759 4819 361
2798 4757 3063 4818 quantum
3088 4747 3338 4818 corporis
3363 4751 3645 4812 aspectum

2072 4842 2351 4912 suscipere
2383 4842 2664 4907 convenit,
2685 4841 2851 4894 etiam
2883 4840 3183 4895 voluntatis
3207 4836 3551 4905 institutique
3591 4835 3643 4887 in

2072 4932 2231 4987 nobis
2273 4932 2705 4987 vicissitudinem
2752 4930 3088 4993 ostendit,et
3120 4928 3363 4981 melioris
3396 4926 3452 4980 in
3492 4927 3644 4981 delc-

2069 5023 2183 5078 rius
2214 5025 2719 5077 commutationem.
2765 5022 3015 5090 Plerique
3039 5019 3185 5073 enim
3224 5018 3421 5086 sacpius
3450 5034 3479 5071 c
3503 5018 3643 5071 bona

2068 5116 2338 5170 sententia
2386 5127 2547 5184 atque
2575 5115 2777 5168 decoro
2806 5112 3148 5174 excidentes,
3178 5108 3457 5177 versipelli
3485 5111 3641 5162 mali—

2070 5207 2143 5260 tia
2195 5222 2346 5259 suam
2370 5206 2471 5275 ipsi
2498 5214 2735 5258 mentem
2765 5203 3127 5266 constituunt,
3160 5199 3479 5255 dissimilem
3502 5217 3636 5268 qun-

2068 5296 2359 5349 dammodo
2392 5296 2474 5348 sui
2514 5294 2860 5363 praeferentes
2891 5293 3103 5356 faciem,
3135 5300 3194 5347 ut
3224 5307 3401 5362 neque
3421 5293 3643 5345 omnino

2070 5385 2198 5439 boui
2226 5400 2322 5454 per
2345 5384 2527 5437 omnia
2555 5385 2826 5452 jacturain
2854 5382 3118 5446 fecerint,
3161 5398 3338 5452 neque
3366 5399 3556 5436 rursus
3589 5383 3642 5434 in

2072 5477 2340 5545 integrann
2383 5474 2683 5543 nequitiam
2728 5473 3148 5527 ctavcrsioncm
3178 5474 3334 5543 plane
3374 5473 3637 5525 incidant.

2073 5568 2220 5621 Talis
2251 5578 2305 5621 ct
2331 5568 2384 5618 iu
2406 5565 2565 5618 nobis
2591 5564 2865 5620 interdum
2894 5572 3088 5629 status,
3127 5575 3181 5619 et
3214 5565 3449 5617 humana
3487 5562 3639 5615 hahi-

2077 5659 2208 5710 tudo
2238 5661 2594 5723 voluntasque
2626 5656 2894 5711 cxsistcrc
2932 5671 3053 5710 cum
3087 5657 3277 5720 soleat,
3323 5655 3525 5708 idcirco
3555 5667 3639 5706 sa—
