4094 6282
407 381 508 441 557

1400 374 1456 430 S.
1497 371 1771 431 CYRlLLl
1808 369 2282 432 ALEXANDRINI
2318 372 2638 434 ARCHIEP.

3553 376 3660 434 568

403 515 512 553 crae
545 497 761 553 Litterae
795 507 1167 565 saepenumero
1198 490 1400 562 lcprosi
1436 489 1728 560 imaginem
1772 504 1976 560 reprae—

2089 507 2256 561 χουσι.
2276 491 2387 561 Τῆς
2410 490 2665 562 τοιαύτης
2685 490 2970 563 τοιγαροῦν
2996 491 3053 544 ἐν
3070 490 3202 563 ἡμῖν
3227 491 3523 563 γενομένης
3545 493 3660 549 ἔσθ’

404 597 651 654 sentant;
696 601 931 655 cumque
971 584 1236 654 cujusque
1270 597 1452 639 mores
1490 582 1642 638 velut
1681 582 1736 636 in
1791 580 1977 636 tabula

406 682 687 752 Scriptura
711 677 984 743 ostendat,
1006 676 1298 747 personam
1340 676 1506 733 unius
1539 689 1731 730 eorum
1756 688 1981 731 sumens

407 775 463 827 in
493 771 735 827 medium
776 769 956 824 aﬂ‘ert.
981 768 1119 824 Cum
1149 784 1282 823 vero
1311 766 1624 839 hujusmodi
1645 775 1846 823 statum
1863 766 1979 821 sive

404 860 607 930 gentis,
634 857 749 913 sive
773 857 947 919 urbis,
975 871 1071 911 seu
1098 855 1337 926 denique
1370 854 1611 925 regionis
1641 854 1761 909 vult
1781 868 1978 923 repra-

406 957 647 1013 sentare,
676 957 808 1004 tunc
825 948 1023 1003 domus
1050 948 1281 1004 formam
1313 945 1617 1017 proferens,
1649 945 1799 1011 quod
1824 961 1977 1000 com-

403 1043 672 1110 piectatur
684 1056 876 1096 omnes
885 1040 1264 1101 habitantesin
1280 1055 1365 1103 ea,
1387 1039 1441 1093 in
1458 1039 1575 1108 ipso
1591 1038 1736 1093 clare
1754 1037 1981 1093 exbibet

406 1132 780 1188 multitudinis
811 1147 1059 1187 numero.
1097 1130 1286 1200 Itaque
1322 1130 1593 1200 leprosam
1620 1128 1843 1184 domum
1881 1143 1977 1182 seu

403 1223 666 1280 familiam
693 1225 863 1281 semel
902 1223 1151 1287 audiens,
1191 1230 1361 1279 totam
1397 1221 1483 1276 fac
1514 1221 1851 1292 Synagogam
1882 1219 1979 1275 Ju-

405 1317 651 1371 daeorum
669 1316 959 1385 intelligas,
981 1314 1096 1369 suis
1129 1314 1389 1369 nimirum
1421 1313 1573 1367 vitiis
1600 1328 1664 1368 ac
1693 1310 1983 1382 perturba-

408 1407 654 1463 tionibus
674 1416 1016 1477 corruptam,
1050 1419 1280 1475 quaaque
1297 1405 1564 1461 divinitus
1592 1405 1672 1460 illi
1700 1420 1732 1458 a
1762 1402 1983 1458 vatibus

406 1506 564 1553 erant
594 1498 852 1568 praedicta
879 1513 988 1553 non
1022 1495 1317 1557 admodum
1349 1505 1659 1559 curantem,
1694 1494 1789 1550 sed
1811 1494 1877 1549 ad
1917 1509 1982 1548 ea

407 1591 593 1660 potius
620 1605 678 1645 se
703 1590 1060 1646 inclinantem
1090 1605 1213 1659 qua:
1239 1588 1505 1658 voluptati
1527 1596 1714 1642 essent
1741 1586 1795 1640 in
1814 1601 1982 1656 agen-

406 1684 497 1749 do,
522 1698 686 1754 quam
716 1699 839 1754 quae
863 1682 1085 1738 virtutis
1105 1690 1162 1737 et
1186 1680 1487 1739 honestatis
1508 1678 1737 1734 formam
1758 1677 1982 1747 prazi‘er-

406 1785 548 1831 rent.
574 1774 666 1831 Ait
685 1790 817 1830 vero
849 1773 1125 1830 sacerdoti
1165 1772 1505 1836 annuntiari,
1541 1778 1602 1825 ut
1634 1770 1801 1839 lepra;
1827 1768 1982 1838 plaga

405 1867 553 1923 domi
573 1867 810 1938 alicujus
827 1874 1108 1931 cernatur,
1134 1872 1192 1921 et
1210 1879 1481 1934 nusquam
1508 1862 1746 1918 dicimus
1765 1860 1983 1931 legisla-
2016 1842 2058 1896 Β

405 1966 583 2016 torem
596 1959 816 2031 jubere,
843 1959 1066 2016 domum
1088 1959 1325 2029 aliquam
1353 1966 1702 2013 accusantem
1731 1954 1800 2009 ad
1818 1954 1987 2009 alium

405 2052 490 2105 ire
517 2050 859 2107 sacerdotem
893 2048 1401 2121 :_quemadmodum
1445 2047 1493 2102 si
1531 2045 1655 2116 quis
1687 2045 1875 2116 potius
1918 2043 1987 2099 ab

404 2142 572 2198 obvio
599 2143 813 2221 medico
840 2143 1021 2214 exigat
1054 2142 1358 2213 potionem.
1386 2139 1681 2210 Postquam
1727 2153 1860 2192 vero
1900 2136 1982 2192 le-

408 2249 504 2301 pra
543 2242 757 2304 captam
781 2234 1097 2291 Iudaeorum
1115 2231 1597 2304 congregationem
1643 2228 1981 2292 censuimus,

404 2338 525 2395 age,
562 2326 687 2395 quis
715 2326 808 2381 hic
836 2324 1169 2382 denuntians
1190 2325 1401 2394 lepram
1426 2324 1519 2389 sit,
1543 2330 1598 2377 et
1620 2320 1745 2392 quis
1766 2335 1987 2376 rursum

407 2414 704 2481 sacerdos,
749 2415 975 2481 ordine,
1023 2426 1290 2485 quantum
1343 2414 1506 2479 licet,
1550 2413 1983 2470 consideremus.

407 2504 646 2561 Prodeat
671 2521 799 2577 ergo
822 2506 1202 2565 denuntiantis
1223 2506 1477 2565 morbum
1504 2519 1757 2575 persona,
1783 2504 1986 2558 chorus

408 2595 803 2666 prephetarnm
819 2636 833 2665 ,
868 2596 960 2667 qui
991 2596 1158 2655 etiam
1182 2609 1399 2652 summo
1420 2594 1666 2649 omnium
1691 2592 1984 2656 sacerdoti,

406 2694 835 2757 nostrorumque
857 2687 1165 2744 animorum
1191 2686 1470 2757 pmi‘ecto,
1499 2685 1606 2741 hoc
1630 2693 1715 2740 est
1739 2683 1985 2745 Christo,

406 2777 804 2835 denuntiarunt
836 2796 848 2833 :
876 2786 1043 2849 atque
1070 2780 1126 2837 in
1159 2778 1472 2835 Iudaeorum
1498 2776 1740 2832 dementi
1775 2774 1985 2832 insania

404 2870 525 2940 ejus
570 2867 1003 2926 incarnationem
1028 2869 1417 2940 praedicarunt,
1445 2867 1647 2925 invecti
1682 2867 1737 2921 in
1769 2881 1987 2922 morum

408 2959 746 3030 impietatem
772 2968 829 3016 et
847 2961 1239 3031 corruptelam,
1264 2977 1376 3019 non
1405 2959 1535 3017 odio
1563 2968 1620 3016 et
1650 2959 1825 3014 livore
1857 2973 1986 3028 erga

404 3068 499 3108 eos
515 3053 759 3119 adducti,
800 3053 894 3110 sed
913 3054 1222 3110 reverentia
1244 3054 1375 3111 victi
1399 3068 1528 3125 erga
1550 3053 1794 3108 omnium
1825 3050 1988 3120 largi-

2079 586 2168 639 ὅτε
2208 584 2616 651 καταστάσεως,
2652 584 2746 640 καὶ
2773 584 2880 638 τῶν
2903 585 3004 639 ὅσα
3030 585 3156 656 περί
3186 583 3284 655 τὴν
3313 582 3662 655 ἀνθρωπίνην

2079 676 2191 742 ἕξιν
2224 694 2283 732 τε
2306 678 2400 733 καὶ
2431 676 2749 749 προαίρεσιν
2779 675 3030 744 γενέσθαι
3069 677 3234 745 φιλεῖ,
3259 675 3353 729 τὸν
3385 674 3663 748 λελεπρω-

2083 770 2242 841 μένον
2272 770 2456 826 εἰκόνα
2487 773 2631 825 ποιεί
2662 769 2920 834 πολλάκις
2959 770 2993 841 ἡ
3028 768 3149 823 θεία
3186 768 3377 840 Γραφή
3400 784 3414 800 θ
3445 768 3542 822 καὶ
3570 767 3661 823 ὅτε

2085 862 2185 933 μὲν
2232 863 2326 916 τὸν
2358 862 2590 917 ἑκάστου
2639 862 2861 935 τρόπον,
2892 861 3145 932 καθάπερ
3178 861 3236 913 ὲν
3266 860 3456 913 πίνακι
3486 877 3661 915 κατα-

2078 955 2339 1021 δείκνυσι,
2373 955 2662 1027 πρόσωπον
2690 954 2808 1017 ἑνὸς
2840 953 3005 1007 αὐτοῦ
3037 952 3391 1023 λαμϐάνουσα
3426 950 3660 1024 παρατί-

2082 1046 2241 1116 θησιν
2273 1046 2356 1110 εἰς
2381 1045 2566 1117 μέσον.
2602 1046 2735 1099 Ὅτε
2763 1045 2820 1098 δὲ
2841 1045 2936 1098 καὶ
2960 1043 3295 1099 κατάστασίν
3330 1061 3452 1098 τινα
3482 1043 3665 1099 rotati-

2079 1152 2200 1208 την,
2229 1134 2262 1206 ἢ
2298 1135 2505 1199 ἔθνους,
2540 1134 2881 1207 ἢπόλεως,ἢ
2913 1132 3099 1207 χώρας
3136 1135 3499 1206 ὑπεμφαίνειν
3533 1133 3659 1204 βού-

2081 1229 2251 1295 λεται,
2286 1228 2409 1281 τότε
2455 1228 2553 1298 τῆς
2593 1228 2771 1291 οἰκίας
2797 1227 3209 1297 παρεισάγουσα
3242 1228 3450 1299 σχῆμα,
3479 1225 3567 1280 διὰ
3598 1225 3660 1278 τὸ

2082 1315 2222 1373 εἶναι
2254 1319 2597 1391 περιεκτικδν
2623 1319 2731 1373 τῶν
2768 1316 3062 1373 οἰκούντων
3086 1318 3144 1371 ἐν
3173 1317 3334 1390 αὐτῇ,
3365 1316 3658 1386 πληθυντι-

2083 1411 2183 1483 κὴν
2217 1414 2453 1465 ποιεῖται
2483 1409 2582 1479 τὴν
2614 1409 2867 1480 δήλωσιν.
2894 1408 3124 1479 Νοὴσεις
3157 1408 3335 1461 τοίνυν
3367 1406 3544 1460 οἰκίαν
3569 1406 3660 1459 λε·-

2082 1502 2437 1574 λεπρωμένην
2469 1500 2701 1564 ἀκούων,
2732 1500 2860 1570 ὅλην
2884 1499 3120 1563 εἰσάπαξ
3145 1498 3241 1569 τὴν
3255 1498 3363 1550 τῶν
3396 1496 3663 1551 Ἰουδαίων

2083 1593 2410 1663 Συναγωγὴν
2452 1594 2564 1656 τοῖς
2599 1591 2757 1655 ἰδίοις
2775 1590 3017 1662 δηλονότι
3052 1589 3505 1661 κατεφθαρμένην
3555 1589 3663 1642 πά-

2085 1685 2223 1749 θεσι,
2259 1683 2496 1739 καὶτῶν
2548 1684 2646 1752 μὲν
2694 1681 2878 1736 θεόθεν
2926 1683 3061 1754 αὐτῇ
3111 1681 3662 1753 κεχρησμῳδημένων

2084 1776 2145 1831 οὺ
2181 1776 2389 1846 σφόδρα
2444 1774 2853 1845 φροντίζουσαν.
2891 1773 3285 1828 ἀποκλίνουσαν
3326 1774 3383 1827 δέ
3419 1792 3534 1838 πως
3582 1775 3664 1838 είς

2087 1869 2147 1924 τὸ
2194 1869 2290 1922 καὶ
2337 1865 2596 1922 δύνασθαι
2645 1866 2779 1937 δρᾷν
2824 1866 2970 1937 ἆπερ
2999 1861 3068 1937 ἦν
3094 1867 3278 1929 αὐτοῖς
3308 1866 3445 1937 πρὸς
3474 1865 3666 1936 ἡδονὴν

2092 1957 2312 2029 μᾶλλον,
2341 1958 2376 2028 ἢ
2404 1957 2549 2028 άπερ
2590 1955 2814 2026 ἔμελλον
2840 1954 3143 2021 ἀποδείξειν
3190 1955 3423 2025 ἀγαθήν.
3461 1956 3662 2022 Ἀναγ-

2089 2049 2262 2119 γείλαι
2298 2049 2355 2103 δέ
2387 2066 2439 2102 τι
2468 2047 2548 2119 τῷ
2583 2048 2720 2119 ἰερεί
2744 2048 2935 2116 λέγων,
2971 2044 3160 2118 ὥσπερ
3176 2047 3288 2118 ἁφὴ
3316 2045 3521 2117 λέπρας
3537 2046 3666 2116 ὁρᾶν

2086 2156 2177 2194 ται
2222 2141 2281 2195 ἐν
2319 2140 2386 2210 τῇ
2414 2137 2583 2207 οίκία,
2609 2138 2704 2195 καὶ
2730 2136 2851 2193 οὐδέ
2874 2136 2973 2195 πού
3003 2153 3184 2207 φαμεν
3210 2136 3667 2207 κατηγοπσαντά

2088 2250 2208 2286 τινα
2234 2232 2334 2303 τῆς
2376 2231 2556 2294 οἰκίας
2587 2230 2688 2301 τῆς
2718 2229 2912 2287 ἑαυτοῦ
2936 2229 3087 2286 ἱέναι
3118 2227 3252 2299 πρὸς
3281 2228 3371 2282 τὸν
3397 2227 3547 2299 ἱερέα
3571 2225 3665 2280 τὸν

2088 2323 2389 2393 νομοθέτην
2444 2323 2652 2386 εἰπεῖν,
2693 2320 2881 2392 ὥσπερ
2924 2320 2981 2377 δὲ
3036 2320 3234 2391 μᾶλλον
3271 2320 3332 2393 ἐξ
3375 2318 3560 2388 ἰατροῦ
3586 2316 3665 2387 τῷ

2091 2412 2462 2483 συμϐεϐηκότι
2504 2412 2798 2483 φάρμακον
2823 2408 3195 2483 ὲξαιτήσοντα.
3245 2409 3460 2471 Ἐπειδὴ
3489 2409 3545 2462 δὲ
3573 2409 3664 2462 λε-

2088 2502 2404 2573 λεπρῶσθαι
2451 2502 2767 2574 δεδώκαμεν
2798 2502 2899 2574 τὴν
2945 2502 3055 2557 τῶν
3113 2501 3377 2559 Ἰουδαίων
3417 2502 3670 2568 Συναγω-

2087 2594 2212 2664 γὴν,
2239 2596 2371 2667 φέρε
2396 2595 2481 2660 τίς
2510 2598 2538 2652 6
2573 2595 2921 2665 ἀναγγέλλων
2951 2596 3011 2649 τὸ
3030 2595 3201 2658 πάθος
3234 2595 3380 2659 ὲστίς
3408 2594 3493 2658 τίς
3523 2594 3568 2646 δ’
3594 2588 3666 2647 αὖ

2088 2685 2249 2741 πάλιν
2272 2688 2301 2740 6
2334 2686 2533 2757 ἰερεὺς,
2555 2686 2631 2749 ὼς
2661 2685 2741 2740 ενι
2783 2686 2965 2749 καλῶς
2991 2686 3377 2756 θεωρήσωμεν.
3411 2685 3667 2755 Περικεί-

2090 2778 2200 2833 σθω
2249 2777 2315 2849 δὴ
2359 2774 2453 2832 οὖν
2499 2778 2561 2831 τὸ
2592 2777 2684 2832 τοῦ
2736 2778 3157 2846 ἀναγγέλλοντος
3205 2777 3518 2847 πρόσωπον,
3558 2775 3667 2833 τῶν

2089 2866 2256 2936 ἁγίων
2276 2866 2570 2937 προφητῶν
2590 2868 2619 2920 6
2636 2867 2817 2938 χορὸς,
2834 2872 2888 2927 οἳ
2910 2866 3003 2923 καὶ
3028 2865 3343 2936 ὲξήγγειλον
3356 2865 3435 2935 τῷ
3451 2866 3663 2920 πάντων

2086 2958 2335 3030 ἀρχιερεῖ
2360 2956 2454 3011 καὶ
2468 2957 2748 3031 προστάτῃ
2762 2958 2870 3011 τῶν
2892 2957 3053 3028 ἢμετέ
3060 2974 3168 3028 ρων
3179 2956 3390 3027 ψυχῶν,
3416 2956 3665 3011 τουτέστι

2088 3048 2330 3121 Χριστῷ,
2356 3049 2451 3103 καὶ
2492 3049 2599 3120 πρὸ
2629 3049 2728 3119 τῆς
2765 3048 3228 3121 ὲνανθρωπήσεως
3268 3048 3368 3119 τῆς
3401 3047 3669 3105 Ἰουδαίων

407 3154 582 3200 mrem
610 3161 624 3197 :
648 3143 974 3201 conﬁtentes
996 3144 1182 3201 adhere
1204 3158 1329 3199 eum
1362 3142 1619 3214 lacrymis
1646 3141 1867 3197 illorum
1891 3141 1986 3197 de-

2091 3139 2347 3205 ἀπονοίας
2366 3140 2433 3194 τὰ
2457 3139 2626 3210 πάθη,
2648 3141 2741 3193 καὶ
2752 3139 2850 3204 τὴν
2863 3140 2970 3194 τῶν
2988 3141 3203 3213 τρόπων
3229 3141 3554 3211 ἀνοσιότητα
3573 3130 3668 3195 καὶ

406 3235 557 3301 lieta,
588 3244 645 3292 et
676 3235 838 3291 simul
871 3236 1017 3305 ipsos
1044 3235 1336 3295 hortando.
1376 3235 1538 3309 362
1567 3234 1766 3305 Accipe
1803 3235 1986 3304 itaque

406 3326 725 3383 Iudaeorum
769 3341 985 3391 mores,
1018 3326 1338 3396 lepramque
1378 3324 1776 3394 deplorantem,
1817 3334 1874 3380 et
1917 3324 1987 3380 ab

409 3414 546 3485 ipsis
598 3414 873 3469 morsibus
921 3414 1077 3468 valde
1113 3414 1346 3483 petitum
1390 3412 1611 3467 beatum
1663 3413 1987 3482 prophetam

408 3502 739 3566 Ieremiam;
774 3504 853 3559 sic
882 3505 1030 3559 enim
1052 3504 1328 3574 precando
1357 3504 1435 3559 ait
1465 3521 1477 3557 :
1523 3504 1781 3559 (Peccata
1804 3510 1989 3557 nostra

409 3596 739 3652 restiterunt
768 3594 948 3658 nobis,
990 3596 1241 3650 Domine.
1278 3596 1386 3650 Fac
1424 3595 1585 3650 nobis
1619 3602 1844 3664 propter
1887 3607 1989 3647 no-

410 3703 540 3744 men
585 3695 764 3752 tuum,
798 3685 930 3757 quia
958 3686 1130 3740 multa
1173 3692 1302 3740 sunt
1334 3692 1560 3755 peccata
1585 3692 1774 3740 nostra
1803 3698 1990 3739 coram

410 3788 487 3836 te.
516 3777 640 3835 Tibi
674 3778 1043 3851 peccavimus.
1078 3776 1430 3848 Exspectatio
1452 3776 1622 3833 Israel
1649 3818 1663 3842 ,
1712 3776 1944 3832 Domine
1972 3792 1985 3828 :

409 3882 467 3929 et
490 3872 725 3929 salvabis
756 3873 815 3928 in
860 3880 1109 3944 tempore
1144 3872 1436 3928 malorum.
1493 3870 1675 3940 Quare
1712 3870 1892 3927 factus
1930 3887 1992 3927 es

412 3962 556 4018 sicut
584 3963 794 4019 advena
823 3963 880 4018 in
923 3972 1091 4030 terra,
1137 3971 1193 4019 et
1228 3963 1388 4034 quasi
1414 3961 1672 4034 indigena
1710 3962 1992 4018 divertens

411 4052 470 4108 in
517 4052 916 4111 diversorium?
952 4053 1211 4123 Nunquid
1249 4054 1362 4111 eris
1415 4054 1573 4126 quasi
1634 4054 1802 4110 homo
1859 4054 1991 4109 dor-

410 4143 612 4209 miens,
636 4144 723 4199 vel
744 4143 903 4214 quasi
936 4143 1017 4199 vir
1040 4144 1136 4215 qui
1177 4145 1389 4201 salvare
1418 4145 1700 4216 nequeat?
1749 4145 1818 4200 Et
1841 4153 1898 4200 tu
1934 4144 1992 4200 in

410 4234 575 4290 nobis
595 4250 676 4300 es,
726 4233 987 4297 Domine,
1041 4243 1098 4289 et
1137 4250 1340 4291 nomen
1366 4245 1520 4291 tuum
1556 4237 1868 4292 invocatum
1910 4246 1995 4293 est

413 4336 583 4392 super:
629 4336 751 4387 nos,
810 4336 881 4377 ne
936 4322 1281 4379 obliviscaris
1332 4326 1591 4380 nostri“.
1628 4344 1646 4377 ι
1703 4325 1772 4381 Ει
1814 4326 1989 4381 alibi:

422 4434 442 4464 ‹
477 4414 570 4471 Vm
599 4414 733 4469 milii
779 4414 962 4470 anima
991 4432 1005 4469 :
1047 4416 1177 4485 quia
1204 4415 1368 4486 periit
1387 4417 1511 4487 pius
1528 4417 1595 4474 de
1612 4425 1777 4483 terra,
1803 4426 1859 4472 et
1880 4432 1990 4474 non

2090 3233 2439 3304 καταφθοράν
2464 3232 2526 3285 οὐ
2563 3233 2712 3304 μίσει
2736 3235 2828 3287 καὶ
2859 3233 3123 3305 ἀπεχθείᾳ
3144 3233 3277 3305 πρὸς
3303 3234 3546 3297 ἐκείνους
3573 3250 3670 3287 που

2093 3324 2209 3387 θὲν.
2252 3323 2365 3381 ἀλλ’
2388 3324 2528 3379 αἰδοῖ
2548 3327 2612 3396 τῇ
2643 3325 2772 3395 περὶ
2800 3324 2892 3387 τὸν
2914 3325 3211 3396 εὐεργέτην
3233 3324 3544 3395 νικώμενοι,
3575 3326 3671 3379 καὶ

2092 3414 2573 3485 συνομολογοῦντες
2597 3416 2693 3486 μὲν
2718 3416 2821 3469 οὐκ
2849 3416 3112 3488 ἀδακρυτὶ
3158 3416 3226 3469 τά
3249 3416 3468 3471 ἐκείνων
3489 3416 3673 3487 πλημ-

2094 3506 2231 3576 μελή
2240 3505 2677 3577 ματα,ὲλεείσθαι
2692 3506 2737 3558 δ’
2753 3506 2846 3561 οὖν
2858 3508 3006 3578 ὅμως
3019 3507 3459 3578 παρακαλοῦντες
3474 3507 3666 3577 αὑτήν.

2091 3597 2201 3652 Καί
2229 3613 2320 3668 μοι
2347 3597 2507 3651 πάλιν
2536 3598 2615 3661 εἰς
2649 3598 2803 3651 τοῦτο
2824 3598 2979 3669 δέχου
3016 3599 3214 3670 τρόπον
3253 3598 3375 3652 τινά
3400 3598 3500 3669 τὴν
3538 3599 3671 3651 ’1ου-

2091 3688 2258 3743 δαίων
2285 3687 2589 3759 οἰμώζοντα
2629 3690 2857 3761 λέπραν,
2894 3691 2986 3745 καὶ
3010 3690 3097 3743 ἐπ’
3127 3691 3263 3762 αὐτῇ
3295 3690 3415 3744 λίαν
3436 3689 3670 3744 καταδα-

2093 3779 2371 3851 κνώμενον
2398 3780 2489 3834 τὸν
2531 3782 2804 3852 μακάριον
2837 3782 3122 3853 προφήτην
3167 3781 3436 3853 Ἰερεμίαν
3455 3822 3470 3846 ,
3501 3780 3567 3833 δι’
3594 3772 3671 3832 ὧν

2092 3870 2236 3925 οὕτω
2287 3871 2452 3942 φησιν
2500 3872 2968 3944 προσευχόμενος·
3021 3892 3040 3925 ι
3088 3873 3156 3926 Αἱ
3204 3873 3473 3945 ἁμαρτίαι
3511 3872 3673 3943 ἡμῶν

2092 3964 2426 4035 ἀντέστησαν
2473 3966 2638 4035 ἡμῖν,
2671 3965 2866 4035 Κύριε.
2906 3965 3137 4035 Ποίησον
3170 3966 3304 4037 ἡμῖν
3345 3965 3532 4020 ἕνεκεν
3574 3964 3671 4018 τοῦ

2093 4056 2392 4127 ὀνόματος,
2447 4056 2529 4110 ὅτι
2581 4056 2776 4111 πολλαὶ
2823 4057 2881 4110 αἰ
2915 4056 3180 4128 ἁμαρτίαι
3229 4056 3386 4127 ήμῶν
3427 4056 3672 4110 ἐναντίον

2097 4163 2212 4199 σου.
2248 4146 2339 4199 Σοὶ
2364 4145 2704 4218 ἡμάρτομεν.
2753 4145 3031 4218 ’Υπομονὴ
3074 4146 3310 4218 Ἰσραὴλ,
3338 4147 3509 4219 Κύριε
3529 4187 3545 4212 ,
3578 4148 3675 4201 καὶ

2097 4234 2291 4299 σώσεις
2330 4237 2385 4288 ὲν
2410 4235 2590 4308 καιρῷ
2620 4236 2829 4291 κακῶν.
2861 4236 2976 4291 ’Ὶνα
3011 4237 3064 4289 τί
3090 4236 3352 4309 ὲγενήθης
3375 4237 3510 4290 ὡσεὶ
3537 4238 3675 4309 πάρ-

2094 4344 2241 4392 οικος
2271 4328 2363 4382 ἐπὶ
2395 4328 2494 4400 τῆς
2536 4329 2673 4400 γῆς,
2723 4330 2817 4383 καί
2859 4329 2934 4392 ώς
2972 4328 3250 4400 αὐτόχθων
3294 4329 3556 4385 ἐκκλίνων
3593 4332 3674 4395 εἰς

2096 4418 2405 4490 κατάλυμα;
2440 4420 2531 4489 Μὴ
2560 4418 2660 4493 ἔσῃ
2686 4419 2762 4485 ὠς
2808 4419 3092 4491 ἄνθρωπος
3123 4420 3325 4485 ὑπνῶν,
3353 4421 3387 4492 ἢ
3418 4420 3495 4485 ώς
3529 4422 3673 4493 ἀνὴρ

413 4511 501 4559 est
527 4503 583 4559 in
617 4503 936 4559 hominibus
968 4504 1064 4575 qui
1093 4504 1351 4575 corrigat.
1396 4505 1599 4561 Omnes
1624 4507 1676 4561 in
1699 4507 1987 4578 sanguines

2101 4512 2176 4585 μὴ
2202 4512 2496 4582 δυνάμενος
2526 4511 2718 4576 σώζειν
2740 4530 2756 4580 ;
2782 4512 2892 4568 Καὶ
2922 4514 2987 4567 σὺ
3019 4516 3075 4567 ὲν
3105 4515 3236 4585 ἡμῖν
3262 4511 3333 4580 εἰ,
3360 4514 3551 4586 Κύριε,
3577 4517 3674 4570 καὶ

414 4592 730 4661 iudicantur
766 4611 780 4647 :
813 4593 1191 4665 unusquisque
1226 4595 1535 4666 proximum
1561 4612 1720 4651 suum
1757 4597 1989 4653 tribula-

414 4684 564 4740 tione
588 4684 835 4740 tribulat.
864 4684 923 4739 ln
956 4687 1159 4741 malum
1189 4701 1384 4742 manus
1408 4702 1535 4742 suas
1565 4689 1984 4757 praeparant“:

418 4775 477 4829 ln
497 4776 694 4831 talibus
722 4776 927 4832 etenim
951 4778 1346 4848 prophetarum
1378 4778 1628 4833 lamentis
1663 4779 1877 4835 lsraelis
1919 4781 1993 4835 le-

414 4884 571 4937 pram
612 4869 889 4939 deplorari
942 4870 1218 4926 audimus.
1267 4870 1486 4924 Mandat
1534 4882 1685 4925 certe
1735 4873 1992 4928 sacerdos

414 4962 640 5016 domum
675 4965 836 5019 talem
879 4963 1195 5020 instaurari.
1220 4962 1585 5018 Formidanda
1612 4964 1761 5017 enim
1787 4964 1882 5019 Dei
1909 4973 1994 5019 est

416 5054 823 5111 animadversio
851 5056 908 5111 in
934 5065 1121 5112 nostra
1158 5055 1413 5112 crimina.
1439 5056 1583 5110 ltcos
1624 5056 1769 5110 enim
1807 5057 1993 5126 puniri

416 5162 514 5215 par
544 5158 648 5203 est.
679 5147 739 5204 In
764 5149 967 5220 quibus
991 5149 1235 5222 profecto
1256 5148 1412 5204 malis
1444 5149 1747 5220 imperatur
1783 5150 1991 5220 amplc-

415 5237 613 5292 ctenda
676 5241 970 5311 purgatio,
1034 5255 1141 5310 qua
1203 5240 1540 5311 benignitate
1589 5240 1854 5310 praeditus
1907 5249 1993 5295 est

415 5328 581 5395 Deus,
607 5330 1047 5402 detergendaque
1090 5332 1243 5403 lepra
1289 5332 1531 5387 immissa
1563 5350 1576 5385 :
1609 5343 1665 5387 et
1696 5333 1775 5388 sic
1798 5333 1993 5388 evitari

416 5437 574 5491 posse
599 5424 937 5492 speculantis
957 5424 1054 5479 Dei
1072 5425 1341 5496 justitiam
1371 5442 1384 5479 :
1414 5434 1474 5480 ut
1500 5425 1576 5479 illi
1602 5424 1750 5480 dicto
1773 5436 1991 5495 pareat:

425 5533 442 5561 ‹
473 5514 617 5571 Lava
646 5531 676 5570 a
707 5516 917 5572 malitia
946 5532 1041 5572 cor
1056 5526 1234 5582 tuum,
1253 5517 1579 5582 Jerusalem,
1614 5525 1675 5570 ut
1703 5518 1852 5572 salva
1875 5517 1990 5572 fias.

419 5599 714 5674 lisquequo
737 5607 1046 5662 subsistunt
1070 5608 1123 5662 in
1159 5616 1209 5661 tc
1234 5608 1593 5677 cogitationes
1612 5608 1861 5663 laborum
1880 5618 1996 5663 tuo-

482 5723 524 5753 "
557 5720 757 5777 Jcrcm.
793 5735 908 5783 xw,
946 5719 1064 5773 7-9.
1136 5720 1178 5750 θ’
1219 5720 1380 5774 Mich.
1425 5736 1521 5780 vn,
1570 5719 1683 5771 l-5.

2098 4604 2160 4658 τὸ
2188 4604 2358 4675 ὄνομά
2395 4620 2489 4658 σου
2529 4603 2884 4676 ἐπικέκληται
2913 4604 2997 4673 ἐφ’
3040 4607 3207 4676 ἡμᾶς,
3253 4606 3328 4678 μὴ
3356 4605 3609 4677 ὲπιλάθῃ.
3648 4626 3667 4661 ι

2100 4678 2412 4749 naniam;-
2451 4714 2468 4745 ι
2500 4694 2663 4766 Οίμοι
2706 4694 2873 4766 ψυχὴ,
2903 4696 2985 4749 ὃτι
3006 4694 3283 4749 ἀπόλωλεν
3312 4696 3541 4767 εὐλαϐὴς
3564 4696 3674 4751 ἀπὸ

2098 4787 2200 4857 τῆς
2228 4787 2333 4856 γῆς
2355 4827 2369 4851 ,
2402 4785 2497 4841 καὶ
2536 4787 2818 4857 κατορθῶν
2853 4788 2912 4841 ὲν
2943 4787 3252 4859 ἀνθρώποις
3287 4789 3385 4860 οὐχ
3417 4790 3668 4861 ὑπάρχει.

2099 4878 2307 4941 Πάντες
2348 4880 2426 4940 εἰς
2461 4878 2671 4949 αἵματα
2699 4879 3031 4944 δικάζονται,
3065 4879 3293 4944 ἕκαστος
3322 4880 3413 4935 τὸν
3448 4881 3672 4950 πλησίον

2099 4966 2263 5021 αὐτοῦ
2295 4966 2637 5022 ἐκθλίϐουσιν
2659 4968 2904 5040 ἐκθλιϐῇ.
2936 4970 3057 5023 Ἐπὶ
3080 4970 3141 5024 τὸ
3161 4970 3329 5025 κακὸν
3366 4971 3460 5036 τὰς
3485 4974 3671 5041 χεῖρας

2100 5058 2281 5113 αὐτῶν
2311 5056 2710 5131 ἑτοιμάζουσιν.
2745 5080 2763 5112 ι
2822 5062 2909 5114 Ἐν
2948 5062 3057 5132 γάρ
3098 5064 3211 5127 τοῖς
3236 5064 3497 5128 τοιούτοις
3535 5063 3670 5134 θρη-

2100 5152 2304 5223 νήμασι
2338 5152 2444 5205 τῶν
2474 5153 2767 5225 προφητῶν
2789 5192 2803 5218 ,
2827 5154 2927 5225 τὴν
2954 5154 3083 5226 περὶ
3109 5153 3203 5209 τοῦ
3233 5154 3541 5226 λεπρῶσθαι
3578 5156 3670 5209 τὸν

2113 5242 2327 5314 Ἰσραὴλ
2357 5244 2733 5316 παραγγελίαν
2780 5244 3214 5317 παραδεξόμεθα.
3242 5246 3576 5317 Προστάττει
3603 5262 3669 5315 γε

2089 5334 2196 5406 μὴν
2229 5335 2258 5386 6
2288 5332 2465 5404 ίερεὺς
2514 5333 2889 5386 ἀποσκευάσαι
2947 5332 3045 5402 τὴν
3075 5330 3252 5385 οίκίαν
3293 5332 3391 5402 (Ι).
3422 5331 3668 5400 Φοϐερω-

2085 5426 2220 5496 τάτη
2252 5425 2351 5495 μὲν
2371 5426 2477 5494 γὰρ
2499 5426 2532 5494 ἡ
2552 5425 2645 5477 ὲπί
2660 5427 2770 5487 τοῖς
2786 5424 2891 5494 πλη
2901 5424 3217 5494 μμελήμασι
3241 5425 3353 5487 τοῖς
3381 5424 3667 5493 ἡμετέροις

2095 5514 2366 5586 ὲπισκοπὴ
2407 5515 2502 5569 τοῦ
2532 5516 2664 5570 Θεοῦ
2696 5517 2925 5585 γίνεται.
2976 5515 3314 5580 Κολάζεσθαι
3350 5517 3405 5569 δὲ
3452 5515 3674 5591 ἀνάγκη

2095 5609 2219 5671 τοὺς
2246 5608 2461 5678 ἐνόχους
2490 5608 2671 5676 ὄντας,
2688 5605 2767 5673 οἷς
2785 5610 2848 5665 ἂν
2878 5610 2978 5682 ἤδη
3013 5612 3201 5674 κακοῖς
3228 5609 3318 5664 διὰ
3356 5606 3512 5662 τοῦτο
3539 5603 3664 5677 φιλ-

480 5817 558 5883 (Η
592 5815 773 5872 Codex
801 5811 1116 5868 Ιίαιιιῑιιιιιιδ
1141 5812 1305 5875 addit,
1345 5812 1444 5877 πρὸ
1474 5811 1562 5864 το)
1593 5808 1894 5863 ;Ξπ;ῖ⁴.οὖλῖκ
1930 5809 2050 5865 πᾶν
2084 5808 2176 5880 τὴν
2209 5807 2401 5862 οἷκέαν.
