4094 6282
295 414 401 471 509

1261 414 1781 475 GLAPHYRORUH
1820 415 1886 475 lN
1930 416 2302 475 LEVITICUM
2340 415 2565 474 LIBER.

3438 416 3541 473 570

299 525 581 598 ἅνθρωπος
626 527 733 591 ὣν,
796 528 1163 599 παραγγέλλει
1227 506 1602 606 καθαρισμοὺς
1644 536 1865 608 ἀγαπᾷν

1971 551 2090 591 rum
2106 534 2188 590 “‘t
2226 556 2243 587 ι
2277 535 2551 591 Laborem
2592 542 2777 591 autem
2827 533 3185 603 cogitationes
3233 530 3546 604 intelligunt

298 617 392 671 καὶ
419 616 516 689 τὴν
538 617 918 689 ὲπισκήψασαν
946 620 1098 674 νόσον
1126 621 1626 687 ἀποσκευάζεσθαι.
1646 624 1868 693 φθάνειν

299 727 359 763 τε
408 706 550 762 οὕτω
594 710 695 779 τὴν
728 714 794 764 ὲκ
840 714 939 783 τῆς
974 713 1315 787 ἐπισκέψεως
1357 715 1546 787 δίκην,
1585 717 1661 782 ὡς
1694 719 1752 771 ὲν
1786 717 1866 787 τῷ

303 816 322 848 ι
368 797 700 855 Ἀπόπλυνον
754 800 863 854 ἀπὸ
907 802 1105 866 κακίας
1121 803 1220 873 τὴν
1258 804 1484 876 καρδίαν
1515 822 1630 873 σου,
1671 805 1865 878 Ἰερου-

300 887 515 961 σαλὴμ,
557 889 644 943 ἳνα
694 890 892 962 σωθῇς.
930 892 1074 958 Ἕως
1119 894 1248 948 πότε
1293 894 1630 967 ὑπάρχουσιν
1673 898 1734 952 ἐν
1784 897 1868 951 σοι

1971 628 2222 685 nonnulli
2249 636 2421 692 recte,
2446 627 2530 681 vel
2566 625 2792 680 omnino
2820 625 2889 679 de
2926 625 2995 679 iis
3029 625 3329 688 laboribus,
3366 641 3542 696 quan-

1972 715 2045 771 do
2071 715 2144 770 ob
2186 714 2387 770 delicta
2420 729 2597 786 poena:
2630 714 2964 769 inferuntur.
2993 714 3092 769 llic
3138 715 3323 785 itaque
3358 717 3544 771 consi-

1972 807 2103 862 dera
2146 806 2488 863 sacerdme
2539 806 2905 875 imperantem
2957 806 3160 876 depelli
3202 823 3424 873 causas,
3473 807 3546 863 ob

1973 911 2111 967 quas
2132 896 2279 968 juste
2302 896 2577 967 intelligas
2600 896 2657 950 in
2688 910 2879 964 pgenas
2906 894 3144 964 aliquem
3169 897 3450 954 incidisse.

297 982 634 1054 διαλογισμοὶ
681 984 859 1039 πόνων
911 1002 1034 1053 σου;
1091 1006 1110 1040 ι
1163 988 1352 1042 Πόνων
1408 989 1469 1043 δὲ
1517 990 1857 1061 διαλογισμοί
1932 1006 2079 1053 τινες
2114 988 2181 1044 ἂν
2223 989 2412 1044 νοοῖντ⁸
2464 987 2531 1043 ἂν
2601 988 2848 1053 εἰκότως,
2887 988 2921 1058 ἦ
2963 989 3161 1042 ἐκεῖνοι
3199 988 3263 1059 δὴ
3321 989 3542 1054 πάντως

297 1074 363 1127 δι’
391 1071 466 1130 ὧν
493 1079 572 1141 εἰς
600 1079 797 1142 πόνους
827 1080 920 1133 καὶ
951 1078 1048 1143 τὰς
1071 1081 1164 1135 ἐπὶ
1195 1084 1315 1145 ταῖς
1363 1082 1762 1155 πλημμελείαις
1819 1080 1976 1147 δίκας
2005 1080 2379 1151 εἰσελθόμεθα.
2400 1080 2543 1153 Ὅρα
2560 1080 2739 1134 τοίνυν
2788 1081 2848 1134 ὲν
2915 1077 3126 1143 τούτοις
3190 1080 3548 1135 ἐπιτάττοντα

298 1168 386 1222 τὸν
419 1168 567 1240 ἱερέα
601 1173 1178 1241 προαποσκευὰζεσθαι
1210 1175 1309 1240 τὰς
1338 1176 1542 1244 αἰτίας,
1606 1179 1693 1247 ἔφ’
1724 1173 1813 1243 αἷς
1874 1179 1939 1233 ἂν
1972 1176 2130 1232 νοοῖτ’
2175 1175 2243 1231 ἄν
2302 1192 2386 1241 τις
2432 1175 2657 1240 εἰκότως
2732 1174 3128 1229 ὑποπεσεῖσθαι
3195 1176 3316 1239 ταῖς
3374 1191 3549 1244 τιμω-

300 1275 460 1328 ριαις.
1578 1308 1596 1320 -

364 1349 434 1416 γ’.
468 1344 601 1403 Εἶτά
638 1366 793 1420 φησιο
825 1371 843 1401 σ
875 1352 984 1407 Καὶ
1012 1354 1376 1411 εἰσελεύσεται
1404 1358 1434 1411 6
1461 1359 1663 1430 ἱερεὺς,
1691 1376 1865 1414 κατα-

300 1441 493 1512 μαθεῖν
521 1442 621 1511 τὴν
651 1443 851 1505 οἰκίαν,
881 1444 973 1497 καὶ
1009 1446 1200 1515 ὄψεται
1228 1448 1326 1520 τὴν
1357 1449 1519 1521 ἁφὴν.
1544 1450 1639 1505 καὶ
1681 1450 1791 1504 ἰδοὺ
1828 1451 1865 1521 ἡ

297 1529 411 1600 ἁφὴ
434 1531 491 1584 ὲν
515 1531 627 1593 τοῖς
648 1531 868 1601 τοίχοις.
908 1550 926 1583 ι
954 1533 1062 1587 Καὶ
1086 1535 1268 1590 πάλιν·
1293 1554 1315 1590 ι
1349 1537 1608 1605 Ἑξελθὼν
1634 1540 1663 1594 6
1688 1539 1866 1611 ἱερεὺς

233 1683 250 1699 ο
300 1624 364 1673 ὲκ
386 1622 485 1691 τῆς
512 1621 688 1684 οἰκίας
719 1622 812 1674 ἐπὶ
848 1622 946 1694 τὴν
977 1622 1144 1696 θύραν
1175 1627 1271 1699 τῆς
1295 1630 1491 1693 οἰκίας,
1526 1630 1621 1683 καὶ
1654 1630 1871 1702 ἀφοριεϊ

300 1712 328 1762 ὁ
362 1710 539 1780 ἱερεὺς
568 1708 666 1780 τὴν
710 1710 887 1764 οἰκίαν
935 1713 1071 1765 ἑπτὰ
1107 1715 1341 1786 ἡμέρας.
1379 1735 1397 1767 ι
1442 1718 1595 1771 Μετὰ
1634 1716 1743 1788 γὰρ
1770 1716 1870 1786 τὴν

304 1801 362 1866 ὲξ
390 1800 725 1871 ἀγαθότητος
760 1802 1206 1873 προσδιαστολὴν,
1237 1808 1331 1862 καὶ
1368 1809 1428 1860 τὸ
1454 1809 1543 1861 ἐπὶ
1587 1808 1726 1861 ἑπτὰ
1756 1808 1867 1863 δεῖν
1902 1788 1943 1847 Β

308 1890 715 1961 προκαθῆρται,
748 1895 1044 1967 φαινομένη
1076 1896 1235 1949 πάλιν
1272 1900 1306 1967 ἡ
1340 1898 1610 1969 φαυλότης
1647 1901 1704 1952 ὲν
1736 1900 1866 1969 σχή-

309 1998 440 2051 ματι
463 1981 666 2052 λέπρας
689 1985 768 2048 εἰς
797 1983 1018 2053 εὔλογον
1048 1987 1412 2058 ἀγανάκτησιν
1440 1989 1704 2057 κέκληκεν
1730 1990 1870 2044 εἰκό-

302 2090 413 2135 τως
435 2072 527 2124 τὸν
557 2074 737 2143 ἰερέα,
772 2073 834 2127 τὺ
880 2074 1022 2130 θεῖον
1056 2078 1113 2129 ὲν
1155 2080 1367 2143 τούτοις
1396 2079 1664 2150 φοροῦντα
1701 2081 1871 2151 πρόσ-

298 2180 467 2217 ωπον.
500 2163 591 2216 Διὸ
609 2164 672 2235 δὴ
713 2164 876 2218 πάλιν
900 2166 1245 2231 ἐποπτεύσας
1271 2169 1370 2241 τὴν
1404 2170 1566 2240 ἁφὴν,
1603 2170 1870 2235 τουτέστι,

300 2252 370 2306 τὰ
402 2252 496 2306 τοῦ
526 2254 732 2318 πάθους
759 2258 962 2327 σημεῖα
992 2259 1086 2311 καὶ
1123 2256 1388 2329 σύμϐολα,
1421 2260 1523 2331 τὴν
1552 2259 1729 2315 οἰκίαν
1769 2260 1874 2328 ἀφ-

300 2344 501 2413 ώρισεν
552 2346 632 2406 είς
687 2345 813 2409 ὅλας
869 2345 1081 2418 ἡμέρας
1140 2347 1300 2401 ἑπτά.
1340 2348 1724 2421 Λελυπημένος
1761 2349 1873 2420 γὰρ

301 2435 391 2488 καὶ
426 2434 546 2489 λίαν
573 2437 800 2501 εἰκότως
829 2437 923 2490 ἐπὶ
961 2440 1079 2502 ταῖς
1120 2439 1201 2502 εἰς
1242 2438 1334 2493 τὸν
1362 2439 1526 2510 νόμον
1564 2439 1870 2510 παροινίαις

301 2528 409 2580 τῶν
440 2528 497 2595 ἐξ
548 2529 799 2600 Ἰσραὴλ,
835 2530 931 2582 καί
981 2548 1062 2583 τοι
1107 2530 1484 2602 φιλάνθρωπος
1522 2531 1599 2585 ὢν
1639 2534 1668 2584 6
1716 2531 1869 2597 Θεὸς,

303 2619 575 2689 ἐξέπεμψε
621 2619 828 2682 πάντας
878 2622 959 2685 εἰς
1019 2621 1422 2692 αἰχμαλωσίαν,
1472 2622 1745 2694 παραδοὺς
1792 2624 1873 2687 εἰς

303 2715 458 2782 χεῖρα
506 2710 615 2764 τῶν
657 2710 1011 2766 Βαϐυλωνίων
1041 2714 1123 2783 ἐφ’
1154 2712 1294 2778 ὅλοις
1323 2714 1467 2768 ἔτεσι
1499 2715 1590 2768 τὸν
1639 2714 1873 2786 ἀριθμὸν

306 2801 697 2871 ἑϐδομήκοντασ
746 2801 961 2872 ἡμέραν
1003 2801 1057 2854 δὲ
1106 2803 1235 2874 μίαν
1279 2804 1360 2866 εἰς
1411 2804 1545 2856 δέκα
1592 2803 1870 2867 τεθεικώς.

316 2895 489 2948 Ἐπτά
534 2912 696 2965 φησιν
735 2890 872 2947 εἶναι
905 2895 1004 2958 τὰς
1035 2894 1245 2965 ἡμέρας
1289 2894 1382 2947 τοῦ
1425 2893 1730 2966 ἀφορισμοῦ
1773 2896 1874 2965 τῆς

305 2985 498 3050 οἰκίας,
533 2984 633 3055 τὴν
670 2984 881 3055 ἡμέραν
917 2986 997 3047 εἰς
1021 2983 1296 3047 ἐνιαυτοὺς
1333 2984 1463 3037 δέκα
1502 2982 1870 3054 λογιζόμενος,

2032 1357 2086 1412 5.
2115 1356 2325 1413 Deinde
2352 1358 2430 1413 ait
2457 1356 2742 1429 Scriptura
2766 1374 2779 1411 :
2814 1376 2833 1408 ι
2867 1357 2937 1413 Et
2967 1358 3309 1428 ingredietur
3359 1374 3545 1416 sacer-

1962 1448 2065 1505 dos
2101 1449 2171 1504 ad
2208 1447 2646 1519 cognoscendam
2670 1448 2895 1503 domum
2916 1487 2932 1512 ,
2974 1459 3031 1504 et
3057 1449 3287 1519 aspiciet
3319 1458 3543 1517 tactum,

1961 1550 2018 1596 et
2046 1556 2176 1596 ecce
2230 1549 2409 1595 tactus
2445 1539 2502 1593 in
2535 1538 2842 1609 parietibus
2884 1539 3080 1595 domus
3114 1542 3182 1594 δ’.
3231 1559 3250 1593 ι
3301 1541 3370 1597 Ει
3423 1559 3549 1597 rur-

1964 1648 2089 1689 sum
2124 1650 2136 1686 :
2171 1650 2190 1682 ι
2219 1630 2520 1702 Egrediens
2563 1631 2820 1687 sacerdos
2858 1633 3085 1688 domum
3125 1632 3193 1688 ad
3217 1634 3421 1688 ostium
3445 1635 3546 1690 do-

1970 1738 2114 1789 mus,
2148 1731 2206 1779 et
2237 1722 2456 1777 claudet
2480 1721 2629 1776 illam
2677 1722 2939 1778 sacerdos
2960 1730 3170 1795 septem
3195 1724 3475 1781 diebus".
3516 1744 3536 1778 ι

1970 1815 2100 1870 Post
2128 1814 2244 1870 haec
2278 1828 2311 1868 e
2338 1813 2484 1868 bono
2516 1813 2900 1878 mutationem,
2943 1822 3001 1869 et
3026 1823 3152 1885 post
3179 1815 3297 1870 dies
3338 1823 3547 1885 septem

1965 1906 2187 1978 purgari
2233 1914 2490 1975 oportere
2513 1904 2698 1960 denuo
2744 1905 2988 1961 ostendit
3028 1906 3294 1961 malitiam
3331 1906 3434 1961 sub
3472 1907 3550 1961 lc-

1966 2013 2079 2067 pra:
2118 1996 2313 2067 ﬁgura,
2361 1996 2428 2052 ad
2468 1996 2599 2051 boni
2648 1997 2851 2053 ominis
2882 1998 3167 2067 querelam
3218 1997 3418 2051 merito
3457 2011 3551 2051 vo-

1967 2087 2111 2142 cavit
2134 2086 2496 2153 sacerdotem,
2524 2086 2619 2157 qui
2659 2088 2756 2144 Dei
2786 2089 3056 2143 sustineat
3084 2103 3390 2158 personam.
3411 2089 3551 2142 Rur-

1967 2194 2089 2234 sum
2117 2178 2299 2248 itaque
2325 2179 2637 2249 speculatus
2659 2188 2887 2245 tactum,
2918 2179 2973 2235 id
2995 2188 3100 2244 est,
3120 2178 3301 2234 morbi
3318 2179 3470 2249 signa
3489 2193 3552 2234 ac

1968 2270 2233 2338 symbola,
2245 2269 2468 2325 domum
2492 2270 2550 2324 in
2567 2278 2776 2343 septem
2792 2272 3191 2344 segregatdies.
3207 2271 3548 2342 Egerenim,

1967 2358 2130 2429 363
2154 2367 2210 2414 et
2228 2359 2450 2429 quidem
2481 2362 2928 2430 prmvaricatione
2950 2362 3129 2432 gentis
3155 2361 3549 2425 lsraelitarum,

1969 2450 2074 2503 etsi
2103 2449 2376 2521 benignus
2396 2460 2482 2507 est
2506 2452 2654 2507 Deus
2689 2453 2757 2517 ⁷⁸,
2782 2468 2975 2507 omnes
3024 2452 3272 2522 captivos
3318 2452 3549 2522 redegit,

1972 2540 2197 2597 tradens
2250 2558 2347 2597 eos
2390 2542 2448 2597 in
2494 2542 2924 2615 Babyloniorum
2952 2559 3170 2609 manus,
3202 2558 3376 2598 annos
3403 2543 3553 2613 ipsos

1971 2633 2316 2704 septuaginta
2350 2652 2363 2688 :
2405 2650 2578 2690 unum
2624 2636 2890 2690 nimirum
2933 2636 3081 2690 diem
3111 2636 3168 2689 in
3202 2634 3393 2690 decem
3435 2633 3552 2688 dis-

1974 2725 2234 2793 pertiens.
2263 2724 2485 2795 Septem
2514 2726 2661 2781 enim
2700 2726 2820 2782 dies
2858 2735 2988 2781 sunt
3020 2724 3416 2796 segregationis
3450 2724 3551 2778 do-

1972 2837 2114 2887 mus,
2142 2821 2262 2882 dies
2294 2822 2348 2876 in
2372 2837 2548 2876 annos
2571 2837 2868 2877 numerans
2898 2820 3110 2883 decem,
3142 2830 3204 2873 ut
3230 2828 3316 2873 est
3344 2835 3375 2873 a
3418 2833 3550 2887 pro-

1974 2911 2139 2981 pheta
2168 2911 2454 2965 Ezechiele
2486 2911 2693 2965 dictum
2725 2929 2738 2963 :
2775 2930 2792 2962 ι
2833 2909 2988 2963 Diem
3042 2910 3100 2964 in
3145 2924 3348 2963 annum
3394 2907 3553 2977 posui

1976 3002 2078 3056 tibi
2124 3003 2189 3055 ".
2222 3022 2240 3053 ι
2279 3000 2549 3072 Obsignat
2575 3017 2708 3057 vero
2769 3001 3060 3070 ﬁrmatque
3106 3015 3415 3055 sermonem
3452 3015 3554 3070 pro

304 3076 445 3130 κατὰ
485 3076 545 3128 τὸ
574 3076 866 3147 εἰρημένον
908 3076 986 3147 τῷ
1018 3078 1270 3149 προφήτῃ
1317 3076 1593 3147 Ἰεζεχιήλ”
1631 3095 1650 3128 ‹
1709 3075 1872 3146 Ἡμέ-

1979 3094 2257 3166 Synagoga
2293 3102 2551 3164 precatus
2579 3093 2721 3164 apud
2750 3093 3069 3148 Zachariam
3096 3101 3278 3149 vatem
3302 3093 3553 3162 angelus,

309 3184 406 3237 ραν
444 3169 687 3220 ἐνιαυτὸν
724 3168 945 3221 τέθεικά
987 3185 1087 3222 σοι.
1145 3187 1163 3219 ι
1221 3170 1605 3240 Ἐπισφραγιεϊ
1643 3170 1739 3223 καὶ
1781 3169 1872 3222 τὸν
1904 3168 1947 3189 υ
1976 3201 2102 3242 cum
2137 3186 2215 3241 ai;

305 3258 485 3327 λόγον,
507 3261 599 3312 καὶ
634 3260 661 3313 ὀ
695 3264 820 3331 περὶ
848 3260 946 3329 τῆς
977 3260 1304 3330 Συναγωγῆς
1325 3260 1614 3332 εὐχόμενος
1640 3260 1871 3332 ἄγγελος

307 3349 365 3401 ἐν
393 3348 470 3419 τῷ
493 3350 764 3421 Ζαχαρία,
808 3350 1001 3419 λέγων·
1044 3371 1062 3403 ι
1103 3351 1272 3422 Κύριε
1316 3354 1737 3425 παντοκράτωρ,
1768 3353 1873 3417 ἕως

303 3442 542 3521 τίνος,ού
593 3443 667 3513 μὴ
713 3443 954 3514 ὲλεήσεις
994 3445 1093 3515 τὴν
1132 3443 1483 3518 Ἰερουσαλὴμ
1517 3447 1611 3500 καὶ
1649 3446 1747 3510 τὰς
1777 3446 1874 3501 πό-

301 3533 413 3597 λεις
475 3534 679 3597 Ἰούδα,
745 3534 812 3599 ἃς
868 3536 1181 3605 ὑπερεῖδες;
1236 3537 1405 3590 Τοῦτο
1472 3537 1871 3609 ἑϐδομηκοστὸν

304 3625 441 3689 ἔτος.
486 3645 504 3677 ι
535 3620 666 3680 Εἶτα
697 3627 856 3681 πάλιν
886 3629 1069 3699 φησιν,
1104 3629 1187 3682 ὅτι
1231 3649 1249 3682 ι
1297 3630 1587 3701 Ἐπανήξει
1628 3633 1656 3685 6
1692 3632 1872 3702 ἱερεὺς

302 3721 368 3788 τῇ
400 3717 581 3789 ἡμέρᾳ
608 3721 674 3789 τῇ
703 3718 923 3792 ἐϐδόμῃ.
965 3738 981 3770 ι
1015 3721 1125 3791 Τὴν
1162 3722 1217 3774 δὲ
1248 3721 1341 3773 τοῦ
1372 3721 1562 3795 ἱερέως
1588 3722 1867 3787 ἐπάνοδον,

301 3811 516 3881 νοήσεις
550 3812 606 3863 ὲν
633 3810 840 3874 τούτοις
868 3811 1054 3883 ἕτερον
1080 3813 1251 3877 οὐδὲν,
1286 3813 1319 3884 ἢ
1348 3813 1448 3883 τῆς
1480 3814 1575 3866 τοῦ
1613 3814 1748 3868 Θεοῦ
1780 3833 1872 3884 φι-

300 3900 651 3974 λανθρωπίας
682 3903 781 3973 τὴν
809 3904 888 3967 εἰς
910 3905 969 3957 τὸ
1004 3904 1153 3968 ἔθνος
1191 3907 1539 3978 ὲπιστροςρήψ
1574 3906 1652 3969 ὡς
1674 3907 1752 3977 τῷ
1782 3907 1871 3960 διὰ

301 3991 457 4044 τοῦτο
482 3991 609 4044 τάδε
635 3990 783 4060 λέγει
807 3991 1029 4064 Κύριος·
1069 4012 1089 4044 ι
1138 3994 1479 4062 Ἐπιστρέύω
1512 3996 1603 4047 ἐπὶ
1635 3994 1736 4066 τὴν
1774 3995 1870 4047 Ἱε-

304 4082 587 4154 ρουσαλὴμ
628 4084 685 4136 ὲν
728 4084 1019 4155 οἰκτιρμῷ,
1066 4085 1161 4137 καὶ
1192 4078 1336 4147 οἶκός
1379 4102 1479 4155 μου
1515 4086 1871 4156 ἀνοικοδομη-

302 4172 529 4243 θήσεται
562 4177 620 4226 ὲν
670 4175 859 4253 αὐτῇ,
884 4175 1031 4243 λέγει
1065 4176 1268 4246 Κύριος
1302 4177 1696 4247 παντοκράτωρ
1721 4216 1735 4241 ,
1777 4176 1873 4229 καὶ

308 4264 510 4335 μέτρον
553 4265 911 4337 ὲκταθήσεται
940 4268 1034 4320 ἐπὶ
1076 4266 1446 4339 Ἰερουσαλήμ.
1490 4287 1507 4319 ι
1545 4270 1614 4322 Ἣ
1646 4270 1740 4324 καὶ
1764 4269 1870 4323 πάι

301 4353 417 4418 λιν,
459 4355 536 4419 ὡς
582 4358 638 4408 ἐν
683 4357 897 4427 ἐκείνῳ
937 4375 955 4408 ι
1011 4358 1132 4410 Τίσι
1168 4358 1334 4411 διαθῶ
1385 4359 1652 4431 Ἑφραῒμ,
1707 4361 1871 4431 ὑπερ-

2269 3203 2281 3239 :
2332 3205 2351 3238 ι
2408 3185 2771 3255 Omnipotens
2821 3185 3071 3249 Domine,
3121 3184 3410 3255 quousque
3441 3198 3555 3236 non

1973 3278 2323 3333 misereberis
2351 3278 2675 3343 Jerusalem,
2701 3276 3037 3348 urbiumque
3080 3276 3243 3342 Juda,
3291 3290 3429 3346 quas
3461 3274 3557 3330 de-

1973 3368 2232 3438 spexisti?
2249 3368 2349 3423 Hic
2372 3377 2459 3424 est
2479 3368 2917 3439 septuagesimus
2938 3382 3117 3423 annus
3148 3368 3213 3421 ⁷³.
3241 3386 3259 3419 ι
3283 3367 3405 3421 Mox
3429 3365 3559 3420 sub-

1966 3457 2412 3528 jicitScriptura:
2439 3477 2457 3510 ι
2480 3458 2771 3514 Etredibit
2796 3458 3057 3514 sacerdos
3068 3456 3501 3527 diegseptimo“.
3529 3475 3551 3509 ι

1972 3550 2147 3617 Quem
2197 3551 2438 3606 reditum
2496 3550 2802 3606 sacerdotis
2852 3565 2964 3606 non
3018 3549 3188 3604 alium
3258 3547 3553 3618 intelliges,

1973 3655 2138 3710 quam
2177 3641 2234 3695 in
2266 3640 2390 3695 Filii
2439 3641 2539 3696 Dei
2595 3640 2979 3697 incarnatione
3008 3638 3348 3695 convertisse
3396 3652 3453 3691 se
3487 3635 3555 3690 ad

1972 3738 2181 3800 gentes,
2215 3740 2277 3784 ut
2311 3729 2557 3801 ejusdem
2597 3727 3045 3801 prophetze'vocc
3095 3728 3359 3784 Dominus
3388 3732 3556 3779 testa-

1974 3832 2063 3877 tur
2096 3840 2109 3875 :
2147 3842 2163 3872 ι
2194 3821 2498 3877 Convertar
2548 3822 2618 3876 ad
2648 3823 2957 3878 Jerusalem
3010 3823 3066 3873 in
3100 3815 3481 3872 misericordia
3538 3833 3552 3868 :

1972 3919 2029 3965 et
2057 3911 2253 3965 domus
2279 3926 2401 3965 mea
2457 3911 2859 3967 instaurabitur
2899 3911 2957 3963 in
2998 3906 3239 3972 ea,dicit
3285 3905 3554 3961 Dominus

1973 4000 2323 4072 omnipotens
2356 4017 2369 4052 :
2398 4006 2453 4053 et
2483 4016 2741 4055 mensura
2765 3998 3096 4054 extendetur
3119 4012 3286 4066 super
3330 3996 3553 4051 Jerusa-

1972 4091 2082 4144 lem
2126 4090 2193 4143 ⁷⁵.
2237 4109 2254 4141 ι
2290 4091 2360 4145 Et
2408 4090 2539 4145 alibi
2590 4103 2809 4143 rursum
2859 4105 2871 4139 :
2938 4106 2957 4137 ι
3017 4085 3237 4157 Quibus
3269 4085 3554 4154 disponam

1972 4180 2255 4253 Ephraim,
2294 4188 2576 4251 protegam
2603 4188 2679 4242 te,
2706 4177 2911 4232 Israel?
2935 4175 3090 4231 Sicut
3130 4175 3334 4231 Adama
3367 4175 3555 4245 dispo-

1974 4289 2100 4328 nam
2126 4282 2199 4335 tc,
2237 4281 2295 4326 et
2338 4281 2400 4326 ut
2430 4271 2602 4325 Boim.
2651 4269 2993 4325 Conversum
3044 4275 3129 4322 est
3165 4282 3263 4322 cor
3294 4282 3475 4321 meum
3500 4267 3555 4321 in

1975 4366 2131 4434 ipso:
2161 4363 2489 4418 conturbata
2545 4370 2629 4416 est
2666 4360 2957 4431 pcenitudo
3017 4376 3158 4415 mea.
3196 4360 3316 4414 Non
3359 4358 3553 4413 faciam

300 4446 483 4499 ασπιῶ
530 4464 646 4512 σου,
689 4448 939 4519 Ἰσραήλ;
993 4434 1079 4511 Ὧς
1115 4448 1330 4519 Ἂὸαμα
1360 4448 1594 4519 θήσομαί
1639 4467 1731 4515 σε,
1775 4453 1870 4504 καὶ

1971 4459 2121 4527 juxta
2156 4458 2291 4511 iram
2335 4456 2541 4510 furoris
2563 4454 2702 4520 mei;
2743 4470 2854 4508 non
2911 4453 3310 4521 derelinquam,
3340 4459 3401 4504 ut
3457 4450 3554 4504 dc-

302 4536 491 4607 llosip.
522 4538 883 4609 Μετεστράφη
913 4539 947 4609 ἡ
977 4537 1170 4608 καρδία
1221 4556 1320 4607 μου
1365 4540 1421 4589 ὲν
1450 4538 1526 4609 τῷ
1547 4539 1715 4610 αὐτῷ’
1751 4558 1874 4593 συν-

299 4628 580 4700 εταράχθη
623 4632 655 4698 ὴ
707 4629 1043 4700 μεταμέλειά
1096 4647 1217 4699 μου·
1273 4631 1333 4682 ού
1386 4631 1459 4701 μὴ
1519 4633 1729 4701 ποιήσω
1792 4649 1874 4684 σοι

299 4724 443 4775 κατὰ
470 4722 570 4789 τὴν
611 4721 777 4792 ὀργὴν
816 4721 908 4775 τοῦ
942 4722 1113 4792 θυμοῦ
1147 4739 1266 4791 μου.
1301 4723 1375 4775 Ού
1410 4722 1484 4794 μὴ
1527 4723 1873 4792 ἐγκαταλίπω

298 4811 395 4864 τοῦ
431 4810 812 4882 ἐξαλειφθῆναι
845 4812 1105 4883 Ἐφραῒμ.
1138 4812 1281 4866 Διότι
1311 4811 1443 4875 Θεός
1476 4815 1590 4882 εἰμι
1624 4812 1755 4880 ἐγὼ,
1779 4812 1874 4865 καὶ

298 4903 400 4955 οὐκ
424 4901 711 4972 ἅνθρωπος
727 4903 783 4956 ἐν
813 4903 894 4956 σοὶ
929 4904 1101 4973 ἅγιος.
1136 4921 1154 4953 ι
1179 4903 1346 4956 Ὅταν
1382 4898 1473 4956 οὖν
1492 4920 1673 4973 φησιν·
1704 4905 1873 4956 ἐπαν-

299 4995 428 5065 ήκοι
477 4994 574 5064 μὲν
616 4995 644 5046 ὁ
682 4993 859 5064 ἱερεὺς
898 4997 963 5064 τῇ
1020 4994 1202 5066 ἡμέρᾳ
1256 4996 1321 5066 τῇ
1373 4994 1575 5065 ἑϐδόμῃ
1617 4994 1747 5046 ἰδεῖν
1774 4994 1872 5065 τὴν

299 5085 512 5149 οἰκίαν,
542 5085 637 5138 καὶ
668 5085 776 5138 ἰδοὺ
808 5085 1026 5156 διεχύθη
1071 5087 1105 5155 ἡ
1147 5084 1260 5156 ἁιρὴ
1289 5086 1347 5137 ὲν
1375 5089 1486 5148 τοῖς
1534 5086 1734 5155 τοίχοις
1774 5086 1877 5154 τῆς

301 5178 500 5238 οἰκίας⁸
551 5176 646 5231 καὶ
686 5177 981 5247 προστάξει
1023 5178 1052 5229 6
1085 5177 1284 5247 ἱερεὺς,
1324 5178 1417 5230 καὶ
1464 5176 1706 5240 ὲξελοῦσι
1746 5178 1875 5239 τοὺς

301 5267 484 5331 λίθους
529 5269 586 5320 ὲν
635 5264 716 5332 οἷς
759 5271 906 5322 ἐστιν
951 5271 985 5338 ἠ
1017 5268 1160 5339 ἁφὴ,
1194 5269 1290 5321 καὶ
1326 5266 1646 5320 ἐκϐαλοῦσιν
1677 5267 1873 5331 αὐτοὺς

302 5359 410 5423 ἔξω
431 5359 528 5430 τῆς
560 5360 782 5425 πόλεως.
812 5362 921 5414 Καὶ
960 5360 1076 5430 μεθ’
1104 5360 1284 5429 ἕτερα·
1316 5377 1334 5410 ι
1366 5360 1476 5412 Καὶ
1502 5359 1759 5430 λήψονται
1794 5360 1876 5413 λί-

304 5449 434 5513 θους
463 5450 871 5521 ἀπεξυσμένους
916 5449 1168 5521 ἑτέρους,
1195 5449 1289 5501 καὶ
1336 5447 1713 5519 ἀντιθήσουσιν
1754 5450 1875 5501 ἀντὶ

304 5538 414 5593 τῶν
464 5540 627 5594 λίθων
676 5540 919 5595 ἐκείνων.
963 5560 980 5590 ›
1022 5540 1175 5594 Μετὰ
1218 5540 1325 5611 γὰρ
1362 5539 1423 5592 τὸ
1472 5537 1728 5609 ἀνεθῆναι
1776 5543 1875 5609 τῆς

417 5744 461 5774 ⁸⁸
490 5744 686 5798 Jerem.
728 5760 796 5801 Iv,
838 5743 914 5795 li.
992 5745 1032 5774 ‘9
1067 5745 1233 5798 Levii.
1271 5762 1374 5803 xw.
1413 5747 1496 5797 57.

313 5815 360 5846 "'
384 5814 565 5869 chit.
601 5831 704 5880 xn',
734 5814 820 5866 58.
901 5813 944 5840 ⁷⁸
979 5812 1200 5867 Zachar.
1244 5832 1277 5877 ι,
1318 5817 1395 5870 lt}.

1577 5747 1620 5773 τ⁰
1650 5744 1807 5805 ibid,
1843 5745 1929 5797 SR.

1476 5818 1519 5845 7‘
1547 5816 1704 5881 θεοῦ,
1730 5831 1801 5879 si,
1840 5816 1890 5881 8,
1923 5817 1973 5870 9.
2018 5818 2056 5847 ⁷⁷
2094 5814 2267 5869 Levii.
2303 5832 2406 5881 MV,
2440 5814 2516 5868 1‘2.

1972 4549 2151 4604 leatur
2192 4547 2473 4616 Ephraim.
2524 4545 2792 4611 Quoniam
2828 4545 2973 4598 Deus
3025 4559 3125 4613 ego
3174 4557 3317 4603 sum,
3344 4550 3401 4593 et
3444 4555 3553 4592 non

1973 4639 2139 4693 homo
2174 4640 2228 4692 in
2257 4647 2307 4692 te
2337 4646 2560 4693 sanctus
2583 4637 2649 4690 ⁷⁸.
2707 4657 2723 4688 ι
2754 4636 2982 4702 Quando
3018 4636 3183 4705 igitur
3235 4634 3311 4688 ait
3350 4633 3553 4697 reverti

1970 4731 2315 4785 sacerdotem
2368 4729 2458 4784 die
2493 4730 2749 4800 septimo,
2802 4738 2863 4782 ut
2913 4729 3135 4783 domum
3168 4725 3423 4794 inspiciat
3455 4740 3466 4774 :
3500 4732 3556 4777 et

1969 4838 2099 4878 cccc
2132 4822 2370 4877 ditl'usus
2398 4829 2483 4877 cst
2512 4830 2693 4877 tactus
2718 4821 2772 4874 in
2806 4820 3114 4890 parietibus
3143 4818 3361 4878 domus,
3387 4824 3443 4867 ct
3462 4814 3520 4883 ju

1967 4913 2396 4968 bebitsacerdos
2423 4922 2509 4967 :et
2545 4920 2742 4968 crucnt
2767 4911 2979 4980 lapides
3022 4911 3077 4962 in
3107 4906 3309 4976 quibus
3353 4912 3439 4958 est
3473 4912 3554 4959 ta-

1965 5013 2107 5067 ctus,
2143 5004 2443 5074 etejieient
2497 5019 2593 5057 eos
2631 5010 2789 5055 extra
2840 5001 3138 5053 civitatem.
3188 4993 3380 5048 Statim
3423 5007 3556 5047 vero

1966 5091 2154 5161 adjicit
2192 5110 2204 5144 :
2241 5112 2259 5142 ‹
2302 5097 2368 5145 Et
2391 5091 2675 5159 accipient
2704 5089 2916 5157 lapides
2938 5088 3075 5140 alios
3099 5085 3327 5153 positos,
3357 5090 3420 5138 et'
3460 5083 3556 5137 ad-

1973 5181 2177 5235 ducent
2204 5197 2304 5249 pro
2326 5180 2602 5249 lapidibus
2630 5179 2820 5232 illis”.
2843 5197 2858 5226 ι
2894 5176 3127 5231 Dimissa
3155 5174 3303 5228 enim
3323 5182 3554 5242 prmtcr-

1969 5272 2173 5325 itorum
2220 5272 2399 5341 culpa,
2453 5270 2909 5337 considerataque
2984 5267 3184 5321 iterum
3240 5264 3555 5320 Iudaeorum

1976 5361 2276 5433 Synagoga,
2306 5362 2489 5424 aDeo,
2523 5359 2619 5427 qui
2663 5366 2853 5412 nostra
2885 5357 3068 5411 omnia
3128 5362 3430 5419 scrutatur,
3467 5362 3552 5408 to—

1975 5462 2214 5522 tamque,
2245 5460 2304 5505 ut
2353 5450 2601 5514 decebat,
2635 5464 2746 5501 non
2797 5448 3031 5517 amplius
3074 5446 3226 5515 lepra
3272 5444 3550 5507 infectam,

1976 5548 2572 5611 prorsusqucavcterc
2627 5538 2978 5606 improbitate
3024 5535 3288 5590 defecisse
3336 5548 3550 5602 compe-

2009 5746 2209 5801 7‘Jm‘i.
2246 5762 2298 5805 ιι,
2342 5744 2418 5797 Ιῒῖ.
2505 5746 2547 5773 ⁷³
2580 5744 2771 5797 ΕΑω-ῐι.
2811 5762 2878 5809 ιγ,
2907 5747 2958 5798 6.
3041 5742 3335 5796 ⁷¹Ζῖις1ιίιι’.
3372 5753 3423 5800 ι,
3465 5736 3545 5789 12.
