4094 6282
515 377 618 437 571

1517 366 1571 425 S.
1612 366 1892 425 CYRILLI
1932 360 2405 423 ALEXANDRINI
2444 361 2763 421 ARCHIEP.

3679 362 3790 421 5'72

513 496 658 562 ries;
684 508 793 549 non
824 490 1078 548 irascitur
1100 489 1374 547 universis
1403 490 1572 555 Deus,
1602 488 1699 545 sed
1753 488 1822 543 iis
1875 484 2097 558 potissi-

2208 483 2293 538 ἐπὶ
2337 487 2451 550 τοῖς
2497 482 2886 557 παρῳχηκόσιν
2918 481 3096 547 αἰτίας
3120 522 3134 546 ,
3170 474 3652 553 περισκεψάμενος
3676 486 3785 538 πά-

516 599 666 642 mum
711 581 807 653 qui
861 581 989 636 mali
1054 589 1345 646 auctores,
1398 588 1456 635 et
1497 578 1848 635 occasionem
1900 577 2097 632 morbo

514 680 818 735 attulerunt
847 718 863 743 ,
898 692 1041 750 quos
1078 686 1136 734 et
1189 677 1401 748 lapides
1451 677 1542 732 hic
1593 675 1863 741 nominat,
1891 683 2096 745 partes,

517 768 760 840 inquam,
792 769 960 824 totius
980 768 1197 835 domus,
1231 769 1336 824 hoc
1355 775 1460 832 est,
1483 767 1752 839 gentium,
1774 765 2094 821 ostendens.

518 860 586 914 lli
615 870 746 915 sunt
788 861 988 931 partim
1015 876 1207 917 eorum
1235 868 1545 932 temporum
1567 859 1819 914 nonnulli
1843 872 2002 929 reges
2028 856 2098 912 ad

517 952 884 1008 idololatriam
918 954 1183 1024 populum
1230 953 1560 1010 seducentes
1602 970 1615 1006 :
1669 950 1836 1023 365
1895 950 2098 1021 partim

518 1060 652 1099 vero
674 1043 796 1100 falsi
818 1045 1043 1115 quidam
1073 1045 1375 1116 prophetae,
1402 1044 1517 1115 qui,
1541 1050 1603 1098 ut
1624 1042 1890 1113 scriptum
1913 1048 1998 1096 est
2027 1037 2094 1105 ⁷⁸,

518 1138 923 1208 prophetabant
946 1138 1015 1194 de
1041 1138 1208 1194 corde
1239 1153 1360 1203 suo,
1420 1146 1584 1207 atque
1617 1135 1934 1191 auditorum
1981 1134 2097 1189 dis-

520 1227 777 1297 sipabant
800 1228 1098 1298 pietatem;
1128 1243 1269 1298 quos
1287 1227 1456 1282 etiam
1497 1226 1614 1282 tolli
1641 1227 1710 1281 ab
1732 1226 1966 1282 aediﬁcio
1991 1226 2095 1278 im-

522 1325 695 1385 perat,
719 1315 966 1371 indicans
987 1331 1108 1372 esse
1131 1332 1408 1389 segreges,
1433 1317 1549 1372 sive
1579 1318 1790 1389 ejeetos
1811 1317 1868 1370 in
1892 1316 2096 1371 obseu-

520 1423 664 1462 rum.
689 1406 859 1475 Quale
881 1409 1015 1464 illud
1048 1419 1181 1466 esta
1207 1411 1319 1467 Deo
1351 1411 1408 1465 in
1434 1411 1754 1467 Jeehoniam
1782 1410 2092 1481 prolatum:

525 1516 545 1548 ι
588 1496 751 1565 Audi,
787 1506 956 1565 terra,
1004 1515 1317 1556 sermonem
1372 1501 1610 1556 Domini.
1673 1500 1867 1556 Scribe
1913 1499 2095 1555 virum

522 1590 710 1654 istum,
755 1591 1071 1648 abdicatum
1122 1592 1489 1649 hominem".
1517 1612 1534 1644 ι
1573 1594 1651 1648 De
1697 1591 1852 1647 falsis
1912 1599 2097 1646 autem

518 1680 739 1737 vatibus
764 1680 840 1737 ita
865 1698 878 1735 :
912 1700 930 1732 ι
959 1683 1257 1752 Propterea
1283 1681 1495 1738 succidi
1526 1681 1827 1753 prophetas
1858 1689 2093 1737 vestros.

518 1768 708 1825 Occidi
738 1787 835 1827 eos
858 1772 915 1827 in
938 1773 1108 1829 verbo
1138 1774 1253 1830 oris
1291 1775 1396 1830 mei
1419 1775 1491 1827 8°;
1520 1793 1538 1824 ι
1568 1773 1637 1828 Ει.
1662 1773 1865 1828 iterum
1910 1772 2046 1828 illud
2081 1791 2094 1827 :

530 1880 547 1910 ι
581 1860 757 1916 Duces
789 1862 978 1932 populi
1006 1864 1113 1918 mei
1148 1863 1510 1935 projicientur
1558 1862 1626 1917 de
1653 1860 1911 1916 domibus
1954 1860 2096 1915 deli-

523 1951 731 2006 ciarum
755 1968 983 2009 suarum
1021 1972 1034 2008 :
1067 1962 1293 2025 propter
1321 1956 1493 2010 malas
1528 1953 1949 2011 adinventiones
1972 1968 2100 2009 suas

522 2040 684 2110 ejecti
717 2049 865 2097 sunt.
917 2063 935 2094 ι
966 2044 1034 2099 Ει
1068 2045 1255 2100 statim
1292 2062 1305 2099 :
1374 2064 1392 2097 ι
1443 2045 1675 2115 Propter
1722 2044 2100 2098 immunditias

521 2134 881 2204 corruptione
904 2143 1165 2207 corrupta
1202 2144 1288 2192 est
1309 2134 1376 2190 ⁸¹.
1419 2155 1438 2187 ι
1469 2135 1627 2202 Quod
1656 2150 1792 2191 vero
1821 2150 1924 2205 pro
1962 2134 2096 2189 sub-

522 2224 687 2279 motis
708 2224 984 2296 lapidibus
1014 2229 1108 2283 alii
1139 2229 1506 2301 subjiciantur
1534 2212 1656 2298 puri
1683 2236 1847 2297 atque
1873 2227 2094 2293 edolati,

522 2315 657 2370 illud
696 2316 877 2388 arguit
901 2318 1205 2376 submissos
1235 2328 1426 2390 postea
1452 2319 1551 2374 Dei
1575 2319 1827 2382 consilio,
1868 2317 1963 2388 qui
1997 2318 2098 2373 do-

522 2420 673 2460 mum
701 2406 864 2462 Israel
885 2407 1164 2475 fulcirent,
1190 2418 1249 2465 et
1279 2408 1620 2465 loco/stabili
1672 2418 1836 2478 atque
1886 2408 2099 2480 integro

521 2502 799 2563 tenerent;
823 2512 978 2569 reges
993 2497 1275 2565 nimirum,
1296 2499 1594 2570 prophetas
1618 2507 1676 2554 et
1712 2499 1912 2569 justos.
1940 2497 2099 2553 Unde

521 2588 656 2644 illud
687 2605 719 2645 a
745 2591 856 2646 Deo
890 2591 1034 2646 beati
1084 2592 1238 2647 Isaia:
1264 2607 1360 2646 ore
1411 2590 1832 2661 pronuntiatum
1875 2598 2052 2645 exstat
2083 2607 2094 2642 :

529 2701 547 2733 ι
590 2682 716 2738 Hinc
739 2683 873 2738 dicit
900 2684 1164 2739 Dominus
1196 2684 1433 2739 Sabaoth
1479 2702 1491 2738 :
1519 2684 1666 2740 Vade
1701 2683 1756 2738 in
1802 2682 2099 2754 pastopho-

524 2774 667 2828 rium
693 2775 761 2829 ad
798 2775 1057 2831 Somnam
1114 2784 1467 2847 quaestorem,
1504 2785 1561 2831 et
1611 2777 1701 2832 die
1728 2776 1778 2831 ei
1813 2794 1826 2829 :
1857 2775 1998 2843 Quid
2036 2782 2094 2829 tu

521 2865 653 2921 hic?
688 2876 745 2922 et
774 2868 907 2938 quid
937 2870 1036 2924 tibi
1079 2877 1164 2924 est
1192 2870 1312 2939 hic?
1350 2869 1481 2939 quia
1536 2868 1819 2924 exscidisti
1860 2867 1959 2923 tibi
2009 2867 2100 2923 hic

521 2966 960 3023 monumentum,
988 2968 1046 3015 et
1068 2960 1245 3015 fecisti
1274 2960 1374 3015 tibi
1407 2961 1511 3031 ipsi
1537 2960 1592 3015 in
1634 2960 1852 3015 excelso
1899 2974 2098 3014 monu-

521 3055 789 3113 mentum,
812 3057 870 3104 et
915 3049 1185 3119 scalpsisti
1217 3050 1315 3104 tibi
1350 3050 1407 3104 in
1454 3058 1609 3121 petra
1660 3049 2096 3104 tabernaculum.

524 3134 664 3193 Ecce
700 3153 850 3194 nunc
896 3139 1162 3196 Dominus
1199 3139 1440 3196 Sabaoth
1480 3141 1666 3213 ejiciet
1703 3148 1988 3196 conterere
2014 3140 2100 3195 vi-
2130 3180 2173 3240 α

525 3244 671 3296 rum,
698 3240 755 3285 et
779 3231 995 3288 auferet
1016 3236 1211 3288 stolam
1237 3244 1408 3299 tuam,
1438 3242 1497 3289 et
1520 3249 1781 3288 coronam
1814 3243 1962 3288 tuam
1990 3234 2104 3305 glo-

525 3322 728 3378 riosam
770 3341 783 3376 :
826 3333 884 3379 et
923 3326 1179 3396 projiciet
1226 3337 1280 3383 te
1327 3328 1381 3381 in
1424 3327 1704 3397 regionem
1756 3341 2007 3396 magnam
2050 3333 2107 3380 et

526 3411 883 3479 immensam;
911 3423 968 3469 et
991 3415 1065 3470 ibi
1089 3417 1361 3471 morieris.
1390 3416 1458 3469 Et
1497 3426 1664 3484 ponet
1702 3431 1926 3469 currum
1950 3423 2106 3469 tuum

526 3501 816 3571 pulchrum
850 3497 906 3558 in
938 3505 1312 3575 ignominiam,
1366 3516 1422 3561 et
1444 3506 1667 3560 domum
1713 3504 1978 3576 principis
2030 3506 2108 3561 tui

527 3593 585 3647 in
607 3595 1100 3651 conculcationem.
1134 3598 1201 3651 Et
1226 3597 1440 3653 tolleris
1471 3597 1539 3651 de
1557 3596 1967 3667 dispensatione
1991 3605 2105 3662 tua,

523 3696 583 3740 et
613 3684 682 3740 de
710 3686 884 3757 gradu
910 3694 1024 3742 tuo.
1051 3688 1244 3743 Eterit
1274 3689 1329 3742 in
1353 3688 1442 3743 die
1466 3689 1578 3754 illa,
1632 3696 1690 3744 et
1718 3688 1927 3744 vocabo
1975 3704 2109 3759 pue-

526 3788 649 3828 rum
672 3790 855 3830 meum
880 3777 1111 3832 Eliacim
1139 3777 1312 3832 filium
1337 3776 1595 3843 Clielcice,
1619 3786 1676 3834 et
1697 3778 1921 3833 induam
1949 3779 2107 3834 illum

527 3867 667 3922 stola
709 3876 822 3934 tua,
864 3878 921 3924 et
984 3885 1242 3926 coronam
1269 3869 1414 3925 dabo
1467 3870 1551 3934 ei,
1584 3878 1641 3926 et
1685 3870 2011 3941 imperium,
2051 3880 2110 3928 et

525 3959 992 4030 dispensationem
1019 3970 1167 4017 tuam
1210 3961 1353 4017 dabo
1390 3962 1444 4016 in
1503 3977 1697 4018 manus
1733 3964 1856 4034 ejus
1883 4004 1897 4029 ,
1927 3972 1983 4019 et
2002 3963 2110 4019 erit

525 4049 697 4103 veluti
749 4058 904 4120 pater
940 4050 1350 4106 habitatoribus
1413 4052 1719 4108 Jerusalem
1757 4053 1826 4106 3'.
1870 4072 1888 4104 ι
1920 4051 2027 4107 Sed
2054 4063 2112 4108 et

535 4159 554 4190 σ
584 4140 786 4205 Alium,
841 4142 940 4206 ait,
993 4142 1279 4210 pulverem
1337 4142 1631 4212 accipient,
1672 4151 1730 4198 et
1772 4144 1972 4198 linient
2008 4144 2109 4199 do-

526 4245 680 4283 mum
707 4231 754 4262 ⁸³
787 4248 801 4284 :
837 4250 855 4282 ι
904 4231 1001 4285 ubi
1067 4232 1466 4302 Ἐξαλείψουσι,
1526 4249 1627 4307 ι)ιο
1691 4234 2111 4306 Περιαλείψουσι

528 4321 790 4392 positum.
816 4323 1076 4393 Designat
1099 4325 1289 4389 ethoc,
1318 4340 1349 4379 a
1379 4325 1584 4382 sanctis
1617 4328 1902 4398 prophetis
1930 4329 2111 4385 datam

528 4412 789 4468 lsraelitis
814 4413 1281 4481 adhortationem,
1305 4418 1401 4487 qui
1430 4420 1679 4489 pulchris
1708 4421 1982 4492 bonisque
2007 4439 2110 4478 un-

2201 576 2284 629 λιν
2326 574 2425 646 τὴν
2464 574 2574 629 τῶν
2625 573 2898 629 Ἰουδαίων
2941 574 3272 645 Συναγωγὴν
3317 574 3346 626 ὀ
3385 574 3456 628 τά
3502 575 3681 631 πάντα
3725 577 3788 631 ἐν

2198 669 2334 739 ἡμῖν
2373 667 2581 732 ἐτάζων
2612 666 2780 731 Θεὸς,
2824 665 2919 720 καὶ
2948 667 3130 721 πᾶσαν
3175 666 3297 736 μὲν,
3344 667 3488 720 κατά
3516 665 3579 720 τὸ
3610 667 3784 734 εἰκὸς,

2200 760 2301 814 οὐκ
2341 759 2423 813 ἔτι
2455 757 2781 830 λεπρῶσαν,
2817 757 2956 829 πλὴν
2999 759 3099 812 οὐκ
3143 759 3377 811 εἰσάπαν
3416 758 3519 827 τῆς
3545 758 3786 830 ἀρχαίας

2199 847 2536 919 φαυλότητος
2579 846 3007 918 ἀπηλλαγμένην
3050 846 3257 919 εὑρὼν,
3295 847 3356 900 οὐ
3393 846 3536 902 κατά
3565 848 3784 904 πάντων

2201 937 2499 1007 ἐποιήσατο
2539 936 2638 1009 τὴν
2669 937 2860 1009 ὀργὴν,
2899 936 3059 1007 μόνον
3084 937 3139 991 δὲ
3179 938 3320 992 κατά
3362 938 3590 994 ἐκείνων
3621 940 3783 1013 οἵπερ

2198 1026 2338 1102 ἦσαν
2358 1031 2520 1084 αἴτιοι
2546 1029 2639 1084 τοῦ
2670 1029 2900 1101 πάσχειν
2925 1029 3095 1101 αὐτὴν
3116 1070 3131 1095 ,
3163 1031 3260 1085 καὶ
3283 1030 3385 1100 τῆς
3418 1031 3577 1085 νόσου
3616 1035 3750 1102 γεγό
3768 1064 3781 1074 -

2199 1144 2356 1180 νασιν
2382 1125 2631 1198 ἀφορμήο
2672 1122 2768 1188 οὓς
2813 1123 2908 1178 καὶ
2938 1123 3121 1188 λίθους
3146 1124 3435 1194 ὀνομάζει,
3469 1124 3612 1196 μέρη
3655 1125 3781 1179 τινά

2199 1217 2299 1287 τῆς
2328 1217 2457 1288 ὅλης
2503 1216 2680 1279 οἰκίας
2727 1215 2845 1286 ἦτοι
2876 1213 2969 1268 τοῦ
3012 1214 3199 1279 ἔθνους
3245 1215 3585 1279 ύποδεικνύς.
3620 1209 3780 1269 Οὗτοι

2198 1309 2255 1363 δέ
2286 1305 2448 1381 ἦσαν,
2489 1306 2632 1370 τινὲς
2681 1306 2780 1377 μὲν
2809 1306 2918 1360 τῶν
2967 1305 3108 1361 κατά
3152 1308 3376 1378 καιροὺς
3404 1306 3665 1377 βασιλέων
3698 1309 3782 1371 εἰς

2199 1399 2394 1471 ἐτέρας
2436 1398 2692 1470 λατρείας
2738 1396 3180 1471 πριπλανῶντες
3223 1398 3314 1451 τὸν
3364 1396 3516 1451 λαόψ
3544 1397 3688 1461 τινές
3721 1397 3783 1451 δὲ

2199 1492 2308 1547 τῶν
2335 1490 2830 1563 ψευδοπροφητῶν,
2854 1489 2923 1545 τὰ
2956 1490 3065 1545 ἀπὸ
3094 1478 3323 1561 καρδίας
3355 1488 3534 1542 αὐτῶν
3555 1488 3781 1542 λαλοῦνι

2199 1603 2311 1650 τες,
2347 1583 2494 1640 καθὰ
2530 1583 2860 1656 γέγραπται,
2889 1583 2983 1637 καὶ
3013 1583 3112 1654 τὴν
3142 1581 3248 1636 τῶν
3289 1581 3658 1652 ἀκροωμένων
3688 1581 3783 1633 εύ-

2199 1674 2424 1728 λά6ειαν
2476 1672 2886 1745 παραλύοντες,
2933 1671 3027 1736 οὒς
3073 1672 3167 1726 καὶ
3217 1673 3633 1744 ὐπεξαιρεῖσθαι
3681 1674 3783 1743 τῆς

2200 1765 2376 1828 οἰκίας
2409 1765 2661 1830 κελεύει,
2714 1764 2997 1835 σημαίνων
3038 1764 3130 1817 τὸν
3178 1764 3403 1817 ἐκείνων
3450 1765 3781 1835 ἀφορισμὸν,

2208 1856 2325 1926 ἦτοι
2354 1853 2453 1926 τὴν
2498 1856 2578 1920 εἰς
2621 1854 2930 1926 ἀφανισμὸν
2963 1854 3211 1926 ἐκϐολήν.
3259 1854 3472 1908 Ὀποίόν
3502 1857 3651 1908 ἐστιν
3690 1858 3786 1908 ἐπὶ

2211 1945 2310 2016 μὲν
2344 1945 2423 2017 τῷ
2481 1947 2706 2018 Ἰεχονίᾳ
2749 1946 2809 2000 τὸ
2856 1946 3146 2018 εἰρημένον
3198 1948 3347 2018 παρὰ
3395 1947 3555 2001 Θεοῦ·
3609 1969 3627 2000 ι
3680 1948 3782 2019 Γῆ,

2206 2040 2372 2094 ἄκουε
2403 2037 2511 2092 τῶν
2535 2038 2708 2107 λόγων
2734 2040 2965 2111 Κυρίου.
3001 2040 3217 2111 Γράψον
3250 2040 3340 2094 τὸν
3367 2041 3537 2112 ἄνδρα
3568 2040 3784 2105 τοῦτον,

2207 2131 2551 2201 ἐκκὴρυκτον
2576 2129 2886 2202 ἄνθρωπον.
2925 2149 2943 2182 ι
2989 2130 3112 2184 Ἐπί
3139 2131 3194 2184 δέ
3224 2132 3336 2194 τοῖς
3363 2130 3781 2201 ψευδομάντεσι·

2212 2244 2231 2275 ι
2280 2223 2378 2277 Διά
2416 2222 2576 2277 τοῦτο
2605 2223 2907 2294 ἀπεθέρισα
2947 2224 3072 2286 τοὺς
3102 2223 3387 2294 προφήτας
3419 2222 3594 2293 ὑμῶν.
3648 2223 3786 2277 Ἀπ-

2206 2316 2424 2369 έκτεινα
2452 2314 2651 2379 αὐτοὺς
2677 2315 2735 2368 ἐν
2762 2314 2969 2386 ῥήματι
3000 2314 3270 2386 στόματός
3301 2334 3425 2385 μου.
3477 2335 3495 2367 ι
3534 2318 3644 2370 Kal.
3675 2319 3784 2371 πά-

2206 2408 2288 2460 λιν
2330 2407 2525 2460 ἐκεῖνοο
2569 2425 2588 2458 ι
2628 2405 2728 2459 Διά
2774 2406 2933 2460 τοῦτο
2975 2405 3271 2478 ἡγούμενοι
3299 2406 3428 2460 λαοῦ
3474 2408 3788 2480 ἀπορριφή-
3841 2443 3845 2447 ι

2208 2515 2390 2552 σονται
2449 2497 2508 2564 ἐξ
2572 2497 2720 2551 οίκου
2769 2498 2981 2569 τρυφῆς
3037 2498 3261 2563 αὐτῶν,
3306 2499 3394 2553 διὰ
3449 2499 3519 2553 τὰ
3573 2501 3787 2571 πονηρά

2206 2588 2612 2660 ἐπιτηδεύματα
2642 2588 2823 2643 αὐτῶν
2852 2587 3186 2657 ἐξώσθησαν.
3221 2610 3239 2640 ι
3268 2590 3378 2643 Kal.
3405 2589 3590 2644 πάλινο
3630 2591 3787 2644 «Ἔν-

2206 2699 2331 2736 εκεν
2359 2680 2722 2750 ἀκαθαρσίας,
2757 2681 3025 2753 διεφθάρη
3054 2682 3252 2754 φθορᾷ.
3293 2701 3313 2734 ι
3352 2683 3427 2735 Τὸ
3448 2683 3507 2736 δὲ
3532 2683 3650 2736 ἀντί
3677 2684 3786 2736 τῶν

2207 2773 2612 2846 ύφαιρεθέντων
2644 2773 2825 2838 λίθους
2869 2774 3087 2846 ἐτέρους
3136 2775 3554 2843 ἀντεισάγεσθαι
3596 2775 3780 2840 πάλιν,

2207 2868 2482 2940 καθαροὺς
2528 2867 2624 2921 καὶ
2653 2866 3096 2939 ἀπεξυσμένους,
3133 2867 3285 2938 δηλοῖ
3315 2867 3375 2921 το
3420 2868 3560 2921 κατά
3592 2866 3784 2936 καιρὸν

2207 2958 2624 3013 ἀναδείκνυσθαί
2652 2976 2804 3022 τινας
2833 2957 2923 3012 διὰ
2963 2958 3063 3029 τῆς
3097 2957 3192 3012 τοῦ
3231 2960 3368 3013 Θεοῦ
3399 2959 3628 3029 βουλῆς,
3658 2959 3789 3023 τοὺς

2207 3044 2690 3115 ἀντιστηρίζοντας
2732 3045 2824 3100 τὸν
2860 3042 3008 3099 οἷκον
3049 3045 3285 3117 Ἰσραὴλ,
3318 3047 3413 3100 καὶ
3462 3048 3787 3118 συνέχοντας

2208 3138 2288 3201 εἰς
2326 3136 2658 3210 ἀδιάφθορον
2686 3138 2850 3192 τόπον
2870 3177 2882 3201 ,
2927 3138 2961 3209 ἢ
3007 3138 3264 3209 βασιλέας
3295 3139 3558 3210 δηλονότι,
3591 3140 3624 3211 ἦ
3656 3157 3794 3212 προ-

2210 3229 2418 3299 φήτας,
2466 3228 2500 3300 ἢ
2545 3229 2748 3298 ἁγίους.
2791 3229 2878 3293 Ὠς
2934 3231 2992 3284 ἐν
3046 3229 3124 3301 τῷ
3159 3231 3297 3303 πρὸς
3358 3231 3448 3285 τὸν
3508 3232 3793 3302 μακάριον

2220 3321 2448 3375 Ἡσαΐαν
2477 3321 2752 3392 εἰρημένῳ
2789 3321 2940 3394 παρὰ
2977 3320 3134 3376 Θεοῦο
3176 3343 3194 3373 ι
3231 3322 3368 3376 Τάδε
3404 3322 3554 3390 λέγει
3585 3322 3797 3395 Κύριος

2210 3409 2461 3465 Σαόαώθι
2500 3410 2742 3481 Πορεύου
2770 3413 2852 3476 εἰς
2888 3412 2949 3466 τὸ
2978 3414 3375 3486 παστοφόριον,
3409 3415 3546 3488 πρὸς
3587 3416 3799 3485 Ὀμνᾶν

2209 3500 2301 3553 τὸν
2325 3499 2558 3570 ταμίαν,
2587 3501 2683 3556 καὶ
2728 3502 2885 3556 εἰπὸν
2916 3502 3084 3574 αὐτῷ’
3118 3503 3185 3557 Τί
3218 3505 3283 3558 σὺ
3328 3497 3463 3571 ὧδε;
3500 3505 3592 3558 καὶ
3622 3503 3674 3557 τί
3706 3504 3800 3557 σοι

2211 3592 2359 3644 ἐστιν
2405 3586 2545 3656 ὧδε;
2587 3591 2671 3645 ὅτι
2713 3591 3057 3665 ἐλατόμησας
3102 3594 3314 3665 σεαυτῷ
3355 3587 3456 3649 ὧδε
3504 3597 3799 3666 μνημεῖον,

2211 3682 2306 3736 καί
2339 3682 2602 3755 ἐποίησας
2632 3684 2842 3757 σεαυτῷ
2870 3688 2928 3739 ἐν
2959 3684 3146 3757 ὑψηλῷ
3176 3690 3438 3757 μνημεῖον
3458 3727 3473 3749 ,
3510 3689 3601 3741 καὶ
3627 3687 3799 3754 ἔγλυο

2209 3775 2318 3844 ψας
2351 3775 2562 3847 σεαυτῷ
2591 3777 2650 3831 ἐν
2682 3777 2859 3850 πέτρᾳ
2891 3779 3125 3851 σκηνήν.
3163 3779 3295 3832 Ἰδοὺ
3341 3778 3404 3849 δὴ
3449 3778 3655 3850 Κύριος
3689 3779 3801 3831 Σα-

2211 3865 2360 3921 ϐαὼθ
2385 3866 2608 3921 ἐκϐαλεῖ
2636 3866 2890 3938 ἐκτρίψαι
2921 3868 3110 3939 ἄνδρα,
3137 3868 3233 3922 καὶ
3262 3869 3453 3937 ἀφελεῖ
3472 3868 3571 3940 τὴν
3599 3869 3804 3939 στολήν

2214 3977 2330 4025 σου,
2366 3959 2577 4014 καὶτὸν
2611 3960 2874 4029 στέφανόν
2905 3977 3000 4013 σου
3031 3961 3121 4014 τὸν
3155 3960 3385 4026 ἔνδοξον,
3424 3960 3521 4015 καὶ
3549 3959 3697 4031 ῥίψει
3733 3977 3803 4013 σε

2213 4053 2295 4114 εἰς
2331 4050 2516 4124 χώραν
2562 4049 2806 4122 μεγάλην
2852 4049 2946 4104 καὶ
2989 4050 3340 4122 ἀμέτρητον,
3374 4050 3465 4104 καὶ
3508 4053 3627 4105 ἐκεῖ
3654 4053 3802 4106 ἀπο-

2213 4142 2371 4213 θανῇ.
2401 4143 2511 4196 Kal.
2542 4140 2697 4213 θήσει
2734 4141 2795 4195 τὸ
2829 4141 2980 4213 ἆρμα
3018 4159 3110 4194 σου
3144 4141 3205 4195 τὸ
3240 4142 3407 4197 καλὸν
3439 4145 3519 4206 είς
3545 4142 3804 4213 ἀτιμίαν.

2214 4236 2308 4288 καὶ
2332 4233 2425 4288 τὸν
2452 4230 2600 4289 οἷκον
2625 4233 2720 4288 τοῦ
2752 4233 3017 4305 ἄρχοντός
3045 4251 3137 4287 σου
3162 4236 3241 4297 εἰς
3267 4235 3660 4304 καταπάτημα.
3686 4237 3805 4289 Kal.

2215 4328 2563 4401 ἀφαιρεθήσῃ
2595 4332 2661 4381 ἐκ
2691 4327 2792 4397 τῆς
2829 4326 3142 4396 οἰκονομίας
3176 4343 3292 4390 σου,
3325 4327 3418 4380 καὶ
3447 4327 3510 4380 ἐκ
3547 4328 3644 4398 τῆς
3666 4330 3804 4382 στά-

2218 4417 2356 4483 σεώς
2400 4435 2516 4473 σου.
2551 4418 2664 4473 Kal.
2692 4417 2847 4471 ἔσται
2894 4417 2952 4469 ὲν
2986 4420 3051 4488 τῇ
3102 4419 3289 4490 ἡμέρᾳ.
3327 4417 3537 4490 ἐκείνῃ,
3580 4417 3803 4471 καλέσω

527 4510 721 4572 gentes
743 4504 1091 4560 sermonibus
1109 4508 1493 4576 peccatoribus
1529 4510 1830 4576 suaserint,
1872 4512 2103 4568 libenter

2214 4510 2306 4563 τὸν
2340 4510 2508 4564 παῖδά
2545 4527 2646 4581 μου
2692 4509 3008 4579 Ἐλειακείμ
3043 4511 3134 4562 τὸν
3166 4509 3259 4563 τοῦ
3295 4509 3552 4573 Χελκίου,
3588 4511 3684 4563 καὶ
3720 4511 3799 4562 ὲνο

527 4596 623 4651 Dci
675 4597 944 4651 voluntati
990 4599 1275 4664 accedere,
1317 4608 1374 4655 et
1419 4616 1583 4656 omne
1629 4602 2110 4672 inquinamentum

529 4687 838 4758 detergere,
884 4691 1194 4761 sectarique
1239 4693 1426 4763 potius
1472 4709 1595 4763 quae
1642 4695 1924 4764 legislator
1952 4697 2042 4752 ille
2080 4715 2111 4753 a

529 4780 645 4836 suis
671 4782 926 4852 cognosci
949 4799 1131 4853 operte
1161 4786 1400 4855 pretium
1428 4785 1545 4840 fore
1570 4785 1744 4841 duxit.
1767 4787 1927 4858 365
1940 4787 2109 4854 Quale

531 4873 667 4928 illud
691 4890 720 4928 a
739 4883 1052 4930 sanctorum
1066 4876 1252 4946 aliquo
1275 4876 1344 4932 ad
1360 4877 1509 4948 ipsos
1532 4877 1853 4947 praedictum
1877 4896 1888 4931 :
1918 4899 1935 4931 ι
1956 4880 2113 4947 Quae-

532 4965 635 5019 rite
647 4964 872 5031 bonum,
891 4974 946 5021 et
962 4983 1071 5021 non
1087 4968 1311 5032 malum,
1334 4966 1601 5023 utvivatis
1635 4968 1704 5022 Et
1719 4967 2109 5025 critsicvobis-

534 5070 658 5110 cum
696 5057 958 5114 Dominus
997 5061 1142 5116 Deus
1185 5061 1536 5131 omnipotens
1559 5060 1622 5113 “‘.
1654 5080 1670 5109 ι
1697 5061 1765 5115 Et
1808 5071 1932 5132 post
1960 5064 2106 5119 hinc:

540 5164 558 5195 ι
576 5146 633 5201 Si
659 5156 841 5203 autem
861 5150 1318 5207 redieritrursum
1339 5160 1517 5207 tactus
1537 5151 1722 5221 leprae,
1740 5160 1797 5207 et
1813 5154 2105 5223 repullula-

534 5237 608 5291 rit
628 5238 681 5293 in
703 5239 887 5305 dumo,
906 5250 1193 5313 postquam
1219 5244 1363 5299 eruti
1383 5242 1589 5298 fuerint
1616 5243 1847 5313 lapides,
1877 5253 1933 5299 et
1957 5254 2109 5315 post-

535 5344 698 5399 quam
716 5332 913 5388 domus
943 5334 1107 5388 fuerit
1126 5351 1246 5389 rasa
1268 5345 1322 5391 et
1337 5344 1625 5406 postquam
1648 5336 1805 5390 linita
1829 5353 1842 5402 ;
1864 5345 1920 5391 et
1937 5337 2113 5407 ingre-

534 5421 717 5477 dietur
734 5426 1012 5488 sacerdos,
1037 5434 1094 5480 et
1115 5428 1361 5497 aspiciet,
1408 5428 1453 5481 si
1483 5426 1715 5482 dimisus
1741 5436 1824 5483 est
1850 5437 2028 5483 tactus
2059 5429 2114 5483 in

538 5511 717 5567 domo.
736 5516 907 5586 Lepra
924 5532 1250 5586 permanens
1264 5527 1349 5573 est
1366 5518 1418 5571 in
1431 5518 1613 5581 domo,
1637 5519 1917 5575 immunda
1932 5530 2033 5575 est.
2050 5521 2115 5576 Et

610 5712 654 5741 ⁷⁸
677 5715 878 5787 Jerem.
907 5732 1054 5787 xxiii.
1092 5717 1182 5773 26.
1260 5719 1306 5751 ⁷⁹
1327 5719 1527 5774 Jerem.
1564 5738 1690 5787 xx",
1722 5722 1808 5777 29.

541 5783 637 5840 vit.
672 5801 781 5852 xiv,
812 5784 899 5839 42.
976 5784 1020 5815 ’δ
1051 5787 1237 5853 Amos,
1262 5804 1314 5855 γ,
1348 5789 1430 5844 Μ.

1888 5724 1932 5756 ⁸⁰
1964 5722 2123 5790 Osce,
2150 5739 2221 5792 Vl,
2252 5724 2302 5778 5.
2377 5722 2418 5755 ⁸¹
2450 5723 2695 5795 Μὶςὶιηιι,
2725 5725 2776 5789 9,
2817 5724 2897 5779 l0.

2210 4602 2357 4655 δύσω
2405 4603 2569 4657 αὐτὸν
2609 4603 2711 4673 τὴν
2759 4602 2954 4674 στολήν
2987 4620 3081 4656 σου
3106 4602 3250 4666 ,ακαί
3280 4602 3370 4656 τὸν
3406 4600 3668 4672 στέφανόν
3706 4617 3800 4654 σου

2209 4694 2367 4749 δώσω
2405 4694 2573 4765 αὐτῷ,
2616 4694 2796 4749 καὶτὸ
2820 4695 3045 4767 κράτος,
3079 4696 3175 4748 καὶ
3222 4696 3318 4765 τὴν
3348 4695 3661 4765 οἰκονομίαν
3704 4712 3798 4748 σου

2212 4788 2369 4842 δώσω
2409 4790 2490 4852 εἰς
2531 4787 2631 4850 τὰς
2677 4790 2864 4859 χεῖρας
2912 4787 3117 4851 αὑτοῦ,
3152 4789 3247 4843 καὶ
3291 4788 3446 4842 ἔσται
3490 4788 3566 4851 ὡς
3616 4791 3800 4860 πατὴρ

2211 4882 2324 4944 τοῖς
2348 4879 2587 4934 οἰκοῦσιν
2616 4882 2673 4933 ἐν
2709 4880 3086 4952 Ἰερουσαλήμ.
3130 4898 3149 4931 ι
3197 4880 3361 4933 ’Λλλά
3388 4880 3484 4934 καὶ
3524 4880 3653 4952 χοῦν
3681 4881 3798 4933 ἓτε-

2219 4989 2333 5045 ρον,
2365 4974 2552 5041 φησὶν,
2584 4971 2868 5043 λήψονται,
2902 4974 2999 5026 καὶ
3022 4974 3368 5044 ἐξαλείφουσι
3394 4975 3494 5047 τὴν
3536 4973 3735 5027 οἰκίαν·
3774 4992 3791 5022 ι

2217 5064 2278 5116 τὸ
2319 5062 2750 5130 Ἐξαλείψουσιν,
2778 5064 2898 5117 ἀντὶ
2938 5064 3033 5118 τοῦ
3074 5066 3486 5136 περιαλείψουσι
3514 5065 3793 5127 τεθεικώς.

2219 5154 2483 5225 Σημαίνει
2512 5155 2568 5207 δὲ
2593 5155 2687 5207 καὶ
2714 5155 2874 5209 τοῦτο
2899 5156 2996 5227 τὴν
3034 5156 3123 5211 διὰ
3151 5156 3260 5211 τῶν
3300 5157 3473 5227 ἀγίων
3500 5157 3797 5229 προφητῶν

2220 5245 2594 5319 γεγενημένην
2639 5247 2987 5319 παράκλησιν
3034 5247 3112 5317 τῷ
3152 5248 3389 5319 Ἰσραὴλ,
3420 5250 3469 5301 οἳ
3508 5248 3694 5312 καλοῖς
3739 5264 3796 5299 τε

2224 5337 2317 5390 καὶ
2347 5336 2571 5405 ἀγαθοῖς
2618 5354 2683 5390 πε
2692 5338 3061 5410 ριαλείφοντες
3092 5338 3271 5407 λόγοις
3303 5339 3426 5402 τοὺς
3460 5338 3797 5408 ἁμαρτάνον-

2220 5446 2356 5494 τας,
2400 5428 2687 5482 ἀνέπειθον
2737 5431 2873 5483 ξέναι
2921 5429 3221 5499 προθύμως
3256 5430 3351 5483 ἐπὶ
3395 5431 3453 5483 τὸ
3500 5428 3692 5482 δοκοῦν
3721 5418 3795 5495 τῷ

2220 5520 2375 5592 Θεῷ,
2409 5521 2501 5574 καὶ
2555 5521 2943 5592 ἀποτρίϐεσθαι
2998 5526 3093 5595 μὲν
3134 5524 3230 5594 τὴν
3284 5527 3347 5577 ἐκ
3402 5523 3586 5576 παθών
3637 5522 3795 5592 βεϐη-

2996 5728 3035 5756 ’³²
3062 5725 3161 5780 lsa.
3199 5741 3326 5792 xx",
3360 5722 3529 5779 lii—2|.
3609 5719 3655 5753 ⁸⁵
3689 5721 3796 5777 Lc-
