4094 6282
704 358 839 374 -ν-ν⁹⁴’

347 408 451 467 ὅτε

1277 418 1796 478 CLAPHYROBUM
1838 421 1904 478 IN
1945 421 2316 480 LEVlTlCUM
2357 407 2599 480 LIBERI

3484 430 3589 489 5ἷὸ

347 527 541 591 λωσιν,
583 526 778 599 ζηλοῦν
796 530 855 584 δὲ
903 532 1102 605 μᾶλλον
1125 536 1221 588 καὶ
1269 538 1587 607 ἐπείγεσθαι
1620 541 1703 611 ἐφ’
1733 538 1814 607 οἷς
1844 543 1889 597 ἀπ

2014 542 2302 598 destruent
2330 542 2577 605 domum,
2603 550 2659 596 et
2697 542 2844 614 ligna
2872 545 3011 616 ejus,
3044 553 3100 600 et
3120 545 3331 616 lapides
3363 549 3503 621 ejus,
3529 558 3589 605 et

345 620 376 670 6
399 618 691 692 νομοθέτης
712 622 907 679 εἰδέναι
926 626 1192 697 χρήσιμον
1207 630 1334 692 τοὺς
1360 630 1719 702 λατρεύοντας
1742 634 1911 707 αὐτῷ.

357 714 567 770 Ὀποῦν
595 719 713 771 ἐστι
730 719 793 771 τὺ
815 720 883 773 δι’
910 721 1028 784 ἑνὸς
1055 721 1165 775 τῶν
1197 725 1369 793 ἁγίων
1393 727 1530 795 πρὸς
1555 728 1749 792 αὐτοὺς
1771 730 1917 801 εἰρηο

350 805 510 875 μένον
529 823 543 836 ·
582 828 601 861 ι
643 809 1011 882 Ἐκζητήσατε
1036 813 1099 867 τὸ
1130 815 1313 881 καλὸν,
1348 818 1442 871 καὶ
1467 821 1541 888 μὴ
1565 819 1626 873 τὸ
1654 819 1911 891 πονηρὸν,

345 897 491 961 ὅπως
518 898 766 969 ζήσεσθε,
793 903 889 956 καὶ
911 902 1063 958 ἔσται
1087 905 1290 977 Κύριος
1308 909 1336 960 6
1361 909 1511 974 Θεὸς,
1544 912 1574 963 6
1600 912 1911 983 παντοκρά-

344 1002 458 1057 τωρ
496 987 667 1053 οὕτως
710 990 830 1061 μεθ’
870 992 1042 1062 ὑμῶν.
1094 1012 1113 1045 ι
1162 995 1274 1048 Καὶ
1324 997 1464 1065 μετά
1506 998 1665 1052 τοῦτό
1708 1016 1906 1071 φησιν’

348 1096 368 1129 ι
416 1078 539 1132 Ἐὰν
568 1079 625 1133 δὲ
668 1082 872 1155 ἐπέλθῃ
903 1084 1063 1139 πάλιν
1102 1086 1211 1157 ἁφὴ
1239 1090 1337 1158 τῆς
1364 1089 1572 1160 λέπρας
1592 1134 1607 1159 ,
1640 1092 1737 1145 καὶ
1772 1094 1909 1147 ἀνα-

341 1168 491 1243 τείλῃ
518 1173 574 1224 έν
604 1176 668 1244 τῇ
697 1174 878 1245 οἰκίᾳ,
912 1176 1049 1247 μετά
1078 1178 1140 1231 τὸ
1167 1179 1402 1243 ἐξελθεῖν
1424 1182 1554 1245 τοὺς
1576 1182 1775 1247 λίθους,
1814 1188 1909 1241 καὶ

340 1262 480 1330 ’μετά
518 1263 579 1315 τὸ
603 1265 975 1336 ἀποξυσθῆναι
1003 1269 1102 1340 τὴν
1161 1271 1358 1333 οἰκίαν,
1401 1274 1496 1326 καὶ
1531 1275 1668 1345 μετὰ
1707 1278 1770 1331 τὸ
1810 1277 1903 1345 ἐξ·

338 1353 799 1425 αλειῗρθῆναι.Καὶ
827 1360 1193 1416 εἰσελεύσεται
1219 1365 1248 1416 6
1278 1366 1476 1436 ἱερεὺς,
1505 1368 1599 1422 καὶ
1635 1367 1825 1438 ὄψεται
1856 1372 1907 1424 εί

335 1446 656 1517 διακέχυται
677 1451 711 1519 ἡ
739 1451 851 1521 ἁφὴ
887 1453 942 1504 ὲν
982 1457 1049 1525 τῇ
1076 1454 1241 1527 οἰκίᾳ.
1269 1457 1458 1529 Δέπρα
1490 1459 1723 1530 έμμονός
1760 1464 1910 1515 ἐστιν

334 1538 392 1590 ἐν
421 1541 487 1608 τῇ
537 1540 716 1610 οίκίᾳ·
763 1542 1070 1615 ἀκάθαρτός
1119 1551 1284 1605 ἐστιν.
1319 1551 1431 1605 Καὶ
1471 1552 1759 1606 καθελοῦσι
1807 1554 1907 1625 τὴν

334 1627 534 1691 οὶκίαν,
568 1630 663 1683 καὶ
688 1630 758 1683 τά
799 1631 932 1698 ξύλα
978 1637 1147 1707 αὐτῆς
1167 1678 1183 1701 ,
1219 1641 1312 1694 καὶ
1338 1644 1466 1705 τοὺς
1489 1641 1671 1708 λίθους
1699 1645 1870 1715 αὐτῆς
1888 1684 1904 1708 ,

336 1718 432 1770 καὶ
464 1720 642 1774 πάντα
676 1722 768 1777 τὸν
811 1725 939 1795 χοῦν
965 1728 1065 1797 τῆς
1105 1731 1283 1794 οἰκίας
1319 1733 1618 1798 ἐξοίσουσιν
1652 1735 1758 1802 ἔξω
1804 1735 1906 1804 τῆς

338 1806 546 1871 πόλεως
574 1813 653 1874 εἰς
688 1812 851 1867 τόπον
876 1816 1206 1887 ἀκάθαρτον.
1248 1839 1269 1873 ι
1305 1822 1437 1875 Ὅτε
1479 1824 1589 1897 γὰρ
1631 1824 1775 1890 ἅπας
1806 1827 1904 1879 ἑπ-

339 1900 532 1971 ενοήθη
561 1902 853 1974 θεραπείας
879 1909 1078 1979 τρόπος
1107 1913 1219 1974 τοῖς
1240 1911 1297 1979 ἐξ
1328 1915 1563 1987 Ἰσραὴλ,
1578 1917 1671 1969 καὶ
1693 1916 1903 1988 ὠφέλη-

336 2006 436 2041 σαν
467 1992 566 2061 μὲν
598 1994 751 2049 οὐδὲν
798 1997 1250 2070 ὑπεξαιρεθέντες
1292 2006 1342 2057 οἰ
1375 2004 1689 2075 ψωριῶντες
1733 2007 1900 2074 λίθοι,

329 2078 587 2150 ἀνόνητος
614 2083 671 2137 δὲ
696 2086 987 2159 ἀπεδείχθη
1027 2091 1215 2145 λοιπὸν
1245 2096 1340 2149 καὶ
1366 2098 1398 2167 ή
1432 2097 1521 2151 διὰ
1555 2100 1663 2151 τῶν
1694 2116 1902 2171 προφη-

325 2173 435 2227 τῶν
460 2174 681 2247 ἀλοιφὴ,
712 2179 976 2243 τουτέστι,
1007 2185 1374 2257 παράκλησις,
1408 2191 1714 2260 εἰσέρχεται
1739 2193 1900 2247 πάλιν

330 2261 754 2355 ἐπισκεψόμενος
768 2270 867 2339 τὴν
887 2268 1176 2342 λεπρῶσαν
1194 2276 1223 2327 6
1252 2277 1449 2347 ίερεύς.
1468 2280 1768 2351 Εἰσϐέϐηκε
1789 2283 1898 2355 γάρ

324 2353 383 2404 ὲν
418 2352 552 2423 τῷδε
585 2354 663 2426 τῷ
689 2357 880 2430 κόσμῳ
907 2362 1046 2431 μετά
1072 2363 1325 2434 σώματος
1348 2370 1376 2422 6
1400 2370 1728 2443 Μονογενής.
1765 2352 1896 2429 Ὅτε

322 2444 544 2513 γέγονεν
580 2445 866 2517 ἄνθρωπος
891 2490 908 2516 ,
939 2453 1114 2525 πόσην
1159 2455 1192 2527 ἢ
1228 2457 1350 2512 τίνα
1383 2461 1683 2534 μεταϐολὴν
1706 2466 1773 2519 ὲκ
1796 2466 1895 2536 τῆς

321 2536 554 2607 ἀρχαίας
604 2539 936 2613 φαυλότητος
984 2546 1065 2609 εἰς
1106 2548 1308 2619 πολλὴν
1359 2552 1571 2625 ἀγαθὴν
1621 2556 1894 2610 πολιτείαν

321 2626 849 2719 έλέγχεικΣυναγωγὴ
874 2638 1341 2709 περισκεψόμενος
1366 2644 1633 2714 ἀκριϐῶς.
1672 2648 1893 2719 Ἐπειδὴ

319 2716 376 2772 δὲ
408 2719 606 2775 πάθεσι
651 2726 761 2789 τοῖς
792 2726 851 2793 ἐξ
883 2728 1060 2799 ἀρχῆς
1105 2733 1431 2807 ὲνεχομένην
1460 2736 1541 2790 ἔτι
1592 2716 1891 2804 κατέλαϐε,

322 2811 415 2865 καὶ
446 2814 707 2870 νοσοῦσαν
742 2818 978 2889 ἔμμονον
1003 2821 1101 2894 τὴν
1125 2825 1487 2897 ἀκαθαρσίαν,
1511 2830 1891 2903 καθαιρεῖσθαι

319 2903 644 2971 προστάττει
677 2905 881 2972 λοιπὸν,
913 2911 1296 2982 ἐκπέμπεσθαι
1337 2917 1394 2970 δὲ
1430 2920 1509 2982 είς
1546 2920 1712 2974 τόπον
1755 2922 1892 2975 ἀκά-

318 2990 533 3085 θαρτον.
572 2997 804 3053 Λίέλυται
830 3001 938 3072 γὰρ
961 3004 1058 3075 ὅλη
1090 3005 1198 3059 τῶν
1242 3008 1563 3082 Ἰουδαίωνή
1604 3011 1694 3067 διά
1721 3014 1887 3085 νόμου

318 3080 591 3150 σύστασις,
624 3088 716 3139 καὶ
745 3087 805 3140 τὸ
826 3088 975 3154 ἔθνος
1003 3093 1082 3155 είς
1110 3093 1286 3148 πάντα
1311 3080 1698 3170 διεσκορπίσθη
1724 3080 1888 3153 τόπον

2016 647 2236 688 omnem
2258 633 2543 703 pulverem
2565 632 2763 688 domus
2790 633 3021 689 eﬂ'erent
3042 643 3197 691 extra
3224 636 3502 692 civitatem
3526 639 3584 693 in

2013 723 2199 779 locum
2231 722 2577 778 immundum
2601 723 2666 777 ⁸⁵.
2699 742 2718 776 ι
2751 722 2888 779 Cum
2920 724 3089 795 igitur
3145 726 3325 782 omnis
3366 728 3586 786 intelle-

2014 819 2138 867 ctus
2159 812 2232 867 sit
2257 812 2640 867 medicationis
2664 812 2862 868 modus
2885 813 3149 870 lsraelitis
3196 816 3495 889 adhibitus,
3527 827 3587 874 et

2012 903 2151 958 nihil
2181 902 2488 974 profuerint
2520 905 2759 975 exempti
2781 906 2991 977 lapides
3026 909 3210 964 scabie
3244 910 3454 978 infecti,
3498 911 3586 966 in-

2011 994 2165 1049 utilis
2203 1010 2336 1050 vero
2392 997 2708 1066 apparuerit
2736 1005 2793 1052 et
2814 999 3209 1068 prophetarum
3232 1004 3442 1068 unctio,
3476 1004 3583 1059 hoc

2010 1094 2116 1150 est,
2142 1085 2493 1154 adhortatio;
2543 1088 2745 1143 iterum
2771 1090 3076 1160 ingreditur
3107 1093 3365 1148 sacerdos
3402 1094 3585 1163 lepro-

2011 1192 2100 1233 sas
2123 1178 2572 1234 eonsideraturus
2601 1180 2765 1237 aedes.
2794 1181 3038 1236 Accessit
3063 1183 3210 1238 enim
3233 1183 3383 1238 hunc
3422 1199 3584 1238 mun-

2010 1268 2144 1323 dum
2194 1284 2427 1340 corpore
2469 1271 2697 1327 indutus
2728 1271 3071 1343 Unigenitus.
3128 1273 3358 1339 Quando
3397 1283 3580 1329 autem

2008 1361 2175 1415 homo
2198 1360 2376 1417 factus
2406 1371 2511 1427 est,
2563 1373 2820 1432 quantam
2855 1365 3181 1437 qualemque
3221 1366 3578 1424 mutationem

2008 1452 2078 1507 ab
2102 1452 2324 1522 antiqua
2355 1454 2707 1523 improbitate
2736 1456 2794 1511 in
2825 1472 3078 1528 magnam
3125 1467 3440 1529 rectamque
3477 1474 3578 1529 po-

2006 1542 2202 1606 litiam,
2229 1543 2599 1597 calumniatur
2624 1545 2979 1602 considerans
2994 1557 3248 1603 accurate
3274 1548 3580 1619 Synagoga?

2008 1631 2301 1701 Postquam
2320 1647 2452 1686 vero
2473 1632 2542 1686 ab
2567 1633 2725 1689 initio
2749 1634 3136 1692 affectionibus
3161 1646 3371 1707 captam
3397 1638 3577 1693 adhuc

2008 1722 2238 1793 recepit,
2290 1730 2348 1778 et
2391 1725 2736 1794 permanenti
2766 1725 2919 1796 lepra
2966 1727 3309 1783 laborantem
3370 1730 3575 1790 auferri

2009 1814 2229 1869 tandem
2247 1815 2425 1885 jubet,
2450 1815 2730 1886 mittitque
2768 1818 2823 1872 in
2845 1818 3030 1873 locum
3059 1820 3428 1877 immundum.
3455 1821 3576 1876 Dis-

2005 1904 2217 1961 solutus
2243 1907 2393 1961 enim
2443 1914 2593 1963 totus
2621 1907 2935 1963 Judaiorum
2973 1916 3059 1964 est
3111 1920 3308 1973 coetus,
3360 1926 3457 1979 per
3491 1912 3573 1968 le-

2001 2009 2123 2065 gem
2151 2003 2536 2066 congregatus,
2568 2005 2625 2052 et
2641 1996 2882 2068 undique
2902 1997 3150 2069 dispersa
3177 2000 3230 2053 in
3258 2000 3440 2055 locum
3467 2001 3573 2057 im-

2000 2098 2203 2152 purum
2229 2086 2379 2139 natio
2408 2102 2420 2139 :
2448 2093 2508 2140 ιιι
2553 2095 2610 2141 et
2655 2103 2686 2142 a
2743 2088 3031 2158 prophetis
3078 2088 3401 2157 przedictum
3452 2104 3573 2144 esse

2001 2174 2314 2244 accepimus
2350 2193 2364 2228 :
2406 2194 2424 2226 ι
2477 2176 2815 2247 Dispergam,
2858 2178 3057 2249 inquit,
3116 2194 3212 2234 eos
3265 2180 3319 2234 in
3355 2196 3572 2237 omnem

2000 2274 2245 2320 ventum.
2279 2286 2298 2318 ι
2331 2266 2400 2320 Ει
2429 2285 2442 2320 :
2466 2286 2483 2318 ι
2513 2268 2802 2324 Ventilaho
2826 2285 2923 2325 eos
2949 2270 3016 2324 ad
3043 2286 3236 2326 omnes
3255 2274 3523 2343 gentes“.
3546 2293 3565 2327 ν

2001 2349 2171 2407 Recte
2203 2352 2255 2406 id
2286 2353 2461 2423 accipi
2509 2354 2673 2410 docet
2710 2356 2846 2411 illud
2880 2374 2911 2411 a
2936 2357 3218 2415 Salvatore
3258 2371 3451 2415 nostro
3501 2363 3571 2418 de

1998 2442 2207 2513 templo
2250 2443 2560 2499 Salomonis
2604 2445 2750 2516 apud
2785 2447 2908 2502 illos
2933 2449 3348 2518 pronuntiatum
3376 2469 3389 2503 :
3423 2470 3441 2502 ι
3474 2450 3571 2508 Vi-

1995 2528 2122 2586 dete
2145 2533 2261 2588 haec
2289 2534 2492 2589 omnia.
2518 2534 2692 2591 Amen
2718 2536 2841 2592 dico
2870 2538 3047 2603 vobis,
3073 2555 3185 2593 non
3227 2541 3573 2611 relinquetur

1996 2622 2089 2677 hic
2125 2623 2263 2694 lapis
2300 2641 2467 2696 super
2498 2628 2737 2697 lapidem
2772 2631 2867 2699 qui
2914 2646 3025 2685 non
3087 2631 3406 2687 destruatur
3439 2632 3507 2687 ⁸⁷.
3544 2652 3564 2686 ι

1996 2712 2228 2785 Suhjicit
2272 2717 2554 2787 Scriptura
2608 2738 2621 2773 :
2664 2719 2810 2786 «Qui
2874 2721 2931 2774 in
2976 2721 3200 2776 domum
3229 2725 3572 2794 ingredietur

1993 2805 2251 2860 omnibus
2272 2806 2470 2862 diebus
2518 2809 2723 2878 quibus
2769 2822 3053 2883 segregata
3085 2823 3197 2879 est,
3253 2815 3569 2870 immundus

1991 2893 2099 2947 erit
2125 2909 2296 2964 usque
2341 2896 2409 2950 ad
2445 2913 2750 2967 vesperam.
2794 2899 2862 2954 Et
2908 2902 3003 2970 qui
3037 2902 3242 2957 dormit
3287 2904 3339 2957 in
3380 2904 3565 2969 domo,

1990 2984 2198 3041 lavabit
2225 2988 2552 3044 vestimenta
2581 3006 2699 3055 sua,
2733 2999 2789 3045 et
2812 2992 3129 3048 immundus
3157 2996 3262 3050 erit
3298 3011 3471 3066 usque
3497 2998 3565 3052 ad

1988 3093 2295 3149 vesperam.
2323 3080 2393 3134 Et
2415 3082 2510 3150 qui
2558 3082 2914 3139 manducahit
2956 3086 3013 3139 in
3050 3086 3242 3142 eadem
3285 3089 3468 3154 domo,
3498 3089 3566 3144 ad

315 3171 642 3246 ἀκάθαρτον,
674 3179 816 3233 κατά
843 3181 902 3233 τὸ
934 3183 991 3235 ὲν
1025 3185 1333 3254 προφήταις
1360 3187 1677 3259 εἰρημένονο
1714 3208 1736 3244 ι
1772 3192 1884 3245 Καὶ

1991 3171 2484 3227 eumdemmodum
2496 3172 2564 3229 ⁸⁸.
2589 3194 2608 3226 ι
2628 3175 2786 3231 Clare
2803 3179 3063 3234 nimirum
3091 3180 3224 3236 illud
3245 3184 3564 3250 ostendens,

315 3264 651 3339 διασκορπιιῦ
704 3272 901 3336 αὐτοὺς
942 3275 1024 3337 εἰς
1054 3275 1230 3331 πάντα
1256 3277 1475 3348 ἄνεμον.
1520 3299 1538 3331 ι
1592 3282 1662 3335 Ἦ
1695 3299 1715 3333 ι
1753 3283 1884 3338 Δικ-

316 3356 426 3423 μιῶ
452 3359 649 3424 αὐτοὺς
668 3364 747 3426 εἰς
774 3364 951 3419 πάντα
974 3367 1042 3420 τὰ
1070 3367 1219 3439 ἔθνη.
1257 3388 1276 3421 ι
1300 3371 1601 3444 Παραλήψῃ
1622 3374 1703 3438 εἰς
1727 3374 1885 3430 τοῦτο

312 3447 516 3513 καλῶς,
547 3450 641 3505 καὶ
668 3451 727 3504 τὸ
763 3453 915 3525 παρὰ
950 3454 1042 3508 τοῦ
1077 3456 1327 3529 Σωτῆρος
1354 3459 1642 3529 εἰρημένον
1672 3463 1765 3515 ἐπὶ
1806 3462 1884 3533 τῷ

310 3536 425 3606 ναῷ
448 3538 527 3608 τῷ
551 3543 679 3614 παρ’
709 3542 911 3605 αὐτοῖς·
955 3562 972 3593 ι
1010 3544 1246 3598 Βλέπετε
1270 3546 1440 3601 ταῦτα
1475 3548 1669 3604 πάντα.
1714 3550 1883 3622 Ἀμὴν

308 3626 452 3695 λέγω
498 3629 649 3700 ὑμῖν,
696 3632 756 3684 οὐ
799 3633 872 3702 μὴ
906 3634 1061 3706 μείνῃ
1093 3635 1239 3700 λίθος
1271 3638 1365 3691 ἐπὶ
1402 3637 1583 3705 λίθον,
1626 3641 1685 3706 ὃς
1713 3643 1773 3695 οὐ
1804 3642 1881 3715 μὴ

308 3720 770 3791 καταλυθήσεται.
808 3743 827 3775 ι
877 3723 1150 3795 Ἐπιλέγει
1190 3726 1248 3780 δὲ
1273 3722 1504 3794 τούτοις,
1536 3731 1619 3785 ὅτι
1656 3751 1676 3784 ι
1711 3734 1827 3797 Πᾶς
1853 3734 1882 3785 6

304 3812 759 3883 εἰσπορευόμενος
789 3817 868 3879 εἰς
899 3816 995 3887 τὴν
1020 3818 1218 3881 οἰκίαν,
1246 3819 1427 3883 πάσας
1455 3821 1554 3885 τὰς
1573 3823 1786 3895 ἡμέρας
1818 3823 1882 3888 ἃς

304 3904 664 3974 ἀφωρισμένη
712 3906 893 3972 ἐστὶν,
932 3907 1242 3980 ἀκάθαρτος
1286 3909 1438 3964 ἔσται
1466 3912 1572 3975 ἕως
1618 3915 1876 3985 ἑσπέρας.

304 3994 416 4047 Καὶ
455 3996 483 4048 6
532 3995 872 4067 κοιμώμενος
903 4000 961 4052 ὲν
1000 4002 1064 4069 τῇ
1114 4000 1262 4071 οἰκίᾳ
1287 4040 1302 4064 ,
1336 4002 1526 4055 πλυνεί
1572 4003 1641 4057 τά
1690 4004 1880 4074 ἱμάτια

302 4087 521 4154 ἑαυτοῦ,
563 4087 658 4142 καὶ
702 4088 1011 4163 ἀκάθαρτος
1044 4073 1196 4145 ἔσται
1244 4091 1351 4156 ἕως
1401 4093 1659 4164 ἑσπέρας.
1712 4073 1881 4151 Καὶό

301 4176 499 4231 ἐσθίων
529 4178 587 4231 έν
620 4181 685 4249 τῇ
736 4179 905 4251 οἰκίᾳ,
941 4180 1104 4234 πάλιν
1146 4181 1383 4251 ὁμοίως;
1424 4201 1441 4232 ι
1466 4184 1654 4250 ,έκεῖνο
1694 4185 1879 4251 σαφῶς

303 4268 588 4339 ύποδηλῶν
637 4270 719 4323 ὅτι
776 4272 884 4335 πᾶς
924 4273 953 4325 6
998 4274 1111 4335 τοῖς
1176 4272 1447 4336 Ἰουδαίοις
1499 4274 1622 4327 καθ’
1670 4275 1875 4328 οίονοῦν

298 4376 424 4415 τινα
466 4361 687 4432 τρόπον,
735 4362 823 4416 διὰ
862 4363 955 4417 τοῦ
998 4363 1065 4417 τὰ
1107 4363 1195 4417 ίσα
1238 4369 1454 4436 φρονεῖν
1500 4366 1873 4437 κολλώμενος,

299 4453 456 4506 ἔσται
484 4454 548 4523 δὴ
581 4455 797 4518 πάντως
841 4456 933 4508 καί⁵
965 4457 1061 4525 τῆς
1101 4459 1322 4511 ἐκείνων
1353 4460 1690 4529 ἀκαθαρσίας
1744 4460 1871 4530 μέτ-

297 4562 444 4614 οχος.
500 4541 629 4599 Εἶτα
680 4545 839 4600 πάλιν
885 4546 1261 4617 ὲπαθρήσοντα
1305 4548 1403 4619 τὴν
1446 4550 1749 4620 λεπρῶσαν,
1786 4552 1878 4604 καὶ
1913 4536 1951 4589 θ

294 4636 453 4700 αὖθις
486 4638 728 4708 εἰσφέρει
748 4639 837 4690 τὸν
860 4638 1091 4708 ἱερέαν(
1144 4640 1269 4693 Ἐὰν
1303 4641 1409 4711 γὰρ
1436 4643 1876 4712 παραγενόμενος

294 4729 514 4800 εἰσέλθῃ
541 4771 555 4794 ,
585 4731 778 4799 φησιν,
819 4732 846 4782 6
881 4731 1057 4800 ἱερεὺς
1084 4729 1191 4802 ἴδῃ.
1226 4733 1335 4784 Καὶ
1386 4734 1491 4785 ἰδοὺ
1535 4735 1780 4805 διαχύσει
1811 4737 1873 4788 οὐ

291 4824 566 4892 διαχεῖται
593 4822 625 4891 ἡ
654 4821 763 4892 ἁφὴ
802 4823 859 4873 ἐν
901 4825 965 4892 τῇ
993 4824 1173 4894 οἰκίᾳ,
1208 4824 1348 4893 μετὰ
1390 4824 1451 4877 τὸ
1487 4825 1872 4896 ἐξαλειφθῆναι

295 4915 396 4983 τὴν
425 4912 626 4974 οἰκίαν,
654 4912 734 4964 ὃτι
762 4912 906 4964 ἰᾶται
933 4913 965 4981 ἡ
988 4912 1123 4982 ἁφή.
1158 4933 1175 4963 ι
1206 4913 1495 4984 Καθῃρὲθη
1530 4915 1626 4984 μὲν
1651 4915 1756 4984 γὰρ
1787 4915 1873 4969 διὰ

298 5006 394 5075 τὴν
422 5008 500 5068 εἰς
531 5004 763 5074 Χριστὸν
796 5005 1077 5073 παροινίαν
1100 5004 1175 5067 ὡς
1203 5004 1504 5075 ἀκάθαρτος
1535 5009 1566 5075 ἠ
1599 5006 1704 5061 τῶν
1747 5006 1868 5060 ἰου-

294 5098 461 5151 δαίων
514 5096 844 5166 Συναγωγή,
896 5096 987 5149 καὶ
1033 5096 1136 5165 τῆς
1187 5096 1321 5149 Θεοῦ
1366 5097 1546 5165 φιλίας
1589 5097 1865 5161 ὲξώλισθε.

297 5192 445 5259 Πλὴν
481 5191 539 5243 ἐν
576 5188 750 5258 τούτῳ
780 5187 989 5259 μακρὸν
1016 5188 1389 5258 παρατείνασα
1419 5189 1638 5258 χρόνον,
1660 5207 1676 5238 ι
1711 5190 1869 5259 ἄχρις

222 5271 231 5283 ’
295 5280 363 5331 διν
399 5279 614 5349 εἰσέλθῃ
645 5278 705 5330 τὸ
730 5278 1001 5346 πλήρωμα
1032 5277 1140 5328 τῶν
1173 5277 1362 5342 ἐθνῶν,
1404 5298 1421 5329 ι
1471 5278 1608 5332 κατό⁴
1637 5278 1734 5349 τὴν
1770 5278 1865 5332 τοῦ

294 5372 511 5425 Παύλου
547 5370 754 5440 φωνὴν,
801 5368 1150 5440 ὲλεηθήσεται
1201 5370 1352 5440 παρὰ
1387 5370 1644 5439 Χριστοῦ.
1710 5372 1863 5425 Ἐπι-

298 5463 669 5532 σπςεπτομένου
717 5461 781 5531 δὴ
839 5461 999 5514 πάλιν
1032 5460 1199 5531 αὐτὴν
1234 5460 1375 5514 κατά
1421 5463 1482 5515 τὸ
1524 5463 1764 5534 λεληθὼς
1792 5464 1866 5527 ὡς

292 5553 455 5615 Ηκοῦ,
480 5555 573 5606 καὶ
613 5552 775 5606 πάλιν
800 5554 877 5615 εἰς
911 5553 1252 5620 δικαιοσύνην
1278 5555 1365 5605 ἐπ’
1409 5555 1657 5623 ἐσχάτοις
1701 5558 1867 5609 ἐπαν-

294 5648 332 5699 ά
362 5664 525 5708 ουτος
560 5646 772 5715 χρόνοις
792 5689 803 5708 ,
835 5644 1177 5715 δικαιοσύνην
1213 5645 1269 5697 δὲ
1302 5645 1513 5710 πάντως
1546 5648 1641 5717 τὴν
1665 5647 1749 5699 διὰ
1782 5648 1868 5699 πί-

366 5765 410 5795 ⁸⁸
445 5764 617 5817 Levii.
678 5778 784 5819 xw,
844 5761 1023 5815 lii-'43.
1137 5759 1181 5791 “
1225 5763 1427 5816 Ji-rcm.
1487 5780 1627 5816 Vlix.
1662 5763 1749 5816 3'2.

291 5834 382 5889 47.
497 5836 539 5863 ⁸³⁸
598 5831 708 5886 ibid
742 5872 756 5898 ,
794 5832 877 5886 l8.
953 5834 996 5861 ’³ο
1026 5833 1388 5903 Ευιι1.ΧΙ,ῖίὓ.

1800 5762 1895 5819 56;
1942 5764 2123 5821 Anim,
2166 5778 2237 5824 ιτ,
2268 5763 2317 5813 θ.

1469 5834 1507 5864 ‘-"
1549 5832 1707 5886 .‘llt’ll.
1749 5834 1896 5899 ιγ,6.

1988 3269 2052 3317 ιιι
2076 3265 2328 3334 quisquis
2372 3264 2577 3321 Judaais
2631 3268 3040 3338 quodammodo
3089 3273 3281 3328 eadem
3303 3274 3568 3344 sapiendo

1984 3354 2311 3425 conjunctus
2334 3356 2425 3420 sit,
2459 3357 2705 3428 ejusdem
2732 3359 3097 3416 immunditize
3130 3363 3409 3433 particeps
3450 3365 3562 3420 ﬁat.

1984 3447 2061 3502 De
2073 3447 2202 3501 hinc
2216 3447 2283 3503 ad
2297 3448 2572 3518 leprosum
2586 3450 2878 3507 aediﬁcium
2890 3455 3351 3510 considerandum
3367 3455 3565 3514 adduci

1984 3538 2168 3595 denuo
2205 3540 2549 3597 sacerdotem
2587 3544 2667 3598 sic
2694 3545 2813 3598 ait:
2855 3564 2873 3596 ι
2902 3545 2959 3601 Si
2993 3548 3266 3602 accedens
3319 3548 3562 3605 intrave—

1984 3630 2057 3684 rit
2083 3632 2357 3696 sacerdos,
2418 3642 2475 3687 et
2503 3634 2722 3689 viderit.
2775 3637 2840 3689 Et
2878 3651 3006 3691 ecce
3069 3637 3233 3708 366
3269 3638 3566 3693 diﬁ‘usione

1983 3738 2095 3777 non
2138 3732 2220 3778 est
2277 3725 2513 3780 diﬂ‘usus
2545 3734 2725 3781 tactus
2758 3726 2812 3780 in
2857 3727 3041 3791 domo,
3079 3736 3369 3795 postquam
3406 3727 3564 3782 linita

1983 3806 2087 3867 fuit
2117 3814 2334 3879 domus,
2363 3815 2492 3883 quia
2521 3824 2746 3869 sanatus
2772 3823 2856 3868 est
2899 3824 3077 3869 tactus
3102 3814 3169 3868 3°.
3211 3833 3228 3865 ι
3274 3814 3561 3869 Destrueta

1981 3912 2066 3958 est
2094 3904 2278 3973 itaque
2297 3906 2523 3959 Judaica
2558 3905 2861 3976 Synagoga,
2890 3904 3036 3972 quod
3061 3905 3117 3957 in
3154 3904 3436 3957 Christum
3460 3905 3559 3959 de«-

1981 3996 2243 4052 bacchata
2268 3998 2339 4049 sit
2369 4004 2429 4049 ut
2457 3996 2693 4065 impura,
2728 4014 2758 4052 a
2801 3999 3007 4067 Deique
3039 3998 3277 4052 amicitia
3310 3998 3555 4067 expulsa.

1980 4089 2099 4155 Quo
2140 4088 2197 4141 in
2240 4096 2383 4141 statu
2411 4102 2539 4141 cum
2563 4088 2657 4142 diu
2688 4089 3072 4158 permanserit,
3114 4108 3131 4138 ι
3164 4088 3341 4143 donec
3405 4090 3558 4143 venit

1980 4179 2265 4250 plenitudo
2297 4179 2564 4248 gentium,
2614 4198 2631 4229 ι
2670 4189 2729 4233 ιιι
2761 4180 2963 4234 Paulus
3012 4181 3256 4249 loquitur
3278 4181 3356 4245 9";
3390 4179 3555 4235 mise-

1980 4272 2191 4325 rebitur
2212 4273 2331 4340 ejus
2355 4270 2629 4326 Christus.
2647 4270 3045 4326 Considerante
3069 4271 3217 4325 enim
3249 4272 3359 4325 Deo
3382 4275 3550 4341 ipsam

1978 4364 2189 4428 denuo,
2234 4363 2536 4418 secundum
2592 4364 2739 4434 quod
2786 4373 2846 4418 ut
2886 4365 2982 4419 Dei
3026 4364 3196 4419 oblita
3242 4364 3438 4428 fuerat,
3483 4366 3550 4419 ad

1974 4455 2244 4525 justitiam
2291 4455 2489 4508 iterum
2552 4454 2762 4509 ultimis
2820 4456 3160 4525 temporibus
3219 4456 3549 4522 adducetur,

1976 4549 2243 4618 justitiam
2272 4548 2493 4618 inquam
2518 4563 2638 4618 quae
2657 4558 2739 4603 est
2772 4565 2839 4603 ex
2872 4548 2975 4603 ﬁde
3008 4559 3062 4604 et
3116 4549 3385 4603 charitatc
3424 4565 3549 4618 erga

1981 4643 2171 4695 Deum.
2202 4640 2427 4695 Accedit
2458 4640 2642 4709 itaque
2682 4640 2903 4695 visurus
2941 4641 3113 4711 ipsam
3150 4657 3345 4695 rursus
3400 4655 3550 4693 sum-

1978 4747 2098 4785 mus
2132 4731 2408 4796 sacerdos,
2428 4739 2483 4785 et
2506 4732 2789 4785 meliorem
2810 4747 2934 4785 cum
2983 4733 3270 4802 repererit,
3300 4731 3553 4800 purgabit

1975 4822 2259 4877 confestim
2296 4838 2359 4876 ac
2396 4822 2646 4892 recipiet,
2681 4831 2741 4877 ut
2791 4838 2820 4876 ιι
2858 4824 3030 4878 sacris
3091 4822 3373 4892 prophetis
3415 4836 3553 4889 prae-

1976 4916 2204 4971 dictum.
2260 4936 2277 4967 ι
2310 4917 2370 4971 In
2410 4916 2499 4971 die
2554 4917 2666 4980 illa,
2698 4915 2831 4969 dicit
2875 4914 3161 4974 Dominus,
3206 4910 3549 4980 congregaho

1979 5023 2097 5065 eam
2125 5026 2245 5079 qua:
2276 5010 2512 5063 contrita
2528 5016 2631 5069 est,
2666 5017 2722 5060 et
2749 5021 2869 5060 eam
2907 5022 3029 5074 qua:
3069 5005 3315 5072 subjecta
3345 5003 3545 5067 fuerat,

1975 5104 2287 5171 suscipiam,
2333 5109 2407 5153 ct-
2440 5114 2580 5167 quos
2616 5099 2946 5166 repulerain.
2998 5096 3065 5148 Et
3096 5110 3293 5163 ponam
3342 5094 3548 5146 contri-

1975 5197 2084 5243 tam
2127 5192 2179 5242 in
2209 5189 2470 5258 reliquias
2501 5190 2565 5241 ".
2603 5208 2618 5238 ι
2655 5188 2795 5241 Alibi
2823 5201 2951 5240 vero
2995 5203 3007 5238 :
3050 5206 3066 5235 ι
3106 5186 3309 5239 Diebus
3360 5186 3547 5239 multis

1972 5281 2241 5337 sedebunt
2271 5280 2366 5334 ﬁlii
2398 5280 2561 5334 lsrael
2598 5279 2715 5332 sine
2751 5294 2899 5347 rege,
2959 5278 3076 5333 sine
3109 5277 3377 5347 principe,
3426 5277 3543 5330 sine

1972 5370 2260 5435 sacriﬁcio,
2293 5373 2409 5426 sine
2443 5371 2620 5434 altari,
2654 5372 2770 5424 sine
2812 5370 3137 5435 sacerdotio,
3199 5369 3316 5423 sine
3369 5369 3545 5422 mani-

1972 5462 2373 5516 festationibus.
2413 5462 2480 5515 Et
2511 5468 2633 5528 post
2687 5460 2802 5514 haec
2837 5468 3180 5513 revertentur
3220 5458 3314 5512 ﬁlii
3350 5458 3537 5523 lsracl,

1970 5565 2025 5608 et
2057 5562 2301 5623 quzercnt
2324 5551 2612 5605 Dominum
2646 5553 2815 5606 Deum
2850 5566 3032 5615 suum,
3063 5560 3117 5604 et
3144 5551 3309 5605 David
3357 5567 3536 5619 regem

1972 5663 2132 5699 suum
2171 5662 2181 5697 :
2217 5655 2271 5697 ct
2318 5644 2609 5712 stupcbunt
2641 5644 2706 5695 :ul
2763 5642 3050 5696 Dominum
3081 5652 3135 5696 ct
3179 5659 3339 5712 super
3376 5642 3537 5695 bouis

2398 5759 2437 5787 πῖ
2466 5757 2649 5811 Matth.
2690 5775 2829 5824 xxiv,
2872 5757 2924 5809 ‘2.
3000 5758 3043 5790 ⁸⁸
3077 5757 3251 5813 Levii.
3282 5773 3387 5819 λιν,
3450 5754 3531 5818 ili,
