4094 6282
519 447 625 507 575

1508 441 1565 496 S.
1605 439 1883 497 CYRILLI
1921 432 2394 496 ALEXANDRINI
2431 437 2752 495 AHCHIEP.

3677 438 3788 494 576

518 562 642 634 ejus
666 560 723 616 in
748 552 1065 614 novissimis
1112 552 1311 608 diebus
1333 552 1401 607 δ’.
1462 569 1481 604 ι
1519 552 1772 623 [aspecta
1805 566 1940 608 vero
1984 550 2102 607 atde

2209 566 2374 614 στεως
2424 548 2521 603 καὶ
2564 546 2787 618 ἀγάπης
2830 547 2928 617 τῆς
2970 548 3050 609 εἰς
3091 544 3277 601 αὐτόν.
3330 546 3786 618 Παραγενήσεται

518 652 758 723 leprosa,
793 667 812 699 ι
837 644 1123 710 Sacerdos,
1162 642 1362 714 inquit,
1387 642 1791 715 purgabiteam
1842 651 1901 699 et
1916 649 2099 698 sumet

518 742 587 798 ad
629 739 1028 813 puriﬁcandam
1072 737 1301 792 domum
1335 735 1476 791 duas
1535 735 1779 791 aviculas
1818 733 2094 798 viventes,

519 832 773 899 mundas,
800 840 857 887 et
887 832 1099 903 lignum
1134 829 1448 894 cedrinum,
1492 835 1552 883 et
1588 841 1821 883 coccum
1862 834 2093 892 tortum,

516 933 576 982 et
607 925 908 997 hyssopum
931 923 1000 979 ".
1036 942 1056 976 ι
1086 922 1166 979 Ac
1188 921 1375 977 statim
1405 938 1419 975 :
1457 939 1479 972 ι
1509 919 1796 976 Aviculam
1816 918 2097 975 viventem

517 1016 692 1089 tinget
720 1017 777 1072 in
808 1017 1075 1089 sanguine
1095 1000 1327 1072 aviculae
1345 1012 1603 1086 iugulata:
1642 1012 1702 1067 in
1739 1025 1883 1083 aqua
1931 1009 2098 1064 fervi-

518 1110 631 1164 da:
676 1122 733 1167 et
759 1111 814 1165 in
840 1111 1055 1167 avicula
1094 1108 1328 1173 viventi,
1367 1115 1427 1163 et
1470 1107 1528 1161 in
1573 1106 1725 1178 ligno
1774 1104 2005 1161 cedrino
2038 1112 2101 1158 et

519 1201 778 1274 hyssopo,
812 1210 869 1258 et
894 1217 1058 1259 cocco
1080 1200 1524 1272 conglomerato:
1562 1197 1853 1267 mittetque
1904 1195 2100 1250 avicu-

519 1292 836 1377 lam'vivam
868 1301 1023 1349 extra
1053 1291 1333 1347 civitatem
1372 1289 1430 1344 in
1462 1302 1724 1359 campum
1766 1301 1992 1359 purum,
2041 1293 2101 1340 et

521 1385 765 1455 expiabit
785 1385 1032 1451 domum,
1063 1391 1119 1441 et
1141 1381 1346 1437 munda
1374 1381 1483 1437 erit
1511 1381 1580 1435 ".
1612 1398 1632 1432 ι

2202 642 2381 698 τοίνυν
2414 642 2827 713 ιπισκοπήσων,
2871 639 2967 694 καὶ
3004 638 3250 704 είσαῦθις
3297 638 3467 711 αὐτὴν
3508 641 3538 693 ὀ
3566 639 3789 696 πάντων

2198 734 2523 808 ἀρχιερεύςο
2577 734 2673 789 καὶ
2728 732 3115 805 βελτιουμένην
3165 732 3384 803 εὑρὼν,
3444 735 3790 805 παραχρῆμα

2201 828 2494 899 καθαριεῖ,
2531 826 2622 881 xal
2664 824 3059 898 προσδέξεται,
3088 824 3231 880 κατὰ
3277 824 3339 879 τὸ
3372 825 3663 896 εἰρημένον
3698 825 3788 880 διὰ

2201 917 2312 974 τῶν
2341 917 2514 986 ἀγίων
2536 917 2853 989 προφητῶν·
2890 935 2910 969 ι
2970 916 3057 970 Ἐν
3090 918 3156 986 τῇ
3182 914 3371 987 ἡμέρᾳ
3394 915 3603 988 ἐκείνῃ,
3637 916 3789 984 λέγει

2204 1007 2429 1077 Κύριος,
2463 1008 2679 1073 συνάξω
2707 1008 2807 1079 τὴν
2832 1008 3188 1081 ἀπωσμένην,
3228 1009 3324 1062 καὶ
3342 1008 3442 1080 τὴν
3468 1027 3791 1080 αυντετριμ-

2206 1100 2378 1172 μένην
2410 1100 2742 1174 εἰσδέξομαι,
2777 1102 2871 1155 καὶ
2904 1100 3002 1166 οὓς
3034 1102 3365 1174 ἀπωσάμην.
3402 1103 3515 1156 Kal
3547 1102 3788 1174 θήσομαι

2203 1193 2305 1263 τὴν
2338 1194 2808 1265 συντετριμμένην
2835 1194 2916 1258 είς
2948 1193 3272 1264 ὑπόλημμα.
3312 1214 3332 1247 ι
3377 1195 3490 1250 Kal
3528 1196 3589 1250 ὲν
3615 1196 3790 1266 ἑτέρῳ

2204 1283 2266 1336 δὲ
2293 1282 2476 1340 πάλιν·
2509 1302 2530 1336 ι
2582 1283 2728 1338 Διότι
2758 1283 2972 1357 ἡμέρας
3008 1283 3209 1349 πολλὰς
3240 1284 3556 1341 καθίσονται
3580 1288 3636 1340 oi
3681 1287 3790 1338 υἱοὶ

2221 1374 2439 1446 Ἰσραὴλ
2475 1376 2575 1430 οὐκ
2607 1377 2762 1441 όντος
2794 1377 3093 1447 βασιλέως,
3120 1378 3247 1432 οὐδὲ
3291 1379 3444 1442 ὄντος
3488 1378 3750 1450 ἄρχοντος
3773 1420 3786 1443 ο

521 1479 622 1531 οὐκ
667 1477 834 1549 οὔσης
865 1476 1084 1541 θυσίας,
1132 1474 1255 1529 οὐδὲ
1292 1475 1445 1538 ὄντος
1491 1470 1880 1541 θυσιαστηρίου
1906 1511 1921 1535 ,
1966 1467 2092 1522 αὖτε
2131 1466 2568 1538 ίερατείας,οὕτε
2591 1468 2785 1539 δήλων.
2810 1470 2924 1523 Καὶ
2942 1470 3081 1539 μετά
3135 1470 3307 1525 ταῦτα
3362 1470 3790 1542 ὲπιστρέψουσιν

521 1570 572 1623 oi.
618 1570 725 1623 ulol
779 1568 995 1640 Ἰσραὴλ
1018 1609 1033 1635 ,
1065 1567 1161 1622 καὶ
1190 1564 1578 1636 ὲπιζητήσουσι
1634 1561 1728 1615 τὸν
1768 1561 1901 1615 Θεὸν
1964 1557 2168 1622 αὐτῶν,
2208 1558 2304 1612 καὶ
2339 1560 2503 1613 Δαῦὶδ
2527 1560 2619 1614 τὸν
2649 1558 2874 1630 βασιλέα
2916 1560 3099 1616 αὐτῶν
3123 1576 3138 1592 ’
3172 1560 3268 1616 καὶ
3308 1562 3668 1633 ἐκστήσονται
3694 1562 3794 1616 ὲπὶ

519 1657 600 1729 τῷ
628 1658 819 1731 Κυρίῳ
840 1701 855 1725 ,
883 1656 983 1712 καὶ
1027 1656 1120 1709 ἐπὶ
1153 1657 1267 1718 τοῖς
1290 1653 1514 1723 ἀγαθοῖς
1557 1648 1723 1704 αὑτοῦ
1753 1649 1839 1704 ἐπ’
1867 1647 2099 1719 ἐσχάτου
2137 1646 2247 1701 τῶν
2273 1648 2520 1720 ἡμερῶν.
2559 1650 2728 1704 Ὅταν
2766 1645 2860 1706 οὖν
2926 1653 3274 1725 ὲπισκοπήσῃ
3340 1654 3441 1725 τὴν
3469 1653 3785 1725 λεπρῶσαν,

398 1776 405 1783 ·
522 1753 707 1822 φησὶν,
748 1755 777 1807 ὀ
819 1751 1034 1823 ἱερεὺς,
1080 1748 1174 1801 καὶ
1203 1744 1478 1818 καθαρίσῃ
1519 1744 1724 1814 αὑτήν·
1766 1742 1863 1796 καὶ
1898 1739 2161 1812 λήψονται
2212 1739 2513 1809 ἀφαγνίσαι
2546 1743 2645 1815 τὴν
2682 1743 2861 1799 οἰκίαν
2924 1744 3017 1799 δύο
3079 1746 3293 1818 ὀρνίθια
3327 1746 3507 1811 ζῶντα
3549 1747 3788 1818 καθαρὰ,

522 1842 618 1896 καὶ
648 1843 804 1909 ξύλον
831 1841 1111 1912 κέδρινον,
1144 1839 1238 1892 καὶ
1268 1836 1652 1907 κεκλωσμένον
1694 1835 1967 1898 κόκκινον,
2035 1830 2130 1885 καὶ
2168 1831 2268 1902 τὴν
2307 1831 2581 1891 ὕσσωπον.
2626 1854 2644 1886 ι
2696 1836 2809 1891 Kal
2853 1835 3050 1893 πάλιν·
3096 1858 3115 1889 ι
3153 1837 3227 1893 Th
3267 1838 3504 1910 ὀρνίθιον
3549 1838 3612 1894 τὸ
3678 1838 3790 1904 ζῶν

523 1937 684 2007 βάψει
721 1936 856 1990 αὐτὸ
888 1936 968 1999 είς
1002 1930 1065 1987 τδ
1104 1930 1243 2005 αἷμα
1272 1929 1366 1985 τοῦ
1394 1930 1633 2012 ὀρνιθίου
1669 1926 2020 1999 ἐσφαγμένου
2046 1925 2107 1978 ὲν
2143 1922 2222 1995 τῷ
2273 1923 2429 1979 ὕδατι
2487 1928 2651 1992 ζῶντι
2670 1970 2684 1994 ,
2712 1932 2807 1985 καὶ
2838 1934 2896 1987 ιν
2916 1932 2995 2003 τῷ
3018 1930 3240 2005 ὁρνιθίῳ
3272 1930 3349 2003 τῷ
3381 1930 3575 1997 ζῶντι,
3606 1933 3702 1985 καὶ
3732 1933 3793 1983 ἐν

518 2029 596 2098 τῷ
631 2028 773 2098 ξύλῳ
804 2026 883 2099 τῷ
920 2026 1168 2097 κεδρίνῳ,
1231 2023 1328 2079 καὶ
1388 2024 1450 2076 ἐν
1488 2024 1555 2093 τῇ
1588 2019 1846 2091 ὑσσώπῳ,
1882 2018 1977 2074 καὶ
1996 2020 2059 2072 ὲν
2085 2017 2165 2089 τῷ
2198 2018 2568 2094 κεκλωσμένῳ
2617 2025 2876 2097 κοκκίνῳ,
2923 2027 3020 2081 καὶ
3064 2024 3419 2092 ὲξαποστελεϊ
3453 2025 3515 2079 τὸ
3551 2026 3792 2096 ὀρνίθιον

519 2125 580 2178 τὸ
621 2124 730 2190 ζῶν
762 2122 866 2187 ἔξω
896 2123 995 2194 τῆς
1030 2121 1238 2184 πόλεως
1271 2121 1354 2183 εἰς
1378 2117 1560 2172 πεδίον
1584 2115 1843 2188 καθαρὸν,
1868 2115 1964 2169 καὶ
1991 2113 2299 2180 ὲξιλάσεται
2328 2118 2580 2190 περὶτῆς
2606 2120 2805 2186 οἰκίας,
2831 2123 2925 2176 καὶ.
2958 2122 3179 2195 καθαρά
3198 2122 3355 2177 ἔσται
3416 2141 3436 2175 ι

586 2220 638 2275 4.
673 2216 775 2272 llic
790 2230 1005 2271 rursum
1036 2213 1171 2267 mihi
1195 2212 1342 2267 clare
1369 2209 1659 2266 considera
1684 2216 1863 2264 totum
1885 2204 2094 2264 Christi

2266 2206 2333 2262 δ’.
2364 2207 2525 2265 Ὀλον
2547 2210 2612 2282 δὴ
2640 2211 2803 2266 πάλιν
2831 2215 2889 2267 ὲν
2913 2211 3126 2278 τούτοις
3148 2212 3439 2285 περιάθρει
3467 2213 3654 2283 σαφῶς
3690 2216 3791 2268 τοῦ

521 2309 866 2384 mysterium,
902 2314 959 2361 et
998 2304 1257 2376 baptismi
1293 2301 1729 2359 mundationem.
1755 2300 1904 2356 Duos
1953 2297 2104 2353 enim

521 2415 770 2473 passeres
792 2398 911 2470 capi
934 2396 1092 2470 jubet
1107 2396 1264 2451 vivos
1295 2409 1360 2450 ac
1386 2391 1645 2457 mundos,
1679 2398 1743 2445 ut
1766 2388 2105 2457 intelligeres

522 2510 620 2564 per
645 2493 804 2546 vivos
839 2488 1002 2543 alites
1019 2486 1302 2558 caelestem
1328 2482 1504 2538 Deum
1532 2479 1697 2568 simpl
1725 2486 1783 2534 et
1798 2476 2102 2541 hominem,

521 2585 615 2656 qui
648 2581 885 2653 duplicis
900 2586 1109 2634 naturae
1135 2577 1205 2632 ad
1230 2590 1332 2631 nos
1355 2574 1527 2640 venit,
1550 2580 1785 2643 utraque
1809 2584 2022 2633 earum,
2043 2574 2106 2622 ut

520 2674 845 2747 oportet,sic
857 2671 1113 2727 distincta
1133 2686 1145 2723 :
1166 2665 1568 2735 Verbumlenim
1595 2673 1716 2721 erat
1741 2679 1808 2719 ex
1819 2664 1931 2719 Deo
1942 2661 2105 2716 Patre

521 2769 873 2831 clariticatus,
901 2772 957 2820 et
986 2780 1018 2819 e
1053 2760 1286 2816 muliere
1311 2773 1545 2814 carneus
1572 2764 1757 2820 natus,
1784 2770 1898 2810 non
1916 2761 2104 2809 tamen

520 2858 920 2918 divisus.Unus
940 2854 1090 2910 enim
1111 2869 1180 2909 ex
1203 2860 1434 2921 utraque
1453 2857 1652 2904 natura
1666 2847 1827 2919 367
1849 2844 2105 2901 Christus

520 2960 624 3009 est.
662 2951 961 3019 Propterea
997 2943 1121 2999 dua:
1141 2942 1369 2997 avicula:
1391 2939 1685 3009 capiuntur
1716 2945 1881 3007 atque
1912 2934 2105 2997 intel-

524 3045 769 3115 liguntur
802 3048 864 3092 ut
886 3051 1055 3093 unum
1085 3041 1341 3103 utraque,
1377 3030 1474 3086 sed
1504 3030 1628 3084 viva
1658 3043 1722 3083 ac
1748 3027 1978 3081 munda.
2004 3025 2101 3080 Vi-

525 3146 633 3191 lam
672 3133 823 3189 enim
851 3138 908 3185 et
938 3127 1239 3199 puritatem
1289 3135 1510 3178 omnem
1542 3120 1835 3176 continens
1859 3126 1944 3174 est
1984 3117 2103 3188 ipse

524 3245 586 3281 rx
611 3241 668 3280 se
697 3223 966 3285 Verbum,
992 3227 1049 3273 et
1083 3234 1150 3273 ex
1178 3215 1402 3285 Virgine
1427 3214 1695 3283 templum
1718 3211 1908 3266 vivum
1970 3209 2106 3266 Ver-

524 3316 657 3369 bum
704 3313 917 3368 habens
952 3311 1009 3363 in
1042 3308 1245 3379 seipse.
1275 3304 1568 3374 Proprium
1609 3303 1757 3357 enim
1791 3302 1870 3355 illi
1901 3314 2104 3370 corpus

524 3406 647 3467 fuit,
678 3414 735 3459 et
777 3419 888 3457 non
923 3400 1162 3456 alienum
1201 3396 1453 3469 gestavit.
1486 3395 1627 3449 Hinc
1664 3409 1810 3448 unus
1843 3392 2103 3462 idemque

527 3496 683 3551 .lcsus
728 3493 999 3549 Christus.
1036 3492 1245 3546 Praeter
1285 3486 1528 3542 aviculas
1567 3494 1622 3539 et
1666 3485 1957 3539 cedrinum
2003 3499 2100 3539 su-

527 3585 844 3657 merejubet
869 3583 1097 3652 lignum,
1117 3588 1179 3634 ut
1201 3578 1329 3632 inde
1344 3577 1731 3646 incorruptum
1758 3589 1879 3630 esse
1894 3573 2103 3629 Christi

526 3664 728 3748 corpus
758 3687 1037 3747 agnoscas.
1079 3671 1193 3725 Nec
1221 3669 1370 3724 enim
1406 3666 1752 3735 corruptioni
1774 3665 2102 3731 obnoxium,

528 3770 607 3824 uti
647 3776 703 3824 et
748 3766 948 3823 cedrus
998 3761 1351 3834 putredinem
1379 3759 1579 3814 nescit.
1606 3758 1680 3813 Ut
1700 3773 1835 3813 vero
1857 3758 2108 3812 incorru-

528 3859 717 3931 ptibile
762 3871 883 3913 esse
911 3854 1117 3911 sciatur
1162 3858 1413 3907 sanctum
1455 3849 1661 3905 Christi
1711 3864 1931 3920 corpus,
1975 3849 2109 3905 hinc

476 4008 481 4009 ,
526 3949 844 4007 credibilior
864 3956 947 4003 est
980 3946 1049 4020 de
1082 3942 1488 3999 resurrectione
1530 3941 1702 4011 ipsius
1754 3956 1936 3997 sermo
1983 3940 2108 3997 red-

526 4044 692 4098 ditus.
728 4041 1027 4097 Coecinum
1066 4052 1202 4092 vero
1258 4043 1437 4089 totum
1465 4033 1534 4088 de
1577 4042 1755 4087 morte
1799 4032 2108 4089 Servatoris

528 4133 926 4189 confessionem
954 4137 1200 4184 nostram
1225 4127 1495 4197 designat.
1521 4124 1597 4179 De
1621 4125 1867 4180 Ecclesia
1921 4126 2107 4196 itaque

531 4225 586 4277 in
624 4224 851 4280 Cantico
889 4221 1232 4276 canticorum
1260 4218 1464 4272 dicitur
1495 4233 1508 4269 :
1551 4235 1568 4267 ι
1610 4216 1766 4270 Sicut
1798 4217 1936 4271 vitta
1978 4230 2107 4271 coc-

530 4314 684 4369 cinea
729 4313 874 4368 labia
909 4320 1020 4375 tua,
1075 4325 1231 4365 soror
1288 4322 1413 4362 mea
1474 4321 1673 4375 sponsa
1735 4306 1801 4359 ⁸⁶.
1855 4326 1872 4358 ι
1939 4306 2109 4362 Labia

531 4406 677 4461 cnim
706 4403 969 4459 Ecclesiae
1022 4416 1242 4471 semper
1295 4396 1738 4467 redemptionem
1781 4397 1838 4451 in
1894 4396 2105 4474 Christi

531 4501 792 4573 sanguine
817 4497 1140 4571 praedicant,
1198 4502 1255 4549 et
1309 4492 1377 4548 de
1420 4507 1484 4546 ea
1537 4489 1664 4546 ﬁdei
1708 4489 2107 4562 professionem

532 4594 650 4649 ﬁeri
684 4594 989 4663 imperant;
1036 4588 1162 4644 ideo
1217 4587 1368 4641 vitta:
1420 4584 1694 4640 coccineae
1746 4594 1897 4639 recte
1934 4584 2110 4655 ipsius

532 4686 673 4742 labia
718 4690 1145 4754 comparantur;
1205 4679 1435 4751 mystica
1492 4691 1627 4731 vero
1682 4677 2111 4733 communicatio

532 4776 935 4835 benedictionis
963 4774 1159 4830 mortis
1186 4769 1395 4828 Christi
1444 4766 1610 4822 habet
1644 4768 1981 4838 praeconium
2032 4768 2109 4830 si:

2207 2299 2461 2371 Σωτῆρος
2497 2303 2655 2373 ἡμῶν
2687 2304 2749 2357 τὸ
2778 2306 3104 2378 μυστήριον,
3140 2306 3236 2360 καὶ
3262 2306 3354 2359 τὸν
3392 2306 3484 2360 διὰ
3506 2305 3601 2360 τοῦ
3631 2308 3791 2377 ἁγίου

2205 2386 2586 2461 βαπτίσματος
2615 2392 2982 2466 καθαρισμόν.
3014 2394 3119 2448 Δύο
3160 2395 3261 2467 μὲν
3295 2398 3405 2467 γὰρ
3435 2395 3649 2468 ὀρνίθια
3688 2397 3791 2470 λη-

2206 2480 2412 2553 φθῆναι
2439 2483 2651 2539 κελεύει
2700 2483 2881 2550 ζῶντα
2918 2488 3016 2542 καὶ
3050 2489 3266 2560 καθαρά
3291 2503 3306 2518 ·
3345 2489 3435 2544 ἵνα
3459 2490 3663 2561 νοήσῃς
3701 2490 3793 2546 διὰ

2206 2572 2316 2627 τῶν
2343 2575 2609 2630 πετεινῶν
2634 2577 2728 2632 τὸν
2766 2578 3018 2650 οὐράνιον
3038 2580 3326 2653 ἄνθρωπον
3354 2579 3493 2652 ὀμοῦ
3516 2582 3612 2639 καὶ
3631 2582 3791 2648 Θεὸν,

2207 2665 2288 2729 εἰς
2320 2664 2416 2720 δὼ
2445 2667 2546 2737 μὲν
2590 2668 2813 2738 φύσεις,
2843 2671 2969 2726 ὅσον
3010 2666 3146 2742 ἧκεν
3173 2674 3256 2736 είς
3280 2672 3372 2726 τὸν
3400 2673 3610 2746 ἑκάστῃ
3658 2674 3796 2743 πρέ-

2208 2773 2381 2812 ποντα
2413 2758 2571 2828 λόγον
2606 2760 3004 2833 διαιρούμενον.
3047 2764 3219 2833 Λόγος
3246 2762 3358 2837 γὰρ
3385 2760 3455 2835 ἦν
3486 2766 3518 2819 ὀ
3562 2767 3627 2820 ὲκ
3651 2765 3790 2820 Θεοῦ

2207 2850 2422 2923 Πατρὸς
2478 2852 2843 2925 ἀναλάμψας,
2890 2857 2952 2910 ὲν
3022 2857 3190 2927 σαρκὶ
3246 2859 3313 2926 τῇ
3371 2856 3437 2910 ὲκ
3486 2857 3739 2927 γυναικὸς
3763 2898 3780 2923 ,

2208 2944 2349 3016 πλὴν
2400 2945 2463 2999 οὐ
2508 2947 2886 3018 μεριζόμενος.
2938 2940 3038 3010 Εἷς
3071 2947 3181 3018 γάρ
3228 2947 3290 3014 ἐξ
3333 2950 3539 3019 ἀμφοῖν
3583 2951 3611 3002 ό
3651 2950 3787 3018 Χρι-

2208 3036 2352 3101 στός.
2393 3037 2505 3093 Kal
2542 3038 2630 3093 διὰ
2667 3038 2825 3094 τοῦτο
2854 3039 2930 3103 ὡς
2958 3040 3052 3094 δύο
3074 3039 3510 3110 λαμϐάνεταιτὰ
3547 3041 3792 3111 ὀρνίθια,

2207 3130 2303 3184 καὶ
2329 3131 2533 3184 νοεῖται
2561 3130 2726 3186 πάλιν
2746 3173 2761 3199 ,
2790 3131 2955 3196 ὡς’ἒν
2976 3131 3260 3202 ἀμφότερα
3284 3174 3297 3197 ,
3329 3131 3469 3202 πλὴν
3494 3131 3673 3197 ζῶντα
3699 3135 3798 3186 καὶ

2208 3217 2444 3290 καθαρά.
2481 3220 2634 3292 Ζωῆς
2667 3219 2773 3291 γὰρ
2802 3221 2897 3274 καὶ
2930 3219 3301 3291 καθαρότητος
3331 3221 3550 3293 ἀπάσης
3583 3239 3799 3293 παρεκ-

2207 3308 2359 3373 τικδς
2385 3308 2482 3363 καὶ
2519 3310 2682 3373 αὐτὸς
2708 3309 2832 3365 καθ’
2860 3310 3050 3366 ἑαυτὸν
3075 3312 3105 3364 ὁ
3136 3313 3307 3381 Λόγος
3324 3357 3338 3379 ,
3374 3314 3469 3367 καὶ
3495 3315 3524 3366 ὁ
3546 3315 3613 3368 ἐκ
3645 3315 3800 3385 Παρ-

2209 3399 2364 3455 θένου
2398 3399 2522 3463 ναὸς
2543 3400 2634 3453 τὸν
2661 3400 2841 3465 ζῶντα
2869 3401 3039 3470 Λόγον
3064 3401 3205 3473 ἔχων
3229 3404 3288 3456 ὲν
3316 3404 3511 3475 ἑαυτῷ.
3546 3400 3657 3459 Ἦν
3686 3406 3804 3477 γὰρ

2209 3491 2340 3545 ἴδιον
2364 3491 2529 3547 αὐτοῦ
2554 3491 2615 3547 τδ
2638 3493 2829 3563 σῶμα,
2859 3493 2955 3547 καὶ
2975 3495 3075 3548 οὐκ
3095 3495 3373 3568 ἀλλότριον
3397 3498 3639 3569 φόρημα.
3666 3500 3804 3553 Διά-

2208 3601 2290 3638 τοι
2321 3583 2479 3638 τοῦτο
2525 3578 2606 3649 εἷς
2635 3584 2840 3656 Κύριος
2886 3584 3095 3649 Ἰησοῦς
3144 3587 3396 3657 Χριστός.
3445 3588 3590 3659 Πρὸς
3630 3589 3689 3641 δέ
3733 3607 3806 3658 γε

2205 3676 2319 3738 τοῖς
2346 3672 2627 3745 ὀρνιθίοις,
2659 3674 2752 3728 καὶ
2780 3673 2938 3739 ξύλον
2965 3675 3211 3745 κέδρινον
3234 3676 3533 3746 λαμϐάνειν
3560 3678 3804 3744 κελεύει,

2206 3765 2297 3820 ἵνα
2326 3765 2414 3820 διὰ
2449 3766 2642 3820 τούτου
2682 3766 2959 3839 ἄφθαρτον
2984 3764 3122 3822 εἶναι
3152 3768 3211 3822 τὸ
3241 3769 3400 3840 σῶμα
3437 3770 3639 3840 νοήσῃς
3662 3772 3811 3840 Χρι-

2210 3857 2358 3912 στοῦ.
2395 3858 2469 3911 Οὐ
2494 3856 2604 3931 γὰρ
2633 3852 2743 3912 οἶδε
2770 3857 3087 3930 διαφθοράνο
3127 3862 3471 3931 παραιτεῖται
3500 3861 3611 3932 γὰρ
3636 3862 3669 3932 ἡ
3706 3863 3809 3915 κέ.

2206 3948 2333 4020 δρος
2359 3947 2421 4002 τὸ
2450 3946 2790 4020 φθείρεσθαι.
2825 3948 2926 4003 Διά
2948 3948 3005 4002 δὲ
3028 3947 3124 4001 τοῦ
3154 3948 3228 4020 μὴ
3256 3948 3630 4019 κατεφθάρθαι
3657 3952 3810 4002 νοεῖν

2207 4042 2270 4097 τὸ
2295 4043 2451 4113 ἅγιον
2483 4041 2644 4114 σῶμα
2678 4041 2916 4114 Χριστοῦ
2935 4082 2953 4109 ,
2982 4042 3208 4105 πιθανὸς
3235 4041 3301 4114 δὴ
3330 4039 3449 4095 λίαν
3477 4043 3507 4094 ὀ
3535 4041 3666 4112 περὶ
3698 4044 3809 4112 τῆς

2208 4134 2559 4199 ἀναστάσεως
2597 4133 2766 4187 αὐτοῦ
2813 4134 2973 4203 λόγος
3010 4135 3345 4206 εἰσφέρεται,
3388 4134 3460 4186 Τὸ
3498 4134 3555 4187 δὲ
3589 4133 3809 4189 κεκλω·

2212 4230 2406 4302 σμένον
2440 4228 2713 4296 κόκκινον,
2759 4227 2856 4298 τὴν
2887 4229 2979 4280 ἐπὶ
3018 4228 3096 4298 τῷ
3142 4227 3356 4293 θανάτῳ
3400 4226 3494 4279 τοῦ
3542 4225 3809 4297 Σωτῆρος

2209 4321 2368 4393 ἡμῶν
2398 4319 2687 4394 ὁμολογίαν
2716 4319 3098 4390 ὑποσημαίνει.
3139 4320 3248 4371 Kal
3291 4317 3421 4387 γοῦν
3450 4317 3667 4388 εἴρηταί
3699 4335 3804 4371 που

2210 4413 2462 4487 περὶτῆς
2505 4410 2829 4482 Ἐκκλησίας
2871 4413 2929 4464 ὲν
2969 4409 3047 4482 τῷ
3081 4410 3323 4481 ’ᾼσματι
3360 4409 3470 4462 τῶν
3503 4409 3801 4480 ᾀσμάτων·

2216 4523 2235 4558 ι
2302 4505 2390 4568 Ὧς
2438 4501 2698 4573 σπαρτίον
2752 4500 3003 4555 κόκκινον
3058 4500 3212 4570 χείλη
3262 4516 3390 4563 σου,
3445 4498 3651 4570 ἀδελφή
3698 4516 3802 4569 μου

2210 4593 2418 4665 νύμφη.
2468 4611 2486 4643 ι
2531 4588 2750 4660 Ἐπειδὴ
2777 4589 2886 4660 γάρ
2914 4589 3000 4641 ἀεὶ
3036 4588 3134 4651 τῆς
3175 4585 3505 4656 Ἐκκλησίας
3544 4583 3615 4636 τὰ
3649 4584 3800 4654 χείλη

2211 4688 2309 4758 τὴν
2348 4685 2435 4739 διὰ
2475 4683 2570 4737 τοῦ
2602 4683 2830 4752 αἵματος
2867 4679 2962 4733 τοῦ
3000 4678 3239 4749 Χριστοῦ
3288 4677 3560 4747 σωτηρίαν
3589 4676 3801 4744 ἀνακη-

2214 4779 2421 4852 ρύττει,
2469 4775 2563 4829 καὶ
2610 4774 2697 4826 ἐπ’
2745 4771 2898 4843 αὐτῷ
2955 4771 3052 4840 τῆς
3101 4770 3334 4832 πίστεως
3368 4768 3466 4839 τὴν
3510 4766 3805 4838 ὁμολογίαν

531 4872 646 4927 mul
674 4888 731 4927 e.
753 4866 1176 4926 resurrectionis
1217 4862 1485 4935 ejusdem.
1526 4858 1660 4928 Quae
1682 4869 1739 4916 et
1770 4861 1948 4932 primo
1977 4875 2105 4932 pro-

2214 4868 2481 4925 ποιεῖσθαι
2510 4864 2720 4920 κελεύει
2762 4864 2852 4917 τὸν
2877 4863 3344 4935 προσερχόμενον,
3388 4859 3643 4929 σπαρτίῳ
3670 4876 3802 4911 κοκ-

535 4965 678 5019 litori
702 4961 1103 5034 persuadentur
1131 4956 1352 5015 Christo
1392 4955 1616 5022 initiati,
1650 4953 1850 5011 deinde
1882 4952 1950 5007 ad
2011 4952 2110 5007 ba-

533 5058 793 5127 ptismum
848 5054 1218 5120 adducuntur,
1266 5052 1695 5123 perﬁcimusque
1743 5062 1839 5103 eos
1886 5045 1942 5100 in
1988 5060 2114 5099 san-

536 5148 699 5220 guine
735 5146 925 5203 aeterni
953 5144 1291 5209 testamenti,
1343 5151 1404 5198 ut
1439 5142 1725 5211 Scriptura
1769 5136 2017 5208 loquitur
2043 5136 2109 5188 ’⁸.

539 5242 690 5298 Fidei
719 5240 867 5296 enim
895 5238 1296 5294 confessionem
1322 5234 1379 5289 in
1410 5233 1675 5305 sanguine
1694 5229 1902 5287 Christi
1935 5226 2115 5283 cocci-

541 5345 673 5385 num
694 5328 977 5400 designat;
1003 5327 1278 5399 hyssopus
1313 5333 1497 5380 autem
1521 5322 1697 5377 sancti
1716 5318 1955 5391 Spiritus
2001 5316 2113 5373 fer-

2223 4963 2355 5034 κίνῳ
2381 4957 2704 5029 παρεικάζει
2733 4955 2913 5018 καλῶς
2943 4955 3013 5008 τὰ
3059 4956 3211 5025 χείλη
3256 4953 3455 5023 αὐτῆς·
3490 4951 3585 5006 καὶ
3630 4949 3804 5019 αὐτῆς

2212 5054 2271 5111 δὲ
2292 5054 2389 5124 τῆς
2416 5049 2689 5123 μυστικῆς
2710 5047 2958 5117 εὐλογίας
2985 5048 3019 5118 ἡ
3052 5045 3271 5116 μέθεξις
3296 5042 3662 5112 καταγγελίαν
3687 5040 3801 5109 ἔχει

2213 5146 2305 5201 τοῦ
2329 5142 2559 5200 θανάτου
2590 5140 2682 5193 καὶ
2712 5138 2811 5208 τῆς
2839 5136 3184 5199 ἀναστάσεως
3213 5133 3379 5188 αὑτοῦ
3413 5132 3506 5186 τοῦ
3538 5126 3800 5202 Χριστοῦ.

2219 5239 2284 5292 ’Λ
2319 5235 2417 5290 καῖ
2448 5232 2716 5306 πρότερον
2744 5229 3026 5300 ὁμολογεῖν
3072 5226 3459 5289 ἀναπείθοντες
3510 5222 3637 5285 τοὺς
3678 5234 3805 5273 πισ-

2218 5327 2470 5390 τεύοντας
2490 5366 2504 5389 ,
2538 5321 2887 5395 προσάγομεν
2931 5337 2992 5374 τε
3020 5318 3096 5390 τῷ
3124 5318 3265 5389 ἁγίῳ
3295 5316 3661 5388 βαπτίσματι,
3707 5309 3804 5366 καὶ

544 5436 752 5478 vorem.
783 5418 971 5476 Calida
1017 5419 1163 5475 enim
1189 5418 1309 5472 haec
1334 5415 1506 5472 herba
1538 5421 1642 5479 est,
1694 5420 1751 5468 et
1794 5410 2105 5482 frigiditate:

2218 5421 2423 5478 τελειοῦ
2434 5438 2531 5492 μεν
2562 5419 2620 5471 ὲν
2650 5417 2839 5488 αἵματι
2862 5413 3137 5484 Διαθήκης
3159 5411 3400 5475 αἰωνίου,
3428 5407 3573 5463 καθὰ
3595 5405 3803 5475 γέγρα-

543 5515 852 5586 detergens,
875 5528 939 5568 ac
966 5528 1204 5583 purgans
1238 5510 1479 5564 morbos.
1529 5507 1677 5562 Talis
1727 5506 1874 5561 enim
1910 5504 1965 5558 in
2019 5517 2105 5557 nos

2220 5534 2372 5571 πται.
2408 5512 2516 5568 Kal
2559 5511 2668 5582 γὰρ
2706 5511 2806 5582 τὴν
2838 5510 2929 5563 ἐπὶ
2967 5507 3043 5579 τῷ
3075 5507 3269 5576 αἵματι
3309 5502 3405 5558 τοῦ
3435 5497 3666 5574 Χριστοῦ
3702 5495 3803 5586 τῆς

547 5604 717 5657 sancti
758 5604 998 5672 Spiritus
1047 5602 1270 5673 energia
1326 5600 1539 5655 exsistit
1562 5608 1617 5653 et
1669 5599 1769 5653 vis.
1839 5617 1856 5648 ι
1906 5598 2115 5659 Sumet,

551 5696 751 5765 inquit,
776 5696 1045 5764 leprosum
1081 5696 1303 5749 domum
1350 5692 1654 5750 emundans
1704 5691 1974 5746 aviculam
2032 5690 2116 5743 vi-

622 5876 849 5944 "Osee,
901 5890 977 5942 tu,
1032 5874 1082 5941 ι,
1113 5874 1164 5927 5.
1241 5873 1286 5905 ’⁵³
1325 5872 1498 5926 chit.
1535 5888 1639 5939 xw,
1690 5872 1767 5927 i9.

1846 5873 1889 5903 νδ
1915 5871 2071 5940 ibid,
2094 5871 2280 5929 50-35.

2221 5608 2454 5671 πίστεως
2485 5601 2775 5673 ὁμολογίαν
2797 5645 2810 5666 ,
2852 5601 2939 5655 διὰ
2971 5600 3065 5653 τοῦ
3104 5596 3357 5655 κοκκίνου
3396 5592 3679 5664 σημαίνει’
3713 5585 3803 5639 διὰ

2217 5696 2271 5750 δὲ
2311 5696 2405 5765 τῆς
2473 5693 2723 5748 ὑσσώπου
2748 5733 2760 5757 ,
2815 5690 2912 5761 τὴν
2957 5689 3046 5742 τοῦ
3077 5687 3231 5754 ἁγίου
3281 5683 3593 5753 Πνεύματος
3630 5678 3803 5741 ζέσιν.

2362 5874 2403 5903 ³⁵
2454 5872 2700 5938 Cant”,
2744 5870 2795 5923 5.
2875 5870 2920 5903 ⁹⁸
2980 5866 3143 5923 liehr.
3204 5880 3312 5931 xm,
3354 5864 3438 5918 '20.
