4094 6282
280 326 385 382 577

1236 323 1756 383 GLAPHYRORUM
1795 322 1863 378 IN
1903 318 2277 375 LEVITICUM
2314 317 2538 373 LIBER.

3464 321 3530 374 78

280 439 470 511 Θερμὴ
518 439 627 510 γὰρ
669 440 704 512 ἡ
735 439 874 507 πόα,
918 441 1010 495 xal
1053 441 1160 495 τῶν
1203 442 1267 494 ἐκ
1291 440 1631 512 ψυχρότητος
1672 436 1861 492 παθῶν

1964 442 2204 497 ventem,
2241 441 2298 487 et
2321 433 2529 503 lignum
2547 432 2859 499 cedrinum,
2889 440 2946 487 et
2976 446 3203 488 coccum
3231 439 3455 499 tortum,
3474 444 3532 489 et

284 530 583 602 Glﬂpﬁtxﬂ.
609 531 843 601 Τοιαύτη
877 530 935 584 δὲ
967 533 1060 584 καὶ
1089 533 1122 603 ἡ
1150 530 1244 584 τοῦ
1276 531 1432 600 ἁγίου
1462 529 1779 600 Πνεύματος
1801 527 1859 581 ἑν

284 623 412 692 ἡμῖν
438 621 687 692 ἐνέργειά
713 638 772 674 τε
800 622 891 675 καὶ
918 621 1166 692 δύναμις.
1204 641 1223 673 ι
1256 623 1500 692 Λήψεται
1526 622 1707 674 τοίνυν
1724 662 1739 687 ,
1764 637 1861 691 φη·

286 713 370 768 σὶν
389 751 404 777 ,
423 715 453 767 ὁ
477 713 708 782 ἁγνίζων
728 713 825 784 τὴν
846 712 1282 786 λελεπρωμένην,
1309 714 1373 769 τὸ
1389 713 1624 786 ὀρνίθιον
1646 713 1708 766 τὸ
1728 712 1857 779 ζῶν,

287 806 380 860 καὶ
416 806 477 859 τὸ
506 805 745 877 κέδρινον
769 805 925 871 ξύλον
943 844 960 871 ,
995 808 1088 860 ml.
1113 807 1178 861 τὸ
1205 807 1487 874 κόκκινον,
1518 808 1611 861 καὶ
1640 806 1740 878 τὴν
1762 803 1860 858 ὕσ-

288 915 501 963 σωπον,
533 900 626 953 καὶ
658 898 819 969 sese:
845 899 984 952 αὐτὰ
1020 898 1101 962 είς
1132 898 1194 952 τὸ
1218 895 1357 970 αἷμα
1379 898 1475 954 τοῦ
1505 898 1739 971 ὁρνιθίου
1763 896 1859 951 τοῦ

288 991 636 1061 ἐσφαγμένου
653 1030 669 1055 ,
692 991 779 1061 ἐφ’
817 991 970 1045 ὕδατι
999 991 1160 1056 ζῶντι
1177 1031 1195 1057 ,
1230 992 1325 1046 καὶ
1348 991 1666 1064 περιρῤανεϊ
1688 991 1746 1043 ὲν
1765 990 1863 1043 αύ-

288 1086 399 1146 τοῖς
428 1083 520 1137 ἐπὶ
544 1084 644 1155 τὴν
669 1084 848 1138 οὶκίαν
876 1085 1126 1150 ἑπτάκις.
1162 1085 1274 1140 Kal
1304 1085 1526 1154 ἀφανιετ
1552 1083 1655 1153 τὴν
1684 1082 1861 1136 οίκίαν

287 1177 346 1227 ἐν
374 1174 452 1244 τῷ
481 1174 675 1244 αἵματι
699 1175 793 1229 τοῦ
821 1176 1058 1245 ὁρνιθίου
1074 1217 1090 1242 ,
1111 1178 1207 1231 καὶ
1228 1178 1287 1231 ἐν
1310 1176 1387 1248 τῷ
1406 1175 1555 1229 ὕδατι
1577 1174 1652 1245 τῷ
1674 1173 1857 1240 ζῶντι,

287 1265 381 1319 καὶ
413 1268 469 1319 ὲν
498 1265 574 1336 τῷ
598 1265 741 1336 ξύλῳ
777 1266 854 1338 τῷ
885 1268 1118 1340 κεδρίνῳ
1137 1307 1152 1332 ,
1182 1268 1277 1321 καὶ
1305 1270 1364 1321 ὲν
1383 1269 1451 1339 τῇ
1479 1264 1743 1337 ὑσσώπῳ,
1767 1263 1863 1319 καὶ

287 1354 344 1405 ἐν
365 1351 444 1422 τῷ
464 1351 827 1425 κεκλωσμένῳ
851 1357 1105 1427 κοκκίνῳ.
1142 1374 1163 1409 ι
1202 1356 1276 1410 υύ
1303 1354 1409 1427 γὰρ
1450 1354 1651 1427 ἑτέρως
1701 1354 1862 1408 δύνα-

289 1443 409 1496 σθαι
441 1444 542 1513 τὴν
581 1442 690 1500 τῶν
715 1445 981 1501 Ἰουδαίων
1008 1447 1339 1517 Συναγωγὴν
1374 1446 1466 1500 τὸν
1491 1445 1551 1512 ἐξ
1583 1444 1864 1509 ἀπειθείας

287 1531 701 1586 ἀποπλύνασθαι
752 1534 1061 1605 μολυσμὸν,
1089 1538 1183 1590 καὶ
1219 1536 1318 1608 τὴν
1351 1538 1414 1590 ὲκ
1455 1536 1562 1589 τῶν
1605 1535 1864 1590 ποικίλων

289 1623 781 1693 πλημμελημάτων
811 1626 1106 1681 ἀποθέσθαι
1136 1627 1356 1697 κηλίδα,
1380 1627 1687 1699 πάλινήμῖν
1718 1628 1749 1680 ὁ
1779 1625 1867 1679 v6-

294 1730 393 1784 μος
442 1713 727 1783 ὑποδηλοί,
760 1719 806 1768 εἰ
839 1716 912 1787 μὴ
939 1716 1028 1769 διά
1073 1717 1238 1788 μόνης
1272 1718 1520 1787 εὐλογίας
1564 1717 1666 1788 τῆς
1712 1715 1866 1787 παρά

1962 527 2280 597 hyssopum,
2303 534 2361 578 et
2398 526 2569 596 tinget
2608 541 2672 580 ea
2708 526 2765 579 in
2818 525 3079 594 sanguine
3108 524 3334 579 aviculae
3370 525 3531 596 jugu-

1961 615 2083 671 lata'.
2114 616 2171 669 in
2196 630 2335 685 aqua
2353 614 2584 680 fervida,
2619 624 2676 670 et
2699 623 2951 686 asperget
2976 615 3032 669 in
3067 616 3150 669 eis
3170 615 3397 671 domum
3439 631 3530 672 se-

1960 708 2123 778 pties.
2163 706 2232 761 Et
2262 705 2575 776 puriﬁcabit
2607 707 2833 762 domum
2869 708 2925 761 in
2978 707 3240 777 sanguine
3282 708 3530 773 aviculae,

1960 807 2018 854 et
2049 799 2108 854 in
2149 813 2290 868 aqua
2313 798 2541 864 viventi,
2587 807 2647 854 et
2686 798 2745 854 in
2764 799 2917 870 ligno
2969 790 3222 864 cedrino,
3244 806 3301 854 et
3326 799 3382 853 in
3408 800 3534 871 hys-

1960 902 2115 959 sopo,
2151 889 2294 945 etin
2350 889 2580 945 coccino
2622 891 3030 960 mglomerato
3056 889 3122 944 ”.
3149 908 3167 940 ι
3212 889 3332 944 Non
3383 889 3531 944 enim

1961 978 2122 1035 aliter
2163 980 2406 1050 potuisse
2426 978 2741 1036 Iudaeorum
2765 980 3102 1051 Synagogam
3142 981 3214 1035 ab
3244 980 3537 1035 inﬁdelita-

1963 1070 2037 1126 tis
2079 1070 2339 1127 sordibus
2392 1072 2565 1137 ablui,
2597 1079 2705 1126 eta
2744 1072 2909 1127 variis
2937 1072 3265 1127 delictorum
3305 1072 3536 1127 maculis

1963 1162 2268 1234 detergeri,
2322 1180 2544 1219 rursum
2591 1166 2752 1220 nobis
2792 1165 2882 1220 lex
2932 1164 3225 1229 ostendat,
3272 1164 3379 1219 nisi
3420 1164 3534 1218 sola

1961 1252 2170 1311 Christi
2190 1255 2596 1323 benedictione,
2637 1265 2801 1327 atque
2826 1255 2993 1327 368
3036 1255 3093 1309 in
3127 1269 3254 1309 eum
3322 1254 3537 1309 confes-

1963 1346 2118 1402 sione
2156 1362 2221 1402 ac
2248 1345 2355 1401 ﬁde
2373 1387 2389 1413 ,
2423 1347 2665 1417 perfecta
2686 1347 2951 1402 nimirum
2978 1354 3035 1401 et
3059 1345 3391 1414 sanctiﬁcata
3436 1361 3536 1415 per

1965 1444 2216 1493 sanctum
2244 1438 2531 1509 baptisma.
2557 1439 2798 1494 Observa
2824 1439 3009 1509 itaque
3036 1446 3096 1493 ut
3127 1438 3288 1493 nobis
3325 1438 3537 1507 integer

1964 1544 2033 1584 ex
2053 1529 2217 1584 dictis
2243 1530 2499 1585 Christus
2511 1530 2845 1601 depingitur,
2879 1542 2937 1587 et
2962 1532 3019 1586 in
3042 1546 3169 1587 eum
3202 1530 3336 1585 ﬁdes
3373 1538 3537 1599 atque

1966 1619 2237 1676 confessio
2263 1621 2593 1676 ostenditur.
2635 1622 2695 1676 In
2724 1623 2938 1677 avicula
2972 1623 3181 1677 etenim
3232 1622 3356 1677 viva
3388 1637 3536 1677 sem-

1965 1725 2066 1780 per
2096 1711 2287 1766 vivens
2326 1721 2383 1767 et
2406 1711 2693 1767 vivificaris
2715 1728 2779 1767 ac
2810 1714 3033 1768 caeleste
3059 1714 3299 1770 Verbum
3329 1714 3538 1769 intelli-

294 1803 534 1872 Χριστοῦ
555 1843 569 1867 ,
601 1804 695 1857 καὶ
721 1804 819 1874 τῆς
859 1807 937 1869 είς
972 1805 1135 1860 αὑτὸν
1162 1807 1449 1878 ὁμολογίας
1480 1809 1577 1860 καὶ
1605 1806 1861 1870 πίστεως,

1966 1816 2062 1872 gas
2102 1819 2116 1855 :
2154 1802 2214 1856 in
2270 1809 2507 1858 mactata
2556 1819 2688 1859 vero
2736 1804 2973 1869 avicula,
3021 1806 3322 1875 pretiosum
3348 1806 3538 1876 templi

294 1892 681 1964 τελειουμένης
705 1894 944 1965 δηλονότι
968 1897 1063 1950 καὶ
1085 1896 1448 1968 ἀγιαξομένης
1479 1897 1567 1950 διὰ
1592 1894 1687 1949 τοῦ
1723 1894 1866 1965 βαπ-

295 1984 560 2054 τίσματος
590 1985 684 2038 τοῦ
731 1986 909 2055 ἁγίου.
971 1988 1259 2059 Ἐπιτήρει
1301 1988 1407 2061 γάρ
1453 1989 1601 2051 ὅπως
1641 1987 1730 2042 διὰ
1760 1985 1869 2041 τῶν

292 2075 602 2145 εἰρημένων
621 2077 911 2150 ὁλόκληρος
936 2080 1067 2151 ἡμῖν
1090 2081 1460 2151 ζωγραφεὶται
1484 2079 1746 2152 Χριστὸς,
1775 2078 1871 2132 καὶ

288 2167 321 2235 ἡ
354 2166 414 2217 ἐν
443 2166 595 2237 αὐτῷ
640 2169 821 2232 πίστις
852 2187 913 2223 τε
952 2172 1044 2224 xal
1087 2172 1346 2242 ὁμολογία
1385 2172 1731 2242 σημαίνεται.
1772 2170 1870 2224 Διά

290 2255 393 2325 μὲν
419 2257 528 2325 γὰρ
552 2256 647 2310 τοῦ
669 2258 902 2330 ὁρνιθίου
926 2261 1016 2315 τοῦ
1039 2260 1242 2327 ζῶντος
1261 2302 1276 2326 ,
1309 2262 1401 2315 τὸν
1430 2263 1519 2315 ἀεὶ
1539 2261 1714 2327 ζῶντα
1730 2303 1744 2325 ,
1774 2261 1869 2315 καὶ

288 2346 552 2410 ζωοποιὸν
600 2349 692 2402 καὶ
736 2351 987 2423 οὐράνιον
1034 2354 1256 2424 νοήσαις
1286 2354 1489 2422 Λόγον,
1538 2355 1627 2409 διὰ
1670 2352 1725 2407 δὲ
1771 2353 1866 2407 τοῦ

289 2438 669 2509 ἐσφαγμένου,
715 2440 776 2494 τὸ
821 2441 1001 2513 τίμιον
1052 2439 1196 2514 αἷμα
1251 2443 1345 2498 τοῦ
1395 2444 1661 2508 παθόντος
1712 2443 1864 2499 ναοῦ.

288 2527 462 2600 Σαρκὶ
497 2528 604 2598 γὰρ
654 2530 816 2586 αὐτὸν
863 2532 1191 2587 πεπονθέναι
1227 2533 1447 2605 φαμὲν,
1499 2534 1640 2606 πλὴν
1686 2534 1764 2599 ὡς
1809 2537 1870 2589 ἐν

293 2617 409 2685 ίδίῳ
435 2616 668 2688 σώματι.
698 2619 800 2673 Διὰ
828 2620 883 2673 δὲ
917 2619 1010 2675 τοῦ
1037 2623 1285 2694 ἀσήπτου
1320 2623 1508 2690 ξύλου,
1552 2624 1653 2697 τὴν
1690 2625 1868 2697 σάρκα

289 2708 386 2780 τὴν
411 2709 737 2784 ἀδιάφθορον
756 2728 770 2741 '
793 2711 880 2766 διὰ
905 2713 962 2767 δὲ
988 2714 1087 2785 τῆς
1113 2714 1395 2782 ὑσσώπου,
1417 2716 1478 2770 τὸ
1501 2716 1724 2788 Πνεῦμα
1742 2733 1755 2745 ·
1780 2716 1869 2772 διά

288 2798 344 2853 δὲ
369 2798 465 2853 τοῦ
499 2800 783 2868 κοκκίνου,
814 2803 914 2874 τὴν
945 2805 1030 2872 ἐφ’
1061 2805 1253 2875 αἵματι
1293 2805 1569 2879 Διαθήκης
1609 2807 1708 2881 τὴν
1740 2809 1870 2877 ὁμο·

290 2887 474 2958 λογίαν
492 2906 505 2919 °
551 2892 637 2947 διὰ
665 2893 720 2946 δὲ
748 2894 842 2947 τοῦ
870 2894 1073 2958 ζῶντος
1100 2894 1293 2960 ὓδατος
1311 2937 1326 2959 ,
1359 2897 1459 2967 τὴν
1488 2898 1750 2963 ζωοποιὸν
1773 2897 1867 2952 τοῦ

293 2978 668 3051 βαπτίσματος
696 2984 883 3056 χάριν,
917 2986 983 3057 ἠν
1010 2986 1107 3041 καὶ
1134 2988 1191 3040 ὲν
1224 2986 1374 3059 αὐτῷ
1395 2987 1474 3058 τῷ
1495 2988 1656 3042 πάθει
1688 2989 1868 3054 καλῶς

290 3070 659 3144 ύπεσὴμαινεν
709 3077 742 3147 ἡ
790 3077 922 3146 ἀγία
974 3076 1067 3130 τοῦ
1119 3078 1369 3150 Σωτῆρος
1415 3080 1573 3150 ἡμῶν
1621 3081 1864 3152 πλευρά,

291 3162 435 3236 ὕδωρ
458 3165 537 3236 τῷ
566 3168 760 3238 αἵματι
793 3170 1288 3242 συνεκπέμπουσα,
1329 3164 1374 3241 ᾧ
1409 3173 1504 3226 καὶ
1541 3172 1739 3245 χρῆναι
1766 3173 1865 3243 τὴν

288 3258 466 3311 οἰκίαν
499 3260 912 3330 έπιρῤαίνεσθαί
961 3279 1154 3333 φησιν,
1207 3263 1292 3317 ἵνα
1332 3265 1426 3317 καὶ
1461 3263 1864 3335 ἀφαγνίζηται,

290 3346 433 3401 κατὰ
476 3348 539 3400 τὸ
590 3350 878 3420 εἰρημένον
920 3351 1174 3425 Ἰεζεχιὴλ
1216 3354 1296 3424 τῷ
1339 3357 1626 3427 προφήτῃ·
1678 3374 1697 3406 ι
1757 3354 1866 3408 Καὶ

289 3437 530 3509 λήψομαι
560 3440 704 3510 ὑμᾶς
749 3442 813 3495 ἐκ
843 3442 951 3496 τῶν
985 3441 1185 3509 ἐθνῶν,
1226 3444 1318 3497 καὶ
1364 3445 1573 3509 συνάξω
1614 3445 1759 3515 ὑμᾶς
1802 3446 1865 3497 ἐκ

287 3527 396 3582 τῶν
435 3528 655 3601 χωρῶν,
700 3532 794 3585 καὶ
825 3532 971 3602 ρανῶ
997 3533 1082 3603 ἐφ’
1129 3535 1272 3605 ὑμᾶς
1301 3533 1444 3605 ὕδωρ
1473 3535 1745 3608 καθαρὸν,
1772 3536 1867 3590 καὶ

291 3619 780 3692 καθαρισθήσεσθε.
834 3643 851 3674 ι
896 3625 1342 3695 Περιῤῥαίνεσθαι
1372 3627 1428 3680 δὲ
1468 3628 1561 3680 xal
1600 3628 1701 3681 οὐκ
1749 3630 1866 3679 εἰσ-

289 3708 438 3773 ἅπαξ
459 3711 654 3780 αὐτὴν,
676 3710 790 3764 ἀλλ’
817 3712 1046 3776 ἑπτάκις
1072 3713 1301 3769 κελεύει.
1334 3732 1354 3765 ι
1375 3709 1448 3768 Οὗ
1474 3714 1580 3785 γάρ
1605 3714 1864 3768 ἐπλεόνα-

291 3819 381 3855 σεν
423 3805 457 3873 ἡ
500 3800 771 3876 ἁμαρτία,
805 3805 1335 3876 ὑπερεπερίσσευσεν
1369 3808 1401 3877 ἡ
1444 3807 1622 3877 χάρις.
1677 3826 1696 3857 ι
1730 3802 1864 3859 Εἶτα

286 3892 496 3957 τούτοις
540 3894 735 3962 ἐπάγει
766 3895 928 3947 πάλιν
970 3898 997 3948 ὁ
1038 3896 1365 3965 νομοθέτης,
1410 3895 1491 3948 ὅτι
1536 3895 1628 3947 καὶ
1668 3894 1864 3958 ἐξαπο-

289 3985 467 4038 στελεί
493 3985 553 4038 τὸ
580 3986 810 4056 ὀρνίθιον
837 3988 897 4038 τὸ
927 3985 1033 4048 ζῶν
1060 3986 1164 4052 ἔξω
1196 3986 1295 4054 τῆς
1324 3985 1529 4048 πόλεως
1566 3987 1646 4048 εἰς
1677 3985 1739 4037 τὸ
1767 4003 1864 4037 πε-

286 4078 431 4142 δίον,
472 4080 568 4131 καὶ
617 4078 919 4144 agitatam:
961 4079 1087 4149 περὶ
1128 4076 1227 4146 τῆς
1272 4076 1476 4141 οἰκίας,
1512 4077 1603 4129 καὶ
1648 4074 1865 4145 καθαρά

287 4168 460 4222 ἔσται.
511 4170 604 4233 El;
647 4170 816 4223 τύπον
857 4171 956 4240 τῆς
1020 4169 1284 4222 Ἰουδαίων
1332 4169 1696 4240 Συναγωγῆς,
1745 4169 1862 4238 ἦτοι

285 4262 489 4323 παντὸς
528 4261 625 4314 τοῦ
659 4262 843 4324 ἔθνους
865 4303 880 4327 ,
914 4262 1013 4331 τὴν
1035 4260 1234 4329 ἀρτίως
1262 4261 1391 4330 ἡμῖν
1433 4258 1862 4329 κατωνομασμέ-

286 4368 384 4422 νην
418 4370 436 4403 ι
462 4352 649 4407 Οἰκίαν
673 4373 692 4403 δ
726 4351 1015 4422 ἐλάϐομεν.
1039 4351 1199 4404 Πόλιν
1228 4350 1284 4404 δὲ
1310 4345 1447 4404 εἶναι
1482 4349 1744 4421 δώσομεν,
1765 4349 1863 4419 τὴν

1893 3132 1937 3192 C

1966 1892 2226 1962 patientis
2258 1895 2598 1967 sanguinem.
2633 1896 2810 1952 Carne
2855 1897 3003 1952 enim
3050 1912 3270 1967 passum
3304 1898 3541 1953 dicimus

1965 1982 2267 2051 Christum,
2311 1994 2371 2040 ut
2402 1995 2583 2043 tamen
2607 1988 2663 2042 in
2686 2003 2785 2043 suo
2810 2003 3064 2059 corpore.
3088 1990 3149 2043 lu
3186 1989 3335 2059 ligno
3356 1998 3538 2043 autem

1966 2071 2292 2143 incorrupto
2337 2089 2558 2130 carnem
2611 2077 2915 2146 accipimus
2973 2075 3395 2147 incorruptam;
3439 2092 3540 2147 per

1966 2162 2284 2234 hyssopum,
2320 2165 2606 2234 spiritum;
2649 2181 2746 2236 per
2803 2167 3087 2222 coccinum
3138 2183 3288 2230 vero,
3323 2167 3382 2222 in
3418 2181 3542 2222 san-

1966 2252 2129 2323 guine
2172 2256 2484 2310 testamenti
2498 2257 2895 2312 confessionem
2916 2276 2930 2325 ;
2957 2259 3012 2312 in
3028 2275 3169 2329 aqua
3191 2267 3374 2313 autem
3394 2260 3538 2325 viva,

1967 2344 2266 2399 salutarem
2288 2346 2647 2417 intelligimus
2672 2349 2927 2418 baptismi
2953 2351 3204 2419 gratiam,
3242 2366 3364 2419 qua:
3388 2359 3443 2405 et
3486 2351 3541 2406 in

1969 2432 2087 2503 ipsa
2123 2434 2380 2505 passione
2417 2438 2647 2508 pulchre
2695 2439 2921 2494 exhibet
2967 2456 3186 2495 sacrum
3236 2440 3544 2496 Servatoris

1967 2528 2144 2582 nostri
2166 2529 2334 2595 latus,
2374 2544 2406 2584 e
2438 2546 2550 2600 quo
2577 2546 2719 2601 aqua
2763 2532 2925 2587 simul
2976 2541 3033 2588 et
3084 2533 3309 2603 sanguis
3334 2532 3543 2603 proﬂu-

1968 2618 2049 2672 xit
2077 2637 2088 2671 :
2107 2632 2216 2689 quo
2240 2621 2406 2675 etiam
2423 2621 2645 2677 domum
2665 2626 2878 2695 aSpergi
2896 2635 3149 2694 oportere
3174 2626 3271 2691 ait,
3298 2636 3361 2679 ut
3376 2627 3543 2680 etiam

1969 2713 2240 2782 expietur,
2268 2714 2422 2785 juxta
2454 2716 2759 2771 Ezechielis
2794 2719 3073 2787 prophetae
3092 2735 3281 2774 vocem
3309 2737 3322 2772 :
3357 2738 3375 2770 ι
3411 2720 3545 2773 Tol-

1968 2802 2098 2868 lam,
2125 2802 2321 2872 inquit,
2360 2820 2457 2860 vos
2490 2806 2559 2860 de
2604 2807 2878 2877 gentibus,
2913 2818 2970 2863 et
3000 2809 3339 2879 congregabo
3363 2824 3461 2864 vos
3474 2812 3544 2864 de

1968 2895 2134 2948 terris
2167 2912 2178 2947 :
2214 2901 2271 2948 et
2292 2895 2572 2950 eﬂ'undam
2597 2912 2763 2966 super
2792 2912 2891 2951 vos
2912 2912 3109 2966 aquam
3168 2897 3449 2963 mundam,
3488 2906 3547 2953 et

1970 2986 2374 3041 mundabimini
2401 2986 2467 3041 ’⁸.
2498 3008 2516 3039 ›
2561 2988 2789 3058 Aspergi
2811 2997 2995 3043 autem
3017 2990 3177 3058 jubet
3218 3005 3328 3043 non
3375 2991 3543 3045 semel

1970 3076 2216 3142 domum,
2243 3078 2340 3131 sed
2366 3079 2586 3147 septies.
2618 3099 2635 3130 ι
2684 3080 2785 3135 Ubi
2823 3080 2971 3135 enim
3005 3077 3307 3135 abundavit
3354 3098 3546 3151 pecca-

1970 3176 2108 3233 tum,
2143 3169 2613 3238 superabundavit
2638 3179 2693 3226 et
2720 3171 2897 3241 gratia
2933 3173 2999 3226 ".
3030 3191 3049 3223 ι
3078 3172 3287 3227 Deinde
3319 3173 3405 3228 his
3453 3174 3546 3228 dc-

1966 3274 2079 3314 nuo
2121 3259 2274 3315 addit
2326 3261 2604 3332 legislator
2658 3270 2720 3317 ut
2765 3263 3007 3318 dimittat
3050 3264 3319 3319 aviculam
3369 3264 3544 3320 vivam

1966 3360 2118 3406 extra
2152 3350 2348 3405 urbem
2382 3352 2439 3406 in
2460 3368 2737 3423 campum,
2779 3362 2837 3407 et
2867 3354 3190 3425 precabitur
3213 3370 3313 3424 pro
3357 3355 3543 3422 domo,

1966 3443 2279 3513 mundaque
2307 3444 2434 3501 erit.
2484 3446 2755 3501 Nimirum
2792 3447 2847 3501 in
2886 3456 3073 3518 typum
3113 3448 3353 3503 Iudaicae
3403 3448 3545 3520 Syn-

1966 3549 2166 3607 agogie,
2181 3537 2295 3592 sive
2311 3537 2554 3608 gentium
2575 3539 2843 3603 omnium,
2867 3554 3030 3609 quam
3050 3555 3229 3609 nuper
3249 3540 3538 3594 «Domum»

1964 3630 2389 3695 nominavimus,
2429 3631 2763 3700 accepimus.
2797 3631 3001 3687 Urbem
3044 3647 3178 3686 vero
3218 3646 3339 3685 esse
3393 3631 3544 3685 dicc-

1966 3735 2089 3774 mus
2145 3721 2443 3775 multarum
2489 3721 2692 3776 aedium
2740 3721 3307 3792 comprehensionem.
3358 3720 3543 3773 Talem

1964 3826 2085 3865 esse
2123 3827 2421 3881 cognosces
2446 3813 2635 3867 orbem
2670 3813 3030 3868 habitabilem
3061 3813 3230 3866 multa
3258 3810 3543 3864 hominum

1967 3916 2167 3971 genera
2201 3904 2680 3971 complectentem,
2716 3912 2772 3957 at
2809 3903 3152 3957 ﬁrmamento
3190 3901 3358 3955 veluti
3386 3917 3545 3957 muro

1965 3992 2201 4061 quodam
2234 3993 2707 4055 circumcinctum,
2734 4000 2858 4062 post
2892 3992 3036 4061 quod
3070 3992 3290 4046 tandem
3322 3994 3575 4062 amplus’

1964 4082 2310 4151 mundusque
2336 4082 2578 4136 caelestis
2603 4082 2753 4136 orbis
2796 4097 3023 4151 campus
3062 4082 3404 4152 intelligitur.
3434 4083 3543 4136 Do-

1965 4182 2052 4226 cet
2079 4172 2263 4241 itaque
2292 4172 2572 4242 legislator
2600 4188 2699 4242 per
2728 4173 2997 4227 aviculam
3029 4182 3184 4227 extra
3236 4173 3429 4227 urbem
3484 4174 3542 4227 in

1965 4278 2217 4331 campum
2246 4262 2527 4318 dimissam
2545 4263 2748 4318 Christi
2768 4280 2797 4319 e
2821 4264 3027 4319 mundo
3060 4264 3540 4335 demigrationem,

1965 4360 2021 4408 et
2061 4353 2117 4407 in
2148 4354 2317 4409 caelos
2348 4369 2655 4410 ascensum.
2714 4356 2814 4411 Hic
2849 4357 2996 4411 enim
3024 4357 3092 4412 ad
3134 4359 3305 4412 Deum
3325 4369 3382 4413 et
3439 4360 3542 4415 Pa-

287 4442 497 4501 πολλῶν
523 4446 712 4501 οἰκιῶν
731 4447 1102 4517 περιεκτικήν.
1136 4445 1402 4515 Τοιαύτην
1425 4445 1546 4499 τινὰ
1571 4440 1711 4499 εἶναι
1737 4444 1861 4514 νοή-

1968 4451 2107 4497 trem
2134 4460 2258 4499 cum
2282 4445 2452 4509 venit,
2494 4460 2594 4515 pro
2620 4447 2781 4502 nobis
2815 4448 3093 4511 omnibus,
3120 4458 3177 4503 et
3222 4448 3539 4504 Iudaeorum

287 4555 400 4603 σεις
425 4539 525 4610 τὴν
548 4538 669 4593 καθ’
699 4540 843 4609 ἡμᾶς
871 4539 1019 4591 οίκου
1028 4538 1193 4607 μένην
1211 4578 1224 4599 ,
1245 4535 1414 4589 πολλά
1443 4536 1540 4606 μὲν
1563 4534 1865 4606 ἀνθρώπων

288 4624 621 4695 συνέχουσαν
648 4626 777 4696 γένη
798 4644 810 4657 ο
842 4625 1012 4694 τείχει
1048 4624 1101 4677 δὲ
1131 4627 1318 4697 ὥσπερ
1343 4625 1449 4677 τινϊ
1484 4623 1667 4694 κύκλῳ
1704 4640 1863 4694 περι-

285 4713 607 4785 εζωσμένην
652 4714 731 4785 τῷ
777 4714 1144 4786 στερεὼματι·
1201 4713 1320 4785 μεθ’
1365 4714 1395 4767 ὃ
1438 4712 1621 4767 λοιπὸν
1667 4714 1766 4785 ἤδη
1801 4713 1864 4764 τὸ

284 4804 463 4858 πλατύ
486 4822 546 4857 τε
572 4807 663 4858 καὶ
689 4805 922 4876 καθαρὸν
950 4807 1055 4860 τῶν
1074 4808 1187 4861 ἄνω
1207 4807 1424 4876 κόσμων
1442 4807 1639 4859 νοεῖται
1660 4804 1859 4858 πεδίον.

283 4894 542 4947 Διδάσκει
568 4892 744 4946 τοίνυν
769 4896 798 4947 ὁ
829 4894 1120 4965 νομοθέτης
1144 4894 1231 4947 διὰ
1258 4895 1353 4947 τοῦ
1386 4894 1523 4965 πρὸς
1550 4896 1610 4947 τὸ
1638 4893 1741 4959 ἔξω
1765 4894 1863 4963 τῆς

286 4986 497 5050 πόλεως
526 4986 706 5039 πεδίον
733 4988 975 5041 ἀνίεσθαι
1009 4988 1067 5041 τὸ
1094 4987 1327 5058 ὀρνίθιον
1347 5028 1361 5051 ,
1388 4989 1488 5058 τήν
1520 5003 1579 5039 τε
1605 4987 1713 5039 ἀπὸ
1735 4987 1863 5040 κόσ-

288 5094 388 5146 μου
427 5079 789 5146 μετάστασιν,
820 5080 912 5133 καὶ
938 5078 1034 5150 τὴν
1061 5081 1140 5141 είς
1174 5079 1432 5150 οὐρανοὺς
1470 5078 1734 5132 ἀνάϐασιν
1764 5077 1859 5131 τοῦ

288 5162 544 5228 Χριστοῦ.
595 5164 839 5232 Γεγονὼς
878 5166 985 5235 γάρ
1018 5160 1168 5228 οὗτος
1210 5166 1346 5235 πρὸς
1387 5166 1478 5220 τὸν
1514 5165 1733 5237 Πατέρα
1767 5167 1862 5220 καὶ

283 5258 448 5319 Θεὸν,
481 5260 621 5328 ὑπὲρ
673 5260 928 5313 ἁπάντων
971 5260 1128 5331 ὴμῶν
1169 5261 1263 5313 καὶ
1292 5260 1390 5329 τῆς
1434 5260 1699 5314 Ἰουδαίων
1726 5262 1862 5313 Συν-

286 5354 545 5423 αγωγῆς,
584 5353 913 5417 ὲξιλάσεται,
940 5354 1029 5406 καὶ
1066 5352 1607 5423 καθαρισθησὸμεθα.
1647 5354 1861 5423 Ὥσπερ

284 5444 393 5514 γὰρ
421 5445 448 5496 ὁ
492 5445 803 5513 σοφώτατός
865 5464 996 5515 φησι
1038 5449 1284 5518 μαθητὴς
1337 5447 1622 5519 Ἰωάννης·

1972 4531 2251 4605 Synagoga
2278 4535 2682 4605 deprecabitur,
2724 4545 2782 4591 et
2832 4538 3254 4593 emundabimur
3292 4554 3409 4591 nos.
3453 4537 3543 4592 Sic

1969 4625 2117 4679 enim
2153 4627 2589 4696 sapientissimus
2609 4628 2913 4699 discipulus
2931 4628 3169 4687 Joannes
3201 4647 3213 4683 :
3248 4648 3265 4679 ι
3294 4629 3542 4683 Advoca-

1932 4723 2101 4796 ttum,
2130 4715 2225 4781 ait,
2283 4717 2549 4772 habemus
2591 4718 2737 4788 apud
2787 4719 3005 4772 Patrem
3046 4719 3233 4774 Jesum
3257 4719 3541 4774 Christum

1959 4804 2188 4875 justum.
2209 4806 2275 4860 Et
2303 4807 2417 4877 ipse
2440 4817 2523 4862 est
2545 4808 2863 4877 propitiatio
2902 4825 3003 4879 pro
3028 4810 3267 4879 peccatis
3298 4809 3537 4873 nostris;

1960 4912 2071 4951 non
2100 4912 2199 4967 pro
2223 4899 2426 4954 nostris
2445 4911 2627 4955 autem
2657 4910 2887 4965 tantum,
2916 4900 3013 4955 sed
3035 4901 3199 4954 etiam
3220 4914 3318 4968 pro
3368 4899 3539 4954 totius

1964 4990 2154 5048 mundi
2183 4991 2220 5044 ¹.
2251 4992 2476 5046 ».Recte
2524 4993 2707 5061 itaque
2747 4992 2949 5047 Judaeis
2991 4991 3156 5061 389
3182 4991 3298 5058 ipse
3344 4990 3481 5046 dixit
3523 5010 3535 5046 :

1975 5100 1992 5132 ι
2034 5080 2090 5135 Si
2116 5083 2414 5137 crederetis
2440 5084 2594 5145 Mosi,
2621 5084 2920 5138 crederetis
2956 5083 3149 5151 utique
3202 5089 3258 5134 et
3281 5081 3439 5146 mihi,
3473 5083 3541 5136 de

1968 5190 2055 5229 me
2078 5174 2224 5227 enim
2254 5175 2346 5228 ille
2373 5174 2594 5242 scripsit
2624 5177 2663 5227 '.
2694 5194 2712 5223 ι
2751 5175 2854 5228 Per
2879 5188 3043 5243 quem
3067 5180 3122 5227 et
3151 5188 3275 5226 cum
3297 5189 3407 5242 quo
3429 5174 3540 5227 Deo

1969 5280 2033 5319 ac
2060 5264 2205 5319 Patri
2238 5264 2410 5334 gloria
2437 5273 2599 5333 atque
2639 5264 2925 5333 imperium
2965 5280 3089 5320 cum
3113 5270 3305 5319 sancto
3332 5264 3540 5333 Spiritu

1972 5356 2029 5411 in
2055 5356 2253 5410 saecula
2277 5354 2621 5408 saeculorum.
2648 5355 2840 5409 Amen.

1701 5466 1718 5499 ι
1755 5448 2116 5518 Παρὰκλητον
2182 5447 2377 5518 ἔχομεν
2422 5449 2559 5518 πρὸς
2612 5449 2704 5500 τὸν
2748 5448 2994 5517 Πατέρα,
3058 5448 3264 5515 Ἰησοῦν
3306 5446 3541 5515 Χριστδν

284 5535 510 5592 δίκαιον.
540 5538 649 5591 Kal
674 5539 832 5601 αὐτὸς
864 5540 1087 5610 ἱλασμός
1113 5541 1257 5593 ἐστιν
1279 5539 1417 5610 ὑπὲρ
1442 5541 1549 5592 τῶν
1609 5538 1894 5609 ἁμαρτιῶν
1934 5538 2121 5608 ἡμῶν,
2161 5539 2221 5591 οὐ
2271 5541 2399 5609 περὶ
2437 5540 2544 5593 τῶν
2581 5540 2862 5611 ἡμετέρων
2927 5540 2983 5591 δὲ
3035 5539 3223 5608 μόνον,
3272 5537 3405 5590 ἀλλὰ
3449 5538 3539 5591 καὶ

356 5708 399 5742 ³⁷
430 5707 607 5762 Levii.
646 5727 752 5777 xiv,
791 5711 879 5777 5i,
1105 5714 1148 5744 οδ
1190 5713 1593 5781 Ezccli.xxxv1,
1626 5717 1716 5771 2i.
1794 5719 1837 5750 9"

1964 5736 2022 5773 n.
2050 5736 2102 5784 ν,
2129 5720 2216 5774 20.
2299 5720 2362 5774 'l
2402 5720 2555 5775 Joan.
2605 5737 2662 5781 ιι,
2694 5721 2742 5783 1,
2784 5722 2833 5774 2.
2915 5721 2933 5750 ’
2968 5722 3120 5776 han.
3150 5737 3201 5781 ι’.
3231 5720 3319 5774 46.
