4094 6282
498 269 603 326 5τ9

1493 266 1549 322 S.
1590 266 1865 322 CYRlLLl
1905 264 2372 320 ALEXANDle
2411 263 2726 319 ARCHIEP.

3647 264 3752 318 536

499 386 627 457 περὶ
663 386 785 440 ὅλου
816 384 909 439 τοῦ
939 387 1168 453 κόσμου.
1213 401 1232 433 ι
1273 380 1468 445 Καλῶς
1510 375 1604 435 οὖν
1672 381 1781 450 ἄρα
1842 379 1985 449 πρὸς.
2021 378 2304 440 Ἰουδαίους
2335 378 2600 446 ἔφασκενο
2637 397 2655 428 ι
2696 378 2759 429 Εἰ
2799 376 3110 430 ἐπιστεύετε
3179 377 3382 445 Μωσῇ,
3433 375 3750 429 ἐπιστεύετε

496 478 562 532 ἂν
590 479 732 550 ἐμοί’
773 479 903 549 περὶ
932 479 1041 547 γὰρ
1068 474 1203 547 ἐμοῦ
1237 475 1442 538 ἐκεῖνος
1475 472 1698 545 ἔγραψε.
1744 491 1762 523 ι
1794 472 1872 524 Δι’
1903 464 1965 524 οῦ
2001 472 2093 526 καὶ
2134 470 2253 543 μεθ’
2283 465 2342 526 οὗ
2378 470 2456 541 τῷ
2484 467 2601 540 Θεῷ
2625 470 2717 523 καὶ
2752 469 2925 539 [Ιατρὶ
2958 470 2989 539 ἡ
3019 467 3146 533 δόξα
3184 468 3276 521 καὶ
3335 467 3396 520 τὸ
3417 467 3618 539 κράτος
3652 466 3751 521 σὺν

494 572 637 642 ἁγίῳ
671 568 945 638 Πνεύματι
969 569 1049 630 εἰς
1082 567 1209 631 τοὺς
1234 565 1438 630 αἰῶνας
1465 566 1575 619 τῶν
1603 565 1836 621 αἰώνων.
1879 566 2074 635 Ἀμήν.

493 683 572 736 De
607 695 666 735 eo
714 678 852 750 quod
881 678 1064 732 Aaron
1098 693 1202 732 non
1246 693 1451 748 semper
1496 677 1826 748 ingrediatur
1873 674 2057 731 Sancta

2177 676 2319 745 Περὶ
2341 676 2449 732 τοῦ
2477 675 2563 746 μὴ
2591 676 2967 750 εἰσέρχεσθαι
3001 675 3109 750 τρν
3147 672 3363 750 ᾏαρὼν
3388 671 3484 725 διὰ
3521 674 3751 741 παντὸς

1106 757 1431 803 sanctorum.

553 843 605 896 l.
626 841 950 913 Unigenitus
962 855 1086 895 cum
1101 848 1242 895 essel
1263 850 1455 911 suapte
1473 849 1668 895 natura
1693 840 1857 903 Deus,
1876 853 1941 893 ex
1959 837 2070 894 Deo

492 934 650 989 Patre
663 941 848 999 natus,
862 931 1083 987 demisit
1099 931 1339 1001 seipsum
1353 932 1421 986 ad
1442 931 1498 986 id
1516 932 1661 1002 quod
1674 948 1776 988 nos
1786 949 1998 999 sumus,
2015 943 2070 989 et

491 1028 548 1081 in
578 1035 723 1081 terra
751 1025 1007 1096 apparuit
1035 1024 1336 1079 secundum
1371 1024 1704 1095 Scripturas,
1734 1032 1899 1095 atque
1924 1028 2069 1080 inter

491 1117 745 1171 homines
770 1125 856 1171 est
878 1125 1149 1180 versatus,
1182 1115 1348 1185 idque
1374 1130 1483 1170 non
1509 1117 1736 1171 alterius
1756 1117 1834 1170 rei
1860 1131 2027 1171 causa
2046 1156 2062 1181 ,

484 1208 657 1277 quam
684 1216 744 1262 ut
763 1207 942 1272 nobis,
967 1207 1111 1262 sicut
1133 1207 1352 1262 divinus
1374 1207 1577 1262 Paulus
1603 1210 1680 1263 ait
1701 1210 1742 1273 ⁸,
1759 1224 1818 1264 se
1849 1208 2064 1263 miseri-

492 1298 716 1354 cordem
741 1306 1045 1369 praestaret,
1070 1305 1127 1353 et
1143 1297 1359 1353 ﬁdelem
1388 1299 1724 1355 sacerdotem
1746 1300 1814 1354 ad
1842 1308 2065 1369 peccata

488 1398 677 1445 nostra
689 1388 833 1458 apud
850 1389 1021 1442 Deum
1036 1387 1325 1457 expianda.
1344 1387 1454 1443 Lex
1473 1389 1617 1443 enim
1635 1405 1755 1459 qua:
1770 1404 1866 1459 per
1880 1390 2063 1444 Mosen

487 1488 572 1535 est
590 1479 786 1550 priscis
808 1479 933 1535 data
962 1479 1332 1534 mediantibus
1361 1480 1587 1549 angelis,
1606 1480 1857 1534 homines
1881 1479 2064 1535 effecit

488 1570 820 1633 sacerdotes,
839 1569 932 1640 qui
945 1569 1221 1624 communi
1241 1578 1449 1624 natura:
1466 1569 1780 1625 inﬁrmitate
1790 1571 2058 1637 laborant,

486 1670 543 1717 et
556 1661 629 1716 ob
646 1661 752 1715 hoc
766 1660 1003 1725 debent,
1028 1660 1169 1716 sicut
1183 1675 1284 1729 pro
1306 1660 1515 1730 populi,
1547 1661 1623 1715 ita
1655 1677 1754 1731 pro
1776 1662 1891 1717 suis
1912 1662 2061 1731 ipso-

485 1768 609 1808 rum
634 1752 959 1823 ignorantiis
975 1751 1175 1806 oll‘erre
1195 1752 1326 1807 Deo.
1349 1750 1419 1806 At
1451 1752 1677 1806 verbum
1701 1753 2065 1825 jurisjurandi

483 1846 633 1916 quod
664 1845 995 1915 patefactum
1012 1854 1096 1901 est
1119 1853 1269 1900 extra
1285 1845 1479 1915 legem,
1509 1864 1527 1896 ι
1556 1845 1754 1899 Filium
1775 1847 2062 1901 constituit

485 1940 541 1993 in
578 1946 844 1994 aeternum
860 1937 1183 2008 perfectum,
1208 1937 1303 2007 qui
1328 1945 1384 1992 et
1407 1938 1626 2007 penitus
1641 1954 1858 1993 servare
1881 1947 2061 2009 potest

2561 749 2649 811 εις
2682 747 2754 800 τὰ
2787 748 2957 815 ’Ἅγια
2985 743 3102 798 τῶν
3133 744 3335 814 ἁγίων.

2245 843 2311 892 α’.
2335 837 2464 901 Θεὸς
2487 836 2563 891 ῶν
2585 838 2742 907 φύσει
2772 839 2866 891 καὶ
2894 840 2955 890 ἐκ
2984 836 3117 889 Θεοῦ
3148 835 3360 905 Πατρὸς
3391 837 3419 888 6
3442 835 3749 907 Μονογενὴς

2175 928 2427 998 καθῆκεν,
2439 928 2625 982 ἑαυτὸν
2652 930 2709 981 ἐν
2740 931 2852 992 τοῖς
2876 929 2996 981 καθ’
3016 928 3182 997 ἡμᾶς,
3207 926 3301 979 καὶ
3331 925 3419 977 ἐπὶ
3443 926 3545 995 γῆς
3565 925 3746 996 ὤφθη,

2174 1018 2315 1072 κατὰ
2351 1019 2410 1072 τὸ
2448 1020 2867 1091 γεγραμμένον,
2921 1019 3013 1071 καὶ
3052 1019 3164 1081 τοῖς
3212 1016 3520 1088 ἀνθρώποις
3559 1033 3750 1071 συνανο

2172 1104 2438 1182 εστράφη,
2464 1111 2559 1165 xal.
2579 1112 2677 1179 οὐχ
2699 1111 2883 1181 ἐτέρου
2904 1127 2994 1162 του
3022 1109 3198 1179 χάριν,
3220 1107 3253 1178 ἢ
3279 1108 3387 1174 ἵνα,
3412 1107 3554 1161 καθά
3584 1125 3748 1178 φησιν

2170 1204 2199 1256 6
2239 1201 2525 1264 Θεσπέσιος
2558 1202 2802 1265 Παῦλος,
2842 1202 3086 1272 ἐλεήμων
3131 1198 3375 1270 γένηται,
3416 1199 3513 1252 καὶ
3557 1201 3748 1264 πιστὸς

2171 1294 2464 1365 ἀρχιερεὺς
2490 1294 2557 1347 τὰ
2582 1293 2718 1363 πρὸς
2743 1292 2897 1358 Θεὸν,
2915 1294 2994 1355 εἰς
3010 1292 3070 1345 τὸ
3095 1291 3410 1345 ἱλάσκεσθαι
3435 1294 3550 1353 ταῖς
3576 1293 3747 1361 ἁμαρ-

2168 1387 2313 1449 τίαις
2348 1384 2443 1438 τοῦ
2489 1385 2641 1440 λαοῦ.
2690 1387 2872 1457 Νόμος
2917 1386 3016 1456 μέν
3049 1384 3158 1454 γὰρ
3203 1383 3291 1436 διὰ
3343 1384 3587 1446 Μωσέως
3631 1387 3746 1447 τοῖς

2169 1484 2337 1536 πάλαι
2378 1480 2803 1551 τεθεσπισμένος
2850 1478 3292 1548 μεσολαϐούντων
3330 1481 3604 1549 ἀγγέλων,
3646 1482 3746 1533 ἀν-

2169 1573 2418 1645 θρώπους
2461 1572 2750 1642 καθίστησι
2787 1570 2913 1633 τοὺς
2939 1570 3143 1640 ἱερέας,
3183 1571 3281 1642 τὴν
3311 1571 3493 1642 κοινὴν
3524 1572 3622 1641 τῆς
3652 1570 3747 1639 φύ-

2170 1682 2306 1729 σεως
2330 1664 2617 1726 νοσοῦντας
2640 1661 2954 1725 ἀσθένειαν,
2984 1664 3077 1716 καὶ
3103 1663 3168 1717 δι’
3198 1663 3364 1735 αὐτὴν
3397 1662 3704 1733 ὀφείλοντας
3726 1701 3742 1726 ,

2166 1757 2419 1827 καθάπερ
2464 1755 2603 1825 ὑπὲρ
2643 1753 2751 1808 τῶν
2792 1753 2886 1807 τοῦ
2920 1753 3052 1807 λαοῦ
3077 1796 3091 1818 ,
3144 1754 3284 1808 οὕτω
3326 1756 3419 1808 καὶ
3457 1755 3595 1824 ὑπὲρ
3634 1754 3745 1806 τῶν

2169 1847 2314 1901 ίδίων
2348 1844 2737 1916 ἀγνοημάτων,
2772 1844 2963 1899 Θυσίαν
3014 1846 3361 1916 προσφέρειν.
3404 1846 3463 1899 '0
3503 1845 3558 1898 δέ
3587 1843 3744 1911 λόγος

2165 1939 2262 2008 τῆς
2286 1937 2611 2009 ὁρκομοσίας
2634 1937 2734 2006 τῆς
2767 1935 2905 2006 μετὰ
2930 1935 3114 2006 νόμον,
3151 1955 3169 1987 ι
3204 1936 3329 1988 Υἱὶν
3357 1938 3435 2000 είς
3460 1936 3550 1989 τὸν
3573 1936 3745 1989 αίῶνα

485 2043 584 2084 eos
610 2028 705 2097 qui
734 2028 1008 2083 accedunt
1027 2028 1139 2083 Deo
1155 2042 1253 2097 per
1283 2028 1484 2098 ipsum,
1513 2036 1704 2098 utpote
1732 2028 1827 2099 qui
1847 2044 2057 2099 semper

2170 2028 2584 2100 τετελειωμένον
2603 2046 2616 2059 ·
2639 2028 2761 2082 ὅθεν
2783 2030 2879 2082 καὶ
2907 2027 3097 2092 σώζειν
3122 2029 3199 2091 είς
3224 2028 3285 2081 τὸ
3316 2028 3571 2091 παντελὲς
3594 2026 3748 2081 δύνα-

481 2119 621 2173 vivit
636 2119 703 2173 ad
726 2117 1175 2173 intercedendum
1197 2134 1297 2188 pro
1319 2119 1427 2173 illis
1444 2119 1483 2172 ⁸.
1505 2138 1524 2169 ι
1545 2118 1733 2189 Neque
1753 2134 1884 2174 vero
1911 2117 2071 2174 Chri-

483 2218 603 2263 stus
623 2223 793 2277 prose
818 2208 1138 2263 intercedet.
1168 2209 1237 2262 Et
1288 2209 1428 2263 ratio
1462 2208 1686 2278 quidem
1730 2208 1788 2262 in
1812 2212 2068 2278 promptu

481 2309 566 2355 est
591 2316 605 2352 ι
627 2299 753 2368 quia
781 2313 888 2352 non
907 2298 1035 2352 fecit
1065 2307 1348 2367 peccatum
1378 2314 1390 2351 :
1426 2305 1482 2351 at
1526 2298 1710 2367 potius
1751 2313 1847 2366 pro
1883 2298 2063 2353 nobis.

481 2392 659 2461 Atque
703 2391 808 2445 hoc
853 2390 1082 2459 pulchre
1124 2389 1417 2444 admodum
1442 2389 1604 2444 nobis
1655 2389 1896 2444 declarat
1928 2390 2068 2444 Pau-

482 2484 570 2541 lus
610 2485 857 2540 scribens
883 2484 952 2539 de
978 2499 1045 2539 eo
1069 2524 1084 2549 ,
1124 2503 1140 2535 ι
1172 2483 1344 2550 Quem
1380 2484 1667 2554 proposuit
1706 2468 1854 2539 Deus
1880 2486 2067 2555 propi-

486 2574 739 2629 tiatorem
772 2589 872 2644 per
904 2572 1066 2629 ﬁdem
1098 2574 1155 2628 in
1188 2574 1456 2645 sanguine
1495 2575 1670 2644 ipsius
1689 2575 1732 2629 ⁸.
1772 2594 1790 2627 ι
1820 2575 2062 2646 Ideoque

482 2673 539 2720 ct
571 2665 626 2719 in
664 2665 864 2719 Sancta
900 2673 1217 2721 sanctorum
1245 2681 1372 2720 eum
1396 2665 1472 2721 ait
1509 2666 1818 2737 ingressum
1850 2667 2058 2731 semel,

484 2755 579 2826 qui
617 2763 879 2811 aeternam
920 2756 1354 2827 redemptionem
1375 2756 1609 2822 invenit,
1638 2773 1855 2827 unaque
1882 2758 2060 2812 hostia

483 2846 732 2918 perfecit,
756 2846 1057 2917 etquidem
1082 2848 1137 2902 in
1168 2857 1722 2919 perpetuum,omnes
1744 2849 1839 2919 qui
1860 2849 2061 2903 sancti-

483 2941 735 2995 ﬁcantur.
787 2938 943 2996 Unde
981 2947 1038 2995 et
1077 2956 1179 2995 nos
1222 2940 1417 2995 salvati
1455 2955 1645 2996 sumus
1678 2941 1797 3010 ipso
1835 2950 2058 3011 peccata

483 3040 666 3085 nostra
697 3030 938 3093 tollente,
970 3039 1026 3084 et
1052 3044 1150 3100 pro
1181 3029 1342 3085 nobis
1374 3030 1679 3085 crueiatum
1720 3030 2052 3085 sustinente.

484 3120 677 3176 Posuit
703 3120 850 3174 enim
882 3120 1120 3173 animam
1160 3134 1315 3174 suam
1347 3120 1537 3175 volens
1563 3135 1663 3191 pro
1696 3119 1877 3185 nobis,
1915 3128 2054 3174 tam-

481 3210 643 3266 metsi
670 3210 870 3265 iterum
894 3210 1194 3265 suscitatus
1229 3210 1319 3265 sit.
1354 3211 1500 3265 Deus
1531 3210 1681 3264 enim
1707 3219 1828 3265 erat
1862 3219 2054 3279 suapte

2169 2138 2258 2175 ται
2282 2122 2405 2185 τοὺς
2436 2120 2900 2191 προσερχομένους
2930 2119 2995 2172 δι’
3028 2119 3190 2172 αὑτοῦ
3219 2119 3296 2190 τῷ
3322 2118 3442 2189 Θεῷ
3460 2158 3475 2183 ,
3511 2119 3745 2172 πάντοτε

2169 2210 2275 2277 ζῶν
2316 2213 2394 2275 είς
2424 2210 2484 2263 τὸ
2509 2211 2852 2280 ἐντυγχάνειν
2882 2210 3021 2283 ὺπέρ
3055 2209 3253 2263 αὐτῶν.
3309 2229 3327 2261 ι
3374 2207 3744 2272 Ἐξιλάσσεται

2167 2301 2222 2355 δὲ
2251 2304 2278 2355 6
2305 2301 2558 2373 Χριστος,
2586 2302 2784 2372 ἣκιστα
2815 2302 2910 2372 μὲν
2940 2302 3081 2374 ὑπὲρ
3105 2301 3318 2360 ἐαυτοῦ.
3354 2302 3460 2354 Kal
3485 2300 3688 2372 ἀληθὴς
3716 2303 3747 2354 6

2166 2393 2354 2463 λόγος’
2391 2394 2463 2447 Οὐ
2510 2392 2621 2463 γὰρ
2665 2393 2919 2463 ἐποίησεν
2968 2393 3274 2464 άμαρτίαν’
3310 2392 3449 2464 ὑπὲρ
3490 2392 3646 2463 ἡμῶν
3686 2392 3745 2445 δέ

2168 2487 2386 2558 μᾶλλον.
2419 2486 2532 2539 Καὶ
2559 2485 2717 2539 τοῦτο
2744 2488 2876 2557 ἡμῖν
2905 2480 2964 2539 εὖ
2994 2484 3136 2556 μάλα
3165 2487 3418 2555 σαφηνιεῖ
3448 2484 3744 2556 γεγραφὼς

2163 2579 2191 2631 ὁ
2218 2577 2502 2639 θεσπέσιος
2523 2575 2735 2639 Παῦλος
2761 2575 2889 2647 περὶ
2926 2573 3112 2628 αὐτοῦ’
3143 2575 3239 2626 Ὃν
3271 2572 3526 2644 προέθετο
3552 2574 3580 2626 6
3610 2571 3743 2635 Θεὸς

2166 2669 2475 2739 ἱλαστήριον
2502 2668 2592 2722 διὰ
2625 2668 2859 2730 πίστεως
2900 2667 2959 2718 ἐν
2998 2666 3074 2737 τῷ
3097 2664 3261 2719 αὐτοῦ
3292 2666 3504 2737 αἵματι.
3545 2684 3565 2717 ι
3593 2664 3743 2717 Ταύ-

2159 2776 2313 2831 τῃτοι
2344 2757 2437 2812 καὶ
2458 2753 2839 2830 εἰσϐεϐηκέναι
2872 2758 3034 2830 φησὶν
3059 2756 3220 2811 αὐτὸν
3242 2759 3322 2820 είς
3343 2757 3410 2810 τά
3439 2757 3602 2824 Ἀγια
3629 2756 3742 2808 τῶν

2162 2848 2330 2917 ἁγίων
2371 2848 2537 2914 ἅπαξ,
2586 2850 2679 2903 καὶ
2716 2848 2941 2903 αἰωνίαν
2974 2847 3242 2920 λύτρωσιν
3273 2848 3602 2919 εὑράμενον,
3639 2850 3737 2900 καὶ

2162 2943 2261 3013 μιᾷ
2291 2944 2578 3014 προσφορᾷ
2606 2942 3012 3008 τετελειωκότα,
3046 2942 3137 2996 καὶ
3165 2940 3322 2994 τοῦτο
3350 2942 3431 3004 είς
3458 2941 3517 2993 τὸ
3557 2940 3740 3009 διηνε-

2163 3034 2258 3099 κὲς
2286 3037 2411 3099 τοὺς
2437 3035 2852 3107 ἁγιαζομένους.
2890 3036 3003 3089 Kal.
3035 3033 3357 3105 σεσώσμεθα
3399 3034 3496 3105 μὲν
3540 3035 3700 3104 ἡμεῖς
3721 3050 3738 3065 ·

2157 3126 2316 3190 αὐτὸς
2344 3126 2401 3181 δὲ
2426 3126 2525 3192 τὰς
2566 3129 2842 3199 ἁμαρτίας
2871 3128 3026 3199 ἡμῶν
3057 3126 3201 3200 αἴρει
3221 3167 3236 3192 ,
3286 3126 3381 3179 καὶ
3418 3124 3546 3197 περὶ
3578 3124 3737 3196 ἡμῶν

2156 3218 2426 3273 ὁδυνᾶται.
2467 3219 2693 3273 Τέθεικε
2731 3220 2839 3291 γὰρ
2890 3220 2988 3290 τὴν
3043 3220 3179 3273 ίδίαν
3228 3217 3406 3291 ψυχὴν
3453 3215 3739 3290 ἐθελοντὴς

481 3311 697 3366 natura,
721 3309 914 3371 estque
956 3302 1011 3355 in
1036 3301 1191 3356 cmlis
1218 3300 1286 3355 ad
1316 3300 1600 3356 dexteram
1631 3300 1810 3356 Patris
1852 3321 1869 3352 ι
1907 3316 2053 3356 sem-

2163 3309 2302 3381 ὐπὲρ
2333 3310 2520 3381 ἡμῶν·
2559 3311 2698 3382 πλὴν
2737 3310 2955 3366 ἀνεϐίω.
2992 3311 3124 3374 Θεὸς
3165 3312 3274 3382 γὰρ
3314 3307 3380 3380 ἦν
3410 3311 3607 3380 φύσει,
3643 3310 3741 3364 καὶ

482 3406 581 3459 per
601 3390 795 3444 vivens
835 3395 899 3443 ut
951 3389 1257 3445 intercedat
1309 3405 1408 3457 pro
1453 3390 1679 3455 sanctis,
1709 3410 1726 3441 ι
1770 3400 1832 3446 ιιι
1889 3392 2053 3461 paulo

481 3487 610 3535 ante
657 3479 917 3534 diximus.
968 3480 1140 3535 Porro
1174 3480 1290 3533 haec
1319 3495 1351 3534 a
1400 3495 1487 3534 me
1538 3496 1761 3534 rursum
1794 3489 2053 3551 tanquam

480 3589 550 3628 ex
597 3572 756 3644 legali
798 3572 943 3627 dicta
966 3580 1095 3627 sunt
1120 3572 1336 3637 umbra,
1363 3588 1528 3643 quam
1563 3581 1620 3627 et
1658 3589 1767 3643 quo
1790 3584 1949 3645 pacto
1995 3590 2053 3632 se

480 3662 679 3719 habeat
700 3703 715 3729 ,
746 3663 1053 3718 luculenter
1080 3677 1366 3733 exponam.
1407 3662 1685 3732 Scriptum
1714 3672 1799 3719 est
1822 3665 1968 3719 enim
1995 3665 2053 3719 in

479 3754 729 3811 Levitico
772 3773 784 3809 :
817 3774 835 3807 ι
865 3755 933 3809 Et
963 3754 1102 3809 dixit
1146 3754 1410 3809 Dominus
1427 3753 1495 3809 ad
1538 3755 1724 3809 Mosen
1756 3773 1770 3809 :
1803 3756 2053 3826 Loquere

477 3850 683 3908 Aaroni
705 3848 862 3904 fratri
893 3859 1009 3915 tuo,
1039 3864 1150 3903 non
1173 3848 1515 3919 ingrediatur
1543 3848 1694 3904 omni
1721 3858 1966 3920 tempore
1997 3851 2052 3905 in

493 3941 864 3996 sanctuarium
885 3940 1028 3995 intra
1046 3941 1228 3996 velum
1254 3956 1438 3995 coram
1458 3941 1623 4011 370
1640 3941 2050 4012 propitiatorio,

478 4028 625 4098 quod
652 4037 739 4083 est
764 4028 820 4083 in
864 4044 988 4084 arca
1018 4029 1348 4096 testimonii,
1381 4044 1451 4085 ne
1485 4029 1627 4084 forte
1665 4031 1955 4087 moriatur.
1992 4031 2051 4089 ln

476 4120 623 4174 nube
657 4120 805 4174 enim
837 4121 1111 4189 apparebo
1146 4122 1201 4175 in
1242 4122 1715 4191 propitiatorio‘.»
1754 4122 2055 4194 Oportebat

477 4211 648 4274 enim,
672 4211 961 4280 oportebat
991 4212 1249 4280 inquam,
1301 4214 1572 4267 Aaronem
1606 4223 1866 4283 praestare
1918 4217 2054 4271 ima-

480 4300 660 4370 ginem
680 4309 737 4355 et
766 4308 953 4371 typum
986 4302 1279 4357 sacerdotii
1312 4298 1553 4368 Christi,
1591 4314 1757 4375 atque
1789 4307 1914 4363 ideo
1942 4324 2051 4364 non

478 4391 628 4446 omni
668 4391 833 4456 hora,
890 4392 946 4446 id
981 4398 1065 4447 est
1113 4403 1375 4464 tempore,
1404 4396 1461 4451 in
1504 4396 1703 4453 Sancta
1737 4406 2050 4455 sanctorum

478 4481 709 4539 introire
732 4483 1175 4553 permittebatur,
1199 4485 1267 4540 ad
1283 4487 1725 4543 sanetilicandam
1748 4489 1911 4562 hujus
1932 4508 2050 4564 my-

477 4574 633 4629 sterii
663 4575 1004 4646 dignitatem.
1042 4576 1299 4633 Christus
1331 4581 1479 4634 enim
1525 4582 1693 4636 semel
1732 4583 2011 4654 ingressus
2032 4625 2047 4649 ,

2159 3399 2307 3455 ἐστιν
2329 3404 2388 3456 ἐν
2417 3403 2663 3472 οὐρανοῖς
2684 3403 2742 3455 ἐν
2760 3402 2908 3473 δεξιᾷ
2932 3402 3027 3455 τοῦ
3049 3403 3282 3475 Πατρὸς,
3318 3423 3337 3455 ι
3374 3403 3605 3457 πάντοτε
3632 3400 3742 3465 ζῶν

2159 3491 2239 3554 είς
2277 3490 2338 3544 τὸ
2362 3491 2706 3562 ἐντυγχάνειν
2737 3492 2876 3564 ὑπὲρ
2911 3494 3113 3563 ἁγίων,
3159 3510 3176 3544 ι
3218 3494 3467 3563 καθάπερ
3514 3491 3743 3561 ἔναγχος

2158 3581 2314 3653 ἔφην.
2348 3583 2458 3636 Kal.
2504 3583 2662 3637 ταυτί
2698 3601 2788 3654 μοι
2833 3585 2994 3639 πάλιν
3034 3586 3108 3647 ὡς
3149 3586 3213 3639 ἐκ
3264 3584 3493 3657 νομικῆς
3525 3564 3749 3655 εἴρηταί

2160 3673 2340 3737 σκιᾶς,
2372 3674 2437 3745 ἢν
2474 3674 2567 3726 καὶ
2597 3673 2745 3738 ὅπως
2773 3675 2840 3729 ἂν
2866 3674 2980 3746 ἔχοι
3014 3674 3201 3744 σαφῶς
3234 3676 3610 3746 ἀφηγήσομαι.
3641 3672 3743 3725 Γέ-

2158 3780 2403 3833 γραπται
2432 3764 2609 3819 τοίνυν
2643 3766 2703 3821 ἐν
2741 3765 2822 3837 τῷ
2867 3765 3154 3837 Λευΐτικῷ·
3194 3784 3212 3818 ι
3246 3767 3356 3819 Kal.
3382 3762 3502 3819 εἷπε
3535 3764 3741 3836 Κύριος

2160 3855 2296 3927 πρὸς
2320 3855 2546 3925 Μωσῆν·
2571 3856 2818 3927 Λάλησον
2849 3858 2985 3929 πρὸς
3019 3856 3230 3929 Ἀαρὼν
3248 3859 3341 3910 τὸν
3362 3857 3589 3927 ἀδελφόν
3616 3873 3735 3920 σου,

2161 3944 2235 4015 μὴ
2252 3944 2653 4016 είσπορευέσθω
2676 3949 2857 4001 πᾶσαν
2879 3947 3030 4019 ῶραν
3056 3948 3165 4001 τῶν
3193 3948 3364 4016 ἁγίων
3386 3947 3448 4002 τὸ
3468 3947 3738 4019 ἐσώτερον

2156 4036 2249 4090 τοῦ
2279 4040 2799 4108 καταπετάσματος,
2832 4042 2912 4104 είς
2945 4041 3236 4111 πρόσωπον
3259 4039 3352 4095 τοῦ
3381 4042 3693 4112 ίλαστηρίου
3718 4079 3736 4105 ,

2156 4134 2184 4187 ὃ
2212 4135 2358 4186 ἐστιν
2401 4132 2493 4185 ἐπὶ
2536 4131 2635 4200 τῆς
2686 4129 2919 4185 κιϐωτοῦ
2968 4130 3063 4184 τοῦ
3115 4132 3458 4205 μαρτυρίουῖ
3499 4132 3591 4187 καὶ
3634 4132 3739 4189 οὐκ

2157 4223 2531 4279 ἀποθανεῖται.
2595 4222 2684 4275 Ἐν
2730 4221 2840 4293 γάρ
2886 4222 3084 4294 νεφέλῃ
3138 4222 3446 4294 ὀφθήσομαι
3497 4222 3591 4276 ἐπὶ
3637 4221 3736 4276 τοῦ

2160 4316 2494 4387 ίλαστηρίου.
2538 4334 2556 4368 ι
2596 4315 2741 4369 Ἔδει
2770 4314 2901 4386 γάρ,
2936 4314 3043 4369 ἔδει
3067 4315 3156 4369 τὸν
3194 4316 3406 4387 ’Δαρὼν
3431 4317 3618 4372 είκόνα
3642 4318 3737 4373 καὶ

2156 4409 2324 4463 τύπον
2355 4405 2701 4477 ἀποπληροῦν
2738 4405 3076 4476 τεταγμένην
3119 4406 3216 4477 τῆς
3254 4407 3552 4480 ἱερωσύνης
3594 4408 3731 4478 Χρι-

2159 4498 2284 4552 στοῦ
2315 4497 2389 4570 μὴ
2417 4499 2559 4552 κατὰ
2596 4499 2775 4551 πᾶσαν
2807 4496 2987 4569 ὥραν,
3030 4499 3195 4570 ἤγουν
3229 4499 3289 4552 ἐν
3322 4501 3485 4553 παντὶ
3531 4499 3730 4571 καιριῖι,

2156 4592 2255 4662 τὴν
2277 4592 2357 4654 είς
2402 4590 2472 4643 τά
2519 4590 2685 4658 ’Ἅγια
2712 4588 2820 4642 τῶν
2852 4590 3022 4658 ἁγίων
3061 4590 3379 4662 ποιούμενον
3422 4591 3729 4663 εἰσδρομὴν,

475 4673 761 4730 aeternam,
795 4674 856 4720 ut
879 4666 1237 4737 dixi,reperit
1277 4670 1724 4741 redemptionem.
1760 4674 2051 4729 Peccatum

2161 4683 2314 4736 οἱονεὶ
2340 4680 2867 4753 παρασημαίνειητοῦ
2895 4682 3195 4753 μυστηρίου
3222 4683 3284 4736 τὸ
3302 4682 3515 4746 κάλλος.
3550 4682 3734 4746 Ἀπαξ

476 4757 642 4829 igitur
667 4768 754 4813 est
784 4759 840 4813 in
878 4759 1047 4829 ipsam
1074 4761 1383 4826 veritatem,
1435 4777 1533 4832 per
1568 4779 1633 4819 ea
1666 4782 1787 4835 quae
1820 4766 1874 4819 in
1907 4768 2049 4839 typis

476 4859 624 4917 sunt,
651 4851 697 4907 si
736 4851 937 4921 saepius
981 4867 1145 4923 quam
1192 4855 1474 4908 annuatim
1495 4864 1552 4909 et
1580 4856 1748 4911 semel
1774 4857 1827 4911 in
1850 4857 2048 4914 Sancta

478 4950 790 4998 sanctorum
830 4942 1069 4998 introeat
1098 4942 1279 4997 Aaron
1302 4984 1316 5006 ,
1352 4944 1447 4999 sed
1496 4960 1714 5017 semper
1743 4959 1800 5003 et
1828 4951 2047 5020 quando

475 5044 868 5106 opportunum.
895 5036 1104 5091 Idcirco
1146 5038 1403 5108 praecepit
1449 5038 1499 5092 ei
1538 5039 1682 5095 Deus
1744 5039 1892 5096 hunc
1950 5057 2044 5097 ae-

477 5136 592 5181 tum
649 5128 977 5183 servandum
1004 5169 1017 5192 ,
1056 5143 1124 5183 ne
1167 5126 1309 5182 forte
1340 5128 1626 5184 moriatur.
1676 5130 1795 5185 Jam
1822 5148 1953 5187 vero
2000 5133 2046 5188 si

475 5216 726 5286 capitalis
747 5232 907 5286 paena
936 5218 1234 5273 constituta
1278 5228 1363 5273 est
1392 5218 1449 5273 in
1485 5235 1612 5274 eum
1646 5223 1742 5291 qui
1775 5230 2051 5294 transgre-

474 5308 623 5363 ditur
643 5309 915 5373 umbram,
944 5317 998 5364 et
1028 5310 1279 5381 impingit
1305 5312 1358 5365 in
1384 5320 1568 5383 typum
1597 5315 1862 5379 veritatis,
1887 5316 2048 5385 quale

474 5400 694 5456 demum
742 5404 1070 5472 supplicium
1111 5404 1353 5459 manebit
1399 5420 1495 5460 eos
1549 5407 1643 5476 qui
1697 5418 1928 5477 peccant
1990 5409 2045 5462 in

476 5490 646 5559 ipsam
688 5492 993 5557 veritatem,
1027 5494 1130 5547 hoc
1168 5505 1273 5557 est,
1303 5494 1354 5548 in
1382 5494 1700 5552 Christum?
1726 5498 1883 5565 Quod
1918 5499 2045 5568 qui-

545 5664 565 5695 '
597 5663 762 5719 llebr.
788 5681 843 5732 ιι,
881 5667 965 5721 l7.
1046 5670 1065 5699 ⁸
1121 5669 1286 5723 llebr.
1340 5687 1430 5736 vn,
1476 5674 1563 5727 25.
1641 5675 1661 5705 ⁵
1696 5675 1851 5730 Rom.
1885 5693 1961 5743 ιιι,
1996 5677 2082 5731 9.3.

2154 4773 2264 4844 γὰρ
2294 4771 2613 4842 είσὸέδηκεν
2664 4772 2693 4824 6
2741 4773 2997 4843 Χριστὸς,
3046 4774 3269 4828 αίωνίαν
3307 4775 3611 4845 λύτρωσιν,
3653 4772 3732 4837 ὡς

2154 4864 2309 4933 ἔφην,
2343 4862 2661 4933 εὑράμενος.
2702 4862 3088 4935 Πλημμέλημα
3119 4865 3296 4921 τοίνυν
3328 4867 3406 4929 είς
3435 4865 3604 4936 αὐτὴν
3632 4863 3733 4934 τὴν

2153 4950 2411 5019 ἀλήθειαν
2452 4953 2541 5007 διὰ
2585 4954 2693 5007 τῶν
2738 4957 2795 5008 ἐν
2840 4955 3053 5021 τύποις,
3104 4958 3163 5011 τὸ
3212 4958 3285 5029 μὴ
3321 4959 3439 5013 κατ’
3487 4958 3606 5022 ἔτος
3638 4959 3733 5011 καὶ

2154 5046 2303 5111 ἅπαξ
2329 5048 2407 5109 εἰς
2430 5045 2499 5099 τὰ
2527 5046 2693 5114 ’Ἅγια
2722 5046 2830 5099 τῶν
2859 5048 3029 5115 ἁγίων
3050 5049 3345 5103 εἰσελαύνει
3367 5050 3455 5103 τὸν
3495 5050 3730 5119 Ἀαρὼν,

2151 5138 2287 5192 ἀλλὰ
2314 5137 2456 5191 κατὰ
2490 5139 2671 5192 πᾶσαν
2695 5138 2864 5210 ὥραν,
2894 5142 2989 5195 καὶ
3020 5142 3096 5205 ὡς
3126 5144 3184 5195 ἐν
3215 5144 3375 5197 παντὶ
3405 5142 3601 5214 καιρῷ.
3631 5143 3731 5195 Διὰ

2147 5228 2305 5284 τοῦτο
2336 5228 2536 5299 χρῆναι
2565 5233 2753 5302 τηρεῖν
2798 5235 3188 5305 προστέταχεν,
3228 5235 3314 5288 ἵνα
3354 5234 3428 5305 μὴ
3458 5233 3727 5307 ἀποθάνῃ.

2149 5320 2211 5372 Εί
2242 5319 2297 5371 δέ
2328 5319 2555 5385 θάνατος
2583 5316 2651 5391 ἦν
2680 5325 2712 5393 ἡ
2738 5322 2865 5395 δίκη
2910 5325 2988 5395 τῷ
3020 5325 3346 5398 παραλύοντι
3395 5326 3493 5395 τὴν
3546 5324 3727 5385 σκιάν,

2148 5412 2241 5463 καὶ
2270 5411 2346 5474 είς
2374 5412 2465 5466 τὸν
2497 5412 2597 5482 τῆς
2638 5413 2897 5485 ἀληθείας
2928 5418 3363 5488 ἐμπαροινοῦντα
3412 5418 3610 5479 τύπον,
3640 5416 3730 5480 τίς

2149 5500 2298 5554 ἔσται
2336 5501 2522 5555 λοιπὸν
2565 5507 2597 5572 ἡ
2633 5505 2949 5577 ἐπιτίμησις
2995 5512 3106 5573 τοῖς
3135 5512 3213 5573 είς
3261 5509 3433 5579 αὐτὴν
3468 5508 3730 5579 πλημμεο

2165 5678 2183 5707 ⁸
2216 5677 2389 5732 Levit.
2431 5695 2538 5747 xw,
2564 5680 2619 5734 2.
