4094 6282
263 283 354 337 581

1148 279 1670 336 GLAPHYRORUM
1708 281 1776 337 IN
1814 280 2190 340 LEVITICUM
2231 283 2454 339 LIBER.

3409 287 3517 344 582

261 393 408 445 λοῦσι
439 392 541 463 τὴν
580 391 836 464 ἀλήθειαν
862 431 876 454 ,
906 389 1151 444 τουτέστι
1191 391 1460 462 Χριστόν;
1515 393 1578 447 Ὀ
1623 394 1689 464 δὴ
1739 411 1837 447 πε-

1957 395 2067 450 lem
2092 402 2244 451 certe
2276 395 2528 452 fecerunt
2556 395 2752 462 Judaei,
2778 396 2872 466 qui
2897 412 3008 451 non
3040 396 3511 467 recipiuntﬁdem:

259 484 530 557 πρᾲχασιν
567 485 808 538 Ἰουδαῖοι
830 484 927 553 τὴν
955 484 1033 546 εἰς
1055 482 1217 535 αὐτὸν
1238 484 1419 538 πίστιν
1447 484 1510 538 ού
1541 484 1831 555 προσιέμε-

260 586 368 641 νοι,
398 576 486 628 καὶ
539 576 678 629 κατὰ
713 574 938 646 μυρίους
973 573 1129 636 ὅσους
1175 574 1534 644 ἀτιμάζοντες
1562 576 1795 645 τρόπους
1816 614 1831 639 ,

260 668 353 720 καί
395 684 477 720 τοι
505 666 730 735 λέγοντα
762 667 983 735 σαφῶςί
1020 684 1037 717 ι
1089 664 1232 734 Ἐγώ
1261 667 1376 737 εἰμι
1421 668 1457 738 ἡ
1508 666 1771 736 ἀλήθεια,
1809 685 1828 717 ι

258 757 503 810 τουτέστι
552 755 658 808 τῶν
683 756 739 808 ἐν
768 755 916 825 νόμῳ
946 753 1132 808 τύπων
1157 757 1189 825 ή
1216 754 1514 826 πλήρωσις.
1544 753 1707 817 Τέλος
1727 754 1835 825 γὰρ

261 846 435 919 νόμου
459 847 553 901 καὶ
583 846 872 921 προφητῶν
908 847 936 899 ὁ
980 846 1232 915 Χριστός.
1275 846 1482 917 Γράφει
1512 846 1621 918 γὰρ
1664 846 1835 910 οὕτως

262 940 395 1009 ήμῖν
428 940 456 991 ὁ
485 938 794 1009 νομομαθὴς
828 940 921 992 καὶ
963 937 1255 1010 ἱερώτατος
1302 937 1532 1001 Παῦλος.
1582 938 1837 1008 Είργεται

262 1031 441 1084 τοίνυν
485 1031 514 1082 ὁ
571 1030 800 1102 Ἀαρὼν,
831 1029 922 1084 τοῦ
961 1028 1037 1101 μὴ
1071 1029 1342 1084 ποιεῖσθαι
1371 1029 1459 1083 διὰ
1500 1029 1698 1093 παντὸς
1739 1028 1837 1099 τὴν

266 1122 345 1185 εἰς
371 1120 438 1174 τὰ
466 1121 628 1190 ’Ἅγια
656 1119 761 1175 τῶν
787 1120 954 1188 ἁγίων
981 1119 1232 1192 εἰσϐολὴν
1255 1160 1271 1185 ,
1304 1120 1391 1173 ἴνα
1414 1119 1509 1173 τοῦ
1537 1118 1837 1190 μυστηρίου

266 1214 326 1266 τὸ
353 1212 546 1276 κάλλος
586 1210 951 1282 ἁδιαλώὸητόν
973 1228 1033 1264 τε
1064 1212 1159 1265 καὶ
1187 1210 1508 1281 ἀκραιφνὲς,
1534 1210 1628 1262 καὶ
1649 1211 1839 1272 αὐταῖς

267 1305 395 1376 ἡμῖν
428 1301 796 1372 άναστράπτοι
827 1302 946 1362 ταῖς
988 1302 1184 1363 σκιαῖς.
1218 1299 1294 1352 Δι’
1317 1299 1469 1362 ἔτους
1497 1300 1596 1370 μὲν
1620 1293 1714 1352 οῦν
1744 1298 1840 1351 καὶ

268 1395 387 1448 καθ’
413 1394 510 1447 ἕνα
538 1392 731 1464 καιρὸν
756 1394 792 1462 ή
815 1392 1038 1454 εἴσοδος.
1064 1391 1198 1444 Τίνα
1223 1390 1266 1443 δ’
1287 1391 1353 1445 ἂν
1382 1390 1591 1459 γένοιτο
1619 1390 1838 1458 τρόπον,

270 1487 363 1541 καὶ
382 1486 483 1538 οὐκ
515 1484 581 1539 ἂν
605 1484 841 1556 ἁμάρτοι
864 1482 958 1536 τοῦ
987 1481 1624 1553 πρέποντος,ἐνομοθέτει
1645 1479 1838 1548 λέγων’

273 1594 291 1627 ι
323 1573 511 1637 Οῦτως
544 1571 909 1625 εἰσελεύσεται
956 1569 1165 1642 Ἀαρὼν
1204 1572 1284 1634 εἰς
1315 1571 1374 1625 τὸ
1404 1570 1577 1640 ἅγιον.
1623 1570 1711 1625 Ἐν
1748 1569 1844 1641 μό-

271 1683 385 1735 σχῳ
422 1665 487 1717 ἐκ
520 1661 660 1733 βοῶν
692 1661 822 1732 περὶ
855 1661 1150 1731 ἁμαρτίας,
1174 1664 1270 1713 καὶ
1308 1661 1462 1733 κριὸν
1494 1663 1573 1725 εἰς
1611 1660 1842 1732 ὁλοκάρ-

1939 497 1994 542 at
2018 489 2201 558 potius
2217 487 2386 544 variis
2418 488 2595 543 modis
2611 488 2784 558 ipsam
2803 488 3109 544 deformant
3137 500 3299 560 atque
3326 491 3511 545 detur-

1940 589 2072 651 pant
2104 597 2117 633 :
2148 595 2461 650 quanquam
2512 581 2607 635 ille
2651 580 2937 636 manifeste
2974 580 3123 636 dicat
3157 600 3169 634 :
3212 601 3229 632 ι
3256 582 3515 651 Ego'sum

1938 671 2142 727 veritas
2168 671 2211 736 ⁷,
2246 690 2266 722 ι
2295 670 2400 725 hoc
2426 680 2531 735 est,
2566 670 2823 741 legalium
2855 677 3107 741 typorum
3141 679 3198 725 et
3221 669 3517 740 ﬁgurarum

1941 763 2209 834 impletio.
2231 761 2381 818 Finis
2400 762 2548 817 enim
2572 761 2708 832 legis
2731 768 2789 815 et
2823 760 3216 830 prophetarum
3252 768 3336 815 est
3355 758 3516 815 Chri-

1941 857 2114 912 stus'.
2155 856 2234 911 Ita
2261 855 2410 911 enim
2449 854 2610 909 nobis
2644 852 2840 908 scribit
2888 853 3257 921 peritissimus
3298 851 3431 922 legis
3461 859 3518 905 et

1942 950 2323 1006 sanctissimus
2367 949 2588 1004 Paulus.
2626 949 2944 1005 Prohibitus
2986 949 3155 1019 igitur
3197 955 3283 1003 est
3308 947 3511 1010 Aaron,

1941 1056 2011 1097 ne
2034 1055 2252 1110 semper
2277 1039 2439 1095 adeat
2481 1038 2680 1093 Sancta
2705 1046 3043 1103 sanctorum,
3070 1049 3132 1092 ut
3161 1037 3407 1108 mysterii
3436 1035 3522 1090 di-

1943 1135 2123 1205 gnitas
2161 1132 2233 1189 sit
2258 1133 2518 1188 inviolata
2544 1139 2708 1202 atque
2737 1132 2970 1202 integra,
2994 1131 3265 1200 nobisque
3294 1145 3361 1184 ex
3388 1128 3523 1198 ipsis

1945 1225 2157 1280 umbris
2179 1225 2473 1280 elucescat.
2519 1223 2731 1278 Idcirco
2758 1223 3030 1294 ingressio
3066 1222 3234 1278 ﬁebat
3270 1220 3440 1275 semel
3465 1228 3523 1273 et

1946 1334 2057 1373 uno
2079 1326 2346 1387 tempore.
2370 1315 2490 1383 Quo
2512 1325 2695 1370 autem
2720 1315 2884 1371 modo
2910 1315 3111 1369 debeat
3137 1314 3276 1379 ﬁeri,
3305 1319 3367 1366 ut
3410 1327 3520 1365 non

1946 1409 2238 1463 aberretur
2274 1422 2306 1461 a
2341 1406 2565 1470 decoro,
2619 1405 2775 1460 addit
2824 1405 3106 1475 legislator
3148 1403 3238 1459 his
3280 1400 3468 1457 verbis
3506 1418 3517 1451 :

1956 1518 1973 1549 ι
2010 1499 2100 1554 Sic
2120 1487 2464 1568 ingredietur
2493 1497 2677 1550 Aaron
2701 1496 2753 1550 in
2774 1504 3047 1550 sanctum.
3077 1496 3183 1550 Per
3204 1493 3438 1549 vitulum
3456 1507 3524 1545 ex

1948 1589 2126 1644 bobus
2153 1603 2253 1658 pro
2276 1595 2524 1658 peccato,
2553 1593 2609 1640 et
2630 1586 2860 1640 arietem
2905 1587 2961 1639 in
3006 1587 3411 1648 holocaustum,
3438 1591 3526 1636 tu—

1949 1678 2186 1750 nicaque
2231 1678 2377 1733 linea
2415 1676 2751 1732 sanctiﬁcata
2794 1676 3076 1742 induetur,
3141 1692 3204 1732 ac
3266 1675 3526 1731 feminale

272 1770 463 1824 πωμα,
497 1751 588 1805 καὶ
616 1749 819 1821 χιτῶνα
851 1749 1028 1801 λινοῦν
1053 1749 1381 1819 ἡγιασμένον
1422 1748 1726 1813 ἐνδύσεται,
1755 1748 1848 1801 καὶ

1957 1773 2158 1827 lineum
2178 1770 2286 1825 erit
2313 1785 2481 1839 supra
2516 1777 2698 1823 cutem
2736 1769 2930 1838 ipsius,
2957 1784 3203 1838 zonaque
3232 1768 3378 1822 linea
3403 1767 3524 1822 cin-

276 1842 598 1914 περισκελὲς
636 1840 815 1895 λινοῦν
843 1841 995 1894 ἔσται
1036 1842 1130 1894 ἐπὶ
1161 1841 1255 1893 τοῦ
1284 1840 1491 1911 χρωτὸς
1523 1840 1711 1906 αὑτοῦ,
1754 1839 1849 1894 καὶ

278 1936 454 2006 ζώνην
476 1935 625 2006 λινῆν
651 1934 907 1999 ζώσεται,
940 1934 1034 1987 καὶ
1057 1933 1270 2004 κίδαριν
1292 1933 1444 2005 λινῆν
1476 1949 1543 1985 πε
1553 1932 1847 2003 ριθήσεται.

290 2028 501 2098 Ὶμάτια
532 2027 661 2096 ἅγιά
693 2027 841 2080 ἐστι·
878 2027 972 2079 καὶ
1001 2025 1252 2079 λούσεται
1289 2024 1435 2076 ὕδατι
1462 2023 1570 2076 πᾶν
1599 2023 1660 2076 τὸ
1696 2022 1851 2093 σῶμα

273 2116 464 2179 αὐτοῦ,
494 2118 583 2170 καὶ
608 2116 887 2171 ἐνδύσεται
910 2116 1067 2170 αὑτά.
1098 2114 1212 2170 Καὶ
1241 2114 1391 2186 παρὰ
1411 2113 1511 2185 τῆς
1535 2113 1854 2182 συναγωγῆς

270 2208 382 2262 τῶν
426 2208 558 2261 υἰῶν
610 2208 824 2280 Ἰσραὴλ
873 2206 1098 2277 λήψεται
1136 2206 1229 2260 δύο
1269 2207 1535 2278 χιμάρους
1586 2204 1647 2269 ἐξ
1685 2204 1855 2272 αἰγῶν

274 2303 400 2373 περὶ
457 2300 767 2371 ἁμαρτίας,
827 2301 921 2354 καὶ
984 2300 1137 2371 κριὸν
1191 2299 1289 2354 ἕνα
1338 2302 1418 2363 εἰς
1472 2297 1850 2369 ὁλοκαύτωμα.

275 2394 384 2448 Καὶ
434 2391 692 2464 προσάξει
751 2390 961 2462 ’Δαρὼν
997 2391 1087 2445 τὸν
1121 2391 1321 2462 μόσχον
1367 2390 1459 2443 τὸν
1496 2391 1624 2462 περὶ
1670 2390 1850 2461 άμαρ⁴

276 2486 396 2549 τίας
437 2485 536 2556 τῆς
575 2483 794 2549 ἑαυτοῦ,
836 2486 930 2538 καὶ
981 2485 1286 2551 ἐξιλάσεται
1330 2485 1459 2556 περὶ
1507 2483 1699 2538 ἑαυτοῦ
1755 2487 1847 2539 καὶ

275 2577 369 2631 τοῦ
408 2578 556 2631 οἴκου
603 2576 787 2630 αὑτοῦ.
820 2578 930 2631 Καὶ
980 2577 1210 2649 λήψεται
1256 2578 1381 2641 τοῦς
1420 2576 1514 2630 δύο
1560 2577 1850 2647 χιμάρους,

277 2672 371 2726 καὶ
394 2673 577 2742 στήσει
603 2671 801 2735 αὐτοὺς
827 2669 1005 2724 ἔναντι
1029 2672 1234 2742 Κυρίου
1262 2671 1414 2743 παρά
1435 2671 1534 2743 τὴν
1557 2670 1726 2743 θύραν
1754 2671 1854 2741 τῆς

280 2764 481 2834 σκηνῆς
521 2762 616 2816 τοῦ
667 2761 1002 2833 μαρτυρίου,
1058 2763 1154 2816 καὶ
1199 2762 1453 2836 ἐπιθήσει
1513 2762 1722 2835 Ἀαρὼν
1758 2762 1854 2816 ἐπὶ

277 2857 401 2918 τοὺς
420 2854 512 2907 δύο
536 2854 802 2927 χιμάρους
825 2855 1046 2926 κλῆρον,
1080 2854 1175 2909 ἕνα
1197 2855 1273 2926 τῷ
1295 2855 1504 2927 Κυρίῳ,
1530 2857 1625 2909 καὶ
1651 2855 1854 2927 κλῆρον

279 2946 373 2999 Eva
403 2946 483 3017 τῷ
521 2944 917 3016 ἀποπομπαίῳ.
954 2945 1066 2999 Kal.
1108 2944 1372 3017 προσάξει
1416 2944 1624 3016 ’Δαρὼν
1652 2944 1742 2999 τὸν
1770 2944 1853 3015 χί-

284 3056 477 3110 μαρον,
509 3038 593 3107 ἐφ’
624 3038 681 3091 ὃν
703 3037 937 3108 ἐπῆλθεν
964 3038 1049 3092 ἐπ’
1070 3037 1219 3109 αὐτῷ
1241 3040 1269 3092 ὁ
1300 3038 1500 3110 κλῆρος
1540 3037 1618 3108 τῷ
1640 3038 1847 3110 Κυρίῳ,
1882 3079 1922 3133 C

283 3132 378 3183 καὶ
411 3130 689 3201 προσοίσει
720 3131 848 3202 περὶ
893 3129 1166 3201 ἁμαρτίας
1190 3146 1203 3160 ο
1242 3131 1336 3183 καὶ
1365 3129 1455 3183 τὸν
1485 3130 1740 3202 χίμαρον,
1768 3131 1850 3200 ἐφ’
1882 3120 1924 3140 ’³

278 3219 338 3272 ὃν
376 3220 405 3272 δ
447 3220 644 3291 κλῆρος
690 3220 784 3273 τοῦ
825 3221 1238 3291 άποπομπαίου,
1281 3221 1464 3291 στήσει
1488 3220 1651 3274 αὑτὸν
1679 3220 1855 3285 ζῶντα

280 3311 462 3365 ἔναντι
493 3311 695 3382 Κυρίου
739 3311 833 3364 τοῦ
868 3311 1218 3377 ἐξιλάσασθαι
1265 3313 1351 3367 ἐπ’
1383 3311 1571 3374 αὑτοῦ,
1601 3312 1739 3365 ὥστε
1772 3310 1857 3377 ἐξα

280 3403 598 3457 αποστεῖλαι
613 3404 774 3458 αὐτὸν
795 3405 870 3468 είς
884 3405 981 3475 τὴν
1002 3405 1354 3477 άποπομπὴν,
1373 3405 1467 3459 καὶ
1481 3406 1680 3475 ἀφήσει
1694 3404 1856 3458 αὐτὸν

283 3509 330 3560 εξ
339 3513 364 3558 ς
392 3494 490 3564 τὴν
521 3493 744 3565 ἔρημον.
783 3514 801 3546 ι
836 3494 940 3548 Τὸν
975 3496 1072 3565 μὲν
1107 3491 1198 3550 οὖν
1219 3497 1317 3566 τῆς
1346 3495 1536 3559 θυσίας
1564 3497 1623 3547 ἐν
1646 3493 1858 3557 τούτοις

284 3588 413 3657 ἡμῖν
444 3586 722 3655 ἐξηγεῖται
760 3586 979 3657 τρόπον.
1027 3582 1162 3641 Εἶτα
1199 3587 1605 3657 προσκεκόμικε
1637 3586 1728 3639 τὸν
1759 3588 1856 3657 μό-

285 3695 413 3749 σχον
457 3679 667 3750 Ἀαρὼν
703 3679 794 3732 τὸν
825 3697 887 3732 πε
900 3680 952 3748 pl.
977 3680 1077 3749 τῆς
1104 3680 1372 3750 ἁμαρτίας
1396 3680 1495 3750 τῆς
1526 3678 1739 3742 ἑαυτοῦ,
1764 3679 1857 3732 καὶ

282 3772 377 3826 τοῦ
406 3773 557 3825 οἴκου
586 3771 803 3825 ἑαυτοῦ.
832 3772 1140 3842 Τεθυμένου
1165 3773 1220 3826 δὲ
1246 3771 1340 3825 τοῦ
1371 3773 1595 3843 μόσχου,
1625 3772 1721 3825 καὶ
1751 3770 1856 3841 μὴν

283 3865 378 3917 τοῦ
419 3864 576 3935 κριοῦ
599 3865 884 3933 γεγονότος
910 3866 989 3929 εἰς
1006 3864 1385 3935 ὁλοκαύτωμα,
1423 3864 1565 3917 κατὰ
1591 3864 1682 3917 τὸν
1711 3862 1859 3932 αύτῷ

287 3957 566 4025 πρέποντα
609 3957 806 4027 νόμον·
863 3957 973 4011 Καὶ
1014 3956 1267 4028 λήψεται,
1319 3955 1489 4025 φησι,
1528 3954 1589 4008 τὸ
1642 3956 1861 4025 πυρεῖον

285 4046 496 4117 πλῆρες
527 4045 813 4116 ἀνθράκων
843 4046 1014 4117 πυρὸς
1042 4045 1149 4098 άπὸ
1175 4044 1268 4097 τοῦ
1304 4043 1691 4113 θυσιαστηρίου
1724 4039 1862 4096 ἁπέ-

288 4155 439 4190 ναντι
467 4138 693 4209 Κυρίου.
739 4138 846 4191 Καὶ
875 4136 1154 4207 πληρώσει
1185 4135 1283 4199 τὰς
1304 4137 1491 4206 χεῖρας
1520 4135 1864 4206 θυμιάματος

286 4231 591 4295 συνθέσεως
629 4231 850 4301 λεπτῆς,
883 4230 978 4284 καὶ
1008 4230 1233 4283 εἰσοίσει
1281 4229 1545 4299 ἐσώτερον
1575 4226 1668 4281 τοῦ
1700 4244 1865 4281 κατα-

286 4324 659 4393 πετάσματος,
709 4323 802 4375 καὶ
834 4320 1084 4391 ἐπιθήσει
1117 4320 1178 4373 τὸ
1219 4319 1471 4391 θυμίαμα
1511 4320 1606 4373 ἐπὶ
1646 4318 1705 4373 τὸ
1753 4316 1866 4389 πῦρ

1950 1871 2130 1935 getur,
2187 1860 2416 1917 cidarim
2474 1860 2674 1914 lineam
2727 1860 2973 1930 imponet
3014 1860 3140 1914 sibi.
3188 1859 3528 1913 Vestimenta

1952 1961 2139 2009 sancta
2163 1962 2325 2015 sunt,
2358 1960 2414 2006 et
2434 1952 2710 2007 Iavabitur
2730 1966 2870 2022 aqua
2900 1958 3073 2005 totum
3105 1965 3308 2019 corpus
3332 1948 3525 2018 ipsius,

1951 2054 2009 2100 et
2040 2044 2126 2100 his
2171 2043 2451 2099 induetur.
2506 2043 2713 2098 Deinde
2744 2058 2776 2098 a
2805 2042 3231 2113 congregatione
3285 2039 3527 2094 ﬁliorum

1954 2135 2118 2192 Israel
2152 2135 2383 2205 recipiet
2414 2134 2554 2190 duos
2578 2134 2766 2190 hircos
2797 2150 2866 2189 ex
2909 2134 3091 2204 capris
3132 2147 3234 2203 pro
3267 2139 3526 2202 peccato,

1955 2235 2118 2297 atque
2144 2227 2373 2281 arietem
2415 2242 2587 2281 unum
2630 2227 2686 2280 in
2717 2226 3102 2281 holocaustum
3136 2241 3149 2277 :
3178 2222 3529 2291 adducetque

1953 2314 2134 2370 Aaron
2177 2315 2445 2381 vitulum,
2488 2316 2582 2386 qui
2616 2324 2701 2371 est
2729 2330 2828 2385 pro
2850 2323 3075 2385 peccato
3125 2313 3209 2369 sui
3255 2313 3447 2383 ipsius,
3473 2321 3532 2367 et

1952 2404 2203 2460 exorabit
2227 2420 2330 2475 pro
2367 2420 2426 2461 se
2449 2414 2506 2461 et
2530 2421 2627 2461 sua
2657 2403 2882 2459 familia.
2911 2405 3106 2460 Postea
3132 2403 3370 2474 accipiet
3392 2402 3530 2457 duos

1953 2496 2139 2553 hircos
2164 2537 2178 2562 ,
2227 2504 2284 2552 et
2304 2504 2512 2552 statuet
2535 2512 2632 2552 eos
2653 2512 2839 2552 coram
2868 2496 3104 2551 Domino
3140 2494 3208 2549 ad
3235 2502 3425 2564 portas
3449 2502 3533 2548 ta-

1951 2584 2236 2643 bernaculi
2282 2588 2580 2644 testimonii
2615 2606 2627 2641 :
2660 2597 2716 2643 et
2742 2589 2924 2643 mittet
2953 2587 3134 2642 Aaron
3175 2586 3334 2656 371
3365 2600 3533 2655 super

1955 2678 2095 2735 duos
2112 2679 2297 2736 hircos
2316 2688 2495 2735 sortes
2522 2698 2535 2733 :
2565 2695 2729 2734 unam
2746 2680 2998 2743 Domino,
3020 2687 3077 2733 ct
3104 2679 3331 2731 alteram
3367 2692 3534 2744 capro

1953 2771 2260 2827 emissario.
2316 2771 2472 2826 Tunc
2528 2770 2768 2825 adducet
2813 2771 2993 2824 Aaron
3066 2769 3317 2830 hircum,
3366 2781 3533 2834 super

1953 2879 2118 2934 quem
2144 2863 2314 2918 exivit
2343 2878 2464 2918 sors
2492 2863 2748 2926 Domino,
2779 2870 2834 2917 et
2862 2862 3058 2916 oﬂ'eret
3088 2875 3214 2913 cum
3257 2873 3358 2929 pro
3401 2872 3532 2927 pec-

1955 2964 2076 3009 cato
2106 2952 2201 3007 sed
2225 2952 2461 3016 hircum,
2500 2966 2670 3021 super
2712 2965 2876 3020 quem
2908 2948 3109 3003 cecidit
3138 2963 3259 3003 sors
3301 2946 3532 3002 emissa-

1955 3046 2048 3110 rii,
2087 3050 2292 3100 statuet
2318 3042 2593 3097 viventem
2636 3042 2694 3095 in
2730 3048 3027 3109 conspectu
3060 3038 3299 3104 Domini,
3331 3047 3393 3092 ut
3434 3051 3536 3108 pro

1956 3136 2075 3206 ipso
2097 3134 2443 3204 deprecetur,
2488 3139 2549 3187 ut
2571 3132 2786 3187 emittat
2809 3146 2937 3186 eum
2964 3131 3019 3185 in
3051 3130 3424 3195 emissionem,
3449 3138 3534 3184 at-

1955 3242 2062 3296 que
2087 3224 2329 3280 dimittat
2361 3240 2488 3279 eum
2515 3224 2571 3278 in
2593 3224 2949 3278 solitudinem
2975 3224 3016 3275 ’.
3054 3243 3070 3273 ι
3100 3222 3319 3277 Modum
3345 3223 3535 3291 itaque

1957 3316 2212 3374 sacriﬁcii
2241 3318 2295 3372 in
2320 3318 2408 3371 h‘is
2425 3317 2614 3372 verbis
2647 3316 2891 3387 exponit.
2919 3315 3125 3371 Deinde
3152 3314 3332 3369 Aaron
3364 3314 3538 3368 addu-

1956 3411 2037 3465 xit
2070 3409 2306 3464 vitulum
2338 3408 2681 3464 oﬁ‘erendum
2718 3424 2816 3478 pro
2844 3408 2929 3462 sui
2968 3406 3143 3477 ipsius
3176 3415 3420 3476 peccato,
3451 3415 3537 3461 at-

1957 3518 2065 3572 que
2087 3517 2189 3572 pro
2238 3516 2337 3556 sua
2380 3500 2562 3555 domo.
2596 3500 2830 3555 Mactato
2866 3506 3049 3553 autem
3097 3497 3288 3561 vitulo,
3321 3505 3377 3553 et
3406 3498 3537 3551 item

1958 3592 2115 3647 hirco
2137 3591 2412 3646 destinato
2461 3591 2515 3646 in
2549 3591 2954 3653 holocaustum,
2985 3590 3137 3660 juxta
3175 3587 3423 3643 eamdem
3462 3588 3541 3641 le-

1959 3700 2081 3755 gem
2120 3702 2132 3736 :
2168 3703 2185 3735 ι
2231 3684 2421 3749 Tunc,
2482 3684 2690 3753 inquit,
2747 3683 2984 3753 accipiet
3028 3682 3371 3735 thuribulum
3418 3681 3537 3748 ple.-

1960 3793 2093 3831 num
2119 3777 2455 3832 carbonibus
2476 3777 2617 3847 ignis
2640 3776 2708 3831 ab
2731 3776 2889 3830 altari
2930 3775 3077 3843 quod
3103 3782 3187 3827 est
3210 3787 3392 3826 coram
3436 3772 3542 3825 Do-

1962 3868 2131 3922 mino.
2173 3867 2534 3936 Implebitque
2561 3871 2757 3920 manus
2803 3882 2932 3920 suas
2965 3865 3315 3935 thymiamate
3360 3862 3543 3916 tenuis

1963 3955 2398 4024 compositionis,
2428 3963 2484 4008 et
2515 3954 2713 4008 inferet
2760 3954 2902 4007 intra
2926 3953 3107 4007 velum
3127 3992 3141 4014 ,
3189 3952 3540 4021 imponetque

1964 4043 2258 4115 thymiama
2292 4042 2403 4114 igni
2426 4057 2609 4096 coram
2640 4043 2892 4107 Domino,
2920 4050 3081 4111 atque
3105 4056 3276 4111 vapor
3307 4040 3540 4112 thymia-

1966 4139 2128 4193 matis
2176 4145 2323 4208 teget
2371 4134 2841 4206 pr0pitiatorium,
2871 4133 3018 4203 quod
3066 4142 3150 4187 est
3188 4148 3355 4202 super
3383 4132 3540 4187 testi-

1966 4229 2170 4295 monia,
2222 4236 2278 4283 et
2310 4242 2419 4282 non
2456 4226 2743 4281 morietur.
2789 4226 2983 4280 Postea
3015 4225 3252 4294 accipiet
3299 4224 3368 4279 de
3412 4238 3541 4277 san-

1967 4321 2131 4392 guine
2157 4320 2338 4385 vituli,
2366 4326 2422 4373 et
2448 4324 2701 4388 asperget
2716 4317 2888 4388 digito
2923 4317 2975 4370 in
3013 4316 3454 4386 propitiatorium
3475 4316 3542 4370 ad

282 4415 467 4468 ἔναντι
499 4415 723 4487 Κυρίου,
754 4415 847 4467 καὶ
881 4414 1112 4483 καλύψει
1142 4414 1173 4484 ἡ
1207 4412 1375 4484 ἀτμὶς
1404 4411 1496 4465 τοῦ
1526 4412 1856 4483 θυμιάματος

1974 4413 2242 4469 orientem
2285 4427 2467 4467 coram
2524 4409 2930 4479 propitiatorio,
2964 4408 3169 4477 septies
3196 4415 3446 4477 asperget
3476 4407 3544 4462 de

281 4507 350 4560 τὸ
389 4505 703 4576 ἱλαστήριον
747 4504 808 4557 τὸ
835 4505 1058 4557 ἐπὶτῶν
1092 4503 1427 4574 μαρτυρίων,
1459 4505 1556 4557 καὶ
1595 4503 1695 4555 οὐκ
1725 4504 1861 4556 ἀπο-

283 4597 550 4649 Θανεῖται.
582 4594 693 4648 Καὶ
723 4594 954 4663 λήψεται
986 4593 1093 4645 ἀπὸ
1119 4592 1212 4645 τοῦ
1236 4593 1467 4662 αἵματος
1495 4591 1588 4644 τοῦ
1621 4591 1822 4663 μόσχου
1846 4632 1861 4657 ,

282 4686 380 4738 καὶ
404 4686 559 4754 ρανεῖ
585 4682 664 4752 τῷ
687 4681 935 4750 δακτύλῳ
961 4681 1020 4734 τὸ
1050 4681 1432 4753 θυσιαστήριον
1455 4700 1468 4713 θ
1503 4684 1656 4752 ρανεῖ
1690 4682 1860 4736 ἑπτά-

282 4795 376 4840 κις
403 4775 514 4830 άπὸ
542 4773 637 4826 τοῦ
671 4773 898 4843 αἵματος
941 4772 1019 4843 τῷ
1051 4773 1295 4844 δακτύλῳ
1338 4775 1523 4829 αὑτοῦ.
1563 4795 1581 4825 ι
1615 4776 1863 4845 Προσεπ-

284 4870 416 4936 ἀγει
448 4867 506 4918 δὲ
540 4864 750 4926 τούτοις
770 4880 783 4894 σ
828 4883 845 4914 ι
873 4865 979 4918 Καὶ
1010 4864 1200 4934 σφάξει
1228 4867 1318 4919 τον
1347 4866 1584 4938 χίμαρον
1614 4868 1741 4936 περὶ
1769 4866 1868 4937 τῆς

285 4958 571 5029 ἁμαρτίας
598 4958 691 5011 τὸν
718 4956 870 5027 παρὰ
899 4956 990 5010 τοῦ
1017 4956 1147 5011 λαοῦ
1174 4957 1352 5013 ἔναντι
1381 4960 1473 5012 τοῦ
1511 4959 1737 5029 Κυρίου,
1774 4958 1869 5011 καὶ

290 5051 517 5104 εἰσοίσει
550 5048 661 5104 ἀπὸ
699 5048 793 5102 τοῦ
833 5050 1064 5119 αἵματος
1090 5049 1253 5104 αὐτοῦ
1277 5049 1543 5121 ἐσώτερον
1568 5050 1663 5103 τοῦ
1702 5068 1872 5104 κατα-

289 5141 675 5212 πετάσματος·
707 5141 800 5195 καὶ
844 5143 1055 5213 ποιήσει
1087 5141 1149 5195 τὸ
1188 5137 1329 5212 αἷμα
1361 5141 1546 5205 αὑτοῦ,
1583 5143 1643 5195 ὃν
1675 5143 1875 5213 τρόπον

294 5234 519 5305 ἐποίησε
547 5235 610 5288 τὸ
640 5229 777 5305 αἷμα
819 5235 911 5288 τοῦ
952 5236 1173 5306 μόσχου.
1222 5253 1242 5286 ι
1271 5234 1380 5288 Καὶ
1407 5234 1565 5287 ταυτὶ
1604 5234 1669 5304 δὴ
1705 5234 1876 5287 ταῦτα

289 5327 631 5396 προστέταχε
696 5327 970 5396 γενέσθαι,
1013 5326 1154 5396 ὑπὲρ
1197 5326 1292 5379 τοῦ
1338 5324 1685 5391 ἐξιλάσασθαί
1733 5343 1872 5395 φημι

292 5418 439 5489 ὑπὲρ
466 5417 575 5469 τῶν
619 5417 974 5489 άκαθαρσιῶν
1014 5416 1122 5468 τῶν
1163 5416 1292 5469 υἱῶν
1355 5415 1589 5486 Ἰσραὴλ,
1626 5417 1876 5486 καὶπερὶ

295 5508 489 5561 πισῶν
521 5509 629 5561 τῶν
658 5510 943 5579 ἁμαρτιῶν
978 5508 1176 5562 αὐτῶν.
1222 5509 1553 5577 Κατεχρίετο
1587 5509 1642 5560 δὲ
1669 5509 1745 5578 τῷ
1786 5511 1873 5561 αἶς

373 5686 392 5716 ⁷
432 5686 590 5742 Joan.
625 5702 733 5754 xw,
764 5686 814 5740 6.
895 5687 914 5717 ⁸
938 5685 1093 5761 Rom.
1124 5701 1174 5750 κ,
1203 5685 1255 5738 ι.
1333 5685 1351 5716 ’
1384 5685 1556 5741 Levit.
1586 5704 1692 5747 xvi.
1728 5688 1882 5743 3-10.

1969 4507 2231 4576 sanguine
2265 4504 2435 4574 digito
2458 4518 2557 4557 suo
2584 4502 2646 4555 ¹⁰.
2674 4522 2691 4552 ι
2726 4500 2890 4554 Addit
2913 4507 3094 4553 autem
3122 4499 3208 4552 his
3233 4515 3244 4551 :
3278 4518 3295 4548 ι
3320 4497 3544 4550 llirculn

1969 4617 2070 4672 pro
2096 4607 2322 4669 peccato
2349 4595 2534 4666 pepuli
2564 4592 2823 4648 mactabit
2860 4606 3044 4645 coram
3096 4589 3350 4651 Domino,
3377 4594 3433 4641 et
3459 4587 3545 4640 in—

1970 4693 2111 4746 feret
2155 4691 2474 4761 sanguinem
2498 4689 2618 4757 ejus
2664 4687 2809 4740 intra
2844 4685 3059 4748 velum,
3106 4682 3378 4751 facietque
3421 4694 3545 4732 cum

1972 4783 2235 4853 sanguine
2274 4781 2437 4851 hujus
2462 4779 2606 4835 sicut
2642 4778 2771 4833 fecit
2797 4793 2921 4832 cum
2945 4776 3211 4846 sanguine
3241 4772 3400 4827 vituli
3426 4772 3488 4824 ".
3523 4790 3541 4820 ι

1975 4876 2151 4946 Atque
2191 4874 2308 4929 haec
2350 4881 2544 4928 cuncta
2577 4870 2693 4926 ﬁeri
2720 4869 2994 4925 ordinavit
3021 4910 3035 4933 ,
3077 4875 3135 4921 ut
3161 4863 3418 4920 sacerdos
3451 4861 3550 4916 de-

1977 4975 2296 5039 precaretur
2314 4973 2370 5019 et
2392 4971 2576 5019 oraret
2601 4979 2701 5033 pro
2725 4960 3088 5015 immunditiis
3104 4958 3339 5010 ﬁliorum
3364 4955 3548 5017 Israel,

1978 5071 2033 5116 et
2051 5074 2150 5130 pro
2172 5057 2430 5113 omnibus
2447 5055 2687 5125 peccatis
2712 5053 2845 5106 suis.
2874 5050 3189 5119 Ungebatur
3210 5053 3392 5101 autem
3423 5061 3552 5099 san-

1980 5152 2143 5223 guine
2166 5149 2355 5211 vituli,
2387 5154 2443 5200 et
2466 5146 2598 5199 item
2644 5142 2816 5204 hirci,
2854 5155 2963 5193 non
2999 5139 3175 5192 solum
3219 5136 3551 5206 propitiato-

1983 5222 2126 5295 rium
2150 5247 2313 5305 atque
2343 5235 2594 5288 intimum
2624 5227 3057 5289 tabernaculum,
3094 5226 3200 5279 hoc
3221 5232 3325 5288 est,
3357 5222 3555 5278 Sancta

1983 5338 2296 5385 sanctorum
2318 5366 2330 5388 ,
2376 5324 2469 5378 sed
2508 5323 2673 5377 etiam
2702 5321 2879 5389 ipsum
2913 5317 3085 5370 altare
3127 5316 3464 5371 oblationum
3500 5315 3556 5368 in

1985 5421 2161 5489 primo
2215 5413 2589 5469 tabernaculo.
2625 5411 2713 5464 Ait
2737 5410 2884 5463 enim
2909 5422 3135 5461 rursus:
3170 5427 3186 5458 ι
3217 5407 3283 5461 Ει
3309 5404 3557 5475 egredie-

1987 5522 2074 5565 tur
2098 5511 2162 5564 ad
2216 5509 2387 5562 altare
2418 5504 2563 5573 quod
2594 5513 2673 5556 est
2718 5516 2900 5554 coram
2931 5500 3180 5562 Domino,
3212 5508 3265 5555 et
3295 5497 3560 5566 depreca-

1971 5691 2008 5721 ¹⁰
2034 5690 2191 5744 ὶὺίιι..
2225 5688 2391 5742 12-14
2483 5685 2519 5715 ¹¹
2564 5683 2721 5737 ibitl..
2758 5682 2840 5736 15.
