4094 6282
488 259 597 316 583

1486 250 1540 304 S.
1580 248 1854 304 CYRILLl
1892 246 2363 305 ALEXANDMNI
2403 247 2718 303 ARCHIEP.

3637 249 3742 306 534

485 371 635 428 bitur
666 369 722 424 in
763 383 860 434 eo,
905 365 1244 436 accipietque
1285 363 1355 418 dc
1411 363 1678 432 sanguine
1710 362 1869 416 vituli
1892 370 2056 430 atque

2168 381 2294 435 ματι
2325 363 2418 416 τοῦ
2449 380 2506 415 τε
2539 362 2763 432 μόσχου,
2819 359 2911 413 καί
2955 359 3060 431 μὴν
3096 359 3188 412 καὶ
3211 358 3302 411 τοῦ
3334 363 3590 431 χιμάρου,
3619 365 3742 432 of”)

489 462 648 525 hirci,
685 475 850 530 quem
879 459 1123 526 imponet
1168 471 1336 525 super
1362 469 1569 509 cornua
1615 453 1822 516 altaris,
1863 454 1918 508 in
1946 453 2061 507 cir-

487 555 658 608 cuitu.
694 552 759 604 Et
785 557 1038 618 asperget
1068 548 1124 601 in
1155 546 1333 616 ipsum
1371 547 1440 600 de
1465 546 1732 616 sanguine
1757 545 1931 616 digito
1963 559 2063 600 suo

487 643 713 712 septies,
745 649 875 694 tunc
903 639 1219 708 puriﬁcabit
1249 638 1429 708 ipsum
1456 679 1471 703 ,
1505 648 1562 693 et
1594 636 1963 691 sanctiﬁcabit
1997 637 2066 692 ab

487 729 850 784 immunditiis
890 728 1126 783 ﬁliorum
1177 729 1343 783 Israel
1368 729 1431 781 ¹¹.
1473 746 1491 779 ›
1521 727 1688 782 Addit
1733 735 1916 781 autem
1941 743 2066 780 rur-

485 837 578 876 sus
609 822 694 875 his
728 839 740 873 :
775 840 792 872 ‹
825 821 893 875 Ει
917 821 1153 875 adducet
1179 821 1395 874 hircum
1430 818 1706 873 viventem
1733 859 1748 883 ,
1790 818 2063 887 imponet-

485 930 590 983 que
617 913 797 967 Aaron
831 913 968 966 duas
992 927 1185 966 manus
1223 927 1350 966 suas
1373 911 1428 965 in
1457 920 1620 980 caput
1642 910 1782 964 hirci
1806 910 2060 964 viventis.

485 1006 550 1060 Et
578 1004 930 1059 conﬁtebitur
967 1020 1133 1073 super
1159 1004 1334 1072 ipsum
1391 1002 1676 1056 universas
1737 1000 2063 1070 iniquitates

486 1096 721 1158 ﬁliorum
761 1095 948 1157 Israel,
987 1094 1146 1163 372
1175 1107 1474 1161 omnesque
1499 1089 1817 1160 injustitias,
1855 1098 1910 1142 et
1942 1103 2062 1142 om—

487 1187 574 1240 nia
601 1193 823 1256 peccata
859 1187 1119 1254 ipsorum.
1141 1185 1209 1238 Et
1241 1185 1487 1252 imponet
1511 1184 1628 1252 ipsa
1652 1183 1706 1235 in
1732 1190 1895 1251 caput
1926 1180 2067 1235 hirci
2122 1225 2133 1242 .

488 1277 740 1339 viventis,
771 1275 1095 1343 emittetque
1131 1275 1311 1343 ipsum
1341 1289 1438 1342 per
1475 1288 1696 1326 manum
1725 1271 1966 1325 hominis
1997 1270 2066 1324 ad

487 1367 590 1420 hoc
640 1366 815 1435 parati
871 1365 925 1418 in
974 1364 1274 1418 desertum.
1326 1364 1392 1417 Et
1422 1363 1662 1432 portabit
1688 1362 1878 1416 hircus
1919 1361 1974 1414 in
2006 1375 2065 1414 se

486 1472 674 1510 omnes
699 1455 1017 1524 iniquitates
1062 1471 1255 1508 eorum
1300 1454 1357 1508 in
1385 1454 1614 1517 inviuml
1647 1453 1853 1508 ctenim
1883 1451 2068 1505 mittet

486 1547 698 1600 hircum
729 1546 784 1599 in
806 1545 1086 1599 desertum
1106 1545 1168 1597 ¹³.
1210 1564 1228 1594 ι

2165 455 2325 526 μόνον
2367 453 2430 506 τὸ
2480 452 2814 520 ἱλαστήριον,
2864 451 2958 502 καὶ
3007 452 3039 520 ἡ
3083 449 3327 519 ἐσωτέρα
3375 450 3567 520 σκηνὴ,
3628 469 3745 506 του-

2163 547 2334 612 τέστι,
2365 545 2434 599 τὰ
2477 545 2644 612 "Avia
2671 542 2778 595 τῶν
2817 542 3007 610 ἁγίων,
3036 541 3174 595 ἀλλὰ
3220 541 3314 592 καὶ
3362 541 3492 596 αὐτὸ
3537 544 3597 596 τὸ
3633 546 3744 600 τῶν

2163 633 2552 707 καρπωμάτων
2593 631 3012 700 θυσιαστήριον,
3065 633 3124 685 ἐν
3173 634 3239 702 τῇ
3296 631 3490 705 πρώτῃ
3545 639 3739 707 σκηνῇ.

2169 728 2311 796 Ἔφη
2354 724 2463 797 γὰρ
2493 723 2690 777 πάλιν⁹
2730 741 2749 774 ι
2789 724 2900 777 Καὶ
2930 722 3268 788 ἐξελεύσεται
3318 724 3410 777 ἐπὶ
3445 725 3509 777 τὸ
3557 725 3747 781 θυσια-

2172 818 2392 887 στήριον
2423 814 2482 866 τὸ
2512 813 2776 868 ἀπέναντι
2806 811 3038 880 Κυρίου,
3082 813 3177 866 καί.
3204 811 3510 876 ἐξιλάσεται
3538 817 3625 868 ἐπ’
3652 819 3750 870 αύ-

2169 906 2263 961 τοῦ
2287 923 2300 936 ⁸
2339 906 2435 958 καὶ
2455 905 2684 975 λήψεται
2718 903 2825 956 ἀπὸ
2861 902 2957 955 τοῦ
2989 903 3220 972 αἵματος
3257 903 3352 955 τοῦ
3387 906 3612 974 μόσχου,
3651 909 3750 960 καὶ

2170 997 2276 1051 ἀπὸ
2319 995 2412 1049 τοῦ
2457 996 2684 1065 αἵματος
2712 993 2807 1047 τοῦ
2851 995 3108 1064 χιμάρου,
3149 993 3244 1048 καὶ
3275 995 3524 1066 ἐπιθήσει
3556 997 3648 1049 ἐπὶ
3680 1000 3750 1050 τὰ

2169 1089 2374 1160 κέρατα
2403 1086 2498 1140 τοῦ
2533 1085 2926 1156 θυσιαστηρίου
2970 1083 3268 1136 κύκλωθεν.
3311 1086 3422 1138 Καὶ
3470 1089 3621 1155 pave?
3659 1089 3748 1138 ἐπ’

2173 1176 2303 1229 αὐτὸ
2331 1175 2439 1228 ἀπὸ
2474 1172 2568 1226 τοῦ
2615 1173 2845 1243 αἵματος
2881 1172 2960 1242 τῷ
3001 1172 3250 1242 δακτύλῳ
3290 1172 3456 1226 αὑτοῦ
3495 1175 3746 1238 ἑπτάκις,

2173 1269 2266 1322 καὶ
2296 1267 2588 1339 καθαρίσει
2611 1265 2764 1331 αὐτὸ,
2803 1265 2897 1318 καὶ
2927 1265 3143 1332 ἁγιάσει
3169 1265 3298 1318 αὐτὸ
3331 1266 3436 1318 ἀπὸ
3461 1265 3568 1320 τῶν
3612 1270 3750 1322 ἀκα-

2173 1356 2412 1428 θαρσιῶν
2449 1355 2556 1408 τῶν
2593 1354 2722 1408 υίῶν
2772 1353 3010 1424 Ἰσραήλ.
3051 1372 3068 1404 ι
3097 1355 3439 1425 Προσεπάγει
3468 1357 3522 1409 δὲ
3561 1358 3740 1409 πάλιν·

2177 1468 2195 1501 ι
2237 1450 2348 1504 Kal
2373 1446 2636 1520 προσάξει
2678 1447 2772 1500 τὸν
2818 1447 3050 1517 χίμαρον
3088 1446 3176 1499 τὸν
3204 1446 3403 1511 ζῶντα,
3436 1449 3530 1502 καὶ
3557 1449 3750 1520 ἐπιθή-

2072 1551 2084 1564 ‘
2175 1557 2258 1592 σει
2299 1538 2508 1610 ’Λαρὼν
2539 1537 2638 1602 τὰς
2666 1537 2760 1591 δύο
2797 1541 2985 1609 χεῖρας
3030 1537 3194 1592 αὑτοῦ
3242 1539 3334 1592 ἐπὶ
3372 1539 3470 1608 τὴν
3503 1541 3749 1610 κεφαλὴν

487 1639 576 1691 τοῦ
607 1638 840 1710 χιμάρου
869 1636 964 1690 τοῦ
1000 1637 1219 1700 ζῶντος.
1259 1637 1366 1691 Kal
1386 1636 1735 1708 ἐξαγορεύσει
1775 1637 1860 1690 ἐπ’
1889 1634 2056 1689 αὐτοῦ
2097 1633 2278 1714 πάσας
2304 1633 2403 1696 τὰς
2432 1632 2664 1703 ἀνομίας
2685 1633 2793 1685 τῶν
2825 1633 2958 1685 υἱῶν
3001 1631 3233 1704 Ἰσραὴλ,
3295 1636 3388 1688 καὶ
3417 1635 3592 1699 πάσας
3647 1637 3750 1697 τὰς

486 1731 700 1792 ἀδικίας
728 1729 927 1794 αὐτῶν,
956 1729 1050 1781 καὶ
1093 1730 1272 1792 πάσας
1308 1728 1404 1792 τὰς
1435 1727 1710 1801 ἁμαρτίας
1773 1727 1974 1783 αὐτῶν.
2043 1727 2154 1782 Kal
2190 1728 2441 1798 ἐπιθήσει
2480 1728 2648 1791 αὑτὰς
2690 1729 2783 1782 ἐπὶ
2819 1729 2916 1798 τὴν
2954 1729 3193 1800 κεφαλὴν
3232 1729 3324 1784 τοῦ
3371 1731 3604 1802 χιμάρου
3651 1731 3749 1784 τοῦ

487 1823 706 1888 ζῶντος,
741 1824 836 1875 καὶ
874 1823 1222 1886 ὲξαποστελεῖ
1260 1826 1316 1876 ἐν
1346 1823 1490 1893 χειρὶ
1533 1823 1819 1893 ἀνθρώπου
1848 1823 2065 1893 ἑτοίμου
2105 1823 2185 1886 εἰς
2251 1821 2351 1893 τὴν
2382 1821 2609 1893 ἔρημον.
2657 1823 2767 1876 Kal
2840 1822 3068 1893 λήψεται
3097 1826 3125 1876 6
3169 1824 3399 1894 χίμαρος
3440 1826 3525 1894 ἐφ’
3571 1823 3755 1894 ἐαυτῷ

486 1919 585 1983 τὰς
623 1919 854 1990 ἀνομίας
889 1919 1068 1971 αὐτῶν
1095 1922 1174 1983 εἰς
1205 1919 1303 1990 τὴν
1339 1919 1557 1984 ἄϐατον,
1593 1921 1688 1974 καὶ
1757 1919 2106 1986 ὲξαποστελεῖ
2143 1917 2234 1971 τὸν
2260 1918 2492 1989 χίμαρον
2514 1920 2593 1980 εἰς
2621 1918 2844 1988 ἔρημον.
2888 1938 2906 1970 ι

553 2015 607 2068 2.
636 2012 767 2080 Quae
806 2013 972 2084 igitur
994 2014 1050 2068 in
1079 2015 1219 2085 typis
1242 2030 1341 2084 per
1383 2017 1608 2070 oracula
1636 2016 1732 2070 Dei
1762 2016 1894 2071 olim
1927 2030 2059 2085 pro-

2233 2013 2300 2084 β’.
2336 2014 2519 2067 Ταῦτα
2564 2013 2662 2085 μὲν
2691 2010 2784 2068 οὖν
2837 2015 2894 2067 ἐν
2935 2013 3124 2076 τύποις
3156 2013 3561 2086 τεθεσπισμένα
3602 2015 3754 2069 κατὰ

486 2106 600 2160 dita
625 2112 774 2171 sunt,
799 2105 871 2159 ita
896 2120 954 2160 se
977 2105 1204 2165 habent,
1227 2115 1282 2159 ct
1316 2105 1394 2161 sic
1417 2107 1641 2176 quidem
1665 2114 1891 2176 peracta
1915 2115 2063 2161 sunt.

488 2197 778 2265 Postquam
831 2212 964 2250 vero
1012 2196 1277 2265 praeteriit
1319 2198 1553 2262 umbra,
1599 2208 1655 2252 et
1712 2198 2070 2253 correctionis

487 2299 703 2357 tempus
733 2288 955 2342 advenit
981 2329 994 2350 ,
1041 2288 1273 2358 agedum
1297 2330 1311 2352 ,
1337 2304 1456 2359 age,
1484 2289 1871 2345 subtilioribus
1901 2299 2068 2359 atque

487 2378 834 2447 politioribus
861 2378 1288 2447 cogitationibus
1312 2388 1552 2444 utentes,
1582 2395 1806 2448 scopum
1836 2380 1973 2451 legis
1999 2379 2066 2433 ad

485 2467 687 2522 Christi
734 2467 1055 2538 mysterium
1102 2468 1517 2527 transferamus.
1552 2490 1569 2521 ι
1598 2471 1886 2540 Ingressus
1918 2470 2066 2525 enim

484 2570 569 2615 est
595 2561 765 2616 semel
807 2561 861 2613 in
896 2559 1092 2614 Sancta
1121 2569 1434 2615 sanctorum
1461 2562 1725 2615 Dominus
1757 2571 1945 2616 noster
1979 2562 2068 2616 1ο-

485 2666 579 2704 sus
610 2649 883 2714 Christus,
912 2659 1115 2704 mterna
1143 2651 1519 2720 redemptione
1558 2651 1781 2706 inventa
1811 2651 1873 2705 “.
1909 2671 1925 2702 ι
1953 2651 2068 2706 Cas-

487 2749 666 2794 terum
713 2741 767 2794 in
809 2741 1073 2811 sanguine
1122 2741 1315 2796 aeterni
1372 2744 1706 2808 testamenti,
1763 2758 1941 2812 neque
1968 2758 2066 2813 per

483 2833 801 2903 sanguinem
850 2831 1131 2886 hircorum
1191 2841 1249 2886 et
1291 2832 1625 2898 vitulorum,
1676 2833 1772 2888 sed
1803 2849 1901 2903 per
1935 2847 2066 2903 pro-

482 2923 664 2992 prium
694 2922 1016 2992 sanguinem
1056 2921 1260 2976 delevit
1297 2930 1583 3000 peccatum
1618 2923 1828 2978 mundi.
1865 2923 2068 2978 Immo—

481 3013 624 3068 latus
656 3013 804 3068 enim
823 3023 908 3068 est
938 3029 1047 3068 non
1075 3029 1175 3084 pro
1205 3029 1326 3079 suo,
1358 3013 1452 3068 sed
1477 3030 1576 3083 pro
1608 3023 1800 3070 nostro
1819 3023 2062 3085 peccato.

485 3103 794 3174 Sequemur
816 3105 1001 3174 itaque
1028 3105 1316 3174 perspicue
1341 3106 1636 3160 admodum
1661 3107 1886 3162 umbras
1909 3108 2065 3178 legis.

483 3196 614 3250 Erat
643 3197 826 3260 enim,
873 3204 929 3250 ct
981 3197 1202 3266 quidem
1247 3199 1630 3263 vehementer,
1667 3200 2025 3267 {conveniens
2052 3241 2066 3266 ,

486 3295 579 3340 aut
610 3287 794 3354 potius
822 3287 1215 3350 necessarium,
1251 3294 1312 3340 ut
1338 3287 1563 3342 divinus
1595 3288 1777 3343 Aaron
1811 3306 1912 3359 pro
1938 3306 2068 3360 pro-

488 3350 627 3444 priis
665 3377 988 3444 ignorantiis
1029 3377 1238 3431 hostias
1270 3377 1511 3431 oﬁ‘crret.
1541 3378 1663 3432 Non
1707 3350 1856 3433 enim
1902 3350 2068 3436 debet
2097 3350 2138 3408 Ο

491 3467 717 3536 intelligi
745 3482 944 3536 expers
973 3467 1208 3536 peccati,
1243 3483 1366 3521 cum
1401 3467 1569 3523 fuerit
1594 3468 1778 3524 homo.
1812 3470 1872 3525 In
1909 3470 2070 3526 Chri-

383 3605 390 3612 .
486 3569 632 3611 stum
676 3572 808 3612 vero
841 3557 978 3610 nihil
1025 3559 1132 3612 tale
1181 3557 1348 3611 cadit.
1381 3557 1608 3612 Multum
1650 3560 2070 3632 abest:quippc

484 3647 580 3716 qui
606 3656 863 3717 tanquam
893 3648 1038 3701 Deus
1063 3657 1254 3717 suapte
1283 3657 1479 3702 natura
1508 3649 1580 3703 sit
1609 3666 1807 3721 expers
1836 3654 2066 3721 peccati.

485 3741 598 3793 lino
627 3757 758 3796 vere
807 3741 861 3794 in
907 3741 1026 3811 ipso
1071 3749 1126 3795 et
1158 3757 1258 3810 per
1285 3741 1463 3813 ipsum
1492 3752 1576 3798 est
1605 3744 1773 3798 etiam
1822 3725 2074 3816 ipsorum

485 3845 798 3886 sanctorum
819 3831 1132 3902 purificatio
1152 3872 1166 3897 ,
1186 3832 1563 3900 sacerdotum,
1619 3835 1870 3905 inquam,
1905 3837 2070 3892 simul

484 3932 539 3976 et
573 3925 920 3992 populorum.
951 3923 1086 3979 Vide
1125 3923 1273 3979 cnim
1303 3939 1413 3993 quo
1433 3933 1595 3994 pacto
1619 3926 1802 3982 Aaron
1832 3926 2069 3982 hostiam

486 4012 539 4064 in
565 4012 784 4067 Christo
812 4011 1144 4068 intellectam
1191 4023 1247 4068 et
1274 4013 1505 4068 odorem
1549 4016 1837 4072 suavitatis
1867 4018 2072 4074 intelli-

489 4101 710 4170 gibilcm
761 4101 816 4154 in
857 4101 1098 4155 victimis
1136 4117 1236 4170 pro
1263 4116 1320 4156 se
1352 4101 1647 4157 describat.
1678 4103 1898 4160 Vitulus
1919 4105 2069 4159 enim

487 4199 677 4244 eratet
697 4191 840 4244 a’ries
873 4192 928 4244 in
954 4192 1356 4246 holocaustum.
1394 4194 1726 4265 lntelligitur
1755 4211 1922 4265 porro
1949 4213 2072 4251 rur-

491 4295 612 4336 sum
643 4296 742 4348 pcr
791 4282 1026 4335 vitulum
1068 4282 1342 4338 Christus.
1389 4285 1526 4338 Nam
1564 4301 1686 4355 quae
1728 4302 1830 4356 pro
1867 4287 2072 4343 sanctis

489 4371 799 4426 offeruntur
815 4373 946 4435 Deo,
963 4373 1145 4441 opima
1181 4382 1330 4438 sunt,
1360 4383 1418 4430 et
1439 4376 2070 4446 opulentissimisacriﬁ—

488 4464 701 4519 ciorum
724 4463 892 4516 modi.
927 4464 1156 4518 Sacrum
1179 4476 1361 4522 autem
1384 4467 1584 4522 animal
1608 4475 1664 4521 et
1697 4468 1924 4538 reliquis
1948 4483 2070 4523 om-

487 4553 652 4608 nibus
675 4568 797 4622 quaa
826 4552 892 4606 ad
931 4553 1350 4610 sacriﬁcandum
1389 4565 1515 4626 apta
1564 4567 1694 4612 sunt
1721 4557 2068 4626 praestantior

487 4651 572 4698 est
605 4642 830 4698 vitulus.
882 4641 1227 4713 Quapropter
1259 4646 1466 4700 vitulus
1496 4647 1932 4702 subindicaverit
1963 4663 2065 4702 no-

487 4731 575 4788 bis
604 4731 858 4785 sacrilicii
889 4731 1309 4800 perfectionem.
1343 4735 1503 4788 Aries
1541 4743 1720 4790 autem
1758 4751 1951 4790 rursus
1977 4735 2059 4790 of-

488 4822 664 4877 fertur
712 4823 767 4878 in
801 4823 1203 4888 holocaustum,
1234 4826 1361 4894 quia
1387 4827 1652 4882 Dominus
1680 4837 1868 4883 noster
1905 4829 2063 4886 Jesus

489 4913 740 4969 Christus
760 4916 872 4970 Deo
897 4924 954 4970 et
980 4915 1130 4971 Patri
1172 4915 1350 4972 factus
1369 4927 1453 4972 est
1484 4919 1540 4972 in
1577 4918 1804 4973 odorem
1823 4921 2062 4975 suavita-

493 5005 580 5069 tis,
609 5015 798 5076 utpote
835 5008 929 5076 qui
957 5008 1012 5062 in
1046 5009 1227 5080 seipso
1270 5009 1735 5065 abominationem
1765 5022 1821 5066 et
1851 5011 2067 5068 foedita-

492 5108 600 5151 tem
627 5099 834 5167 peccati
870 5116 970 5171 pro
996 5099 1202 5156 mundo
1241 5099 1574 5156 dissolverit.
1611 5099 1850 5157 Observa
1879 5111 2060 5158 autem

491 5189 767 5256 quomodo
807 5191 1186 5261 praescriptum
1230 5190 1302 5246 sit
1331 5192 1532 5248 Aaroni
1567 5203 1629 5248 ut
1672 5194 1878 5264 quibus
1922 5203 2062 5249 tem-

493 5280 716 5347 poribus
753 5281 1057 5351 ingreditur
1091 5282 1288 5338 Sancta
1335 5292 1670 5349 sanctorum,
1709 5294 1767 5340 et
1809 5294 2063 5340 accurate

493 5372 700 5441 peragit
726 5372 993 5427 sacriﬁcia
1031 5390 1130 5442 pro
1156 5375 1272 5430 suis
1299 5375 1656 5446 ignorantiis,
1692 5387 1806 5433 tum
1851 5387 2062 5446 tempo-

496 5461 572 5515 ris
625 5463 680 5516 in
720 5463 912 5516 habitu
955 5465 1254 5532 pontiﬁcali
1295 5483 1403 5521 non
1448 5467 1610 5538 373
1650 5468 2062 5538 conspiciatur;

569 5630 610 5661 ¹²
661 5633 836 5688 Levit.
876 5652 981 5699 xw,
1012 5638 1092 5702 l8,
1139 5640 1219 5695 l9.
1301 5641 1343 5672 ¹³
1386 5642 1521 5696 ibid.
1590 5642 1678 5709 ΞΟ,
1715 5642 1804 5699 21.

2172 2106 2384 2177 καιρὸν,
2417 2101 2518 2160 ὦδέ
2552 2123 2612 2159 τε
2637 2107 2770 2177 ἔχει,
2803 2106 2896 2160 καί
2934 2105 2998 2177 δὴ
3028 2107 3122 2159 καὶ
3161 2107 3478 2178 ἐπράττετο.
3527 2106 3753 2180 Ἐπειδὴ

2169 2197 2225 2251 δὲ
2252 2197 2582 2268 παρῴχηκεν
2623 2199 2655 2267 ἠ
2693 2197 2842 2260 σκιὰ,
2871 2199 2964 2250 καὶ
2994 2199 3021 2250 ό
3054 2199 3150 2268 τῆς
3188 2197 3522 2268 διορθώσεως
3551 2199 3749 2271 ἐνέστη

2170 2290 2382 2356 καιρὸς,
2416 2287 2548 2358 φέρε
2575 2287 2660 2357 δὴ,
2690 2288 2821 2358 φέρε
2864 2287 3086 2350 λεπταῖς
3114 2289 3208 2340 καὶ
3247 2289 3612 2352 ἀστειοτάτοις
3655 2291 3753 2341 ὲν-

2170 2375 2339 2438 νοίαις
2381 2376 2676 2446 χρώμενοι,
2707 2375 2798 2429 τὸν
2830 2375 2924 2428 τοῦ
2971 2376 3136 2446 νόμου
3185 2375 3382 2429 σκοπὸν
3423 2376 3514 2428 ἐπὶ
3550 2375 3610 2428 τὸ
3651 2375 3752 2428 τοῦ

2168 2463 2405 2536 Χριστοῦ
2435 2450 2727 2536 μυστήριον
2769 2465 3256 2536 μεταπλάττωμεν.
3296 2485 3315 2517 ‹
3366 2465 3595 2536 Είσῆλθε
3645 2466 3751 2536 μὲν

2168 2559 2277 2629 γὰρ
2324 2559 2404 2622 εἰς
2443 2557 2512 2611 τὰ
2571 2559 2737 2627 Ἀγια
2773 2558 2882 2612 τῶν
2922 2559 3090 2627 ἁγίων
3145 2560 3228 2627 ἐφ’
3275 2558 3421 2624 ἅπαξ
3465 2563 3492 2612 6
3539 2559 3751 2631 Κύριος

2169 2648 2324 2720 ἡμῶν
2367 2647 2574 2719 Ἰησοῦς
2624 2649 2878 2720 Χριστὸς,
2927 2650 3148 2704 αἰωνίαν
3194 2650 3460 2720 λύτρωσιν
3508 2652 3750 2722 stipans-

2169 2757 2279 2803 νος.
2322 2760 2340 2792 ι
2377 2740 2526 2812 Πλὴν
2551 2741 2609 2794 ἐν
2648 2740 2839 2811 αἵματι
2882 2741 3146 2812 διαθήκης
3175 2742 3414 2806 αἰωνίου,
3451 2743 3546 2795 καὶ
3585 2742 3645 2794 ού
3674 2742 3749 2795 δι’

2169 2830 2400 2901 αἵματος
2430 2831 2647 2900 τράγων
2676 2831 2770 2885 καὶ
2809 2831 3043 2902 μόσχων,
3075 2832 3161 2886 διὰ
3193 2833 3248 2886 δὲ
3276 2833 3366 2886 τοῦ
3414 2834 3544 2886 ἰδίου
3582 2834 3748 2902 αἷμα-

2170 2937 2283 2986 τος,
2315 2921 2633 2991 ἀπαλείφων
2670 2923 2766 2992 τὴν
2794 2923 3072 2994 ἁμαρτίαν
3107 2925 3198 2976 τοῦ
3230 2926 3457 2994 κόσμου.
3513 2924 3750 2979 Τέθυται

2171 3011 2281 3084 γὰρ
2315 3013 2416 3084 οὐχ
2472 3014 2612 3085 ὑπὲρ
2639 3031 2702 3082 γε
2744 3015 2841 3084 τῆς
2879 3015 3074 3068 ἑαυτοῦ
3120 3017 3308 3078 ποθεν,
3339 3017 3453 3069 ἀλλ’
3481 3018 3616 3088 ὑπὲρ
3647 3020 3752 3087 τῆς

2172 3101 2328 3172 ἡμῶν
2355 3103 2649 3174 σωτηρίας.
2679 3103 2949 3174 Ἑψόμεθα
2977 3105 3040 3177 δὴ
3070 3101 3270 3160 οὖνκαὶ
3301 3109 3490 3172 αὑταῖς
3520 3105 3577 3162 εὖ
3606 3111 3754 3180 μάλα

2171 3194 2290 3255 ταῖς
2316 3192 2409 3245 τοῦ
2451 3193 2616 3263 νόμου
2668 3198 2868 3260 σκιαῖς,
2913 3192 3020 3248 Ἦν
3070 3198 3164 3266 μὲν
3200 3198 3293 3250 καί
3335 3199 3537 3271 σφόδρα
3576 3200 3752 3265 εἰκὸς,

2179 3281 2378 3351 μᾶλλον
2394 3283 2451 3334 δὲ
2474 3284 2569 3336 καὶ
2592 3285 2907 3352 ἀναγκαῖον,
2937 3286 3027 3340 τὸν
3053 3285 3338 3341 θεσπέσιον
3369 3288 3578 3359 ’Λαρὼν
3605 3290 3753 3362 ὑπὲρ

2172 3371 2282 3423 τῶν
2315 3372 2461 3425 ἰδίων
2495 3374 2854 3444 ἀγνοημάτων
2891 3375 3079 3429 θυσίαν
3124 3380 3477 3449 προσφέρειν.
3514 3380 3588 3432 Ub
3643 3383 3755 3451 γὰρ

2174 3459 2240 3512 ἂν
2278 3463 2447 3513 νοοῖτο
2475 3462 2710 3531 γεγονὼς
2746 3465 2840 3518 τοῦ
2877 3466 3217 3537 πλημμελεῖν
3261 3472 3317 3524 ἐν
3347 3471 3628 3540 ἀμείνοσιν
3664 3475 3757 3526 ἄν-

2173 3547 2387 3616 θρωπος
2427 3549 2524 3603 ὢν.
2551 3552 2771 3623 Χριστῷ
2796 3554 2852 3606 δὲ
2880 3555 3064 3607 οὐκέτι
3103 3555 3162 3608 τὸ
3196 3557 3434 3612 τοιοῦτον
3475 3558 3714 3628 ἁρμόσει
3741 3577 3754 3588 ·

2173 3639 2368 3693 πολλοῦ
2399 3658 2461 3710 γε
2485 3642 2579 3695 καὶ
2602 3643 2700 3696 δεῖ.
2731 3645 3264 3716 Καταπεπλούτηκεν
3288 3648 3396 3719 γὰρ
3427 3651 3482 3702 ἐν
3520 3649 3628 3721 ἰδίᾳ
3655 3649 3758 3719 φύε

2175 3748 2260 3784 σει
2283 3732 2348 3784 τὸ
2371 3732 2729 3804 ἀπλημμελὲς
2754 3737 2829 3799 ὡς
2857 3736 3008 3800 Θεός.
3037 3739 3186 3809 Πλὴν
3211 3740 3266 3793 ἐν
3289 3739 3436 3809 αὐτῷ
3469 3757 3528 3792 τε
3556 3741 3662 3794 καλ.
3688 3742 3757 3794 δι’
3787 3763 3792 3768 ·

2173 3821 2359 3888 αὑτοῦ,
2381 3824 2474 3876 καὶ
2501 3825 2680 3878 αὐτῶν
2702 3826 2810 3878 τῶν
2833 3829 3230 3900 ἡγιασμένοινὴ
3253 3831 3537 3901 κάθαρσις,
3558 3831 3760 3904 ἱερέων

2169 3914 2231 3968 τέ
2260 3932 2425 3986 φημι,
2461 3917 2681 3990 καὶμὴν
2712 3920 2805 3974 καί
2831 3921 2995 3975 λαῶν.
3028 3923 3137 3976 Θέα
3166 3923 3274 3994 γὰρ
3298 3925 3445 3988 ὅπως
3472 3926 3499 3977 6
3535 3925 3759 3998 Ἀαρὼν

2169 4006 2268 4078 τὴν
2289 4009 2345 4061 ἐν
2370 4009 2590 4080 Χριστῷ
2612 4011 2904 4082 νοουμένην
2935 4012 3124 4068 θυσίαν
3146 4015 3238 4067 καὶ
3267 4016 3462 4086 νοητὴν
3490 4015 3761 4087 εὐοσμίαν

2169 4099 2228 4153 ἐν
2259 4101 2372 4162 τοῖς
2410 4099 2550 4170 ὑπὲρ
2581 4101 2746 4154 αὑτοῦ
2788 4101 3023 4172 θύμασιν
3061 4105 3482 4160 ύποπλάττεται.
3531 4107 3758 4178 Μόσχος

2171 4187 2279 4260 γὰρ
2305 4184 2373 4260 ἦν
2407 4190 2501 4244 καὶ
2525 4191 2676 4262 κριὸς
2697 4193 2777 4255 είς
2801 4193 3182 4248 ὁλοκαύτωσιν.
3226 4197 3445 4250 Νοεῖται
3487 4197 3545 4250 δὲ
3587 4201 3759 4253 πάλιν

2170 4281 2246 4345 ὡς
2274 4281 2330 4335 ἐν
2355 4299 2418 4350 γε
2440 4281 2518 4353 τῷ
2551 4283 2734 4353 μόσχῳ
2757 4285 3011 4353 Χριστός.
3054 4287 3369 4358 Ἀμφιλαφῆ
3405 4289 3514 4358 γὰρ
3541 4288 3668 4342 λίαν
3690 4290 3757 4344 τὰ

2172 4374 2313 4444 ὑπὲρ
2343 4371 2516 4442 ἁγίων
2554 4375 3032 4446 προσκομιζόμενα
3071 4377 3148 4449 τῷ
3189 4378 3328 4449 Θεῷ,
3363 4381 3458 4432 καὶ
3502 4380 3755 4434 πλούσιοι

2173 4464 2378 4533 σφόδρα
2409 4463 2518 4517 τῶν
2557 4467 2815 4519 τοιούτων
2847 4470 2894 4520 oi
2925 4470 3138 4540 τρόποι.
3183 4470 3351 4542 Ἱερὸν
3377 4471 3433 4524 δὲ
3461 4471 3619 4536 ζῶον,
3657 4474 3755 4526 καὶ

2169 4555 2280 4608 τῶν
2306 4554 2481 4608 ἄλλων
2503 4555 2760 4610 ἁπάντων
2785 4559 2891 4610 τῶν
2913 4561 2992 4622 εἰς
3017 4559 3207 4614 θυσίαν
3223 4561 3567 4632 ἐπιτηδείων,
3587 4564 3757 4632 ὑπερ·

2170 4645 2417 4714 κείμενον
2442 4645 2504 4697 τὸ
2523 4645 2616 4698 τοῦ
2649 4649 2848 4718 μόσχου
2876 4652 3086 4722 χρῆμα.
3115 4653 3324 4709 Οὐκοῦν
3348 4655 3446 4725 τῆς
3475 4654 3672 4720 θυσίας
3694 4658 3756 4709 τὸ

2167 4737 2370 4789 τέλειον
2394 4737 2765 4808 ὑπεμφήνοιεν
2799 4741 2866 4794 ἂν
2905 4745 3038 4812 ἡμῖν
3067 4745 3096 4796 6
3120 4745 3337 4815 μόσχος.
3377 4747 3546 4817 Κριὸς
3565 4747 3626 4799 δὲ
3656 4748 3757 4801 πά·

2168 4826 2250 4880 λιν
2271 4829 2349 4890 εἰς
2383 4826 2766 4895 ὁλοκαύτωσιν,
2796 4833 2984 4901 γέγονε
3014 4833 3122 4905 γὰρ
3157 4835 3236 4897 εἰς
3262 4837 3439 4908 ὀσμὴν
3463 4837 3700 4901 εὐωδίας
3726 4841 3755 4891 6

2168 4921 2372 4992 Κύριος
2405 4923 2561 4994 ἡμῶν
2611 4923 2817 4992 Ἰησοῦς
2859 4926 3113 4994 Χριστὸς,
3142 4927 3220 4997 τῷ
3249 4928 3367 4998 Θεῷ
3403 4930 3496 4982 καὶ
3530 4931 3717 4999 Πατρί
3740 4945 3753 4959 ³

2167 5011 2225 5064 τὸ
2249 5014 2409 5066 οἱονεὶ
2436 5013 2688 5084 βδελυρόν
2710 5031 2770 5066 τε
2808 5014 2901 5068 καὶ
2927 5015 3206 5086 κάκοσμον
3227 5019 3324 5088 τῆς
3357 5019 3634 5089 ἁμαρτίας
3658 5020 3752 5073 τοῦ

2167 5103 2372 5173 κόσμου
2435 5103 2727 5175 παραλύων
2790 5108 2846 5157 ἐν
2904 5106 3100 5176 ἑαυτῷ.
3164 5109 3440 5179 Ἐπιτήρει
3484 5110 3538 5163 δέ
3599 5112 3756 5174 ὅπως

2167 5195 2637 5264 προστεταγμένος
2681 5197 2709 5248 6
2771 5195 2982 5268 Ἃαρὼν
3017 5200 3116 5268 τὴν
3161 5201 3239 5261 εἰς
3287 5200 3353 5253 τὰ
3408 5201 3576 5268 ’Ἅγια
3640 5201 3754 5254 τῶν

2166 5288 2335 5354 ἁγίων
2364 5288 2612 5359 εἰσϐολὴν
2654 5289 2926 5342 ποιεῖσθαι
2963 5290 3104 5343 κατὰ
3131 5292 3376 5360 καιροὺς,
3408 5294 3502 5344 καὶ
3539 5293 3757 5344 ἀποπε-

2170 5377 2375 5449 ραίνειν
2416 5375 2474 5431 εὖ
2518 5379 2662 5450 μάλα
2703 5381 2802 5444 τὰς
2837 5381 2976 5451 ὑπέρ
3014 5398 3078 5448 γε
3113 5383 3218 5436 τῶν
3267 5382 3410 5436 ἰδίων
3463 5384 3757 5452 ἁγνοημά·

2166 5486 2274 5522 των
2303 5469 2510 5538 θυσίας,
2548 5473 2649 5526 οὐκ
2693 5477 2750 5529 ἐν
2783 5475 2859 5548 τῷ
2905 5476 3004 5546 τῆς
3038 5477 3450 5549 ἀρχιερωσύνης
3498 5478 3757 5551 σχήματι

1885 5644 1928 5675 ¹⁵
1970 5643 2136 5699 Hebr.
2164 5659 2237 5712 Ix,
2275 5645 2358 5703 12.
