4094 6282
398 383 496 440 537
1388 379 1442 435 S.
1485 378 1758 435 CYRILLI
1798 379 2266 437 ALEXANDRINI
2306 380 2622 438 ARCHIEP.
3234 434 3239 439 .
3548 384 3650 441 5‘38

398 496 618 552 tebatur
638 504 857 566 peccata
889 492 1124 547 ﬁliorum
1157 491 1361 546 lsrael?
1385 491 1582 548 Annon
1617 493 1733 548 haec
1755 508 1845 547 res
1870 491 1968 546 de-

2085 491 2183 543 τῶν
2229 493 2541 561 ἀναγκαίων
2574 493 2652 554 εις
2690 491 2874 562 ὄνησιν
2909 491 3227 564 πεπραχότα
3263 492 3353 546 τδν
3414 492 3647 567 ’Δαρὼν,

395 587 505 641 lirii
555 586 777 641 demum
820 580 1052 638 extremi
1079 581 1239 651 plena
1289 581 1517 653 intelligi
1566 583 1751 649 debet,
1795 599 1972 654 neque

393 678 463 733 ab
488 678 766 748 impietate
802 674 1091 745 gentilium
1130 682 1186 728 et
1217 671 1647 744 cogitationibus
1687 676 1849 731 saevis
1874 692 1971 730 seu

394 766 633 821 sinistris
665 766 881 820 aliena?
903 764 1119 831 Quibus
1152 780 1287 821 vero
1308 805 1322 829 ,
1354 774 1449 822 aut
1486 767 1766 836 quomodo
1791 766 1970 825 ambi-

392 873 558 928 guum
595 857 701 910 erit
731 857 787 911 id
828 857 976 928 quod
1005 865 1113 910 tam
1147 864 1394 928 apertam
1425 872 1539 930 prae
1570 873 1627 911 se
1671 856 1776 913 fert
1825 858 1976 913 dam-

391 949 667 1005 nationem
690 948 715 1003 ?

464 1131 519 1185 3.
547 1132 687 1200 Quid
734 1130 900 1201 igitur
923 1131 1195 1201 signiﬁcat
1223 1131 1341 1186 haec
1373 1132 1503 1186 res?
1533 1131 1652 1186 Duo
1702 1132 1842 1187 hirci
1875 1124 1973 1187 ad-

396 1223 765 1285 ducebantur,
824 1222 1067 1292 pulchri,
1098 1230 1153 1277 et
1179 1221 1426 1291 ejusdem
1474 1221 1619 1275 inter
1656 1237 1714 1276 se
1762 1223 1973 1293 magni—

399 1314 627 1377 tudinis,
660 1313 822 1367 ambo
850 1312 1017 1367 σοιΕνί
1050 1311 1410 1382 ejusdemque
1438 1313 1660 1378 coloris,
1711 1314 1973 1385 neque'in

394 1420 671 1474 quoquam
699 1405 838 1459 alter
868 1404 1102 1458 alterum
1131 1403 1458 1467 excellebat,
1517 1413 1612 1457 aut
1643 1404 1824 1473 pretio
1864 1402 1973 1458 dif~

395 1493 641 1547 ferebat:
665 1499 844 1547 sortes
873 1500 1057 1545 autem
1070 1491 1334 1569 deinceps
1354 1491 1803 1547 inscribebantur
1830 1491 1972 1556 dum,

397 1600 519 1654 qua:
572 1584 794 1638 nomina
855 1583 1159 1648 hircorum,
1214 1593 1379 1653 prout
1440 1584 1737 1654 legislatori
1796 1573 1972 1638 visum

392 1676 521 1741 fuit,
557 1675 788 1745 pulchre
816 1673 1224 1745 signiﬁcabant.
1274 1674 1428 1728 Alter
1454 1674 1602 1729 enim
1644 1675 1974 1731 nominaba-

395 1776 488 1824 tur
517 1766 784 1821 Dominus
824 1781 836 1818 :
877 1766 1018 1820 alter
1060 1764 1412 1819 Emissarius.
1460 1765 1760 1835 Appellatis
1789 1766 1973 1835 itaque

2075 583 2161 636 ὅτε
2188 585 2287 649 τὰς
2312 578 2499 656 χεῖρας
2531 585 2791 651 ἐπιτιθεὶς
2817 583 2909 656 τῷ,
2932 585 3150 657 τράγῳ,
3179 584 3517 656 κατηγόρευι
3550 587 3651 652 τὰς

2074 676 2349 747 ἁμαρτίας
2364 676 2472 732 τῶν
2498 675 2629 731 υἱῶν
2674 676 2892 750 Ἰσραήλ
2913 694 2929 744 ;
2953 670 3096 748 Ἆρα
3126 678 3234 749 ⁸οὐκ
3261 675 3329 729 ἂν
3356 678 3532 730 νοοῖτο
3555 678 3650 746 τῆς

2075 770 2337 822 ἀνωτάτω
2366 768 2553 823 λοιπὸν
2586 769 2983 841 ἐμϐροντησίας
3010 769 3069 823 τὸ
3098 768 3290 839 χρῆμα
3315 768 3533 839 μεστὸν,
3560 770 3651 823 καί

2074 856 2393 925 δυσσεϐείας
2426 861 2763 935 Ἑλληνικῆς,
2790 863 2884 915 καὶ
2904 861 3183 932 λογισμῶν
3210 863 3529 930 σκαιότητος
3551 861 3646 914 οὐκ

2077 949 2536 1023 ἀπηλλαγμένονς
2587 953 2695 1006 Καὶ
2739 951 2879 1010 τίσιν
2914 951 2946 1021 ἢ
2990 950 3105 1015 πῶς
3134 950 3441 1021 ἀμφίλογον
3482 950 3563 1008 ἐτι
3592 950 3651 1007 τό

2076 1059 2138 1110 γε
2167 1042 2308 1097 οὕτω
2345 1042 2808 1115 κατηρρωστηκδς
2836 1043 3040 1113 ἐναργῆ
3070 1042 3167 1117 τὴν
3207 1043 3581 1116 mappam;

2150 1140 2219 1202 γ’.
2252 1129 2319 1186 Τί
2344 1128 2437 1190 οὖν
2457 1133 2564 1204 ἄρα
2596 1132 2655 1186 τὸ
2684 1131 2958 1204 δρώμενον
2979 1127 3047 1202 ἦν
3071 1130 3206 1196 ;Δύο
3236 1130 3338 1203 μὲν
3365 1130 3475 1203 7&9
3505 1148 3651 1202 παρ-

2082 1225 2403 1296 εκομίζοντο
2465 1226 2693 1296 χίμαροι
2721 1224 2878 1282 καλοί
2902 1242 2961 1278 τε
2997 1225 3089 1279 καὶ
3117 1223 3459 1295 ἰσομεγέθεις
3490 1223 3654 1293 ἀλλή-

2076 1321 2208 1384 λοις,
2236 1318 2404 1390 ἄμφω
2436 1336 2498 1374 τε
2532 1318 2796 1390 ῐσήλικες,
2825 1316 3080 1389 ὁμόχροοί
3115 1334 3175 1375 τε
3199 1316 3294 1371 καὶ
3315 1317 3435 1371 κατ’
3462 1315 3653 1369 οὐδένα

2075 1413 2275 1483 τρόπον
2312 1410 2577 1473 παθόντες
2603 1410 2703 1482 τὴν
2752 1409 3068 1481 ὲμπηρίαν·
3116 1408 3311 1479 κλῆροι
3358 1407 3419 1463 δὲ
3464 1406 3652 1462 λοιπὸν

2075 1502 2381 1571 ἐγράφοντο
2396 1499 2508 1563 δύο,
2538 1498 2606 1552 τὰ
2635 1497 2742 1551 τῶν
2773 1498 3021 1568 χιμάρων
3046 1497 3307 1567 ὀνόματα,
3335 1496 3477 1551 κατά
3508 1513 3571 1565 γε
3591 1495 3654 1550 τὸ

2074 1593 2153 1664 τῷ
2185 1593 2449 1665 νομοθέτῃ
2487 1589 2679 1645 δοκοῦν
2712 1583 2770 1643 εὖ
2817 1588 2962 1659 μάλα
3002 1587 3523 1659 κατασημαίνοντες.
3554 1580 3651 1651 Εἷς

2078 1689 2176 1758 μὲν
2197 1687 2304 1759 7&9
2329 1684 2640 1757 ὠνομάζετο
2654 1684 2860 1755 Κύριος
2880 1699 2894 1713 ·
2916 1682 3102 1754 ἕτερος
3123 1683 3180 1737 δὲ
3218 1684 3649 1754 ’Δποπομπαῖος.

2088 1774 2177 1840 Ὠς
2211 1772 2326 1841 οὖν,
2366 1776 2473 1830 τῶν
2510 1775 2731 1846 τράγων
2769 1771 3197 1844 ὠνομασμένων,
3237 1772 3333 1827 τοῦ
3368 1773 3466 1845 μὲν
3501 1772 3652 1839 ἑνὸς,

396 1861 588 1926 hircis,
641 1861 816 1915 altero
848 1857 1074 1930 quidem
1102 1857 1370 1923 Domino,
1404 1858 1581 1913 altero
1622 1873 1755 1912 vero
1794 1858 1972 1913 Emis-

2085 1868 2285 1940 Κυρίου
2315 1908 2330 1932 ,
2362 1866 2457 1920 τοῦ
2491 1841 2561 1921 δὲ⁷
2591 1841 2779 1937 ἐτέρου
2802 1906 2817 1930 ,
2862 1841 3275 1935 ’Ᾰποπομπαίου
3297 1882 3309 1895 ’
3343 1841 3432 1919 δίά
3467 1883 3549 1919 τοι
3592 1867 3656 1920 τὸ

396 1953 582 2017 sario,
629 1968 697 2007 eo
755 1951 904 2022 quod
963 1951 1351 2015 emitteretur,
1415 1949 1543 2005 inde
1582 1951 1729 2005 enim
1776 1966 1974 2005 nomen

397 2043 699 2098 deductum
728 2051 834 2106 est,
867 2057 977 2096 non
1012 2040 1314 2095 daemonem
1338 2040 1545 2095 dictum
1576 2054 1696 2096 esse
1738 2040 1977 2096 Emissa-

400 2136 545 2189 rium
602 2134 973 2199 censebimus,
1013 2132 1113 2189 sed
1140 2131 1341 2188 animal
1376 2132 1558 2203 ipsum
1620 2132 1693 2187 ita
1737 2132 1980 2202 appella-

399 2234 537 2282 tum.
570 2226 648 2282 Ac
674 2226 939 2281 Dominus
963 2225 1211 2296 quidem,
1237 2224 1293 2279 id
1337 2225 1486 2279 enim
1514 2238 1715 2279 nomen
1736 2216 1894 2287 erat,
1918 2230 1979 2276 ut

399 2319 719 2384 dlxi,alteri
774 2319 1082 2382 hircorum,
1141 2318 1250 2373 rite
1296 2315 1680 2381 mactabatur;
1729 2313 1825 2383 qui
1876 2328 1978 2368 suo

399 2411 666 2481 sanguine
742 2410 1121 2467 sanetilicabat
1184 2408 1437 2479 intimum
1521 2406 1934 2467 tabernaculum
1961 2447 1976 2471 ,

394 2503 644 2572 itemque
676 2502 846 2556 altare
895 2501 1372 2562 holocaustorum,
1424 2498 1569 2569 quod
1628 2506 1783 2553 eXtra
1836 2504 1977 2560 erat,

403 2596 458 2648 in
501 2608 611 2665 quo
642 2602 698 2647 et
745 2590 1013 2653 sacriﬁcia
1053 2589 1364 2647 secundum
1416 2590 1593 2660 legem
1643 2590 1983 2660 perageban~

403 2694 514 2739 tur.
546 2685 699 2741 Alter
730 2698 883 2748 vero,
914 2683 1020 2737 hoc
1034 2692 1122 2737 est
1154 2680 1505 2745 Emissarius,
1539 2681 1593 2734 in
1626 2681 1979 2736 solitudinem

400 2777 804 2841 dimittebatur,
851 2790 977 2832 cum
1032 2774 1217 2829 Aaron
1273 2784 1441 2844 super
1494 2774 1648 2828 illum
1697 2771 1982 2828 confessus

399 2880 546 2927 esset
579 2876 802 2941 peccata
839 2866 1076 2922 filiorum
1126 2865 1314 2921 Israel.
1378 2864 1736 2935 Signiﬁcatur
1787 2874 1976 2919 autem

404 2964 661 3020 Christus
676 2977 775 3033 per
793 2970 1093 3029 utrumque
1123 2976 1135 3011 :
1169 2966 1423 3012 mortuus
1444 2965 1528 3012 est
1548 2957 1693 3013 enim
1721 2965 1979 3026 tanquam

400 3057 587 3118 homo,
614 3061 671 3107 et
700 3051 1016 3105 immolatus
1045 3063 1145 3119 pro
1162 3046 1323 3101 nobis
1352 3034 1406 3100 in
1432 3045 1616 3117 specie
1656 3045 1818 3101 hirci.
1841 3045 1977 3099 Nam

404 3147 592 3203 hircus
624 3141 1038 3200 sacriﬁcabatur
1077 3140 1131 3194 in
1172 3139 1554 3195 remissionem
1602 3146 1973 3209 peccatorum,

402 3234 564 3310 375
597 3232 950 3290 sanctiﬁcans
982 3228 1308 3291 Ecclesium,
1360 3241 1482 3299 quae
1531 3228 1701 3283 veluti
1741 3228 1796 3283 in
1851 3237 1978 3301 typo

404 3327 686 3385 interioris
722 3322 1064 3381 tabernaculi
1096 3320 1451 3383 describitur,
1480 3327 1645 3387 atque
1674 3317 1811 3373 adeo
1836 3318 1983 3389 ipsos

404 3422 497 3491 qui
525 3427 684 3472 erant
739 3415 843 3470 sub
887 3415 1027 3484 lege.
1091 3409 1482 3467 Sanctiﬁcatur
1517 3410 1687 3473 enim,
1740 3420 1803 3466 ut
1844 3410 1979 3475 dixi,

404 3509 671 3581 sanguine
694 3507 836 3561 hirci
864 3506 1031 3561 etiam
1060 3504 1241 3575 ipsum
1275 3502 1421 3573 quod
1448 3502 1756 3557 secundum
1797 3502 1981 3573 legem

405 3604 600 3659 altare.
628 3597 791 3668 Atqui
827 3595 966 3651 citra
1007 3593 1441 3649 controversiam
1498 3591 1645 3662 quod
1690 3593 1873 3647 minus
1901 3602 1986 3647 est

406 3708 435 3745 a
468 3690 675 3760 majore
698 3683 1072 3743 benedicitur.
1102 3681 1315 3736 Idcirco
1341 3681 1395 3735 in
1436 3681 1556 3752 lege
1603 3695 1714 3736 non
1741 3689 1829 3736 est
1859 3694 1985 3752 per-

406 3783 575 3839 fectio
599 3800 612 3835 :
646 3793 827 3849 neque
848 3784 1035 3848 potest
1057 3775 1241 3829 cultus
1270 3772 1462 3843 legalis
1490 3786 1823 3842 quemquam
1855 3788 1982 3828 san-

406 3872 668 3930 ctiﬁcare.
699 3869 853 3941 Opus
876 3867 1024 3924 enim
1056 3865 1105 3921 ei
1131 3864 1355 3919 omnino
1389 3871 1475 3918 est
1496 3860 1749 3929 Christo;
1783 3864 1986 3933 quippe

402 3969 496 4040 qui
549 3964 815 4037 perlicere
881 3961 1047 4029 valet,
1093 3967 1149 4014 et
1220 3954 1536 4011 sanctificat
1597 3971 1699 4010 suo
1759 3955 1986 4025 proprio

406 4061 672 4133 sanguine
698 4071 798 4113 eos
830 4054 926 4126 qui
976 4052 1081 4109 sub
1122 4051 1275 4107 cultu
1326 4047 1487 4120 legali
1537 4047 1812 4135 vixerunt.
1846 4045 1986 4102 Hinc

408 4152 629 4209 divinus
665 4146 889 4209 Paulus,
939 4158 1065 4198 cum
1100 4141 1168 4195 de
1209 4140 1410 4209 seipse,
1438 4148 1554 4192 tum
1607 4134 1675 4191 de
1731 4136 1855 4191 aliis
1919 4151 1986 4190 ex

412 4239 835 4299 circumcisione
862 4234 1072 4290 vocatis
1099 4234 1173 4286 ita
1198 4232 1302 4285 ait:
1341 4250 1357 4279 I
1383 4228 1631 4284 Seicntes
1652 4227 1798 4297 quod
1822 4228 1988 4281 homo

415 4350 523 4390 non
541 4329 872 4402 justiﬁeatur
908 4341 973 4379 ex
992 4322 1257 4393 operibus
1311 4319 1469 4390 legis,
1520 4318 1629 4372 nisi
1679 4333 1779 4389 per
1825 4317 1987 4373 ﬁdem

2008 3186 2050 3241 (ἶ

2079 1954 2505 2027 ἀποπέμπεσθαι
2520 1970 2543 2031 ι’
2567 1954 2804 2025 τοῦνομα
2823 1953 2931 2027 7&9
2958 1952 3206 2007 ἐντεῦθεν
3226 1950 3396 2025 αὐτῷ,
3424 1950 3655 2025 δαίμονα

2077 2048 2134 2103 δὲ
2158 2048 2279 2120 οὐχὶ
2298 2047 2389 2102 τὸν
2433 2047 2867 2116 ’Δποπομπαῖον,
2902 2043 3034 2097 αὐτὸ
3060 2043 3116 2097 δὲ
3143 2043 3205 2097 τὺ
3227 2042 3364 2109 ζῶον
3388 2045 3656 2117 νοήσομεν

2078 2140 2349 2213 εἰρῆσθαι.
2385 2139 2495 2195 Καὶ
2520 2141 2548 2193 ὁ
2569 2138 2667 2210 μὲν
2693 2137 2917 2209 Κύριος,
2954 2134 3111 2190 τοῦτο
3141 2134 3249 2207 7&9
3275 2136 3383 2189 τῶν
3403 2136 3657 2209 χιμάρων

2080 2233 2160 2289 ἐνὶ
2175 2228 2241 2304 ἦν
2267 2232 2455 2303 ὄνομα,
2478 2231 2553 2296 ὡς
2581 2230 2738 2301 ἔφην,
2765 2228 3076 2301 ῑσοπρεπῶς
3101 2227 3388 2297 ἐσφάζετο.
3434 2228 3654 2296 Ἡγίαζε

2078 2325 2134 2379 δὲ
2164 2324 2241 2395 τῷ
2268 2325 2458 2395 αἵματι
2479 2324 2577 2394 τὴν
2609 2320 2890 2392 ἑσωτάτην
2913 2323 3138 2394 σκηνὴν,
3166 2323 3260 2376 καὶ
3286 2320 3391 2393 μὴν
3413 2322 3506 2376 καὶ
3527 2323 3657 2375 αὐτὸ

2080 2413 2139 2469 τὸ
2166 2410 2271 2481 ἔξω
2296 2431 2355 2467 τε
2380 2415 2472 2466 καὶ
2501 2412 2609 2467 τῶν
2639 2413 3029 2485 καρπωμάτων
3064 2412 3473 2485 θυσιαστήριον,
3503 2413 3587 2483 ἐφ’
3612 2404 3659 2482 ᾧ

2081 2508 2177 2562 καὶ
2219 2504 2319 2569 τὰς
2347 2506 2489 2559 κατὰ
2519 2506 2680 2576 νόμον
2710 2506 2926 2560 ἐτέλουν
2964 2503 3174 2569 θυσίας.
3207 2500 3277 2557 Ὅ
3315 2521 3378 2573 γε
3411 2504 3521 2576 μὴν
3550 2505 3659 2558 ἓτε-

2085 2615 2210 2669 ρος,
2257 2596 2556 2659 τουτέστιν,
2603 2596 2632 2648 ὁ
2688 2592 3145 2664 ’Δποπομπαῖος,
3196 2595 3278 2659 εἶς
3311 2594 3411 2664 τὴν
3457 2594 3659 2649 ἄϐατον

2084 2690 2452 2761 ἐξεπέμπετο,
2489 2692 2959 2759 κατηγορευκότος
2998 2689 3085 2742 ἐπ’
3130 2684 3277 2759 αὐτῷ
3306 2685 3401 2741 τοῦ
3446 2687 3661 2759 Ἀαρὼν

2081 2782 2180 2844 τὰς
2226 2778 2501 2850 ἁμαρτίας
2535 2774 2642 2831 τῶν
2684 2778 2817 2831 υἱῶν
2864 2774 3101 2849 Ἰσραήλ.
3137 2777 3463 2846 Σημαινεται
3505 2777 3563 2831 δὲ
3590 2778 3660 2831 δι’

2082 2873 2284 2944 ἀμφοῖν
2306 2871 2333 2923 ὁ
2360 2869 2603 2941 Χριστός
2620 2888 2635 2902 ο
2676 2866 2963 2924 ἀποθανὼν
2989 2868 3109 2940 μὲν,
3137 2867 3212 2931 ὠς
3238 2866 3546 2940 ἄνθρωπος.
3568 2869 3664 2923 καὶ

2083 2963 2378 3034 τεθυμένος
2410 2962 2552 3033 ὑπὲρ
2597 2959 2774 3032 ἡμῶν,
2817 2960 2894 3023 ὡς
2935 2960 2994 3012 ὲν
3019 2958 3150 3012 εἴδει
3191 2958 3418 3027 τράγου.
3460 2956 3664 3028 Ἐσφέιη

2084 3055 2211 3119 ζετο
2253 3053 2361 3124 7&9
2407 3053 2486 3115 εἰς
2519 3050 2713 3119 ἄφεσιν
2739 3046 3026 3120 ἁμαρτιῶν
3058 3049 3086 3101 ὁ
3121 3051 3384 3118 χίμαρος,
3420 3047 3663 3116 ἁγιάζων

2082 3146 2139 3199 δὲ
2158 3144 2255 3216 τὴν
2271 3141 2693 3214 Ἑκκλησίαν,ὼς
2707 3142 2763 3194 ὲν
2777 3140 2931 3211 τύπῳ
2951 3139 3247 3210 νοουμένην
3261 3140 3362 3210 τῆς
3385 3140 3664 3209 ὲσωτάτης

2087 3230 2290 3301 σκηνῆς
2312 3249 2326 3262 ο
2356 3232 2446 3284 καὶ
2470 3229 2575 3300 μὴν
2599 3228 2690 3282 καὶ
2713 3229 2909 3291 αὐτοὺς
2930 3229 3055 3291 τοὺς
3073 3230 3131 3281 ὲν
3158 3227 3327 3299 νόμῳ.
3375 3224 3665 3298 Ἦγιάζετο

2084 3322 2211 3395 γὰρ,
2253 3323 2328 3386 ὡς
2371 3322 2528 3393 ἔφην,
2560 3319 2637 3392 τῷ
2659 3321 2854 3391 αἵματι
2894 3319 2987 3376 τοῦ
3028 3320 3265 3391 χιμάρου
3299 3322 3391 3375 καὶ
3433 3320 3565 3374 αὐτὸ
3602 3321 3667 3374 τὸ

2085 3413 2225 3469 κατὰ
2261 3414 2424 3483 νόμον
2472 3412 2879 3483 θυσιαστήριον.
2927 3411 3111 3484 Χωρὶς
3140 3410 3198 3465 δὲ
3240 3413 3419 3484 πάσης
3454 3410 3664 3466 ἀντιλο-

2085 3503 2232 3574 γίας,
2257 3503 2317 3556 τὸ
2338 3502 2553 3556 ἔλαττον
2579 3503 2683 3555 ὑπὸ
2707 3499 2803 3557 τοῦ
2827 3501 3136 3573 κρείττονος
3168 3501 3492 3569 εὐλογεῖται.
3517 3501 3663 3555 UO:-

2082 3596 2178 3651 οῦν
2212 3597 2270 3649 ὲν
2295 3595 2444 3667 νόμῳ
2479 3595 2538 3648 τὸ
2574 3594 2777 3648 τέλειον
2798 3632 2813 3658 ,
2839 3593 2947 3647 οὐδ’
2975 3592 3042 3648 ἂν
3069 3593 3169 3666 ἔχῃ
3204 3592 3265 3645 τὸ
3291 3592 3539 3661 άγιάζειν
3571 3592 3663 3646 δύο

2088 3686 2281 3744 νασθαί
2305 3701 2457 3749 τινας
2478 3686 2511 3757 ἡ
2532 3684 2673 3740 κατὰ
2695 3683 2855 3765 νόμον
2880 3683 3127 3754 λατρεία.
3150 3680 3333 3736 Δεῖται
3353 3682 3463 3752 7&9
3490 3687 3663 3751 αναγ-

2088 3780 2258 3843 καίως
2289 3778 2365 3842 ὡς
2392 3775 2632 3833 τελειοῦν
2662 3776 2959 3848 ἰσχύοντος,
2985 3772 3080 3828 τοῦ
3104 3772 3363 3845 Χριστοῦ,
3390 3774 3483 3828 καὶ
3506 3773 3669 3843 άγιάς

2089 3874 2273 3938 ζοντος
2305 3870 2383 3942 τῷ
2434 3868 2549 3941 ἰδίῳ
2598 3869 2793 3940 αἵματι
2831 3868 2959 3932 τοὺς
2994 3866 3094 3938 τὴν
3129 3867 3361 3938 νομικὴν
3407 3864 3664 3938 λατρείαν

2090 3963 2532 4035 ἐπιτηδεύοντας.
2584 3958 2874 4032 Τοιγάρτοι
2927 3958 3021 4014 καὶ
3056 3960 3085 4012 ὁ
3123 3958 3406 4023 θεσπέσιος
3450 3956 3663 4024 Παῦλος

2091 4056 2219 4130 περὶ
2250 4053 2447 4109 ἑαυτοῦ
2496 4071 2554 4108 τε
2593 4054 2685 4113 xal.
2721 4052 2831 4106 τῶν
2860 4053 2925 4106 ὲκ
2950 4051 3253 4123 περιτομῆς
3285 4050 3662 4122 κεκλημένων,

2089 4147 2233 4201 οὕτω
2273 4147 2376 4200 που
2409 4162 2608 4217 φησιν*
2646 4164 2664 4197 ι
2708 4142 2923 4207 Εἱδότες
2947 4140 3004 4196 δὲ
3037 4141 3119 4196 ὅτι
3154 4143 3214 4196 οὐ
3246 4141 3549 4197 δικαιοῦται
3574 4141 3667 4196 ἄν.

2091 4240 2307 4311 Ορωπος
2338 4234 2400 4304 ,ὲξ
2430 4238 2605 4308 ἔργων
2644 4235 2828 4307 νόμου,
2859 4235 2908 4288 ει
2954 4234 3030 4305 μὴ
3070 4232 3159 4287 διὰ
3203 4228 3440 4296 πίστεως
3491 4234 3664 4304 Ἰησοῦ

2091 4328 2348 4401 Χριστοῦ.
2380 4329 2490 4387 Καὶ
2529 4330 2691 4399 ἡμεῖς
2713 4327 2793 4388 εἰς
2832 4324 3039 4396 Ἰησοῦν
3075 4322 3312 4394 Χριστὸν
3336 4324 3662 4379 ἐπιστεύσα-

409 4440 540 4485 Jesu
561 4420 787 4503 Christi.
818 4418 888 4472 Et
925 4422 1027 4470 nos
1070 4413 1127 4467 in
1179 4411 1461 4467 Christum
1508 4410 1694 4466 Jesum
1745 4407 1982 4465 credidi-

2085 4438 2222 4492 μεν,
2270 4438 2288 4470 ι
2334 4418 2400 4471 ἶν’
2428 4418 2645 4488 ἔχοιμεν
2677 4414 2923 4487 δηλονότι
2952 4414 3052 4486 τὴν
3080 4412 3209 4484 παρ’
3244 4410 3413 4467 αὑτοῦ
3440 4410 3664 4467 δικαεωὲ

339 4512 349 4529 ’
408 4533 535 4576 mus
562 4501 627 4581 ⁸⁷,
656 4532 674 4565 ι
708 4522 771 4568 ιιι
798 4509 1012 4566 scilicet
1048 4505 1118 4561 ab
1174 4505 1293 4575 ipso
1330 4501 1671 4573 accipiamus
1712 4501 1982 4574 justiﬁea-

2091 4529 2196 4566 σιν.
2225 4508 2435 4566 Οὐκοῦν
2466 4508 2693 4565 τέθυται
2727 4506 2825 4577 μὲν
2858 4506 2999 4577 ὑπὲρ
3023 4503 3133 4559 τῶν
3169 4503 3457 4578 ἁμαρτιῶν
3487 4503 3663 4577 ήμῶν,

416 4610 649 4666 tionem.
696 4601 1022 4658 immolatus
1070 4611 1202 4667 ergo
1226 4603 1310 4651 est
1335 4610 1438 4666 pro
1483 4594 1727 4668 peccatis
1777 4594 1983 4649 nostris

408 4696 713 4757 secundum
766 4690 1083 4761 Seripturas
1143 4686 1207 4749 “‘,
1260 4694 1317 4740 et
1378 4683 1687 4739 resurrexit
1748 4682 1982 4747 iterum,

408 4787 766 4857 ascenditque
797 4784 854 4838 in
883 4779 1161 4851 regionem
1179 4775 1339 4831 nobis
1365 4775 1722 4838 inaccessam,
1754 4772 1859 4826 hoc
1879 4781 1983 4838 est,

412 4888 467 4939 in
496 4882 718 4945 caelum,
760 4874 917 4949 quasi
938 4880 1161 4945 gestans
1188 4877 1374 4924 nostra
1404 4876 1648 4938 peccata.
1675 4866 1796 4935 ipse
1818 4864 1990 4928 enim,

412 4978 490 5033 ait
550 4974 859 5044 Scriptura,
925 4967 1069 5022 tollit
1110 4970 1337 5035 peccata
1377 4967 1597 5024 nostra,
1635 4965 1693 5013 et
1739 4972 1840 5027 pro
1891 4971 1993 5010 ιιο-

417 5069 503 5124 his
555 5065 854 5122 cruciatur.
908 5057 1003 5120 Id,
1055 5054 1287 5125 opinor,
1341 5057 1427 5106 est
1499 5047 1591 5103 ille
1640 5045 1991 5102 Emissarius.

416 5159 661 5216 Emissus
680 5155 829 5211 enim
860 5159 946 5207 est
968 5164 1036 5204 ex
1061 5147 1132 5201 iis
1158 5160 1282 5215 qua:
1311 5151 1444 5199 sunt
1468 5141 1619 5213 juxta
1662 5154 1783 5203 nos,
1827 5137 1883 5191 in
1905 5152 1997 5192 su-

412 5264 639 5325 pernam
659 5248 963 5307 civitatem,
1000 5247 1062 5296 ut
1110 5236 1344 5293 nuncin
1397 5238 1698 5325 conspectu
1741 5229 1841 5325 Dei
1889 5242 1991 5300 pro

416 5318 576 5398 nobis
632 5342 914 5408 appareat.
967 5329 1090 5386 Huc
1144 5325 1277 5383 facit
1330 5322 1480 5395 quod
1530 5320 1765 5376 aliirmat
1792 5318 1990 5373 beatus

411 5434 651 5490 Joannes
679 5447 694 5484 :
728 5447 748 5480 ι
772 5424 975 5489 Filioli,
1008 5422 1125 5477 haec
1155 5417 1340 5473 scribo
1363 5414 1542 5478 vobis,
1571 5420 1630 5467 ut
1664 5426 1773 5466 non
1800 5420 1995 5479 pecce-

417 5527 507 5581 tis.
538 5525 607 5579 Et
637 5523 683 5577 si
709 5521 837 5591 quis
865 5513 1199 5588 peccaverit,
1230 5510 1554 5565 advocatum
1588 5504 1862 5559 habemus
1897 5499 1993 5554 Je-

416 5632 561 5680 sum,
619 5614 773 5668 illum
816 5611 1045 5681 justum.
1107 5604 1172 5657 Et
1229 5602 1321 5655 hic
1359 5607 1463 5653 est
1514 5593 1834 5667 propitiatio
1893 5607 1995 5660 pro

484 5808 524 5846 "
555 5804 730 5863 Galat.
765 5819 822 5868 ιι,
862 5803 955 5867 l6;
1000 5802 1157 5857 Rom.
1192 5816 1268 5862 ιιι,
1316 5798 1403 5852 20.
1485 5796 1527 5826 ¹⁸
1569 5796 1587 5849 I
1623 5796 1766 5851 Petr.
1801 5809 1891 5856 ιιι,
1940 5788 2022 5844 18.

2090 4606 2232 4660 κατὰ
2259 4605 2358 4668 τὰς
2391 4602 2615 4675 Γραφάς
2632 4618 2645 4632 ·
2672 4597 2872 4668 ἀνεϐίω
2899 4596 2957 4650 δὲ
2982 4591 3073 4662 αὗ,
3103 4598 3197 4652 καὶ
3220 4598 3300 4662 εις
3328 4599 3430 4668 τὴν
3460 4594 3668 4668 άνθρώυ

2240 4695 2438 4752 ἄϐατον
2466 4692 2821 4764 ἀπεδήμησεν
2846 4692 3054 4763 χώραν,
3077 4690 3353 4754 τουτέστι,
3383 4687 3475 4742 τὸν
3503 4688 3666 4760 οὐρα,

2094 4790 2208 4854 νὺν,
2243 4786 2641 4850 ἀποὸαστάζων
2667 4784 2856 4857 ὥσπερ
2871 4786 2971 4847 τὰς
3001 4780 3277 4855 ἁμαρτίας
3292 4778 3472 4852 ἡμῶν.
3498 4779 3668 4845 Αὐτὸς

2093 4880 2226 4953 7&9,
2261 4877 2363 4932 πού
2399 4893 2582 4949 φησιν,
2610 4875 2709 4942 τὰς
2744 4875 3021 4947 ἁμαρτίας
3050 4872 3206 4945 ήμῶν
3231 4873 3398 4943 αῐρει,
3418 4867 3661 4941 καὶπερὶ

2092 4972 2250 5044 ἡμῶν
2274 4970 2545 5025 ὀδυνᾶται.
2576 4967 2771 5032 Τοῦτο,
2796 4962 2972 5038 οἶμαι,
3002 4966 3147 5020 ἐστιν
3166 4967 3195 5020 ὁ
3235 4964 3668 5034 ’Δποπομπαῖος.

2106 5061 2491 5132 Ἀπεπέμπετο
2531 5061 2630 5130 μὲν
2666 5059 2777 5130 γάρ
2803 5098 2819 5124 ,
2855 5059 3047 5130 ὥσπερ
3082 5059 3147 5111 ἐκ
3176 5055 3286 5109 τῶν
3335 5054 3460 5109 καθ’
3498 5044 3647 5125 ἡμᾶς

2093 5156 2174 5219 εἰς
2211 5153 2309 5227 τὴν
2340 5152 2455 5207 άνω
2487 5153 2667 5216 πόλιν,
2703 5149 2798 5205 νῦν
2830 5147 3235 5221 ἐμφανισθῆναι
3272 5146 3351 5218 τῷ
3393 5142 3675 5217 προσώπῳ

2094 5244 2189 5300 τοῦ
2228 5240 2365 5299 Θεοῦ
2400 5243 2541 5315 ὑπὲρ
2566 5242 2741 5314 ὑμῶν.
2777 5242 2890 5296 Καὶ
2912 5238 3050 5311 πρὸς
3079 5237 3239 5293 τοῦτο
3269 5238 3419 5310 ἡμᾶς
3451 5233 3676 5305 ὶμπεδοῖ

2095 5338 2322 5407 γράφων
2372 5337 2401 5390 ὁ
2446 5334 2716 5406 μακάριος
2779 5331 3036 5402 Ἰωάννης
3063 5345 3077 5363 ⁸
3117 5349 3137 5383 ι
3194 5326 3397 5382 Τεκνία
3424 5368 3440 5392 ,
3501 5320 3677 5379 ταῦτα

2096 5429 2294 5500 γράφω
2342 5426 2505 5498 ὑμῖν,
2558 5426 2646 5479 ἵνα
2699 5424 2774 5496 μὴ
2828 5422 3134 5495 ἁμάρτητε.
3182 5418 3295 5474 Καὶ
3335 5416 3432 5472 ἑὰν
3487 5414 3546 5469 δέ
3593 5430 3677 5477 τις

2099 5519 2343 5590 ἁμάρτῃ,
2378 5516 2730 5588 παράκλητον
2771 5515 2965 5584 ἔχομεν
3001 5512 3137 5582 πρὸς
3176 5509 3269 5564 τὸν
3300 5505 3542 5578 Πατέρα,
3577 5503 3677 5575 Ἴη-

2099 5608 2226 5662 σοῦν
2256 5608 2489 5676 Χριστὸν
2526 5608 2752 5661 δίκαιον.
2793 5606 2903 5661 Καὶ
2936 5605 3101 5668 αὐτὸς
3146 5602 3372 5676 ἱλασμός
3401 5602 3520 5654 ἔστι
3552 5594 3676 5668 περὶ
