4094 6282
367 366 474 420 593

1377 365 1900 438 GLAPHYROKUM
1940 369 2008 422 ιΝ
2047 365 2383 423 ΝΕΜΕΙὶΟΞ
2421 367 2642 424 LIBER.

3531 374 3662 430 5'95.

364 477 572 550 ωρίσθη
601 474 838 549 Μαριὰμ
869 475 974 542 ἔξω
1003 479 1101 545 τῆς
1133 477 1486 547 παρεμϐολῆς
1519 479 1659 532 ἑπτὰ
1701 480 1946 550 ἡμέρας,

2053 482 2222 538 cessit
2259 466 2450 552 quam
2500 481 2666 536 Maria
2730 479 2910 534 fuerat
2966 479 3224 534 mundata
3255 481 3318 536 ".
3359 499 3376 532 ι
3439 483 3634 540 Allinia

366 569 460 622 καὶ
480 571 508 622 6
531 567 656 630 λαὺς
679 567 779 620 οὑκ
812 567 1021 640 ἐξῆρεν,
1051 568 1152 630 ἕως
1181 561 1240 622 οὗ
1266 567 1604 638 ἐκαθαρίσθη
1640 564 1888 642 Μαριάμ.
1926 589 1943 622 ι

367 660 746 730 Συγγενῆμὲν
775 655 868 712 οὖν
897 661 990 728 καὶ
1014 659 1184 712 ταῦτα
1227 657 1337 724 τοῖς
1372 660 1471 732 ἤδη
1505 662 1946 734 προειρημένοις.

369 753 480 820 Τῆς
519 751 627 819 γὰρ
671 751 728 802 ἐν
776 751 1003 813 ἐκείνοις
1053 750 1284 821 θεωρίας
1331 752 1389 806 ού
1441 752 1562 804 λίαν
1616 751 1947 824 ἀπῴκισται,

371 841 600 912 ἀδελφὴν
633 843 689 896 δὲ
733 842 922 912 ὥσπερ
963 843 1056 896 καὶ
1111 845 1340 914 συμφυᾶ
1382 845 1482 914 τὴν
1529 844 1768 898 διάνοιαν
1815 844 1948 916 ἔχει.

371 934 536 986 Λαλεί
560 933 668 1004 γὰρ
695 935 790 987 καὶ
813 934 949 988 αὐτὰ
978 935 1038 988 τὸ
1069 937 1390 1006 μυστήριον,
1419 938 1514 989 καὶ
1539 942 1638 1008 τῆς
1681 939 1954 990 Ἰουδαίων

373 1024 696 1092 Συναγωγῆς
725 1024 824 1095 τὴν
852 1027 936 1094 ἐφ’
961 1020 1042 1088 οἷς
1081 1027 1160 1090 είς
1189 1028 1351 1080 αὑτὸν
1387 1029 1785 1102 πεπαριξινηκεν
1829 1031 1951 1082 ἀτι-

373 1114 498 1184 μίας
529 1115 792 1185 εἰσφέρει.
822 1117 1134 1172 Acamans:
1163 1119 1219 1172 δέ
1266 1136 1384 1182 πως
1411 1121 1550 1172 κατὰ
1587 1121 1750 1190 μέρος
1779 1120 1950 1192 βραχὺ

368 1205 474 1257 τῶν
501 1205 990 1278 πλημμελῆμάτων
1021 1211 1048 1262 6
1077 1210 1298 1279 τρόπος.
1354 1211 1682 1282 Ἐλεπροῦτο
1717 1213 1816 1283 μὲν
1843 1213 1951 1284 γὰρ

367 1295 424 1346 ἐν
451 1295 678 1360 ἐκείνοις
705 1298 740 1366 ἡ
770 1298 1070 1370 Συναγωγὴ
1094 1341 1106 1360 ,
1139 1301 1230 1353 καὶ
1259 1301 1570 1372 ἀκάθαρτος
1597 1299 1665 1374 ἦν
1687 1343 1702 1366 ,
1738 1303 1954 1368 πολλοῖς

367 1384 460 1436 καὶ
478 1384 760 1456 διαφόροις
784 1389 1118 1458 πταίσμασιν
1140 1392 1338 1461 ἑαυτὴν
1366 1393 1844 1476 καταφθείρουσα..
1865 1397 1952 1448 Ἐν

365 1475 424 1527 δὲ
449 1475 682 1540 τούτοις,
721 1479 892 1548 μόνης
919 1481 1048 1549 ἡμῖν
1089 1483 1186 1549 τῆς
1219 1485 1298 1546 εἰς
1338 1475 1572 1555 Χριστὸν
1612 1487 1902 1554 παροινίας
1926 1489 1954 1539 6

368 1565 526 1630 λόγος
562 1568 894 1622 ἀναπλάττει
929 1571 997 1622 τὰ
1035 1573 1376 1642 ἐγκλήματα,
1418 1579 1510 1628 καὶ
1545 1577 1642 1646 τῆς
1679 1579 1778 1646 μὲν
1825 1577 1952 1630 ’1ου-

368 1656 534 1708 δαίων
563 1657 877 1721 ἀλαζονείας
906 1660 1196 1731 διαγράφει
1221 1665 1280 1716 τὸ
1307 1665 1552 1736 φύσημα,
1581 1667 1953 1721 καταδεικνύει

370 1747 440 1802 δὲ.
458 1749 557 1818 τὴν
590 1752 871 1820 πραότητα
898 1751 989 1804 τοῦ
1027 1751 1306 1820 λέγοντος·
1364 1777 1379 1808 ι
1426 1759 1638 1812 Μάθετε
1678 1762 1770 1814 ἀπ’
1817 1761 1950 1829 ἐμοῦ

2053 573 2218 628 etiam
2247 573 2364 628 haec
2403 583 2530 628 sunt
2563 573 2627 626 iis
2656 587 2776 642 quae
2803 573 2914 642 jam
2943 571 3107 642 379
3130 572 3391 626 diximus.
3442 573 3632 644 Neque.

2053 665 2203 720 enim
2259 665 2564 720 abhorrent
2621 663 2689 716 ab
2749 663 2970 717 illorum
3025 663 3488 732 consideratione,
3537 669 3630 721 sed

2053 755 2419 824 pr0pinquam
2474 771 2536 808 ac
2595 754 2828 807 vicinam
2897 754 2979 806 eis
3035 753 3242 816 habent
3280 755 3630 809 sententiam.

2055 847 2338 916 Siquidem
2370 856 2426 902 et
2460 847 2576 902 lucc
2629 846 2876 916 pandunt
2917 847 3242 916 mysterium
3304 833 3533 912 Christi,
3582 857 3636 901 et

2055 940 2411 1010 ignominiam
2476 955 2689 1002 eorum,
2748 938 2951 1006 quibus
2987 937 3267 1009 Synagoga
3317 939 3636 994 Iudaeorum

2055 1032 2110 1084 in
2140 1031 2315 1100 ipsum
2347 1031 2681 1084 debacchata
2717 1039 2821 1094 est,
2845 1029 2916 1082 ob
2943 1029 3134 1083 oculos
3168 1039 3398 1102 ponunt.
3440 1032 3636 1086 Modus

2053 1134 2236 1178 autem
2259 1132 2609 1194 peccatorum
2637 1138 2829 1194 parum
2869 1119 3161 1176 admodum
3188 1121 3633 1192 diserepaLNam

2055 1219 2110 1272 in
2129 1217 2237 1272 illis
2256 1216 2476 1286 quidem
2496 1217 2776 1288 Synagoga
2797 1215 3081 1270 laborabat
3099 1215 3271 1286 lepra,
3286 1215 3634 1272 etimmunda

2053 1319 2194 1372 erat,
2237 1311 2426 1364 multis
2460 1326 2523 1364 ac
2560 1310 2728 1365 variis
2769 1307 3054 1364 erroribus
3102 1312 3336 1379 seipsam
3380 1327 3634 1364 corrum-

2056 1403 2292 1471 pens..ln
2325 1403 2412 1456 his
2461 1419 2593 1456 vero
2627 1419 2809 1458 sermo
2837 1413 3026 1458 noster
3057 1403 3229 1457 solius
3259 1405 3312 1456 in
3351 1405 3632 1458 Christum

2054 1495 2504 1550 debacchationis
2546 1496 2776 1551 crimina
2806 1497 3094 1560 describit,
3149 1497 3389 1566 itemque
3447 1507 3632 1552 tumo-

2057 1599 2170 1638 rem
2203 1583 2810 1652 superhizeJtnheorum
2837 1585 3106 1656 depingit,
3161 1596 3216 1640 et
3262 1605 3292 1640 e
3349 1589 3631 1642 contrario

2055 1671 2536 1726 mansuetmlinem
2566 1673 2810 1726 ostendit
2858 1675 2999 1743 ejus,
3043 1675 3136 1745 qui
3187 1675 3354 1726 dicit:
3395 1674 3633 1726 «Discite

2057 1781 2085 1818 a
2136 1781 2218 1816 me
2243 1765 2370 1832 quia
2403 1764 2550 1820 mitis
2576 1781 2696 1819 sum
2724 1775 2782 1822 et
2831 1766 3056 1822 humilis
3080 1767 3248 1822 corde
3277 1767 3340 1816 ’⁵.
3375 1785 3391 1814 ι
3433 1764 3636 1818 Adhaec

371 1841 454 1891 ὅτι
487 1841 658 1910 πρᾶός
687 1843 810 1910 εἰμι
834 1841 932 1896 καὶ
963 1847 1219 1910 ταπεινὺς
1258 1852 1322 1918 τῇ
1373 1850 1590 1928 καρδίᾳ.
1649 1871 1664 1901 ι
1717 1853 1858 1920 Πρὸς
1897 1853 1946 1904 δὲ

2055 1858 2175 1926 ejus
2199 1857 2362 1910 etiam
2389 1857 2480 1926 qui
2511 1859 2658 1928 juste
2689 1860 2901 1929 judicat
2947 1860 3342 1932 benignitatem
3391 1875 3634 1913 comme-

371 1931 586 1996 τούτοις
614 1933 694 1986 ἔτι
721 1935 815 1988 καὶ
841 1937 938 2006 τὴν
960 1938 1052 1989 τοῦ
1085 1939 1151 1990 τὰ
1185 1939 1368 1993 δίκαια
1403 1943 1678 2012 κρίνοντος
1711 1943 1958 2014 εἰσκομί-

372 2022 456 2088 ζει
488 2025 900 2096 φιλανθρωπίαν
935 2030 1010 2098 μὴ
1041 2029 1204 2099 μέχρι
1237 2032 1455 2096 παντὸς,
1492 2034 1626 2102 μηδὲ
1655 2033 1956 2106 ἀπέραντόν

371 2129 492 2166 τινα
525 2114 622 2184 τὴν
658 2115 826 2184 ὀργὴν
855 2120 966 2178 τοῖς
1003 2117 1414 2188 πλημμελοῦσιν
1441 2120 1738 2188 ἐπάγοντος
1765 2139 1776 2150 ·
1823 2121 1958 2174 ἀλλὰ

373 2206 694 2274 μοττοῦντος
719 2208 855 2276 μετά
877 2209 934 2262 τὸ
957 2210 1176 2278 πλῆξαι,
1203 2211 1468 2276 σώζοντος
1492 2231 1550 2264 τε
1579 2214 1672 2267 καὶ
1705 2214 1952 2282 ὑγιάζον-

369 2313 481 2359 τος.
518 2298 606 2360 Ὠς
641 2299 738 2368 μὲν
765 2294 856 2352 οὖν
885 2303 942 2354 ἐν
984 2300 1266 2372 κεφαλαίῳ
1291 2303 1350 2356 ὲν
1384 2303 1584 2370 ὀλίγοις
1617 2305 1789 2360 εἰπεῖν
1818 2305 1956 2370 ὅλως

369 2389 431 2440 ἐν
477 2387 688 2450 τούτοις
729 2391 757 2442 6
802 2388 910 2442 τῶν
956 2391 1332 2462 προκειμένων
1376 2393 1686 2448 διανὲνευκε
1729 2400 1951 2462 σκοπός.

369 2478 724 2542 Διαλασὰντες
765 2479 828 2550 δὴ
865 2481 970 2534 ἀνὰ
1017 2482 1180 2552 μέρος
1218 2483 1326 2536 τῶν
1357 2485 1661 2556 εἰρημένων
1699 2489 1950 2554 ἕκαστον,

365 2569 458 2622 τὸν
491 2573 548 2622 ἐν
587 2572 768 2634 αὐτοῖς
811 2572 1144 2627 λανθάνοντα
1181 2576 1560 2646 διαπτύξωμεν
1603 2579 1754 2643 νοῦν,
1783 2581 1952 2652 θύραν

364 2659 442 2730 τῷ
470 2660 614 2731 λόγῳ
641 2661 1042 2730 διανοιγνύντος
1077 2667 1210 2720 Θεοῦ
1248 2667 1350 2720 τοῦ.
1371 2668 1620 2737 λέγοντος
1657 2675 1766 2734 τοῖς
1793 2672 1948 2728 ἐλπί-

367 2749 548 2814 ξουσιν
589 2753 684 2806 ἐπὶ
725 2755 916 2808 αὐτόν·
966 2775 984 2806 ι
1027 2756 1128 2810 Καὶ
1174 2757 1330 2814 δώσω
1367 2777 1448 2812 σοι
1479 2761 1785 2832 θησαυροὺς
1829 2782 1950 2817 σκο-

370 2843 596 2908 τεινοὺς,
621 2845 996 2918 ἀποκρύφους,
1037 2850 1302 2920 ἀοράτους
1339 2851 1536 2917 ἁνοίξω
1577 2869 1680 2908 σοι.
1715 2873 1734 2904 ι

443 2930 508 3000 β’.
528 2933 900 3006 Κατειρήκασι
925 2937 1105 2990 τοίνυν
1127 2937 1222 2992 τοῦ
1247 2941 1524 3010 πανσύφον
1549 2943 1792 3006 Μωσέως
1827 2946 1952 3000 Ἀα-

378 3019 486 3090 ρών
515 3039 572 3074 τε
603 3025 696 3076 καὶ
723 3025 954 3098 Μαριὰμ
993 3027 1178 3084 ἕνεκεν
1213 3031 1313 3101 τῆς
1344 3033 1602 3098 γυναικὸς
1639 3033 1736 3102 τῆς
1769 3035 1949 3087 Αἰθιο-

2059 1957 2254 2012 morat,
2288 1950 2494 2020 quique
2521 1967 2630 2004 non
2656 1951 2710 2006 in
2739 1963 3074 2023 perpetuum
3099 1969 3278 2023 neque
3309 1951 3520 2006 infinita
3556 1952 3633 2004 ira

2059 2041 2112 2094 in
2141 2049 2460 2110 peccatores
2501 2045 2708 2109 saeviat,
2757 2044 2852 2100 sed
2907 2046 3000 2114 qui
3029 2046 3102 2100 ita
3138 2045 3390 2100 vulnerat
3429 2051 3488 2096 ut
3517 2051 3631 2114 posl

2055 2133 2268 2202 plagam
2295 2148 2515 2186 rursum
2534 2143 2689 2187 sanet
2723 2135 3046 2206 salvumque
3075 2136 3255 2190 faciat.
3279 2135 3450 2188 Totus
3471 2134 3635 2204 igitur

2054 2237 2248 2276 eorum
2274 2239 2394 2292 qua:
2421 2223 2512 2278 hic
2551 2228 2832 2296 proposita
2869 2237 2998 2282 sunt
3025 2245 3222 2298 scopus
3245 2229 3298 2281 in
3339 2227 3490 2280 hisce
3516 2241 3635 2296 qua‘

2055 2315 2368 2368 summatim
2399 2323 2456 2369 et
2493 2317 2687 2386 paucis
2742 2317 2877 2382 dixi,
2923 2329 3196 2374 versatur.
3253 2319 3410 2373 Nunc
3453 2327 3635 2372 autem

2053 2407 2420 2474 particulatim
2445 2407 2656 2476 singula
2703 2424 2896 2462 eorum
2933 2428 3052 2482 qu:e
3102 2411 3248 2464 dicta
3286 2419 3414 2464 sunt
3446 2425 3634 2480 prose-

2052 2509 2308 2566 quentes,
2365 2516 2584 2554 sensum
2611 2502 2702 2569 qui
2754 2503 2806 2555 in
2860 2503 2940 2556 eis
2983 2503 3135 2566 latet,
3189 2518 3484 2566 eruemus,
3527 2501 3636 2554 Deo

2049 2591 2249 2646 ostium
2277 2593 2514 2646 sermoni
2543 2601 2730 2646 nostro
2748 2595 3050 2664 aperiente,
3071 2595 3166 2663 qui
3187 2595 3636 2662 etdicitsperan-

2053 2682 2202 2736 tibus
2230 2683 2283 2735 in
2311 2698 2394 2737 se:
2424 2703 2440 2734 ι
2466 2683 2532 2736 Et
2551 2683 2694 2737 dabo
2718 2685 2816 2737 tibi
2851 2685 3140 2739 thesauros
3177 2683 3554 2748 absconditos,
3583 2690 3634 2737 et

2054 2775 2298 2830 tenebris
2325 2775 2551 2829 obrutos
2576 2783 2740 2846 atque
2766 2775 3071 2830 invisibiles
3111 2775 3352 2846 aperiam
3385 2775 3488 2830 tibi
3515 2775 3580 2828 ".
3615 2795 3630 2824 ι

2122 2955 2176 3008 ‘2.
2209 2957 2674 3012 Contraglixerunt
2701 2959 2882 3027 itai‘jue
2916 2959 3092 3011 Aaron
3123 2967 3178 3012 et
3203 2959 3370 3012 Maria
3402 2957 3634 3032 sapienti

2051 3047 2183 3102 Mosi
2221 3057 2446 3118 propter
2478 3049 2866 3119 zEthiopissam
2902 3067 3062 3120 quam
3102 3051 3350 3116 duxerat,
3388 3059 3443 3104 et
3481 3045 3635 3104 dixe?

375 3112 575 3182 πίσσης
621 3115 686 3184 ἢν
731 3116 910 3182 ἔλαϐε,
961 3122 1054 3174 κα).
1100 3118 1294 3176 εἶπαν·
1365 3141 1380 3173 ι
1443 3124 1532 3193 Μὴ
1578 3125 1750 3196 Μωσῇ
1801 3127 1946 3198 μόνῳ

2054 3148 2183 3192 runt
2219 3157 2229 3190 :
2268 3157 2284 3188 ι
2319 3138 2458 3191 Num
2507 3139 2638 3192 Mosi
2687 3139 2785 3193 soli
2829 3140 3048 3194 locutus
3079 3149 3162 3193 est
3197 3141 3370 3196 Deus?
3403 3142 3484 3194 An
3531 3157 3635 3194 non

371 3205 604 3276 ἐλάλησα
651 3207 887 3279 Κύριος;
935 3213 1068 3282 Οὐχί
1111 3217 1204 3266 καὶ
1251 3217 1385 3296 ήμζν
1442 3217 1710 3288 ἐλάλησες
1766 3239 1784 3272 ι
1842 3223 1947 3276 Δύο

367 3296 542 3349 ταῦτα
571 3298 670 3368 τῆς
711 3302 854 3354 κατὰ
891 3303 1131 3368 Μωσέως
1181 3307 1448 3378 φλυαρίας
1481 3308 1548 3361 τὰ
1591 3311 1948 3382 ἐγκλήματα,

367 3388 581 3458 πρῶτον
622 3390 744 3460 μὲν,
775 3393 862 3446 ὅτι
911 3399 1166 3462 γυναῖκα,
1217 3399 1384 3466 φημὶ,
1437 3400 1538 3468 τὴν
1592 3401 1946 3459 Αίθιὸπισσαν

367 3477 554 3532 ἔλαϐε·
587 3482 718 3549 πρὸς
749 3483 804 3534 δὲ
833 3483 990 3536 τοῦτο
1013 3485 1379 3558 δεύτερονητὸ
1419 3491 1612 3542 εἰπεῖν·
1650 3493 1740 3563 Μὴ
1773 3495 1944 3566 Μωσῇ

369 3569 514 3638 μόνῳ
540 3569 768 3641 ἐλάλησε
797 3573 1022 3646 Κύριος,
1057 3577 1176 3646 οὐχὶ
1205 3578 1298 3630 καὶ
1329 3581 1461 3648 ἡμῖν
1494 3581 1758 3653 ἐλάλησεν
1785 3603 1800 3650 ;
1857 3569 1945 3640 Ἐν

367 3661 465 3730 μὲν
507 3663 614 3732 γὰρ
653 3665 730 3733 τῷ
765 3665 965 3738 πρώτῳ
1011 3670 1356 3739 παρανομίας
1403 3672 1664 3743 ὑπομένει
1701 3681 1940 3749 γραφήν·

367 3753 422 3804 ἐν
453 3753 508 3805 δὲ
539 3753 614 3823 τῷ
651 3756 916 3828 δευτέρῳ,
951 3760 1012 3812 τὸ
1045 3761 1118 3829 μὴ
1145 3763 1204 3814 ὲν
1246 3761 1499 3830 μεγάλοις
1537 3768 1744 3838 σφόδρα
1776 3771 1939 3824 τεθεῖ.

365 3843 488 3896 σθαι
518 3845 752 3914 λέγεται,
783 3852 920 3920 μήτε
948 3853 1050 3922 μὴν
1075 3853 1349 3924 ἐξαίρετόν
1381 3871 1499 3908 τινα
1531 3860 1682 3929 παρὰ
1707 3863 1831 3924 τοὺς
1854 3863 1945 3916 ἄλο

365 3933 488 3997 λους
517 3938 808 4008 ἐσχηκέναι
837 3941 936 4010 τὴν
971 3943 1130 4013 χάριν
1151 3985 1165 4008 ,
1203 3947 1258 3998 εί
1281 3964 1344 4014 γε
1385 3951 1478 4000 καὶ
1511 3949 1720 4022 ἑτέροις
1755 3955 1945 4020 ὁρᾶται

364 4024 601 4097 λαλήσας
641 4029 790 4094 Θεὸς.
842 4033 1106 4104 Ἐροῦμεν
1141 4035 1200 4090 δὲ
1247 4041 1388 4092 κατὰ
1418 4039 1568 4104 τάξιν
1589 4083 1604 4104 ,
1638 4042 1715 4110 τῷ
1747 4044 1946 4116 πρώτῳ

367 4122 780 4190 κατηγορήματι
807 4124 898 4176 τὸν
936 4126 1150 4196 πρῶτον
1184 4129 1546 4196 ἀπονέμοντες
1577 4131 1734 4200 λόγον
1757 4148 1769 4160 ·
1803 4133 1945 4187 οὕτω

363 4226 424 4262 τε
463 4211 624 4264 πάλιν
657 4215 905 4268 ἐντεῦθεν
945 4217 1014 4270 τὰ
1055 4220 1120 4272 ὲκ
1159 4219 1268 4273 τῶν
1310 4223 1499 4276 τύπων
1525 4225 1604 4286 είς
1637 4224 1798 4277 αὑτὸν
1842 4227 1944 4296 ἤδη

361 4303 786 4374 μεταληψόμεθα
839 4307 931 4362 τὸν
989 4309 1246 4378 Χριστόν.
1309 4312 1549 4367 Γυναῖκα
1611 4307 1712 4384 μὲν
1763 4317 1943 4370 τοίνυν

362 4396 598 4464 ἠγάγετο
619 4399 714 4450 καὶ
749 4400 918 4456 πάλαι
949 4402 1180 4472 Μωσῆς,
1216 4406 1310 4457 καὶ
1339 4405 1583 4460 σύνοικον
1605 4406 1703 4477 τὴν
1733 4408 1944 4462 Μαδια-

2015 3223 2018 3226 ’
2049 3241 2106 3286 et
2141 3231 2302 3284 nobis
2331 3231 2550 3286 locutus
2580 3241 2662 3286 est
2691 3233 2772 3285 ’7?
2814 3254 2831 3283 ι
2880 3233 3105 3287 Duobus
3141 3233 3288 3287 hisce
3322 3234 3638 3290 nominibus

2045 3321 2232 3376 Mosen
2265 3321 2516 3376 incusant
2542 3341 2552 3374 :
2584 3321 2820 3392 primum
2841 3363 2856 3390 ,
2884 3325 3028 3394 quod
3051 3325 3438 3396 [Ethiopissam
3464 3326 3637 3380 duxe-

2049 3421 2134 3466 rat
2170 3411 2368 3466 deinde
2417 3413 2564 3482 quod
2610 3413 2660 3468 ei
2707 3413 2970 3468 Dominus
3015 3413 3114 3472 soli
3159 3415 3378 3468 locutus
3437 3415 3634 3468 fuerat.

2049 3502 2107 3556 In
2157 3503 2333 3574 primo
2375 3513 2635 3559 accusant
2682 3521 2807 3562 eum
2851 3506 3320 3578 prmvariealionis
3365 3505 3528 3576 legis;
3579 3503 3634 3558 in

2048 3598 2313 3660 secundo,
2343 3597 2489 3666 quod
2522 3613 2632 3652 non
2665 3597 2963 3652 admodum
3001 3597 3379 3669 magnificatus
3411 3598 3502 3660 sit,
3539 3611 3634 3650 ne-

2048 3705 2156 3759 que
2187 3701 2385 3760 prieter
2425 3698 2651 3745 caeteros
2683 3691 3014 3764 singularem
3046 3691 3320 3764 acceperit
3355 3690 3584 3760 gratiam
3621 3708 3631 3740 :

2049 3784 2320 3851 siquidem
2349 3783 2494 3837 Deus
2521 3783 2672 3837 visus
2701 3791 2785 3836 est
2815 3791 2870 3836 et
2899 3783 3021 3836 aliis
3052 3781 3224 3850 loqui.
3253 3775 3506 3834 Diceinus
3535 3795 3632 3832 au-

2051 3884 2156 3928 tem
2209 3876 2278 3930 de
2332 3876 2418 3930 his
2457 3875 2674 3940 ordine,
2708 3882 2764 3928 et
2805 3875 3044 3942 primum
3091 3874 3274 3926 locum
3327 3873 3636 3926 tribuemus

2049 3965 2240 4032 primae
2281 3963 2650 4028 accusationi;
2682 3964 2870 4032 sicque
2913 3965 3108 4017 iterum
3153 3979 3215 4016 ea
3252 3979 3372 4034 quae
3401 3963 3454 4015 in
3495 3962 3634 4031 typis

2049 4060 2177 4106 sunt
2227 4052 2282 4104 in
2338 4052 2516 4122 ipsum
2558 4051 2952 4106 transferemus
2985 4049 3282 4106 Christum.
3329 4051 3491 4105 Duxit
3529 4051 3632 4104 ita-

2048 4158 2155 4209 que
2182 4141 2356 4194 Moses
2391 4139 2570 4210 primo
2607 4155 2854 4207 uxorem,
2887 4150 2941 4194 et
2976 4144 3262 4214 conjugem
3304 4143 3408 4198 sibi
3456 4143 3633 4197 socia-

2045 4217 2126 4288 vit
2175 4233 2620 4296 Madianitidem,
2671 4233 2858 4300 filiam,
2893 4235 3136 4306 inquam.
3172 4237 3395 4302 Jethro;
3441 4246 3632 4306 postea

2049 4343 2200 4390 vero,
2237 4343 2346 4380 non
2385 4342 2553 4396 parvo
2582 4333 2824 4394 tempore
2873 4326 3181 4398 iulerjecto,
3224 4329 3381 4382 duxit
3415 4327 3630 4383 XEthio-

2047 4418 2248 4486 pissam
2288 4427 2344 4471 et
2377 4417 2740 4487 alienigenam
2775 4435 2836 4472 ac
2881 4420 3110 4488 nigram.
3151 4423 3311 4490 Atqui
3351 4421 3630 4490 legislator

361 4486 522 4582 νίτιδι
563 4490 878 4560 ἐποιήσατο,
897 4493 994 4564 τὴν
1036 4495 1204 4567 Ἰοθὸρ
1241 4498 1514 4567 θυγατέρα
1540 4501 1716 4571 φημί·
1749 4503 1942 4573 χρόνον

2049 4517 2236 4578 aperte
2280 4517 2530 4562 vetuerat
2579 4525 2644 4564 ne
2695 4509 2858 4580 380
2888 4512 3013 4580 quis
3047 4529 3110 4564 ex
3147 4513 3412 4582 sanguine
3463 4513 3628 4565 Israel

359 4576 416 4629 δὲ
443 4582 924 4650 παριππεύσαντος
945 4586 1006 4637 ού
1031 4587 1230 4657 μικροῦ
1253 4589 1349 4659 τὴν
1373 4592 1726 4646 Δίθιόπισσαν
1751 4596 1944 4657 ἐπεγά-

365 4685 474 4736 μει,
506 4672 598 4722 καὶ
639 4671 902 4745 ἀλλογενῆ
930 4677 1024 4729 καὶ
1054 4678 1330 4746 μέλαιναν.
1369 4683 1558 4735 Καίτοι
1597 4684 1689 4736 τοῦ
1724 4687 1942 4755 νομοθέ-

357 4776 449 4812 του
481 4763 668 4830 σαφῶς
695 4767 1119 4836 διαγγέλλοντος,
1147 4773 1220 4843 μὴ
1243 4775 1436 4843 χρῆναι
1459 4779 1569 4838 τοῖς
1595 4777 1942 4845 ἀλλογενέσιν

356 4850 492 4916 ὅλως
536 4856 864 4924 ἐπιμίσγεσο
909 4877 926 4911 ι
967 4863 1089 4924 τοὺς
1125 4865 1272 4928 υἱοὺς
1340 4864 1565 4936 Ἰσραήλ.
1603 4867 1788 4931 Οὕτως
1831 4869 1940 4940 γὰρ

337 5017 339 5022 1
371 4944 697 5012 τέτραπται·
759 4968 776 4998 ι
815 4950 925 5020 Τὴν
955 4951 1228 5026 θυγατέρα
1266 4974 1358 5009 σου
1401 4960 1460 5010 ού
1495 4959 1686 5023 δώσεις
1721 4961 1798 5032 τῷ
1840 4962 1940 5033 υἱῷ

335 5033 338 5036 ’
375 5033 544 5101 ιῦτοῦ,
571 5038 668 5090 καὶ
683 5039 781 5110 τὴν
807 5039 1079 5114 θυγατέρα
1101 5045 1267 5100 αὑτοῦ
1292 5049 1352 5101 οὐ
1375 5048 1520 5120 λήψῃ
1544 5049 1620 5120 τῷ
1645 5051 1743 5121 υἱῷ
1766 5070 1880 5106 σου.
1913 5071 1932 5104 ι

375 5125 496 5177 Ἐπὶ
525 5128 736 5194 τούτοις
764 5131 838 5194 ὡς
871 5138 1214 5206 παρανομίας
1246 5140 1273 5191 ὁ
1315 5141 1489 5210 μέγας
1525 5143 1767 5214 κρίνεται
1808 5149 1937 5200 Μω-

371 5223 480 5284 ιης,
511 5219 612 5272 ὑπο
633 5240 690 5276 τε
720 5224 813 5276 τοῦ
851 5226 1060 5298 Ἀαρὼν
1087 5231 1178 5282 καὶ
1204 5231 1304 5297 τῆς
1327 5233 1582 5302 Μαριὰμ,
1605 5237 1664 5288 οὐ
1693 5240 1937 5308 νενοηκό-

365 5327 484 5374 mw,
515 5315 654 5366 κατὰ
681 5317 741 5368 τὸ
775 5319 942 5382 εἰκὸς,
980 5323 1072 5373 καὶ
1101 5321 1167 5374 δι’
1197 5325 1360 5378 αὐτοῦ
1402 5326 1560 5379 πάλιν
1593 5328 1667 5390 ὡς
1698 5331 1753 5381 ἐν
1785 5333 1936 5402 τύπῳ

356 5403 414 5456 τὸ
442 5406 621 5472 καλῶς
651 5411 1007 5480 οἰκονομηθὲν
1047 5416 1342 5485 μυστήριον
1361 5459 1372 5477 ,
1401 5419 1538 5490 ὅπερ
1576 5420 1672 5490 ἤδη
1709 5425 1936 5494 φανερὸν

355 5495 428 5556 ὡς
471 5495 548 5548 ἔνι
577 5503 1030 5571 καταστήσομεν,
1056 5504 1151 5573 τὴν
1183 5504 1276 5556 τοῦ
1312 5510 1632 5577 πράγματος
1663 5511 1822 5578 φύσιν
1858 5515 1934 5574 εἰς

356 5587 516 5643 αὑτὸν
548 5586 606 5643 εὖ
639 5593 787 5661 μᾶλα
819 5596 1314 5660 κατασκευάζοντες
1356 5601 1444 5652 τὸν
1481 5603 1732 5671 Χριστὸν,
1766 5597 1806 5670 ᾧ
1847 5606 1936 5656 καὶ

427 5768 648 5824 “Num.
679 5786 768 5827 xu.
801 5771 948 5828 1—15.
1031 5775 1073 5805 ⁸⁵
1099 5776 1285 5831 Matth.
1322 5796 1392 5834 χι.
1426 5781 1512 5836 29.

1595 5784 1634 5812 μ
1667 5784 1769 5840 Ιέιι.
1814 5802 1931 5846 xu,
1969 5789 2020 5842 5.

2044 4616 2166 4655 cum
2211 4599 2539 4669 alienigenis
2570 4599 3042 4656 eouuniseeretur.
3081 4603 3154 4656 Ita
3183 4604 3328 4658 enim
3366 4603 3628 4672 scriptum

2041 4701 2126 4746 est
2156 4711 2166 4744 :
2201 4713 2218 4742 ‹
2251 4692 2438 4744 Filiam
2477 4699 2623 4745 tuam
2656 4709 2764 4746 non
2797 4693 2954 4748 dabis
2991 4693 3100 4748 lilio
3135 4695 3299 4758 illius,
3335 4709 3434 4748 nec
3465 4693 3630 4748 filiani

2042 4784 2161 4853 ejus
2199 4783 2436 4852 accipies
2481 4783 2592 4838 ﬁlio
2643 4793 2734 4838 tuo
2783 4803 3005 4839 uxorem
3033 4787 3100 4839 ’³.
3137 4807 3153 4837 ι
3203 4787 3328 4840 Ideo
3371 4793 3630 4853 tanquam

2045 4873 2432 4942 praevaricator
2459 4874 2884 4944 legisjudicatus
2917 4886 2996 4932 est
3031 4877 3202 4930 Moses
3231 4877 3299 4930 ah
3332 4878 3548 4928 Aaronc
3580 4887 3629 4928 el

2045 4967 2232 5032 Maria,
2275 4967 2676 5037 ignorantibus,
2716 4977 2774 5021 ut
2819 4969 3117 5023 verisimile
3167 4975 3270 5032 est,
3307 4969 3630 5039 mysterium

2043 5074 2141 5129 per
2187 5060 2364 5128 ipsum
2418 5059 2574 5127 quasi
2627 5059 2682 5112 in
2736 5069 2864 5130 typo
2912 5061 3138 5128 pulchre
3190 5060 3575 5115 adumbrat-um
3617 5077 3630 5112 :

2043 5151 2188 5219 quod
2222 5151 2466 5220 quidem,
2497 5151 2676 5220 quoad
2717 5153 2835 5220 ejus
2867 5151 2982 5204 ﬁeri
3012 5152 3234 5220 poterit,
3273 5155 3624 5222 perspicuum

2044 5243 2114 5296 ob
2149 5243 2338 5296 oculos
2375 5260 2664 5312 ponemus,
2718 5244 2794 5297 rei
2845 5243 3104 5296 nimirum
3153 5245 3324 5314 ipsius
3372 5255 3624 5300 naturam

2045 5335 2273 5404 pulchre
2326 5335 2392 5388 ad
2447 5335 2621 5402 ipsum
2678 5333 3025 5388 trzulucentes
3071 5335 3385 5402 Christum,
3433 5339 3522 5392 cui
3573 5348 3628 5394 et

2045 5442 2190 5479 num;
2219 5423 2380 5478 Mosis
2413 5425 2718 5476 tribuemus
2749 5440 3059 5494 personam.
3093 5427 3225 5481 Nam
3254 5429 3508 5485 Christus
3542 5441 3626 5486 est

2043 5515 2319 5585 legislator
2365 5524 2419 5567 et
2467 5516 2733 5568 mediator
2775 5517 2868 5570 Dei
2922 5526 3086 5587 atque
3133 5519 3438 5584 hominum,
3484 5523 3626 5577 sicut

2043 5605 2154 5657 fere
2192 5613 2241 5657 et
2269 5603 2376 5658 ille.
2414 5603 2691 5672 Siquidem
2719 5607 2884 5661 etiam
2911 5607 3000 5662 hic
3029 5611 3184 5666 nobis
3211 5611 3363 5665 illum
3395 5613 3623 5684 insigni—

2106 5792 2142 5819 ³⁷
2185 5789 2346 5846 Nam.
2390 5807 2480 5856 an,
2515 5793 2600 5852 2._
2645 5794 2685 5822 "“
2709 5795 2868 5852 DCIII.
2903 5813 2992 5861 HI.
3024 5800 3086 5861 5;
3122 5800 3292 5855 ῙέΧυιΙ.
3327 5819 3505 5862 λκκιγ,
3543 5802 3622 5855 Ῑΰι
