  <div class='ocr_page' id='page_1' title='image "/cluster/home/n/w/nwhite01/storage/ocr_20150623/69/mdp.39015078384446/306.png"; bbox 0 0 4094 6282; ppageno 0'>
   <div class='ocr_carea' id='block_1_1' title="bbox 435 297 545 356">
    <p class='ocr_par' dir='ltr' id='par_1_1' title="bbox 435 297 545 356">
     <span class='ocr_line' id='line_1_1' title="bbox 435 297 545 356; baseline -0.045 0"><span class='ocrx_word' id='word_1_1' title='bbox 435 297 545 356; x_wconf 67' lang='lat'><strong>807</strong></span> 
     </span>
    </p>
   </div>
   <div class='ocr_carea' id='block_1_2' title="bbox 1452 268 2711 355">
    <p class='ocr_par' dir='ltr' id='par_1_2' title="bbox 1452 268 2711 355">
     <span class='ocr_line' id='line_1_2' title="bbox 1452 268 2711 355; baseline -0.006 -2"><span class='ocrx_word' id='word_1_2' title='bbox 1452 296 1973 355; x_wconf 78' lang='lat' dir='ltr'><strong>GLAPHYRORUM</strong></span> <span class='ocrx_word' id='word_1_3' title='bbox 2015 295 2083 351; x_wconf 78' lang='lat' dir='ltr'><strong>1N</strong></span> <span class='ocrx_word' id='word_1_4' title='bbox 2123 294 2455 350; x_wconf 54' lang='lat' dir='ltr'><strong>mansues</strong></span> <span class='ocrx_word' id='word_1_5' title='bbox 2485 268 2711 348; x_wconf 56' lang='lat' dir='ltr'><strong>nam.</strong></span> 
     </span>
    </p>
   </div>
   <div class='ocr_carea' id='block_1_3' title="bbox 3599 292 3706 350">
    <p class='ocr_par' dir='ltr' id='par_1_3' title="bbox 3599 292 3706 350">
     <span class='ocr_line' id='line_1_3' title="bbox 3599 292 3706 350; baseline -0.019 0"><span class='ocrx_word' id='word_1_6' title='bbox 3599 292 3706 350; x_wconf 76' lang='lat'><strong>598</strong></span> 
     </span>
    </p>
   </div>
   <div class='ocr_carea' id='block_1_4' title="bbox 433 389 2020 501">
    <p class='ocr_par' dir='ltr' id='par_1_4' title="bbox 433 389 2012 501">
     <span class='ocr_line' id='line_1_4' title="bbox 433 389 2012 501; baseline -0.002 -30"><span class='ocrx_word' id='word_1_7' title='bbox 433 416 666 487; x_wconf 72' lang='grc' dir='ltr'>λέγομεν</span> <span class='ocrx_word' id='word_1_8' title='bbox 694 416 775 470; x_wconf 82' lang='grc' dir='ltr'><strong>δτι</strong></span> <span class='ocrx_word' id='word_1_9' title='bbox 795 415 1143 488; x_wconf 79' lang='grc' dir='ltr'>Σαμαρείτης</span> <span class='ocrx_word' id='word_1_10' title='bbox 1169 408 1219 501; x_wconf 62' lang='grc' dir='ltr'><strong>εί</strong></span> <span class='ocrx_word' id='word_1_11' title='bbox 1239 415 1327 482; x_wconf 77' lang='grc' dir='ltr'>σὺ,</span> <span class='ocrx_word' id='word_1_12' title='bbox 1358 417 1453 471; x_wconf 70' lang='grc' dir='ltr'>καὶ</span> <span class='ocrx_word' id='word_1_13' title='bbox 1476 389 1754 490; x_wconf 69' lang='grc' dir='ltr'>δαιμόνιον</span> <span class='ocrx_word' id='word_1_14' title='bbox 1788 419 1962 490; x_wconf 72' lang='grc' dir='ltr'>εχειςς</span> <span class='ocrx_word' id='word_1_15' title='bbox 1996 437 2012 468; x_wconf 75' lang='grc' dir='ltr'><strong>ι</strong></span> 
     </span>
    </p>
   </div>
   <div class='ocr_carea' id='block_1_5' title="bbox 2125 389 3709 501">
    <p class='ocr_par' dir='ltr' id='par_1_5' title="bbox 2125 416 3709 489">
     <span class='ocr_line' id='line_1_5' title="bbox 2125 416 3709 489; baseline -0.002 -17"><span class='ocrx_word' id='word_1_16' title='bbox 2125 418 2371 473; x_wconf 90' lang='lat' dir='ltr'><strong>monium</strong></span> <span class='ocrx_word' id='word_1_17' title='bbox 2401 419 2551 489; x_wconf 88' lang='lat' dir='ltr'><strong>quod</strong></span> <span class='ocrx_word' id='word_1_18' title='bbox 2586 429 2671 475; x_wconf 82' lang='lat' dir='ltr'><strong>est</strong></span> <span class='ocrx_word' id='word_1_19' title='bbox 2721 419 2775 474; x_wconf 88' lang='lat' dir='ltr'><strong>iu</strong></span> <span class='ocrx_word' id='word_1_20' title='bbox 2804 418 3007 475; x_wconf 65' lang='lat' dir='ltr'><strong>Graecis</strong></span> <span class='ocrx_word' id='word_1_21' title='bbox 3040 436 3052 471; x_wconf 90' lang='lat'>:</span> <span class='ocrx_word' id='word_1_22' title='bbox 3082 416 3402 472; x_wconf 80' lang='lat' dir='ltr'><strong>idololatras</strong></span> <span class='ocrx_word' id='word_1_23' title='bbox 3425 416 3571 471; x_wconf 81' lang='lat' dir='ltr'><strong>enim</strong></span> <span class='ocrx_word' id='word_1_24' title='bbox 3598 416 3709 469; x_wconf 86' lang='grc' dir='ltr'>δαι-</span> 
     </span>
    </p>
   </div>
   <div class='ocr_carea' id='block_1_6' title="bbox 386 480 2020 581">
    <p class='ocr_par' dir='ltr' id='par_1_6' title="bbox 386 480 2020 581">
     <span class='ocr_line' id='line_1_6' title="bbox 386 480 2020 581; baseline 0.001 -19"><span class='ocrx_word' id='word_1_25' title='bbox 386 480 405 525; x_wconf 53' lang='grc' dir='ltr'><strong>Ὶ</strong></span> <span class='ocrx_word' id='word_1_26' title='bbox 434 480 606 580; x_wconf 41' lang='lat' dir='ltr'><strong>lli—pi]</strong></span> <span class='ocrx_word' id='word_1_27' title='bbox 632 507 743 579; x_wconf 81' lang='grc' dir='ltr'><strong>γάρ</strong></span> <span class='ocrx_word' id='word_1_28' title='bbox 769 480 900 578; x_wconf 73' lang='grc' dir='ltr'>φασι</span> <span class='ocrx_word' id='word_1_29' title='bbox 928 480 996 563; x_wconf 74' lang='grc' dir='ltr'><strong>τά</strong></span> <span class='ocrx_word' id='word_1_30' title='bbox 1015 480 1395 580; x_wconf 63' lang='grc' dir='ltr'>Σαμαρειτῶν,</span> <span class='ocrx_word' id='word_1_31' title='bbox 1420 510 1469 562; x_wconf 79' lang='grc' dir='ltr'><strong>εί</strong></span> <span class='ocrx_word' id='word_1_32' title='bbox 1500 480 1851 581; x_wconf 50' lang='grc' dir='ltr'>μὴ’φιλέλλην</span> <span class='ocrx_word' id='word_1_33' title='bbox 1875 480 2020 581; x_wconf 77' lang='grc' dir='ltr'>ἦσθα</span> 
     </span>
    </p>
   </div>
   <div class='ocr_carea' id='block_1_7' title="bbox 437 597 2021 675">
    <p class='ocr_par' dir='ltr' id='par_1_7' title="bbox 437 597 2021 675">
     <span class='ocr_line' id='line_1_7' title="bbox 437 597 2021 675; baseline 0.003 -23"><span class='ocrx_word' id='word_1_34' title='bbox 437 598 530 653; x_wconf 82' lang='grc' dir='ltr'>καὶ</span> <span class='ocrx_word' id='word_1_35' title='bbox 574 597 960 672; x_wconf 75' lang='grc' dir='ltr'>φιλαλλογινής</span> <span class='ocrx_word' id='word_1_36' title='bbox 984 638 999 665; x_wconf 93' lang='grc'><strong>,</strong></span> <span class='ocrx_word' id='word_1_37' title='bbox 1032 601 1131 654; x_wconf 84' lang='grc' dir='ltr'>οὐκ</span> <span class='ocrx_word' id='word_1_38' title='bbox 1175 599 1243 656; x_wconf 78' lang='grc' dir='ltr'><strong>ἀν</strong></span> <span class='ocrx_word' id='word_1_39' title='bbox 1273 601 1411 666; x_wconf 83' lang='grc' dir='ltr'><strong>ὅλως</strong></span> <span class='ocrx_word' id='word_1_40' title='bbox 1457 599 1760 675; x_wconf 76' lang='grc' dir='ltr'>ἀνιμίχθης</span> <span class='ocrx_word' id='word_1_41' title='bbox 1804 604 1920 668; x_wconf 84' lang='grc' dir='ltr'>τοῖς</span> <span class='ocrx_word' id='word_1_42' title='bbox 1962 602 2021 670; x_wconf 73' lang='grc' dir='ltr'><strong>ἐξ</strong></span> 
     </span>
    </p>
   </div>
   <div class='ocr_carea' id='block_1_8' title="bbox 434 688 2022 769">
    <p class='ocr_par' dir='ltr' id='par_1_8' title="bbox 434 688 2022 769">
     <span class='ocr_line' id='line_1_8' title="bbox 434 688 2022 769; baseline 0.003 -25"><span class='ocrx_word' id='word_1_43' title='bbox 434 688 630 748; x_wconf 61' lang='grc' dir='ltr'>ἐθνῶν.</span> <span class='ocrx_word' id='word_1_44' title='bbox 676 692 789 747; x_wconf 76' lang='grc' dir='ltr'><strong>Καὶ</strong></span> <span class='ocrx_word' id='word_1_45' title='bbox 819 693 868 747; x_wconf 75' lang='grc' dir='ltr'><strong>εί</strong></span> <span class='ocrx_word' id='word_1_46' title='bbox 903 693 980 765; x_wconf 75' lang='grc' dir='ltr'><strong>μή</strong></span> <span class='ocrx_word' id='word_1_47' title='bbox 1024 693 1086 748; x_wconf 80' lang='grc' dir='ltr'>τὸ</span> <span class='ocrx_word' id='word_1_48' title='bbox 1120 695 1179 748; x_wconf 70' lang='grc' dir='ltr'>ὲν</span> <span class='ocrx_word' id='word_1_49' title='bbox 1211 691 1438 766; x_wconf 79' lang='grc' dir='ltr'>Ἕλλησι</span> <span class='ocrx_word' id='word_1_50' title='bbox 1469 693 1746 767; x_wconf 75' lang='grc' dir='ltr'><strong>δαιμόνων</strong></span> <span class='ocrx_word' id='word_1_51' title='bbox 1777 695 2022 769; x_wconf 79' lang='grc' dir='ltr'><strong>ὑπῆρχεν</strong></span> 
     </span>
    </p>
   </div>
   <div class='ocr_carea' id='block_1_9' title="bbox 436 782 2019 857">
    <p class='ocr_par' dir='ltr' id='par_1_9' title="bbox 436 782 2019 857">
     <span class='ocr_line' id='line_1_9' title="bbox 436 782 2019 857; baseline 0.003 -22"><span class='ocrx_word' id='word_1_52' title='bbox 436 785 494 836; x_wconf 69' lang='grc' dir='ltr'>ιν</span> <span class='ocrx_word' id='word_1_53' title='bbox 512 783 614 837; x_wconf 72' lang='grc' dir='ltr'>σοίο</span> <span class='ocrx_word' id='word_1_54' title='bbox 637 782 1063 853; x_wconf 79' lang='grc' dir='ltr'>δαιμονιῶντας</span> <span class='ocrx_word' id='word_1_55' title='bbox 1082 784 1191 856; x_wconf 87' lang='grc' dir='ltr'><strong>γάρ</strong></span> <span class='ocrx_word' id='word_1_56' title='bbox 1211 785 1439 841; x_wconf 65' lang='grc' dir='ltr'>ἐκάλουν</span> <span class='ocrx_word' id='word_1_57' title='bbox 1461 787 1588 852; x_wconf 83' lang='grc' dir='ltr'>τοὺς</span> <span class='ocrx_word' id='word_1_58' title='bbox 1609 786 2019 857; x_wconf 81' lang='grc' dir='ltr'>εἰδωλολάτρας,</span> 
     </span>
    </p>
   </div>
   <div class='ocr_carea' id='block_1_10' title="bbox 436 873 2018 948">
    <p class='ocr_par' dir='ltr' id='par_1_10' title="bbox 436 873 2018 948">
     <span class='ocr_line' id='line_1_10' title="bbox 436 873 2018 948; baseline 0.003 -20"><span class='ocrx_word' id='word_1_59' title='bbox 436 874 528 928; x_wconf 69' lang='grc' dir='ltr'><strong>διὰ</strong></span> <span class='ocrx_word' id='word_1_60' title='bbox 554 873 645 927; x_wconf 76' lang='grc' dir='ltr'>τὸν</span> <span class='ocrx_word' id='word_1_61' title='bbox 671 875 730 927; x_wconf 81' lang='grc' dir='ltr'>ὲν</span> <span class='ocrx_word' id='word_1_62' title='bbox 748 874 927 939; x_wconf 79' lang='grc' dir='ltr'>αὐτοῖς</span> <span class='ocrx_word' id='word_1_63' title='bbox 950 876 1080 930; x_wconf 75' lang='grc' dir='ltr'>ὄντα</span> <span class='ocrx_word' id='word_1_64' title='bbox 1101 875 1368 943; x_wconf 75' lang='grc' dir='ltr'>διάϐολον,</span> <span class='ocrx_word' id='word_1_65' title='bbox 1400 878 1500 930; x_wconf 75' lang='grc' dir='ltr'><strong>οὐκ</strong></span> <span class='ocrx_word' id='word_1_66' title='bbox 1522 874 1588 930; x_wconf 79' lang='grc' dir='ltr'><strong>ἀν</strong></span> <span class='ocrx_word' id='word_1_67' title='bbox 1613 878 1672 930; x_wconf 83' lang='grc' dir='ltr'>ὲν</span> <span class='ocrx_word' id='word_1_68' title='bbox 1698 875 1776 947; x_wconf 80' lang='grc' dir='ltr'>τῷ</span> <span class='ocrx_word' id='word_1_69' title='bbox 1809 876 2018 948; x_wconf 75' lang='grc' dir='ltr'>μηδενὶ.</span> 
     </span>
    </p>
   </div>
   <div class='ocr_carea' id='block_1_11' title="bbox 437 966 2020 1046">
    <p class='ocr_par' dir='ltr' id='par_1_11' title="bbox 437 966 2020 1046">
     <span class='ocr_line' id='line_1_11' title="bbox 437 966 2020 1046; baseline 0.001 -28"><span class='ocrx_word' id='word_1_70' title='bbox 437 966 622 1033; x_wconf 78' lang='grc' dir='ltr'>φασὶν,</span> <span class='ocrx_word' id='word_1_71' title='bbox 653 967 894 1037; x_wconf 75' lang='grc' dir='ltr'><strong>ἐποιήσω</strong></span> <span class='ocrx_word' id='word_1_72' title='bbox 943 967 1085 1039; x_wconf 83' lang='grc' dir='ltr'>λόγῳ</span> <span class='ocrx_word' id='word_1_73' title='bbox 1113 970 1222 1023; x_wconf 82' lang='grc' dir='ltr'><strong>τῶν</strong></span> <span class='ocrx_word' id='word_1_74' title='bbox 1256 968 1497 1040; x_wconf 78' lang='grc' dir='ltr'>νομικῶν</span> <span class='ocrx_word' id='word_1_75' title='bbox 1538 969 1890 1046; x_wconf 78' lang='grc' dir='ltr'>ένταλμάτων</span> <span class='ocrx_word' id='word_1_76' title='bbox 1922 968 2020 1040; x_wconf 77' lang='grc' dir='ltr'><strong>τήν</strong></span> 
     </span>
    </p>
   </div>
   <div class='ocr_carea' id='block_1_12' title="bbox 438 1054 2019 1131">
    <p class='ocr_par' dir='ltr' id='par_1_12' title="bbox 438 1054 2019 1131">
     <span class='ocr_line' id='line_1_12' title="bbox 438 1054 2019 1131; baseline 0.003 -25"><span class='ocrx_word' id='word_1_77' title='bbox 438 1054 768 1124; x_wconf 76' lang='grc' dir='ltr'>παράϐασιν.</span> <span class='ocrx_word' id='word_1_78' title='bbox 803 1056 914 1111; x_wconf 77' lang='grc' dir='ltr'><strong>Καὶ</strong></span> <span class='ocrx_word' id='word_1_79' title='bbox 943 1058 1024 1113; x_wconf 74' lang='grc' dir='ltr'>ὅτι</span> <span class='ocrx_word' id='word_1_80' title='bbox 1057 1059 1297 1130; x_wconf 89' lang='grc' dir='ltr'>μάλιστα</span> <span class='ocrx_word' id='word_1_81' title='bbox 1348 1059 1634 1131; x_wconf 75' lang='grc' dir='ltr'><strong>πλήρωσις</strong></span> <span class='ocrx_word' id='word_1_82' title='bbox 1668 1059 1870 1131; x_wconf 77' lang='grc' dir='ltr'>μᾶλλόν</span> <span class='ocrx_word' id='word_1_83' title='bbox 1904 1061 2019 1114; x_wconf 71' lang='grc' dir='ltr'>ἐστι</span> 
     </span>
    </p>
   </div>
   <div class='ocr_carea' id='block_1_13' title="bbox 432 1128 2021 1222">
    <p class='ocr_par' dir='ltr' id='par_1_13' title="bbox 432 1128 2021 1222">
     <span class='ocr_line' id='line_1_13' title="bbox 432 1128 2021 1222; baseline 0.004 -24"><span class='ocrx_word' id='word_1_84' title='bbox 432 1144 599 1214; x_wconf 83' lang='grc' dir='ltr'>νόμου</span> <span class='ocrx_word' id='word_1_85' title='bbox 629 1145 699 1200; x_wconf 90' lang='grc' dir='ltr'><strong>τά</strong></span> <span class='ocrx_word' id='word_1_86' title='bbox 724 1146 815 1202; x_wconf 90' lang='grc' dir='ltr'><strong>διά</strong></span> <span class='ocrx_word' id='word_1_87' title='bbox 842 1128 1113 1218; x_wconf 70' lang='grc' dir='ltr'>Χριστοῧ.</span> <span class='ocrx_word' id='word_1_88' title='bbox 1149 1150 1243 1205; x_wconf 75' lang='grc' dir='ltr'>καὶ</span> <span class='ocrx_word' id='word_1_89' title='bbox 1287 1150 1348 1205; x_wconf 82' lang='grc' dir='ltr'>οὐ</span> <span class='ocrx_word' id='word_1_90' title='bbox 1391 1128 1743 1222; x_wconf 23' lang='grc' dir='ltr'><strong>2ιιιατριὶδασις,</strong></span> <span class='ocrx_word' id='word_1_91' title='bbox 1784 1149 1927 1206; x_wconf 88' lang='grc' dir='ltr'><strong>κατά</strong></span> <span class='ocrx_word' id='word_1_92' title='bbox 1961 1150 2021 1205; x_wconf 76' lang='grc' dir='ltr'>τὸ</span> 
     </span>
    </p>
   </div>
   <div class='ocr_carea' id='block_1_14' title="bbox 431 1234 2020 1315">
    <p class='ocr_par' dir='ltr' id='par_1_14' title="bbox 431 1234 2020 1315">
     <span class='ocr_line' id='line_1_14' title="bbox 431 1234 2020 1315; baseline 0.003 -25"><span class='ocrx_word' id='word_1_93' title='bbox 431 1237 721 1309; x_wconf 66' lang='grc' dir='ltr'>εἰρημένον</span> <span class='ocrx_word' id='word_1_94' title='bbox 750 1240 882 1312; x_wconf 82' lang='grc' dir='ltr'>παρ’</span> <span class='ocrx_word' id='word_1_95' title='bbox 926 1240 1113 1294; x_wconf 72' lang='grc' dir='ltr'>αὐτοῦ’</span> <span class='ocrx_word' id='word_1_96' title='bbox 1166 1260 1184 1294; x_wconf 80' lang='grc' dir='ltr'><strong>ι</strong></span> <span class='ocrx_word' id='word_1_97' title='bbox 1226 1240 1338 1296; x_wconf 81' lang='grc' dir='ltr'>Οὐκ</span> <span class='ocrx_word' id='word_1_98' title='bbox 1374 1234 1538 1315; x_wconf 80' lang='grc' dir='ltr'>ἦλθον</span> <span class='ocrx_word' id='word_1_99' title='bbox 1580 1241 1882 1297; x_wconf 82' lang='grc' dir='ltr'>καταλῦσαι</span> <span class='ocrx_word' id='word_1_100' title='bbox 1929 1242 2020 1296; x_wconf 82' lang='grc' dir='ltr'>τὸν</span> 
     </span>
    </p>
   </div>
   <div class='ocr_carea' id='block_1_15' title="bbox 430 1328 2020 1406">
    <p class='ocr_par' dir='ltr' id='par_1_15' title="bbox 430 1328 2020 1406">
     <span class='ocr_line' id='line_1_15' title="bbox 430 1328 2020 1406; baseline 0.001 -21"><span class='ocrx_word' id='word_1_101' title='bbox 430 1328 621 1402; x_wconf 88' lang='grc' dir='ltr'>νόμον,</span> <span class='ocrx_word' id='word_1_102' title='bbox 669 1329 808 1385; x_wconf 83' lang='grc' dir='ltr'><strong>ἀλλά</strong></span> <span class='ocrx_word' id='word_1_103' title='bbox 837 1331 1147 1404; x_wconf 84' lang='grc' dir='ltr'>πληρῶσαι.</span> <span class='ocrx_word' id='word_1_104' title='bbox 1178 1351 1199 1386; x_wconf 74' lang='grc' dir='ltr'><strong>ο</strong></span> <span class='ocrx_word' id='word_1_105' title='bbox 1234 1328 1341 1387; x_wconf 87' lang='grc' dir='ltr'>Ἦν</span> <span class='ocrx_word' id='word_1_106' title='bbox 1375 1334 1481 1406; x_wconf 85' lang='grc' dir='ltr'><strong>γὰρ</strong></span> <span class='ocrx_word' id='word_1_107' title='bbox 1512 1334 1675 1405; x_wconf 81' lang='grc' dir='ltr'>μόνου</span> <span class='ocrx_word' id='word_1_108' title='bbox 1709 1333 1804 1388; x_wconf 75' lang='grc' dir='ltr'><strong>τοῦ</strong></span> <span class='ocrx_word' id='word_1_109' title='bbox 1840 1335 2020 1406; x_wconf 85' lang='grc' dir='ltr'>γράμ-</span> 
     </span>
    </p>
   </div>
   <div class='ocr_carea' id='block_1_16' title="bbox 435 1420 2053 1497">
    <p class='ocr_par' dir='ltr' id='par_1_16' title="bbox 435 1420 2053 1497">
     <span class='ocr_line' id='line_1_16' title="bbox 435 1420 2053 1497; baseline 0.006 -28"><span class='ocrx_word' id='word_1_110' title='bbox 435 1434 609 1487; x_wconf 83' lang='grc' dir='ltr'>ματος</span> <span class='ocrx_word' id='word_1_111' title='bbox 659 1422 973 1493; x_wconf 76' lang='grc' dir='ltr'>μετασκευὴ</span> <span class='ocrx_word' id='word_1_112' title='bbox 1023 1422 1157 1493; x_wconf 86' lang='grc' dir='ltr'>πρὸς</span> <span class='ocrx_word' id='word_1_113' title='bbox 1184 1421 1464 1494; x_wconf 81' lang='grc' dir='ltr'>ἀλήθειαν.</span> <span class='ocrx_word' id='word_1_114' title='bbox 1506 1424 1565 1478; x_wconf 84' lang='lat'><strong>&#39;0</strong></span> <span class='ocrx_word' id='word_1_115' title='bbox 1618 1424 1718 1497; x_wconf 84' lang='grc' dir='ltr'>μὲν</span> <span class='ocrx_word' id='word_1_116' title='bbox 1769 1420 1865 1479; x_wconf 80' lang='grc' dir='ltr'>οὖν</span> <span class='ocrx_word' id='word_1_117' title='bbox 1923 1424 2053 1496; x_wconf 74' lang='grc' dir='ltr'>τῆς</span> 
     </span>
    </p>
   </div>
   <div class='ocr_carea' id='block_1_17' title="bbox 432 1508 2019 1586">
    <p class='ocr_par' dir='ltr' id='par_1_17' title="bbox 432 1508 2019 1586">
     <span class='ocr_line' id='line_1_17' title="bbox 432 1508 2019 1586; baseline 0.004 -25"><span class='ocrx_word' id='word_1_118' title='bbox 432 1508 528 1562; x_wconf 65' lang='grc' dir='ltr'><strong>ἰπὶ</strong></span> <span class='ocrx_word' id='word_1_119' title='bbox 560 1511 626 1580; x_wconf 77' lang='grc' dir='ltr'>τῇ</span> <span class='ocrx_word' id='word_1_120' title='bbox 658 1509 887 1583; x_wconf 80' lang='grc' dir='ltr'><strong>μελαίνῃ</strong></span> <span class='ocrx_word' id='word_1_121' title='bbox 926 1513 1263 1585; x_wconf 79' lang='grc' dir='ltr'><strong>κατηγορίας</strong></span> <span class='ocrx_word' id='word_1_122' title='bbox 1298 1514 1498 1586; x_wconf 82' lang='grc' dir='ltr'>τρόπος</span> <span class='ocrx_word' id='word_1_123' title='bbox 1542 1515 1600 1569; x_wconf 78' lang='grc' dir='ltr'>ὲν</span> <span class='ocrx_word' id='word_1_124' title='bbox 1642 1514 1885 1580; x_wconf 78' lang='grc' dir='ltr'><strong>τούτοις,</strong></span> <span class='ocrx_word' id='word_1_125' title='bbox 1926 1517 2019 1569; x_wconf 73' lang='grc' dir='ltr'>καὶ</span> 
     </span>
    </p>
   </div>
   <div class='ocr_carea' id='block_1_18' title="bbox 432 1599 2019 1677">
    <p class='ocr_par' dir='ltr' id='par_1_18' title="bbox 432 1599 2019 1677">
     <span class='ocr_line' id='line_1_18' title="bbox 432 1599 2019 1677; baseline 0.006 -26"><span class='ocrx_word' id='word_1_126' title='bbox 432 1600 470 1668; x_wconf 81' lang='grc' dir='ltr'><strong>ή</strong></span> <span class='ocrx_word' id='word_1_127' title='bbox 504 1599 602 1669; x_wconf 83' lang='grc' dir='ltr'>τῆς</span> <span class='ocrx_word' id='word_1_128' title='bbox 631 1602 690 1653; x_wconf 85' lang='grc' dir='ltr'>ὲν</span> <span class='ocrx_word' id='word_1_129' title='bbox 721 1601 942 1675; x_wconf 82' lang='grc' dir='ltr'>Χριστῷ</span> <span class='ocrx_word' id='word_1_130' title='bbox 973 1603 1302 1677; x_wconf 83' lang='grc' dir='ltr'>δυστροπίας</span> <span class='ocrx_word' id='word_1_131' title='bbox 1333 1603 1517 1674; x_wconf 83' lang='grc' dir='ltr'>εἰκὼν,</span> <span class='ocrx_word' id='word_1_132' title='bbox 1547 1606 1621 1673; x_wconf 83' lang='grc' dir='ltr'><strong>ὡς</strong></span> <span class='ocrx_word' id='word_1_133' title='bbox 1654 1608 1711 1661; x_wconf 84' lang='grc' dir='ltr'>ὲν</span> <span class='ocrx_word' id='word_1_134' title='bbox 1739 1609 1848 1671; x_wconf 86' lang='grc' dir='ltr'>τοῖς</span> <span class='ocrx_word' id='word_1_135' title='bbox 1877 1606 2019 1662; x_wconf 73' lang='grc' dir='ltr'>κατὰ</span> 
     </span>
    </p>
   </div>
   <div class='ocr_carea' id='block_1_19' title="bbox 435 1694 2016 1771">
    <p class='ocr_par' dir='ltr' id='par_1_19' title="bbox 435 1694 2016 1771">
     <span class='ocr_line' id='line_1_19' title="bbox 435 1694 2016 1771; baseline 0.004 -23"><span class='ocrx_word' id='word_1_136' title='bbox 435 1694 644 1751; x_wconf 73' lang='grc' dir='ltr'>Μωσέα</span> <span class='ocrx_word' id='word_1_137' title='bbox 670 1695 1045 1771; x_wconf 87' lang='grc' dir='ltr'>ληφθήσεται,</span> <span class='ocrx_word' id='word_1_138' title='bbox 1090 1700 1190 1771; x_wconf 85' lang='grc' dir='ltr'>τὴν</span> <span class='ocrx_word' id='word_1_139' title='bbox 1235 1700 1292 1754; x_wconf 73' lang='grc' dir='ltr'>δι</span> <span class='ocrx_word' id='word_1_140' title='bbox 1331 1701 1505 1771; x_wconf 86' lang='grc' dir='ltr'>τούτῳ</span> <span class='ocrx_word' id='word_1_141' title='bbox 1540 1702 1635 1756; x_wconf 72' lang='grc' dir='ltr'>καὶ</span> <span class='ocrx_word' id='word_1_142' title='bbox 1674 1701 1890 1770; x_wconf 78' lang='grc' dir='ltr'>γείτονα</span> <span class='ocrx_word' id='word_1_143' title='bbox 1919 1700 2016 1754; x_wconf 70' lang='grc' dir='ltr'>καὶ</span> 
     </span>
    </p>
   </div>
   <div class='ocr_carea' id='block_1_20' title="bbox 2127 508 3705 585">
    <p class='ocr_par' dir='ltr' id='par_1_20' title="bbox 2127 508 3705 585">
     <span class='ocr_line' id='line_1_20' title="bbox 2127 508 3705 585; baseline 0 -22"><span class='ocrx_word' id='word_1_144' title='bbox 2127 509 2427 583; x_wconf 74' lang='grc' dir='ltr'>μονιῶντας</span> <span class='ocrx_word' id='word_1_145' title='bbox 2460 521 2685 582; x_wconf 76' lang='lat' dir='ltr'><strong>propter</strong></span> <span class='ocrx_word' id='word_1_146' title='bbox 2713 510 3017 574; x_wconf 85' lang='lat' dir='ltr'><strong>diabolum,</strong></span> <span class='ocrx_word' id='word_1_147' title='bbox 3053 509 3148 581; x_wconf 98' lang='lat' dir='ltr'><strong>qui</strong></span> <span class='ocrx_word' id='word_1_148' title='bbox 3190 508 3339 578; x_wconf 84' lang='lat' dir='ltr'><strong>ipsos</strong></span> <span class='ocrx_word' id='word_1_149' title='bbox 3372 508 3705 585; x_wconf 68' lang='lat' dir='ltr'><strong>exagitabat,</strong></span> 
     </span>
    </p>
   </div>
   <div class='ocr_carea' id='block_1_21' title="bbox 2122 597 3704 689">
    <p class='ocr_par' dir='ltr' id='par_1_21' title="bbox 2122 597 3704 689">
     <span class='ocr_line' id='line_1_21' title="bbox 2122 597 3704 689; baseline 0.013 -35"><span class='ocrx_word' id='word_1_150' title='bbox 2122 601 2413 668; x_wconf 83' lang='lat' dir='ltr'><strong>vocabant,</strong></span> <span class='ocrx_word' id='word_1_151' title='bbox 2455 617 2567 657; x_wconf 79' lang='lat' dir='ltr'><strong>non</strong></span> <span class='ocrx_word' id='word_1_152' title='bbox 2604 602 2829 673; x_wconf 80' lang='lat' dir='ltr'><strong>quidem</strong></span> <span class='ocrx_word' id='word_1_153' title='bbox 2863 608 3017 657; x_wconf 81' lang='lat' dir='ltr'><strong>certe</strong></span> <span class='ocrx_word' id='word_1_154' title='bbox 3054 601 3128 655; x_wconf 80' lang='lat' dir='ltr'><strong>ita</strong></span> <span class='ocrx_word' id='word_1_155' title='bbox 3162 597 3536 689; x_wconf 51' lang='lat' dir='ltr'><strong>vitim?“</strong></span> <span class='ocrx_word' id='word_1_156' title='bbox 3554 598 3704 673; x_wconf 62' lang='grc'><strong>1⁸8³³</strong></span> 
     </span>
    </p>
   </div>
   <div class='ocr_carea' id='block_1_22' title="bbox 2122 690 3706 767">
    <p class='ocr_par' dir='ltr' id='par_1_22' title="bbox 2122 690 3706 767">
     <span class='ocr_line' id='line_1_22' title="bbox 2122 690 3706 767; baseline -0.001 -17"><span class='ocrx_word' id='word_1_157' title='bbox 2122 695 2259 750; x_wconf 89' lang='lat' dir='ltr'><strong>lium</strong></span> <span class='ocrx_word' id='word_1_158' title='bbox 2290 704 2691 766; x_wconf 56' lang='lat' dir='ltr'><strong>praceptorum</strong></span> <span class='ocrx_word' id='word_1_159' title='bbox 2722 694 3239 767; x_wconf 72' lang='lat' dir='ltr'><strong>transgressionem.</strong></span> <span class='ocrx_word' id='word_1_160' title='bbox 3283 690 3606 762; x_wconf 81' lang='lat' dir='ltr'><strong>Quanquam</strong></span> <span class='ocrx_word' id='word_1_161' title='bbox 3644 708 3706 748; x_wconf 89' lang='lat' dir='ltr'><strong>ea</strong></span> 
     </span>
    </p>
   </div>
   <div class='ocr_carea' id='block_1_23' title="bbox 2122 783 3713 857">
    <p class='ocr_par' dir='ltr' id='par_1_23' title="bbox 2122 783 3713 857">
     <span class='ocr_line' id='line_1_23' title="bbox 2122 783 3713 857; baseline -0.003 -16"><span class='ocrx_word' id='word_1_162' title='bbox 2122 801 2247 856; x_wconf 67' lang='lat' dir='ltr'><strong>qua:</strong></span> <span class='ocrx_word' id='word_1_163' title='bbox 2289 800 2389 855; x_wconf 89' lang='lat' dir='ltr'><strong>per</strong></span> <span class='ocrx_word' id='word_1_164' title='bbox 2426 785 2608 857; x_wconf 87' lang='lat' dir='ltr'><strong>ipsum</strong></span> <span class='ocrx_word' id='word_1_165' title='bbox 2654 793 2808 857; x_wconf 88' lang='lat' dir='ltr'><strong>gesta</strong></span> <span class='ocrx_word' id='word_1_166' title='bbox 2856 792 3006 849; x_wconf 91' lang='lat' dir='ltr'><strong>sunt,</strong></span> <span class='ocrx_word' id='word_1_167' title='bbox 3049 783 3239 840; x_wconf 83' lang='lat' dir='ltr'><strong>verius</strong></span> <span class='ocrx_word' id='word_1_168' title='bbox 3287 783 3537 854; x_wconf 89' lang='lat' dir='ltr'><strong>impletio</strong></span> <span class='ocrx_word' id='word_1_169' title='bbox 3576 783 3713 854; x_wconf 65' lang='lat' dir='ltr'><strong>legis</strong></span> 
     </span>
    </p>
   </div>
   <div class='ocr_carea' id='block_1_24' title="bbox 2122 875 3711 950">
    <p class='ocr_par' dir='ltr' id='par_1_24' title="bbox 2122 875 3711 950">
     <span class='ocr_line' id='line_1_24' title="bbox 2122 875 3711 950; baseline -0.002 -18"><span class='ocrx_word' id='word_1_170' title='bbox 2122 877 2254 944; x_wconf 89' lang='lat' dir='ltr'><strong>sint,</strong></span> <span class='ocrx_word' id='word_1_171' title='bbox 2288 893 2453 949; x_wconf 88' lang='lat' dir='ltr'><strong>quam</strong></span> <span class='ocrx_word' id='word_1_172' title='bbox 2513 878 2899 950; x_wconf 82' lang='lat' dir='ltr'><strong>transgressio,</strong></span> <span class='ocrx_word' id='word_1_173' title='bbox 2937 877 3094 948; x_wconf 76' lang='lat' dir='ltr'><strong>juxta</strong></span> <span class='ocrx_word' id='word_1_174' title='bbox 3150 875 3287 932; x_wconf 87' lang='lat' dir='ltr'><strong>illud</strong></span> <span class='ocrx_word' id='word_1_175' title='bbox 3334 876 3482 947; x_wconf 91' lang='lat' dir='ltr'><strong>quod</strong></span> <span class='ocrx_word' id='word_1_176' title='bbox 3531 876 3601 931; x_wconf 90' lang='lat' dir='ltr'><strong>ab</strong></span> <span class='ocrx_word' id='word_1_177' title='bbox 3645 895 3711 929; x_wconf 86' lang='lat' dir='ltr'><strong>co</strong></span> 
     </span>
    </p>
   </div>
   <div class='ocr_carea' id='block_1_25' title="bbox 2121 967 3736 1049">
    <p class='ocr_par' dir='ltr' id='par_1_25' title="bbox 2121 967 3736 1049">
     <span class='ocr_line' id='line_1_25' title="bbox 2121 967 3736 1049; baseline 0.002 -28"><span class='ocrx_word' id='word_1_178' title='bbox 2121 967 2331 1025; x_wconf 87' lang='lat' dir='ltr'><strong>dictum</strong></span> <span class='ocrx_word' id='word_1_179' title='bbox 2358 978 2444 1024; x_wconf 90' lang='lat' dir='ltr'><strong>est</strong></span> <span class='ocrx_word' id='word_1_180' title='bbox 2470 987 2482 1022; x_wconf 88' lang='lat'>:</span> <span class='ocrx_word' id='word_1_181' title='bbox 2522 968 2670 1022; x_wconf 70' lang='lat' dir='ltr'><strong>«Non</strong></span> <span class='ocrx_word' id='word_1_182' title='bbox 2693 967 2820 1023; x_wconf 85' lang='lat' dir='ltr'><strong>veni</strong></span> <span class='ocrx_word' id='word_1_183' title='bbox 2845 969 3059 1025; x_wconf 75' lang='lat' dir='ltr'><strong>solvere</strong></span> <span class='ocrx_word' id='word_1_184' title='bbox 3081 968 3280 1040; x_wconf 81' lang='lat' dir='ltr'><strong>legem,</strong></span> <span class='ocrx_word' id='word_1_185' title='bbox 3310 967 3736 1049; x_wconf 90' lang='lat' dir='ltr'><strong>sed</strong></span> 
     </span>
    </p>
   </div>
   <div class='ocr_carea' id='block_1_26' title="bbox 2123 1045 3738 1133">
    <p class='ocr_par' dir='ltr' id='par_1_26' title="bbox 2123 1045 3738 1133">
     <span class='ocr_line' id='line_1_26' title="bbox 2123 1045 3738 1133; baseline 0 -18"><span class='ocrx_word' id='word_1_186' title='bbox 2123 1077 2238 1115; x_wconf 89' lang='lat' dir='ltr'><strong>rem</strong></span> <span class='ocrx_word' id='word_1_187' title='bbox 2267 1062 2364 1115; x_wconf 72' lang='grc'><strong>³⁸.»</strong></span> <span class='ocrx_word' id='word_1_188' title='bbox 2393 1059 2680 1117; x_wconf 84' lang='lat' dir='ltr'><strong>Eratenim</strong></span> <span class='ocrx_word' id='word_1_189' title='bbox 2708 1061 2879 1130; x_wconf 77' lang='lat' dir='ltr'><strong>ipsius</strong></span> <span class='ocrx_word' id='word_1_190' title='bbox 2894 1060 3313 1126; x_wconf 88' lang='lat' dir='ltr'><strong>actio,litteram</strong></span> <span class='ocrx_word' id='word_1_191' title='bbox 3328 1045 3592 1115; x_wconf 23' lang='lat' dir='ltr'><strong>solam-ad</strong></span> <span class='ocrx_word' id='word_1_192' title='bbox 3728 1045 3738 1083; x_wconf 77' lang='grc'><strong><em>⁸</em></strong></span> 
     </span>
    </p>
   </div>
   <div class='ocr_carea' id='block_1_27' title="bbox 2126 1150 3709 1222">
    <p class='ocr_par' dir='ltr' id='par_1_27' title="bbox 2126 1150 3709 1222">
     <span class='ocr_line' id='line_1_27' title="bbox 2126 1150 3709 1222; baseline -0.001 -16"><span class='ocrx_word' id='word_1_193' title='bbox 2126 1153 2343 1208; x_wconf 89' lang='lat' dir='ltr'><strong>ritatem</strong></span> <span class='ocrx_word' id='word_1_194' title='bbox 2362 1152 2671 1209; x_wconf 84' lang='lat' dir='ltr'><strong>traducere.</strong></span> <span class='ocrx_word' id='word_1_195' title='bbox 2701 1153 2761 1207; x_wconf 88' lang='lat' dir='ltr'><strong>lu</strong></span> <span class='ocrx_word' id='word_1_196' title='bbox 2791 1152 2877 1207; x_wconf 89' lang='lat' dir='ltr'><strong>his</strong></span> <span class='ocrx_word' id='word_1_197' title='bbox 2897 1152 3122 1222; x_wconf 85' lang='lat' dir='ltr'><strong>quidem</strong></span> <span class='ocrx_word' id='word_1_198' title='bbox 3153 1150 3522 1221; x_wconf 85' lang='lat' dir='ltr'><strong>accusationis</strong></span> <span class='ocrx_word' id='word_1_199' title='bbox 3541 1150 3709 1221; x_wconf 61' lang='lat' dir='ltr'><strong>nigrae</strong></span> 
     </span>
    </p>
   </div>
   <div class='ocr_carea' id='block_1_28' title="bbox 2122 1241 3703 1313">
    <p class='ocr_par' dir='ltr' id='par_1_28' title="bbox 2122 1241 3703 1313">
     <span class='ocr_line' id='line_1_28' title="bbox 2122 1241 3703 1313; baseline -0.002 -15"><span class='ocrx_word' id='word_1_200' title='bbox 2122 1244 2389 1311; x_wconf 77' lang='lat' dir='ltr'><strong>versutia,</strong></span> <span class='ocrx_word' id='word_1_201' title='bbox 2418 1254 2475 1301; x_wconf 88' lang='lat' dir='ltr'><strong>et</strong></span> <span class='ocrx_word' id='word_1_202' title='bbox 2500 1244 2606 1299; x_wconf 91' lang='lat' dir='ltr'><strong>hoc</strong></span> <span class='ocrx_word' id='word_1_203' title='bbox 2631 1244 2685 1298; x_wconf 92' lang='lat' dir='ltr'><strong>in</strong></span> <span class='ocrx_word' id='word_1_204' title='bbox 2707 1241 2986 1300; x_wconf 78' lang='lat' dir='ltr'><strong>Christum</strong></span> <span class='ocrx_word' id='word_1_205' title='bbox 3015 1242 3372 1313; x_wconf 70' lang='lat' dir='ltr'><strong>malignitatis</strong></span> <span class='ocrx_word' id='word_1_206' title='bbox 3398 1241 3703 1312; x_wconf 80' lang='lat' dir='ltr'><strong>specimen.</strong></span> 
     </span>
    </p>
   </div>
   <div class='ocr_carea' id='block_1_29' title="bbox 2124 1334 3710 1407">
    <p class='ocr_par' dir='ltr' id='par_1_29' title="bbox 2124 1334 3710 1407">
     <span class='ocr_line' id='line_1_29' title="bbox 2124 1334 3710 1407; baseline 0 -17"><span class='ocrx_word' id='word_1_207' title='bbox 2124 1345 2185 1391; x_wconf 85' lang='grc' dir='ltr'><strong>ιιι</strong></span> <span class='ocrx_word' id='word_1_208' title='bbox 2225 1336 2395 1391; x_wconf 84' lang='lat' dir='ltr'><strong>habes</strong></span> <span class='ocrx_word' id='word_1_209' title='bbox 2426 1335 2571 1405; x_wconf 86' lang='lat' dir='ltr'><strong>apud</strong></span> <span class='ocrx_word' id='word_1_210' title='bbox 2624 1335 2847 1391; x_wconf 79' lang='lat' dir='ltr'><strong>Mosem.</strong></span> <span class='ocrx_word' id='word_1_211' title='bbox 2904 1334 3009 1389; x_wconf 89' lang='lat' dir='ltr'><strong>Sed</strong></span> <span class='ocrx_word' id='word_1_212' title='bbox 3064 1335 3176 1407; x_wconf 84' lang='lat' dir='ltr'><strong>jam</strong></span> <span class='ocrx_word' id='word_1_213' title='bbox 3224 1342 3515 1405; x_wconf 83' lang='lat' dir='ltr'><strong>cognatum</strong></span> <span class='ocrx_word' id='word_1_214' title='bbox 3581 1335 3710 1390; x_wconf 84' lang='lat' dir='ltr'><strong>huic</strong></span> 
     </span>
    </p>
   </div>
   <div class='ocr_carea' id='block_1_30' title="bbox 2123 1426 3714 1498">
    <p class='ocr_par' dir='ltr' id='par_1_30' title="bbox 2123 1426 3714 1498">
     <span class='ocr_line' id='line_1_30' title="bbox 2123 1426 3714 1498; baseline 0.001 -16"><span class='ocrx_word' id='word_1_215' title='bbox 2123 1436 2288 1498; x_wconf 82' lang='lat' dir='ltr'><strong>atque</strong></span> <span class='ocrx_word' id='word_1_216' title='bbox 2321 1426 2479 1483; x_wconf 77' lang='lat' dir='ltr'><strong>aliine</strong></span> <span class='ocrx_word' id='word_1_217' title='bbox 2510 1427 2823 1482; x_wconf 86' lang='lat' dir='ltr'><strong>convicium</strong></span> <span class='ocrx_word' id='word_1_218' title='bbox 2856 1427 3217 1492; x_wconf 85' lang='lat' dir='ltr'><strong>adducemus,</strong></span> <span class='ocrx_word' id='word_1_219' title='bbox 3250 1442 3443 1483; x_wconf 91' lang='lat' dir='ltr'><strong>eorum</strong></span> <span class='ocrx_word' id='word_1_220' title='bbox 3484 1443 3606 1498; x_wconf 71' lang='lat' dir='ltr'><strong>qua:</strong></span> <span class='ocrx_word' id='word_1_221' title='bbox 3631 1426 3714 1483; x_wconf 88' lang='lat' dir='ltr'><strong>di—</strong></span> 
     </span>
    </p>
   </div>
   <div class='ocr_carea' id='block_1_31' title="bbox 2123 1517 3713 1590">
    <p class='ocr_par' dir='ltr' id='par_1_31' title="bbox 2123 1517 3713 1590">
     <span class='ocr_line' id='line_1_31' title="bbox 2123 1517 3713 1590; baseline -0.001 -15"><span class='ocrx_word' id='word_1_222' title='bbox 2123 1528 2345 1584; x_wconf 77' lang='lat' dir='ltr'><strong>cuntur,</strong></span> <span class='ocrx_word' id='word_1_223' title='bbox 2379 1519 2708 1574; x_wconf 87' lang='lat' dir='ltr'><strong>sententiam</strong></span> <span class='ocrx_word' id='word_1_224' title='bbox 2743 1517 2910 1573; x_wconf 82' lang='lat' dir='ltr'><strong>veluti</strong></span> <span class='ocrx_word' id='word_1_225' title='bbox 2950 1536 3017 1575; x_wconf 80' lang='lat' dir='ltr'><strong>ex</strong></span> <span class='ocrx_word' id='word_1_226' title='bbox 3051 1528 3180 1590; x_wconf 83' lang='lat' dir='ltr'><strong>typo</strong></span> <span class='ocrx_word' id='word_1_227' title='bbox 3212 1535 3432 1575; x_wconf 85' lang='lat' dir='ltr'><strong>rursum</strong></span> <span class='ocrx_word' id='word_1_228' title='bbox 3464 1518 3530 1573; x_wconf 88' lang='lat' dir='ltr'><strong>ad</strong></span> <span class='ocrx_word' id='word_1_229' title='bbox 3565 1519 3713 1576; x_wconf 77' lang='lat' dir='ltr'><strong>veri-</strong></span> 
     </span>
    </p>
   </div>
   <div class='ocr_carea' id='block_1_32' title="bbox 2126 1609 3712 1683">
    <p class='ocr_par' dir='ltr' id='par_1_32' title="bbox 2126 1609 3712 1683">
     <span class='ocr_line' id='line_1_32' title="bbox 2126 1609 3712 1683; baseline 0.001 -18"><span class='ocrx_word' id='word_1_230' title='bbox 2126 1620 2292 1667; x_wconf 84' lang='lat' dir='ltr'><strong>tatem</strong></span> <span class='ocrx_word' id='word_1_231' title='bbox 2335 1609 2747 1666; x_wconf 79' lang='lat' dir='ltr'><strong>transferentes.</strong></span> <span class='ocrx_word' id='word_1_232' title='bbox 2794 1630 2811 1661; x_wconf 78' lang='grc' dir='ltr'><strong>ι</strong></span> <span class='ocrx_word' id='word_1_233' title='bbox 2840 1611 2963 1667; x_wconf 85' lang='lat' dir='ltr'><strong>Non</strong></span> <span class='ocrx_word' id='word_1_234' title='bbox 3005 1611 3176 1675; x_wconf 88' lang='lat' dir='ltr'><strong>enim,</strong></span> <span class='ocrx_word' id='word_1_235' title='bbox 3207 1612 3404 1683; x_wconf 86' lang='lat' dir='ltr'><strong>inquit,</strong></span> <span class='ocrx_word' id='word_1_236' title='bbox 3444 1612 3544 1666; x_wconf 88' lang='lat' dir='ltr'><strong>soli</strong></span> <span class='ocrx_word' id='word_1_237' title='bbox 3577 1611 3712 1669; x_wconf 74' lang='lat' dir='ltr'><strong>Mosi</strong></span> 
     </span>
    </p>
   </div>
   <div class='ocr_carea' id='block_1_33' title="bbox 2124 1700 3706 1767">
    <p class='ocr_par' dir='ltr' id='par_1_33' title="bbox 2124 1700 3706 1767">
     <span class='ocr_line' id='line_1_33' title="bbox 2124 1700 3706 1767; baseline -0.001 -10"><span class='ocrx_word' id='word_1_238' title='bbox 2124 1704 2344 1757; x_wconf 81' lang='lat' dir='ltr'><strong>locutus</strong></span> <span class='ocrx_word' id='word_1_239' title='bbox 2374 1711 2458 1757; x_wconf 89' lang='lat' dir='ltr'><strong>est</strong></span> <span class='ocrx_word' id='word_1_240' title='bbox 2492 1700 2657 1767; x_wconf 89' lang='lat' dir='ltr'><strong>Deus,</strong></span> <span class='ocrx_word' id='word_1_241' title='bbox 2685 1701 2781 1757; x_wconf 89' lang='lat' dir='ltr'><strong>sed</strong></span> <span class='ocrx_word' id='word_1_242' title='bbox 2822 1702 2990 1758; x_wconf 88' lang='lat' dir='ltr'><strong>etiam</strong></span> <span class='ocrx_word' id='word_1_243' title='bbox 3038 1702 3199 1758; x_wconf 89' lang='lat' dir='ltr'><strong>nobis</strong></span> <span class='ocrx_word' id='word_1_244' title='bbox 3229 1703 3454 1759; x_wconf 83' lang='lat' dir='ltr'><strong>locutus</strong></span> <span class='ocrx_word' id='word_1_245' title='bbox 3474 1712 3557 1760; x_wconf 92' lang='lat' dir='ltr'><strong>est</strong></span> <span class='ocrx_word' id='word_1_246' title='bbox 3588 1705 3652 1756; x_wconf 81' lang='lat'><strong>“.</strong></span> <span class='ocrx_word' id='word_1_247' title='bbox 3686 1723 3706 1755; x_wconf 71' lang='grc' dir='ltr'><strong>ι</strong></span> 
     </span>
    </p>
   </div>
   <div class='ocr_carea' id='block_1_34' title="bbox 436 1768 2020 1875">
    <p class='ocr_par' dir='ltr' id='par_1_34' title="bbox 436 1768 2020 1863">
     <span class='ocr_line' id='line_1_34' title="bbox 436 1768 2020 1863; baseline 0.004 -25"><span class='ocrx_word' id='word_1_248' title='bbox 436 1786 674 1857; x_wconf 71' lang='grc' dir='ltr'>ἀδελφὴν</span> <span class='ocrx_word' id='word_1_249' title='bbox 702 1768 970 1863; x_wconf 81' lang='grc' dir='ltr'>λοιδορίαν</span> <span class='ocrx_word' id='word_1_250' title='bbox 1010 1768 1317 1861; x_wconf 71' lang='grc' dir='ltr'>εἰσοίσομεν</span> <span class='ocrx_word' id='word_1_251' title='bbox 1349 1790 1424 1857; x_wconf 83' lang='grc' dir='ltr'><strong>ὼς</strong></span> <span class='ocrx_word' id='word_1_252' title='bbox 1450 1768 1515 1847; x_wconf 73' lang='grc' dir='ltr'>ἐκ</span> <span class='ocrx_word' id='word_1_253' title='bbox 1538 1768 1708 1848; x_wconf 81' lang='grc' dir='ltr'>τύπου</span> <span class='ocrx_word' id='word_1_254' title='bbox 1739 1793 1900 1848; x_wconf 84' lang='grc' dir='ltr'>πάλιν</span> <span class='ocrx_word' id='word_1_255' title='bbox 1929 1793 2020 1846; x_wconf 75' lang='grc' dir='ltr'><strong>ἐπὶ</strong></span> 
     </span>
    </p>
   </div>
   <div class='ocr_carea' id='block_1_35' title="bbox 2125 1768 3700 1875">
    <p class='ocr_par' dir='ltr' id='par_1_35' title="bbox 2125 1794 3700 1875">
     <span class='ocr_line' id='line_1_35' title="bbox 2125 1794 3700 1875; baseline -0.001 -24"><span class='ocrx_word' id='word_1_256' title='bbox 2125 1794 2318 1852; x_wconf 83' lang='lat' dir='ltr'><strong>Sermo</strong></span> <span class='ocrx_word' id='word_1_257' title='bbox 2336 1812 2405 1853; x_wconf 77' lang='lat' dir='ltr'><strong>ex</strong></span> <span class='ocrx_word' id='word_1_258' title='bbox 2432 1796 2691 1868; x_wconf 84' lang='lat' dir='ltr'><strong>superbia</strong></span> <span class='ocrx_word' id='word_1_259' title='bbox 2712 1805 2770 1852; x_wconf 89' lang='lat' dir='ltr'><strong>et</strong></span> <span class='ocrx_word' id='word_1_260' title='bbox 2800 1812 2938 1852; x_wconf 81' lang='lat' dir='ltr'><strong>vano</strong></span> <span class='ocrx_word' id='word_1_261' title='bbox 2967 1805 3187 1875; x_wconf 87' lang='lat' dir='ltr'><strong>tumore</strong></span> <span class='ocrx_word' id='word_1_262' title='bbox 3210 1796 3509 1866; x_wconf 80' lang='lat' dir='ltr'><strong>profectus.</strong></span> <span class='ocrx_word' id='word_1_263' title='bbox 3542 1795 3700 1865; x_wconf 87' lang='lat' dir='ltr'><strong>Opor.</strong></span> 
     </span>
    </p>
   </div>
   <div class='ocr_carea' id='block_1_36' title="bbox 436 1876 2027 1953">
    <p class='ocr_par' dir='ltr' id='par_1_36' title="bbox 436 1876 2027 1953">
     <span class='ocr_line' id='line_1_36' title="bbox 436 1876 2027 1953; baseline 0.003 -23"><span class='ocrx_word' id='word_1_264' title='bbox 436 1876 499 1930; x_wconf 82' lang='grc' dir='ltr'>τὸ</span> <span class='ocrx_word' id='word_1_265' title='bbox 526 1876 727 1948; x_wconf 82' lang='grc' dir='ltr'>ἀληθὲς</span> <span class='ocrx_word' id='word_1_266' title='bbox 749 1880 1288 1951; x_wconf 82' lang='grc' dir='ltr'>μεταστοιχειοῦντες</span> <span class='ocrx_word' id='word_1_267' title='bbox 1307 1880 1416 1935; x_wconf 87' lang='grc' dir='ltr'><strong>τῶν</strong></span> <span class='ocrx_word' id='word_1_268' title='bbox 1437 1882 1747 1953; x_wconf 71' lang='grc' dir='ltr'>λεγομένων</span> <span class='ocrx_word' id='word_1_269' title='bbox 1767 1884 1858 1937; x_wconf 79' lang='grc' dir='ltr'>τὸν</span> <span class='ocrx_word' id='word_1_270' title='bbox 1877 1880 2027 1937; x_wconf 71' lang='grc' dir='ltr'>νοῦν.</span> 
     </span>
    </p>
   </div>
   <div class='ocr_carea' id='block_1_37' title="bbox 440 1969 2019 2046">
    <p class='ocr_par' dir='ltr' id='par_1_37' title="bbox 440 1969 2019 2046">
     <span class='ocr_line' id='line_1_37' title="bbox 440 1969 2019 2046; baseline 0.004 -25"><span class='ocrx_word' id='word_1_271' title='bbox 440 1989 461 2021; x_wconf 70' lang='grc' dir='ltr'><strong>ι</strong></span> <span class='ocrx_word' id='word_1_272' title='bbox 498 1970 573 2022; x_wconf 79' lang='grc' dir='ltr'><strong>Οὐ</strong></span> <span class='ocrx_word' id='word_1_273' title='bbox 610 1969 719 2041; x_wconf 84' lang='grc' dir='ltr'><strong>γὰρ</strong></span> <span class='ocrx_word' id='word_1_274' title='bbox 754 1970 903 2041; x_wconf 83' lang='grc' dir='ltr'>μόνῳ</span> <span class='ocrx_word' id='word_1_275' title='bbox 925 2012 941 2037; x_wconf 92' lang='grc'><strong>,</strong></span> <span class='ocrx_word' id='word_1_276' title='bbox 972 1973 1128 2043; x_wconf 80' lang='grc' dir='ltr'>φησὶ,</span> <span class='ocrx_word' id='word_1_277' title='bbox 1157 1970 1235 2043; x_wconf 81' lang='grc' dir='ltr'><strong>τῷ</strong></span> <span class='ocrx_word' id='word_1_278' title='bbox 1275 1973 1467 2027; x_wconf 86' lang='grc' dir='ltr'>Μωσεῖ</span> <span class='ocrx_word' id='word_1_279' title='bbox 1496 1973 1762 2046; x_wconf 83' lang='grc' dir='ltr'>λελάληκε</span> <span class='ocrx_word' id='word_1_280' title='bbox 1789 1972 2019 2045; x_wconf 84' lang='grc' dir='ltr'>Κύριος·</span> 
     </span>
    </p>
   </div>
   <div class='ocr_carea' id='block_1_38' title="bbox 432 2057 2019 2133">
    <p class='ocr_par' dir='ltr' id='par_1_38' title="bbox 432 2057 2019 2133">
     <span class='ocr_line' id='line_1_38' title="bbox 432 2057 2019 2133; baseline 0.004 -23"><span class='ocrx_word' id='word_1_281' title='bbox 432 2057 570 2115; x_wconf 79' lang='grc' dir='ltr'><strong>ἀλλά</strong></span> <span class='ocrx_word' id='word_1_282' title='bbox 596 2062 691 2113; x_wconf 75' lang='grc' dir='ltr'>καὶ</span> <span class='ocrx_word' id='word_1_283' title='bbox 719 2061 850 2130; x_wconf 76' lang='grc' dir='ltr'>ἡμῖν</span> <span class='ocrx_word' id='word_1_284' title='bbox 880 2059 1162 2133; x_wconf 72' lang='grc' dir='ltr'>ἐλάλησεν.</span> <span class='ocrx_word' id='word_1_285' title='bbox 1203 2080 1222 2112; x_wconf 72' lang='grc' dir='ltr'><strong>ι</strong></span> <span class='ocrx_word' id='word_1_286' title='bbox 1287 2061 1377 2127; x_wconf 80' lang='grc' dir='ltr'>Ἐξ</span> <span class='ocrx_word' id='word_1_287' title='bbox 1411 2061 1731 2128; x_wconf 71' lang='grc' dir='ltr'>ἀλαζονείας</span> <span class='ocrx_word' id='word_1_288' title='bbox 1770 2065 1798 2117; x_wconf 85' lang='grc' dir='ltr'>ὁ</span> <span class='ocrx_word' id='word_1_289' title='bbox 1834 2063 2019 2131; x_wconf 86' lang='grc' dir='ltr'>λόγος,</span> 
     </span>
    </p>
   </div>
   <div class='ocr_carea' id='block_1_39' title="bbox 432 2150 2022 2227">
    <p class='ocr_par' dir='ltr' id='par_1_39' title="bbox 432 2150 2022 2227">
     <span class='ocr_line' id='line_1_39' title="bbox 432 2150 2022 2227; baseline 0.004 -25"><span class='ocrx_word' id='word_1_290' title='bbox 432 2152 500 2205; x_wconf 86' lang='grc' dir='ltr'>ὲκ</span> <span class='ocrx_word' id='word_1_291' title='bbox 526 2150 775 2207; x_wconf 77' lang='grc' dir='ltr'>διακένου</span> <span class='ocrx_word' id='word_1_292' title='bbox 819 2154 1140 2224; x_wconf 79' lang='grc' dir='ltr'>φυσήματος</span> <span class='ocrx_word' id='word_1_293' title='bbox 1166 2155 1199 2224; x_wconf 89' lang='grc' dir='ltr'><strong>ή</strong></span> <span class='ocrx_word' id='word_1_294' title='bbox 1232 2155 1407 2224; x_wconf 87' lang='grc' dir='ltr'>φωνή.</span> <span class='ocrx_word' id='word_1_295' title='bbox 1446 2155 1661 2226; x_wconf 80' lang='grc' dir='ltr'>Χρῆναι</span> <span class='ocrx_word' id='word_1_296' title='bbox 1688 2156 1797 2227; x_wconf 83' lang='grc' dir='ltr'><strong>γὰρ</strong></span> <span class='ocrx_word' id='word_1_297' title='bbox 1819 2157 1885 2227; x_wconf 92' lang='grc' dir='ltr'><strong>δή</strong></span> <span class='ocrx_word' id='word_1_298' title='bbox 1920 2173 2022 2209; x_wconf 84' lang='grc' dir='ltr'>που</span> 
     </span>
    </p>
   </div>
   <div class='ocr_carea' id='block_1_40' title="bbox 432 2239 2023 2313">
    <p class='ocr_par' dir='ltr' id='par_1_40' title="bbox 432 2239 2023 2313">
     <span class='ocr_line' id='line_1_40' title="bbox 432 2239 2023 2313; baseline 0.006 -23"><span class='ocrx_word' id='word_1_299' title='bbox 432 2239 766 2310; x_wconf 78' lang='grc' dir='ltr'>φρονοῦντας</span> <span class='ocrx_word' id='word_1_300' title='bbox 807 2240 983 2312; x_wconf 80' lang='grc' dir='ltr'>ὀρθῶς</span> <span class='ocrx_word' id='word_1_301' title='bbox 1033 2242 1110 2313; x_wconf 83' lang='grc' dir='ltr'><strong>μὴ</strong></span> <span class='ocrx_word' id='word_1_302' title='bbox 1157 2244 1377 2307; x_wconf 83' lang='grc' dir='ltr'>πάντως</span> <span class='ocrx_word' id='word_1_303' title='bbox 1426 2246 1507 2307; x_wconf 82' lang='grc' dir='ltr'><strong>είς</strong></span> <span class='ocrx_word' id='word_1_304' title='bbox 1543 2244 1659 2299; x_wconf 71' lang='grc' dir='ltr'>ἴσον</span> <span class='ocrx_word' id='word_1_305' title='bbox 1710 2245 2023 2300; x_wconf 79' lang='grc' dir='ltr'>ἀναϐαίνειν</span> 
     </span>
    </p>
   </div>
   <div class='ocr_carea' id='block_1_41' title="bbox 435 2330 2022 2405">
    <p class='ocr_par' dir='ltr' id='par_1_41' title="bbox 435 2330 2022 2405">
     <span class='ocr_line' id='line_1_41' title="bbox 435 2330 2022 2405; baseline 0.006 -22"><span class='ocrx_word' id='word_1_306' title='bbox 435 2330 753 2401; x_wconf 77' lang='grc' dir='ltr'>ἐπείγεσθαι</span> <span class='ocrx_word' id='word_1_307' title='bbox 788 2332 989 2405; x_wconf 76' lang='grc' dir='ltr'>μέτρον</span> <span class='ocrx_word' id='word_1_308' title='bbox 1021 2333 1098 2405; x_wconf 84' lang='grc' dir='ltr'>τῷ</span> <span class='ocrx_word' id='word_1_309' title='bbox 1125 2334 1351 2400; x_wconf 89' lang='grc' dir='ltr'>δικαίως</span> <span class='ocrx_word' id='word_1_310' title='bbox 1381 2336 1695 2391; x_wconf 79' lang='grc' dir='ltr'>ἀκούσαντι·</span> <span class='ocrx_word' id='word_1_311' title='bbox 1735 2358 1752 2390; x_wconf 84' lang='grc' dir='ltr'><strong>ι</strong></span> <span class='ocrx_word' id='word_1_312' title='bbox 1800 2334 1933 2393; x_wconf 78' lang='grc' dir='ltr'>Οἶδά</span> <span class='ocrx_word' id='word_1_313' title='bbox 1963 2355 2022 2392; x_wconf 89' lang='grc' dir='ltr'><strong>σε</strong></span> 
     </span>
    </p>
   </div>
   <div class='ocr_carea' id='block_1_42' title="bbox 433 2418 2021 2499">
    <p class='ocr_par' dir='ltr' id='par_1_42' title="bbox 433 2418 2021 2499">
     <span class='ocr_line' id='line_1_42' title="bbox 433 2418 2021 2499; baseline 0.008 -28"><span class='ocrx_word' id='word_1_314' title='bbox 433 2421 586 2492; x_wconf 75' lang='grc' dir='ltr'>παρὰ</span> <span class='ocrx_word' id='word_1_315' title='bbox 629 2421 872 2489; x_wconf 84' lang='grc' dir='ltr'>πάντας,</span> <span class='ocrx_word' id='word_1_316' title='bbox 901 2423 997 2477; x_wconf 75' lang='grc' dir='ltr'>καὶ</span> <span class='ocrx_word' id='word_1_317' title='bbox 1028 2425 1187 2497; x_wconf 82' lang='grc' dir='ltr'>χάριν</span> <span class='ocrx_word' id='word_1_318' title='bbox 1218 2418 1376 2497; x_wconf 75' lang='grc' dir='ltr'>εὗρες</span> <span class='ocrx_word' id='word_1_319' title='bbox 1419 2430 1549 2499; x_wconf 76' lang='grc' dir='ltr'>παρ’</span> <span class='ocrx_word' id='word_1_320' title='bbox 1587 2428 1732 2499; x_wconf 72' lang='grc' dir='ltr'>ἐμοί·</span> <span class='ocrx_word' id='word_1_321' title='bbox 1775 2448 1793 2480; x_wconf 77' lang='grc' dir='ltr'><strong>ι</strong></span> <span class='ocrx_word' id='word_1_322' title='bbox 1832 2429 2021 2483; x_wconf 87' lang='grc' dir='ltr'>ἀνατι-</span> 
     </span>
    </p>
   </div>
   <div class='ocr_carea' id='block_1_43' title="bbox 430 2510 2023 2592">
    <p class='ocr_par' dir='ltr' id='par_1_43' title="bbox 430 2510 2023 2592">
     <span class='ocr_line' id='line_1_43' title="bbox 430 2510 2023 2592; baseline 0.004 -26"><span class='ocrx_word' id='word_1_323' title='bbox 430 2512 580 2567; x_wconf 80' lang='grc' dir='ltr'>θέναι</span> <span class='ocrx_word' id='word_1_324' title='bbox 620 2513 826 2585; x_wconf 81' lang='grc' dir='ltr'>μᾶλλον</span> <span class='ocrx_word' id='word_1_325' title='bbox 851 2514 923 2569; x_wconf 86' lang='grc' dir='ltr'><strong>τά</strong></span> <span class='ocrx_word' id='word_1_326' title='bbox 950 2511 1038 2586; x_wconf 72' lang='grc' dir='ltr'><strong>ἐφ’</strong></span> <span class='ocrx_word' id='word_1_327' title='bbox 1073 2510 1154 2581; x_wconf 73' lang='grc' dir='ltr'>οἷς</span> <span class='ocrx_word' id='word_1_328' title='bbox 1183 2516 1500 2589; x_wconf 85' lang='grc' dir='ltr'>τετίμηνται</span> <span class='ocrx_word' id='word_1_329' title='bbox 1536 2520 1889 2592; x_wconf 80' lang='grc' dir='ltr'>χαριστήρια,</span> <span class='ocrx_word' id='word_1_330' title='bbox 1924 2520 2023 2592; x_wconf 78' lang='grc' dir='ltr'>τὴν</span> 
     </span>
    </p>
   </div>
   <div class='ocr_carea' id='block_1_44' title="bbox 427 2602 2023 2680">
    <p class='ocr_par' dir='ltr' id='par_1_44' title="bbox 427 2602 2023 2680">
     <span class='ocr_line' id='line_1_44' title="bbox 427 2602 2023 2680; baseline 0.005 -22"><span class='ocrx_word' id='word_1_331' title='bbox 427 2602 636 2659; x_wconf 74' lang='grc' dir='ltr'>ἀνωθεν</span> <span class='ocrx_word' id='word_1_332' title='bbox 683 2604 1000 2677; x_wconf 83' lang='grc' dir='ltr'>ὡρισμένην</span> <span class='ocrx_word' id='word_1_333' title='bbox 1047 2607 1145 2677; x_wconf 76' lang='grc' dir='ltr'>οὐχ</span> <span class='ocrx_word' id='word_1_334' title='bbox 1192 2607 1616 2680; x_wconf 71' lang='grc' dir='ltr'>δπερόαίνοντες</span> <span class='ocrx_word' id='word_1_335' title='bbox 1665 2610 1850 2678; x_wconf 80' lang='grc' dir='ltr'>τάξιν’</span> <span class='ocrx_word' id='word_1_336' title='bbox 1899 2610 2023 2666; x_wconf 71' lang='grc' dir='ltr'>οὔτε</span> 
     </span>
    </p>
   </div>
   <div class='ocr_carea' id='block_1_45' title="bbox 430 2695 2017 2774">
    <p class='ocr_par' dir='ltr' id='par_1_45' title="bbox 430 2695 2017 2774">
     <span class='ocr_line' id='line_1_45' title="bbox 430 2695 2017 2774; baseline 0.003 -25"><span class='ocrx_word' id='word_1_337' title='bbox 430 2695 540 2767; x_wconf 75' lang='grc' dir='ltr'>μὴν</span> <span class='ocrx_word' id='word_1_338' title='bbox 585 2695 939 2768; x_wconf 77' lang='grc' dir='ltr'>ἀρτιάζοντας</span> <span class='ocrx_word' id='word_1_339' title='bbox 970 2696 1185 2763; x_wconf 76' lang='grc' dir='ltr'>ἑαυτοῖς</span> <span class='ocrx_word' id='word_1_340' title='bbox 1226 2698 1326 2771; x_wconf 83' lang='grc' dir='ltr'>τὴν</span> <span class='ocrx_word' id='word_1_341' title='bbox 1365 2699 1507 2754; x_wconf 71' lang='grc' dir='ltr'>οὕτω</span> <span class='ocrx_word' id='word_1_342' title='bbox 1534 2699 1785 2756; x_wconf 87' lang='grc' dir='ltr'>δοθεῖσαν</span> <span class='ocrx_word' id='word_1_343' title='bbox 1828 2702 2017 2774; x_wconf 86' lang='grc' dir='ltr'>τιμήν.</span> 
     </span>
    </p>
   </div>
   <div class='ocr_carea' id='block_1_46' title="bbox 426 2786 2024 2868">
    <p class='ocr_par' dir='ltr' id='par_1_46' title="bbox 426 2786 2024 2868">
     <span class='ocr_line' id='line_1_46' title="bbox 426 2786 2024 2868; baseline 0.004 -27"><span class='ocrx_word' id='word_1_344' title='bbox 426 2786 611 2858; x_wconf 83' lang='grc' dir='ltr'>Ὅπερ</span> <span class='ocrx_word' id='word_1_345' title='bbox 641 2787 707 2843; x_wconf 80' lang='grc' dir='ltr'><strong>ἀν</strong></span> <span class='ocrx_word' id='word_1_346' title='bbox 736 2791 910 2844; x_wconf 80' lang='grc' dir='ltr'>νοοῖτο</span> <span class='ocrx_word' id='word_1_347' title='bbox 941 2790 1164 2856; x_wconf 84' lang='grc' dir='ltr'>δικαίως</span> <span class='ocrx_word' id='word_1_348' title='bbox 1187 2791 1287 2861; x_wconf 84' lang='grc' dir='ltr'>τῆς</span> <span class='ocrx_word' id='word_1_349' title='bbox 1315 2793 1549 2868; x_wconf 69' lang='grc' dir='ltr'>ἐσχάτης</span> <span class='ocrx_word' id='word_1_350' title='bbox 1576 2792 1892 2859; x_wconf 72' lang='grc' dir='ltr'>ἀλαζονείας</span> <span class='ocrx_word' id='word_1_351' title='bbox 1924 2796 2024 2848; x_wconf 77' lang='grc' dir='ltr'>οὐκ</span> 
     </span>
    </p>
   </div>
   <div class='ocr_carea' id='block_1_47' title="bbox 430 2878 2022 2958">
    <p class='ocr_par' dir='ltr' id='par_1_47' title="bbox 430 2878 2022 2958">
     <span class='ocr_line' id='line_1_47' title="bbox 430 2878 2022 2958; baseline 0.006 -28"><span class='ocrx_word' id='word_1_352' title='bbox 430 2878 715 2950; x_wconf 84' lang='grc' dir='ltr'>ἀμοιροῦν.</span> <span class='ocrx_word' id='word_1_353' title='bbox 768 2880 910 2936; x_wconf 79' lang='grc' dir='ltr'>Ἀλλ’</span> <span class='ocrx_word' id='word_1_354' title='bbox 957 2881 1129 2938; x_wconf 72' lang='grc' dir='ltr'>ἐννόει</span> <span class='ocrx_word' id='word_1_355' title='bbox 1160 2882 1323 2937; x_wconf 82' lang='grc' dir='ltr'>πάλιν</span> <span class='ocrx_word' id='word_1_356' title='bbox 1352 2883 1444 2938; x_wconf 80' lang='grc' dir='ltr'>τὸν</span> <span class='ocrx_word' id='word_1_357' title='bbox 1486 2885 1586 2956; x_wconf 84' lang='grc' dir='ltr'>μὲν</span> <span class='ocrx_word' id='word_1_358' title='bbox 1625 2885 1829 2958; x_wconf 79' lang='grc' dir='ltr'>Κύριον</span> <span class='ocrx_word' id='word_1_359' title='bbox 1866 2887 2022 2958; x_wconf 82' lang='grc' dir='ltr'>ήμῶν</span> 
     </span>
    </p>
   </div>
   <div class='ocr_carea' id='block_1_48' title="bbox 449 2966 1995 3046">
    <p class='ocr_par' dir='ltr' id='par_1_48' title="bbox 449 2966 1995 3046">
     <span class='ocr_line' id='line_1_48' title="bbox 449 2966 1995 3046; baseline 0.009 -27"><span class='ocrx_word' id='word_1_360' title='bbox 449 2966 655 3037; x_wconf 80' lang='grc' dir='ltr'>Ἰησοῦν</span> <span class='ocrx_word' id='word_1_361' title='bbox 677 2971 927 3041; x_wconf 69' lang='grc' dir='ltr'>Χριστὸν,</span> <span class='ocrx_word' id='word_1_362' title='bbox 959 2973 1193 3046; x_wconf 80' lang='grc' dir='ltr'>φανερὸν</span> <span class='ocrx_word' id='word_1_363' title='bbox 1212 2978 1326 3039; x_wconf 84' lang='grc' dir='ltr'>τοῖς</span> <span class='ocrx_word' id='word_1_364' title='bbox 1363 2975 1636 3041; x_wconf 83' lang='grc' dir='ltr'>Ἰουδαίοις</span> <span class='ocrx_word' id='word_1_365' title='bbox 1659 2977 1995 3033; x_wconf 83' lang='grc' dir='ltr'>καθιστῶντα</span> 
     </span>
    </p>
   </div>
   <div class='ocr_carea' id='block_1_49' title="bbox 440 3056 2023 3141">
    <p class='ocr_par' dir='ltr' id='par_1_49' title="bbox 440 3056 2023 3141">
     <span class='ocr_line' id='line_1_49' title="bbox 440 3056 2023 3141; baseline 0.009 -33"><span class='ocrx_word' id='word_1_366' title='bbox 440 3056 533 3110; x_wconf 85' lang='grc' dir='ltr'>τοῦ</span> <span class='ocrx_word' id='word_1_367' title='bbox 577 3057 713 3113; x_wconf 74' lang='grc' dir='ltr'>Θεοῦ</span> <span class='ocrx_word' id='word_1_368' title='bbox 765 3060 860 3115; x_wconf 74' lang='grc' dir='ltr'>καὶ</span> <span class='ocrx_word' id='word_1_369' title='bbox 895 3063 1107 3136; x_wconf 77' lang='grc' dir='ltr'>Πατρδς</span> <span class='ocrx_word' id='word_1_370' title='bbox 1144 3065 1236 3118; x_wconf 78' lang='grc' dir='ltr'>τὸν</span> <span class='ocrx_word' id='word_1_371' title='bbox 1278 3065 1428 3136; x_wconf 84' lang='grc' dir='ltr'>αὐτῷ</span> <span class='ocrx_word' id='word_1_372' title='bbox 1455 3065 1551 3119; x_wconf 71' lang='grc' dir='ltr'>καὶ</span> <span class='ocrx_word' id='word_1_373' title='bbox 1583 3067 1732 3137; x_wconf 86' lang='grc' dir='ltr'>μόνῳ</span> <span class='ocrx_word' id='word_1_374' title='bbox 1777 3069 2023 3141; x_wconf 78' lang='grc' dir='ltr'>φυσικῶς</span> 
     </span>
    </p>
   </div>
   <div class='ocr_carea' id='block_1_50' title="bbox 437 3150 2019 3229">
    <p class='ocr_par' dir='ltr' id='par_1_50' title="bbox 437 3150 2019 3229">
     <span class='ocr_line' id='line_1_50' title="bbox 437 3150 2019 3229; baseline 0.007 -28"><span class='ocrx_word' id='word_1_375' title='bbox 437 3150 780 3220; x_wconf 72' lang='grc' dir='ltr'>ἐγνωσμένον</span> <span class='ocrx_word' id='word_1_376' title='bbox 814 3153 1033 3219; x_wconf 79' lang='grc' dir='ltr'>σκοπὸν,</span> <span class='ocrx_word' id='word_1_377' title='bbox 1063 3156 1156 3209; x_wconf 66' lang='grc' dir='ltr'>καὶ</span> <span class='ocrx_word' id='word_1_378' title='bbox 1188 3155 1437 3225; x_wconf 80' lang='grc' dir='ltr'>λέγοντα·</span> <span class='ocrx_word' id='word_1_379' title='bbox 1482 3175 1499 3207; x_wconf 76' lang='grc' dir='ltr'><strong>ι</strong></span> <span class='ocrx_word' id='word_1_380' title='bbox 1534 3157 1655 3210; x_wconf 73' lang='grc' dir='ltr'><strong>Ἀπ’</strong></span> <span class='ocrx_word' id='word_1_381' title='bbox 1686 3157 1923 3229; x_wconf 76' lang='grc' dir='ltr'>ἐμαυτοῦ</span> <span class='ocrx_word' id='word_1_382' title='bbox 1958 3160 2019 3211; x_wconf 82' lang='grc' dir='ltr'><strong>ού</strong></span> 
     </span>
    </p>
   </div>
   <div class='ocr_carea' id='block_1_51' title="bbox 430 3236 2021 3317">
    <p class='ocr_par' dir='ltr' id='par_1_51' title="bbox 430 3236 2021 3317">
     <span class='ocr_line' id='line_1_51' title="bbox 430 3236 2021 3317; baseline 0.006 -27"><span class='ocrx_word' id='word_1_383' title='bbox 430 3236 613 3304; x_wconf 86' lang='grc' dir='ltr'>λαλῶ,</span> <span class='ocrx_word' id='word_1_384' title='bbox 641 3240 755 3293; x_wconf 86' lang='grc' dir='ltr'>ἀλλ’</span> <span class='ocrx_word' id='word_1_385' title='bbox 782 3242 811 3295; x_wconf 84' lang='grc' dir='ltr'><strong>ό</strong></span> <span class='ocrx_word' id='word_1_386' title='bbox 845 3241 1067 3314; x_wconf 69' lang='grc' dir='ltr'>πέμψας</span> <span class='ocrx_word' id='word_1_387' title='bbox 1106 3261 1171 3314; x_wconf 87' lang='grc' dir='ltr'><strong>με</strong></span> <span class='ocrx_word' id='word_1_388' title='bbox 1215 3243 1405 3317; x_wconf 78' lang='grc' dir='ltr'>Πατὴρ</span> <span class='ocrx_word' id='word_1_389' title='bbox 1426 3283 1440 3308; x_wconf 92' lang='grc'><strong>,</strong></span> <span class='ocrx_word' id='word_1_390' title='bbox 1474 3244 1636 3309; x_wconf 82' lang='grc' dir='ltr'>αὑτός</span> <span class='ocrx_word' id='word_1_391' title='bbox 1668 3262 1759 3316; x_wconf 91' lang='grc' dir='ltr'><strong>μοι</strong></span> <span class='ocrx_word' id='word_1_392' title='bbox 1800 3245 2021 3316; x_wconf 79' lang='grc' dir='ltr'>ἐντολὴν</span> 
     </span>
    </p>
   </div>
   <div class='ocr_carea' id='block_1_52' title="bbox 425 3326 2019 3405">
    <p class='ocr_par' dir='ltr' id='par_1_52' title="bbox 425 3326 2019 3405">
     <span class='ocr_line' id='line_1_52' title="bbox 425 3326 2019 3405; baseline 0.008 -24"><span class='ocrx_word' id='word_1_393' title='bbox 425 3326 631 3383; x_wconf 82' lang='grc' dir='ltr'>δέδωκε</span> <span class='ocrx_word' id='word_1_394' title='bbox 660 3331 715 3382; x_wconf 83' lang='grc' dir='ltr'><strong>τί</strong></span> <span class='ocrx_word' id='word_1_395' title='bbox 754 3331 895 3386; x_wconf 75' lang='grc' dir='ltr'>εῖπω</span> <span class='ocrx_word' id='word_1_396' title='bbox 936 3334 1031 3388; x_wconf 76' lang='grc' dir='ltr'>καὶ</span> <span class='ocrx_word' id='word_1_397' title='bbox 1069 3334 1125 3388; x_wconf 88' lang='grc' dir='ltr'><strong>τί</strong></span> <span class='ocrx_word' id='word_1_398' title='bbox 1152 3330 1394 3405; x_wconf 86' lang='grc' dir='ltr'>λαλήσω.</span> <span class='ocrx_word' id='word_1_399' title='bbox 1435 3354 1454 3387; x_wconf 75' lang='grc' dir='ltr'><strong>ι</strong></span> <span class='ocrx_word' id='word_1_400' title='bbox 1505 3335 1615 3388; x_wconf 75' lang='grc' dir='ltr'><strong>Καὶ</strong></span> <span class='ocrx_word' id='word_1_401' title='bbox 1662 3335 1843 3390; x_wconf 79' lang='grc' dir='ltr'>πάλιν·</span> <span class='ocrx_word' id='word_1_402' title='bbox 1886 3356 1905 3388; x_wconf 73' lang='grc' dir='ltr'><strong>ι</strong></span> <span class='ocrx_word' id='word_1_403' title='bbox 1939 3338 2019 3393; x_wconf 86' lang='grc' dir='ltr'><strong>Τὰ</strong></span> 
     </span>
    </p>
   </div>
   <div class='ocr_carea' id='block_1_53' title="bbox 432 3419 2018 3498">
    <p class='ocr_par' dir='ltr' id='par_1_53' title="bbox 432 3419 2018 3498">
     <span class='ocr_line' id='line_1_53' title="bbox 432 3419 2018 3498; baseline 0.004 -25"><span class='ocrx_word' id='word_1_404' title='bbox 432 3419 654 3492; x_wconf 76' lang='grc' dir='ltr'>ῥήματα</span> <span class='ocrx_word' id='word_1_405' title='bbox 683 3420 718 3475; x_wconf 76' lang='grc' dir='ltr'><strong>ἀ</strong></span> <span class='ocrx_word' id='word_1_406' title='bbox 750 3421 862 3492; x_wconf 67' lang='grc' dir='ltr'><strong>ἐγὼ</strong></span> <span class='ocrx_word' id='word_1_407' title='bbox 890 3423 1057 3489; x_wconf 85' lang='grc' dir='ltr'>λαλῶ,</span> <span class='ocrx_word' id='word_1_408' title='bbox 1095 3425 1194 3478; x_wconf 75' lang='grc' dir='ltr'>οὐκ</span> <span class='ocrx_word' id='word_1_409' title='bbox 1226 3423 1373 3478; x_wconf 78' lang='grc' dir='ltr'>ἔστιν</span> <span class='ocrx_word' id='word_1_410' title='bbox 1412 3424 1541 3496; x_wconf 76' lang='grc' dir='ltr'>ἐμά,</span> <span class='ocrx_word' id='word_1_411' title='bbox 1573 3423 1709 3479; x_wconf 75' lang='grc' dir='ltr'>ἀλλὰ</span> <span class='ocrx_word' id='word_1_412' title='bbox 1740 3425 1837 3480; x_wconf 78' lang='grc' dir='ltr'>τοῦ</span> <span class='ocrx_word' id='word_1_413' title='bbox 1874 3427 2018 3498; x_wconf 82' lang='grc' dir='ltr'>πέμ-</span> 
     </span>
    </p>
   </div>
   <div class='ocr_carea' id='block_1_54' title="bbox 319 3507 2017 3588">
    <p class='ocr_par' dir='ltr' id='par_1_54' title="bbox 319 3507 2017 3588">
     <span class='ocr_line' id='line_1_54' title="bbox 319 3507 2017 3588; baseline 0.004 -21"><span class='ocrx_word' id='word_1_414' title='bbox 319 3561 325 3567; x_wconf 90' lang='grc'><strong>.</strong></span> <span class='ocrx_word' id='word_1_415' title='bbox 428 3507 630 3577; x_wconf 76' lang='grc' dir='ltr'>ψαντός</span> <span class='ocrx_word' id='word_1_416' title='bbox 661 3529 752 3583; x_wconf 89' lang='grc' dir='ltr'><strong>με.</strong></span> <span class='ocrx_word' id='word_1_417' title='bbox 790 3532 810 3565; x_wconf 76' lang='lat' dir='ltr'><strong>r</strong></span> <span class='ocrx_word' id='word_1_418' title='bbox 851 3510 987 3568; x_wconf 68' lang='grc' dir='ltr'>Εἶτα</span> <span class='ocrx_word' id='word_1_419' title='bbox 1021 3514 1155 3585; x_wconf 87' lang='grc' dir='ltr'>πρὸς</span> <span class='ocrx_word' id='word_1_420' title='bbox 1185 3512 1344 3569; x_wconf 79' lang='grc' dir='ltr'>τοῦτο</span> <span class='ocrx_word' id='word_1_421' title='bbox 1376 3516 1538 3570; x_wconf 80' lang='grc' dir='ltr'>πάλιν</span> <span class='ocrx_word' id='word_1_422' title='bbox 1572 3515 2017 3588; x_wconf 77' lang='grc' dir='ltr'>ἀποθρασύνεται</span> 
     </span>
    </p>
   </div>
   <div class='ocr_carea' id='block_1_55' title="bbox 431 3601 2014 3681">
    <p class='ocr_par' dir='ltr' id='par_1_55' title="bbox 431 3601 2014 3681">
     <span class='ocr_line' id='line_1_55' title="bbox 431 3601 2014 3681; baseline 0.006 -27"><span class='ocrx_word' id='word_1_423' title='bbox 431 3601 778 3667; x_wconf 78' lang='grc' dir='ltr'>μελετῶντας</span> <span class='ocrx_word' id='word_1_424' title='bbox 806 3606 935 3669; x_wconf 78' lang='grc' dir='ltr'>τοὺς</span> <span class='ocrx_word' id='word_1_425' title='bbox 963 3605 1199 3677; x_wconf 82' lang='grc' dir='ltr'>ἀνόμους</span> <span class='ocrx_word' id='word_1_426' title='bbox 1242 3606 1595 3679; x_wconf 84' lang='grc' dir='ltr'>Γραμματεῖς</span> <span class='ocrx_word' id='word_1_427' title='bbox 1627 3625 1684 3661; x_wconf 87' lang='grc' dir='ltr'><strong>τε</strong></span> <span class='ocrx_word' id='word_1_428' title='bbox 1716 3609 1810 3662; x_wconf 69' lang='grc' dir='ltr'>καὶ</span> <span class='ocrx_word' id='word_1_429' title='bbox 1851 3611 2014 3681; x_wconf 73' lang='grc' dir='ltr'>Φαρι-</span> 
     </span>
    </p>
   </div>
   <div class='ocr_carea' id='block_1_56' title="bbox 435 3692 2019 3772">
    <p class='ocr_par' dir='ltr' id='par_1_56' title="bbox 435 3692 2019 3772">
     <span class='ocr_line' id='line_1_56' title="bbox 435 3692 2019 3772; baseline 0.008 -30"><span class='ocrx_word' id='word_1_430' title='bbox 435 3692 640 3757; x_wconf 87' lang='grc' dir='ltr'>σαίους,</span> <span class='ocrx_word' id='word_1_431' title='bbox 661 3695 757 3747; x_wconf 69' lang='grc' dir='ltr'>καὶ</span> <span class='ocrx_word' id='word_1_432' title='bbox 784 3694 878 3749; x_wconf 68' lang='grc' dir='ltr'><strong>ἐπὶ</strong></span> <span class='ocrx_word' id='word_1_433' title='bbox 897 3694 976 3766; x_wconf 82' lang='grc' dir='ltr'>τῷ</span> <span class='ocrx_word' id='word_1_434' title='bbox 1002 3694 1234 3766; x_wconf 81' lang='grc' dir='ltr'>λαλῆσαι</span> <span class='ocrx_word' id='word_1_435' title='bbox 1260 3698 1395 3770; x_wconf 73' lang='grc' dir='ltr'>πρὸς</span> <span class='ocrx_word' id='word_1_436' title='bbox 1420 3699 1545 3762; x_wconf 70' lang='grc' dir='ltr'>τοὺς</span> <span class='ocrx_word' id='word_1_437' title='bbox 1575 3700 1817 3772; x_wconf 83' lang='grc' dir='ltr'>πατέρας</span> <span class='ocrx_word' id='word_1_438' title='bbox 1840 3701 2019 3755; x_wconf 80' lang='grc' dir='ltr'>αὐτῶν</span> 
     </span>
    </p>
   </div>
   <div class='ocr_carea' id='block_1_57' title="bbox 428 3783 2019 3863">
    <p class='ocr_par' dir='ltr' id='par_1_57' title="bbox 428 3783 2019 3863">
     <span class='ocr_line' id='line_1_57' title="bbox 428 3783 2019 3863; baseline 0.007 -28"><span class='ocrx_word' id='word_1_439' title='bbox 428 3784 522 3837; x_wconf 79' lang='grc' dir='ltr'>τὸν</span> <span class='ocrx_word' id='word_1_440' title='bbox 560 3783 718 3853; x_wconf 77' lang='grc' dir='ltr'>Θεὸν,</span> <span class='ocrx_word' id='word_1_441' title='bbox 758 3787 820 3840; x_wconf 83' lang='grc' dir='ltr'>οὐ</span> <span class='ocrx_word' id='word_1_442' title='bbox 860 3788 1095 3859; x_wconf 83' lang='grc' dir='ltr'>μετρίως</span> <span class='ocrx_word' id='word_1_443' title='bbox 1142 3789 1782 3861; x_wconf 79' lang='grc' dir='ltr'>ἀπαυθαδειαζομένους,</span> <span class='ocrx_word' id='word_1_444' title='bbox 1817 3792 2019 3863; x_wconf 83' lang='grc' dir='ltr'>ταύτης</span> 
     </span>
    </p>
   </div>
   <div class='ocr_carea' id='block_1_58' title="bbox 431 3875 2016 3954">
    <p class='ocr_par' dir='ltr' id='par_1_58' title="bbox 431 3875 2016 3954">
     <span class='ocr_line' id='line_1_58' title="bbox 431 3875 2016 3954; baseline 0.004 -25"><span class='ocrx_word' id='word_1_445' title='bbox 431 3875 595 3930; x_wconf 65' lang='grc' dir='ltr'>ἕνεκα</span> <span class='ocrx_word' id='word_1_446' title='bbox 631 3877 732 3948; x_wconf 78' lang='grc' dir='ltr'>τῆς</span> <span class='ocrx_word' id='word_1_447' title='bbox 758 3878 939 3943; x_wconf 85' lang='grc' dir='ltr'>αίτίας</span> <span class='ocrx_word' id='word_1_448' title='bbox 975 3879 1223 3933; x_wconf 82' lang='grc' dir='ltr'>ἀπειθεῖν</span> <span class='ocrx_word' id='word_1_449' title='bbox 1262 3880 1594 3953; x_wconf 74' lang='grc' dir='ltr'>ᾑρημένους.</span> <span class='ocrx_word' id='word_1_450' title='bbox 1628 3881 1861 3951; x_wconf 81' lang='grc' dir='ltr'>Λέγουσι</span> <span class='ocrx_word' id='word_1_451' title='bbox 1888 3883 2016 3954; x_wconf 87' lang='grc' dir='ltr'>γάρ·</span> 
     </span>
    </p>
   </div>
   <div class='ocr_carea' id='block_1_59' title="bbox 440 3967 2020 4042">
    <p class='ocr_par' dir='ltr' id='par_1_59' title="bbox 440 3967 2020 4042">
     <span class='ocr_line' id='line_1_59' title="bbox 440 3967 2020 4042; baseline 0.005 -24"><span class='ocrx_word' id='word_1_452' title='bbox 440 3986 456 4018; x_wconf 74' lang='grc' dir='ltr'><strong>ι</strong></span> <span class='ocrx_word' id='word_1_453' title='bbox 504 3967 696 4039; x_wconf 79' lang='grc' dir='ltr'>Ἡμεῖς</span> <span class='ocrx_word' id='word_1_454' title='bbox 721 3968 942 4042; x_wconf 81' lang='grc' dir='ltr'>οῐδαμεν</span> <span class='ocrx_word' id='word_1_455' title='bbox 968 3969 1050 4024; x_wconf 83' lang='grc' dir='ltr'>ὅτι</span> <span class='ocrx_word' id='word_1_456' title='bbox 1070 3971 1263 4025; x_wconf 76' lang='grc' dir='ltr'>Μωσεῖ</span> <span class='ocrx_word' id='word_1_457' title='bbox 1282 3969 1579 4042; x_wconf 79' lang='grc' dir='ltr'>λελάληκεν</span> <span class='ocrx_word' id='word_1_458' title='bbox 1601 3971 1630 4023; x_wconf 89' lang='grc' dir='ltr'><strong>ό</strong></span> <span class='ocrx_word' id='word_1_459' title='bbox 1652 3970 1803 4036; x_wconf 86' lang='grc' dir='ltr'>Θεός·</span> <span class='ocrx_word' id='word_1_460' title='bbox 1832 3971 2020 4026; x_wconf 79' lang='grc' dir='ltr'>τοῦτον</span> 
     </span>
    </p>
   </div>
   <div class='ocr_carea' id='block_1_60' title="bbox 431 4056 2019 4133">
    <p class='ocr_par' dir='ltr' id='par_1_60' title="bbox 431 4056 2019 4133">
     <span class='ocr_line' id='line_1_60' title="bbox 431 4056 2019 4133; baseline 0.004 -22"><span class='ocrx_word' id='word_1_461' title='bbox 431 4058 491 4111; x_wconf 82' lang='grc' dir='ltr'>δὲ</span> <span class='ocrx_word' id='word_1_462' title='bbox 522 4059 623 4114; x_wconf 85' lang='grc' dir='ltr'>οὒκ</span> <span class='ocrx_word' id='word_1_463' title='bbox 659 4059 882 4132; x_wconf 85' lang='grc' dir='ltr'>οῖδαμεν</span> <span class='ocrx_word' id='word_1_464' title='bbox 932 4059 1094 4116; x_wconf 90' lang='grc' dir='ltr'>πόθεν</span> <span class='ocrx_word' id='word_1_465' title='bbox 1122 4060 1291 4116; x_wconf 75' lang='grc' dir='ltr'>ἐστίν.</span> <span class='ocrx_word' id='word_1_466' title='bbox 1323 4081 1342 4113; x_wconf 73' lang='grc' dir='ltr'><strong>ι</strong></span> <span class='ocrx_word' id='word_1_467' title='bbox 1398 4062 1562 4133; x_wconf 60' lang='grc' dir='ltr'>Ὁρᾷς</span> <span class='ocrx_word' id='word_1_468' title='bbox 1608 4056 1700 4115; x_wconf 76' lang='grc' dir='ltr'>οὖν</span> <span class='ocrx_word' id='word_1_469' title='bbox 1738 4062 1887 4126; x_wconf 83' lang='grc' dir='ltr'>ὅπως</span> <span class='ocrx_word' id='word_1_470' title='bbox 1930 4064 2019 4119; x_wconf 85' lang='grc' dir='ltr'>διὰ</span> 
     </span>
    </p>
   </div>
   <div class='ocr_carea' id='block_1_61' title="bbox 433 4145 2015 4226">
    <p class='ocr_par' dir='ltr' id='par_1_61' title="bbox 433 4145 2015 4226">
     <span class='ocr_line' id='line_1_61' title="bbox 433 4145 2015 4226; baseline 0.002 -22"><span class='ocrx_word' id='word_1_471' title='bbox 433 4149 527 4204; x_wconf 82' lang='grc' dir='ltr'>τοῦ</span> <span class='ocrx_word' id='word_1_472' title='bbox 563 4145 747 4221; x_wconf 76' lang='grc' dir='ltr'>λέγειν</span> <span class='ocrx_word' id='word_1_473' title='bbox 791 4151 1179 4219; x_wconf 78' lang='grc' dir='ltr'>ὲξεπίστασθαι</span> <span class='ocrx_word' id='word_1_474' title='bbox 1221 4152 1452 4225; x_wconf 81' lang='grc' dir='ltr'>λαλῆσαι</span> <span class='ocrx_word' id='word_1_475' title='bbox 1496 4154 1589 4207; x_wconf 82' lang='grc' dir='ltr'>τὸν</span> <span class='ocrx_word' id='word_1_476' title='bbox 1633 4153 1764 4208; x_wconf 81' lang='grc' dir='ltr'>Θεὸν</span> <span class='ocrx_word' id='word_1_477' title='bbox 1808 4155 2015 4226; x_wconf 74' lang='grc' dir='ltr'>Μωσῇ,</span> 
     </span>
    </p>
   </div>
   <div class='ocr_carea' id='block_1_62' title="bbox 434 4243 2019 4319">
    <p class='ocr_par' dir='ltr' id='par_1_62' title="bbox 434 4243 2019 4319">
     <span class='ocr_line' id='line_1_62' title="bbox 434 4243 2019 4319; baseline 0.004 -24"><span class='ocrx_word' id='word_1_478' title='bbox 434 4243 719 4315; x_wconf 71' lang='grc' dir='ltr'>μονονουχὶ</span> <span class='ocrx_word' id='word_1_479' title='bbox 744 4243 850 4313; x_wconf 88' lang='grc' dir='ltr'><strong>γάρ</strong></span> <span class='ocrx_word' id='word_1_480' title='bbox 878 4243 940 4299; x_wconf 80' lang='grc' dir='ltr'>τὸ</span> <span class='ocrx_word' id='word_1_481' title='bbox 966 4246 1193 4317; x_wconf 80' lang='grc' dir='ltr'>ἀρχαῖον</span> <span class='ocrx_word' id='word_1_482' title='bbox 1215 4245 1390 4299; x_wconf 83' lang='grc' dir='ltr'>ὲκεῖνό</span> <span class='ocrx_word' id='word_1_483' title='bbox 1428 4262 1559 4317; x_wconf 90' lang='grc' dir='ltr'>φασι</span> <span class='ocrx_word' id='word_1_484' title='bbox 1605 4249 1697 4300; x_wconf 66' lang='grc' dir='ltr'>καὶ</span> <span class='ocrx_word' id='word_1_485' title='bbox 1726 4247 2019 4319; x_wconf 80' lang='grc' dir='ltr'>σκληροτέ-</span> 
     </span>
    </p>
   </div>
   <div class='ocr_carea' id='block_1_63' title="bbox 436 4321 2020 4410">
    <p class='ocr_par' dir='ltr' id='par_1_63' title="bbox 436 4321 2020 4410">
     <span class='ocr_line' id='line_1_63' title="bbox 436 4321 2020 4410; baseline 0.004 -26"><span class='ocrx_word' id='word_1_486' title='bbox 436 4347 551 4401; x_wconf 89' lang='grc' dir='ltr'>ροις</span> <span class='ocrx_word' id='word_1_487' title='bbox 580 4332 786 4404; x_wconf 81' lang='grc' dir='ltr'>ῥήμασι</span> <span class='ocrx_word' id='word_1_488' title='bbox 813 4346 831 4363; x_wconf 90' lang='grc'><strong>·</strong></span> <span class='ocrx_word' id='word_1_489' title='bbox 860 4352 880 4386; x_wconf 76' lang='grc' dir='ltr'><strong>ι</strong></span> <span class='ocrx_word' id='word_1_490' title='bbox 916 4334 1005 4407; x_wconf 83' lang='grc' dir='ltr'><strong>Μὴ</strong></span> <span class='ocrx_word' id='word_1_491' title='bbox 1049 4333 1269 4407; x_wconf 85' lang='grc' dir='ltr'>Χριστῷ</span> <span class='ocrx_word' id='word_1_492' title='bbox 1318 4321 1464 4407; x_wconf 66' lang='grc' dir='ltr'>μόνῖρ</span> <span class='ocrx_word' id='word_1_493' title='bbox 1496 4335 1793 4410; x_wconf 81' lang='grc' dir='ltr'>λελάληκεν</span> <span class='ocrx_word' id='word_1_494' title='bbox 1820 4338 1848 4391; x_wconf 84' lang='grc' dir='ltr'><strong>δ</strong></span> <span class='ocrx_word' id='word_1_495' title='bbox 1887 4337 2020 4402; x_wconf 81' lang='grc' dir='ltr'>Θεὸς</span> 
     </span>
    </p>
   </div>
   <div class='ocr_carea' id='block_1_64' title="bbox 2126 1886 3714 1951">
    <p class='ocr_par' dir='ltr' id='par_1_64' title="bbox 2126 1886 3714 1951">
     <span class='ocr_line' id='line_1_64' title="bbox 2126 1886 3714 1951; baseline -0.001 -12"><span class='ocrx_word' id='word_1_496' title='bbox 2126 1886 2279 1942; x_wconf 83' lang='lat' dir='ltr'><strong>tebat</strong></span> <span class='ocrx_word' id='word_1_497' title='bbox 2318 1887 2465 1943; x_wconf 85' lang='lat' dir='ltr'><strong>enim</strong></span> <span class='ocrx_word' id='word_1_498' title='bbox 2513 1887 2742 1943; x_wconf 87' lang='lat' dir='ltr'><strong>omnino</strong></span> <span class='ocrx_word' id='word_1_499' title='bbox 2785 1894 2934 1941; x_wconf 89' lang='lat' dir='ltr'><strong>recte</strong></span> <span class='ocrx_word' id='word_1_500' title='bbox 2968 1886 3289 1951; x_wconf 84' lang='lat' dir='ltr'><strong>sentientes,</strong></span> <span class='ocrx_word' id='word_1_501' title='bbox 3330 1901 3439 1940; x_wconf 91' lang='lat' dir='ltr'><strong>non</strong></span> <span class='ocrx_word' id='word_1_502' title='bbox 3484 1892 3714 1939; x_wconf 85' lang='lat' dir='ltr'><strong>conten-</strong></span> 
     </span>
    </p>
   </div>
   <div class='ocr_carea' id='block_1_65' title="bbox 2125 1976 3710 2051">
    <p class='ocr_par' dir='ltr' id='par_1_65' title="bbox 2125 1976 3710 2051">
     <span class='ocr_line' id='line_1_65' title="bbox 2125 1976 3710 2051; baseline -0.004 -17"><span class='ocrx_word' id='word_1_503' title='bbox 2125 1980 2259 2035; x_wconf 89' lang='lat' dir='ltr'><strong>dere</strong></span> <span class='ocrx_word' id='word_1_504' title='bbox 2287 1988 2346 2035; x_wconf 88' lang='lat' dir='ltr'><strong>ut</strong></span> <span class='ocrx_word' id='word_1_505' title='bbox 2390 1995 2447 2035; x_wconf 88' lang='lat' dir='ltr'><strong>se</strong></span> <span class='ocrx_word' id='word_1_506' title='bbox 2475 1979 2883 2051; x_wconf 70' lang='lat' dir='ltr'><strong>aequipararent</strong></span> <span class='ocrx_word' id='word_1_507' title='bbox 2925 1977 3003 2033; x_wconf 88' lang='lat' dir='ltr'><strong>illi</strong></span> <span class='ocrx_word' id='word_1_508' title='bbox 3036 1977 3131 2050; x_wconf 91' lang='lat' dir='ltr'><strong>qui</strong></span> <span class='ocrx_word' id='word_1_509' title='bbox 3178 1977 3375 2033; x_wconf 90' lang='lat' dir='ltr'><strong>merito</strong></span> <span class='ocrx_word' id='word_1_510' title='bbox 3408 1976 3665 2031; x_wconf 87' lang='lat' dir='ltr'><strong>audiebat</strong></span> <span class='ocrx_word' id='word_1_511' title='bbox 3697 1990 3710 2027; x_wconf 90' lang='lat'><strong>:</strong></span> 
     </span>
    </p>
   </div>
   <div class='ocr_carea' id='block_1_66' title="bbox 2132 2065 3712 2140">
    <p class='ocr_par' dir='ltr' id='par_1_66' title="bbox 2132 2065 3712 2140">
     <span class='ocr_line' id='line_1_66' title="bbox 2132 2065 3712 2140; baseline -0.003 -17"><span class='ocrx_word' id='word_1_512' title='bbox 2132 2090 2151 2123; x_wconf 74' lang='grc' dir='ltr'><strong>ι</strong></span> <span class='ocrx_word' id='word_1_513' title='bbox 2186 2071 2324 2126; x_wconf 83' lang='lat' dir='ltr'><strong>Novi</strong></span> <span class='ocrx_word' id='word_1_514' title='bbox 2367 2079 2418 2126; x_wconf 92' lang='lat' dir='ltr'><strong>te</strong></span> <span class='ocrx_word' id='word_1_515' title='bbox 2462 2085 2573 2140; x_wconf 52' lang='lat' dir='ltr'><strong>pra).</strong></span> <span class='ocrx_word' id='word_1_516' title='bbox 2612 2070 2892 2136; x_wconf 83' lang='lat' dir='ltr'><strong>omnibus,</strong></span> <span class='ocrx_word' id='word_1_517' title='bbox 2923 2078 2980 2125; x_wconf 88' lang='lat' dir='ltr'><strong>et</strong></span> <span class='ocrx_word' id='word_1_518' title='bbox 3014 2069 3247 2139; x_wconf 82' lang='lat' dir='ltr'><strong>gratiam</strong></span> <span class='ocrx_word' id='word_1_519' title='bbox 3285 2067 3541 2122; x_wconf 75' lang='lat' dir='ltr'><strong>invenisti</strong></span> <span class='ocrx_word' id='word_1_520' title='bbox 3569 2065 3712 2136; x_wconf 91' lang='lat' dir='ltr'><strong>apud</strong></span> 
     </span>
    </p>
   </div>
   <div class='ocr_carea' id='block_1_67' title="bbox 2127 2156 3712 2232">
    <p class='ocr_par' dir='ltr' id='par_1_67' title="bbox 2127 2156 3712 2232">
     <span class='ocr_line' id='line_1_67' title="bbox 2127 2156 3712 2232; baseline -0.004 -17"><span class='ocrx_word' id='word_1_521' title='bbox 2127 2177 2212 2215; x_wconf 91' lang='lat' dir='ltr'><strong>me</strong></span> <span class='ocrx_word' id='word_1_522' title='bbox 2242 2161 2315 2226; x_wconf 88' lang='grc'><strong>³⁷;</strong></span> <span class='ocrx_word' id='word_1_523' title='bbox 2354 2180 2371 2212; x_wconf 79' lang='grc' dir='ltr'><strong>ι</strong></span> <span class='ocrx_word' id='word_1_524' title='bbox 2408 2161 2503 2216; x_wconf 89' lang='lat' dir='ltr'><strong>sed</strong></span> <span class='ocrx_word' id='word_1_525' title='bbox 2541 2161 2725 2232; x_wconf 90' lang='lat' dir='ltr'><strong>potius</strong></span> <span class='ocrx_word' id='word_1_526' title='bbox 2755 2159 2958 2230; x_wconf 75' lang='lat' dir='ltr'><strong>gratias</strong></span> <span class='ocrx_word' id='word_1_527' title='bbox 2985 2159 3150 2230; x_wconf 76' lang='lat'><strong>382</strong></span> <span class='ocrx_word' id='word_1_528' title='bbox 3181 2173 3340 2229; x_wconf 83' lang='lat' dir='ltr'><strong>agere</strong></span> <span class='ocrx_word' id='word_1_529' title='bbox 3366 2172 3468 2227; x_wconf 82' lang='lat' dir='ltr'><strong>pro</strong></span> <span class='ocrx_word' id='word_1_530' title='bbox 3500 2157 3565 2210; x_wconf 91' lang='lat' dir='ltr'><strong>iis</strong></span> <span class='ocrx_word' id='word_1_531' title='bbox 3587 2156 3712 2226; x_wconf 90' lang='lat' dir='ltr'><strong>qui-</strong></span> 
     </span>
    </p>
   </div>
   <div class='ocr_carea' id='block_1_68' title="bbox 2126 2245 3711 2318">
    <p class='ocr_par' dir='ltr' id='par_1_68' title="bbox 2126 2245 3711 2318">
     <span class='ocr_line' id='line_1_68' title="bbox 2126 2245 3711 2318; baseline -0.005 -13"><span class='ocrx_word' id='word_1_532' title='bbox 2126 2249 2229 2305; x_wconf 87' lang='lat' dir='ltr'><strong>bus</strong></span> <span class='ocrx_word' id='word_1_533' title='bbox 2264 2265 2294 2304; x_wconf 88' lang='lat' dir='ltr'><strong>a</strong></span> <span class='ocrx_word' id='word_1_534' title='bbox 2335 2250 2447 2304; x_wconf 88' lang='lat' dir='ltr'><strong>Deo</strong></span> <span class='ocrx_word' id='word_1_535' title='bbox 2488 2257 2647 2305; x_wconf 89' lang='lat' dir='ltr'><strong>erant</strong></span> <span class='ocrx_word' id='word_1_536' title='bbox 2682 2247 2877 2312; x_wconf 87' lang='lat' dir='ltr'><strong>dotali,</strong></span> <span class='ocrx_word' id='word_1_537' title='bbox 2907 2263 3086 2318; x_wconf 85' lang='lat' dir='ltr'><strong>neque</strong></span> <span class='ocrx_word' id='word_1_538' title='bbox 3132 2246 3384 2302; x_wconf 86' lang='lat' dir='ltr'><strong>ordinem</strong></span> <span class='ocrx_word' id='word_1_539' title='bbox 3419 2245 3525 2300; x_wconf 91' lang='lat' dir='ltr'><strong>sibi</strong></span> <span class='ocrx_word' id='word_1_540' title='bbox 3551 2259 3583 2299; x_wconf 93' lang='lat' dir='ltr'><strong>e</strong></span> <span class='ocrx_word' id='word_1_541' title='bbox 3616 2260 3711 2298; x_wconf 91' lang='lat' dir='ltr'><strong>su-</strong></span> 
     </span>
    </p>
   </div>
   <div class='ocr_carea' id='block_1_69' title="bbox 2125 2338 3713 2412">
    <p class='ocr_par' dir='ltr' id='par_1_69' title="bbox 2125 2338 3713 2412">
     <span class='ocr_line' id='line_1_69' title="bbox 2125 2338 3713 2412; baseline -0.002 -16"><span class='ocrx_word' id='word_1_542' title='bbox 2125 2341 2313 2411; x_wconf 84' lang='lat' dir='ltr'><strong>pernis</strong></span> <span class='ocrx_word' id='word_1_543' title='bbox 2355 2340 2736 2412; x_wconf 67' lang='lat' dir='ltr'><strong>praescriptum</strong></span> <span class='ocrx_word' id='word_1_544' title='bbox 2786 2339 3200 2405; x_wconf 86' lang='lat' dir='ltr'><strong>transcendere,</strong></span> <span class='ocrx_word' id='word_1_545' title='bbox 3228 2348 3327 2394; x_wconf 89' lang='lat' dir='ltr'><strong>aut</strong></span> <span class='ocrx_word' id='word_1_546' title='bbox 3371 2338 3477 2394; x_wconf 88' lang='lat' dir='ltr'><strong>sibi</strong></span> <span class='ocrx_word' id='word_1_547' title='bbox 3520 2354 3713 2409; x_wconf 85' lang='lat' dir='ltr'><strong>rapere</strong></span> 
     </span>
    </p>
   </div>
   <div class='ocr_carea' id='block_1_70' title="bbox 2124 2429 3710 2503">
    <p class='ocr_par' dir='ltr' id='par_1_70' title="bbox 2124 2429 3710 2503">
     <span class='ocr_line' id='line_1_70' title="bbox 2124 2429 3710 2503; baseline -0.002 -16"><span class='ocrx_word' id='word_1_548' title='bbox 2124 2448 2273 2497; x_wconf 89' lang='lat' dir='ltr'><strong>eum,</strong></span> <span class='ocrx_word' id='word_1_549' title='bbox 2312 2431 2405 2503; x_wconf 86' lang='lat' dir='ltr'><strong>qui</strong></span> <span class='ocrx_word' id='word_1_550' title='bbox 2455 2431 2589 2503; x_wconf 83' lang='lat' dir='ltr'><strong>ipsis</strong></span> <span class='ocrx_word' id='word_1_551' title='bbox 2636 2449 2666 2487; x_wconf 88' lang='lat' dir='ltr'><strong>a</strong></span> <span class='ocrx_word' id='word_1_552' title='bbox 2718 2432 2831 2487; x_wconf 86' lang='lat' dir='ltr'><strong>Deo</strong></span> <span class='ocrx_word' id='word_1_553' title='bbox 2875 2432 3038 2487; x_wconf 85' lang='lat' dir='ltr'><strong>datus</strong></span> <span class='ocrx_word' id='word_1_554' title='bbox 3087 2448 3197 2487; x_wconf 93' lang='lat' dir='ltr'><strong>non</strong></span> <span class='ocrx_word' id='word_1_555' title='bbox 3243 2439 3383 2496; x_wconf 88' lang='lat' dir='ltr'><strong>erat,</strong></span> <span class='ocrx_word' id='word_1_556' title='bbox 3421 2429 3710 2485; x_wconf 82' lang='lat' dir='ltr'><strong>honorem.</strong></span> 
     </span>
    </p>
   </div>
   <div class='ocr_carea' id='block_1_71' title="bbox 2124 2514 3714 2595">
    <p class='ocr_par' dir='ltr' id='par_1_71' title="bbox 2124 2514 3714 2595">
     <span class='ocr_line' id='line_1_71' title="bbox 2124 2514 3714 2595; baseline -0.002 -17"><span class='ocrx_word' id='word_1_557' title='bbox 2124 2523 2280 2592; x_wconf 89' lang='lat' dir='ltr'><strong>Quod</strong></span> <span class='ocrx_word' id='word_1_558' title='bbox 2322 2524 2545 2594; x_wconf 90' lang='lat' dir='ltr'><strong>quidem</strong></span> <span class='ocrx_word' id='word_1_559' title='bbox 2593 2523 2804 2594; x_wconf 89' lang='lat' dir='ltr'><strong>optimo</strong></span> <span class='ocrx_word' id='word_1_560' title='bbox 2832 2514 2956 2595; x_wconf 84' lang='lat' dir='ltr'><strong>jure</strong></span> <span class='ocrx_word' id='word_1_561' title='bbox 3000 2523 3215 2579; x_wconf 87' lang='lat' dir='ltr'><strong>censeri</strong></span> <span class='ocrx_word' id='word_1_562' title='bbox 3252 2530 3431 2593; x_wconf 85' lang='lat' dir='ltr'><strong>potest</strong></span> <span class='ocrx_word' id='word_1_563' title='bbox 3468 2529 3714 2578; x_wconf 76' lang='lat' dir='ltr'><strong>extrema</strong></span> 
     </span>
    </p>
   </div>
   <div class='ocr_carea' id='block_1_72' title="bbox 2124 2610 3712 2686">
    <p class='ocr_par' dir='ltr' id='par_1_72' title="bbox 2124 2610 3712 2686">
     <span class='ocr_line' id='line_1_72' title="bbox 2124 2610 3712 2686; baseline -0.003 -16"><span class='ocrx_word' id='word_1_564' title='bbox 2124 2615 2437 2686; x_wconf 76' lang='lat' dir='ltr'><strong>arrogantia</strong></span> <span class='ocrx_word' id='word_1_565' title='bbox 2480 2631 2588 2669; x_wconf 92' lang='lat' dir='ltr'><strong>non</strong></span> <span class='ocrx_word' id='word_1_566' title='bbox 2634 2631 2843 2670; x_wconf 88' lang='lat' dir='ltr'><strong>carere.</strong></span> <span class='ocrx_word' id='word_1_567' title='bbox 2885 2613 3158 2670; x_wconf 66' lang='lat' dir='ltr'><strong>Cancrum</strong></span> <span class='ocrx_word' id='word_1_568' title='bbox 3202 2613 3294 2668; x_wconf 86' lang='lat' dir='ltr'><strong>hic</strong></span> <span class='ocrx_word' id='word_1_569' title='bbox 3336 2630 3530 2668; x_wconf 91' lang='lat' dir='ltr'><strong>rursus</strong></span> <span class='ocrx_word' id='word_1_570' title='bbox 3578 2610 3712 2666; x_wconf 73' lang='lat' dir='ltr'><strong>mihi</strong></span> 
     </span>
    </p>
   </div>
   <div class='ocr_carea' id='block_1_73' title="bbox 2126 2702 3681 2763">
    <p class='ocr_par' dir='ltr' id='par_1_73' title="bbox 2126 2702 3681 2763">
     <span class='ocr_line' id='line_1_73' title="bbox 2126 2702 3681 2763; baseline -0.003 -1"><span class='ocrx_word' id='word_1_571' title='bbox 2126 2707 2501 2763; x_wconf 81' lang='lat' dir='ltr'><strong>animadverte</strong></span> <span class='ocrx_word' id='word_1_572' title='bbox 2530 2706 2822 2761; x_wconf 88' lang='lat' dir='ltr'><strong>Dominum</strong></span> <span class='ocrx_word' id='word_1_573' title='bbox 2852 2713 3101 2759; x_wconf 88' lang='lat' dir='ltr'><strong>nostrum</strong></span> <span class='ocrx_word' id='word_1_574' title='bbox 3117 2704 3301 2760; x_wconf 87' lang='lat' dir='ltr'><strong>Jesum</strong></span> <span class='ocrx_word' id='word_1_575' title='bbox 3318 2702 3597 2760; x_wconf 86' lang='lat' dir='ltr'><strong>Christum</strong></span> <span class='ocrx_word' id='word_1_576' title='bbox 3615 2704 3681 2760; x_wconf 83' lang='lat' dir='ltr'><strong>Ju</strong></span> 
     </span>
    </p>
   </div>
   <div class='ocr_carea' id='block_1_74' title="bbox 2126 2792 3713 2869">
    <p class='ocr_par' dir='ltr' id='par_1_74' title="bbox 2126 2792 3713 2869">
     <span class='ocr_line' id='line_1_74' title="bbox 2126 2792 3713 2869; baseline -0.006 -15"><span class='ocrx_word' id='word_1_577' title='bbox 2126 2799 2258 2854; x_wconf 65' lang='lat' dir='ltr'><strong>dacis</strong></span> <span class='ocrx_word' id='word_1_578' title='bbox 2302 2798 2373 2852; x_wconf 89' lang='lat' dir='ltr'><strong>ob</strong></span> <span class='ocrx_word' id='word_1_579' title='bbox 2417 2796 2607 2853; x_wconf 90' lang='lat' dir='ltr'><strong>oculos</strong></span> <span class='ocrx_word' id='word_1_580' title='bbox 2650 2806 2944 2869; x_wconf 85' lang='lat' dir='ltr'><strong>ponentem</strong></span> <span class='ocrx_word' id='word_1_581' title='bbox 2993 2810 3219 2864; x_wconf 90' lang='lat' dir='ltr'><strong>scopum</strong></span> <span class='ocrx_word' id='word_1_582' title='bbox 3254 2802 3416 2863; x_wconf 87' lang='lat' dir='ltr'><strong>atque</strong></span> <span class='ocrx_word' id='word_1_583' title='bbox 3450 2792 3713 2849; x_wconf 86' lang='lat' dir='ltr'><strong>intentio-</strong></span> 
     </span>
    </p>
   </div>
   <div class='ocr_carea' id='block_1_75' title="bbox 2125 2872 3710 2955">
    <p class='ocr_par' dir='ltr' id='par_1_75' title="bbox 2125 2872 3710 2955">
     <span class='ocr_line' id='line_1_75' title="bbox 2125 2872 3710 2955; baseline -0.003 -13"><span class='ocrx_word' id='word_1_584' title='bbox 2125 2904 2251 2943; x_wconf 90' lang='lat' dir='ltr'><strong>nem</strong></span> <span class='ocrx_word' id='word_1_585' title='bbox 2296 2887 2391 2943; x_wconf 87' lang='lat' dir='ltr'><strong>Dei</strong></span> <span class='ocrx_word' id='word_1_586' title='bbox 2427 2902 2491 2943; x_wconf 87' lang='lat' dir='ltr'><strong>ac</strong></span> <span class='ocrx_word' id='word_1_587' title='bbox 2517 2885 2716 2951; x_wconf 84' lang='lat' dir='ltr'><strong>Patris,</strong></span> <span class='ocrx_word' id='word_1_588' title='bbox 2748 2885 2851 2955; x_wconf 90' lang='lat' dir='ltr'><strong>ipsi</strong></span> <span class='ocrx_word' id='word_1_589' title='bbox 2894 2884 2993 2940; x_wconf 92' lang='lat' dir='ltr'><strong>soli</strong></span> <span class='ocrx_word' id='word_1_590' title='bbox 3048 2884 3376 2939; x_wconf 87' lang='lat' dir='ltr'><strong>naturaliter</strong></span> <span class='ocrx_word' id='word_1_591' title='bbox 3416 2872 3710 2954; x_wconf 86' lang='lat' dir='ltr'><strong>cognitam,</strong></span> 
     </span>
    </p>
   </div>
   <div class='ocr_carea' id='block_1_76' title="bbox 2124 2974 3709 3047">
    <p class='ocr_par' dir='ltr' id='par_1_76' title="bbox 2124 2974 3709 3047">
     <span class='ocr_line' id='line_1_76' title="bbox 2124 2974 3709 3047; baseline -0.004 -13"><span class='ocrx_word' id='word_1_592' title='bbox 2124 2978 2403 3034; x_wconf 90' lang='lat' dir='ltr'><strong>dicendo:</strong></span> <span class='ocrx_word' id='word_1_593' title='bbox 2445 2996 2462 3029; x_wconf 76' lang='grc' dir='ltr'><strong>ι</strong></span> <span class='ocrx_word' id='word_1_594' title='bbox 2502 2978 2547 3033; x_wconf 84' lang='grc' dir='ltr'><strong>Α</strong></span> <span class='ocrx_word' id='word_1_595' title='bbox 2590 2978 2801 3047; x_wconf 88' lang='lat' dir='ltr'><strong>meipso</strong></span> <span class='ocrx_word' id='word_1_596' title='bbox 2855 2991 2965 3031; x_wconf 92' lang='lat' dir='ltr'><strong>non</strong></span> <span class='ocrx_word' id='word_1_597' title='bbox 3007 2975 3225 3047; x_wconf 91' lang='lat' dir='ltr'><strong>loquor,</strong></span> <span class='ocrx_word' id='word_1_598' title='bbox 3276 2974 3374 3031; x_wconf 85' lang='lat' dir='ltr'><strong>sed</strong></span> <span class='ocrx_word' id='word_1_599' title='bbox 3415 2975 3510 3046; x_wconf 86' lang='lat' dir='ltr'><strong>qui</strong></span> <span class='ocrx_word' id='word_1_600' title='bbox 3562 2974 3709 3029; x_wconf 84' lang='lat' dir='ltr'><strong>misit</strong></span> 
     </span>
    </p>
   </div>
   <div class='ocr_carea' id='block_1_77' title="bbox 2124 3066 3715 3141">
    <p class='ocr_par' dir='ltr' id='par_1_77' title="bbox 2124 3066 3715 3141">
     <span class='ocr_line' id='line_1_77' title="bbox 2124 3066 3715 3141; baseline -0.006 -14"><span class='ocrx_word' id='word_1_601' title='bbox 2124 3087 2214 3127; x_wconf 91' lang='lat' dir='ltr'><strong>me</strong></span> <span class='ocrx_word' id='word_1_602' title='bbox 2242 3071 2425 3135; x_wconf 83' lang='lat' dir='ltr'><strong>Pater,</strong></span> <span class='ocrx_word' id='word_1_603' title='bbox 2445 3070 2563 3140; x_wconf 89' lang='lat' dir='ltr'><strong>ipse</strong></span> <span class='ocrx_word' id='word_1_604' title='bbox 2590 3068 2725 3125; x_wconf 88' lang='lat' dir='ltr'><strong>mihi</strong></span> <span class='ocrx_word' id='word_1_605' title='bbox 2750 3066 3070 3124; x_wconf 83' lang='lat' dir='ltr'><strong>mandatum</strong></span> <span class='ocrx_word' id='word_1_606' title='bbox 3093 3067 3245 3124; x_wconf 83' lang='lat' dir='ltr'><strong>dedit</strong></span> <span class='ocrx_word' id='word_1_607' title='bbox 3270 3067 3401 3136; x_wconf 89' lang='lat' dir='ltr'><strong>quid</strong></span> <span class='ocrx_word' id='word_1_608' title='bbox 3428 3067 3629 3141; x_wconf 77' lang='lat' dir='ltr'><strong>dicam,</strong></span> <span class='ocrx_word' id='word_1_609' title='bbox 3660 3072 3715 3119; x_wconf 84' lang='lat' dir='ltr'><strong>et</strong></span> 
     </span>
    </p>
   </div>
   <div class='ocr_carea' id='block_1_78' title="bbox 2128 3157 3714 3233">
    <p class='ocr_par' dir='ltr' id='par_1_78' title="bbox 2128 3157 3714 3233">
     <span class='ocr_line' id='line_1_78' title="bbox 2128 3157 3714 3233; baseline -0.001 -17"><span class='ocrx_word' id='word_1_610' title='bbox 2128 3160 2260 3233; x_wconf 89' lang='lat' dir='ltr'><strong>quid</strong></span> <span class='ocrx_word' id='word_1_611' title='bbox 2296 3162 2491 3230; x_wconf 90' lang='lat' dir='ltr'><strong>loquar</strong></span> <span class='ocrx_word' id='word_1_612' title='bbox 2512 3157 2577 3214; x_wconf 81' lang='lat'><strong>&quot;‘.</strong></span> <span class='ocrx_word' id='word_1_613' title='bbox 2615 3181 2631 3211; x_wconf 76' lang='grc' dir='ltr'><strong>ι</strong></span> <span class='ocrx_word' id='word_1_614' title='bbox 2676 3161 2745 3216; x_wconf 83' lang='grc' dir='ltr'>Ει</span> <span class='ocrx_word' id='word_1_615' title='bbox 2787 3177 2981 3216; x_wconf 84' lang='lat' dir='ltr'><strong>rursus</strong></span> <span class='ocrx_word' id='word_1_616' title='bbox 3016 3181 3029 3216; x_wconf 88' lang='lat'>:</span> <span class='ocrx_word' id='word_1_617' title='bbox 3072 3182 3087 3213; x_wconf 78' lang='grc' dir='ltr'><strong>ι</strong></span> <span class='ocrx_word' id='word_1_618' title='bbox 3124 3160 3301 3217; x_wconf 78' lang='lat' dir='ltr'><strong>Verba</strong></span> <span class='ocrx_word' id='word_1_619' title='bbox 3335 3174 3459 3230; x_wconf 65' lang='lat' dir='ltr'><strong>qua?</strong></span> <span class='ocrx_word' id='word_1_620' title='bbox 3492 3174 3594 3230; x_wconf 87' lang='lat' dir='ltr'><strong>ego</strong></span> <span class='ocrx_word' id='word_1_621' title='bbox 3636 3158 3714 3214; x_wconf 88' lang='lat' dir='ltr'><strong>Io-</strong></span> 
     </span>
    </p>
   </div>
   <div class='ocr_carea' id='block_1_79' title="bbox 2128 3250 3716 3323">
    <p class='ocr_par' dir='ltr' id='par_1_79' title="bbox 2128 3250 3716 3323">
     <span class='ocr_line' id='line_1_79' title="bbox 2128 3250 3716 3323; baseline -0.003 -15"><span class='ocrx_word' id='word_1_622' title='bbox 2128 3268 2287 3323; x_wconf 86' lang='lat' dir='ltr'><strong>quor,</strong></span> <span class='ocrx_word' id='word_1_623' title='bbox 2315 3268 2425 3307; x_wconf 91' lang='lat' dir='ltr'><strong>non</strong></span> <span class='ocrx_word' id='word_1_624' title='bbox 2454 3259 2582 3308; x_wconf 89' lang='lat' dir='ltr'><strong>sunt</strong></span> <span class='ocrx_word' id='word_1_625' title='bbox 2605 3269 2744 3317; x_wconf 88' lang='lat' dir='ltr'><strong>mea,</strong></span> <span class='ocrx_word' id='word_1_626' title='bbox 2776 3253 2870 3308; x_wconf 89' lang='lat' dir='ltr'><strong>sed</strong></span> <span class='ocrx_word' id='word_1_627' title='bbox 2903 3254 3022 3323; x_wconf 73' lang='lat' dir='ltr'><strong>eius</strong></span> <span class='ocrx_word' id='word_1_628' title='bbox 3048 3254 3141 3323; x_wconf 86' lang='lat' dir='ltr'><strong>qui</strong></span> <span class='ocrx_word' id='word_1_629' title='bbox 3170 3251 3320 3308; x_wconf 89' lang='lat' dir='ltr'><strong>misit</strong></span> <span class='ocrx_word' id='word_1_630' title='bbox 3344 3267 3431 3305; x_wconf 91' lang='lat' dir='ltr'><strong>me</strong></span> <span class='ocrx_word' id='word_1_631' title='bbox 3457 3251 3522 3305; x_wconf 84' lang='grc'><strong>³⁹.</strong></span> <span class='ocrx_word' id='word_1_632' title='bbox 3561 3271 3578 3301; x_wconf 73' lang='grc' dir='ltr'><strong>ι</strong></span> <span class='ocrx_word' id='word_1_633' title='bbox 3614 3250 3716 3304; x_wconf 82' lang='lat' dir='ltr'><strong>Dc—</strong></span> 
     </span>
    </p>
   </div>
   <div class='ocr_carea' id='block_1_80' title="bbox 2130 3341 3712 3419">
    <p class='ocr_par' dir='ltr' id='par_1_80' title="bbox 2130 3341 3712 3419">
     <span class='ocr_line' id='line_1_80' title="bbox 2130 3341 3712 3419; baseline -0.002 -20"><span class='ocrx_word' id='word_1_634' title='bbox 2130 3345 2256 3399; x_wconf 86' lang='lat' dir='ltr'><strong>iudc</strong></span> <span class='ocrx_word' id='word_1_635' title='bbox 2291 3360 2416 3400; x_wconf 89' lang='lat' dir='ltr'><strong>cum</strong></span> <span class='ocrx_word' id='word_1_636' title='bbox 2460 3342 2613 3414; x_wconf 89' lang='lat' dir='ltr'><strong>impii</strong></span> <span class='ocrx_word' id='word_1_637' title='bbox 2651 3344 2857 3400; x_wconf 71' lang='lat' dir='ltr'><strong>Scriba:</strong></span> <span class='ocrx_word' id='word_1_638' title='bbox 2894 3361 2957 3399; x_wconf 89' lang='lat' dir='ltr'><strong>ac</strong></span> <span class='ocrx_word' id='word_1_639' title='bbox 2996 3344 3257 3400; x_wconf 69' lang='lat' dir='ltr'><strong>Pharisaei</strong></span> <span class='ocrx_word' id='word_1_640' title='bbox 3296 3344 3525 3419; x_wconf 85' lang='lat' dir='ltr'><strong>audacia</strong></span> <span class='ocrx_word' id='word_1_641' title='bbox 3548 3341 3712 3397; x_wconf 78' lang='lat' dir='ltr'><strong>effer-</strong></span> 
     </span>
    </p>
   </div>
   <div class='ocr_carea' id='block_1_81' title="bbox 2130 3425 3711 3508">
    <p class='ocr_par' dir='ltr' id='par_1_81' title="bbox 2130 3425 3711 3508">
     <span class='ocr_line' id='line_1_81' title="bbox 2130 3425 3711 3508; baseline -0.001 -19"><span class='ocrx_word' id='word_1_642' title='bbox 2130 3442 2341 3501; x_wconf 88' lang='lat' dir='ltr'><strong>rentur,</strong></span> <span class='ocrx_word' id='word_1_643' title='bbox 2368 3443 2533 3504; x_wconf 90' lang='lat' dir='ltr'><strong>atque</strong></span> <span class='ocrx_word' id='word_1_644' title='bbox 2567 3434 2860 3491; x_wconf 87' lang='lat' dir='ltr'><strong>immodice</strong></span> <span class='ocrx_word' id='word_1_645' title='bbox 2895 3435 2962 3489; x_wconf 89' lang='lat' dir='ltr'><strong>de</strong></span> <span class='ocrx_word' id='word_1_646' title='bbox 2982 3425 3242 3508; x_wconf 60' lang='lat' dir='ltr'><strong>patribus</strong></span> <span class='ocrx_word' id='word_1_647' title='bbox 3267 3437 3384 3491; x_wconf 89' lang='lat' dir='ltr'><strong>suis</strong></span> <span class='ocrx_word' id='word_1_648' title='bbox 3408 3435 3711 3506; x_wconf 81' lang='lat' dir='ltr'><strong>gloriaren-</strong></span> 
     </span>
    </p>
   </div>
   <div class='ocr_carea' id='block_1_82' title="bbox 2129 3526 3712 3599">
    <p class='ocr_par' dir='ltr' id='par_1_82' title="bbox 2129 3526 3712 3599">
     <span class='ocr_line' id='line_1_82' title="bbox 2129 3526 3712 3599; baseline -0.001 -17"><span class='ocrx_word' id='word_1_649' title='bbox 2129 3537 2239 3594; x_wconf 90' lang='lat' dir='ltr'><strong>tur,</strong></span> <span class='ocrx_word' id='word_1_650' title='bbox 2279 3527 2435 3599; x_wconf 90' lang='lat' dir='ltr'><strong>quasi</strong></span> <span class='ocrx_word' id='word_1_651' title='bbox 2477 3526 2630 3583; x_wconf 90' lang='lat' dir='ltr'><strong>hisce</strong></span> <span class='ocrx_word' id='word_1_652' title='bbox 2680 3528 2812 3584; x_wconf 80' lang='lat' dir='ltr'><strong>solis</strong></span> <span class='ocrx_word' id='word_1_653' title='bbox 2857 3527 3002 3583; x_wconf 88' lang='lat' dir='ltr'><strong>Deus</strong></span> <span class='ocrx_word' id='word_1_654' title='bbox 3040 3528 3258 3585; x_wconf 87' lang='lat' dir='ltr'><strong>locutus</strong></span> <span class='ocrx_word' id='word_1_655' title='bbox 3299 3527 3515 3591; x_wconf 81' lang='lat' dir='ltr'><strong>fuisset,</strong></span> <span class='ocrx_word' id='word_1_656' title='bbox 3551 3545 3615 3583; x_wconf 85' lang='lat' dir='ltr'><strong>ea</strong></span> <span class='ocrx_word' id='word_1_657' title='bbox 3644 3529 3712 3583; x_wconf 87' lang='lat' dir='ltr'><strong>de</strong></span> 
     </span>
    </p>
   </div>
   <div class='ocr_carea' id='block_1_83' title="bbox 2127 3618 3709 3691">
    <p class='ocr_par' dir='ltr' id='par_1_83' title="bbox 2127 3618 3709 3691">
     <span class='ocr_line' id='line_1_83' title="bbox 2127 3618 3709 3691; baseline 0.001 -19"><span class='ocrx_word' id='word_1_658' title='bbox 2127 3636 2290 3675; x_wconf 78' lang='lat' dir='ltr'><strong>causa</strong></span> <span class='ocrx_word' id='word_1_659' title='bbox 2329 3618 2534 3674; x_wconf 81' lang='lat' dir='ltr'><strong>factum</strong></span> <span class='ocrx_word' id='word_1_660' title='bbox 2571 3618 2696 3685; x_wconf 86' lang='lat' dir='ltr'><strong>fuit,</strong></span> <span class='ocrx_word' id='word_1_661' title='bbox 2736 3627 2797 3674; x_wconf 86' lang='lat' dir='ltr'><strong>ut</strong></span> <span class='ocrx_word' id='word_1_662' title='bbox 2840 3620 2893 3674; x_wconf 92' lang='lat' dir='ltr'><strong>in</strong></span> <span class='ocrx_word' id='word_1_663' title='bbox 2943 3618 3243 3677; x_wconf 83' lang='lat' dir='ltr'><strong>dillidentia</strong></span> <span class='ocrx_word' id='word_1_664' title='bbox 3282 3620 3709 3691; x_wconf 78' lang='lat' dir='ltr'><strong>perseverarint.</strong></span> 
     </span>
    </p>
   </div>
   <div class='ocr_carea' id='block_1_84' title="bbox 2124 3700 3715 3784">
    <p class='ocr_par' dir='ltr' id='par_1_84' title="bbox 2124 3700 3715 3784">
     <span class='ocr_line' id='line_1_84' title="bbox 2124 3700 3715 3784; baseline -0.001 -19"><span class='ocrx_word' id='word_1_665' title='bbox 2124 3711 2327 3766; x_wconf 86' lang='lat' dir='ltr'><strong>Dicunt</strong></span> <span class='ocrx_word' id='word_1_666' title='bbox 2364 3711 2515 3765; x_wconf 90' lang='lat' dir='ltr'><strong>enim</strong></span> <span class='ocrx_word' id='word_1_667' title='bbox 2552 3728 2565 3764; x_wconf 92' lang='lat'><strong>:</strong></span> <span class='ocrx_word' id='word_1_668' title='bbox 2607 3730 2624 3761; x_wconf 73' lang='grc' dir='ltr'><strong>ι</strong></span> <span class='ocrx_word' id='word_1_669' title='bbox 2662 3710 2771 3765; x_wconf 87' lang='lat' dir='ltr'><strong>Nos</strong></span> <span class='ocrx_word' id='word_1_670' title='bbox 2806 3712 3014 3767; x_wconf 86' lang='lat' dir='ltr'><strong>scimus</strong></span> <span class='ocrx_word' id='word_1_671' title='bbox 3038 3712 3183 3784; x_wconf 90' lang='lat' dir='ltr'><strong>quod</strong></span> <span class='ocrx_word' id='word_1_672' title='bbox 3216 3712 3361 3766; x_wconf 90' lang='lat' dir='ltr'><strong>Deus</strong></span> <span class='ocrx_word' id='word_1_673' title='bbox 3392 3700 3609 3766; x_wconf 85' lang='lat' dir='ltr'><strong>locutus</strong></span> <span class='ocrx_word' id='word_1_674' title='bbox 3643 3711 3715 3765; x_wconf 88' lang='lat' dir='ltr'><strong>sit</strong></span> 
     </span>
    </p>
   </div>
   <div class='ocr_carea' id='block_1_85' title="bbox 2128 3800 3713 3858">
    <p class='ocr_par' dir='ltr' id='par_1_85' title="bbox 2128 3800 3713 3858">
     <span class='ocr_line' id='line_1_85' title="bbox 2128 3800 3713 3858; baseline 0 -2"><span class='ocrx_word' id='word_1_675' title='bbox 2128 3800 2263 3857; x_wconf 78' lang='lat' dir='ltr'><strong>Mosi</strong></span> <span class='ocrx_word' id='word_1_676' title='bbox 2295 3820 2309 3855; x_wconf 88' lang='lat'>:</span> <span class='ocrx_word' id='word_1_677' title='bbox 2340 3804 2486 3857; x_wconf 93' lang='lat' dir='ltr'><strong>hunc</strong></span> <span class='ocrx_word' id='word_1_678' title='bbox 2521 3810 2707 3856; x_wconf 86' lang='lat' dir='ltr'><strong>autem</strong></span> <span class='ocrx_word' id='word_1_679' title='bbox 2740 3803 3019 3858; x_wconf 84' lang='lat' dir='ltr'><strong>nescimus</strong></span> <span class='ocrx_word' id='word_1_680' title='bbox 3064 3803 3207 3857; x_wconf 90' lang='lat' dir='ltr'><strong>unde</strong></span> <span class='ocrx_word' id='word_1_681' title='bbox 3236 3801 3391 3856; x_wconf 76' lang='lat' dir='ltr'><strong>sit&quot;.</strong></span> <span class='ocrx_word' id='word_1_682' title='bbox 3432 3821 3449 3854; x_wconf 82' lang='grc' dir='ltr'><strong>ι</strong></span> <span class='ocrx_word' id='word_1_683' title='bbox 3477 3802 3713 3856; x_wconf 84' lang='lat' dir='ltr'><strong>Videsne</strong></span> 
     </span>
    </p>
   </div>
   <div class='ocr_carea' id='block_1_86' title="bbox 2128 3889 3715 3962">
    <p class='ocr_par' dir='ltr' id='par_1_86' title="bbox 2128 3889 3715 3962">
     <span class='ocr_line' id='line_1_86' title="bbox 2128 3889 3715 3962; baseline 0.001 -17"><span class='ocrx_word' id='word_1_684' title='bbox 2128 3907 2237 3961; x_wconf 83' lang='lat' dir='ltr'><strong>quo</strong></span> <span class='ocrx_word' id='word_1_685' title='bbox 2272 3901 2431 3961; x_wconf 90' lang='lat' dir='ltr'><strong>pacto</strong></span> <span class='ocrx_word' id='word_1_686' title='bbox 2458 3908 2557 3961; x_wconf 84' lang='lat' dir='ltr'><strong>per</strong></span> <span class='ocrx_word' id='word_1_687' title='bbox 2587 3891 2641 3947; x_wconf 93' lang='lat' dir='ltr'><strong>id</strong></span> <span class='ocrx_word' id='word_1_688' title='bbox 2684 3889 2830 3962; x_wconf 85' lang='lat' dir='ltr'><strong>quod</strong></span> <span class='ocrx_word' id='word_1_689' title='bbox 2865 3893 3059 3946; x_wconf 89' lang='lat' dir='ltr'><strong>dicunt</strong></span> <span class='ocrx_word' id='word_1_690' title='bbox 3094 3909 3152 3948; x_wconf 91' lang='lat' dir='ltr'><strong>se</strong></span> <span class='ocrx_word' id='word_1_691' title='bbox 3192 3892 3335 3947; x_wconf 90' lang='lat' dir='ltr'><strong>scire</strong></span> <span class='ocrx_word' id='word_1_692' title='bbox 3357 3892 3529 3947; x_wconf 90' lang='lat' dir='ltr'><strong>Deum</strong></span> <span class='ocrx_word' id='word_1_693' title='bbox 3562 3893 3715 3948; x_wconf 84' lang='lat' dir='ltr'><strong>locu-</strong></span> 
     </span>
    </p>
   </div>
   <div class='ocr_carea' id='block_1_87' title="bbox 2130 3979 3712 4048">
    <p class='ocr_par' dir='ltr' id='par_1_87' title="bbox 2130 3979 3712 4048">
     <span class='ocr_line' id='line_1_87' title="bbox 2130 3979 3712 4048; baseline -0.001 -14"><span class='ocrx_word' id='word_1_694' title='bbox 2130 3991 2245 4034; x_wconf 90' lang='lat' dir='ltr'><strong>tum</strong></span> <span class='ocrx_word' id='word_1_695' title='bbox 2286 3996 2409 4036; x_wconf 86' lang='lat' dir='ltr'><strong>esse</strong></span> <span class='ocrx_word' id='word_1_696' title='bbox 2448 3981 2603 4045; x_wconf 83' lang='lat' dir='ltr'><strong>Mosi,</strong></span> <span class='ocrx_word' id='word_1_697' title='bbox 2632 3988 2845 4035; x_wconf 85' lang='lat' dir='ltr'><strong>tantum</strong></span> <span class='ocrx_word' id='word_1_698' title='bbox 2888 3996 3002 4035; x_wconf 88' lang='lat' dir='ltr'><strong>non</strong></span> <span class='ocrx_word' id='word_1_699' title='bbox 3044 3990 3203 4035; x_wconf 85' lang='lat' dir='ltr'><strong>vetus</strong></span> <span class='ocrx_word' id='word_1_700' title='bbox 3248 3979 3383 4035; x_wconf 86' lang='lat' dir='ltr'><strong>illud</strong></span> <span class='ocrx_word' id='word_1_701' title='bbox 3420 3979 3630 4048; x_wconf 91' lang='lat' dir='ltr'><strong>dicunt,</strong></span> <span class='ocrx_word' id='word_1_702' title='bbox 3657 3990 3712 4037; x_wconf 91' lang='lat' dir='ltr'><strong>et</strong></span> 
     </span>
    </p>
   </div>
   <div class='ocr_carea' id='block_1_88' title="bbox 2127 4070 3712 4144">
    <p class='ocr_par' dir='ltr' id='par_1_88' title="bbox 2127 4070 3712 4144">
     <span class='ocr_line' id='line_1_88' title="bbox 2127 4070 3712 4144; baseline 0.001 -17"><span class='ocrx_word' id='word_1_703' title='bbox 2127 4073 2351 4144; x_wconf 86' lang='lat' dir='ltr'><strong>quidem</strong></span> <span class='ocrx_word' id='word_1_704' title='bbox 2374 4072 2698 4128; x_wconf 88' lang='lat' dir='ltr'><strong>durioribus</strong></span> <span class='ocrx_word' id='word_1_705' title='bbox 2721 4071 2945 4128; x_wconf 83' lang='lat' dir='ltr'><strong>verbis:</strong></span> <span class='ocrx_word' id='word_1_706' title='bbox 2977 4091 2995 4123; x_wconf 86' lang='grc'><strong>‹</strong></span> <span class='ocrx_word' id='word_1_707' title='bbox 3027 4071 3165 4126; x_wconf 91' lang='lat' dir='ltr'><strong>Num</strong></span> <span class='ocrx_word' id='word_1_708' title='bbox 3186 4070 3409 4127; x_wconf 82' lang='lat' dir='ltr'><strong>Christo</strong></span> <span class='ocrx_word' id='word_1_709' title='bbox 3426 4072 3524 4127; x_wconf 90' lang='lat' dir='ltr'><strong>soli</strong></span> <span class='ocrx_word' id='word_1_710' title='bbox 3558 4073 3712 4141; x_wconf 87' lang='lat' dir='ltr'><strong>locu-</strong></span> 
     </span>
    </p>
   </div>
   <div class='ocr_carea' id='block_1_89' title="bbox 2130 4164 3710 4238">
    <p class='ocr_par' dir='ltr' id='par_1_89' title="bbox 2130 4164 3710 4238">
     <span class='ocr_line' id='line_1_89' title="bbox 2130 4164 3710 4238; baseline 0.001 -17"><span class='ocrx_word' id='word_1_711' title='bbox 2130 4175 2217 4221; x_wconf 90' lang='lat' dir='ltr'><strong>tus</strong></span> <span class='ocrx_word' id='word_1_712' title='bbox 2242 4174 2327 4221; x_wconf 80' lang='lat' dir='ltr'><strong>est</strong></span> <span class='ocrx_word' id='word_1_713' title='bbox 2362 4164 2508 4223; x_wconf 86' lang='lat' dir='ltr'><strong>Deus</strong></span> <span class='ocrx_word' id='word_1_714' title='bbox 2527 4165 2611 4219; x_wconf 77' lang='lat'><strong>“?</strong></span> <span class='ocrx_word' id='word_1_715' title='bbox 2641 4185 2658 4217; x_wconf 76' lang='grc' dir='ltr'><strong>ι</strong></span> <span class='ocrx_word' id='word_1_716' title='bbox 2692 4166 2886 4221; x_wconf 75' lang='lat' dir='ltr'><strong>Annon</strong></span> <span class='ocrx_word' id='word_1_717' title='bbox 2917 4164 3168 4238; x_wconf 88' lang='lat' dir='ltr'><strong>patribus</strong></span> <span class='ocrx_word' id='word_1_718' title='bbox 3188 4165 3392 4220; x_wconf 91' lang='lat' dir='ltr'><strong>nostris</strong></span> <span class='ocrx_word' id='word_1_719' title='bbox 3417 4165 3472 4220; x_wconf 92' lang='lat' dir='ltr'><strong>in</strong></span> <span class='ocrx_word' id='word_1_720' title='bbox 3504 4175 3710 4230; x_wconf 87' lang='lat' dir='ltr'><strong>monte,</strong></span> 
     </span>
    </p>
   </div>
   <div class='ocr_carea' id='block_1_90' title="bbox 2126 4257 3714 4329">
    <p class='ocr_par' dir='ltr' id='par_1_90' title="bbox 2126 4257 3714 4329">
     <span class='ocr_line' id='line_1_90' title="bbox 2126 4257 3714 4329; baseline 0.001 -18"><span class='ocrx_word' id='word_1_721' title='bbox 2126 4258 2387 4314; x_wconf 80' lang='lat' dir='ltr'><strong>videlicet</strong></span> <span class='ocrx_word' id='word_1_722' title='bbox 2422 4257 2602 4324; x_wconf 87' lang='lat' dir='ltr'><strong>Sinai,</strong></span> <span class='ocrx_word' id='word_1_723' title='bbox 2637 4259 2819 4323; x_wconf 86' lang='lat' dir='ltr'><strong>aiunt,</strong></span> <span class='ocrx_word' id='word_1_724' title='bbox 2855 4259 3074 4313; x_wconf 91' lang='lat' dir='ltr'><strong>locutus</strong></span> <span class='ocrx_word' id='word_1_725' title='bbox 3119 4258 3241 4312; x_wconf 86' lang='lat' dir='ltr'><strong>est?</strong></span> <span class='ocrx_word' id='word_1_726' title='bbox 3286 4257 3452 4329; x_wconf 87' lang='lat' dir='ltr'><strong>Atqui</strong></span> <span class='ocrx_word' id='word_1_727' title='bbox 3501 4259 3714 4314; x_wconf 76' lang='lat' dir='ltr'><strong>audivit</strong></span> 
     </span>
    </p>
   </div>
   <div class='ocr_carea' id='block_1_91' title="bbox 2128 4350 3710 4416">
    <p class='ocr_par' dir='ltr' id='par_1_91' title="bbox 2128 4350 3710 4416">
     <span class='ocr_line' id='line_1_91' title="bbox 2128 4350 3710 4416; baseline -0.001 -10"><span class='ocrx_word' id='word_1_728' title='bbox 2128 4352 2411 4407; x_wconf 92' lang='lat' dir='ltr'><strong>Dominus.</strong></span> <span class='ocrx_word' id='word_1_729' title='bbox 2444 4351 2513 4406; x_wconf 88' lang='lat' dir='ltr'><strong>Et</strong></span> <span class='ocrx_word' id='word_1_730' title='bbox 2550 4371 2568 4402; x_wconf 76' lang='grc' dir='ltr'><strong>ι</strong></span> <span class='ocrx_word' id='word_1_731' title='bbox 2601 4351 2778 4406; x_wconf 83' lang='lat' dir='ltr'><strong>Moses</strong></span> <span class='ocrx_word' id='word_1_732' title='bbox 2813 4359 2932 4408; x_wconf 88' lang='lat' dir='ltr'><strong>erat</strong></span> <span class='ocrx_word' id='word_1_733' title='bbox 2968 4350 3133 4405; x_wconf 87' lang='lat' dir='ltr'><strong>homo</strong></span> <span class='ocrx_word' id='word_1_734' title='bbox 3170 4350 3328 4406; x_wconf 80' lang='lat' dir='ltr'><strong>valde</strong></span> <span class='ocrx_word' id='word_1_735' title='bbox 3369 4361 3710 4416; x_wconf 82' lang='lat' dir='ltr'><strong>mansuetus,</strong></span> 
     </span>
    </p>
   </div>
   <div class='ocr_carea' id='block_1_92' title="bbox 436 4420 2020 4523">
    <p class='ocr_par' dir='ltr' id='par_1_92' title="bbox 436 4420 2020 4501">
     <span class='ocr_line' id='line_1_92' title="bbox 436 4420 2020 4501; baseline 0.007 -28"><span class='ocrx_word' id='word_1_736' title='bbox 436 4420 528 4473; x_wconf 81' lang='grc' dir='ltr'>καὶ</span> <span class='ocrx_word' id='word_1_737' title='bbox 557 4422 782 4496; x_wconf 79' lang='grc' dir='ltr'>Πατὴρ,</span> <span class='ocrx_word' id='word_1_738' title='bbox 822 4444 840 4476; x_wconf 71' lang='grc' dir='ltr'><strong>ι</strong></span> <span class='ocrx_word' id='word_1_739' title='bbox 879 4424 974 4477; x_wconf 60' lang='grc' dir='ltr'><strong>καλ⁵</strong></span> <span class='ocrx_word' id='word_1_740' title='bbox 1004 4425 1125 4495; x_wconf 75' lang='grc' dir='ltr'>οὐχὶ</span> <span class='ocrx_word' id='word_1_741' title='bbox 1151 4427 1263 4490; x_wconf 85' lang='grc' dir='ltr'>τοῖς</span> <span class='ocrx_word' id='word_1_742' title='bbox 1299 4425 1589 4499; x_wconf 69' lang='grc' dir='ltr'>ἡμετέροις</span> <span class='ocrx_word' id='word_1_743' title='bbox 1618 4429 1928 4501; x_wconf 77' lang='grc' dir='ltr'>πατράσινς</span> <span class='ocrx_word' id='word_1_744' title='bbox 1963 4432 2020 4484; x_wconf 83' lang='grc' dir='ltr'>ὲν</span> 
     </span>
    </p>
   </div>
   <div class='ocr_carea' id='block_1_93' title="bbox 2125 4420 3713 4523">
    <p class='ocr_par' dir='ltr' id='par_1_93' title="bbox 2128 4442 3713 4515">
     <span class='ocr_line' id='line_1_93' title="bbox 2128 4442 3713 4515; baseline -0.002 -18"><span class='ocrx_word' id='word_1_745' title='bbox 2128 4460 2239 4515; x_wconf 68' lang='lat' dir='ltr'><strong>prae</strong></span> <span class='ocrx_word' id='word_1_746' title='bbox 2284 4444 2603 4499; x_wconf 90' lang='lat' dir='ltr'><strong>hominibus</strong></span> <span class='ocrx_word' id='word_1_747' title='bbox 2651 4443 2745 4511; x_wconf 92' lang='lat' dir='ltr'><strong>qui</strong></span> <span class='ocrx_word' id='word_1_748' title='bbox 2794 4451 2925 4498; x_wconf 88' lang='lat' dir='ltr'><strong>sunt</strong></span> <span class='ocrx_word' id='word_1_749' title='bbox 2981 4442 3037 4496; x_wconf 88' lang='lat' dir='ltr'><strong>in</strong></span> <span class='ocrx_word' id='word_1_750' title='bbox 3088 4451 3235 4497; x_wconf 90' lang='lat' dir='ltr'><strong>terra</strong></span> <span class='ocrx_word' id='word_1_751' title='bbox 3265 4443 3331 4494; x_wconf 83' lang='lat'><strong>&quot;.</strong></span> <span class='ocrx_word' id='word_1_752' title='bbox 3369 4460 3386 4492; x_wconf 77' lang='grc' dir='ltr'><strong>ι</strong></span> <span class='ocrx_word' id='word_1_753' title='bbox 3444 4442 3613 4497; x_wconf 85' lang='lat' dir='ltr'><strong>Maria</strong></span> <span class='ocrx_word' id='word_1_754' title='bbox 3657 4452 3713 4499; x_wconf 90' lang='lat' dir='ltr'><strong>et</strong></span> 
     </span>
    </p>
   </div>
   <div class='ocr_carea' id='block_1_94' title="bbox 430 4512 2020 4604">
    <p class='ocr_par' dir='ltr' id='par_1_94' title="bbox 430 4512 2020 4604">
     <span class='ocr_line' id='line_1_94' title="bbox 430 4512 2020 4604; baseline 0.005 -35"><span class='ocrx_word' id='word_1_755' title='bbox 430 4512 491 4604; x_wconf 69' lang='grc' dir='ltr'>δὲ</span> <span class='ocrx_word' id='word_1_756' title='bbox 522 4514 621 4586; x_wconf 81' lang='grc' dir='ltr'>τῷ,</span> <span class='ocrx_word' id='word_1_757' title='bbox 646 4514 801 4585; x_wconf 81' lang='grc' dir='ltr'>φασὶ,</span> <span class='ocrx_word' id='word_1_758' title='bbox 832 4516 912 4588; x_wconf 83' lang='grc' dir='ltr'><strong>τῷ</strong></span> <span class='ocrx_word' id='word_1_759' title='bbox 946 4516 1094 4571; x_wconf 80' lang='grc' dir='ltr'>Σινᾶ.</span> <span class='ocrx_word' id='word_1_760' title='bbox 1123 4516 1233 4573; x_wconf 71' lang='grc' dir='ltr'><strong>Καὶ</strong></span> <span class='ocrx_word' id='word_1_761' title='bbox 1264 4518 1462 4589; x_wconf 67' lang='grc' dir='ltr'>ηκουσε</span> <span class='ocrx_word' id='word_1_762' title='bbox 1492 4519 1714 4592; x_wconf 82' lang='grc' dir='ltr'>Κύριος.</span> <span class='ocrx_word' id='word_1_763' title='bbox 1749 4522 1860 4575; x_wconf 69' lang='grc' dir='ltr'><strong>Καὶ</strong></span> <span class='ocrx_word' id='word_1_764' title='bbox 1896 4542 1913 4575; x_wconf 77' lang='grc' dir='ltr'><strong>ι</strong></span> <span class='ocrx_word' id='word_1_765' title='bbox 1962 4521 2020 4577; x_wconf 88' lang='grc' dir='ltr'>Ὀ</span> 
     </span>
    </p>
   </div>
   <div class='ocr_carea' id='block_1_95' title="bbox 2125 4512 3714 4604">
    <p class='ocr_par' dir='ltr' id='par_1_95' title="bbox 2129 4532 3714 4604">
     <span class='ocr_line' id='line_1_95' title="bbox 2129 4532 3714 4604; baseline -0.002 -14"><span class='ocrx_word' id='word_1_766' title='bbox 2129 4536 2310 4590; x_wconf 81' lang='lat' dir='ltr'><strong>Aaron</strong></span> <span class='ocrx_word' id='word_1_767' title='bbox 2348 4551 2416 4591; x_wconf 83' lang='lat' dir='ltr'><strong>ex</strong></span> <span class='ocrx_word' id='word_1_768' title='bbox 2462 4532 2886 4590; x_wconf 80' lang='lat' dir='ltr'><strong>mansuetudine</strong></span> <span class='ocrx_word' id='word_1_769' title='bbox 2923 4533 3085 4589; x_wconf 89' lang='lat' dir='ltr'><strong>Mosis</strong></span> <span class='ocrx_word' id='word_1_770' title='bbox 3125 4532 3502 4604; x_wconf 86' lang='lat' dir='ltr'><strong>superbiendi,</strong></span> <span class='ocrx_word' id='word_1_771' title='bbox 3537 4540 3597 4588; x_wconf 90' lang='lat' dir='ltr'><strong>ut</strong></span> <span class='ocrx_word' id='word_1_772' title='bbox 3636 4534 3714 4587; x_wconf 80' lang='lat' dir='ltr'><strong>vi-</strong></span> 
     </span>
    </p>
   </div>
   <div class='ocr_carea' id='block_1_96' title="bbox 435 4602 2023 4685">
    <p class='ocr_par' dir='ltr' id='par_1_96' title="bbox 435 4602 2023 4685">
     <span class='ocr_line' id='line_1_96' title="bbox 435 4602 2023 4685; baseline 0.006 -29"><span class='ocrx_word' id='word_1_773' title='bbox 435 4602 719 4678; x_wconf 77' lang='grc' dir='ltr'>ἆνθρωπος</span> <span class='ocrx_word' id='word_1_774' title='bbox 750 4610 957 4680; x_wconf 79' lang='grc' dir='ltr'>Μωσῆς</span> <span class='ocrx_word' id='word_1_775' title='bbox 981 4610 1157 4680; x_wconf 78' lang='grc' dir='ltr'>πρᾶος</span> <span class='ocrx_word' id='word_1_776' title='bbox 1184 4609 1389 4680; x_wconf 75' lang='grc' dir='ltr'>σφόδρα</span> <span class='ocrx_word' id='word_1_777' title='bbox 1411 4612 1559 4682; x_wconf 83' lang='grc' dir='ltr'><strong>παρά</strong></span> <span class='ocrx_word' id='word_1_778' title='bbox 1585 4614 1792 4677; x_wconf 85' lang='grc' dir='ltr'>πάντας</span> <span class='ocrx_word' id='word_1_779' title='bbox 1818 4612 2023 4685; x_wconf 81' lang='grc' dir='ltr'>ἀνθρώ-</span> 
     </span>
    </p>
   </div>
   <div class='ocr_carea' id='block_1_97' title="bbox 438 4701 2022 4773">
    <p class='ocr_par' dir='ltr' id='par_1_97' title="bbox 438 4701 2022 4773">
     <span class='ocr_line' id='line_1_97' title="bbox 438 4701 2022 4773; baseline 0.004 -20"><span class='ocrx_word' id='word_1_780' title='bbox 438 4717 570 4767; x_wconf 88' lang='grc' dir='ltr'>πους</span> <span class='ocrx_word' id='word_1_781' title='bbox 597 4702 721 4767; x_wconf 80' lang='grc' dir='ltr'>τοὺς</span> <span class='ocrx_word' id='word_1_782' title='bbox 746 4701 905 4766; x_wconf 77' lang='grc' dir='ltr'>ὄντας</span> <span class='ocrx_word' id='word_1_783' title='bbox 935 4703 1028 4755; x_wconf 69' lang='grc' dir='ltr'><strong>ἐπὶ</strong></span> <span class='ocrx_word' id='word_1_784' title='bbox 1064 4704 1165 4773; x_wconf 80' lang='grc' dir='ltr'>τῆς</span> <span class='ocrx_word' id='word_1_785' title='bbox 1195 4702 1315 4772; x_wconf 76' lang='grc' dir='ltr'>γῆς.</span> <span class='ocrx_word' id='word_1_786' title='bbox 1364 4723 1381 4755; x_wconf 75' lang='grc' dir='ltr'><strong>ι</strong></span> <span class='ocrx_word' id='word_1_787' title='bbox 1430 4702 1775 4769; x_wconf 78' lang='grc' dir='ltr'>Ἀλαζονείας</span> <span class='ocrx_word' id='word_1_788' title='bbox 1808 4707 1882 4770; x_wconf 80' lang='grc' dir='ltr'>ὡς</span> <span class='ocrx_word' id='word_1_789' title='bbox 1916 4707 2022 4759; x_wconf 82' lang='grc' dir='ltr'>ἔοι-</span> 
     </span>
    </p>
   </div>
   <div class='ocr_carea' id='block_1_98' title="bbox 433 4793 2020 4871">
    <p class='ocr_par' dir='ltr' id='par_1_98' title="bbox 433 4793 2020 4871">
     <span class='ocr_line' id='line_1_98' title="bbox 433 4793 2020 4871; baseline 0.004 -25"><span class='ocrx_word' id='word_1_790' title='bbox 433 4808 531 4847; x_wconf 77' lang='grc' dir='ltr'><strong>κεν</strong></span> <span class='ocrx_word' id='word_1_791' title='bbox 557 4793 812 4867; x_wconf 83' lang='grc' dir='ltr'>ἀφορμὴν</span> <span class='ocrx_word' id='word_1_792' title='bbox 840 4795 939 4867; x_wconf 82' lang='grc' dir='ltr'>τὴν</span> <span class='ocrx_word' id='word_1_793' title='bbox 972 4794 1214 4858; x_wconf 80' lang='grc' dir='ltr'>Μωσέως</span> <span class='ocrx_word' id='word_1_794' title='bbox 1253 4796 1534 4851; x_wconf 73' lang='grc' dir='ltr'>ἐποιοῦντο</span> <span class='ocrx_word' id='word_1_795' title='bbox 1565 4801 1849 4871; x_wconf 80' lang='grc' dir='ltr'>πραότητα</span> <span class='ocrx_word' id='word_1_796' title='bbox 1898 4801 2020 4854; x_wconf 85' lang='grc' dir='ltr'><strong>Μα-</strong></span> 
     </span>
    </p>
   </div>
   <div class='ocr_carea' id='block_1_99' title="bbox 439 4883 2019 4961">
    <p class='ocr_par' dir='ltr' id='par_1_99' title="bbox 439 4883 2019 4961">
     <span class='ocr_line' id='line_1_99' title="bbox 439 4883 2019 4961; baseline 0.003 -20"><span class='ocrx_word' id='word_1_797' title='bbox 439 4883 573 4957; x_wconf 78' lang='grc' dir='ltr'>ριάμ</span> <span class='ocrx_word' id='word_1_798' title='bbox 597 4902 656 4938; x_wconf 90' lang='grc' dir='ltr'><strong>τε</strong></span> <span class='ocrx_word' id='word_1_799' title='bbox 686 4885 779 4939; x_wconf 74' lang='grc' dir='ltr'>καὶ</span> <span class='ocrx_word' id='word_1_800' title='bbox 814 4884 1043 4957; x_wconf 79' lang='grc' dir='ltr'>Ἀαρών.</span> <span class='ocrx_word' id='word_1_801' title='bbox 1083 4885 1224 4938; x_wconf 80' lang='grc' dir='ltr'>Ἀλλ’</span> <span class='ocrx_word' id='word_1_802' title='bbox 1261 4887 1353 4940; x_wconf 67' lang='grc' dir='ltr'><strong>ἐπὶ</strong></span> <span class='ocrx_word' id='word_1_803' title='bbox 1379 4888 1555 4961; x_wconf 83' lang='grc' dir='ltr'>τούτῳ</span> <span class='ocrx_word' id='word_1_804' title='bbox 1581 4891 1674 4945; x_wconf 72' lang='grc' dir='ltr'>καὶ</span> <span class='ocrx_word' id='word_1_805' title='bbox 1703 4891 2019 4945; x_wconf 83' lang='grc' dir='ltr'>δυσωποῦν-</span> 
     </span>
    </p>
   </div>
   <div class='ocr_carea' id='block_1_100' title="bbox 433 4975 2019 5052">
    <p class='ocr_par' dir='ltr' id='par_1_100' title="bbox 433 4975 2019 5052">
     <span class='ocr_line' id='line_1_100' title="bbox 433 4975 2019 5052; baseline 0.006 -25"><span class='ocrx_word' id='word_1_806' title='bbox 433 4992 525 5041; x_wconf 88' lang='grc' dir='ltr'><strong>τος</strong></span> <span class='ocrx_word' id='word_1_807' title='bbox 554 4977 764 5031; x_wconf 82' lang='grc' dir='ltr'>ὲκείνου</span> <span class='ocrx_word' id='word_1_808' title='bbox 804 4976 1120 5048; x_wconf 82' lang='grc' dir='ltr'>χαλεπαίνει</span> <span class='ocrx_word' id='word_1_809' title='bbox 1148 4975 1281 5041; x_wconf 75' lang='grc' dir='ltr'>Θεὸς</span> <span class='ocrx_word' id='word_1_810' title='bbox 1301 5018 1315 5041; x_wconf 91' lang='grc'><strong>,</strong></span> <span class='ocrx_word' id='word_1_811' title='bbox 1345 4980 1439 5032; x_wconf 76' lang='grc' dir='ltr'><strong>καὶ</strong></span> <span class='ocrx_word' id='word_1_812' title='bbox 1473 4981 1805 5052; x_wconf 75' lang='grc' dir='ltr'>αὐτόκλητος</span> <span class='ocrx_word' id='word_1_813' title='bbox 1834 4984 1926 5036; x_wconf 76' lang='grc' dir='ltr'><strong>ἐπὶ</strong></span> <span class='ocrx_word' id='word_1_814' title='bbox 1959 4983 2019 5035; x_wconf 85' lang='grc' dir='ltr'>τὸ</span> 
     </span>
    </p>
   </div>
   <div class='ocr_carea' id='block_1_101' title="bbox 436 5066 2021 5144">
    <p class='ocr_par' dir='ltr' id='par_1_101' title="bbox 436 5066 2021 5144">
     <span class='ocr_line' id='line_1_101' title="bbox 436 5066 2021 5144; baseline 0.004 -23"><span class='ocrx_word' id='word_1_815' title='bbox 436 5066 660 5133; x_wconf 88' lang='grc' dir='ltr'>δικαίως</span> <span class='ocrx_word' id='word_1_816' title='bbox 687 5068 1017 5138; x_wconf 81' lang='grc' dir='ltr'>ἀγανακτεῖν</span> <span class='ocrx_word' id='word_1_817' title='bbox 1057 5067 1199 5121; x_wconf 88' lang='grc' dir='ltr'><strong>κατά</strong></span> <span class='ocrx_word' id='word_1_818' title='bbox 1227 5066 1333 5120; x_wconf 82' lang='grc' dir='ltr'><strong>τῶν</strong></span> <span class='ocrx_word' id='word_1_819' title='bbox 1362 5068 1650 5142; x_wconf 76' lang='grc' dir='ltr'>ἐξυϐρίσαι</span> <span class='ocrx_word' id='word_1_820' title='bbox 1689 5073 2021 5144; x_wconf 87' lang='grc' dir='ltr'>τετολμηκό-</span> 
     </span>
    </p>
   </div>
   <div class='ocr_carea' id='block_1_102' title="bbox 438 5157 2023 5234">
    <p class='ocr_par' dir='ltr' id='par_1_102' title="bbox 438 5157 2023 5234">
     <span class='ocr_line' id='line_1_102' title="bbox 438 5157 2023 5234; baseline 0.006 -26"><span class='ocrx_word' id='word_1_821' title='bbox 438 5172 544 5211; x_wconf 80' lang='grc' dir='ltr'><strong>των</strong></span> <span class='ocrx_word' id='word_1_822' title='bbox 569 5158 788 5230; x_wconf 74' lang='grc' dir='ltr'>ἔρχεται</span> <span class='ocrx_word' id='word_1_823' title='bbox 813 5159 910 5231; x_wconf 82' lang='grc' dir='ltr'>τὴν</span> <span class='ocrx_word' id='word_1_824' title='bbox 946 5158 1039 5211; x_wconf 73' lang='grc' dir='ltr'><strong>ἐπὶ</strong></span> <span class='ocrx_word' id='word_1_825' title='bbox 1071 5157 1149 5229; x_wconf 82' lang='grc' dir='ltr'>τῷ</span> <span class='ocrx_word' id='word_1_826' title='bbox 1188 5159 1398 5230; x_wconf 87' lang='grc' dir='ltr'>γνησίῳ</span> <span class='ocrx_word' id='word_1_827' title='bbox 1417 5160 1715 5233; x_wconf 84' lang='grc' dir='ltr'>λειτουργῷ</span> <span class='ocrx_word' id='word_1_828' title='bbox 1745 5165 2023 5234; x_wconf 74' lang='grc' dir='ltr'>καταφρό-</span> 
     </span>
    </p>
   </div>
   <div class='ocr_carea' id='block_1_103' title="bbox 444 5252 2022 5324">
    <p class='ocr_par' dir='ltr' id='par_1_103' title="bbox 444 5252 2022 5324">
     <span class='ocr_line' id='line_1_103' title="bbox 444 5252 2022 5324; baseline 0.004 -20"><span class='ocrx_word' id='word_1_829' title='bbox 444 5268 612 5324; x_wconf 75' lang='grc' dir='ltr'>νησιν,</span> <span class='ocrx_word' id='word_1_830' title='bbox 638 5255 717 5319; x_wconf 84' lang='grc' dir='ltr'><strong>είς</strong></span> <span class='ocrx_word' id='word_1_831' title='bbox 758 5254 919 5309; x_wconf 80' lang='grc' dir='ltr'>αὐτὸν</span> <span class='ocrx_word' id='word_1_832' title='bbox 951 5252 1343 5324; x_wconf 85' lang='grc' dir='ltr'>οἰκειούμενος.</span> <span class='ocrx_word' id='word_1_833' title='bbox 1379 5252 1535 5307; x_wconf 75' lang='grc' dir='ltr'>Οὕτω</span> <span class='ocrx_word' id='word_1_834' title='bbox 1565 5254 1777 5322; x_wconf 83' lang='grc' dir='ltr'>νοήσεις</span> <span class='ocrx_word' id='word_1_835' title='bbox 1806 5258 1901 5310; x_wconf 78' lang='grc' dir='ltr'><strong>καὶ</strong></span> <span class='ocrx_word' id='word_1_836' title='bbox 1930 5259 2022 5311; x_wconf 75' lang='grc' dir='ltr'>ἐπὶ</span> 
     </span>
    </p>
   </div>
   <div class='ocr_carea' id='block_1_104' title="bbox 436 5342 2022 5418">
    <p class='ocr_par' dir='ltr' id='par_1_104' title="bbox 436 5342 2022 5418">
     <span class='ocr_line' id='line_1_104' title="bbox 436 5342 2022 5418; baseline 0.002 -19"><span class='ocrx_word' id='word_1_837' title='bbox 436 5344 696 5413; x_wconf 78' lang='grc' dir='ltr'>Χριστοῦ.</span> <span class='ocrx_word' id='word_1_838' title='bbox 735 5345 867 5399; x_wconf 77' lang='grc' dir='ltr'><strong>’Λπδ</strong></span> <span class='ocrx_word' id='word_1_839' title='bbox 898 5345 997 5416; x_wconf 85' lang='grc' dir='ltr'>μὲν</span> <span class='ocrx_word' id='word_1_840' title='bbox 1027 5345 1135 5416; x_wconf 85' lang='grc' dir='ltr'><strong>γάρ</strong></span> <span class='ocrx_word' id='word_1_841' title='bbox 1161 5345 1257 5415; x_wconf 84' lang='grc' dir='ltr'>τῆς</span> <span class='ocrx_word' id='word_1_842' title='bbox 1286 5343 1508 5415; x_wconf 77' lang='grc' dir='ltr'>ἐνούσης</span> <span class='ocrx_word' id='word_1_843' title='bbox 1539 5342 1685 5416; x_wconf 81' lang='grc' dir='ltr'>αύτῷ</span> <span class='ocrx_word' id='word_1_844' title='bbox 1716 5348 2022 5418; x_wconf 79' lang='grc' dir='ltr'>πραότητός</span> 
     </span>
    </p>
   </div>
   <div class='ocr_carea' id='block_1_105' title="bbox 437 5435 2021 5509">
    <p class='ocr_par' dir='ltr' id='par_1_105' title="bbox 437 5435 2021 5509">
     <span class='ocr_line' id='line_1_105' title="bbox 437 5435 2021 5509; baseline 0.003 -19"><span class='ocrx_word' id='word_1_845' title='bbox 437 5454 498 5490; x_wconf 89' lang='grc' dir='ltr'><strong>τε</strong></span> <span class='ocrx_word' id='word_1_846' title='bbox 543 5438 639 5493; x_wconf 78' lang='grc' dir='ltr'>καὶ</span> <span class='ocrx_word' id='word_1_847' title='bbox 674 5438 1083 5509; x_wconf 79' lang='grc' dir='ltr'>φιλανθρωπίας</span> <span class='ocrx_word' id='word_1_848' title='bbox 1122 5435 1518 5509; x_wconf 84' lang='grc' dir='ltr'>προαλέστεροί</span> <span class='ocrx_word' id='word_1_849' title='bbox 1569 5453 1684 5501; x_wconf 84' lang='grc' dir='ltr'><strong>πως</strong></span> <span class='ocrx_word' id='word_1_850' title='bbox 1729 5442 1809 5502; x_wconf 82' lang='grc' dir='ltr'><strong>είς</strong></span> <span class='ocrx_word' id='word_1_851' title='bbox 1856 5458 2021 5494; x_wconf 85' lang='grc' dir='ltr'>κατα-</span> 
     </span>
    </p>
   </div>
   <div class='ocr_carea' id='block_1_106' title="bbox 442 5523 2019 5601">
    <p class='ocr_par' dir='ltr' id='par_1_106' title="bbox 442 5523 2019 5601">
     <span class='ocr_line' id='line_1_106' title="bbox 442 5523 2019 5601; baseline 0.001 -20"><span class='ocrx_word' id='word_1_852' title='bbox 442 5528 702 5601; x_wconf 85' lang='grc' dir='ltr'>φρόνησιν</span> <span class='ocrx_word' id='word_1_853' title='bbox 742 5526 884 5600; x_wconf 76' lang='grc' dir='ltr'>ἦσαν</span> <span class='ocrx_word' id='word_1_854' title='bbox 916 5531 965 5582; x_wconf 91' lang='grc' dir='ltr'><strong>οί</strong></span> <span class='ocrx_word' id='word_1_855' title='bbox 1001 5531 1305 5600; x_wconf 78' lang='grc' dir='ltr'>Φαρισαῖοι.</span> <span class='ocrx_word' id='word_1_856' title='bbox 1373 5528 1512 5581; x_wconf 81' lang='grc' dir='ltr'>Ἀλλ’</span> <span class='ocrx_word' id='word_1_857' title='bbox 1560 5523 1647 5598; x_wconf 79' lang='grc' dir='ltr'>ἦν,</span> <span class='ocrx_word' id='word_1_858' title='bbox 1700 5529 1775 5592; x_wconf 84' lang='grc' dir='ltr'>ὼς</span> <span class='ocrx_word' id='word_1_859' title='bbox 1821 5529 2019 5594; x_wconf 81' lang='grc' dir='ltr'>ἔοικεν,</span> 
     </span>
    </p>
   </div>
   <div class='ocr_carea' id='block_1_107' title="bbox 2129 4619 3711 4692">
    <p class='ocr_par' dir='ltr' id='par_1_107' title="bbox 2129 4619 3711 4692">
     <span class='ocr_line' id='line_1_107' title="bbox 2129 4619 3711 4692; baseline -0.003 -14"><span class='ocrx_word' id='word_1_860' title='bbox 2129 4622 2314 4689; x_wconf 84' lang='lat' dir='ltr'><strong>detur,</strong></span> <span class='ocrx_word' id='word_1_861' title='bbox 2377 4624 2721 4679; x_wconf 84' lang='lat' dir='ltr'><strong>occasionem</strong></span> <span class='ocrx_word' id='word_1_862' title='bbox 2777 4621 3153 4692; x_wconf 83' lang='lat' dir='ltr'><strong>arripuerunt.</strong></span> <span class='ocrx_word' id='word_1_863' title='bbox 3224 4619 3711 4675; x_wconf 85' lang='lat' dir='ltr'><strong>Vcrumcnimvero</strong></span> 
     </span>
    </p>
   </div>
   <div class='ocr_carea' id='block_1_108' title="bbox 2128 4709 3714 4782">
    <p class='ocr_par' dir='ltr' id='par_1_108' title="bbox 2128 4709 3714 4782">
     <span class='ocr_line' id='line_1_108' title="bbox 2128 4709 3714 4782; baseline -0.003 -16"><span class='ocrx_word' id='word_1_864' title='bbox 2128 4712 2273 4768; x_wconf 89' lang='lat' dir='ltr'><strong>Deus</strong></span> <span class='ocrx_word' id='word_1_865' title='bbox 2315 4713 2481 4767; x_wconf 89' lang='lat' dir='ltr'><strong>etiam</strong></span> <span class='ocrx_word' id='word_1_866' title='bbox 2522 4711 2639 4782; x_wconf 90' lang='lat' dir='ltr'><strong>ipso</strong></span> <span class='ocrx_word' id='word_1_867' title='bbox 2679 4719 2890 4766; x_wconf 82' lang='lat' dir='ltr'><strong>tacente</strong></span> <span class='ocrx_word' id='word_1_868' title='bbox 2926 4709 3245 4775; x_wconf 77' lang='lat' dir='ltr'><strong>oﬂ‘enditur,</strong></span> <span class='ocrx_word' id='word_1_869' title='bbox 3277 4724 3341 4763; x_wconf 92' lang='lat' dir='ltr'><strong>ac</strong></span> <span class='ocrx_word' id='word_1_870' title='bbox 3376 4724 3474 4779; x_wconf 91' lang='lat' dir='ltr'><strong>per</strong></span> <span class='ocrx_word' id='word_1_871' title='bbox 3505 4724 3563 4763; x_wconf 91' lang='lat' dir='ltr'><strong>se</strong></span> <span class='ocrx_word' id='word_1_872' title='bbox 3598 4725 3714 4763; x_wconf 90' lang='lat' dir='ltr'><strong>mo-</strong></span> 
     </span>
    </p>
   </div>
   <div class='ocr_carea' id='block_1_109' title="bbox 2126 4798 3713 4874">
    <p class='ocr_par' dir='ltr' id='par_1_109' title="bbox 2126 4798 3713 4874">
     <span class='ocr_line' id='line_1_109' title="bbox 2126 4798 3713 4874; baseline -0.003 -18"><span class='ocrx_word' id='word_1_873' title='bbox 2126 4811 2287 4858; x_wconf 74' lang='lat' dir='ltr'><strong>vetur</strong></span> <span class='ocrx_word' id='word_1_874' title='bbox 2315 4802 2382 4857; x_wconf 88' lang='lat' dir='ltr'><strong>ad</strong></span> <span class='ocrx_word' id='word_1_875' title='bbox 2421 4802 2855 4874; x_wconf 90' lang='lat' dir='ltr'><strong>indignationem</strong></span> <span class='ocrx_word' id='word_1_876' title='bbox 2882 4800 3151 4855; x_wconf 85' lang='lat' dir='ltr'><strong>adversus</strong></span> <span class='ocrx_word' id='word_1_877' title='bbox 3191 4814 3286 4853; x_wconf 90' lang='lat' dir='ltr'><strong>eos</strong></span> <span class='ocrx_word' id='word_1_878' title='bbox 3309 4798 3403 4867; x_wconf 87' lang='lat' dir='ltr'><strong>qui</strong></span> <span class='ocrx_word' id='word_1_879' title='bbox 3428 4808 3713 4852; x_wconf 88' lang='lat' dir='ltr'><strong>contume-</strong></span> 
     </span>
    </p>
   </div>
   <div class='ocr_carea' id='block_1_110' title="bbox 2126 4889 3710 4960">
    <p class='ocr_par' dir='ltr' id='par_1_110' title="bbox 2126 4889 3710 4960">
     <span class='ocr_line' id='line_1_110' title="bbox 2126 4889 3710 4960; baseline -0.004 -11"><span class='ocrx_word' id='word_1_880' title='bbox 2126 4895 2253 4949; x_wconf 85' lang='lat' dir='ltr'><strong>liam</strong></span> <span class='ocrx_word' id='word_1_881' title='bbox 2290 4895 2495 4951; x_wconf 81' lang='lat' dir='ltr'><strong>iul‘erre</strong></span> <span class='ocrx_word' id='word_1_882' title='bbox 2526 4895 2688 4949; x_wconf 84' lang='lat' dir='ltr'><strong>veriti</strong></span> <span class='ocrx_word' id='word_1_883' title='bbox 2722 4911 2830 4949; x_wconf 90' lang='lat' dir='ltr'><strong>non</strong></span> <span class='ocrx_word' id='word_1_884' title='bbox 2866 4902 3044 4956; x_wconf 87' lang='lat' dir='ltr'><strong>erant,</strong></span> <span class='ocrx_word' id='word_1_885' title='bbox 3073 4902 3129 4946; x_wconf 89' lang='lat' dir='ltr'><strong>ct</strong></span> <span class='ocrx_word' id='word_1_886' title='bbox 3158 4889 3387 4960; x_wconf 88' lang='lat' dir='ltr'><strong>legitimi</strong></span> <span class='ocrx_word' id='word_1_887' title='bbox 3427 4905 3710 4944; x_wconf 83' lang='lat' dir='ltr'><strong>sacrorum</strong></span> 
     </span>
    </p>
   </div>
   <div class='ocr_carea' id='block_1_111' title="bbox 2126 4981 3710 5057">
    <p class='ocr_par' dir='ltr' id='par_1_111' title="bbox 2126 4981 3710 5057">
     <span class='ocr_line' id='line_1_111' title="bbox 2126 4981 3710 5057; baseline -0.004 -16"><span class='ocrx_word' id='word_1_888' title='bbox 2126 4987 2365 5041; x_wconf 86' lang='lat' dir='ltr'><strong>ministri</strong></span> <span class='ocrx_word' id='word_1_889' title='bbox 2410 4996 2789 5057; x_wconf 86' lang='lat' dir='ltr'><strong>contemptum</strong></span> <span class='ocrx_word' id='word_1_890' title='bbox 2836 4986 2906 5039; x_wconf 88' lang='lat' dir='ltr'><strong>ad</strong></span> <span class='ocrx_word' id='word_1_891' title='bbox 2955 4984 3197 5050; x_wconf 88' lang='lat' dir='ltr'><strong>seipsum</strong></span> <span class='ocrx_word' id='word_1_892' title='bbox 3243 4981 3520 5035; x_wconf 79' lang='lat' dir='ltr'><strong>transfert.</strong></span> <span class='ocrx_word' id='word_1_893' title='bbox 3564 4981 3710 5037; x_wconf 87' lang='lat' dir='ltr'><strong>Idem</strong></span> 
     </span>
    </p>
   </div>
   <div class='ocr_carea' id='block_1_112' title="bbox 2128 5071 3714 5149">
    <p class='ocr_par' dir='ltr' id='par_1_112' title="bbox 2128 5071 3714 5149">
     <span class='ocr_line' id='line_1_112' title="bbox 2128 5071 3714 5149; baseline -0.006 -16"><span class='ocrx_word' id='word_1_894' title='bbox 2128 5079 2402 5149; x_wconf 78' lang='lat' dir='ltr'><strong>intelliges</strong></span> <span class='ocrx_word' id='word_1_895' title='bbox 2427 5078 2591 5132; x_wconf 86' lang='lat' dir='ltr'><strong>etiam</strong></span> <span class='ocrx_word' id='word_1_896' title='bbox 2616 5078 2669 5131; x_wconf 91' lang='lat' dir='ltr'><strong>iu</strong></span> <span class='ocrx_word' id='word_1_897' title='bbox 2686 5076 2909 5131; x_wconf 83' lang='lat' dir='ltr'><strong>Christo</strong></span> <span class='ocrx_word' id='word_1_898' title='bbox 2934 5074 3135 5127; x_wconf 83' lang='lat' dir='ltr'><strong>factum</strong></span> <span class='ocrx_word' id='word_1_899' title='bbox 3160 5088 3302 5126; x_wconf 82' lang='lat' dir='ltr'><strong>esse.</strong></span> <span class='ocrx_word' id='word_1_900' title='bbox 3329 5071 3463 5126; x_wconf 86' lang='lat' dir='ltr'><strong>Nam</strong></span> <span class='ocrx_word' id='word_1_901' title='bbox 3490 5080 3714 5141; x_wconf 78' lang='lat' dir='ltr'><strong>propter</strong></span> 
     </span>
    </p>
   </div>
   <div class='ocr_carea' id='block_1_113' title="bbox 2129 5161 3711 5232">
    <p class='ocr_par' dir='ltr' id='par_1_113' title="bbox 2129 5161 3711 5232">
     <span class='ocr_line' id='line_1_113' title="bbox 2129 5161 3711 5232; baseline -0.006 -8"><span class='ocrx_word' id='word_1_902' title='bbox 2129 5171 2349 5225; x_wconf 86' lang='lat' dir='ltr'><strong>insitam</strong></span> <span class='ocrx_word' id='word_1_903' title='bbox 2409 5169 2484 5222; x_wconf 91' lang='lat' dir='ltr'><strong>illi</strong></span> <span class='ocrx_word' id='word_1_904' title='bbox 2545 5164 3024 5221; x_wconf 86' lang='lat' dir='ltr'><strong>mansuetudinem</strong></span> <span class='ocrx_word' id='word_1_905' title='bbox 3084 5170 3249 5232; x_wconf 83' lang='lat' dir='ltr'><strong>atque</strong></span> <span class='ocrx_word' id='word_1_906' title='bbox 3313 5161 3711 5232; x_wconf 78' lang='lat' dir='ltr'><strong>benignitatem</strong></span> 
     </span>
    </p>
   </div>
   <div class='ocr_carea' id='block_1_114' title="bbox 2122 5240 3687 5328">
    <p class='ocr_par' dir='ltr' id='par_1_114' title="bbox 2122 5240 3687 5328">
     <span class='ocr_line' id='line_1_114' title="bbox 2122 5240 3687 5328; baseline -0.004 -14"><span class='ocrx_word' id='word_1_907' title='bbox 2122 5259 2387 5316; x_wconf 58' lang='lat' dir='ltr'><strong>Pharisiei</strong></span> <span class='ocrx_word' id='word_1_908' title='bbox 2428 5258 2787 5328; x_wconf 66' lang='lat' dir='ltr'><strong>proclivior-es</strong></span> <span class='ocrx_word' id='word_1_909' title='bbox 2827 5255 2893 5309; x_wconf 90' lang='lat' dir='ltr'><strong>ad</strong></span> <span class='ocrx_word' id='word_1_910' title='bbox 2943 5255 3114 5324; x_wconf 88' lang='lat' dir='ltr'><strong>ipsius</strong></span> <span class='ocrx_word' id='word_1_911' title='bbox 3156 5262 3531 5323; x_wconf 87' lang='lat' dir='ltr'><strong>contemptum</strong></span> <span class='ocrx_word' id='word_1_912' title='bbox 3575 5240 3687 5308; x_wconf 80' lang='lat' dir='ltr'><strong>fere</strong></span> 
     </span>
    </p>
   </div>
   <div class='ocr_carea' id='block_1_115' title="bbox 2129 5342 3709 5414">
    <p class='ocr_par' dir='ltr' id='par_1_115' title="bbox 2129 5342 3709 5414">
     <span class='ocr_line' id='line_1_115' title="bbox 2129 5342 3709 5414; baseline -0.004 -11"><span class='ocrx_word' id='word_1_913' title='bbox 2129 5351 2348 5404; x_wconf 84' lang='lat' dir='ltr'><strong>bantur.</strong></span> <span class='ocrx_word' id='word_1_914' title='bbox 2386 5348 2492 5402; x_wconf 87' lang='lat' dir='ltr'><strong>Sed</strong></span> <span class='ocrx_word' id='word_1_915' title='bbox 2534 5355 2690 5401; x_wconf 82' lang='lat' dir='ltr'><strong>certo</strong></span> <span class='ocrx_word' id='word_1_916' title='bbox 2727 5343 3067 5414; x_wconf 88' lang='lat' dir='ltr'><strong>deprehendi</strong></span> <span class='ocrx_word' id='word_1_917' title='bbox 3106 5351 3341 5412; x_wconf 85' lang='lat' dir='ltr'><strong>poterat,</strong></span> <span class='ocrx_word' id='word_1_918' title='bbox 3373 5343 3517 5413; x_wconf 90' lang='lat' dir='ltr'><strong>quod</strong></span> <span class='ocrx_word' id='word_1_919' title='bbox 3565 5342 3709 5396; x_wconf 74' lang='lat' dir='ltr'><strong>diri-</strong></span> 
     </span>
    </p>
   </div>
   <div class='ocr_carea' id='block_1_116' title="bbox 2127 5434 3709 5493">
    <p class='ocr_par' dir='ltr' id='par_1_116' title="bbox 2127 5434 3709 5493">
     <span class='ocr_line' id='line_1_116' title="bbox 2127 5434 3709 5493; baseline 0 -1"><span class='ocrx_word' id='word_1_920' title='bbox 2127 5456 2252 5493; x_wconf 83' lang='lat' dir='ltr'><strong>nam</strong></span> <span class='ocrx_word' id='word_1_921' title='bbox 2303 5438 2565 5491; x_wconf 88' lang='lat' dir='ltr'><strong>ultionem</strong></span> <span class='ocrx_word' id='word_1_922' title='bbox 2612 5451 2720 5489; x_wconf 90' lang='lat' dir='ltr'><strong>non</strong></span> <span class='ocrx_word' id='word_1_923' title='bbox 2769 5442 2953 5488; x_wconf 82' lang='lat' dir='ltr'><strong>essent</strong></span> <span class='ocrx_word' id='word_1_924' title='bbox 2996 5434 3236 5487; x_wconf 85' lang='lat' dir='ltr'><strong>evasuri.</strong></span> <span class='ocrx_word' id='word_1_925' title='bbox 3284 5434 3428 5489; x_wconf 81' lang='lat' dir='ltr'><strong>Deus</strong></span> <span class='ocrx_word' id='word_1_926' title='bbox 3463 5434 3609 5488; x_wconf 87' lang='lat' dir='ltr'><strong>enim</strong></span> <span class='ocrx_word' id='word_1_927' title='bbox 3653 5446 3709 5492; x_wconf 82' lang='lat' dir='ltr'><strong>et</strong></span> 
     </span>
    </p>
   </div>
   <div class='ocr_carea' id='block_1_117' title="bbox 2126 5525 3705 5596">
    <p class='ocr_par' dir='ltr' id='par_1_117' title="bbox 2126 5525 3705 5596">
     <span class='ocr_line' id='line_1_117' title="bbox 2126 5525 3705 5596; baseline -0.003 -10"><span class='ocrx_word' id='word_1_928' title='bbox 2126 5532 2291 5586; x_wconf 75' lang='lat' dir='ltr'><strong>Pater</strong></span> <span class='ocrx_word' id='word_1_929' title='bbox 2322 5528 2656 5583; x_wconf 86' lang='lat' dir='ltr'><strong>contumelia</strong></span> <span class='ocrx_word' id='word_1_930' title='bbox 2696 5526 2924 5581; x_wconf 70' lang='lat' dir='ltr'><strong>aﬂectus</strong></span> <span class='ocrx_word' id='word_1_931' title='bbox 2961 5526 3017 5581; x_wconf 91' lang='lat' dir='ltr'><strong>in</strong></span> <span class='ocrx_word' id='word_1_932' title='bbox 3065 5525 3203 5579; x_wconf 86' lang='lat' dir='ltr'><strong>Filio</strong></span> <span class='ocrx_word' id='word_1_933' title='bbox 3226 5528 3373 5596; x_wconf 87' lang='lat' dir='ltr'><strong>justa</strong></span> <span class='ocrx_word' id='word_1_934' title='bbox 3411 5525 3490 5580; x_wconf 89' lang='lat' dir='ltr'><strong>ira</strong></span> <span class='ocrx_word' id='word_1_935' title='bbox 3524 5527 3705 5581; x_wconf 87' lang='lat' dir='ltr'><strong>inccn-</strong></span> 
     </span>
    </p>
   </div>
   <div class='ocr_carea' id='block_1_118' title="bbox 510 5639 2020 5715">
    <p class='ocr_par' dir='ltr' id='par_1_118' title="bbox 510 5645 2013 5715">
     <span class='ocr_line' id='line_1_118' title="bbox 510 5645 2013 5715; baseline 0.001 -14"><span class='ocrx_word' id='word_1_936' title='bbox 510 5645 557 5678; x_wconf 84' lang='grc'><strong>³⁸</strong></span> <span class='ocrx_word' id='word_1_937' title='bbox 583 5645 773 5701; x_wconf 68' lang='lat' dir='ltr'><strong>Matth.</strong></span> <span class='ocrx_word' id='word_1_938' title='bbox 800 5664 852 5709; x_wconf 74' lang='grc' dir='ltr'><strong>ν,</strong></span> <span class='ocrx_word' id='word_1_939' title='bbox 888 5648 971 5701; x_wconf 83' lang='lat' dir='ltr'><strong>l8.</strong></span> <span class='ocrx_word' id='word_1_940' title='bbox 1050 5647 1092 5678; x_wconf 79' lang='lat'>&quot;</span> <span class='ocrx_word' id='word_1_941' title='bbox 1123 5646 1284 5715; x_wconf 80' lang='lat' dir='ltr'><strong>Num.</strong></span> <span class='ocrx_word' id='word_1_942' title='bbox 1314 5646 1481 5709; x_wconf 62' lang='lat'><strong>11:11.2.</strong></span> <span class='ocrx_word' id='word_1_943' title='bbox 1564 5646 1605 5678; x_wconf 84' lang='grc'><strong>³⁷</strong></span> <span class='ocrx_word' id='word_1_944' title='bbox 1637 5646 1806 5702; x_wconf 74' lang='lat' dir='ltr'><strong>Exod.</strong></span> <span class='ocrx_word' id='word_1_945' title='bbox 1830 5664 2013 5715; x_wconf 62' lang='grc' dir='ltr'>χχχιιι,</span> 
     </span>
    </p>
   </div>
   <div class='ocr_carea' id='block_1_119' title="bbox 2125 5639 3705 5715">
    <p class='ocr_par' dir='ltr' id='par_1_119' title="bbox 2132 5639 3705 5711">
     <span class='ocr_line' id='line_1_119' title="bbox 2132 5639 3705 5711; baseline -0.004 -7"><span class='ocrx_word' id='word_1_946' title='bbox 2132 5691 2141 5701; x_wconf 95' lang='grc'><strong>.</strong></span> <span class='ocrx_word' id='word_1_947' title='bbox 2222 5647 2264 5680; x_wconf 75' lang='grc'><strong>³⁸</strong></span> <span class='ocrx_word' id='word_1_948' title='bbox 2299 5648 2455 5703; x_wconf 78' lang='lat' dir='ltr'><strong>Joau.</strong></span> <span class='ocrx_word' id='word_1_949' title='bbox 2502 5662 2591 5711; x_wconf 79' lang='lat' dir='ltr'><strong>xu,</strong></span> <span class='ocrx_word' id='word_1_950' title='bbox 2627 5646 2712 5699; x_wconf 66' lang='lat'><strong>.15.</strong></span> <span class='ocrx_word' id='word_1_951' title='bbox 2794 5646 2836 5675; x_wconf 66' lang='lat'><strong>3’</strong></span> <span class='ocrx_word' id='word_1_952' title='bbox 2867 5644 3023 5700; x_wconf 81' lang='lat' dir='ltr'><strong>Joau.</strong></span> <span class='ocrx_word' id='word_1_953' title='bbox 3066 5657 3171 5704; x_wconf 75' lang='grc' dir='ltr'>ιιγ,</span> <span class='ocrx_word' id='word_1_954' title='bbox 3207 5639 3285 5692; x_wconf 82' lang='lat' dir='ltr'><strong>lt).</strong></span> <span class='ocrx_word' id='word_1_955' title='bbox 3367 5640 3407 5671; x_wconf 76' lang='lat'><strong>‘°</strong></span> <span class='ocrx_word' id='word_1_956' title='bbox 3435 5640 3588 5696; x_wconf 81' lang='lat' dir='ltr'><strong>Joau.</strong></span> <span class='ocrx_word' id='word_1_957' title='bbox 3632 5660 3705 5699; x_wconf 68' lang='lat' dir='ltr'><strong>is.</strong></span> 
     </span>
    </p>
   </div>
   <div class='ocr_carea' id='block_1_120' title="bbox 439 5713 1407 5785">
    <p class='ocr_par' dir='ltr' id='par_1_120' title="bbox 439 5713 1407 5785">
     <span class='ocr_line' id='line_1_120' title="bbox 439 5713 1407 5785; baseline -0.001 -15"><span class='ocrx_word' id='word_1_958' title='bbox 439 5713 533 5771; x_wconf 69' lang='lat'><strong>39.</strong></span> <span class='ocrx_word' id='word_1_959' title='bbox 608 5716 1047 5785; x_wconf 69' lang='lat' dir='ltr'><strong>“Num.xu‘,2.</strong></span> <span class='ocrx_word' id='word_1_960' title='bbox 1127 5713 1407 5772; x_wconf 78' lang='lat' dir='ltr'><strong>&quot;ibid.5.</strong></span> 
     </span>
    </p>
   </div>
  </div>
