4094 6282
397 355 496 412 ίὈΙ

1446 353 1966 418 οιΑιηινιιοιιυΜ
2007 363 2074 418 IN
2115 354 2442 420 NUMEDGS
2475 357 2698 418 LIBER.

3567 368 3672 426 εον

399 471 638 533 πίστεως
663 470 762 542 τῆς
791 471 872 534 είς
899 470 1082 533 αὐτὸν,
1109 471 1202 524 καὶ
1227 471 1294 524 δι’
1321 471 1559 540 αἵματος.
1576 474 1680 528 τοῦ
1703 475 1834 529 ιδίου
1862 478 1974 546 ἀγο-

2088 481 2394 548 proprium,
2421 479 2566 534 sicut
2593 481 2860 550 scriptum
2885 491 2990 546 est,
3012 489 3256 538 redemit
3277 477 3396 538 Deo
3416 489 3480 538 ac
3503 469 3670 541 Patri.

401 561 607 635 ρόξων,
653 565 796 618 κατὰ
838 565 900 618 τὸ
944 564 1348 634 γεγραμμένον,
1389 563 1468 634 τῷ
1505 565 1634 636 Θεῷ
1652 569 1748 620 καὶ
1791 563 1983 640 Πατρί.

399 656 548 710 Διότι
596 657 776 711 τοίνυν
825 659 1020 727 φησίνσ
1059 677 1076 708 ι
1109 655 1226 710 Οὐκ
1259 657 1562 729 ὲφοϐήθιττε
1614 651 1986 731 καταλαλῆσαι

401 749 544 802 κατὰ
573 750 668 804 τοῦ
695 751 1022 821 θεράποντάς
1054 763 1154 821 μου
1185 753 1391 822 Μωσῆς
1431 771 1450 804 ι
1479 754 1704 806 Τοιοῦτο
1735 755 1983 826 γάρνὲστι

399 841 462 895 τὸ
491 843 579 896 δὲᾶ
617 843 710 896 τοῦ
751 844 1034 914 προφήτου
1059 845 1198 915 πρὸς
1227 845 1354 908 τοὺς
1387 845 1634 909 ἀνοσίους
1661 847 1986 917 Φαρισαίους

402 935 494 986 καὶ
525 935 688 990 πάλαι
717 926 1044 1004 λαλούμενον
1081 934 1170 988 διὰ
1213 935 1310 998 τὰς
1344 937 1436 988 ἐπὶ
1467 935 1690 1007 Χριστῷ
1717 931 1985 1008 φλυαρίας

401 1041 460 1078 τε
495 1030 592 1081 καὶ
624 1027 1086 1098 ἀθυρογλωττίας·
1133 1045 1160 1080 σε
1197 1027 1388 1098 Ὑμεῖς
1415 1029 1472 1081 δὲ
1506 1029 1816 1100 προσάγετε
1846 1023 1980 1092 ὧδε,

405 1119 507 1171 υἱοὶ
549 1119 774 1189 ἄνομοι,
819 1119 1048 1189 σπέρμα
1091 1120 1298 1189 μοιχῶν
1343 1120 1436 1172 καὶ
1477 1120 1704 1191 πόρνης.
1754 1121 1842 1173 Ἑν
1878 1121 1984 1174 τίνι

399 1211 827 1281 ἐνετρυφήσατε;
853 1213 945 1264 καὶ
968 1212 1062 1263 ιτα
1079 1210 1200 1264 τίνα
1230 1211 1476 1280 ἡνοίξατε
1503 1212 1562 1264 τὸ
1589 1211 1765 1282 στόμα
1787 1213 1970 1283 ὑμῶν;

325 1327 342 1336 π·
397 1301 490 1354 καὶ
525 1301 616 1353 ἐπὶ
645 1301 761 1353 τίνα
794 1300 1090 1370 ἐχαλάσετε
1118 1299 1217 1370 τὴν
1239 1297 1492 1368 γλῶσσαν
1523 1301 1709 1369 ὑμῶν;
1747 1320 1768 1352 ι
1804 1302 1982 1364 Ὂλως

395 1394 501 1464 γὰρ
531 1384 720 1464 ὥσπερ
743 1395 810 1461 τῇ
843 1392 1098 1463 θεομὰχίρ
1138 1392 1358 1465 γλώσσῃ
1395 1393 1494 1457 τὰς
1525 1393 1678 1464 ἡνίας
1707 1395 1980 1465 χαλάσαν-

396 1489 486 1547 τες
512 1485 560 1536 οἱ
592 1473 873 1552 Φαρισαῖοι
902 1475 1316 1555 εὐτροχωτάτην
1343 1485 1550 1556 τρόπον
1569 1485 1700 1539 τινὰ
1722 1487 1834 1556 τὴν
1847 1484 1978 1538 δυσ-

397 1573 608 1644 φημίαν
646 1575 928 1628 ἐποιοῦντο
963 1576 1030 1628 τὰ
1073 1575 1332 1646 Χριστοῦ,
1368 1579 1462 1631 καὶ
1493 1573 1630 1648 πρὸς
1671 1578 1978 1648 ὑπέρογκον

395 1665 714 1730 ἀλαζονείαν
751 1667 1241 1736 αναφυσσῶμενοι,
1284 1670 1410 1732 τοὺς
1445 1669 1505 1734 ἐξ
1533 1671 1788 1733 ἀπονοίας
1817 1669 1975 1738 ιιρεύ-

396 1757 580 1823 Ϋονται
623 1757 836 1825 λόγους.
869 1751 963 1821 Οἷς
997 1758 1089 1810 καὶ
1118 1759 1238 1812 λίαν
1281 1761 1598 1830 ὲτέαλγήσας
1623 1763 1651 1813 ὁ
1691 1762 1942 1832 Μελῳδός
1961 1780 1973 1792 ·

2095 570 2332 640 Ideoque
2380 572 2492 626 ait:
2539 591 2558 624 ι
2601 573 2722 626 Non
2762 574 3032 627 veremini
3071 574 3299 643 obloqui
3345 589 3508 630 servo
3547 589 3674 632 meo

2093 661 2228 714 Mosi
2254 663 2332 715 ‘0?
2369 682 2388 713 ι
2429 663 2712 734 Ejusmodi
2737 665 2885 718 enim
2913 665 3046 733 quid
3071 665 3236 720 etiam
3261 667 3392 720 olim
3421 682 3519 735 per
3547 683 3674 737 pro-

2093 753 2198 820 phe
2206 761 2312 807 tam
2329 753 2536 806 dictum
2551 754 2714 808 estad
2735 754 2930 824 impios
2941 755 3244 810 Pharisaaos
3253 757 3324 810 ob
3337 759 3672 826 petulantem

2093 849 2257 911 atque
2279 843 2604 897 eli'renatam
2623 844 2676 897 in
2699 843 2980 898 Christum
3009 845 3284 916 linguam:
3320 867 3336 898 ι
3365 848 3470 901 Vos
3485 859 3672 902 autem

2093 931 2340 988 accedite
2367 933 2494 998 huc,
2520 933 2616 988 ﬁlii
2637 935 2830 1004 iniqui,
2850 949 3038 989 semen
3057 937 3398 991 mmchorum
3421 947 3476 993 et
3503 939 3674 994 forni—

2091 1025 2342 1080 cationis;
2361 1024 2502 1091 Quid
2519 1025 2891 1080 deliciamini?
2909 1035 3100 1081 contra
3119 1043 3284 1096 quem
3301 1031 3595 1098 aperuistis
3609 1047 3672 1086 os

2090 1117 2368 1170 vestrum?
2405 1125 2462 1170 et
2501 1117 2766 1173 adversus
2811 1134 2974 1188 quem
3027 1120 3250 1174 laxastis
3293 1121 3534 1191 linguam
3571 1138 3668 1176 ve-

2089 1215 2260 1262 stram
2277 1203 2530 1263 "‘hNam
2551 1209 2833 1275 Pharisaei,
2857 1211 2988 1265 totis
3010 1209 3416 1280 quodammodo
3433 1211 3664 1268 habenis

2089 1298 2430 1368 impiissima!
2451 1300 2646 1370 lingua:
2685 1302 2740 1354 in
2776 1303 2946 1356 Deum
2979 1303 3194 1366 laxatis,
3223 1305 3578 1358 acerbissima
3609 1308 3666 1358 in

2086 1387 2366 1442 Christum
2381 1390 2630 1445 convicia
2641 1391 2936 1461 jaciebant,
2953 1399 3114 1460 atque
3133 1393 3396 1447 immensa
3409 1395 3666 1463 superbia

2085 1479 2238 1544 elati,
2267 1481 2438 1536 verba
2463 1483 2792 1536 evomebant
2817 1485 3088 1538 scelerum
3117 1493 3173 1540 ct
3201 1487 3453 1540 amentia:
3481 1487 3662 1556 plena.

2085 1567 2298 1634 Quibus
2313 1585 2492 1640 neque
2515 1571 2792 1626 immerito
2815 1573 3114 1628 condolens
3127 1575 3412 1630 Psalmista
3439 1595 3452 1630 :
3481 1597 3498 1627 ι
3521 1579 3664 1644 Dixi,

2085 1659 2183 1723 ait,
2209 1659 2396 1728 inique
2423 1660 2713 1728 agentibus
2743 1661 2964 1716 :Nolite
3005 1663 3194 1732 inique
3233 1681 3394 1734 agere
3417 1685 3432 1734 ;
3459 1677 3514 1720 ct
3535 1683 3662 1736 pec-

2085 1751 2338 1806 cantibus
2373 1768 2384 1804 :
2421 1752 2598 1806 Nolite
2647 1753 2889 1807 exaltare
2939 1763 3114 1807 cornu
3155 1765 3430 1820 vestrum,
3485 1773 3666 1827 neque

407 1863 431 1896 r
457 1845 626 1912 mea,
669 1839 802 1920 φησῖ
822 1889 836 1912 ,
867 1853 980 1914 τοῖς
1011 1851 1388 1921 παρανομοῦσι
1408 1869 1422 1882 '
1456 1853 1547 1922 Μὴ
1577 1855 1940 1924 παρανομεῖτε
1959 1895 1973 1920 ,

2081 1843 2136 1896 ἱη
2191 1844 2362 1898 altum
2419 1845 2590 1898 tollite
2641 1860 2814 1898 cornu
2851 1855 3118 1910 vestrum,
3153 1857 3332 1916 neqtic
3373 1847 3664 1918 loquimini

396 1941 490 1993 καὶ
516 1943 628 2002 τοῖς
658 1941 1070 2013 ἁμαρτάνουσι·
1095 1939 1186 2010 Μὴ
1209 1941 1408 2010 ὑψοῦτε
1439 1943 1628 2014 κέρας,
1663 1943 1736 2012 μὴ
1765 1944 1980 2013 ἐπαίρε-

397 2029 488 2082 σθε
521 2031 610 2091 εἰς·
649 2029 782 2098 ὕψος
815 2029 880 2082 τὺ
919 2029 1088 2101 κέρας
1133 2030 1306 2099 ὑμῶν,
1357 2031 1451 2084 καὶ
1496 2031 1570 2102 μὴ
1599 2031 1807 2084 λαλεῖτε
1841 2031 1980 2085 κατὰ

392 2121 485 2173 τοῦ
515 2120 650 2173 θεοῦ
673 2120 908 2174 ἀδικίαν.
945 2139 962 2170 ι
992 2121 1350 2191 Παρηνόμουν
1370 2121 1478 2191 γὰρ
1497 2121 1664 2186 ὅντως
1694 2122 1752 2174 ὃν
1779 2123 1978 2192 ἥκιστα

394 2209 499 2280 χρὴ
525 2207 802 2271 δυσσεϐῶς
833 2209 1254 2278 κατακρίνοντες
1276 2251 1290 2274 ,
1329 2210 1420 2262 καὶ
1452 2212 1532 2272 είς
1563 2209 1694 2280 ῦψος
1721 2210 1784 2264 τὸ
1813 2213 1976 2281 κέρας

394 2301 716 2371 ἐπαίροντες
792 2301 972 2353 ἁλοῖεν
1031 2299 1120 2366 ἂν,
1177 2299 1242 2352 οὗ
1295 2300 1448 2370 μόνῳ
1517 2301 1976 2372 παραχωροῦντες

391 2393 632 2465 Χριστῷ,
656 2393 716 2445 τὸ
741 2393 940 2446 εἰδέναι
975 2393 1038 2445 τὸ
1067 2393 1280 2463 θέλημα
1315 2393 1406 2447 τοῦ
1436 2395 1666 2464 Πατρδςς
1700 2397 1793 2448 καὶ
1819 2397 1975 2450 αὐτοὶ

387 2485 442 2536 δὲ
472 2485 670 2554 μᾶλλον
701 2485 1028 2538 ἐπίστασθαι
1059 2485 1218 2538 τοῦτο
1241 2483 1724 2556 διῖσχυριζόμενοι,
1755 2489 1846 2542 διὰ
1877 2488 1972 2540 τοῦ

387 2575 584 2643 λέγειν,
625 2576 878 2645 καθάπερ
910 2577 1010 2647 ἢδη
1053 2576 1396 2648 προείρηται·
1452 2593 1470 2628 ι
1521 2577 1712 2647 Ἡμεῖς
1753 2578 1973 2647 οἴδαμεν

385 2667 465 2718 ὅτι
497 2668 686 2720 Μωσεῖ
716 2666 1014 2735 λελάληκεν
1047 2658 1078 2719 ﬁ
1105 2667 1274 2732 Θεὸς,
1309 2685 1332 2719 ›
1371 2666 1448 2730 ὡς
1491 2669 1586 2721 καὶ
1613 2669 1860 2722 ἀπειθεῖν
1886 2669 1972 2722 διὰ

388 2757 541 2814 τοῦτο
556 2757 902 2822 σπουδάζειν.
920 2759 1029 2810 Καὶ
1045 2757 1258 2829 ἀπέστη
1279 2759 1378 2828 μὲν
1400 2758 1480 2828 τῷ
1493 2760 1746 2830 τηνικάδε
1763 2761 1860 2830 τῆς
1879 2762 1971 2814 τοῦ

393 2850 688 2919 μαρτυρίου
713 2850 918 2920 σκηνῆς
939 2851 972 2920 η
1003 2850 1222 2919 νεφέλη.
1253 2851 1528 2921 Λεπρῶσα
1550 2851 1606 2903 δὲ
1631 2855 1886 2924 παραχρῆ
1897 2861 1972 2922 μα

395 2940 642 3007 ἐφαίνετο
669 2941 919 3010 Μαριὰμ,
945 2941 1038 2994 καὶ
1060 2942 1158 3010 οὐχ
1189 2941 1398 3006 ἁπλῶς,
1428 2941 1542 2995 ἀλλ’
1575 2943 1648 3005 ὡς
1681 2941 1832 3012 χιών.
1863 2944 1973 2996 Καὶ

395 3027 502 3096 γὰρ
547 3031 664 3090 ταῖς
695 3031 774 3092 είς
813 3027 1046 3099 Χριστὸν
1083 3032 1422 3101 παροινίαις,
1457 3033 1550 3084 καὶ
1587 3034 1700 3095 τοῖς
1737 3033 1972 3096 ἀνοσίοις

393 3117 504 3170 τῶν
530 3119 802 3174 Ἰουδαίων
819 3119 1158 3191 τολμήμασιν
1183 3123 1597 3191 έπασχάλλουσα
1619 3149 1636 3184 -,
1665 3121 1760 3174 καὶ
1791 3122 1971 3176 διατε-

391 3210 546 3264 θεῖσα
573 3211 786 3282 πικρῶς
812 3213 1016 3283 ἀνέπτη
1043 3214 1244 3284 τρόπον
1271 3214 1414 3280 τινὰ,
1443 3215 1538 3267 καὶ
1567 3214 1972 3285 ἀναπεφοίτηκε

389 3302 487 3370 τῆς
517 3303 868 3373 Συναγωγῆςε
897 3305 932 3374 ἠ
971 3303 1090 3356 θεία
1118 3321 1176 3356 τε
1201 3305 1296 3358 καὶ
1321 3306 1598 3376 ἀκήρατος
1619 3305 1800 3374 φύσις,
1832 3307 1974 3362 κατὰ

389 3393 448 3444 ’τὸ
480 3393 770 3464 εἰρημένον
813 3394 964 3465 παρὰ
1005 3394 1264 3465 Χριστοῦο
1312 3414 1332 3446 ι
1368 3397 1836 3463 Ἐγκαταλέλοιπα
1879 3399 1972 3452 τὸν

387 3478 536 3538 οἶκόν
573 3501 696 3554 μου,
732 3486 922 3556 ἀφῆκα
963 3484 1064 3557 τὴν
1098 3486 1462 3557 κληρονομίαν
1496 3505 1619 3557 μου.
1654 3507 1674 3540 ι
1721 3489 1971 3542 Καταϐε·

386 3575 568 3645 δηκὼς
593 3577 704 3647 γὰρ
745 3579 776 3630 ὁ
814 3577 1016 3649 Κύριος
1063 3579 1122 3632 ἐν
1163 3579 1342 3650 στόλῳ
1388 3578 1619 3650 νεφέλης
1655 3580 1730 3642 ὡς
1773 3580 1970 3652 νεφέλη

389 3665 546 3719 πάλιν
571 3667 864 3737 ἀποφοιτᾷη
887 3667 1028 3722 κατὰ
1045 3667 1136 3720 τὸν
1156 3670 1214 3722 ὲν
1233 3669 1520 3739 γράμματι
1556 3671 1971 3740 τύπον.Ἐπειδὴ

389 3757 444 3809 δὲ
476 3759 574 3828 τῆς
608 3758 718 3812 τῶν
755 3758 1024 3812 Ἰουδαίων
1057 3758 1386 3830 Συναγωγῆς
1420 3760 1646 3822 εἰκότως
1676 3761 1972 3829 ἀπενοσφί-

391 3847 532 3913 ζετο,
558 3849 866 3921 ἀκάθαρτος
891 3851 1172 3922 ἀνεδείχθη
1206 3854 1546 3923 παραχρῆμα
1569 3871 1581 3882 ·
1611 3853 1703 3904 καὶ
1723 3852 1970 3921 ἀκάθαρ-

389 3953 478 4004 τος
499 3944 597 4011 οὐχ
629 3939 832 4006 ἁπλῶς,
861 3943 979 3997 ἀλλ’
1007 3945 1086 4007 εἰς
1113 3944 1396 4015 ἀκρότητα
1422 3944 1704 4015 δραμοῦσα
1729 3944 1824 3998 τοῦ
1867 3945 1972 3998 πᾶ-

389 4033 534 4098 οους.
565 4034 639 4087 Τὸ
673 4035 782 4106 γὰρ
823 4037 1028 4107 σφόδρα
1059 4036 1584 4090 καταλευκαίνεσθαι
1621 4037 1710 4089 τὸν
1755 4037 1968 4108 λεπρω-

389 4125 548 4179 θέντα
576 4125 776 4194 λέγειν,
809 4131 908 4198 τῆς
951 4129 1108 4181 νόσου
1155 4129 1252 4198 τὴν
1291 4129 1542 4182 ἐπίτασιν
1571 4128 1705 4199 ἔχει.
1738 4129 1802 4182 Τί
1831 4129 1876 4182 δ’
1905 4130 1970 4184 ἂν

388 4217 594 4286 γένοιτο
615 4220 789 4289 χιόνος
813 4220 874 4272 τὸ
897 4220 1246 4291 λευκότερον;
1277 4218 1386 4273 τΗν
1432 4222 1540 4292 γὰρ
1572 4221 1636 4292 δὴ
1665 4223 1756 4274 καὶ
1785 4223 1933 4285 εἰκὸς
1955 4262 1968 4286 ,

393 4312 592 4381 μᾶλλον
624 4311 680 4364 δὲ
714 4312 1030 4380 ἀναγκαῖον,
1082 4315 1176 4366 καὶ
1222 4313 1608 4383 ἀναμφιϐόλως
1648 4313 1772 4384 ἔχον
1817 4314 1876 4367 τὸ
1913 4301 1972 4367 ἐν

393 4403 556 4456 παντὶ
595 4402 847 4471 γενέσθαι
875 4404 1030 4474 κακῷ
1061 4404 1160 4474 τὴν
1197 4405 1305 4456 τῶν
1341 4405 1612 4460 Ἰουδαίων
1640 4407 1970 4477 Συναγωγὴν

2085 1943 2274 1989 conitra
2314 1937 2486 1990 Deum
2527 1936 2936 2006 injustitiam“.
2977 1953 2994 1988 ι
3046 1937 3258 1992 Revera
3293 1937 3442 1992 enim
3477 1939 3666 2009 inique

2081 2027 2140 2079 in
2157 2041 2286 2080 eum
2307 2027 2561 2096 agebant,
2589 2043 2758 2097 quem
2779 2027 3004 2082 minime
3025 2027 3300 2083 debebant
3319 2029 3486 2099 impie
3512 2031 3664 2084 dam-

2079 2126 2294 2183 nantes,
2337 2133 2576 2186 vereque
2617 2117 2951 2187 deprehensi
3003 2127 3134 2173 sunt
3183 2131 3352 2174 cornu
3395 2121 3448 2174 in
3489 2122 3666 2176 altum

2080 2209 2293 2274 tollere,
2337 2224 2464 2264 cum
2509 2225 2620 2264 non
2667 2209 3036 2264 concederent
3065 2210 3244 2264 solum
3285 2210 3480 2264 Filium
3519 2211 3660 2266 scire

2078 2299 2253 2354 Patris
2275 2301 2648 2364 voluntatem;
2683 2300 2794 2354 imo
2821 2301 3146 2370 semetipsos
3177 2301 3348 2370 magis
3369 2317 3488 2356 eam
3521 2303 3660 2356 scire

2077 2402 2458 2449 asseverarent
2487 2409 2584 2464 per
2627 2395 2732 2448 hoc
2771 2394 2918 2462 quod
2942 2395 3052 2462 jam
3081 2393 3290 2448 dictum
3331 2401 3413 2447 est
3451 2411 3462 2446 :
3496 2413 3514 2444 ι
3551 2395 3664 2449 Nos

2077 2487 2284 2542 scimus
2321 2486 2466 2555 quod
2509 2485 2644 2539 Mosi
2691 2486 2909 2540 locutus
2939 2485 3010 2539 sit
3049 2486 3196 2540 Deus
3226 2487 3302 2552 5';
3337 2507 3356 2536 ι
3397 2487 3660 2556 atqueita

2077 2579 2242 2634 ﬁdem
2273 2579 2326 2633 ci
2358 2579 2622 2632 adhibere
2659 2579 2938 2632 nolebant.
2972 2577 3240 2643 Quocirca
3269 2578 3522 2633 discessit
3555 2595 3660 2633 nu-

2076 2667 2174 2721 bes
2205 2683 2234 2720 a
2273 2667 2628 2722 tabernacqu
2666 2666 2985 2720 testimonii.
3017 2667 3086 2719 Et
3117 2667 3284 2720 Maria
3319 2667 3468 2721 illico
3496 2683 3664 2736 appa-

2077 2766 2160 2812 ret
2211 2757 2450 2826 leprosa,
2489 2757 2652 2824 idque
2707 2773 2816 2810 non
2869 2757 3215 2825 simpliciter,
3261 2757 3356 2812 sed
3401 2765 3658 2825 tanquam

2073 2850 2188 2902 nix.
2231 2847 2364 2902 Nam
2415 2848 2600 2902 divina
2641 2855 2805 2915 atque
2845 2846 3172 2900 immortalis
3204 2853 3400 2900 natura
3433 2861 3662 2914 succcn-

2075 2955 2222 3002 sens,
2264 2953 2514 3008 :egrcque
2541 2937 2726 2992 ferens
2753 2936 3042 2990 temeraria
3073 2935 3388 2990 Judaaorum
3415 2935 3660 2990 facinora

2074 3030 2645 3097 dcbacchationesque
2685 3029 2740 3080 in
2776 3027 3078 3092 Christum,
3111 3027 3350 3082 avolavit
3389 3027 3658 3095 quodam-

2075 3123 2276 3186 modo,
2327 3122 2662 3190 recessitquc
2701 3136 2730 3174 ιι
2771 3120 3049 3190 Synagoga
3075 3159 3088 3184 ,
3125 3121 3282 3188 juxta
3331 3118 3462 3172 illud
3511 3119 3658 3188 quod

2075 3216 2286 3270 dictum
2317 3225 2403 3270 est
2435 3229 2466 3268 a
2506 3215 2727 3268 Christo
2763 3231 2776 3266 :
2819 3233 2836 3262 ι
2865 3211 3082 3280 Reliqui
3117 3212 3344 3265 domum
3373 3225 3572 3272 meam,
3603 3215 3662 3264 et

2075 3307 2295 3364 deserui
2326 3306 2702 3362 hazreditatem
2729 3319 2910 3358 meam
2931 3304 2998 3356 ⁵³.
3027 3323 3043 3354 ι
3077 3301 3216 3368 Quia
3241 3317 3366 3356 cum
3395 3301 3660 3359 Dominus

2073 3401 2452 3456 descendisset
2477 3400 2532 3454 in
2563 3398 2820 3452 columna
2860 3396 3046 3462 nubis,
3075 3397 3273 3450 iterum
3315 3403 3573 3462 tanquam
3601 3392 3658 3446 in

2073 3495 2328 3550 columna
2402 3492 2648 3548 ascendit
2715 3490 3018 3546 secundum
3084 3499 3268 3560 typum
3339 3487 3656 3542 Iitteralem.

2071 3589 2434 3656 Posteaquam
2482 3595 2667 3640 autem
2709 3585 2756 3640 is
2803 3599 2834 3638 ιι
2875 3583 3158 3654 Synagoga
3209 3581 3526 3637 Iudaeorum
3575 3587 3660 3635 est

2071 3689 2376 3748 separatus,
2421 3678 2688 3733 continuo
2725 3678 2844 3746 ipsa
2875 3675 3158 3730 immunda
3203 3688 3268 3728 ac
3319 3673 3506 3742 potius
3549 3673 3656 3726 im-

2073 3771 2434 3825 mundissima
2476 3769 2692 3823 reddita
2735 3776 2840 3822 est.
2883 3767 3018 3821 Nam
3067 3767 3112 3819 si
3163 3765 3316 3818 dicas
3375 3765 3656 3832 leprosum

2071 3861 2387 3924 albescere,
2441 3859 2618 3913 morbi
2677 3857 3042 3911 intensionem
3100 3853 3389 3923 signiﬁcat.
3446 3853 3658 3921 Ecquid

2070 3969 2204 4007 vero
2227 3953 2406 4007 albius
2431 3967 2552 4006 esse
2579 3955 2757 4019 potest
2780 3948 2940 4002 nive?
2965 3946 3342 4002 Conveniebat
3367 3945 3536 4010 enim,
3563 3951 3660 3998 aut

2071 4045 2255 4116 potius
2303 4043 2676 4098 necessarium
2721 4047 2842 4094 erat
2893 4047 3058 4107 atque
3125 4037 3446 4102 indubium,
3493 4035 3658 4106 385

2071 4145 2133 4190 ut
2188 4149 2314 4190 cum
2377 4131 2730 4184 multitudine
2777 4129 3092 4185 Iudaeorum
3146 4128 3238 4196 qui
3295 4143 3428 4182 cura
3471 4127 3658 4181 Salva-

2074 4228 2206 4282 toris
2229 4225 2564 4286 exciderant,
2585 4223 2790 4290 ubique
2816 4221 2956 4276 male
2971 4229 3245 4290 ageretur.
3267 4220 3534 4274 Indomita
3560 4218 3658 4288 igi-

2072 4329 2162 4372 tur
2181 4327 2236 4372 et
2259 4326 2512 4388 proterva
2545 4315 2862 4371 Judreorum
2899 4312 3058 4366 turba
3085 4311 3283 4365 merito
3309 4309 3654 4366 immunditia

2071 4422 2234 4480 atque
2273 4409 2571 4481 ignominia
2599 4408 2830 4479 punitur
2857 4423 2871 4460 :
2914 4406 3058 4460 sicut
3091 4413 3238 4458 recte
3274 4421 3304 4457 a
3335 4405 3540 4458 sanctis
3565 4403 3652 4456 di-

390 4492 490 4564 τῆς
513 4494 606 4548 τοῦ
633 4493 988 4558 διασώζοντος
1021 4495 1403 4549 ἀποπεσοῦσαν
1431 4498 1728 4569 φροντίδος.
1784 4499 1842 4552 '0
1873 4501 1969 4569 μὲν

2079 4515 2222 4557 rium
2256 4513 2342 4557 est
2371 4503 2441 4556 ad
2464 4503 2636 4556 Deum
2669 4518 2682 4554 :
2720 4519 2738 4550 (
2777 4499 2944 4568 Imple
2991 4498 3158 4551 facies
3194 4511 3386 4551 eorum
3424 4495 3656 4563 ignomi-

389 4583 486 4640 οὖν
523 4587 813 4651 ἁτίθασσός
857 4605 918 4641 τε
965 4589 1060 4641 καὶ
1107 4589 1510 4660 φιλοσκώμμων
1549 4591 1654 4643 τῶν
1701 4591 1971 4660 ἁγελαίων

389 4680 586 4750 ἑσμὸς,
629 4680 942 4751 ἀκαθαρσίᾳ
965 4697 1022 4732 τε
1056 4681 1148 4733 καὶ
1182 4682 1378 4752 ἀτιμίᾳ
1414 4683 1719 4748 κολάζεται,
1749 4687 1890 4738 κατὰ
1913 4687 1974 4739 τὸ

391 4771 494 4824 ὑπὸ
540 4771 650 4824 τῶν
701 4771 872 4838 ἁγίων
923 4771 1100 4840 ὀρθῶς
1145 4773 1434 4840 εἰρημένον
1481 4773 1618 4844 πρὸς
1666 4775 1758 4828 τὸν
1803 4771 1970 4829 Θεόνο

389 4883 408 4913 ι
441 4864 738 4934 Πλὴρωσον
766 4863 836 4916 τὰ
859 4863 1130 4933 πρόσωπα
1161 4863 1340 4916 αὐτῶν
1369 4864 1612 4933 ἀτιμίας,
1639 4865 1734 4918 καὶ
1759 4869 1974 4934 γνὼσωι

387 4968 470 5006 σιν
489 4955 572 5008 ὅτι
607 4953 780 5024 ὄνομά
823 4971 940 5016 σοι,
972 4953 1194 5023 Rapio;
1227 4973 1246 5002 ι
1287 4955 1787 5026 Συγκατηγορήσας
1823 4959 1879 5012 δὲ
1904 4962 1971 5030 τῇ

384 5043 620 5114 Μαριὰμ
645 5044 706 5096 οὗ
733 5043 1128 5114 συλλεπροῦται
1153 5045 1440 5116 χρησίμως
1477 5050 1506 5100 ὃ
1529 5048 1760 5117 ’Δαρὼν,
1792 5053 1972 5105 καίτοι

384 5134 484 5203 τὴν
525 5135 644 5205 ίσην
675 5137 988 5207 ἔποφλήσας
1022 5137 1100 5207 τῷ
1136 5137 1374 5208 κρίνοντι
1404 5139 1580 5209 δίκηνι
1623 5141 1841 5214 Ἐπειδὴ
1865 5145 1972 5214 γὰρ

387 5227 570 5296 τίμιον
595 5229 688 5281 καὶ
715 5229 858 5300 μέγα
879 5230 1032 5300 παρὰ
1057 5231 1176 5300 Θεῷ
1215 5231 1312 5296 τῆς
1343 5232 1644 5302 ἱερωσύνης
1665 5235 1726 5286 τὺ
1759 5238 1970 5305 χρῆμα,

387 5318 642 5391 ταύτῃτοι
697 5321 756 5373 τὺ
813 5324 870 5373 ὲν
910 5321 1088 5392 λέπρᾳ
1143 5323 1430 5390 φαίνεσθαι
1471 5325 1772 5394 διαφυγὼν,
1829 5329 1973 5402 λύπῃ

391 5408 590 5478 μᾶλλον
612 5413 678 5482 τῇ
721 5411 862 5480 ὑπὲρ
883 5412 981 5480 τῆς
1007 5413 1165 5463 τοῦτο
1191 5413 1468 5482 παθούσης
1494 5415 1800 5484 ἐκολάζετο,
1831 5420 1972 5473 κατὰ

386 5499 446 5552 τὸ
470 5501 760 5574 εἰρημένον
790 5504 942 5574 παρὰ
976 5503 1132 5556 Θεου·
1173 5521 1196 5556 ι
1232 5503 1616 5573 Περιζώσασθε
1640 5511 1734 5562 καὶ
1780 5512 1977 5564 κόπτε-

388 5590 506 5658 σθε,
541 5594 592 5645 οἱ
617 5595 784 5664 ἱερεῖς
807 5636 820 5660 ,
841 5595 1111 5663 θρηνεῖτε.
1147 5596 1194 5646 οἱ
1221 5595 1661 5666 λειτουργοῦντες
1683 5601 1974 5671 θυσιαστη-

495 5710 542 5744 ’⁴⁹
565 5711 728 5765 Num.
769 5727 864 5772 xu,
904 5711 955 5765 8.
1026 5712 1072 5746 ⁵⁰
1107 5712 1207 5764 lsa.
1243 5729 1365 5778 I.\'II,
1399 5714 1450 5780 ὃ,
1491 5715 1530 5768 i.

391 5797 592 5849 uult,
623 5783 710 5835 l7.
788 5783 833 5814 ⁸⁵
859 5781 977 5838 Jocl
1020 5799 1056 5846 ι,
1090 5783 1169 5847 15,
1199 5782 1280 5835 li.

2078 4594 2188 4658 nia,
2241 4601 2298 4648 et
2324 4601 2658 4662 cognoscant
2679 4589 2828 4659 quod
2847 4603 3048 4642 nomen
3079 4586 3206 4650 tibi,
3237 4586 3503 4640 Dominus
3523 4584 3588 4636 ⁸⁸.
3630 4603 3648 4633 ι

2079 4688 2249 4742 Porro
2273 4693 2328 4740 et
2365 4685 2408 4738 si
2435 4687 2616 4738 Aaron
2647 4681 2810 4736 simul
2841 4687 3128 4733 accusatus
3153 4678 3244 4741 sit,
3287 4685 3450 4744 atque
3479 4675 3534 4726 in
3561 4689 3656 4726 ea-

2076 4779 2200 4832 dem
2233 4777 2398 4832 fuerit
2427 4777 2607 4845 culpa,
2652 4775 2706 4827 in
2734 4788 2841 4842 qua
2883 4771 3070 4834 Maria,
3113 4769 3320 4823 utiliter
3345 4776 3655 4820 tamennon

2077 4868 2313 4924 adicitur
2359 4867 2532 4936 lepra.
2559 4863 3016 4932 Quandoquidem
3053 4858 3418 4915 sacerdotium
3458 4863 3541 4908 est
3572 4869 3659 4940 res

2079 4969 2272 5031 magna
2304 4968 2362 5016 et
2408 4960 2648 5028 pretiosa
2699 4958 2752 5010 in
2794 4961 3090 5022 conspectu
3127 4948 3376 5012 Domini;
3425 4948 3660 5016 ideoque

2078 5055 2258 5108 Aaron
2285 5052 2476 5121 eli‘ugit
2505 5050 2742 5119 speciem
2771 5049 2934 5114 lcpraa
2957 5063 2968 5096 :
3001 5043 3190 5097 dolore
3217 5049 3394 5094 tamen
3421 5040 3492 5092 ob
3513 5055 3657 5102 eam,

2079 5161 2200 5215 qtae
2231 5146 2334 5197 hoc
2351 5143 2542 5196 morbo
2565 5145 2818 5206 correpta
2836 5143 2940 5198 est,
2968 5134 3196 5188 aﬂ‘cctus
3221 5132 3325 5186 fuit
3343 5132 3498 5199 juxta
3523 5130 3659 5184 illud

2079 5237 2225 5305 quod
2251 5235 2460 5288 dictum
2512 5239 2644 5286 esta
2671 5218 2783 5282 Deo
2819 5245 2830 5278 :
2867 5245 2884 5275 ι
2918 5223 3239 5292 Prmcingitc
3281 5237 3377 5275 vos
3414 5229 3470 5274 et
3499 5222 3660 5290 plan-

2081 5329 2210 5396 gite,
2235 5325 2576 5387 sacerdotes;
2607 5316 3006 5379 lamentamini,
3039 5314 3138 5384 qui.
3165 5311 3446 5368 inservitis
3470 5311 3658 5375 altari;

2083 5417 2327 5478 introite,
2353 5423 2410 5466 et
2457 5411 2698 5464 dormitc
2731 5410 2785 5462 in
2809 5407 3001 5468 saccis,
3033 5405 3126 5476 qui
3167 5400 3498 5458 ministratis
3529 5402 3658 5462 Deo,

2081 5507 2209 5576 quia
2244 5505 2410 5574 periit
2447 5504 2514 5556 de
2544 5501 2707 5554 domo
2735 5499 2828 5552 Dei
2879 5497 3049 5550 nostri
3083 5493 3412 5550 sacriﬁcium
3437 5501 3492 5545 ct
3531 5492 3654 5546 liba-

2086 5603 2246 5654 lio”.
2289 5620 2304 5646 ρ
2343 5599 2524 5650 Aaron
2555 5603 2738 5648 autem
2774 5591 2988 5647 accedit
3019 5590 3210 5644 dicens
3239 5586 3474 5656 sapienti
3497 5585 3659 5640 Mosi:

1613 5718 1650 5744 "'
1682 5717 1822 5771 Psal.
1873 5733 1972 5770 ιλιι

2096 5716 2148 5780 5,
2192 5714 2242 5769 6.
2323 5713 2365 5742 ⁵³
2399 5711 2552 5766 Joan.
2583 5725 2653 5775 ix,
2699 5707 2784 5762 9.9.
2867 5707 2909 5737 ⁸³
2939 5705 3136 5759 iurem.
3196 5717 3287 5756 λιι.
3321 5700 3372 5755 7.
3449 5697 3660 5754 "Psal.
