  <div class='ocr_page' id='page_1' title='image "/cluster/home/n/w/nwhite01/storage/ocr_20150623/69/mdp.39015078384446/311.png"; bbox 0 0 4094 6282; ppageno 0'>
   <div class='ocr_carea' id='block_1_1' title="bbox 450 369 552 427">
    <p class='ocr_par' dir='ltr' id='par_1_1' title="bbox 450 369 552 427">
     <span class='ocr_line' id='line_1_1' title="bbox 450 369 552 427; baseline 0 -4"><span class='ocrx_word' id='word_1_1' title='bbox 450 369 552 427; x_wconf 70' lang='lat' dir='ltr'><strong>6C7</strong></span> 
     </span>
    </p>
   </div>
   <div class='ocr_carea' id='block_1_2' title="bbox 1483 352 2734 436">
    <p class='ocr_par' dir='ltr' id='par_1_2' title="bbox 1483 352 2734 436">
     <span class='ocr_line' id='line_1_2' title="bbox 1483 352 2734 436; baseline 0.002 -5"><span class='ocrx_word' id='word_1_2' title='bbox 1483 375 1540 431; x_wconf 78' lang='grc' dir='ltr'><strong>δ.</strong></span> <span class='ocrx_word' id='word_1_3' title='bbox 1582 352 1863 432; x_wconf 60' lang='grc' dir='ltr'>ογιιιιιιι</span> <span class='ocrx_word' id='word_1_4' title='bbox 1902 373 2375 435; x_wconf 71' lang='lat' dir='ltr'><strong>ALExmmNi</strong></span> <span class='ocrx_word' id='word_1_5' title='bbox 2414 372 2734 436; x_wconf 72' lang='lat' dir='ltr'><strong>ARCHIEP.</strong></span> 
     </span>
    </p>
   </div>
   <div class='ocr_carea' id='block_1_3' title="bbox 448 483 2033 564">
    <p class='ocr_par' dir='ltr' id='par_1_3' title="bbox 448 483 2033 560">
     <span class='ocr_line' id='line_1_3' title="bbox 448 483 2033 560; baseline 0.004 -21"><span class='ocrx_word' id='word_1_6' title='bbox 448 485 528 539; x_wconf 69' lang='lat' dir='ltr'><strong>sic</strong></span> <span class='ocrx_word' id='word_1_7' title='bbox 555 483 761 539; x_wconf 78' lang='lat' dir='ltr'><strong>habent</strong></span> <span class='ocrx_word' id='word_1_8' title='bbox 787 503 800 539; x_wconf 90' lang='lat'><strong>:</strong></span> <span class='ocrx_word' id='word_1_9' title='bbox 827 484 999 556; x_wconf 58' lang='grc' dir='ltr'>κο</span> <span class='ocrx_word' id='word_1_10' title='bbox 1030 504 1046 535; x_wconf 76' lang='grc' dir='ltr'><strong>ι</strong></span> <span class='ocrx_word' id='word_1_11' title='bbox 1090 484 1220 540; x_wconf 74' lang='lat' dir='ltr'><strong>Post</strong></span> <span class='ocrx_word' id='word_1_12' title='bbox 1255 487 1371 540; x_wconf 54' lang='lat' dir='ltr'><strong>hac</strong></span> <span class='ocrx_word' id='word_1_13' title='bbox 1407 486 1664 543; x_wconf 76' lang='lat' dir='ltr'><strong>discessit</strong></span> <span class='ocrx_word' id='word_1_14' title='bbox 1703 491 1943 560; x_wconf 87' lang='lat' dir='ltr'><strong>populus</strong></span> <span class='ocrx_word' id='word_1_15' title='bbox 1965 503 2033 545; x_wconf 77' lang='lat' dir='ltr'><strong>ex</strong></span> 
     </span>
    </p>
   </div>
   <div class='ocr_carea' id='block_1_4' title="bbox 2136 483 3741 564">
    <p class='ocr_par' dir='ltr' id='par_1_4' title="bbox 2140 488 3741 564">
     <span class='ocr_line' id='line_1_4' title="bbox 2140 488 3741 564; baseline 0.001 -19"><span class='ocrx_word' id='word_1_16' title='bbox 2140 491 2275 563; x_wconf 81' lang='grc' dir='ltr'>ρὼθ,</span> <span class='ocrx_word' id='word_1_17' title='bbox 2322 492 2417 545; x_wconf 76' lang='grc' dir='ltr'><strong>καὶ</strong></span> <span class='ocrx_word' id='word_1_18' title='bbox 2446 492 2817 563; x_wconf 75' lang='grc' dir='ltr'>παρενέσαλεν</span> <span class='ocrx_word' id='word_1_19' title='bbox 2850 493 2908 546; x_wconf 79' lang='grc' dir='ltr'><strong>ἐν</strong></span> <span class='ocrx_word' id='word_1_20' title='bbox 2949 493 3015 563; x_wconf 79' lang='grc' dir='ltr'><strong>τῇ</strong></span> <span class='ocrx_word' id='word_1_21' title='bbox 3047 488 3253 563; x_wconf 69' lang='grc' dir='ltr'>ἐρήμῳ</span> <span class='ocrx_word' id='word_1_22' title='bbox 3286 492 3352 563; x_wconf 79' lang='grc' dir='ltr'><strong>τῇ</strong></span> <span class='ocrx_word' id='word_1_23' title='bbox 3385 490 3602 564; x_wconf 70' lang='grc' dir='ltr'>Φαράνι</span> <span class='ocrx_word' id='word_1_24' title='bbox 3637 493 3741 547; x_wconf 72' lang='grc' dir='ltr'>κατ</span> 
     </span>
    </p>
   </div>
   <div class='ocr_carea' id='block_1_5' title="bbox 447 574 2034 645">
    <p class='ocr_par' dir='ltr' id='par_1_5' title="bbox 447 574 2034 645">
     <span class='ocr_line' id='line_1_5' title="bbox 447 574 2034 645; baseline 0.004 -16"><span class='ocrx_word' id='word_1_25' title='bbox 447 574 704 639; x_wconf 66' lang='lat' dir='ltr'><strong>Luat-0th,</strong></span> <span class='ocrx_word' id='word_1_26' title='bbox 725 583 782 630; x_wconf 81' lang='lat' dir='ltr'><strong>et</strong></span> <span class='ocrx_word' id='word_1_27' title='bbox 797 576 983 645; x_wconf 81' lang='lat' dir='ltr'><strong>posuit</strong></span> <span class='ocrx_word' id='word_1_28' title='bbox 1006 576 1246 630; x_wconf 79' lang='lat' dir='ltr'><strong>tentoria</strong></span> <span class='ocrx_word' id='word_1_29' title='bbox 1273 577 1329 630; x_wconf 91' lang='lat' dir='ltr'><strong>in</strong></span> <span class='ocrx_word' id='word_1_30' title='bbox 1358 576 1583 633; x_wconf 87' lang='lat' dir='ltr'><strong>deserto</strong></span> <span class='ocrx_word' id='word_1_31' title='bbox 1608 579 1826 634; x_wconf 79' lang='lat' dir='ltr'><strong>Pharan</strong></span> <span class='ocrx_word' id='word_1_32' title='bbox 1843 590 1856 633; x_wconf 71' lang='grc' dir='ltr'><strong><em>τ</em></strong></span> <span class='ocrx_word' id='word_1_33' title='bbox 1876 581 2034 636; x_wconf 84' lang='lat' dir='ltr'><strong>locu-</strong></span> 
     </span>
    </p>
   </div>
   <div class='ocr_carea' id='block_1_6' title="bbox 455 666 2032 735">
    <p class='ocr_par' dir='ltr' id='par_1_6' title="bbox 455 666 2032 735">
     <span class='ocr_line' id='line_1_6' title="bbox 455 666 2032 735; baseline 0.005 -16"><span class='ocrx_word' id='word_1_34' title='bbox 455 673 656 735; x_wconf 80' lang='lat' dir='ltr'><strong>tusque</strong></span> <span class='ocrx_word' id='word_1_35' title='bbox 684 673 771 719; x_wconf 88' lang='lat' dir='ltr'><strong>est</strong></span> <span class='ocrx_word' id='word_1_36' title='bbox 792 666 1058 721; x_wconf 80' lang='lat' dir='ltr'><strong>Deminus</strong></span> <span class='ocrx_word' id='word_1_37' title='bbox 1082 668 1153 722; x_wconf 86' lang='lat' dir='ltr'><strong>ad</strong></span> <span class='ocrx_word' id='word_1_38' title='bbox 1186 668 1372 724; x_wconf 73' lang='lat' dir='ltr'><strong>Mosen</strong></span> <span class='ocrx_word' id='word_1_39' title='bbox 1395 711 1410 734; x_wconf 91' lang='lat'><strong>,</strong></span> <span class='ocrx_word' id='word_1_40' title='bbox 1465 669 1661 725; x_wconf 89' lang='lat' dir='ltr'><strong>dicens</strong></span> <span class='ocrx_word' id='word_1_41' title='bbox 1698 689 1711 724; x_wconf 90' lang='lat'>:</span> <span class='ocrx_word' id='word_1_42' title='bbox 1750 672 1906 727; x_wconf 80' lang='lat' dir='ltr'><strong>Mitte</strong></span> <span class='ocrx_word' id='word_1_43' title='bbox 1931 673 2032 728; x_wconf 91' lang='lat' dir='ltr'><strong>tibi</strong></span> 
     </span>
    </p>
   </div>
   <div class='ocr_carea' id='block_1_7' title="bbox 448 754 2034 835">
    <p class='ocr_par' dir='ltr' id='par_1_7' title="bbox 448 754 2034 835">
     <span class='ocr_line' id='line_1_7' title="bbox 448 754 2034 835; baseline 0.008 -27"><span class='ocrx_word' id='word_1_44' title='bbox 448 754 552 825; x_wconf 84' lang='lat' dir='ltr'><strong>ipsi</strong></span> <span class='ocrx_word' id='word_1_45' title='bbox 570 756 720 811; x_wconf 81' lang='lat' dir='ltr'><strong>viros</strong></span> <span class='ocrx_word' id='word_1_46' title='bbox 733 766 792 810; x_wconf 91' lang='lat' dir='ltr'><strong>ut</strong></span> <span class='ocrx_word' id='word_1_47' title='bbox 811 755 1100 827; x_wconf 70' lang='lat' dir='ltr'><strong>explorent</strong></span> <span class='ocrx_word' id='word_1_48' title='bbox 1124 766 1330 814; x_wconf 75' lang='lat' dir='ltr'><strong>terram</strong></span> <span class='ocrx_word' id='word_1_49' title='bbox 1362 760 1820 831; x_wconf 80' lang='lat' dir='ltr'><strong>Cbananaeorum,</strong></span> <span class='ocrx_word' id='word_1_50' title='bbox 1867 776 2034 835; x_wconf 80' lang='lat' dir='ltr'><strong>quam</strong></span> 
     </span>
    </p>
   </div>
   <div class='ocr_carea' id='block_1_8' title="bbox 446 845 2034 928">
    <p class='ocr_par' dir='ltr' id='par_1_8' title="bbox 446 845 2034 928">
     <span class='ocr_line' id='line_1_8' title="bbox 446 845 2034 928; baseline 0.01 -29"><span class='ocrx_word' id='word_1_51' title='bbox 446 861 548 916; x_wconf 91' lang='lat' dir='ltr'><strong>ego</strong></span> <span class='ocrx_word' id='word_1_52' title='bbox 575 845 722 901; x_wconf 92' lang='lat' dir='ltr'><strong>dabo</strong></span> <span class='ocrx_word' id='word_1_53' title='bbox 763 846 898 902; x_wconf 83' lang='lat' dir='ltr'><strong>ﬁliis</strong></span> <span class='ocrx_word' id='word_1_54' title='bbox 917 847 1085 904; x_wconf 88' lang='lat' dir='ltr'><strong>Israel</strong></span> <span class='ocrx_word' id='word_1_55' title='bbox 1131 851 1189 906; x_wconf 91' lang='lat' dir='ltr'><strong>in</strong></span> <span class='ocrx_word' id='word_1_56' title='bbox 1217 853 1626 923; x_wconf 85' lang='lat' dir='ltr'><strong>possessionem</strong></span> <span class='ocrx_word' id='word_1_57' title='bbox 1647 896 1662 921; x_wconf 95' lang='lat'><strong>,</strong></span> <span class='ocrx_word' id='word_1_58' title='bbox 1697 856 1944 928; x_wconf 87' lang='lat' dir='ltr'><strong>singulos</strong></span> <span class='ocrx_word' id='word_1_59' title='bbox 1963 860 2034 915; x_wconf 90' lang='lat' dir='ltr'><strong>de</strong></span> 
     </span>
    </p>
   </div>
   <div class='ocr_carea' id='block_1_9' title="bbox 446 936 2035 1016">
    <p class='ocr_par' dir='ltr' id='par_1_9' title="bbox 446 936 2035 1016">
     <span class='ocr_line' id='line_1_9' title="bbox 446 936 2035 1016; baseline 0.008 -25"><span class='ocrx_word' id='word_1_60' title='bbox 446 936 677 1006; x_wconf 76' lang='lat' dir='ltr'><strong>singulis</strong></span> <span class='ocrx_word' id='word_1_61' title='bbox 701 937 961 993; x_wconf 85' lang='lat' dir='ltr'><strong>tribubus</strong></span> <span class='ocrx_word' id='word_1_62' title='bbox 978 952 1078 1009; x_wconf 87' lang='lat' dir='ltr'><strong>per</strong></span> <span class='ocrx_word' id='word_1_63' title='bbox 1108 943 1339 1012; x_wconf 84' lang='lat' dir='ltr'><strong>pepulos</strong></span> <span class='ocrx_word' id='word_1_64' title='bbox 1374 955 1593 1016; x_wconf 89' lang='lat' dir='ltr'><strong>patrum</strong></span> <span class='ocrx_word' id='word_1_65' title='bbox 1634 962 1894 1013; x_wconf 88' lang='lat' dir='ltr'><strong>suorum,</strong></span> <span class='ocrx_word' id='word_1_66' title='bbox 1932 950 2035 1007; x_wconf 90' lang='lat' dir='ltr'><strong>hos</strong></span> 
     </span>
    </p>
   </div>
   <div class='ocr_carea' id='block_1_10' title="bbox 446 1026 2034 1107">
    <p class='ocr_par' dir='ltr' id='par_1_10' title="bbox 446 1026 2034 1107">
     <span class='ocr_line' id='line_1_10' title="bbox 446 1026 2034 1107; baseline 0.011 -27"><span class='ocrx_word' id='word_1_67' title='bbox 446 1026 652 1092; x_wconf 82' lang='lat' dir='ltr'><strong>mittes,</strong></span> <span class='ocrx_word' id='word_1_68' title='bbox 677 1043 877 1098; x_wconf 82' lang='lat' dir='ltr'><strong>nempe</strong></span> <span class='ocrx_word' id='word_1_69' title='bbox 915 1046 1135 1086; x_wconf 90' lang='lat' dir='ltr'><strong>omnem</strong></span> <span class='ocrx_word' id='word_1_70' title='bbox 1158 1035 1464 1106; x_wconf 82' lang='lat' dir='ltr'><strong>principem</strong></span> <span class='ocrx_word' id='word_1_71' title='bbox 1496 1053 1563 1092; x_wconf 78' lang='lat' dir='ltr'><strong>ex</strong></span> <span class='ocrx_word' id='word_1_72' title='bbox 1593 1038 1747 1107; x_wconf 87' lang='lat' dir='ltr'><strong>ipsis.</strong></span> <span class='ocrx_word' id='word_1_73' title='bbox 1776 1040 2034 1099; x_wconf 85' lang='lat' dir='ltr'><strong>EtMoses</strong></span> 
     </span>
    </p>
   </div>
   <div class='ocr_carea' id='block_1_11' title="bbox 443 1119 2028 1197">
    <p class='ocr_par' dir='ltr' id='par_1_11' title="bbox 443 1119 2028 1197">
     <span class='ocr_line' id='line_1_11' title="bbox 443 1119 2028 1197; baseline 0.008 -22"><span class='ocrx_word' id='word_1_74' title='bbox 443 1119 629 1175; x_wconf 85' lang='lat' dir='ltr'><strong>emisit</strong></span> <span class='ocrx_word' id='word_1_75' title='bbox 658 1120 785 1176; x_wconf 78' lang='lat' dir='ltr'><strong>illos</strong></span> <span class='ocrx_word' id='word_1_76' title='bbox 809 1135 878 1176; x_wconf 78' lang='lat' dir='ltr'><strong>ex</strong></span> <span class='ocrx_word' id='word_1_77' title='bbox 902 1121 1127 1178; x_wconf 85' lang='lat' dir='ltr'><strong>deserto</strong></span> <span class='ocrx_word' id='word_1_78' title='bbox 1156 1125 1370 1181; x_wconf 83' lang='lat' dir='ltr'><strong>Pbaran</strong></span> <span class='ocrx_word' id='word_1_79' title='bbox 1386 1129 1541 1197; x_wconf 81' lang='lat' dir='ltr'><strong>juxta</strong></span> <span class='ocrx_word' id='word_1_80' title='bbox 1570 1144 1761 1184; x_wconf 90' lang='lat' dir='ltr'><strong>vocem</strong></span> <span class='ocrx_word' id='word_1_81' title='bbox 1788 1131 2028 1197; x_wconf 88' lang='lat' dir='ltr'><strong>Domini,</strong></span> 
     </span>
    </p>
   </div>
   <div class='ocr_carea' id='block_1_12' title="bbox 444 1213 2034 1296">
    <p class='ocr_par' dir='ltr' id='par_1_12' title="bbox 444 1213 2034 1296">
     <span class='ocr_line' id='line_1_12' title="bbox 444 1213 2034 1296; baseline 0.01 -31"><span class='ocrx_word' id='word_1_82' title='bbox 444 1223 637 1268; x_wconf 85' lang='lat' dir='ltr'><strong>omnes</strong></span> <span class='ocrx_word' id='word_1_83' title='bbox 661 1213 813 1268; x_wconf 89' lang='lat' dir='ltr'><strong>viros</strong></span> <span class='ocrx_word' id='word_1_84' title='bbox 834 1214 1114 1284; x_wconf 86' lang='lat' dir='ltr'><strong>principes</strong></span> <span class='ocrx_word' id='word_1_85' title='bbox 1140 1233 1209 1271; x_wconf 76' lang='lat' dir='ltr'><strong>ex</strong></span> <span class='ocrx_word' id='word_1_86' title='bbox 1237 1218 1365 1274; x_wconf 78' lang='lat' dir='ltr'><strong>[iliis</strong></span> <span class='ocrx_word' id='word_1_87' title='bbox 1392 1220 1554 1276; x_wconf 89' lang='lat' dir='ltr'><strong>Israel</strong></span> <span class='ocrx_word' id='word_1_88' title='bbox 1578 1222 1643 1277; x_wconf 79' lang='lat'><strong>&quot;.</strong></span> <span class='ocrx_word' id='word_1_89' title='bbox 1667 1243 1685 1274; x_wconf 73' lang='grc' dir='ltr'><strong>ι</strong></span> <span class='ocrx_word' id='word_1_90' title='bbox 1720 1224 1834 1279; x_wconf 85' lang='lat' dir='ltr'><strong>Viri</strong></span> <span class='ocrx_word' id='word_1_91' title='bbox 1865 1226 2034 1296; x_wconf 82' lang='lat' dir='ltr'><strong>igitur</strong></span> 
     </span>
    </p>
   </div>
   <div class='ocr_carea' id='block_1_13' title="bbox 444 1303 2035 1372">
    <p class='ocr_par' dir='ltr' id='par_1_13' title="bbox 444 1303 2035 1372">
     <span class='ocr_line' id='line_1_13' title="bbox 444 1303 2035 1372; baseline 0.011 -18"><span class='ocrx_word' id='word_1_92' title='bbox 444 1303 540 1372; x_wconf 83' lang='lat' dir='ltr'><strong>qui</strong></span> <span class='ocrx_word' id='word_1_93' title='bbox 564 1318 595 1358; x_wconf 94' lang='lat' dir='ltr'><strong>e</strong></span> <span class='ocrx_word' id='word_1_94' title='bbox 624 1303 881 1360; x_wconf 90' lang='lat' dir='ltr'><strong>tribubus</strong></span> <span class='ocrx_word' id='word_1_95' title='bbox 904 1305 1106 1361; x_wconf 91' lang='lat' dir='ltr'><strong>delecti</strong></span> <span class='ocrx_word' id='word_1_96' title='bbox 1133 1316 1262 1363; x_wconf 89' lang='lat' dir='ltr'><strong>sunt</strong></span> <span class='ocrx_word' id='word_1_97' title='bbox 1286 1325 1521 1367; x_wconf 89' lang='lat' dir='ltr'><strong>numero</strong></span> <span class='ocrx_word' id='word_1_98' title='bbox 1552 1312 1847 1370; x_wconf 89' lang='lat' dir='ltr'><strong>duodecim</strong></span> <span class='ocrx_word' id='word_1_99' title='bbox 1883 1332 1914 1371; x_wconf 92' lang='lat' dir='ltr'><strong>a</strong></span> <span class='ocrx_word' id='word_1_100' title='bbox 1949 1332 2035 1372; x_wconf 58' lang='lat' dir='ltr'><strong>rea</strong></span> 
     </span>
    </p>
   </div>
   <div class='ocr_carea' id='block_1_14' title="bbox 444 1385 2033 1476">
    <p class='ocr_par' dir='ltr' id='par_1_14' title="bbox 444 1385 2033 1476">
     <span class='ocr_line' id='line_1_14' title="bbox 444 1385 2033 1476; baseline 0.014 -37"><span class='ocrx_word' id='word_1_101' title='bbox 444 1385 594 1456; x_wconf 88' lang='lat' dir='ltr'><strong>liqua</strong></span> <span class='ocrx_word' id='word_1_102' title='bbox 646 1389 1002 1447; x_wconf 89' lang='lat' dir='ltr'><strong>multitudine</strong></span> <span class='ocrx_word' id='word_1_103' title='bbox 1049 1396 1289 1463; x_wconf 81' lang='lat' dir='ltr'><strong>separati</strong></span> <span class='ocrx_word' id='word_1_104' title='bbox 1334 1406 1482 1453; x_wconf 90' lang='lat' dir='ltr'><strong>sunt.</strong></span> <span class='ocrx_word' id='word_1_105' title='bbox 1540 1402 2033 1476; x_wconf 81' lang='lat' dir='ltr'><strong>Ascenderuntque</strong></span> 
     </span>
    </p>
   </div>
   <div class='ocr_carea' id='block_1_15' title="bbox 442 1477 2033 1562">
    <p class='ocr_par' dir='ltr' id='par_1_15' title="bbox 442 1477 2033 1562">
     <span class='ocr_line' id='line_1_15' title="bbox 442 1477 2033 1562; baseline 0.013 -32"><span class='ocrx_word' id='word_1_106' title='bbox 442 1477 780 1547; x_wconf 68' lang='lat' dir='ltr'><strong>enploraturi</strong></span> <span class='ocrx_word' id='word_1_107' title='bbox 797 1489 987 1535; x_wconf 90' lang='lat' dir='ltr'><strong>utrum</strong></span> <span class='ocrx_word' id='word_1_108' title='bbox 1016 1484 1169 1554; x_wconf 88' lang='lat' dir='ltr'><strong>regio</strong></span> <span class='ocrx_word' id='word_1_109' title='bbox 1191 1494 1338 1540; x_wconf 87' lang='lat' dir='ltr'><strong>esset</strong></span> <span class='ocrx_word' id='word_1_110' title='bbox 1360 1488 1604 1559; x_wconf 82' lang='lat' dir='ltr'><strong>pinguis,</strong></span> <span class='ocrx_word' id='word_1_111' title='bbox 1634 1507 1703 1545; x_wconf 90' lang='lat' dir='ltr'><strong>an</strong></span> <span class='ocrx_word' id='word_1_112' title='bbox 1720 1508 1919 1562; x_wconf 88' lang='lat' dir='ltr'><strong>parum</strong></span> <span class='ocrx_word' id='word_1_113' title='bbox 1949 1494 2033 1551; x_wconf 83' lang='lat' dir='ltr'><strong>fe-</strong></span> 
     </span>
    </p>
   </div>
   <div class='ocr_carea' id='block_1_16' title="bbox 442 1573 2032 1654">
    <p class='ocr_par' dir='ltr' id='par_1_16' title="bbox 442 1573 2032 1654">
     <span class='ocr_line' id='line_1_16' title="bbox 442 1573 2032 1654; baseline 0.013 -31"><span class='ocrx_word' id='word_1_114' title='bbox 442 1579 562 1635; x_wconf 78' lang='lat' dir='ltr'><strong>rax,</strong></span> <span class='ocrx_word' id='word_1_115' title='bbox 592 1582 882 1639; x_wconf 82' lang='lat' dir='ltr'><strong>pascuosa,</strong></span> <span class='ocrx_word' id='word_1_116' title='bbox 916 1573 1064 1629; x_wconf 88' lang='lat' dir='ltr'><strong>bona</strong></span> <span class='ocrx_word' id='word_1_117' title='bbox 1105 1585 1164 1630; x_wconf 91' lang='lat' dir='ltr'><strong>et</strong></span> <span class='ocrx_word' id='word_1_118' title='bbox 1186 1576 1406 1642; x_wconf 71' lang='lat' dir='ltr'><strong>fertilis,</strong></span> <span class='ocrx_word' id='word_1_119' title='bbox 1434 1595 1506 1634; x_wconf 87' lang='lat' dir='ltr'><strong>an</strong></span> <span class='ocrx_word' id='word_1_120' title='bbox 1535 1582 1692 1638; x_wconf 84' lang='lat' dir='ltr'><strong>arida</strong></span> <span class='ocrx_word' id='word_1_121' title='bbox 1711 1594 1771 1639; x_wconf 87' lang='lat' dir='ltr'><strong>et</strong></span> <span class='ocrx_word' id='word_1_122' title='bbox 1804 1587 2032 1654; x_wconf 80' lang='lat' dir='ltr'><strong>sterilis;</strong></span> 
     </span>
    </p>
   </div>
   <div class='ocr_carea' id='block_1_17' title="bbox 444 1659 2034 1741">
    <p class='ocr_par' dir='ltr' id='par_1_17' title="bbox 444 1659 2034 1741">
     <span class='ocr_line' id='line_1_17' title="bbox 444 1659 2034 1741; baseline 0.013 -27"><span class='ocrx_word' id='word_1_123' title='bbox 444 1659 580 1715; x_wconf 80' lang='lat' dir='ltr'><strong>item</strong></span> <span class='ocrx_word' id='word_1_124' title='bbox 598 1677 669 1717; x_wconf 88' lang='lat' dir='ltr'><strong>an</strong></span> <span class='ocrx_word' id='word_1_125' title='bbox 694 1671 842 1719; x_wconf 78' lang='lat' dir='ltr'><strong>esset</strong></span> <span class='ocrx_word' id='word_1_126' title='bbox 863 1664 1016 1720; x_wconf 80' lang='lat' dir='ltr'><strong>ferax</strong></span> <span class='ocrx_word' id='word_1_127' title='bbox 1039 1667 1307 1722; x_wconf 84' lang='lat' dir='ltr'><strong>arborum</strong></span> <span class='ocrx_word' id='word_1_128' title='bbox 1334 1669 1802 1741; x_wconf 76' lang='lat' dir='ltr'><strong>domesticarum,</strong></span> <span class='ocrx_word' id='word_1_129' title='bbox 1817 1686 1875 1733; x_wconf 91' lang='lat' dir='ltr'><strong>et</strong></span> <span class='ocrx_word' id='word_1_130' title='bbox 1894 1686 2034 1734; x_wconf 90' lang='lat' dir='ltr'><strong>tem-</strong></span> 
     </span>
    </p>
   </div>
   <div class='ocr_carea' id='block_1_18' title="bbox 443 1754 2033 1833">
    <p class='ocr_par' dir='ltr' id='par_1_18' title="bbox 443 1754 2033 1833">
     <span class='ocr_line' id='line_1_18' title="bbox 443 1754 2033 1833; baseline 0.014 -27"><span class='ocrx_word' id='word_1_131' title='bbox 443 1754 692 1822; x_wconf 81' lang='lat' dir='ltr'><strong>pestivos</strong></span> <span class='ocrx_word' id='word_1_132' title='bbox 709 1755 927 1812; x_wconf 80' lang='lat' dir='ltr'><strong>fruetus</strong></span> <span class='ocrx_word' id='word_1_133' title='bbox 964 1758 1331 1827; x_wconf 80' lang='lat' dir='ltr'><strong>produceret,</strong></span> <span class='ocrx_word' id='word_1_134' title='bbox 1389 1771 1556 1833; x_wconf 81' lang='lat' dir='ltr'><strong>atqbe</strong></span> <span class='ocrx_word' id='word_1_135' title='bbox 1598 1768 1748 1822; x_wconf 89' lang='lat' dir='ltr'><strong>culta</strong></span> <span class='ocrx_word' id='word_1_136' title='bbox 1770 1779 1920 1825; x_wconf 85' lang='lat' dir='ltr'><strong>esset</strong></span> <span class='ocrx_word' id='word_1_137' title='bbox 1951 1771 2033 1828; x_wconf 79' lang='lat' dir='ltr'><strong>fe-</strong></span> 
     </span>
    </p>
   </div>
   <div class='ocr_carea' id='block_1_19' title="bbox 2142 582 3744 656">
    <p class='ocr_par' dir='ltr' id='par_1_19' title="bbox 2142 582 3744 656">
     <span class='ocr_line' id='line_1_19' title="bbox 2142 582 3744 656; baseline 0 -19"><span class='ocrx_word' id='word_1_138' title='bbox 2142 582 2369 655; x_wconf 82' lang='grc' dir='ltr'>ἐλάλησε</span> <span class='ocrx_word' id='word_1_139' title='bbox 2414 585 2618 655; x_wconf 82' lang='grc' dir='ltr'>Κύριος</span> <span class='ocrx_word' id='word_1_140' title='bbox 2658 584 2793 656; x_wconf 73' lang='grc' dir='ltr'>πρὸς</span> <span class='ocrx_word' id='word_1_141' title='bbox 2838 584 3067 655; x_wconf 81' lang='grc' dir='ltr'>Μωσῆν,</span> <span class='ocrx_word' id='word_1_142' title='bbox 3107 584 3283 653; x_wconf 83' lang='grc' dir='ltr'>λέγων</span> <span class='ocrx_word' id='word_1_143' title='bbox 3306 600 3322 615; x_wconf 72' lang='grc' dir='ltr'><strong>ο</strong></span> <span class='ocrx_word' id='word_1_144' title='bbox 3386 584 3744 638; x_wconf 74' lang='grc' dir='ltr'>Ἀπόστειλον</span> 
     </span>
    </p>
   </div>
   <div class='ocr_carea' id='block_1_20' title="bbox 2144 668 3728 750">
    <p class='ocr_par' dir='ltr' id='par_1_20' title="bbox 2144 668 3728 750">
     <span class='ocr_line' id='line_1_20' title="bbox 2144 668 3728 750; baseline -0.003 -19"><span class='ocrx_word' id='word_1_145' title='bbox 2144 679 2353 749; x_wconf 82' lang='grc' dir='ltr'>σεαυτῷ</span> <span class='ocrx_word' id='word_1_146' title='bbox 2386 679 2607 750; x_wconf 78' lang='grc' dir='ltr'>ἄνδρας,</span> <span class='ocrx_word' id='word_1_147' title='bbox 2639 679 2734 732; x_wconf 72' lang='grc' dir='ltr'><strong>καὶ</strong></span> <span class='ocrx_word' id='word_1_148' title='bbox 2762 668 3311 747; x_wconf 74' lang='grc' dir='ltr'>κατασκεψάσθωσαν</span> <span class='ocrx_word' id='word_1_149' title='bbox 3337 677 3437 750; x_wconf 70' lang='grc' dir='ltr'>τὴν</span> <span class='ocrx_word' id='word_1_150' title='bbox 3480 676 3589 746; x_wconf 81' lang='grc' dir='ltr'><strong>γῆν</strong></span> <span class='ocrx_word' id='word_1_151' title='bbox 3618 677 3728 730; x_wconf 79' lang='grc' dir='ltr'><strong>τῶν</strong></span> 
     </span>
    </p>
   </div>
   <div class='ocr_carea' id='block_1_21' title="bbox 2139 756 3729 840">
    <p class='ocr_par' dir='ltr' id='par_1_21' title="bbox 2139 756 3729 840">
     <span class='ocr_line' id='line_1_21' title="bbox 2139 756 3729 840; baseline -0.003 -19"><span class='ocrx_word' id='word_1_152' title='bbox 2139 769 2480 832; x_wconf 72' lang='grc' dir='ltr'><strong>Χαναναίων,</strong></span> <span class='ocrx_word' id='word_1_153' title='bbox 2528 756 2597 840; x_wconf 72' lang='grc' dir='ltr'>ἥν</span> <span class='ocrx_word' id='word_1_154' title='bbox 2641 766 2752 836; x_wconf 82' lang='grc' dir='ltr'><strong>ἐγὼ</strong></span> <span class='ocrx_word' id='word_1_155' title='bbox 2784 767 2978 836; x_wconf 84' lang='grc' dir='ltr'>δίδωμι</span> <span class='ocrx_word' id='word_1_156' title='bbox 3023 767 3138 829; x_wconf 81' lang='grc' dir='ltr'>τοῖς</span> <span class='ocrx_word' id='word_1_157' title='bbox 3187 766 3326 828; x_wconf 82' lang='grc' dir='ltr'><strong>υἱοῖς</strong></span> <span class='ocrx_word' id='word_1_158' title='bbox 3381 764 3602 835; x_wconf 75' lang='grc' dir='ltr'>Ἰσραὴλ</span> <span class='ocrx_word' id='word_1_159' title='bbox 3650 767 3729 827; x_wconf 80' lang='grc' dir='ltr'><strong>εἰς</strong></span> 
     </span>
    </p>
   </div>
   <div class='ocr_carea' id='block_1_22' title="bbox 2137 850 3699 931">
    <p class='ocr_par' dir='ltr' id='par_1_22' title="bbox 2137 850 3699 931">
     <span class='ocr_line' id='line_1_22' title="bbox 2137 850 3699 931; baseline -0.003 -17"><span class='ocrx_word' id='word_1_160' title='bbox 2137 862 2489 931; x_wconf 78' lang='grc' dir='ltr'><strong>κατάσχεσιν,</strong></span> <span class='ocrx_word' id='word_1_161' title='bbox 2521 860 2693 931; x_wconf 82' lang='grc' dir='ltr'>ἄνδρα</span> <span class='ocrx_word' id='word_1_162' title='bbox 2735 860 2833 913; x_wconf 70' lang='grc' dir='ltr'>ἕνα</span> <span class='ocrx_word' id='word_1_163' title='bbox 2858 856 3003 913; x_wconf 86' lang='grc' dir='ltr'><strong>κατά</strong></span> <span class='ocrx_word' id='word_1_164' title='bbox 3043 857 3219 928; x_wconf 78' lang='grc' dir='ltr'>φυλὴν</span> <span class='ocrx_word' id='word_1_165' title='bbox 3250 857 3345 910; x_wconf 75' lang='grc' dir='ltr'>καὶ</span> <span class='ocrx_word' id='word_1_166' title='bbox 3381 850 3589 928; x_wconf 75' lang='grc' dir='ltr'>δήμους</span> <span class='ocrx_word' id='word_1_167' title='bbox 3621 866 3699 910; x_wconf 75' lang='grc' dir='ltr'><strong>πα</strong></span> 
     </span>
    </p>
   </div>
   <div class='ocr_carea' id='block_1_23' title="bbox 2134 940 3759 1019">
    <p class='ocr_par' dir='ltr' id='par_1_23' title="bbox 2134 940 3759 1019">
     <span class='ocr_line' id='line_1_23' title="bbox 2134 940 3759 1019; baseline -0.001 -17"><span class='ocrx_word' id='word_1_168' title='bbox 2134 950 2304 1019; x_wconf 85' lang='grc' dir='ltr'>τρίων</span> <span class='ocrx_word' id='word_1_169' title='bbox 2337 951 2519 1004; x_wconf 78' lang='grc' dir='ltr'>αὐτῶν</span> <span class='ocrx_word' id='word_1_170' title='bbox 2565 948 2947 1015; x_wconf 78' lang='grc' dir='ltr'>ἐξαποστελεϊς</span> <span class='ocrx_word' id='word_1_171' title='bbox 3002 940 3232 1011; x_wconf 80' lang='grc' dir='ltr'>αὐτούς·</span> <span class='ocrx_word' id='word_1_172' title='bbox 3278 946 3455 999; x_wconf 84' lang='grc' dir='ltr'>πάντα</span> <span class='ocrx_word' id='word_1_173' title='bbox 3486 946 3759 1017; x_wconf 70' lang='grc' dir='ltr'>ἀρχηγὸν.</span> 
     </span>
    </p>
   </div>
   <div class='ocr_carea' id='block_1_24' title="bbox 2136 1030 3729 1106">
    <p class='ocr_par' dir='ltr' id='par_1_24' title="bbox 2136 1030 3729 1106">
     <span class='ocr_line' id='line_1_24' title="bbox 2136 1030 3729 1106; baseline -0.006 -10"><span class='ocrx_word' id='word_1_174' title='bbox 2136 1041 2339 1097; x_wconf 86' lang='grc' dir='ltr'>αὐτῶν.</span> <span class='ocrx_word' id='word_1_175' title='bbox 2394 1041 2508 1095; x_wconf 70' lang='grc' dir='ltr'>Καὶ</span> <span class='ocrx_word' id='word_1_176' title='bbox 2558 1038 2944 1106; x_wconf 71' lang='grc' dir='ltr'><strong>ἐξαπέστειλεν</strong></span> <span class='ocrx_word' id='word_1_177' title='bbox 3001 1030 3199 1100; x_wconf 74' lang='grc' dir='ltr'>αὐτοὺς</span> <span class='ocrx_word' id='word_1_178' title='bbox 3251 1035 3460 1105; x_wconf 82' lang='grc' dir='ltr'>Μωσῆς</span> <span class='ocrx_word' id='word_1_179' title='bbox 3511 1039 3576 1089; x_wconf 82' lang='grc' dir='ltr'><strong>ἐκ</strong></span> <span class='ocrx_word' id='word_1_180' title='bbox 3631 1036 3729 1105; x_wconf 76' lang='grc' dir='ltr'>τῆς</span> 
     </span>
    </p>
   </div>
   <div class='ocr_carea' id='block_1_25' title="bbox 2136 1128 3733 1206">
    <p class='ocr_par' dir='ltr' id='par_1_25' title="bbox 2136 1128 3733 1206">
     <span class='ocr_line' id='line_1_25' title="bbox 2136 1128 3733 1206; baseline -0.005 -18"><span class='ocrx_word' id='word_1_181' title='bbox 2136 1135 2347 1206; x_wconf 79' lang='grc' dir='ltr'>ἐρήμου</span> <span class='ocrx_word' id='word_1_182' title='bbox 2390 1134 2575 1206; x_wconf 76' lang='grc' dir='ltr'>Φαρὰν</span> <span class='ocrx_word' id='word_1_183' title='bbox 2623 1133 2710 1186; x_wconf 77' lang='grc' dir='ltr'><strong>διὰ</strong></span> <span class='ocrx_word' id='word_1_184' title='bbox 2760 1132 2945 1201; x_wconf 81' lang='grc' dir='ltr'><strong>φωνῆς</strong></span> <span class='ocrx_word' id='word_1_185' title='bbox 2991 1128 3233 1200; x_wconf 80' lang='grc' dir='ltr'><strong>Κυρίου,</strong></span> <span class='ocrx_word' id='word_1_186' title='bbox 3286 1128 3488 1192; x_wconf 85' lang='grc' dir='ltr'>πάντες</span> <span class='ocrx_word' id='word_1_187' title='bbox 3514 1129 3733 1199; x_wconf 47' lang='grc' dir='ltr'>χᾶνδρες</span> 
     </span>
    </p>
   </div>
   <div class='ocr_carea' id='block_1_26' title="bbox 2135 1214 3729 1297">
    <p class='ocr_par' dir='ltr' id='par_1_26' title="bbox 2135 1214 3729 1297">
     <span class='ocr_line' id='line_1_26' title="bbox 2135 1214 3729 1297; baseline -0.004 -18"><span class='ocrx_word' id='word_1_188' title='bbox 2135 1226 2371 1297; x_wconf 75' lang='grc' dir='ltr'><strong>ἀρχηγοὶ</strong></span> <span class='ocrx_word' id='word_1_189' title='bbox 2406 1225 2542 1279; x_wconf 81' lang='grc' dir='ltr'>υἱῶν</span> <span class='ocrx_word' id='word_1_190' title='bbox 2574 1223 2818 1293; x_wconf 83' lang='grc' dir='ltr'>Ἰσραήλ.</span> <span class='ocrx_word' id='word_1_191' title='bbox 2860 1242 2878 1273; x_wconf 80' lang='grc' dir='ltr'><strong>ι</strong></span> <span class='ocrx_word' id='word_1_192' title='bbox 2906 1214 3140 1276; x_wconf 79' lang='grc' dir='ltr'>Οῦτοιοί</span> <span class='ocrx_word' id='word_1_193' title='bbox 3171 1221 3270 1290; x_wconf 80' lang='grc' dir='ltr'>μὲν</span> <span class='ocrx_word' id='word_1_194' title='bbox 3307 1216 3403 1274; x_wconf 80' lang='grc' dir='ltr'>οὖν</span> <span class='ocrx_word' id='word_1_195' title='bbox 3434 1220 3729 1273; x_wconf 75' lang='grc' dir='ltr'><strong>ἀπόλεκτοι</strong></span> 
     </span>
    </p>
   </div>
   <div class='ocr_carea' id='block_1_27' title="bbox 2136 1311 3731 1387">
    <p class='ocr_par' dir='ltr' id='par_1_27' title="bbox 2136 1311 3731 1387">
     <span class='ocr_line' id='line_1_27' title="bbox 2136 1311 3731 1387; baseline -0.003 -17"><span class='ocrx_word' id='word_1_196' title='bbox 2136 1316 2246 1371; x_wconf 88' lang='grc' dir='ltr'><strong>τῶν</strong></span> <span class='ocrx_word' id='word_1_197' title='bbox 2279 1316 2462 1386; x_wconf 82' lang='grc' dir='ltr'>φυλῶν</span> <span class='ocrx_word' id='word_1_198' title='bbox 2490 1315 2685 1387; x_wconf 81' lang='grc' dir='ltr'>ἄνδρες</span> <span class='ocrx_word' id='word_1_199' title='bbox 2710 1315 2803 1368; x_wconf 70' lang='grc' dir='ltr'>τὸν</span> <span class='ocrx_word' id='word_1_200' title='bbox 2831 1313 3068 1385; x_wconf 71' lang='grc' dir='ltr'>ἀριθμὸν</span> <span class='ocrx_word' id='word_1_201' title='bbox 3092 1312 3416 1366; x_wconf 83' lang='grc' dir='ltr'>δυοκαίδεκα</span> <span class='ocrx_word' id='word_1_202' title='bbox 3443 1312 3544 1382; x_wconf 74' lang='grc' dir='ltr'>τῆς</span> <span class='ocrx_word' id='word_1_203' title='bbox 3562 1311 3731 1382; x_wconf 80' lang='grc' dir='ltr'>ἄλλης</span> 
     </span>
    </p>
   </div>
   <div class='ocr_carea' id='block_1_28' title="bbox 2137 1399 3729 1479">
    <p class='ocr_par' dir='ltr' id='par_1_28' title="bbox 2137 1399 3729 1479">
     <span class='ocr_line' id='line_1_28' title="bbox 2137 1399 3729 1479; baseline -0.004 -17"><span class='ocrx_word' id='word_1_204' title='bbox 2137 1407 2376 1479; x_wconf 81' lang='grc' dir='ltr'>πληθύος</span> <span class='ocrx_word' id='word_1_205' title='bbox 2427 1406 2876 1477; x_wconf 79' lang='grc' dir='ltr'>ἀπενοσφίζοντο,</span> <span class='ocrx_word' id='word_1_206' title='bbox 2911 1402 3024 1460; x_wconf 80' lang='grc' dir='ltr'><strong>Καὶ</strong></span> <span class='ocrx_word' id='word_1_207' title='bbox 3060 1404 3126 1476; x_wconf 82' lang='grc' dir='ltr'><strong>δὴ</strong></span> <span class='ocrx_word' id='word_1_208' title='bbox 3177 1405 3418 1476; x_wconf 79' lang='grc' dir='ltr'>ἀνῄεσαν</span> <span class='ocrx_word' id='word_1_209' title='bbox 3481 1399 3539 1457; x_wconf 83' lang='grc' dir='ltr'><strong>εὖ</strong></span> <span class='ocrx_word' id='word_1_210' title='bbox 3584 1403 3729 1472; x_wconf 86' lang='grc' dir='ltr'>μάλα</span> 
     </span>
    </p>
   </div>
   <div class='ocr_carea' id='block_1_29' title="bbox 2139 1484 3727 1568">
    <p class='ocr_par' dir='ltr' id='par_1_29' title="bbox 2139 1484 3727 1568">
     <span class='ocr_line' id='line_1_29' title="bbox 2139 1484 3727 1568; baseline -0.004 -16"><span class='ocrx_word' id='word_1_211' title='bbox 2139 1484 2611 1568; x_wconf 69' lang='grc' dir='ltr'>κατασκεψόμενοι</span> <span class='ocrx_word' id='word_1_212' title='bbox 2664 1494 2893 1568; x_wconf 74' lang='grc' dir='ltr'>πότερόν</span> <span class='ocrx_word' id='word_1_213' title='bbox 2945 1511 3073 1549; x_wconf 88' lang='grc' dir='ltr'>ποτε</span> <span class='ocrx_word' id='word_1_214' title='bbox 3114 1490 3316 1566; x_wconf 86' lang='grc' dir='ltr'>πίωνῆ</span> <span class='ocrx_word' id='word_1_215' title='bbox 3351 1493 3662 1561; x_wconf 70' lang='grc' dir='ltr'>λεπτόγιως</span> <span class='ocrx_word' id='word_1_216' title='bbox 3694 1496 3727 1565; x_wconf 84' lang='grc' dir='ltr'><strong>ὴ</strong></span> 
     </span>
    </p>
   </div>
   <div class='ocr_carea' id='block_1_30' title="bbox 2138 1586 3730 1661">
    <p class='ocr_par' dir='ltr' id='par_1_30' title="bbox 2138 1586 3730 1661">
     <span class='ocr_line' id='line_1_30' title="bbox 2138 1586 3730 1661; baseline -0.003 -20"><span class='ocrx_word' id='word_1_217' title='bbox 2138 1589 2313 1661; x_wconf 77' lang='grc' dir='ltr'>χώρα,</span> <span class='ocrx_word' id='word_1_218' title='bbox 2342 1587 2562 1652; x_wconf 74' lang='grc' dir='ltr'>εὔϐοτος</span> <span class='ocrx_word' id='word_1_219' title='bbox 2591 1605 2651 1640; x_wconf 89' lang='grc' dir='ltr'>τε</span> <span class='ocrx_word' id='word_1_220' title='bbox 2686 1588 2780 1642; x_wconf 71' lang='grc' dir='ltr'><strong>καὶ</strong></span> <span class='ocrx_word' id='word_1_221' title='bbox 2805 1587 3008 1659; x_wconf 76' lang='grc' dir='ltr'>ἀγαθὴ,</span> <span class='ocrx_word' id='word_1_222' title='bbox 3045 1587 3138 1640; x_wconf 79' lang='grc' dir='ltr'><strong>καὶ</strong></span> <span class='ocrx_word' id='word_1_223' title='bbox 3163 1586 3536 1659; x_wconf 72' lang='grc' dir='ltr'>γονιμωτάτῃ,</span> <span class='ocrx_word' id='word_1_224' title='bbox 3563 1588 3730 1658; x_wconf 81' lang='grc' dir='ltr'>ἧγουν</span> 
     </span>
    </p>
   </div>
   <div class='ocr_carea' id='block_1_31' title="bbox 2144 1674 3729 1752">
    <p class='ocr_par' dir='ltr' id='par_1_31' title="bbox 2144 1674 3729 1752">
     <span class='ocr_line' id='line_1_31' title="bbox 2144 1674 3729 1752; baseline -0.003 -17"><span class='ocrx_word' id='word_1_225' title='bbox 2144 1681 2287 1752; x_wconf 81' lang='grc' dir='ltr'>ξηρά</span> <span class='ocrx_word' id='word_1_226' title='bbox 2327 1698 2387 1735; x_wconf 88' lang='grc' dir='ltr'><strong>τε</strong></span> <span class='ocrx_word' id='word_1_227' title='bbox 2425 1682 2520 1735; x_wconf 75' lang='grc' dir='ltr'><strong>καὶ</strong></span> <span class='ocrx_word' id='word_1_228' title='bbox 2546 1682 2832 1750; x_wconf 74' lang='grc' dir='ltr'>ἄκαρπος·</span> <span class='ocrx_word' id='word_1_229' title='bbox 2871 1674 2904 1749; x_wconf 78' lang='grc' dir='ltr'>ἦ</span> <span class='ocrx_word' id='word_1_230' title='bbox 2945 1678 3118 1745; x_wconf 80' lang='grc' dir='ltr'>ξύλων</span> <span class='ocrx_word' id='word_1_231' title='bbox 3176 1679 3380 1750; x_wconf 76' lang='grc' dir='ltr'>τροφὸς</span> <span class='ocrx_word' id='word_1_232' title='bbox 3416 1680 3660 1751; x_wconf 74' lang='grc' dir='ltr'>ἡμέρων,</span> <span class='ocrx_word' id='word_1_233' title='bbox 3695 1677 3729 1749; x_wconf 75' lang='grc' dir='ltr'><strong>ἢ</strong></span> 
     </span>
    </p>
   </div>
   <div class='ocr_carea' id='block_1_32' title="bbox 2146 1764 3732 1844">
    <p class='ocr_par' dir='ltr' id='par_1_32' title="bbox 2146 1764 3732 1844">
     <span class='ocr_line' id='line_1_32' title="bbox 2146 1764 3732 1844; baseline -0.003 -16"><span class='ocrx_word' id='word_1_234' title='bbox 2146 1773 2374 1844; x_wconf 80' lang='grc' dir='ltr'>καρπῶν</span> <span class='ocrx_word' id='word_1_235' title='bbox 2397 1773 2616 1844; x_wconf 79' lang='grc' dir='ltr'><strong>ὡραίων</strong></span> <span class='ocrx_word' id='word_1_236' title='bbox 2654 1771 2895 1842; x_wconf 81' lang='grc' dir='ltr'>λαχοῦσα</span> <span class='ocrx_word' id='word_1_237' title='bbox 2927 1772 3163 1841; x_wconf 85' lang='grc' dir='ltr'>γένεσιν,</span> <span class='ocrx_word' id='word_1_238' title='bbox 3202 1767 3250 1825; x_wconf 84' lang='grc' dir='ltr'><strong>εί</strong></span> <span class='ocrx_word' id='word_1_239' title='bbox 3283 1764 3360 1843; x_wconf 75' lang='grc' dir='ltr'>μὴ</span> <span class='ocrx_word' id='word_1_240' title='bbox 3397 1764 3732 1842; x_wconf 81' lang='grc' dir='ltr'>ἀμελέτητον</span> 
     </span>
    </p>
   </div>
   <div class='ocr_carea' id='block_1_33' title="bbox 442 1842 2033 1936">
    <p class='ocr_par' dir='ltr' id='par_1_33' title="bbox 442 1842 2032 1925">
     <span class='ocr_line' id='line_1_33' title="bbox 442 1842 2032 1925; baseline 0.011 -29"><span class='ocrx_word' id='word_1_241' title='bbox 442 1842 623 1897; x_wconf 89' lang='lat' dir='ltr'><strong>eunda</strong></span> <span class='ocrx_word' id='word_1_242' title='bbox 644 1845 954 1914; x_wconf 75' lang='lat' dir='ltr'><strong>segetibus;</strong></span> <span class='ocrx_word' id='word_1_243' title='bbox 998 1856 1267 1916; x_wconf 66' lang='lat' dir='ltr'><strong>praeterea</strong></span> <span class='ocrx_word' id='word_1_244' title='bbox 1305 1851 1496 1920; x_wconf 89' lang='lat' dir='ltr'><strong>quales</strong></span> <span class='ocrx_word' id='word_1_245' title='bbox 1535 1853 1765 1910; x_wconf 89' lang='lat' dir='ltr'><strong>haberet</strong></span> <span class='ocrx_word' id='word_1_246' title='bbox 1802 1857 2032 1925; x_wconf 90' lang='lat' dir='ltr'><strong>incolas,</strong></span> 
     </span>
    </p>
   </div>
   <div class='ocr_carea' id='block_1_34' title="bbox 2136 1842 3728 1936">
    <p class='ocr_par' dir='ltr' id='par_1_34' title="bbox 2138 1842 3728 1936">
     <span class='ocr_line' id='line_1_34' title="bbox 2138 1842 3728 1936; baseline -0.003 -18"><span class='ocrx_word' id='word_1_247' title='bbox 2138 1842 2251 1936; x_wconf 78' lang='grc' dir='ltr'>ἔχει</span> <span class='ocrx_word' id='word_1_248' title='bbox 2275 1865 2338 1917; x_wconf 85' lang='grc' dir='ltr'><strong>τὸ</strong></span> <span class='ocrx_word' id='word_1_249' title='bbox 2371 1864 2521 1934; x_wconf 83' lang='grc' dir='ltr'>λήϊον</span> <span class='ocrx_word' id='word_1_250' title='bbox 2552 1862 2812 1916; x_wconf 85' lang='grc' dir='ltr'>δύνασθαι</span> <span class='ocrx_word' id='word_1_251' title='bbox 2844 1863 3023 1933; x_wconf 80' lang='grc' dir='ltr'>κομᾷν</span> <span class='ocrx_word' id='word_1_252' title='bbox 3044 1878 3059 1894; x_wconf 78' lang='grc' dir='ltr'><strong>ο</strong></span> <span class='ocrx_word' id='word_1_253' title='bbox 3094 1862 3190 1915; x_wconf 77' lang='grc' dir='ltr'><strong>καὶ</strong></span> <span class='ocrx_word' id='word_1_254' title='bbox 3228 1861 3365 1933; x_wconf 80' lang='grc' dir='ltr'>πρὸς</span> <span class='ocrx_word' id='word_1_255' title='bbox 3387 1860 3604 1924; x_wconf 82' lang='grc' dir='ltr'><strong>’τούτοις</strong></span> <span class='ocrx_word' id='word_1_256' title='bbox 3645 1860 3728 1914; x_wconf 80' lang='grc' dir='ltr'><strong>ἔτι</strong></span> 
     </span>
    </p>
   </div>
   <div class='ocr_carea' id='block_1_35' title="bbox 445 1935 2037 2016">
    <p class='ocr_par' dir='ltr' id='par_1_35' title="bbox 445 1935 2037 2016">
     <span class='ocr_line' id='line_1_35' title="bbox 445 1935 2037 2016; baseline 0.011 -29"><span class='ocrx_word' id='word_1_257' title='bbox 445 1942 633 1988; x_wconf 85' lang='lat' dir='ltr'><strong>utrum</strong></span> <span class='ocrx_word' id='word_1_258' title='bbox 662 1935 863 1990; x_wconf 88' lang='lat' dir='ltr'><strong>robore</strong></span> <span class='ocrx_word' id='word_1_259' title='bbox 902 1937 1146 2009; x_wconf 86' lang='lat' dir='ltr'><strong>insignes</strong></span> <span class='ocrx_word' id='word_1_260' title='bbox 1183 1948 1242 1995; x_wconf 91' lang='lat' dir='ltr'><strong>et</strong></span> <span class='ocrx_word' id='word_1_261' title='bbox 1269 1940 1560 1998; x_wconf 89' lang='lat' dir='ltr'><strong>bellicosos</strong></span> <span class='ocrx_word' id='word_1_262' title='bbox 1596 1945 1850 2016; x_wconf 86' lang='lat' dir='ltr'><strong>belloque</strong></span> <span class='ocrx_word' id='word_1_263' title='bbox 1885 1949 2037 2005; x_wconf 88' lang='lat' dir='ltr'><strong>insu-</strong></span> 
     </span>
    </p>
   </div>
   <div class='ocr_carea' id='block_1_36' title="bbox 447 2023 2036 2101">
    <p class='ocr_par' dir='ltr' id='par_1_36' title="bbox 447 2023 2036 2101">
     <span class='ocr_line' id='line_1_36' title="bbox 447 2023 2036 2101; baseline 0.01 -25"><span class='ocrx_word' id='word_1_264' title='bbox 447 2023 744 2092; x_wconf 87' lang='lat' dir='ltr'><strong>perabiles,</strong></span> <span class='ocrx_word' id='word_1_265' title='bbox 772 2040 845 2079; x_wconf 87' lang='lat' dir='ltr'><strong>an</strong></span> <span class='ocrx_word' id='word_1_266' title='bbox 880 2036 1109 2095; x_wconf 90' lang='lat' dir='ltr'><strong>possent</strong></span> <span class='ocrx_word' id='word_1_267' title='bbox 1130 2027 1291 2084; x_wconf 79' lang='lat' dir='ltr'><strong>facile</strong></span> <span class='ocrx_word' id='word_1_268' title='bbox 1328 2031 1400 2086; x_wconf 90' lang='lat' dir='ltr'><strong>ab</strong></span> <span class='ocrx_word' id='word_1_269' title='bbox 1447 2030 1515 2085; x_wconf 90' lang='lat' dir='ltr'><strong>iis</strong></span> <span class='ocrx_word' id='word_1_270' title='bbox 1535 2032 1632 2101; x_wconf 87' lang='lat' dir='ltr'><strong>qui</strong></span> <span class='ocrx_word' id='word_1_271' title='bbox 1671 2032 1804 2089; x_wconf 83' lang='lat' dir='ltr'><strong>forti</strong></span> <span class='ocrx_word' id='word_1_272' title='bbox 1848 2036 2036 2092; x_wconf 88' lang='lat' dir='ltr'><strong>animo</strong></span> 
     </span>
    </p>
   </div>
   <div class='ocr_carea' id='block_1_37' title="bbox 443 2113 2038 2195">
    <p class='ocr_par' dir='ltr' id='par_1_37' title="bbox 443 2113 2038 2195">
     <span class='ocr_line' id='line_1_37' title="bbox 443 2113 2038 2195; baseline 0.01 -28"><span class='ocrx_word' id='word_1_273' title='bbox 443 2113 658 2182; x_wconf 65' lang='lat' dir='ltr'><strong>prtediti</strong></span> <span class='ocrx_word' id='word_1_274' title='bbox 677 2122 865 2170; x_wconf 88' lang='lat' dir='ltr'><strong>essent</strong></span> <span class='ocrx_word' id='word_1_275' title='bbox 886 2117 1224 2188; x_wconf 81' lang='lat' dir='ltr'><strong>expugnari;</strong></span> <span class='ocrx_word' id='word_1_276' title='bbox 1253 2127 1519 2188; x_wconf 66' lang='lat' dir='ltr'><strong>praeterea</strong></span> <span class='ocrx_word' id='word_1_277' title='bbox 1535 2130 1754 2190; x_wconf 73' lang='lat' dir='ltr'><strong>quanta:</strong></span> <span class='ocrx_word' id='word_1_278' title='bbox 1775 2132 1832 2179; x_wconf 90' lang='lat' dir='ltr'><strong>et</strong></span> <span class='ocrx_word' id='word_1_279' title='bbox 1847 2128 2038 2195; x_wconf 88' lang='lat' dir='ltr'><strong>quales</strong></span> 
     </span>
    </p>
   </div>
   <div class='ocr_carea' id='block_1_38' title="bbox 442 2196 2039 2281">
    <p class='ocr_par' dir='ltr' id='par_1_38' title="bbox 442 2196 2039 2281">
     <span class='ocr_line' id='line_1_38' title="bbox 442 2196 2039 2281; baseline 0.009 -22"><span class='ocrx_word' id='word_1_280' title='bbox 442 2196 501 2259; x_wconf 82' lang='lat' dir='ltr'><strong>in</strong></span> <span class='ocrx_word' id='word_1_281' title='bbox 532 2220 595 2260; x_wconf 89' lang='lat' dir='ltr'><strong>ea</strong></span> <span class='ocrx_word' id='word_1_282' title='bbox 619 2215 806 2262; x_wconf 87' lang='lat' dir='ltr'><strong>essent</strong></span> <span class='ocrx_word' id='word_1_283' title='bbox 831 2208 1017 2275; x_wconf 91' lang='lat' dir='ltr'><strong>urbes,</strong></span> <span class='ocrx_word' id='word_1_284' title='bbox 1041 2210 1274 2266; x_wconf 68' lang='lat' dir='ltr'><strong>nudazne</strong></span> <span class='ocrx_word' id='word_1_285' title='bbox 1296 2220 1355 2267; x_wconf 93' lang='lat' dir='ltr'><strong>et</strong></span> <span class='ocrx_word' id='word_1_286' title='bbox 1370 2213 1490 2268; x_wconf 88' lang='lat' dir='ltr'><strong>sine</strong></span> <span class='ocrx_word' id='word_1_287' title='bbox 1516 2215 1814 2281; x_wconf 67' lang='lat' dir='ltr'><strong>moenibus,</strong></span> <span class='ocrx_word' id='word_1_288' title='bbox 1835 2234 1905 2272; x_wconf 91' lang='lat' dir='ltr'><strong>an</strong></span> <span class='ocrx_word' id='word_1_289' title='bbox 1924 2228 2039 2274; x_wconf 90' lang='lat' dir='ltr'><strong>tur-</strong></span> 
     </span>
    </p>
   </div>
   <div class='ocr_carea' id='block_1_39' title="bbox 444 2296 2039 2373">
    <p class='ocr_par' dir='ltr' id='par_1_39' title="bbox 444 2296 2039 2373">
     <span class='ocr_line' id='line_1_39' title="bbox 444 2296 2039 2373; baseline 0.01 -22"><span class='ocrx_word' id='word_1_290' title='bbox 444 2296 601 2352; x_wconf 88' lang='lat' dir='ltr'><strong>ribus</strong></span> <span class='ocrx_word' id='word_1_291' title='bbox 626 2299 871 2355; x_wconf 64' lang='lat' dir='ltr'><strong>munitae.</strong></span> <span class='ocrx_word' id='word_1_292' title='bbox 911 2301 1238 2372; x_wconf 85' lang='lat' dir='ltr'><strong>lnjungebat</strong></span> <span class='ocrx_word' id='word_1_293' title='bbox 1263 2310 1450 2359; x_wconf 88' lang='lat' dir='ltr'><strong>autem</strong></span> <span class='ocrx_word' id='word_1_294' title='bbox 1484 2304 1682 2372; x_wconf 81' lang='lat' dir='ltr'><strong>Moses,</strong></span> <span class='ocrx_word' id='word_1_295' title='bbox 1715 2317 1795 2373; x_wconf 89' lang='lat' dir='ltr'><strong>ut,</strong></span> <span class='ocrx_word' id='word_1_296' title='bbox 1832 2311 1876 2365; x_wconf 88' lang='lat' dir='ltr'><strong>si</strong></span> <span class='ocrx_word' id='word_1_297' title='bbox 1899 2311 2039 2366; x_wconf 83' lang='lat' dir='ltr'><strong>lice-</strong></span> 
     </span>
    </p>
   </div>
   <div class='ocr_carea' id='block_1_40' title="bbox 445 2386 2039 2462">
    <p class='ocr_par' dir='ltr' id='par_1_40' title="bbox 445 2386 2039 2462">
     <span class='ocr_line' id='line_1_40' title="bbox 445 2386 2039 2462; baseline 0.011 -25"><span class='ocrx_word' id='word_1_298' title='bbox 445 2392 554 2450; x_wconf 87' lang='lat' dir='ltr'><strong>ret,</strong></span> <span class='ocrx_word' id='word_1_299' title='bbox 576 2386 649 2441; x_wconf 91' lang='lat' dir='ltr'><strong>de</strong></span> <span class='ocrx_word' id='word_1_300' title='bbox 669 2387 946 2447; x_wconf 82' lang='lat' dir='ltr'><strong>fructibus</strong></span> <span class='ocrx_word' id='word_1_301' title='bbox 964 2390 1171 2461; x_wconf 87' lang='lat' dir='ltr'><strong>aliquid</strong></span> <span class='ocrx_word' id='word_1_302' title='bbox 1199 2392 1527 2462; x_wconf 88' lang='lat' dir='ltr'><strong>decerptum</strong></span> <span class='ocrx_word' id='word_1_303' title='bbox 1560 2396 1628 2450; x_wconf 89' lang='lat' dir='ltr'><strong>ad</strong></span> <span class='ocrx_word' id='word_1_304' title='bbox 1660 2399 2039 2455; x_wconf 78' lang='lat' dir='ltr'><strong>conﬁrmatio-</strong></span> 
     </span>
    </p>
   </div>
   <div class='ocr_carea' id='block_1_41' title="bbox 443 2479 2039 2560">
    <p class='ocr_par' dir='ltr' id='par_1_41' title="bbox 443 2479 2039 2560">
     <span class='ocr_line' id='line_1_41' title="bbox 443 2479 2039 2560; baseline 0.012 -31"><span class='ocrx_word' id='word_1_305' title='bbox 443 2490 571 2531; x_wconf 89' lang='lat' dir='ltr'><strong>nem</strong></span> <span class='ocrx_word' id='word_1_306' title='bbox 606 2479 687 2534; x_wconf 88' lang='lat' dir='ltr'><strong>rei</strong></span> <span class='ocrx_word' id='word_1_307' title='bbox 732 2489 1078 2537; x_wconf 82' lang='lat' dir='ltr'><strong>revertentes</strong></span> <span class='ocrx_word' id='word_1_308' title='bbox 1108 2499 1297 2538; x_wconf 85' lang='lat' dir='ltr'><strong>secum</strong></span> <span class='ocrx_word' id='word_1_309' title='bbox 1329 2484 1614 2541; x_wconf 79' lang='lat' dir='ltr'><strong>afferrent.</strong></span> <span class='ocrx_word' id='word_1_310' title='bbox 1650 2489 1887 2560; x_wconf 78' lang='lat' dir='ltr'><strong>ingressi</strong></span> <span class='ocrx_word' id='word_1_311' title='bbox 1929 2492 2039 2548; x_wconf 84' lang='lat' dir='ltr'><strong>ita-</strong></span> 
     </span>
    </p>
   </div>
   <div class='ocr_carea' id='block_1_42' title="bbox 444 2571 2039 2651">
    <p class='ocr_par' dir='ltr' id='par_1_42' title="bbox 444 2571 2039 2651">
     <span class='ocr_line' id='line_1_42' title="bbox 444 2571 2039 2651; baseline 0.009 -28"><span class='ocrx_word' id='word_1_312' title='bbox 444 2582 554 2637; x_wconf 85' lang='lat' dir='ltr'><strong>que</strong></span> <span class='ocrx_word' id='word_1_313' title='bbox 584 2571 710 2636; x_wconf 89' lang='lat' dir='ltr'><strong>iter,</strong></span> <span class='ocrx_word' id='word_1_314' title='bbox 745 2579 808 2626; x_wconf 91' lang='lat' dir='ltr'><strong>ut</strong></span> <span class='ocrx_word' id='word_1_315' title='bbox 840 2571 955 2627; x_wconf 76' lang='lat' dir='ltr'><strong>dixi</strong></span> <span class='ocrx_word' id='word_1_316' title='bbox 975 2613 991 2638; x_wconf 96' lang='lat'><strong>,</strong></span> <span class='ocrx_word' id='word_1_317' title='bbox 1039 2574 1362 2630; x_wconf 85' lang='lat' dir='ltr'><strong>nitebantur</strong></span> <span class='ocrx_word' id='word_1_318' title='bbox 1394 2587 1654 2646; x_wconf 57' lang='lat' dir='ltr'><strong>praelate</strong></span> <span class='ocrx_word' id='word_1_319' title='bbox 1676 2596 1743 2636; x_wconf 84' lang='lat' dir='ltr'><strong>ea</strong></span> <span class='ocrx_word' id='word_1_320' title='bbox 1767 2598 1891 2651; x_wconf 70' lang='lat' dir='ltr'><strong>quae</strong></span> <span class='ocrx_word' id='word_1_321' title='bbox 1930 2582 2039 2637; x_wconf 85' lang='lat' dir='ltr'><strong>im-</strong></span> 
     </span>
    </p>
   </div>
   <div class='ocr_carea' id='block_1_43' title="bbox 443 2664 2040 2741">
    <p class='ocr_par' dir='ltr' id='par_1_43' title="bbox 443 2664 2040 2741">
     <span class='ocr_line' id='line_1_43' title="bbox 443 2664 2040 2741; baseline 0.009 -26"><span class='ocrx_word' id='word_1_322' title='bbox 443 2669 635 2729; x_wconf 85' lang='lat' dir='ltr'><strong>perata</strong></span> <span class='ocrx_word' id='word_1_323' title='bbox 655 2672 835 2719; x_wconf 84' lang='lat' dir='ltr'><strong>erant.</strong></span> <span class='ocrx_word' id='word_1_324' title='bbox 865 2664 1189 2736; x_wconf 87' lang='lat' dir='ltr'><strong>Opportuno</strong></span> <span class='ocrx_word' id='word_1_325' title='bbox 1215 2677 1400 2729; x_wconf 85' lang='lat' dir='ltr'><strong>autem</strong></span> <span class='ocrx_word' id='word_1_326' title='bbox 1431 2677 1677 2741; x_wconf 86' lang='lat' dir='ltr'><strong>tempore</strong></span> <span class='ocrx_word' id='word_1_327' title='bbox 1708 2673 1913 2739; x_wconf 87' lang='lat' dir='ltr'><strong>oblato,</strong></span> <span class='ocrx_word' id='word_1_328' title='bbox 1936 2691 2040 2730; x_wconf 70' lang='lat' dir='ltr'><strong>ex-</strong></span> 
     </span>
    </p>
   </div>
   <div class='ocr_carea' id='block_1_44' title="bbox 445 2753 2040 2833">
    <p class='ocr_par' dir='ltr' id='par_1_44' title="bbox 445 2753 2040 2833">
     <span class='ocr_line' id='line_1_44' title="bbox 445 2753 2040 2833; baseline 0.009 -25"><span class='ocrx_word' id='word_1_329' title='bbox 445 2753 736 2823; x_wconf 84' lang='lat' dir='ltr'><strong>plorarunt</strong></span> <span class='ocrx_word' id='word_1_330' title='bbox 792 2764 1018 2824; x_wconf 85' lang='lat' dir='ltr'><strong>terram,</strong></span> <span class='ocrx_word' id='word_1_331' title='bbox 1083 2759 1415 2832; x_wconf 89' lang='lat' dir='ltr'><strong>botrumque</strong></span> <span class='ocrx_word' id='word_1_332' title='bbox 1467 2779 1656 2819; x_wconf 85' lang='lat' dir='ltr'><strong>secum</strong></span> <span class='ocrx_word' id='word_1_333' title='bbox 1706 2768 2040 2833; x_wconf 83' lang='lat' dir='ltr'><strong>attulerunt,</strong></span> 
     </span>
    </p>
   </div>
   <div class='ocr_carea' id='block_1_45' title="bbox 443 2847 2036 2925">
    <p class='ocr_par' dir='ltr' id='par_1_45' title="bbox 443 2847 2036 2925">
     <span class='ocr_line' id='line_1_45' title="bbox 443 2847 2036 2925; baseline 0.01 -26"><span class='ocrx_word' id='word_1_334' title='bbox 443 2851 561 2900; x_wconf 68' lang='lat' dir='ltr'><strong>rem</strong></span> <span class='ocrx_word' id='word_1_335' title='bbox 594 2847 842 2916; x_wconf 81' lang='lat' dir='ltr'><strong>proiecto</strong></span> <span class='ocrx_word' id='word_1_336' title='bbox 870 2849 1276 2921; x_wconf 86' lang='lat' dir='ltr'><strong>admirabilem,</strong></span> <span class='ocrx_word' id='word_1_337' title='bbox 1305 2858 1362 2909; x_wconf 89' lang='lat' dir='ltr'><strong>et</strong></span> <span class='ocrx_word' id='word_1_338' title='bbox 1383 2856 1759 2925; x_wconf 80' lang='lat' dir='ltr'><strong>speetaculum</strong></span> <span class='ocrx_word' id='word_1_339' title='bbox 1795 2859 2036 2916; x_wconf 84' lang='lat' dir='ltr'><strong>miracu—</strong></span> 
     </span>
    </p>
   </div>
   <div class='ocr_carea' id='block_1_46' title="bbox 443 2938 2033 3015">
    <p class='ocr_par' dir='ltr' id='par_1_46' title="bbox 443 2938 2033 3015">
     <span class='ocr_line' id='line_1_46' title="bbox 443 2938 2033 3015; baseline 0.01 -23"><span class='ocrx_word' id='word_1_340' title='bbox 443 2938 669 3008; x_wconf 88' lang='lat' dir='ltr'><strong>lumque</strong></span> <span class='ocrx_word' id='word_1_341' title='bbox 715 2956 906 2997; x_wconf 88' lang='lat' dir='ltr'><strong>verum</strong></span> <span class='ocrx_word' id='word_1_342' title='bbox 933 2984 948 3007; x_wconf 94' lang='lat'><strong>,</strong></span> <span class='ocrx_word' id='word_1_343' title='bbox 985 2943 1259 3015; x_wconf 68' lang='lat' dir='ltr'><strong>illaesique</strong></span> <span class='ocrx_word' id='word_1_344' title='bbox 1305 2948 1513 3002; x_wconf 85' lang='lat' dir='ltr'><strong>reversi</strong></span> <span class='ocrx_word' id='word_1_345' title='bbox 1556 2957 1690 3003; x_wconf 90' lang='lat' dir='ltr'><strong>sunt</strong></span> <span class='ocrx_word' id='word_1_346' title='bbox 1727 2950 1793 3005; x_wconf 89' lang='lat' dir='ltr'><strong>ad</strong></span> <span class='ocrx_word' id='word_1_347' title='bbox 1826 2952 2033 3009; x_wconf 86' lang='lat' dir='ltr'><strong>Mosen.</strong></span> 
     </span>
    </p>
   </div>
   <div class='ocr_carea' id='block_1_47' title="bbox 340 3025 2039 3101">
    <p class='ocr_par' dir='ltr' id='par_1_47' title="bbox 340 3025 2039 3101">
     <span class='ocr_line' id='line_1_47' title="bbox 340 3025 2039 3101; baseline 0.012 -21"><span class='ocrx_word' id='word_1_348' title='bbox 340 3062 347 3068; x_wconf 79' lang='lat'><strong><em>-</em></strong></span> <span class='ocrx_word' id='word_1_349' title='bbox 442 3025 716 3085; x_wconf 67' lang='lat' dir='ltr'><strong>Caeterum</strong></span> <span class='ocrx_word' id='word_1_350' title='bbox 762 3035 1055 3090; x_wconf 88' lang='lat' dir='ltr'><strong>sententiis</strong></span> <span class='ocrx_word' id='word_1_351' title='bbox 1096 3036 1461 3094; x_wconf 77' lang='lat' dir='ltr'><strong>dissidebant.</strong></span> <span class='ocrx_word' id='word_1_352' title='bbox 1493 3040 1630 3096; x_wconf 89' lang='lat' dir='ltr'><strong>Nam</strong></span> <span class='ocrx_word' id='word_1_353' title='bbox 1682 3058 1877 3100; x_wconf 89' lang='lat' dir='ltr'><strong>omnes</strong></span> <span class='ocrx_word' id='word_1_354' title='bbox 1925 3061 2039 3101; x_wconf 90' lang='lat' dir='ltr'><strong>uno</strong></span> 
     </span>
    </p>
   </div>
   <div class='ocr_carea' id='block_1_48' title="bbox 444 3122 2037 3204">
    <p class='ocr_par' dir='ltr' id='par_1_48' title="bbox 444 3122 2037 3204">
     <span class='ocr_line' id='line_1_48' title="bbox 444 3122 2037 3204; baseline 0.013 -31"><span class='ocrx_word' id='word_1_355' title='bbox 444 3133 541 3175; x_wconf 81' lang='lat' dir='ltr'><strong>ore</strong></span> <span class='ocrx_word' id='word_1_356' title='bbox 568 3122 961 3191; x_wconf 65' lang='lat' dir='ltr'><strong>praedicabant,</strong></span> <span class='ocrx_word' id='word_1_357' title='bbox 990 3134 1049 3183; x_wconf 90' lang='lat' dir='ltr'><strong>et</strong></span> <span class='ocrx_word' id='word_1_358' title='bbox 1074 3132 1500 3199; x_wconf 83' lang='lat' dir='ltr'><strong>renuntiabant,</strong></span> <span class='ocrx_word' id='word_1_359' title='bbox 1526 3133 1674 3204; x_wconf 90' lang='lat' dir='ltr'><strong>quod</strong></span> <span class='ocrx_word' id='word_1_360' title='bbox 1698 3145 1848 3191; x_wconf 86' lang='lat' dir='ltr'><strong>terra</strong></span> <span class='ocrx_word' id='word_1_361' title='bbox 1892 3138 2037 3193; x_wconf 77' lang='lat' dir='ltr'><strong>bona</strong></span> 
     </span>
    </p>
   </div>
   <div class='ocr_carea' id='block_1_49' title="bbox 444 3212 2035 3295">
    <p class='ocr_par' dir='ltr' id='par_1_49' title="bbox 444 3212 2035 3295">
     <span class='ocr_line' id='line_1_49' title="bbox 444 3212 2035 3295; baseline 0.013 -31"><span class='ocrx_word' id='word_1_362' title='bbox 444 3216 503 3264; x_wconf 81' lang='lat' dir='ltr'><strong>et</strong></span> <span class='ocrx_word' id='word_1_363' title='bbox 535 3212 754 3282; x_wconf 81' lang='lat' dir='ltr'><strong>pinguis</strong></span> <span class='ocrx_word' id='word_1_364' title='bbox 796 3224 966 3283; x_wconf 84' lang='lat' dir='ltr'><strong>esset,</strong></span> <span class='ocrx_word' id='word_1_365' title='bbox 1020 3228 1187 3289; x_wconf 87' lang='lat' dir='ltr'><strong>atque</strong></span> <span class='ocrx_word' id='word_1_366' title='bbox 1215 3222 1273 3276; x_wconf 92' lang='lat' dir='ltr'><strong>in</strong></span> <span class='ocrx_word' id='word_1_367' title='bbox 1320 3224 1487 3295; x_wconf 80' lang='lat' dir='ltr'><strong>bujbs</strong></span> <span class='ocrx_word' id='word_1_368' title='bbox 1528 3226 1607 3280; x_wconf 82' lang='lat' dir='ltr'><strong>rei</strong></span> <span class='ocrx_word' id='word_1_369' title='bbox 1656 3229 2035 3285; x_wconf 83' lang='lat' dir='ltr'><strong>testimonium</strong></span> 
     </span>
    </p>
   </div>
   <div class='ocr_carea' id='block_1_50' title="bbox 444 3303 2037 3382">
    <p class='ocr_par' dir='ltr' id='par_1_50' title="bbox 444 3303 2037 3382">
     <span class='ocr_line' id='line_1_50' title="bbox 444 3303 2037 3382; baseline 0.013 -26"><span class='ocrx_word' id='word_1_370' title='bbox 444 3303 785 3362; x_wconf 77' lang='lat' dir='ltr'><strong>exhibebant</strong></span> <span class='ocrx_word' id='word_1_371' title='bbox 834 3308 1080 3369; x_wconf 79' lang='lat' dir='ltr'><strong>fructum</strong></span> <span class='ocrx_word' id='word_1_372' title='bbox 1124 3329 1291 3382; x_wconf 81' lang='lat' dir='ltr'><strong>quem</strong></span> <span class='ocrx_word' id='word_1_373' title='bbox 1337 3328 1406 3370; x_wconf 82' lang='lat' dir='ltr'><strong>ex</strong></span> <span class='ocrx_word' id='word_1_374' title='bbox 1466 3317 1557 3372; x_wconf 79' lang='lat' dir='ltr'><strong>illa</strong></span> <span class='ocrx_word' id='word_1_375' title='bbox 1603 3320 1905 3375; x_wconf 78' lang='lat' dir='ltr'><strong>attulerant</strong></span> <span class='ocrx_word' id='word_1_376' title='bbox 1939 3329 2037 3376; x_wconf 72' lang='grc' dir='ltr'>ιιι</span> 
     </span>
    </p>
   </div>
   <div class='ocr_carea' id='block_1_51' title="bbox 444 3396 2037 3482">
    <p class='ocr_par' dir='ltr' id='par_1_51' title="bbox 444 3396 2037 3482">
     <span class='ocr_line' id='line_1_51' title="bbox 444 3396 2037 3482; baseline 0.012 -34"><span class='ocrx_word' id='word_1_377' title='bbox 444 3396 698 3451; x_wconf 84' lang='lat' dir='ltr'><strong>nonnulli</strong></span> <span class='ocrx_word' id='word_1_378' title='bbox 741 3413 936 3455; x_wconf 90' lang='lat' dir='ltr'><strong>eorum</strong></span> <span class='ocrx_word' id='word_1_379' title='bbox 961 3405 1315 3473; x_wconf 85' lang='lat' dir='ltr'><strong>appellabant</strong></span> <span class='ocrx_word' id='word_1_380' title='bbox 1363 3416 1583 3477; x_wconf 77' lang='lat' dir='ltr'><strong>gentem</strong></span> <span class='ocrx_word' id='word_1_381' title='bbox 1614 3409 1767 3465; x_wconf 84' lang='lat' dir='ltr'><strong>illius</strong></span> <span class='ocrx_word' id='word_1_382' title='bbox 1797 3413 2037 3482; x_wconf 82' lang='lat' dir='ltr'><strong>regionis</strong></span> 
     </span>
    </p>
   </div>
   <div class='ocr_carea' id='block_1_52' title="bbox 446 3482 2037 3567">
    <p class='ocr_par' dir='ltr' id='par_1_52' title="bbox 446 3482 2037 3567">
     <span class='ocr_line' id='line_1_52' title="bbox 446 3482 2037 3567; baseline 0.015 -32"><span class='ocrx_word' id='word_1_383' title='bbox 446 3482 752 3540; x_wconf 82' lang='lat' dir='ltr'><strong>animosam</strong></span> <span class='ocrx_word' id='word_1_384' title='bbox 788 3495 956 3558; x_wconf 86' lang='lat' dir='ltr'><strong>atque</strong></span> <span class='ocrx_word' id='word_1_385' title='bbox 989 3493 1271 3550; x_wconf 87' lang='lat' dir='ltr'><strong>robustam</strong></span> <span class='ocrx_word' id='word_1_386' title='bbox 1293 3536 1309 3561; x_wconf 91' lang='lat'><strong>,</strong></span> <span class='ocrx_word' id='word_1_387' title='bbox 1344 3498 1590 3567; x_wconf 86' lang='lat' dir='ltr'><strong>adeoque</strong></span> <span class='ocrx_word' id='word_1_388' title='bbox 1629 3501 1943 3567; x_wconf 82' lang='lat' dir='ltr'><strong>bellicosam</strong></span> <span class='ocrx_word' id='word_1_389' title='bbox 1977 3512 2037 3559; x_wconf 88' lang='lat' dir='ltr'><strong>ut</strong></span> 
     </span>
    </p>
   </div>
   <div class='ocr_carea' id='block_1_53' title="bbox 445 3574 2031 3660">
    <p class='ocr_par' dir='ltr' id='par_1_53' title="bbox 445 3574 2031 3660">
     <span class='ocr_line' id='line_1_53' title="bbox 445 3574 2031 3660; baseline 0.014 -35"><span class='ocrx_word' id='word_1_390' title='bbox 445 3574 659 3629; x_wconf 88' lang='lat' dir='ltr'><strong>nemini</strong></span> <span class='ocrx_word' id='word_1_391' title='bbox 697 3575 859 3633; x_wconf 80' lang='lat' dir='ltr'><strong>facile</strong></span> <span class='ocrx_word' id='word_1_392' title='bbox 896 3580 1119 3638; x_wconf 81' lang='lat' dir='ltr'><strong>cederet</strong></span> <span class='ocrx_word' id='word_1_393' title='bbox 1159 3600 1270 3654; x_wconf 73' lang='lat' dir='ltr'><strong>pra:</strong></span> <span class='ocrx_word' id='word_1_394' title='bbox 1307 3602 1409 3641; x_wconf 89' lang='lat' dir='ltr'><strong>suo</strong></span> <span class='ocrx_word' id='word_1_395' title='bbox 1436 3588 1600 3643; x_wconf 82' lang='lat' dir='ltr'><strong>fastu.</strong></span> <span class='ocrx_word' id='word_1_396' title='bbox 1650 3591 1816 3646; x_wconf 85' lang='lat' dir='ltr'><strong>Filios</strong></span> <span class='ocrx_word' id='word_1_397' title='bbox 1863 3592 2031 3660; x_wconf 88' lang='lat' dir='ltr'><strong>enim,</strong></span> 
     </span>
    </p>
   </div>
   <div class='ocr_carea' id='block_1_54' title="bbox 446 3663 2037 3747">
    <p class='ocr_par' dir='ltr' id='par_1_54' title="bbox 446 3663 2037 3747">
     <span class='ocr_line' id='line_1_54' title="bbox 446 3663 2037 3747; baseline 0.013 -31"><span class='ocrx_word' id='word_1_398' title='bbox 446 3663 690 3731; x_wconf 86' lang='lat' dir='ltr'><strong>aiebant,</strong></span> <span class='ocrx_word' id='word_1_399' title='bbox 745 3666 1029 3738; x_wconf 84' lang='lat' dir='ltr'><strong>gigantum</strong></span> <span class='ocrx_word' id='word_1_400' title='bbox 1090 3673 1328 3729; x_wconf 77' lang='lat' dir='ltr'><strong>vidimus</strong></span> <span class='ocrx_word' id='word_1_401' title='bbox 1378 3676 1490 3740; x_wconf 89' lang='lat' dir='ltr'><strong>ibi;</strong></span> <span class='ocrx_word' id='word_1_402' title='bbox 1545 3693 1718 3747; x_wconf 85' lang='lat' dir='ltr'><strong>genus</strong></span> <span class='ocrx_word' id='word_1_403' title='bbox 1749 3680 2037 3736; x_wconf 84' lang='lat' dir='ltr'><strong>hominum</strong></span> 
     </span>
    </p>
   </div>
   <div class='ocr_carea' id='block_1_55' title="bbox 446 3757 2037 3831">
    <p class='ocr_par' dir='ltr' id='par_1_55' title="bbox 446 3757 2037 3831">
     <span class='ocr_line' id='line_1_55' title="bbox 446 3757 2037 3831; baseline 0.013 -24"><span class='ocrx_word' id='word_1_404' title='bbox 446 3768 733 3822; x_wconf 84' lang='lat' dir='ltr'><strong>procerum</strong></span> <span class='ocrx_word' id='word_1_405' title='bbox 754 3757 894 3813; x_wconf 87' lang='lat' dir='ltr'><strong>adeo</strong></span> <span class='ocrx_word' id='word_1_406' title='bbox 915 3767 973 3815; x_wconf 91' lang='lat' dir='ltr'><strong>et</strong></span> <span class='ocrx_word' id='word_1_407' title='bbox 996 3762 1223 3831; x_wconf 79' lang='lat' dir='ltr'><strong>grande,</strong></span> <span class='ocrx_word' id='word_1_408' title='bbox 1246 3772 1308 3818; x_wconf 89' lang='lat' dir='ltr'><strong>ut</strong></span> <span class='ocrx_word' id='word_1_409' title='bbox 1333 3763 1430 3819; x_wconf 80' lang='lat' dir='ltr'><strong>lilii</strong></span> <span class='ocrx_word' id='word_1_410' title='bbox 1456 3765 1619 3822; x_wconf 89' lang='lat' dir='ltr'><strong>Israel</strong></span> <span class='ocrx_word' id='word_1_411' title='bbox 1644 3768 1786 3823; x_wconf 90' lang='lat' dir='ltr'><strong>sicut</strong></span> <span class='ocrx_word' id='word_1_412' title='bbox 1809 3770 2037 3827; x_wconf 61' lang='lat' dir='ltr'><strong>locustae</strong></span> 
     </span>
    </p>
   </div>
   <div class='ocr_carea' id='block_1_56' title="bbox 444 3847 2036 3930">
    <p class='ocr_par' dir='ltr' id='par_1_56' title="bbox 444 3847 2036 3930">
     <span class='ocr_line' id='line_1_56' title="bbox 444 3847 2036 3930; baseline 0.011 -30"><span class='ocrx_word' id='word_1_413' title='bbox 444 3847 790 3915; x_wconf 78' lang='lat' dir='ltr'><strong>viderentur,</strong></span> <span class='ocrx_word' id='word_1_414' title='bbox 820 3852 865 3907; x_wconf 90' lang='lat' dir='ltr'><strong>si</strong></span> <span class='ocrx_word' id='word_1_415' title='bbox 891 3853 1115 3923; x_wconf 87' lang='lat' dir='ltr'><strong>quidem</strong></span> <span class='ocrx_word' id='word_1_416' title='bbox 1152 3871 1281 3910; x_wconf 87' lang='lat' dir='ltr'><strong>cum</strong></span> <span class='ocrx_word' id='word_1_417' title='bbox 1314 3856 1548 3912; x_wconf 87' lang='lat' dir='ltr'><strong>istorum</strong></span> <span class='ocrx_word' id='word_1_418' title='bbox 1577 3872 2036 3930; x_wconf 84' lang='lat' dir='ltr'><strong>compararentur</strong></span> 
     </span>
    </p>
   </div>
   <div class='ocr_carea' id='block_1_57' title="bbox 446 3942 2035 4021">
    <p class='ocr_par' dir='ltr' id='par_1_57' title="bbox 446 3942 2035 4021">
     <span class='ocr_line' id='line_1_57' title="bbox 446 3942 2035 4021; baseline 0.011 -27"><span class='ocrx_word' id='word_1_419' title='bbox 446 3942 802 4009; x_wconf 88' lang='lat' dir='ltr'><strong>proceritate.</strong></span> <span class='ocrx_word' id='word_1_420' title='bbox 835 3943 1045 4001; x_wconf 82' lang='lat' dir='ltr'><strong>Cltaleb</strong></span> <span class='ocrx_word' id='word_1_421' title='bbox 1068 3953 1256 4003; x_wconf 83' lang='lat' dir='ltr'><strong>autem</strong></span> <span class='ocrx_word' id='word_1_422' title='bbox 1281 3950 1340 4004; x_wconf 84' lang='lat' dir='ltr'><strong>et</strong></span> <span class='ocrx_word' id='word_1_423' title='bbox 1368 3949 1535 4006; x_wconf 79' lang='lat' dir='ltr'><strong>Josua</strong></span> <span class='ocrx_word' id='word_1_424' title='bbox 1557 3952 1737 4021; x_wconf 79' lang='lat' dir='ltr'><strong>palam</strong></span> <span class='ocrx_word' id='word_1_425' title='bbox 1763 3971 1828 4009; x_wconf 90' lang='lat' dir='ltr'><strong>ac</strong></span> <span class='ocrx_word' id='word_1_426' title='bbox 1859 3955 2035 4012; x_wconf 83' lang='lat' dir='ltr'><strong>libere</strong></span> 
     </span>
    </p>
   </div>
   <div class='ocr_carea' id='block_1_58' title="bbox 443 4030 2032 4113">
    <p class='ocr_par' dir='ltr' id='par_1_58' title="bbox 443 4030 2032 4113">
     <span class='ocr_line' id='line_1_58' title="bbox 443 4030 2032 4113; baseline 0.011 -28"><span class='ocrx_word' id='word_1_427' title='bbox 443 4030 700 4100; x_wconf 76' lang='lat' dir='ltr'><strong>dicebant</strong></span> <span class='ocrx_word' id='word_1_428' title='bbox 737 4037 885 4105; x_wconf 92' lang='lat' dir='ltr'><strong>quod</strong></span> <span class='ocrx_word' id='word_1_429' title='bbox 919 4037 1062 4094; x_wconf 89' lang='lat' dir='ltr'><strong>bona</strong></span> <span class='ocrx_word' id='word_1_430' title='bbox 1095 4052 1259 4111; x_wconf 88' lang='lat' dir='ltr'><strong>atque</strong></span> <span class='ocrx_word' id='word_1_431' title='bbox 1287 4041 1508 4113; x_wconf 81' lang='lat' dir='ltr'><strong>pinguis</strong></span> <span class='ocrx_word' id='word_1_432' title='bbox 1552 4043 1693 4100; x_wconf 79' lang='lat' dir='ltr'><strong>foret</strong></span> <span class='ocrx_word' id='word_1_433' title='bbox 1718 4055 1882 4101; x_wconf 66' lang='lat' dir='ltr'><strong>terra.</strong></span> <span class='ocrx_word' id='word_1_434' title='bbox 1910 4049 2032 4105; x_wconf 89' lang='lat' dir='ltr'><strong>Uti-</strong></span> 
     </span>
    </p>
   </div>
   <div class='ocr_carea' id='block_1_59' title="bbox 443 4122 2028 4201">
    <p class='ocr_par' dir='ltr' id='par_1_59' title="bbox 443 4122 2028 4201">
     <span class='ocr_line' id='line_1_59' title="bbox 443 4122 2028 4201; baseline 0.015 -29"><span class='ocrx_word' id='word_1_435' title='bbox 443 4135 570 4174; x_wconf 78' lang='lat' dir='ltr'><strong>nam</strong></span> <span class='ocrx_word' id='word_1_436' title='bbox 596 4122 825 4193; x_wconf 86' lang='lat' dir='ltr'><strong>eligeret</strong></span> <span class='ocrx_word' id='word_1_437' title='bbox 848 4140 950 4180; x_wconf 90' lang='lat' dir='ltr'><strong>nos</strong></span> <span class='ocrx_word' id='word_1_438' title='bbox 981 4127 1146 4194; x_wconf 89' lang='lat' dir='ltr'><strong>Deus,</strong></span> <span class='ocrx_word' id='word_1_439' title='bbox 1172 4146 1313 4201; x_wconf 89' lang='lat' dir='ltr'><strong>quos</strong></span> <span class='ocrx_word' id='word_1_440' title='bbox 1346 4131 1404 4186; x_wconf 91' lang='lat' dir='ltr'><strong>in</strong></span> <span class='ocrx_word' id='word_1_441' title='bbox 1435 4134 1583 4189; x_wconf 88' lang='lat' dir='ltr'><strong>illam</strong></span> <span class='ocrx_word' id='word_1_442' title='bbox 1609 4136 1990 4195; x_wconf 89' lang='lat' dir='ltr'><strong>introduceret</strong></span> <span class='ocrx_word' id='word_1_443' title='bbox 2015 4142 2028 4195; x_wconf 78' lang='grc' dir='ltr'>ι</span> 
     </span>
    </p>
   </div>
   <div class='ocr_carea' id='block_1_60' title="bbox 445 4210 2031 4295">
    <p class='ocr_par' dir='ltr' id='par_1_60' title="bbox 445 4210 2031 4295">
     <span class='ocr_line' id='line_1_60' title="bbox 445 4210 2031 4295; baseline 0.013 -31"><span class='ocrx_word' id='word_1_444' title='bbox 445 4210 866 4279; x_wconf 85' lang='lat' dir='ltr'><strong>Superabuntur</strong></span> <span class='ocrx_word' id='word_1_445' title='bbox 890 4217 988 4284; x_wconf 88' lang='lat' dir='ltr'><strong>qui</strong></span> <span class='ocrx_word' id='word_1_446' title='bbox 1007 4232 1131 4273; x_wconf 85' lang='lat' dir='ltr'><strong>eam</strong></span> <span class='ocrx_word' id='word_1_447' title='bbox 1174 4220 1445 4286; x_wconf 88' lang='lat' dir='ltr'><strong>incolunt,</strong></span> <span class='ocrx_word' id='word_1_448' title='bbox 1492 4224 1605 4280; x_wconf 88' lang='lat' dir='ltr'><strong>Deo</strong></span> <span class='ocrx_word' id='word_1_449' title='bbox 1636 4241 1736 4295; x_wconf 90' lang='lat' dir='ltr'><strong>pro</strong></span> <span class='ocrx_word' id='word_1_450' title='bbox 1758 4229 1920 4284; x_wconf 90' lang='lat' dir='ltr'><strong>nobis</strong></span> <span class='ocrx_word' id='word_1_451' title='bbox 1944 4230 2031 4284; x_wconf 82' lang='lat' dir='ltr'><strong>di-</strong></span> 
     </span>
    </p>
   </div>
   <div class='ocr_carea' id='block_1_61' title="bbox 346 4300 2034 4390">
    <p class='ocr_par' dir='ltr' id='par_1_61' title="bbox 346 4300 2034 4390">
     <span class='ocr_line' id='line_1_61' title="bbox 346 4300 2034 4390; baseline 0.015 -40"><span class='ocrx_word' id='word_1_452' title='bbox 346 4377 355 4385; x_wconf 68' lang='lat'>_</span> <span class='ocrx_word' id='word_1_453' title='bbox 445 4300 705 4366; x_wconf 83' lang='lat' dir='ltr'><strong>micante,</strong></span> <span class='ocrx_word' id='word_1_454' title='bbox 739 4302 940 4357; x_wconf 87' lang='lat' dir='ltr'><strong>iterum</strong></span> <span class='ocrx_word' id='word_1_455' title='bbox 962 4314 1129 4377; x_wconf 84' lang='lat' dir='ltr'><strong>atque</strong></span> <span class='ocrx_word' id='word_1_456' title='bbox 1167 4310 1370 4364; x_wconf 88' lang='lat' dir='ltr'><strong>iterum</strong></span> <span class='ocrx_word' id='word_1_457' title='bbox 1414 4312 1780 4370; x_wconf 81' lang='lat' dir='ltr'><strong>allirmabant.</strong></span> <span class='ocrx_word' id='word_1_458' title='bbox 1826 4320 2034 4390; x_wconf 81' lang='lat' dir='ltr'><strong>Vulgus</strong></span> 
     </span>
    </p>
   </div>
   <div class='ocr_carea' id='block_1_62' title="bbox 444 4392 2033 4476">
    <p class='ocr_par' dir='ltr' id='par_1_62' title="bbox 444 4392 2033 4476">
     <span class='ocr_line' id='line_1_62' title="bbox 444 4392 2033 4476; baseline 0.016 -33"><span class='ocrx_word' id='word_1_459' title='bbox 444 4400 630 4447; x_wconf 89' lang='lat' dir='ltr'><strong>autem</strong></span> <span class='ocrx_word' id='word_1_460' title='bbox 668 4392 1046 4462; x_wconf 85' lang='lat' dir='ltr'><strong>promiscuum</strong></span> <span class='ocrx_word' id='word_1_461' title='bbox 1084 4397 1491 4469; x_wconf 85' lang='lat' dir='ltr'><strong>lsraelitarum,</strong></span> <span class='ocrx_word' id='word_1_462' title='bbox 1526 4403 1695 4476; x_wconf 75' lang='lat'><strong>389</strong></span> <span class='ocrx_word' id='word_1_463' title='bbox 1717 4408 1924 4466; x_wconf 85' lang='lat' dir='ltr'><strong>auditis</strong></span> <span class='ocrx_word' id='word_1_464' title='bbox 1946 4411 2033 4469; x_wconf 89' lang='lat' dir='ltr'><strong>bis</strong></span> 
     </span>
    </p>
   </div>
   <div class='ocr_carea' id='block_1_63' title="bbox 443 4478 2029 4569">
    <p class='ocr_par' dir='ltr' id='par_1_63' title="bbox 443 4478 2029 4569">
     <span class='ocr_line' id='line_1_63' title="bbox 443 4478 2029 4569; baseline 0.016 -38"><span class='ocrx_word' id='word_1_465' title='bbox 443 4478 629 4535; x_wconf 84' lang='lat' dir='ltr'><strong>verbis</strong></span> <span class='ocrx_word' id='word_1_466' title='bbox 660 4480 714 4534; x_wconf 93' lang='lat' dir='ltr'><strong>in</strong></span> <span class='ocrx_word' id='word_1_467' title='bbox 739 4482 1076 4540; x_wconf 88' lang='lat' dir='ltr'><strong>oblivionem</strong></span> <span class='ocrx_word' id='word_1_468' title='bbox 1104 4487 1198 4542; x_wconf 90' lang='lat' dir='ltr'><strong>Dei</strong></span> <span class='ocrx_word' id='word_1_469' title='bbox 1231 4490 1491 4557; x_wconf 84' lang='lat' dir='ltr'><strong>traducti,</strong></span> <span class='ocrx_word' id='word_1_470' title='bbox 1549 4494 1943 4569; x_wconf 87' lang='lat' dir='ltr'><strong>signorumque</strong></span> <span class='ocrx_word' id='word_1_471' title='bbox 1974 4502 2029 4557; x_wconf 86' lang='lat' dir='ltr'><strong>in</strong></span> 
     </span>
    </p>
   </div>
   <div class='ocr_carea' id='block_1_64' title="bbox 441 4570 2032 4661">
    <p class='ocr_par' dir='ltr' id='par_1_64' title="bbox 441 4570 2032 4661">
     <span class='ocr_line' id='line_1_64' title="bbox 441 4570 2032 4661; baseline 0.014 -36"><span class='ocrx_word' id='word_1_472' title='bbox 441 4570 672 4642; x_wconf 54' lang='lat' dir='ltr'><strong>{Egypto</strong></span> <span class='ocrx_word' id='word_1_473' title='bbox 707 4574 987 4632; x_wconf 88' lang='lat' dir='ltr'><strong>editorum</strong></span> <span class='ocrx_word' id='word_1_474' title='bbox 1036 4578 1393 4639; x_wconf 87' lang='lat' dir='ltr'><strong>immemores</strong></span> <span class='ocrx_word' id='word_1_475' title='bbox 1433 4587 1591 4643; x_wconf 84' lang='lat' dir='ltr'><strong>valde</strong></span> <span class='ocrx_word' id='word_1_476' title='bbox 1632 4591 2032 4661; x_wconf 81' lang='lat' dir='ltr'><strong>extimueruut,</strong></span> 
     </span>
    </p>
   </div>
   <div class='ocr_carea' id='block_1_65' title="bbox 442 4665 2035 4751">
    <p class='ocr_par' dir='ltr' id='par_1_65' title="bbox 442 4665 2035 4751">
     <span class='ocr_line' id='line_1_65' title="bbox 442 4665 2035 4751; baseline 0.014 -33"><span class='ocrx_word' id='word_1_477' title='bbox 442 4665 825 4739; x_wconf 86' lang='lat' dir='ltr'><strong>tardioresque</strong></span> <span class='ocrx_word' id='word_1_478' title='bbox 846 4670 914 4725; x_wconf 87' lang='lat' dir='ltr'><strong>ad</strong></span> <span class='ocrx_word' id='word_1_479' title='bbox 963 4674 1320 4744; x_wconf 87' lang='lat' dir='ltr'><strong>pugnandum</strong></span> <span class='ocrx_word' id='word_1_480' title='bbox 1370 4678 1555 4735; x_wconf 70' lang='lat' dir='ltr'><strong>effecti</strong></span> <span class='ocrx_word' id='word_1_481' title='bbox 1593 4683 1855 4751; x_wconf 79' lang='lat' dir='ltr'><strong>prmlium</strong></span> <span class='ocrx_word' id='word_1_482' title='bbox 1892 4685 2035 4741; x_wconf 89' lang='lat' dir='ltr'><strong>inire</strong></span> 
     </span>
    </p>
   </div>
   <div class='ocr_carea' id='block_1_66' title="bbox 441 4764 2033 4841">
    <p class='ocr_par' dir='ltr' id='par_1_66' title="bbox 441 4764 2033 4841">
     <span class='ocr_line' id='line_1_66' title="bbox 441 4764 2033 4841; baseline 0.014 -32"><span class='ocrx_word' id='word_1_483' title='bbox 441 4764 788 4825; x_wconf 75' lang='lat' dir='ltr'><strong>recusarunt,</strong></span> <span class='ocrx_word' id='word_1_484' title='bbox 819 4777 1000 4832; x_wconf 85' lang='lat' dir='ltr'><strong>neque</strong></span> <span class='ocrx_word' id='word_1_485' title='bbox 1028 4766 1269 4835; x_wconf 90' lang='lat' dir='ltr'><strong>amplius</strong></span> <span class='ocrx_word' id='word_1_486' title='bbox 1299 4779 1487 4826; x_wconf 89' lang='lat' dir='ltr'><strong>amant</strong></span> <span class='ocrx_word' id='word_1_487' title='bbox 1510 4773 1805 4841; x_wconf 85' lang='lat' dir='ltr'><strong>promissa,</strong></span> <span class='ocrx_word' id='word_1_488' title='bbox 1837 4785 1933 4830; x_wconf 86' lang='lat' dir='ltr'><strong>aut</strong></span> <span class='ocrx_word' id='word_1_489' title='bbox 1962 4777 2033 4833; x_wconf 90' lang='lat' dir='ltr'><strong>de</strong></span> 
     </span>
    </p>
   </div>
   <div class='ocr_carea' id='block_1_67' title="bbox 441 4852 2033 4934">
    <p class='ocr_par' dir='ltr' id='par_1_67' title="bbox 441 4852 2033 4934">
     <span class='ocr_line' id='line_1_67' title="bbox 441 4852 2033 4934; baseline 0.011 -29"><span class='ocrx_word' id='word_1_490' title='bbox 441 4852 786 4910; x_wconf 79' lang='lat' dir='ltr'><strong>auxiliatriee</strong></span> <span class='ocrx_word' id='word_1_491' title='bbox 804 4871 971 4911; x_wconf 80' lang='lat' dir='ltr'><strong>manu</strong></span> <span class='ocrx_word' id='word_1_492' title='bbox 997 4858 1261 4928; x_wconf 78' lang='lat' dir='ltr'><strong>cogitant,</strong></span> <span class='ocrx_word' id='word_1_493' title='bbox 1297 4876 1420 4929; x_wconf 67' lang='lat' dir='ltr'><strong>quae</strong></span> <span class='ocrx_word' id='word_1_494' title='bbox 1438 4863 1621 4917; x_wconf 87' lang='lat' dir='ltr'><strong>omnia</strong></span> <span class='ocrx_word' id='word_1_495' title='bbox 1648 4875 1890 4934; x_wconf 85' lang='lat' dir='ltr'><strong>superat,</strong></span> <span class='ocrx_word' id='word_1_496' title='bbox 1923 4880 1979 4922; x_wconf 89' lang='lat' dir='ltr'><strong>et</strong></span> <span class='ocrx_word' id='word_1_497' title='bbox 2002 4885 2033 4923; x_wconf 92' lang='lat' dir='ltr'><strong>a</strong></span> 
     </span>
    </p>
   </div>
   <div class='ocr_carea' id='block_1_68' title="bbox 440 4945 2030 5028">
    <p class='ocr_par' dir='ltr' id='par_1_68' title="bbox 440 4945 2030 5028">
     <span class='ocr_line' id='line_1_68' title="bbox 440 4945 2030 5028; baseline 0.012 -32"><span class='ocrx_word' id='word_1_498' title='bbox 440 4945 659 4999; x_wconf 87' lang='lat' dir='ltr'><strong>nemine</strong></span> <span class='ocrx_word' id='word_1_499' title='bbox 684 4956 864 5016; x_wconf 89' lang='lat' dir='ltr'><strong>potest</strong></span> <span class='ocrx_word' id='word_1_500' title='bbox 888 4952 1140 5020; x_wconf 82' lang='lat' dir='ltr'><strong>superari</strong></span> <span class='ocrx_word' id='word_1_501' title='bbox 1174 4968 1188 5005; x_wconf 89' lang='lat'><strong>:</strong></span> <span class='ocrx_word' id='word_1_502' title='bbox 1216 4960 1273 5006; x_wconf 89' lang='lat' dir='ltr'><strong>at</strong></span> <span class='ocrx_word' id='word_1_503' title='bbox 1294 4952 1479 5023; x_wconf 91' lang='lat' dir='ltr'><strong>potius</strong></span> <span class='ocrx_word' id='word_1_504' title='bbox 1502 4956 1799 5024; x_wconf 80' lang='lat' dir='ltr'><strong>pueriliter</strong></span> <span class='ocrx_word' id='word_1_505' title='bbox 1831 4960 2030 5028; x_wconf 89' lang='lat' dir='ltr'><strong>plorat,</strong></span> 
     </span>
    </p>
   </div>
   <div class='ocr_carea' id='block_1_69' title="bbox 439 5035 2027 5117">
    <p class='ocr_par' dir='ltr' id='par_1_69' title="bbox 439 5035 2027 5117">
     <span class='ocr_line' id='line_1_69' title="bbox 439 5035 2027 5117; baseline 0.013 -31"><span class='ocrx_word' id='word_1_506' title='bbox 439 5035 764 5106; x_wconf 82' lang='lat' dir='ltr'><strong>trepideque</strong></span> <span class='ocrx_word' id='word_1_507' title='bbox 783 5052 1066 5111; x_wconf 76' lang='lat' dir='ltr'><strong>exspectat</strong></span> <span class='ocrx_word' id='word_1_508' title='bbox 1096 5043 1398 5101; x_wconf 83' lang='lat' dir='ltr'><strong>hostilibus</strong></span> <span class='ocrx_word' id='word_1_509' title='bbox 1423 5047 1622 5117; x_wconf 85' lang='lat' dir='ltr'><strong>gladiis</strong></span> <span class='ocrx_word' id='word_1_510' title='bbox 1647 5066 1848 5105; x_wconf 81' lang='lat' dir='ltr'><strong>uxores</strong></span> <span class='ocrx_word' id='word_1_511' title='bbox 1876 5067 2027 5117; x_wconf 76' lang='lat' dir='ltr'><strong>suas,</strong></span> 
     </span>
    </p>
   </div>
   <div class='ocr_carea' id='block_1_70' title="bbox 438 5130 2022 5212">
    <p class='ocr_par' dir='ltr' id='par_1_70' title="bbox 438 5130 2022 5212">
     <span class='ocr_line' id='line_1_70' title="bbox 438 5130 2022 5212; baseline 0.013 -34"><span class='ocrx_word' id='word_1_512' title='bbox 438 5141 671 5197; x_wconf 71' lang='lat' dir='ltr'><strong>qureque</strong></span> <span class='ocrx_word' id='word_1_513' title='bbox 727 5130 861 5200; x_wconf 83' lang='lat' dir='ltr'><strong>ipsis</strong></span> <span class='ocrx_word' id='word_1_514' title='bbox 914 5135 1240 5193; x_wconf 80' lang='lat' dir='ltr'><strong>charissima</strong></span> <span class='ocrx_word' id='word_1_515' title='bbox 1297 5147 1474 5204; x_wconf 86' lang='lat' dir='ltr'><strong>erant,</strong></span> <span class='ocrx_word' id='word_1_516' title='bbox 1538 5150 1879 5212; x_wconf 87' lang='lat' dir='ltr'><strong>assumptum</strong></span> <span class='ocrx_word' id='word_1_517' title='bbox 1936 5145 2022 5200; x_wconf 88' lang='lat' dir='ltr'><strong>iri.</strong></span> 
     </span>
    </p>
   </div>
   <div class='ocr_carea' id='block_1_71' title="bbox 441 5218 2025 5305">
    <p class='ocr_par' dir='ltr' id='par_1_71' title="bbox 441 5218 2025 5305">
     <span class='ocr_line' id='line_1_71' title="bbox 441 5218 2025 5305; baseline 0.013 -34"><span class='ocrx_word' id='word_1_518' title='bbox 441 5218 629 5289; x_wconf 69' lang='lat' dir='ltr'><strong>Neque</strong></span> <span class='ocrx_word' id='word_1_519' title='bbox 667 5239 795 5280; x_wconf 90' lang='lat' dir='ltr'><strong>vero</strong></span> <span class='ocrx_word' id='word_1_520' title='bbox 826 5227 1014 5284; x_wconf 73' lang='lat' dir='ltr'><strong>dicere</strong></span> <span class='ocrx_word' id='word_1_521' title='bbox 1036 5231 1201 5285; x_wconf 79' lang='lat' dir='ltr'><strong>veriti</strong></span> <span class='ocrx_word' id='word_1_522' title='bbox 1238 5240 1385 5295; x_wconf 89' lang='lat' dir='ltr'><strong>sunt,</strong></span> <span class='ocrx_word' id='word_1_523' title='bbox 1408 5233 1708 5303; x_wconf 88' lang='lat' dir='ltr'><strong>gratiorem</strong></span> <span class='ocrx_word' id='word_1_524' title='bbox 1738 5236 1841 5305; x_wconf 90' lang='lat' dir='ltr'><strong>ipsi</strong></span> <span class='ocrx_word' id='word_1_525' title='bbox 1873 5236 2025 5292; x_wconf 81' lang='lat' dir='ltr'><strong>futu-</strong></span> 
     </span>
    </p>
   </div>
   <div class='ocr_carea' id='block_1_72' title="bbox 442 5313 2022 5398">
    <p class='ocr_par' dir='ltr' id='par_1_72' title="bbox 442 5313 2022 5398">
     <span class='ocr_line' id='line_1_72' title="bbox 442 5313 2022 5398; baseline 0.013 -36"><span class='ocrx_word' id='word_1_526' title='bbox 442 5325 554 5365; x_wconf 87' lang='lat' dir='ltr'><strong>ram</strong></span> <span class='ocrx_word' id='word_1_527' title='bbox 607 5313 775 5371; x_wconf 81' lang='lat' dir='ltr'><strong>fuisse</strong></span> <span class='ocrx_word' id='word_1_528' title='bbox 804 5320 1127 5375; x_wconf 73' lang='lat' dir='ltr'><strong>servitutem</strong></span> <span class='ocrx_word' id='word_1_529' title='bbox 1177 5321 1552 5395; x_wconf 63' lang='lat' dir='ltr'><strong>Egyptiacam</strong></span> <span class='ocrx_word' id='word_1_530' title='bbox 1575 5366 1588 5389; x_wconf 89' lang='lat'><strong>,</strong></span> <span class='ocrx_word' id='word_1_531' title='bbox 1621 5326 1903 5397; x_wconf 87' lang='lat' dir='ltr'><strong>ipsiusque</strong></span> <span class='ocrx_word' id='word_1_532' title='bbox 1932 5330 2022 5398; x_wconf 87' lang='lat' dir='ltr'><strong>ju-</strong></span> 
     </span>
    </p>
   </div>
   <div class='ocr_carea' id='block_1_73' title="bbox 440 5405 2024 5487">
    <p class='ocr_par' dir='ltr' id='par_1_73' title="bbox 440 5405 2024 5487">
     <span class='ocr_line' id='line_1_73' title="bbox 440 5405 2024 5487; baseline 0.013 -34"><span class='ocrx_word' id='word_1_533' title='bbox 440 5416 564 5469; x_wconf 80' lang='lat' dir='ltr'><strong>gum</strong></span> <span class='ocrx_word' id='word_1_534' title='bbox 607 5405 801 5462; x_wconf 87' lang='lat' dir='ltr'><strong>levius.</strong></span> <span class='ocrx_word' id='word_1_535' title='bbox 845 5410 1063 5465; x_wconf 83' lang='lat' dir='ltr'><strong>Utinam</strong></span> <span class='ocrx_word' id='word_1_536' title='bbox 1102 5414 1168 5467; x_wconf 86' lang='lat' dir='ltr'><strong>ad</strong></span> <span class='ocrx_word' id='word_1_537' title='bbox 1198 5413 1666 5487; x_wconf 56' lang='lat' dir='ltr'><strong>{Egyptiosnubis</strong></span> <span class='ocrx_word' id='word_1_538' title='bbox 1702 5421 1903 5474; x_wconf 84' lang='lat' dir='ltr'><strong>reverti</strong></span> <span class='ocrx_word' id='word_1_539' title='bbox 1955 5421 2024 5473; x_wconf 87' lang='lat' dir='ltr'><strong>li-</strong></span> 
     </span>
    </p>
   </div>
   <div class='ocr_carea' id='block_1_74' title="bbox 440 5498 2026 5573">
    <p class='ocr_par' dir='ltr' id='par_1_74' title="bbox 440 5498 2026 5573">
     <span class='ocr_line' id='line_1_74' title="bbox 440 5498 2026 5573; baseline 0.013 -29"><span class='ocrx_word' id='word_1_540' title='bbox 440 5499 618 5549; x_wconf 84' lang='lat' dir='ltr'><strong>ceret!</strong></span> <span class='ocrx_word' id='word_1_541' title='bbox 680 5498 1043 5569; x_wconf 74' lang='lat' dir='ltr'><strong>lacrymantrs</strong></span> <span class='ocrx_word' id='word_1_542' title='bbox 1095 5505 1387 5573; x_wconf 83' lang='lat' dir='ltr'><strong>dicebant;</strong></span> <span class='ocrx_word' id='word_1_543' title='bbox 1450 5509 1675 5563; x_wconf 80' lang='lat' dir='ltr'><strong>Josuam</strong></span> <span class='ocrx_word' id='word_1_544' title='bbox 1733 5522 1915 5565; x_wconf 85' lang='lat' dir='ltr'><strong>autem</strong></span> <span class='ocrx_word' id='word_1_545' title='bbox 1968 5522 2026 5565; x_wconf 83' lang='lat' dir='ltr'><strong>et</strong></span> 
     </span>
    </p>
   </div>
   <div class='ocr_carea' id='block_1_75' title="bbox 441 5579 2027 5673">
    <p class='ocr_par' dir='ltr' id='par_1_75' title="bbox 441 5579 2027 5673">
     <span class='ocr_line' id='line_1_75' title="bbox 441 5579 2027 5673; baseline 0.013 -34"><span class='ocrx_word' id='word_1_546' title='bbox 441 5579 646 5641; x_wconf 78' lang='lat' dir='ltr'><strong>Chaleb</strong></span> <span class='ocrx_word' id='word_1_547' title='bbox 667 5627 682 5652; x_wconf 89' lang='lat'><strong>,</strong></span> <span class='ocrx_word' id='word_1_548' title='bbox 719 5591 813 5659; x_wconf 89' lang='lat' dir='ltr'><strong>qui</strong></span> <span class='ocrx_word' id='word_1_549' title='bbox 835 5592 903 5646; x_wconf 87' lang='lat' dir='ltr'><strong>ad</strong></span> <span class='ocrx_word' id='word_1_550' title='bbox 929 5594 1309 5655; x_wconf 80' lang='lat' dir='ltr'><strong>fortitudinem</strong></span> <span class='ocrx_word' id='word_1_551' title='bbox 1344 5615 1438 5656; x_wconf 75' lang='lat' dir='ltr'><strong>eos</strong></span> <span class='ocrx_word' id='word_1_552' title='bbox 1470 5601 1808 5671; x_wconf 73' lang='lat' dir='ltr'><strong>excitabant,</strong></span> <span class='ocrx_word' id='word_1_553' title='bbox 1836 5603 2027 5673; x_wconf 75' lang='lat' dir='ltr'><strong>pulve-</strong></span> 
     </span>
    </p>
   </div>
   <div class='ocr_carea' id='block_1_76' title="bbox 513 5754 1071 5831">
    <p class='ocr_par' dir='ltr' id='par_1_76' title="bbox 513 5754 1071 5831">
     <span class='ocr_line' id='line_1_76' title="bbox 513 5754 1071 5831; baseline 0.011 -9"><span class='ocrx_word' id='word_1_554' title='bbox 513 5762 559 5798; x_wconf 85' lang='lat'><strong>&quot;</strong></span> <span class='ocrx_word' id='word_1_555' title='bbox 596 5759 760 5823; x_wconf 80' lang='lat' dir='ltr'><strong>Num.</strong></span> <span class='ocrx_word' id='word_1_556' title='bbox 796 5778 911 5831; x_wconf 74' lang='grc' dir='ltr'>ιιιι,</span> <span class='ocrx_word' id='word_1_557' title='bbox 960 5754 1071 5828; x_wconf 70' lang='lat' dir='ltr'><strong>l-i.</strong></span> 
     </span>
    </p>
   </div>
   <div class='ocr_carea' id='block_1_77' title="bbox 2135 1951 3730 2024">
    <p class='ocr_par' dir='ltr' id='par_1_77' title="bbox 2135 1951 3730 2024">
     <span class='ocr_line' id='line_1_77' title="bbox 2135 1951 3730 2024; baseline -0.001 -17"><span class='ocrx_word' id='word_1_558' title='bbox 2135 1957 2281 2020; x_wconf 86' lang='grc' dir='ltr'>τίνες</span> <span class='ocrx_word' id='word_1_559' title='bbox 2312 1955 2379 2010; x_wconf 83' lang='grc' dir='ltr'><strong>ἂν</strong></span> <span class='ocrx_word' id='word_1_560' title='bbox 2407 1951 2518 2008; x_wconf 78' lang='grc' dir='ltr'>εἷεν</span> <span class='ocrx_word' id='word_1_561' title='bbox 2546 1957 2596 2008; x_wconf 75' lang='lat' dir='ltr'><strong>ot</strong></span> <span class='ocrx_word' id='word_1_562' title='bbox 2628 1954 2899 2021; x_wconf 86' lang='grc' dir='ltr'>κάτοικοι,</span> <span class='ocrx_word' id='word_1_563' title='bbox 2942 1952 3174 2024; x_wconf 71' lang='grc' dir='ltr'>πότερόν</span> <span class='ocrx_word' id='word_1_564' title='bbox 3221 1969 3352 2007; x_wconf 83' lang='grc' dir='ltr'>ποτε</span> <span class='ocrx_word' id='word_1_565' title='bbox 3383 1954 3550 2007; x_wconf 73' lang='grc' dir='ltr'>δεινοὶ</span> <span class='ocrx_word' id='word_1_566' title='bbox 3594 1952 3730 2023; x_wconf 78' lang='grc' dir='ltr'>πρὸς</span> 
     </span>
    </p>
   </div>
   <div class='ocr_carea' id='block_1_78' title="bbox 2137 2044 3730 2118">
    <p class='ocr_par' dir='ltr' id='par_1_78' title="bbox 2137 2044 3730 2118">
     <span class='ocr_line' id='line_1_78' title="bbox 2137 2044 3730 2118; baseline -0.002 -17"><span class='ocrx_word' id='word_1_567' title='bbox 2137 2046 2332 2118; x_wconf 83' lang='grc' dir='ltr'>ἀλκὴν,</span> <span class='ocrx_word' id='word_1_568' title='bbox 2365 2047 2459 2101; x_wconf 77' lang='grc' dir='ltr'>καὶ</span> <span class='ocrx_word' id='word_1_569' title='bbox 2497 2046 2898 2115; x_wconf 82' lang='grc' dir='ltr'>καταγώνιστοι</span> <span class='ocrx_word' id='word_1_570' title='bbox 2927 2044 2996 2098; x_wconf 82' lang='grc' dir='ltr'>τὰ</span> <span class='ocrx_word' id='word_1_571' title='bbox 3042 2045 3340 2116; x_wconf 80' lang='grc' dir='ltr'>πολεμικὰ,</span> <span class='ocrx_word' id='word_1_572' title='bbox 3374 2046 3469 2100; x_wconf 69' lang='grc' dir='ltr'><strong>καὶ⁵</strong></span> <span class='ocrx_word' id='word_1_573' title='bbox 3509 2047 3571 2100; x_wconf 84' lang='grc' dir='ltr'><strong>οὐ</strong></span> <span class='ocrx_word' id='word_1_574' title='bbox 3614 2049 3730 2108; x_wconf 80' lang='grc' dir='ltr'>τοῖς</span> 
     </span>
    </p>
   </div>
   <div class='ocr_carea' id='block_1_79' title="bbox 2137 2137 3730 2210">
    <p class='ocr_par' dir='ltr' id='par_1_79' title="bbox 2137 2137 3730 2210">
     <span class='ocr_line' id='line_1_79' title="bbox 2137 2137 3730 2210; baseline -0.001 -18"><span class='ocrx_word' id='word_1_575' title='bbox 2137 2137 2397 2210; x_wconf 80' lang='grc' dir='ltr'><strong>τυχοῦσιν</strong></span> <span class='ocrx_word' id='word_1_576' title='bbox 2422 2139 2731 2209; x_wconf 86' lang='grc' dir='ltr'>εὐάντητοι,</span> <span class='ocrx_word' id='word_1_577' title='bbox 2772 2139 2942 2210; x_wconf 72' lang='grc' dir='ltr'>ἤγουν</span> <span class='ocrx_word' id='word_1_578' title='bbox 2969 2142 3084 2203; x_wconf 79' lang='grc' dir='ltr'>τοῖς</span> <span class='ocrx_word' id='word_1_579' title='bbox 3124 2138 3471 2210; x_wconf 79' lang='grc' dir='ltr'>ἀνδρίζεσθαι</span> <span class='ocrx_word' id='word_1_580' title='bbox 3501 2138 3730 2208; x_wconf 81' lang='grc' dir='ltr'>μεμελε-</span> 
     </span>
    </p>
   </div>
   <div class='ocr_carea' id='block_1_80' title="bbox 2136 2224 3732 2302">
    <p class='ocr_par' dir='ltr' id='par_1_80' title="bbox 2136 2224 3732 2302">
     <span class='ocr_line' id='line_1_80' title="bbox 2136 2224 3732 2302; baseline -0.001 -19"><span class='ocrx_word' id='word_1_581' title='bbox 2136 2231 2361 2302; x_wconf 85' lang='grc' dir='ltr'>τηκόσιν</span> <span class='ocrx_word' id='word_1_582' title='bbox 2394 2230 2635 2293; x_wconf 85' lang='grc' dir='ltr'><strong>εὐκόλως</strong></span> <span class='ocrx_word' id='word_1_583' title='bbox 2669 2230 2938 2302; x_wconf 83' lang='grc' dir='ltr'>ἀλῶσιμοι</span> <span class='ocrx_word' id='word_1_584' title='bbox 2965 2248 2979 2263; x_wconf 72' lang='grc'><strong><em>⁸</em></strong></span> <span class='ocrx_word' id='word_1_585' title='bbox 3002 2232 3123 2285; x_wconf 80' lang='grc' dir='ltr'>ὅσαι</span> <span class='ocrx_word' id='word_1_586' title='bbox 3157 2230 3214 2284; x_wconf 81' lang='grc' dir='ltr'>δὲ</span> <span class='ocrx_word' id='word_1_587' title='bbox 3242 2229 3308 2301; x_wconf 80' lang='grc' dir='ltr'>δὴ</span> <span class='ocrx_word' id='word_1_588' title='bbox 3346 2224 3412 2284; x_wconf 79' lang='grc' dir='ltr'><strong>αὖ</strong></span> <span class='ocrx_word' id='word_1_589' title='bbox 3448 2230 3546 2282; x_wconf 75' lang='grc' dir='ltr'>καὶ</span> <span class='ocrx_word' id='word_1_590' title='bbox 3582 2229 3732 2293; x_wconf 81' lang='grc' dir='ltr'>τίνες</span> 
     </span>
    </p>
   </div>
   <div class='ocr_carea' id='block_1_81' title="bbox 2138 2316 3729 2394">
    <p class='ocr_par' dir='ltr' id='par_1_81' title="bbox 2138 2316 3729 2394">
     <span class='ocr_line' id='line_1_81' title="bbox 2138 2316 3729 2394; baseline 0 -19"><span class='ocrx_word' id='word_1_591' title='bbox 2138 2323 2196 2375; x_wconf 76' lang='grc' dir='ltr'>αἱ</span> <span class='ocrx_word' id='word_1_592' title='bbox 2229 2321 2432 2387; x_wconf 82' lang='grc' dir='ltr'>πόλεις,</span> <span class='ocrx_word' id='word_1_593' title='bbox 2467 2317 2578 2392; x_wconf 75' lang='grc' dir='ltr'>ἄρα</span> <span class='ocrx_word' id='word_1_594' title='bbox 2619 2316 2774 2390; x_wconf 72' lang='grc' dir='ltr'>ψιλαὶ</span> <span class='ocrx_word' id='word_1_595' title='bbox 2820 2323 2914 2376; x_wconf 73' lang='grc' dir='ltr'><strong>καὶ</strong></span> <span class='ocrx_word' id='word_1_596' title='bbox 2956 2323 3273 2393; x_wconf 77' lang='grc' dir='ltr'><strong>ἀτείχιστοι,</strong></span> <span class='ocrx_word' id='word_1_597' title='bbox 3316 2322 3485 2392; x_wconf 70' lang='grc' dir='ltr'>ἤγουν</span> <span class='ocrx_word' id='word_1_598' title='bbox 3531 2320 3729 2394; x_wconf 80' lang='grc' dir='ltr'>ἄριστα</span> 
     </span>
    </p>
   </div>
   <div class='ocr_carea' id='block_1_82' title="bbox 2139 2406 3730 2485">
    <p class='ocr_par' dir='ltr' id='par_1_82' title="bbox 2139 2406 3730 2485">
     <span class='ocr_line' id='line_1_82' title="bbox 2139 2406 3730 2485; baseline -0.001 -20"><span class='ocrx_word' id='word_1_599' title='bbox 2139 2406 2594 2483; x_wconf 83' lang='grc' dir='ltr'>πεπυργωμέναι.</span> <span class='ocrx_word' id='word_1_600' title='bbox 2626 2409 2946 2485; x_wconf 75' lang='grc' dir='ltr'>Προσετίθει</span> <span class='ocrx_word' id='word_1_601' title='bbox 2966 2414 3066 2468; x_wconf 78' lang='grc' dir='ltr'>δέὁ</span> <span class='ocrx_word' id='word_1_602' title='bbox 3091 2415 3301 2485; x_wconf 83' lang='grc' dir='ltr'>Μωσῆς</span> <span class='ocrx_word' id='word_1_603' title='bbox 3329 2412 3521 2467; x_wconf 75' lang='grc' dir='ltr'>δτικαὶ</span> <span class='ocrx_word' id='word_1_604' title='bbox 3549 2412 3730 2467; x_wconf 69' lang='grc' dir='ltr'>αὺτιῖιν</span> 
     </span>
    </p>
   </div>
   <div class='ocr_carea' id='block_1_83' title="bbox 2136 2502 3729 2579">
    <p class='ocr_par' dir='ltr' id='par_1_83' title="bbox 2136 2502 3729 2579">
     <span class='ocr_line' id='line_1_83' title="bbox 2136 2502 3729 2579; baseline -0.002 -19"><span class='ocrx_word' id='word_1_605' title='bbox 2136 2502 2319 2577; x_wconf 81' lang='grc' dir='ltr'>δεήσει</span> <span class='ocrx_word' id='word_1_606' title='bbox 2337 2505 2446 2559; x_wconf 91' lang='grc' dir='ltr'><strong>τῶν</strong></span> <span class='ocrx_word' id='word_1_607' title='bbox 2467 2504 2699 2576; x_wconf 84' lang='grc' dir='ltr'>καρπῶν</span> <span class='ocrx_word' id='word_1_608' title='bbox 2724 2502 3209 2579; x_wconf 78' lang='grc' dir='ltr'>ἀποδρεψαμένους</span> <span class='ocrx_word' id='word_1_609' title='bbox 3239 2507 3403 2561; x_wconf 69' lang='grc' dir='ltr'><strong>οίονελ⁸</strong></span> <span class='ocrx_word' id='word_1_610' title='bbox 3426 2504 3564 2577; x_wconf 75' lang='grc' dir='ltr'>πρὸς</span> <span class='ocrx_word' id='word_1_611' title='bbox 3593 2504 3729 2557; x_wconf 85' lang='grc' dir='ltr'>ἀπό-</span> 
     </span>
    </p>
   </div>
   <div class='ocr_carea' id='block_1_84' title="bbox 2137 2591 3727 2669">
    <p class='ocr_par' dir='ltr' id='par_1_84' title="bbox 2137 2591 3727 2669">
     <span class='ocr_line' id='line_1_84' title="bbox 2137 2591 3727 2669; baseline -0.001 -19"><span class='ocrx_word' id='word_1_612' title='bbox 2137 2592 2322 2661; x_wconf 77' lang='grc' dir='ltr'>δειξιν,</span> <span class='ocrx_word' id='word_1_613' title='bbox 2347 2596 2643 2666; x_wconf 74' lang='grc' dir='ltr'>ἐπανήκειν</span> <span class='ocrx_word' id='word_1_614' title='bbox 2665 2595 2886 2662; x_wconf 82' lang='grc' dir='ltr'>αὐτούς.</span> <span class='ocrx_word' id='word_1_615' title='bbox 2932 2597 3359 2668; x_wconf 78' lang='grc' dir='ltr'>’Δναϐεὸηκὸτες</span> <span class='ocrx_word' id='word_1_616' title='bbox 3379 2596 3443 2669; x_wconf 73' lang='grc' dir='ltr'>δὴ</span> <span class='ocrx_word' id='word_1_617' title='bbox 3470 2591 3565 2651; x_wconf 79' lang='grc' dir='ltr'>οὖν</span> <span class='ocrx_word' id='word_1_618' title='bbox 3594 2597 3727 2649; x_wconf 77' lang='grc' dir='ltr'>ἀποο</span> 
     </span>
    </p>
   </div>
   <div class='ocr_carea' id='block_1_85' title="bbox 2139 2685 3727 2762">
    <p class='ocr_par' dir='ltr' id='par_1_85' title="bbox 2139 2685 3727 2762">
     <span class='ocr_line' id='line_1_85' title="bbox 2139 2685 3727 2762; baseline -0.001 -20"><span class='ocrx_word' id='word_1_619' title='bbox 2139 2688 2359 2756; x_wconf 83' lang='grc' dir='ltr'>φαίνειν</span> <span class='ocrx_word' id='word_1_620' title='bbox 2390 2688 2685 2758; x_wconf 72' lang='grc' dir='ltr'>ἠπείγοντο</span> <span class='ocrx_word' id='word_1_621' title='bbox 2725 2687 2789 2742; x_wconf 74' lang='grc' dir='ltr'>τὸ</span> <span class='ocrx_word' id='word_1_622' title='bbox 2818 2690 3271 2762; x_wconf 73' lang='grc' dir='ltr'>κεκελευσμένον.</span> <span class='ocrx_word' id='word_1_623' title='bbox 3302 2685 3641 2758; x_wconf 77' lang='grc' dir='ltr'>Ἐπιτηδείου</span> <span class='ocrx_word' id='word_1_624' title='bbox 3670 2687 3727 2740; x_wconf 72' lang='grc' dir='ltr'>δὲ</span> 
     </span>
    </p>
   </div>
   <div class='ocr_carea' id='block_1_86' title="bbox 2138 2779 3730 2853">
    <p class='ocr_par' dir='ltr' id='par_1_86' title="bbox 2138 2779 3730 2853">
     <span class='ocr_line' id='line_1_86' title="bbox 2138 2779 3730 2853; baseline -0.001 -20"><span class='ocrx_word' id='word_1_625' title='bbox 2138 2779 2293 2843; x_wconf 74' lang='grc' dir='ltr'>ὄντος</span> <span class='ocrx_word' id='word_1_626' title='bbox 2324 2779 2522 2851; x_wconf 82' lang='grc' dir='ltr'>καιροῦ</span> <span class='ocrx_word' id='word_1_627' title='bbox 2562 2780 2999 2835; x_wconf 81' lang='grc' dir='ltr'>κατεσκέπτοντό</span> <span class='ocrx_word' id='word_1_628' title='bbox 3033 2800 3089 2834; x_wconf 89' lang='grc' dir='ltr'><strong>τε</strong></span> <span class='ocrx_word' id='word_1_629' title='bbox 3114 2780 3213 2853; x_wconf 81' lang='grc' dir='ltr'>τὴν</span> <span class='ocrx_word' id='word_1_630' title='bbox 3242 2781 3369 2850; x_wconf 80' lang='grc' dir='ltr'>γῆν,</span> <span class='ocrx_word' id='word_1_631' title='bbox 3409 2780 3505 2834; x_wconf 83' lang='grc' dir='ltr'>καὶ</span> <span class='ocrx_word' id='word_1_632' title='bbox 3536 2779 3599 2848; x_wconf 82' lang='grc' dir='ltr'><strong>δὴ</strong></span> <span class='ocrx_word' id='word_1_633' title='bbox 3632 2780 3730 2833; x_wconf 59' lang='grc' dir='ltr'><strong>καί⁵</strong></span> 
     </span>
    </p>
   </div>
   <div class='ocr_carea' id='block_1_87' title="bbox 2141 2870 3715 2946">
    <p class='ocr_par' dir='ltr' id='par_1_87' title="bbox 2141 2870 3715 2946">
     <span class='ocr_line' id='line_1_87' title="bbox 2141 2870 3715 2946; baseline 0 -22"><span class='ocrx_word' id='word_1_634' title='bbox 2141 2870 2332 2942; x_wconf 85' lang='grc' dir='ltr'>βότρυν</span> <span class='ocrx_word' id='word_1_635' title='bbox 2355 2870 2998 2945; x_wconf 73' lang='grc' dir='ltr'>ἐπαναθέμενοι,χρῆμάπ</span> <span class='ocrx_word' id='word_1_636' title='bbox 3012 2892 3065 2927; x_wconf 91' lang='grc' dir='ltr'><strong>τι</strong></span> <span class='ocrx_word' id='word_1_637' title='bbox 3089 2873 3393 2946; x_wconf 78' lang='grc' dir='ltr'>παράδοξον</span> <span class='ocrx_word' id='word_1_638' title='bbox 3423 2873 3521 2927; x_wconf 69' lang='grc' dir='ltr'><strong>καὶ</strong></span> <span class='ocrx_word' id='word_1_639' title='bbox 3552 2871 3715 2926; x_wconf 80' lang='grc' dir='ltr'>ἀσύν-</span> 
     </span>
    </p>
   </div>
   <div class='ocr_carea' id='block_1_88' title="bbox 2138 2961 3724 3037">
    <p class='ocr_par' dir='ltr' id='par_1_88' title="bbox 2138 2961 3724 3037">
     <span class='ocr_line' id='line_1_88' title="bbox 2138 2961 3724 3037; baseline 0.001 -22"><span class='ocrx_word' id='word_1_640' title='bbox 2138 2962 2301 3032; x_wconf 86' lang='grc' dir='ltr'>ηθες,</span> <span class='ocrx_word' id='word_1_641' title='bbox 2338 2962 2535 3033; x_wconf 78' lang='grc' dir='ltr'>ἀληθὲς</span> <span class='ocrx_word' id='word_1_642' title='bbox 2567 2961 2757 3034; x_wconf 82' lang='grc' dir='ltr'>θαῦμά</span> <span class='ocrx_word' id='word_1_643' title='bbox 2783 2983 2845 3019; x_wconf 88' lang='grc' dir='ltr'><strong>τε</strong></span> <span class='ocrx_word' id='word_1_644' title='bbox 2887 2962 2979 3019; x_wconf 69' lang='grc' dir='ltr'><strong>καὶ</strong></span> <span class='ocrx_word' id='word_1_645' title='bbox 3013 2965 3130 3035; x_wconf 75' lang='grc' dir='ltr'><strong>ἅμα</strong></span> <span class='ocrx_word' id='word_1_646' title='bbox 3165 2966 3423 3037; x_wconf 82' lang='grc' dir='ltr'>παρῆσαν</span> <span class='ocrx_word' id='word_1_647' title='bbox 3457 2963 3724 3035; x_wconf 81' lang='grc' dir='ltr'>ἀζήμιοι,</span> 
     </span>
    </p>
   </div>
   <div class='ocr_carea' id='block_1_89' title="bbox 2139 3053 3721 3128">
    <p class='ocr_par' dir='ltr' id='par_1_89' title="bbox 2139 3053 3721 3128">
     <span class='ocr_line' id='line_1_89' title="bbox 2139 3053 3721 3128; baseline 0.002 -23"><span class='ocrx_word' id='word_1_648' title='bbox 2139 3053 2234 3106; x_wconf 75' lang='grc' dir='ltr'><strong>καὶ</strong></span> <span class='ocrx_word' id='word_1_649' title='bbox 2278 3053 2560 3124; x_wconf 73' lang='grc' dir='ltr'>ἐπανῆκον</span> <span class='ocrx_word' id='word_1_650' title='bbox 2586 3056 2680 3108; x_wconf 79' lang='grc' dir='ltr'><strong>ἐπὶ</strong></span> <span class='ocrx_word' id='word_1_651' title='bbox 2713 3055 2937 3110; x_wconf 83' lang='grc' dir='ltr'>Μωσέα.</span> <span class='ocrx_word' id='word_1_652' title='bbox 2984 3054 3132 3128; x_wconf 83' lang='grc' dir='ltr'>Πλὴν</span> <span class='ocrx_word' id='word_1_653' title='bbox 3163 3055 3553 3126; x_wconf 81' lang='grc' dir='ltr'>ὲπεμερίζοντο</span> <span class='ocrx_word' id='word_1_654' title='bbox 3594 3058 3721 3121; x_wconf 74' lang='grc' dir='ltr'>ταῖς</span> 
     </span>
    </p>
   </div>
   <div class='ocr_carea' id='block_1_90' title="bbox 2138 3143 3729 3217">
    <p class='ocr_par' dir='ltr' id='par_1_90' title="bbox 2138 3143 3729 3217">
     <span class='ocr_line' id='line_1_90' title="bbox 2138 3143 3729 3217; baseline 0.003 -22"><span class='ocrx_word' id='word_1_655' title='bbox 2138 3145 2390 3214; x_wconf 78' lang='grc' dir='ltr'>γνώμαις</span> <span class='ocrx_word' id='word_1_656' title='bbox 2410 3143 2512 3201; x_wconf 72' lang='grc' dir='ltr'>ἔτι.</span> <span class='ocrx_word' id='word_1_657' title='bbox 2550 3144 2730 3200; x_wconf 82' lang='grc' dir='ltr'>Ᾱίνεῖν</span> <span class='ocrx_word' id='word_1_658' title='bbox 2771 3147 2870 3216; x_wconf 81' lang='grc' dir='ltr'>μὲν</span> <span class='ocrx_word' id='word_1_659' title='bbox 2895 3147 3009 3217; x_wconf 83' lang='grc' dir='ltr'>γὰρ</span> <span class='ocrx_word' id='word_1_660' title='bbox 3036 3146 3244 3217; x_wconf 80' lang='grc' dir='ltr'>ἠξίουν,</span> <span class='ocrx_word' id='word_1_661' title='bbox 3265 3148 3360 3201; x_wconf 79' lang='grc' dir='ltr'><strong>καὶ</strong></span> <span class='ocrx_word' id='word_1_662' title='bbox 3386 3147 3729 3216; x_wconf 78' lang='grc' dir='ltr'>ἀπήγγελλον</span> 
     </span>
    </p>
   </div>
   <div class='ocr_carea' id='block_1_91' title="bbox 2142 3234 3727 3311">
    <p class='ocr_par' dir='ltr' id='par_1_91' title="bbox 2142 3234 3727 3311">
     <span class='ocr_line' id='line_1_91' title="bbox 2142 3234 3727 3311; baseline 0.002 -23"><span class='ocrx_word' id='word_1_663' title='bbox 2142 3234 2404 3301; x_wconf 70' lang='grc' dir='ltr'>ἅπαντες,</span> <span class='ocrx_word' id='word_1_664' title='bbox 2430 3236 2506 3300; x_wconf 82' lang='grc' dir='ltr'>ὡς</span> <span class='ocrx_word' id='word_1_665' title='bbox 2529 3237 2710 3307; x_wconf 80' lang='grc' dir='ltr'>ἀγαθὴ</span> <span class='ocrx_word' id='word_1_666' title='bbox 2738 3239 2831 3292; x_wconf 79' lang='grc' dir='ltr'>καὶ</span> <span class='ocrx_word' id='word_1_667' title='bbox 2868 3238 3017 3293; x_wconf 86' lang='grc' dir='ltr'>πίων</span> <span class='ocrx_word' id='word_1_668' title='bbox 3035 3241 3070 3303; x_wconf 81' lang='grc' dir='ltr'>ἡ</span> <span class='ocrx_word' id='word_1_669' title='bbox 3102 3239 3196 3310; x_wconf 81' lang='grc' dir='ltr'>γῆ,</span> <span class='ocrx_word' id='word_1_670' title='bbox 3235 3239 3330 3293; x_wconf 72' lang='grc' dir='ltr'>καὶ</span> <span class='ocrx_word' id='word_1_671' title='bbox 3356 3238 3547 3292; x_wconf 90' lang='grc' dir='ltr'>τούτου</span> <span class='ocrx_word' id='word_1_672' title='bbox 3583 3239 3727 3311; x_wconf 82' lang='grc' dir='ltr'>μάρ-</span> 
     </span>
    </p>
   </div>
   <div class='ocr_carea' id='block_1_92' title="bbox 2141 3327 3801 3403">
    <p class='ocr_par' dir='ltr' id='par_1_92' title="bbox 2141 3327 3801 3403">
     <span class='ocr_line' id='line_1_92' title="bbox 2141 3327 3801 3403; baseline 0.002 -22"><span class='ocrx_word' id='word_1_673' title='bbox 2141 3343 2281 3399; x_wconf 90' lang='grc' dir='ltr'>τυρα</span> <span class='ocrx_word' id='word_1_674' title='bbox 2327 3330 2654 3401; x_wconf 76' lang='grc' dir='ltr'>ἐπεκόμιζον</span> <span class='ocrx_word' id='word_1_675' title='bbox 2691 3332 2785 3385; x_wconf 80' lang='grc' dir='ltr'><strong>τδν</strong></span> <span class='ocrx_word' id='word_1_676' title='bbox 2827 3332 2886 3398; x_wconf 81' lang='grc' dir='ltr'><strong>ἐξ</strong></span> <span class='ocrx_word' id='word_1_677' title='bbox 2941 3331 3111 3403; x_wconf 77' lang='grc' dir='ltr'>αὐτῆς</span> <span class='ocrx_word' id='word_1_678' title='bbox 3155 3327 3428 3402; x_wconf 81' lang='grc' dir='ltr'>ληφθέντα</span> <span class='ocrx_word' id='word_1_679' title='bbox 3472 3332 3725 3402; x_wconf 84' lang='grc' dir='ltr'>καρπόν·</span> <span class='ocrx_word' id='word_1_680' title='bbox 3796 3328 3801 3333; x_wconf 40' lang='grc'><strong><em>³</em></strong></span> 
     </span>
    </p>
   </div>
   <div class='ocr_carea' id='block_1_93' title="bbox 2143 3420 3729 3494">
    <p class='ocr_par' dir='ltr' id='par_1_93' title="bbox 2143 3420 3729 3494">
     <span class='ocr_line' id='line_1_93' title="bbox 2143 3420 3729 3494; baseline 0.001 -21"><span class='ocrx_word' id='word_1_681' title='bbox 2143 3420 2257 3473; x_wconf 85' lang='grc' dir='ltr'>ἀλλ’</span> <span class='ocrx_word' id='word_1_682' title='bbox 2294 3422 2343 3473; x_wconf 79' lang='grc' dir='ltr'><strong>οἱ</strong></span> <span class='ocrx_word' id='word_1_683' title='bbox 2374 3421 2473 3491; x_wconf 77' lang='grc' dir='ltr'><strong>μὲν</strong></span> <span class='ocrx_word' id='word_1_684' title='bbox 2521 3421 2698 3492; x_wconf 79' lang='grc' dir='ltr'>θρασὺ</span> <span class='ocrx_word' id='word_1_685' title='bbox 2727 3422 2789 3476; x_wconf 79' lang='grc' dir='ltr'><strong>τδ</strong></span> <span class='ocrx_word' id='word_1_686' title='bbox 2829 3423 2984 3487; x_wconf 77' lang='grc' dir='ltr'>ἔθνος</span> <span class='ocrx_word' id='word_1_687' title='bbox 3017 3425 3079 3477; x_wconf 81' lang='grc' dir='ltr'><strong>τὸ</strong></span> <span class='ocrx_word' id='word_1_688' title='bbox 3106 3425 3191 3478; x_wconf 77' lang='grc' dir='ltr'>ἐπ’</span> <span class='ocrx_word' id='word_1_689' title='bbox 3225 3424 3398 3494; x_wconf 76' lang='grc' dir='ltr'>αὐτῆς</span> <span class='ocrx_word' id='word_1_690' title='bbox 3442 3424 3729 3494; x_wconf 79' lang='grc' dir='ltr'>ὠνόμαζον</span> 
     </span>
    </p>
   </div>
   <div class='ocr_carea' id='block_1_94' title="bbox 2142 3511 3729 3587">
    <p class='ocr_par' dir='ltr' id='par_1_94' title="bbox 2142 3511 3729 3587">
     <span class='ocr_line' id='line_1_94' title="bbox 2142 3511 3729 3587; baseline 0.003 -23"><span class='ocrx_word' id='word_1_691' title='bbox 2142 3511 2398 3575; x_wconf 73' lang='grc' dir='ltr'>εὖσθενὲς</span> <span class='ocrx_word' id='word_1_692' title='bbox 2441 3529 2503 3566; x_wconf 87' lang='grc' dir='ltr'><strong>τε</strong></span> <span class='ocrx_word' id='word_1_693' title='bbox 2552 3514 2647 3567; x_wconf 79' lang='grc' dir='ltr'>καὶ</span> <span class='ocrx_word' id='word_1_694' title='bbox 2698 3514 3109 3587; x_wconf 80' lang='grc' dir='ltr'>μαχιμώτατον,</span> <span class='ocrx_word' id='word_1_695' title='bbox 3153 3517 3246 3569; x_wconf 78' lang='grc' dir='ltr'>καὶ</span> <span class='ocrx_word' id='word_1_696' title='bbox 3287 3516 3408 3579; x_wconf 75' lang='grc' dir='ltr'>’ταῖς</span> <span class='ocrx_word' id='word_1_697' title='bbox 3444 3515 3555 3570; x_wconf 87' lang='grc' dir='ltr'><strong>τῶν</strong></span> <span class='ocrx_word' id='word_1_698' title='bbox 3590 3516 3729 3569; x_wconf 78' lang='grc' dir='ltr'>πάν-</span> 
     </span>
    </p>
   </div>
   <div class='ocr_carea' id='block_1_95' title="bbox 2141 3603 3727 3678">
    <p class='ocr_par' dir='ltr' id='par_1_95' title="bbox 2141 3603 3727 3678">
     <span class='ocr_line' id='line_1_95' title="bbox 2141 3603 3727 3678; baseline 0.001 -20"><span class='ocrx_word' id='word_1_699' title='bbox 2141 3615 2250 3658; x_wconf 81' lang='grc' dir='ltr'><strong>των</strong></span> <span class='ocrx_word' id='word_1_700' title='bbox 2322 3603 2652 3676; x_wconf 80' lang='grc' dir='ltr'>ὑπεροψίαις</span> <span class='ocrx_word' id='word_1_701' title='bbox 2713 3604 2873 3674; x_wconf 79' lang='grc' dir='ltr'>ὀλίγα</span> <span class='ocrx_word' id='word_1_702' title='bbox 2922 3606 3309 3678; x_wconf 79' lang='grc' dir='ltr'>παραχωροῦν.</span> <span class='ocrx_word' id='word_1_703' title='bbox 3365 3608 3530 3669; x_wconf 72' lang='grc' dir='ltr'>Υίοὺς</span> <span class='ocrx_word' id='word_1_704' title='bbox 3596 3609 3727 3678; x_wconf 78' lang='grc' dir='ltr'>γάρ,</span> 
     </span>
    </p>
   </div>
   <div class='ocr_carea' id='block_1_96' title="bbox 2142 3689 3730 3766">
    <p class='ocr_par' dir='ltr' id='par_1_96' title="bbox 2142 3689 3730 3766">
     <span class='ocr_line' id='line_1_96' title="bbox 2142 3689 3730 3766; baseline 0.004 -23"><span class='ocrx_word' id='word_1_705' title='bbox 2142 3689 2300 3758; x_wconf 73' lang='grc' dir='ltr'>φασὶ,</span> <span class='ocrx_word' id='word_1_706' title='bbox 2325 3692 2601 3760; x_wconf 80' lang='grc' dir='ltr'>γιγάντων</span> <span class='ocrx_word' id='word_1_707' title='bbox 2632 3694 2959 3766; x_wconf 82' lang='grc' dir='ltr'>ἑωράκαμεν</span> <span class='ocrx_word' id='word_1_708' title='bbox 2985 3697 3130 3749; x_wconf 76' lang='grc' dir='ltr'>ἐκεῖ·</span> <span class='ocrx_word' id='word_1_709' title='bbox 3155 3694 3358 3766; x_wconf 78' lang='grc' dir='ltr'>ὑψηλὸν</span> <span class='ocrx_word' id='word_1_710' title='bbox 3386 3697 3441 3750; x_wconf 75' lang='grc' dir='ltr'>δὲ</span> <span class='ocrx_word' id='word_1_711' title='bbox 3472 3696 3615 3749; x_wconf 73' lang='grc' dir='ltr'>οὕτω</span> <span class='ocrx_word' id='word_1_712' title='bbox 3636 3699 3730 3750; x_wconf 69' lang='grc' dir='ltr'><strong>καὶ</strong></span> 
     </span>
    </p>
   </div>
   <div class='ocr_carea' id='block_1_97' title="bbox 2141 3780 3729 3857">
    <p class='ocr_par' dir='ltr' id='par_1_97' title="bbox 2141 3780 3729 3857">
     <span class='ocr_line' id='line_1_97' title="bbox 2141 3780 3729 3857; baseline 0.005 -24"><span class='ocrx_word' id='word_1_713' title='bbox 2141 3780 2461 3851; x_wconf 79' lang='grc' dir='ltr'>εὐμέγεθες,</span> <span class='ocrx_word' id='word_1_714' title='bbox 2494 3783 2569 3847; x_wconf 81' lang='grc' dir='ltr'>ὡς</span> <span class='ocrx_word' id='word_1_715' title='bbox 2606 3784 2868 3855; x_wconf 83' lang='grc' dir='ltr'>ἀκρίδων,</span> <span class='ocrx_word' id='word_1_716' title='bbox 2908 3783 3064 3857; x_wconf 74' lang='grc' dir='ltr'>οἶμαί</span> <span class='ocrx_word' id='word_1_717' title='bbox 3097 3802 3223 3853; x_wconf 71' lang='grc' dir='ltr'>που,</span> <span class='ocrx_word' id='word_1_718' title='bbox 3272 3788 3570 3856; x_wconf 82' lang='grc' dir='ltr'>διενεγκεῖν</span> <span class='ocrx_word' id='word_1_719' title='bbox 3603 3788 3729 3856; x_wconf 70' lang='grc' dir='ltr'>τοὺς</span> 
     </span>
    </p>
   </div>
   <div class='ocr_carea' id='block_1_98' title="bbox 2141 3869 3728 3949">
    <p class='ocr_par' dir='ltr' id='par_1_98' title="bbox 2141 3869 3728 3949">
     <span class='ocr_line' id='line_1_98' title="bbox 2141 3869 3728 3949; baseline 0.004 -26"><span class='ocrx_word' id='word_1_720' title='bbox 2141 3869 2201 3936; x_wconf 79' lang='grc' dir='ltr'><strong>ἐξ</strong></span> <span class='ocrx_word' id='word_1_721' title='bbox 2216 3870 2450 3941; x_wconf 74' lang='grc' dir='ltr'>αἵματος</span> <span class='ocrx_word' id='word_1_722' title='bbox 2478 3872 2720 3944; x_wconf 73' lang='grc' dir='ltr'>Ἰσραὴλ,</span> <span class='ocrx_word' id='word_1_723' title='bbox 2736 3875 2785 3926; x_wconf 89' lang='grc' dir='ltr'><strong>εί</strong></span> <span class='ocrx_word' id='word_1_724' title='bbox 2808 3877 2929 3938; x_wconf 71' lang='grc' dir='ltr'>ταῖς</span> <span class='ocrx_word' id='word_1_725' title='bbox 2949 3877 3175 3930; x_wconf 87' lang='grc' dir='ltr'>ἐκείνων</span> <span class='ocrx_word' id='word_1_726' title='bbox 3191 3878 3487 3949; x_wconf 83' lang='grc' dir='ltr'>ὑπεροχαῖς</span> <span class='ocrx_word' id='word_1_727' title='bbox 3510 3880 3728 3947; x_wconf 82' lang='grc' dir='ltr'>συγκρῖ-</span> 
     </span>
    </p>
   </div>
   <div class='ocr_carea' id='block_1_99' title="bbox 2140 3964 3728 4041">
    <p class='ocr_par' dir='ltr' id='par_1_99' title="bbox 2140 3964 3728 4041">
     <span class='ocr_line' id='line_1_99' title="bbox 2140 3964 3728 4041; baseline 0.006 -25"><span class='ocrx_word' id='word_1_728' title='bbox 2140 3974 2335 4017; x_wconf 86' lang='grc' dir='ltr'>νοιντο.</span> <span class='ocrx_word' id='word_1_729' title='bbox 2364 3964 2547 4019; x_wconf 75' lang='grc' dir='ltr'><strong>Χάλεῦ</strong></span> <span class='ocrx_word' id='word_1_730' title='bbox 2579 3966 2639 4021; x_wconf 70' lang='grc' dir='ltr'>δὲ</span> <span class='ocrx_word' id='word_1_731' title='bbox 2675 3967 2771 4020; x_wconf 78' lang='grc' dir='ltr'><strong>καὶ</strong></span> <span class='ocrx_word' id='word_1_732' title='bbox 2813 3968 3027 4038; x_wconf 80' lang='grc' dir='ltr'>Ἰησοῦς</span> <span class='ocrx_word' id='word_1_733' title='bbox 3064 3968 3302 4039; x_wconf 79' lang='grc' dir='ltr'>ἔφασκον</span> <span class='ocrx_word' id='word_1_734' title='bbox 3342 3970 3610 4041; x_wconf 84' lang='grc' dir='ltr'>ἐναργῶς,</span> <span class='ocrx_word' id='word_1_735' title='bbox 3652 3972 3728 4034; x_wconf 81' lang='grc' dir='ltr'>ὡς</span> 
     </span>
    </p>
   </div>
   <div class='ocr_carea' id='block_1_100' title="bbox 2139 4055 3726 4129">
    <p class='ocr_par' dir='ltr' id='par_1_100' title="bbox 2139 4055 3726 4129">
     <span class='ocr_line' id='line_1_100' title="bbox 2139 4055 3726 4129; baseline 0 -21"><span class='ocrx_word' id='word_1_736' title='bbox 2139 4055 2318 4124; x_wconf 83' lang='grc' dir='ltr'>ἀγαθή</span> <span class='ocrx_word' id='word_1_737' title='bbox 2332 4069 2392 4109; x_wconf 86' lang='grc' dir='ltr'><strong>τε</strong></span> <span class='ocrx_word' id='word_1_738' title='bbox 2411 4056 2505 4109; x_wconf 73' lang='grc' dir='ltr'>καὶ</span> <span class='ocrx_word' id='word_1_739' title='bbox 2524 4055 2708 4128; x_wconf 80' lang='grc' dir='ltr'>πίωνή</span> <span class='ocrx_word' id='word_1_740' title='bbox 2734 4056 2828 4126; x_wconf 78' lang='grc' dir='ltr'><strong>γῆ.</strong></span> <span class='ocrx_word' id='word_1_741' title='bbox 2854 4057 2963 4110; x_wconf 72' lang='grc' dir='ltr'><strong>Καὶ</strong></span> <span class='ocrx_word' id='word_1_742' title='bbox 2984 4059 3031 4110; x_wconf 74' lang='grc' dir='ltr'><strong>εί</strong></span> <span class='ocrx_word' id='word_1_743' title='bbox 3048 4058 3313 4129; x_wconf 79' lang='grc' dir='ltr'>αίρετίζει</span> <span class='ocrx_word' id='word_1_744' title='bbox 3328 4060 3476 4128; x_wconf 77' lang='grc' dir='ltr'>ἡμᾶς</span> <span class='ocrx_word' id='word_1_745' title='bbox 3496 4057 3726 4128; x_wconf 78' lang='grc' dir='ltr'>Κύριος,</span> 
     </span>
    </p>
   </div>
   <div class='ocr_carea' id='block_1_101' title="bbox 2141 4144 3731 4219">
    <p class='ocr_par' dir='ltr' id='par_1_101' title="bbox 2141 4144 3731 4219">
     <span class='ocr_line' id='line_1_101' title="bbox 2141 4144 3731 4219; baseline 0.003 -22"><span class='ocrx_word' id='word_1_746' title='bbox 2141 4144 2346 4210; x_wconf 76' lang='grc' dir='ltr'>εἰσάξει</span> <span class='ocrx_word' id='word_1_747' title='bbox 2362 4147 2510 4217; x_wconf 71' lang='grc' dir='ltr'>ἡμᾶς</span> <span class='ocrx_word' id='word_1_748' title='bbox 2540 4148 2621 4210; x_wconf 78' lang='grc' dir='ltr'><strong>είς</strong></span> <span class='ocrx_word' id='word_1_749' title='bbox 2644 4147 3203 4219; x_wconf 64' lang='grc' dir='ltr'>αὐτήνᾘεμέσσνται</span> <span class='ocrx_word' id='word_1_750' title='bbox 3228 4148 3285 4201; x_wconf 84' lang='grc' dir='ltr'>δὲ</span> <span class='ocrx_word' id='word_1_751' title='bbox 3315 4149 3396 4201; x_wconf 81' lang='grc' dir='ltr'>ὅτι</span> <span class='ocrx_word' id='word_1_752' title='bbox 3421 4147 3731 4219; x_wconf 61' lang='grc' dir='ltr'>τῶνικαθη-</span> 
     </span>
    </p>
   </div>
   <div class='ocr_carea' id='block_1_102' title="bbox 2139 4237 3724 4309">
    <p class='ocr_par' dir='ltr' id='par_1_102' title="bbox 2139 4237 3724 4309">
     <span class='ocr_line' id='line_1_102' title="bbox 2139 4237 3724 4309; baseline 0.003 -20"><span class='ocrx_word' id='word_1_753' title='bbox 2139 4237 2344 4291; x_wconf 86' lang='grc' dir='ltr'>κόντων</span> <span class='ocrx_word' id='word_1_754' title='bbox 2360 4277 2376 4302; x_wconf 90' lang='grc'><strong>,</strong></span> <span class='ocrx_word' id='word_1_755' title='bbox 2420 4238 2558 4292; x_wconf 84' lang='grc' dir='ltr'>Θεοῦ</span> <span class='ocrx_word' id='word_1_756' title='bbox 2600 4238 3056 4309; x_wconf 73' lang='grc' dir='ltr'>προασπίζοντος,</span> <span class='ocrx_word' id='word_1_757' title='bbox 3095 4238 3500 4294; x_wconf 74' lang='grc' dir='ltr'>διεϐεϐαιοῦντο</span> <span class='ocrx_word' id='word_1_758' title='bbox 3535 4239 3724 4294; x_wconf 78' lang='grc' dir='ltr'>πάλιν.</span> 
     </span>
    </p>
   </div>
   <div class='ocr_carea' id='block_1_103' title="bbox 2151 4327 3724 4400">
    <p class='ocr_par' dir='ltr' id='par_1_103' title="bbox 2151 4327 3724 4400">
     <span class='ocr_line' id='line_1_103' title="bbox 2151 4327 3724 4400; baseline 0.002 -21"><span class='ocrx_word' id='word_1_759' title='bbox 2151 4327 2365 4399; x_wconf 78' lang='grc' dir='ltr'>Ἐπειδὴ</span> <span class='ocrx_word' id='word_1_760' title='bbox 2382 4328 2440 4382; x_wconf 77' lang='grc' dir='ltr'>δὲ</span> <span class='ocrx_word' id='word_1_761' title='bbox 2451 4327 2561 4383; x_wconf 89' lang='grc' dir='ltr'><strong>τῶν</strong></span> <span class='ocrx_word' id='word_1_762' title='bbox 2574 4328 2832 4382; x_wconf 83' lang='grc' dir='ltr'>τοιούτων</span> <span class='ocrx_word' id='word_1_763' title='bbox 2848 4328 3128 4400; x_wconf 74' lang='grc' dir='ltr'>ἠκροῶντο</span> <span class='ocrx_word' id='word_1_764' title='bbox 3143 4328 3318 4398; x_wconf 82' lang='grc' dir='ltr'>λόγων</span> <span class='ocrx_word' id='word_1_765' title='bbox 3332 4330 3383 4382; x_wconf 76' lang='lat' dir='ltr'><strong>ot</strong></span> <span class='ocrx_word' id='word_1_766' title='bbox 3403 4329 3463 4396; x_wconf 77' lang='grc' dir='ltr'>ἐξ</span> <span class='ocrx_word' id='word_1_767' title='bbox 3489 4329 3724 4400; x_wconf 76' lang='grc' dir='ltr'>Ἰσραὴλ,</span> 
     </span>
    </p>
   </div>
   <div class='ocr_carea' id='block_1_104' title="bbox 2136 4418 3727 4491">
    <p class='ocr_par' dir='ltr' id='par_1_104' title="bbox 2136 4418 3727 4491">
     <span class='ocr_line' id='line_1_104' title="bbox 2136 4418 3727 4491; baseline 0.003 -21"><span class='ocrx_word' id='word_1_768' title='bbox 2136 4420 2168 4487; x_wconf 76' lang='grc' dir='ltr'>ἡ</span> <span class='ocrx_word' id='word_1_769' title='bbox 2204 4418 2376 4490; x_wconf 79' lang='grc' dir='ltr'>πολλή</span> <span class='ocrx_word' id='word_1_770' title='bbox 2419 4436 2480 4473; x_wconf 86' lang='grc' dir='ltr'><strong>τε</strong></span> <span class='ocrx_word' id='word_1_771' title='bbox 2533 4421 2628 4473; x_wconf 76' lang='grc' dir='ltr'>καὶ</span> <span class='ocrx_word' id='word_1_772' title='bbox 2679 4420 2908 4488; x_wconf 83' lang='grc' dir='ltr'>ἀγελαία</span> <span class='ocrx_word' id='word_1_773' title='bbox 2939 4420 3181 4490; x_wconf 83' lang='grc' dir='ltr'>πληθὺς,</span> <span class='ocrx_word' id='word_1_774' title='bbox 3231 4420 3395 4485; x_wconf 76' lang='grc' dir='ltr'>εὐθὺς</span> <span class='ocrx_word' id='word_1_775' title='bbox 3429 4423 3511 4484; x_wconf 83' lang='grc' dir='ltr'><strong>είς</strong></span> <span class='ocrx_word' id='word_1_776' title='bbox 3552 4420 3727 4491; x_wconf 73' lang='grc' dir='ltr'>λήθην</span> 
     </span>
    </p>
   </div>
   <div class='ocr_carea' id='block_1_105' title="bbox 2063 4508 3729 4610">
    <p class='ocr_par' dir='ltr' id='par_1_105' title="bbox 2063 4508 3729 4610">
     <span class='ocr_line' id='line_1_105' title="bbox 2063 4508 3729 4610; baseline 0.008 -51"><span class='ocrx_word' id='word_1_777' title='bbox 2063 4550 2111 4610; x_wconf 75' lang='lat' dir='ltr'><strong>D</strong></span> <span class='ocrx_word' id='word_1_778' title='bbox 2139 4508 2500 4579; x_wconf 82' lang='grc' dir='ltr'>ὑπενεχθεϊσα</span> <span class='ocrx_word' id='word_1_779' title='bbox 2515 4509 2674 4575; x_wconf 81' lang='grc' dir='ltr'>Θεοῦ,</span> <span class='ocrx_word' id='word_1_780' title='bbox 2689 4511 2783 4565; x_wconf 78' lang='grc' dir='ltr'>καὶ</span> <span class='ocrx_word' id='word_1_781' title='bbox 2804 4512 2912 4565; x_wconf 85' lang='grc' dir='ltr'><strong>τῶν</strong></span> <span class='ocrx_word' id='word_1_782' title='bbox 2931 4514 2990 4565; x_wconf 82' lang='grc' dir='ltr'><strong>ἐν</strong></span> <span class='ocrx_word' id='word_1_783' title='bbox 3006 4511 3264 4580; x_wconf 77' lang='grc' dir='ltr'>Αἰγύπτῳ</span> <span class='ocrx_word' id='word_1_784' title='bbox 3287 4512 3729 4610; x_wconf 39' lang='lat' dir='ltr'><strong>mpsim-dmu-</strong></span> 
     </span>
    </p>
   </div>
   <div class='ocr_carea' id='block_1_106' title="bbox 2139 4601 3725 4674">
    <p class='ocr_par' dir='ltr' id='par_1_106' title="bbox 2139 4601 3725 4674">
     <span class='ocr_line' id='line_1_106' title="bbox 2139 4601 3725 4674; baseline 0.002 -22"><span class='ocrx_word' id='word_1_785' title='bbox 2139 4602 2421 4671; x_wconf 82' lang='grc' dir='ltr'>μονήσασα</span> <span class='ocrx_word' id='word_1_786' title='bbox 2441 4644 2454 4667; x_wconf 95' lang='grc'><strong>,</strong></span> <span class='ocrx_word' id='word_1_787' title='bbox 2491 4601 2628 4655; x_wconf 79' lang='grc' dir='ltr'>πολὺ</span> <span class='ocrx_word' id='word_1_788' title='bbox 2657 4601 2718 4654; x_wconf 76' lang='grc' dir='ltr'><strong>τὸ</strong></span> <span class='ocrx_word' id='word_1_789' title='bbox 2749 4603 2910 4673; x_wconf 86' lang='grc' dir='ltr'>δεῖμα</span> <span class='ocrx_word' id='word_1_790' title='bbox 2934 4606 3115 4666; x_wconf 80' lang='grc' dir='ltr'>νοσεῖ,</span> <span class='ocrx_word' id='word_1_791' title='bbox 3151 4605 3301 4656; x_wconf 78' lang='grc' dir='ltr'>ὀκνεῖ</span> <span class='ocrx_word' id='word_1_792' title='bbox 3331 4604 3467 4674; x_wconf 77' lang='grc' dir='ltr'>πρὸς</span> <span class='ocrx_word' id='word_1_793' title='bbox 3496 4602 3594 4674; x_wconf 80' lang='grc' dir='ltr'><strong>τὴν</strong></span> <span class='ocrx_word' id='word_1_794' title='bbox 3624 4604 3725 4674; x_wconf 65' lang='lat' dir='ltr'><strong>p.31-</strong></span> 
     </span>
    </p>
   </div>
   <div class='ocr_carea' id='block_1_107' title="bbox 2136 4689 3725 4764">
    <p class='ocr_par' dir='ltr' id='par_1_107' title="bbox 2136 4689 3725 4764">
     <span class='ocr_line' id='line_1_107' title="bbox 2136 4689 3725 4764; baseline 0.003 -23"><span class='ocrx_word' id='word_1_795' title='bbox 2136 4706 2273 4759; x_wconf 85' lang='grc' dir='ltr'>χην,</span> <span class='ocrx_word' id='word_1_796' title='bbox 2314 4689 2563 4760; x_wconf 79' lang='grc' dir='ltr'>ἀπέφηνε</span> <span class='ocrx_word' id='word_1_797' title='bbox 2611 4690 2710 4761; x_wconf 73' lang='grc' dir='ltr'><strong>τὴν</strong></span> <span class='ocrx_word' id='word_1_798' title='bbox 2758 4691 3100 4755; x_wconf 86' lang='grc' dir='ltr'>ἀντίστασιν,</span> <span class='ocrx_word' id='word_1_799' title='bbox 3150 4693 3251 4764; x_wconf 75' lang='grc' dir='ltr'>ἐρᾷ</span> <span class='ocrx_word' id='word_1_800' title='bbox 3294 4693 3351 4746; x_wconf 84' lang='grc' dir='ltr'>δὲ</span> <span class='ocrx_word' id='word_1_801' title='bbox 3389 4694 3574 4746; x_wconf 77' lang='grc' dir='ltr'>οὐκέτι</span> <span class='ocrx_word' id='word_1_802' title='bbox 3618 4692 3725 4745; x_wconf 68' lang='grc' dir='ltr'><strong>τῶν</strong></span> 
     </span>
    </p>
   </div>
   <div class='ocr_carea' id='block_1_108' title="bbox 2135 4782 3727 4854">
    <p class='ocr_par' dir='ltr' id='par_1_108' title="bbox 2135 4782 3727 4854">
     <span class='ocr_line' id='line_1_108' title="bbox 2135 4782 3727 4854; baseline 0.003 -21"><span class='ocrx_word' id='word_1_803' title='bbox 2135 4782 2563 4851; x_wconf 79' lang='grc' dir='ltr'>ἐπηγγελμένων</span> <span class='ocrx_word' id='word_1_804' title='bbox 2584 4798 2595 4810; x_wconf 82' lang='grc'><em>’</em></span> <span class='ocrx_word' id='word_1_805' title='bbox 2627 4783 2689 4835; x_wconf 85' lang='grc' dir='ltr'><strong>ού</strong></span> <span class='ocrx_word' id='word_1_806' title='bbox 2712 4784 2811 4853; x_wconf 85' lang='grc' dir='ltr'>τὴν</span> <span class='ocrx_word' id='word_1_807' title='bbox 2831 4783 2925 4837; x_wconf 91' lang='grc' dir='ltr'><strong>τοῦ</strong></span> <span class='ocrx_word' id='word_1_808' title='bbox 2954 4783 3276 4852; x_wconf 72' lang='grc' dir='ltr'>βοηθοῦντος</span> <span class='ocrx_word' id='word_1_809' title='bbox 3292 4784 3548 4838; x_wconf 76' lang='grc' dir='ltr'>διενοεῖτο</span> <span class='ocrx_word' id='word_1_810' title='bbox 3568 4787 3727 4854; x_wconf 80' lang='grc' dir='ltr'>χεῖρα</span> 
     </span>
    </p>
   </div>
   <div class='ocr_carea' id='block_1_109' title="bbox 2134 4872 3724 4946">
    <p class='ocr_par' dir='ltr' id='par_1_109' title="bbox 2134 4872 3724 4946">
     <span class='ocr_line' id='line_1_109' title="bbox 2134 4872 3724 4946; baseline 0.002 -22"><span class='ocrx_word' id='word_1_811' title='bbox 2134 4872 2235 4942; x_wconf 83' lang='grc' dir='ltr'><strong>τὴν</strong></span> <span class='ocrx_word' id='word_1_812' title='bbox 2271 4873 2525 4943; x_wconf 86' lang='grc' dir='ltr'>παναλκῆ</span> <span class='ocrx_word' id='word_1_813' title='bbox 2570 4890 2630 4926; x_wconf 84' lang='grc' dir='ltr'><strong>τε</strong></span> <span class='ocrx_word' id='word_1_814' title='bbox 2666 4874 2763 4928; x_wconf 70' lang='grc' dir='ltr'>καὶ</span> <span class='ocrx_word' id='word_1_815' title='bbox 2794 4875 3005 4944; x_wconf 82' lang='grc' dir='ltr'>ἄμαχον</span> <span class='ocrx_word' id='word_1_816' title='bbox 3025 4916 3039 4939; x_wconf 95' lang='grc'><strong>,</strong></span> <span class='ocrx_word' id='word_1_817' title='bbox 3070 4874 3419 4944; x_wconf 68' lang='grc' dir='ltr'>κατοιμώζει</span> <span class='ocrx_word' id='word_1_818' title='bbox 3440 4876 3497 4928; x_wconf 80' lang='grc' dir='ltr'>δὲ</span> <span class='ocrx_word' id='word_1_819' title='bbox 3544 4891 3724 4946; x_wconf 80' lang='grc' dir='ltr'>μειραι</span> 
     </span>
    </p>
   </div>
   <div class='ocr_carea' id='block_1_110' title="bbox 2136 4961 3726 5033">
    <p class='ocr_par' dir='ltr' id='par_1_110' title="bbox 2136 4961 3726 5033">
     <span class='ocr_line' id='line_1_110' title="bbox 2136 4961 3726 5033; baseline 0.001 -19"><span class='ocrx_word' id='word_1_820' title='bbox 2136 4961 2344 5024; x_wconf 86' lang='grc' dir='ltr'>κιωδῶς</span> <span class='ocrx_word' id='word_1_821' title='bbox 2363 5002 2378 5024; x_wconf 85' lang='grc'><strong>,</strong></span> <span class='ocrx_word' id='word_1_822' title='bbox 2422 4962 2516 5016; x_wconf 79' lang='grc' dir='ltr'>καὶ</span> <span class='ocrx_word' id='word_1_823' title='bbox 2548 4962 2747 5016; x_wconf 84' lang='grc' dir='ltr'>αὐτίκα</span> <span class='ocrx_word' id='word_1_824' title='bbox 2778 4962 2835 5014; x_wconf 87' lang='grc' dir='ltr'>δὲ</span> <span class='ocrx_word' id='word_1_825' title='bbox 2871 4962 3050 5033; x_wconf 84' lang='grc' dir='ltr'>μάλα.</span> <span class='ocrx_word' id='word_1_826' title='bbox 3081 4964 3325 5030; x_wconf 82' lang='grc' dir='ltr'>γυναίοις</span> <span class='ocrx_word' id='word_1_827' title='bbox 3359 4976 3420 5016; x_wconf 74' lang='grc' dir='ltr'><strong>τε</strong></span> <span class='ocrx_word' id='word_1_828' title='bbox 3452 4961 3588 5033; x_wconf 75' lang='grc' dir='ltr'>ὁμοῦ</span> <span class='ocrx_word' id='word_1_829' title='bbox 3630 4963 3726 5016; x_wconf 69' lang='grc' dir='ltr'>καὶ</span> 
     </span>
    </p>
   </div>
   <div class='ocr_carea' id='block_1_111' title="bbox 2133 5052 3725 5125">
    <p class='ocr_par' dir='ltr' id='par_1_111' title="bbox 2133 5052 3725 5125">
     <span class='ocr_line' id='line_1_111' title="bbox 2133 5052 3725 5125; baseline 0 -20"><span class='ocrx_word' id='word_1_830' title='bbox 2133 5052 2410 5122; x_wconf 83' lang='grc' dir='ltr'>φιλτάτοις</span> <span class='ocrx_word' id='word_1_831' title='bbox 2440 5052 2544 5107; x_wconf 82' lang='grc' dir='ltr'><strong>τῶν</strong></span> <span class='ocrx_word' id='word_1_832' title='bbox 2564 5053 2841 5123; x_wconf 79' lang='grc' dir='ltr'>πολεμίων</span> <span class='ocrx_word' id='word_1_833' title='bbox 2861 5054 3041 5123; x_wconf 70' lang='grc' dir='ltr'>ξίφεσι</span> <span class='ocrx_word' id='word_1_834' title='bbox 3059 5053 3542 5125; x_wconf 74' lang='grc' dir='ltr'>δαπανηθήσεσθαι</span> <span class='ocrx_word' id='word_1_835' title='bbox 3563 5069 3725 5122; x_wconf 75' lang='grc' dir='ltr'>προσο</span> 
     </span>
    </p>
   </div>
   <div class='ocr_carea' id='block_1_112' title="bbox 2128 5144 3723 5217">
    <p class='ocr_par' dir='ltr' id='par_1_112' title="bbox 2128 5144 3723 5217">
     <span class='ocr_line' id='line_1_112' title="bbox 2128 5144 3723 5217; baseline 0.001 -21"><span class='ocrx_word' id='word_1_836' title='bbox 2128 5145 2281 5214; x_wconf 82' lang='grc' dir='ltr'>δοκᾷ.</span> <span class='ocrx_word' id='word_1_837' title='bbox 2312 5145 2419 5197; x_wconf 77' lang='grc' dir='ltr'>Καὶ</span> <span class='ocrx_word' id='word_1_838' title='bbox 2451 5144 2515 5215; x_wconf 83' lang='grc' dir='ltr'>δὴ</span> <span class='ocrx_word' id='word_1_839' title='bbox 2551 5145 2648 5199; x_wconf 78' lang='grc' dir='ltr'><strong>καὶ</strong></span> <span class='ocrx_word' id='word_1_840' title='bbox 2684 5146 2850 5213; x_wconf 80' lang='grc' dir='ltr'>φάναι</span> <span class='ocrx_word' id='word_1_841' title='bbox 2885 5146 3317 5217; x_wconf 83' lang='grc' dir='ltr'>τετολμήκασιν,</span> <span class='ocrx_word' id='word_1_842' title='bbox 3354 5147 3430 5211; x_wconf 74' lang='grc' dir='ltr'>ὡς</span> <span class='ocrx_word' id='word_1_843' title='bbox 3466 5144 3537 5217; x_wconf 79' lang='grc' dir='ltr'><strong>ἢν</strong></span> <span class='ocrx_word' id='word_1_844' title='bbox 3564 5145 3723 5217; x_wconf 74' lang='grc' dir='ltr'>ἀμεί-</span> 
     </span>
    </p>
   </div>
   <div class='ocr_carea' id='block_1_113' title="bbox 2132 5236 3724 5309">
    <p class='ocr_par' dir='ltr' id='par_1_113' title="bbox 2132 5236 3724 5309">
     <span class='ocr_line' id='line_1_113' title="bbox 2132 5236 3724 5309; baseline 0.003 -24"><span class='ocrx_word' id='word_1_845' title='bbox 2132 5253 2238 5289; x_wconf 90' lang='grc' dir='ltr'><strong>νων</strong></span> <span class='ocrx_word' id='word_1_846' title='bbox 2262 5236 2450 5305; x_wconf 78' lang='grc' dir='ltr'>ϐητεία</span> <span class='ocrx_word' id='word_1_847' title='bbox 2471 5237 2656 5301; x_wconf 75' lang='grc' dir='ltr'>αὐτοῖς</span> <span class='ocrx_word' id='word_1_848' title='bbox 2684 5240 2717 5307; x_wconf 76' lang='grc' dir='ltr'><strong>ἡ</strong></span> <span class='ocrx_word' id='word_1_849' title='bbox 2748 5238 2805 5290; x_wconf 86' lang='grc' dir='ltr'>ὲν</span> <span class='ocrx_word' id='word_1_850' title='bbox 2834 5237 3119 5309; x_wconf 78' lang='grc' dir='ltr'>Αἰγύπτῳ,</span> <span class='ocrx_word' id='word_1_851' title='bbox 3149 5240 3243 5292; x_wconf 85' lang='grc' dir='ltr'>καὶ</span> <span class='ocrx_word' id='word_1_852' title='bbox 3265 5238 3326 5292; x_wconf 76' lang='grc' dir='ltr'><strong>τὸ</strong></span> <span class='ocrx_word' id='word_1_853' title='bbox 3351 5239 3454 5308; x_wconf 79' lang='grc' dir='ltr'>τῆς</span> <span class='ocrx_word' id='word_1_854' title='bbox 3480 5238 3724 5300; x_wconf 68' lang='grc' dir='ltr'>δουλείας</span> 
     </span>
    </p>
   </div>
   <div class='ocr_carea' id='block_1_114' title="bbox 2135 5328 3723 5399">
    <p class='ocr_par' dir='ltr' id='par_1_114' title="bbox 2135 5328 3723 5399">
     <span class='ocr_line' id='line_1_114' title="bbox 2135 5328 3723 5399; baseline -0.001 -17"><span class='ocrx_word' id='word_1_855' title='bbox 2135 5328 2300 5396; x_wconf 74' lang='grc' dir='ltr'>ἄχθος</span> <span class='ocrx_word' id='word_1_856' title='bbox 2349 5329 2800 5399; x_wconf 71' lang='grc' dir='ltr'>εύφορητότερον.</span> <span class='ocrx_word' id='word_1_857' title='bbox 2864 5329 3258 5392; x_wconf 80' lang='grc' dir='ltr'>’Υπονοστῆσαί</span> <span class='ocrx_word' id='word_1_858' title='bbox 3305 5346 3366 5382; x_wconf 89' lang='grc' dir='ltr'><strong>τε</strong></span> <span class='ocrx_word' id='word_1_859' title='bbox 3413 5331 3494 5384; x_wconf 84' lang='grc' dir='ltr'><strong>ὅτι</strong></span> <span class='ocrx_word' id='word_1_860' title='bbox 3541 5329 3723 5397; x_wconf 75' lang='grc' dir='ltr'>δεήσει</span> 
     </span>
    </p>
   </div>
   <div class='ocr_carea' id='block_1_115' title="bbox 2137 5418 3720 5494">
    <p class='ocr_par' dir='ltr' id='par_1_115' title="bbox 2137 5418 3720 5494">
     <span class='ocr_line' id='line_1_115' title="bbox 2137 5418 3720 5494; baseline -0.001 -20"><span class='ocrx_word' id='word_1_861' title='bbox 2137 5420 2273 5490; x_wconf 79' lang='grc' dir='ltr'>πρὸς</span> <span class='ocrx_word' id='word_1_862' title='bbox 2316 5420 2646 5488; x_wconf 79' lang='grc' dir='ltr'>Αἰγυπτίους</span> <span class='ocrx_word' id='word_1_863' title='bbox 2677 5418 3422 5494; x_wconf 78' lang='grc' dir='ltr'>δακρυρῤοοῦντεςέφασκον·</span> <span class='ocrx_word' id='word_1_864' title='bbox 3470 5420 3720 5492; x_wconf 76' lang='grc' dir='ltr'>παραθήο</span> 
     </span>
    </p>
   </div>
   <div class='ocr_carea' id='block_1_116' title="bbox 2137 5509 3721 5583">
    <p class='ocr_par' dir='ltr' id='par_1_116' title="bbox 2137 5509 3721 5583">
     <span class='ocr_line' id='line_1_116' title="bbox 2137 5509 3721 5583; baseline -0.001 -19"><span class='ocrx_word' id='word_1_865' title='bbox 2137 5528 2332 5580; x_wconf 88' lang='grc' dir='ltr'>γοντας</span> <span class='ocrx_word' id='word_1_866' title='bbox 2381 5511 2516 5583; x_wconf 70' lang='grc' dir='ltr'>πρὸς</span> <span class='ocrx_word' id='word_1_867' title='bbox 2567 5512 2820 5583; x_wconf 73' lang='grc' dir='ltr'>ἀνδρείαν</span> <span class='ocrx_word' id='word_1_868' title='bbox 2863 5514 2989 5575; x_wconf 78' lang='grc' dir='ltr'>τοὺς</span> <span class='ocrx_word' id='word_1_869' title='bbox 3036 5513 3178 5580; x_wconf 72' lang='grc' dir='ltr'>ἀμφὶ</span> <span class='ocrx_word' id='word_1_870' title='bbox 3230 5511 3319 5564; x_wconf 80' lang='grc' dir='ltr'>τὸν</span> <span class='ocrx_word' id='word_1_871' title='bbox 3374 5510 3583 5574; x_wconf 83' lang='grc' dir='ltr'>Ἰησοῦν</span> <span class='ocrx_word' id='word_1_872' title='bbox 3628 5509 3721 5563; x_wconf 66' lang='grc' dir='ltr'>καὶ</span> 
     </span>
    </p>
   </div>
   <div class='ocr_carea' id='block_1_117' title="bbox 2139 5599 3717 5672">
    <p class='ocr_par' dir='ltr' id='par_1_117' title="bbox 2139 5599 3717 5672">
     <span class='ocr_line' id='line_1_117' title="bbox 2139 5599 3717 5672; baseline -0.001 -17"><span class='ocrx_word' id='word_1_873' title='bbox 2139 5599 2354 5667; x_wconf 76' lang='grc' dir='ltr'>Χάλεε,</span> <span class='ocrx_word' id='word_1_874' title='bbox 2403 5601 2494 5654; x_wconf 61' lang='grc' dir='ltr'>καὶ</span> <span class='ocrx_word' id='word_1_875' title='bbox 2535 5600 2662 5672; x_wconf 81' lang='grc' dir='ltr'>χοῦν</span> <span class='ocrx_word' id='word_1_876' title='bbox 2706 5602 3220 5671; x_wconf 78' lang='grc' dir='ltr'>καταπαττομένους</span> <span class='ocrx_word' id='word_1_877' title='bbox 3261 5599 3590 5654; x_wconf 81' lang='grc' dir='ltr'>καταλιθοῦν</span> <span class='ocrx_word' id='word_1_878' title='bbox 3616 5601 3717 5654; x_wconf 71' lang='grc' dir='ltr'>έπ-</span> 
     </span>
    </p>
   </div>
  </div>
