4094 6282
344 379 446 439 613
1379 376 1900 437 ϐιΑΡιιγιιοιιυΜ
1939 381 2006 438 IN
2045 379 2376 438 NUMEROS
2407 381 2633 440 LIBER.
3505 395 3613 452 614

343 495 665 566 τησαν’·διὰ
705 494 865 556 τοῦτο
905 494 1004 549 οὐκ
1039 495 1224 570 ἐνόησε
1267 496 1476 570 πᾶσαὴ
1513 498 1673 570 νομὴ.
1705 498 1797 552 καὶ
1845 499 1892 554 δι

2026 499 2204 554 titudo
2236 499 2440 554 excidit
2464 517 2492 555 a
2525 501 2912 571 promissione,
2943 503 3256 575 Christique
3283 507 3456 578 gratia
3495 511 3611 578 pri-

341 585 801 657 εσκορπίσθησαν.
829 605 846 639 ι
867 586 1153 657 Τοιγάρτοι
1171 586 1316 658 καὶὴ
1342 587 1508 660 πολλὴ
1529 589 1634 642 τῶν
1659 589 1892 644 Ἰουδαίω

2025 600 2149 645 vata
2181 599 2284 646 est.
2313 591 2705 648 Verumtamen
2736 595 2983 666 reliquiae
3014 596 3173 652 salvae
3203 597 3358 654 facta
3389 609 3518 654 sunt
3543 603 3609 664 ",

342 676 552 746 πληθὺς
594 673 869 735 ἀπώλισθε
901 677 998 746 μὲν
1030 675 1131 746 τῆς
1175 677 1530 746 ἐπαγγελίας,
1565 678 1831 749 ἀμέτοχος
1865 681 1892 733 δ

2027 679 2190 749 idque
2217 679 2362 734 haud
2403 681 2610 751 absque
2639 681 2879 738 Christo.
2923 684 3095 756 Hujus
3125 696 3306 741 autem
3343 688 3422 742 rei
3453 697 3613 760 typus

343 769 442 838 τῆς
470 768 558 825 διὰ
588 767 824 840 Χριστοῦ
854 768 1071 838 χάριτος
1096 769 1307 836 γέγονε.
1353 769 1498 840 Πλὴν
1545 771 1815 833 σέσωσται
1861 771 1922 824 τὸ

2022 771 2318 832 admodum
2365 775 2688 830 manifestus
2723 790 2844 831 esse
2877 785 3056 847 potest
3086 777 3294 833 Chaleb
3346 779 3492 836 ﬁlius
3524 782 3612 836 .le-

343 855 691 931 κατάλειμμα
727 859 812 912 διὰ
841 859 1096 930 Χριστοῦ.
1132 859 1313 921 Tum;
1350 858 1394 911 δ’
1427 859 1492 913 ἂν
1525 859 1609 928 εἴη
1644 860 1736 912 καὶ
1767 859 1891 913 τοῦδ

2020 863 2222 934 phone,
2255 864 2416 936 392
2453 873 2510 921 et
2535 867 2701 923 Josua
2733 887 2744 922 :
2772 869 2865 939 qui
2892 870 3114 940 quidem
3141 873 3494 929 multifariam
3519 891 3610 930 oc-

345 951 517 1023 σαφὴς
545 953 572 1004 ὁ
595 950 773 1004 Χάλεὸ
798 951 910 1013 υίὸς
950 951 1176 1020 Ἰεφονῆ,
1203 951 1295 1010 καὶ
1327 950 1425 1020 μέν
1451 967 1530 1004 τοι
1561 951 1652 1004 καὶ
1687 950 1915 1022 Ἰησοῦς·

341 1045 388 1098 οἳ
417 1043 583 1115 μυρία
615 1044 714 1115 μὲν
755 1043 854 1096 ὅσα
886 1044 1269 1118 προσεφὼνουν
1298 1047 1410 1108 τοῖς
1438 1045 1496 1111 ἐξ
1535 1045 1774 1116 Ἰσραὴλ,
1813 1063 1913 1102 πα.-

341 1135 662 1205 ραθήγοντες
709 1136 788 1198 εἰς
829 1134 1102 1205 ἀνδρείαν,
1143 1135 1316 1206 καλήν
1355 1153 1414 1189 τε
1452 1137 1544 1190 καὶ
1592 1137 1915 1208 ἀξιόληπτον

334 1225 430 1293 τὴν
459 1224 560 1294 γῆν
589 1224 976 1294 ὀνομάζοντες,
1007 1228 1102 1282 καὶ
1130 1228 1210 1280 ὅτι
1243 1228 1574 1298 κρατήσουσι
1603 1228 1709 1281 τῶν
1743 1229 1912 1284 ἐθνῶν

330 1315 762 1387 ἁνακεκραγότες
787 1331 800 1344 ·
835 1314 974 1370 ἀλλὰ
1009 1317 1208 1388 μικροῦ
1259 1317 1561 1371 διολώλασι.
1598 1313 1733 1372 Εἷπε
1776 1320 1908 1389 γὰρ,

330 1407 480 1474 φησι,
529 1408 676 1458 πᾶσα
710 1407 744 1477 ἠ
787 1409 1076 1487 συναγωγὴ
1102 1449 1116 1467 .
1166 1409 1648 1480 καταλιθοϐολῆσαι
1689 1408 1904 1474 αὐτούς,

329 1494 474 1562 Πλὴν
503 1493 558 1545 δὲ
595 1493 866 1550 τέθεινται
903 1494 996 1547 καὶ
1039 1493 1364 1565 κληρονόμοι
1416 1487 1564 1566 παῷ
1600 1493 1756 1548 Θεοῦ.
1811 1494 1909 1556 Τίς

327 1581 420 1638 οὖν
447 1584 555 1652 ἄρα
588 1585 734 1637 ἐστὶν
764 1584 792 1636 ὁ
828 1581 1029 1649 Χάλεό,
1063 1587 1312 1655 σαφηνιεί
1350 1586 1410 1638 τὸ
1437 1585 1628 1655 ὄνομα.
1671 1589 1902 1656 Διερμη-

328 1674 540 1727 νεύεται
577 1675 705 1746 γὰρ,
756 1673 924 1728 πᾶσα
970 1675 1217 1746 καρδίη·
1278 1676 1482 1746 Ίεφονῆ
1529 1677 1586 1734 δὲ
1639 1676 1821 1739 πάλιν,
1869 1675 1902 1746 ἠ

2019 951 2331 1015 clamabant
2365 953 2491 1010 ﬁliis
2523 955 2710 1020 Israel,
2749 958 3049 1013 excitantes
3085 961 3152 1014 ad
3195 960 3604 1030 fortitudinem,

2018 1042 2326 1113 bonamque
2351 1055 2406 1100 et
2433 1045 2769 1109 fructuosam
2800 1054 3003 1102 terram
3034 1051 3392 1119 appellantes,
3428 1055 3604 1124 quod-

2015 1147 2121 1202 que
2174 1135 2513 1208 triumphum
2564 1136 2632 1193 de
2681 1138 2934 1193 hostibus
2983 1139 3146 1194 laturi
3195 1152 3379 1196 essent
3411 1159 3606 1214 magna

2014 1237 2148 1279 voce
2175 1225 2566 1292 cohortantes;
2596 1228 2694 1282 sed
2721 1243 2914 1310 parum
2945 1230 3120 1284 abfuit
3155 1231 3288 1302 quin
3324 1234 3392 1287 ab
3427 1235 3494 1288 iis
3519 1236 3603 1290 in-

2013 1317 2267 1386 terempti
2302 1317 2527 1374 fuerint.
2563 1318 2854 1382 Consensit
2899 1322 3080 1387 enim,
3129 1325 3226 1389 ait,
3276 1332 3387 1380 tota
3429 1324 3602 1396 Syna-

2011 1421 2168 1476 goga,
2215 1417 2276 1462 ut
2318 1409 2596 1478 lapidibus
2637 1413 3030 1477 obruerentur,
3070 1413 3343 1471 Caeterum
3391 1417 3600 1481 decreti

2009 1507 2139 1553 sunt
2171 1499 2417 1553 hairedes
2439 1515 2469 1553 a
2497 1500 2628 1563 Deo.
2665 1500 2798 1567 Quis
2831 1503 2998 1572 igitur
3026 1504 3099 1562 sit
3127 1504 3356 1570 Chaleb,
3395 1522 3600 1566 nomen

2008 1588 2188 1668 ipsum
2207 1589 2528 1654 declarabit.
2557 1590 2841 1662 Signiﬁcat
2856 1594 3006 1658 enim
3030 1611 3186 1659 omne
3200 1611 3290 1650 cor
3309 1616 3326 1662 ,-
3351 1597 3598 1670 Iephone

2006 1688 2191 1745 autem
2221 1683 2507 1741 conversio.
2544 1681 2688 1752 Ergo
2712 1683 2806 1752 qui
2837 1683 3042 1750 habent
3063 1702 3160 1742 eor
3185 1705 3310 1743 eum
3339 1690 3451 1746 Deo
3467 1707 3597 1766 per-

326 1765 680 1834 ὲπιστροςρή.
737 1765 946 1818 Οὐκοῦν
983 1767 1032 1818 οἱ
1074 1767 1281 1820 τελείαν
1328 1767 1543 1836 ἔχοντες
1587 1767 1723 1836 μετὰ
1765 1763 1892 1826 Θεοῦ

2004 1769 2241 1838 fectum,
2289 1773 2346 1826 hi
2391 1782 2521 1828 sunt
2550 1772 2650 1828 ﬂlii
2697 1776 3110 1843 conversionis,
3142 1763 3483 1849 quibuscum
3512 1794 3600 1842 est

327 1858 424 1928 τὴν
473 1832 715 1927 καρδίαν,
750 1857 856 1910 υἱοὶ
899 1857 998 1928 τῆς
1045 1832 1389 1929 ἐπιστροφῆς-
1427 1862 1524 1912 σὺν
1555 1832 1664 1921 τοῖς
1704 1859 1892 1928 Ἰησοῦ.

2005 1861 2182 1920 Jesus.
2211 1863 2278 1918 Hi
2307 1872 2490 1919 autem
2515 1878 2711 1919 rursus
2729 1863 2955 1929 fuerunt
2989 1866 3090 1931 illi,
3122 1832 3216 1938 qui
3244 1871 3597 1936 crediderunt

328 1945 448 2002 Εἶεν
481 1951 526 2003 δ’
557 1949 623 2003 ἂν
672 1941 818 2002 οὗτοι
848 1949 1010 2002 πάλιν
1062 1952 1111 2003 οἱ
1146 1950 1591 2013 πεπιστευκότες,
1624 1951 1716 2008 καλ⁹
1744 1950 1818 2014 ὡς
1847 1953 1904 2005 ὲν

324 2040 544 2110 ἀπαρχῇ
586 2039 869 2109 νοούμενοι
907 2041 1021 2103 τοῖς
1049 2037 1224 2107 ἁγίοις
1253 2039 1587 2103 ἀποστόλοις,
1618 2040 1666 2092 οἳ
1709 2039 1902 2111 κεκλή-

321 2148 447 2185 κασι
480 2131 570 2183 τὸν
616 2128 869 2202 Ἰσραήλ’
913 2130 1007 2183 καὶ
1039 2130 1096 2184 ἐν
1135 2131 1312 2194 αὐτοῖς
1349 2131 1414 2186 ἂν
1455 2134 1624 2192 νοοῖτο
1649 2131 1708 2183 τὸ
1737 2133 1902 2186 κατά-

317 2224 548 2292 λειμμα.
598 2220 708 2274 Καὶ
755 2217 1046 2283 καλοῦντες
1090 2221 1550 2274 κεκινδυνεύκασι.
1605 2219 1752 2294 Πλὴν
1801 2223 1900 2294 τῆς

319 2313 481 2380 ἁγίας
502 2315 604 2384 γῆς
630 2312 897 2370 τέθεινται
923 2313 1270 2386 κληρονόμοι.
1299 2313 1421 2366 ’Ότι
1449 2315 1556 2382 γὰρ
1587 2316 1763 2367 πᾶσαν
1793 2315 1901 2368 ὦσ-

319 2421 424 2474 περ
452 2403 569 2474 ἤτοι
602 2403 814 2456 τελείαν
839 2404 1102 2473 ἐσχήκασι
1129 2403 1268 2474 μετὰ
1300 2401 1433 2460 Θεοῦ
1464 2405 1562 2474 τὴν
1592 2403 1818 2473 καρδίαν
1849 2405 1898 2457 οἱ

318 2493 423 2545 υἱοὶ
448 2493 544 2561 τῆς
567 2495 932 2564 ἐπιστροφῆς,
963 2494 1242 2547 τουτέστιν
1261 2535 1274 2558 ,
1303 2495 1352 2546 οἱ
1379 2493 1806 2564 ἐπιστρέψαντες
1835 2495 1896 2547 ἐκ

315 2581 421 2635 τῶν
445 2582 681 2654 νομικῶν
698 2583 858 2644 ἐνταλ
867 2584 1052 2654 μάτων
1067 2585 1158 2637 ἐπὶ
1179 2585 1275 2656 τὴν
1291 2584 1378 2638 διὰ
1392 2585 1628 2648 πίστεως
1643 2585 1896 2654 λατρείαν

311 2689 367 2724 τε
417 2675 510 2726 καὶ
553 2674 733 2743 χάριν,
789 2673 1062 2746 ἀναμάθοι
1108 2692 1194 2739 τις
1241 2675 1305 2728 ἂν
1343 2677 1555 2729 Παύλου
1595 2677 1896 2747 γράφοντος

311 2765 554 2835 ἐναργῶς
575 2780 588 2795 ο
618 2763 867 2819 σκύϐαλα
897 2766 994 2836 μὲν
1019 2766 1204 2836 ἡγοῖτο
1228 2767 1293 2820 τὰ
1319 2768 1375 2819 ἐν
1398 2767 1548 2837 νόμῳ
1565 2805 1578 2828 ,
1609 2768 1703 2819 καὶ
1727 2782 1895 2819 καταο

312 2857 584 2925 λογίσαιτο
617 2859 820 2930 ζημίαν
863 2858 952 2916 διὰ
986 2859 1046 2912 τὸ
1091 2859 1354 2930 ὑπερέχον
1382 2861 1482 2930 τῆς
1517 2859 1769 2928 γνώσεως
1799 2858 1892 2912 τοῦ

313 2949 444 3001 Θεοῦ
463 2966 474 2978 ’
508 2951 603 3002 καὶ
635 2950 720 3002 ἵνα
753 2950 916 3007 αὑτὸν
942 2948 1196 3024 κερδάνῃ,
1229 2951 1323 3004 καὶ
1346 2952 1445 3020 τὴν
1474 2950 1638 3004 αὑτοῦ
1669 2949 1891 3002 δικαίω-

320 3056 402 3091 σιν
432 3039 549 3110 Em.
575 3041 696 3093 Ὅτι
720 3040 896 3100 τοίνυν
923 3041 1278 3112 ἀπολισθήσει
1310 3043 1406 3112 μὲν
1436 3043 1536 3110 τῆς
1561 3042 1891 3110 ἐπαγγελίας

316 3133 344 3183 ὁ
405 3133 658 3202 Ἰσραὴλ,
690 3133 972 3186 ἀπολεῖται
1020 3134 1074 3186 δὲ
1123 3135 1222 3187 οὐκ
1269 3133 1521 3197 είσάπαν,
1565 3133 1680 3186 ἀλλ’
1713 3133 1784 3197 ὡς
1837 3135 1890 3187 ἐν
1920 3161 1961 3217 C

311 3221 468 3292 ὀλίγῃ
510 3223 674 3293 μοίρᾳ,
709 3221 1044 3294 σωθήσεται·
1098 3223 1256 3277 τοῦτο
1287 3223 1416 3294 γὰρ,
1467 3219 1643 3292 οἶμαι,
1688 3221 1800 3274 ἔστι
1833 3224 1892 3276 τὸ

309 3311 689 3380 κατάλειμμα,
740 3313 987 3381 συνήσεις
1022 3306 1078 3364 εὖ
1118 3312 1284 3379 μάλα,
1336 3311 1584 3380 καθάπερ
1615 3310 1717 3382 ἤδη
1758 3327 1892 3391 προ·

312 3405 495 3456 εἰπονο
531 3403 978 3474 εἰσκομιζόμενον
1023 3404 1235 3475 βλέπων
1285 3403 1343 3469 ἐξ
1375 3402 1708 3472 ἐπαγγελίας
1753 3401 1888 3456 Θεοῦ

303 3495 398 3547 τὸν
431 3493 609 3547 Χάλεθ
631 3535 646 3557 ,
693 3495 1119 3566 συνεζευγμένου
1151 3495 1350 3564 τρόπον
1384 3494 1535 3558 τινὰ,
1584 3493 1678 3546 καὶ
1711 3510 1888 3562 παρα-

303 3584 522 3648 θέοντος
546 3585 640 3637 τοῦ
671 3586 938 3650 σώζοντος
957 3601 971 3615 ο
1003 3585 1360 3656 ἑρμηνεύεται
1387 3584 1496 3654 γὰρ
1521 3579 1621 3637 ὧδε
1658 3583 1882 3653 Ἰησοῦς.

301 3677 415 3729 Καὶ
453 3676 586 3746 γοῦν
617 3677 645 3728 ό
673 3676 961 3741 Θεσπέσιος
991 3677 1219 3746 ἄγγελος
1248 3676 1484 3752 ιάσριὴλ
1514 3676 1673 3738 αὐτὸς
1701 3671 1768 3746 ἦν
1796 3676 1884 3728 ὅτε

297 3769 371 3838 τῇ
399 3767 530 3838 ἁγίᾳ
558 3768 816 3840 Παρθένῳ
849 3769 942 3821 τὸν
968 3769 1065 3840 τῆς
1096 3768 1556 3839 ένανθρωπήσεως
1586 3767 1678 3821 τοῦ
1712 3769 1886 3826 Μονο-

297 3858 495 3928 γενοῦς
521 3857 905 3928 εὐηγγελίζετο
931 3859 1162 3930 τρόπον·
1194 3877 1211 3911 ι
1243 3858 1336 3929 Μὴ
1364 3857 1554 3934 φοϐοῦ,
1583 3858 1736 3928 φησι,
1765 3859 1885 3912 Μα-

297 3947 446 4016 ριάμ
467 3965 479 3978 ’
511 3942 664 4019 εὗρες
693 3950 798 4019 γὰρ
824 3949 978 4019 παρὰ
1005 3949 1124 4019 Θεῷ
1152 3949 1332 4019 χάριν.
1363 3949 1474 4002 Καὶ
1499 3949 1607 4001 ἰδοὺ
1640 3947 1882 4020 συλλήψῃ

295 4043 361 4094 ἐν
392 4042 624 4110 γαστρὶ,
653 4040 747 4093 καὶ
769 4040 897 4112 τέξῃ
923 4041 1039 4097 υἱὸν
1057 4081 1071 4106 ,
1100 4041 1195 4096 καὶ
1227 4039 1477 4101 καλέσεις
1501 4038 1562 4092 τὸ
1589 4039 1758 4107 ὄνομα
1787 4039 1884 4090 αὐ-

291 4129 397 4183 τοῦ
441 4129 665 4200 Ἰησοῦν.
712 4126 878 4191 Οὗτος
911 4131 1064 4183 ἔσται
1097 4131 1302 4200 μέγας,
1333 4129 1428 4182 καὶ
1464 4129 1588 4192 Υἱὸς
1628 4128 1882 4204 Ὑψίστου

293 4218 658 4290 κληθήσεται.
696 4239 715 4271 ι
747 4221 920 4273 Μόνον
946 4216 1040 4273 οὖν
1068 4219 1178 4290 ἄρα
1198 4220 1297 4292 τῆς
1333 4219 1602 4271 Ἰουδαίων
1627 4218 1884 4288 Συναγω-

293 4313 404 4382 γῆς
440 4311 507 4363 τὸ
539 4304 893 4382 κατάλειμμα
925 4312 1372 4384 κεκληρονόμηκε
1403 4310 1499 4374 τὰς
1531 4308 1880 4378 ἐπαγγελίας,

293 4402 397 4458 καὶ
430 4404 508 4466 είς
537 4405 642 4474 γῆν
672 4402 860 4473 εἰσέϐη
887 4404 986 4474 τὴν
1029 4403 1199 4474 ἱεράν.
1244 4403 1304 4456 'O
1339 4403 1434 4472 μὲν
1475 4396 1568 4455 οὖν
1597 4400 1794 4454 πολλοῦ
1819 4416 1881 4468 γε

2007 1953 2288 2022 apostolis,
2315 1954 2408 2024 qui
2445 1963 2714 2020 vocarunt
2741 1955 3022 2021 lsraelem,
3050 1972 3115 2018 ac
3140 1959 3312 2019 veluti
3347 1961 3404 2016 in
3435 1964 3593 2034 prin-

2005 2043 2150 2113 cipio
2182 2044 2445 2102 intellecti
2472 2054 2635 2110 sunt;
2673 2053 2836 2116 atque
2879 2047 2954 2102 ita
2998 2047 3054 2101 in
3084 2047 3172 2108 his
3197 2049 3427 2122 intelligi
3462 2068 3592 2124 pos-

2004 2142 2132 2190 sunt
2165 2135 2429 2205 reliquiae.
2465 2137 2712 2207 Apostoli
2738 2139 2885 2192 enim
2909 2149 3171 2198 vocantes
3192 2142 3409 2199 Iudaeos
3441 2147 3592 2215 peri.

2003 2225 2176 2284 clitati
2228 2226 2470 2282 fuerunt.
2517 2227 2789 2288 Caeterum
2847 2239 3012 2284 terra:
3061 2241 3263 2288 sanctae
3304 2237 3592 2298 constituti
3701 2265 3704 2269 -

2002 2324 2132 2369 sunt
2185 2315 2450 2371 heredes.
2512 2316 2686 2382 Porro
2735 2316 2882 2387 quod
2948 2328 3126 2376 totum
3175 2323 3592 2392 quodammodo

2000 2405 2116 2460 sive
2143 2407 2451 2476 perfectum
2494 2423 2620 2462 cum
2668 2409 2780 2468 Det)
2831 2424 2930 2468 cor
2980 2411 3276 2468 habuerint
3315 2413 3411 2470 lilii
3455 2431 3589 2472 con-

1999 2497 2289 2563 versionis,
2324 2499 2428 2554 hoc
2457 2509 2543 2560 est
2564 2543 2577 2567 ,
2607 2502 2702 2572 qui
2735 2516 2794 2556 se
2827 2512 3222 2560 converterunt
3253 2522 3285 2562 a
3317 2508 3592 2567 mandatis

1999 2589 2268 2659 legalibus
2293 2591 2361 2653 ad
2395 2593 2602 2653 cultum
2633 2609 2730 2663 per
2757 2592 2918 2658 iidem
2960 2603 3018 2655 et
3056 2597 3122 2650 ad
3152 2598 3406 2667 gratiam,
3441 2600 3588 2655 didi-

1997 2682 2137 2735 cerit
2185 2681 2309 2750 quis
2340 2697 2410 2737 ex
2452 2699 2520 2740 eo
2558 2670 2705 2753 quOd
2757 2686 2960 2740 Paulus
3007 2688 3157 2742 clare
3200 2690 3396 2744 scribit
3440 2694 3589 2760 quod

1995 2775 2208 2824 stercus
2239 2772 2576 2840 reputaverit
2613 2789 2678 2827 ea
2712 2788 2835 2842 qua
2860 2783 2992 2830 sunt
3017 2775 3073 2829 in
3101 2775 3328 2841 mundo,
3359 2785 3418 2832 et
3435 2780 3587 2848 judi-

1995 2862 2202 2915 caverit
2231 2862 2430 2916 damna
2460 2879 2573 2932 prae
2609 2865 2902 2919 excellenti
2930 2866 3240 2936 cognitione
3267 2867 3494 2933 Christi,
3526 2880 3590 2933 ut

1995 2951 2143 3011 hunc
2169 2952 2546 3018 lucrifaceret,
2577 2963 2633 3008 et
2672 2956 2943 3025 justitiam
2985 2972 3106 3026 qua;
3149 2966 3234 3019 est
3277 2973 3376 3027 per
3403 2959 3585 3030 ipsum

1994 3051 2444 3112 consequeretur.
2463 3044 2620 3110 Quod
2656 3045 2824 3115 igitur
2846 3048 3011 3102 Israel
3040 3049 3407 3119 promissione
3435 3053 3585 3108 exei-

1994 3133 2161 3197 derit,
2194 3149 2371 3204 neque
2401 3144 2582 3190 tamen
2618 3138 2674 3190 in
2704 3137 3023 3198 universum
3069 3139 3329 3208 perierit,
3377 3143 3473 3197 sed
3515 3158 3584 3198 ex

1995 3233 2152 3300 parte
2188 3226 2442 3295 quamvis
2483 3227 2678 3298 exigua
2708 3217 2780 3283 si't
2806 3230 3067 3296 salvatus,
3105 3231 3160 3286 id
3190 3233 3338 3286 enim
3370 3233 3581 3305 signiﬁ-

1994 3327 2122 3377 cant
2154 3319 2423 3388 re'liquim,
2453 3320 2727 3391 intelliges
2749 3321 2895 3377 haud
2934 3322 3192 3388 obscure,
3218 3333 3281 3378 ut
3303 3327 3414 3397 jam
3445 3327 3579 3396 dixi,

1991 3423 2114 3463 cum
2146 3411 2333 3465 videas
2364 3411 2573 3466 Chaleb
2601 3427 2670 3467 ex-
2701 3413 3064 3482 promissione
3098 3416 3194 3472 Dei
3229 3418 3285 3471 in
3328 3435 3448 3473 eam
3493 3421 3579 3475 in-

1990 3503 2327 3565 troductum,
2360 3504 2618 3574 adjuncto
2664 3507 3090 3575 quodammodo,
3119 3519 3175 3564 et
3212 3522 3579 3568 concurrente

1987 3593 2114 3649 Iesu
2143 3594 2387 3648 solvante
2416 3613 2428 3648 :
2458 3595 2512 3648 id
2534 3595 2682 3650 enim
2707 3597 2982 3666 signiﬁcat
3012 3599 3192 3653 Jesus.
3228 3599 3384 3656 Unde
3406 3610 3462 3656 et
3490 3603 3578 3656 dl-

1995 3685 2159 3740 vinus
2204 3687 2431 3755 angelus
2463 3685 2686 3741 Gabriel
2719 3688 2792 3741 ita
2833 3688 2993 3752 dixit,
3017 3690 3113 3744 ubi
3147 3700 3346 3744 sanctae
3369 3692 3578 3762 Virgini

1987 3776 2333 3830 annuntiavit
2375 3777 2600 3831 modum
2648 3778 3046 3832 incarnationis
3074 3777 3355 3849 Unigeniti
3401 3797 3414 3832 :
3447 3799 3466 3831 ι
3500 3781 3580 3835 No

1991 3864 2204 3927 timeas,
2237 3864 2404 3919 Maria
2431 3882 2445 3917 :
2474 3865 2732 3920 invenisti
2762 3867 2912 3920 enim
2951 3867 3180 3935 gratiam
3209 3867 3356 3936 apud
3381 3869 3575 3934 Deum.

1990 3952 2059 4004 Et
2093 3966 2244 4016 ecce,
2271 3952 2555 4020 concipies
2580 3954 2636 4005 in
2658 3959 2842 4015 utero,
2870 3960 2926 4006 et
2965 3953 3146 4021 paries
3181 3953 3377 4019 ﬁlium,
3410 3970 3577 4011 voca-

1987 4040 2182 4109 bisque
2207 4054 2410 4094 nomen
2436 4041 2557 4110 ejus
2583 4040 2792 4096 Iesum.
2819 4041 2920 4095 Hic
2943 4041 3094 4095 enim
3117 4042 3227 4097 erit
3246 4059 3496 4114 magnus,
3519 4054 3578 4114 et

1985 4133 2157 4186 Filius
2179 4132 2446 4190 Altissimi
2471 4132 2761 4187 vocabitur
2786 4133 2854 4186 ⁷⁷.
2898 4153 2916 4185 ι
2949 4133 3091 4189 Sole
3132 4135 3300 4206 igitur
3335 4137 3576 4194 Judaica

1985 4223 2282 4295 Synagogae
2339 4223 2590 4294 reliquiae
2666 4223 3066 4279 haereditarunt
3137 4227 3572 4295 promissiones,

1986 4322 2298 4384 terramque
2328 4323 2572 4369 sanctam
2609 4321 2738 4368 sunt
2755 4313 3033 4385 ingressae.
3069 4315 3254 4385 Longe
3288 4332 3420 4371 vero
3457 4318 3574 4389 ipse

1983 4407 2158 4462 abest.
2209 4406 2497 4476 Siquidem
2540 4415 2598 4461 et
2642 4421 2820 4461 novus
2865 4421 2930 4461 ac
2974 4406 3154 4462 fidelis
3197 4408 3433 4477 populus
3465 4425 3572 4464 una

294 4499 398 4551 καὶ
429 4495 527 4550 δεῖ.
578 4497 849 4568 Συνήλασε
893 4497 950 4550 δὲ
979 4497 1169 4565 ὥσπερ
1213 4495 1361 4566 αὐτῷ
1396 4499 1424 4549 ό
1455 4495 1572 4559 νέος
1605 4512 1663 4548 τε
1697 4495 1791 4549 καὶ
1823 4497 1882 4548 ἐν

1994 4515 2114 4554 cum
2140 4498 2248 4552 illis
2269 4497 2507 4567 quodam
2531 4497 2695 4551 modo
2717 4497 2772 4550 in
2790 4513 2912 4551 eam
2935 4497 3117 4551 irruit.
3143 4498 3276 4551 Nam
3302 4499 3447 4552 Deus
3472 4499 3576 4552 hu-

296 4591 482 4643 πίστει
504 4590 650 4654 λαός.
693 4592 1036 4660 Ὑπισχνεϊτο
1073 4590 1232 4660 γὰρὸ
1257 4588 1368 4640 τῶν
1413 4587 1548 4641 ὅλων
1581 4586 1712 4650 Θεὸς
1753 4604 1880 4641 συνο

297 4685 602 4753 εισκομιεῐν
635 4683 716 4754 τῷ
755 4682 937 4738 Χάλεϐ
985 4683 1094 4735 πᾶν
1140 4681 1354 4734 παιδίον
1399 4681 1538 4734 νέον.
1586 4679 1757 4732 Τοῦτο
1787 4679 1880 4756 καὶ

298 4777 328 4829 ὁ
371 4774 519 4838 θεῖος
579 4776 710 4846 ἡμῖν
762 4775 927 4830 Δαῦὶδ
985 4776 1326 4845 ὑπεσήμαινε
1372 4773 1546 4840 λέγων
1601 4773 1728 4842 περὶ
1780 4773 1880 4841 τῆς

295 4866 405 4920 τῶν
445 4865 614 4934 ἁγίων
649 4867 1044 4938 κληρονομίας’
1099 4887 1116 4918 ι
1169 4866 1206 4918 Γ
1213 4866 1438 4936 ραφήτω
1480 4863 1618 4935 αὑτὴ
1659 4864 1740 4926 είς
1783 4880 1878 4930 γει

297 4954 425 5008 νεὰν
465 4956 662 5028 ἑτέραν
704 4957 797 5009 καὶ
847 4955 976 5018 λαὸς
1005 4958 1033 5008 ὁ
1060 4953 1380 5023 κτιζόμενος
1408 4951 1611 5012 αἰνέσει
1642 4952 1733 5005 τὸν
1762 4953 1877 5006 Κύ-

300 5063 435 5115 ριον.
489 5063 508 5096 ι
553 5048 629 5100 Οὐ
674 5048 782 5118 γὰρ
825 5051 937 5110 τοῖς
982 5049 1041 5099 ἐν
1085 5045 1237 5116 νόμῳ
1294 5044 1874 5112 παιδαγωγουμένοις,

297 5134 413 5187 ἀλλ’
449 5137 525 5200 εἰς
559 5137 755 5204 γενεὰν
780 5137 974 5207 ἑτέραν
1002 5136 1030 5189 ὁ
1069 5135 1269 5206 κλῆρος
1302 5134 1620 5204 τετήρηται.
1658 5134 1768 5192 Καὶ
1791 5135 1874 5197 τίς

299 5228 334 5296 ἡ
369 5227 543 5294 ἑτέρα
588 5229 797 5298 τενεά;
841 5232 899 5282 Ὀ
954 5231 1089 5295 νέος,
1141 5229 1216 5291 ὡς
1263 5228 1420 5297 ἔφην,
1458 5227 1551 5283 καὶ
1589 5230 1647 5281 ἐν
1696 5228 1876 5282 πίστει

299 5317 454 5381 λαός.
509 5320 838 5391 Ἐκτίσμεθα
874 5322 983 5392 γὰρ
1027 5323 1090 5374 ἐν
1125 5318 1347 5394 Χριστῷ
1394 5319 1533 5389 πρὸς
1584 5319 1878 5388 καινότητα

299 5406 468 5477 ζωῆς,
509 5411 908 5481 ἀποδυσάμενοι
928 5411 1019 5464 τὸν
1047 5409 1275 5464 παλαιὸν
1303 5407 1610 5476 ἄνθρωπον,
1636 5407 1733 5460 σὺν
1765 5411 1876 5471 τοῖς

297 5500 588 5570 Δπαθήμασι
625 5502 719 5555 καὶ
758 5505 879 5565 ταῖς
919 5500 1253 5570 ἐπιθυμίαις.
1287 5497 1484 5552 κτίσαι
1521 5495 1629 5568 γὰρ
1661 5497 1876 5564 λέγεται

298 5591 425 5653 τοὺς
461 5591 556 5644 δύο
585 5592 749 5656 λαοὺς
781 5595 809 5645 ὁ
835 5591 1068 5661 Χριστὸς
1097 5592 1176 5654 είς
1218 5590 1315 5645 ἕνα
1349 5588 1533 5642 καινὸν
1566 5587 1874 5658 ἄνθρωπον,

378 5770 426 5802 τ’
453 5770 555 5827 lsa.
592 5789 647 5836 χ,
681 5767 786 5838 22;
827 5774 980 5831 Rom.
1039 5788 1111 5838 ix,
1145 5772 1232 5825 27.
1327 5772 1371 5802 "
1403 5770 1536 5823 Luc.
1594 5785 1632 5831 ι,
1672 5767 1862 5822 30-59.

1982 4594 2074 4664 jus
2094 4591 2337 4647 universi
2359 4591 2635 4662 promittit
2649 4590 2875 4654 Chaleb,
2899 4588 3047 4659 quod
3063 4588 3225 4644 simul
3245 4603 3370 4642 cum
3391 4603 3459 4642 eo
3484 4589 3570 4642 in-

1987 4685 2348 4742 troducturus
2371 4684 2444 4737 sit
2463 4697 2680 4738 omnem
2705 4682 2918 4752 prolem
2936 4682 3216 4752 juvenem.
3240 4679 3388 4735 idem
3413 4680 3574 4737 nobis

1987 4783 2044 4835 et
2085 4774 2306 4829 divinus
2341 4773 2511 4828 David
2540 4771 2930 4835 subindicavit,
2965 4772 3060 4826 ubi
3093 4771 3229 4825 dicit
3257 4769 3325 4825 d'e
3352 4781 3571 4828 sanctae

1985 4880 2106 4920 rum
2149 4865 2466 4920 haereditate
2513 4905 2526 4918 .
2567 4883 2584 4915 ι
2633 4864 2921 4919 Scribatur
2963 4865 3076 4933 ipsa
3122 4862 3177 4915 in
3221 4863 3572 4932 generatione

1981 4959 2182 5021 altera;
2201 4957 2438 5026 populus
2458 4955 2553 5025 qui
2573 4956 2851 5018 creabitur
2871 4954 3119 5009 laudabit
3141 4951 3433 5006 Dominum
3454 4953 3518 5006 ⁷⁸.
3547 4973 3564 5005 ι

1977 5050 2098 5103 Non
2121 5050 2267 5104 enim
2299 5049 2408 5103 illis
2432 5049 2525 5118 qui
2550 5048 2606 5101 in
2643 5048 2759 5117 lege
2788 5046 3047 5107 instituti,
3079 5043 3240 5112 393
3275 5043 3371 5098 sed
3411 5045 3570 5102 alteri

1981 5140 2320 5210 generationi
2357 5139 2652 5208 hair-editas
2692 5145 2776 5196 est
2802 5144 3098 5190 reservata.
3128 5134 3326 5203 Ecqua:
3354 5142 3439 5190 est
3472 5137 3571 5201 ista

1983 5231 2155 5294 altera
2187 5229 2498 5301 generatio?
2525 5228 2732 5290 Novus,
2768 5233 2829 5282 ut
2857 5225 2990 5289 dixi,
3017 5234 3074 5279 et
3102 5223 3282 5289 ﬁdelis
3310 5225 3567 5294 populus.

1973 5322 2034 5378 In
2075 5321 2294 5376 Christo
2326 5321 2473 5376 enim
2504 5319 2674 5372 creati
2711 5332 2903 5371 sumus
2950 5315 3018 5370 ad
3061 5315 3188 5370 vitae
3231 5317 3532 5369 novitatem

1971 5411 2122 5470 exuti
2147 5419 2388 5464 veterem
2418 5409 2720 5472 hominem,
2751 5423 2865 5464 una
2888 5423 3012 5462 cum
3053 5407 3342 5462 affectibus
3363 5416 3420 5460 et
3442 5387 3574 5461 con:

1973 5498 2346 5571 cupiscentiis.
2389 5497 2643 5552 Christus
2681 5505 2865 5554 autem
2909 5495 3112 5551 dicitur
3155 5497 3294 5553 duos
3329 5494 3564 5565 pOpulos

1976 5587 2032 5639 in
2061 5601 2231 5638 unum
2266 5584 2548 5638 hominem
2595 5583 2858 5650 condere,
2892 5599 3018 5642 cum
3058 5583 3223 5645 faciat
3271 5595 3484 5656 pacem,
3513 5595 3571 5649 et

1952 5767 1999 5800 ⁷⁸
2036 5765 2179 5820 Psal.
2211 5781 2280 5828 cr,
2315 5764 2399 5829 19,
