4094 6282
308 385 410 446 617

1318 374 1839 434 οιΑΡιπιιοῐιωι
1874 373 1944 430 ΙΝ
1981 369 2312 430 NUMEROS
2344 368 2571 425 LIBER.

3453 364 3560 421 618

310 503 490 575 ἡμεῖς,
530 500 626 555 καὶ
655 500 817 570 νόμος
850 495 1055 569 Κυρίου
1103 492 1220 565 μεθ’
1258 492 1415 565 ἡμῶν
1462 495 1644 560 tactv;
1675 494 1739 547 El
1777 492 1882 564 μά-

2001 491 2270 562 ιορίοιιιοε
2290 502 2483 544 sumus
2510 501 2632 551 nos,
2658 492 2714 539 et
2740 483 2826 539 lex
2866 479 3081 538 Domini
3126 481 3416 539 nobiseum
3440 484 3562 540 est?

307 609 409 663 την
445 590 680 662 ἐγενήθη
715 591 921 661 σχοῖνος
958 586 1155 657 ψευδὴς
1179 584 1620 657 Γραμματεῦσιν.
1653 584 1882 658 ᾘσχύν-

311 682 485 754 θησαν
523 680 698 750 σοφοὶ,
758 678 1121 750 ἐπτοήθησαν,
1185 675 1280 729 καὶ
1329 675 1599 740 ἑάλωσαν,
1650 675 1734 728 ὅτι
1790 673 1882 727 τὸν

311 774 470 842 λόγον
507 772 601 827 τοῦ
634 771 834 844 Κυρίου
866 768 1296 839 ἀπεδοκίμασαν.
1335 768 1507 838 Σοφία
1536 766 1620 830 τίς
1647 768 1792 820 ἐστιν
1826 767 1882 818 ὲν

314 866 535 929 αὑτοῖςς
589 883 608 917 ι
645 863 837 917 Καίτοι
885 861 995 933 γὰρ
1042 861 1135 914 ἐπὶ
1180 862 1248 931 τῇ
1302 858 1410 913 τῶν
1459 858 1638 928 νόμων
1679 857 1884 929 είδήσει

316 959 453 1013 πολὺ
487 957 606 1011 λίαν
638 953 1042 1025 ὲξογκούμενοι,
1084 951 1181 1007 καὶ
1225 950 1435 1022 ὑψηλὴν
1483 949 1731 1022 αἴροντες
1784 947 1884 1019 τὴν

316 1050 486 1121 ὀφρὺν
529 1047 580 1101 οί
628 1047 984 1118 Γραμματείς
1028 1061 1088 1098 τε
1136 1043 1231 1098 καὶ
1281 1042 1586 1113 Φαρισαῖοι,
1637 1038 1732 1093 καὶ
1786 1037 1887 1107 τῆς

315 1140 565 1210 ἀγελαίου
604 1137 845 1209 πληθύος
881 1133 1471 1207 κατασοὸαρευόμενοι,
1506 1131 1643 1186 πολὺ
1670 1129 1888 1185 νοσοῦν-

313 1247 402 1293 τες
429 1229 490 1282 τὸ
528 1227 745 1299 εὔηθες,
778 1227 970 1296 ἀσοφοί
1015 1244 1077 1281 τε
1110 1226 1203 1280 καὶ
1236 1222 1665 1295 ὀλιγογνώμονες
1698 1220 1759 1286 ἐξ
1789 1219 1887 1274 αὐ-

311 1322 420 1377 τῶν
450 1321 746 1392 ἠλέγχοντο
769 1318 880 1373 τῶν
910 1319 1275 1391 πραγμάτων.
1319 1312 1750 1387 Ἀπεδοκίμαζον
1779 1310 1888 1383 γὰρ

311 1408 406 1477 τὴν
438 1406 647 1461 ἀνωθεν
685 1407 781 1461 καὶ
810 1405 871 1470 ἐξ
901 1404 1132 1477 οὐρανοῦ
1173 1405 1385 1475 σοφίαν,
1412 1404 1502 1458 τὸν
1518 1404 1583 1456 ὲκ
1606 1400 1744 1456 Θεοῦ
1779 1402 1890 1454 ﬂa-

312 1497 439 1568 τρδς
492 1495 692 1565 Λόγον,
726 1516 743 1546 ι
780 1496 876 1558 Ὃς
927 1493 1163 1566 ἐγενήθη
1210 1496 1340 1566 ἡμῖν
1389 1493 1548 1563 σοφία
1591 1491 1700 1548 ἀπὸ
1727 1488 1888 1554 Θεοῦ,
1922 1478 1927 1483 ’

312 1588 630 1658 δικαιοσύνη
650 1604 710 1640 τε
732 1586 829 1640 καὶ
852 1585 1124 1657 ἁγιασμὸς
1155 1588 1248 1641 καὶ
1272 1585 1667 1657 ἀπολύτρωσις.
1696 1602 1714 1634 ι
1741 1581 1889 1636 Ταύ-

315 1696 468 1750 τῃτοι
506 1678 795 1747 γεγόνασιν
826 1678 1075 1750 ἀδόκιμοι
1103 1678 1197 1733 καὶ
1236 1678 1506 1749 ἀκάρδιοι,
1539 1697 1558 1730 ι
1586 1676 1763 1748 μωροὶ
1799 1672 1894 1728 καὶ

316 1770 526 1839 τυφλοὶ,
555 1790 576 1822 ι
607 1771 748 1824 κατά
770 1770 868 1842 τὴν
894 1768 1060 1824 αὑτοῦ
1078 1770 1172 1825 τοῦ
1205 1771 1458 1839 Σωτῆρος
1486 1773 1688 1838 φωνήν.
1712 1764 1895 1819 Ἐπει-

1984 581 2205 637 Frustra
2237 579 2415 634 factus
2440 584 2526 633 est
2558 577 2760 647 juncus
2791 573 3024 629 mendax
3065 574 3290 630 Scribis.
3334 574 3559 631 Confusi

1985 682 2115 728 sunt
2155 673 2433 741 sapientes
2467 667 2765 739 perterriti,
2806 675 2861 722 et
2889 667 3033 738 capti
3057 675 3205 733 sunt,
3230 668 3359 738 quia
3385 669 3558 738 legem

1985 762 2201 818 Domini
2251 760 2699 831 reprobaverunt.
2749 759 3024 829 Sapientia
3089 775 3340 830 quaenam
3398 760 3455 814 in
3494 760 3562 815 iis

1986 852 2161 911 est”?
2187 873 2206 904 ι
2226 852 2443 907 Etenim
2454 852 2612 907 valde
2624 853 2806 922 legum
2824 851 3017 922 peritia
3033 851 3162 907 elati
3178 868 3241 907 ac
3259 861 3559 923 turgentes,

1988 945 2352 1015 tollentesque
2395 943 2503 999 alte
2524 944 2874 1014 supercilium
2901 926 3107 1000 Scriba
3125 954 3182 1001 et
3206 945 3486 1011 PhariSai,
3507 954 3564 1000 et

1987 1035 2263 1106 gregalem
2306 1033 2715 1090 multitudinem
2756 1034 2899 1090 fastu
2946 1045 3295 1106 spernentes,
3333 1036 3563 1091 stultitia

1988 1125 2573 1215 multum'peecabant,
2603 1125 3043 1197 insipientesque‘
3062 1135 3118 1182 et
3143 1143 3443 1199 paucorum
3471 1143 3567 1198 pe-

1989 1217 2081 1272 riti
2106 1216 2526 1273 accusabantur.
2552 1217 2925 1274 Fastidiebant
2944 1221 3148 1276 etenim
3173 1220 3450 1275 caelestem
3476 1235 3564 1274 sa-

1991 1308 2277 1379 pientiam,
2300 1307 2540 1363 Verbum
2568 1306 2828 1363 nimirum
2852 1309 2947 1363 Dei
2973 1309 3166 1374 Patris,
3222 1328 3240 1359 ι
3266 1307 3370 1376 Qui
3390 1308 3568 1365 factus

1989 1409 2076 1457 est
2100 1400 2259 1456 nobis
2293 1401 2563 1471 sapientia
2602 1416 2633 1455 a
2662 1402 2793 1466 Deo,
2816 1401 3048 1472 iustitia,
3091 1409 3148 1456 et
3187 1401 3565 1465 sanctificatio,

1992 1500 2050 1549 et
2079 1492 2386 1562 redemptio
2411 1492 2475 1546 “.
2509 1512 2528 1544 ι
2559 1491 2700 1547 Hinc
2726 1493 2854 1548 facti
2882 1502 3010 1549 sunt
3031 1493 3167 1548 viles
3197 1501 3253 1547 et
3283 1494 3566 1553 excordes.

2003 1602 2021 1634 ι
2043 1583 2196 1637 stulti
2214 1597 2277 1637 ac
2298 1583 2449 1647 caeci,
2463 1601 2480 1633 ι
2499 1589 2665 1637 uteos
2681 1583 2927 1637 Salvator
2937 1583 3259 1638 nominat“.
3275 1586 3569 1656 Postquam

1996 1689 2128 1728 vero
2152 1672 2401 1727 divinum
2428 1674 2753 1742 repulerunt
2778 1689 3108 1741 sermonem,
3133 1677 3378 1746 etgratia
3397 1678 3573 1732 viviﬁ-

1998 1772 2156 1820 cante
2182 1763 2354 1819 veluti
2385 1779 2416 1819 e
2445 1779 2661 1819 summo
2693 1765 2815 1821 loco
2832 1765 3246 1831 exciderunt,et
3271 1767 3571 1823 increduli-

318 1833 474 1933 δὴ-δὲ
500 1862 594 1916 τὸν
632 1861 775 1916 θεῖον
814 1833 1230 1933 παρωθούμενοι
1271 1833 1454 1929 λόγον,
1483 1833 1579 1915 διαὶ
1620 1833 1722 1928 τῆς
1756 1857 1893 1921 ζωο-

2001 1862 2107 1909 tate
2127 1854 2298 1908 Deum
2314 1853 2470 1909 valde
2489 1854 2883 1909 contristarunt
2900 1855 3046 1910 mille
3067 1856 3262 1922 modis,
3280 1868 3573 1927 pereuntes

321 1952 475 2006 ποιοῦ
535 1954 761 2025 χάριτος
804 1951 881 2016 ὼς
940 1953 1201 2007 ἀπωτάτω
1253 1951 1593 2023 διᾴττοντες,
1641 1949 1737 2002 καὶ
1775 1948 1895 2011 ταῖς

321 2045 459 2114 ἄγαν
498 2044 806 2107 ἀπειθείαις
840 2040 1285 2106 καταλυποῦντες
1320 2042 1411 2095 τὸν
1441 2040 1574 2094 Θεὸν
1615 2039 1757 2093 κατὰ
1798 2054 1897 2109 μυ-

323 2139 476 2208 ρίους
531 2136 687 2199 ὅσους
740 2135 1029 2206 ἡλίσκοντο
1080 2134 1335 2206 τρόπους,
1393 2131 1538 2202 λιμῷ
1590 2129 1892 2184 διολώλασι.

323 2226 434 2279 Καὶ
476 2224 636 2278 τοῦτο
676 2220 744 2295 ῆν
775 2223 838 2276 τὺ
879 2223 968 2276 διὰ
1003 2222 1187 2292 φωνῆς
1239 2219 1534 2292 προφητῶν
1575 2218 1727 2290 παρά
1761 2215 1895 2271 Θεοῦ

322 2314 679 2385 λελεγμένον’
716 2331 736 2365 ι
777 2312 907 2365 Ἰδοὺ
938 2312 1140 2383 ἡμέραι
1184 2309 1454 2382 ἔρχονται,
1490 2308 1634 2378 λέγει
1660 2307 1894 2379 Κύριος,

325 2405 421 2458 καὶ
455 2405 638 2471 ἐπάξω
674 2403 829 2474 λιμὸν
867 2403 961 2457 ἐπὶ
996 2401 1093 2473 τὴν
1119 2399 1224 2472 γῆν
1244 2418 1256 2431 ’
1290 2400 1350 2453 οὐ
1380 2400 1537 2471 λιμὸν
1564 2399 1749 2471 ἀρτου,
1776 2395 1897 2451 οὐδὲ

324 2497 485 2567 δίψαν
514 2495 703 2559 ὓδατος
722 2511 737 2525 °
759 2493 895 2550 ἀλλά
919 2495 1079 2575 λιμὸν
1106 2494 1201 2548 τοῦ
1225 2494 1454 2548 ἀκοῦσαι
1482 2492 1639 2562 λόγον
1668 2490 1894 2570 Κυρίου.

326 2587 434 2640 Καὶ
482 2585 906 2657 σαλευθήσονται
941 2583 1130 2649 ὕδατα,
1164 2586 1270 2649 ἕως
1299 2585 1594 2655 θαλάσσης,
1642 2584 1737 2638 καὶ
1790 2580 1899 2635 ἀπὸ

325 2674 499 2745 βορρᾶ
543 2674 646 2737 ἕως
688 2674 956 2746 ἀνατολῆς
1004 2674 1464 2746 περιδραμοῦνται
1494 2671 1780 2743 ζητοῦντες
1807 2670 1899 2725 τὸν

325 2763 481 2832 λόγον
533 2764 766 2836 Κυρίου,
813 2766 909 2819 καὶ
939 2764 999 2819 ού
1031 2764 1107 2835 μὴ
1162 2763 1458 2835 εὖρωσιν.»
1490 2758 1585 2828 Οἷς
1628 2761 1736 2834 γὰρ
1780 2761 1901 2829 ἐξὸν

330 2854 471 2926 ἔχειν
500 2856 661 2910 αὑτὸν
693 2856 788 2910 καὶ
832 2856 975 2929 μάλα
1014 2856 1303 2923 πλουσίως,
1334 2850 1902 2909 ἀνούσταταδιωοού-

337 2962 520 3016 μενοι,
575 2946 738 3018 ψήφῳ
758 2945 941 3001 λοιπὸν
991 2946 1113 3019 θείᾳ
1166 2947 1507 3011 κολάζονται,
1565 2947 1628 3000 τὰ
1683 2945 1902 2999 πάντων

336 3036 535 3106 ἄριστα
575 3035 952 3108 ζημιούμενοι,
999 3038 1093 3090 καὶ
1127 3037 1193 3091 τὰ
1218 3037 1286 3090 δι’
1315 3031 1390 3091 ὧν
1433 3032 1503 3109 ἦν
1552 3037 1701 3101 εἰκὸς
1733 3052 1902 3090 κατα-

1994 1943 2137 2000 fame
2152 1945 2323 2001 etiam
2345 1952 2473 1999 sunt
2493 1945 2765 2001 exstincti.
2779 1945 2932 2012 Quod
2953 1956 3009 2002 et
3023 1947 3117 2018 Dei
3134 1962 3267 2002 voce
3287 1964 3318 2002 a
3338 1949 3576 2018 prophe-

1997 2036 2066 2090 tis
2088 2037 2441 2106 pracdictum:
2468 2056 2486 2088 ‹
2520 2037 2662 2093 Ecce
2695 2037 2814 2093 dies
2845 2037 3093 2104 veniunt,
3129 2039 3263 2094 dicit
3287 2040 3569 2103 Dominus,

1996 2138 2051 2182 et
2082 2128 2326 2183 emittam
2365 2130 2563 2184 famem
2603 2145 2769 2199 super
2803 2138 3024 2197 terram,
3054 2148 3162 2185 non
3190 2132 3367 2187 famen
3394 2133 3572 2203 panis,

1999 2233 2175 2288 neque
2205 2219 2352 2274 sitim
2381 2235 2554 2290 aquas,
2584 2220 2680 2275 sed
2702 2220 2898 2276 famem
2929 2222 3186 2277 audiendi
3211 2224 3439 2279 verbum
3466 2222 3576 2279 Do-

1999 2308 2154 2364 mini.
2194 2308 2264 2363 Et
2290 2310 2783 2365 commovebuntur
2823 2326 2977 2381 aquae
3015 2312 3083 2366 de
3121 2313 3257 2368 mari
3296 2330 3467 2385 usque
3507 2314 3575 2370 ad

1998 2415 2170 2465 mare,
2195 2409 2251 2456 et
2286 2400 2354 2457 ab
2389 2400 2645 2471 aquilone
2673 2418 2845 2472 usque
2872 2402 2936 2457 ad
2966 2404 3234 2459 orientem
3264 2405 3580 2462 circuibunt

2000 2497 2305 2560 quaerentes
2319 2491 2551 2546 verbum
2571 2491 2810 2558 Domini,
2831 2501 2887 2547 et
2907 2508 3016 2547 non
3038 2493 3317 2550 invenient
3334 2496 3400 2550 ⁸⁸.
3432 2515 3450 2548 ι
3473 2495 3578 2564 Qui

2002 2590 2183 2636 tamen
2215 2581 2497 2651 possidere
2534 2582 2641 2638 hoc
2680 2582 2858 2653 ipsum
2896 2583 2991 2639 Dei
3040 2585 3291 2652 verbum,
3319 2594 3375 2640 et
3405 2586 3580 2641 abun-

2001 2671 2068 2726 de
2100 2671 2262 2742 395
2293 2672 2516 2741 quidem
2557 2689 2681 2728 cum
2717 2681 2959 2744 possent,
2989 2676 3309 2731 stultissime
3333 2675 3386 2731 id
3407 2679 3581 2748 repel-

2001 2762 2200 2828 lentes,
2240 2763 2340 2818 Dei
2371 2764 2591 2819 tandem
2623 2765 2834 2836 judleio
2858 2781 3049 2834 pmnas
3069 2765 3364 2833 dederunt,
3392 2783 3579 2823 rerum

2002 2853 2245 2908 omnium
2272 2855 2849 2923 przestantissimarum
2874 2855 3139 2912 facientes
3173 2858 3443 2929 jacturam
3472 2875 3486 2925 ;
3524 2869 3582 2916 et

2001 2943 2205 3014 quibus
2226 2944 2388 2999 ditari
2411 2944 2808 3015 propemodum
2836 2945 3103 3014 potuisse,
3122 2947 3439 3002 cmlestibus
3456 2948 3581 3004 dico

2001 3035 2182 3101 bonis,
2232 3045 2564 3105 appareret;
2615 3035 2713 3091 sed
2763 3051 2859 3090 eos
2900 3037 2994 3106 qui
3040 3037 3300 3093 nolebant
3326 3022 3579 3107 credere,

341 3127 590 3180 πλουτεῖν
627 3128 904 3199 μονονουχὶ
935 3128 1192 3182 δύνασθαι
1236 3130 1350 3192 τοῖς
1394 3127 1599 3183 ἄνωθεν
1640 3128 1897 3197 ἀγαθοῖςο

2004 3127 2231 3197 insuper
2263 3137 2319 3182 et
2349 3127 2589 3182 divinam
2625 3122 3118 3199 admirabi'lemque
3158 3130 3386 3201 gratiam
3414 3132 3582 3202 impie

335 3218 452 3272 ἀλλ’
487 3220 712 3284 ἐκείνοις
748 3221 844 3290 μὲν
876 3221 1115 3276 ἀπειθεῖν
1160 3221 1459 3292 ἑλομένοις,
1491 3221 1586 3276 καὶ
1626 3221 1725 3291 τὴν
1751 3220 1900 3274 θείαν

333 3327 394 3363 τε
425 3311 519 3363 καὶ
563 3310 888 3380 ἀξιάγαστον
925 3314 1084 3383 χάριν
1121 3312 1349 3377 ἀνοσίως
1383 3311 1846 3385 περιυϐρίζουσιν,
1874 3310 1903 3364 ὁ

332 3401 441 3455 τῶν
471 3400 635 3455 θείων
682 3402 1018 3475 μαθημάτων
1039 3403 1602 3473 λιμὸςὲπενήνεκται,
1630 3401 1727 3456 καὶ
1771 3401 1903 3470 σφό-

333 3492 437 3564 δρα
472 3493 714 3558 εἰκότως.
760 3493 917 3565 Ἡμῖν
946 3494 1002 3548 δὲ
1048 3498 1160 3559 τοῖς
1210 3496 1290 3559 είς
1334 3494 1498 3549 αὑτὸν
1540 3493 1904 3559 πιστεύουσιν,

337 3583 499 3655 ἄρτος
528 3583 673 3655 ζωῆς
703 3585 923 3653 γέγονεν
953 3587 982 3638 ὁ
1024 3585 1396 3657 Ἐμμανουὴλ,
1434 3604 1452 3638 ι
1492 3586 1683 3657 ‘Apto;
1726 3585 1785 3652 ἐξ
1821 3585 1906 3637 οὐ·

340 3673 497 3744 ρανοῦ
526 3673 786 3739 καταόὰς,
816 3674 910 3727 καὶ
950 3673 1095 3746 ζωὴν
1140 3675 1314 3739 διδοὺς
1363 3674 1441 3748 τῷ
1470 3674 1659 3747 κόσμῳ
1681 3688 1695 3703 ·
1717 3692 1737 3727 ι
1772 3676 1831 3728 ὲν
1863 3667 1908 3744 ᾧ

336 3765 431 3819 καὶ
461 3765 526 3817 δι’
554 3759 615 3819 οὗ
645 3763 707 3817 τὸ
740 3765 988 3836 θεομισὲς
1009 3768 1109 3835 τῆς
1128 3766 1333 3838 φθορᾶς
1381 3766 1738 3837 ὑπερθέοντος
1780 3767 1907 3839 κράο

334 3874 446 3922 τος,
480 3857 574 3910 καὶ
625 3856 722 3928 τὴν
751 3857 957 3911 ἄνωθεν
990 3858 1085 3910 καὶ
1127 3859 1186 3924 ἐξ
1227 3857 1458 3929 οὐρανοῦ
1510 3858 1910 3931 μεταμφιεννύ-

339 3964 492 4018 μενοι
511 3948 690 4019 χάριν,
724 3949 997 4016 τουτέστι,
1050 3949 1149 4021 τὴν
1196 3949 1524 4021 ἀφθαρσίαν,
1580 3950 1911 4021 προκεκομί-

338 4037 517 4109 σμεθα
564 4038 640 4108 τῷ
669 4038 790 4110 Θεῷ
831 4040 927 4093 καὶ
973 4040 1172 4111 Πατρὶ,
1213 4039 1457 4111 λαμπροί
1506 4056 1567 4093 τε
1619 4041 1712 4094 καὶ
1748 4039 1903 4110 ἱεροί.

339 4129 449 4181 Καὶ
477 4128 529 4182 τί
565 4128 674 4201 γὰρ
703 4129 824 4200 οὐχὶ
851 4130 959 4184 τῶν
1002 4131 1259 4184 τοιούτων
1316 4131 1751 4201 πεπλουτηκότες
1795 4131 1911 4183 δια-

335 4220 601 4292 τελοῦμεν
629 4224 688 4275 ὲν
713 4223 937 4294 κόσμῳ;
994 4225 1106 4287 τοῖς
1152 4222 1415 4286 τοιούτοις
1459 4209 1606 4292 ἡμᾶς
1658 4222 1910 4292 ἐφίστησι

335 4311 616 4381 λογισμοῖς
650 4311 712 4365 τὸ
743 4312 979 4384 γράμμα
1031 4315 1093 4366 τὸ
1148 4311 1391 4383 νομικόν.
1429 4312 1581 4381 Ἔχει
1628 4310 1685 4364 δὲ
1727 4308 1906 4363 οὕτω·

343 4421 362 4455 ι
382 4403 493 4457 Καὶ
526 4403 754 4473 ὲλάλησε
795 4405 1000 4477 Κύριος
1059 4404 1196 4477 προς
1228 4403 1453 4474 Μωσῆν,
1486 4403 1662 4472 λέγων
1684 4417 1698 4431 ⁸
1734 4402 1910 4472 Λάλη-

2006 3218 2451 3280 contemnebant,
2484 3218 2684 3273 divinae
2718 3218 2982 3283 doctrinae
3010 3219 3183 3276 fames
3205 3221 3405 3277 invasit
3435 3238 3450 3288 ;
3479 3236 3584 3279 nec

2007 3310 2303 3365 immerito.
2358 3311 2530 3366 Nobis
2564 3326 2698 3367 vero
2724 3311 2780 3366 in
2805 3313 2900 3367 Dei
2930 3312 3170 3368 Verbum
3201 3314 3579 3383 credentibus,

2007 3403 2165 3472 panis
2226 3403 2352 3458 vitae
2402 3402 2578 3459 factus
2633 3411 2718 3460 est
2770 3405 3129 3471 Emmanuel,
3197 3424 3217 3456 ι
3275 3407 3433 3476 panis
3485 3407 3580 3478 qui

2007 3493 2075 3547 de
2130 3494 2270 3549 coelo
2321 3494 2626 3561 descendit,
2668 3502 2725 3551 et
2755 3496 2922 3550 vitam
2949 3495 3084 3552 dans
3117 3497 3325 3553 mundo
3344 3499 3433 3566 '7;
3473 3518 3491 3552 ι
3526 3499 3584 3554 in

2007 3600 2118 3654 quo
2169 3593 2225 3640 et
2269 3601 2367 3655 per
2398 3602 2560 3655 quem
2590 3594 2843 3656 superata
2874 3587 2987 3641 Deo
3018 3587 3193 3643 invisa
3216 3590 3587 3659 corruptionis

2008 3676 2060 3730 vi
2094 3686 2150 3731 et
2180 3692 2415 3746 superna
2448 3678 2769 3747 ccelestique
2806 3677 2985 3732 induti
3021 3679 3216 3750 gratia,
3250 3679 3355 3733 hoe
3388 3688 3475 3733 est
3496 3678 3585 3732 iu-

2009 3770 2397 3838 corruptione,
2443 3784 2473 3823 a
2521 3769 2634 3823 Deo
2688 3769 2849 3824 Patre
2896 3770 3144 3825 claritate
3192 3777 3249 3823 et
3299 3770 3586 3826 sanctitate

2011 3859 2258 3913 adornati
2289 3874 2496 3913 sumus.
2532 3859 2601 3913 Et
2623 3859 2817 3928 quidni
2847 3860 2933 3913 his
2966 3859 3123 3913 dilati
3158 3860 3320 3914 bonis
3351 3860 3585 3916 feliciter

2010 3963 2235 4019 agamus
2294 3949 2350 4001 in
2398 3950 2591 4001 terra?
2634 3948 2843 4003 Littera
2890 3949 3081 4018 legalis
3130 3950 3187 4004 id
3243 3950 3445 4007 talibus
3485 3967 3587 4007 nos

2010 4038 2171 4093 docet
2208 4038 2534 4092 rationibus.
2581 4038 2671 4094 Sic
2706 4040 2852 4093 enim
2877 4040 3082 4094 habet:
3121 4059 3139 4092 ι
3169 4041 3236 4095 Ει
3258 4041 3475 4098 locutus
3502 4053 3588 4098 est

2009 4130 2273 4183 Dominus
2311 4129 2378 4183 ad
2422 4129 2661 4201 Moysen,
2697 4130 2922 4185 dicens:
2959 4131 3208 4201 Loquere
3247 4131 3374 4188 filiis
3398 4134 3584 4200 Israel,

2010 4230 2065 4275 et
2094 4221 2246 4275 dices
2278 4222 2345 4276 ad
2387 4238 2483 4277 eos
2523 4240 2536 4277 :
2588 4223 2647 4277 In
2690 4223 3050 4293 ingrediendo
3075 4239 3173 4279 vos
3195 4224 3250 4279 in
3273 4233 3499 4292 terram,
3531 4227 3587 4282 in

2010 4328 2172 4382 quam
2207 4328 2308 4384 ego
2361 4312 2563 4368 induco
2600 4328 2699 4368 vos
2751 4313 2903 4379 illuc,
2946 4322 3002 4369 et
3033 4314 3141 4369 erit
3177 4317 3397 4385 quando
3432 4332 3585 4372 com-

2012 4405 2189 4459 edetis
2216 4420 2315 4460 vos
2347 4404 2414 4460 de
2450 4405 2685 4475 panibus
2718 4412 2901 4467 terrae,
2936 4405 3171 4462 demetis
3205 4407 3590 4478 demptionem-

340 4509 432 4546 σον
467 4496 578 4558 τοῖς
624 4496 761 4558 υἱοῖς
801 4495 1039 4567 Ἰσραὴλ,
1075 4497 1169 4549 καὶ
1191 4497 1334 4566 ἐρεῖς
1374 4493 1510 4567 πρδς
1550 4495 1778 4559 αὐτούς·
1819 4495 1900 4548 Ἐν

2011 4495 2441 4566 segregationem
2482 4495 2733 4560 Domino,
2768 4496 3038 4566 primitias
3062 4499 3466 4568 conspersionis
3490 4515 3587 4554 ve-

337 4583 419 4655 τῷ
440 4585 850 4657 εἰσπορεύεσθαι
868 4587 1009 4657 ὑμᾶς
1028 4588 1107 4650 είς
1123 4586 1222 4657 τὴν
1243 4586 1369 4656 γῆν,
1395 4587 1473 4649 εἰς
1495 4588 1559 4656 ἦν
1576 4584 1686 4654 ἐγὼ
1701 4585 1906 4654 εἰσάγω

340 4675 485 4745 ὑμᾶς
528 4677 661 4744 ἐκεῖ,
702 4678 797 4731 καὶ
830 4676 1002 4741 ἐσται,
1032 4677 1162 4730 ὅταν
1196 4675 1411 4747 ἐσθίητε
1461 4676 1618 4746 ὑμεῖς
1656 4677 1764 4730 ἀπὸ
1800 4676 1907 4731 τῶν

334 4765 519 4839 ἄρτων
550 4770 648 4838 τῆς
691 4768 818 4836 γῆς,
858 4768 1107 4836 ἀφελείτε
1168 4769 1474 4838 ἀφαίρεμα,
1513 4768 1797 4838 ἀφόρισμα
1827 4767 1906 4838 τῷ

336 4858 547 4928 Κυρίῳ,
577 4857 832 4928 ἀπαρχὴν
855 4858 1173 4928 φυράματος
1210 4858 1382 4927 ὑμῶν’
1418 4857 1581 4929 ἄρτον
1624 4856 1906 4927 ἀφαίρεμα

332 4949 642 5019 ἁφαιριεῖτε
688 4947 819 5002 αὐτὸ
868 4948 944 5011 ὡς
983 4948 1263 5019 ἀφαίρεμα
1313 4947 1420 5001 ἀπὸ
1461 4948 1686 5011 ἅλωνος,
1733 4946 1906 5010 οὕτως

332 5041 613 5110 ἀφοριεῖτε
671 5038 843 5094 αὑτόο
906 5039 1159 5111 ἀπαρχὴν
1208 5041 1525 5109 φυράματος
1588 5039 1760 5109 ὑμῶν,
1810 5040 1906 5093 καὶ

333 5132 533 5184 δώσετε
563 5133 848 5205 ἀφαίρεμα
868 5132 1056 5203 Κυρίῳ
1080 5133 1158 5195 είς
1186 5132 1285 5196 τὰς
1307 5131 1497 5200 γενεὰς
1531 5130 1703 5201 ὑμῶν.
1735 5132 1903 5185 Ὅταν

334 5219 391 5271 δὲ
416 5218 769 5291 διαμάρτητε,
805 5221 899 5274 καὶ
937 5220 1010 5292 μὴ
1036 5222 1300 5291 ποιήσητε
1346 5222 1528 5283 πάσας
1557 5221 1653 5283 τὰς
1686 5220 1903 5281 ἐντολὰς

332 5308 561 5374 ταύτας,
598 5311 661 5375 ἀς
688 5312 915 5383 ἐλάλησε
942 5312 1144 5384 Κύριος
1177 5312 1311 5383 πρὸς
1350 5312 1577 5380 Μωσῆν,
1610 5310 1752 5365 καθὰ
1786 5327 1911 5364 συν-

333 5398 496 5464 έταξε
540 5402 744 5475 Κύριος
783 5407 811 5459 ὁ
856 5405 989 5468 Θεὸς
1030 5407 1158 5475 ὑμῖν
1204 5406 1261 5457 ἐν
1311 5403 1451 5475 χειρὶ
1473 5402 1647 5473 Μωσῆ
1677 5402 1781 5457 ἀπὸ
1814 5403 1912 5472 τῆς

330 5491 570 5563 ἡμέρας,
713 5495 976 5560 συνέταξε
1017 5496 1221 5567 Κύριος
1268 5495 1404 5565 πρὸς
1446 5495 1611 5566 ὑμᾶς,
1678 5495 1770 5548 καὶ
1816 5498 1911 5548 ἐπ-

333 5581 519 5635 έκεινα
543 5585 623 5647 είς
643 5586 742 5647 τὰς
758 5586 949 5652 γενεὰς
977 5585 1149 5655 ὑμῶν·
1188 5587 1281 5640 καὶ
1311 5586 1483 5653 ἔσται,
1511 5584 1604 5637 ἐὰν
1634 5582 1691 5648 ἐξ
1711 5584 1904 5653 ὀφθαλ-

2008 4597 2154 4641 strae.
2193 4587 2392 4642 Panem
2420 4585 2773 4657 segregabitis
2802 4588 3170 4658 demptionem
3193 4589 3399 4660 ipsam;
3446 4590 3591 4645 sicut

2011 4678 2380 4748 demptionem
2422 4678 2491 4733 ab
2525 4693 2674 4743 area,
2716 4679 2794 4734 sic
2830 4678 3063 4736 demetis
3092 4681 3293 4752 ipsum,
3316 4683 3588 4752 primitias

2011 4768 2417 4839 conspersionis
2464 4778 2680 4834 vestrm,
2731 4778 2787 4824 et
2822 4770 3025 4826 dabitis
3052 4773 3285 4828 Domino
3317 4773 3585 4842 demptio-

2013 4874 2139 4914 nem
2180 4860 2233 4913 in
2265 4860 2557 4930 progenies
2592 4867 2824 4914 vestras.
2860 4860 3088 4927 Quando
3120 4870 3302 4915 autem
3322 4876 3586 4931 peccave-

2013 4949 2135 5004 ritis
2175 4957 2231 5003 et
2274 4964 2384 5003 non
2421 4949 2662 5005 feceritis
2692 4951 2875 5004 omnia
2909 4950 3163 5005 mandata
3195 4951 3311 5006 haec
3341 4968 3463 5021 quae
3502 4952 3585 5007 lo-

2011 5048 2171 5094 cutus
2208 5045 2291 5093 est
2330 5038 2593 5093 Dominus
2633 5038 2699 5091 ad
2732 5038 2970 5108 Moysen,
3000 5037 3141 5091 sicut
3173 5043 3433 5109 praecepit
3480 5040 3588 5093 Do-

2013 5130 2194 5184 minus
2250 5128 2405 5184 vobis
2454 5128 2508 5182 in
2564 5143 2725 5181 manu
2772 5127 2960 5197 Moysi,
3005 5142 3033 5180 a
3063 5127 3152 5182 die
3190 5144 3296 5198 qua
3326 5131 3585 5201 praecepit

2012 5220 2274 5275 Dominus
2315 5218 2383 5274 ad
2426 5234 2545 5283 vos,
2595 5227 2652 5272 et
2689 5218 2830 5272 ultra
2870 5219 2923 5272 in
2947 5217 3237 5287 progenies
3260 5228 3503 5285 vestras;
3530 5230 3588 5276 et

2008 5311 2148 5373 erit,
2198 5309 2244 5365 si
2298 5308 2366 5363 ab
2416 5309 2590 5363 oculis
2630 5323 2913 5379 synagoga:
2942 5308 3144 5363 factum
3177 5309 3345 5366 fuerit
3375 5312 3585 5383 aliquid

2008 5414 2117 5455 non
2139 5406 2355 5469 sponte,
2377 5404 2431 5452 et
2452 5396 2612 5452 faciet
2634 5398 2812 5452 omnis
2836 5397 3116 5469 Synagoga
3154 5400 3384 5456 vitulum
3413 5418 3580 5457 unum

2009 5507 2073 5544 ex
2098 5489 2722 5553 bobusimmaeulatum,
2753 5488 2807 5542 in
2835 5489 3238 5561 holocaustum,
3279 5492 3335 5547 in
3360 5492 3584 5549 odorem

2011 5582 2297 5638 suavitatis
2326 5579 2578 5644 Domino,
2614 5590 2666 5636 et
2702 5580 3029 5636 sacrificium
3055 5581 3239 5653 hujus,
3273 5585 3585 5641 etlibamen

404 5757 450 5792 ⁸·
483 5760 688 5818 Jerem.
712 5783 826 5832 vm,
864 5770 916 5825 9.
993 5772 1037 5803 ⁸³
1066 5772 1236 5829 lCor.
1268 5791 1303 5835 ι,
1329 5773 1414 5825 50.
1489 5773 1532 5803 “
1564 5771 1749 5825 Matth.
1776 5787 1899 5826 mn

2001 5773 2031 5826 Κ
2110 5771 2154 5821 8‘6
2190 5772 2373 5833 Αωοθ
2402 5785 2506 5833 "m:
2558 5770 2646 5835 Η,
2690 5770 2766 5823 ⁸⁵3-
2848 5768 2889 5797 3’
2929 5769 3179 5831 30:111.“,
3213 5772 3270 5823 εΗ
3301 5812 3313 5835 ,
3342 5771 3428 5834 51,
3463 5767 3548 5824 58.

655 5860 924 5926 Parum.
965 5869 1080 5930 Gn.
1128 5870 1333 5929 LXIX.

3158 5866 3231 5926 $20
