4094 6282
580 371 693 430 ﬂ‘)

1610 372 1670 428 ε.
1711 371 1986 428 οϊιιιιιι
2024 371 2498 430 ΑιΕΧΑΝυΒιΝι
2538 372 2859 429 ARCHIEP.

3750 376 3853 434 620

587 493 709 564 ejus
725 493 879 562 juxta
903 489 1350 547 constitutionem
1376 489 1550 561 ipsius
1572 499 1627 546 et
1653 491 1869 546 hircum
1891 507 1961 547 ex
1982 494 2163 563 capris

2271 494 2390 563 μῶν
2418 497 2515 567 τῆς
2556 494 2879 565 συναγωγῆς
2926 492 3196 557 ἀκουσίως
3233 493 3463 565 γενηθῇ,
3490 493 3583 547 καὶ
3639 498 3853 568 ποιήσει

591 588 762 639 unum
800 598 901 653 pro
940 592 1188 652 peccato.
1223 582 1291 636 Et
1323 582 1577 638 exorabit
1609 583 1869 640 sacerdos
1892 601 1993 654 pro
2019 586 2170 640 omni

591 687 863 745 synagoga
906 669 1142 727 ﬁliorum
1190 670 1380 738 Israel,
1429 680 1486 729 et
1532 672 1845 728 remittetur
1876 673 1977 739 eis,
2027 688 2168 743 quo-

586 766 734 820 niam
779 779 891 818 non
933 770 1298 833 spontaneum
1337 775 1452 831 est;
1491 773 1549 820 et
1572 764 1676 835 ipsi
1701 765 2024 821 obtulerunt
2047 782 2169 820 mu-

587 870 693 910 nus
716 871 877 910 suum
910 855 1246 911 oblationem
1272 856 1506 911 Domino
1534 872 1634 926 pro
1664 867 1891 927 peccato
1911 873 2012 912 suo
2042 866 2169 913 ante

585 946 880 1002 Dominum
917 962 1018 1017 pro
1048 962 1159 1003 non
1189 949 1509 1018 spontaneis
1558 948 1692 1004 suis.
1749 949 1817 1004 Et
1857 949 2170 1006 dimittetur

582 1036 736 1093 omni
783 1052 1069 1108 synagoga:
1115 1036 1355 1092 ﬁliorum
1402 1038 1588 1103 Israel,
1639 1046 1697 1092 et
1749 1040 1899 1094 omni
1944 1039 2169 1096 advena:

578 1131 837 1202 apposito
866 1114 937 1184 ad
960 1145 1079 1195 vos,
1125 1130 1383 1199 quoniam
1412 1130 1561 1185 omni
1585 1132 1788 1201 populo
1810 1147 1922 1186 non
1944 1141 2166 1203 sponta-

585 1235 774 1276 neum.
790 1217 950 1285 Quod
973 1219 1017 1275 si
1039 1219 1221 1274 anima
1246 1236 1355 1275 una
1378 1221 1625 1290 peccavit
1652 1238 1761 1276 non
1791 1233 2007 1293 sponte,
2035 1224 2170 1278 oﬂ‘e—

584 1320 673 1369 ret
697 1328 916 1383 capram
961 1328 1123 1367 unam
1149 1312 1463 1367 anniculam
1486 1328 1587 1383 pro
1610 1322 1855 1383 peccato.
1883 1315 1951 1368 Et
1971 1330 2160 1370 exora-

582 1405 666 1460 bit
700 1404 958 1460 sacerdos
987 1420 1091 1474 pro
1108 1405 1319 1469 anima,
1356 1420 1477 1475 quae
1499 1420 1611 1460 non
1632 1414 1826 1476 sponte
1846 1406 2011 1478 396
2032 1407 2162 1477 egit,

578 1504 637 1550 et
678 1511 802 1565 quae
851 1495 1100 1565 peccavit
1147 1510 1332 1550 coram
1382 1497 1637 1562 Domino,
1683 1514 1913 1555 exorare
1943 1516 2044 1571 pro
2073 1516 2163 1556 eo.

580 1587 650 1642 Et
696 1586 1008 1642 dimittetur
1054 1586 1325 1659 indigenae
1370 1587 1426 1641 iu
1467 1588 1596 1644 ﬁliis
1635 1590 1824 1655 Israel,
1863 1599 1920 1646 et
1942 1591 2167 1650 advenae

580 1679 832 1750 apposito
870 1679 927 1735 in
957 1679 1134 1735 vobis.
1166 1679 1279 1735 Lex
1311 1695 1419 1735 una
1450 1682 1556 1736 erit
1597 1682 1655 1737 in
1700 1683 1802 1750 eis,
1849 1685 2166 1757 quicunque

580 1769 776 1825 fecerit
809 1785 920 1825 non
953 1778 1150 1841 sponte
1181 1771 1247 1826 ⁸⁸.
1286 1792 1303 1823 ι
1337 1772 1407 1827 Ει
1441 1775 1558 1829 haec
1581 1774 1803 1845 quidem
1826 1777 1882 1830 in
1907 1778 2164 1835 Numeris

576 1862 838 1933 leguntur
869 1881 883 1930 ;
911 1864 968 1918 in
999 1863 1246 1920 Levitico
1266 1866 1431 1935 paulo
1452 1866 1614 1921 aliter
1632 1869 1956 1938 mysterium
1983 1879 2165 1926 trans-
2197 1851 2239 1906 Β

573 1956 726 2021 tulit,
761 1971 873 2011 non
905 1964 1087 2012 tamen
1125 1957 1377 2013 dissimili
1401 1959 1697 2014 admodum
1724 1962 2166 2020 consideratione

578 2046 845 2102 adhibita.
874 2050 985 2118 Age
1014 2049 1200 2120 igitur,
1221 2059 1276 2105 et
1299 2051 1495 2105 borum
1516 2052 1853 2108 mentionem
1878 2053 2162 2119 faciamus,

577 2138 1027 2209 quandoquidem
1062 2141 1285 2212 cognitu
1316 2142 1612 2197 admodum
1655 2153 1785 2200 sunt
1827 2147 2163 2213 necessaria,

578 2248 744 2288 unam
797 2249 866 2289 ex
920 2243 1156 2306 utroque
1206 2236 1332 2291 loco
1382 2239 1754 2294 narrationem
1786 2251 2162 2299 contexentes.

575 2322 670 2378 Sic
714 2324 863 2379 enim
904 2339 1125 2379 rursum
1156 2326 1325 2381 habet
1354 2346 1367 2381 :
1409 2347 1427 2379 ‹
1456 2328 1525 2384 Ει
1547 2329 1764 2385 loeutus
1796 2341 1882 2387 est
1903 2333 2167 2389 Dominus

576 2417 646 2472 ad
670 2418 912 2489 Moysen,
948 2418 1140 2474 dicens
1166 2420 1297 2475 :Dic
1323 2420 1449 2476 ﬁliis
1477 2422 1665 2488 Israel,
1692 2434 1749 2478 et
1771 2424 1923 2482 dices
1943 2428 2009 2482 ad
2030 2443 2162 2483 eos:

575 2511 715 2566 Cum
764 2511 1104 2566 intraveritis
1143 2512 1200 2566 in
1249 2520 1452 2568 terram
1495 2530 1659 2585 quam
1682 2530 1785 2586 ego
1808 2516 1879 2571 do
1903 2518 2079 2585 robis,
2109 2527 2167 2575 et

575 2601 923 2657 messueritis
980 2618 1214 2658 messem
1255 2605 1396 2675 ejus,
1443 2605 1637 2662 feretis
1682 2609 2022 2679 manipulum
2054 2610 2167 2680 pri-

576 2695 764 2750 mitias
794 2696 993 2750 messis
1011 2704 1209 2750 vestrae
1238 2696 1305 2751 ad
1334 2697 1700 2754 sacerdotem.
1728 2700 1797 2754 Et
1830 2700 2027 2757 offeret
2050 2718 2165 2759 ma-

577 2788 830 2858 nipulum
872 2802 1060 2843 coram
1086 2788 1338 2854 Domino,
1364 2800 1652 2861 acceptum
1685 2792 1844 2847 vobis
1875 2811 1888 2846 :
1925 2795 2160 2850 crastina

576 2880 665 2935 die
707 2894 738 2933 a
772 2879 949 2949 prima
1009 2880 1206 2936 oﬁ'eret
1251 2881 1405 2935 illum
1448 2881 1724 2937 sacerdos.
1766 2883 1836 2938 Et
1863 2883 2077 2940 facietis
2107 2886 2163 2941 in

575 2972 665 3027 die
690 2972 747 3026 in
767 2988 1095 3043 quacunque
1128 2973 1433 3028 attuleritis
1455 2973 1822 3044 manipulum,
1848 2989 2005 3030 ovem
2044 2977 2163 3033 sine

572 3065 790 3120 macula
831 3065 1148 3120 anniculam
1189 3065 1247 3119 in
1275 3065 1655 3120 holocaustum
1688 3066 1939 3122 Domino.
1976 3067 2043 3124 Et
2073 3084 2162 3124 sa-

2274 588 2424 642 πᾶσα
2457 590 2491 660 ἡ
2542 588 2835 660 συναγωγὴ
2881 587 3079 658 μόσχον
3109 585 3205 640 ἕνα
3237 587 3302 640 ὲκ
3349 584 3489 656 βοῶν
3518 585 3752 658 ἄμωμον
3777 590 3853 652 είς

2269 682 2653 752 ὀλοκαύτωμα,
2703 682 2784 744 εἰς
2838 679 3018 750 ὀσμὴν
3058 678 3288 742 εὐωδίας
3337 677 3417 750 τῷ
3481 679 3696 751 Κυρίῳ,
3762 681 3854 734 καὶ

2272 774 2465 828 θυσίαν
2494 772 2683 826 τούτου
2728 770 2823 824 καὶ
2866 769 3099 839 σπονδὴν
3126 767 3315 833 αὐτοῦ,
3351 767 3495 822 κατά
3528 767 3626 840 τὴν
3657 769 3852 823 σύντα-

2273 863 2353 929 ξιν
2375 862 2558 929 αὐτοῦ,
2592 863 2687 917 καὶ
2720 861 2950 933 χίμαρον
2979 859 3038 925 ἐξ
3068 859 3238 928 αἰγῶν
3267 859 3361 913 ἕνα
3400 858 3529 930 περὶ
3562 860 3851 931 ἁμαρτίας.

2271 954 2382 1006 Καὶ
2430 952 2747 1019 ὲξιλάσεται
2796 953 2825 1004 ὁ
2874 951 3053 1021 ἱερεὺς
3111 950 3240 1021 περὶ
3292 950 3473 1019 πάσης
3536 949 3853 1019 συναγωγῆς

2269 1045 2399 1099 υίῶν
2440 1044 2674 1117 Ἰσραὴλ,
2727 1044 2821 1097 καὶ
2860 1041 3194 1113 ἀφεθήσεται
3232 1042 3436 1107 αὐτοῖς,
3463 1042 3545 1095 ὅτι
3603 1042 3852 1096 ἀκούσιόν

2270 1136 2408 1188 ιὶστι⁹
2452 1137 2548 1189 καὶ
2597 1134 2754 1187 αὐτοὶ
2799 1134 3040 1205 ἦνεγκαν
3070 1132 3132 1185 τὸ
3160 1131 3334 1203 δῶρον
3368 1130 3551 1185 αὐτῶν
3576 1131 3853 1202 κάρπωμα

2269 1227 2458 1299 Κυρίῳ
2518 1228 2647 1297 περὶ
2697 1227 2796 1295 τῆς
2850 1224 3128 1295 ἁμαρτίας
3178 1224 3358 1278 αὐτῶν
3395 1224 3573 1279 ἔναντι
3621 1224 3871 1302 Κυρίου,⁴

2268 1320 2400 1390 περὶ
2437 1319 2545 1372 τῶν
2588 1319 2862 1372 ἀκουσίων
2909 1315 3109 1370 αὐτῶν.
3162 1318 3267 1370 Καὶ
3327 1316 3660 1389 ἀφεθήσεται
3704 1319 3849 1389 πάσῃ

2271 1413 2561 1483 συναγωγῇ
2614 1409 2747 1464 υἱῶν
2786 1408 3024 1482 Ἰσραὴλ,
3056 1409 3150 1463 καὶ
3175 1407 3254 1479 τῷ
3307 1409 3637 1480 προσηλύτῳ
3683 1425 3843 1480 προσο

2269 1502 2625 1574 πορευομένῳ
2650 1501 2786 1573 πρὸς
2812 1501 2976 1571 ὑμᾶς,
3006 1501 3086 1554 ὅτι
3126 1501 3291 1554 παντὶ
3319 1500 3398 1571 τῷ
3438 1499 3551 1571 λαῷ
3576 1500 3844 1553 ἀκούσιον.

2281 1593 2405 1646 Ἐἀν
2440 1592 2497 1645 δὲ
2520 1591 2667 1663 ψυχὴ
2699 1591 2798 1663 μία
2830 1591 3054 1663 ἁμάρτῃ
3088 1589 3380 1654 ἀκουσίως,
3413 1590 3675 1661 προσάξει
3723 1588 3849 1660 αἶγα

2271 1683 2399 1753 μίαν
2445 1682 2716 1737 ἐνιαύσιον
2771 1684 2901 1753 περὶ
2955 1681 3250 1753 ἁμαρτίας.
3316 1682 3427 1735 Καὶ
3466 1680 3777 1748 ὲξιλάσεται
3823 1685 3849 1737 ὁ

2271 1775 2449 1846 ἱερεὺς
2471 1774 2600 1846 περὶ
2631 1775 2731 1845 τῆς
2747 1773 2930 1845 ψυχῆς
2956 1774 3522 1846 τῆςάκουσιασθείσης
3545 1775 3642 1829 ναὶ
3669 1776 3847 1846 ἀμαρ-

2266 1865 2465 1937 τούσης
2499 1866 2769 1929 ἀκουσίως
2816 1865 2995 1919 ἔναντι
3042 1864 3252 1936 Κυρίου
3310 1865 3665 1930 ἐξιλάσασθαι
3722 1868 3849 1938 περὶ

2267 1959 2455 2014 αὐτοῦ.
2510 1958 2620 2012 Καὶ
2647 1957 2980 2028 ἀφεθήσεται
3028 1958 3178 2029 αὐτῷ
3214 1957 3296 2030 τῷ
3327 1959 3578 2030 ἐγχωρίῳ
3624 1962 3683 2013 ὲν
3736 1963 3850 2024 τοῖς

2265 2052 2400 2114 υἱοῖς
2435 2050 2672 2123 Ἰσραὴλ,
2712 2050 2807 2106 καὶ
2856 2049 2935 2120 τῷ
2989 2049 3312 2123 προσηλύτῳ
3356 2051 3435 2121 τῷ
3467 2052 3850 2123 προσκειμένῳ

2264 2146 2323 2198 ὲν
2356 2145 2557 2207 αὐτοῖς.
2592 2143 2777 2214 Νόμος
2814 2137 2896 2207 εἷς
2933 2142 3166 2197 ἕσταιὲν
3187 2144 3393 2208 αὐτοῖς,
3427 2142 3487 2207 ὃς
3518 2144 3615 2197 ὲάν
3644 2146 3849 2219 ποιήσῃ

2264 2238 2558 2301 ἀκουσίως.
2591 2255 2609 2288 ι
2651 2236 2765 2290 Καὶ
2813 2236 2986 2289 ταῦτα
3045 2235 3144 2306 μὲν
3191 2237 3249 2290 ὲν
3282 2232 3406 2300 τοῖς
3439 2236 3718 2308 ’Δριθμοῖς
3742 2253 3756 2266 °
3793 2242 3846 2290 ὲν

2262 2329 2319 2382 δὲ
2366 2328 2445 2400 τῷ
2494 2327 2769 2399 Λευῖτικῷ
2813 2329 3111 2400 διαμορφοῖ
3161 2327 3262 2399 μὲν
3294 2328 3500 2399 ἑτέρως
3547 2328 3610 2382 τδ
3642 2330 3847 2400 μυστή-

2268 2435 2402 2490 ριον,
2436 2418 2576 2488 πλὴν
2615 2418 2676 2471 οὐ
2739 2418 2948 2491 σφόδρα
2985 2419 3120 2491 πρὸς
3151 2418 3520 2491 ἀνομοιότητα
3570 2419 3845 2492 διεστήκει

2263 2511 2330 2565 τὰ
2376 2510 2731 2582 θεωρήματα.
2762 2510 2900 2581 Φέρε
2932 2511 2997 2582 δὴ
3029 2506 3122 2565 οῦν
3165 2510 3435 2565 κάκείνων
3469 2512 3840 2583 ἐπιμνησθέν-

2262 2620 2375 2666 τες,
2407 2603 2530 2656 ἐπεὶ
2560 2604 2622 2656 τὸ
2647 2603 2767 2656 λίαν
2793 2603 2933 2657 εἰσιν
2984 2603 3260 2673 ἀναγκαῖα
3286 2603 3421 2674 πρὸς
3451 2605 3676 2677 εἴδησιν,
3718 2610 3847 2678 μίαν

2263 2694 2451 2766 ὡσπερ
2485 2695 2573 2747 ἐπ’
2613 2696 2816 2765 ἀμφοῖν
2856 2692 3234 2767 ἔξυφαίνωμεν
3285 2696 3381 2769 τὴν
3414 2699 3713 2770 ἀφήγησιν.
3744 2700 3845 2753 Γέ-

2262 2802 2508 2856 γραπται
2563 2785 2620 2839 δὲ
2670 2785 2815 2839 οὓτω
2872 2776 3070 2840 πάλιν
3138 2788 3297 2841 «Καὶ
3355 2788 3591 2861 ἐλάλησε
3638 2788 3846 2862 Κύριος

2263 2877 2400 2948 πρὸς
2429 2878 2655 2949 Μωσῆν,
2710 2875 2883 2945 λέγων
2902 2894 2914 2907 ·
2947 2877 3116 2931 Εἰπὸν
3148 2882 3263 2943 τοῖς
3292 2882 3427 2944 υἱοῖς
3470 2873 3712 2953 Ἰσραὴλ,
3755 2883 3846 2937 καὶ

2261 2966 2408 3038 ἐρεῖς
2439 2968 2651 3032 αὐτοῖς⁸
2684 2968 2854 3021 Ὅταν
2900 2968 3179 3041 εἰσέλθητε
3210 2972 3291 3034 εἰς
3340 2969 3438 3042 τὴν
3478 2972 3581 3044 γῆν
3631 2973 3702 3045 ἢν
3737 2973 3847 3043 ἐγὼ

2261 3061 2456 3133 δίδωμι
2495 3063 2645 3132 ὑμῖν,
2710 3061 2804 3115 καὶ
2863 3060 3120 3133 θερίσητε
3170 3063 3263 3116 τὸν
3321 3062 3582 3134 θερισμὸν
3648 3068 3844 3136 αὐτῆς,

572 3155 845 3215 oriﬁcium
883 3157 1081 3227 ipsius,
1137 3156 1276 3212 duas
1325 3156 1568 3213 decimas
1617 3157 1811 3214 similae
1852 3158 2070 3215 refectae
2105 3161 2161 3215 in

2264 3152 2441 3206 οίσετε
2470 3153 2802 3224 δραγμάτων
2825 3152 3201 3224 ἀπαρχὴνντοῦ
3234 3154 3498 3226 θερισμοῦ
3529 3157 3685 3227 ὑμῶν
3709 3159 3843 3231 πρὸς

528 3300 531 3301 ν
574 3249 719 3314 oleo,
767 3249 1103 3304 sacriﬁcium
1137 3249 1369 3304 Domino
1398 3249 1455 3303 in
1490 3248 1715 3304 odorem
1740 3250 2026 3305 suavitatis
2058 3251 2163 3305 Do-

2265 3244 2355 3297 τὸν
2385 3243 2553 3316 ἱερέα.
2606 3245 2716 3297 Καὶ
2771 3244 2976 3298 ἀνοίσει
3009 3245 3069 3299 τὸ
3120 3245 3341 3318 δράγμα
3399 3247 3581 3303 ἔναντι
3630 3251 3841 3323 Κυρίου

576 3340 747 3403 mino,
796 3347 854 3393 et
895 3339 1137 3394 libamen
1180 3341 1329 3410 ejus,
1381 3347 1634 3409 quartam
1683 3338 1795 3393 vini
1858 3347 2070 3409 partem
2109 3349 2163 3396 et

2263 3335 2447 3389 δεκτὺν
2470 3337 2619 3406 ὑμῖν,
2651 3337 2716 3406 τῇ
2746 3335 3008 3408 ἐπαύριον
3030 3336 3132 3406 τῆς
3173 3337 3397 3409 πρώτης
3423 3339 3623 3395 ἀνοίσει
3654 3343 3792 3397 αὐτὸ
3817 3345 3844 3395 ὁ

577 3430 752 3501 panis.
783 3430 854 3484 Et
877 3429 1037 3485 fricta
1060 3430 1252 3485 ebidra
1273 3445 1417 3484 nova
1448 3433 1560 3484 nbn
1581 3430 1885 3485 comedetis
1909 3446 2083 3500 usque
2107 3432 2163 3486 in

2264 3427 2461 3497 ἱερεύς.
2500 3426 2610 3481 Καὶ
2655 3428 2912 3497 ποιήσετε
2957 3429 3015 3481 ὲν
3059 3430 3123 3499 τῇ
3156 3429 3342 3501 ἡμέρᾳ⁵
3382 3432 3440 3484 ὲν
3548 3432 3760 3505 φέρητε
3787 3433 3846 3487 τδ

578 3524 726 3578 hunc
768 3524 950 3593 ipsum
999 3522 1168 3587 diem,
1203 3522 1564 3592 quoadusque
1595 3522 1912 3577 obtuleritis
1934 3506 2163 3579 mullera

2263 3518 2498 3590 δράγμα,
2536 3517 2807 3590 πρόϐατον
2837 3520 3070 3590 ἄμωμον
3100 3519 3374 3575 ἐνιαύσιον
3412 3524 3492 3588 είς
3526 3524 3847 3596 ὀλοκάρπω-

576 3617 689 3672 Deo
734 3625 942 3672 vestro.
980 3614 1312 3685 Legitimum
1360 3613 1757 3682 sempiternum
1791 3613 1846 3667 in
1870 3615 2161 3686 progenies

2263 3627 2335 3680 μα
2361 3609 2440 3680 τῷ
2469 3609 2678 3681 Κυρίῳ.
2709 3610 2820 3663 Καὶ
2850 3610 2947 3682 τὴν
2990 3609 3184 3665 θυσίαν
3213 3612 3379 3667 αὐτοῦ
3407 3614 3501 3668 δύο
3526 3615 3734 3671 δέκατα
3761 3635 3847 3671 σε-

575 3717 805 3773 vestras,
837 3708 895 3762 in
920 3705 1072 3762 omni
1100 3704 1443 3760 habitatione
1474 3713 1654 3759 vestra
1680 3705 1747 3759 “.
1780 3723 1800 3756 ι

2259 3700 2527 3772 μιδάλεως
2573 3701 3060 3773 ἀναπεποιήμένην
3090 3705 3148 3755 ὲν
3178 3703 3365 3776 ἐλαίῳ,
3395 3704 3588 3761 θυσίαν
3620 3708 3705 3780 τῷ
3731 3709 3847 3771 Κυ-

576 3803 676 3877 ρίῳ
704 3803 784 3865 εἰς
816 3799 989 3872 ὀσμὴν
1009 3797 1236 3861 εὐωδίας
1264 3796 1341 3869 τῷ
1365 3797 1573 3869 Κυρίῳ,
1597 3797 1690 3851 καὶ⁵
1714 3796 1943 3870 σπονδὴν
1968 3796 2154 3863 αὑτοῦ,
2194 3797 2256 3852 τὸ
2288 3796 2547 3867 τέταρτον
2570 3794 2714 3847 οἴνου
2764 3795 2858 3848 καὶ
2887 3794 3071 3866 ἄρτου.
3110 3798 3220 3850 Kal.
3254 3801 3615 3871 πεφρυγμένα
3685 3802 3847 3876 χίδρα

572 3896 670 3950 νέα
698 3896 758 3947 οὐ
791 3894 1054 3964 φάγεσθε,
1098 3890 1205 3955 ἓως
1237 3892 1317 3954 εἰς
1355 3889 1525 3962 αὐτὴν
1551 3890 1651 3963 τὴν
1683 3891 1897 3963 ἡμέραν
1925 3888 2156 3961 ταύτην,
2197 3888 2301 3952 ἕως
2333 3888 2399 3942 ἂν
2424 3886 2828 3958 προσενέγκητε
2867 3889 3025 3960 ὑμεῖς
3076 3887 3145 3942 τά
3172 3889 3320 3962 δῶρα
3345 3890 3440 3945 τοῦ
3503 3891 3635 3946 Θεοῦ
3663 3893 3846 3966 ὑμῶν.

572 3986 825 4057 Νόμιμον
863 3985 1080 4039 αἰώνιον
1108 3982 1187 4045 εἰς
1219 3981 1321 4047 τὰς
1349 3980 1544 4051 γενεὰς
1577 3982 1752 4053 ὑμῶν,
1777 3982 1836 4036 ὲν
1873 3982 2022 4053 πάσῃ
2053 3979 2308 4052 κατοικία
2340 3977 2514 4049 ὑμῶν.
2542 3996 2560 4030 ι

640 4081 696 4136 2.
750 4080 1059 4150 Manipulus
1109 4078 1291 4149 itaque
1334 4077 1592 4147 primitiae
1632 4086 1762 4132 sunt
1795 4077 2080 4142 messium,
2103 4086 2159 4132 et

543 4174 703 4229 movi
759 4172 1036 4227 fructuum
1064 4179 1367 4241 proventus
1392 4178 1797 4242 argumentum.
1837 4169 2003 4223 Panis
2028 4183 2159 4223 vero

569 4262 839 4319 frumenti
863 4260 1184 4316 condensati
1204 4266 1309 4323 est,
1334 4267 1390 4315 et
1411 4260 1479 4314 ad
1508 4259 1836 4329 capiendum
1863 4274 2156 4329 coagmen-

574 4355 697 4419 tati,
744 4369 960 4424 unaque
988 4353 1047 4408 in
1082 4352 1345 4408 horreum
1374 4351 1699 4421 comportati
1730 4350 2025 4421 reliquum.
2060 4350 2156 4407 Ol—

2330 4073 2396 4145 β’.
2420 4074 2655 4143 Δράγμα
2681 4072 2779 4143 μὲν
2796 4066 2910 4139 οῦν,
2940 4072 3111 4143 ληῒων
3135 4073 3381 4147 ἀπαρχὴ,
3413 4075 3506 4129 καὶ
3540 4073 3672 4141 νέας
3700 4076 3843 4149 σύμ-

2257 4164 2411 4219 ϐολον
2450 4163 2774 4235 εὐκαρπίας.
2812 4165 3011 4235 "Apro;
3052 4164 3108 4218 δὲ
3154 4161 3221 4219 αῦ
3276 4167 3426 4220 σίτου
3475 4166 3663 4221 λοιπὸν
3715 4185 3841 4222 συνο

2256 4256 2656 4329 αγηγερμένου,
2687 4256 2780 4309 καὶ
2804 4258 2882 4319 είς
2911 4255 3009 4327 τὴν
3043 4255 3244 4310 ἅλωσιν
3282 4258 3724 4327 σεσωρευμένου,
3750 4258 3844 4311 καὶ

2255 4349 2398 4418 τάχα
2442 4365 2543 4401 που
2585 4348 2679 4402 καὶ
2729 4350 2808 4412 εἰς
2858 4348 3027 4412 αὐτὰς
3081 4348 3363 4421 ἀποθήκας
3409 4351 3836 4421 κεκομισμένου.

574 4447 706 4503 ferri
741 4453 927 4501 autem
971 4445 1087 4500 haec
1119 4443 1231 4499 Deo
1255 4442 1323 4498 ab
1347 4442 1417 4497 iis
1437 4442 1532 4513 qui
1550 4443 1662 4513 jam
1687 4448 1892 4497 terram
1915 4441 2154 4513 promis-

2270 4426 2552 4512 ’Ᾱνάθημα
2579 4441 2635 4494 δὲ
2664 4439 2740 4511 τῷ
2765 4439 2884 4510 Θεῷ
2906 4444 3018 4505 τοῖς
3047 4441 3146 4513 ἤδη
3173 4443 3521 4514 κατῳκηκόσι
3548 4442 3649 4513 τῆς
3667 4446 3843 4511 ἐπαγ-

574 4556 689 4596 sam
746 4538 1083 4602 incolerent,
1137 4544 1472 4607 praeceptum
1534 4544 1672 4601 erat,
1712 4542 1774 4590 ut
1820 4535 1874 4589 in
1922 4544 2157 4606 utroque

573 4632 832 4689 Christus
874 4629 1246 4700 intelligatur:
1275 4627 1366 4683 hic
1393 4635 1478 4683 est
1502 4628 1651 4682 enim
1686 4645 1705 4678 ι
1734 4627 1892 4697 panis
1917 4628 1985 4682 de
2019 4627 2159 4682 coelo

574 4719 918 4778 descendens
945 4717 1013 4784 '°,
1050 4737 1068 4769 ι
1117 4733 1180 4771 ac
1203 4717 1508 4781 viviﬁcans,
1540 4724 1597 4771 et
1622 4715 1880 4786 primitiae
1903 4716 2159 4771 fermenti

573 4825 767 4868 eorum
799 4807 896 4879 qui
928 4807 991 4861 .in
1028 4806 1330 4860 novitatem
1372 4804 1499 4859 vitae
1540 4805 1598 4858 in
1632 4804 1753 4874 ipso
1777 4811 2159 4859 restaurantur

576 4910 633 4958 et
670 4898 1093 4956 reaediﬁcantur.
1149 4894 1363 4951 Veteris
1411 4892 1636 4964 quidem
1681 4892 1937 4948 fermenti
1981 4894 2155 4948 Adam

576 4993 835 5066 primitiae
852 4984 1111 5055 exstitit;
1148 4994 1437 5059 postquam
1464 5000 1596 5040 vero
1620 4983 1807 5040 datum
1828 4999 1863 5039 a
1883 4984 1995 5040 Deo
2018 5001 2155 5056 prte-

568 5095 797 5158 ,oeptum
818 5081 1099 5155 negligens
1122 5080 1177 5134 in
1197 5066 1703 5151 praevaricationem
1730 5078 2022 5151 prolapsus
2048 5090 2155 5145 est,

568 5176 945 5237 exsecrandus
986 5188 1111 5229 mox
1144 5181 1224 5227 est
1249 5170 1516 5235 redditus,
1543 5185 1824 5241 genusque
1857 5169 2157 5225 humanum

570 5271 742 5328 morti
766 5277 824 5326 et
859 5264 1201 5338 corruptioni
1246 5262 1544 5319 obnoxium
1583 5262 1637 5316 in
1664 5261 1783 5332 ipso
1814 5260 2020 5317 factum
2047 5268 2149 5316 est.

573 5366 644 5421 ιι
683 5363 940 5420 Christus
976 5357 1237 5431 primitiaa
1272 5354 1499 5411 secundi
1532 5353 1637 5409 fuit
1663 5355 1828 5426 huius
1847 5352 2101 5408 fermeuti
2133 5370 2148 5419 ;

574 5460 668 5530 qui
710 5455 878 5527 etiam
916 5451 1269 5508 maledictum
1304 5447 1512 5519 eﬂugit,
1547 5462 1645 5516 per
1675 5446 2029 5515 semetipsum
2063 5447 2152 5500 ni-

577 5550 802 5614 mirum,
828 5546 959 5602 dum
970 5557 1073 5614 pro
1092 5541 1254 5598 nobis
1266 5539 1443 5595 factus
1458 5550 1542 5594 est
1552 5538 1905 5595 maledictum
1920 5538 1985 5591 9'.
2007 5537 2150 5605 Quin

578 5649 633 5694 et
661 5636 1031 5707 corruptionis
1074 5633 1239 5689 robur
1267 5632 1490 5697 devicit,
1528 5646 1625 5701 per
1649 5630 2002 5700 semetipsum
2024 5646 2152 5684 rur—

2257 4529 2447 4598 γελίας
2477 4530 2578 4601 τὴν
2607 4531 2730 4601 γῆν,
2750 4529 2924 4584 ταῦτα
2945 4530 3215 4585 ποιεῖσθαι
3238 4532 3625 4603 προστέταχεν,
3662 4533 3754 4586 ἵνα
3776 4532 3841 4585 δι’

2257 4621 2462 4693 ἀμφοῖν
2506 4625 2676 4676 νοοῖτο
2711 4623 2947 4694 Χριστός
2973 4639 2986 4653 ·
3024 4642 3043 4674 ι
3073 4622 3235 4695 ἄρτος
3289 4624 3385 4695 μὲν
3446 4623 3505 4688 ἐξ
3558 4624 3835 4694 οὐρανοῦ»

2257 4713 2350 4766 καὶ
2386 4712 2666 4779 ζωοποιδς,
2701 4713 2796 4766 καὶ
2822 4712 3046 4784 ἀπαρχὴ
3080 4712 3405 4785 φυράματος
3450 4714 3559 4768 τῶν
3591 4718 3677 4779 εἰς
3711 4732 3837 4767 και-

2256 4802 2453 4875 νότητα
2502 4803 2647 4874 ζωῆς
2696 4802 3138 4875 ἀνακτιζομένων
3174 4807 3230 4858 ὲν
3260 4806 3432 4878 αὐτῷ.
3462 4806 3569 4860 Τοῦ
3599 4807 3704 4878 μὲν
3731 4807 3840 4877 γὰρ

2255 4895 2611 4966 ἀρχαιοτέρου
2643 4896 2963 4965 φυράματος
3015 4896 3239 4968 ἀπαρχὴ
3284 4897 3508 4967 γέγονεν
3549 4898 3578 4950 ὁ
3626 4897 3836 4966 Ἀδάμ”

2254 4984 2529 5054 ἐπειδὴδὲ
2561 4986 2658 5056 τῆς
2710 4985 2958 5058 δοθείσης
2999 4987 3274 5059 ἀλογήσας
3334 4980 3553 5059 ἐντολῆς
3588 4988 3840 5060 παρώλι-

2257 5072 2384 5127 σθεν
2416 5074 2495 5137 είς
2529 5074 2863 5146 παράϐασιν,
2912 5077 3190 5148 ἐπάρατος
3239 5073 3307 5149 ἦν
3338 5079 3520 5145 εὐθὺς,
3549 5080 3642 5133 καὶ
3673 5078 3840 5133 θανά-

2254 5185 2332 5239 τῳ
2372 5167 2466 5221 καὶ
2516 5169 2691 5241 φθορᾷ
2728 5169 2789 5222 τὸ
2822 5169 3161 5241 ἀνθρώπινον
3187 5173 3244 5225 ὲν
3271 5171 3422 5242 αὐτῷ
3451 5171 3841 5236 κατεδικάζετο

2255 5259 2434 5329 γένος.
2476 5260 2721 5332 Ἀπαρχὴ
2766 5260 2823 5315 δὲ
2857 5262 3092 5334 Χριστὸς
3131 5261 3225 5316 τοῦ
3280 5262 3536 5336 δευτέρου
3573 5263 3838 5335 φυράμα-

2257 5372 2367 5422 τος,
2407 5356 2466 5418 ὃς
2515 5356 2610 5409 καὶ
2663 5355 2850 5428 διέδρα
2897 5356 2997 5428 τὴν
3053 5355 3212 5428 άράν,
3270 5355 3338 5412 δι’
3387 5357 3547 5411 αὐτὸν
3589 5354 3841 5427 δηλονότι

2257 5447 2348 5500 τὸν
2403 5446 2541 5518 ὑπὲρ
2593 5446 2754 5518 ήμῶν
2803 5449 3095 5519 γενόμενον
3142 5448 3406 5520 κατάραν.
3466 5449 3571 5502 Καὶ
3613 5447 3682 5500 τδ
3742 5446 3839 5512 τῆς

2260 5536 2465 5607 φθορᾶς
2502 5536 2832 5610 παρελαύνει
2865 5539 3087 5610 κράτος,
3122 5537 3188 5591 δι’
3205 5537 3368 5592 αὐτὸν
3410 5537 3472 5610 δὴ
3504 5536 3665 5591 πάλιν
3698 5554 3719 5587 ι
3749 5533 3840 5587 τδν

2259 5628 2540 5703 ἐλεύθερον
2600 5632 2657 5684 ὲν
2706 5633 2985 5703 νεκροῖς.»
3052 5630 3274 5686 Ἀνεσίω
3339 5631 3436 5701 μὲν
3489 5629 3596 5702 γάρ
3655 5626 3833 5696 τατήυ

648 5821 888 5882 ⁸³Νιιιιι.
920 5804 1229 5905 auiti-22.
1290 5822 1333 5854 "
1358 5778 1529 5875 bevit.
1568 5836 1714 5886 ut",
1747 5820 1899 5875 9—H.
1977 5821 2021 5852 ’°
2044 5819 2163 5874 Joar

2263 5818 2426 5885 1,55.
2499 5819 2539 5849 "
2583 5818 2757 5872 Galat.
2822 5833 2897 5885 ιιι,
2928 5817 3011 5871 15.
