4094 6282
325 387 422 444 621

1347 373 1867 434 ειΑΡιιγαοιωΜ
1904 372 1972 428 IN
2012 369 2342 429 NUMEROS
2383 371 2609 427 LIBER.

3495 371 3599 427 62‘!

332 514 431 562 σας
470 497 565 551 τὸν
606 495 856 550 θάνατον.
902 491 1201 563 Μονονουχὶ
1231 490 1290 547 δὲ
1338 494 1434 547 καὶ
1464 491 1723 562 ἀνάθημα
1765 490 1913 560 λαμ-

2025 501 2131 551 sum
2176 487 2451 543 exsistens
2497 506 2514 537 ι
2543 487 2688 541 inter
2717 494 2966 543 mortuos
3005 486 3146 541 liber
3171 486 3237 539 ".
3273 504 3289 535 ι
3327 487 3602 542 Resurre-

332 589 469 661 πρδν
490 589 586 644 καὶ
608 585 937 659 δωροφορία,
963 587 1057 639 καὶ
1078 581 1166 640 οἷά
1192 596 1274 649 τις
1293 584 1393 639 ἀνθ
1403 584 1718 657 ρωπότητος
1738 585 1912 653 ἀπαρ-

332 681 438 754 χὴ,
486 677 1022 748 κεκαινουργημένος
1070 679 1156 741 είς
1200 675 1510 750 ἀφθαρσίαν
1554 676 1719 747 ἀνέϐη
1773 674 1912 745 πρὸς

332 773 427 826 τὸν
470 771 715 844 Πατέρα.
743 769 1031 841 Τοιγάρτοι
1068 769 1161 823 τὸν
1191 771 1354 843 ἀρτον
1392 771 1450 824 ὲν
1474 772 1541 842 τῇ
1581 770 1714 841 ἀγία
1747 769 1910 840 φέρε-

337 862 464 916 σθαι
514 863 722 932 σκηνῇ,
762 861 855 914 καὶ
903 864 962 914 ἐν
1007 862 1121 925 τοῖς
1166 862 1370 931 Ἀγίοις
1411 862 1521 917 τῶν
1562 863 1732 933 ἁγίων
1775 862 1900 917 ἀνα-

336 951 551 1006 κεῖσθαι
579 949 716 1019 Θεῷ,
738 948 838 1019 τὴν
870 951 949 1014 εἰς
978 951 1241 1023 οὐρανοὺς
1267 952 1624 1023 ἀναφοίτησιν
1656 954 1913 1025 ὐπεμφήο

338 1058 394 1095 νε
404 1057 479 1094 ιεν
494 1038 679 1105 ἀν,κα”ί
700 1039 848 1110 μάλα
868 1040 1119 1105 εἰκότως,
1134 1040 1229 1095 τοῦ
1247 1041 1616 1114 Ἐμμανουήλ.
1644 1062 1663 1095 ι
1684 1042 1910 1114 Ἀνῆλθε

336 1132 444 1202 γάρ
476 1131 574 1185 οὐκ
603 1132 684 1194 είς
703 1129 1064 1201 χειροποίητα
1095 1132 1283 1199 ποθεν,
1317 1133 1441 1188 οὔτε
1476 1134 1577 1206 μὴν
1609 1137 1691 1199 είς
1726 1135 1793 1189 τά
1819 1137 1912 1190 ἀν·

333 1226 531 1280 τίτυπα
567 1223 676 1278 τῶν
726 1221 1036 1297 ἀληθινῶν,
1075 1226 1192 1281 ἀλλ’
1227 1228 1306 1291 είς
1347 1227 1507 1280 αὐτὸν
1552 1228 1644 1280 τόν
1685 1228 1914 1298 οὐρανὸν

335 1317 428 1371 νῦν
482 1317 885 1389 ἐμφανισθῆναι
944 1316 1022 1389 τῷ
1078 1317 1356 1391 προσώπῳ
1422 1318 1521 1372 τοῦ
1577 1319 1714 1372 Θεοῦ
1772 1319 1916 1393 ὑπὲρ

335 1410 510 1481 ἡμῶν,
542 1428 560 1461 ι
606 1409 748 1464 κατά
790 1410 852 1463 τὸ
890 1410 1299 1481 γεγραμμένον.
1336 1413 1456 1464 Ὅτι
1488 1409 1569 1475 δὲ,
1616 1412 1709 1464 καὶ
1752 1410 1917 1483 ἄρτος

336 1502 455 1554 ἐστὶ
477 1500 737 1565 ζωοποιδς
766 1502 794 1554 6
827 1501 887 1565 ἐξ
906 1501 1136 1573 οόρανοῦ
1170 1503 1263 1557 καὶ
1298 1502 1524 1568 ἀνωθεν,
1584 1502 1914 1557 ἀπαλλάττει

338 1604 397 1641 τε
429 1589 565 1661 πρὸς
591 1588 766 1668 τοῷτῳ
792 1589 887 1644 καὶ
917 1589 1223 1661 ἁμαρτιῶν,
1249 1593 1343 1644 καὶ
1373 1590 1735 1662 ἀγνοημάτων
1766 1591 1916 1646 ὲλευ-

341 1678 494 1752 θεροῖ
533 1681 664 1744 τοὺς
712 1681 809 1734 ἐπὶ
844 1681 942 1750 τῆς
968 1682 1106 1752 γῆς,
1138 1683 1217 1746 είς
1245 1683 1420 1755 ὀσμὴν
1462 1684 1686 1747 εὐωδίας
1725 1683 1918 1737 ἑαυτὸν

341 1771 482 1839 ὑπὲρ
510 1768 689 1823 αὐτῶν
730 1769 1006 1834 ἀνατιθεὶς
1032 1769 1110 1841 τῷ
1139 1771 1259 1841 Θεῷ
1303 1772 1394 1826 καὶ
1433 1774 1636 1845 Πατρὶ,
1667 1775 1917 1845 συνήσεις

2015 579 2095 634 xit
2116 580 2265 634 enim
2306 589 2482 634 morte
2518 578 2891 648 pessumdata.
2924 577 3069 645 Quin
3108 587 3165 633 et
3206 579 3600 648 propemodum

2016 672 2167 726 velut
2204 670 2365 741 397
2409 668 2618 724 donum
2646 678 2702 724 et
2730 668 2938 724 oblatio
2966 669 3217 740 quaedam
3244 669 3519 725 excellens
3545 678 3604 725 ct

2015 762 2322 834 splendida,
2354 769 2410 816 et
2436 762 2594 832 quasi
2620 762 2868 833 quaedam
2892 760 3152 832 primitiae
3170 761 3423 817 humanae
3443 768 3606 816 natu-

2016 870 2091 909 ra;
2111 854 2165 908 in
2190 854 2659 925 incorruptionem
2681 861 2977 919 renovatae,
2998 853 3250 910 ascendit
3270 853 3339 909 ad
3363 853 3600 909 Patrem.

2016 945 2289 1002 Caeterum
2339 947 2488 1018 quod
2530 950 2689 1018 panis
2724 947 2780 1001 in
2810 945 3229 1002 tabernaculum
3261 953 3512 1002 sanctum
3541 946 3606 1001 il-

2017 1040 2165 1095 latus
2196 1039 2320 1105 fuit,
2347 1046 2404 1095 et
2436 1040 2494 1094 in
2528 1038 2731 1094 Sancto
2754 1046 3069 1095 sanctorum
3109 1038 3428 1110 propositus
3468 1039 3601 1103 Deo,

2018 1131 2260 1186 reditum
2293 1132 2347 1186 in
2388 1132 2588 1188 coelum
2629 1131 2942 1202 signiﬁcare
2982 1137 3164 1202 potest
3206 1130 3600 1196 Emmanuelis,

2019 1222 2183 1292 idque
2208 1224 2327 1294 iure
2355 1223 2583 1293 optimo.
2630 1242 2649 1274 ι
2678 1224 2798 1279 Νοη
2821 1224 2968 1279 enim
2997 1223 3052 1279 in
3076 1222 3389 1280 manufacta
3416 1233 3601 1280 sancta

2020 1315 2270 1370 introivit
2300 1316 2633 1387 exemplaria
2666 1332 2949 1381 verorum,
2976 1316 3071 1372 sed
3098 1316 3153 1376 in
3177 1316 3354 1387 ipsum
3379 1318 3614 1383 omium,

2022 1413 2081 1459 ut
2128 1416 2391 1475 appareat
2438 1421 2585 1460 nunc
2633 1406 2809 1460 vultui
2837 1407 2932 1461 Dei
2968 1422 3072 1477 pro
3095 1407 3274 1472 nobis,
3310 1424 3330 1458 ι
3359 1408 3439 1461 uti
3464 1410 3604 1463 scri-

2020 1504 2174 1566 ptum
2215 1504 2300 1550 cst
2330 1496 2397 1549 ⁸³.
2421 1493 2578 1561 Quod
2610 1511 2742 1551 vero
2765 1496 2881 1566 ipse
2908 1497 2979 1551 sit
3003 1497 3162 1567 panis
3183 1497 3274 1553 ille
3298 1498 3602 1565 viviﬁcans,

2020 1585 2115 1656 qui
2138 1586 2206 1640 de
2236 1586 2376 1642 coelo
2408 1602 2472 1641 ac
2492 1584 2783 1641 desursum
2800 1596 2920 1653 est;
2948 1589 3093 1658 quod
3116 1598 3171 1644 et
3196 1590 3312 1660 ipse
3336 1600 3602 1661 praeterea

2020 1677 2260 1732 dimittat
2310 1687 2535 1747 peccata
2591 1687 2647 1732 et
2694 1677 2765 1732 ab
2817 1678 3143 1748 ignorantiis
3192 1687 3440 1738 terrenos
3470 1682 3607 1739 iibe-

2023 1777 2128 1831 ret,
2186 1770 2242 1825 in
2284 1769 2513 1826 odorem
2561 1770 2846 1827 suavitatis
2894 1771 3180 1828 offerendo
3225 1774 3465 1845 seipsum
3495 1776 3607 1831 Deo

342 1855 402 1914 εὖ
436 1858 583 1929 μάλα
621 1861 736 1923 τοῖς
767 1862 866 1931 τῆς
897 1861 1137 1925 διανοίας
1166 1862 1412 1932 ὄμμασιν
1448 1863 1522 1928 ὡς
1556 1864 1754 1936 μόσχον
1795 1866 1914 1918 ὁλο-

2025 1861 2189 1925 Patri,
2238 1860 2545 1916 rectissime
2580 1860 2889 1933 intelligere
2916 1861 3144 1931 poteris,
3175 1864 3221 1918 si
3250 1864 3450 1919 mentis
3475 1879 3607 1919 ocu-

343 1948 714 2021 καυτούμενον
746 1951 996 2020 καθορῶν
1036 1951 1376 2025 σφαζόμενον
1397 1996 1412 2021 ,
1455 1957 1549 2010 καὶ
1582 1957 1656 2021 ὡς
1684 1957 1919 2031 χίμαρον

343 2041 484 2112 ὑπὲρ
517 2041 628 2095 τῶν
666 2041 762 2095 τοῦ
809 2041 943 2097 λαοῦ
991 2044 1377 2115 ἀγνοημάτων.
1428 2066 1446 2099 ι
1491 2049 1924 2120 Παραπτώματα

344 2132 450 2204 γὰρ
476 2132 560 2197 τίς
592 2134 852 2205 συνήσει;
890 2154 910 2186 ι
945 2135 1087 2189 κατὰ
1118 2137 1179 2189 τὸ
1203 2140 1608 2209 γεγραμμένον.
1646 2140 1921 2214 ’Δθρειδή

342 2225 489 2288 ὅπως
516 2226 547 2278 6
574 2225 873 2298 νομοθέτης
910 2228 1009 2297 τῆς
1032 2229 1091 2280 ὲν
1125 2228 1277 2300 νόμῳ
1306 2230 1563 2303 λατρείας
1591 2232 1923 2306 ὑπερκειμέ-

344 2334 442 2387 νην
471 2317 819 2388 ἀσυγκρίτως
848 2317 945 2388 τὴν
976 2317 1064 2373 διά
1102 2320 1342 2391 Χριστοῦ
1371 2323 1638 2395 κάθαρσιν
1662 2326 1922 2381 ἐκάλεσεν

343 2406 555 2475 σαφῶς.
582 2409 643 2461 Et
670 2407 779 2480 γάρ
821 2408 1134 2481 παρέλθητε
1157 2453 1170 2476 ,
1207 2414 1340 2485 φησὶ
1362 2454 1375 2478 ,
1403 2413 1474 2468 τά
1511 2416 1754 2481 Μωσέως
1776 2457 1791 2484 ,
1829 2419 1923 2473 καὶ

344 2498 450 2568 τῆς
485 2498 717 2569 νομικῆς
755 2498 1012 2571 λατρείας
1041 2500 1107 2555 ἂν
1138 2501 1505 2576 ἀλογήσαντες
1536 2508 1759 2579 ἐντολῆς
1799 2527 1921 2563 κατ-

340 2590 625 2662 εφορῷντό
651 2608 819 2658 τινες,
851 2593 972 2647 τότε
1000 2593 1065 2665 δὴ
1086 2636 1101 2660 ,
1130 2596 1250 2649 τότε
1281 2596 1378 2670 τὴν
1406 2599 1472 2653 δι’
1507 2600 1757 2672 αἱμάτων
1791 2603 1923 2673 ὑμῖν

340 2684 618 2754 ἀμνησίαν
663 2683 1038 2757 ὲπικυροῦσαν
1077 2686 1370 2759 εὑρήσετε,
1410 2692 1613 2763 μόσχου
1657 2694 1923 2748 καταθυο-

347 2776 510 2847 μὲνου
550 2776 648 2830 καὶ
695 2779 937 2849 χιμάρου
985 2782 1511 2853 προσενηνεγμένου.
1542 2783 1713 2837 Τοῦτο
1756 2785 1811 2838 δὲ
1854 2780 1923 2856 ἦν

348 2871 425 2932 εἰς
469 2868 640 2921 τύπον
686 2869 949 2940 Χριστοῦ;
986 2873 1195 2927 Οὐκοῦν
1231 2874 1508 2947 καθορίξει
1549 2878 1647 2947 μὲν
1689 2879 1718 2930 ό
1760 2879 1926 2949 νόμος

352 2954 461 3011 τῶν
487 2960 933 3029 παραϐαινόντων
961 2964 1058 3035 τὴν
1098 2964 1341 3019 κόλασιν⁶
1382 2968 1713 3023 ἀπαλλάττει
1743 2969 1801 3023 δὲ
1844 2970 1924 3023 δί-

354 3064 458 3117 κης
498 3049 594 3103 καὶ
640 3050 747 3105 τῶν
793 3054 853 3119 ἐξ
898 3054 1117 3123 ἀγνοίας
1167 3058 1509 3129 αἰτιαμάτων
1554 3059 1833 3131 ἐλευθεροῖ
1864 3061 1925 3115 τὸ

352 3140 530 3212 τίμιον
564 3138 704 3215 αἷμα
740 3147 995 3218 Χριστοῦ.
1039 3148 1266 3204 Τέθεικε
1301 3151 1408 3222 γάρ
1438 3152 1535 3224 τὴν
1578 3152 1754 3225 ψυχὴν
1783 3153 1924 3226 ὑπὲρ

349 3233 548 3302 ἡμῶν,
595 3234 682 3289 ἵνα
732 3237 825 3291 τοῦ
879 3239 1085 3311 κόσμου
1130 3242 1422 3317 ’καταλύσῃ
1478 3243 1577 3314 τὴν
1623 3245 1919 3317 ἁμαρτίαν.

357 3323 572 3377 Οὐκοῦν
617 3325 693 3389 ὡς
727 3328 785 3380 ὲν
819 3328 967 3400 ἄρτῳ
1015 3333 1187 3384 νοοῖτο
1239 3332 1471 3403 Χριστὸς
1508 3334 1581 3398 ὡς
1634 3335 1780 3407 ζωὴ,
1830 3336 1925 3390 καὶ

350 3412 629 3479 ζωοποιός·
663 3416 738 3481 ὡς
778 3421 836 3472 ὲν
876 3420 1061 3492 μόσχῳ
1105 3422 1267 3477 πάλιν
1326 3425 1785 3497 όλοκαυτούμενος
1831 3429 1926 3482 καὶ

348 3505 429 3569 είς
451 3505 629 3578 ὀσμὴν
658 3509 885 3574 εὐωδίας
912 3512 1102 3567 ἑαυτὸν
1130 3515 1404 3580 ἀνατιθεὶς
1430 3517 1507 3589 τῷ
1547 3518 1665 3591 Θεῷ
1693 3518 1786 3573 καὶ
1817 3520 1926 3573 Πα-

347 3596 457 3667 τρίο
500 3599 594 3652 καὶ
613 3600 691 3663 ὡς
721 3601 779 3654 ἐν
808 3602 938 3655 εῖδει
964 3605 1200 3676 χιμάρου
1226 3607 1464 3677 γεγονὼς
1484 3609 1550 3663 δι’
1575 3611 1721 3682 ἡμᾶς
1747 3611 1927 3682 ἀμαρ-

349 3686 471 3753 τία,
519 3690 614 3743 καὶ
667 3690 809 3760 ὑπὲρ
849 3692 1133 3764 ἁμαρτιῶν
1179 3697 1538 3768 σφαζόμενος.
1590 3702 1820 3772 Δράγμα
1869 3701 1926 3755 δὲ

351 3774 457 3842 αὖ,
492 3780 612 3833 καθ’
658 3782 847 3853 ἕτερον
892 3788 1066 3840 νοοῖτο
1110 3789 1331 3859 τρόπον.
1375 3790 1470 3854 Τίς
1516 3791 1573 3845 δὲ
1624 3793 1718 3846 καὶ
1770 3785 1925 3856 οὗτός

350 3869 523 3934 ἔστιν,
556 3873 630 3936 ὠς
660 3872 759 3940 ἔνι,
782 3874 1077 3941 λελέξεται.
1112 3879 1397 3950 Ἀστάχυσι
1432 3882 1528 3953 μὲν
1556 3886 1667 3947 τοῖς
1693 3885 1751 3937 ὲν
1771 3885 1926 3956 ἀγρῷ

351 3964 713 4035 παρεικάσειέ
756 3984 839 4032 τις
879 3970 945 4023 ἂν
997 3971 1057 4024 τὸ
1096 3970 1437 4043 ἀνθρώπινον
1467 3974 1643 4044 γένος,
1673 3975 1734 4028 τὸ
1765 3974 1927 4029 οίονεί

350 4071 470 4119 πως
493 4056 713 4128 ἀνίσχον
737 4061 802 4113 ὲκ
838 4061 936 4132 τῆς
968 4063 1071 4134 γῆς
1091 4105 1105 4128 ,
1138 4064 1233 4118 καὶ
1263 4064 1360 4137 τὴν
1403 4066 1581 4138 ἑαυτῷ
1613 4068 1929 4140 πρέπουσαν

352 4148 646 4218 περιμένον
678 4150 1045 4223 ἐκπλήρωσιν,
1069 4156 1163 4210 καὶ
1196 4157 1371 4228 χρόνῳ
1398 4158 1715 4230 κειρόμενον
1752 4160 1931 4231 ἀμῶν-

350 4257 444 4304 τος
483 4240 736 4296 θανάτου.
773 4244 929 4300 Οὕτω
963 4248 1055 4301 καὶ
1089 4248 1251 4311 αὐτὸς
1281 4249 1309 4301 6
1344 4251 1575 4321 Χριστὸς
1604 4255 1717 4317 τοῖς
1752 4253 1929 4323 ἁγίοις

351 4331 559 4399 ἔφασκε
596 4334 887 4405 μαθηταῖς
931 4356 951 4390 ι
1002 4340 1113 4412 Οὐχ
1150 4342 1309 4411 ὑμεῖς
1342 4342 1563 4411 λέγετε,
1600 4346 1681 4398 ὅτι
1721 4347 1802 4400 ἔτι
1837 4365 1928 4401 τεο

353 4421 629 4493 τράμηνόν
662 4426 802 4491 ἐστι,
839 4428 935 4481 καὶ
963 4431 991 4483 6
1034 4429 1294 4503 θερισμὸς
1324 4434 1538 4508 ἔρχεται
1564 4454 1578 4503 ;
1628 4437 1758 4492 Ἰδοὺ
1787 4438 1930 4509 λέγω

2024 1953 2092 2008 lis
2122 1953 2438 2009 consideres
2462 1968 2589 2008 eum
2616 1962 2876 2025 tanquam
2905 1955 3247 2010 immolatum
3272 1955 3525 2021 vitulum,
3550 1965 3606 2012 et

2022 2045 2194 2099 veluti
2218 2044 2432 2099 hircum
2452 2052 2749 2100 mactatum
2770 2062 2870 2116 pro
2885 2046 3073 2117 populi
3099 2048 3426 2119 ignorantia.
3460 2067 3478 2099 ι
3505 2049 3608 2104 De-

2022 2136 2151 2192 licta
2190 2137 2337 2192 enim
2388 2138 2513 2207 quis
2554 2137 2869 2208 intelliget?
2906 2158 2923 2189 ι
2957 2139 3099 2195 sicut
3130 2140 3395 2211 scriptum
3421 2150 3506 2197 est
3536 2141 3602 2195 ".

2024 2226 2190 2283 Vides
2215 2241 2380 2296 quam
2408 2226 2696 2283 manifeste
2725 2228 3006 2299 legislator
3037 2228 3092 2284 in
3118 2230 3238 2301 lege
3273 2231 3454 2288 cultus
3486 2232 3606 2288 sine

2024 2317 2346 2373 discrimine
2372 2316 2755 2387 praecedentis,
2788 2333 2887 2389 per
2920 2318 3201 2376 Christum
3224 2323 3607 2392 purgationem

2024 2409 2170 2465 clare
2214 2410 2472 2464 vocarit?
2501 2408 2556 2464 Si
2594 2410 2741 2464 enim
2766 2425 2863 2465 vos
2894 2414 3216 2483 transgressi
3244 2414 3480 2482 fueritis,
3508 2417 3604 2481 ait,

2025 2490 2224 2572 Moysis
2252 2510 2545 2572 praecepta,
2570 2509 2627 2556 et
2651 2502 2840 2573 legalis
2866 2504 3046 2559 cultus
3070 2504 3384 2561 institutum
3418 2508 3608 2578 negle-

2025 2593 2210 2647 xerint
2251 2593 2498 2663 quidam,
2536 2601 2687 2659 tunc,
2715 2601 2867 2659 tunc,
2895 2596 3135 2666 inquam,
3166 2612 3264 2668 per
3287 2599 3607 2669 sanguinem

2028 2686 2376 2754 propinatam
2412 2685 2571 2740 vobis
2599 2685 2887 2755 reperietis
2911 2688 3149 2752 veniam,
3175 2688 3222 2743 si
3248 2689 3481 2743 vitulum
3505 2691 3607 2745 ob—

2028 2775 2288 2840 tuleritis,
2320 2784 2483 2845 atque
2518 2776 2735 2831 hircum
2766 2779 3158 2833 mactaveritis.
3193 2778 3251 2833 ld
3280 2794 3413 2835 vero
3444 2780 3609 2837 ﬂebat

2029 2865 2084 2920 in
2108 2874 2294 2938 typum
2317 2867 2541 2931 Christi.
2574 2866 2777 2922 Deﬁnit
2810 2868 2995 2939 itaque
3020 2870 3106 2925 lex
3131 2872 3604 2939 prasvaricantium

2026 2959 2439 3029 castigationem
2462 2978 2473 3013 :
2495 2959 2724 3015 dimittit
2739 2976 2870 3015 vero
2882 2976 3099 3030 pmnam
3121 2970 3177 3017 et
3191 2963 3484 3017 criminum
3508 2979 3608 3035 per

2029 3050 2395 3120 ignorantiam
2432 3049 2798 3105 admissorum
2846 3053 3063 3122 culpam
3109 3053 3306 3109 liberat
3331 3056 3607 3126 pretiosus

2028 3140 2233 3196 Christi
2276 3140 2515 3211 sanguis.
2569 3140 2820 3194 Animam
2853 3142 3000 3196 enim
3028 3157 3181 3198 suam
3211 3161 3311 3215 pro
3330 3145 3491 3201 nobis
3511 3162 3609 3217 po-

2029 3231 2160 3295 suit,
2187 3238 2247 3285 ut
2271 3231 2460 3285 mundi
2479 3240 2701 3301 peccata
2723 3232 3048 3290 dissolveret
3063 3237 3130 3290 9".
3157 3236 3357 3304 Quare,
3377 3239 3521 3295 sicut
3551 3241 3605 3296 in

2027 3341 2166 3396 pane
2214 3324 2469 3380 Christus
2516 3324 2841 3396 intelligitur
2873 3333 2935 3380 ut
2962 3326 3074 3382 vita
3107 3343 3171 3383 ac
3217 3328 3521 3396 vivificans,
3550 3331 3609 3386 in

2026 3419 2203 3474 vitulo
2227 3433 2357 3473 vero
2383 3434 2577 3473 rursus
2615 3426 2675 3473 ut
2700 3418 3031 3486 immolatus,
3063 3429 3118 3476 et
3144 3421 3201 3476 in
3226 3422 3451 3478 odorem
3478 3440 3607 3481 sua-

2027 3511 2211 3566 vitatis
2234 3510 2472 3580 seipsum
2500 3510 2739 3566 oil'erens
2760 3511 2873 3565 Deo
2894 3512 3061 3578 Patri,
3085 3521 3140 3567 et
3164 3511 3219 3567 in
3241 3515 3425 3585 specie
3442 3515 3606 3580 hirci,

2028 3603 2203 3659 factus
2254 3610 2481 3674 propter
2528 3618 2629 3657 nos
2660 3611 2968 3672 peccatum,
2993 3614 3048 3659 et
3070 3621 3173 3675 pro
3200 3607 3438 3675 peccatis
3459 3607 3611 3662 obla-

2029 3703 2137 3761 tus,
2188 3695 2265 3749 ita
2317 3704 2373 3749 et
2425 3693 2740 3763 manipulus
2787 3694 2897 3748 alio
2949 3694 3178 3765 intelligi
3212 3695 3377 3749 modo
3419 3706 3605 3766 queat.

2028 3785 2164 3854 Quis
2205 3800 2337 3840 vero
2390 3785 2438 3840 is
2488 3784 2578 3850 sit,
2612 3799 2722 3838 uno
2748 3784 3033 3853 expediam
3072 3784 3261 3838 verbo.
3290 3785 3469 3855 Spicis
3491 3789 3607 3858 agri

2030 3877 2337 3946 comparari
2366 3883 2531 3946 queat
2564 3889 2739 3945 genus
2768 3873 3091 3937 humanum,
3120 3875 3267 3945 quod
3306 3882 3450 3931 terra
3473 3893 3608 3933 ena-

2032 3983 2213 4033 sccns,
2262 3975 2319 4021 et
2371 3966 2706 4021 conveniens
2729 3965 2814 4019 sui
2839 3972 3161 4034 exspectans
3185 3965 3606 4036 incrementum,

2030 4069 2206 4116 morte
2240 4058 2462 4113 interim
2503 4072 2760 4113 successu
2805 4057 3070 4127 temporis
3102 4057 3391 4129 abripitur.
3439 4058 3529 4116 Sic
3552 4068 3609 4117 et

2033 4151 2149 4223 ipse
2190 4149 2443 4205 Christus
2485 4149 2659 4203 sacris
2709 4147 2824 4204 suis
2847 4147 3332 4220 dixitdiscipulis:
3367 4172 3385 4205 ι
3414 4153 3608 4210 Nonne

2030 4259 2128 4298 vos
2178 4241 2363 4297 dicitis
2405 4239 2552 4311 quod
2590 4239 2772 4295 adhuc
2816 4249 3053 4310 quatuor
3101 4257 3317 4298 menses
3356 4252 3504 4311 sunt,
3552 4257 3610 4304 et

2033 4334 2228 4390 messis
2307 4331 2518 4390 venit?
2583 4331 2723 4386 Ecce
2777 4332 2901 4387 dico
2946 4333 3145 4399 vobis,
3195 4334 3371 4391 levate
3421 4340 3612 4393 oculos

2031 4438 2266 4491 vestros,
2311 4425 2478 4496 398
2519 4433 2574 4478 et
2623 4425 2801 4480 videte
2843 4427 3095 4496 regiones
3141 4427 3271 4498 quia
3323 4428 3458 4483 alba:
3482 4440 3612 4485 sunt

356 4514 499 4583 ὐμῖν⁶
546 4516 785 4588 ἐπάρατε
837 4521 963 4584 τοὺς
1000 4521 1331 4595 όψθαλμοὺς,
1381 4527 1473 4580 καὶ
1512 4527 1779 4583 θεάσασθε
1828 4532 1922 4595 τάς

2028 4526 2137 4596 jam
2163 4521 2229 4576 ad
2266 4533 2519 4574 messem.
2545 4518 2613 4573 Et
2637 4519 2731 4588 qui
2764 4519 2940 4583 metit,
2967 4519 3275 4574 mercedem
3307 4520 3524 4590 accipit,
3550 4533 3606 4575 et

353 4601 538 4674 χώρας
565 4606 645 4660 ὅτι
676 4608 866 4664 λευκαί
891 4613 995 4665 sic:
1030 4614 1164 4685 πρὸς
1198 4615 1457 4689 θερισμὸν
1486 4619 1604 4691 ἤδη.
1638 4622 1750 4674 Καὶ
1785 4625 1813 4676 6
1841 4623 1928 4676 θε-

355 4694 558 4764 ρίζων,
602 4698 790 4768 μισθὸν
838 4700 1141 4772 λαμϐάνει,
1193 4708 1287 4761 καὶ
1331 4712 1553 4777 συνάγει
1595 4713 1802 4784 καρπὸν
1849 4716 1928 4779 είς

351 4784 496 4857 ζωὴν
542 4788 782 4845 αἰώνιον.
830 4811 849 4844 ι
893 4794 1124 4858 Οὐκοῦν,
1175 4798 1249 4863 ὡς
1296 4800 1432 4871 ἔφην
1465 4804 1670 4874 ἀρτίως
1697 4846 1710 4869 ,
1758 4805 1928 4875 ληῒοις

352 4880 467 4941 τοῖς
507 4880 566 4932 ὲν
599 4880 758 4954 ἀγρῷ
793 4889 1191 4957 παρεικαστέον
1239 4887 1297 4945 εὖ
1342 4893 1486 4962 μάλα
1530 4897 1657 4959 τοὺς
1695 4896 1786 4949 ἐπὶ
1831 4895 1930 4966 τῆς

351 4969 474 5039 γῆς.
500 4971 700 5042 Γέγονε
728 4975 783 5029 δὲ
813 4977 935 5030 καθ’
956 4981 1105 5050 ἡμᾶς
1129 4983 1157 5033 6
1185 4983 1437 5053 Χριστὸς,
1469 4986 1741 5058 ἀστάχυος
1766 4988 1924 5060 δίκην

351 5061 562 5128 ductui);
594 5066 658 5118 ὲκ
689 5067 789 5138 τῆς
819 5069 979 5137 ἁγίας
1005 5072 1303 5144 Παρθένου.
1350 5077 1502 5129 Ἐπεί
1531 5094 1613 5130 τοι
1644 5078 1738 5131 καὶ
1779 5079 1925 5132 σίτου

352 5150 555 5204 κόκκον
609 5155 704 5208 καὶ⁵
755 5159 922 5214 αὐτὸν
968 5163 1100 5233 ήμῖν
1147 5164 1417 5236 ὠνόμαζε,
1450 5166 1640 5235 λέγων·
1673 5187 1690 5219 ι
1733 5168 1928 5240 Ἀμὴν,

354 5241 508 5313 ἀμην
538 5241 679 5313 λέγω
712 5248 864 5319 ὑμῖν⁸
902 5251 998 5306 ὲάν
1037 5254 1111 5325 μὴ
1149 5255 1177 5306 6
1223 5256 1421 5321 κόκκος
1448 5257 1540 5311 τοῦ
1573 5257 1720 5312 σίτου
1752 5260 1935 5313 πεσὼν

352 5334 435 5396 εἰς
485 5332 584 5406 τὴν
634 5341 733 5410 γῆν
772 5342 1045 5418 ἀποθάνῃ,
1105 5346 1268 5411 αὐτὸς
1323 5348 1481 5418 μόνος
1541 5350 1711 5422 μένει·
1754 5351 1848 5406 ὲάν
1878 5353 1935 5407 δὲ

361 5424 634 5519 ἀποθάνῃ,
662 5432 833 5488 πολὺν
856 5438 1065 5508 καρπὸν
1084 5439 1258 5511 φέρει.
1300 5461 1318 5491 ι
1360 5441 1640 5514 ’Δνάθημα
1666 5445 1721 5499 δὲ
1746 5446 1936 5519 ὥσπερ

354 5517 671 5608 όπὲρήμῶν
692 5524 886 5594 γέγονε
909 5528 986 5599 τῷ
1007 5531 1202 5603 Πατρὶ,
1227 5533 1320 5585 καὶ
1350 5536 1406 5587 ὲν
1425 5535 1575 5602 τάξει
1594 5517 1933 5608 δράγματοςήν

351 5605 427 5672 ὡς
466 5609 569 5680 γῆς
602 5613 830 5686 ἀπαρχὴ
856 5655 870 5679 ,
896 5617 964 5671 δι’
993 5611 1066 5672 ὧν
1098 5622 1371 5688 ἐκτέτοκε,
1410 5605 1825 5696 μαρτυρομένης
1854 5627 1933 5689 si;

427 5721 483 5810 τ’.
508 5722 663 5810 Ρεαιε
700 5740 935 5810 ιξξῐγη,
969 5731 1021 5785 ϐ.
1094 5732 1137 5762 9³
1169 5733 1335 5789 Hebr.
1367 5752 1441 5800 Ix,
1473 5736 1564 5810 “.15.
1643 5737 1688 5768 "
1714 5737 1856 5792 Psal.
1894 5752 2038 5801 mu,
2090 5735 2274 5789 Η-ίῦ.
2358 5730 2442 5782 ἱ³⁵1
2477 5729 2630 5784 Joan.
2672 5743 2747 5789 ιη,
2794 5728 2875 5781 16.

354 5782 396 5813 ’⁷
429 5790 565 5849 Joan
621 5809 714 5860 xu,
741 5794 831 5850 ει.

2025 4620 2318 4686 congregat
2368 4611 2605 4667 fructum
2639 4611 2693 4665 in
2723 4611 2889 4665 vitam
2937 4619 3196 4667 aeternam
3242 4612 3307 4665 ’⁸.
3346 4633 3362 4663 ›
3402 4611 3606 4679 Quam-

2026 4709 2239 4771 obrem,
2286 4713 2346 4760 ut
2372 4705 2482 4775 jam
2509 4704 2767 4767 diximus,
2803 4704 2963 4757 messi
2991 4719 3246 4774 agrorum
3279 4712 3425 4757 recte
3453 4718 3606 4757 com-

2027 4799 2254 4871 parandi
2302 4798 2396 4868 qui
2452 4806 2657 4851 terram
2710 4795 2975 4850 incolunt.
3025 4794 3280 4849 Christus
3330 4800 3511 4847 autem
3539 4808 3607 4848 ex

2028 4891 2187 4946 nobis
2212 4884 2385 4944 factus
2428 4888 2493 4942 ad
2520 4887 2693 4942 instar
2712 4886 2875 4956 spicae
2908 4901 2938 4938 e
2967 4895 3152 4939 sancta
3180 4892 3342 4938 natus
3364 4884 3604 4955 Virgine.

2032 4979 2483 5051 Quandoquidem
2520 4979 2682 5033 etiam
2717 4977 2975 5031 frumenti
3002 4991 3231 5046 granum
3261 4990 3318 5031 se
3369 4976 3484 5047 ipse
3507 4992 3600 5033 no-

2034 5078 2249 5132 minat:
2302 5094 2318 5125 ‹
2353 5075 2545 5138 Amen,
2604 5086 2763 5124 amen
2812 5068 2937 5125 dico
2994 5067 3171 5132 vobis,
3228 5066 3334 5121 nisi
3381 5083 3607 5138 granum

2034 5167 2292 5224 frumenti
2344 5163 2545 5220 cadens
2575 5163 2630 5216 in
2674 5170 2875 5213 terram
2908 5165 3184 5212 mortuum
3212 5156 3395 5221 fuerit,
3428 5157 3607 5229 ipsum

2032 5261 2209 5316 solum
2257 5262 2479 5311 manet:
2520 5253 2564 5308 si
2607 5260 2788 5305 autem
2839 5256 3115 5303 mortuum
3143 5247 3326 5313 fuerit,
3376 5248 3606 5304 multum

2032 5350 2271 5406 fructum
2319 5342 2480 5398 affert
2520 5343 2585 5395 ³⁷.
2618 5361 2635 5391 ι
2692 5340 2859 5410 igitur
2911 5348 3170 5408 tanquam
3202 5340 3490 5397 anathema
3513 5357 3608 5397 seu

2033 5443 2290 5497 devotum
2314 5436 2447 5506 quid
2473 5442 2528 5489 et
2550 5434 2791 5487 oblatum
2815 5448 2914 5502 pro
2946 5430 3108 5488 nobis
3130 5429 3306 5486 factus
3333 5440 3417 5487 est
3436 5431 3608 5500 Patri,

2032 5542 2088 5587 et
2143 5531 2196 5585 in
2242 5542 2453 5583 morem
2499 5523 2764 5591 manipuli
2823 5539 2887 5578 ac
2925 5522 3097 5578 veluti
3146 5520 3606 5592 primitiatterrae.

2033 5625 2193 5694 Spica
2239 5634 2368 5673 vero
2408 5632 2514 5671 una
2549 5614 2911 5679 considerata,
2941 5621 3001 5669 ut
3027 5621 3080 5668 et
3102 5628 3204 5669 nos
3225 5614 3477 5685 ipsi,non
3500 5631 3608 5670 una

2988 5728 3035 5760 ”
3064 5727 3217 5785 Joan.
3251 5743 3322 5791 Iv,
3387 5727 3474 5794 35,
3515 5728 3604 5782 2.6.
