4094 6282
546 388 668 444 ωδ

1580 387 1636 443 S.
1676 385 1951 443 CYRILLI
1988 384 2457 440 ALEXANDle
2495 385 2811 450 ARCHIEP.

3645 409 3648 411 >
3713 379 3807 440 ιω

560 501 713 573 spica
765 502 962 566 solum,
1017 499 1111 556 sed
1168 501 1324 571 quasi
1355 500 1668 572 manipulus
1695 501 1920 571 quidam
1967 501 2126 576 conti-

2243 502 2572 574 εὐκαρπίαν.
2617 498 2892 569 Ἀσταχύς
2937 513 3000 566 γε
3045 495 3151 570 μὴν
3187 495 3476 568 νοούμενος
3515 489 3634 561 εἷς,
3672 497 3805 550 καθὰ

561 595 707 650 citur
729 609 759 648 e
779 593 965 646 multis
979 592 1165 662 spicis,
1191 591 1354 647 fascis
1379 609 1542 647 unus.
1564 593 1632 647 Et
1651 608 1784 648 vero
1807 609 1894 647 res
1921 591 2026 648 ista
2052 592 2123 648 ad

558 683 908 740 commodum
953 691 1010 738 et
1040 683 1348 752 profectum
1381 691 1465 738 est
1498 682 1832 749 necessaria,
1859 683 2134 754 mysterii-

558 790 665 844 que
705 775 926 844 supplet
959 781 1168 845 typum.
1221 773 1475 830 Christus
1504 774 1838 829 enimJesus
1860 790 2004 828 unus
2027 781 2132 840 est,

555 873 939 921 verumtamen
960 867 1132 920 veluti
1161 866 1456 922 fasciculus
1480 867 1702 937 quidam
1726 875 2136 937 coagmentatus

555 965 612 1012 et
662 955 989 1027 intelligitur
1016 963 1072 1011 et
1103 965 1209 1022 est,
1259 968 1561 1028 propterea
1605 957 1751 1027 quod
1780 974 1970 1013 omnes
1999 958 2054 1012 in
2077 973 2135 1013 se

555 1047 847 1102 credentes
861 1048 1163 1114 contineat,
1188 1048 1390 1103 unione
1413 1048 1674 1102 nimirum
1704 1048 1957 1118 spiritali.
1981 1047 2136 1103 Alio-

555 1140 649 1210 qui
700 1153 809 1208 qua
860 1139 1074 1194 ratione
1121 1140 1332 1194 scilicet
1386 1139 1544 1194 divus
1583 1140 1784 1194 Paulus
1817 1141 2132 1196 scriberet:

563 1251 580 1283 ι
613 1230 1086 1298 Quemadmodum
1121 1231 1536 1286 conresuscitati
1579 1247 1770 1286 sumus
1805 1231 1862 1284 in
1894 1232 2032 1302 ipso,
2056 1233 2136 1287 sic

554 1332 612 1380 et
633 1325 1043 1380 considebimus
1065 1325 1120 1378 in
1160 1323 1478 1378 ccclestibus
1506 1323 1592 1376 '9?
1623 1342 1640 1374 ι
1671 1322 1809 1378 Cum
1840 1323 2042 1378 etenim
2066 1339 2134 1379 ex

555 1414 716 1468 nobis
772 1413 864 1477 sit,
920 1411 1023 1482 ipsi
1078 1410 1207 1466 facti
1265 1425 1456 1465 sumus
1511 1424 1897 1478 concorpores,
1954 1417 2010 1463 et
2034 1425 2134 1479 per

558 1523 580 1556 ‹
620 1520 844 1560 carnem
892 1503 1152 1558 unionem
1181 1518 1306 1557 cum
1339 1502 1456 1571 ipso
1480 1502 1524 1532 ⁸⁸
1564 1519 1583 1552 ›
1631 1499 2039 1569 acquisivimus.
2067 1500 2134 1553 Et

547 1604 844 1668 propterea
874 1595 1112 1651 dicimus
1141 1593 1290 1663 quod
1317 1593 1373 1646 in
1404 1593 1524 1661 ipso
1549 1605 1740 1645 omnes
1791 1605 1998 1661 sumus.
2034 1591 2133 1643 Et-

543 1687 702 1741 enim
755 1687 990 1756 ipsemet
1016 1685 1095 1739 sic
1136 1683 1266 1737 alibi
1297 1682 1368 1736 ad
1397 1682 1570 1736 Deum
1593 1681 1809 1734 Patrem
1854 1681 2133 1735 caelestem

552 1779 720 1834 verba
766 1778 930 1833 facit:
975 1796 992 1828 ι
1022 1777 1180 1840 Volo,
1211 1775 1390 1837 Pater,
1429 1781 1491 1827 ut
1532 1771 1992 1841 quemadmodum
2030 1786 2132 1842 ego

543 1878 611 1925 let
639 1878 711 1924 .tu
759 1885 928 1924 unum
981 1883 1191 1931 sumus,
1218 1866 1298 1920 sic
1323 1873 1378 1920 et
1411 1863 1515 1934 ipsi
1539 1864 1595 1918 in
1620 1863 1780 1918 nobis
1802 1864 1839 1916 ί.
1876 1883 1894 1914 ι
1924 1862 2014 1918 Uti
2039 1862 2134 1932 qui

553 1957 1209 2026 Dominoconglutinatus
1234 1964 1338 2019 est,
1363 1968 1506 2009 unus
1531 1968 1748 2024 quoque
1769 1952 1994 2022 spiritus
2015 1951 2132 2006 elli-

550 2049 716 2104 citur.
746 2047 1052 2117 Manipulus
1075 2061 1204 2115 ergo
1230 2043 1485 2099 Christus
1527 2051 1630 2107 est,
1680 2043 1834 2112 quasi
1859 2058 2051 2098 omnes
2076 2043 2133 2098 in

555 2155 615 2194 se
667 2139 1005 2208 complexus,
1064 2137 1386 2205 cunctisque
1437 2135 1725 2200 incubans,
1777 2141 1833 2188 et
1879 2134 2134 2188 humanae

553 2229 904 2292 conditionis,
946 2244 1067 2298 qua:
1117 2227 1172 2281 in
1217 2227 1322 2281 fide
1367 2224 1606 2296 perfecta
1631 2231 1736 2290 est,
1765 2240 1885 2294 quae
1910 2239 2130 2278 sursum

553 2333 715 2394 atque
740 2323 795 2378 in
823 2324 1072 2379 cmlestes
1098 2319 1383 2377 transferri
1409 2320 1696 2374 thesauros
1724 2318 1906 2382 debet,
1935 2318 2131 2387 primi-

555 2418 662 2473 tiae.
711 2415 906 2470 Aﬂ‘erri
953 2415 1030 2468 ait
1057 2421 1308 2484 oportere
1351 2413 1692 2482 manipulum
1713 2411 1994 2480 perendie,
2026 2410 2132 2466 hoc

552 2517 657 2572 est,
699 2507 861 2563 tertio
911 2513 1035 2576 post
1077 2504 1186 2558 die.
1232 2503 1446 2558 Revixit
1473 2502 1620 2557 enim
1648 2500 1901 2555 Christus
1930 2515 1961 2553 a
1987 2516 2132 2554 mor-

556 2601 665 2656 tuis
703 2599 867 2654 tertia
903 2598 1014 2660 die,
1056 2611 1260 2666 suaque
1288 2596 1345 2649 in
1376 2595 1577 2650 coelum
1618 2592 1823 2648 virtute
1857 2592 2126 2658 ascendit,

553 2691 610 2746 in
643 2706 834 2746 verum
873 2689 1084 2744 scilicet
1115 2686 1553 2750 tabernaculum,
1584 2691 1638 2738 et
1677 2683 1738 2737 in
1765 2683 1964 2738 Sancta
1995 2698 2126 2736 san-

551 2788 784 2835 ctorum.
842 2780 1044 2835 Verum
1089 2792 1197 2846 qua
1249 2776 1461 2830 ratione
1500 2773 1659 2844 pan-is
1709 2780 1793 2828 est
1841 2771 2124 2841 spiritalis,

549 2872 907 2926 adumbratus
931 2885 1030 2940 per
1060 2868 1292 2923 vitulum
1317 2865 1384 2920 ad
1404 2866 1805 2929 holocaustum,
1839 2873 1896 2918 et
1913 2863 1974 2917 in
1996 2863 2131 2917 odo-

549 2977 666 3015 rem
705 2960 990 3015 suavitatis
1009 2957 1361 3021 destinatum,
1393 2969 1607 3009 necnon
1654 2969 1752 3024 per
1785 2953 1999 3008 hircum
2025 2966 2127 3023 pro

550 3053 872 3126 ignorantiis
917 3051 1159 3106 oblatum
1190 3067 1202 3103 :
1246 3049 1319 3101 ita
1349 3055 1406 3101 et
1435 3062 1656 3101 rursum
1679 3045 1809 3101 licet
1835 3045 1976 3100 forte
2007 3059 2126 3098 ma—

548 3145 771 3217 nipulus
820 3145 1174 3214 intelligatur,
1223 3150 1404 3195 tamen
1442 3140 1557 3210 ipse
1588 3148 1673 3194 est
1696 3139 1861 3195 etiam
1884 3138 2002 3194 ovis
2034 3137 2125 3192 illa

548 3238 823 3301 annicula,
878 3236 1041 3306 399
1080 3235 1141 3288 id
1187 3242 1290 3297 est,
1345 3230 1608 3302 perfecta.
1655 3230 1938 3286 Perfectus
1977 3229 2126 3284 enim

548 3328 862 3396 nulliusque
908 3325 1126 3396 indigus
1153 3333 1238 3379 est
1261 3323 1515 3379 Christus
1540 3339 1639 3393 per
1670 3323 1948 3392 propriam
1971 3337 2126 3376 suam

549 3429 823 3472 naturam.
841 3417 1019 3482 Quare
1049 3425 1104 3470 et
1132 3400 1396 3485 praeterea
1417 3424 1501 3469 est
1523 3414 1748 3468 omnino
1777 3414 2128 3483 irreprehen—

549 3509 746 3564 sibilis.
799 3507 1042 3562 Nescivit
1087 3508 1233 3561 enim
1272 3513 1592 3576 peccatum,
1646 3519 1750 3558 nec
1791 3513 1877 3558 est
1916 3505 1970 3558 in
2007 3505 2127 3574 ejus

549 3614 644 3652 ore
693 3597 856 3651 dolus
891 3605 1159 3666 repertus.
1194 3597 1315 3664 Ipse
1355 3602 1439 3649 est
1495 3593 1671 3648 simila
1735 3593 1828 3648 illa
1874 3593 2122 3660 illustris,

546 3695 712 3758 atque
765 3687 887 3740 oleo
933 3700 1249 3754 conspersa,
1299 3685 1402 3738 hoc
1425 3690 1529 3749 est,
1553 3684 1662 3737 vita
1696 3683 1786 3738 illa
1811 3684 1866 3738 in
1894 3684 2126 3756 pingue-

546 3780 675 3834 dine
701 3787 757 3833 et
784 3777 1083 3832 hilaritate.
1112 3776 1358 3831 Vivimus
1393 3775 1542 3830 enim
1569 3775 1625 3829 in
1651 3775 1770 3845 ipso
1789 3777 2127 3832 exsultantes

546 3881 770 3942 propter
817 3886 969 3941 spem
1009 3868 1347 3925 reconditam
1378 3885 1392 3934 ;
1428 3877 1483 3924 et
1520 3868 1648 3938 quia
1678 3869 1853 3924 sancti
1889 3868 2125 3938 Spiritus

543 3962 716 4032 gratia
745 3961 955 4032 irrigati
980 3976 1192 4025 sumus,
1221 3957 1528 4014 secundum
1564 3958 1618 4013 id
1645 3958 1790 4029 quod
1813 3958 1870 4012 in
1896 3959 2126 4014 Psalmis

543 4061 646 4116 est,
667 4054 913 4107 canimus
944 4071 956 4108 :
991 4071 1008 4103 ι
1036 4052 1390 4122 Impinguasti
1418 4053 1475 4106 in
1495 4052 1616 4106 oleo
1636 4060 1802 4122 caput
1823 4067 2005 4106 meum
2027 4053 2068 4105 ι.
2098 4071 2116 4104 ι

543 4142 978 4196 Misericordiam
1019 4143 1166 4196 enim
1210 4158 1402 4196 sumus
1435 4143 1714 4197 consecuti
1754 4159 1850 4212 per
1870 4142 2032 4197 ﬁdem
2063 4143 2123 4197 in

544 4233 866 4287 Christum:
903 4248 1030 4287 cum
1092 4247 1201 4301 quo
1256 4233 1462 4302 pariter
1517 4233 1922 4302 quodammodo
1964 4250 2123 4290 sacro

545 4323 918 4395 thymiamatis
970 4321 1158 4377 suﬂitu
1198 4339 1388 4379 sumus
1444 4322 1674 4387 imbuti,
1735 4325 2122 4380 secundarium

543 4413 1020 4479 tenenteslocum,
1063 4414 1527 4483 quemadmodum
1562 4413 1800 4485 denique
1824 4415 1988 4471 etiam
2030 4416 2122 4471 illa

2239 593 2334 647 καὶ
2359 595 2523 664 ἡμεῖς
2552 591 2741 656 αὐτοὶ,
2775 591 2876 643 οὐκ
2915 589 3157 660 ἄσταχυς
3196 583 3309 654 εἷς,
3345 588 3462 642 ἀλλ’
3491 587 3566 651 ὡς
3592 587 3803 658 δράγμα

2238 686 2615 756 προσάγεται,
2641 683 2942 745 τουτέστιν,
2977 682 3042 734 ἐκ
3075 679 3287 733 πολλῶν
3307 678 3615 750 ἀσταχύων,
3641 679 3804 750 δέσμη

2241 774 2358 844 μία.
2402 773 2516 828 Καί
2544 791 2595 827 τι
2633 773 2696 826 τὸ
2742 773 2932 844 χρῆμά
2970 774 3118 826 ἐστιν
3163 773 3459 841 ἀναγκαῖον
3495 774 3574 834 είς
3606 770 3802 840 ὄνησιν,

2237 867 2332 919 καί⁵
2365 865 2664 935 μυστηρίου
2698 864 2863 917 τύπον
2888 862 3259 933 ἀποπληροῦν.
3295 857 3389 924 Εἷς
3416 861 3512 931 μὲν
3537 862 3644 931 γάρ
3667 863 3806 914 ἐστιν

2250 954 2454 1025 Ἰησοῦς
2475 956 2504 1008 6
2534 953 2788 1024 Χριστὸς,
2830 953 2968 1023 πλὴν
2998 951 3074 1015 ὡς
3097 952 3156 1004 ἐν
3177 950 3306 1004 εῐδει
3341 949 3658 1020 δράγματος
3688 949 3828 1020 ιιι-ολ-¹

2237 1043 2426 1106 λοστὸς
2458 1045 2678 1106 νοεῖται,
2728 1041 2822 1094 καὶ
2875 1040 3027 1104 ἔστι,
3079 1039 3167 1092 διὰ
3210 1039 3269 1093 τὸ
3309 1039 3514 1102 πάντας
3567 1038 3714 1109 ἔχειν
3755 1041 3829 1104 ἐν¹

2236 1134 2415 1205 ἐαυτῷ
2461 1133 2587 1196 τοὺς
2633 1131 3026 1197 πιστεύοντας,
3079 1130 3201 1185 καθ’
3242 1130 3438 1183 ἕνωσιν
3478 1130 3536 1184 δέ
3569 1113 3834 1200 δηλονότιξ

2234 1225 2333 1296 τὴν
2388 1225 2788 1294 πνευματικήν.
2848 1223 3001 1275 Ἐπεὶ
3047 1222 3167 1275 τίνα
3213 1221 3414 1292 τρόπον
3465 1222 3494 1273 6
3545 1206 3836 1291 μακάριοςι

2235 1295 2436 1387 γράφει
2470 1315 2704 1379 Παῦλοςο
2747 1335 2764 1366 ι
2811 1314 2898 1376 Ὠς
2946 1312 3402 1383 συνεγηγέρμεθά
3429 1329 3487 1365 τε
3520 1311 3689 1381 αὐτῷ,
3720 1313 3806 1366 καὶ
3830 1295 3847 1375 ³,

2238 1407 2668 1477 συνεκαθίσαμεν
2716 1407 2773 1460 ἐν
2825 1409 2938 1469 τοῖς
2981 1405 3348 1476 ἐπουρανίοις.
3405 1422 3424 1454 ›
3479 1404 3703 1474 Ἐπειδὴ
3753 1404 3806 1456 δέ

2235 1502 2351 1552 ἐστι
2371 1498 2492 1552 καθ’
2514 1499 2682 1569 ἡμᾶς,
2705 1497 2983 1568 σύσσωμοι
3016 1496 3320 1566 γεγόναμεν
3344 1493 3510 1565 αὐτῷ,
3542 1494 3637 1546 καὶ
3673 1512 3692 1544 ι
3716 1493 3804 1564 τὴν

2236 1595 2373 1666 πρὸς
2409 1594 2568 1647 αὐτὸν
2605 1593 2830 1663 ἑνότητα
2865 1593 2952 1648 διὰ
2992 1590 3085 1646 τοῦ
3140 1590 3389 1662 σώματος
3419 1610 3438 1642 ι
3491 1591 3805 1665 πεπλουτή-

2237 1701 2437 1755 καμεν.
2478 1682 2750 1755 Ταύτῃτοί
2773 1700 2972 1753 φαμεν,
2993 1683 3077 1735 ὃτι
3117 1683 3317 1744 πάντες
3346 1681 3514 1752 ἐσμὲν
3551 1683 3609 1733 ἐν
3640 1681 3803 1750 αὐτῷ.

2236 1776 2345 1829 Καὶ
2372 1774 2500 1843 γοῦν
2538 1775 2700 1837 αὐτὸς
2744 1773 2846 1826 πού
2885 1790 3017 1843 φησι
3059 1772 3194 1843 πρὸς
3213 1772 3303 1825 τὸν
3331 1774 3388 1824 ἐν
3419 1772 3673 1842 οὐρανοῖς
3701 1772 3806 1824 Πα-

2167 1845 2208 1900 B
2237 1865 2370 1936 τέρα
2409 1864 2505 1918 καὶ
2533 1864 2686 1916 Θεόν·
2730 1882 2748 1915 ι
2781 1863 2950 1931 Θέλω,
2974 1863 3163 1934 ὥσπερ
3193 1861 3304 1932 ἐγὼ
3327 1863 3420 1916 καὶ
3444 1864 3507 1915 σὺ
3531 1862 3592 1916 ἒν
3617 1863 3804 1933 ἐσμὲν,

2235 1953 2376 2008 οὕτω
2409 1957 2502 2012 καὶ
2535 1954 2695 2008 αὐτοὶ
2729 1958 2786 2007 ἐν
2816 1956 2968 2026 ἡμῖν.
3005 1973 3025 2005 ι
3075 1954 3163 2016 Ὧς
3199 1955 3265 2007 ἂν
3302 1955 3331 2005 6
3358 1952 3700 2022 κολλώμενος
3736 1952 3808 2022 τῷ

2234 2047 2427 2118 Κυρίῳ
2447 2087 2462 2112 ,
2505 2046 2562 2099 ἓν
2590 2045 2808 2112 πνεῦμά
2854 2049 2989 2100 ἐστι.
3024 2047 3257 2117 Δρὰγμα
3289 2045 3466 2099 τοίνυν
3498 2045 3574 2109 ὡς
3603 2047 3806 2106 πάντας

2234 2139 2370 2210 ἔχων
2394 2142 2450 2193 ἐν
2493 2140 2692 2211 ἐαυτῷ,
2726 2140 2819 2194 καὶ
2864 2139 3005 2210 ὑπὲρ
3037 2141 3252 2194 πάντων
3284 2140 3644 2213 ἀνακειμενος
3667 2179 3682 2204 ,
3721 2138 3808 2192 καὶ

2231 2232 2654 2302 άνθρωπότητος
2691 2230 2910 2303 ἀπαρχὴ
2947 2231 3374 2302 τετελειωμένης
3406 2231 3465 2283 ὲν
3505 2231 3690 2284 πίστει
3724 2231 3808 2284 καὶ

2231 2322 2552 2393 ὀφειλούσης
2600 2324 2702 2395 ἤδη
2738 2322 2924 2376 λοιπὸν
2957 2323 3037 2384 είς
3067 2323 3193 2386 τοὺς
3225 2323 3338 2376 ἄνω
3367 2321 3463 2376 καὶ¹
3501 2324 3561 2376 ἐν
3597 2322 3808 2392 οὖρανῷ

2231 2413 2556 2484 κομίζεσθαι
2606 2412 2936 2484 θησαυρούς.
2981 2413 3457 2484 Προσκομίζεσθαι
3507 2412 3566 2466 δὲ
3606 2412 3718 2466 δεῖν
3751 2412 3807 2464 τὸ

2229 2505 2450 2576 δράγμα
2487 2505 2622 2576 φησὶ
2661 2508 2728 2576 τῇ
2777 2504 3039 2578 ἐπαύριον
3085 2505 3186 2574 τῆς
3234 2503 3481 2576 πρώτης,
3526 2506 3555 2558 ὃ
3603 2507 3718 2558 ἐστι
3745 2507 3804 2574 τῇ

2229 2596 2412 2667 τρίτῃ.
2470 2597 2697 2650 Ἀνεόίω
2749 2597 2860 2668 γὰρ
2909 2599 2973 2651 ἐκ
3026 2598 3237 2669 νεκρῶν
3280 2598 3422 2650 κατά
3463 2597 3566 2668 τὴν
3626 2599 3806 2668 τρίτην

2230 2687 2463 2758 ἡμέραν,
2489 2688 2652 2741 αὐτοῦ
2684 2705 2742 2742 τε
2764 2689 3201 2759 ἀναπεφοίτηκεν
3227 2691 3308 2751 είς
3336 2688 3587 2758 οὐρανὸν,
3609 2690 3690 2751 είς
3716 2687 3807 2756 τὴν

2232 2777 2437 2850 σκηνὴν
2472 2779 2569 2850 τὴν
2613 2779 2894 2849 ἀληθινὴν,
2926 2779 3021 2832 καὶ
3053 2781 3135 2843 είς
3172 2779 3242 2832 τὰ
3273 2779 3441 2846 ’Ἅγια
3465 2778 3576 2831 τῶν
3618 2777 3804 2844 ἁγίων.

2242 2868 2381 2921 Ἀλλ’
2407 2869 2593 2940 ὥσπερ
2619 2869 2781 2941 ἄρτος
2817 2869 3105 2941 νοούμενος
3141 2869 3577 2940 κατεσημαίνετο
3607 2869 3709 2923 κάν
3736 2865 3809 2936 τῷ

2232 2961 2416 3031 μόσχῳ
2449 2959 2526 3032 τῷ
2552 2963 2683 3033 πρὸς
2703 2960 3071 3015 ὁλοκαύτωσιν
3107 2962 3201 3015 καὶ
3229 2963 3310 3025 είς
3349 2961 3526 3032 ὀσμὴν
3557 2960 3806 3020 εὐωδίας,

2229 3053 2326 3105 καί⁸
2359 3052 2456 3122 μὲν
2482 3071 2563 3106 τοι
2580 3055 2673 3106 καὶ
2694 3055 2751 3106 ἐν
2774 3053 2993 3124 χιμάρῳ
3017 3053 3122 3106 τῶν
3145 3053 3509 3124 ἀγνοημάτων
3537 3069 3810 3125 παρεστη-

2153 3173 2199 3236 c
2573 3145 2636 3236 δη
2666 3145 2864 3236 πάλιν,
2910 3145 3005 3236 καί
3047 3145 3095 3197 εί
3137 3143 3362 3214 δράγμα
3406 3148 3582 3197 νοοῖτο
3628 3144 3808 3215 τυχὸν,

2230 3232 2345 3286 ἀλλ’
2381 3233 2526 3286 ἔστιν
2561 3233 2721 3296 αὐτὸς
2753 3233 2814 3286 τὸ
2849 3232 3118 3286 ἐνιαύσιον
3150 3233 3442 3305 πρόϐατον,
3473 3235 3725 3286 τουτέστι
3753 3232 3810 3285 τδ

2226 3324 2454 3379 τέλειονζ
2488 3325 2810 3387 Παντὲλειος
2845 3324 2953 3396 γὰρ
2983 3324 3076 3377 καὶ
3107 3323 3359 3396 ἀνενδεὴς
3389 3323 3418 3374 6
3443 3323 3684 3394 Χριστὸς
3710 3323 3809 3392 ἰδίᾳ

2227 3415 2406 3485 φύσει.
2449 3418 2602 3469 Ἐστι
2645 3416 2701 3468 δὲ
2745 3417 2881 3488 πρὸς
2914 3416 3086 3486 τούτῳ
3116 3415 3212 3469 καὶ
3240 3416 3466 3485 ἄμωμος
3505 3412 3804 3474 παντελῶς.

2227 3509 2302 3562 Οὐ
2342 3507 2452 3579 γὰρ
2499 3508 2735 3576 ἔγνωκεν
2781 3507 3080 3580 ἁμαρτίαν,
3125 3506 3235 3560 οὐδ’
3277 3505 3393 3559 ἐστι
3439 3505 3593 3569 δόλος
3638 3508 3696 3558 ἐν
3737 3502 3810 3573 τῷ

2228 3597 2458 3668 στόματι
2489 3597 2674 3652 αὐτοῦ.
2704 3596 2876 3661 Αὐτός
2905 3615 2962 3650 τε
2988 3600 3021 3668 ἡ
3057 3595 3339 3668 σεμίδαλις
3369 3597 3402 3666 ή
3432 3595 3691 3666 λαμπρὰ,
3720 3592 3808 3646 καὶ

2227 3689 2587 3755 ἐλαιόδευτος,
2611 3689 2910 3754 τουτέστιν,
2947 3690 2981 3758 ἡ
3012 3689 3088 3751 ὡς
3130 3690 3187 3742 ἐν
3238 3688 3455 3758 πιότητι
3486 3687 3590 3739 καὶ
3632 3685 3809 3755 ἱλαρό-

2226 3798 2346 3850 τητι
2401 3781 2536 3850 ζωή.
2587 3779 2778 3850 Ζῶμεν
2823 3779 2932 3850 γὰρ
2979 3774 3354 3850 χαίροντεςὲν
3402 3777 3553 3847 αὐτῷ
3594 3776 3685 3830 διὰ
3716 3774 3811 3844 τὴν

2227 3869 2601 3940 ἀποκειμένην
2649 3869 2876 3932 ἐλπίδα,
2909 3868 3006 3921 καὶ
3052 3871 3119 3938 τῇ
3168 3867 3261 3920 τοῦ
3297 3867 3454 3936 ἁγίου
3489 3867 3810 3935 Πνεύματος

2226 3961 2682 4033 καταρδευόμενοι
2705 3960 2928 4031 χάριτι,
2967 3958 3108 4012 κατὰ
3140 3957 3199 4010 τὸ
3239 3959 3296 4012 ἐν
3327 3958 3584 4027 Ψαλμοῖς
3616 3959 3808 4020 ἐκεῖνο,

2227 4055 2426 4124 φαμέν·
2450 4073 2467 4106 ι
2511 4053 2803 4115 Ἐλίπανας
2823 4053 2880 4104 ἐν
2916 4051 3080 4120 ἐλαίῳ
3101 4049 3198 4121 τὴν
3229 4051 3471 4120 κεφαλήν
3503 4068 3634 4121 μου.
3674 4069 3694 4101 ι
3721 4049 3812 4101 Γε-

2224 4145 2461 4214 γόναμεν
2499 4145 2608 4215 γὰρ
2651 4142 2965 4214 ἠλεημένοι,
2995 4141 3084 4194 διὰ
3123 4142 3358 4204 πίστεως
3399 4142 3456 4193 ἐν
3487 4139 3738 4210 Χριστῷ,
3769 4129 3810 4205 ᾧ

2225 4237 2427 4307 τρόπον
2477 4236 2601 4288 τινὰ
2660 4236 2752 4288 καὶ
2799 4232 3226 4304 συνθυμιὼμεθα
3283 4233 3545 4303 δευτέραν
3597 4235 3811 4304 ἔχοντες

2225 4327 2396 4392 τάξιν·
2450 4326 2703 4397 καθάπερ
2743 4325 2935 4396 ἀμέλει
2981 4323 3052 4377 τὰ
3101 4323 3412 4392 καλούμενα
3458 4324 3624 4396 χίδρα
3679 4322 3810 4393 πρὸς

2224 4417 2322 4490 τὴν
2345 4418 2554 4471 ἐκείνου
2586 4417 2883 4489 σεμίδαλιν.
2904 4416 3087 4484 Χίδρα
3115 4416 3223 4487 γὰρ
3252 4411 3390 4469 εἷναί
3418 4433 3626 4485 φαμεν,
3658 4415 3728 4468 τὰ
3758 4413 3814 4478 ἐξ

529 4522 663 4578 qua)
690 4516 956 4562 vocantur
977 4505 1186 4570 chidra,
1210 4506 1276 4561 ad
1305 4505 1455 4560 illius
1472 4505 1725 4560 similam.
1758 4505 1952 4562 Chidra
1973 4509 2120 4562 enim

2226 4509 2467 4582 ὀσπρίων
2499 4509 2725 4580 ἄλευρα.
2765 4509 2886 4562 Ὅτι
2914 4509 3022 4579 γάρ
3067 4508 3162 4562 καὶ
3201 4510 3250 4561 εί
3288 4508 3479 4577 γέγονε
3510 4509 3638 4561 καθ’
3667 4508 3810 4578 ἡμᾶς

540 4616 661 4655 esse
709 4599 948 4654 dicimus
986 4614 1052 4652 ex
1097 4598 1468 4669 leguminibus
1516 4599 1799 4654 subactam
1869 4599 2120 4654 farinam.

539 4692 679 4758 Quia
719 4691 868 4745 enim
909 4689 1071 4744 nobis
1111 4706 1208 4759 per
1243 4689 1707 4758 dispensationem
1729 4689 1923 4744 similis
1949 4691 2124 4745 factus

539 4794 642 4848 est,
678 4782 812 4853 quin
864 4781 1063 4836 merito
1101 4779 1262 4834 nobis
1286 4780 1537 4850 superior
1561 4787 1656 4834 aut
1681 4780 2029 4849 praestantior
2052 4780 2123 4834 sit

535 4873 912 4938 aestimandus,
960 4871 1173 4926 dubitet
1224 4870 1472 4940 profecto
1505 4886 1688 4925 nemo.
1734 4870 2122 4926 Honorabilior

542 4966 727 5036 itaque
776 4966 914 5021 citra
958 4963 1386 5020 controversiam
1431 4962 1612 5033 ipsius
1641 4962 1757 5016 vita
1785 4971 1886 5017 est.
1921 4963 2121 5019 Sancta

537 5059 684 5111 enim
730 5058 949 5128 penitus
996 5067 1081 5112 est
1129 5065 1185 5110 et
1237 5055 1601 5110 immaculata.
1637 5054 1694 5108 In
1724 5054 2029 5110 minoribus
2051 5072 2116 5112 ac

538 5159 691 5205 retro
741 5156 867 5204 sunt
909 5156 1116 5212 nostra,
1164 5154 1220 5201 et
1241 5147 1555 5201 ch'idrorum
1581 5145 1647 5200 ad
1671 5146 1862 5210 instar,
1888 5163 2028 5216 quae,
2055 5156 2115 5201 ut

531 5242 642 5311 jam
689 5239 823 5303 dixi,
866 5254 896 5292 e
941 5238 1215 5292 frumento
1242 5237 1420 5292 simila
1442 5245 1542 5292 est.
1577 5236 1763 5291 Simila
1785 5248 1967 5292 autem
1989 5240 2114 5293 vita:

535 5329 826 5400 imaginem
865 5343 977 5398 pne
999 5344 1056 5384 se
1088 5326 1213 5381 fert.
1239 5326 1320 5381 Ad
1346 5327 1460 5381 haac
1482 5327 1533 5382 ei
1565 5326 1753 5380 chidrn
1788 5341 1912 5380 cum
1935 5327 2115 5381 simila

529 5437 556 5474 a
570 5422 604 5476 d
622 5423 791 5476 altare
817 5420 1157 5474 deferuntur.
1181 5417 1682 5474 Conthuriﬁcamur
1703 5420 1873 5483 enim,
1899 5427 1959 5472 ut
1977 5418 2110 5482 dixi,

533 5507 772 5572 Christo,
801 5506 1089 5576 eidemque
1122 5502 1324 5560 bonum
1351 5521 1542 5560 omnes
1572 5506 1798 5561 odorem
1827 5507 2114 5564 suavitatis

536 5595 762 5648 ferimus
810 5595 850 5657 ³,
901 5609 1196 5664 sumusque
1251 5595 1412 5647 simul
1454 5595 1662 5664 accepti
1698 5596 1810 5649 Deo
1839 5610 1903 5650 ac
1941 5597 2108 5651 Patri.

603 5780 655 5813 ⁸⁸
673 5778 879 5848 Ephes.
923 5795 979 5844 ιι,
1003 5782 1052 5836 6.
1128 5784 1171 5814 ἐ’
1202 5782 1404 5851 Ephes.
1439 5799 1514 5848 ιιι,
1549 5785 1600 5840 6.

2222 4601 2604 4672 οἰκονομικῶς,
2635 4601 2774 4673 ὑπὲρ
2799 4602 2946 4673 ἡμᾶς
2977 4603 3004 4655 6
3027 4600 3259 4672 Χριστὸς
3285 4602 3440 4655 νοοῖτ¹
3464 4600 3530 4654 ἂν
3559 4601 3811 4662 εἰκότως,

2221 4693 2546 4746 ἐνδοιάσειεν
2580 4691 2646 4746 ἂν
2676 4692 2874 4755 οὐδείς.
2911 4691 3122 4746 Οὐκοῦν
3151 4692 3457 4764 τιμιωτέρα
3489 4691 3599 4762 μὲν
3643 4692 3812 4757 ἀσυγ-

2221 4784 2476 4856 κρίτωςὴ
2508 4785 2672 4838 αὐτοῦ
2698 4786 2832 4856 ζωή.
2876 4784 3033 4853 Ἀγία
3055 4784 3165 4855 γὰρ
3196 4784 3479 4847 παντελῶς
3521 4785 3623 4836 καὶ
3654 4783 3803 4853 ἄμω-

2223 4893 2343 4946 μσς.
2397 4877 2485 4929 Ἐν
2520 4877 2698 4946 μείοσι
2739 4877 2794 4930 δὲ
2824 4878 2917 4931 καὶ
2961 4878 3193 4931 κατόπιν
3225 4877 3296 4929 τὰ
3334 4875 3456 4932 καθ’
3499 4877 3684 4946 ἡμᾶς,
3721 4872 3811 4925 καὶ

2217 4964 2292 5028 ὡς
2319 4966 2375 5018 ἐν
2417 4965 2568 5029 τάξει
2599 4966 2817 5037 χίδρων,
2853 4967 2930 5031 ὼς
2960 4969 3097 5037 πρός
3128 4986 3214 5036 γε,
3243 4968 3408 5038 φημὶ,
3443 4965 3546 5038 τὴν
3585 4967 3699 5020 ἀπὸ
3734 4963 3810 5016 σί-

2201 5073 2315 5124 ⁵του
2359 5056 2660 5126 σεμίδαλιν.
2693 5059 2847 5129 Ζωῆς
2880 5059 2935 5111 δὲ
2964 5059 3132 5124 τύπος
3168 5058 3468 5130 σεμίδαλις.
3495 5057 3654 5127 Πλὴν
3688 5073 3808 5108 συν-

2221 5145 2550 5217 αναφέρεται
2579 5146 2715 5218 πρὸς
2745 5147 2807 5200 τὸ
2835 5147 3219 5219 Θυσιαστήριον
3255 5148 3322 5202 τὰ
3367 5147 3526 5218 χίδρα
3557 5149 3629 5218 τῇ
3660 5163 3810 5214 σεμι-

2221 5235 2392 5290 δάλει.
2425 5237 2855 5308 Συνουμιὼμεθα
2888 5240 2996 5308 γὰρ
3021 5281 3034 5305 ,
3060 5241 3134 5304 ὡς
3181 5239 3351 5310 ἔφην,
3403 5236 3665 5310 Χριστῷ,
3717 5233 3808 5287 καὶ

2219 5328 2368 5397 αὐτῷ
2429 5330 2631 5392 πάντες
2681 5330 3080 5402 εὐωδιάζομεν,
3133 5333 3226 5384 καὶ
3278 5331 3446 5401 ἐσμὲν
3502 5329 3610 5381 σὺν
3661 5322 3808 5394 αὐτῷ

2215 5417 2395 5471 δεκτο⁴ι
2421 5418 2499 5488 τῷ
2533 5418 2650 5490 Θεῷ
2677 5422 2770 5474 καὶ
2803 5422 3001 5494 Πατρί.
3033 5422 3143 5476 Καὶ
3169 5423 3218 5475 οί
3246 5421 3476 5493 Χριστὸν
3507 5419 3619 5472 οὐκ
3651 5419 3804 5487 ἔχον-

2216 5525 2327 5572 τες,
2359 5510 2467 5562 οὐδ’
2498 5509 2562 5563 ἄν
2591 5513 2729 5564 εἰσιν
2759 5512 2894 5577 ὅλως
2929 5515 3006 5576 είς
3039 5513 3227 5566 Θυσίαν
3265 5510 3585 5582 ἐπιτήδειον
3626 5529 3645 5561 ι
3683 5510 3807 5562 Χω-

2218 5601 2301 5671 pl;
2334 5601 2442 5671 γὰρ
2487 5603 2654 5673 ἐμοῦ,
2694 5605 2894 5675 φησιν,
2943 5606 3005 5658 οὐ
3052 5605 3278 5659 δύνασθε
3338 5604 3506 5658 ποιεῖν
3558 5600 3736 5654 οὐδέν.
3778 5612 3801 5648 ι

1718 5787 2070 5859 ’Joan.1ml,
2107 5791 2193 5859 Η,
2227 5791 2316 5848 21.
2387 5797 2408 5829 ²
2442 5795 2584 5851 Psal.
2611 5812 2738 5865 χχιι,
2775 5797 2825 5852 5.
2908 5798 2990 5854 ³11
3029 5797 3153 5853 Cor.
3183 5813 3238 5864 ιι,
3279 5795 3360 5851 15.
