4094 6282
379 336 490 395 σεε

1368 325 1893 387 σιΑΡΗΠὶΟΒΠΜ
1933 322 2003 383 IN
2040 321 2373 384 NUMEROS
2401 326 2626 384 LIBER.
2662 344 2665 347 λ

3540 326 3654 390 σεε

381 451 497 509 Ma
519 451 597 519 δὲ,
638 448 827 521 φησὶν,
870 447 931 504 οὐ
966 446 1204 519 φάγεσοε
1235 447 1340 512 ἕως
1374 450 1453 512 είς
1492 447 1664 519 αὐτὴν
1691 444 1789 518 τὴν
1821 442 1958 515 ὴμέ-

2077 442 2132 497 tt
2163 445 2259 514 qui
2295 443 2575 501 Christum
2618 459 2729 500 non
2763 443 2988 511 habent,
3027 444 3198 517 inepti
3226 444 3387 516 plane
3414 453 3545 501 sunt
3576 444 3653 501 ad

387 561 487 616 ραν
512 542 738 614 ταύτην,
773 541 879 606 ἕως
904 542 1210 613 άναφέρητε
1250 540 1311 594 τὸ
1336 540 1580 612 δράγμα.
1613 538 1751 593 Οὕτε
1789 538 1899 607 7&9
1931 538 1960 590 δ

384 635 479 691 τοῦ
511 635 678 707 νόμου
704 634 914 706 καιρὸς,
937 633 1060 688 οὔτε
1103 632 1208 705 μὴν
1241 633 1271 685 ό
1297 632 1405 685 τῶν
1435 632 1607 700 ἁγίων
1632 629 1793 701 χορὸς
1822 644 1958 701 προ-
1992 635 2004 647 ’

388 724 574 796 φητῶν
605 724 706 793 τὴν
742 723 867 778 νέαν
893 718 1005 793 εἶχε
1043 720 1275 793 τροφὴν,
1300 718 1566 783 τουτέστι,
1602 718 1673 771 τὰ
1706 717 1797 773 διὰ
1829 717 1962 787 Χριο

391 815 517 871 στοῦ
558 815 922 887 παιδεύματα,
959 813 1084 867 οὗτε
1137 814 1245 885 μὴν
1289 812 1453 866 αὐτὸν
1483 811 1579 866 τὸν
1611 812 1713 882 τῆς
1750 809 1963 882 ἀνθρω-

391 911 549 972 πείας
568 908 781 978 φύσεως
811 907 1231 977 ἀνακαινισμὺν,
1256 904 1397 978 πλὴν
1432 905 1509 970 ὥς
1540 906 1597 959 ὲν
1625 905 1764 977 μόνῃ
1792 919 1962 972 προσ-

389 999 678 1070 αγορεύσει
710 998 888 1069 τυχόν.
932 999 1153 1066 Ἐπειδὴ
1171 999 1229 1053 δὲ
1262 999 1466 1053 άνεόίω
1488 997 1679 1051 λοιπὸν
1705 999 1734 1050 δ
1756 996 1965 1066 Κύριος

389 1089 544 1160 ἡμῶν
592 1088 797 1160 Ἰησοῦς
837 1089 1097 1160 Χριστὸς,
1128 1089 1225 1144 καὶ
1256 1090 1331 1154 ὡς
1354 1091 1415 1143 ἐν
1450 1087 1603 1155 τάξει
1624 1088 1964 1161 δράγματος,

387 1177 482 1247 τὴν
541 1176 640 1247 τῆς
700 1176 1125 1248 ἁνθρωπότητος
1195 1178 1455 1250 ἀπαρχὴν
1515 1178 1963 1250 προσκεκόμικεν

384 1267 577 1321 ἑαυτὸν
601 1267 678 1338 τῷ
703 1268 826 1339 Θεῷ
847 1269 944 1322 καὶ
964 1270 1165 1342 [lat-9i,
1194 1269 1319 1324 τότε
1349 1269 1432 1340 δὴ.
1465 1268 1589 1323 τότε
1612 1270 1706 1322 καὶ
1732 1270 1813 1332 εις
1837 1268 1964 1323 νέαν

383 1359 573 1429 ὥσπερ
615 1359 762 1430 ζωὴν
805 1361 1383 1433 μεταστοιχειούμεθα.
1418 1359 1823 1431 Πολιτευόμεθα
1855 1359 1965 1429 7&9

385 1450 776 1519 εύαγγελικῶς,
824 1470 843 1502 ι
871 1452 988 1506 Οὐκ
1020 1453 1079 1506 ὲν
1107 1452 1430 1524 παλαιότητι
1466 1452 1815 1524 γράμματος,
1845 1450 1961 1503 ἀλλ’

386 1540 444 1591 ὲν
484 1540 769 1610 καινότητι
813 1541 1154 1612 Πνεύματος·
1201 1561 1221 1594 ›
1270 1542 1339 1596 δι’
1373 1537 1435 1597 οῦ
1477 1543 1573 1596 καὶ
1622 1541 1740 1612 μεθ’
1785 1534 1848 1595 οὗ
1887 1538 1967 1610 τῷ

388 1630 508 1701 Θεῷ
537 1632 632 1684 καὶ
663 1632 841 1703 Πατρὶ
876 1634 910 1704 ή
941 1632 1068 1700 δόξα
1101 1634 1199 1689 σὺν
1233 1634 1373 1705 ἁγίῳ
1403 1632 1686 1705 Πνεύματι
1724 1634 1804 1696 είς
1836 1633 1964 1696 τοὺς

392 1724 596 1789 αἰῶνας
623 1723 733 1780 τῶν
761 1724 992 1781 αἰώνων.
1038 1727 1233 1799 Ἀμήν.

394 1837 532 1906 Περὶ
554 1835 665 1905 τῆς
688 1836 998 1910 δαμάλεως
1022 1838 1133 1910 τῆς
1158 1837 1411 1909 meum
1432 1841 1545 1909 τῆς
1569 1840 1972 1910 κατακαείσης

765 1907 773 1931 ί
835 1907 953 1973 ἔξω
982 1907 1095 1977 τῆς
1128 1907 1531 1979 παρεμϐολῆςζ

466 1998 539 2053 α’.
579 1999 742 2053 Ἀλλὰ
777 1999 879 2072 μέν
916 2018 1020 2054 που
1067 2002 1163 2054 καί
1201 2019 1369 2071 φησιν
1398 2003 1428 2055 ό
1471 2002 1754 2066 θεσπέσιος
1782 2000 1965 2056 Δαδίδ’

400 2110 418 2142 ι
453 2090 519 2144 Τί
565 2090 834 2148 ἀποδώσω
858 2092 939 2163 τῷ
975 2092 1164 2164 Κυρίῳ
1211 2094 1345 2165 περὶ
1381 2094 1598 2151 πάντων
1641 2087 1717 2149 ὧν
1765 2094 1970 2148 ἀνταπ-

393 2182 564 2236 έδωκέ
594 2201 721 2254 μοι;
753 2203 772 2236 ι
807 2185 1015 2255 Πρέποι
1053 2185 1095 2238 δ’
1125 2186 1194 2240 ἂν
1236 2187 1474 2257 μάλιστα
1499 2187 1592 2240 καὶ
1625 2188 1759 2258 ἡμῖν
1788 2186 1971 2248 αὐτοῖς

390 2278 424 2348 ἡ
455 2276 636 2331 τοιάδε
687 2278 860 2349 φωνή.
898 2276 964 2331 Τί
1004 2277 1114 2349 γάρ
1141 2277 1296 2332 ἔσται
1332 2278 1395 2331 τὸ
1423 2279 1554 2351 παρ’
1591 2280 1723 2350 ἡμῖν
1754 2278 1970 2333 ἰσοστά-

395 2385 512 2422 σιον
552 2367 630 2439 τῷ
674 2368 794 2438 Θεῷ
821 2370 918 2423 καὶ
970 2368 1183 2439 Πατρί;
1229 2368 1439 2423 Δέδωκε
1485 2369 1594 2442 7&9
1631 2370 1772 2441 ὑπὲρ
1810 2370 1970 2442 ἡμῶν

391 2462 485 2514 τὸν
518 2460 650 2514 [διον
676 2460 823 2521 Υίδν,
861 2481 880 2512 ι
921 2461 1007 2515 ἵνα
1031 2463 1140 2523 πᾶς
1169 2462 1198 2514 ό
1227 2460 1528 2527 πιστεύσας
1566 2463 1643 2527 είς
1678 2462 1865 2528 αὐτὸν,
1893 2462 1970 2535 μὴ

391 2552 694 2621 ἀπόληται,
741 2551 857 2605 ἀλλ’
892 2551 992 2624 ἔχῃ
1028 2551 1174 2623 ζωὴν
1214 2550 1455 2606 αἰώνιον·
1494 2571 1513 2605 ι
1568 2552 1851 2624 μονονουχὶ
1873 2554 1971 2607 καὶ

386 2639 490 2707 τῆς
518 2639 670 2711 αὐτῷ
711 2640 1038 2712 πρεπούσης
1085 2641 1381 2713 ἀφειδήσας
1421 2641 1827 2713 φιλοστοργίας.
1872 2643 1965 2697 Δέ-

386 2729 527 2783 δωκε
570 2731 682 2802 7&9
722 2731 917 2785 ἑαυτὸν
961 2733 1084 2795 ταῖς
1128 2732 1427 2803 ἁμαρτίαις
1472 2733 1661 2805 ἡμῶν,
1698 2734 1839 2790 κατὰ
1871 2735 1970 2798 τὰς

391 2821 644 2892 Γραφὰς,
690 2823 784 2877 καὶ
823 2821 1150 2895 σεσώσμεθα
1193 2824 1291 2895 μὲν
1334 2825 1514 2895 ἡμεῖς’
1563 2825 1969 2896 μεμαλάκισται

394 2914 450 2967 δὲ
484 2914 646 2979 αὐτὸς
675 2914 762 2968 διὰ
798 2914 898 2979 τὰς
940 2916 1217 2987 ἁμαρτίας
1260 2916 1440 2988 ἡμῶν,
1486 2918 1581 2971 καὶ
1623 2918 1764 2989 ὑπὲρ
1813 2918 1973 2989 ἡμῶν

401 3004 678 3070 ὁδυνᾶται,
709 3008 805 3061 καὶ
832 3007 995 3063 αὐτὸν
1028 3006 1261 3073 ἀνατλὰς
1293 3007 1391 3063 τὸν
1420 3009 1521 3079 τῆς
1560 3009 1764 3080 σαρκὸς
1804 3008 1971 3063 θάνα-

2059 536 2178 607 ejus
2197 536 2550 593 sacriﬁcium.
2598 557 2617 590 ι
2655 537 2787 593 Sine
2838 552 2946 603 me,
2998 537 3095 604 ait,
3137 538 3274 593 nihil
3300 539 3532 609 potestis
3563 538 3645 594 fa-

2061 641 2186 683 cere
2211 628 2251 682 ⁸.
2291 649 2309 680 ι
2338 629 2551 690 Novum
2576 644 2762 700 porro,
2796 630 2893 695 ait,
2918 645 2989 685 ne
3023 629 3170 685 edite
3193 629 3302 685 nisi
3329 630 3384 685 in
3419 630 3643 685 tertium

2061 717 2230 784 diem,
2252 719 2431 775 donec
2448 721 2790 790 manipulum
2817 719 3083 776 oﬂeratis.
3114 720 3303 791 Neque
3332 720 3480 775 enim
3507 720 3645 791 legis

2062 818 2300 880 tempus,
2354 826 2542 881 neque
2578 812 2974 882 prophetarum
3016 820 3195 868 cattus
3231 827 3434 868 novum
3482 811 3650 867 habet

2062 900 2270 968 cibum,
2291 901 2520 968 hoe'est,
2538 902 2906 958 Christianam
2928 902 3256 968 doctrinam,
3282 918 3459 973 neque
3476 902 3651 972 ipsam

2062 993 2539 1048 naturae-humana:
2562 993 3001 1060 innovationem,
3016 993 3122 1049 nisi
3142 993 3282 1049 forte
3300 993 3356 1049 in
3372 994 3485 1049 sola
3507 1007 3651 1063 pra:-

2064 1081 2325 1139 dictione.
2384 1084 2683 1156 Postquam
2730 1100 2865 1141 vero
2919 1084 3143 1140 tandem
3191 1084 3497 1140 resurrexit
3534 1098 3655 1138 om-

2063 1174 2217 1230 nium
2254 1175 2520 1232 Dominus
2572 1177 2733 1233 Iesus
2760 1177 3037 1244 Christus,
3074 1188 3130 1233 et
3154 1176 3312 1248 quasi
3340 1176 3653 1247 manipulus

2064 1266 2320 1322 humana:
2362 1269 2639 1339 primitias
2675 1270 3015 1325 conditionis
3041 1269 3242 1326 obtulit
3271 1269 3513 1340 seipsum
3540 1268 3653 1322 Deo

2065 1356 2236 1423 Patri,
2283 1366 2432 1425 tunc,
2480 1368 2633 1427 tunc,
2675 1361 2920 1431 inquam,
2968 1362 3026 1417 in
3064 1376 3263 1419 novam
3283 1359 3456 1416 veluti
3482 1359 3652 1415 vitam

2069 1449 2451 1506 remrmamur.
2518 1452 2900 1524 Evangelicam
2974 1457 3125 1511 enim
3181 1454 3352 1509 vitam
3399 1452 3655 1508 ducimus

2074 1557 2093 1591 ι
2118 1540 2238 1595 Νοιι
2273 1541 2329 1595 in
2359 1550 2629 1598 vetustate
2667 1544 2886 1610 litterae,
2927 1546 3023 1601 sed
3069 1547 3127 1600 in
3184 1545 3429 1601 novitate
3472 1543 3653 1614 Spiri-

2067 1638 2159 1686 tus
2193 1632 2250 1687 ':
2290 1652 2308 1684 ι
2341 1647 2440 1703 per
2462 1650 2624 1704 quem
2650 1645 2706 1691 ct
2726 1651 2851 1691 cum
2883 1652 2995 1707 quo
3015 1638 3128 1693 Deo
3146 1637 3295 1694 Patri
3327 1636 3500 1709 gloria
3527 1648 3653 1692 cum

2069 1732 2265 1779 sancto
2290 1723 2499 1795 Spiritu
2532 1726 2589 1781 in
2609 1728 2807 1783 saecula
2833 1729 3181 1784 saeculorum.
3206 1729 3401 1785 Arnen.

2212 1835 2377 1909 ‘00
2396 1836 2473 1892 De
2498 1854 2655 1894 vacca
2691 1839 2811 1910 rufa
2831 1846 2983 1894 extra
3011 1847 3187 1895 castra
3222 1840 3511 1895 combusta.

2142 2000 2194 2054 Ι.
2235 2000 2378 2056 Alibi
2426 2001 2649 2072 quidem
2671 2002 2893 2060 divinus
2925 2003 3002 2058 ait
3032 2002 3204 2059 David
3231 2021 3243 2057 :
3275 2022 3293 2055 ι
3322 2003 3463 2071 Quid
3492 2004 3654 2059 retri-

2070 2091 2238 2148 buam
2265 2094 2500 2150 Domino
2530 2111 2632 2166 pro
2655 2096 2914 2151 omnibus
2937 2112 3060 2167 quae
3080 2096 3340 2152 retribuit
3364 2096 3500 2150 mihi
3523 2096 3604 2149 "?
3631 2115 3648 2148 ι

2067 2184 2181 2241 Nos
2229 2200 2449 2255 quoque
2494 2185 2687 2241 deceat
2729 2187 2966 2242 maxime
3018 2186 3142 2242 talis
3183 2202 3309 2241 vox.
3334 2185 3477 2253 Quid
3508 2186 3655 2240 enim

2068 2276 2233 2332 nobis
2266 2286 2542 2348 suppetat,
2590 2294 2703 2350 quo
2751 2279 2905 2349 paria
2942 2280 3218 2348 possimus
3248 2278 3427 2333 facere
3459 2277 3572 2332 Deo
3595 2292 3659 2331 ac

2069 2365 2444 2422 Patri‘lDedit
2474 2368 2624 2423 enim
2659 2383 2760 2438 pro
2804 2367 2968 2422 nobis
3014 2367 3300 2438 proprium
3351 2382 3514 2421 suum
3562 2365 3659 2421 Fi-

2070 2454 2226 2524 lium,
2276 2478 2296 2510 ι
2323 2465 2387 2513 ιιι
2431 2459 2612 2514 omnis
2642 2460 2737 2529 qui
2765 2459 2941 2515 credit
2981 2458 3037 2513 in
3068 2459 3270 2528 ipsum,
3302 2473 3413 2512 non
3446 2465 3659 2527 pereat,

2070 2548 2169 2604 sed
2215 2550 2417 2606 habeat
2457 2553 2643 2621 potius
2689 2552 2863 2607 vitam
2903 2558 3168 2607 aeternam
3192 2552 3259 2606 σε
3299 2570 3318 2604 ι
3349 2567 3413 2605 ac
3465 2567 3662 2623 prope-

2070 2641 2297 2697 modum
2326 2642 2432 2698 sibi
2459 2644 2658 2699 debitae
2676 2644 2942 2715 prodigus
2984 2643 3339 2715 indulgentia:
3360 2653 3416 2699 et
3437 2644 3657 2699 amoris.

2073 2733 2323 2789 Tradidit
2337 2735 2486 2790 enim
2514 2735 2756 2806 seipsum
2779 2752 2879 2806 pro
2902 2737 3142 2807 peccatis
3168 2736 3391 2801 nostris,
3424 2737 3485 2790 ut
3509 2751 3662 2792 sacra

2071 2824 2316 2895 loquitur
2343 2825 2699 2897 Scriptura";
2734 2836 2791 2882 et
2818 2842 2920 2883 nos
2946 2828 3169 2897 quidem
3196 2827 3331 2883 salvi
3353 2843 3451 2897 per
3482 2829 3663 2897 ipsum

2070 2915 2202 2971 iacti
2226 2933 2448 2985 sumus;
2468 2918 2583 2989 ipse
2615 2928 2795 2974 autem
2827 2935 2930 2989 pro
2957 2919 3162 2975 nostris
3181 2918 3401 2974 attritus
3421 2925 3505 2974 est
3528 2919 3666 2974 deli-

2072 3008 2196 3074 ctis,
2220 3009 2437 3065 dolores
2462 3026 2563 3081 pro
2587 3010 2749 3065 nobis
2770 3012 2885 3081 ipse
2908 3011 3151 3080 portavit
3174 3010 3217 3075 ⁸,
3256 3010 3373 3079 ipsa
3412 3011 3577 3065 etiam
3609 3010 3666 3065 in

404 3111 519 3148 τονο
559 3097 659 3167 οὐχ
691 3098 777 3151 ἵνα
817 3098 934 3170 μεθ’
968 3099 1127 3171 ἡμῶν
1172 3102 1229 3155 έν
1261 3101 1478 3172 νεκροῖς
1519 3101 1693 3173 ὁρῷτο
1728 3118 1970 3171 μεμενη-

2077 3115 2241 3155 carne
2291 3109 2467 3157 morte
2502 3102 2672 3169 obita,
2720 3118 2830 3159 non
2855 3112 2916 3157 ut
2938 3102 3227 3158 nobiscum
3256 3102 3478 3174 quidem
3522 3119 3671 3158 mor-

306 3203 313 3208 ·
404 3188 538 3252 κὼς,
564 3188 679 3241 ἀλλ’
726 3189 812 3243 ἴνα
860 3192 956 3245 σὺν
988 3190 1137 3262 αὐτῷ
1175 3208 1236 3245 τε
1277 3190 1373 3246 καὶ
1409 3188 1482 3246 δι’
1515 3192 1681 3245 αὐτὸν
1719 3193 1793 3255 είς
1826 3192 1973 3263 ζωὴν

400 3279 755 3348 ἀναθέοντες,
814 3283 904 3337 καὶ
958 3281 1451 3355 παλινδρομοῦντες
1507 3284 1586 3347 είς
1641 3282 1973 3356 ἀφθαρσίαν,

401 3373 684 3445 χαίροντες
708 3373 994 3445 λέγωμενσΔ
1017 3393 1036 3428 ι
1068 3375 1179 3430 Ποῦ
1209 3376 1243 3445 ἡ
1278 3374 1402 3434 νίκη
1442 3391 1559 3441 σου,
1593 3377 1836 3442 θάνατες
1868 3374 1974 3429 ποῦ

403 3481 497 3520 σου
543 3468 609 3520 τὸ
655 3465 912 3538 κέντρον,
945 3466 1083 3538 ᾅδης
1124 3485 1143 3518 ι
1194 3467 1290 3531 Τίς
1327 3462 1420 3521 οῦν
1469 3466 1653 3521 λοιπὸν
1696 3469 1777 3532 είς
1820 3468 1979 3521 τοῦτο

400 3555 753 3629 ἀποφέρουσα
780 3555 1002 3627 τρίϐοςς
1045 3556 1109 3609 Ἦ
1133 3556 1223 3610 διὰ
1257 3557 1353 3610 τοῦ
1391 3555 1768 3628 βαπτίσματος
1794 3558 1986 3629 χάρις,

400 3647 470 3700 δι’
509 3626 595 3700 ob,
623 3626 823 3703 «ﬁt
854 3648 1027 3719 ῥύπον
1077 3650 1531 3722 ἀποτριϐόμενοι,
1583 3626 1833 3707 διοινωνοι
1870 3626 1980 3723 ’τῆς

403 3737 556 3802 θείας
597 3739 1038 3811 ἀναδεικνύμεθα
1070 3741 1287 3811 φύσεως
1307 3781 1322 3806 ,
1353 3742 1687 3808 ἐνοικοῦντος
1730 3746 1863 3815 ἡμῖν
1891 3743 1982 3798 διὰ

401 3828 499 3883 τοῦ
526 3830 843 3901 Πνεύματος
876 3831 973 3885 τοῦ
1008 3832 1267 3905 Χριστοῦ.
1302 3834 1437 3889 Τότε
1477 3835 1587 3906 γὰρ
1610 3876 1625 3901 ,
1664 3836 1786 3890 τότε
1824 3854 1842 3887 ι
1885 3837 1980 3908 ὲῤ-

407 3923 757 3994 ραντισμένοι
777 3924 878 3996 τὴν
911 3925 1219 3997 συνείδησιν
1260 3926 1369 3980 ἀπὸ
1389 3928 1599 3999 νεκρῶν
1627 3928 1826 4000 έργων,
1864 3947 1883 3981 ι
1907 3929 1984 3992 ὡς

408 4014 678 4087 μακάριος
714 4016 921 4092 γράφει,
954 4015 1194 4081 Παῦλος,
1233 4019 1328 4073 καὶ
1362 4019 1463 4089 τῆς
1517 4019 1788 4090 μυστικῆς
1832 4020 1984 4074 εὐλο-

405 4107 532 4174 γίας
563 4108 846 4176 γεγονότες
879 4108 1120 4180 μέτοχοι,
1155 4109 1253 4162 καὶ
1286 4109 1388 4179 τῆς
1416 4109 1622 4164 ἄνωθεν
1648 4112 1871 4181 χάριτος
1894 4112 1986 4166 τὸν

406 4199 608 4253 οἰκεῖον
669 4200 1123 4271 ἀναπιμπλάντες
1191 4199 1352 4266 νοῦν,
1409 4200 1643 4271 ζηλωτοὶ
1703 4201 1800 4256 καὶ
1851 4202 1987 4256 ἀπό.

409 4287 658 4355 ϐλεπτοι,
706 4291 804 4343 καὶ
849 4289 903 4343 τί
940 4291 1048 4363 γὰρ
1098 4290 1220 4361 οὐχὶ
1252 4288 1359 4342 τῶν
1407 4289 1664 4344 τοιούτων
1697 4289 1986 4363 ὁρώμεθας

2076 3201 2200 3249 tuos
2226 3194 2373 3249 inter
2413 3208 2642 3249 manens
2671 3202 2950 3261 cernatur,
2976 3194 3073 3250 sed
3096 3203 3159 3251 ut
3186 3211 3312 3251 cum
3339 3195 3458 3266 ipso
3480 3203 3535 3250 et
3568 3211 3668 3266 per

2076 3284 2258 3355 ipsum
2308 3284 2437 3341 vitae
2477 3286 2681 3341 redditi
2739 3286 3050 3353 videamur,
3099 3296 3159 3344 et
3204 3287 3444 3344 restituti
3487 3288 3669 3344 denuo

2075 3376 2479 3447 incorruptioni
2528 3376 2714 3432 dicere
2763 3378 3064 3449 gaudentes
3112 3378 3433 3450 possimus:
3491 3398 3509 3429 ι
3538 3378 3665 3444 Ubi,

2079 3483 2248 3533 mors,
2288 3468 2520 3524 victoria
2555 3469 2690 3525 tua?
2719 3470 2822 3527 Ubi
2847 3471 3103 3526 stimulus
3137 3478 3285 3538 tuus,
3310 3470 3526 3526 inferne
3557 3471 3622 3524 οἳ
3643 3491 3662 3522 ι

2077 3557 2208 3625 Quae
2234 3574 2336 3615 nos
2363 3574 2431 3615 eo
2458 3560 2677 3615 tandem
2702 3560 2788 3615 via
2822 3560 2976 3616 ducit
2994 3560 3387 3631 ?Baptismatis
3406 3560 3668 3614 nimirum

2078 3649 2271 3721 gratia,
2300 3666 2408 3720 qua
2444 3650 2703 3706 sordibus
2742 3651 3018 3708 universis
3057 3651 3280 3717 ablutis,
3314 3651 3514 3706 divinae
3544 3666 3670 3721 par-

2082 3740 2279 3811 ticipes
2304 3740 2584 3796 videamur
2623 3751 2835 3798 natura:
2857 3743 2922 3807 ιο,
2956 3757 3078 3812 quae
3101 3757 3200 3812 per
3220 3740 3484 3811 Spiritum
3507 3740 3670 3796 Chri-

2083 3832 2152 3886 sti
2185 3832 2397 3887 habitet
2442 3833 2499 3886 in
2541 3833 2722 3886 nobis.
2781 3833 2936 3887 Tunc
2983 3834 3152 3897 enim,
3213 3841 3364 3897 tunc,
3424 3832 3667 3902 inquam,

2091 3939 2109 3970 ι
2150 3919 2449 3974 mandatur
2481 3920 2836 3985 conscientia,
2863 3939 2882 3972 ι
2923 3929 2985 3975 ut
3006 3921 3160 3975 Pauli
3183 3920 3370 3975 verbis
3395 3928 3535 3985 utar,
3563 3941 3580 3972 ι
3599 3922 3670 3977 ab

2085 4009 2349 4080 operibus
2379 4011 2616 4065 mortuis
2648 4011 2712 4077 “,
2756 4030 2776 4063 ι
2819 4018 2876 4066 et
2903 4011 3144 4067 caelestis
3170 4022 3453 4069 consortes
3481 4013 3670 4069 reddi-

2087 4116 2212 4155 mur
2232 4101 2659 4167 benedictionis,
2682 4112 2739 4158 et
2764 4112 3012 4157 mentem
3040 4117 3279 4173 superna
3304 4105 3475 4175 gratia
3498 4105 3669 4176 pleni,

2087 4192 2285 4248 fervidi
2345 4202 2404 4248 et
2452 4194 2800 4263 spectabiles,
2845 4206 2903 4250 et
2938 4194 3071 4264 quid
3100 4210 3212 4250 non
3241 4195 3551 4266 hujusmodi
3583 4197 3672 4251 vi-

2088 4284 2317 4340 deamur
2347 4285 2371 4338 ?
2401 4284 2600 4341 Videas
2632 4294 2782 4342 certe
2814 4286 2962 4357 quod
3002 4286 3114 4341 dixi
3150 4302 3342 4343 verum
3365 4304 3505 4355 esse,
3533 4287 3588 4343 id
3616 4289 3680 4343 in

413 4380 578 4442 Ἴδοις
607 4380 652 4434 δ’
696 4380 763 4434 ἂν
802 4381 1003 4451 ἀληθὲς
1032 4382 1171 4451 ὅπερ
1217 4380 1376 4451 ἔφην,
1423 4381 1494 4434 τὰ
1530 4383 1625 4435 ἐπὶ
1664 4384 1728 4453 τῇ
1759 4382 1979 4453 δαμάλει

2090 4393 2254 4433 vacca
2285 4376 2645 4432 vaticinatum
2686 4378 2731 4433 si
2755 4393 3071 4448 cognoscas.
3133 4398 3152 4430 ι
3186 4379 3255 4434 Ει
3302 4380 3521 4437 locutus
3564 4393 3670 4445 ρει,

408 4470 816 4542 τεθεσπισμένα
861 4474 910 4525 εἰ
961 4473 1236 4543 συνήσεις.
1299 4488 1318 4523 ι
1373 4472 1485 4527 Καὶ
1529 4452 1795 4545 ἐλάλησε,
1832 4452 1979 4546 φησι,

2094 4469 2294 4540 inquit,
2328 4469 2594 4524 Dominus
2623 4470 2690 4524 ad
2729 4470 2949 4543 Moysen
2975 4480 3032 4526 et
3058 4469 3260 4537 Aaron,
3284 4471 3475 4527 dicens
3504 4490 3517 4525 :
3547 4473 3675 4528 Haec

414 4563 617 4633 Κύριος
659 4565 798 4635 πρὸς
838 4565 1047 4635 Μωσῆν
1089 4568 1182 4620 καὶ
1222 4566 1469 4638 Ἀαρὼν,
1516 4566 1711 4636 λέγων’
1758 4566 1908 4638 Αὕτη
1951 4570 1984 4639 ἡ

411 4652 664 4726 διαστολὴ
709 4656 805 4709 τοῦ
844 4658 1048 4727 νόμου,
1095 4659 1196 4712 ὅσα
1253 4658 1511 4724 συνέταξε
1552 4661 1756 4733 Κύριος
1791 4660 1986 4729 λέγων’

414 4745 662 4817 Λάλησον
690 4752 802 4813 τοῖς
833 4751 970 4813 υἱοῖς
1016 4750 1255 4822 Ἰσραὴλ,
1288 4752 1384 4805 καὶ
1410 4750 1727 4804 λαϐέτωσαν
1759 4751 1894 4822 πρὸς
1928 4748 1990 4803 σὲ

409 4834 650 4907 δάμαλιν
684 4840 932 4911 πυρρὰν,
980 4841 1231 4912 ἄμωμον,
1266 4843 1388 4913 ἣτις
1417 4842 1517 4895 οὐκ
1544 4841 1728 4913 ἔχεται
1766 4842 1824 4897 έν
1850 4843 1988 4914 αὐτῇ

415 4927 631 5000 μῶμον,
663 4930 760 4983 καὶ
797 4924 831 5004 ᾖ
863 4933 965 4985 οὐκ
1008 4931 1285 5003 ὲπεὸλήθη
1335 4931 1430 4985 ἐπ”
1460 4931 1630 5003 αὐτὴν
1668 4932 1851 5000 ζυγός.
1881 4932 1989 4987 Καὶ

410 5020 607 5084 δώσεις
644 5022 816 5093 αὐτὴν
856 5023 993 5094 πρὸς
1039 5024 1303 5094 Ἐλεάζαρ
1329 5024 1421 5077 τὸν
1454 5024 1627 5094 ἱερέα,
1652 5023 1746 5077 καὶ
1774 5024 1992 5089 ἐξάξου-

420 5128 507 5163 σιν
536 5112 710 5184 αύτὴν
745 5113 851 5180 ἔξω
878 5116 978 5179 τῆς
1015 5116 1369 5187 παρεμϐολῆς
1400 5118 1480 5178 εἰς
1519 5116 1682 5168 τόπον
1725 5114 1987 5186 καθαρὸν,

417 5205 516 5256 καὶ
558 5205 851 5273 σφάξουσιν
897 5207 1070 5276 αὐτὴν
1108 5207 1340 5262 ὲνώπιον
1386 5207 1575 5261 αὐτοῦ.
1614 5208 1726 5260 Καὶ
1762 5207 1993 5277 λήψεται

432 5292 697 5366 Ἐλεάζαρ
718 5298 823 5350 ἀπὸ
847 5297 942 5351 τοῦ
964 5299 1195 5369 αἵματος
1220 5298 1414 5367 αὐτῆς,
1435 5299 1528 5350 καὶ
1560 5300 1713 5367 ῥανεῖ
1732 5299 1996 5353 ἀπέναντι

418 5383 516 5437 τοῦ
558 5387 849 5457 προσώπου
889 5390 988 5460 τῆς
1027 5390 1232 5460 σκηνῆς
1261 5389 1355 5442 τοῦ
1391 5388 1713 5459 μαρτυρίου,
1753 5389 1862 5442 ἀπὸ
1900 5390 1995 5443 τοῦ

418 5472 655 5542 αἵματος
697 5477 867 5548 αὐτῆς
901 5477 1154 5540 ἑπτάκις.
1197 5478 1309 5531 Καὶ
1358 5477 1795 5533 κατακαύσουσιν
1823 5477 1996 5550 αὐτὴν

495 5675 515 5705 ⁸
556 5673 801 5730 Joan.xv
821 5718 835 5740 ,
864 5676 915 5731 5.
995 5677 1014 5706 ’⁵
1036 5677 1192 5731 Rom.
1238 5693 1329 5739 vn,
1355 5678 1405 5731 6.
1487 5680 1525 5709 ⁸⁸
1565 5677 1702 5731 Psal.
1731 5693 1851 5739 cxv,
1878 5677 1929 5729 5.

2077 5676 2214 5729 loan.
2250 5690 2327 5733 Ill,
2362 5673 2442 5726 to.

422 5760 542 5814 xm,
579 5746 673 5813 ιις
705 5746 727 5801 Ι
755 5747 883 5803 Cor.
926 5763 1011 5811 xv,
1043 5748 1143 5815 55;
1187 5748 1350 5804 llohr.
1389 5765 1443 5812 ιι,
1483 5749 1561 5802 ιι.
1644 5748 1684 5777 ⁵ο
1719 5747 1757 5799 ιι
1791 5747 1934 5801 Pctr.
1991 5762 2027 5813 ι,
2060 5747 2111 5800 ni.

2094 4571 2183 4618 est
2219 4561 2500 4617 distinctio
2520 4561 2656 4632 legis
2688 4577 3030 4632 quaecunque
3064 4563 3350 4620 constituit
3384 4563 3672 4625 Dominus,

2095 4654 2287 4710 dicens
2316 4672 2328 4708 :
2363 4654 2613 4725 Loquere
2644 4654 2773 4711 ﬁliis
2819 4654 3005 4719 Israel,
3045 4665 3102 4712 et
3118 4655 3390 4726 accipiant
3413 4654 3478 4709 ad
3510 4663 3560 4709 te
3582 4655 3674 4725 ju~

2095 4761 2323 4803 vencam
2371 4745 2567 4813 rufam,
2618 4747 3182 4818 irreprehensibilem,
3227 4761 3349 4816 quae
3369 4761 3478 4799 non
3508 4743 3676 4799 habet

2097 4839 2155 4894 in
2196 4854 2255 4895 se
2292 4840 2512 4905 vitium,
2567 4849 2625 4896 et
2670 4839 2761 4895 cui
2803 4855 2915 4895 non
2945 4846 3030 4894 est
3070 4837 3475 4908 superpositum
3509 4850 3677 4906 super

2095 4947 2216 4987 eam
2235 4933 2448 5003 iugum.
2472 4932 2541 4986 Et
2565 4930 2723 4985 dabis
2740 4946 2860 4985 eam
2884 4930 2953 4985 ad
2974 4930 3291 4983 Eleazarum
3311 4927 3675 4994 sacerdotem,

2096 5029 2154 5076 et
2185 5022 2408 5093 ejicient
2444 5037 2565 5077 eam
2603 5031 2757 5076 extra
2787 5027 2966 5076 castra
2999 5020 3054 5073 in
3083 5019 3266 5072 locum
3293 5017 3582 5083 mundum,
3622 5026 3680 5072 et

2099 5115 2352 5170 occident
2373 5130 2492 5170 eam
2518 5115 2573 5168 in
2599 5122 2897 5182 conspectu
2931 5113 3069 5181 ejus.
3095 5110 3164 5165 Et
3201 5109 3432 5180 accipiet
3453 5110 3679 5165 Eleazar

2098 5206 2167 5262 de
2195 5206 2456 5276 sanguine
2483 5206 2622 5275 ejus,
2647 5211 2702 5258 et
2729 5210 2979 5272 asperget
3020 5209 3209 5255 contra
3246 5200 3441 5255 faciem
3493 5199 3679 5255 taber-

2099 5299 2280 5354 naculi
2336 5298 2636 5352 testimonii
2682 5296 2749 5351 de
2778 5296 3039 5365 sanguine
3069 5297 3188 5366 ejus
3218 5295 3438 5365 septies.
3475 5295 3541 5349 Et
3562 5310 3681 5350 cre-

2100 5389 2329 5442 mabunt
2382 5402 2503 5441 eam
2546 5388 2599 5440 in
2638 5394 2937 5455 conspectu
2965 5386 3104 5457 ejus,
3130 5393 3186 5440 ct
3204 5385 3381 5455 pellis,
3408 5393 3464 5439 et
3487 5400 3682 5440 carnes

2100 5481 2238 5550 ejus,
2267 5487 2324 5531 et
2358 5477 2579 5547 sanguis
2632 5478 2753 5547 ejus
2786 5490 2909 5530 cum
2956 5476 3083 5530 [imo
3124 5476 3245 5546 ejus
3301 5474 3677 5531 comburetur.

2520 5672 2538 5700 ⁷
2573 5671 2744 5724 Galat.
2777 5687 2834 5736 ll,
2873 5669 2957 5724 ‘20.
3034 5671 3051 5697 ⁸
3093 5671 3189 5724 lsa.
3223 5685 3331 5732 Llll,
3364 5666 3414 5721 5.
3474 5665 3493 5696 ⁹
3518 5660 3676 5730 05cc,

2193 5746 2229 5775 ¹¹
2264 5741 2432 5798 llcbr.
2467 5757 2535 5806 v1,
2573 5743 2616 5793 ι.
