4094 6282
512 333 615 389 68⁸1

1543 325 1602 379 S.
1643 324 1919 380 CYRIILI
1957 323 2427 381 ALEXANDRINI
2465 323 2784 383 ARCHIEP.

514 456 584 513 Et
607 454 845 527 accipiet
870 453 1128 511 sacerdos
1170 464 1356 523 tguum
1380 449 1686 513 cedrinum,
1705 458 1762 506 et
1777 449 2094 521 hyssopum,

2204 448 2446 503 ἐναντίον
2474 448 2672 511 αὑτοῦ,
2710 449 2805 503 καὶ
2843 448 2903 501 τὸ
2940 436 3133 519 δέρμα
3155 442 3323 515 αὑτῆς
3346 483 3361 508 ,
3393 444 3486 501 καὶ
3513 440 3586 496 τά
3617 442 3777 513 κρέα,

514 552 571 598 et
597 542 757 616 50],
799 542 1103 607 coccinum,
1131 547 1188 594 et
1225 537 1483 594 immittet
1509 537 1564 593 in
1596 537 1840 597 mdium
1863 538 2096 594 combu-

515 629 710 691 stionis
736 634 1001 704 juvenem.
1024 631 1092 686 Et
1118 630 1325 685 lavabit
1348 630 1676 685 vestimenta
1696 644 1795 684 sua
1815 629 2093 696 sacerdos,

514 735 572 780 et
619 724 822 781 Iuvabit
876 738 1078 793 corpus
1132 737 1291 778 suum
1325 737 1486 791 aqua,
1533 730 1586 776 et
1616 730 1806 791 postea
1845 722 2097 776 introibit

514 815 770 872 sacerdos
810 814 867 871 in
920 822 1135 879 castra,
1189 822 1245 868 et
1315 812 1634 867 immundus
1681 812 1789 867 erit
1841 811 2097 869 sacerdos

516 922 688 978 usque
733 907 802 962 ad
841 922 1144 978 vesperam.
1194 906 1263 961 Et
1291 905 1385 975 qui
1423 906 1697 960 comburit
1720 920 1864 971 eam,
1893 905 2097 961 lavabit

513 998 839 1055 vestimenta
872 1014 989 1065 sua,
1019 1010 1076 1053 et
1135 997 1339 1052 Iavabit
1388 1012 1588 1066 corpus
1633 1013 1796 1052 suum
1832 1013 1994 1068 aqua,
2041 1006 2098 1052 et

514 1089 830 1146 immundus
870 1090 979 1144 erit
1010 1105 1185 1159 usque
1211 1088 1278 1144 ad
1310 1104 1615 1159 vesperam.
1652 1089 1720 1143 Et
1744 1089 2097 1161 congregabit

513 1180 679 1237 homo
701 1180 940 1236 mundus
971 1181 1212 1235 cinerem
1232 1181 1481 1251 juvenem
1508 1180 1569 1233 ¹¹.
1602 1199 1619 1232 ι
1658 1180 1726 1234 Et
1749 1179 1928 1234 infra:
1972 1199 1991 1231 ι
2028 1180 2096 1234 Et

513 1272 622 1327 erit
659 1270 789 1327 (iliis
836 1272 1000 1327 Israel
1040 1279 1097 1327 et
1131 1271 1445 1342 proselytis,
1476 1270 1572 1341 qui
1609 1280 1984 1341 apponuntur,
2011 1272 2095 1327 le-

513 1362 765 1434 gitimum
795 1364 1189 1434 sempiternum
1210 1363 1272 1415 ¹³.
1307 1381 1325 1414 ι
1354 1362 1452 1418 His
1474 1378 1606 1418 vero
1626 1362 1779 1418 addit
1797 1363 2093 1435 legislator,

514 1454 874 1511 contaminari
892 1454 1176 1525 quosdam,
1193 1463 1249 1509 et
1269 1452 1528 1525 profanos
1547 1469 1812 1525 apparere
1832 1455 1927 1526 qui
1951 1470 2096 1510 mor-

515 1554 734 1600 tuorum
780 1546 1098 1618 contingant
1151 1547 1435 1602 cadavera.
1474 1546 1796 1603 Immundus
1819 1548 1968 1602 enim
1990 1547 2096 1603 erit

516 1639 829 1709 hujusmodi
869 1648 1079 1710 septem
1103 1656 1336 1695 numero
1363 1639 1581 1694 diebus.
1609 1638 1935 1708 Expiabitur
1961 1654 2094 1694 vero

513 1730 699 1786 cinere
750 1730 931 1787 vitula:
981 1747 1107 1787 cum
1157 1748 1297 1802 aqua
1336 1731 1518 1796 misto,
1551 1731 1816 1802 sanguine
1837 1746 2092 1802 aspersus

2201 543 2295 596 καὶ
2316 543 2376 596 τὸ
2400 536 2538 613 αἷμα
2577 542 2748 611 αὐτῆς
2784 543 2882 594 σὺν
2910 541 2990 610 τῷ
3026 539 3226 610 κόπρῳ
3270 536 3774 607 κατακαυθήσεται.

2198 633 2307 686 Καὶ
2338 633 2566 703 λήψεται
2593 633 2623 686 6
2654 633 2836 703 ἱερεὺς
2873 631 3030 696 ξύλον
3075 630 3340 701 κέδρινον,
3369 628 3466 682 καὶ
3500 626 3774 692 ὕσσωπον,

2199 723 2292 776 καὶ
2325 723 2604 783 κόκκινον,
2651 723 2743 775 καὶ
2775 720 3123 775 είσδαλοῦσιν
3158 723 3240 782 είς
3271 721 3434 792 μέσον
3477 719 3573 772 τοῦ
3608 735 3777 773 κατα-

2198 814 2481 886 καύματος
2516 816 2619 886 τῆς
2645 814 2955 884 δαμάλεως.
2986 814 3098 867 Kal
3143 813 3335 867 πλυνεῖ
3361 811 3430 866 τὰ
3462 810 3653 882 ίμάτια
3681 810 3777 863 αὑ-

2197 906 2293 962 τοῦ
2323 909 2351 961 6
2393 907 2607 977 ἱερεὺς,
2657 907 2752 961 καὶ
2792 904 3046 961 λούσεται
3081 905 3143 959 τὸ
3178 905 3341 975 σῶμα
3388 901 3553 958 αὑτοῦ
3599 901 3774 966 ὕδατι,

2197 998 2292 1051 καὶ
2333 996 2473 1068 μετὰ
2504 994 2681 1050 ταῦτα
2723 995 3090 1050 εἰσελεύσεται
3118 996 3145 1049 6
3173 994 3355 1066 ἱερεὺς
3394 995 3472 1056 είς
3503 993 3602 1063 τὴν
3635 1006 3780 1060 παρ-

2196 1087 2456 1159 εμϐολὴν,
2481 1086 2575 1140 καὶ
2602 1087 2912 1158 ἀκάθαρτος
2940 1085 3092 1139 ἔσται
3116 1088 3144 1139 6
3163 1084 3345 1158 ἱερεὺς
3372 1082 3477 1145 ἕως
3512 1080 3774 1150 ἑσπέρας.

2196 1178 2309 1232 Kal
2344 1181 2373 1233 6
2420 1177 2733 1233 κατακαίων
2778 1177 2949 1249 αὑτὴν
2995 1176 3185 1230 πλυνεῖ
3230 1175 3300 1229 τὰ
3353 1175 3547 1245 ἱμάτια
3586 1171 3773 1234 αὑτοῦ,

2198 1273 2294 1326 καὶ
2323 1271 2578 1325 λούσεται
2610 1269 2672 1323 τὸ
2716 1269 2878 1340 σῶμα
2920 1268 3088 1322 αὑτοῦ
3126 1266 3298 1330 ὕδατι,
3342 1265 3439 1319 καὶ
3470 1263 3778 1334 ἀκάθαρτος

2197 1364 2351 1417 ἔσται
2384 1362 2490 1427 ἕως
2526 1361 2786 1433 ἑσπέρας.
2819 1361 2928 1414 Kal
2967 1358 3185 1425 συνάξει
3216 1357 3503 1429 ἄνθρωπος
3536 1354 3775 1424 καθαρὸς

2196 1452 2294 1524 τὴν
2331 1450 2524 1504 σποδὸν
2546 1451 2646 1522 τῆς
2665 1450 2970 1522 δαμάλεως.
3004 1469 3023 1501 ι
3056 1449 3166 1502 Kal
3194 1449 3250 1501 ὲν
3287 1449 3402 1510 τοῖς
3429 1445 3577 1515 ἑξῆς·
3616 1463 3636 1496 ι
3668 1444 3776 1497 Kal

2197 1545 2348 1601 ἔσται
2381 1547 2496 1608 τοῖς
2539 1545 2678 1608 υἱοῖς
2723 1542 2942 1615 Ἰσραὴλ
2983 1542 3080 1597 καὶ
3121 1543 3235 1605 τοῖς
3272 1539 3637 1610 προσηλύτοις
3665 1538 3775 1598 τοῖς

2195 1636 2579 1708 προκειμένοις
2633 1637 2690 1689 ἐν
2746 1634 2897 1706 μέσῳ
2945 1632 3130 1704 ὑμῶν,
3183 1631 3414 1702 νόμιμον
3468 1629 3705 1681 αἰώνιον.
3750 1645 3769 1679 ι
3828 1647 3837 1685 ι

2197 1727 2547 1802 Πφσεπάγει
2574 1728 2632 1781 δὲ
2656 1725 2868 1790 τούτοις
2896 1725 2925 1777 6
2946 1722 3270 1796 νομοθέτης,
3306 1723 3389 1775 ὅτι
3420 1718 3772 1789 καταμιαίνει
3834 1712 3841 1717 ’

513 1822 602 1875 die
646 1822 810 1876 tertia
838 1832 933 1877 aut
959 1832 1107 1878 certe
1130 1825 1379 1894 septima.
1410 1823 1477 1879 Ni
1502 1823 1554 1879 id
1593 1822 1775 1889 faciat,
1810 1823 1887 1879 ait
1913 1824 2094 1894 impu-

2201 1821 2300 1891 μέν
2354 1838 2506 1884 τινας
2566 1820 2659 1873 καὶ
2716 1817 2976 1890 βεϐήλους
3022 1814 3314 1884 ἀποφαίνει
3362 1814 3425 1867 τὸ
3477 1810 3771 1871 τεθνεῶτος

514 1930 629 1969 ram
658 1915 974 1971 habiturum
996 1915 1431 1983 immunditiam;
1454 1931 1644 1987 pcenas
1665 1931 1797 1971 vero
1816 1916 2093 1982 daturum,

511 2002 662 2071 quod
706 1994 922 2058 Domini
982 2003 1393 2059 tabernaculum
1426 2004 1748 2075 inquinarit.
1777 2005 1845 2060 Et
1872 2006 2095 2076 peribit,

513 2093 714 2164 inquit,
750 2094 931 2149 anima
961 2095 1081 2165 ejus
1110 2095 1178 2151 de
1222 2097 1408 2160 Israel,
1436 2099 1565 2167 quia
1592 2113 1733 2168 aqua
1764 2097 2099 2168 aspersionis

513 2179 741 2239 minime
756 2195 1012 2250 aspersus
1026 2191 1126 2238 est.
1143 2183 1238 2238 Sin
1260 2192 1444 2240 autem
1463 2185 1609 2241 domi
1627 2202 1791 2256 quem
1811 2187 1945 2240 mori
1968 2203 2099 2242 con-

515 2271 707 2341 tingat,
735 2287 835 2342 pro
857 2272 1136 2329 immunda
1156 2273 1423 2330 habeatur
1446 2276 1564 2345 ipsa
1592 2275 1808 2339 domus,
1836 2284 1892 2331 et
1920 2278 2098 2333 omnis

511 2363 632 2431 ejus
659 2362 926 2433 supellex,
961 2373 1218 2434 tanquam
1255 2365 1618 2421 immunditiae
1646 2382 1757 2422 rea.
1796 2368 1864 2422 Et
1894 2369 1941 2424 si
1970 2385 2098 2425 vasa

512 2454 761 2524 quaadam
783 2456 1064 2524 operculis
1079 2456 1325 2511 carentia
1342 2457 1578 2527 jaceant,
1600 2465 1657 2512 et
1678 2459 1794 2513 haec
1817 2459 2097 2516 immunda

513 2543 641 2598 siut.
672 2543 942 2600 Profanus
978 2560 1110 2600 vero
1142 2545 1521 2613 nihilominus,
1557 2546 1755 2617 inquit,
1781 2549 2098 2620 quicunque

515 2634 757 2706 tetigerit
784 2635 840 2689 in
881 2650 1075 2706 campo
1121 2644 1215 2691 aut
1254 2637 1623 2703 vulneratum,
1651 2647 1745 2692 aut
1769 2655 1832 2695 os
1870 2642 2092 2705 mortui,

513 2736 607 2783 aut
643 2728 883 2799 denique
919 2731 1276 2800 sepulturam.
1309 2728 1423 2797 Qua
1448 2731 1614 2800 igitur
1641 2732 1851 2788 ratione
1872 2735 2096 2805 purgari

513 2818 640 2873 talia
662 2818 1080 2890 praescripserit,
1112 2818 1360 2873 dicemus
1380 2826 1441 2874 ut
1461 2834 1777 2889 possumus,
1801 2820 2096 2892 Scriptum

511 2909 906 2965 obscuritatem
955 2910 1303 2966 convenienti
1350 2911 1704 2967 meditatione
1746 2921 1870 2983 apte
1907 2915 2095 2985 expia-

511 3009 724 3056 nautes.

2195 1913 2513 1985 ἀποθήγειν.
2549 1913 2747 1965 Ἔσται
2787 1910 2844 1963 δὲ
2873 1908 3185 1980 ἀκάθαρτος
3223 1909 3252 1961 6
3282 1904 3438 1959 τοῦτο
3472 1903 3661 1958 παθὼν
3686 1902 3770 1969 ἐφ’

2193 2005 2345 2068 ὅλαις
2390 2004 2628 2075 ἡμέραις
2658 2003 2750 2057 τὸν
2792 2000 3024 2077 ἀριθμὸν
3067 1999 3226 2053 ἑπτά.
3269 1995 3668 2067 Ἀγνηθήσεται
3714 1992 3771 2046 δὲ

2193 2100 2260 2168 τῇ
2303 2095 2484 2167 σποδῷ
2529 2097 2629 2163 τῆς
2673 2076 2965 2164 δαμάλεως
2994 2089 3198 2162 ἀναμὶξ
3225 2088 3380 2143 ὕδατι
3420 2087 3482 2141 τὸ
3516 2083 3654 2156 αἷμα
3685 2085 3775 2156 ἐρ-

2198 2189 2482 2262 ῥαμμένος
2527 2190 2593 2259 τῇ
2625 2187 2810 2259 ἡμέρᾳ
2846 2187 2912 2256 τῇ
2958 2183 3114 2256 τρίτῃ
3136 2224 3150 2250 ,
3181 2184 3277 2235 καὶ
3312 2180 3410 2251 μέν
3452 2195 3536 2233 τοι
3582 2178 3677 2232 καὶ
3714 2178 3774 2231 ὲν

2194 2282 2418 2353 ἑϐδόμῃ.
2449 2281 2512 2333 El
2549 2279 2607 2332 δὲ
2660 2277 2735 2349 μὴ
2760 2276 2917 2331 τοῦτο
2952 2274 3128 2347 δρῴη,
3179 2274 3364 2345 φησὶν,
3406 2269 3771 2323 ἀναπόνιπτον

2192 2372 2304 2438 ἕξει
2341 2370 2440 2443 τὴν
2467 2367 2835 2440 ἀκαθαρσίαν.
2881 2366 3121 2427 Ἀποτιεῖ
3153 2366 3210 2418 δὲ
3235 2364 3329 2418 καὶ
3356 2362 3530 2427 δίκας,
3562 2361 3643 2414 ὅτι
3670 2360 3768 2430 τὴν

2195 2462 2403 2534 σκηνὴν
2447 2461 2656 2531 Κυρίου
2703 2459 2948 2529 ἐμίανεν.
3002 2452 3701 2527 Ἐκτριϐήσεται,“φησ“ιν,
3738 2452 3770 2521 ή

2193 2555 2338 2626 ψυχὴ
2377 2552 2543 2608 αὑτοῦ
2583 2551 2645 2616 ἐξ
2685 2551 2933 2622 Ἰσραὴλ,
2963 2550 3046 2601 ὅτι
3073 2547 3218 2620 ὕδωρ
3251 2543 3548 2618 ῥαντισμοῦ
3587 2545 3647 2596 οὑ
3683 2558 3774 2596 πε-

2195 2644 2580 2720 ριερῤαντίσθη
2613 2646 2699 2696 ἐπ’
2728 2643 2908 2697 αὑτόν.
2942 2642 3003 2695 Et
3031 2641 3087 2694 δὲ
3119 2641 3211 2694 καὶ
3246 2642 3303 2693 ὲν
3349 2639 3484 2707 οίκῳ
3515 2637 3763 2707 γένηται,

2195 2734 2401 2804 φησὶν,
2449 2732 2769 2787 ὲκτεθνάναι
2800 2730 2957 2793 τινὰ,
2998 2728 3373 2801 καθοριζέσθω
3407 2728 3471 2797 δὴ
3511 2727 3631 2779 τότε
3677 2726 3771 2778 καὶ

2194 2826 2364 2897 αὐτῆς
2391 2826 2489 2896 τῆς
2519 2825 2725 2889 ἑστίας,
2760 2823 2854 2876 καὶ
2882 2823 3099 2876 πάντων
3136 2821 3246 2875 τῶν
3279 2821 3339 2873 ὲν
3367 2819 3529 2889 αὑτῇ,
3563 2816 3771 2870 σκευῶν

2191 2918 2255 2991 δὴ
2275 2919 2439 2987 λέγω,
2472 2919 2571 2988 τῆς
2600 2915 2941 2987 ἀκαθαρσίας
2967 2915 3030 2968 τὸ
3057 2913 3330 2984 ἔγκλημα.
3370 2913 3480 2967 Kal
3507 2913 3555 2965 εἰ
3587 2908 3776 2980 πωμά-

2193 3027 2300 3064 των
2325 3010 2508 3082 ἔρημα
2536 3007 2716 3062 κέοιτό
2744 3024 2868 3060 τινα
2891 3006 2998 3059 τῶν
3028 3005 3287 3075 ἀγγείων,
3317 3005 3459 3058 ἔστω
3487 3002 3773 3057 καὶταῦτα

514 3095 918 3168 μεμολυσμένα·
945 3096 1182 3170 Βέὸηλος
1201 3097 1258 3152 δὲ
1285 3097 1438 3153 οὐδὲν
1466 3094 1651 3171 ἦττον,
1686 3102 1875 3172 φησὶν,
1926 3104 1954 3156 6
2000 3103 2279 3176 ἁψάμενος
2338 3109 2396 3160 ὲν
2454 3105 2623 3175 πεδίῳ
2670 3103 2703 3174 ἢ
2747 3103 3085 3172 τραυματίου
3127 3101 3321 3172 τυχὸν,
3380 3101 3413 3172 ἢ
3457 3097 3648 3152 ὀστέου
3687 3113 3775 3150 νε-

514 3185 679 3260 κροῦ,
719 3186 754 3259 ἢ
799 3188 1101 3262 μνήματος.
1147 3189 1267 3242 Τίνι
1308 3189 1375 3260 δή
1414 3185 1508 3244 οὖν
1554 3191 1977 3263 ἀποσμήχεσθαι
2023 3196 2090 3250 τὰ
2127 3197 2352 3251 τοιαῦτα
2386 3195 2777 3269 προστέταχεν,
2803 3192 3036 3265 ἐροῦμεν
3067 3193 3142 3257 ὡς
3171 3192 3250 3246 ἔνι
3274 3191 3371 3264 τὴν
3432 3190 3525 3246 τοῦ
3592 3189 3777 3261 Γράμ.

518 3295 686 3350 ματος
717 3280 987 3351 ἀσάφειαν
1022 3283 1135 3343 τοῖς
1165 3278 1467 3350 καθήκουσι
1505 3280 1790 3353 λογισμοῖς
1854 3285 2123 3357 εὐτέχνως
2162 3289 2607 3353 διαπτύσσοντες.

583 3372 638 3427 2.
674 3370 843 3442 Igitur
871 3373 1042 3428 vitula
1074 3370 1211 3426 vitio
1237 3386 1452 3439 carens,
1484 3382 1541 3429 et
1560 3376 1713 3430 omni
1738 3392 1939 3432 vacans
1972 3393 2091 3432 ma-

2269 3381 2334 3451 β’.
2368 3383 2611 3454 Δάμαλις
2664 3382 2763 3452 μὲν
2811 3375 2963 3451 οὖνὴ
3007 3379 3303 3452 ἀμώμητος
3352 3362 3652 3441 παντελῶς,
3685 3379 3779 3432 καὶ

515 3465 657 3528 cuia,
692 3463 913 3533 quando
936 3464 1199 3521 delictum
1244 3482 1357 3522 non
1399 3469 1572 3535 novit,
1610 3469 1876 3526 Dominus
1908 3480 2098 3526 noster

513 3557 673 3614 Iesus
697 3554 948 3612 Christus
971 3565 1073 3612 est.
1098 3556 1403 3625 Quidicere
1435 3575 1545 3617 non
1571 3569 1657 3617 est
1683 3562 1891 3616 veritus
1918 3580 1931 3616 :
1961 3564 2095 3619 «Ve-

514 3649 597 3704 nit
626 3646 883 3719 princeps
929 3647 1122 3703 mundi
1177 3649 1379 3721 hujus,
1413 3660 1470 3706 et
1527 3653 1585 3708 in
1621 3668 1710 3707 me
1744 3654 1883 3709 nihil
1935 3670 2097 3725 repe-

513 3742 622 3799 riet
647 3743 743 3797 “.i
764 3742 847 3798 Ad
871 3742 1091 3799 Judmos
1117 3758 1247 3802 vero
1273 3744 1377 3800 ait:
1413 3767 1430 3796 ι
1456 3746 1591 3814 Quis
1622 3763 1689 3802 ex
1722 3748 1880 3803 vobis
1904 3758 2098 3821 arguet

513 3849 601 3890 me
627 3834 698 3890 de
729 3834 1001 3904 peccato?
1030 3834 1087 3889 Si
1121 3836 1403 3892 veritatem
1430 3836 1554 3893 dico
1578 3837 1755 3903 vobis,
1794 3854 1964 3909 quare
1984 3856 2094 3895 non

513 3924 740 3981 creditis
768 3925 904 3980 mihi
936 3925 1016 3981 "l
1047 3946 1066 3978 ι
1100 3926 1237 3985 Illud
1273 3928 1493 3983 interim
1511 3929 1820 3995 considera,
1854 3930 1911 3985 in
1949 3930 2095 3986 divi-

511 4017 599 4073 nis
637 4016 944 4098 Scripturis
982 4018 1137 4074 illum
1183 4035 1333 4077 nunc
1364 4020 1596 4077 vitulum
1621 4062 1636 4087 ,
1684 4036 1833 4079 nunc
1864 4023 2109 4079 vitulam

510 4111 834 4167 uominari’:
871 4114 1107 4170 vitulum
1143 4117 1388 4186 quidem,
1425 4133 1533 4188 qua
1565 4116 1678 4173 dux
1709 4133 1775 4174 ac
1800 4119 2107 4188 praefectus

512 4208 627 4265 est;
662 4199 892 4254 vitulam
921 4216 1072 4267 vero,
1105 4212 1378 4271 quatenus
1404 4204 1587 4259 minor
1612 4219 1678 4259 ac
1700 4203 1955 4259 subditus
1992 4203 2094 4259 de-

513 4289 780 4358 signatur.
795 4288 1188 4344 Universorum
1218 4292 1366 4346 enim
1384 4292 1676 4361 prmi‘eetus
1690 4294 1838 4348 Deus
1856 4294 2090 4358 exsistit,

512 4395 578 4436 ac
614 4380 913 4450 potentiam
959 4381 1013 4435 in
1046 4396 1237 4438 omnes
1276 4398 1403 4438 cum
1449 4385 1561 4440 Deo
1600 4385 1764 4441 Patre
1794 4401 2088 4453 exercens;

511 4471 689 4526 factus
718 4485 818 4526 sua
860 4471 978 4543 ipse
1011 4472 1292 4530 voluntate
1322 4475 1428 4531 sub
1463 4476 1604 4547 lege,
1634 4478 1873 4534 servavit
1892 4478 2089 4546 Musis,

511 4561 673 4635 M2
690 4562 845 4632 quasi
872 4564 1291 4634 praestantioris,
1322 4575 1616 4638 prateepta,
1659 4568 1875 4625 tametsi
1900 4585 2092 4627 servus

512 4661 724 4708 tantum
738 4663 904 4711 esset.
923 4655 1036 4712 Nec
1050 4656 1249 4712 mirum
1271 4677 1283 4711 :
1303 4659 1525 4729 quando
1538 4668 1594 4716 et
1611 4661 1875 4732 propheta
1905 4662 2092 4718 vocari

2198 3472 2373 3544 ῥύπου
2399 3474 2599 3537 παντὸς
2639 3474 2870 3528 είσάπαν
2904 3472 3321 3544 ἀπηλλαγμένη,
3354 3471 3446 3525 καὶ
3472 3471 3573 3524 οὑκ
3611 3469 3779 3525 εἰδυῖα

2194 3566 2257 3618 τὸ
2315 3564 2678 3636 πλημμελεῖν,
2731 3569 2760 3620 6
2823 3563 3027 3637 Κύριος
3076 3563 3233 3635 ήμῶν
3281 3562 3491 3638 Ἰησοῦς
3520 3564 3774 3636 Χριστός.

2208 3656 2513 3728 Ἐθάρσησε
2544 3657 2651 3730 γὰρ
2667 3659 2864 3712 εἰπεῖν·
2888 3675 2908 3709 ι
2936 3658 3196 3729 Ἔρχεται
3212 3656 3240 3708 6
3255 3654 3439 3728 ἄρχων
3458 3654 3549 3709 τοῦ
3569 3655 3775 3727 κόσμου

2195 3748 2421 3813 τούτου,
2453 3748 2547 3802 καὶ
2577 3751 2636 3802 ὲν
2670 3749 2792 3821 ἐμοὶ
2838 3750 3059 3821 εὑρήσει
3110 3748 3286 3803 οὐδέν.
3342 3766 3361 3799 ι
3407 3747 3519 3802 Kal
3570 3747 3669 3818 μέν
3698 3756 3778 3801 τοι

2197 3842 2333 3912 πρὸς
2394 3840 2699 3906 Ἰουδαίους·
2756 3860 2775 3893 ι
2840 3841 2937 3905 Τίς
2988 3840 3049 3906 ἐξ
3104 3840 3259 3912 ὑμῶν
3302 3839 3495 3912 ἐλέγξῃ
3540 3855 3609 3910 με
3653 3841 3780 3910 περὶ

2195 3931 2506 4003 ἀμαρτίας;
2565 3932 2628 3986 El
2677 3931 2930 4002 ἀλήθειαν
2984 3931 3158 4001 λέγω,
3202 3930 3292 3985 διὰ
3330 3931 3382 3985 τί
3417 3932 3575 4011 ὑμεῖς
3597 3930 3659 3984 οὑ
3692 3948 3781 3983 πι-

2198 4024 2417 4079 στεύετέ
2445 4041 2567 4096 μοις
2605 4043 2624 4076 ι
2664 4024 2811 4096 Πλὴν
2853 4026 3027 4078 έκεῖνο
3070 4022 3335 4095 ἀθρειδὴ,
3366 4024 3495 4077 ποτὲ
3543 4023 3641 4092 μὲν
3684 4022 3780 4093 p.6-

2196 4133 2344 4188 σχος,
2364 4117 2497 4171 ποτὲ
2514 4117 2570 4171 δὲ
2594 4117 2829 4188 δάμαλις
2861 4117 3012 4188 παρά
3033 4134 3097 4186 γε
3127 4119 3241 4180 τοῖς
3273 4117 3438 4189 ἱεροῖς
3465 4115 3779 4186 ὠνόμασται

2195 4208 2392 4277 λόγοις,
2423 4208 2509 4262 ἵνα
2535 4209 2624 4262 διά
2664 4207 2763 4280 μὲν
2803 4208 2898 4262 τοῦ
2933 4207 3182 4280 ἄρρενος,
3214 4208 3291 4272 ὡς
3324 4206 3663 4278 καθηγητὴς,
3692 4206 3780 4259 διὰ

2194 4297 2251 4351 δὲ
2281 4296 2376 4351 τοῦ
2412 4298 2643 4369 θήλεως,
2679 4299 2756 4362 ὡς
2777 4299 2837 4352 ὲν
2871 4299 3046 4369 μείονί
3070 4315 3131 4351 τε
3160 4299 3256 4352 καὶ
3294 4298 3542 4368 ὑποταγῇ
3578 4297 3785 4367 σημαί-’

2193 4404 2375 4459 νηται.
2408 4387 2835 4459 Καθηγούμενος
2865 4386 2972 4458 γὰρ
3009 4387 3118 4440 τῶν
3148 4387 3286 4441 ὅλων
3333 4388 3361 4440 6
3401 4386 3552 4453 Θεὸς,
3588 4385 3685 4439 καὶ
3719 4384 3779 4437 τὸ

2193 4479 2335 4535 κατά
2367 4480 2583 4534 πάντων
2630 4479 2770 4550 μετά
2803 4479 2898 4533 τοῦ
2926 4479 3062 4532 Θεοῦ
3097 4479 3191 4533 καὶ
3220 4478 3433 4549 Πατρδς
3463 4478 3779 4549 ἀνημμένον

2194 4572 2394 4641 κράτος
2418 4586 2432 4601 ⁶
2478 4571 2671 4641 γέγονε
2706 4571 2804 4642 μὲν
2844 4572 2950 4641 γὰρ
2981 4571 3121 4625 ἑκὼν
3152 4570 3256 4624 ὑπὸ
3285 4570 3470 4640 νόμον,
3502 4570 3776 4640 τετήρηκε

2192 4665 2248 4718 δὲ
2282 4665 2351 4717 τὰ
2392 4663 2655 4728 Μωσέως,
2705 4663 2781 4727 ὡς
2818 4661 3167 4735 προύχοντος,
3213 4664 3263 4716 εί
3305 4662 3400 4715 καὶ
3440 4657 3507 4733 ἦν
3535 4660 3772 4729 οἰκέτης.

460 4824 477 4831 _
510 4742 796 4808 sustinuit,
815 4753 872 4800 et
905 4744 960 4799 in
977 4746 1124 4800 servi
1145 4746 1319 4802 forma
1338 4750 1591 4819 apparuit
1605 4750 1669 4816 ¹⁶,
1694 4752 1944 4820 quamvis
1959 4767 2089 4823 pro-

2194 4758 2304 4811 Kal
2341 4755 2653 4827 θαυμαστδν
2681 4755 2854 4821 οὐδὲν,
2885 4756 2966 4808 ὅτι
3005 4756 3100 4808 καὶ
3128 4755 3413 4826 προφήτης
3439 4752 3773 4823 ὠνόμασται,

508 4834 802 4902 phetarum
829 4842 996 4902 esset,
1026 4845 1086 4892 ut
1118 4837 1262 4893 Deus
1303 4854 1368 4894 ac
1415 4839 1701 4906 Dominus,
1729 4850 1914 4912 caput.
1951 4844 2092 4900 Rufa

509 4932 689 4982 autem
715 4928 950 4998 juvenca
969 4931 1209 5001 petitur;
1234 4930 1543 5001 perfectum
1578 4932 1727 4987 enim
1771 4935 2091 5006 mysterium

508 5025 591 5071 est
616 5015 671 5070 in
701 5018 964 5090 sanguine
998 5019 1122 5075 Filii
1153 5020 1393 5076 hominis
1419 5040 1431 5075 :
1463 5020 1736 5092 siquidem
1760 5031 1972 5080 certum
2006 5033 2092 5081 est

509 5106 656 5162 Patri
707 5107 1059 5167 obediean
1120 5127 1297 5182 usque
1327 5113 1395 5167 ad
1437 5122 1693 5178 mortem,
1722 5126 1955 5172 mortem
1987 5133 2091 5173 au-

506 5205 616 5263 tem
676 5200 879 5268 erucis,
926 5202 1095 5260 fuisse
1120 5201 1184 5271 ⁸⁷,
1228 5213 1286 5260 et
1336 5205 1628 5264 abstulisse
1675 5209 1903 5279 proprio
1962 5226 2087 5266 san-

506 5289 670 5358 guine
695 5292 885 5348 mundi
910 5294 1130 5350 delicta.
1172 5295 1465 5368 Sanguinis
1494 5308 1679 5354 autem
1723 5301 1941 5372 signum
1964 5302 2084 5356 evi-

507 5379 664 5445 dens,
686 5382 954 5454 valdeque
984 5394 1238 5456 apertum
1261 5402 1646 5461 argumentum
1671 5391 1826 5448 rufus
1865 5400 1950 5448 est
1990 5408 2084 5448 co-

506 5468 609 5525 lor.
636 5469 744 5528 Sed
762 5475 866 5529 etsi
901 5475 1165 5534 obediens
1193 5477 1372 5536 factus
1411 5482 1485 5537 sit
1518 5482 1684 5548 Patri,
1713 5492 1771 5538 et
1794 5483 2083 5537 nobiscum

507 5559 632 5631 legi,
660 5579 768 5634 qua
790 5566 1043 5625 humana:
1064 5569 1531 5641 fuitconditionis,
1558 5576 1840 5648 subjectus
1879 5584 1936 5631 et
1959 5591 2084 5630 ser~

580 5676 622 5708 "
662 5676 821 5731 Num.
856 5694 965 5746 xu,
1013 5683 1125 5741 1-9.

1224 5686 1265 5718 ’⁸
1291 5687 1426 5744 ibid.
1463 5691 1550 5744 9.1.
1633 5693 1672 5722 “
1702 5693 1857 5748 Jean.
1894 5709 2003 5759 xrv,
2029 5691 2117 5748 50.

2189 4846 2282 4900 καὶ
2316 4848 2373 4898 ὲν
2406 4844 2594 4900 δούλου
2630 4844 2839 4914 πέφηνε
2872 4846 3076 4915 μορφῇ,
3109 4844 3288 4897 καίτοι
3331 4842 3629 4915 προφητῶν
3671 4842 3773 4895 ὑπ-

2188 4938 2372 5008 άρχων
2401 4936 2605 5009 Κύριος
2633 4937 2727 4990 καὶ
2759 4936 2909 5000 Θεός.
2942 4934 3137 5006 Πυρῤἀ
3171 4934 3226 4987 δὲ
3260 4935 3292 5004 ή
3321 4934 3553 5004 δάμαλις
3575 4949 3590 4965 ·
3625 4933 3775 4988 τετέ-

2187 5030 2372 5083 λεσται
2415 5028 2523 5100 γὰρ
2569 5029 2653 5098 ἐφ’
2688 5026 2881 5097 αἵματι
2932 5026 3030 5097 τῆς
3072 5024 3538 5096 ὲνανθρωπήσεως
3578 5022 3639 5077 τὸ
3679 5042 3775 5095 μυ-

2189 5123 2430 5191 στήριον,
2467 5121 2626 5189 εἴπερ
2659 5119 2809 5171 ἐστὶν
2834 5116 3033 5186 ἀληθὲς
3054 5116 3136 5169 ὅτι
3164 5115 3390 5183 γέγονεν
3420 5114 3665 5185 ὑπήκοος
3696 5114 3774 5186 τῷ

2193 5210 2371 5282 Πατρὶ
2391 5210 2553 5282 μέχρι
2585 5209 2838 5268 θανάτου.
2878 5207 3109 5262 θανάτου
3143 5205 3201 5259 δὲ
3239 5205 3496 5276 σταυροῦ,
3546 5204 3642 5260 καὶ
3673 5205 3772 5272 ὰφ-

2190 5303 2338 5356 ἶκται
2383 5300 2571 5365 σώζων
2607 5292 2703 5371 τὴν
2758 5299 2851 5353 ὑπ’
2876 5298 3100 5371 οὐρανὸν
3133 5296 3248 5369 ίδίῳ
3279 5297 3495 5369 αἵματι.
3534 5297 3769 5367 Αἵματος
3823 5339 3827 5342 .
3930 5297 3935 5300 ’

2187 5393 2245 5446 δὲ
2277 5396 2500 5463 σημεῖον
2527 5392 2592 5447 ἂν
2628 5393 2836 5460 γένοιτο
2864 5392 2961 5445 καὶ
2996 5389 3141 5461 μάλα
3167 5388 3353 5458 σαφῶς
3390 5389 3424 5459 ή
3469 5387 3761 5460 πυρρότης.

2201 5484 2338 5537 Ἀλλ’
2373 5486 2423 5537 εἰ
2472 5484 2566 5538 καὶ
2608 5484 2830 5553 γέγονεν
2878 5482 3120 5551 ὑπήκοος
3154 5479 3235 5550 τῷ
3267 5478 3462 5553 Πατρὶ,
3500 5477 3595 5533 καὶ
3651 5476 3765 5549 μεθ’

2187 5574 2342 5646 ήμῶν
2373 5577 2476 5628 ὑπὸ
2506 5575 2669 5644 νόμον
2697 5572 3053 5644 οἰκονομικῶς
3102 5572 3179 5637 ὡς
3220 5572 3505 5644 ἄνθρωπος
3526 5609 3542 5634 ,
3580 5570 3629 5623 εί
3672 5565 3763 5622 καὶ

2199 5692 2241 5724 ¹⁸
2269 5692 2424 5780 Joan.
2451 5709 2562 5759 vm,
2592 5691 2677 5748 l6.
2755 5692 2795 5725 ⁸⁸
2820 5690 3057 5761 Philipp.
3091 5705 3149 5756 ιι,
3180 5689 3231 5742 7-.
3311 5688 3350 5721 "
3377 5685 3536 5753 ibid.,
3560 5686 3613 5742 8.
