4094 6282
502 301 603 357 πει

1493 296 1550 353 S.
1589 296 1862 353 CYRILLI
1901 294 2370 355 ALEXANDRINI
2410 294 2727 354 ARCHIEP.

3648 291 3754 350 85'!

505 416 713 479 culum,
744 413 908 484 idque
922 411 1156 482 septies;
1182 408 1431 465 comburi
1467 425 1601 465 vero
1626 418 1794 468 totam
1829 408 2077 474 vitulam,

2192 407 2281 474 τάς
2316 408 2558 481 Γραφάς.
2585 407 2925 480 Προσέταττέ
2955 424 3017 476 γε
3057 408 3161 478 μὴν
3192 409 3257 479 τῇ
3289 404 3381 460 τοῦ
3402 405 3600 479 ,ίερέως
3631 423 3753 476 χει-

507 508 655 562 nulla
682 507 830 563 illius
843 512 1068 573 excepta
1096 501 1345 572 corporis
1358 510 1534 572 parte,
1558 503 1654 558 sed
1678 517 1789 557 una
1808 516 1934 556 cum
1955 517 2078 557 car-

507 601 670 656 nibus
706 606 867 667 atque
889 595 1254 651 excrementis
1292 595 1491 665 pellem
1519 613 1531 649 :
1566 597 1809 667 itemque
1830 594 2080 665 corporis

509 687 734 758 reliqua.
778 685 1091 742 Sanctificat
1110 687 1259 741 enim
1286 684 1539 741 Christus
1577 700 1679 741 suo
1704 687 1967 757 sanguine
1990 700 2082 741 ve-

510 793 631 832 rum
662 778 1111 841 tabernaculum,
1150 776 1297 847 quod
1340 786 1426 833 est
1455 778 1719 843 Ecclesia,
1747 777 1912 848 idque
1958 792 2083 848 per-

508 869 647 923 fecte
671 909 686 933 ,
736 868 843 923 hoc
872 875 958 923 est
980 908 995 933 ,
1049 867 1268 923 abunde
1300 875 1357 923 et
1404 868 1713 937 opulenter.
1746 868 1826 934 Id,
1863 868 2078 938 opinor,

508 956 797 1029 signiﬁcat,
832 958 1034 1028 septies
1059 957 1194 1012 illud
1220 957 1619 1028 aspergendum
1639 972 1759 1013 esse
1795 957 2079 1028 sanguine.

508 1048 866 1118 Septenarius
888 1048 1037 1101 enim
1064 1062 1329 1101 numerus
1348 1046 1720 1117 perfectorum
1739 1055 1826 1102 est
1843 1047 2079 1117 signum.

510 1138 637 1208 Igne
669 1138 738 1193 ad
762 1138 878 1193 haec
896 1139 1188 1209 iuvencam
1233 1144 1356 1206 post
1387 1137 1774 1192 mactationem
1806 1137 2080 1200 comburi,

512 1230 758 1285 indicare
785 1229 1166 1300 probationem
1189 1227 1257 1281 ad
1282 1235 1517 1281 mortem
1548 1243 1752 1297 usque,
1785 1243 1950 1298 quam
1982 1242 2085 1297 pro

510 1321 670 1379 nobis
709 1320 962 1376 Christus
1002 1318 1284 1382 sustinuit,
1318 1318 1559 1374 videtur.
1595 1319 1897 1390 Argentum
1934 1321 2084 1374 enim

511 1411 567 1465 in
610 1413 733 1481 igne
761 1411 1047 1481 probatur,
1100 1416 1163 1464 ut
1206 1411 1389 1481 regius
1438 1411 1647 1465 Psaltes
1677 1412 1865 1467 canit:
1910 1430 1927 1462 ι
1952 1412 2086 1466 Pro-

511 1502 650 1559 basti
674 1517 794 1566 nos,
816 1504 961 1557 Deus
988 1520 1002 1569 ;
1032 1502 1155 1574 igne
1180 1516 1282 1556 nos
1305 1502 1630 1557 examinasti
1657 1542 1671 1563 ,
1713 1503 1856 1557 sicut
1878 1503 2085 1557 exami-

512 1602 675 1650 nalur
719 1603 1008 1666 argentum
1030 1596 1097 1650 ".
1141 1613 1161 1645 ι
1207 1595 1533 1651 Obedientia
1577 1608 1713 1649 vero
1751 1594 1819 1649 ad
1853 1594 2086 1649 mortem

516 1701 686 1756 usque
730 1686 983 1763 probavit
1029 1686 1438 1754 quodammodo
1475 1685 1758 1741 Christum
1782 1726 1796 1751 ,
1842 1694 1906 1740 ut
1940 1686 2087 1741 clare

2183 503 2259 574 9‘t,
2289 499 2748 573 καταρῤαίνεσθαι
2800 498 2880 571 τῷ
2930 498 3121 569 αἵματι
3177 498 3274 568 τὴν
3324 496 3489 565 άγίαν
3524 496 3751 568 σκηνὴν,

2182 594 2276 647 καὶ
2301 592 2460 647 τοῦτο
2481 593 2711 656 ἑπτάκις
2733 607 2748 623 ο
2780 589 3270 662 καταπίμπρασθαι
3295 588 3351 642 δὲ
3372 588 3471 658 τὴν
3496 586 3751 658 δάμαλιν,

2180 678 2392 741 οὐδενὸς
2420 678 2482 732 τδ
2519 678 2740 748 σύμπαν
2784 677 3185 748 ὶκϐεσλημένου
3211 677 3321 729 τῶν
3345 677 3444 729 ὅσα
3484 677 3631 729 ἐστὶν
3658 677 3756 729 αὐ·

2180 769 2280 840 τῆς
2299 786 2314 802 ο
2348 769 2461 824 ἀλλ’
2485 769 2620 840 ὁμοῦ
2646 772 2760 834 τοῖς
2791 760 2985 840 κρέασι
3013 768 3106 822 καὶ
3132 768 3344 839 κόπρῳ,
3371 766 3431 819 τὸ
3456 766 3630 837 δέρμα
3659 767 3752 819 καὶ

2182 859 2252 913 τά
2286 859 2447 914 λοιπά
2486 859 2580 914 τοῦ
2616 858 2883 930 σώματος.
2930 859 3170 928 Ἀγιάξει
3209 858 3318 931 γὰρ
3346 860 3375 913 6
3413 858 3646 929 Χριστὸς
3677 858 3754 927 τῷ

2186 950 2301 1020 ἰδίῳ
2330 951 2521 1022 αἵματι
2549 950 2647 1021 τὴν
2676 950 3042 1020 ἀληθεστέραν
3079 949 3304 1019 σκηνὴν,
3345 946 3612 1011 τουτέστι,
3653 946 3753 1017 τὴν
3838 970 3849 981 κ

2198 1022 2527 1113 Ἐκκλησίαν
2549 1061 2564 1075 ο
2589 1039 2877 1110 ἀγιάζειδὲ
2904 1040 3144 1104 τελείως,
3170 1039 3433 1099 τουτέστι,
3462 1037 3748 1100 πλουσίως.

2185 1134 2354 1189 Τοῦτο
2384 1134 2512 1202 γὰρ,
2541 1128 2694 1203 οἶμαι
2718 1173 2733 1198 ,
2766 1132 2881 1187 ἐστι
2914 1131 2975 1185 τὸ
3013 1131 3243 1193 ἑπτάκις
3281 1129 3356 1199 τῷ
3402 1130 3593 1198 αἵματι
3649 1145 3751 1181 καο

2184 1226 2573 1298 ταρῤαίνεσθαι
2601 1224 2700 1292 τὴν
2726 1226 2950 1295 σκηνήν.
2984 1222 3333 1292 Τελειότητος
3360 1221 3417 1274 δὲ
3450 1237 3516 1289 ση
3527 1223 3696 1290 μεῖον,
3725 1222 3753 1274 6

2189 1319 2381 1391 μέχρις
2416 1316 2554 1371 ἐπ·τά
2589 1316 2848 1387 προήκων
2889 1314 3138 1386 ἀριθμός.
3170 1313 3243 1366 Τὸ
3286 1313 3342 1366 δέ
3382 1328 3445 1381 γε
3498 1312 3631 1381 πυρὶ
3656 1310 3753 1383 τὴν

2186 1410 2417 1479 δάμαλιν
2464 1406 2959 1479 καταπίμπρασθαι
3002 1405 3139 1476 μετά
3177 1404 3273 1475 τὴν
3309 1403 3544 1473 σφαγὴν,
3580 1403 3752 1472 ὑπεμ-

2187 1500 2398 1570 φαίνειν
2453 1499 2595 1552 ἔοικε
2637 1499 2736 1567 τὴν
2801 1497 2960 1568 μέχρι
3028 1496 3256 1550 θανάτου
3306 1493 3649 1564 δοκιμασίαν,
3690 1493 3754 1563 ἣν

2189 1591 2329 1661 ὑπὲρ
2349 1589 2503 1660 ἡμῶν
2529 1588 2732 1657 ὑπέστη
2755 1587 3008 1658 Χριστός.
3035 1585 3398 1655 Δοκιμάζεται
3416 1584 3524 1656 γάρ
3547 1585 3605 1639 ὲν
3626 1584 3755 1653 πυρὶ

2188 1683 2247 1736 τὸ
2276 1682 2556 1753 ἀργύριον,
2606 1681 2751 1733 κατά
2793 1679 2856 1733 τὸ
2901 1682 2958 1733 ὲν
3001 1679 3251 1749 Ψαλμοῖς
3280 1676 3648 1747 ὑμνούμενον,
3678 1677 3756 1729 ὅτι

478 1834 495 1853 ,
514 1744 666 1844 hinc,
699 1744 918 1846 opinor,
954 1744 1375 1834 animadvertas.
1401 1778 1470 1832 Et
1495 1778 1611 1847 ipse
1642 1744 1794 1831 alibi.
1813 1776 2087 1831 Zachariae

2195 1787 2212 1820 ι
2265 1744 2624 1840 Ἐ’δοκίμασας
2672 1769 2837 1839 ἡμᾶς,
2886 1770 2915 1821 6
2964 1744 3654 1837 956;,‘én69m3ac'ﬁuag
3685 1765 3759 1827 ὡς

521 1873 799 1943 prbphetaa
826 1887 961 1926 voce
985 1871 1187 1927 aitt‘ere
1208 1871 1613 1943 adjustiﬁcatos
1632 1871 1687 1925 in
1709 1871 1956 1935 ﬁde,hoc
1981 1877 2085 1936 est,

516 1977 616 2032 pro
634 1961 836 2030 quibus
864 1967 1097 2014 mortem
1125 1960 1354 2030 oppetiit
1379 1978 1393 2013 :
1429 1978 1448 2009 ‹
1470 1960 1538 2014 Ει
1568 1959 1746 2014 dicam
1766 1958 1835 2012 ad
1862 1974 1958 2013 eos
1983 1975 1997 2011 :
2031 1957 2088 2012 Si

517 2053 723 2108 bonum
749 2059 833 2106 est
854 2050 1020 2123 404
1055 2049 1112 2105 in
1143 2058 1437 2125 conspectu
1487 2057 1687 2114 vestro,
1729 2049 1854 2104 date
1881 2063 2089 2103 merce-

516 2143 641 2198 dem
684 2157 894 2209 meam;
943 2151 1038 2197 aut
1066 2142 1331 2197 remittite
1360 2141 1425 2195 “.
1455 2161 1472 2192 ι
1528 2140 1714 2211 Pergit
1757 2139 2024 2211 propheta
2071 2156 2085 2191 :

522 2254 542 2297 ι
570 2236 638 2290 Ει
661 2242 973 2291 statuerunt
1004 2233 1313 2289 mercedem
1339 2248 1517 2287 meam
1541 2232 1763 2305 triginta
1778 2240 2085 2303 argenteos.

516 2327 596 2391 Et.
628 2326 765 2382 dixit
802 2326 1068 2381 Dominus
1093 2326 1159 2380 ad
1193 2341 1279 2381 me
1310 2343 1323 2378 :
1357 2326 1578 2395 Depone
1613 2339 1709 2379 eos
1739 2324 1797 2378 in
1830 2323 2091 2378 conﬂato-

518 2418 683 2481 rium,
702 2426 759 2473 et
779 2416 1141 2471 considerabo
1156 2416 1201 2470 si
1221 2416 1516 2486 probatum
1535 2422 1640 2480 est,
1668 2415 1812 2470 sicut
1826 2414 2092 2484 probatus

517 2525 639 2563 sum
667 2508 737 2563 ab
766 2508 836 2563 iis
859 2508 927 2561 ".
967 2526 986 2557 ι
1022 2507 1163 2571 llinc
1203 2516 1429 2577 apparet
1466 2507 1613 2561 clare
1655 2505 1724 2561 ad
1774 2513 2088 2561 extremum

518 2614 692 2668 usque
727 2596 981 2669 spiritum
1015 2598 1308 2667 probatum
1349 2612 1469 2652 esse
1515 2596 1822 2662 Christum,
1858 2604 1923 2651 ut
1968 2595 2091 2665 igne

518 2687 612 2745 hic
625 2687 901 2743 exurenda
927 2687 1456 2759 post'mactationem
1484 2686 1654 2742 vitula
1680 2686 1802 2740 fuit.
1830 2685 1936 2740 Sed
1954 2684 2090 2738 nihil

514 2793 585 2835 ex
632 2793 696 2833 ea
728 2777 1118 2849 abjiciendum.
1166 2779 1337 2833 Totus
1379 2779 1527 2833 enim
1569 2786 1793 2833 sanctus
1839 2775 2092 2832 Christus

514 2876 632 2935 est,
675 2877 733 2926 et
759 2886 954 2926 carnes
1000 2871 1288 2941 pellisque,
1336 2871 1443 2926 hoc
1486 2878 1593 2936 est,
1623 2879 1736 2926 tam
1781 2886 1903 2940 quae
1950 2877 2091 2924 tecta

515 2970 676 3028 sunt,
722 2978 885 3033 quam
932 2978 1053 3033 quae
1107 2970 1294 3032 aperta
1355 2970 1411 3017 et
1470 2963 1650 3017 obvia.
1696 2963 1904 3017 Natura
1943 2961 2091 3016 enim

2189 1859 2454 1931 πυροῦται
2509 1859 2572 1912 τδ
2625 1858 2906 1930 ἀργύριον.
2967 1877 2986 1911 ›
3025 1858 3147 1911 Ὅτι
3184 1857 3239 1910 δὲ
3286 1857 3353 1910 δι’
3386 1856 3633 1925 ὑπακοῆς
3661 1855 3759 1926 τῆς

2192 1952 2352 2022 μέχρι
2371 1950 2600 2005 θανάτου
2626 1950 3012 2020 δεδοκίμασται
3041 1950 3241 2020 τρόπον
3284 1948 3406 2003 τινά
3442 1950 3471 2002 6
3498 1947 3757 2018 Χριστὸς.

2189 2042 2476 2109 ὲκδείξειεν
2533 2040 2598 2095 ἀν
2642 2041 2741 2094 οὐκ
2788 2038 3125 2109 άσυμφανῶς
3187 2039 3382 2102 ἐκεῖνο,
3437 2033 3588 2106 οἶμαί
3636 2052 3756 2089 που.

2192 2134 2335 2204 Ἔφη
2369 2133 2466 2203 μὲν
2500 2130 2609 2201 γάρ
2639 2147 2743 2183 που
2788 2128 2876 2182 διὰ
2907 2129 3087 2199 φωνῆς
3133 2126 3403 2198 Ζαχαρίου
3435 2124 3526 2178 τοῦ
3554 2125 3760 2194 προφή-

2187 2243 2304 2290 του,
2327 2226 2469 2295 τάχα
2510 2240 2609 2276 που
2647 2221 2786 2293 πρὸς
2816 2221 2943 2284 τοὺς
2983 2221 3041 2274 ὲν
3068 2219 3246 2272 πίστει
3281 2216 3755 2287 δεδικαιωμένους,

2189 2318 2354 2390 ἤγουν
2382 2315 2522 2387 ὑπὲρ
2572 2307 2647 2368 ὧν
2702 2312 2969 2368 ἀπέθανεο
3004 2331 3023 2363 ι
3061 2311 3171 2365 Καὶ
3218 2309 3329 2382 ὲρῶ
3370 2308 3508 2380 πρὸς
3546 2305 3756 2370 αὐτούς’

2189 2410 2252 2463 Ei
2298 2406 2464 2462 καλὸν
2508 2405 2737 2459 ἐνώπιον
2772 2404 2926 2475 ὑμῶν
2975 2405 3113 2465 ἐστι,
3159 2401 3280 2454 δότε
3331 2401 3627 2470 στήσαντες
3669 2396 3760 2450 τὸν

2194 2499 2383 2570 μισθόν
2413 2514 2536 2569 μου,
2571 2497 2605 2568 ἦ
2634 2496 2963 2551 ἀπείπασθε.
3000 2512 3022 2547 ι
3052 2489 3188 2547 Εἶτά
3216 2508 3381 2562 φησιν
3407 2492 3436 2543 6
3458 2491 3758 2562 προφήτηςο

2198 2612 2217 2645 ι
2245 2591 2353 2644 Καὶ
2379 2590 2614 2660 ἔστησαν
2631 2588 2727 2642 τδν
2754 2583 2954 2655 μισθόν
2972 2603 3094 2658 μου,
3117 2583 3414 2655 τριάκοντα
3443 2580 3758 2653 ἀργυρίους.

2191 2686 2302 2740 Καὶ
2330 2682 2450 2738 εἷπε
2484 2681 2686 2753 Κύριος
2711 2680 2848 2751 πρός
2888 2695 2980 2750 με·
3015 2678 3195 2741 Κάθες
3240 2676 3433 2737 αὐτοὺς
3467 2675 3549 2733 είς
3571 2672 3632 2724 τδ
3660 2688 3764 2740 χω-

2192 2777 2500 2850 νευτήριον,
2540 2773 2636 2827 καὶ
2685 2770 2880 2840 σκέψαι
2912 2771 2961 2823 εί
2995 2769 3213 2839 δόκιμόν
3266 2770 3447 2828 ἐστιν,
3480 2764 3540 2817 δν
3565 2762 3764 2830 τρόπον

2193 2865 2557 2939 ἐδοκιμάσθην
2585 2864 2727 2934 ὑπὲρ
2767 2861 2968 2916 αὐτῶν.
3000 2857 3237 2914 »Οὐκοῦν
3266 2855 3642 2926 ὑπεμφήνειεν
3664 2852 3760 2915 ἂν,

2190 2960 2266 3025 ὡς
2303 2959 2460 3029 ἔφην,
2502 2957 2565 3012 τὸ
2601 2956 2764 3027 μέχρι
2811 2952 3043 3009 θανάτου
3084 2947 3469 3019 δεδοκιμάσθαι
3508 2942 3762 3017 Χριστὸν,

516 3053 681 3117 Deus,
707 3060 792 3109 est
819 3055 983 3108 homo
1000 3054 1196 3119 factus,
1232 3054 1329 3110 sed
1371 3055 1581 3125 peccati
1622 3069 1818 3124 expers
1840 3054 2085 3109 omnino.

2192 3052 2253 3106 τὸ
2310 3051 2442 3122 πυρὶ
2494 3049 2594 3120 τὴν
2648 3045 2878 3117 δάμαλιν
2931 3038 3423 3112 καταπίμπρασθαι
3476 3035 3615 3108 μετά
3667 3032 3767 3127 τῂν

515 3143 812 3201 Cedrinum
854 3153 1037 3201 autem
1066 3145 1294 3216 lignum,
1343 3153 1398 3201 et
1433 3146 1721 3217 hyssopus,
1751 3152 1808 3201 et
1834 3145 2089 3201 coccinea

518 3237 654 3291 vitta
676 3251 768 3292 seu
798 3237 949 3292 tilum
967 3237 1140 3293 cineri
1174 3238 1519 3310 injiciuntur;
1545 3239 1693 3294 cedri
1725 3239 1872 3310 ligno
1904 3238 2090 3294 incor-

518 3331 830 3400 ruptionem
866 3330 1027 3386 nobis
1056 3331 1374 3401 designante
1425 3331 1618 3403 (vincit
1648 3331 1797 3385 enim
1848 3329 2092 3400 putrefa-

519 3421 759 3475 ctionem
815 3419 1075 3492 cedrus);
1110 3421 1347 3493 hyssopo
1413 3427 1597 3475 autem
1652 3420 2032 3490 purgationem
2074 3436 2092 3473 :

520 3511 691 3567 herba
721 3511 871 3565 enim
922 3511 1039 3566 haec
1068 3511 1416 3583 abstergendi
1439 3512 1553 3566 vim
1592 3511 1779 3575 habet,
1814 3520 1870 3565 et
1913 3511 2091 3566 visce-

522 3616 641 3654 rum
678 3600 1050 3656 immunditias
1089 3617 1186 3656 sua
1216 3609 1416 3656 natura
1460 3601 1749 3669 tabefacit;
1775 3602 2091 3657 coccineum

518 3706 648 3747 vero
686 3691 839 3747 [ilum
882 3690 1152 3763 signiﬁcat
1178 3692 1342 3749 Verbi
1390 3691 1821 3748 incarnationem
1855 3712 1867 3747 :
1907 3694 2090 3765 impli-

517 3783 687 3838 citum
718 3783 868 3839 enim
924 3783 1080 3854 quasi
1123 3784 1274 3840 carni
1314 3793 1371 3840 et
1411 3785 1662 3856 sanguini
1701 3784 1943 3841 Verbum
1976 3797 2088 3854 est;

519 3874 804 3942 probatum
822 3891 954 3931 vero
973 3884 1198 3946 propter
1215 3891 1316 3931 nos
1334 3876 1499 3931 etiam
1526 3876 1582 3930 in
1613 3877 1759 3947 igne,
1785 3885 1841 3932 et
1856 3877 1925 3932 ad
1949 3893 2096 3932 mor-

519 3973 626 4023 tem
670 3984 864 4039 usque,
894 3976 956 4023 ut
994 3969 1107 4039 jam
1130 3968 1389 4024 diximus.
1422 3967 1530 4024 Sed
1564 3970 1683 4041 ejus
1711 3970 1893 4039 passio
1922 3978 1978 4025 et
2007 3970 2092 4026 in-

516 4059 849 4114 carnationis
873 4059 1068 4114 modus
1091 4059 1563 4133 incorruptionem
1588 4061 1747 4117 nobis
1766 4061 2093 4131 puritatem-

517 4165 625 4218 que
667 4150 1001 4205 conciliavit.
1059 4151 1350 4207 Justiﬁcati
1392 4153 1542 4207 enim
1586 4168 1778 4208 sumus
1839 4153 1896 4206 in
1936 4153 2090 4222 ipso,

516 4244 687 4298 animi
732 4252 789 4299 et
838 4244 1112 4298 viscerum
1148 4245 1405 4300 sordibus
1458 4246 1662 4310 elutis,
1705 4247 1978 4316 siquidem
2009 4255 2095 4302 est

2194 3141 2427 3213 σφαγὴν.
2478 3140 2626 3210 Πλὴν
2680 3138 2834 3192 οὐδὲν
2878 3134 3183 3205 ἀπόϐλητον
3226 3131 3414 3200 αὐτῆς.
3452 3127 3614 3190 Ὀλος
3658 3124 3769 3196 γὰρ

2193 3235 2347 3303 ᾶγιος
2392 3234 2421 3286 6
2464 3231 2719 3303 Χριστὸς,
2748 3230 2843 3284 καὶ
2886 3227 2956 3280 τὰ
2989 3225 3147 3297 κρέα,
3180 3223 3273 3278 καὶ
3297 3222 3356 3276 τὸ
3392 3220 3587 3292 δέρμα,
3615 3233 3768 3271 τουτ-

2194 3324 2333 3386 έστι,
2360 3321 2431 3375 τά
2454 3338 2512 3375 τε
2545 3322 2603 3373 ὲν
2630 3316 3005 3386 κατακαλύψει
3029 3313 3407 3385 κεκρυμμένα,
3438 3309 3536 3363 καὶ
3562 3308 3633 3361 τά
3666 3306 3771 3375 ἑμ-

2195 3412 2335 3483 φανῆ
2390 3413 2485 3464 καὶ
2532 3409 2815 3480 πρόχειρα.
2857 3406 2989 3469 Θεὸς
3054 3404 3162 3475 γὰρ
3202 3398 3270 3473 ἦν
3317 3400 3497 3470 φύσει,
3531 3394 3766 3465 γεγονὼς

2193 3503 2315 3559 καθ’
2351 3503 2518 3573 ἡμᾶς,
2553 3499 2694 3570 πλὴν
2743 3499 2843 3551 οὐκ
2889 3496 3045 3559 εἰδὼς
3076 3493 3371 3565 ἁμαρτίαν.
3420 3490 3679 3560 Κέδρινον
3713 3486 3768 3539 δὲ

2195 3595 2368 3661 ξύλον,
2401 3593 2492 3647 κοιλ⁵
2530 3591 2627 3663 μέν
2651 3607 2732 3644 τοι
2763 3590 2856 3644 καὶ
2889 3588 3162 3651 ὕσσωπος,
3197 3586 3291 3639 καὶ
3320 3583 3551 3652 κλῶσμα
3579 3579 3769 3633 κόκκι-

2194 3704 2304 3749 νον,
2338 3681 2667 3755 ἐμϐάλλεται
2700 3684 2767 3753 τῇ
2801 3678 3013 3750 σποδῷ,
3059 3677 3153 3732 τοῦ
3203 3675 3302 3746 μὲν
3346 3673 3626 3738 κεδρίνου,
3673 3669 3770 3739 τὴν

2195 3775 2505 3849 ἀφθαρσίαν
2531 3773 2757 3836 ἀστείως
2783 3773 2914 3841 ἡμῖν
2940 3764 3372 3838 ὐπεμφαίνοντος
3392 3782 3405 3795 ·
3434 3762 3649 3833 σήψεως
3664 3759 3771 3829 γὰρ

2195 3867 2433 3938 ἀμείνων
2464 3865 2498 3936 ή
2542 3864 2750 3936 κέδρος
2789 3861 2887 3930 τῆς
2920 3859 2976 3913 δὲ
3012 3856 3288 3921 ὑσσώπου,
3319 3852 3419 3925 τὴν
3462 3851 3731 3920 κάθαρσιν
3753 3864 3767 3878 ·

2197 3956 2474 4031 σμηκτικὴ
2504 3955 2612 4026 γάρ
2635 3956 2669 4025 ἡ
2699 3952 2827 4017 πόα,
2844 3950 2941 4004 καὶ
2963 3949 3060 4013 τὰς
3085 3950 3143 4001 ὲν
3169 3946 3496 4016 σπλάγχνοις
3524 3939 3772 4012 ἀκαθαρ-

2198 4051 2316 4116 σίας
2347 4049 2660 4119 ἐκτήκουσα
2695 4041 2961 4115 φυσικῶςο
3001 4040 3095 4093 τοῦ
3135 4039 3193 4092 δὲ
3230 4037 3488 4092 κοκκίνου
3514 4031 3771 4101 κλώσμα-

2195 4160 2305 4209 τος,
2337 4140 2436 4213 τὴν
2473 4139 2610 4211 πρὸς
2644 4138 2823 4207 σάρκα
2850 4132 2945 4186 τοῦ
2985 4132 3159 4200 Λόγου
3193 4128 3495 4200 συνδρομὴν
3534 4121 3594 4178 εὖ
3629 4123 3772 4195 μάλα

2197 4231 2729 4305 κατασημαίνοντοςο
2763 4227 3038 4297 ὲνεπλάκη
3083 4223 3191 4295 γάρ
3223 4221 3413 4291 ὥσπερ
3442 4220 3471 4272 6
3498 4217 3670 4285 Λόγος

518 4350 648 4390 vere
695 4335 751 4389 in
781 4333 1111 4403 baptismate
1154 4334 1319 4397 salus,
1360 4343 1416 4390 et
1459 4337 1719 4405 potentiae
1759 4303 1871 4392 non
1911 4336 2089 4391 carnis

2198 4327 2363 4398 capaci.
2399 4303 2492 4379 καὶ
2533 4323 2749 4393 αἵματι,
2782 4317 3162 4388 δεδοκίμασται
3193 4314 3250 4367 δὲ
3282 4309 3549 4405 δι’μὴμᾶςῌ
3562 4307 3658 4360 καὶ
3686 4303 3774 4359 διὰ

519 4425 764 4481 sordium
791 4398 1084 4495 depositio,
1114 4425 1208 4481 sed
1231 4398 1581 4482 conscientia
1605 4427 1765 4483 bona:
1791 4428 2089 4499 interroga-

2198 4416 2369 4488 πυρὸς
2405 4413 2502 4468 καὶ
2546 4413 2709 4484 μέχρι
2752 4409 3007 4471 θανάτου,
3056 4404 3310 4474 καθάπερ
3359 4400 3495 4499 ἔφην
3525 4398 3769 4499 ἔναγχος.

518 4521 595 4576 ιίο
625 4519 684 4574 in
722 4519 894 4574 Deum
922 4535 934 4570 :
962 4533 1061 4588 per
1085 4534 1248 4588 quem
1286 4519 1614 4575 delictorum
1654 4520 1910 4577 remissio
1954 4519 2096 4575 facta

516 4620 633 4675 est,
687 4615 952 4678 sequente
996 4608 1221 4663 omnino
1288 4608 1412 4664 ﬁdei
1478 4609 1854 4666 confessiones
1899 4612 2093 4682 gratia.

516 4704 657 4771 Quin
702 4717 837 4757 vero
869 4710 1120 4756 mortuus
1159 4717 1262 4771 pro
1292 4701 1455 4756 nobis
1486 4701 1738 4757 Christus
1761 4703 1906 4756 viam
1940 4711 2096 4772 pate-

519 4793 710 4848 fecerit
756 4790 824 4847 ad
874 4789 1346 4860 incorruptionem
1380 4790 1683 4860 vitamque,
1713 4792 1944 4846 dubium
1976 4807 2098 4848 esse

520 4883 943 4954 potestnemini.
1004 4881 1108 4949 Qui
1147 4889 1331 4936 autem
1387 4880 1613 4936 vitulam
1672 4881 2011 4947 combussit,
2041 4890 2098 4938 et

518 4975 692 5030 cineri
725 4974 948 5031 miscuit
994 4974 1201 5045 lignum
1230 4972 1537 5038 cedrinum,
1572 4981 1630 5028 et
1670 4972 1990 5044 hyssopum,
2033 4988 2097 5029 ac

518 5066 804 5122 coccinum
824 5105 838 5130 ,
871 5074 1034 5136 atque
1082 5063 1222 5118 adeo
1267 5063 1511 5119 cinerem
1542 5062 1802 5131 colligens
1827 5102 1841 5126 ,
1873 5061 2096 5132 impuri,

520 5158 720 5228 inquit,
769 5165 900 5212 sunt
949 5172 1122 5227 usque
1158 5155 1226 5211 ad
1276 5170 1598 5225 vesperam;
1629 5153 1734 5209 etsi
1767 5153 1895 5208 lotis
1929 5153 2099 5208 vesti-

521 5250 718 5305 mentis
747 5250 962 5321 purgati
1005 5257 1168 5317 atque
1200 5247 1392 5301 mundi
1443 5254 1661 5310 essent;
1709 5245 1826 5314 lege
1865 5243 2097 5298 fortasse

520 5341 833 5397 declarante
856 5341 1110 5395 humanae
1136 5338 1571 5393 imbellicitatem
1589 5345 1816 5399 naturae,
1846 5333 2094 5402 etquod,

522 5430 563 5484 si
588 5440 845 5485 accurate
862 5430 1246 5499 subtiliterque
1267 5438 1457 5483 nostra
1473 5436 1800 5490 scrutemur,
1815 5438 1975 5478 nemo
1990 5438 2100 5477 non

524 5522 951 5592 reprehensione
975 5521 1191 5591 dignus,
1221 5520 1472 5591 quisquis
1500 5518 1566 5573 ad
1594 5514 2008 5573 sacriﬁcandum
2031 5514 2102 5570 sit

589 5700 632 5733 ⁸⁵
664 5697 805 5755 l‘sal.
848 5713 967 5765 va,
1022 5698 1102 5752 10.
1179 5698 1469 5755 "Zachar.
1513 5714 1584 5759 x1,
1619 5698 1715 5753 19.
1763 5698 1803 5729 ’⁷
1831 5693 1989 5763 ibid.,
2024 5693 2104 5748 l5.

2204 4507 2344 4561 Ἀλλ’
2375 4502 2443 4577 ἦν
2475 4503 2536 4557 τδ
2572 4502 2742 4566 πάθος
2778 4498 2970 4564 αὑτοῦ,
2999 4497 3093 4551 καὶ
3113 4497 3142 4550 6
3170 4495 3266 4565 τῆς
3306 4490 3774 4562 ὲνανθρωπήσεως

2191 4596 2413 4667 τρόπος,
2459 4592 2769 4663 ἀφθαρσίας
2799 4592 2932 4662 ἡμῖν
2965 4586 3062 4643 καὶ
3099 4580 3446 4655 καθαρισμοῦ
3491 4578 3771 4651 πρόξενος.

2194 4685 2601 4757 Δεδικαιὼμεθα
2630 4684 2740 4756 γάρ
2780 4684 2838 4736 ὲν
2883 4679 3032 4752 αὑτῷ
3056 4679 3148 4732 τὸν
3184 4679 3241 4730 ὲν
3270 4675 3415 4746 ψυχῇ
3450 4672 3543 4726 καὶ
3570 4669 3774 4736 σπλάγ-

2196 4798 2347 4852 χνοις
2374 4777 2814 4850 ἀποτρεψάμενοι
2846 4771 3139 4845 μολυσμὸν,
3174 4767 3335 4839 εἴπερ
3382 4766 3529 4820 ἐστὶν
3560 4759 3775 4832 ἀληθῶς

2196 4874 2259 4927 τὸ
2300 4872 2567 4941 σωτήριον
2596 4868 2884 4940 βάπτισμα
2911 4864 3005 4918 καλ⁸
3023 4865 3058 4932 ἡ
3083 4862 3182 4932 τῆς
3209 4859 3513 4927 δυνάμεως,
3547 4853 3611 4907 οὐ
3644 4868 3776 4922 σαρ-

2201 4964 2294 5028 κὸς
2354 4962 2614 5024 ἀπόθεσις
2675 4959 2847 5031 ῥύπου
2879 4996 2896 5022 ,
2963 4953 3100 5008 ἀλλά
3159 4949 3516 5020 συνειδήσεως
3568 4941 3793 5011 ἀγαθῆς

2199 5053 2537 5126 ἐπερώτημα
2578 5052 2660 5114 είς
2698 5049 2829 5103 Θεόν
2848 5064 2862 5079 ·
2898 5047 2963 5100 δι’
2993 5039 3164 5114 οὗπερ
3193 5042 3258 5096 ἂν
3284 5040 3492 5110 γένοιτο
3520 5035 3774 5126 πλημμε-

2198 5149 2263 5221 λη
2274 5123 2459 5218 μάτων
2480 5147 2514 5217 ἡ
2538 5145 2750 5214 ἄφεσις,
2778 5139 2969 5210 ἕψεται
3001 5138 3218 5197 πάντως
3240 5135 3355 5196 ταῖς
3383 5129 3476 5184 τοῦ
3501 5123 3773 5221 πιστεύειν

2202 5216 2511 5311 ὁμολογίαις
2542 5239 2574 5308 ή
2605 5234 2783 5307 χάρις.
2828 5232 2951 5284 Ὅτι
2977 5230 3035 5283 δὲ
3067 5227 3129 5281 τδ
3162 5225 3307 5296 ὑπὲρ
3337 5221 3495 5311 ἡμῶν
3523 5216 3773 5311 τεθνάναι

2205 5307 2460 5403 Χριστὸν,
2487 5307 2605 5391 όδδς
2639 5325 2863 5394 γέγονεν
2889 5324 2969 5385 είς
3001 5316 3307 5390 ἀφθαρσίαν
3477 5309 3646 5403 ζωὴν,
3670 5307 3775 5403 96-

2205 5395 2453 5493 δαμόθεν
2491 5417 2814 5489 ἀμφίλογον.
2873 5413 2933 5466 '0
2986 5411 3043 5465 δὲ
3099 5402 3489 5478 κατεμπιπράς
3522 5395 3771 5493 δάμαλιν.

2209 5491 2303 5568 καὶ
2332 5511 2648 5583 ἀναμίσγων
2685 5511 2749 5579 τῇ
2790 5504 2980 5576 σποδιᾷ
3018 5503 3074 5557 τὸ
3105 5500 3347 5571 κέδρινον
3380 5494 3555 5563 ξύλον,
3586 5491 3685 5561 τήν
3715 5502 3773 5539 τε
