4094 6282
348 359 460 415 655

1364 357 1894 416 GLAPIWRORUM
1933 356 2003 416 IN
2042 357 2378 420 NUMEROS
2414 361 2641 422 LIBER.

3531 367 3635 426 636

354 480 632 539 ὕσσωπον.
669 477 766 531 καὶ
808 478 870 532 τδ
911 477 1178 543 κόκκινον,
1226 479 1320 534 καὶ
1353 480 1457 551 μέν
1482 499 1566 536 τοι
1597 484 1626 536 6
1658 482 1931 550 συλλέγων

2039 484 2347 550 ordinatus,
2378 486 2642 541 nimirum
2677 487 2804 557 quia
2833 487 2955 543 viva
2990 496 3044 544 et
3082 502 3236 543 sacra
3256 501 3381 554 res;
3411 488 3504 542 sed
3529 489 3640 546 etsi

354 573 454 643 τὴν
495 568 743 635 σποδιὰν,
775 569 1097 641 ἀκάθαρτοι,
1129 570 1317 643 φησὶν,
1359 569 1465 636 ἕως
1514 572 1783 643 ἑσπέρας,
1818 572 1937 626 καί·

352 680 438 717 τοι
508 660 927 732 φαιδρυνάμενοι
1001 660 1070 715 τὰ
1147 662 1331 733 ἀμφια
1354 703 1369 728 ,
1433 666 1526 718 καὶ
1599 666 1937 735 ὑπάρχοντες

356 753 589 824 καθαροί
610 769 624 784 ·
691 753 1139 817 καταδεικνύντος
1205 755 1351 825 τάχα
1433 772 1539 809 που
1596 757 1692 810 τοῦ
1767 757 1935 826 νόμου

356 847 418 900 τὸ
438 846 536 916 τῆς
562 845 908 916 ἀνθρωπίνης
934 845 1147 913 φύσεως
1187 844 1430 913 ἀσθενὲς,
1461 849 1558 902 καὶ
1603 849 1688 902 δτι
1721 847 1935 912 λεπτῶς

358 954 417 992 τε
457 938 550 991 καὶ⁸
578 935 821 1007 ἀκριϐῶς
846 937 894 990 εί
925 937 1195 1009 ὲρευνῷτο
1224 938 1292 993 τὰ
1320 938 1443 995 καθ’
1472 933 1645 1011 ἡμᾶς,
1686 940 1934 994 ἀνεπιτί-

359 1046 527 1100 μητος
558 1027 837 1091 παντελῶς
860 1029 1035 1092 οὐδεὶς
1067 1030 1176 1084 τῶν
1202 1032 1554 1103 τεταγμένων
1583 1035 1665 1096 είς
1694 1032 1935 1106 λειτουρ-

355 1122 494 1190 γίαν,
532 1121 692 1191 δῆλον
724 1119 782 1174 δὲ
810 1122 892 1174 ὅτι
919 1121 1019 1193 τὴν
1052 1123 1205 1178 θείαν
1227 1140 1287 1179 τε
1321 1127 1417 1179 καὶ
1449 1126 1619 1197 ίεράν,
1651 1128 1789 1182 ἀλλά
1831 1129 1934 1183 κάν

350 1228 433 1274 τις
471 1210 556 1281 εἴη
606 1211 768 1281 τυχὸν
797 1209 907 1264 τῶν
951 1215 1033 1275 είς
1075 1214 1273 1284 ἄριστα
1308 1214 1457 1285 βιοῦν
1486 1216 1799 1289 ᾑρημένων,
1837 1216 1934 1271 καὶ

350 1304 429 1366 είς
489 1303 614 1357 ὅσον
663 1297 776 1356 οἷόν
818 1320 878 1355 τε
916 1303 1177 1375 καθαρὸς,
1213 1307 1314 1359 οὐκ
1356 1305 1656 1379 ἀμώμητον
1693 1308 1803 1374 ἕξει
1835 1307 1932 1379 τὴν

352 1391 712 1465 λειτουργίαν.
766 1392 953 1460 ’Ἄξιος
1008 1395 1120 1469 γὰρ
1169 1398 1345 1463 οὐδεὶς
1374 1398 1487 1452 τῶν
1533 1399 1627 1452 τοῦ
1677 1400 1932 1469 Σωτῆρος

347 1485 502 1556 ἡμῶν
532 1486 850 1559 μυστηρίων
906 1488 1212 1557 ἀποθίγειν.
1256 1492 1364 1544 Καὶ
1397 1490 1707 1562 θαυμαστὸν
1743 1492 1928 1546 οὐδέν’

345 1577 631 1631 ἀναπείσει
670 1578 781 1650 γὰρ
824 1581 973 1651 ἡμᾶς
1003 1582 1032 1635 6
1066 1580 1224 1649 λόγος
1260 1584 1288 1636 6
1328 1583 1491 1654 ἱερὸς,
1535 1583 1678 1638 οὕτω
1708 1584 1884 1652 λέγων
1913 1601 1938 1633 ’.

352 1688 370 1722 ι
407 1670 617 1738 Ἀστρα
652 1670 712 1723 δὲ
760 1672 822 1724 οὐ
852 1670 1070 1744 καθαρὰ
1100 1672 1330 1727 ἐνώπιον
1354 1674 1541 1730 αὐτοῦ.
1586 1696 1604 1728 ι
1641 1677 1852 1731 Οὐκοῦν
1882 1678 1929 1730 εἰ

349 1760 699 1830 συγκρίνοιτο
742 1761 812 1814 τά
854 1760 978 1816 καθ’
1009 1763 1041 1814 ἡ
1054 1765 1161 1833 μᾶς
1202 1766 1267 1834 τῇ
1301 1765 1631 1838 καθαρότητι
1667 1767 1762 1821 τοῦ
1794 1768 1930 1839 Χρι-

2038 572 2164 640 quis
2187 572 2328 629 forte
2376 575 2448 628 sit
2476 573 2544 629 ad
2595 576 2878 631 meliorem
2934 576 3155 632 vivendi
3183 575 3414 631 formam
3446 578 3635 633 tradu-

2037 666 2181 724 ctus,
2214 669 2290 727 et,
2333 663 2513 732 quoad
2556 664 2675 735 ejus
2702 664 2818 720 ﬁeri
2856 672 3074 737 potest,
3109 679 3284 737 purus
3323 667 3489 733 vivat,
3521 682 3632 723 non

2038 751 2251 806 carebit
2276 754 2705 822 reprehensione
2727 757 3078 830 sacriﬁcium.
3102 756 3263 830 405
3290 756 3461 813 Nemo
3482 756 3630 812 enim

2037 840 2201 913 digne
2249 842 2553 901 Salvatoris
2596 826 2990 920 nostri‘tangit
3033 826 3311 921 mysteria.
3359 847 3548 920 Neque
3573 849 3630 905 id

2036 949 2168 989 sane
2205 935 2517 992 mirandum
2568 938 2788 995 divinus
2822 955 3005 996 sermo
3029 940 3190 995 nobis
3217 938 3373 996 facile
3400 956 3629 1011 persua-

2036 1024 2189 1079 serit.
2239 1044 2259 1077 ι
2299 1027 2501 1093 Astra,
2565 1028 2781 1099 inquit,
2834 1042 2947 1085 non
3001 1038 3130 1085 sunt
3189 1027 3394 1085 munda
3440 1046 3627 1085 coram

2036 1114 2156 1185 ipso
2178 1117 2245 1170 ".
2276 1136 2293 1168 ι
2335 1117 2515 1185 Quare
2543 1120 2590 1175 si
2628 1120 2753 1191 quis
2776 1128 2966 1176 nostra
3007 1138 3133 1178 cum
3157 1121 3362 1177 Christi
3385 1123 3627 1192 puritate

2034 1208 2351 1276 contulerit,
2382 1211 2664 1268 immunda
2691 1224 2994 1285 appareant
3023 1225 3185 1285 atque
3225 1214 3452 1269 sordida
3472 1256 3486 1279 ,
3515 1222 3571 1270 et
3596 1231 3627 1270 τι

2032 1298 2236 1355 divinis
2260 1301 2419 1373 longe
2472 1305 2740 1375 superari.
2789 1306 3019 1361 Miretur
3050 1322 3182 1361 vero
3233 1305 3359 1377 quis
3391 1320 3502 1361 non
3535 1306 3623 1361 iu-

2026 1390 2173 1461 juria
2206 1392 2548 1449 Psalmistam
2599 1395 2847 1451 divinum
2882 1406 3172 1452 canentem
3204 1415 3216 1450 :
3257 1416 3274 1448 «
3307 1396 3363 1451 Si
3410 1396 3622 1466 iniqui-

2033 1490 2172 1537 tates
2211 1485 2613 1550 observaveris,
2652 1487 2903 1553 Domine,
2939 1489 3063 1559 quis
3113 1488 3452 1543 sustinebit?
3485 1487 3624 1555 Quia

2031 1576 2177 1644 apud
2233 1582 2286 1630 te
2319 1577 2636 1646 propitiatio
2679 1587 2763 1633 est
2790 1581 2855 1633 η.
2916 1598 2933 1629 ι
2964 1580 3311 1650 lmprobatur
3347 1595 3480 1635 vero
3527 1578 3623 1650 qui

2032 1665 2138 1720 sibi
2195 1666 2436 1721 mundus
2480 1667 2722 1722 videtur.
2783 1666 2953 1723 Multo
2989 1670 3137 1723 enim
3189 1669 3393 1724 rectius
3457 1683 3622 1740 quam

2028 1757 2179 1827 juxta
2206 1757 2503 1813 humanam
2525 1759 2919 1824 conditionem,
2949 1768 3009 1814 ut
3032 1759 3283 1814 dicebam
3304 1800 3319 1824 ,
3347 1756 3497 1814 omni
3531 1773 3623 1814 va-

349 1824 509 1912 στοῦ,
534 1840 820 1920 ἀκάθαρτα
848 1850 946 1904 καὶ⁸
972 1824 1386 1923 μεμολυσμένα,
1426 1824 1521 1908 καὶ
1564 1824 1671 1909 ῖιπδ
1715 1824 1929 1928 δίκησιν

2032 1864 2157 1903 care
2180 1849 2453 1915 crimine,
2507 1858 2563 1904 et
2588 1866 2709 1905 eam
2760 1858 2882 1921 qua:
2921 1850 2976 1905 in
3023 1850 3186 1905 nobis
3233 1858 3319 1904 est
3362 1850 3576 1920 puritas
3603 1888 3619 1914 ,

348 1939 500 1994 ἔσται
528 1941 627 2012 τὴν
659 1941 830 1995 θείαν.
867 1941 1181 2013 Θαυμάσειε
1212 1943 1256 1996 δ’
1284 1944 1349 1998 ἀν
1377 1962 1458 2008 τις
1488 1947 1582 2000 καὶ
1615 1947 1820 2018 σφόδρα
1848 1951 1929 2002 el-

348 2031 522 2094 κότως
570 2031 663 2084 τὸν
699 2030 839 2084 θεῖον
874 2030 1105 2100 λέγοντα
1136 2032 1391 2102 Μελῳδόν
1413 2047 1429 2064 ’
1475 2051 1496 2085 ι
1535 2034 1663 2088 Ἐἀν
1702 2037 1929 2107 ἀνομίας

348 2124 712 2190 παρατηρεῑς,
749 2119 947 2191 Κύριε,
978 2121 1061 2185 τίς
1086 2122 1490 2193 ὑποστήσεταις
1523 2125 1638 2178 Ὅτι
1670 2126 1821 2194 παρά
1850 2127 1930 2180 σοὶ

344 2215 372 2267 6
404 2212 631 2281 ίλασμός
672 2214 842 2267 ἐστιν.
887 2231 907 2265 ι
955 2214 1305 2284 Ἐπιτιμᾶται
1345 2213 1407 2285 δὴ
1436 2210 1529 2268 οὖν
1562 2217 1656 2268 καὶ
1691 2219 1720 2270 6
1754 2218 1929 2271 δοκῶν

344 2300 485 2358 εἶναι
513 2304 772 2377 καθαρός.
810 2304 952 2359 Πολὺ
997 2306 1107 2377 γὰρ
1162 2304 1408 2372 ἄμεινον,
1436 2306 1513 2369 ὡς
1542 2306 1698 2377 ἔφην,
1722 2308 1756 2377 ἢ
1787 2309 1930 2362 κατά

345 2394 639 2467 ἀνθρώπου
668 2396 849 2465 φύσιν,
885 2395 948 2451 τὺ
988 2397 1346 2468 ἀπλημμελὲς
1387 2398 1699 2464 παντελῶς,
1734 2401 1830 2454 καὶ
1868 2402 1929 2455 τὸ

343 2490 403 2543 ὲν
439 2491 575 2559 ἡμῖν
625 2488 1000 2561 καθαρότητος
1046 2488 1344 2560 πλησιάσαι
1385 2490 1626 2561 Χριστῷ.
1681 2491 1828 2557 Ἔξω
1869 2492 1926 2545 δὲ

339 2584 440 2653 τῆς
469 2580 823 2653 παρεμϐολῆς
858 2581 1191 2652 ἀποχέεσθαι
1239 2582 1351 2636 δεῖν
1391 2583 1492 2655 ἔφη
1547 2583 1610 2636 τὸ
1658 2582 1803 2657 ὕδωρ
1831 2583 1926 2639 τοῦ

337 2674 630 2744 ἁγνισμοῦ,
667 2674 763 2728 καὶ
794 2675 915 2745 οὐχὶ
955 2675 1020 2745 δὴ
1060 2676 1257 2746 μᾶλλον
1288 2678 1346 2730 ὲν
1377 2678 1515 2748 αὐτῇ
1550 2679 1616 2748 τῇ
1648 2677 1930 2749 παρεμϐοο

293 2786 299 2791 ·
335 2767 424 2838 λῇ.
462 2765 615 2831 Ἐξω
639 2765 749 2838 γὰρ
778 2766 971 2838 ὥσπερ
1001 2769 1100 2837 τῆς
1143 2766 1408 2823 Ἰουδαίων
1434 2769 1763 2840 Συναγωγῆς
1806 2771 1838 2840 ἡ
1869 2771 1927 2822 ὲν

336 2856 562 2927 Χριστῷ
617 2856 905 2926 κάθαρσις.
965 2856 1324 2927 Ἀπεφοίτησε
1378 2859 1488 2930 γάρ
1549 2859 1722 2930 αὐτῆς
1780 2863 1929 2914 ἐντε-

339 2943 578 2999 λὲστατα
603 2946 806 3014 λέγων·
830 2965 848 2998 ι
899 2947 1031 3002 Ἰδοὺ
1071 2949 1292 3018 ἀφίεται
1346 2952 1474 3022 ὑμῖν
1513 2951 1541 3002 6
1579 2944 1729 3014 οἶκος
1774 2948 1927 3020 ὑμῶν

345 3035 571 3106 ἕρημος.
612 3055 630 3088 ι
672 3039 1030 3110 Μετερῤύηκσ
1069 3041 1126 3094 δὲ
1153 3040 1343 3114 ὥσπερ
1384 3042 1499 3096 ’ἐπὶ
1550 3041 1619 3096 τὰ
1656 3042 1785 3113 ἔθνη
1819 3040 1928 3093 λοι-

2031 1938 2251 1995 Cbristo
2283 1942 2530 2012 proxime
2560 1942 2843 1997 accedere.
2874 1940 3230 1997 Fundendam
3257 1956 3389 1995 vero
3423 1953 3621 2010 aquam

2030 2030 2415 2100 puriﬁcantem
2458 2038 2614 2087 extra
2645 2039 2826 2087 castra
2856 2048 2977 2087 esse
3025 2031 3123 2097 ait,
3154 2032 3337 2101 potius
3367 2046 3533 2101 quam
3564 2031 3621 2086 in

2030 2124 2147 2193 ipsa
2176 2130 2373 2179 castra.
2412 2124 2617 2179 Christi
2649 2125 2798 2179 enim
2836 2125 3053 2195 puritas
3102 2133 3258 2178 extra
3306 2121 3622 2179 Iudaeorum

2028 2223 2114 2270 est
2153 2214 2513 2287 Synagogam.
2555 2216 2632 2270 Ea
2672 2215 2820 2270 enim
2874 2231 3001 2270 cum
3054 2215 3279 2279 exisset,
3325 2214 3499 2269 libere
3544 2214 3625 2270 sic

2028 2307 2321 2378 praedixit:
2368 2326 2386 2359 ι
2439 2308 2580 2363 Ecce
2627 2308 2974 2377 relinquetur
3005 2308 3166 2362 vobis
3213 2306 3411 2361 domus
3437 2315 3621 2361 vestra

2028 2398 2247 2453 deserta
2273 2399 2339 2452 ⁸ο.
2380 2416 2399 2449 ι
2426 2397 2841 2453 Proﬂuxitvero
2867 2396 3089 2453 demum
3128 2395 3285 2467 quasi
3315 2396 3381 2451 ad
3431 2403 3625 2467 gentes

2027 2490 2336 2545 emundans
2367 2490 2463 2545 Dei
2492 2491 2686 2562 gratia,
2722 2500 2888 2561 atque
2908 2533 2922 2555 ,
2978 2498 3037 2545 ut
3064 2490 3217 2544 Pauli
3245 2490 3430 2545 verbis
3476 2498 3621 2554 utar,

2036 2598 2055 2632 ι
2088 2579 2193 2647 Qui
2221 2582 2380 2651 longe
2414 2582 2584 2652 positi
2615 2588 2798 2646 erant,
2823 2581 2951 2635 facti
2990 2588 3121 2636 sunt
3155 2598 3323 2652 prope
3352 2581 3419 2635 ³³.
3458 2601 3475 2633 ι
3513 2582 3620 2637 Vo-

2028 2682 2162 2728 catae
2185 2672 2333 2727 enim
2360 2688 2458 2742 per
2491 2673 2653 2727 [idem
2680 2680 2830 2737 sunt,
2857 2683 2913 2727 et
2936 2672 3153 2742 justitia
3191 2673 3247 2727 in
3267 2672 3513 2742 _Cbristo
3536 2672 3621 2725 di-

2029 2772 2174 2829 latae,
2218 2736 2441 2819 credere
2479 2736 3129 2820 nolentibuslsraelitis.
3160 2736 3314 2831 Qudd
3347 2780 3479 2819 vero
3514 2765 3621 2818 im-

2028 2856 2284 2929 puritatis
2333 2871 2496 2912 omne
2547 2873 2723 2927 genus
2765 2859 3050 2928 detergere
3106 2856 3274 2910 etiam
3334 2855 3624 2910 commode

2028 2965 2168 3018 aqua
2188 2948 2437 3002 lustralis
2460 2947 2658 3017 possit,
2691 2948 2771 3001 sic
2797 2946 3041 3001 ostendit
3063 2946 3349 3015 Scriptura
3375 2964 3389 2999 :
3422 2965 3439 2996 ι
3460 2945 3624 3013 Quis-

2027 3039 2152 3108 quis
2184 3038 2417 3092 cadaver
2446 3036 2759 3107 contigerit,
2805 3036 3271 3107 inquinabitur".
3311 3055 3329 3087 ι
3369 3037 3488 3091 Νοιι
3527 3036 3626 3092 ali-

347 3126 450 3179 πὸν
477 3128 510 3196 ἡ
544 3126 912 3196 ἀφαγνίζουσα
951 3130 1144 3202 χάρις⁶
1190 3132 1285 3185 καὶ
1314 3132 1391 3195 ὼς
1420 3132 1448 3185 6
1473 3132 1685 3195 Παῦλός
1718 3148 1884 3203 φησιν
1907 3149 1920 3162 ·

2030 3138 2114 3185 ter
2152 3138 2337 3184 autem
2385 3143 2450 3183 ea
2508 3128 2887 3197 inquinatione
2918 3127 3274 3190 liberabitur,
3326 3126 3433 3180 nisi
3482 3141 3625 3195 aqua

350 3233 372 3268 ι
420 3216 484 3269 Οί
539 3218 756 3288 μακρὰν
803 3219 1087 3288 γεγόνασιν
1138 3222 1325 3290 ὲγγύς.
1383 3242 1404 3274 ι
1466 3222 1776 3293 Κέκληνται
1816 3222 1926 3294 γὰρ

337 3307 430 3362 διὰ
458 3310 717 3374 πίστεως,
744 3311 836 3364 καὶ
861 3312 959 3382 τὴν
982 3314 1041 3366 ὲν
1064 3313 1285 3385 Χριστῴ
1317 3314 1665 3387 δικαιοσύνην
1687 3315 1926 3369 πεπλου-

336 3400 594 3470 τήκασιν,
629 3400 872 3456 ἀπειθεῖν
900 3402 1170 3473 ἑλομένων
1192 3404 1300 3456 τῶν
1330 3403 1389 3469 ἐξ
1433 3403 1669 3476 Ἰσραήλ.
1711 3405 1835 3459 Ὅτι
1871 3405 1927 3459 δὲ

341 3489 454 3542 πᾶν
487 3484 626 3551 εἶδος
665 3489 1006 3561 ἀκαθαρσίας
1038 3491 1387 3564 διασμήξειεν
1420 3493 1485 3547 ἂν
1511 3494 1605 3547 καὶ
1632 3494 1753 3548 λίαν
1777 3494 1927 3548 εὐκό-

338 3580 446 3643 λως
485 3580 549 3633 τὸ
598 3579 745 3653 ὕδωρ
800 3584 894 3636 τοῦ
960 3584 1253 3654 ἁγνισμοῦ,
1306 3584 1550 3655 διεσάφει
1602 3586 1795 3656 λέγων,
1851 3588 1926 3651 ὼς

345 3690 364 3724 ι
398 3672 467 3725 Εἴ
513 3688 600 3736 τις
655 3672 853 3743 ἅψαιτο
906 3676 1127 3748 νεκροῦ,
1185 3679 1685 3750 καταμιανθήσεται
1729 3700 1747 3732 ι
1801 3682 1922 3751 μέν·

335 3762 715 3835 ἀπαλλαχθείη
771 3766 816 3819 δ’
845 3766 912 3820 ἂν
956 3769 1056 3839 οὐχ
1096 3770 1297 3840 ἑτέρως
1340 3771 1433 3824 τοῦ
1495 3771 1922 3843 συμὸεϐηκὸτος,

338 3852 389 3903 εί
423 3852 498 3923 μὴ
536 3855 957 3926 καταῤῥαίνοιτο
1001 3856 1080 3927 τῷ
1116 3857 1266 3910 ὕδατι
1313 3857 1408 3911 τοῦ
1464 3859 1738 3929 ἁγνισμοῦ
1781 3858 1926 3911 κατά

339 3940 437 4013 τὴν
467 3944 656 4015 τρίτην
683 3946 778 4000 καὶ
804 3947 1038 4019 ἑϐδόμην
1072 3949 1306 4020 ἡμέραν.
1353 3950 1463 4003 Καὶ
1496 3951 1766 4021 νεκρότης
1799 3951 1921 4020 μὲν,

340 4035 614 4105 σωμάτων
653 4037 869 4109 φθορὰ,
921 4039 1019 4093 καὶ
1058 4040 1402 4111 ἀκαθαρσίας
1447 4041 1735 4111 σύμϐολον.
1777 4042 1835 4096 '0
1868 4042 1925 4096 δὲ

336 4124 433 4180 τοῦ
457 4126 649 4192 ὕδατος
673 4131 987 4202 ραντισμὸς,
1010 4133 1461 4204 ἀναμεμιγμένης
1488 4133 1636 4199 αὐτῷ
1661 4134 1760 4204 τῆς
1794 4151 1924 4187 σπο-

336 4217 433 4271 δοῦ
468 4219 566 4289 τῆς
598 4219 885 4291 δαμάλεως
908 4224 1003 4276 καὶ
1025 4221 1137 4276 τῶν
1178 4224 1401 4295 ἑτέρων,
1425 4224 1595 4289 τύπος
1628 4225 1694 4280 ἂν
1716 4226 1802 4296 εῐη
1831 4225 1923 4280 τοῦ

337 4306 497 4376 άγίου
522 4308 919 4381 βαπτίσματος.
942 4312 1151 4365 Οὐκοῦν
1175 4314 1203 4366 6
1231 4317 1442 4386 νεκροῖς
1474 4314 1657 4386 ἔργοις
1689 4316 1782 4370 καὶ
1809 4318 1923 4381 τοῖς

336 4398 422 4460 είς
469 4398 674 4469 φθορὰν
732 4402 1039 4473 μιάσμασιν
1080 4405 1432 4476 ἐνεχόμενος·
1468 4407 1605 4479 ἔργα
1650 4407 1707 4461 δὲ
1742 4409 1925 4482 νεκρό-

2029 3230 2297 3295 purgante
2320 3228 2643 3293 aspergatur
2659 3220 2747 3276 die
2773 3221 2958 3286 tertio,
2991 3228 3085 3275 aut
3118 3218 3354 3289 septimo
3376 3218 3621 3274 demum.

2028 3315 2274 3371 Cadaver
2335 3323 2419 3369 est
2490 3314 2776 3384 corruptio
2854 3328 3188 3383 corporum,
3258 3311 3625 3382 impuritatis-

2028 3423 2136 3478 que
2178 3407 2414 3478 signum.
2444 3405 2613 3477 Aqua:
2654 3421 2786 3460 vero
2816 3405 3086 3475 aspersio,
3138 3407 3428 3459 commisto
3458 3402 3622 3457 simul

2028 3502 2213 3556 cinere
2262 3500 2330 3554 de
2371 3499 2541 3553 vitula
2602 3498 2856 3568 aliisque,
2923 3506 3083 3569 typus
3132 3505 3220 3551 est
3248 3495 3621 3572 baptismatis.

2027 3593 2198 3665 igitur
2244 3590 2338 3661 qui
2394 3608 2561 3661 opera
2587 3598 2809 3646 mortua
2848 3597 2905 3645 et
2942 3588 3320 3658 corruptionis
3348 3587 3624 3657 inquina-

2028 3691 2213 3738 menta
2240 3683 2408 3738 habet
2461 3682 2653 3756 (opera
2682 3698 2816 3737 vero
2844 3690 3060 3737 mortua
3101 3696 3219 3735 esse
3262 3679 3498 3734 dicimus
3521 3678 3627 3731 im-

2025 3775 2144 3845 pias
2172 3790 2235 3828 ac
2258 3774 2446 3828 noxias
2468 3774 2967 3843 concupiscentias,
2998 3794 3017 3822 ι
3045 3770 3490 3833 fornicationem,
3520 3767 3625 3822 im-

2026 3863 2374 3928 munditiam,
2398 3863 2709 3926 libidinem,
2733 3860 3237 3930 concupiscentiam
3271 3859 3469 3912 malam
3483 3857 3528 3889 ³³
3551 3857 3624 3927 ι),

2027 3969 2136 4008 non
2172 3954 2333 4008 aliter
2364 3954 2559 4009 evadat
2586 3952 2847 4016 mundus,
2888 3953 2995 4006 nisi
3047 3950 3368 4015 mundetur,
3403 3949 3626 4005 sordes—

2027 4059 2135 4115 que
2179 4043 2381 4098 eluerit
2415 4058 2577 4097 sacro
2609 4040 3049 4112 regenerationis
3076 4040 3317 4103 lavacro,
3351 4037 3515 4092 tertio
3540 4037 3626 4092 vel

2027 4136 2263 4206 septimo
2291 4134 2401 4190 die.
2447 4135 2517 4189 Et
2544 4134 2745 4189 tertius
2778 4133 3006 4204 quidem
3053 4131 3173 4186 dies
3201 4130 3627 4185 resurrectionis

2025 4225 2299 4298 signiﬁcat
2327 4233 2565 4296 tempus,
2591 4226 2873 4291 ultimum,
2901 4225 3152 4295 inquam,
3176 4231 3394 4293 tempus
3416 4230 3472 4276 et
3496 4237 3626 4292 per-

2026 4319 2252 4383 fectum,
2286 4333 2396 4388 quo
2419 4316 2743 4388 Unigcnitus
2778 4318 2946 4372 homo
2978 4317 3158 4371 factus
3181 4322 3286 4369 est.
3315 4313 3372 4369 Si
3398 4329 3532 4369 vero
3571 4320 3627 4367 et

2030 4411 2229 4466 domus
2256 4409 2580 4480 inquinetur
2620 4416 2842 4462 mortuo
2876 4408 3115 4477 quodam
3145 4406 3201 4460 in
3235 4422 3322 4470 ea,
3353 4404 3624 4459 immundi

336 4507 499 4561 τητος
523 4493 592 4547 τὰ
625 4495 828 4566 σαρκὸς
858 4491 999 4551 εἶναί
1040 4515 1219 4568 φαμεν
1260 4497 1451 4552 ἀνόσιά
1489 4517 1549 4553 τε
1587 4501 1681 4554 καὶ
1721 4501 1923 4573 βέϐηλα

2029 4518 2247 4573 quoque
2293 4507 2459 4556 erunt
2508 4500 2564 4554 in
2597 4514 2720 4553 eam
2751 4499 3147 4569 ingredientes.
3179 4497 3441 4565 Supellex
3488 4496 3623 4548 item

340 4582 510 4653 πάθη,
551 4603 571 4636 ι
609 4585 888 4657 πορνείαν,
928 4588 1307 4659 ἀκαθαρσίαν,
1368 4590 1572 4656 πάθος,
1628 4592 1925 4666 ἐπιθυμίαν

340 4677 520 4746 κακήν
542 4691 556 4705 ·
589 4696 607 4728 ι
646 4677 745 4748 οὐχ
775 4678 981 4750 ἑτέρως
1011 4680 1077 4734 ἂν
1104 4680 1216 4751 ἔχοι
1256 4681 1317 4734 τὸ
1353 4681 1614 4757 καθαρὸν,
1641 4684 1690 4736 εἰ
1721 4683 1795 4754 μὴ
1816 4685 1927 4752 ἁφ-

337 4764 614 4832 αγνίζοιτὸ
650 4785 709 4821 τε
733 4769 933 4825 καὶτὸν
959 4771 1233 4843 μολυσμὸν
1248 4772 1499 4843 άπονίψοι
1525 4775 1616 4828 διὰ
1646 4774 1740 4827 τοῦ
1772 4776 1927 4843 ἁγίου

341 4858 744 4928 βαπτίσματᾳς,
771 4861 917 4915 κατά
956 4879 1014 4915 τε
1051 4856 1149 4935 τὴν
1183 4865 1372 4935 τρίτην
1405 4866 1500 4919 καὶ
1526 4865 1626 4937 τὴν
1665 4866 1923 4939 ἑϐδόμην.

340 4950 450 5002 Καὶ
481 4951 739 5019 σημαίνει
771 4952 873 5022 μὲν
899 4954 932 5022 ἡ
971 4954 1128 5025 τρίτη
1154 4955 1246 5009 τὸν
1283 4955 1384 5025 τῆς
1418 4957 1767 5022 ἀναστάσεως
1798 4976 1922 5013 και-

340 5039 456 5108 ρὸν,
495 5040 587 5094 τὸν
620 5040 852 5113 ἔσχατόν
895 5061 955 5098 τε
1003 5046 1098 5099 καὶ
1145 5047 1220 5110 ὡς
1270 5049 1328 5102 ὲν
1360 5049 1501 5102 τέλει
1546 5049 1753 5113 λοιπὸν,
1802 5050 1925 5104 καθ’

337 5131 399 5184 ὃν
428 5132 653 5200 γέγονεν
692 5135 981 5208 ἄνθρωπος
1017 5140 1045 5191 6
1088 5140 1417 5210 Μονογενής.
1451 5139 1513 5194 Εἰ
1546 5141 1601 5194 δὲ
1630 5140 1694 5212 δὴ
1732 5143 1824 5194 καὶ
1847 5137 1927 5195 οἷ-

339 5239 439 5285 κος
482 5228 913 5298 καταμιαίνοιτο,
948 5229 1101 5299 φησὶ,
1144 5229 1438 5294 τεθνεῶτός
1481 5249 1625 5295 τινος
1665 5235 1722 5285 ἐν
1756 5233 1923 5303 αὐτῷ,

338 5313 641 5385 ἀκάθαρτοι
675 5320 772 5389 μὲν
803 5322 850 5373 οἱ
878 5320 1242 5385 εἰσϐαίνοντες
1286 5324 1343 5375 ὲν
1371 5323 1540 5394 αὐτῷ.
1575 5324 1835 5396 Βδελυρὸν
1872 5327 1929 5379 δὲ

336 5405 437 5457 καὶ
500 5406 690 5473 σκεῦος
748 5410 895 5465 ἅπαν
955 5413 1047 5466 καὶ
1092 5414 1313 5482 ἀγγεῖον
1362 5416 1422 5467 οὐ
1456 5419 1926 5487 πεπωπασμένονο

335 5495 480 5566 πλὴν
512 5496 587 5568 τῷ
615 5498 768 5554 ὕδατι
800 5502 895 5556 τοῦ
925 5504 1191 5574 ἁγνισμοῦ
1239 5506 1332 5559 καὶ
1372 5505 1545 5559 ταῦτα
1583 5506 1930 5578 διακαθαίρε-

330 5604 426 5639 ται
473 5589 619 5643 κατά
666 5590 756 5645 τὸν
794 5593 909 5647 ίσον
933 5595 1155 5666 τρόπον,
1189 5597 1331 5650 κατά
1366 5597 1463 5666 τὴν
1492 5598 1680 5670 τρίτην
1707 5603 1800 5655 καὶ
1832 5601 1928 5673 τὴν

407 5702 453 5733 ’⁸
473 5702 578 5757 Job
608 5720 698 5786 λγ,
729 5708 808 5763 18.
889 5710 933 5741 '9
967 5709 1304 5765 Psal.cxx1x.
1339 5711 1390 5772 5,
1421 5712 1460 5765 ί.
1537 5713 1580 5745 ³⁰
1608 5714 1795 5770 Matth.
1836 5735 1982 5782 XXIII,
2012 5718 2098 5773 58.

328 5771 471 5831 loss.
491 5788 570 5840 ιιι,

2027 4593 2208 4651 omnis
2235 4592 2373 4648 diris
2413 4592 2523 4647 erit
2568 4606 2746 4655 sacra,
2774 4598 2831 4645 et
2866 4605 2962 4644 vas
2981 4606 3093 4644 non
3142 4595 3487 4659 coopertum,
3515 4585 3622 4639 nisi

2024 4696 2077 4742 et
2107 4688 2225 4742 haec
2251 4701 2391 4756 aqua
2405 4684 2669 4755 piaculari
2699 4682 2865 4754 406
2889 4682 2957 4737 ad
2977 4680 3238 4737 eumdem
3257 4679 3481 4734 modum
3514 4682 3625 4729 ter-

2026 4780 2104 4834 tio
2137 4793 2202 4834 ac
2228 4776 2465 4847 septimo
2500 4775 2591 4829 die
2618 4780 3047 4844 perpurgentur.
3096 4772 3201 4825 Per
3241 4769 3466 4822 domum
3492 4780 3627 4818 vero

2028 4867 2367 4922 immundam
2395 4875 2452 4920 et
2483 4880 2613 4920 vasa
2643 4865 2763 4933 ejus
2782 4903 2796 4928 ,
2828 4878 3032 4931 vasque
3068 4876 3176 4914 non
3230 4864 3519 4926 opertum,
3549 4855 3628 4908 le-

2031 4960 2255 5030 gislator
2291 4957 2453 5012 nobis
2506 4955 2798 5011 ostendere
2847 4953 3081 5007 fortasse
3117 4950 3368 5002 videatur
3411 4946 3626 5002 Iudaeo—

2032 5066 2194 5114 rum,
2246 5063 2368 5118 quae
2423 5046 2718 5100 Dominum
2753 5057 2915 5098 suum
2963 5039 3191 5103 occidit,
3249 5039 3624 5109 Synagogam,

2033 5157 2157 5212 qua:
2184 5140 2419 5212 junctim
2462 5154 2560 5207 per
2611 5136 2838 5190 domum
2888 5133 3269 5202 intelligatur;
3304 5128 3627 5199 singulatim

2033 5248 2167 5288 vero
2188 5247 2285 5300 per
2319 5244 2446 5282 vasa
2466 5226 2700 5298 singula.
2736 5225 2911 5279 Homo
2951 5223 3097 5277 enim
3134 5222 3281 5276 vasis
3322 5222 3497 5275 instar
3523 5229 3627 5274 est.

2028 5323 2183 5391 Quod
2211 5327 2395 5375 autem
2432 5319 2539 5371 illis
2562 5334 2671 5372 non
2693 5316 2849 5369 ﬁrma
2878 5331 3035 5368 mens
3064 5315 3154 5379 sit,
3189 5322 3354 5383 atque
3385 5312 3523 5366 adeo
3548 5311 3617 5365 ad

2027 5412 2404 5484 suscipiendas
2437 5410 2631 5464 sordes
2652 5407 2809 5462 valde
2845 5414 3118 5475 prompta,
3147 5414 3203 5460 et
3227 5406 3292 5459 ad
3317 5419 3627 5474 quamcun-

2028 5525 2134 5580 que
2177 5503 2502 5577 injustitiam
2547 5498 2943 5555 admittendam
2975 5497 3083 5566 jam
3119 5506 3356 5560 assueta,
3391 5496 3628 5549 obscure

2030 5618 2127 5675 per
2156 5614 2283 5654 vasa
2330 5610 2441 5649 non
2488 5600 2679 5663 operta
2709 5590 3052 5661 designatur,
3080 5589 3134 5642 in
3159 5604 3279 5659 qua:
3310 5586 3475 5643 noxia
3502 5599 3629 5655 qua:

2195 5715 2235 5744 ³⁸
2275 5709 2473 5778 Eplics.
2504 5724 2558 5771 ιι,
2594 5707 2676 5772 15,
2714 5706 2796 5759 l7.
2878 5705 2919 5735 ³³
2950 5703 3113 5757 Num.
3141 5720 3246 5770 XIX,
3283 5703 3371 5756 ll.
3449 5702 3491 5734 ³³
3524 5695 3627 5753 Co-
