1990 3046
217 180 250 208 i9
710 183 737 210 s.
760 183 896 212 CYﬂlLLl
914 185 1148 214 ALEXANDRINI
1168 188 1327 218 ARCHIEP.
1797 188 1832 216 20

213 242 255 265 lex
267 238 329 270 fuit,
348 239 373 274 5
386 240 514 275 solusque
528 246 610 269 nutus
629 242 662 270 iis
675 247 765 270 ortum
785 245 911 279 pnehuit.
927 245 982 272 Cum

1050 248 1190 283 μιουργὸς,
1213 249 1261 276 καὶ
1277 249 1364 284 νεῦμα
1384 250 1464 285 μόνον
1481 250 1497 285 ὴ
1515 249 1630 283 γένεσις.
1654 247 1829 283 Ἀνδανούσης

212 292 277 312 vero
288 292 379 312 rerum
390 291 544 314 ereatarum
556 293 668 316 ornatus
675 296 706 316 ac
717 289 894 324 pulchritudo
912 291 995 318 etiam

213 331 403 358 universorum
419 332 514 367 Opiﬁci
543 334 678 368 placeret,
699 340 838 370 postremo
861 336 895 363 ad
918 337 995 372 ejus,

211 378 289 412 cujus
302 385 383 404 causa
398 377 455 406 haec
471 378 540 406 facta
557 384 646 412 erant,
664 381 829 408 creationem
851 388 880 408 se
897 386 995 409 contu-

211 423 252 454 lit,
275 422 404 455 hominis,
424 423 545 458 inquam.
565 424 714 460 Oportebat
735 426 820 458 enim,
835 427 993 461 oportebat,

209 468 333 495 omnium
344 472 507 501 creatorem,
522 470 624 497 bonum
639 478 687 497 sua
699 476 796 498 natura
807 472 993 504 exsistentem.

208 520 240 540 ac
255 513 347 547 potius
364 514 453 548 ipsum
467 515 579 547 bonum,
594 515 620 542 id
634 516 706 550 quod
725 522 776 548 est,
793 517 876 544 etiam
890 525 904 544 a
915 519 994 546 nobis

208 560 344 594 cognosci.
367 560 515 595 Oportebat
534 566 639 588 terram
657 561 784 589 refertam
807 570 867 590 esse
885 563 918 591 iis
946 564 993 599 qui

208 604 297 638 ipsum
312 605 463 640 gloriﬁcare
477 611 598 638 nossent,
614 611 642 634 et
660 615 693 634 ex
710 608 894 636 concinnitate
915 617 992 637 crea-

207 653 331 677 turarum
351 650 488 678 Creatoris
513 652 627 686 gloriam
646 653 758 680 intueri.
773 653 851 686 Nam,
866 659 896 682 ut
910 655 992 682 Isaias

207 696 338 730 propheta
350 696 406 723 ait:
423 705 432 722 ι
448 696 506 723 Non
516 697 543 724 in
558 706 657 724 vanum
673 699 761 726 fecisti
778 707 847 731 eam,
865 709 873 725 ι
890 704 991 728 terram

205 740 350 772 nimirum,
367 750 376 766 ι
398 741 445 768 sed
461 746 491 768 ut
513 742 683 771 habitaretur
700 745 730 771 ".
749 754 758 770 ι
774 745 891 773 Necesse
908 746 992 781 igitur

204 790 263 813 erat
272 786 371 812 animal
383 786 409 813 in
420 786 478 821 ipsa
488 787 610 821 formari,
622 789 725 817 ratione
736 790 891 824 praeditum,
900 795 991 818 osten-

203 834 241 861 sis
253 835 329 869 prius
344 835 394 869 ipsi
412 836 550 869 omnibus,
565 845 625 872 quae
640 837 674 864 ad
689 837 897 866 delectationem
917 839 990 866 facc-

202 883 274 911 rent,
287 888 411 915 qumque,
424 885 455 908 ut
467 886 541 909 recte
561 881 631 910 facta
650 882 821 915 viderentur,
840 884 989 918 persuade-

202 929 272 953 rent.
288 924 392 954 Idcirco
411 932 618 962 praemonstrato
636 928 663 956 in
681 929 788 956 decenti
804 933 900 956 ornatu
918 930 988 957 calo

201 976 233 997 ac
245 973 330 1003 terra,
345 975 373 998 et
384 979 445 1006 qua:
463 972 489 999 in
505 972 539 1000 iis
551 977 624 1004 sunt,
638 973 757 1001 hominis
770 974 935 1001 creationem
946 979 988 1002 est

201 1023 354 1051 aggressus,
365 1018 442 1052 cujus
455 1022 546 1045 ortum
557 1018 698 1052 antiquius
708 1023 799 1046 mente
807 1024 985 1055 conceperat;

200 1061 308 1089 tametsi
321 1070 429 1089 omnem
450 1063 530 1090 aliam
549 1069 703 1091 creaturam
716 1071 750 1091 ex
767 1069 888 1100 tempore
903 1067 987 1094 verbo

197 1114 232 1135 ac
245 1109 357 1143 proprio
369 1117 494 1136 sermone
510 1109 650 1142 formarat,
667 1115 697 1138 ut
716 1110 797 1138 Deus.
813 1111 880 1139 Cum
895 1117 986 1140 autem

199 1154 281 1181 homo
294 1155 394 1181 animal
409 1154 444 1181 sit
469 1162 564 1182 revera
582 1156 726 1190 pulchrum
747 1155 858 1191 Dcoque
876 1157 985 1184 similli-

199 1206 284 1231 mum,
318 1207 353 1227 ne
371 1200 512 1227 videretur
535 1207 670 1236 suprema:
696 1201 790 1236 gloria:
809 1203 984 1230 simulacrum

197 1245 293 1272 eodem
315 1245 486 1274 formationis
508 1247 599 1279 modo,
616 1255 670 1282 quo
691 1248 750 1275 alia:
772 1251 905 1275 creaturae
923 1257 985 1283 qua:

197 1290 267 1317 tales
281 1298 335 1317 non
346 1296 419 1322 sunt,
431 1296 568 1324 constare,
580 1292 787 1324 deliberatione,
798 1293 982 1328 manualique,

196 1337 226 1361 ut
241 1335 277 1361 ita
291 1334 391 1367 dicam,
405 1335 564 1370 operatione
576 1336 634 1371 ejus
652 1340 817 1363 structuram
830 1341 872 1364 est
887 1337 983 1372 digna-

196 1383 249 1407 tus.
263 1379 392 1407 Formato
406 1380 480 1407 enim
500 1388 534 1407 ex
554 1384 626 1407 terra
643 1380 799 1412 simulacro,
815 1381 916 1408 animal
939 1389 982 1409 ra—

195 1426 269 1453 tione
286 1425 431 1460 praaditum
448 1425 515 1453 illud
532 1426 634 1458 ell'ecit,
647 1430 740 1461 atque,
754 1431 783 1454 ut
795 1428 912 1462 propria:
932 1436 982 1455 na-

195 1473 261 1496 tura:
282 1470 415 1497 rationem
436 1473 592 1505 superaret,
612 1470 796 1505 corruptionis
817 1475 928 1506 experte
951 1479 983 1499 ac

194 1515 347 1542 viviﬁcante
371 1515 468 1550 spiritu
491 1515 582 1542 statim
609 1515 758 1551 insignivit.
781 1516 919 1551 Scriptum
940 1521 983 1544 est

193 1560 266 1588 cnim
289 1569 296 1588 :
320 1570 329 1586 ι
345 1561 379 1588 Et
400 1561 547 1588 insulilavit
564 1561 592 1588 ln
613 1560 711 1588 faciem
732 1562 792 1597 ejus
814 1562 982 1597 spiraculum

194 1605 265 1637 vitae,
281 1609 309 1632 et
329 1605 416 1633 factus
436 1610 479 1633 est
493 1606 575 1633 homo
586 1605 612 1632 in
625 1594 893 1634 animamvviven—tem
910 1608 950 1634 "‘.
969 1617 979 1634 ι
995 1594 1016 1623 c

194 1651 296 1678 Deinde
308 1652 438 1686 paradiso
451 1659 482 1679 ac
493 1652 599 1679 deliciis
609 1653 729 1684 donavit,
741 1657 769 1680 et
782 1653 809 1680 in
819 1654 910 1680 omnia
923 1661 983 1688 qute

194 1696 221 1724 in
238 1701 310 1724 terra
335 1702 399 1725 sunt
418 1698 563 1732 imperium
590 1698 615 1725 ei
637 1698 750 1731 tribuit,
769 1699 981 1733 natatilibusque

193 1743 274 1770 simul
289 1746 316 1770 et
330 1743 490 1770 volucribus
503 1742 625 1778 prtefecit
638 1751 645 1770 :
659 1744 725 1778 quin
737 1748 765 1771 et
784 1744 904 1771 ferorum
921 1745 981 1772 ani-

193 1787 303 1814 malium
324 1792 457 1819 armenta,
481 1795 587 1815 necnon
609 1796 640 1816 ea
670 1797 729 1823 quas
748 1793 886 1817 Tenenosa
907 1794 979 1822 sunt,

192 1833 272 1860 simul
283 1841 345 1861 cum
360 1834 422 1861 aliis
434 1834 484 1868 ipsi
500 1835 625 1869 subjecit.
641 1834 716 1868 Quod
733 1840 822 1862 autem
836 1836 980 1864 c0nveniat

193 1880 281 1906 timeri
293 1879 442 1911 hominem,
454 1880 624 1908 naturalibus
637 1881 743 1916 legibus
755 1882 898 1916 persuasit.
914 1882 980 1908 Erat

192 1927 282 1961 itaque
302 1934 436 1961 supremze
455 1927 548 1961 gloria:
564 1927 752 1958 simulacrum,
769 1931 796 1954 et
817 1927 915 1954 divinze
929 1935 977 1962 po-

191 1972 295 1998 testatis
311 1965 492 2006 imago-super
506 1977 618 2004 terrain,
630 1972 722 1999 homo.
737 1972 804 2000 Cum
819 1980 882 1999 vero
898 1980 979 2007 opor-

191 2022 258 2045 teret
269 2025 331 2045 eum
344 2018 389 2053 qui
403 2018 429 2045 in
443 2022 516 2045 tanta
532 2019 616 2054 gloria
631 2023 712 2053 atque
725 2019 831 2046 deliciis
843 2023 902 2049 erat.
913 2027 977 2046 con-

189 2063 312 2095 stitutus,
324 2063 488 2099 intelligere,
504 2071 533 2091 se
548 2064 649 2091 habere
663 2064 748 2091 Deum
765 2064 920 2099 praefectum
932 2073 976 2092 rc-

189 2117 303 2144 gemquc
317 2117 348 2137 ac
361 2109 513 2142 dominum,
527 2117 571 2141 ne,
587 2110 670 2136 nimia
683 2110 861 2144 prosperitate
877 2111 975 2142 elatus,

190 2154 316 2182 liciilimc
327 2156 354 2189 6
365 2155 392 2182 in
404 2163 463 2182 eam
480 2155 670 2190 cogitationem
688 2155 837 2187 laberetur,
852 2161 881 2182 ut
896 2164 924 2183 se
940 2156 975 2183 ab

187 2202 256 2235 ejus,
268 2201 313 2235 qui
327 2201 471 2236 imperium
483 2204 565 2232 tenet,
577 2204 709 2235 potestate
720 2201 836 2228 liberum
849 2208 908 2228 esse
919 2201 976 2228 exi-

187 2247 318 2276 stimaret.
335 2246 420 2280 legem
443 2246 533 2272 statim
555 2245 639 2277 dedit,
662 2250 689 2273 et
712 2246 973 2282 transgressionibus

188 2298 274 2317 minas
290 2290 412 2317 vindices
427 2289 534 2324 adjecit.
554 2290 685 2317 Peccandi
702 2291 774 2317 enim
789 2291 862 2318 nulla
883 2292 974 2318 adhuc

184 2338 244 2361 erat
258 2334 285 2361 in
303 2335 392 2365 terris,
411 2342 464 2361 uno
481 2334 630 2362 exsistcntc
648 2342 679 2361 ac
691 2334 759 2366 solo,
775 2335 855 2362 ratio.
873 2335 908 2363 Ut
923 2343 972 2362 au-

186 2386 239 2408 tem
256 2380 334 2408 ﬁeret
350 2380 432 2408 etiam
444 2381 495 2408 sub
510 2381 579 2415 lege.
607 2381 757 2415 excogitata
776 2385 817 2408 est
828 2381 878 2415 ipsi
899 2389 974 2408 man-

185 2426 239 2453 dati
260 2426 423 2454 observandi
437 2427 515 2454 ratio.
532 2437 540 2452 ι
556 2427 593 2454 Ex
606 2427 680 2454 omni
691 2426 775 2458 enim,
790 2426 888 2461 inquit,
901 2427 974 2461 ligno

183 2472 258 2507 quod
278 2472 305 2499 in
326 2472 452 2507 paradiso
468 2476 510 2499 est
531 2472 676 2499 comedes:
695 2479 728 2499 ex
748 2472 822 2507 ligno
838 2480 904 2499 vero
927 2480 974 2500 co-

184 2517 331 2552 gnoscendi
350 2518 451 2544 bonum
472 2522 499 2545 et
512 2518 623 2550 malum,
638 2525 692 2544 non
713 2517 862 2544 comedetis
881 2525 913 2544 ex
927 2526 969 2544 eo.

181 2564 239 2597 Qua
265 2567 356 2590 autem
377 2563 421 2590 die
443 2564 618 2591 eomederitis
638 2571 671 2590 ex
693 2571 741 2594 co,
759 2568 848 2590 morte
868 2563 969 2590 morie—

182 2609 248 2637 mini
262 2609 294 2636 ".
310 2619 319 2634 ι
334 2609 436 2636 Deinde
449 2614 559 2644 accepta
577 2617 629 2636 una
643 2614 780 2637 costarum
796 2610 891 2637 Adami
908 2618 968 2637 mu-

183 2663 231 2682 :.cr
248 2655 390 2685 fonnatur,
407 2662 468 2689 qua:
489 2655 540 2689 ipsi
558 2654 591 2681 ad
606 2654 728 2681 sobolem
743 2654 905 2689 gignendam
926 2655 968 2682 in-

182 2702 304 2733 serviret.
322 2700 428 2736 ipsique
447 2700 614 2732 conviveret,
632 2701 718 2727 veluti
740 2701 862 2735 ejusdem
886 2709 968 2736 gene-

181 2747 228 2778 ris,
242 2750 271 2773 et
289 2746 316 2773 in
331 2747 426 2774 eadem
442 2754 504 2774 cum
522 2754 556 2773 eo
572 2745 746 2780 simplicitate
760 2746 880 2781 degeret.
894 2747 970 2774 Post-

179 2801 261 2827 quam
279 2800 344 2820 vero
359 2793 460 2820 diaboli
478 2791 714 2820 circumventione
729 2791 762 2818 ad
778 2794 968 2827 transgressio-

237 2881 256 2896 ”
274 2882 323 2909 lsa.
342 2891 401 2915 xu,
423 2882 466 2909 l8.
505 2883 534 2898 ”‘
550 2881 618 2909 Gen.
633 2889 662 2912 11,
677 2881 702 2907 7.
742 2882 760 2897 ιτ
778 2882 844 2909 ibid.
863 2880 902 2914 lG,
923 2883 961 2909 i7.

1045 291 1073 318 δὲ
1092 294 1138 319 καὶ
1155 293 1228 329 αὐτῷ
1243 293 1282 328 τῷ
1295 293 1351 320 τῶν
1365 294 1434 321 ὅλων
1450 293 1558 328 τεχνίτῃ
1574 293 1623 328 τῆς
1636 293 1666 319 ὲν
1680 293 1736 324 τοῖς
1750 300 1829 326 γεγο-

1045 338 1118 365 νόσιν
1131 339 1289 374 εὐκοσμίας,
1307 339 1402 374 σκέψις
1417 339 1503 374 εἰσῄει
1520 338 1612 364 λοιπὸν
1628 338 1709 372 ἑτέρα
1735 336 1780 363 τὸν
1797 335 1828 362 δι’

1044 383 1074 410 ὃν
1087 384 1178 411 ἐκεῖνα
1195 385 1322 420 παρήχθη
1338 384 1406 420 πρὸς
1422 383 1549 420 ὓπαρξιν,
1565 383 1719 410 τελευταῖον
1737 381 1830 415 εἰσφέ-

1045 436 1140 463 ρουσα,
1161 430 1232 464 φημὶ
1257 430 1284 456 δὲ
1306 430 1352 457 τὸν
1375 430 1526 465 ἄνθρωπον.
1547 427 1696 462 Ἔδει-(ἀρ,
1714 427 1768 453 εδει
1783 426 1829 453 τὸν

1043 473 1097 501 τῶν
1110 474 1178 500 ὅλων
1189 475 1359 510 Δημιουργδν
1374 475 1474 509 ἀγαθὸν
1489 475 1552 501 δντα
1566 473 1638 500 κατά
1653 473 1745 508 φύσιν,
1759 471 1828 506 μᾶλα

1043 519 1087 546 λον
1102 519 1130 546 δὲ
1153 520 1218 547 αὐτὸ
1235 520 1264 547 τὸ
1280 521 1381 555 ἀγαθὸν
1401 520 1474 547 τοῦθ’
1499 521 1567 555 ὅπερ
1590 519 1659 551 ἐστὶ,
1687 518 1733 545 καὶ
1760 516 1829 553 πρὸς

1043 567 1121 602 ἡμῶν
1143 566 1335 600 γινώσκεσθαι.
1356 567 1429 593 Ἔδει
1450 567 1540 602 πλήρη
1563 565 1688 599 γενέσθαι
1705 563 1753 599 τὴν
1775 562 1828 597 γῆν

1042 612 1096 638 τῶν
1108 612 1215 638 εἰδότων
1227 611 1385 646 δοξολογείν,
1397 611 1445 638 καὶ
1455 612 1508 638 ἀπὸ
1518 610 1649 644 καλλονῆς
1659 608 1828 644 κτισμάτων,

1042 657 1114 684 καοά
1137 656 1302 693 γέγραπται,
1321 657 1370 693 τὴν
1395 657 1442 684 τοῦ
1465 656 1726 691 δεδημιουργηκότος
1740 663 1827 685 καταγ

1042 703 1206 730 σκέπτεσθαι
1213 704 1303 736 δόξαν.
1319 703 1364 734 Ὠς
1373 702 1449 738 γὰρὸ
1458 703 1600 737 προφήτης
1609 701 1690 736 φησὶν
1702 700 1824 731 Ἡσαΐας,

1044 759 1053 775 ι
1072 749 1128 775 Οὐκ
1148 749 1188 780 είς
1205 748 1282 775 κενὸν
1299 748 1430 784 ἐποίησας
1449 747 1543 782 αὐτὴν,
1563 756 1572 772 ι
1591 746 1668 781 δῆλον
1681 746 1709 772 δὲ
1721 747 1761 772 ὅτι
1777 745 1826 781 τὴν

1041 793 1108 827 γῆν,
1126 802 1135 819 ι
1152 793 1209 820 ἀλλ’
1230 792 1270 824 εις
1292 792 1323 819 τὸ
1354 791 1550 819 κατοικεῖσθαι.
1569 800 1579 817 ι
1602 788 1656 816 Ἦν
1676 787 1722 816 οὖν
1742 790 1826 823 ἀναγ-

1040 839 1128 871 καῖον,
1145 837 1216 869 ζῶον
1228 839 1256 864 ὲν
1270 838 1338 872 αὐτῇ
1354 837 1519 863 πλάττεσθαι
1534 836 1652 870 λογικὸν,
1668 835 1826 872 προαναδει-

1040 883 1159 918 χοέντων
1178 883 1260 910 αὑτοῦ
1281 882 1335 909 τῶν
1352 883 1402 909 ὅσα
1419 883 1478 908 ἐστὶ
1491 882 1619 908 τελοῦντα
1632 882 1700 916 πρὸς
1719 881 1824 916 τέρψιν,

1039 929 1087 955 καὶ
1102 928 1170 964 πρός
1179 937 1211 963 γε
1222 926 1251 955 εὖ
1266 928 1430 963 πεποιῆσθαι
1443 928 1541 954 δοκεῖν.
1557 927 1691 962 Ταύτῃτοι
1704 933 1825 962 προανα-

1038 976 1124 1010 φήνας
1141 976 1170 1001 ὲν
1185 975 1280 1010 κόσμῳ
1295 974 1334 1010 τῷ
1352 973 1437 1001 δέοντι
1459 973 1510 1009 γῆν
1523 980 1553 1000 τε
1575 973 1621 1000 καὶ
1634 973 1757 1008 οὐρανὸν,
1776 973 1824 1000 καὶ

1037 1021 1070 1047 τὰ
1084 1020 1113 1047 ὲν
1126 1021 1225 1053 αὐτοῖς,
1237 1020 1283 1046 ἐπὶ
1297 1020 1346 1056 τὴν
1357 1019 1403 1047 τοῦ
1423 1019 1566 1054 ἀνθρώπου
1581 1018 1723 1054 κεχώρηκε
1737 1026 1823 1044 κατα-

1038 1067 1154 1102 σκευήν·
1184 1062 1217 1092 οὗ
1237 1066 1287 1101 τῆς
1319 1066 1451 1100 γενέσεως
1486 1064 1675 1100 πρεσϐυτέραν
1705 1064 1824 1090 ἐποιεῖτο

1035 1112 1084 1148 τὴν
1105 1112 1215 1146 σκέψιν⁹
1241 1111 1331 1138 καίτοι
1353 1112 1402 1147 τὴν
1424 1111 1507 1145 ἀλλην
1525 1110 1634 1137 ἃπασαν
1652 1109 1742 1136 κτίσιν
1755 1110 1823 1136 ἀπο·

1037 1158 1184 1192 σχεδιάζων
1207 1158 1321 1192 ῥήματι,
1345 1157 1392 1183 καὶ
1411 1156 1451 1191 τῷ
1477 1155 1533 1191 ἰδίῳ
1547 1156 1618 1191 λόγῳ
1634 1155 1761 1187 συνιστὰς
1784 1154 1823 1186 ὡς

1035 1204 1110 1235 Θεός.
1127 1203 1272 1238 Ἐπειδὴδέ
1285 1203 1358 1230 ἐστιν
1369 1203 1509 1236 ἄνθρωπος
1523 1202 1591 1234 ζῶον
1601 1202 1708 1237 ἀληθῶς
1724 1201 1822 1235 εὐφυὲς

1035 1249 1082 1275 καὶ
1109 1248 1318 1275 Θεοειδέστατον’
1348 1248 1386 1280 ὡς
1413 1248 1446 1275 ἂν
1465 1248 1502 1283 μὴ
1525 1248 1590 1283 δοκῇ
1615 1248 1663 1282 τῆς
1691 1246 1822 1273 ἀνωτάτω

1034 1294 1111 1329 δόξης
1126 1294 1155 1320 τδ
1174 1294 1296 1329 μίμημα,
1313 1293 1367 1320 τῶν
1383 1293 1448 1320 ῐσων
1462 1295 1502 1326 είς
1517 1294 1625 1328 ποίησιν
1641 1294 1697 1324 τοῖς
1707 1293 1757 1327 οὐχ
1769 1288 1820 1318 ὧδε

1034 1339 1125 1375 ἔχουσι
1142 1340 1244 1375 λαχεῖν,
1263 1339 1309 1366 καὶ
1328 1339 1498 1375 προσουλίοις
1518 1339 1599 1374 ὲτίμα
1612 1339 1659 1365 καὶ
1670 1339 1821 1374 αὐτουργίᾳ

1032 1386 1063 1412 τὸ
1084 1386 1217 1421 τέχνημα,
1241 1386 1370 1421 Ἀγαλμα
1392 1385 1421 1412 δὲ
1439 1385 1590 1416 διαπλάσας
1611 1385 1643 1411 ὲκ
1661 1384 1723 1419 γῆς,
1751 1385 1820 1417 ζῶον

1032 1431 1099 1468 αὐτὸ
1107 1431 1213 1465 λογικὸν
1228 1431 1364 1464 ἀποτελεῖ,
1375 1432 1421 1458 καὶ
1435 1431 1478 1457 ῐνα
1491 1431 1554 1462 τοὺς
1565 1431 1613 1466 τῆς
1630 1431 1698 1462 ιδίας
1712 1431 1820 1463 φύσεως

1033 1477 1176 1512 ἀνατρέχοι
1190 1477 1295 1512 λόγους,
1311 1477 1459 1512 ἄφθαρτον,
1481 1476 1611 1510 Cmamth
1630 1476 1710 1507 εὐθὺς
1724 1477 1818 1511 ἐνεχά-

1034 1529 1114 1556 ραττε
1125 1522 1233 1557 πνεῦμα
1243 1530 1250 1538 ⁸
1262 1522 1416 1558 γέγραπται
1425 1522 1490 1558 γάρ·
1507 1532 1515 1548 ι
1535 1522 1589 1548 Καὶ
1601 1521 1766 1556 ἐνεφύσησεν
1777 1521 1817 1554 είς

1032 1566 1063 1593 τὸ
1072 1567 1216 1601 πρόςωπον
1229 1567 1310 1594 αὑτοῦ
1321 1567 1405 1601 πνοὴν
1415 1567 1499 1602 ζωῆς,
1510 1567 1556 1593 καὶ
1567 1566 1676 1600 ἐγένετο
1692 1566 1705 1592 ό
1714 1566 1818 1601 ἀνθρω-

1034 1618 1084 1642 πος
1103 1611 1143 1642 είς
1153 1611 1242 1646 ψυχὴν
1255 1611 1356 1643 ζῶσαν.
1378 1621 1387 1636 ι
1405 1611 1471 1638 Εἶτα
1481 1611 1644 1646 παραδείσου
1655 1611 1702 1637 καὶ
1712 1611 1818 1645 τρυφῆς

1033 1655 1118 1688 ἠξίου,
1127 1655 1174 1682 καὶ
1185 1656 1214 1682 τό
1225 1656 1295 1682 κατὰ
1311 1658 1418 1684 πάντων
1428 1657 1483 1683 τῶν
1495 1656 1539 1683 ἐπὶ
1551 1657 1603 1691 γῆς
1616 1656 1690 1691 αὐτῷ
1703 1664 1816 1692 προσνε-

1032 1701 1136 1735 νέμηκε
1159 1701 1257 1736 κράτος
1270 1710 1276 1717 ·
1293 1703 1402 1736 νηκτοῖς
1414 1701 1533 1728 ἐπετίθει
1549 1702 1597 1728 καὶ
1608 1701 1719 1736 πτηνοῖς
1735 1699 1815 1735 ἡγοῦ-

1033 1754 1128 1781 μενον,
1147 1746 1193 1773 καὶ
1203 1747 1302 1780 ἀγέλας
1316 1747 1365 1781 μὲν
1383 1747 1486 1782 ἀγρίων
1499 1746 1572 1781 αὐτῷ
1592 1745 1758 1779 κατεζεύγνυ
1768 1745 1816 1780 θη-

1033 1792 1086 1827 ρῶν
1097 1813 1103 1823 ,
1123 1792 1298 1827 ὑπεστρώννυ
1309 1793 1337 1819 δὲ
1355 1793 1401 1819 καὶ
1417 1793 1486 1820 αὐτὰ
1496 1794 1553 1824 τοῖς
1567 1792 1657 1824 ἄλλοις
1674 1791 1741 1827 ὁμοῦ
1760 1791 1815 1818 τῶν

1032 1839 1142 1865 ἰοεόλων
1155 1839 1188 1865 τὰ
1203 1839 1279 1873 γένη.
1300 1838 1461 1865 Ἐκδεδιέναι
1475 1838 1502 1864 δὲ
1516 1838 1556 1864 ὃτι
1569 1838 1702 1872 προσήκει
1716 1837 1762 1863 τὸν
1772 1836 1816 1863 ἀν·

1030 1883 1148 1918 ορωπον,
1163 1884 1287 1917 φυσικοῖς
1310 1883 1450 1909 ἐκέλευσεν
1471 1882 1627 1909 ἀναπείθειν
1644 1881 1747 1914 νόμοις.
1761 1880 1815 1907 Ἦν

1029 1927 1075 1955 οὖν
1088 1930 1141 1963 ἀρα
1154 1929 1202 1963 τῆς
1211 1928 1340 1955 ἀνωτάτω
1350 1928 1427 1963 δόξης
1436 1928 1467 1954 τὺ
1477 1929 1635 1962 ἐκμαγεῖον,
1646 1928 1693 1953 καὶ
1704 1927 1815 1962 θεοπρε-

1029 1975 1095 2006 ποῦς
1108 1975 1232 2007 ἐξουσίας
1247 1974 1328 2001 εἰκὼν
1339 1975 1384 2000 ἐπὶ
1395 1974 1447 2008 γῆς
1457 1975 1470 2000 ό
1485 1974 1637 2008 ἄνθρωπος.
1654 1973 1762 2008 Ἐπειδὴ
1784 1973 1814 1999 δὶ

1027 2020 1072 2046 τὸν
1091 2021 1131 2050 εἰς
1152 2019 1230 2046 τοῦτο
1251 2020 1353 2055 ἥκοντα
1372 2019 1465 2046 λοιπὸν
1486 2018 1610 2050 εὐκλείας
1630 2019 1678 2045 καὶ
1706 2018 1814 2054 τρυφῆς

1026 2064 1150 2090 διειδέναι
1171 2065 1202 2100 δή
1223 2073 1274 2091 που
1295 2064 1403 2095 πάντως
1424 2063 1519 2099 ἐχρῆν,
1544 2063 1585 2090 ὅτι
1599 2063 1666 2090 Θεὸν
1687 2063 1744 2097 ἔχει
1765 2063 1812 2088 τὸν

1027 2109 1204 2143 ἐφεστηκότα,
1219 2109 1330 2144 βασιλέα
1351 2117 1380 2135 τε
1396 2109 1442 2135 καὶ
1456 2108 1558 2143 κύριοψ
1573 2108 1615 2134 ἴνα
1627 2107 1664 2142 μὴ
1671 2108 1728 2138 ταῖς
1742 2107 1812 2141 ἄγαν

1026 2155 1185 2190 εὐημερίαις
1211 2155 1370 2190 ἑτοιμότατκ
1398 2154 1553 2189 διολισθὴσῃ
1578 2154 1618 2185 εἰς
1649 2153 1680 2180 τδ
1707 2153 1811 2180 οἴεσθαι

1024 2199 1104 2235 τυχὸν
1125 2199 1296 2234 ἀπηλλάχθαι
1317 2199 1364 2226 καὶ
1387 2198 1511 2232 ἐξουσίας
1538 2199 1585 2225 καὶ
1608 2199 1657 2233 τῆς
1682 2198 1727 2225 τοῦ
1743 2207 1812 2234 κρα-

1024 2245 1132 2276 τοῦντος
1144 2245 1290 2280 ὑπεροχῆς,
1303 2248 1384 2280 νόμον
1397 2245 1476 2275 εὐθὺς
1487 2244 1581 2275 ἐδίδου,
1592 2244 1638 2270 καὶ
1646 2245 1706 2275 ταῖς
1721 2252 1808 2279 παρα-

1025 2290 1134 2317 ϐἀσεσιν
1160 2291 1277 2317 ἐποιεῖτο
1298 2291 1405 2324 γείτονα
1423 2290 1473 2325 τὴν
1494 2289 1660 2322 κολάζουσαν
1683 2289 1806 2324 ἀπειλήν.

1031 2335 1180 2371 ’Λμαρτίας
1197 2335 1246 2370 μὲν
1262 2335 1318 2371 γὰρ
1344 2335 1419 2362 οὔπω
1431 2344 1472 2367 τις
1491 2333 1524 2370 ἦν
1537 2335 1583 2361 ἐπὶ
1595 2335 1643 2370 τῆς
1660 2335 1732 2369 γῆςό
1746 2335 1808 2369 τρό-

1025 2389 1084 2411 πος,
1105 2380 1163 2410 ἐνὸς
1186 2380 1262 2411 ὄντος
1285 2380 1332 2406 καὶ
1349 2380 1439 2414 μόνου.
1460 2380 1520 2406 Ἰνα
1535 2380 1563 2406 δὲ
1578 2379 1682 2414 γένοιτο
1699 2379 1744 2405 καὶ
1758 2378 1809 2405 ὑπὸ

1024 2428 1114 2460 νόμον,
1122 2427 1256 2452 ὲπενοεῖτό
1266 2435 1306 2458 τις
1317 2426 1390 2461 αὑτῷ
1401 2427 1447 2452 καὶ
1461 2426 1581 2460 φυλακῆς
1590 2426 1689 2460 τρόπος
1697 2433 1703 2439 ·
1714 2433 1725 2450 ι
1743 2424 1810 2451 Ἀπὸ

1026 2472 1079 2507 γὰρ
1092 2473 1192 2504 παντὺς
1203 2473 1291 2506 Ξύλου,
1307 2473 1383 2508 φησι,
1395 2473 1440 2499 τοῦ
1453 2473 1481 2499 ὲν
1490 2471 1529 2506 τῷ
1543 2471 1698 2506 παραδείσῳ
1710 2470 1808 2505 βρώσει

1026 2520 1111 2555 φάγῃ.
1151 2519 1218 2546 ’Δπὸ
1232 2519 1261 2546 δὲ
1291 2519 1338 2546 τοῦ
1353 2519 1431 2552 ξύλου
1445 2518 1493 2545 τοῦ
1508 2517 1651 2552 γινώσκειν
1663 2517 1744 2544 καλὸν
1761 2517 1809 2544 καὶ

1026 2565 1151 2600 πονηρὸν,
1174 2565 1204 2591 οὐ
1227 2564 1346 2600 φάγεσθε
1369 2565 1417 2592 ἀπ’
1439 2564 1532 2591 αὑτοῦ.
1549 2564 1600 2590 Ἦν
1616 2563 1638 2590 δ’
1653 2563 1686 2590 ἂν
1703 2563 1808 2598 ἡμέραν

1025 2611 1129 2645 φάγητε
1152 2611 1199 2636 ἀπ’
1226 2610 1321 2643 αὑτοῦ,
1345 2610 1460 2637 θάνατον
1485 2609 1673 2636 ἀποθανεῖσθε.
1701 2618 1710 2635 ι
1741 2607 1808 2636 Εἶτα.

1026 2657 1089 2690 μιᾶς
1107 2655 1154 2682 τοῦ
1181 2656 1266 2691 Ἀδὰμ
1283 2656 1495 2691 παραιρεθείσης
1509 2655 1638 2690 πλευρᾶς,
1653 2654 1684 2680 τὸ
1698 2654 1807 2687 γύναιον

1023 2702 1052 2728 δὲ
1073 2702 1227 2732 πλάττεται,
1253 2702 1298 2729 καὶ
1315 2703 1382 2737 πρὸς
1408 2702 1509 2728 παίδων
1532 2700 1612 2735 γονὴν
1636 2700 1806 2734 ὖπηρετῆσον

1023 2747 1106 2782 αὐτῷ,
1133 2749 1180 2774 καὶ
1205 2748 1397 2784 συμῦιοτεῦσον
1418 2748 1456 2780 ὡς
1477 2747 1616 2782 ὁμογενὲς,
1645 2747 1692 2773 καὶ
1706 2746 1738 2782 δὴ
1761 2746 1807 2773 καὶ

1024 2794 1250 2830 συνδιαιτώμενον
1272 2795 1300 2821 ὲν
1328 2795 1458 2830 ἁπλότητι
1484 2793 1608 2822 διατελεῖῖ
1646 2792 1754 2829 Ἐπειδὴ
1778 2793 1806 2820 δὲ
