1990 3046
146 154 178 182 2i
664 139 925 185 GLAPHYRDRUM
945 158 977 185 lN
996 158 1147 186 GENESIM
1165 159 1229 186 LlB.
1250 160 1269 186 Ι.

1746 159 1786 186 ιφ,

146 215 207 245 ταῖς
221 213 270 240 τοῦ
285 213 410 240 διασόλου
426 213 582 248 παρηνέχθη
599 214 872 251 συκοφαντίαιςνπρὸς
888 225 935 242 πα⁴

991 224 1053 243 nem
1070 217 1204 252 pellectus
1214 221 1266 248 est,
1278 222 1306 245 et
1315 217 1473 252 decerptum
1486 225 1501 245 e
1514 218 1596 245 vetita
1612 218 1709 245 arbore
1718 218 1781 247 J'ru-

149 259 274 294 ρᾶὃασιν,
303 259 352 285 καὶ
375 258 406 284 τὸ
430 259 584 294 ἀπόρρητον
613 259 666 286 τῶν
691 259 777 293 ξύλων
807 260 937 296 ἐδώδιμον

148 306 311 340 ἐποιήσατο·
327 303 531 338 συγκατώλισθε
546 304 573 331 δὲ
590 305 638 331 καὶ
650 305 730 338 αὐτὸς
749 307 763 332 ὀ
787 307 938 342 προπάτωρ

155 351 250 385 Ἀδὰμ,
269 351 285 386 ig
303 351 385 386 φύσις
399 350 480 382 εὐθὺς
495 350 602 386 θανάτῳ
615 351 816 384 κατεδικάζετο.
832 353 885 379 Καὶ
899 353 938 389 τῷ

150 398 199 432 μὲν
216 398 320 431 γυναίῳ
343 397 384 430 τὸ,
401 406 410 423 τ
437 397 482 423 Ἐν
506 396 605 429 λύπαις
629 397 693 433 τέξῃ
712 398 806 429 τέκνα,
830 409 838 425 ι
856 398 894 434 τῷ
910 399 938 426 δὲ

154 443 252 478 Ἀδὰμ,
271 453 280 469 ε
307 443 522 478 Ἐπικατάρατος
541 444 558 479 ἡ
574 445 608 479 γῆ
629 445 657 470 ἐν
671 446 726 476 τοῖς
742 444 832 480 ἔργοις
848 454 906 477 σου,
926 454 934 470 ι

148 489 320 523 προσεφώνει
341 488 416 520 Θεός.
431 489 486 515 Καὶ
507 489 575 524 πρός
589 498 619 524 γε
634 489 665 525 δὴ
682 490 797 522 τούτοις,
819 491 873 518 τῶν
889 500 937 518 πο-

147 533 285 562 λυεύκτων
302 535 348 561 καὶ
368 535 396 560 ἐν
414 535 512 570 ἀρχαῖς
536 535 750 571 ἐνδιαιτημάτων
768 538 876 573 καὶτῆς
891 538 937 564 τοῦ

149 579 315 614 παραδείσου
328 580 433 615 τρυφῆς
458 580 655 614 ἐξεπέμποντο.
672 582 774 616 ιὐμνοὶ
786 582 813 608 δὲ
834 583 875 608 ὅτι
892 583 938 608 καὶ

149 625 302 660 ἀνείμονες,
313 625 360 651 καὶ
371 627 400 651 ὲν
412 625 491 661 χρείᾳ
503 626 595 654 λοιπὸν
607 627 769 662 ἐσθημάτων
781 627 866 660 ὄντες,
879 628 938 654 τότε

148 670 179 704 δὴ
194 670 269 704 μόλις
296 671 459 705 ἐμάνθανον·
487 671 533 698 καὶ
547 671 660 706 χιτῶνες
675 670 745 708 ἦσαν
761 673 852 705 αὐτοῖς
873 674 943 709 πρὸς

149 715 228 743 τοῦτο
253 716 421 752 δερματινοὶ,
440 717 508 744 Θεοῦ
534 718 786 755 κατοικτείραντος·
812 719 859 746 καὶ
887 720 939 754 γῆν

149 762 337 797 ἐπεγράφοντο
361 763 476 798 μητέρα,
504 764 551 790 καὶ
575 765 631 796 τοῖς
646 764 697 800 τῆς
717 765 820 800 φθορᾶς
837 766 938 800 ὑπεφέη-

150 817 227 842 ροντο
239 808 472 841 λίνοις,ὲλελοίττει
488 810 526 842 δὲ,
543 808 629 846 οἶμαι,
646 811 785 843 παντελῶς
800 811 875 838 οὐδὲν
886 812 939 838 τῶν

149 855 188 886 εἰς
200 855 320 889 ἐσχάτην
334 856 522 891 ταλαιπωρίαν
537 857 639 887 αὐτοῖς,
688 852 692 856 ’

988 267 1063 289 ctum
1074 263 1203 295 comedit,
1220 263 1312 297 lapsus
1328 267 1420 290 autem
1439 272 1492 291 una
1507 268 1548 291 est
1564 265 1669 299 primus
1682 272 1780 299 parens

989 307 1084 341 Adam,
1095 313 1192 336 natura
1203 308 1294 336 statim
1306 313 1392 336 morte
1409 308 1536 336 damnata
1548 313 1598 337 est.
1626 309 1659 336 Et
1673 310 1779 337 mulieri

989 354 1099 389 quidem
1117 363 1122 380 :
1144 364 1152 379 ι
1171 354 1264 381 Parios
1286 354 1314 380 in
1330 354 1471 381 doloribus
1486 354 1570 387 ﬁlios;
1591 364 1600 380 ›
1612 354 1677 381 Atla:
1694 362 1778 382 vero:

993 409 1001 424 ι
1017 399 1158 427 Maledicta
1174 404 1246 427 terra
1261 400 1287 426 in
1309 400 1439 435 operibus
1453 400 1517 432 tuis,
1534 409 1543 425 ι
1559 401 1631 428 Deus
1649 401 1781 428 acelama~

989 445 1028 472 vit
1054 445 1085 472 ’⁸.
1110 446 1243 473 Praeterea
1261 446 1468 482 jucundissimis
1492 446 1561 478 illis,
1579 446 1680 481 quibus
1702 446 1780 473 initio

989 491 1167 525 fruebantur,
1191 492 1493 527 voluptuosissimisque
1520 492 1588 519 locis
1610 496 1637 519 et
1660 491 1780 527 paradisi

989 537 1095 565 deliciis
1110 542 1174 565 sunt
1195 538 1284 573 ejecti.
1306 537 1374 565 Cum
1390 545 1454 564 vero
1475 537 1540 564 nudi
1557 545 1589 564 ac
1603 537 1662 564 sine
1679 537 1778 565 amic’tu

989 587 1090 615 essent,
1106 583 1283 618 vestibusquc
1306 582 1435 618 deinceps
1459 582 1621 617 indigerent,
1646 586 1711 609 tunc
1731 582 1780 609 de-

990 637 1065 657 mum
1082 634 1277 665 cognoverunt.
1296 629 1406 656 Tunica:
1431 636 1513 663 porro
1529 633 1608 655 erant
1632 628 1699 663 ipsis
1721 629 1779 662 pel—

990 675 1074 707 licem,
1085 675 1294 702 commiserante
1304 674 1360 701 Deo
1375 683 1380 700 :
1394 677 1421 701 et
1431 678 1530 700 terram
1543 673 1638 700 matris
1649 672 1728 700 titulo
1740 673 1780 699 in-

990 720 1170 755 signiverunt,
1185 719 1365 754 interitusque
1382 719 1450 747 retia
1467 719 1652 751 incurrerunt,
1666 726 1697 746 ac
1711 718 1779 745 nihil

990 766 1069 801 plane
1084 765 1150 800 ipsis
1167 765 1200 792 ad
1215 769 1364 792 extremam
1380 764 1560 792 calamitatem
1577 763 1672 791 deiuit.

183 902 216 933 γ’.
237 899 318 926 Ἀλλά
331 900 357 926 τί
370 900 436 935 δῆτα
447 909 454 932 ;
466 901 578 936 φήσειεν
593 901 636 935 ἂν,
654 901 739 937 οἶμαι,
759 903 810 934 τίς·
827 904 852 929 εἰ
874 903 935 938 πρὸς

1028 905 1053 932 5.
1068 905 1203 932 Caeterum
1218 904 1290 930 dicat
1301 902 1377 938 quis,
1400 906 1430 929 ut
1445 901 1563 929 arbitror
1581 910 1587 928 :
1610 901 1640 929 Si
1655 901 1777 928 futurum

147 945 282 980 τοσαύτην
295 946 408 980 ἔμελλεν
421 946 568 981 ἀθλιότητα
587 948 798 983 κατοιχήσεσθαι
817 948 937 982 γεγονὼς

147 991 161 1016 ὀ
173 991 326 1026 ἄνθρωπος,
344 992 401 1025 mir;
415 993 466 1019 οὐκ
479 992 590 1027 ἄμεινον
602 993 677 1029 αὐτῴ
691 994 764 1029 παρα
778 994 844 1022 πολὺ
858 995 936 1021 νοοῖτ“

147 1035 179 1062 ἂν
196 1037 309 1068 εἰκότως
321 1037 351 1063 τὸ
364 1037 401 1073 μὴ
413 1038 547 1073 ὑπάρχειν
558 1039 640 1066 αὐτόν
651 1047 657 1071 ;
670 1040 802 1076 Λαμπρὺν
813 1040 840 1066 δὲ
852 1040 937 1073 οὕτως

148 1082 193 1108 καὶ
204 1081 370 1116 ἀξιάγαστον
386 1083 512 1110 ἀποτελεῖ
533 1084 578 1111 τὸν
597 1085 646 1111 οὐκ
661 1085 700 1116 είς
717 1085 826 1120 μακρὰν
842 1086 937 1121 ἐσόμε-

146 1136 190 1154 νον
200 1128 308 1163 οίκτρὸν
317 1129 362 1156 καὶ
374 1129 500 1162 ἐλεεινὸν,
517 1130 564 1156 καὶ
575 1131 603 1156 ὲν
616 1131 668 1166 ἀρᾷ
682 1131 727 1157 καὶ
737 1131 809 1167 δίκῃ.
831 1132 936 1166 ἸΙ-γνόει

147 1174 197 1206 μὲν
212 1171 259 1200 οὖν
276 1174 379 1208 ἣκιστά
395 1183 426 1209 γε
441 1176 471 1201 τὸ
495 1175 590 1210 μέλλον
606 1176 671 1208 Θεὸς
686 1176 723 1202 ὢν
741 1177 810 1204 κατὰ
828 1177 908 1211 φύσιν
923 1179 936 1204 ό

146 1220 328 1254 Δημιουργός.
353 1221 461 1256 Ἐπειδὴ
479 1221 508 1247 δὲ
532 1221 609 1253 εἰδὼς
630 1222 784 1257 εἰργάζετο,
806 1222 863 1254 πῶς
886 1225 936 1250 οὐκ

146 1265 277 1300 ἀδικήσας
301 1266 402 1301 μᾶλλον
425 1267 441 1301 ἢ
464 1266 528 1300 γοῦν
551 1267 650 1302 ὀνήσας
671 1268 825 1302 ἁλώσεται,
857 1269 936 1305 εἴπερ

147 1311 218 1337 ἐστὶν
231 1311 341 1346 ἄμεινον
353 1311 461 1346 ἀληθῶς
474 1313 529 1344 τοῖς
542 1312 682 1348 ἐσομένοις
696 1314 796 1347 ἀθλίως
810 1315 840 1342 τὺ
852 1315 936 1350 μηδὼ

145 1356 199 1388 λως
212 1357 300 1384 ἐλθεῖν
314 1357 354 1388 είς
372 1358 489 1392 γένεσιν,
505 1358 576 1385 κατά
592 1367 623 1392 γε
643 1359 690 1395 τὴν
711 1360 794 1387 αὐτοῦ
816 1360 862 1387 τοῦ
878 1361 935 1387 Σω-

146 1403 228 1436 τῆρος
247 1402 340 1438 φωνὴν
350 1423 357 1434 ,
372 1403 405 1439 ἦν
420 1404 467 1430 ἐπὶ
481 1403 519 1439 τῷ
535 1405 650 1441 προδότῃ
664 1405 794 1441 λελάληκε
815 1406 933 1442 μαθητῇο

149 1457 157 1472 ι
177 1447 267 1474 Καλὸν
282 1447 315 1484 ἦν
329 1449 413 1484 αὐτῷ,
430 1450 455 1476 εἰ
467 1450 517 1476 οὐκ
534 1451 663 1487 ἐγεννήθη
679 1453 693 1478 ὁ
709 1451 852 1487 ἄνθρωπος
865 1452 935 1478 ὲκεῖ-

146 1502 206 1527 νος;
223 1503 234 1520 ›
257 1495 329 1530 Πρὸς
348 1495 380 1530 δὴ
404 1495 438 1522 τὰ
452 1497 565 1523 τοιαῦτα
590 1497 672 1532 φαίην
686 1497 729 1528 ἂν,
746 1498 786 1524 ὅτι
802 1498 935 1534 σφαλερὸν

147 1539 214 1573 ἄγαν
227 1540 276 1567 καὶ
287 1541 336 1576 τῆς
349 1542 388 1572 εἰς
399 1541 475 1576 λῆξιν
493 1542 612 1577 ἡκούσης
623 1543 824 1578 ὲμὸροντησίας
839 1544 933 1578 ἐγγὺς,

150 1585 246 1619 μᾶλλον
264 1585 292 1611 δὲ
308 1585 373 1612 εἵσω
388 1595 417 1612 τε
433 1587 480 1613 καὶ
495 1587 622 1614 ἐπέκεινα
639 1588 717 1620 πολὺ,
735 1589 765 1615 τὸ
782 1590 838 1620 τοῖς
854 1589 935 1621 θείοις

147 1631 303 1666 σκέμμασιν
325 1631 362 1663 ὠς
378 1632 428 1659 οὐκ
453 1632 541 1668 ὀρθῶς
559 1634 700 1668 γεγονόσιν
720 1635 867 1670 ἐπιτιμᾷνο
889 1635 937 1661 καὶ

146 1676 193 1711 τὴν
207 1677 337 1703 ἀνωτάτω
346 1677 437 1711 φύσιν,
450 1678 466 1713 ἢ
479 1678 523 1704 τού
540 1678 690 1713 πρέποντος
701 1679 935 1714 ἀλογήσαιτυχδν,

146 1723 161 1756 ἦ
176 1722 241 1756 γοῦν
257 1722 361 1750 οἴεσθαι
382 1723 543 1758 διαμαρτεῖν
568 1723 616 1750 τοῦ
633 1724 770 1759 χρησίμου
792 1733 821 1750 τε
836 1725 883 1750 καὶ
907 1725 937 1751 ἐν

146 1768 286 1802 ἀμείνοσιν
301 1768 340 1799 ὡς
358 1768 387 1795 ἐν
408 1777 439 1803 γε
466 1770 521 1800 τοῖς
545 1769 607 1796 καθ’
631 1771 715 1804 ἡμᾶς.
739 1769 842 1804 Πρέποι
859 1770 882 1796 δ’
903 1769 936 1796 ἃν

148 1814 247 1848 μῶλλον
265 1815 294 1841 ὲν
307 1816 366 1847 ταῖς
383 1815 490 1850 βουλαῖς
510 1816 557 1842 καὶ
571 1816 716 1851 πράγμασι
733 1817 762 1844 τὸ
777 1817 936 1852 ἀμωμήτως

146 1860 206 1894 ἕχον
239 1860 424 1895 ἀπονέμοντας
448 1861 527 1896 αὐτῇ,
553 1862 745 1896 παραιτεῖσθαι
778 1863 808 1889 τδ
829 1863 936 1898 φρονεῖν

146 1906 215 1941 ὑπὲρ
229 1906 247 1933 ἃ
264 1907 304 1933 δεῖ
318 1908 437 1942 φρονεῖν,
455 1907 502 1933 καὶ
518 1907 548 1933 ’τὺ
562 1907 707 1942 περίεργον
723 1909 751 1934 ὲν
767 1908 873 1940 τούτοις
887 1909 936 1935 οὐκ

147 1952 346 1987 ἀνεπίπληκτον
360 1953 418 1987 es».
446 1953 500 1979 Καὶ
523 1953 590 1988 πρός
605 1962 637 1988 γε
654 1953 686 1988 δὴ
709 1953 795 1988 τούτῳ
815 1955 934 1985 κάκεῖνο,

146 1996 222 2032 οἶμαι
236 2006 297 2030 που,
314 1998 540 2032 καταλογίζεσθαι
551 2000 615 2034 χρή*
633 1999 746 2032 πότερον
757 2001 812 2031 τοῖς
824 2000 855 2026 τὸ
867 1998 935 2026 εἶναι

148 2043 216 2076 μετά
233 2043 278 2070 τοῦ
301 2041 330 2070 εὖ
351 2041 420 2071 εἶναι
439 2045 582 2079 λαχοῦσιν.
604 2045 714 2079 ἄμεινον
731 2046 761 2080 δή
779 2054 830 2072 που
850 2046 880 2072 τὸ
898 2046 935 2080 μὴ

147 2088 231 2113 ἐλθεῖν
249 2089 289 2118 εἰς
304 2088 421 2122 γένεσιν,
443 2089 526 2123 ἤγουν
547 2089 578 2115 τὸ
594 2089 732 2124 ὑπάρξαι,
748 2090 795 2116 καὶ
817 2090 865 2125 τῆς
888 2090 935 2116 τοῦ

148 2133 320 2168 Δημιουργοῦ
348 2134 510 2169 μεταλαχεῖν
535 2135 704 2171 ἡμερότητος
714 2142 722 2150 °
751 2135 808 2162 ἀλλ’
827 2136 877 2162 οὐκ
902 2136 935 2162 ἂν

147 2179 290 2205 ἐνδοιάσειὲ
306 2188 358 2211 τις,
384 2180 509 2212 καθάπερ
531 2180 647 2215 ἐγῷμαι.
676 2181 779 2216 ’Ὠσπερ
802 2181 857 2216 γὰρ
879 2182 934 2211 τοῖς

989 956 1049 979 erat
1065 955 1095 978 ut
1117 951 1151 978 ad
1169 954 1270 977 tantam
1287 949 1426 976 miseriam
1441 948 1523 975 homo
1543 947 1631 974 factus
1651 946 1778 982 prolabe-

988 1000 1075 1028 retur,
1091 1002 1146 1029 quo
1160 998 1240 1029 pacto
1256 1001 1310 1021 non
1331 993 1417 1020 multo
1432 992 1518 1019 satius
1534 992 1633 1019 merito
1653 991 1777 1027 judican-

988 1041 1052 1067 dum
1081 1040 1130 1072 sit,
1153 1040 1241 1074 ipsum
1265 1047 1318 1066 non
1336 1038 1484 1066 exsistere?
1509 1037 1687 1072 Splendidum
1714 1044 1779 1064 vero

988 1087 1056 1114 adeo
1073 1089 1152 1121 atque
1174 1085 1362 1112 admirabilem
1380 1084 1522 1111 constituit
1542 1091 1615 1116 eum,
1637 1083 1683 1118 qui
1706 1082 1777 1110 haud

989 1133 1073 1160 multo
1085 1135 1145 1167 post
1154 1135 1226 1158 esset
1236 1131 1345 1158 futurus
1357 1128 1531 1162 miserabilis,
1543 1129 1778 1163 exsecrationique

987 1183 1014 1205 et
1028 1185 1116 1212 pceuae
1134 1177 1278 1204 obnoxius.
1302 1175 1383 1210 Atqui
1401 1182 1572 1210 nequaquam
1588 1174 1698 1210 ignarus
1719 1179 1778 1201 erat

988 1224 1142 1250 futurorum
1152 1223 1234 1253 Deus,
1245 1225 1341 1248 natura
1357 1220 1492 1248 exsistens
1505 1224 1623 1248 creator.
1635 1212 1702 1247 Cum
1713 1228 1777 1247 vero

987 1268 1109 1304 prudens
1130 1275 1162 1295 ac
1184 1267 1275 1294 sciens
1288 1270 1417 1301 operatus
1440 1265 1531 1297 fuerit,
1548 1273 1602 1300 quo
1624 1269 1701 1299 pacto
1722 1272 1775 1292 non

987 1314 1113 1342 nocuisse
1136 1313 1228 1348 potius
1258 1320 1338 1348 quam
1363 1311 1466 1347 iuvisse
1491 1310 1729 1346 deprehendetur,
1754 1311 1776 1337 si

986 1361 1068 1388 modo
1082 1360 1168 1388 satius
1188 1367 1282 1386 revera
1303 1363 1344 1386 est
1361 1359 1405 1390 iis,
1427 1358 1474 1393 qui
1496 1357 1588 1384 miseri
1606 1356 1690 1383 futuri
1711 1357 1775 1388 sint,

986 1415 1041 1434 non
1061 1406 1136 1434 nasci
1157 1406 1264 1442 potius,
1283 1406 1359 1441 juxta
1382 1405 1469 1439 ipsius
1491 1403 1640 1431 Salvatoris
1665 1411 1775 1435 vocem,

986 1461 1068 1488 quam
1085 1453 1119 1480 de
1134 1452 1274 1487 proditore
1295 1451 1430 1485 discipulo
1453 1450 1541 1476 dixit:
1561 1459 1568 1474 ι
1594 1449 1697 1476 Bonum
1720 1454 1777 1476 erat

986 1498 1027 1529 ei,
1061 1497 1084 1524 si
1120 1505 1174 1524 non
1210 1501 1291 1523 natus
1325 1499 1397 1522 esset
1431 1494 1513 1521 homo
1543 1493 1587 1520 ille
1619 1493 1659 1519 ‘9?
1694 1502 1702 1518 ι
1735 1492 1776 1520 Ad

987 1543 1011 1578 7
1024 1543 1076 1570 hoc
1087 1549 1152 1569 vero
1169 1540 1367 1576 responderim,
1382 1539 1542 1566 damnosum
1556 1538 1688 1573 imprimis
1703 1546 1777 1566 sum—

988 1597 1093 1624 maeque
1105 1589 1223 1616 vesaniae
1236 1586 1402 1621 proximum,
1419 1589 1466 1612 aut
1476 1585 1567 1619 potius
1580 1585 1676 1620 quavis
1696 1592 1776 1612 vesa-

987 1635 1033 1662 nia
1048 1635 1135 1669 majus
1149 1642 1220 1666 esse,
1235 1633 1282 1660 Dei
1299 1632 1413 1660 consilia
1428 1634 1556 1666 tanquam
1574 1638 1629 1657 non
1645 1635 1719 1657 recta
1735 1630 1777 1657 in-

987 1681 1127 1713 simulare,
1148 1685 1176 1708 et
1196 1686 1351 1714 supremam
1378 1678 1452 1705 illaut
1476 1682 1602 1704 naturam
1632 1680 1679 1703 aut
1708 1677 1775 1703 recti

987 1735 1080 1755 curam
1091 1727 1207 1754 fortasse
1229 1732 1285 1752 non
1302 1724 1404 1751 habere
1418 1722 1585 1753 existimare.
1614 1721 1775 1756 autalioqui

987 1776 1083 1808 putare
1108 1772 1194 1806 ipsam
1221 1771 1249 1798 in
1273 1770 1317 1802 iis,
1345 1776 1406 1804 qua:
1428 1769 1511 1796 rebus
1535 1768 1637 1795 nostris
1658 1767 1776 1794 maxime

986 1817 1155 1845 conveniunt
1169 1821 1251 1850 atque
1263 1815 1424 1850 expediunt,
1438 1814 1494 1841 falli
1510 1819 1539 1841 et
1552 1813 1651 1848 decipi.
1676 1813 1711 1840 At
1725 1820 1776 1847 po—

987 1864 1042 1890 tius
1069 1870 1118 1898 par
1142 1865 1195 1894 est,
1220 1868 1354 1888 summam
1377 1859 1555 1887 consiliorum
1571 1859 1776 1893 arationumque

987 1908 1183 1944 perfectionem
1212 1906 1263 1942 ipsi
1288 1907 1451 1938 tribuentes,
1469 1905 1548 1940 longe
1566 1905 1600 1932 ab
1623 1913 1655 1933 eo
1668 1906 1774 1938 abesse,

988 1960 1017 1982 ut
1039 1955 1109 1982 ultra
1133 1961 1215 1988 quam
1238 1960 1334 1988 sapere
1352 1960 1406 1979 non
1424 1955 1532 1986 oportet
1555 1951 1702 1986 sapiamus,
1725 1960 1774 1978 an-

986 2001 1113 2035 xiumque
1140 2000 1239 2027 horum
1259 1998 1505 2032 investigationem,
1531 2006 1591 2032 qua:
1616 1998 1695 2033 culpa
1721 2006 1775 2024 non

986 2051 1075 2078 vacat,
1091 2045 1311 2081 printer-mittere.
1325 2044 1366 2072 Ad
1380 2044 1438 2071 haec
1450 2048 1541 2071 autem
1555 2043 1637 2070 etiam
1651 2043 1729 2074 illud,
1746 2047 1774 2070 ut

987 2092 1117 2124 arbitror,
1132 2091 1349 2118 animadvertere
1365 2094 1474 2124 oportet
1489 2098 1494 2115 :
1516 2093 1608 2116 utrum
1624 2088 1667 2120 iis,
1685 2088 1731 2122 qui
1747 2092 1775 2114 et

985 2144 1046 2164 esse
1062 2141 1090 2164 et
1110 2137 1180 2163 bene
1198 2143 1257 2163 esse
1282 2135 1374 2170 adepti
1388 2139 1461 2166 sunt,
1477 2134 1563 2165 satius
1579 2134 1614 2160 sit
1628 2137 1704 2161 ortos
1719 2141 1774 2159 non

986 2191 1046 2211 esse
1066 2191 1099 2210 an
1113 2190 1178 2209 vero
1198 2182 1341 2213 exsistere,
1366 2186 1394 2209 et
1416 2181 1554 2208 Creatoris
1578 2179 1774 2215 benignitatem

146 2226 284 2260 ἐσομένοις
301 2225 442 2256 ἀθλίως,εἰ
457 2226 648 2261 παρενεχθεῖεν
662 2227 701 2258 είς
717 2226 833 2260 γένεσιν,
849 2227 879 2253 τὸ
895 2227 932 2263 μὴ

987 2228 1134 2263 consequi;
1153 2228 1288 2262 siquidem
1307 2234 1397 2259 nemo,
1415 2234 1474 2253 mea
1491 2225 1601 2261 quidem
1626 2224 1771 2255 sententia,

145 2271 238 2298 τούτου
250 2272 342 2306 τυχεῖν
362 2271 440 2298 νοοῖτ¹
455 2271 487 2298 ἃν
502 2272 613 2303 εἰκότως
627 2272 737 2307 ἄμεινόν
751 2281 779 2299 τε
795 2273 841 2299 καὶ
856 2273 932 2308 αἱρε-

146 2317 260 2353 τώτερον
270 2326 276 2333 ·
294 2317 364 2344 κατά
375 2318 419 2343 τὸν
430 2318 521 2348 αὐτὸν,
538 2315 627 2352 οἶμαι,
645 2318 744 2353 τρόπον
764 2318 811 2345 καὶ
825 2319 880 2349 τοῖς
894 2319 932 2350 ὼς

146 2362 243 2396 ἥκιστα
252 2363 466 2398 διακεισομένοις
477 2364 570 2398 χρῆμα
582 2364 663 2390 καλόν
675 2372 704 2390 τε
715 2363 761 2390 καὶ
771 2363 932 2396 ἀξιόληπτον

146 2408 174 2433 τὺ
194 2409 221 2433 ὲν
236 2408 353 2444 ὑπάρξει
368 2408 494 2442 γενέσθαι
512 2409 560 2435 καὶ
577 2409 637 2445 ζῇν.
657 2409 688 2436 Τί
708 2407 764 2440 οὖν,
785 2410 845 2436 εἰπέ
869 2417 930 2444 μοις

146 2453 250 2487 Χρῆναι
261 2454 316 2487 γὲρ
329 2453 417 2487 ἐγωγέ
434 2462 504 2488 φημι
516 2455 562 2481 τὸν
578 2455 624 2481 ἐπὶ
636 2454 696 2481 τόδε
711 2455 789 2488 λόγον
804 2455 933 2482 ἀναϐιϐά-

147 2498 239 2530 ζεσθαι
262 2499 332 2534 πρὸς
353 2499 430 2534 ἡμῶν
451 2501 497 2527 καὶ
518 2502 557 2532 είς
581 2500 615 2526 τὰ
631 2501 697 2527 πολὺ
715 2501 774 2528 λίαν
800 2501 854 2527 τῶν
870 2501 931 2528 καθ’

147 2545 218 2578 ἡμᾶς
239 2545 384 2571 ἐπέκεινα·
403 2546 473 2580 φημὶ
496 2545 524 2572 δὲ
545 2546 577 2581 δὴ
595 2546 673 2572 πάλιν
696 2547 758 2578 τοὺς
781 2546 933 2582 μακαρίους

146 2590 286 2624 ἀγγέλους.
305 2591 469 2626 Πεποίηνται
488 2592 515 2618 δὲ
531 2592 562 2627 δὴ
578 2591 653 2627 παρὰ
668 2592 747 2626 Θεοῦ,
770 2593 815 2618 καὶ
833 2593 882 2627 τὴν
903 2592 934 2624 ἐξ

146 2636 195 2661 οὐκ
212 2635 297 2662 ὅντων
319 2635 424 2671 ἔχουσιν
440 2637 480 2668 είς
497 2637 527 2663 τὸ
543 2634 614 2664 εἶναι
628 2638 744 2673 πάροδον
761 2638 887 2672 ’Ἃγγελοί
904 2646 934 2663 τε

147 2683 192 2708 καὶ
200 2682 225 2708 Ἀ
231 2682 387 2717 ρχάγγελοι,
397 2683 524 2717 Θρόνοιτε
533 2683 579 2710 καὶ
587 2683 730 2716 Ἑξουσίαι,
744 2684 877 2718 Δυνάμεις
888 2684 934 2710 καὶ

151 2728 314 2762 Ἀρχαὶ,καὶ
332 2729 401 2754 αὐτὰ
415 2728 443 2754 δὲ
457 2729 523 2763 πρὸς
545 2729 648 2761 τούτοις
662 2730 695 2756 τὰ
709 2730 834 2756 ἀνώτατα
851 2730 934 2764 Σερα-

146 2772 205 2807 φίμ.
230 2773 332 2800 Ἐτέλει
344 2773 371 2800 δὲ
383 2775 428 2800 καὶ
439 2775 519 2806 αὐτὸς
532 2776 560 2801 ἐν
574 2777 628 2806 τοῖς
644 2776 781 2809 γεγονόσιν
796 2776 810 2802 ὁ
826 2776 932 2811 δράκων

181 2859 202 2875 ¹⁸
214 2861 283 2888 Gen.
303 2868 342 2894 ιη,
360 2860 400 2895 l6,
421 2862 464 2889 l7.
505 2863 524 2878 "
540 2863 620 2890 Marc.
642 2871 694 2897 κη’,
714 2863 758 2891 ‘21.

987 2274 1162 2302 dubitaverit.
1185 2273 1420 2306 Quemadmodum
1438 2273 1511 2300 enim
1530 2271 1574 2303 iis,
1589 2278 1705 2305 quorum
1720 2271 1772 2297 mi-

987 2328 1048 2347 sera
1071 2319 1191 2347 conditio
1215 2323 1257 2346 est
1280 2319 1381 2350 futura,
1407 2319 1430 2345 si
1453 2318 1486 2345 ad
1509 2321 1600 2344 ortum
1626 2317 1772 2348 ducantur,

988 2365 1073 2393 satius
1088 2365 1186 2392 merito
1200 2364 1430 2399 expetibiliusque
1445 2364 1535 2394 fuerit,
1554 2363 1577 2390 si
1594 2363 1621 2390 id
1636 2371 1690 2390 non
1707 2370 1774 2389 con-

987 2414 1158 2445 sequantur:
1175 2409 1269 2437 eadem
1293 2409 1373 2443 plane
1396 2408 1500 2435 ratione
1527 2408 1571 2439 iis,
1596 2408 1643 2442 qui
1669 2414 1773 2441 nequa-

987 2464 1069 2492 quam
1086 2456 1122 2482 ita
1139 2455 1227 2482 ail'ecti
1241 2454 1353 2484 fuerint,
1373 2454 1488 2488 pulchra
1512 2453 1711 2487 laudabilisquc
1731 2460 1774 2478 res

987 2502 1032 2532 sit,
1042 2501 1173 2528 exsistere
1189 2508 1220 2526 ac
1231 2500 1332 2526 vivere.
1346 2498 1415 2531 Quid
1429 2499 1511 2534 igitur
1523 2499 1535 2525 ?
1548 2498 1674 2526 obsecro.
1683 2497 1773 2531 Opor-

987 2551 1045 2574 tere
1061 2545 1134 2573 enim
1152 2552 1250 2572 censeo
1276 2552 1430 2571 sermonem
1453 2544 1505 2570 bac
1526 2542 1560 2570 de
1585 2551 1614 2570 re
1632 2543 1714 2569 etiam
1739 2542 1772 2569 ad

986 2601 1029 2624 ea,
1046 2600 1106 2626 quae
1131 2592 1211 2626 longe
1235 2590 1375 2625 superiora
1401 2589 1481 2617 nobis
1500 2593 1574 2620 sunt,
1596 2589 1723 2615 traduci:
1740 2588 1772 2613 ad

987 2638 1091 2668 beatos,
1111 2636 1232 2671 inquam,
1259 2643 1353 2662 rursus
1367 2635 1487 2669 angelos.
1504 2633 1576 2660 Facti
1591 2633 1664 2660 enim
1683 2637 1745 2659 sunt
1758 2640 1772 2658 ιι

985 2684 1049 2713 Deo,
1063 2687 1090 2710 et
1105 2690 1120 2709 a
1134 2690 1188 2709 non
1203 2689 1263 2708 esse
1283 2682 1316 2708 ad
1333 2689 1394 2708 esse
1421 2685 1484 2707 sunt
1511 2679 1599 2705 vocati
1624 2679 1718 2713 Angeli
1746 2682 1772 2704 et

984 2727 1156 2762 Areliangcli,
1175 2727 1280 2754 Throni
1294 2735 1325 2754 ac
1337 2727 1495 2756 l’otcstatcs,
1509 2725 1629 2752 Virtutes
1649 2729 1676 2750 et
1691 2724 1771 2750 Prin.

985 2775 1100 2809 t'ipatus,
1130 2774 1238 2808 aliaque
1263 2773 1306 2801 bis
1329 2773 1418 2801 adhuc
1439 2771 1590 2806 superiora,
1617 2768 1770 2805 Seraphin“.
