1990 3046
200 135 235 163 25
713 137 740 165 S.
761 138 898 166 CYRILLI
918 140 1155 168 ALEXANDRINI
1174 139 1330 170 ARCHIEP.
1793 142 1828 170 2-1

199 195 338 221 Accensus
364 199 454 221 autem
479 199 520 222 est
543 195 626 222 etiam
653 196 680 223 in
705 197 748 229 iis,
766 201 828 231 quae
843 198 988 230 exsistant,

1042 198 1056 224 ὁ
1067 198 1232 233 ἀποστάτης,
1247 198 1293 224 καὶ
1309 198 1337 224 ai
1354 198 1402 225 σὺν
1416 198 1490 232 αὐτῷ
1510 198 1638 234 δυνάμεις
1651 198 1678 225 αἱ
1699 201 1826 234 πονηραὶ,

200 239 285 268 draco
305 244 436 275 apostata,
454 241 568 276 aliaeque
582 250 643 269 cum
659 250 692 269 eo
712 250 802 277 pravae
819 248 987 277 potestates:

201 290 228 312 ct
243 290 321 313 erant
335 294 388 313 una
409 294 471 313 cum
494 287 554 314 aliis
576 288 677 315 sanctis
698 292 780 323 atque
808 289 989 317 rationalibus

201 332 351 364 creaturis,
379 340 511 366 supernas
537 334 693 361 mansiones
715 334 870 369 implentes,
896 336 988 363 excel-

199 377 287 404 lentes
312 378 338 404 in
357 378 453 413 gloria,
475 378 555 414 longe
572 380 761 413 praestantiore
777 384 804 407 et
816 380 987 415 incompara-

199 423 292 450 biliter
317 424 495 457 sublimiore,
524 433 604 460 quam
627 431 721 453 nostra
748 430 800 458 est,
830 426 987 455 conditione

199 467 306 502 praediti
319 473 328 494 ξ
341 466 413 496 unde
429 469 532 496 dictum
551 475 592 497 est
603 470 667 497 alibi
682 478 697 497 a
712 471 768 498 Deo
783 480 789 497 :
806 481 815 496 ι
829 471 897 499 Cum
914 472 986 499 Che-

199 513 289 540 rubim
300 511 380 549 posui
393 517 417 542 te
431 516 464 542 “.
479 526 488 541 ι
506 516 642 543 Caeterum
657 516 762 544 ﬁrmam
773 517 881 552 quidem
891 526 921 545 ac
929 523 986 546 sta-

198 558 282 586 bilem
302 564 377 586 suam
400 561 513 595 gloriam
529 561 631 588 habent
643 566 738 588 saneta
747 561 905 594 Cherubim,
920 570 985 597 pro-

198 604 341 640 priamque
356 606 515 641 dignitatem
527 606 716 634 inconcussam
731 610 859 634 tuentur:
873 612 901 634 et
910 608 986 635 mille

198 650 286 678 millia
296 651 419 679 serviunt
431 651 496 685 Deo,
516 660 548 680 ac
560 653 673 680 totidem
687 652 823 688 myriades
839 653 986 681 astiterunt

193 697 223 724 vei
244 696 275 723 ε’.
294 697 400 731 Lapsus
419 701 509 725 autem
527 701 569 726 est
586 706 650 726 cum
661 699 722 725 aliis
739 698 861 731 Satanas,
882 706 985 733 suaque

198 743 284 778 gloria
309 743 441 778 privatus.
458 744 526 770 Cum
540 744 630 779 itaque
643 752 657 771 a
672 744 781 779 propria
791 751 839 771 sua
852 744 985 779 dignitate

199 787 358 816 deiecturus
372 793 453 821 esset,
467 797 516 816 sua
528 793 623 823 sponte
641 789 674 816 ad
688 789 882 816 olfcndcndum
898 789 985 817 Deum

199 840 349 860 conversus
369 833 469 865 ell‘ecit,
497 837 526 860 ut
548 841 563 860 a
592 833 729 860 creatione
757 838 923 866 sanctorum,
941 833 984 861 in-

199 883 291 914 quam,
316 879 484 914 angelorum,
502 879 696 906 universorum
711 878 807 914 Opifex
827 880 983 912 desisteret,
1001 867 1022 894 Β

197 924 226 958 8
249 924 370 959 adeoque
390 924 517 951 eximiam
531 928 612 959 atque
631 925 820 952 admirabilem
832 930 985 953 creaturam

196 966 366 998 deturbaret.
390 971 424 998 At
439 977 505 998 vero
525 977 580 1006 quo
604 975 684 1006 pacto
698 979 753 998 non
772 971 872 1006 injuria
890 972 986 999 aﬂ‘ecta

199 1012 350 1048 videretur,
371 1016 424 1044 nisi
448 1017 482 1044 ad
499 1021 590 1044 ortum
608 1017 724 1044 adducta
744 1016 850 1049 fuisset,
869 1017 986 1045 circum-

198 1066 274 1090 stans
285 1068 348 1089 eum
359 1070 392 1089 eo
406 1068 493 1098 usque
507 1067 534 1090 et
549 1063 701 1090 inserviens
713 1063 871 1095 multitudo,
887 1071 918 1091 ac
930 1064 986 1091 Deo

198 1106 317 1133 creatori
341 1107 476 1142 integram
498 1115 526 1134 se
552 1115 675 1140 servans,
692 1112 721 1134 et
738 1108 856 1142 propria:
871 1116 928 1136 sua:
943 1109 986 1135 di-

198 1152 310 1187 gnitatis
340 1152 508 1180 oblivionem
539 1161 712 1188 nequaquam
747 1154 802 1188 pati
825 1154 988 1182 sustinens?

197 1197 269 1231 Quid
296 1199 381 1231 enim,
410 1199 455 1226 die
475 1199 552 1232 mihi,
569 1199 647 1227 valde
660 1200 748 1231 obest,
762 1200 783 1227 si
794 1200 917 1227 nonnulli
930 1208 987 1235 pra:

198 1249 247 1271 sua
273 1245 429 1279 arrogantia
455 1253 487 1272 ac
503 1245 584 1277 fastu,
613 1253 629 1272 a
652 1245 725 1272 bono
745 1250 827 1277 statu,
842 1246 899 1273 sive
913 1254 984 1279 esse,

197 1291 383 1318 exciderunt?
400 1290 433 1318 Hi
452 1299 517 1319 vero
544 1290 599 1319 illis
616 1292 821 1327 praestantiores
839 1299 900 1319 cum
931 1292 988 1319 Deo

198 1336 353 1368 exsistunt,
389 1337 529 1372 ipsiusque
554 1337 722 1372 benignitate
751 1337 854 1364 affatim
882 1337 985 1370 referti,

198 1382 317 1409 assiduis
333 1385 414 1417 atque
437 1382 656 1410 indesinentibus
669 1383 797 1410 laudibus
813 1390 875 1410 eum
892 1389 987 1417 prose-

198 1431 331 1462 quuntur.
356 1427 395 1454 Ac
419 1425 453 1454 de
467 1427 542 1462 ipsis,
564 1428 692 1460 arbitror,
710 1428 774 1455 alibi
792 1428 888 1455 beatus
902 1429 986 1456 David

197 1472 320 1508 loquitur
337 1480 345 1499 :'
366 1483 374 1499 ι
392 1473 468 1500 Beati
483 1480 579 1502 omnes
602 1473 756 1502 habitantes
774 1474 801 1501 in
823 1475 905 1502 domo
929 1478 985 1508 tua,

198 1518 226 1546 in
251 1518 350 1546 saecula
368 1520 530 1546 saculorum
544 1520 696 1547 laudabunt
716 1524 741 1547 te
758 1521 790 1547 ¹¹.
812 1530 821 1546 ›
841 1520 909 1547 Cum
922 1529 987 1556 ergo
1001 1535 1021 1562 ο

198 1561 232 1589 de
247 1560 290 1589 his
309 1571 400 1590 sermo
413 1563 449 1590 ita
467 1571 496 1591 se
509 1564 618 1596 habeat,
636 1572 695 1600 age,
716 1565 798 1592 etiam
812 1566 839 1592 in
866 1566 909 1597 iis,
926 1575 987 1601 qua:

198 1606 234 1634 ad
261 1614 310 1635 nos
338 1608 413 1643 ipsos
424 1609 575 1643 pertinent,
595 1610 719 1636 eamdem
737 1611 986 1639 considerationem

198 1651 387 1681 adhibeamus.

233 1698 258 1725 ι.
275 1697 374 1726 Factus
383 1698 456 1727 enim
472 1704 514 1728 est
531 1699 558 1728 in
574 1701 710 1736 principio
722 1700 815 1735 homo,
833 1710 889 1730 suae
902 1703 988 1738 ipsius

199 1743 347 1771 voluntatis
357 1744 494 1778 dominus,
516 1745 651 1781 liberque,
667 1747 701 1774 ad
719 1747 792 1782 quod
806 1747 882 1780 velit,
897 1752 987 1775 motus

199 1789 226 1816 ei
250 1793 292 1817 est
312 1790 496 1818 concreditus.
523 1789 607 1819 Liber
623 1792 695 1819 enim
707 1796 748 1820 est
763 1793 847 1824 Deus,
861 1793 896 1820 ad
909 1794 987 1828 cujus

199 1834 346 1870 imaginem
367 1835 500 1864 formatus
512 1841 563 1865 est.
576 1837 616 1865 Ita
631 1838 777 1873 siquidem,
793 1845 882 1873 neque
896 1839 985 1871 aliter,

199 1878 309 1908 laudem
324 1881 456 1917 consequi
470 1886 586 1917 poterat,
602 1891 684 1918 quam
704 1884 727 1911 si
744 1883 916 1911 voluntarius
926 1890 986 1911 eer-

199 1931 313 1954 neretur
333 1926 445 1956 virtutis
470 1933 617 1964 operator,
637 1937 806 1965 operumque
827 1930 985 1965 puritatem,

199 1975 330 2007 tanquam
356 1974 457 2002 mentis
479 1974 599 2002 fructum
621 1976 726 2009 ederet,
739 1984 794 2004 non
807 1977 892 2003 veluti
906 1981 987 2003 natu-

200 2019 265 2046 ralis
290 2019 462 2048 necessitatis
483 2021 621 2054 eﬁ'ectum,
649 2029 710 2056 quae
723 2026 799 2049 extra
811 2022 836 2049 id
851 2022 924 2057 quod
936 2023 986 2049 bo-

200 2071 265 2092 ltum
286 2069 339 2098 est,
362 2073 426 2092 eum
445 2065 508 2094 ferri
532 2074 587 2093 non
610 2067 724 2099 sineret,
744 2067 851 2095 etiamsi
874 2068 901 2095 id
914 2068 987 2102 quod

200 2109 253 2136 tale
269 2118 323 2137 non
341 2115 392 2144 est,
407 2111 496 2138 facere
510 2112 601 2139 vellet.
619 2111 740 2147 Adcptus
763 2113 845 2148 igitur
871 2117 912 2140 cst
934 2114 987 2140 ini-

201 2155 239 2182 tio
255 2155 337 2182 homo
352 2155 469 2183 liberum
483 2160 564 2191 atque
576 2156 733 2191 expeditum
746 2157 780 2184 ad
790 2158 915 2192 quamvis
930 2163 999 2186 rem‘

1040 243 1086 269 καὶ
1100 241 1169 278 ἦσαν
1184 243 1252 278 ὁμοῦ
1267 244 1322 275 τοῖς
1343 243 1434 275 ἀλλοις
1454 243 1543 278 ἁγίοις
1566 245 1612 270 καὶ
1632 244 1750 277 λογικοῖς
1770 245 1831 271 κτί-

1039 297 1132 325 σμασι,
1144 289 1194 321 τὰς
1209 289 1266 316 ἀνω
1283 289 1449 324 πληροῦντες
1473 290 1566 325 μονὰς,
1580 290 1778 324 διαπρέποντες
1798 290 1828 317 ὲν

1037 335 1111 370 δόξῃ,
1127 336 1173 362 καὶ
1184 335 1238 362 τῶν
1250 335 1311 362 καθ’
1320 336 1395 371 ἡμᾶς
1406 336 1473 362 πολὺ
1489 335 1520 371 δὴ
1530 336 1589 363 λίαν
1599 337 1627 362 ὲν
1639 336 1772 371 ἀμείνοσι,
1781 336 1828 362 καὶ

1037 380 1205 415 ἀσύγκριτον
1220 380 1329 415 ἔχοντες
1342 381 1390 416 τὴν
1410 382 1555 416 ὑπεροχήν.
1573 381 1628 407 Καὶ
1641 381 1707 414 γοῦν
1721 381 1828 416 εἴρηταί

1037 433 1088 451 που
1105 425 1179 461 παρά
1194 426 1272 452 Θεοῦ·
1293 435 1302 452 ι
1319 426 1396 453 Μετὰ
1410 427 1465 452 τῶν
1482 427 1621 462 Χερουὸῳ
1633 427 1742 454 τέοεικά
1755 436 1795 454 σε.
1815 435 1825 453 ι

1043 471 1114 498 ’Λλὶσ
1131 473 1329 507 ἐρηρεισμένην
1356 472 1405 507 μὲν
1423 472 1514 507 ἔχουσι
1534 472 1583 507 τὴν
1605 473 1686 505 δόξαν
1707 472 1742 499 τὰ
1761 473 1829 506 ἅγια.

1036 516 1193 552 Χερου6ὶμ,
1220 518 1266 543 καὶ
1288 517 1369 549 σώζει
1395 518 1510 552 βεδαίως
1532 517 1581 553 τὴν
1601 518 1704 544 οἰκείαν
1728 518 1826 553 ἀρχήν.

1037 562 1091 588 Καὶ
1106 563 1190 597 χίλιαί
1205 571 1234 589 τε
1248 563 1366 597 χιλιάδες
1381 563 1567 598 λειτουργοῦσι
1581 563 1654 598 Θεῷ,
1669 563 1715 590 καὶ
1731 563 1827 598 μύριαι

1037 608 1167 643 μυριάδες
1187 609 1418 643 παρειστήκεισαν
1438 608 1521 643 αὐτῷ.
1542 608 1698 635 Κατὼλισθε
1720 609 1748 635 δὲ
1767 609 1826 643 μεθ’

1036 653 1137 688 ἑτέρων
1150 653 1164 679 ὁ
1184 653 1320 685 Σατανᾶς,
1337 653 1383 679 καὶ
1397 653 1445 688 τῆς
1461 653 1563 684 οἰκείας
1577 652 1655 688 δόξης
1671 653 1825 687 ἐστέρηται.

1037 698 1098 732 Ἆρ’
1119 695 1165 724 οὖν
1191 698 1341 734 ἐπειδήπερ
1368 698 1512 725 ἀπολιπεῖν
1537 698 1632 734 ἔμελλε
1649 699 1698 734 τὴν
1722 699 1826 724 οἰκείαν

1035 744 1122 778 ἀρχὴν
1136 743 1276 779 ἐθελοντὴς
1290 744 1434 775 διανεύσας
1451 744 1498 770 ἐπὶ
1517 745 1547 770 τὸ
1560 744 1742 780 προσκρούειν
1755 744 1824 778 Θεῷ’

1035 789 1113 815 ὕκνον
1121 788 1296 824 εἰσδέχεσθαι,
1304 789 1348 816 τὸν
1357 790 1403 816 ἐπὶ
1412 791 1445 825 τῇ
1467 790 1574 825 ποιήσει
1585 798 1620 825 φη
1626 790 1656 825 μὶ
1678 790 1731 817 τῶν
1742 790 1827 823 ἁγίων

1036 834 1169 868 ἀγγέλων,
1181 835 1226 862 τὸν
1241 835 1295 861 τῶν
1313 835 1381 862 ὅλων
1397 836 1492 871 ἐδέησε
1504 836 1676 870 Δημιουργὸν
1686 855 1693 867 ,
1708 836 1756 861 καὶ
1776 836 1826 870 τὴν

1038 879 1109 906 οὕτω
1125 879 1253 915 λαμπρὰν
1270 880 1316 906 καὶ
1339 878 1501 914 ἀξιάγαστον
1515 879 1715 906 ἀποσείσασοαο
1726 879 1824 907 κτίσιν.

1038 924 1104 951 Εἶτα
1117 925 1175 956 πῶς
1190 925 1239 952 οὐκ
1254 925 1287 952 ἂν
1301 925 1445 960 ἠδικῆσθαι
1462 925 1573 957 δόξειεν,
1595 925 1620 950 εί
1643 925 1679 959 μὴ
1696 924 1824 959 παρήχθη

1037 969 1106 1004 πρὸς
1116 970 1222 1003 γένεσιν
1239 971 1254 1005 ἡ
1270 969 1436 1004 παρεστῶσά
1451 978 1479 995 τε
1496 970 1535 1000 είς
1548 969 1628 1004 δεῦρο
1642 969 1690 995 καὶ
1703 968 1824 1002 λειτουρ-

1037 1015 1123 1049 γοῦςα
1139 1015 1243 1050 πληθὺς
1252 1034 1260 1047 ,
1273 1017 1319 1042 καὶ
1333 1015 1393 1050 Θεῷ
1405 1015 1442 1050 τῷ
1455 1015 1648 1049 τεκτηναμένῳ
1660 1013 1781 1049 τηροῦσα
1794 1012 1826 1039 τὸ

1037 1061 1158 1096 γνήσιον,
1173 1061 1218 1087 καὶ
1234 1060 1265 1087 τὸ
1281 1061 1319 1092 εἰς
1331 1061 1416 1096 λήθην
1428 1060 1515 1086 ἐλθεῖν
1530 1059 1580 1094 τῆς
1596 1059 1664 1090 ιδίας
1678 1059 1764 1093 ἀρχῆς
1775 1058 1826 1084 οὐκ

1037 1105 1188 1141 ἀνεχομένη
1201 1106 1296 1133 παθεῖν
1309 1115 1316 1139 ;
1334 1107 1366 1132 Τί
1381 1105 1445 1141 γὰρ,
1461 1105 1520 1132 εἰπέ
1542 1114 1598 1140 μοι,
1613 1105 1644 1131 τὸ
1662 1104 1763 1138 σφόδρα
1778 1103 1825 1129 λυ-

1037 1152 1114 1184 ποῦν,
1137 1152 1162 1178 εἰ
1185 1151 1389 1187 διημαρτήκασὶ
1405 1160 1476 1182 τινες
1500 1151 1530 1183 ἐξ
1552 1150 1703 1185 ὑπεροψίας
1724 1149 1771 1175 τοῦ
1795 1146 1825 1175 εὖ

1037 1195 1106 1224 εἶναι
1120 1197 1218 1232 τυχόν;
1236 1198 1305 1224 Ἀλλ’
1312 1197 1370 1231 οἶγε
1383 1198 1485 1224 τούτων
1498 1197 1635 1232 ἀμείνους,
1650 1196 1744 1222 ἑστᾶσι
1757 1195 1826 1230 μετά

1037 1243 1115 1274 Θεοῦ,
1138 1244 1185 1270 καὶ
1200 1243 1248 1278 τῆς
1267 1243 1435 1278 ἡμερότητος
1449 1242 1532 1269 αὐτοῦ
1556 1242 1691 1273 πλουσίως
1706 1242 1826 1275 ἀναπιμ-

1037 1289 1189 1324 πλάμενοι,
1214 1291 1332 1325 μακραῖς
1363 1290 1410 1316 καὶ
1429 1289 1627 1324 ἀκαταλήπτοις
1663 1286 1826 1319 δοξολογίαις

1036 1335 1276 1371 καταγεραίρουσι.
1293 1335 1347 1362 Καὶ
1361 1335 1425 1370 περὶ
1439 1335 1540 1368 αὐτῶν,
1555 1333 1630 1370 οἶμαί
1643 1342 1705 1364 που,
1718 1333 1799 1368 φησὶν
1811 1333 1826 1358 ό

1039 1381 1171 1417 μακάριος
1185 1382 1265 1409 Δαϐίδ
1275 1391 1281 1397 ·
1301 1391 1310 1408 ι
1327 1383 1464 1418 Μακάριοι
1480 1382 1581 1413 πάντες
1597 1381 1622 1407 οἱ
1635 1380 1826 1411 κατοικοῦντες

1037 1429 1066 1454 ἐν
1077 1428 1115 1463 τῷ
1126 1429 1192 1463 οἴκῳ
1203 1436 1260 1458 σου,
1276 1429 1315 1460 εἰς
1325 1429 1388 1459 τοὺς
1397 1428 1497 1459 αἰῶνας
1508 1427 1563 1453 τῶν
1573 1427 1679 1453 αἰώνων
1687 1425 1824 1452 αίνέσουσί

1038 1482 1078 1499 σε.
1099 1482 1108 1499 ι
1129 1474 1256 1508 Ἔχοντος
1271 1473 1300 1500 δὲ
1319 1470 1368 1500 ὧδε
1384 1473 1431 1500 τοῦ
1448 1473 1512 1508 περὶ
1528 1472 1630 1499 τούτων
1644 1471 1723 1505 λόγου
1734 1491 1742 1503 ,
1758 1470 1826 1506 φέρι

1038 1518 1167 1551 καθέντες
1180 1519 1229 1554 τὴν
1245 1519 1360 1554 βάσανον
1377 1519 1425 1546 καὶ
1439 1520 1468 1545 ἐν
1481 1520 1536 1549 τοῖς
1551 1519 1611 1545 καθ’
1629 1518 1702 1553 ἡμᾶς
1715 1516 1826 1548 αὐτοὺς,

1038 1565 1125 1591 ἐκεῖνο
1136 1564 1357 1600 διασκεψώμεθα.

1072 1703 1103 1731 δ’.
1123 1703 1258 1737 Πεποίητο
1278 1703 1328 1739 μὲν
1342 1702 1396 1739 γὰρ
1412 1704 1426 1730 ὸ
1446 1702 1588 1738 ἄνθρωπος
1609 1702 1639 1728 ἑν
1658 1702 1755 1738 ἀρχαῖς
1771 1701 1829 1728 τῶν

1039 1748 1110 1775 ἰδίων
1123 1748 1283 1783 θελημάτων
1299 1747 1347 1779 τὰς
1369 1748 1446 1782 ἡνίας
1461 1747 1693 1782 πεπιστευμένος,
1710 1747 1757 1774 καὶ
1776 1747 1829 1782 τὴν

1037 1795 1079 1828 ἐφ’
1092 1790 1169 1829 ᾧπερ
1185 1794 1218 1821 ἂν
1231 1793 1317 1820 ἕλοιτο
1339 1793 1424 1828 ῥοπὴν
1441 1793 1586 1828 ἀνειμένην
1601 1792 1680 1827 ἔχων.
1704 1791 1825 1818 Ἐλεύθε-

1038 1847 1084 1874 ρον
1097 1838 1151 1873 γάρ
1165 1837 1194 1864 τὸ
1205 1837 1292 1869 Θεῐον,
1307 1837 1376 1871 πρὸς
1385 1836 1400 1863 ὅ
1412 1836 1459 1862 καὶ
1476 1836 1648 1871 μεμόρφωτο.
1661 1832 1725 1861 Ὧδε
1739 1833 1768 1860 δὲ
1780 1830 1824 1869 ἦν,

1036 1882 1124 1919 οἴμαι,
1144 1883 1191 1910 καὶ
1213 1883 1262 1918 οὐχ
1276 1882 1375 1917 ἑτέρως
1400 1882 1549 1916 κεκτῆσθαι
1563 1881 1592 1907 τὸ
1606 1880 1787 1914 ἁξιάγαστον,
1801 1879 1826 1906 εἰ

1037 1929 1182 1965 ἐθελοντὴς
1203 1928 1291 1964 ὁρῷτο
1306 1929 1356 1963 τῆς
1377 1928 1477 1963 ἀρετῆς
1497 1927 1626 1963 ἐργάτης,
1649 1927 1697 1953 και¹
1713 1926 1826 1960 γνώμης

1037 1977 1106 2012 ἔχων
1123 1975 1246 2010 καρπὸν,
1259 1974 1290 2000 τὸ
1305 1975 1334 2000 ὲν
1350 1973 1440 2009 ἔργοις
1460 1973 1614 2008 εἱλικρινὲς,
1632 1973 1682 1999 οὐκ
1704 1973 1826 2008 ἀνάγκης

1038 2023 1131 2057 ὥσπερ
1151 2021 1323 2053 ἀποτέλεσμα
1340 2019 1465 2054 φυσικῆς,
1483 2019 1532 2045 οὐκ
1549 2018 1673 2052 ἐφιείσης
1687 2018 1754 2049 ὅλως
1775 2017 1829 2049 ἔξω

1039 2068 1169 2102 φέρεσθαι
1183 2067 1230 2093 τοῦ
1246 2066 1339 2098 καλοῦ,
1354 2066 1405 2091 κᾶν
1423 2065 1446 2091 εἰ
1460 2065 1526 2100 δρᾷν
1539 2064 1627 2090 ’έλοιτο
1643 2064 1672 2090 τὺ
1688 2064 1724 2099 μὴ
1740 2063 1827 2095 οὕτως

1039 2113 1109 2147 ἕχον.
1125 2111 1230 2138 Οὐκοῦν
1246 2111 1350 2145 ἀνῆπτο
1365 2110 1413 2144 μὲν
1427 2110 1454 2136 ἐν
1468 2110 1566 2144 ἀρχαῖς
1580 2110 1594 2135 ὁ
1613 2109 1756 2144 ἄνθρωπος
1776 2110 1828 2142 τὴν

1039 2157 1080 2191 ἐφ’
1096 2157 1181 2183 ἅπασι
1192 2157 1248 2187 τοῖς
1259 2155 1405 2191 πρακτέοις
1417 2153 1562 2188 ἀνειμένην
1573 2161 1602 2179 τε
1614 2153 1661 2180 καὶ
1669 2153 1767 2188 ἄφετον
1777 2153 1827 2187 τῆς

201 2201 335 2236 agendam
359 2202 459 2229 mentis
486 2207 590 2229 motum
609 2212 615 2230 :
641 2208 769 2231 caeterum
792 2203 918 2231 draconis
935 2205 988 2231 im-

1039 2203 1155 2234 διανοίας
1168 2203 1253 2238 ῥοπήν
1261 2210 1268 2217 ”
1280 2201 1346 2228 ἀλλὰ
1357 2202 1412 2232 τοῖς
1424 2202 1470 2227 τοῦ
1481 2200 1626 2236 δράκοντος
1638 2202 1824 2234 φενακισμοῖς.

203 2247 325 2282 posturis
354 2248 388 2275 ad
406 2256 468 2283 qua:
481 2249 594 2277 minime
611 2249 802 2282 conveniebat,
830 2250 990 2285 impruden-

201 2296 242 2319 ter
269 2297 310 2320 est
330 2293 471 2328 abreptus,
495 2295 652 2330 nullamque
672 2296 752 2330 plane
768 2296 990 2330 transgressionis

200 2338 337 2366 rationem
350 2338 456 2366 habuit.
478 2339 583 2368 Idcirco
600 2345 687 2368 morte
700 2346 781 2376 atque
795 2342 907 2368 interitu
922 2342 990 2369 mul-

201 2387 273 2412 tatus
297 2390 339 2412 est
351 2404 357 2416 ,
382 2386 558 2420 praevidente,
574 2391 604 2414 ut
615 2387 742 2419 arbitror,
760 2387 815 2414 Deo
833 2388 988 2421 utilitatem,

200 2435 261 2466 quae
284 2430 310 2458 id
337 2432 410 2466 quod
435 2431 572 2459 acciderat
597 2438 724 2460 secutura
742 2437 825 2461 esset.
850 2434 989 2461 Converso

200 2476 274 2504 enim
291 2477 374 2504 semel
392 2477 426 2504 ad
445 2483 587 2512 peccatum
602 2479 722 2511 homine,
736 2480 876 2514 ipsiusque
889 2485 987 2507 natura

201 2519 352 2550 deﬂexione
378 2521 406 2550 in
432 2523 528 2550 vitium
546 2523 696 2557 laborante,
723 2525 808 2552 instar
825 2525 881 2553 fere
896 2526 987 2560 impu-

202 2574 294 2594 rorum
317 2567 473 2602 spirituum,
496 2572 658 2603 perpetuum
679 2568 706 2595 in
725 2572 798 2596 terra
814 2570 915 2597 malum
939 2571 988 2597 de-

201 2614 367 2646 prehensum
392 2618 442 2641 est.
472 2614 581 2643 Utiliter
608 2614 699 2650 itaque
719 2615 827 2642 inventa
839 2620 881 2643 est
896 2616 988 2644 carnis

203 2663 285 2690 mors,
298 2666 353 2686 non
364 2659 392 2686 in
403 2659 558 2687 absolutum
570 2659 711 2688 interitum
723 2661 822 2688 animal
830 2661 986 2694 traducens,

203 2703 250 2732 sed
267 2704 359 2739 potius
379 2704 407 2732 in
423 2705 637 2739 renovationem,
649 2709 740 2741 atque,
755 2710 785 2734 ut
799 2706 836 2734 ita
852 2707 986 2740 dicamus,

204 2753 332 2784 tanquam
352 2757 400 2778 vas
412 2751 549 2787 quoddam
562 2751 731 2779 confractum
742 2759 792 2778 suo
807 2756 929 2787 tempore
941 2760 987 2779 re-

1038 2249 1080 2282 ἐφ¹
1095 2248 1113 2275 ἃ.
1130 2248 1166 2284 μὴ
1181 2248 1330 2283 προσῆκεν,
1348 2245 1486 2277 ἀσυνέτως
1504 2245 1713 2281 παρεκομίζετο,
1729 2246 1776 2272 καὶ
1792 2244 1825 2271 δι’

1038 2294 1144 2325 οὐδενὸς
1171 2293 1288 2319 ἐποιεῖτο
1319 2292 1398 2326 λόγου
1422 2291 1471 2327 τὴν
1496 2290 1662 2327 παράϐασιν.
1692 2291 1826 2325 Ταύτῃτω

1039 2338 1231 2370 κατεδικάζετο
1253 2338 1360 2372 θανάτῳ
1380 2338 1427 2364 καὶ
1449 2337 1551 2372 φθορᾷ,
1572 2336 1825 2372 προαναθροῦντος.

1039 2383 1128 2421 οἶμαι,
1143 2385 1210 2412 Θεοῦ
1223 2385 1254 2411 τὸ
1264 2385 1301 2416 ὡς
1314 2384 1341 2411 ἓν
1358 2393 1390 2418 γε
1401 2383 1439 2419 τῷ
1450 2383 1634 2419 συμὸεσηκότι
1644 2382 1826 2409 λυσιτελέστε-

1045 2441 1099 2467 ρον.
1111 2430 1291 2463 Διανενευκὼς
1301 2431 1355 2467 γὰρ
1366 2431 1439 2463 ἅπαξ
1449 2431 1489 2462 εἰς
1504 2429 1639 2465 ἁμαρτίαν
1650 2430 1664 2456 ὸ
1674 2425 1825 2464 ἄνθρωπος.

1041 2478 1088 2505 καὶ
1101 2478 1294 2514 ἀρρωστούσης
1306 2478 1379 2513 αὐτῷ
1391 2478 1441 2512 τῆς
1455 2477 1561 2511 φύσεως
1572 2476 1621 2512 τὴν
1636 2477 1676 2507 εἰς
1689 2476 1723 2502 τὰ
1738 2475 1827 2509 φαῦλα

1043 2523 1139 2559 ῥοπὴν,
1158 2524 1187 2550 ὲν
1203 2523 1253 2558 ἴσῳ
1270 2530 1322 2549 που
1341 2523 1412 2558 τάχα
1425 2524 1482 2555 τοῖς
1497 2522 1662 2557 ἀκαθάρτοις
1679 2521 1825 2555 πνεύμασι.

1041 2569 1163 2604 διηνεκὲς
1179 2569 1226 2595 ἐπὶ
1241 2569 1293 2604 γῆς
1308 2569 1485 2603 κατεφωρᾶτο
1496 2568 1589 2595 κακόν.
1610 2567 1761 2594 Ἐπενοεϊτο
1772 2566 1826 2592 τοί-

1042 2624 1089 2641 νυν
1103 2615 1246 2651 χρησίμως
1255 2616 1269 2641 ὁ
1282 2614 1332 2650 τῆς
1346 2614 1445 2648 σαρκὸς
1461 2614 1583 2645 θάνατος,
1601 2613 1650 2640 οὐκ
1668 2613 1706 2644 εἰς
1717 2612 1826 2652 ὄλεθρον

1041 2660 1151 2695 ὁλοτελῆ
1173 2659 1366 2695 παραπέμπων
1390 2659 1420 2685 τὸ
1443 2658 1526 2690 ζῶον¹
1544 2660 1584 2689 εἰς
1608 2657 1782 2692 καινουργίαν
1799 2656 1826 2683 δὲ

1043 2706 1152 2742 μᾶλλον,
1172 2706 1229 2740 καὶ,
1241 2706 1274 2732 ἵν’
1287 2705 1373 2737 οὕτως
1385 2705 1516 2740 εἴπωμεν,
1529 2706 1568 2736 εἰς
1585 2703 1735 2739 ἀνασκενὴν
1744 2700 1788 2731 οἷά
1800 2711 1825 2729 τι

1041 2752 1138 2784 σκεῦος
1165 2752 1394 2788 συντεθλασμένον
1420 2751 1489 2778 κατὰ
1514 2751 1625 2786 καιροὺς
1651 2750 1824 2785 ἐφυλάττετο.

1834 2733 1842 2765 i

239 2839 262 2856 ’θ
274 2839 373 2867 Bacch.
390 2849 481 2873 xxvnr,
497 2840 538 2868 Η.
575 2841 595 2856 ¹¹
610 2841 676 2868 Dan.
693 2848 740 2873 vn,
758 2840 798 2867 i0.
838 2840 859 2856 "
873 2839 943 2868 Psal.
964 2849 1073 2875 Lxxxnl,
1091 2840 1120 2870 5.
