1990 3046
137 175 174 203 9.5
656 175 917 202 bLAPlIYllUMUM

990 177 1139 202 (:I‘JNESIM
1159 177 1223 203 LIB.
1247 183 1265 203 I.
1728 169 1762 195 26

140 232 203 259 Ὀτι
222 231 270 266 μὲν
287 231 343 267 γὰρ
360 231 528 267 συμϐήσεται
545 231 645 268 μεταξὺ
662 231 701 266 τῷ
713 231 774 267 ζὼῳ
789 232 818 258 τὺ
834 232 921 259 παθεῖν

982 232 1128 260 liciendum
1143 233 1271 260 servavit.
1285 233 1362 266 Quod
1381 234 1454 261 enim
1470 234 1522 261 hoc
1537 236 1640 263 homini
1655 241 1768 264 eventu-

142 277 189 314 τὴν
204 277 321 312 φθορὰν,
337 277 387 304 οὐκ
405 278 538 313 ἠγνόηκεν
555 279 569 304 ὁ
593 277 773 313 Δημιουργὸς,
791 278 847 304 ἀλλ’
863 278 928 313 ἡπί-

142 331 233 353 στατο,
253 323 323 358 μετὰ
341 323 437 349 τούτου
454 324 501 350 καὶ
519 323 572 349 τῶν
591 323 699 350 ἀτόπων
715 324 763 358 τὴν
777 324 864 354 λύσιν,
882 325 929 350 καὶ

140 368 188 403 τῆς
201 367 304 404 φθορᾶς
319 368 369 403 τὴν
386 368 533 403 ἀναίρεσιν,
551 369 596 394 καὶ
608 369 646 399 εἰς
663 368 693 394 τὸ
706 368 815 404 ἄμεινον
832 370 929 395 ἀνακο-

142 415 231 449 μιδὴν,
244 414 356 440 καὶτῶν
369 415 397 441 ὲν
412 414 507 449 ἀρχαῖς
518 413 627 447 ἀγαθῶν
638 413 686 449 τὴν
696 414 838 449 ἀνάληψιν.
851 414 927 450 ’ᾘδει

140 461 193 496 γὰρ
207 462 248 486 ὁτι
268 460 371 495 πέμψει
394 461 464 487 κατὰ
479 461 590 495 καιροὺς
606 459 652 486 τὸν
668 459 732 486 ἴδιον
755 460 819 486 Υἱὸν
836 460 865 486 ἐν
882 461 928 486 ἀν-

140 507 263 541 θρωπεία
285 507 373 542 μορφῇ
389 506 582 542 τεθνηξόμενον
606 506 676 541 ὑπὲρ
695 505 792 541 ἡμῶν,
811 506 857 532 καὶ
880 506 927 532 τοῦ

140 551 254 578 θανάτου
278 551 464 578 καταλύσοντα
487 551 601 587 κράτος,
624 551 668 577 ἵνα
690 552 737 578 καὶ
759 550 863 586 νεκρῶν
880 551 928 577 καὶ

140 596 248 628 ζώντων
266 596 408 632 κυριεύσῃ.
427 597 459 623 Τί
477 598 549 634 γάρ;
566 599 590 624 εἱ
609 597 646 633 μὴ
664 597 762 628 πάντες
782 596 927 623 πεπιστεύ-

140 651 234 673 κασιν,
255 642 311 669 ἀλλ’
331 643 382 678 ἥγε
406 642 461 669 τῶν
484 643 662 678 σεσωσμένων
683 642 786 678 πληθὺς
803 642 927 677 ἀριθμῶν

139 689 271 723 κρείττων
288 690 448 726 ὑπάρχουσα
459 709 467 721 ,
491 690 540 724 τῆς
562 689 673 716 ἐκείνων
693 688 830 720 ἀπωλείας
845 689 926 715 οἱονεὶ

139 735 338 769 κατορχήσεται
354 743 361 750 ·
387 735 433 761 καὶ¹
455 735 486 761 τδ
507 734 608 761 λυποῦν
629 735 672 761 ἐπ’
696 734 821 766 ἐκείνοις,
842 734 925 760 ἕωλον

138 780 287 812 ἀποφανεῖ.
306 781 447 816 μονονουχὶ
470 780 601 814 λέγουσα·
621 779 772 815 Τοιγαροῦν
796 788 806 805 ι
821 779 925 806 ἔδονται

138 825 187 859 τῆς
205 825 309 851 ἑαυτῶν
326 825 387 852 ὁδοῦ
404 825 466 857 τοὺς
486 825 618 860 καρπούς.
638 834 648 850 ι
667 823 851 855 Διασώζεσθαι
871 824 924 859 γὰρ

137 871 208 904 ἐξὸν,
222 872 246 898 εί
264 871 447 906 βεὸοὐλοιντο,
465 872 511 898 καὶ
523 871 663 907 διαδρᾶναι
687 871 734 906 μὲν
754 871 807 897 τῶν
824 871 924 906 μεταξὺ

137 917 389 952 παρεισδεδυκότων
409 917 444 944 τὰ
464 917 549 953 βλάϐη
560 937 568 949 ,
581 917 626 943 τὸν
642 917 777 952 λυτρωτὺν
795 917 825 943 οὐ
842 925 925 952 προσ-

139 962 243 994 ίενται.
270 963 412 994 τουτέστι,
430 962 558 998 Χριστόν.
579 960 653 997 Ἀρα
669 962 722 996 γὰρ
742 962 768 987 εἰ
785 971 837 995 τις,
861 962 922 988 εἰπέ

138 1018 194 1043 μοι,
216 1009 250 1035 τὰ
262 1011 301 1041 εἰς
313 1009 444 1044 γηπονίαν
458 1009 594 1044 τεχνίτης,
608 1010 664 1040 τοῖς
679 1008 732 1034 τῶν
747 1007 863 1043 δένδρων
877 1007 922 1034 εὑ-

136 1054 296 1090 φυεστέροις
307 1054 353 1081 τὸν
364 1054 428 1081 tam
437 1054 590 1090 ἐνεπίμπλη
606 1055 702 1089 κῆπον·
715 1052 773 1080 εἶτα
787 1054 823 1089 μὴ
834 1054 922 1081 πάντα

135 1099 277 1133 διαφυγεῖν
290 1099 324 1126 τὰ
340 1101 372 1126 ὲκ
384 1100 519 1135 διαφόρων
535 1099 628 1127 αἰτιῶν
644 1099 800 1135 συμϐέϐηκε
819 1099 903 1135 βλάὸη
915 1108 921 1115 ·

135 1147 185 1172 οὐκ
201 1145 235 1172 ἂν
249 1146 330 1172 οἱοιτό
344 1154 383 1176 τις
402 1147 440 1181 μὴ
454 1146 541 1181 ὀρθῶς
555 1146 662 1173 ἑλέσθαι
674 1146 764 1173 πονεῖν
775 1146 821 1172 τὸν
837 1154 923 1181 γηπο-

134 1193 190 1218 νεῖν
205 1191 363 1226 ᾑρημένον;
387 1191 456 1217 Ἀλλ’
472 1191 521 1217 οὐκ
538 1191 581 1222 ἂν,
598 1189 685 1226 οἶμαι,
698 1191 739 1223 τὶς
754 1191 920 1226 καταμωμή-

136 1245 222 1263 σαιτο.
236 1236 338 1263 Πολλοῦ
351 1244 382 1270 γε
397 1236 443 1263 καὶ
457 1236 497 1262 δεῖ
506 1244 513 1251 ο
529 1237 543 1263 ὀ
557 1236 606 1271 μὲν
617 1236 672 1271 γὰρ
684 1235 731 1271 τὴν
743 1235 854 1263 δέουσαν
867 1235 922 1262 τῶν

137 1282 347 1317 πεφυτευμένων
364 1283 481 1309 ἐποιεῖτο
504 1283 647 1318 φροντίδα,
665 1281 699 1308 τὰ
711 1281 739 1309 δὲ
759 1281 922 1317 ἡρῤώστησε

135 1328 166 1354 τδ
179 1328 282 1354 παθεῖν.
294 1326 357 1363 'Ap‘
369 1326 413 1354 οὖν
425 1328 540 1363 ἐροῦμεν
550 1328 588 1359 ὼς
598 1325 631 1362 ἦν
641 1327 749 1362 ἄμεινον
759 1327 790 1354 τὸ
801 1327 922 1363 μηδόλως

137 1373 235 1408 χρῆναί
254 1382 329 1404 τινας
347 1373 416 1400 ἰέναι
429 1373 476 1399 ἐπὶ
495 1373 525 1399 τὸ
545 1374 690 1408 γηπονεῖν⁶
713 1373 782 1408 μήτε
800 1372 852 1408 μὴν
867 1374 921 1404 τοῖς

135 1420 339 1454 εὐγενεστάτοις
363 1419 532 1454 ὲντεθηλέναι
556 1420 648 1454 φυτοῖς
670 1418 714 1445 τὸν
740 1419 919 1454 παράδεισον,

135 1467 181 1501 Liv
194 1466 222 1492 δὲ
239 1465 337 1500 μᾶλλον
351 1465 456 1491 ἀνελεῖν
473 1465 511 1496 είς
531 1464 603 1491 ἅπαν
619 1465 668 1500 τῆς
682 1464 845 1500 φυτουργίας
858 1464 920 1495 τοὺς

135 1521 157 1545 τι
168 1512 266 1544 όπους,
281 1512 323 1538 ἵνα
339 1512 376 1546 μὴ
394 1511 527 1537 ἀδικοῖντο
544 1509 598 1536 τῶν
613 1509 825 1544 πεφυτευμένων
839 1509 918 1542 τινά;

136 1559 190 1585 Καὶ
204 1558 262 1589 πῶς
278 1555 325 1584 οὖν
340 1557 390 1584 οὐκ
404 1556 576 1592 ἀπόπληκτον
591 1556 687 1591 κομιδῇ
701 1556 732 1582 τὸ
747 1555 834 1590 ὀρθῶς
847 1554 918 1589 ἔχειν

136 1603 238 1631 οἴεσθαι.
249 1604 328 1631 ταυτί
339 1612 346 1637 ;

169 1697 200 1723 ε’.
214 1693 271 1721 Οὐκ
283 1691 329 1721 οὖν
344 1691 395 1720 οὐκ
407 1692 436 1719 ἐν
448 1691 508 1727 δίκῃ
519 1690 680 1727 γραφόμεθα
692 1689 738 1716 τὸν
751 1690 872 1724 Δημιουρ
878 1687 921 1722 γδν

137 1739 337 1776 παρενεγκόντα
355 1738 422 1774 πρὸς
438 1736 572 1772 ὕπαρξιν,
590 1735 702 1767 ἑαυτοὺς
718 1735 746 1762 δὲ
767 1735 867 1770 μᾶλλον
880 1735 922 1760 αἰ-

135 1785 285 1820 τιασόμεθα
307 1784 359 1819 τὴν.
371 1783 523 1810 ἐθελούσιον
539 1782 670 1813 παθόντες
695 1780 796 1816 βλάϐην
806 1799 814 1812 ,
829 1781 854 1807 ει
874 1779 920 1806 νοῦ

136 1831 183 1857 καὶ
197 1829 294 1866 φρενός
312 1831 395 1863 ἐσμεν
419 1829 447 1855 ὲν
461 1826 546 1863 καλῷ.
571 1827 633 1854 Ὅτι
656 1826 710 1862 γὰρ
727 1826 921 1862 παρακομίζων

134 1874 214 1907 εὐθὺς
227 1875 266 1906 είς
284 1873 315 1901 τδ
327 1872 395 1900 εἶναι
409 1873 454 1900 τὸν
467 1872 622 1908 ἄνθρωπον,
636 1871 736 1898 ἐνενόει
750 1872 798 1906 μὲν
819 1872 859 1898 ὃτι
877 1879 922 1898 πε-

135 1921 221 1946 σεῖται
242 1920 282 1951 είς
299 1919 348 1954 τὴν
370 1917 489 1954 φθοράνο
511 1918 561 1944 οὐκ
575 1916 667 1952 ὴγνόει
681 1916 710 1943 δὲ
727 1916 773 1943 καὶ
788 1917 851 1948 τοὺς
872 1917 921 1952 τῆς

135 1964 279 2000 θεραπείας
303 1963 438 1999 τρόπους,
465 1961 606 1989 ἀναπείθει
633 1961 726 1996 σαφῶς
742 1962 756 1987 ὁ
780 1961 921 1992 θεσπέσιος

135 2010 301 2044 Παῦλος,τῆς
313 2010 357 2036 διὰ
368 2009 486 2046 Χριστοῦ
502 2008 638 2044 σωτηρίας
650 2007 700 2042 τὴν
709 2007 746 2038 ὡς
762 2008 790 2033 ὲν
803 2006 920 2042 προγνώ-

134 2063 176 2083 at:
198 2055 353 2091 πνεύματος
378 2055 544 2090 ἀρχαιότητι
569 2054 724 2090 μαρτυρῶν.
754 2053 920 2080 Ἐπιστέλλει

133 2101 186 2137 γὰρ
202 2100 288 2132 οὕτως
311 2099 436 2135 Τιμοθέῳ
456 2099 495 2135 τῷ
517 2099 609 2133 οἰκείῳ
633 2097 754 2134 μαθητῇ·
775 2107 785 2123 ι
873 2096 919 2125 οὖν

134 2146 316 2182 ἐπαισχυνθῇς
332 2146 363 2173 τὸ
385 2146 533 2182 μαρτύριον
553 2146 600 2172 τοῦ
618 2145 719 2180 Κυρίου
741 2145 829 2180 ήμῶν,
853 2146 919 2180 μηδὲ

133 2195 182 2229 ἐμὲ
192 2195 236 2220 τὸν
262 2193 372 2228 δέσμιον
399 2192 498 2219 αὑτοῦ·
524 2191 591 2218 ἀλλὰ
615 2191 857 2225 συγκακοπάοησον
880 2192 919 2226 τῷ

133 2239 290 2274 Εὐαγγελίῳ
305 2239 375 2265 κατὰ
395 2238 508 2273 δύναμιν
525 2237 593 2264 Θεοῦ
613 2237 658 2263 τοῦ
683 2237 817 2268 σώσαντος
834 2237 917 2272 ἡμᾶς,

132 2286 178 2312 καὶ
190 2284 354 2316 καλέσαντος
370 2284 466 2318 κλήσει
478 2283 554 2319 ἁγίᾳ,
569 2283 599 2310 οὺ
613 2282 684 2310 κατὰ
698 2282 732 2309 τὰ
745 2283 813 2318 ἔργα
827 2282 915 2318 ἡμῶν,

131 2330 199 2357 ἀλλὰ
213 2330 283 2357 κιτὰ
295 2330 362 2356 ἰδίαν
372 2329 501 2365 πρόθεσιν
514 2329 559 2356 καὶ
569 2328 648 2364 χάριν
659 2329 708 2364 τὴν
718 2328 839 2356 δοθεῖσαν
851 2329 916 2363 ἡμῖν

132 2378 160 2403 ἐν
173 2376 283 2413 Χριστῷ
300 2375 386 2411 Ἰησοῦ
395 2375 448 2411 πρὸ
461 2375 565 2411 χρόνων
577 2375 703 2408 αἰωνίων,
716 2375 916 2410 φανερωθεῖσαν

131 2423 159 2448 δὲ
178 2422 222 2448 ἐπ’
239 2421 361 2457 ἐσχάτων
376 2421 429 2447 τῶν
443 2421 546 2456 χρόνων
567 2420 611 2446 διὰ
626 2420 673 2455 τῆς
696 2420 855 2454 ἐπιφανείας
868 2419 915 2446 τοῦ

132 2468 258 2503 Σωτῆρος
278 2466 357 2503 ἡμῶν
386 2467 472 2502 Ἰησοῦ
490 2465 620 2502 Χριστοῦ.
641 2475 650 2490 ι
674 2465 792 2500 Ἐτέροις
814 2465 842 2491 δὲ
861 2462 914 2491 αὖο

135 2523 143 2539 ι
157 2513 285 2548 Οἴδαμεν,
297 2514 338 2540 ὅτι
348 2514 406 2544 τοῖς
415 2511 542 2547 ἀγαπῶσι
553 2511 597 2538 τὸν
608 2511 674 2538 Θεὸν
689 2511 778 2538 πάντα
791 2511 917 2546 συνεργεῖ

131 2561 170 2592 εἰς
191 2559 308 2593 ἀγαθὸν,
323 2559 379 2591 τοῖς
394 2558 464 2585 κατὰ
479 2558 607 2593 πρόθεσιν
624 2557 731 2592 κλητοῖς
749 2555 833 2584 οὖσιν.
856 2557 916 2583 Ὅτι

131 2605 177 2636 οὓς
191 2605 326 2640 προέγνω,
342 2605 390 2631 καὶ
403 2603 538 2638 προώρισε
555 2603 733 2638 συμμόρφους
748 2604 798 2638 τῆς
813 2602 916 2634 εἰκόνος

131 2650 178 2677 τοῦ
198 2651 262 2678 Υἱοῦ
288 2649 387 2682 αὑτοῦ,
403 2651 443 2681 είς
464 2649 494 2676 τὸ
513 2647 584 2675 εἶναι
599 2649 679 2675 αὑτὸν
700 2648 870 2684 πρωτότοκον
886 2649 915 2674 ὲν

133 2697 237 2728 πολλοῖς
265 2696 399 2730 ἀδελφοῖς.
425 2695 477 2727 Οὓς
503 2697 530 2723 δὲ
559 2695 711 2731 προώρισε,
736 2695 846 2726 τούτους
868 2694 914 2721 καὶ

131 2742 260 2770 ἐκάλεσε*
277 2743 323 2769 καὶ
344 2742 390 2774 οὒς
405 2742 516 2769 ἐκάλεσε
527 2763 534 2775 ,
553 2741 662 2773 τούτους
683 2741 729 2767 καὶ
746 2741 913 2768 ἐδικαίωσεν.

131 2787 186 2820 οὓς
199 2788 228 2815 δὲ
241 2788 396 2822 ἐδικαίωσε,
411 2788 521 2820 τούτους
538 2788 584 2814 καὶ
607 2787 740 2819 ἐδόξασεν.
760 2796 769 2811 ι
795 2785 914 2818 ’Λκοὺεις

170 2877 283 2906 “Prov.
298 2885 317 2912 ι,
335 2876 379 2904 51.
419 2875 439 2892 "'
453 2876 474 2904 ll
489 2875 558 2902 ’l'im.
580 2883 598 2908 ι,
617 2875 690 2902 8-l0.

984 287 1044 306 rum
1061 284 1144 311 esset,
1164 283 1193 306 ut
1214 279 1355 307 interitum
1369 280 1486 313 subiret,
1504 289 1674 316 nequaquam
1690 283 1768 318 iguov

983 326 1061 352 rabat
1087 325 1216 359 Creator;
1228 326 1275 353 sed
1297 326 1401 353 sciebat
1415 327 1622 354 subsecuturam
1636 327 1664 362 9
1675 333 1768 362 postea

982 371 1046 398 mali
1069 371 1245 403 solutionem,
1269 376 1297 398 et
1321 371 1448 399 interitus
1465 371 1641 403 ablationem,
1656 373 1768 399 restitu-

982 416 1138 450 tionemque
1156 417 1184 443 in
1199 415 1308 448 melius,
1323 423 1354 443 ac
1365 416 1543 451 pristinorum
1565 416 1699 443 honorum
1727 425 1769 444 re—

981 461 1144 495 ceptionem.
1166 462 1276 490 Sciebat
1303 463 1377 490 enim
1401 462 1474 497 quod
1498 463 1619 489 mitteret
1635 470 1685 489 suo
1697 467 1768 489 tem-

980 513 1046 539 pore
1061 506 1159 533 Filium
1170 515 1249 535 suum
1260 507 1288 534 in
1303 507 1422 534 humana
1436 507 1532 539 forma,
1552 507 1599 542 qui
1616 515 1666 542 pro
1688 507 1768 534 nobis

980 552 1130 580 moriturus
1146 557 1228 585 esset,
1254 553 1404 588 mortisque
1427 553 1572 587 imperium
1603 553 1766 584 aboliturus,

980 601 1010 623 ut
1033 598 1158 624 vivorum
1177 598 1258 624 simul
1278 602 1306 624 et
1326 602 1497 624 mortuorum
1514 597 1681 624 dominetur.
1696 597 1766 631 Quid

979 642 1052 669 enim
1064 642 1075 668 ?
1088 642 1115 669 Si
1129 650 1183 669 non
1193 650 1288 669 omnes
1301 643 1489 675 crediderunt,
1504 647 1579 670 certe
1601 643 1766 670 salvatorum

979 688 1187 715 innumerabilis
1211 688 1358 715 multitudo
1388 689 1497 716 illorum
1525 689 1666 716 interitum
1699 697 1765 724 quo-

979 734 1123 762 dammodo
1148 735 1266 762 elevabit
1283 744 1289 761 :
1311 743 1461 770 eorumque
1486 736 1537 763 hac
1549 736 1583 762 de
1594 744 1676 763 causa
1686 736 1762 763 dolo-

979 788 1037 807 rem
1060 789 1160 808 vanum
1185 781 1347 814 declarabit,
1370 786 1475 809 tantum
1490 790 1545 810 non
1558 783 1652 810 dicens
1669 792 1674 809 :
1692 793 1700 807 ι
1713 783 1765 811 Co-

978 827 1092 854 medunt
1117 834 1172 854 suae
1192 827 1320 862 'ipsorum
1347 827 1398 854 viae
1416 827 1522 855 fructus
1537 829 1570 854 ”.
1591 838 1598 853 ι
1617 828 1684 856 Cum
1698 829 1765 863 ipsis

979 871 1076 898 salvari
1091 871 1195 903 liceret,
1214 872 1237 898 si
1250 872 1410 904 voluissent,
1428 876 1455 899 et
1467 880 1508 904 ea,
1524 873 1626 908 quibus
1643 878 1763 908 postum-

942 918 960 944 ι]
976 917 1041 944 dum
1060 916 1175 944 involuti
1200 921 1273 950 sunt,
1290 917 1388 944 damna
1411 918 1525 950 evitare,
1554 919 1762 953 Redemptorem

976 969 1030 988 non
1054 962 1212 994 admittunt,
1239 962 1291 990 hoc
1305 966 1358 994 ,est
1382 962 1531 990 Christum.
1557 963 1584 990 Si
1599 963 1660 997 quis
1678 963 1762 994 enim,

976 1007 1084 1039 amabo,
1108 1007 1229 1035 colendae
1245 1012 1324 1035 terra:
1348 1008 1446 1035 artifex
1458 1009 1688 1043 prmstantissimis
1700 1009 1762 1043 qui-

977 1053 1082 1088 busque
1093 1054 1238 1082 arboribus
1248 1055 1359 1082 hortum
1375 1063 1455 1082 suum
1472 1055 1627 1090 impleverit
1641 1065 1646 1081 :
1664 1055 1763 1082 deinde

975 1107 1042 1126 vero
1063 1107 1118 1127 non
1143 1108 1238 1130 omnes
1265 1101 1374 1133 damna,
1398 1109 1458 1136 quae
1477 1101 1593 1128 diversis
1620 1101 1653 1128 de
1673 1101 1763 1128 causis

976 1145 1106 1173 ohvenire
1130 1147 1228 1179 solent,
1239 1146 1379 1182 eﬁ’ugiant,
1402 1155 1493 1179 nemo,
1512 1151 1542 1174 ut
1558 1147 1686 1179 arbitror,
1703 1147 1762 1174 exi-

975 1191 1127 1218 stimaverit
1153 1197 1233 1220 terrae
1253 1193 1387 1220 cultorem
1408 1198 1481 1220 recte
1498 1193 1618 1227 plantare
1629 1193 1760 1225 noluisse,

975 1244 1063 1271 neque
1091 1245 1157 1264 vero
1177 1237 1332 1272 quisquam,
1345 1238 1385 1265 uti
1396 1238 1503 1273 opinor,
1520 1238 1595 1264 illum
1611 1237 1762 1272 reprehen-

975 1282 1054 1310 derit.
1077 1283 1168 1319 Longe
1197 1284 1271 1311 enim
1301 1284 1403 1312 abest:
1430 1284 1566 1319 siquidem
1590 1291 1650 1311 eam
1679 1291 1761 1318 quam

974 1328 1096 1362 oportuit
1110 1327 1143 1355 ad
1163 1327 1341 1362 plantandum
1355 1336 1449 1355 curam
1473 1328 1608 1360 adhibuit,
1627 1327 1680 1355 illa:
1696 1336 1761 1355 vero

974 1373 1132 1401 inﬁrmitate
1156 1374 1325 1401 laborarunt.
1341 1374 1383 1401 An
1401 1374 1492 1408 itaque
1515 1374 1638 1401 dicemus
1656 1373 1762 1408 praesti-

974 1419 1039 1446 tisse
1051 1423 1081 1446 ut
1098 1419 1210 1446 omnino
1222 1427 1237 1446 a
1254 1419 1422 1454 plautatione
1435 1423 1564 1451 cessaret,
1579 1426 1667 1453 neque
1678 1426 1761 1453 gene-

974 1464 1123 1491 rosissimis
1146 1465 1246 1499 plantis
1275 1464 1385 1492 hortum
1414 1472 1494 1492 suum
1511 1468 1679 1496 consereret,
1703 1471 1762 1490 om-

974 1517 1092 1543 nemque
1125 1509 1153 1535 in
1182 1509 1342 1536 universum
1371 1509 1491 1536 colendae
1519 1514 1597 1536 terrm
1627 1510 1759 1536 rationem

970 1554 1132 1590 tollendam,
1151 1562 1185 1580 ne
1202 1554 1340 1588 aliquibus
1361 1554 1462 1588 plantis
1477 1555 1532 1589 jam
1544 1554 1676 1581 consertis
1685 1554 1761 1581 dam-

935 1593 956 1622 C
972 1606 1038 1626 num
1063 1599 1189 1626 accidat?
1210 1599 1270 1631 Quo
1292 1604 1370 1633 pacto
1396 1607 1461 1626 vero
1479 1607 1534 1626 non
1546 1600 1695 1626 absurdum
1710 1599 1760 1625 ad-

972 1645 1083 1672 modum
1104 1645 1196 1677 fuerit,
1215 1644 1237 1671 si
1252 1645 1304 1671 hoc
1318 1649 1391 1672 recte
1409 1652 1438 1672 se
1457 1645 1559 1672 habere
1576 1645 1761 1672 censeamus?

998 1691 1024 1717 5.
1032 1691 1206 1725 Nequaquam
1216 1690 1297 1725 igitur
1305 1690 1390 1717 Deum
1400 1690 1587 1717 incusabimus
1597 1693 1759 1721 creatorem,

971 1737 1018 1772 qui
1036 1740 1115 1763 ortus
1131 1736 1218 1763 nostri
1238 1739 1335 1762 auctor
1363 1735 1458 1767 fuerit,
1487 1736 1535 1763 sed
1560 1736 1589 1763 in
1613 1743 1663 1762 nos
1687 1736 1761 1770 ipsos

970 1782 1061 1817 potius
1083 1782 1190 1817 culpam
1210 1781 1396 1813 conferemus,
1420 1782 1467 1816 qui
1486 1781 1641 1808 voluntario
1659 1781 1760 1808 damno

971 1828 1114 1860 allicimur,
1144 1827 1167 1854 si
1191 1828 1273 1855 modo
1294 1832 1368 1855 recte
1391 1827 1515 1862 judicare
1532 1827 1657 1854 velimus.
1681 1827 1759 1860 Quod

971 1874 1044 1901 enim
1066 1873 1158 1900 statim
1182 1873 1322 1900 hominem
1348 1873 1381 1900 ad
1397 1872 1584 1900 exsistendum
1600 1871 1757 1902 traducens.

970 1920 1054 1947 sciret
1077 1926 1141 1946 eum
1160 1919 1300 1953 lapsorum
1321 1918 1349 1944 in
1367 1918 1519 1951 interitum,
1531 1918 1659 1953 quodque
1677 1926 1757 1945 cura-

971 1965 1053 1992 tionis
1079 1964 1175 1991 modos
1196 1971 1251 1991 non
1270 1963 1422 1998 ignorabat,
1448 1964 1590 1990 manifeste
1611 1964 1754 1998 persuach

970 2011 1080 2038 divinus
1089 2011 1199 2042 Paulus,
1210 2010 1326 2037 salutem
1338 2017 1387 2044 per
1401 2009 1550 2041 Christum,
1564 2017 1625 2036 eam
1636 2018 1696 2044 quae
1715 2015 1757 2037 est

969 2056 1046 2083 velut
1058 2056 1085 2082 in
1095 2054 1307 2090 prmcognitione
1323 2053 1445 2089 spiritus,
1462 2053 1621 2081 testiﬁcans.
1634 2054 1673 2081 lla
1682 2054 1756 2081 enim

971 2101 1114 2128 Timotheo
1142 2100 1255 2136 proprio
1284 2107 1334 2127 suo
1362 2099 1497 2133 discipulo
1525 2099 1643 2126 scribit:
1668 2109 1676 2124 ι
1694 2099 1754 2126 Noli

970 2147 1063 2181 itaque
1081 2145 1246 2173 erubescere
1268 2144 1456 2171 testimonium
1474 2145 1580 2171 Domini
1595 2144 1691 2176 nostri,
1706 2153 1755 2171 ne-

969 2200 1022 2227 que
1044 2199 1086 2219 me
1108 2192 1229 2219 vinctum
1261 2191 1336 2218 illius
1355 2199 1361 2216 ε
1383 2190 1431 2217 sed
1450 2190 1586 2217 collabora
1610 2190 1756 2225 Evangelia

967 2238 1043 2271 juxta
1057 2237 1207 2272 potentiam
1224 2236 1272 2263 Dei
1283 2255 1290 2268 ,
1319 2235 1365 2269 qui
1380 2242 1431 2262 nos
1447 2234 1585 2266 liberavit,
1603 2238 1631 2261 et
1650 2235 1756 2262 vocarit

935 2269 954 2296 Β
970 2283 1110 2310 vocatione
1134 2289 1182 2309 sua
1199 2285 1302 2313 sancta,
1320 2288 1373 2308 non
1394 2279 1544 2307 secundum
1557 2287 1640 2314 opera
1651 2285 1754 2312 XIOSH'R,

969 2328 1016 2356 sed
1033 2327 1184 2355 secundum
1201 2326 1370 2362 propositum
1391 2326 1442 2360 ιο
1463 2333 1553 2357 suum,
1577 2330 1606 2352 et
1628 2325 1754 2360 gratiam,

969 2381 1030 2408 quae
1049 2373 1113 2400 data
1135 2375 1177 2399 est
1195 2371 1277 2398 nobis
1296 2371 1323 2397 in
1349 2369 1459 2398 Christo
1471 2369 1534 2397 Jesu
1555 2374 1618 2396 ante
1633 2374 1756 2404 tempora

968 2418 1119 2449 saecularia,
1144 2417 1317 2444 manifestata
1342 2419 1385 2443 est
1406 2420 1496 2443 autem
1523 2424 1596 2443 nunc
1611 2415 1638 2442 in
1652 2416 1755 2442 ultimis

970 2465 1139 2499 temporibus
1166 2472 1216 2499 per
1239 2462 1468 2490 illuminationem
1494 2461 1642 2489 Salvatoris
1666 2462 1754 2489 nostri

968 2510 1033 2538 Jesu
1042 2509 1143 2537 Christi
1151 2510 1183 2536 "‘.
1197 2519 1206 2534 ι
1222 2508 1290 2535 Aliis
1301 2511 1392 2534 autem
1407 2515 1501 2534 rursus
1513 2516 1519 2534 :
1536 2517 1545 2532 ι
1564 2507 1671 2534 Scimus
1681 2506 1753 2541 quod

969 2555 1149 2590 diligentibus
1169 2555 1254 2581 Deum
1276 2553 1368 2581 omnia
1389 2557 1571 2588 cooperantur
1586 2553 1612 2579 in
1639 2552 1752 2584 bonum,

969 2601 1012 2629 his
1040 2601 1087 2636 qui
1105 2601 1181 2636 juxta
1196 2599 1366 2635 propositum
1383 2600 1472 2626 vocati
1496 2603 1559 2626 sunt
1576 2599 1672 2626 sancti.
1686 2599 1752 2625 Nam

968 2655 1037 2681 quos
1053 2646 1199 2681 praescivit,
1215 2645 1324 2673 eosdem
1341 2649 1369 2672 et
1380 2645 1583 2680 praadestinavit
1599 2645 1754 2672 conl'ormes

969 2693 1027 2720 ﬁeri
1044 2692 1170 2727 imaginis
1185 2692 1246 2718 Filii
1261 2691 1315 2723 sui,
1335 2696 1365 2718 ut
1379 2692 1435 2726 ipse
1455 2691 1490 2718 sit
1508 2690 1706 2726 primogenitus
1725 2690 1753 2716 in

968 2739 1062 2766 multis
1070 2738 1211 2766 fratribus.
1223 2737 1297 2771 Quos
1309 2742 1400 2765 autem
1417 2738 1629 2773 pratdestinavit,
1642 2736 1752 2764 eosdem

968 2791 994 2813 et
1023 2785 1152 2819 vocavit;
1173 2789 1201 2813 et
1229 2792 1298 2820 quos
1320 2784 1437 2816 vocavit,
1465 2784 1514 2811 hos
1532 2787 1559 2810 et
1574 2782 1750 2819 justilicavit;
