1990 3046
195 182 228 209 ²7
701 184 728 212 S.
750 185 888 213 CYRILLI
908 183 1142 212 ALEXANDRINI
1163 183 1324 210 ARCHIEP.
1783 178 1821 207 £8

194 246 264 274 quos
285 243 376 266 autem
389 240 558 276 justiﬁeavit,
575 242 664 270 hoset
677 243 840 279 gloriﬁcavit
853 244 886 270 “.
902 253 910 268 ι
927 243 981 270 Αυ-

1031 243 1104 274 ὄπως
1118 242 1240 269 δεδόσθαι
1253 240 1318 276 φησί
1330 240 1380 276 τὴν
1393 241 1421 267 ὲν
1437 241 1548 277 Χριστῷ
1559 242 1637 277 χάριν
1652 241 1706 276 πρὸ
1717 239 1820 276 χρόνων

194 283 238 311 dis
265 292 320 319 quo
346 289 427 319 pacto
451 286 542 313 datam
565 294 624 314 esse
646 287 684 314 ait
699 287 813 322 gratiam
832 287 858 313 in
870 286 980 312 Christo

193 333 257 356 ante
276 334 378 357 aeterna
395 334 519 365 tempora
536 339 542 357 :
560 332 701 366 prtescitos
714 335 804 358 autem
818 339 850 358 ac
860 330 964 365 ιιι-αιῦηί
975 345 981 351 -

194 379 237 402 tos
258 375 402 402 manifeste
427 384 442 403 a
463 376 519 403 Deo
540 382 567 404 ct
584 378 664 404 Patre
681 385 738 409 eos,
759 377 806 411 qui
826 375 982 403 conformes

193 420 279 448 futuri
299 425 377 448 erant
393 421 504 457 imagini
530 422 592 450 Filii
617 423 725 458 ipsius?
742 422 888 449 Prmseitus
906 422 980 449 enim

193 469 245 498 est,
260 470 291 493 ut
305 466 361 493 dixi
374 487 380 499 ,
398 466 596 495 incarnationis
614 467 720 494 modus.
741 465 902 501 Opportuno
915 475 981 494 vero

195 517 319 547 tempore
334 514 492 541 morborum
507 514 606 541 solutio
621 512 809 540 administrata
837 517 888 545 est,
907 514 980 548 quod

194 557 282 592 ipsum
301 558 401 586 Paulus
418 567 528 586 rursum
552 562 678 590 testatur,
699 558 736 585 ita
754 558 898 586 scribens:
921 569 930 584 ‹
948 559 979 586 Εἰ

193 609 285 632 autem
311 605 358 640 qui
385 609 482 640 potens
503 609 545 632 est
560 613 608 632 vos
626 605 788 633 conﬁrmare
801 606 877 640 juxta
889 606 981 633 Evan-

193 649 295 684 gelium
315 657 405 676 meum
426 655 454 677 et
478 650 702 684 praedicationem
717 650 782 678 Jesu
798 650 910 683 Christi,
935 659 979 678 se~

193 695 315 722 cundum
338 695 534 722 revelationem
559 696 691 731 mystcrii,
716 696 885 731 temporibus
898 701 980 724 :eter-

193 741 236 768 nis
247 741 335 773 taciti,
351 742 424 776 quod
438 750 512 769 nunc
529 742 693 776 patefactum
703 747 744 770 est
759 751 808 778 per
825 743 980 779 Scripturas

192 788 399 822 prophetarum,
421 788 572 816 secundum
595 793 759 824 praeceptum
777 790 872 817 atterni
885 790 933 817 Dei
945 790 978 817 ad

192 831 379 860 obeditionem
398 833 472 867 ﬁdei,
493 835 521 862 in
536 837 643 864 cunctis
658 837 785 872 gentibus
798 837 914 872 cogniti:
929 838 979 865 soli

192 876 309 911 sapienti
324 878 380 906 Deo
392 887 441 914 per
455 880 549 908 Iesum
564 881 714 914 Christum,
731 882 775 909 cui
786 882 872 917 gloria
886 881 914 909 in
927 890 978 910 ειε-

1031 287 1164 313 αίωνίων·
1189 286 1378 322 προεγνῶσθαι
1403 286 1432 313 δὲ
1458 287 1505 313 καὶ
1529 287 1697 323 προωρίσθαι
1726 287 1818 322 σαφῶς

1031 331 1106 367 παρά
1118 331 1164 358 τοῦ
1178 331 1244 357 Θεοῦ
1263 331 1310 357 καὶ
1330 330 1435 366 Πατρὸς
1449 330 1513 362 τοὺς
1530 331 1708 366 συμμόρφους
1721 329 1818 366 ἐσομέ-

1030 385 1091 409 νους
1107 377 1156 412 τῆς
1173 377 1276 408 εἰκόνος
1296 375 1343 402 τοῦ
1361 376 1426 403 Υἰοῦ
1443 376 1537 403 αὑτοῦ.
1562 376 1738 412 Προέγνωστο
1752 377 1817 411 γὰρ,

1030 423 1067 454 ὡς
1082 423 1166 458 ἔφην,
1182 422 1256 456 ὁτῆς
1273 422 1505 458 ὲνανθρωπήσεως
1523 422 1640 458 τρόπος¹
1659 422 1818 457 ὲταμιεύετο

1029 468 1058 494 δὲ
1071 469 1159 504 καιρῷ
1170 468 1209 504 τῷ
1220 468 1384 505 προσήκοντι
1395 468 1449 494 τῶν
1463 467 1688 504 ἀρρωστημάτων
1700 469 1716 503 ή
1731 467 1816 501 λύσις,

1030 515 1076 541 καὶ
1092 515 1262 550 μαρτυρήσει
1278 515 1360 541 πάλιν
1370 515 1384 540 ὁ
1398 514 1512 546 Παῦλος,
1523 514 1572 541 ὼδί
1583 514 1734 550 ἐγγράψας·
1751 523 1760 540 ι
1773 513 1819 549 Τῷ

1029 560 1057 587 δὲ
1069 560 1208 596 δυναμένῳ
1223 561 1295 595 ἡμᾶς
1309 560 1433 595 στηρίξαι
1447 559 1517 586 κατὰ
1527 560 1557 587 τὸ
1576 559 1742 594 Εὐαγγέλιόν
1757 567 1817 594 μου,

1030 606 1077 633 καὶ
1094 606 1125 633 τὺ
1147 607 1278 642 κήρυγμα
1302 605 1389 641 Ἰησοῦ
1405 605 1540 641 Χριστοῦ,
1562 605 1631 632 κατὰ
1647 604 1819 639 ἀποκάλυψιν

1031 652 1181 688 μυστηρίου
1194 652 1301 688 χρόνοις
1313 651 1432 683 αἰωνίοις
1446 652 1636 687 σεσιγημένου,
1651 650 1819 687 φανερωθέν-

1028 707 1074 730 τος
1087 698 1134 725 νῦν
1144 699 1187 725 διά
1200 707 1228 724 τε
1240 697 1354 733 Γραφῶν
1368 697 1542 733 προερητικῶν
1554 697 1614 724 κατ’
1627 697 1758 732 ἐπιταγὴν
1771 696 1818 724 τοῦ

1029 743 1138 770 αἰωνίου
1153 744 1232 775 Θεοῦ,
1255 745 1295 775 εἰς
1315 743 1437 778 ὑπακοὴν
1457 743 1594 774 πίστεως,
1610 743 1650 774 εἰς
1673 743 1761 769 πάντα
1785 745 1820 770 τὰ

1030 789 1093 824 ἔθνη
1111 789 1320 824 γνωρισθέντος,
1337 789 1410 824 μόνῳ
1425 789 1498 824 σοφῷ
1510 789 1569 824 Θεῷ
1586 789 1629 816 διά
1647 788 1734 824 Ἰησοῦ
1749 788 1819 824 Χρι-

1032 835 1105 865 στοῦ,
1121 831 1143 868 ᾧ
1155 835 1171 870 ή
1184 834 1247 867 δόξα
1258 835 1298 867 εἰς
1312 835 1357 861 τὸν
1369 835 1463 861 αἰῶνα.
1481 834 1577 870 Ἀμήν.
1597 844 1606 860 ι
1624 835 1755 870 Σεσίγητο
1769 834 1818 869 μὲν

1030 880 1124 916 γὰρτὸ
1142 881 1305 917 μυστήριον,
1321 880 1498 916 πεφανέρωτο
1514 880 1542 907 δὲ
1561 879 1619 911 νῦν,
1636 879 1680 907 διά
1692 889 1720 906 τε
1736 880 1817 915 νόμον

192 922 263 949 cula.
285 923 372 951 Amen
396 925 429 951 ".
451 935 460 951 ι
487 926 612 954 Tacitum
634 927 708 954 enim
727 932 786 954 erat
808 928 979 963 mysterium,

1032 927 1079 953 καὶ
1095 926 1258 962 προφητῶν.
1274 926 1344 953 κατὰ
1359 926 1468 962 θέλησιν
1484 925 1531 952 τοῦ
1548 925 1615 952 Θεοῦ
1640 926 1687 953 καὶ
1702 925 1817 961 Πατρός.

193 968 395 997 manifestatum
414 975 506 999 autem
523 980 596 1000 nunc
608 981 656 1008 per
667 973 754 1008 legem
775 977 803 1000 et
823 974 979 1008 prophetas,

190 1014 267 1050 juxta
282 1015 450 1044 voluntatem
465 1017 513 1045 Dei
531 1026 562 1045 ac
573 1018 671 1048 Patris.
686 1018 826 1054 Siquidem
837 1020 980 1048 instaurati

194 1068 290 1088 sumus
309 1061 337 1088 in
353 1061 463 1090 Christo
493 1063 526 1090 ad
539 1064 686 1098 pristinum
699 1069 810 1097 statum,
826 1065 935 1093 abolitis
948 1066 981 1093 iis

195 1112 257 1140 quae
275 1106 450 1140 postmodum
468 1107 601 1135 diabolica
615 1108 709 1135 fraude
722 1109 800 1136 nobis
815 1109 979 1138 acciderant.

197 1150 236 1178 Ita
261 1153 335 1179 enim
353 1161 463 1180 rursum
484 1153 585 1181 Paulus
601 1153 635 1181 de
648 1154 769 1181 omnium
785 1159 910 1182 nostrum
925 1155 981 1182 Sal-

191 1200 286 1224 vatore
310 1197 419 1226 Christo
443 1199 501 1226 ait:
525 1209 534 1224 ‹
551 1199 580 1226 ln
594 1207 649 1235 quo
671 1199 804 1228 habemus
814 1201 980 1236 redemptio-

192 1249 255 1269 nem
276 1251 327 1278 per
339 1245 497 1279 sanguinem
516 1245 585 1280 ejus,
606 1245 795 1273 remissionem
807 1252 980 1281 peccatorum

192 1288 345 1316 secundum
361 1289 471 1316 divitias
483 1290 576 1325 gratia:
590 1290 659 1325 eius,
674 1299 735 1326 quae
748 1292 982 1326 superabundavit

193 1331 222 1360 in
235 1333 324 1365 nobis,
342 1334 370 1361 in
385 1335 459 1361 omni
474 1335 606 1370 sapientia
627 1339 655 1362 et
671 1336 826 1371 prudentia,
843 1341 873 1364 ut
885 1341 982 1365 notum

193 1378 297 1406 faceret
313 1379 392 1407 nobis
418 1385 618 1408 sacramentum
639 1381 789 1409 voluntatis
802 1390 867 1415 suae,
882 1390 981 1410 secun-

193 1424 258 1452 dum
285 1425 486 1460 beneplacitum
510 1426 578 1461 ejus.
602 1427 674 1461 quod
692 1428 834 1462 proposuit
849 1429 875 1456 in
894 1437 937 1462 eo,
955 1431 982 1458 in

193 1470 396 1504 dispensatione
416 1471 596 1505 plenitudinis
626 1475 781 1506 temporum
796 1493 803 1505 ,
830 1474 982 1502 instaurare

194 1515 285 1541 omnia
317 1515 343 1541 in
369 1514 490 1546 Christo,
517 1524 577 1550 qua:
600 1516 627 1542 in
654 1517 731 1544 ctelis
748 1521 821 1550 sunt,
836 1523 937 1552 etquae
955 1519 981 1546 in

194 1565 266 1587 terra
281 1564 355 1592 sunt,
375 1560 403 1587 in
420 1560 489 1595 ipso.
508 1561 537 1587 ln
551 1569 605 1596 quo
620 1561 702 1588 etiam
717 1567 745 1589 et
769 1571 819 1590 nos
839 1563 908 1590 forte
932 1571 981 1591 vo—

194 1606 246 1633 cati
257 1613 362 1637 sumus,
374 1605 558 1640 praedestinati
569 1606 721 1633 secundum
732 1608 902 1642 propositum
911 1609 980 1644 ejus,

193 1650 240 1685 qui
251 1653 382 1684 operatur
395 1650 486 1677 omnia
499 1650 576 1685 juxta
591 1651 736 1678 consilium
752 1652 902 1680 voluntatis
915 1661 981 1686 suae,

195 1698 225 1721 ut
244 1694 331 1721 simus
350 1694 378 1721 in
400 1694 510 1722 laudem
528 1695 621 1730 gloria:
634 1695 708 1723 illius
722 1704 773 1724 nos
787 1697 834 1732 qui
846 1701 908 1725 ante
923 1706 983 1733 spe-

195 1740 315 1767 ravimus
338 1739 367 1766 in
381 1739 491 1767 Christo
505 1740 538 1767 ".
558 1750 567 1766 ι
584 1741 655 1768 Ecce
671 1749 767 1769 rursus
783 1743 909 1777 praefiniti
922 1744 983 1779 qui-

194 1784 257 1812 dem
270 1792 375 1816 sumas,
386 1786 462 1820 juxta
476 1785 647 1820 propositum
661 1787 760 1820 Patris,
781 1788 829 1822 ιι
843 1788 981 1824 antiquio-

197 1837 254 1856 rem
282 1829 484 1864 quodammodo
511 1830 594 1857 etiam
619 1838 694 1865 spem
711 1840 792 1866 quam
810 1833 899 1867 ipsum
922 1842 982 1862 esse

196 1875 280 1908 nacti,
298 1875 355 1902 Deo
386 1875 438 1902 hoc
462 1875 633 1910 prmscicntc,
659 1884 690 1904 ac
708 1878 816 1912 propria
843 1878 982 1907 voluntate

196 1928 256 1954 qum
283 1920 363 1948 nobis
387 1925 521 1947 eventura
546 1926 626 1948 erant
652 1922 807 1949 ordinante.
835 1923 982 1958 Postquam

195 1965 269 1993 enim
296 1960 403 2000 decepit
428 1965 563 1992 Adamum
590 1966 669 1993 initio
691 1972 720 1994 et
745 1968 881 1996 vecordiae
905 1977 982 1996 reum

197 2010 291 2036 statuit
317 2010 422 2045 peccati
451 2010 588 2042 inventor,
624 2011 658 2038 ad
679 2016 795 2039 mortem
815 2013 853 2041 ita
875 2014 983 2042 traduci

195 2056 320 2090 contigit,
334 2063 469 2091 poenaque
487 2056 514 2083 in
533 2063 628 2082 omnes
645 2056 770 2084 homines
781 2059 910 2093 pervasit,
924 2061 982 2088 vel-

197 2101 236 2128 uti
258 2109 292 2127 ex
310 2101 403 2128 radice
418 2102 446 2128 in
464 2109 554 2129 ramos
570 2102 635 2128 vitio
652 2110 712 2129 sese
729 2109 902 2139 propagante.
928 2106 982 2133 Re-

196 2146 288 2181 gnavit
298 2145 372 2172 enim
389 2146 423 2173 ab
439 2146 525 2173 Adam
538 2151 566 2173 et
580 2155 666 2182 usque
681 2147 714 2174 ad
729 2147 848 2183 Moysen.
864 2150 982 2178 Peccan-

197 2191 271 2218 tibus
294 2197 360 2218 vero
381 2191 408 2218 in
435 2191 615 2218 similitudine
643 2194 865 2227 transgressionis
885 2195 981 2228 Adam,

196 2235 352 2262 necessario
372 2235 502 2270 deinceps
521 2236 639 2271 providit
659 2237 716 2264 suis
740 2240 875 2267 creaturis
890 2248 981 2268 rerum

195 2281 302 2317 Opifex,
327 2286 355 2309 et
380 2282 528 2309 secundam
545 2283 747 2316 quodammodo
772 2285 852 2313 nobis
879 2287 986 2321 generis

198 2328 316 2354 radicem
340 2328 511 2355 machinatus
531 2332 582 2359 est,
602 2336 663 2363 qua:
681 2337 731 2356 nos
745 2330 777 2356 ad
791 2330 932 2364 pristinam
944 2332 985 2359 in-

195 2373 401 2407 corruptionem
431 2374 590 2407 reduceret.
616 2379 647 2402 ut
674 2377 904 2410 quemadmodum
934 2387 984 2406 nos

196 2416 284 2451 prima
301 2425 333 2444 ac
348 2421 456 2445 terrena
473 2419 560 2454 imago
581 2420 715 2448 moriendi
734 2422 896 2449 necessitate
915 2424 983 2451 insi-

195 2463 292 2498 gnivit,
313 2468 342 2491 et
360 2464 486 2492 interitus
509 2465 613 2500 laqueis
628 2466 759 2494 involvit:
778 2467 815 2494 ila
831 2468 909 2496 nobis
922 2477 984 2496 rur-

196 2517 243 2537 sus
267 2511 417 2538 secundum
440 2515 468 2538 et
491 2515 552 2546 post
577 2512 653 2539 illum
679 2513 854 2548 principium,
871 2515 922 2542 hoc
938 2521 981 2543 est

195 2555 338 2587 Christus,
362 2557 566 2592 similitudoque
587 2566 649 2585 cum
677 2559 734 2594 ipso
760 2568 809 2594 per
834 2561 978 2595 spiritum,

197 2601 293 2628 mortis
315 2606 440 2636 expertes
460 2603 582 2630 declaret
606 2608 652 2631 :et
669 2605 740 2632 sicut
754 2614 804 2632 nos
815 2606 871 2633 illic
884 2607 980 2633 inohe-

196 2645 298 2673 dientia
314 2647 348 2673 ad
379 2649 542 2682 supplicium
559 2649 647 2681 duxit,
679 2650 715 2677 ita
744 2651 788 2677 hic
822 2651 979 2679 obedientia

199 2690 397 2720 benedictionis
433 2694 552 2722 cmlcstis
589 2700 671 2730 atque
715 2700 837 2730 paternae
870 2698 981 2732 partici-

198 2743 246 2770 pcs
257 2736 364 2765 elliciat.
386 2747 395 2764 ι
412 2738 510 2766 Factus
524 2744 566 2767 est
580 2741 664 2772 enim.
694 2751 702 2766 ι
734 2741 832 2776 inquit,
850 2752 858 2768 ‹
876 2743 982 2777 primus

198 2779 280 2809 homo
308 2783 391 2811 Adam
418 2785 444 2812 in
475 2786 593 2813 animam
622 2787 758 2814 viventem
785 2797 789 2814 :
817 2789 981 2816 novissinms

1038 971 1295 1007 Ἀνεστοιχειώμεϐα
1319 972 1367 999 καὶ
1391 973 1445 1008 γάρ
1470 973 1498 999 ὲν
1517 972 1627 1008 Χριστῷ
1652 972 1720 1007 πρὸς
1738 971 1769 998 τὸ
1789 972 1819 999 ὲν

1030 1017 1145 1053 ἀρχαῖς,
1162 1018 1409 1053 ἀνατετραμμένων
1428 1018 1482 1045 τῶν
1501 1018 1601 1053 μεταξὺ
1620 1017 1820 1053 παρεισδεσληο

1031 1063 1118 1090 κάτων
1134 1063 1162 1096 ἐξ
1175 1063 1282 1098 ἀπάτης
1299 1063 1465 1100 διαϐολικῆς.
1482 1065 1553 1100 Ἔφη
1574 1064 1628 1098 γὰρ
1643 1061 1695 1090 ὧδε
1712 1063 1791 1090 πάλιν
1803 1064 1817 1090 ὁ

1031 1107 1136 1139 Παῦλος
1152 1108 1216 1143 περί
1229 1108 1276 1134 τοῦ
1292 1108 1400 1135 πάντων
1428 1109 1507 1144 ήμῶν
1539 1109 1664 1145 Σωτῆρος
1682 1108 1819 1144 ΧριστοῦΙ

1035 1162 1043 1179 ι
1055 1154 1099 1179 Ἐν
1111 1149 1132 1186 ᾧ
1143 1153 1240 1188 ἔχομεν
1252 1153 1302 1188 τὴν
1320 1154 1509 1189 ἀπολύτρωσιν
1525 1153 1569 1180 διὰ
1586 1153 1632 1179 τοῦ
1648 1154 1762 1188 αἵματος
1772 1152 1820 1179 αὖ-

1031 1198 1089 1229 τοῦ,
1107 1197 1155 1233 τὴν
1169 1197 1266 1231 ἄφεσιν
1279 1198 1332 1224 τῶν
1345 1199 1552 1234 ἁμαρτημάτων
1561 1198 1630 1225 κατά
1645 1198 1688 1224 τὸν
1705 1197 1820 1224 πλοῦτον

1031 1243 1081 1278 τῆς
1096 1243 1278 1278 χρηστότητος
1291 1243 1386 1276 αὐτοῦ,
1399 1242 1432 1280 ἧς
1440 1244 1632 1280 ἐπερίσσευσεν
1647 1245 1686 1275 εἰς
1699 1245 1781 1279 ἡμᾶς,
1791 1244 1819 1270 ὲν

1032 1289 1106 1324 πάσῃ
1124 1289 1204 1325 σοφίᾳ
1219 1289 1266 1316 καὶ
1279 1290 1419 1325 φρονήσει,
1436 1290 1570 1326 γνωρίσας
1591 1291 1656 1326 ἡμῖν
1669 1290 1699 1316 τὺ
1717 1289 1820 1325 μυστή-

1033 1342 1090 1369 ριον
1102 1334 1148 1361 τοῦ
1161 1333 1312 1370 θελήματος
1326 1335 1420 1368 αὑτοῦ,
1436 1336 1506 1362 κατὰ
1522 1336 1571 1371 τὴν
1586 1335 1708 1362 εὐδοκίαν
1724 1334 1819 1366 αὐτοῦ,

1031 1379 1066 1413 ἣν
1080 1379 1208 1414 προέθετο
1221 1380 1249 1407 ὲν
1263 1380 1337 1415 αὐτῷ
1353 1382 1392 1412 εἰς
1403 1381 1560 1417 οἰκονομίαν
1575 1381 1621 1408 τοῦ
1638 1380 1820 1417 πληρώματος

1032 1424 1085 1450 τῶν
1105 1425 1223 1461 καιρῶν,
1247 1426 1540 1460 ἀνακεφαλαιώσασθαι
1562 1427 1596 1454 τὰ
1620 1427 1707 1454 πάντα
1732 1427 1760 1452 ἐν
1781 1426 1821 1461 τῷ

1033 1469 1151 1505 Χριστῷ.
1163 1471 1197 1497 τὰ
1212 1471 1241 1497 ὲν
1254 1472 1309 1502 τοῖς
1325 1471 1458 1506 οὐρανοῖς,
1473 1473 1520 1499 καὶ
1538 1474 1571 1499 τὰ
1586 1473 1633 1498 ἐπὶ
1647 1472 1696 1506 τῆς
1714 1472 1776 1506 γῆς,
1792 1472 1821 1498 ὲν

1032 1514 1115 1549 αὐτῷ.
1135 1515 1178 1541 Ἐν
1192 1512 1214 1548 ᾦ
1231 1515 1278 1542 καὶ
1299 1517 1510 1552 ἐκληρώθημεν,
1527 1518 1734 1553 προορισθέντες
1750 1516 1820 1542 κοιτά

1033 1559 1161 1594 πρόθεσιν
1176 1560 1223 1587 τοῦ
1234 1561 1268 1587 τὰ
1281 1562 1368 1588 πάντα
1385 1563 1560 1598 ἐνεργοῦντος
1578 1563 1649 1589 κατὰ
1661 1563 1710 1598 τὴν
1725 1561 1822 1598 βουλὴν

1032 1604 1079 1630 τοῦ
1098 1605 1248 1640 θελήματος
1266 1607 1360 1640 αὑτοῦ,
1377 1608 1416 1639 εἰς
1427 1609 1458 1634 τὸ
1478 1607 1547 1635 εἶναι
1565 1609 1638 1643 ἡμᾶς
1656 1609 1695 1640 εἰς
1712 1609 1822 1635 ἔπαινον

1032 1650 1110 1685 δόξης
1121 1651 1203 1678 αὑτοῦ
1215 1654 1277 1684 τοὺς
1288 1652 1492 1688 προηλπικότας
1504 1654 1532 1679 ὲν
1544 1653 1582 1688 τῷ
1593 1653 1712 1688 Χριστῷ.
1727 1663 1736 1679 ι
1756 1653 1820 1679 Ἰδοὺ

1032 1697 1064 1732 δὴ
1081 1697 1160 1724 πάλιν
1176 1698 1369 1733 προωρίσμεϐα
1385 1699 1451 1734 μὲν,
1473 1699 1542 1726 κατὰ
1556 1699 1684 1736 πρόθεσιν
1699 1699 1746 1725 τοῦ
1764 1699 1819 1725 Πα-

1032 1743 1095 1779 τρός
1106 1753 1112 1760 ·
1127 1744 1318 1780 πρεσϐυτέραν
1330 1744 1461 1780 δὲῶσπερ
1475 1746 1521 1772 καὶ
1529 1745 1578 1780 τὴν
1587 1745 1681 1772 ἐλπίδα
1694 1745 1740 1772 τοῦ
1750 1743 1820 1772 εἶναι

1033 1789 1272 1824 πεπλουτήκαμεν,
1298 1788 1366 1817 Θεοῦ
1386 1790 1416 1816 τὸ
1432 1790 1525 1826 χρῆμα
1541 1791 1755 1825 προεγνωκότος,
1773 1791 1819 1816 καὶ.

1033 1835 1062 1860 ὲν
1078 1834 1156 1865 ἰδίαις
1171 1834 1279 1869 βουλαῖς
1294 1835 1328 1861 τὰ
1345 1836 1387 1870 ἐφ’
1405 1836 1471 1871 ἡμῖν
1491 1836 1611 1871 ἑπόμενα
1631 1835 1818 1870 καταγράφον-

1033 1888 1088 1912 τος.
1112 1880 1222 1916 Ἐπειδὴ
1239 1880 1293 1916 γὰρ
1321 1881 1486 1915 πεφενάκικε
1508 1881 1554 1907 τὸν
1581 1881 1674 1915 Ἀδὰμ,
1698 1881 1819 1911 καὶτοῖς

1033 1925 1082 1960 τῆς
1097 1925 1239 1962 ῥᾳστώνης
1254 1926 1423 1961 ἐγκλήμασιν
1433 1926 1523 1961 ἔνοχον
1532 1926 1669 1961 ἀπέφηνεν
1680 1927 1708 1952 ἐν
1723 1926 1819 1960 ἀρχαῖς

1033 1973 1047 1998 ὁ
1062 1972 1111 2006 τῆς
1136 1971 1272 2007 ἁμαρτίας
1291 1971 1415 2006 εὑρετὴς,
1442 1971 1676 2005 κατακομισθῆναί
1698 1979 1727 1997 τε
1749 1970 1820 1997 οὕτω

1034 2017 1132 2052 συνέϐη
1149 2018 1216 2053 πρὸς
1234 2018 1348 2045 θάνατον
1360 2038 1366 2050 ,
1396 2018 1542 2052 διαϐέϐηκε
1556 2018 1585 2044 δὲ
1599 2019 1639 2049 είς
1655 2018 1760 2048 πάντας
1773 2018 1819 2043 ἀν-

1034 2063 1160 2099 θρώπους
1212 2065 1285 2100 δίκη,
1302 2065 1427 2100 καθάπ;ρ
1443 2067 1474 2091 ἐκ
1493 2065 1570 2100 ῥίζης
1587 2065 1631 2091 ἐπὶ
1646 2064 1679 2090 τὰ
1694 2064 1723 2096 ἐξ
1736 2064 1820 2098 αὐτῆς

1036 2110 1119 2141 ἰόντος
1135 2110 1181 2136 τοῦ
1197 2111 1308 2142 παίους’
1332 2110 1506 2144 βεϐασίλευκε
1528 2111 1582 2146 γὰρ
1600 2110 1654 2137 ἀπὸ
1675 2110 1758 2143 Ἀδὰμ
1773 2110 1819 2135 κιί

1036 2154 1115 2188 μέχρι
1130 2155 1260 2186 Μωσέως,
1276 2155 1322 2181 καί
1337 2156 1382 2181 ἐπὶ
1398 2155 1459 2186 τοὺς
1480 2155 1694 2190 ἁμαρτήσαντας
1720 2154 1765 2180 ἐπὶ
1782 2153 1820 2188 τῷ

1033 2199 1185 2233 ὁμοιώματι
1196 2199 1248 2234 τῆς
1257 2200 1439 2235 παραϐάσεως
1457 2201 1542 2235 ’Λδάμ
1564 2200 1656 2227 λοιπὸν
1665 2200 1819 2234 ἀναγκαίω;

1000 2251 1020 2278 ι)
1036 2245 1183 2280 προενόησε
1205 2246 1261 2272 τῶν
1277 2246 1348 2272 ἰδίων
1374 2247 1530 2281 κτισμάτων
1543 2249 1557 2273 ό
1574 2247 1753 2281 Δημιουργδς,
1773 2247 1819 2272 καὶ

1035 2290 1113 2325 ῥίζαν
1130 2292 1195 2326 ἡμῖν
1218 2290 1312 2326 ὥσπερ
1327 2291 1374 2318 τοῦ
1389 2292 1484 2325 γένους
1504 2293 1660 2327 ἐμηχανᾶτο
1679 2292 1817 2327 δευτέραν,

1033 2336 1073 2366 εἰς
1094 2335 1249 2370 ἀφθαρσίαν
1272 2337 1345 2372 ἡμᾶς
1364 2337 1412 2372 τὴν
1435 2337 1570 2372 προτέραν
1589 2337 1817 2368 ἀναϐιϐάζουσαν,

1033 2382 1067 2409 ἵν’
1083 2382 1176 2418 ὥσπερ
1197 2384 1270 2418 ἡμᾶς
1292 2385 1307 2418 ἡ
1324 2383 1370 2410 τοῦ
1397 2384 1506 2419 πρώτου
1520 2393 1550 2410 τε
1568 2385 1615 2410 καὶ
1630 2384 1683 2410 ἀπὸ
1703 2384 1752 2418 τῆς
1767 2384 1818 2418 γῆς

1033 2427 1166 2462 ἐχάραξεν
1188 2427 1282 2460 εἰκὼν,
1307 2428 1336 2455 τὸ
1361 2429 1518 2455 ἐκτεθνάναι
1541 2430 1606 2461 δεῖν,
1632 2429 1679 2455 καὶ
1703 2431 1758 2460 τοῖς
1770 2429 1818 2463 τῆς

1032 2473 1134 2508 φθορᾶς
1149 2473 1280 2499 ὲναλῶναι
1296 2473 1402 2508 βρόχοις
1411 2482 1418 2488 ·
1430 2473 1501 2500 οὕτω
1512 2474 1593 2500 πάλιν
1605 2475 1694 2508 ήμῖνή
1705 2473 1817 2507 δευτέρα

1034 2518 1081 2544 καὶ
1097 2518 1154 2553 μετ’
1171 2519 1274 2544 ἐκεῖνον
1287 2519 1509 2554 ἀρχὴ,το·.›τέστι,
1521 2519 1647 2554 Χριστὸς,
1662 2519 1707 2545 καὶ
1723 2518 1817 2553 ήπρδς

1033 2563 1113 2590 αὑτὸν
1128 2563 1258 2599 ὁμοίωσις
1273 2564 1316 2590 διὰ
1335 2564 1499 2599 πνεύματος,
1518 2565 1547 2591 τὸ
1570 2564 1720 2598 ἀνώλεθρον
1737 2564 1816 2598 ἐνση-

1035 2610 1151 2645 μήνηται
1165 2617 1173 2625 ·
1195 2611 1242 2636 καὶ
1261 2610 1354 2645 ὥσπερ
1369 2611 1441 2645 ἡμᾶς
1464 2611 1493 2636 ὲν
1518 2609 1613 2644 ἐκείνῳ
1645 2609 1675 2635 τὸ
1688 2609 1818 2643 δυσηκοον

1034 2657 1094 2686 ταῖς
1110 2656 1255 2690 τιμωρίαις
1268 2656 1432 2691 ὑπήνεγκεν,
1447 2656 1533 2687 οὕτως
1547 2656 1575 2682 ἐν
1589 2655 1675 2690 τούτῳ
1688 2655 1717 2680 τὺ
1734 2655 1818 2681 εἰκτι-

1034 2700 1081 2728 κον
1095 2701 1184 2727 καὶτὸ
1204 2703 1243 2733 εἰς
1263 2701 1336 2728 ἀπαν
1357 2701 1480 2732 εὐπειθὲς
1509 2700 1631 2734 εὐλογίας
1653 2701 1701 2735 τῆς
1715 2700 1818 2728 ἀνωθεν

1035 2746 1081 2772 καὶ
1095 2746 1169 2781 παρὰ
1183 2747 1287 2782 Πατρὺς
1298 2748 1423 2782 ἀποφήνῃ
1438 2746 1649 2782 μετεσχηκότας.
1664 2754 1673 2771 ι
1696 2745 1818 2779 Ἐγένετο

1035 2790 1098 2825 γὰρ,
1112 2800 1121 2816 ι
1141 2792 1233 2826 φησὶν,
1247 2802 1255 2818 ι
1273 2793 1286 2818 ό
1302 2792 1408 2828 πρῶτος
1422 2792 1563 2828 ἄνθρωπος
1580 2792 1665 2829 Ἀδὰμ
1677 2793 1715 2825 εἰς
1730 2792 1817 2829 ’ίκυκῆν

234 2873 255 2890 ’⁵
269 2874 345 2902 ιξυιιι.
364 2885 418 2909 γιιι,
435 2876 525 2904 38-50.
565 2879 586 2894 "
601 2879 678 2906 Rom.
699 2889 750 2915 ut,
765 2881 856 2908 23427.
897 2883 917 2898 ’⁷
935 2883 981 2918 Ep]

1031 2884 1102 2913 .I.7
1120 2883 1160 2911 1'2.
