1990 3046
134 187 173 216 9')

645 186 904 215 GLAPHYRORL‘M
923 188 957 216 ΙΝ
977 189 1127 217 GENESIM
1146 189 1209 217 LIB.
1231 189 1251 216 Ι.

1720 192 1756 219 30

135 241 235 273 ζῶσαν,
249 242 264 268 6
285 241 400 276 ἔσχατος
428 242 512 278 ’Δδὰμ
538 244 578 275 εἰς
600 242 708 278 πνεῦμα
731 243 888 276 ζωοποιοῦν.
907 254 916 270 ›

972 245 1055 273 Adam
1071 246 1098 273 in
1122 245 1248 281 Spiritum
1269 245 1451 273 viviﬁcantem
1465 245 1498 272 ’⁸.
1516 255 1524 271 ι
1545 246 1649 274 Rursus
1664 251 1756 275 autem

135 286 189 313 Καὶ
206 286 287 313 πάλιν
307 287 409 323 ἑτέρως
425 289 490 323 ἡμῖν
508 288 574 314 αὐτὸ
591 288 722 322 διεσάφει,
738 289 838 323 λέγων·
856 299 866 315 ι
890 290 920 317 '0

135 331 244 367 πρῶτος
263 332 410 368 ἄνθρωπος
426 335 458 360 ἐκ
471 334 522 368 γῆς
533 334 623 369 χοϊκός
635 342 642 349 '
653 335 667 361 6
680 334 802 370 δεύτερος
816 335 920 370 ἄνθρω-

135 378 205 409 ποςό
216 377 318 414 Κύριος
333 379 363 411 ἐξ
377 379 502 414 οὐρανοῦ.
518 378 581 411 Οἷος
596 381 610 406 6
629 380 730 415 χοϊκός,
745 380 858 407 τοιοῦτοι
874 381 922 406 καὶ

134 423 158 448 al
174 423 280 458 χοϊκοί·
298 425 344 450 καὶ
365 423 422 456 οἷος
444 426 459 452 6
484 425 656 460 ἐπουράνιος,
685 425 799 452 τοιοῦτοι
827 425 875 452 καὶ
895 425 920 451 οἱ

134 469 300 504 ἐπουράνιοι.
317 470 372 496 Καὶ
392 470 482 502 καθὼς
500 470 670 506 ὲφορέσαμεν
689 471 738 506 τὴν
763 471 853 498 εἰκόνα
872 471 920 498 τοῦ

134 514 239 548 χοϊκοῦ,
254 514 405 550 φορέσομεν
422 515 469 542 καὶ
482 515 532 550 τὴν
548 516 640 543 εικόνα
656 516 701 543 τοῦ
719 517 889 552 ἐπουρανίου.
908 526 917 542 ι

135 559 190 586 Καὶ
204 557 292 592 αὖθις·
306 570 315 587 ι
330 561 449 596 Χριστὸς
462 562 537 596 ἡμᾶς
549 562 714 598 ἐξηγόρασεν
725 563 756 590 ἐκ
772 563 822 598 τῆς
835 563 920 590 κατά-

136 614 185 640 ρας
193 605 242 632 τοῦ
252 606 344 641 νόμου,
353 607 498 642 γενόμενος
508 607 578 643 ὑπὲρ
584 607 663 642 ἡμῶν
671 607 787 644 κατάρα.
795 617 855 634 ι-ςι
869 608 905 635 Τε
911 623 921 628 -

135 652 290 679 ταπείνωκε
306 652 361 688 γὰρ
380 653 486 686 ἑαυτὸν,
502 662 512 679 ›
526 653 597 680 καθὰ
609 653 763 689 γέγραπται
773 663 781 670 θ
795 654 922 681 καθίκετο

135 695 162 723 δὲ
182 697 229 723 xui.
246 697 387 733 ἐθελοντὴς
405 699 435 724 ὲν
450 699 505 730 τοῖς
517 699 577 725 καθ’
592 700 667 734 ἡμᾶς
681 700 694 726 6
716 699 863 734 μονογενὴς
874 698 921 726 τοῦ

137 741 202 768 Θεοῦ
214 742 312 776 Λόγος,
328 743 377 777 οὐχ
392 743 435 770 ἶνα
454 744 512 778 μεθ’
528 743 606 779 ἡμῶν
627 743 799 778 βασιλεύηται
823 742 862 778 τῷ
875 742 919 769 θα-

137 788 219 823 νάτῳ,
241 788 472 824 παραπέμποντος
485 789 532 816 τοῦ
555 789 640 825 Ἀδάμ
654 789 701 817 καὶ
723 790 762 821 εις
780 789 860 815 αὐτὸν
873 788 922 824 τὴν

137 834 269 868 νέκρωσιν
279 842 286 848 ·
303 834 397 869 ἐπειδὴ
415 835 489 861 ἐστιν
500 835 582 867 αὐτὸς
593 835 607 861 ό
615 836 649 861 τὰ
661 835 750 862 πάντα
766 834 920 869 ζωογονῶν·

137 879 193 904 ἀλλ’
210 878 255 905 ἵνα
269 879 300 905 τὸ
316 881 349 915 τῇ
368 879 456 915 φθορᾷ
471 879 587 915 κάτοχον
609 878 679 912 εἶδος
701 880 854 916 ἀποφήνας,
871 888 922 915 με·

137 924 331 961 ταστοιχειώσῃ
352 926 421 960 πρὸς
448 925 532 961 ζωήν.
555 925 689 962 Ταύτῃτοι
717 926 814 960 γέγονε
842 925 919 961 σάρξ.
937 919 957 946 Β

137 968 214 995 Οὕτω
227 969 274 996 καὶ
289 971 303 996 ὁ
317 970 395 1004 σοφὸς
415 971 515 1006 γράφει
530 971 649 1002 Παῦλος·
670 980 678 996 ι
699 971 809 1005 Ἐπειδὴ
822 970 876 1004 γὰρ
887 970 920 996 δι’

137 1013 280 1048 ἀνθρώπου
297 1014 423 1047 θάνατος,
437 1016 485 1042 καὶ
498 1016 531 1042 δι’
547 1015 691 1052 ἀνθρώπου
713 1016 861 1048 ἀνάστασις
880 1024 923 1042 νε-

137 1060 219 1093 κρῶν,
231 1061 279 1087 καὶ
293 1060 387 1096 ὥσπερ
401 1062 429 1087 ὲν
437 1062 476 1097 τῷ
490 1061 576 1096 Ἀδὰμ
587 1055 686 1093 πάντες
694 1062 920 1097 ἀποθνήσκουσιν,

137 1105 206 1132 οὕτω
219 1106 267 1132 καὶ
284 1106 313 1133 ὲν
332 1106 370 1141 τῷ
386 1106 497 1142 Χριστῷ
512 1107 613 1138 πάντες
626 1105 884 1142 ζωοποιηθήσονται.
910 1116 919 1133 ι

143 1149 257 1186 Ἀμαθὲς
273 1152 327 1187 γὰρ
339 1152 453 1184 οἴεσθαι,
465 1152 570 1188 γηγενῆ
584 1151 633 1187 μὲν
644 1152 707 1179 ὄντα
719 1153 766 1179 καὶ
779 1151 922 1187 ἄνθρωπον

137 1199 180 1224 τον
193 1198 280 1233 Ἀδὰμ
290 1199 341 1232 τῆς
357 1199 399 1224 ἐπ’
411 1198 486 1234 αὐτῷ
497 1198 645 1233 γενομένης
656 1198 725 1233 ἀρᾶς
736 1198 786 1233 τὴν
795 1197 921 1232 δύναμιν,

138 1243 260 1279 καθάπερ
277 1244 338 1270 τινὰ
362 1243 474 1280 κλῆρον,
493 1244 637 1280 διᾴττοντα
657 1243 789 1278 φυσικῶς,
810 1245 849 1275 εἰς
862 1244 921 1270 ὅλον

140 1289 244 1324 πέμψαι
262 1289 292 1315 τι)
311 1289 389 1323 γένος
402 1297 409 1304 ·
434 1289 537 1316 ἄνωθεν
556 1290 585 1316 δὲ
601 1289 665 1316 ὄντα
681 1289 728 1316 καὶ
747 1288 777 1321 ἐξ
794 1289 920 1324 οὐρανοῦ,

138 1335 182 1362 καὶ
195 1335 261 1361 Θεὸν
276 1334 346 1362 κατὰ
371 1335 451 1370 φύσιν
465 1335 511 1361 τὸν
534 1334 716 1370 Ἐμμανουήλ,
735 1334 781 1361 καὶ
792 1335 838 1360 τὸν
855 1335 922 1370 πρὸς

138 1381 208 1415 ἡμᾶς
223 1380 353 1416 ὁμοίωσιν
369 1375 522 1415 ἐσχηκότα,
538 1380 586 1407 καὶ
604 1380 729 1415 δεύτερον
750 1380 816 1415 ἡμῖν
838 1379 922 1414 ’Δὸὰμ

137 1426 278 1460 γεγονότα.
298 1426 336 1461 μὴ
356 1426 418 1461 οὐχὶ
435 1426 486 1461 τῆς
500 1426 603 1456 οἰκείας
617 1425 690 1459 ζωῆς
707 1424 842 1456 πλουσίως
859 1433 922 1460 μετ-

137 1473 286 1508 εσχηκότας
301 1473 438 1507 ἀποφῆναι
451 1471 532 1498 πάλιν
546 1472 609 1502 τοὺς
622 1471 702 1506 οἵπερ
716 1470 748 1497 ἂν
760 1470 861 1497 ἕλοιντο
873 1470 923 1505 τῆς

137 1518 202 1553 πρὸς
216 1518 300 1544 αὐτὸν
310 1517 475 1553 οἰκειότητος
487 1517 517 1543 ὲν
532 1516 621 1542 πίστει
634 1516 803 1551 μεταλαχεῖν.
816 1515 923 1542 Σύσσω-

139 1571 182 1598 μοι
200 1563 250 1598 μὲν
267 1563 323 1598 γὰρ
341 1563 496 1597 γεγόναμεν
518 1561 592 1596 αὑτῷ
609 1561 642 1588 δι’
659 1561 783 1595 εὐλογίας
806 1560 856 1595 τῆς
874 1569 923 1595 μυ-

138 1608 239 1643 στικῆς.
260 1607 406 1643 Ἦνώμεθα
417 1607 445 1633 δὲ
460 1607 507 1633 καὶ
516 1606 577 1634 καθ’
589 1606 683 1642 ἕτερον
697 1607 807 1642 τρόπον,
819 1606 860 1632 ὅτι
873 1606 922 1640 τῆς

137 1652 209 1684 θείας
233 1652 319 1680 αὑτοῦ
345 1652 453 1687 φύσεως
476 1652 628 1687 γεγόναμεν
655 1652 778 1678 κοινωνοὶ
805 1651 850 1678 διά
874 1651 921 1678 τοῦ

136 1699 301 1734 πνεύματος.
333 1697 520 1730 Ἐναυλὶζεται
534 1699 589 1734 γὰρ
606 1699 666 1730 ταῖς
684 1697 740 1725 τῶν
763 1697 848 1732 ἁγίων
872 1697 921 1730 ψυ-

137 1745 211 1778 χαῖς,
231 1744 280 1771 καὶ
299 1743 337 1776 ὡς
363 1745 377 1771 6
401 1744 534 1780 μακάριος
565 1743 690 1778 Ἰωάννης
715 1743 797 1778 φησίν
815 1751 821 1758 '
845 1752 854 1768 ι
878 1743 921 1769 Ἐν

136 1789 221 1824 τούτῳ
236 1789 409 1824 γινώσκομεν
425 1790 466 1816 ὅτι
480 1790 508 1815 ὲν
519 1789 587 1823 ἡμῖν
597 1789 680 1822 ἐστιν,
693 1789 724 1815 ὲκ
739 1789 786 1815 τοῦ
797 1788 921 1824 Πνεύμα-

137 1845 180 1868 τος
197 1833 228 1863 οὗ
244 1836 346 1862 ἔδωκεν
363 1837 441 1871 ἡμῖν.
471 1845 480 1861 ι
509 1835 614 1861 Οὐκοῦν
629 1835 710 1866 αὑτός
725 1835 799 1861 ἐστιν
814 1835 890 1870 ἡμῶν
905 1835 921 1869 ἡ

137 1880 201 1914 ζωὴ,
217 1880 300 1911 αὐτὸς
313 1880 329 1914 ἡ
341 1880 491 1912 δικαίωσις.
507 1879 664 1915 Γέγραπται
676 1879 704 1905 δὲ
719 1879 814 1906 πάλιν
831 1889 840 1904 ι
861 1879 920 1914 ’Ἆρ’

136 1923 180 1953 οὖν
198 1926 235 1957 ὡς
243 1925 279 1952 δι’
292 1925 350 1957 ἑνὸς
362 1925 586 1960 παραπτώματος
601 1926 640 1956 εἰς
649 1925 752 1956 πάντας
763 1924 811 1951 ἀνθ
817 1924 922 1960 ρώπους

137 1972 174 2002 εἰς
192 1970 363 2006 κατάκριμα,
384 1970 454 1996 οὕτω
480 1970 526 1996 καὶ
544 1970 576 1997 δι’
601 1970 661 2002 ὲνδς
680 1969 862 2005 δικαιώματος
883 1971 922 2001 εἰς

137 2017 236 2048 πάντας
258 2016 418 2051 ἀνθρώπους
431 2017 470 2047 εἰς
480 2016 621 2042 δικαίωσιν
631 2015 714 2050 ζωῆς.
732 2025 740 2042 t
754 2016 807 2043 Καὶ
827 2016 906 2042 πάλιν
915 2025 921 2031 ·

140 2072 148 2088 ι
167 2063 272 2096 Ὠσπερ
283 2062 338 2097 γὰρ
351 2062 394 2088 διὰ
410 2061 460 2096 τῆς
479 2062 620 2097 παρακοῆς
641 2062 687 2088 τοῦ
705 2062 762 2094 ἐνὸς
778 2061 922 2097 ἀνθρώπου

137 2108 290 2143 ἁμαρτωλοὶ
312 2108 517 2143 κατεστάθησαν
540 2109 564 2134 οἱ
584 2107 686 2138 πολλοὶ,
709 2107 780 2134 οὕτω
806 2108 849 2135 διὰ
874 2108 922 2143 τῆς

138 2154 258 2189 ὑπακοῆς
270 2154 317 2180 τοῦ
334 2153 392 2185 ἐνὸς
403 2153 548 2189 ἀνθρώπου
559 2153 658 2180 δίκαιοι
674 2153 922 2188 κατασταθήσονται

136 2200 159 2225 οι
171 2199 273 2226 πολλοί,
295 2209 305 2225 ι
321 2199 400 2225 Ἔστι
415 2199 505 2225 τοίνυν
516 2199 566 2225 οὐκ
580 2199 750 2233 ἀσυμφανὲς,
767 2199 805 2230 ὡς
823 2199 871 2225 καὶ
894 2200 922 2225 ὲν

136 2244 220 2280 Ἀδὰμ
235 2245 275 2281 τῷ
302 2244 402 2281 πρώτῳ
415 2244 446 2271 τὺ
459 2244 505 2271 ἐπὶ
515 2245 542 2289 7X
549 2245 638 2279 ριστὸν
651 2245 799 2280 μυστήριον
813 2244 920 2280 ὁιεμορ-
938 2262 958 2289 D

137 2290 216 2324 φοῦτο
226 2291 299 2323 τότε,
314 2291 344 2317 οὺ
361 2290 405 2317 διά
419 2298 451 2324 γε
469 2289 500 2317 τὸ
515 2288 572 2316 ἴσον
590 2290 807 2324 ἀπαραλλάκτως
821 2291 916 2317 ἀνατυ-

136 2337 280 2372 πούμενον,
303 2337 361 2363 ἀλλ’
384 2336 484 2372 ἑτέρως
506 2344 535 2362 τε
562 2336 622 2371 ἕχον
639 2337 686 2363 καὶ
706 2337 735 2363 ὲν
751 2337 921 2372 ἀντιστρόφῳ

136 2383 265 2418 σχήματι.
286 2383 316 2409 Ὁ
330 2383 378 2417 μὲν
391 2382 444 2416 γὰρ
463 2379 496 2416 ἦν
511 2381 582 2417 ἀρχὴ
595 2382 634 2417 τῷ
650 2383 735 2416 γένει,
753 2382 822 2417 πρὸς
840 2382 920 2409 θάνα-

137 2436 188 2459 τον,
210 2427 278 2462 πρὸς
294 2427 374 2462 ἀρὰν.
393 2428 461 2462 πρὸς
486 2428 659 2463 κατάκρισιν·
684 2429 698 2455 ό
713 2429 740 2455 δὲ
764 2428 832 2463 πρὸς
866 2429 920 2455 πᾶν

136 2471 298 2503 τούναντίον,
318 2471 358 2502 εἰς
378 2471 460 2507 ζωὴν,
482 2473 523 2503 εἰς
550 2472 686 2506 εὐλογίαν,
713 2473 752 2504 εἰς
767 2473 918 2501 δικαίωσιν.

137 2515 189 2542 Καὶ
202 2516 216 2542 6
234 2515 286 2550 μὲν
308 2517 348 2547 εις
365 2516 452 2551 σάρκα
468 2516 532 2551 μίαν
547 2517 652 2552 ἐδέχετο
664 2518 714 2553 τὴν
731 2519 856 2552 γυναῖκα,
872 2519 919 2546 καὶ

137 2560 242 2587 διόλωλε
257 2562 290 2588 δι’
306 2561 407 2596 αὐτῆς·
424 2562 540 2596 Χριστὸς
553 2562 640 2597 δὲτὴν
655 2563 816 2599 Ἐκκλησίαν
831 2565 919 2600 ἑαυτῷ

138 2606 279 2634 συνάπτων
291 2607 336 2634 διὰ
352 2607 399 2634 τοῦ
415 2607 580 2642 πνεύματος,
599 2608 727 2643 ὲκρύεταί
741 2618 770 2635 τε
785 2611 830 2637 καὶ
853 2611 918 2637 ἀνα-

139 2651 227 2685 σώζει,
244 2654 290 2680 καὶ
304 2653 415 2688 ἀπάτης
437 2653 592 2688 διαδολικῆς
615 2655 742 2682 ἀποτελεῖ
764 2656 918 2691 κρείττονα.

138 2699 281 2736 Τοιγάρτοι
296 2702 344 2728 καὶ
361 2701 502 2728 ἀναπείθει
527 2701 606 2738 βοᾷν·
630 2711 639 2728 ι
665 2703 702 2729 Οὐ
719 2701 774 2737 γὰρ
790 2702 871 2729 αὑτοῦ
886 2702 920 2728 τὰ

138 2746 259 2780 νοήματα
273 2747 436 2783 ἀγνοοῦμεν.
457 2756 466 2772 ι
483 2748 536 2774 Καὶ
550 2749 564 2775 ό
580 2748 628 2782 μὲν
652 2748 802 2783 προπάτωρ
824 2748 919 2781 Ἀδὰμ,

139 2791 272 2826 ἁμαρτιας
281 2793 397 2827 ὀψώνιον
406 2794 451 2821 καὶ
466 2793 648 2829 παραϐάσεως
660 2793 737 2828 δίκην
753 2794 858 2828 ἐδέχετο
873 2793 920 2828 τὴν

171 2848 193 2863 ’⁸
208 2850 217 2877 l
234 2850 298 2879 Cor.
316 2860 360 2883 xv,
375 2852 417 2878 45.
456 2853 477 2868 ’³
495 2852 560 2879 ibid.
578 2853 668 2879 47-49.
705 2852 727 2867 ³⁸
744 2852 829 2880 Galnt.
846 2861 884 2883 ιιι,
903 2853 944 2879 15.

140 2885 232 2916 “1,25.
273 2887 292 2901 "‘
311 2887 390 2914 “om.
407 2895 432 2921 ι’,
453 2887 492 2915 l8.
532 2888 553 2902 ⁸⁵
569 2887 636 2915 ibid.
653 2887 692 2914 19.
732 2888 752 2901 ”'
766 2888 786 2914 ll
798 2888 860 2914 (lor.
874 2895 901 2921 ιι,
915 2888 954 2915 li.

971 291 1051 319 aliter
1069 292 1120 319 hoc
1139 292 1228 326 ipsum
1247 291 1327 318 nobis
1348 291 1478 323 declarat,
1498 291 1646 326 inquiens:
1669 302 1678 318 ι
1697 293 1757 321 Pri-

971 345 1032 364 mus
1056 338 1139 365 homo
1161 337 1194 364 de
1210 341 1282 364 terra
1301 341 1427 364 terrenus
1441 345 1448 370 ;
1465 337 1603 364 secundus
1615 337 1707 370 homo,
1721 338 1755 366 de

971 384 1041 411 ctelo
1070 383 1198 411 coelestia.
1225 383 1319 416 Qualis
1341 387 1484 414 terrenus,
1508 383 1576 410 tales
1596 388 1624 410 et
1653 386 1756 412 terreni

971 433 1036 455 sunt
1050 437 1057 455 ι
1069 428 1158 463 qualis
1169 428 1298 459 caelestis,
1309 427 1376 454 tziles
1389 431 1416 455 et
1424 428 1548 455 caelestes
1569 428 1653 462 Igitur
1662 435 1757 463 quem-

971 474 1118 501 admodum
1135 474 1301 509 gestavimus
1325 473 1471 509 imaginem
1489 473 1602 505 terreni,
1616 478 1758 508 portemus

971 523 999 545 et
1022 518 1167 553 imaginem
1191 519 1310 546 caelestis
1336 519 1369 545 ’9.
1387 528 1395 544 ι
1421 519 1455 546 Et
1470 526 1587 546 rursus:
1608 528 1616 543 ι
1630 518 1757 546 Christus

971 572 1022 591 nos
1047 565 1161 593 redemit
1183 565 1217 592 de
1246 565 1390 592 maledicto
1417 565 1494 599 legis,
1510 564 1598 592 factus
1611 572 1663 600 pro
1675 565 1756 592 nobis

972 609 1146 637 maledictum
1158 610 1190 637 '°.
1206 620 1267 635 ι-ι
1281 609 1440 637 Humiliavit
1451 609 1523 636 enim
1538 609 1726 644 semetipsum,
1743 618 1752 634 ι

971 655 1043 681 sicut
1064 655 1196 689 scriptum
1211 659 1254 681 est
1264 655 1296 686 ³¹,
1321 662 1424 689 suaque
1438 658 1534 689 sponte
1554 654 1581 680 in
1602 657 1695 681 nostra
1707 653 1756 680 de-

972 699 1079 726 scendit
1098 699 1268 735 unigenitum
1281 699 1329 726 Dei
1343 700 1473 732 Verbum,
1485 695 1540 726 non
1551 704 1581 726 ut
1593 707 1648 726 una
1662 699 1756 726 nobis-

973 753 1034 772 cum
1058 745 1155 772 mortis
1172 745 1316 780 imperium
1331 746 1446 777 subiret,
1459 745 1660 773 transmittente
1674 745 1756 772 etiam

973 791 1000 818 in
1013 791 1102 826 ipsum
1112 791 1217 818 Adamn
1231 791 1468 819 mortiﬁcationem
1481 791 1627 826 (siquidem
1644 791 1701 826 ipse
1714 795 1758 817 est

973 837 1065 864 omnia
1082 835 1252 871 viviﬁcans);
1274 836 1323 864 sed
1339 841 1369 863 ut
1385 836 1504 871 speciem
1518 836 1598 863 morti
1611 835 1756 871 obnoxiam

973 883 1131 915 ostendens,
1155 882 1189 909 ad
1211 882 1294 909 vitam
1312 881 1481 909 transferret.
1497 881 1601 909 idcirco
1614 880 1701 908 factus
1715 884 1758 908 est

972 934 1037 954 caro
1050 935 1056 953 :
1071 931 1153 961 atque
1165 926 1202 953 ita
1218 926 1326 961 sapiens
1342 925 1443 953 Paulus
1463 925 1558 952 scribit
1574 934 1580 951 ε
1604 934 1614 950 ι
1631 924 1757 957 Quando-

972 972 1083 1007 quidem
1106 972 1179 999 enim
1194 979 1244 1006 per
1261 971 1398 999 hominem
1416 978 1499 1002 mors,
1514 974 1542 998 et
1556 978 1605 1005 per
1619 970 1758 999 hominem

972 1019 1055 1046 etiam
1071 1017 1235 1045 resurrectio
1252 1025 1267 1044 a
1284 1016 1400 1044 mortuis
1414 1024 1420 1042 :
1437 1020 1464 1043 et
1474 1016 1546 1043 sicut
1559 1016 1586 1042 in
1598 1015 1682 1042 Adam
1692 1022 1758 1043 9m-

973 1071 1022 1090 nes
1039 1063 1205 1095 moriuntur,
1225 1062 1261 1089 ita
1279 1062 1362 1089 etiam
1383 1061 1411 1088 in
1430 1060 1539 1088 Christo
1557 1067 1652 1087 omnes
1668 1058 1758 1086 viviﬁ-

973 1109 1110 1136 cabuntur
1120 1109 1151 1134 ⁸².
1167 1117 1175 1134 ι
1188 1107 1344 1135 Absurdum
1355 1107 1428 1134 enim
1441 1105 1491 1141 12
1503 1105 1587 1133 fuerit
1599 1105 1758 1133 existimare

972 1163 987 1181 e
1000 1159 1072 1182 terra
1088 1154 1198 1190 quidem
1211 1154 1324 1185 factum,
1337 1158 1420 1188 atque
1432 1152 1570 1180 hominem
1582 1150 1758 1179 exsistentem

972 1199 1069 1231 Adam,
1088 1198 1294 1230 exsecrationis,
1307 1205 1368 1232 qua:
1384 1197 1435 1232 ipsi
1446 1197 1554 1229 accidit,
1562 1195 1617 1223 vim
1629 1199 1758 1230 tanquam

972 1243 1159 1270 haereditatem
1175 1241 1319 1276 quamdam
1331 1241 1492 1268 naturaliter
1505 1239 1533 1267 in
1547 1239 1705 1266 universum
1714 1247 1758 1274 ge-

972 1296 1024 1316 nus
1044 1288 1194 1315 humanum
1220 1286 1428 1314 transmittere:
1456 1292 1605 1320 supernum
1635 1291 1701 1312 vero
1727 1291 1758 1311 ac

972 1335 1123 1366 cmlestem,
1143 1338 1170 1360 et
1191 1333 1273 1360 Deum
1291 1331 1442 1359 secundum
1456 1335 1582 1358 naturam
1595 1330 1758 1366 Emmanue-

972 1338 1123 1366 cmlestem,
1143 1338 1170 1360 et
1191 1338 1273 1360 Deum
1291 1338 1442 1359 secundum
1456 1338 1582 1358 naturam
1595 1338 1634 1357 nn
1647 1338 1758 1356 manuc-

972 1380 1037 1412 lcm,
1055 1379 1231 1413 nostramque
1252 1377 1459 1405 similitudinem
1477 1382 1597 1409 nactum,
1611 1338 1758 1403 adsecum

973 1426 1038 1452 dum
1052 1425 1133 1452 nobis
1146 1424 1231 1452 Adam
1246 1423 1384 1454 ell'ectum,
1401 1430 1456 1450 non
1471 1422 1552 1449 etiam
1565 1421 1680 1456 perinde
1696 1421 1759 1448 vita:

973 1479 1028 1498 suze
1052 1471 1200 1506 participes
1218 1469 1326 1497 abunde
1339 1468 1446 1496 eﬂicere
1462 1475 1510 1495 eos
1525 1467 1573 1502 qui
1587 1466 1758 1493 familiarita—

973 1520 1028 1543 tem
1051 1524 1114 1544 cum
1133 1516 1191 1551 ipso
1208 1516 1237 1542 in
1257 1515 1309 1542 ﬁde
1326 1514 1395 1541 inire
1408 1513 1555 1540 voluerint.
1575 1511 1758 1546 Concorporei

973 1562 1047 1588 enim
1062 1561 1088 1589 ei
1103 1561 1166 1589 facti
1179 1568 1273 1588 sumus
1287 1568 1336 1595 per
1359 1559 1500 1595 mysticam
1527 1558 1757 1586 benedictionem.

973 1607 1047 1635 Uniti
1065 1611 1157 1635 autem
1181 1614 1275 1634 sumus
1297 1606 1379 1633 etiam
1401 1605 1454 1632 alio
1476 1603 1568 1636 modo,
1582 1604 1646 1639 quia
1661 1603 1758 1631 divina

973 1653 1060 1688 ipsius
1071 1656 1177 1679 naturae
1191 1651 1255 1679 facti
1271 1658 1366 1678 sumus
1384 1649 1533 1686 participes
1550 1657 1600 1684 per
1615 1649 1757 1684 Spiritum.

972 1698 1108 1725 lnhahitat
1124 1697 1197 1724 enim
1220 1701 1377 1724 sanctorum
1401 1695 1516 1726 animas,
1535 1698 1564 1721 et
1581 1693 1758 1731 quemadmo-

972 1745 1037 1772 dum
1052 1744 1082 1770 B.
1106 1744 1225 1771 Joannes
1244 1743 1303 1770 ait:
1325 1751 1334 1767 ι
1351 1742 1382 1769 In
1401 1741 1454 1767 hoc
1472 1740 1663 1775 cognoscimus
1686 1739 1759 1774 quod

973 1790 999 1817 in
1013 1790 1093 1817 nobis
1104 1794 1156 1821 est,
1170 1797 1203 1816 ex
1215 1789 1318 1824 Spiritu
1339 1794 1420 1822 quem
1431 1786 1507 1813 dedit
1522 1785 1602 1813 nobis
1620 1785 1651 1812 ".
1672 1795 1681 1811 ›
1699 1785 1759 1820 Ipse

973 1837 1056 1872 igitur
1079 1839 1120 1863 est
1139 1839 1233 1863 nostra
1254 1835 1319 1866 vita,
1346 1834 1405 1869 ipse
1428 1831 1596 1868 justiticatio.
1622 1831 1758 1866 Scriptum

972 1886 1063 1910 autem
1080 1887 1122 1909 est
1133 1889 1242 1908 rursum
1254 1890 1259 1907 :
1278 1890 1286 1905 ι
1298 1880 1382 1915 Igitur
1390 1879 1461 1907 sicut
1468 1887 1517 1913 per
1527 1877 1608 1904 unius
1618 1876 1759 1908 delictum,

973 1928 1000 1954 in
1028 1935 1124 1954 omnes
1139 1926 1266 1953 homines
1282 1925 1310 1952 in
1322 1924 1577 1952 condemnationem
1592 1931 1598 1955 ;
1616 1922 1655 1949 sic
1671 1925 1699 1948 et
1712 1929 1760 1957 per

972 1972 1053 1999 unius
1064 1971 1208 2007 justitiam,
1225 1971 1252 1997 in
1263 1977 1358 1997 omnes
1368 1968 1492 1996 homines
1502 1968 1528 1994 in
1537 1966 1759 2003 justiﬁcationem

972 2018 1035 2045 vita:
1048 2018 1079 2044 ³⁸.
1095 2027 1104 2043 ›
1123 2017 1157 2044 Et
1177 2024 1286 2043 rursum
1304 2024 1310 2041 :
1330 2024 1339 2040 ι
1357 2014 1433 2041 Sicut
1444 2014 1517 2041 enim
1532 2021 1581 2047 per
1596 2012 1760 2040 inobcdien-

973 2065 1037 2091 tiam
1046 2063 1127 2091 unius
1138 2062 1258 2090 hominis
1268 2065 1426 2097 peccatores
1438 2058 1578 2087 constituti
1590 2061 1653 2084 sunt
1666 2057 1760 2087 multi:

972 2111 1010 2137 ita
1039 2117 1089 2144 per
1121 2108 1307 2136 obedientiam
1339 2107 1422 2134 unius
1460 2105 1525 2140 justi
1558 2105 1765 2133 constituentur

972 2155 1051 2183 multi
1063 2155 1096 2182 ³⁸.
1108 2165 1116 2181 ι
1129 2155 1239 2182 Minime
1254 2153 1336 2189 igitur
1343 2153 1491 2179 obscurum
1499 2155 1552 2184 est,
1561 2151 1634 2186 quod
1642 2151 1760 2177 etiamin

971 2201 1061 2235 primo
1083 2200 1169 2228 Adam
1192 2199 1294 2227 Christi
1315 2197 1476 2233 mysterium
1494 2202 1558 2224 tunc
1568 2196 1760 2224 adumbratum

973 2247 1034 2278 fuit,
1045 2255 1099 2274 non
1106 2255 1154 2281 per
1161 2246 1264 2280 aequale
1276 2245 1387 2272 omnino
1403 2244 1591 2271 indili‘erenter
1603 2242 1760 2277 ﬁguratum.

973 2292 1019 2319 sed
1031 2291 1214 2319 diversimode
1223 2299 1251 2318 se
1265 2291 1380 2322 habens,
1393 2294 1420 2317 ct
1433 2297 1448 2316 e
1465 2295 1608 2316 converso.
1626 2287 1672 2315 lllc
1688 2287 1761 2314 enim

973 2338 1025 2365 fuit
1045 2337 1209 2373 principium
1225 2337 1318 2372 generi
1339 2336 1458 2363 humano
1467 2334 1499 2362 ad
1509 2338 1636 2366 mortem,
1646 2333 1744 2360 maledi

973 2383 1091 2410 ctionem
1099 2387 1126 2410 ct
1138 2382 1391 2409 condemnationem
1401 2390 1407 2407 :
1417 2381 1462 2408 hic
1471 2387 1535 2407 vero
1542 2379 1575 2407 ad
1584 2379 1674 2407 omnia
1682 2379 1760 2414 plane

973 2429 1122 2461 contraria,
1145 2429 1178 2456 ad
1193 2429 1287 2460 vitam,
1304 2427 1526 2455 benedictionem
1540 2435 1571 2454 ac
1587 2425 1760 2461 iustiﬁcatio-

974 2483 1047 2502 nem.
1067 2475 1155 2510 Atque
1174 2474 1219 2501 ille
1240 2473 1351 2509 quidem
1371 2473 1399 2499 in
1419 2481 1501 2499 unam
1515 2480 1625 2500 carnem
1641 2470 1760 2505 suscepit

973 2520 1127 2552 mulierem,
1137 2519 1302 2554 ctperillam
1312 2518 1432 2546 interiit:
1449 2517 1574 2545 Christus
1587 2523 1652 2543 vero
1665 2515 1761 2543 Eccle-

973 2566 1041 2593 siam
1065 2566 1117 2594 sibi
1134 2565 1185 2601 ipsi
1209 2565 1400 2600 eonglutinans
1411 2572 1460 2598 per
1475 2563 1612 2598 spiritum,
1631 2561 1717 2588 salvat
1728 2568 1760 2587 ac

973 2611 1081 2644 liberat,
1101 2616 1129 2639 et
1144 2611 1288 2638 diabolieis
1313 2610 1458 2637 fraudibus
1472 2609 1640 2643 superiorem
1667 2605 1758 2633 cilicii.

973 2658 1077 2685 Idcirco
1094 2658 1176 2685 etiam
1192 2657 1307 2684 clamare
1325 2656 1422 2683 suadet
1437 2665 1442 2682 :
1462 2665 1471 2681 ‹
1484 2655 1577 2688 Neque
1590 2652 1662 2680 enim
1675 2652 1760 2687 ipsius

973 2702 1151 2737 cogitationes
1163 2702 1319 2737 ignoramus
1341 2701 1374 2728 ".
1393 2711 1402 2726 ι
1428 2701 1461 2728 Et
1470 2700 1574 2736 primus
1587 2698 1697 2733 quidem
1711 2704 1759 2731 pa-

975 2755 1039 2774 rens
1061 2747 1146 2774 Adam
1170 2747 1274 2782 peccati
1300 2746 1465 2776 mercedem,
1492 2752 1524 2771 ac
1538 2741 1760 2777 transgressionis

975 2801 1030 2821 suae
1047 2801 1154 2828 poenam
1171 2793 1231 2821 tulit
1249 2793 1388 2820 interitum
1402 2801 1408 2823 ;
1421 2791 1529 2819 Christo
1541 2794 1630 2816 autem
1643 2788 1676 2815 ad
1693 2794 1758 2822 pce-

1001 2853 1021 2868 ³¹
1039 2853 1136 2888 Philip.
1151 2861 1178 2885 ιι,
1194 2853 1210 2879 8
1259 2853 1280 2869 ³’
1299 2852 1308 2879 l
1327 2851 1389 2879 Cor.
1406 2859 1448 2883 xv,
1467 2850 1511 2881 2|,
1532 2849 1575 2875 ‘22.
1617 2847 1638 2862 ³³
1652 2846 1661 2873 l
1676 2846 1756 2874 Joan.
