  <div class='ocr_page' id='page_1' title='image "/cluster/home/n/w/nwhite01/storage/ocr_20150623/69/njp.32101077772729/021.png"; bbox 0 0 1990 3046; ppageno 0'>
   <div class='ocr_carea' id='block_1_1' title="bbox 200 183 1822 216">
    <p class='ocr_par' dir='ltr' id='par_1_1' title="bbox 200 183 1822 216">
     <span class='ocr_line' id='line_1_1' title="bbox 200 183 1822 216; baseline 0.001 -4"><span class='ocrx_word' id='word_1_1' title='bbox 200 183 232 212; x_wconf 72' lang='lat'><strong>31</strong></span> <span class='ocrx_word' id='word_1_2' title='bbox 709 183 736 211; x_wconf 91' lang='lat' dir='ltr'><strong>S.</strong></span> <span class='ocrx_word' id='word_1_3' title='bbox 758 184 893 212; x_wconf 72' lang='lat' dir='ltr'><strong>CYRILIJ</strong></span> <span class='ocrx_word' id='word_1_4' title='bbox 916 184 1149 212; x_wconf 68' lang='lat' dir='ltr'><strong>ALEXANDRINI</strong></span> <span class='ocrx_word' id='word_1_5' title='bbox 1169 185 1328 214; x_wconf 79' lang='lat' dir='ltr'><strong>ARCHIEP.</strong></span> <span class='ocrx_word' id='word_1_6' title='bbox 1787 188 1822 216; x_wconf 68' lang='lat'><strong>53</strong></span> 
     </span>
    </p>
   </div>
   <div class='ocr_carea' id='block_1_2' title="bbox 199 237 987 280">
    <p class='ocr_par' dir='ltr' id='par_1_2' title="bbox 199 237 987 274">
     <span class='ocr_line' id='line_1_2' title="bbox 199 237 987 274; baseline 0 -8"><span class='ocrx_word' id='word_1_7' title='bbox 199 241 292 266; x_wconf 88' lang='lat' dir='ltr'><strong>catum</strong></span> <span class='ocrx_word' id='word_1_8' title='bbox 312 237 419 274; x_wconf 75' lang='lat' dir='ltr'><strong>iustitia</strong></span> <span class='ocrx_word' id='word_1_9' title='bbox 445 239 640 274; x_wconf 83' lang='lat' dir='ltr'><strong>imputabatur.</strong></span> <span class='ocrx_word' id='word_1_10' title='bbox 659 242 809 268; x_wconf 87' lang='lat' dir='ltr'><strong>secundum</strong></span> <span class='ocrx_word' id='word_1_11' title='bbox 833 240 987 268; x_wconf 68' lang='lat' dir='ltr'><strong>Judtuorum</strong></span> 
     </span>
    </p>
   </div>
   <div class='ocr_carea' id='block_1_3' title="bbox 1039 237 1823 280">
    <p class='ocr_par' dir='ltr' id='par_1_3' title="bbox 1042 240 1823 280">
     <span class='ocr_line' id='line_1_3' title="bbox 1042 240 1823 280; baseline 0.006 -13"><span class='ocrx_word' id='word_1_12' title='bbox 1042 240 1144 275; x_wconf 75' lang='grc' dir='ltr'>φθοράν</span> <span class='ocrx_word' id='word_1_13' title='bbox 1155 251 1161 256; x_wconf 91' lang='grc'><strong>·</strong></span> <span class='ocrx_word' id='word_1_14' title='bbox 1180 242 1307 278; x_wconf 77' lang='grc' dir='ltr'>ἔγκλημα</span> <span class='ocrx_word' id='word_1_15' title='bbox 1317 243 1345 269; x_wconf 75' lang='grc' dir='ltr'><strong>δὲ</strong></span> <span class='ocrx_word' id='word_1_16' title='bbox 1362 241 1396 279; x_wconf 81' lang='grc' dir='ltr'>ἦν</span> <span class='ocrx_word' id='word_1_17' title='bbox 1411 245 1426 280; x_wconf 81' lang='grc' dir='ltr'><strong>ἡ</strong></span> <span class='ocrx_word' id='word_1_18' title='bbox 1441 243 1598 279; x_wconf 73' lang='grc' dir='ltr'><strong>δικαιοσύνη</strong></span> <span class='ocrx_word' id='word_1_19' title='bbox 1619 245 1739 280; x_wconf 79' lang='grc' dir='ltr'>Χριστῷ,</span> <span class='ocrx_word' id='word_1_20' title='bbox 1753 246 1823 272; x_wconf 75' lang='grc' dir='ltr'>κατά</span> 
     </span>
    </p>
   </div>
   <div class='ocr_carea' id='block_1_4' title="bbox 200 285 986 321">
    <p class='ocr_par' dir='ltr' id='par_1_4' title="bbox 200 285 986 321">
     <span class='ocr_line' id='line_1_4' title="bbox 200 285 986 321; baseline -0.001 -9"><span class='ocrx_word' id='word_1_21' title='bbox 200 289 351 321; x_wconf 76' lang='lat' dir='ltr'><strong>stuporem.</strong></span> <span class='ocrx_word' id='word_1_22' title='bbox 378 285 483 313; x_wconf 88' lang='lat' dir='ltr'><strong>Idcirco</strong></span> <span class='ocrx_word' id='word_1_23' title='bbox 505 293 555 320; x_wconf 90' lang='lat' dir='ltr'><strong>per</strong></span> <span class='ocrx_word' id='word_1_24' title='bbox 583 287 736 320; x_wconf 84' lang='lat' dir='ltr'><strong>passionem</strong></span> <span class='ocrx_word' id='word_1_25' title='bbox 760 287 856 314; x_wconf 88' lang='lat' dir='ltr'><strong>mortis</strong></span> <span class='ocrx_word' id='word_1_26' title='bbox 882 286 986 312; x_wconf 84' lang='lat' dir='ltr'><strong>honore</strong></span> 
     </span>
    </p>
   </div>
   <div class='ocr_carea' id='block_1_5' title="bbox 200 331 985 369">
    <p class='ocr_par' dir='ltr' id='par_1_5' title="bbox 200 331 985 369">
     <span class='ocr_line' id='line_1_5' title="bbox 200 331 985 369; baseline -0.001 -10"><span class='ocrx_word' id='word_1_27' title='bbox 200 336 347 360; x_wconf 83' lang='lat' dir='ltr'><strong>coronatur</strong></span> <span class='ocrx_word' id='word_1_28' title='bbox 371 337 400 360; x_wconf 92' lang='lat' dir='ltr'><strong>et</strong></span> <span class='ocrx_word' id='word_1_29' title='bbox 424 333 521 368; x_wconf 75' lang='lat' dir='ltr'><strong>gloria,</strong></span> <span class='ocrx_word' id='word_1_30' title='bbox 544 334 622 369; x_wconf 76' lang='lat' dir='ltr'><strong>juxta</strong></span> <span class='ocrx_word' id='word_1_31' title='bbox 646 334 719 361; x_wconf 86' lang='lat' dir='ltr'><strong>beati</strong></span> <span class='ocrx_word' id='word_1_32' title='bbox 742 333 818 361; x_wconf 83' lang='lat' dir='ltr'><strong>Pauli</strong></span> <span class='ocrx_word' id='word_1_33' title='bbox 842 339 937 359; x_wconf 83' lang='lat' dir='ltr'><strong>vocem</strong></span> <span class='ocrx_word' id='word_1_34' title='bbox 952 331 985 358; x_wconf 84' lang='grc'><strong>³⁷.</strong></span> 
     </span>
    </p>
   </div>
   <div class='ocr_carea' id='block_1_6' title="bbox 199 377 988 413">
    <p class='ocr_par' dir='ltr' id='par_1_6' title="bbox 199 377 988 413">
     <span class='ocr_line' id='line_1_6' title="bbox 199 377 988 413; baseline -0.004 -8"><span class='ocrx_word' id='word_1_35' title='bbox 199 378 334 405; x_wconf 76' lang='lat' dir='ltr'><strong>Praeterea</strong></span> <span class='ocrx_word' id='word_1_36' title='bbox 349 378 439 413; x_wconf 91' lang='lat' dir='ltr'><strong>primo</strong></span> <span class='ocrx_word' id='word_1_37' title='bbox 455 378 494 405; x_wconf 88' lang='lat' dir='ltr'><strong>illi</strong></span> <span class='ocrx_word' id='word_1_38' title='bbox 507 377 592 405; x_wconf 87' lang='lat' dir='ltr'><strong>Adam</strong></span> <span class='ocrx_word' id='word_1_39' title='bbox 608 379 664 406; x_wconf 84' lang='lat' dir='ltr'><strong>sola</strong></span> <span class='ocrx_word' id='word_1_40' title='bbox 678 377 867 405; x_wconf 73' lang='lat' dir='ltr'><strong>tantummodo</strong></span> <span class='ocrx_word' id='word_1_41' title='bbox 884 384 916 403; x_wconf 88' lang='lat' dir='ltr'><strong>ea</strong></span> <span class='ocrx_word' id='word_1_42' title='bbox 927 383 988 411; x_wconf 67' lang='lat' dir='ltr'><strong>qum</strong></span> 
     </span>
    </p>
   </div>
   <div class='ocr_carea' id='block_1_7' title="bbox 199 422 985 459">
    <p class='ocr_par' dir='ltr' id='par_1_7' title="bbox 199 422 985 459">
     <span class='ocr_line' id='line_1_7' title="bbox 199 422 985 459; baseline -0.005 -7"><span class='ocrx_word' id='word_1_43' title='bbox 199 425 226 451; x_wconf 94' lang='lat' dir='ltr'><strong>in</strong></span> <span class='ocrx_word' id='word_1_44' title='bbox 251 429 323 452; x_wconf 83' lang='lat' dir='ltr'><strong>terra</strong></span> <span class='ocrx_word' id='word_1_45' title='bbox 334 429 423 456; x_wconf 81' lang='lat' dir='ltr'><strong>erant,</strong></span> <span class='ocrx_word' id='word_1_46' title='bbox 439 425 562 459; x_wconf 85' lang='lat' dir='ltr'><strong>subjecta</strong></span> <span class='ocrx_word' id='word_1_47' title='bbox 577 429 665 456; x_wconf 87' lang='lat' dir='ltr'><strong>erant,</strong></span> <span class='ocrx_word' id='word_1_48' title='bbox 679 424 789 451; x_wconf 82' lang='lat' dir='ltr'><strong>Christo</strong></span> <span class='ocrx_word' id='word_1_49' title='bbox 804 430 869 450; x_wconf 85' lang='lat' dir='ltr'><strong>vero</strong></span> <span class='ocrx_word' id='word_1_50' title='bbox 884 422 985 449; x_wconf 87' lang='lat' dir='ltr'><strong>omnia.</strong></span> 
     </span>
    </p>
   </div>
   <div class='ocr_carea' id='block_1_8' title="bbox 199 467 984 505">
    <p class='ocr_par' dir='ltr' id='par_1_8' title="bbox 199 467 984 505">
     <span class='ocr_line' id='line_1_8' title="bbox 199 467 984 505; baseline -0.003 -10"><span class='ocrx_word' id='word_1_51' title='bbox 199 469 325 496; x_wconf 85' lang='lat' dir='ltr'><strong>Flectunt</strong></span> <span class='ocrx_word' id='word_1_52' title='bbox 335 470 408 496; x_wconf 90' lang='lat' dir='ltr'><strong>enim</strong></span> <span class='ocrx_word' id='word_1_53' title='bbox 425 469 476 505; x_wconf 82' lang='lat' dir='ltr'><strong>ipsi</strong></span> <span class='ocrx_word' id='word_1_54' title='bbox 490 477 562 504; x_wconf 82' lang='lat' dir='ltr'><strong>genu</strong></span> <span class='ocrx_word' id='word_1_55' title='bbox 579 470 680 499; x_wconf 85' lang='lat' dir='ltr'><strong>omnia,</strong></span> <span class='ocrx_word' id='word_1_56' title='bbox 696 468 827 499; x_wconf 68' lang='lat' dir='ltr'><strong>coelestia,</strong></span> <span class='ocrx_word' id='word_1_57' title='bbox 845 467 984 494; x_wconf 83' lang='lat' dir='ltr'><strong>terrestria</strong></span> 
     </span>
    </p>
   </div>
   <div class='ocr_carea' id='block_1_9' title="bbox 199 513 983 550">
    <p class='ocr_par' dir='ltr' id='par_1_9' title="bbox 199 513 983 550">
     <span class='ocr_line' id='line_1_9' title="bbox 199 513 983 550; baseline -0.003 -9"><span class='ocrx_word' id='word_1_58' title='bbox 199 518 281 550; x_wconf 87' lang='lat' dir='ltr'><strong>atque</strong></span> <span class='ocrx_word' id='word_1_59' title='bbox 297 515 412 548; x_wconf 88' lang='lat' dir='ltr'><strong>inferna,</strong></span> <span class='ocrx_word' id='word_1_60' title='bbox 425 520 454 543; x_wconf 89' lang='lat' dir='ltr'><strong>et</strong></span> <span class='ocrx_word' id='word_1_61' title='bbox 466 516 556 543; x_wconf 89' lang='lat' dir='ltr'><strong>omnis</strong></span> <span class='ocrx_word' id='word_1_62' title='bbox 568 516 621 550; x_wconf 79' lang='lat'><strong>13</strong></span> <span class='ocrx_word' id='word_1_63' title='bbox 632 515 724 550; x_wconf 79' lang='lat' dir='ltr'><strong>lingua</strong></span> <span class='ocrx_word' id='word_1_64' title='bbox 740 513 895 545; x_wconf 82' lang='lat' dir='ltr'><strong>conﬁtetur,</strong></span> <span class='ocrx_word' id='word_1_65' title='bbox 911 513 983 548; x_wconf 82' lang='lat' dir='ltr'><strong>quod</strong></span> 
     </span>
    </p>
   </div>
   <div class='ocr_carea' id='block_1_10' title="bbox 199 558 979 596">
    <p class='ocr_par' dir='ltr' id='par_1_10' title="bbox 199 558 979 596">
     <span class='ocr_line' id='line_1_10' title="bbox 199 558 979 596; baseline -0.003 -9"><span class='ocrx_word' id='word_1_66' title='bbox 199 560 331 589; x_wconf 85' lang='lat' dir='ltr'><strong>Dominus</strong></span> <span class='ocrx_word' id='word_1_67' title='bbox 346 561 425 590; x_wconf 85' lang='lat' dir='ltr'><strong>Jesus</strong></span> <span class='ocrx_word' id='word_1_68' title='bbox 436 561 563 589; x_wconf 86' lang='lat' dir='ltr'><strong>Christus</strong></span> <span class='ocrx_word' id='word_1_69' title='bbox 575 561 700 596; x_wconf 80' lang='lat' dir='ltr'><strong>ingloria</strong></span> <span class='ocrx_word' id='word_1_70' title='bbox 712 560 760 587; x_wconf 85' lang='lat' dir='ltr'><strong>Dei</strong></span> <span class='ocrx_word' id='word_1_71' title='bbox 772 559 869 588; x_wconf 84' lang='lat' dir='ltr'><strong>Patris.</strong></span> <span class='ocrx_word' id='word_1_72' title='bbox 882 558 979 585; x_wconf 86' lang='lat' dir='ltr'><strong>Amen.</strong></span> 
     </span>
    </p>
   </div>
   <div class='ocr_carea' id='block_1_11' title="bbox 467 663 720 692">
    <p class='ocr_par' dir='ltr' id='par_1_11' title="bbox 467 663 720 692">
     <span class='ocr_line' id='line_1_11' title="bbox 467 663 720 692; baseline 0 -2"><span class='ocrx_word' id='word_1_73' title='bbox 467 664 505 690; x_wconf 80' lang='lat' dir='ltr'><strong>De</strong></span> <span class='ocrx_word' id='word_1_74' title='bbox 522 663 588 692; x_wconf 75' lang='lat' dir='ltr'><strong>Cain</strong></span> <span class='ocrx_word' id='word_1_75' title='bbox 603 669 628 691; x_wconf 77' lang='lat' dir='ltr'><strong>et</strong></span> <span class='ocrx_word' id='word_1_76' title='bbox 646 664 720 691; x_wconf 79' lang='lat' dir='ltr'><strong>ALel.</strong></span> 
     </span>
    </p>
   </div>
   <div class='ocr_carea' id='block_1_12' title="bbox 235 706 984 744">
    <p class='ocr_par' dir='ltr' id='par_1_12' title="bbox 235 706 984 744">
     <span class='ocr_line' id='line_1_12' title="bbox 235 706 984 744; baseline -0.004 -8"><span class='ocrx_word' id='word_1_77' title='bbox 235 709 260 736; x_wconf 78' lang='grc'><strong>1.</strong></span> <span class='ocrx_word' id='word_1_78' title='bbox 273 709 398 744; x_wconf 87' lang='lat' dir='ltr'><strong>Subjecta</strong></span> <span class='ocrx_word' id='word_1_79' title='bbox 413 709 522 743; x_wconf 80' lang='lat' dir='ltr'><strong>quidem</strong></span> <span class='ocrx_word' id='word_1_80' title='bbox 538 708 590 736; x_wconf 80' lang='lat' dir='ltr'><strong>mit</strong></span> <span class='ocrx_word' id='word_1_81' title='bbox 606 709 724 736; x_wconf 88' lang='lat' dir='ltr'><strong>hominis</strong></span> <span class='ocrx_word' id='word_1_82' title='bbox 738 712 845 740; x_wconf 85' lang='lat' dir='ltr'><strong>natura,</strong></span> <span class='ocrx_word' id='word_1_83' title='bbox 862 707 945 734; x_wconf 81' lang='lat' dir='ltr'><strong>veluti</strong></span> <span class='ocrx_word' id='word_1_84' title='bbox 958 706 984 733; x_wconf 89' lang='lat' dir='ltr'><strong>in</strong></span> 
     </span>
    </p>
   </div>
   <div class='ocr_carea' id='block_1_13' title="bbox 201 753 986 789">
    <p class='ocr_par' dir='ltr' id='par_1_13' title="bbox 201 753 986 789">
     <span class='ocr_line' id='line_1_13' title="bbox 201 753 986 789; baseline -0.001 -9"><span class='ocrx_word' id='word_1_85' title='bbox 201 754 335 789; x_wconf 88' lang='lat' dir='ltr'><strong>principio</strong></span> <span class='ocrx_word' id='word_1_86' title='bbox 348 754 457 789; x_wconf 79' lang='lat' dir='ltr'><strong>generis</strong></span> <span class='ocrx_word' id='word_1_87' title='bbox 473 753 501 781; x_wconf 89' lang='lat' dir='ltr'><strong>in</strong></span> <span class='ocrx_word' id='word_1_88' title='bbox 515 754 630 786; x_wconf 88' lang='lat' dir='ltr'><strong>Adamo,</strong></span> <span class='ocrx_word' id='word_1_89' title='bbox 651 760 682 782; x_wconf 93' lang='lat' dir='ltr'><strong>ut</strong></span> <span class='ocrx_word' id='word_1_90' title='bbox 695 757 776 782; x_wconf 92' lang='lat' dir='ltr'><strong>modo</strong></span> <span class='ocrx_word' id='word_1_91' title='bbox 787 754 854 785; x_wconf 85' lang='lat' dir='ltr'><strong>dixi,</strong></span> <span class='ocrx_word' id='word_1_92' title='bbox 868 754 945 780; x_wconf 85' lang='lat' dir='ltr'><strong>morti</strong></span> <span class='ocrx_word' id='word_1_93' title='bbox 961 758 986 779; x_wconf 78' lang='lat' dir='ltr'><strong>ct</strong></span> 
     </span>
    </p>
   </div>
   <div class='ocr_carea' id='block_1_14' title="bbox 201 798 987 834">
    <p class='ocr_par' dir='ltr' id='par_1_14' title="bbox 201 798 987 834">
     <span class='ocr_line' id='line_1_14' title="bbox 201 798 987 834; baseline 0 -10"><span class='ocrx_word' id='word_1_94' title='bbox 201 803 304 832; x_wconf 68' lang='lat' dir='ltr'><strong>peccata</strong></span> <span class='ocrx_word' id='word_1_95' title='bbox 320 798 480 834; x_wconf 83' lang='lat' dir='ltr'><strong>:redempta</strong></span> <span class='ocrx_word' id='word_1_96' title='bbox 496 804 586 826; x_wconf 88' lang='lat' dir='ltr'><strong>autem</strong></span> <span class='ocrx_word' id='word_1_97' title='bbox 611 804 650 826; x_wconf 83' lang='lat' dir='ltr'><strong>est</strong></span> <span class='ocrx_word' id='word_1_98' title='bbox 666 808 722 826; x_wconf 88' lang='lat' dir='ltr'><strong>non</strong></span> <span class='ocrx_word' id='word_1_99' title='bbox 738 800 818 826; x_wconf 83' lang='lat' dir='ltr'><strong>aliter</strong></span> <span class='ocrx_word' id='word_1_100' title='bbox 837 806 918 834; x_wconf 90' lang='lat' dir='ltr'><strong>quam</strong></span> <span class='ocrx_word' id='word_1_101' title='bbox 938 807 987 833; x_wconf 82' lang='lat' dir='ltr'><strong>per</strong></span> 
     </span>
    </p>
   </div>
   <div class='ocr_carea' id='block_1_15' title="bbox 201 844 984 881">
    <p class='ocr_par' dir='ltr' id='par_1_15' title="bbox 201 844 984 881">
     <span class='ocr_line' id='line_1_15' title="bbox 201 844 984 881; baseline 0 -10"><span class='ocrx_word' id='word_1_102' title='bbox 201 845 288 871; x_wconf 86' lang='lat' dir='ltr'><strong>solum</strong></span> <span class='ocrx_word' id='word_1_103' title='bbox 303 844 453 872; x_wconf 82' lang='lat' dir='ltr'><strong>Christum.</strong></span> <span class='ocrx_word' id='word_1_104' title='bbox 480 846 547 873; x_wconf 85' lang='lat' dir='ltr'><strong>Nam</strong></span> <span class='ocrx_word' id='word_1_105' title='bbox 562 846 634 874; x_wconf 87' lang='lat' dir='ltr'><strong>sicut</strong></span> <span class='ocrx_word' id='word_1_106' title='bbox 647 846 733 881; x_wconf 85' lang='lat' dir='ltr'><strong>ipsius</strong></span> <span class='ocrx_word' id='word_1_107' title='bbox 753 846 904 880; x_wconf 81' lang='lat' dir='ltr'><strong>discipulus</strong></span> <span class='ocrx_word' id='word_1_108' title='bbox 915 845 984 872; x_wconf 78' lang='lat' dir='ltr'><strong>seri—</strong></span> 
     </span>
    </p>
   </div>
   <div class='ocr_carea' id='block_1_16' title="bbox 202 891 986 920">
    <p class='ocr_par' dir='ltr' id='par_1_16' title="bbox 202 891 986 920">
     <span class='ocr_line' id='line_1_16' title="bbox 202 891 986 920; baseline 0.001 -3"><span class='ocrx_word' id='word_1_109' title='bbox 202 891 240 918; x_wconf 85' lang='lat' dir='ltr'><strong>hit</strong></span> <span class='ocrx_word' id='word_1_110' title='bbox 260 900 267 917; x_wconf 90' lang='lat'>:</span> <span class='ocrx_word' id='word_1_111' title='bbox 288 900 296 916; x_wconf 72' lang='grc' dir='ltr'><strong>ι</strong></span> <span class='ocrx_word' id='word_1_112' title='bbox 316 891 375 918; x_wconf 87' lang='lat' dir='ltr'><strong>Non</strong></span> <span class='ocrx_word' id='word_1_113' title='bbox 390 897 432 919; x_wconf 85' lang='lat' dir='ltr'><strong>est</strong></span> <span class='ocrx_word' id='word_1_114' title='bbox 446 892 520 920; x_wconf 83' lang='lat' dir='ltr'><strong>aliud</strong></span> <span class='ocrx_word' id='word_1_115' title='bbox 535 900 634 920; x_wconf 90' lang='lat' dir='ltr'><strong>nomen</strong></span> <span class='ocrx_word' id='word_1_116' title='bbox 645 893 696 920; x_wconf 89' lang='lat' dir='ltr'><strong>sub</strong></span> <span class='ocrx_word' id='word_1_117' title='bbox 710 893 778 920; x_wconf 82' lang='lat' dir='ltr'><strong>ecelo</strong></span> <span class='ocrx_word' id='word_1_118' title='bbox 794 892 886 919; x_wconf 82' lang='lat' dir='ltr'><strong>datum</strong></span> <span class='ocrx_word' id='word_1_119' title='bbox 899 892 986 919; x_wconf 89' lang='lat' dir='ltr'><strong>homi-</strong></span> 
     </span>
    </p>
   </div>
   <div class='ocr_carea' id='block_1_17' title="bbox 202 937 985 973">
    <p class='ocr_par' dir='ltr' id='par_1_17' title="bbox 202 937 985 973">
     <span class='ocr_line' id='line_1_17' title="bbox 202 937 985 973; baseline 0 -9"><span class='ocrx_word' id='word_1_120' title='bbox 202 938 291 970; x_wconf 78' lang='lat' dir='ltr'><strong>nibus,</strong></span> <span class='ocrx_word' id='word_1_121' title='bbox 314 937 342 964; x_wconf 91' lang='lat' dir='ltr'><strong>in</strong></span> <span class='ocrx_word' id='word_1_122' title='bbox 365 946 419 973; x_wconf 89' lang='lat' dir='ltr'><strong>quo</strong></span> <span class='ocrx_word' id='word_1_123' title='bbox 438 942 563 973; x_wconf 81' lang='lat' dir='ltr'><strong>oporteat</strong></span> <span class='ocrx_word' id='word_1_124' title='bbox 587 947 637 965; x_wconf 90' lang='lat' dir='ltr'><strong>nos</strong></span> <span class='ocrx_word' id='word_1_125' title='bbox 659 939 756 966; x_wconf 84' lang='lat' dir='ltr'><strong>salvari</strong></span> <span class='ocrx_word' id='word_1_126' title='bbox 769 939 802 964; x_wconf 71' lang='grc'><strong>⁸⁸.</strong></span> <span class='ocrx_word' id='word_1_127' title='bbox 819 948 827 963; x_wconf 74' lang='grc' dir='ltr'><strong>ι</strong></span> <span class='ocrx_word' id='word_1_128' title='bbox 860 937 985 972; x_wconf 89' lang='lat' dir='ltr'><strong>Oportuit</strong></span> 
     </span>
    </p>
   </div>
   <div class='ocr_carea' id='block_1_18' title="bbox 1037 287 1822 328">
    <p class='ocr_par' dir='ltr' id='par_1_18' title="bbox 1037 287 1822 328">
     <span class='ocr_line' id='line_1_18' title="bbox 1037 287 1822 328; baseline 0.008 -15"><span class='ocrx_word' id='word_1_129' title='bbox 1037 295 1068 320; x_wconf 81' lang='grc' dir='ltr'><strong>γε</strong></span> <span class='ocrx_word' id='word_1_130' title='bbox 1086 287 1134 322; x_wconf 82' lang='grc' dir='ltr'><strong>τὴν</strong></span> <span class='ocrx_word' id='word_1_131' title='bbox 1151 288 1205 315; x_wconf 82' lang='grc' dir='ltr'><strong>τῶν</strong></span> <span class='ocrx_word' id='word_1_132' title='bbox 1228 289 1362 316; x_wconf 75' lang='grc' dir='ltr'><strong>Ἰουδαίων</strong></span> <span class='ocrx_word' id='word_1_133' title='bbox 1389 290 1596 326; x_wconf 77' lang='grc' dir='ltr'>ἐμϐροντησίαν.</span> <span class='ocrx_word' id='word_1_134' title='bbox 1620 291 1763 328; x_wconf 81' lang='grc' dir='ltr'><strong>Τοιγάρτοι</strong></span> <span class='ocrx_word' id='word_1_135' title='bbox 1779 292 1822 319; x_wconf 68' lang='grc' dir='ltr'><strong>διὰ</strong></span> 
     </span>
    </p>
   </div>
   <div class='ocr_carea' id='block_1_19' title="bbox 1036 331 1821 374">
    <p class='ocr_par' dir='ltr' id='par_1_19' title="bbox 1036 331 1821 374">
     <span class='ocr_line' id='line_1_19' title="bbox 1036 331 1821 374; baseline 0.009 -16"><span class='ocrx_word' id='word_1_136' title='bbox 1036 331 1066 358; x_wconf 81' lang='grc' dir='ltr'><strong>τὺ</strong></span> <span class='ocrx_word' id='word_1_137' title='bbox 1081 333 1197 369; x_wconf 82' lang='grc' dir='ltr'>πάθημα</span> <span class='ocrx_word' id='word_1_138' title='bbox 1215 334 1260 361; x_wconf 83' lang='grc' dir='ltr'><strong>τοῦ</strong></span> <span class='ocrx_word' id='word_1_139' title='bbox 1276 335 1392 362; x_wconf 81' lang='grc' dir='ltr'><strong>Θανάτου</strong></span> <span class='ocrx_word' id='word_1_140' title='bbox 1418 338 1484 372; x_wconf 84' lang='grc' dir='ltr'><strong>τιμῇ</strong></span> <span class='ocrx_word' id='word_1_141' title='bbox 1500 337 1677 372; x_wconf 70' lang='grc' dir='ltr'>στεφανοῦται</span> <span class='ocrx_word' id='word_1_142' title='bbox 1692 338 1737 364; x_wconf 76' lang='grc' dir='ltr'><strong>καὶ</strong></span> <span class='ocrx_word' id='word_1_143' title='bbox 1748 338 1821 374; x_wconf 77' lang='grc' dir='ltr'><strong>δόξῃ,</strong></span> 
     </span>
    </p>
   </div>
   <div class='ocr_carea' id='block_1_20' title="bbox 1037 378 1822 420">
    <p class='ocr_par' dir='ltr' id='par_1_20' title="bbox 1037 378 1822 420">
     <span class='ocr_line' id='line_1_20' title="bbox 1037 378 1822 420; baseline 0.008 -16"><span class='ocrx_word' id='word_1_144' title='bbox 1037 378 1107 405; x_wconf 73' lang='grc' dir='ltr'>κατὰ</span> <span class='ocrx_word' id='word_1_145' title='bbox 1119 379 1169 414; x_wconf 81' lang='grc' dir='ltr'><strong>τὴν</strong></span> <span class='ocrx_word' id='word_1_146' title='bbox 1185 380 1232 407; x_wconf 83' lang='grc' dir='ltr'><strong>τοῦ</strong></span> <span class='ocrx_word' id='word_1_147' title='bbox 1259 381 1394 416; x_wconf 84' lang='grc' dir='ltr'><strong>μακαρίου</strong></span> <span class='ocrx_word' id='word_1_148' title='bbox 1410 382 1518 409; x_wconf 80' lang='grc' dir='ltr'>Παύλου</span> <span class='ocrx_word' id='word_1_149' title='bbox 1537 383 1638 418; x_wconf 74' lang='grc' dir='ltr'>φωνήν.</span> <span class='ocrx_word' id='word_1_150' title='bbox 1652 383 1707 409; x_wconf 73' lang='grc' dir='ltr'><strong>Καὶ</strong></span> <span class='ocrx_word' id='word_1_151' title='bbox 1718 383 1757 420; x_wconf 76' lang='grc' dir='ltr'><strong>τῷ</strong></span> <span class='ocrx_word' id='word_1_152' title='bbox 1775 385 1822 419; x_wconf 77' lang='grc' dir='ltr'>μὲν</span> 
     </span>
    </p>
   </div>
   <div class='ocr_carea' id='block_1_21' title="bbox 1043 423 1819 463">
    <p class='ocr_par' dir='ltr' id='par_1_21' title="bbox 1043 423 1819 463">
     <span class='ocr_line' id='line_1_21' title="bbox 1043 423 1819 463; baseline 0.008 -14"><span class='ocrx_word' id='word_1_153' title='bbox 1043 423 1129 458; x_wconf 77' lang='grc' dir='ltr'><strong>Ἀδὰμ</strong></span> <span class='ocrx_word' id='word_1_154' title='bbox 1157 426 1225 459; x_wconf 75' lang='grc' dir='ltr'>μόνα</span> <span class='ocrx_word' id='word_1_155' title='bbox 1241 435 1271 452; x_wconf 90' lang='grc' dir='ltr'>τε</span> <span class='ocrx_word' id='word_1_156' title='bbox 1290 427 1337 453; x_wconf 72' lang='grc' dir='ltr'>καὶ</span> <span class='ocrx_word' id='word_1_157' title='bbox 1360 427 1437 461; x_wconf 78' lang='grc' dir='ltr'>μόλις</span> <span class='ocrx_word' id='word_1_158' title='bbox 1458 427 1492 454; x_wconf 77' lang='grc' dir='ltr'><strong>τὰ</strong></span> <span class='ocrx_word' id='word_1_159' title='bbox 1505 428 1552 454; x_wconf 73' lang='grc' dir='ltr'><strong>ἐπὶ</strong></span> <span class='ocrx_word' id='word_1_160' title='bbox 1574 428 1625 463; x_wconf 84' lang='grc' dir='ltr'>γῆς</span> <span class='ocrx_word' id='word_1_161' title='bbox 1640 428 1819 455; x_wconf 81' lang='grc' dir='ltr'><strong>ὐπετάττετο·</strong></span> 
     </span>
    </p>
   </div>
   <div class='ocr_carea' id='block_1_22' title="bbox 1038 467 1821 509">
    <p class='ocr_par' dir='ltr' id='par_1_22' title="bbox 1038 467 1821 509">
     <span class='ocr_line' id='line_1_22' title="bbox 1038 467 1821 509; baseline 0.008 -15"><span class='ocrx_word' id='word_1_162' title='bbox 1038 467 1147 504; x_wconf 81' lang='grc' dir='ltr'><strong>Χριστῷ</strong></span> <span class='ocrx_word' id='word_1_163' title='bbox 1162 470 1191 496; x_wconf 82' lang='grc' dir='ltr'><strong>δὲ</strong></span> <span class='ocrx_word' id='word_1_164' title='bbox 1208 471 1241 498; x_wconf 73' lang='grc' dir='ltr'><strong>τὰ</strong></span> <span class='ocrx_word' id='word_1_165' title='bbox 1257 471 1355 499; x_wconf 67' lang='grc' dir='ltr'>πάντα.</span> <span class='ocrx_word' id='word_1_166' title='bbox 1380 472 1492 508; x_wconf 77' lang='grc' dir='ltr'>κάμψει</span> <span class='ocrx_word' id='word_1_167' title='bbox 1509 472 1563 508; x_wconf 78' lang='grc' dir='ltr'><strong>γὰρ</strong></span> <span class='ocrx_word' id='word_1_168' title='bbox 1591 473 1664 509; x_wconf 78' lang='grc' dir='ltr'><strong>αὐτῷ</strong></span> <span class='ocrx_word' id='word_1_169' title='bbox 1686 475 1740 501; x_wconf 87' lang='grc' dir='ltr'><strong>πᾶν</strong></span> <span class='ocrx_word' id='word_1_170' title='bbox 1755 475 1821 508; x_wconf 76' lang='grc' dir='ltr'>γόνυ</span> 
     </span>
    </p>
   </div>
   <div class='ocr_carea' id='block_1_23' title="bbox 1037 514 1821 554">
    <p class='ocr_par' dir='ltr' id='par_1_23' title="bbox 1037 514 1821 554">
     <span class='ocr_line' id='line_1_23' title="bbox 1037 514 1821 554; baseline 0.008 -13"><span class='ocrx_word' id='word_1_171' title='bbox 1037 514 1217 550; x_wconf 77' lang='grc' dir='ltr'>ἐπουρανίων,</span> <span class='ocrx_word' id='word_1_172' title='bbox 1227 518 1274 544; x_wconf 72' lang='grc' dir='ltr'>καὶ</span> <span class='ocrx_word' id='word_1_173' title='bbox 1286 518 1478 552; x_wconf 77' lang='grc' dir='ltr'>ὲπιγείων,καὶ</span> <span class='ocrx_word' id='word_1_174' title='bbox 1490 519 1683 554; x_wconf 71' lang='grc' dir='ltr'><strong>καταχθονίων,</strong></span> <span class='ocrx_word' id='word_1_175' title='bbox 1702 520 1749 547; x_wconf 71' lang='grc' dir='ltr'>καὶ</span> <span class='ocrx_word' id='word_1_176' title='bbox 1769 522 1821 547; x_wconf 84' lang='grc' dir='ltr'><strong>πᾶ-</strong></span> 
     </span>
    </p>
   </div>
   <div class='ocr_carea' id='block_1_24' title="bbox 1034 561 1821 601">
    <p class='ocr_par' dir='ltr' id='par_1_24' title="bbox 1034 561 1821 601">
     <span class='ocr_line' id='line_1_24' title="bbox 1034 561 1821 601; baseline 0.01 -16"><span class='ocrx_word' id='word_1_177' title='bbox 1034 567 1068 585; x_wconf 84' lang='grc' dir='ltr'><strong>σα</strong></span> <span class='ocrx_word' id='word_1_178' title='bbox 1089 561 1199 594; x_wconf 77' lang='grc' dir='ltr'>γλῶσσα</span> <span class='ocrx_word' id='word_1_179' title='bbox 1216 563 1428 598; x_wconf 80' lang='grc' dir='ltr'>ὲξομολογεῐται,</span> <span class='ocrx_word' id='word_1_180' title='bbox 1451 565 1491 591; x_wconf 78' lang='grc' dir='ltr'><strong>ὅτι</strong></span> <span class='ocrx_word' id='word_1_181' title='bbox 1511 565 1612 600; x_wconf 84' lang='grc' dir='ltr'>Κύριος</span> <span class='ocrx_word' id='word_1_182' title='bbox 1631 565 1733 601; x_wconf 81' lang='grc' dir='ltr'>Ἰησοῦς</span> <span class='ocrx_word' id='word_1_183' title='bbox 1753 567 1821 601; x_wconf 84' lang='grc' dir='ltr'><strong>Χρι-</strong></span> 
     </span>
    </p>
   </div>
   <div class='ocr_carea' id='block_1_25' title="bbox 1036 606 1563 647">
    <p class='ocr_par' dir='ltr' id='par_1_25' title="bbox 1036 606 1563 647">
     <span class='ocr_line' id='line_1_25' title="bbox 1036 606 1563 647; baseline 0.011 -15"><span class='ocrx_word' id='word_1_184' title='bbox 1036 606 1095 638; x_wconf 77' lang='grc' dir='ltr'>στὸς</span> <span class='ocrx_word' id='word_1_185' title='bbox 1110 608 1150 640; x_wconf 80' lang='grc' dir='ltr'><strong>είς</strong></span> <span class='ocrx_word' id='word_1_186' title='bbox 1161 609 1239 642; x_wconf 80' lang='grc' dir='ltr'>δόξαν</span> <span class='ocrx_word' id='word_1_187' title='bbox 1255 610 1323 637; x_wconf 82' lang='grc' dir='ltr'>Θεοῦ</span> <span class='ocrx_word' id='word_1_188' title='bbox 1336 611 1449 646; x_wconf 83' lang='grc' dir='ltr'>Πατρός.</span> <span class='ocrx_word' id='word_1_189' title='bbox 1470 612 1563 647; x_wconf 83' lang='grc' dir='ltr'>Ἀμήν.</span> 
     </span>
    </p>
   </div>
   <div class='ocr_carea' id='block_1_26' title="bbox 1182 665 1660 700">
    <p class='ocr_par' dir='ltr' id='par_1_26' title="bbox 1182 665 1660 700">
     <span class='ocr_line' id='line_1_26' title="bbox 1182 665 1660 700; baseline 0.008 -8"><span class='ocrx_word' id='word_1_190' title='bbox 1182 665 1250 700; x_wconf 78' lang='grc' dir='ltr'>Περὶ</span> <span class='ocrx_word' id='word_1_191' title='bbox 1264 666 1322 694; x_wconf 85' lang='grc' dir='ltr'><strong>τοῦ·</strong></span> <span class='ocrx_word' id='word_1_192' title='bbox 1331 668 1414 700; x_wconf 80' lang='grc' dir='ltr'><em>Κάῖν,</em></span> <span class='ocrx_word' id='word_1_193' title='bbox 1429 669 1481 694; x_wconf 79' lang='grc' dir='ltr'>καὶ·</span> <span class='ocrx_word' id='word_1_194' title='bbox 1494 669 1546 695; x_wconf 82' lang='grc' dir='ltr'><strong>τοῦ</strong></span> <span class='ocrx_word' id='word_1_195' title='bbox 1563 669 1660 696; x_wconf 72' lang='grc' dir='ltr'>Ἅϐελ.</span> 
     </span>
    </p>
   </div>
   <div class='ocr_carea' id='block_1_27' title="bbox 1068 711 1823 750">
    <p class='ocr_par' dir='ltr' id='par_1_27' title="bbox 1068 711 1823 750">
     <span class='ocr_line' id='line_1_27' title="bbox 1068 711 1823 750; baseline 0.007 -14"><span class='ocrx_word' id='word_1_196' title='bbox 1068 713 1102 738; x_wconf 83' lang='grc' dir='ltr'><strong>α’.</strong></span> <span class='ocrx_word' id='word_1_197' title='bbox 1129 711 1327 748; x_wconf 69' lang='grc' dir='ltr'>’Υπενήνεκται</span> <span class='ocrx_word' id='word_1_198' title='bbox 1349 714 1397 748; x_wconf 71' lang='grc' dir='ltr'><strong>μὲν</strong></span> <span class='ocrx_word' id='word_1_199' title='bbox 1419 715 1435 749; x_wconf 87' lang='grc' dir='ltr'>ὴ</span> <span class='ocrx_word' id='word_1_200' title='bbox 1459 714 1602 750; x_wconf 76' lang='grc' dir='ltr'>ἀνθρώπου</span> <span class='ocrx_word' id='word_1_201' title='bbox 1628 715 1716 749; x_wconf 74' lang='grc' dir='ltr'>φύσις,</span> <span class='ocrx_word' id='word_1_202' title='bbox 1735 716 1772 747; x_wconf 82' lang='grc' dir='ltr'>ὡς</span> <span class='ocrx_word' id='word_1_203' title='bbox 1793 717 1823 741; x_wconf 75' lang='grc' dir='ltr'>ἐν</span> 
     </span>
    </p>
   </div>
   <div class='ocr_carea' id='block_1_28' title="bbox 1035 756 1825 795">
    <p class='ocr_par' dir='ltr' id='par_1_28' title="bbox 1035 756 1825 795">
     <span class='ocr_line' id='line_1_28' title="bbox 1035 756 1825 795; baseline 0.004 -12"><span class='ocrx_word' id='word_1_204' title='bbox 1035 758 1104 792; x_wconf 83' lang='grc' dir='ltr'>ἀρχῇ</span> <span class='ocrx_word' id='word_1_205' title='bbox 1120 756 1167 783; x_wconf 74' lang='grc' dir='ltr'><strong>τοῦ</strong></span> <span class='ocrx_word' id='word_1_206' title='bbox 1187 758 1282 791; x_wconf 79' lang='grc' dir='ltr'>γένους</span> <span class='ocrx_word' id='word_1_207' title='bbox 1305 760 1333 785; x_wconf 79' lang='grc' dir='ltr'>ὲν</span> <span class='ocrx_word' id='word_1_208' title='bbox 1357 759 1453 794; x_wconf 77' lang='grc' dir='ltr'>Ἀδὰμ,</span> <span class='ocrx_word' id='word_1_209' title='bbox 1478 759 1604 795; x_wconf 81' lang='grc' dir='ltr'>καθάπερ</span> <span class='ocrx_word' id='word_1_210' title='bbox 1617 759 1686 794; x_wconf 74' lang='grc' dir='ltr'>ἔφην</span> <span class='ocrx_word' id='word_1_211' title='bbox 1708 760 1825 795; x_wconf 67' lang='grc' dir='ltr'>ἀρτίως,</span> 
     </span>
    </p>
   </div>
   <div class='ocr_carea' id='block_1_29' title="bbox 1035 801 1820 840">
    <p class='ocr_par' dir='ltr' id='par_1_29' title="bbox 1035 801 1820 840">
     <span class='ocr_line' id='line_1_29' title="bbox 1035 801 1820 840; baseline 0.004 -12"><span class='ocrx_word' id='word_1_212' title='bbox 1035 801 1150 834; x_wconf 77' lang='grc' dir='ltr'><strong>θανάτῳ</strong></span> <span class='ocrx_word' id='word_1_213' title='bbox 1173 803 1222 829; x_wconf 76' lang='grc' dir='ltr'>καὶ</span> <span class='ocrx_word' id='word_1_214' title='bbox 1238 803 1381 838; x_wconf 69' lang='grc' dir='ltr'><strong>ἁμαρτίᾳ*</strong></span> <span class='ocrx_word' id='word_1_215' title='bbox 1404 803 1570 839; x_wconf 78' lang='grc' dir='ltr'>λελύτρωται</span> <span class='ocrx_word' id='word_1_216' title='bbox 1592 805 1620 831; x_wconf 80' lang='grc' dir='ltr'>δὲ</span> <span class='ocrx_word' id='word_1_217' title='bbox 1637 805 1685 840; x_wconf 74' lang='grc' dir='ltr'>οὐχ</span> <span class='ocrx_word' id='word_1_218' title='bbox 1710 805 1820 840; x_wconf 78' lang='grc' dir='ltr'>ἑτέρως,</span> 
     </span>
    </p>
   </div>
   <div class='ocr_carea' id='block_1_30' title="bbox 1039 847 1821 886">
    <p class='ocr_par' dir='ltr' id='par_1_30' title="bbox 1039 847 1821 886">
     <span class='ocr_line' id='line_1_30' title="bbox 1039 847 1821 886; baseline 0.005 -13"><span class='ocrx_word' id='word_1_219' title='bbox 1039 847 1107 883; x_wconf 70' lang='grc' dir='ltr'>πλὴν</span> <span class='ocrx_word' id='word_1_220' title='bbox 1121 848 1162 874; x_wconf 80' lang='grc' dir='ltr'><strong>ὅτι</strong></span> <span class='ocrx_word' id='word_1_221' title='bbox 1176 848 1218 875; x_wconf 78' lang='grc' dir='ltr'><strong>διὰ</strong></span> <span class='ocrx_word' id='word_1_222' title='bbox 1229 849 1309 884; x_wconf 76' lang='grc' dir='ltr'>μόνου</span> <span class='ocrx_word' id='word_1_223' title='bbox 1318 849 1448 886; x_wconf 81' lang='grc' dir='ltr'>Χριστοῦ.</span> <span class='ocrx_word' id='word_1_224' title='bbox 1468 850 1509 881; x_wconf 86' lang='grc' dir='ltr'>Ὠς</span> <span class='ocrx_word' id='word_1_225' title='bbox 1520 850 1574 886; x_wconf 83' lang='grc' dir='ltr'><strong>γὰρ</strong></span> <span class='ocrx_word' id='word_1_226' title='bbox 1587 851 1601 877; x_wconf 83' lang='grc' dir='ltr'>ὁ</span> <span class='ocrx_word' id='word_1_227' title='bbox 1610 850 1691 877; x_wconf 77' lang='grc' dir='ltr'>αὑτοῦ</span> <span class='ocrx_word' id='word_1_228' title='bbox 1700 851 1821 886; x_wconf 73' lang='grc' dir='ltr'>γέγραφε</span> 
     </span>
    </p>
   </div>
   <div class='ocr_carea' id='block_1_31' title="bbox 1040 894 1822 932">
    <p class='ocr_par' dir='ltr' id='par_1_31' title="bbox 1040 894 1822 932">
     <span class='ocr_line' id='line_1_31' title="bbox 1040 894 1822 932; baseline 0.003 -12"><span class='ocrx_word' id='word_1_229' title='bbox 1040 894 1172 930; x_wconf 75' lang='grc' dir='ltr'>μαθητὴς,</span> <span class='ocrx_word' id='word_1_230' title='bbox 1191 905 1200 920; x_wconf 79' lang='lat' dir='ltr'>l</span> <span class='ocrx_word' id='word_1_231' title='bbox 1224 895 1280 922; x_wconf 78' lang='grc' dir='ltr'><strong>Οὒκ</strong></span> <span class='ocrx_word' id='word_1_232' title='bbox 1298 895 1370 922; x_wconf 73' lang='grc' dir='ltr'>ἔστιν</span> <span class='ocrx_word' id='word_1_233' title='bbox 1382 896 1467 931; x_wconf 74' lang='grc' dir='ltr'>ὄνομα</span> <span class='ocrx_word' id='word_1_234' title='bbox 1479 896 1570 931; x_wconf 71' lang='grc' dir='ltr'>ἕτερον</span> <span class='ocrx_word' id='word_1_235' title='bbox 1589 897 1641 923; x_wconf 60' lang='lat' dir='ltr'><strong>{me</strong></span> <span class='ocrx_word' id='word_1_236' title='bbox 1652 896 1696 923; x_wconf 64' lang='grc' dir='ltr'>τὸν</span> <span class='ocrx_word' id='word_1_237' title='bbox 1709 897 1822 932; x_wconf 58' lang='grc' dir='ltr'>οὐρανδν</span> 
     </span>
    </p>
   </div>
   <div class='ocr_carea' id='block_1_32' title="bbox 1038 938 1818 976">
    <p class='ocr_par' dir='ltr' id='par_1_32' title="bbox 1038 938 1818 976">
     <span class='ocr_line' id='line_1_32' title="bbox 1038 938 1818 976; baseline 0.004 -11"><span class='ocrx_word' id='word_1_238' title='bbox 1038 940 1067 965; x_wconf 68' lang='grc' dir='ltr'><strong>τὴ</strong></span> <span class='ocrx_word' id='word_1_239' title='bbox 1081 940 1221 975; x_wconf 78' lang='grc' dir='ltr'>δεδομένον</span> <span class='ocrx_word' id='word_1_240' title='bbox 1232 942 1261 967; x_wconf 81' lang='grc' dir='ltr'>ὲν</span> <span class='ocrx_word' id='word_1_241' title='bbox 1273 941 1434 976; x_wconf 76' lang='grc' dir='ltr'>ἀνθρώποις,</span> <span class='ocrx_word' id='word_1_242' title='bbox 1451 943 1478 968; x_wconf 80' lang='grc' dir='ltr'>ἐν</span> <span class='ocrx_word' id='word_1_243' title='bbox 1526 942 1564 968; x_wconf 82' lang='grc' dir='ltr'><strong>δεῖ</strong></span> <span class='ocrx_word' id='word_1_244' title='bbox 1580 942 1696 976; x_wconf 81' lang='grc' dir='ltr'>σωθῆναι</span> <span class='ocrx_word' id='word_1_245' title='bbox 1710 942 1791 976; x_wconf 79' lang='grc' dir='ltr'>ἡμᾶς.</span> <span class='ocrx_word' id='word_1_246' title='bbox 1809 951 1818 966; x_wconf 73' lang='grc' dir='ltr'>ι</span> 
     </span>
    </p>
   </div>
   <div class='ocr_carea' id='block_1_33' title="bbox 201 982 987 1031">
    <p class='ocr_par' dir='ltr' id='par_1_33' title="bbox 201 982 984 1019">
     <span class='ocr_line' id='line_1_33' title="bbox 201 982 984 1019; baseline -0.003 -8"><span class='ocrx_word' id='word_1_247' title='bbox 201 985 273 1011; x_wconf 87' lang='lat' dir='ltr'><strong>enim</strong></span> <span class='ocrx_word' id='word_1_248' title='bbox 289 992 352 1011; x_wconf 90' lang='lat' dir='ltr'><strong>eum</strong></span> <span class='ocrx_word' id='word_1_249' title='bbox 367 992 417 1019; x_wconf 90' lang='lat' dir='ltr'><strong>per</strong></span> <span class='ocrx_word' id='word_1_250' title='bbox 429 992 511 1019; x_wconf 86' lang='lat' dir='ltr'><strong>quem</strong></span> <span class='ocrx_word' id='word_1_251' title='bbox 523 984 614 1011; x_wconf 84' lang='lat' dir='ltr'><strong>omnia</strong></span> <span class='ocrx_word' id='word_1_252' title='bbox 631 988 720 1011; x_wconf 90' lang='lat' dir='ltr'><strong>ortum</strong></span> <span class='ocrx_word' id='word_1_253' title='bbox 742 988 822 1010; x_wconf 83' lang='lat' dir='ltr'><strong>nacta</strong></span> <span class='ocrx_word' id='word_1_254' title='bbox 842 987 905 1010; x_wconf 91' lang='lat' dir='ltr'><strong>sunt</strong></span> <span class='ocrx_word' id='word_1_255' title='bbox 916 1003 923 1015; x_wconf 95' lang='lat'><strong>,</strong></span> <span class='ocrx_word' id='word_1_256' title='bbox 942 982 984 1009; x_wconf 91' lang='lat' dir='ltr'><strong>in—</strong></span> 
     </span>
    </p>
   </div>
   <div class='ocr_carea' id='block_1_34' title="bbox 1039 982 1821 1031">
    <p class='ocr_par' dir='ltr' id='par_1_34' title="bbox 1040 982 1821 1021">
     <span class='ocr_line' id='line_1_34' title="bbox 1040 982 1821 1021; baseline 0.004 -11"><span class='ocrx_word' id='word_1_257' title='bbox 1040 984 1188 1020; x_wconf 77' lang='grc' dir='ltr'>Ἕδειγὰρ,</span> <span class='ocrx_word' id='word_1_258' title='bbox 1207 984 1259 1011; x_wconf 76' lang='grc' dir='ltr'>ἔδει</span> <span class='ocrx_word' id='word_1_259' title='bbox 1273 985 1318 1011; x_wconf 74' lang='grc' dir='ltr'><strong>τὸν</strong></span> <span class='ocrx_word' id='word_1_260' title='bbox 1338 982 1418 1012; x_wconf 73' lang='grc' dir='ltr'>δι”οὗ</span> <span class='ocrx_word' id='word_1_261' title='bbox 1439 986 1472 1011; x_wconf 66' lang='grc' dir='ltr'><strong>τὰ</strong></span> <span class='ocrx_word' id='word_1_262' title='bbox 1497 985 1584 1012; x_wconf 81' lang='grc' dir='ltr'>πάντα</span> <span class='ocrx_word' id='word_1_263' title='bbox 1607 986 1733 1021; x_wconf 77' lang='grc' dir='ltr'><strong>παρήχθη</strong></span> <span class='ocrx_word' id='word_1_264' title='bbox 1755 987 1821 1021; x_wconf 66' lang='grc' dir='ltr'>πρὺς</span> 
     </span>
    </p>
   </div>
   <div class='ocr_carea' id='block_1_35' title="bbox 202 1029 986 1065">
    <p class='ocr_par' dir='ltr' id='par_1_35' title="bbox 202 1029 986 1065">
     <span class='ocr_line' id='line_1_35' title="bbox 202 1029 986 1065; baseline -0.004 -7"><span class='ocrx_word' id='word_1_265' title='bbox 202 1034 382 1058; x_wconf 87' lang='lat' dir='ltr'><strong>stauratorem</strong></span> <span class='ocrx_word' id='word_1_266' title='bbox 410 1030 469 1057; x_wconf 85' lang='lat' dir='ltr'><strong>ﬁeri</strong></span> <span class='ocrx_word' id='word_1_267' title='bbox 493 1038 588 1058; x_wconf 89' lang='lat' dir='ltr'><strong>eorum</strong></span> <span class='ocrx_word' id='word_1_268' title='bbox 608 1038 669 1065; x_wconf 68' lang='lat' dir='ltr'><strong>quae</strong></span> <span class='ocrx_word' id='word_1_269' title='bbox 691 1034 818 1064; x_wconf 85' lang='lat' dir='ltr'><strong>corrupta</strong></span> <span class='ocrx_word' id='word_1_270' title='bbox 837 1033 924 1061; x_wconf 90' lang='lat' dir='ltr'><strong>erant,</strong></span> <span class='ocrx_word' id='word_1_271' title='bbox 944 1029 986 1055; x_wconf 87' lang='lat' dir='ltr'><strong>vi-</strong></span> 
     </span>
    </p>
   </div>
   <div class='ocr_carea' id='block_1_36' title="bbox 202 1074 988 1110">
    <p class='ocr_par' dir='ltr' id='par_1_36' title="bbox 202 1074 988 1110">
     <span class='ocr_line' id='line_1_36' title="bbox 202 1074 988 1110; baseline -0.004 -7"><span class='ocrx_word' id='word_1_272' title='bbox 202 1076 325 1110; x_wconf 87' lang='lat' dir='ltr'><strong>tiumque</strong></span> <span class='ocrx_word' id='word_1_273' title='bbox 345 1083 378 1103; x_wconf 81' lang='lat' dir='ltr'><strong>ex</strong></span> <span class='ocrx_word' id='word_1_274' title='bbox 398 1081 510 1110; x_wconf 87' lang='lat' dir='ltr'><strong>peccato</strong></span> <span class='ocrx_word' id='word_1_275' title='bbox 529 1079 699 1102; x_wconf 79' lang='lat' dir='ltr'><strong>contractum</strong></span> <span class='ocrx_word' id='word_1_276' title='bbox 723 1074 881 1110; x_wconf 82' lang='lat' dir='ltr'><strong>proﬂigare,</strong></span> <span class='ocrx_word' id='word_1_277' title='bbox 901 1074 988 1108; x_wconf 85' lang='lat' dir='ltr'><strong>quod-</strong></span> 
     </span>
    </p>
   </div>
   <div class='ocr_carea' id='block_1_37' title="bbox 202 1119 985 1156">
    <p class='ocr_par' dir='ltr' id='par_1_37' title="bbox 202 1119 985 1156">
     <span class='ocr_line' id='line_1_37' title="bbox 202 1119 985 1156; baseline -0.001 -9"><span class='ocrx_word' id='word_1_278' title='bbox 202 1129 255 1156; x_wconf 92' lang='lat' dir='ltr'><strong>que</strong></span> <span class='ocrx_word' id='word_1_279' title='bbox 270 1121 340 1148; x_wconf 88' lang='lat' dir='ltr'><strong>male</strong></span> <span class='ocrx_word' id='word_1_280' title='bbox 356 1121 475 1148; x_wconf 85' lang='lat' dir='ltr'><strong>habebat</strong></span> <span class='ocrx_word' id='word_1_281' title='bbox 488 1121 607 1153; x_wconf 83' lang='lat' dir='ltr'><strong>abolere,</strong></span> <span class='ocrx_word' id='word_1_282' title='bbox 629 1125 709 1155; x_wconf 82' lang='lat' dir='ltr'><strong>atque</strong></span> <span class='ocrx_word' id='word_1_283' title='bbox 722 1120 756 1148; x_wconf 92' lang='lat' dir='ltr'><strong>iis</strong></span> <span class='ocrx_word' id='word_1_284' title='bbox 772 1120 818 1155; x_wconf 88' lang='lat' dir='ltr'><strong>qui</strong></span> <span class='ocrx_word' id='word_1_285' title='bbox 829 1127 878 1155; x_wconf 91' lang='lat' dir='ltr'><strong>per</strong></span> <span class='ocrx_word' id='word_1_286' title='bbox 898 1119 985 1154; x_wconf 86' lang='lat' dir='ltr'><strong>ipsum</strong></span> 
     </span>
    </p>
   </div>
   <div class='ocr_carea' id='block_1_38' title="bbox 203 1165 986 1201">
    <p class='ocr_par' dir='ltr' id='par_1_38' title="bbox 203 1165 986 1201">
     <span class='ocr_line' id='line_1_38' title="bbox 203 1165 986 1201; baseline -0.004 -7"><span class='ocrx_word' id='word_1_287' title='bbox 203 1167 265 1194; x_wconf 86' lang='lat' dir='ltr'><strong>facti</strong></span> <span class='ocrx_word' id='word_1_288' title='bbox 279 1171 368 1199; x_wconf 90' lang='lat' dir='ltr'><strong>erant,</strong></span> <span class='ocrx_word' id='word_1_289' title='bbox 381 1166 483 1194; x_wconf 91' lang='lat' dir='ltr'><strong>bonum</strong></span> <span class='ocrx_word' id='word_1_290' title='bbox 503 1166 627 1193; x_wconf 84' lang='lat' dir='ltr'><strong>habitum</strong></span> <span class='ocrx_word' id='word_1_291' title='bbox 648 1165 760 1201; x_wconf 78' lang='lat' dir='ltr'><strong>largiter</strong></span> <span class='ocrx_word' id='word_1_292' title='bbox 776 1165 920 1200; x_wconf 79' lang='lat' dir='ltr'><strong>impertiri.</strong></span> <span class='ocrx_word' id='word_1_293' title='bbox 939 1165 986 1192; x_wconf 90' lang='lat' dir='ltr'><strong>Di-</strong></span> 
     </span>
    </p>
   </div>
   <div class='ocr_carea' id='block_1_39' title="bbox 202 1211 987 1248">
    <p class='ocr_par' dir='ltr' id='par_1_39' title="bbox 202 1211 987 1248">
     <span class='ocr_line' id='line_1_39' title="bbox 202 1211 987 1248; baseline -0.004 -8"><span class='ocrx_word' id='word_1_294' title='bbox 202 1213 271 1240; x_wconf 71' lang='lat' dir='ltr'><strong>vina:</strong></span> <span class='ocrx_word' id='word_1_295' title='bbox 287 1213 360 1240; x_wconf 86' lang='lat' dir='ltr'><strong>enim</strong></span> <span class='ocrx_word' id='word_1_296' title='bbox 376 1213 504 1248; x_wconf 67' lang='lat' dir='ltr'><strong>potentiaa</strong></span> <span class='ocrx_word' id='word_1_297' title='bbox 515 1221 547 1241; x_wconf 89' lang='lat' dir='ltr'><strong>ac</strong></span> <span class='ocrx_word' id='word_1_298' title='bbox 558 1213 652 1240; x_wconf 85' lang='lat' dir='ltr'><strong>virtuti</strong></span> <span class='ocrx_word' id='word_1_299' title='bbox 671 1212 832 1248; x_wconf 62' lang='lat' dir='ltr'><strong>praclarum</strong></span> <span class='ocrx_word' id='word_1_300' title='bbox 851 1211 903 1238; x_wconf 89' lang='lat' dir='ltr'><strong>hoc</strong></span> <span class='ocrx_word' id='word_1_301' title='bbox 919 1218 987 1246; x_wconf 91' lang='lat' dir='ltr'><strong>opus</strong></span> 
     </span>
    </p>
   </div>
   <div class='ocr_carea' id='block_1_40' title="bbox 203 1258 986 1294">
    <p class='ocr_par' dir='ltr' id='par_1_40' title="bbox 203 1258 986 1294">
     <span class='ocr_line' id='line_1_40' title="bbox 203 1258 986 1294; baseline -0.003 -8"><span class='ocrx_word' id='word_1_302' title='bbox 203 1259 357 1292; x_wconf 84' lang='lat' dir='ltr'><strong>tribuerim,</strong></span> <span class='ocrx_word' id='word_1_303' title='bbox 372 1267 434 1287; x_wconf 92' lang='lat' dir='ltr'><strong>cum</strong></span> <span class='ocrx_word' id='word_1_304' title='bbox 449 1267 481 1287; x_wconf 91' lang='lat' dir='ltr'><strong>ea</strong></span> <span class='ocrx_word' id='word_1_305' title='bbox 492 1267 553 1294; x_wconf 72' lang='lat' dir='ltr'><strong>quae</strong></span> <span class='ocrx_word' id='word_1_306' title='bbox 568 1267 622 1286; x_wconf 88' lang='lat' dir='ltr'><strong>non</strong></span> <span class='ocrx_word' id='word_1_307' title='bbox 634 1263 698 1286; x_wconf 89' lang='lat' dir='ltr'><strong>sunt</strong></span> <span class='ocrx_word' id='word_1_308' title='bbox 710 1258 744 1286; x_wconf 87' lang='lat' dir='ltr'><strong>ad</strong></span> <span class='ocrx_word' id='word_1_309' title='bbox 760 1265 820 1286; x_wconf 88' lang='lat' dir='ltr'><strong>esse</strong></span> <span class='ocrx_word' id='word_1_310' title='bbox 833 1258 986 1289; x_wconf 81' lang='lat' dir='ltr'><strong>traducere,</strong></span> 
     </span>
    </p>
   </div>
   <div class='ocr_carea' id='block_1_41' title="bbox 203 1303 986 1340">
    <p class='ocr_par' dir='ltr' id='par_1_41' title="bbox 203 1303 986 1340">
     <span class='ocr_line' id='line_1_41' title="bbox 203 1303 986 1340; baseline -0.004 -8"><span class='ocrx_word' id='word_1_311' title='bbox 203 1309 260 1332; x_wconf 91' lang='lat' dir='ltr'><strong>tum</strong></span> <span class='ocrx_word' id='word_1_312' title='bbox 273 1312 306 1332; x_wconf 82' lang='lat' dir='ltr'><strong>ea</strong></span> <span class='ocrx_word' id='word_1_313' title='bbox 319 1313 379 1340; x_wconf 66' lang='lat' dir='ltr'><strong>quae</strong></span> <span class='ocrx_word' id='word_1_314' title='bbox 390 1313 405 1332; x_wconf 85' lang='lat' dir='ltr'><strong>a</strong></span> <span class='ocrx_word' id='word_1_315' title='bbox 419 1309 492 1332; x_wconf 90' lang='lat' dir='ltr'><strong>recto</strong></span> <span class='ocrx_word' id='word_1_316' title='bbox 515 1305 705 1340; x_wconf 87' lang='lat' dir='ltr'><strong>inculpatoque</strong></span> <span class='ocrx_word' id='word_1_317' title='bbox 721 1308 793 1331; x_wconf 87' lang='lat' dir='ltr'><strong>statu</strong></span> <span class='ocrx_word' id='word_1_318' title='bbox 807 1303 986 1334; x_wconf 77' lang='lat' dir='ltr'><strong>deﬂexerunt,</strong></span> 
     </span>
    </p>
   </div>
   <div class='ocr_carea' id='block_1_42' title="bbox 203 1349 986 1385">
    <p class='ocr_par' dir='ltr' id='par_1_42' title="bbox 203 1349 986 1385">
     <span class='ocr_line' id='line_1_42' title="bbox 203 1349 986 1385; baseline -0.004 -7"><span class='ocrx_word' id='word_1_319' title='bbox 203 1351 236 1378; x_wconf 82' lang='lat' dir='ltr'><strong>ad</strong></span> <span class='ocrx_word' id='word_1_320' title='bbox 250 1350 352 1378; x_wconf 89' lang='lat' dir='ltr'><strong>bonum</strong></span> <span class='ocrx_word' id='word_1_321' title='bbox 367 1351 491 1378; x_wconf 89' lang='lat' dir='ltr'><strong>habitum</strong></span> <span class='ocrx_word' id='word_1_322' title='bbox 506 1358 645 1378; x_wconf 84' lang='lat' dir='ltr'><strong>revocare.</strong></span> <span class='ocrx_word' id='word_1_323' title='bbox 659 1352 791 1378; x_wconf 87' lang='lat' dir='ltr'><strong>Ustensus</strong></span> <span class='ocrx_word' id='word_1_324' title='bbox 801 1350 893 1385; x_wconf 86' lang='lat' dir='ltr'><strong>itaque</strong></span> <span class='ocrx_word' id='word_1_325' title='bbox 905 1355 946 1376; x_wconf 89' lang='lat' dir='ltr'><strong>est</strong></span> <span class='ocrx_word' id='word_1_326' title='bbox 960 1349 986 1376; x_wconf 90' lang='lat' dir='ltr'><strong>in</strong></span> 
     </span>
    </p>
   </div>
   <div class='ocr_carea' id='block_1_43' title="bbox 204 1395 987 1432">
    <p class='ocr_par' dir='ltr' id='par_1_43' title="bbox 204 1395 987 1432">
     <span class='ocr_line' id='line_1_43' title="bbox 204 1395 987 1432; baseline -0.004 -8"><span class='ocrx_word' id='word_1_327' title='bbox 204 1397 287 1424; x_wconf 84' lang='lat' dir='ltr'><strong>Adam</strong></span> <span class='ocrx_word' id='word_1_328' title='bbox 300 1396 382 1431; x_wconf 89' lang='lat' dir='ltr'><strong>hujus</strong></span> <span class='ocrx_word' id='word_1_329' title='bbox 406 1396 446 1424; x_wconf 85' lang='lat' dir='ltr'><strong>rei</strong></span> <span class='ocrx_word' id='word_1_330' title='bbox 463 1401 552 1432; x_wconf 81' lang='lat' dir='ltr'><strong>typus.</strong></span> <span class='ocrx_word' id='word_1_331' title='bbox 568 1396 667 1424; x_wconf 77' lang='lat' dir='ltr'><strong>Videas</strong></span> <span class='ocrx_word' id='word_1_332' title='bbox 688 1401 778 1423; x_wconf 89' lang='lat' dir='ltr'><strong>autem</strong></span> <span class='ocrx_word' id='word_1_333' title='bbox 795 1396 882 1431; x_wconf 85' lang='lat' dir='ltr'><strong>ipsum</strong></span> <span class='ocrx_word' id='word_1_334' title='bbox 902 1395 987 1422; x_wconf 90' lang='lat' dir='ltr'><strong>nihilo</strong></span> 
     </span>
    </p>
   </div>
   <div class='ocr_carea' id='block_1_44' title="bbox 203 1440 986 1476">
    <p class='ocr_par' dir='ltr' id='par_1_44' title="bbox 203 1440 986 1476">
     <span class='ocr_line' id='line_1_44' title="bbox 203 1440 986 1476; baseline -0.001 -7"><span class='ocrx_word' id='word_1_335' title='bbox 203 1442 292 1470; x_wconf 85' lang='lat' dir='ltr'><strong>secius</strong></span> <span class='ocrx_word' id='word_1_336' title='bbox 306 1442 332 1469; x_wconf 88' lang='lat' dir='ltr'><strong>id</strong></span> <span class='ocrx_word' id='word_1_337' title='bbox 347 1442 374 1469; x_wconf 91' lang='lat' dir='ltr'><strong>in</strong></span> <span class='ocrx_word' id='word_1_338' title='bbox 386 1442 446 1469; x_wconf 88' lang='lat' dir='ltr'><strong>aliis</strong></span> <span class='ocrx_word' id='word_1_339' title='bbox 463 1441 498 1469; x_wconf 87' lang='lat' dir='ltr'><strong>ab</strong></span> <span class='ocrx_word' id='word_1_340' title='bbox 508 1442 567 1476; x_wconf 89' lang='lat' dir='ltr'><strong>ipso</strong></span> <span class='ocrx_word' id='word_1_341' title='bbox 579 1442 658 1469; x_wconf 84' lang='lat' dir='ltr'><strong>factis</strong></span> <span class='ocrx_word' id='word_1_342' title='bbox 677 1442 888 1469; x_wconf 85' lang='lat' dir='ltr'><strong>describenlem.</strong></span> <span class='ocrx_word' id='word_1_343' title='bbox 906 1440 986 1468; x_wconf 89' lang='lat' dir='ltr'><strong>Sum-</strong></span> 
     </span>
    </p>
   </div>
   <div class='ocr_carea' id='block_1_45' title="bbox 204 1486 987 1522">
    <p class='ocr_par' dir='ltr' id='par_1_45' title="bbox 204 1486 987 1522">
     <span class='ocr_line' id='line_1_45' title="bbox 204 1486 987 1522; baseline -0.001 -8"><span class='ocrx_word' id='word_1_344' title='bbox 204 1488 296 1515; x_wconf 84' lang='lat' dir='ltr'><strong>matim</strong></span> <span class='ocrx_word' id='word_1_345' title='bbox 311 1487 384 1514; x_wconf 89' lang='lat' dir='ltr'><strong>enim</strong></span> <span class='ocrx_word' id='word_1_346' title='bbox 408 1487 436 1514; x_wconf 92' lang='lat' dir='ltr'><strong>in</strong></span> <span class='ocrx_word' id='word_1_347' title='bbox 451 1487 561 1515; x_wconf 89' lang='lat' dir='ltr'><strong>Christo</strong></span> <span class='ocrx_word' id='word_1_348' title='bbox 575 1487 678 1522; x_wconf 83' lang='lat' dir='ltr'><strong>colligit</strong></span> <span class='ocrx_word' id='word_1_349' title='bbox 691 1487 781 1514; x_wconf 86' lang='lat' dir='ltr'><strong>omnia</strong></span> <span class='ocrx_word' id='word_1_350' title='bbox 794 1495 854 1521; x_wconf 75' lang='lat' dir='ltr'><strong>quae</strong></span> <span class='ocrx_word' id='word_1_351' title='bbox 869 1487 896 1513; x_wconf 84' lang='lat' dir='ltr'><strong>in</strong></span> <span class='ocrx_word' id='word_1_352' title='bbox 911 1486 987 1513; x_wconf 78' lang='lat' dir='ltr'><strong>caelis</strong></span> 
     </span>
    </p>
   </div>
   <div class='ocr_carea' id='block_1_46' title="bbox 202 1533 987 1568">
    <p class='ocr_par' dir='ltr' id='par_1_46' title="bbox 202 1533 987 1568">
     <span class='ocr_line' id='line_1_46' title="bbox 202 1533 987 1568; baseline -0.003 -8"><span class='ocrx_word' id='word_1_353' title='bbox 202 1539 229 1561; x_wconf 84' lang='lat' dir='ltr'><strong>et</strong></span> <span class='ocrx_word' id='word_1_354' title='bbox 241 1542 301 1568; x_wconf 69' lang='lat' dir='ltr'><strong>qua:</strong></span> <span class='ocrx_word' id='word_1_355' title='bbox 321 1533 346 1560; x_wconf 91' lang='lat' dir='ltr'><strong>in</strong></span> <span class='ocrx_word' id='word_1_356' title='bbox 365 1538 436 1561; x_wconf 83' lang='lat' dir='ltr'><strong>terra</strong></span> <span class='ocrx_word' id='word_1_357' title='bbox 450 1533 523 1560; x_wconf 86' lang='lat' dir='ltr'><strong>Deus</strong></span> <span class='ocrx_word' id='word_1_358' title='bbox 545 1537 572 1560; x_wconf 86' lang='lat' dir='ltr'><strong>et</strong></span> <span class='ocrx_word' id='word_1_359' title='bbox 586 1534 675 1560; x_wconf 87' lang='lat' dir='ltr'><strong>Pater.</strong></span> <span class='ocrx_word' id='word_1_360' title='bbox 691 1534 724 1561; x_wconf 87' lang='lat' dir='ltr'><strong>Et</strong></span> <span class='ocrx_word' id='word_1_361' title='bbox 738 1533 811 1567; x_wconf 85' lang='lat' dir='ltr'><strong>quod</strong></span> <span class='ocrx_word' id='word_1_362' title='bbox 828 1533 861 1560; x_wconf 86' lang='lat' dir='ltr'><strong>ad</strong></span> <span class='ocrx_word' id='word_1_363' title='bbox 879 1540 910 1559; x_wconf 88' lang='lat' dir='ltr'><strong>ea</strong></span> <span class='ocrx_word' id='word_1_364' title='bbox 927 1540 987 1566; x_wconf 56' lang='lat' dir='ltr'><strong>qua</strong></span> 
     </span>
    </p>
   </div>
   <div class='ocr_carea' id='block_1_47' title="bbox 203 1578 986 1613">
    <p class='ocr_par' dir='ltr' id='par_1_47' title="bbox 203 1578 986 1613">
     <span class='ocr_line' id='line_1_47' title="bbox 203 1578 986 1613; baseline -0.001 -8"><span class='ocrx_word' id='word_1_365' title='bbox 203 1579 314 1606; x_wconf 88' lang='lat' dir='ltr'><strong>minime</strong></span> <span class='ocrx_word' id='word_1_366' title='bbox 330 1579 473 1610; x_wconf 82' lang='lat' dir='ltr'><strong>convenit,</strong></span> <span class='ocrx_word' id='word_1_367' title='bbox 488 1579 594 1613; x_wconf 88' lang='lat' dir='ltr'><strong>lapsum</strong></span> <span class='ocrx_word' id='word_1_368' title='bbox 614 1582 682 1610; x_wconf 87' lang='lat' dir='ltr'><strong>erat,</strong></span> <span class='ocrx_word' id='word_1_369' title='bbox 701 1578 739 1605; x_wconf 84' lang='lat' dir='ltr'><strong>ad&#39;</strong></span> <span class='ocrx_word' id='word_1_370' title='bbox 750 1578 869 1613; x_wconf 89' lang='lat' dir='ltr'><strong>primum</strong></span> <span class='ocrx_word' id='word_1_371' title='bbox 887 1582 986 1604; x_wconf 84' lang='lat' dir='ltr'><strong>statum</strong></span> 
     </span>
    </p>
   </div>
   <div class='ocr_carea' id='block_1_48' title="bbox 205 1623 987 1659">
    <p class='ocr_par' dir='ltr' id='par_1_48' title="bbox 205 1623 987 1659">
     <span class='ocr_line' id='line_1_48' title="bbox 205 1623 987 1659; baseline -0.001 -8"><span class='ocrx_word' id='word_1_372' title='bbox 205 1624 328 1657; x_wconf 84' lang='lat' dir='ltr'><strong>reducit;</strong></span> <span class='ocrx_word' id='word_1_373' title='bbox 344 1624 377 1652; x_wconf 91' lang='lat' dir='ltr'><strong>iis</strong></span> <span class='ocrx_word' id='word_1_374' title='bbox 389 1632 450 1659; x_wconf 80' lang='lat' dir='ltr'><strong>quae</strong></span> <span class='ocrx_word' id='word_1_375' title='bbox 467 1624 572 1652; x_wconf 85' lang='lat' dir='ltr'><strong>interea</strong></span> <span class='ocrx_word' id='word_1_376' title='bbox 583 1624 754 1656; x_wconf 85' lang='lat' dir='ltr'><strong>acciderant,</strong></span> <span class='ocrx_word' id='word_1_377' title='bbox 773 1623 858 1658; x_wconf 88' lang='lat' dir='ltr'><strong>ipsius</strong></span> <span class='ocrx_word' id='word_1_378' title='bbox 881 1631 913 1650; x_wconf 89' lang='lat' dir='ltr'><strong>ac</strong></span> <span class='ocrx_word' id='word_1_379' title='bbox 925 1624 987 1658; x_wconf 90' lang='lat' dir='ltr'><strong>qui-</strong></span> 
     </span>
    </p>
   </div>
   <div class='ocr_carea' id='block_1_49' title="bbox 1039 1027 1050 1034">
    <p class='ocr_par' dir='ltr' id='par_1_49' title="bbox 1039 1027 1050 1034">
     <span class='ocr_line' id='line_1_49' title="bbox 1039 1027 1050 1034; baseline 0 0"><span class='ocrx_word' id='word_1_380' title='bbox 1039 1027 1050 1034; x_wconf 70' lang='grc' dir='ltr'><em>η</em></span> 
     </span>
    </p>
   </div>
   <div class='ocr_carea' id='block_1_50' title="bbox 1038 1029 1819 1065">
    <p class='ocr_par' dir='ltr' id='par_1_50' title="bbox 1038 1029 1819 1065">
     <span class='ocr_line' id='line_1_50' title="bbox 1038 1029 1819 1065; baseline 0.005 -12"><span class='ocrx_word' id='word_1_381' title='bbox 1038 1029 1164 1063; x_wconf 72' lang='grc' dir='ltr'>ὕπαρξιν,</span> <span class='ocrx_word' id='word_1_382' title='bbox 1174 1029 1368 1065; x_wconf 73' lang='grc' dir='ltr'>ἀνακαινιστὴν</span> <span class='ocrx_word' id='word_1_383' title='bbox 1380 1029 1505 1064; x_wconf 83' lang='grc' dir='ltr'>γενέσθαι</span> <span class='ocrx_word' id='word_1_384' title='bbox 1514 1030 1567 1057; x_wconf 79' lang='grc' dir='ltr'>τῶν</span> <span class='ocrx_word' id='word_1_385' title='bbox 1578 1031 1819 1065; x_wconf 75' lang='grc' dir='ltr'>κατεφθαρμένων,</span> 
     </span>
    </p>
   </div>
   <div class='ocr_carea' id='block_1_51' title="bbox 1038 1074 1822 1112">
    <p class='ocr_par' dir='ltr' id='par_1_51' title="bbox 1038 1074 1822 1112">
     <span class='ocr_line' id='line_1_51' title="bbox 1038 1074 1822 1112; baseline 0.005 -13"><span class='ocrx_word' id='word_1_386' title='bbox 1038 1074 1084 1100; x_wconf 67' lang='grc' dir='ltr'>καὶ</span> <span class='ocrx_word' id='word_1_387' title='bbox 1100 1074 1146 1110; x_wconf 75' lang='grc' dir='ltr'><strong>τὴν</strong></span> <span class='ocrx_word' id='word_1_388' title='bbox 1161 1076 1191 1101; x_wconf 80' lang='grc' dir='ltr'>ὲκ</span> <span class='ocrx_word' id='word_1_389' title='bbox 1209 1076 1260 1110; x_wconf 82' lang='grc' dir='ltr'><strong>τῆς</strong></span> <span class='ocrx_word' id='word_1_390' title='bbox 1272 1076 1407 1112; x_wconf 78' lang='grc' dir='ltr'>ἁμαρτίας</span> <span class='ocrx_word' id='word_1_391' title='bbox 1433 1076 1573 1109; x_wconf 77' lang='grc' dir='ltr'>ἐξελᾶσθαι</span> <span class='ocrx_word' id='word_1_392' title='bbox 1599 1077 1722 1111; x_wconf 78' lang='grc' dir='ltr'>πήρωσιν</span> <span class='ocrx_word' id='word_1_393' title='bbox 1734 1083 1741 1090; x_wconf 91' lang='grc'><strong>·</strong></span> <span class='ocrx_word' id='word_1_394' title='bbox 1757 1085 1822 1103; x_wconf 82' lang='grc' dir='ltr'>κατ-</span> 
     </span>
    </p>
   </div>
   <div class='ocr_carea' id='block_1_52' title="bbox 1036 1121 1822 1155">
    <p class='ocr_par' dir='ltr' id='par_1_52' title="bbox 1036 1121 1822 1155">
     <span class='ocr_line' id='line_1_52' title="bbox 1036 1121 1822 1155; baseline 0.005 -9"><span class='ocrx_word' id='word_1_395' title='bbox 1036 1121 1154 1155; x_wconf 71' lang='grc' dir='ltr'>αργῆσαι</span> <span class='ocrx_word' id='word_1_396' title='bbox 1165 1121 1194 1148; x_wconf 76' lang='grc' dir='ltr'><strong>δὲ</strong></span> <span class='ocrx_word' id='word_1_397' title='bbox 1207 1122 1238 1147; x_wconf 79' lang='grc' dir='ltr'>τὸ</span> <span class='ocrx_word' id='word_1_398' title='bbox 1249 1122 1360 1154; x_wconf 78' lang='grc' dir='ltr'>λυποῦν,</span> <span class='ocrx_word' id='word_1_399' title='bbox 1383 1123 1429 1149; x_wconf 74' lang='grc' dir='ltr'>καὶ</span> <span class='ocrx_word' id='word_1_400' title='bbox 1444 1123 1474 1149; x_wconf 76' lang='grc' dir='ltr'><strong>τὸ</strong></span> <span class='ocrx_word' id='word_1_401' title='bbox 1495 1121 1524 1149; x_wconf 85' lang='grc' dir='ltr'>εὖ</span> <span class='ocrx_word' id='word_1_402' title='bbox 1547 1121 1616 1149; x_wconf 76' lang='grc' dir='ltr'>εἶναι</span> <span class='ocrx_word' id='word_1_403' title='bbox 1632 1123 1711 1150; x_wconf 78' lang='grc' dir='ltr'>πάλιν</span> <span class='ocrx_word' id='word_1_404' title='bbox 1723 1124 1822 1150; x_wconf 86' lang='grc' dir='ltr'>διανεί-</span> 
     </span>
    </p>
   </div>
   <div class='ocr_carea' id='block_1_53' title="bbox 1038 1167 1822 1204">
    <p class='ocr_par' dir='ltr' id='par_1_53' title="bbox 1038 1167 1822 1204">
     <span class='ocr_line' id='line_1_53' title="bbox 1038 1167 1822 1204; baseline 0.005 -13"><span class='ocrx_word' id='word_1_405' title='bbox 1038 1175 1088 1201; x_wconf 84' lang='grc' dir='ltr'>μαι</span> <span class='ocrx_word' id='word_1_406' title='bbox 1099 1167 1232 1198; x_wconf 71' lang='grc' dir='ltr'>πλουσίως</span> <span class='ocrx_word' id='word_1_407' title='bbox 1247 1169 1304 1199; x_wconf 81' lang='grc' dir='ltr'>τοῖς</span> <span class='ocrx_word' id='word_1_408' title='bbox 1317 1167 1351 1194; x_wconf 79' lang='grc' dir='ltr'><strong>δι’</strong></span> <span class='ocrx_word' id='word_1_409' title='bbox 1367 1168 1449 1194; x_wconf 77' lang='grc' dir='ltr'>αὐτοῦ</span> <span class='ocrx_word' id='word_1_410' title='bbox 1461 1168 1594 1203; x_wconf 80' lang='grc' dir='ltr'>γεγονόσι.</span> <span class='ocrx_word' id='word_1_411' title='bbox 1609 1169 1755 1204; x_wconf 81' lang='grc' dir='ltr'>Δυνάμεως</span> <span class='ocrx_word' id='word_1_412' title='bbox 1768 1169 1822 1204; x_wconf 77' lang='grc' dir='ltr'><strong>γὰρ</strong></span> 
     </span>
    </p>
   </div>
   <div class='ocr_carea' id='block_1_54' title="bbox 1036 1211 1822 1250">
    <p class='ocr_par' dir='ltr' id='par_1_54' title="bbox 1036 1211 1822 1250">
     <span class='ocr_line' id='line_1_54' title="bbox 1036 1211 1822 1250; baseline 0.005 -14"><span class='ocrx_word' id='word_1_413' title='bbox 1036 1211 1086 1245; x_wconf 75' lang='grc' dir='ltr'><strong>τῆς</strong></span> <span class='ocrx_word' id='word_1_414' title='bbox 1110 1211 1288 1246; x_wconf 82' lang='grc' dir='ltr'>θεοπρεποῦς,</span> <span class='ocrx_word' id='word_1_415' title='bbox 1311 1213 1358 1239; x_wconf 75' lang='grc' dir='ltr'>καὶ</span> <span class='ocrx_word' id='word_1_416' title='bbox 1376 1213 1468 1249; x_wconf 85' lang='grc' dir='ltr'>μέντοι</span> <span class='ocrx_word' id='word_1_417' title='bbox 1488 1215 1535 1241; x_wconf 70' lang='grc' dir='ltr'>καὶ</span> <span class='ocrx_word' id='word_1_418' title='bbox 1546 1213 1681 1247; x_wconf 77' lang='grc' dir='ltr'>ἐξουσίας,</span> <span class='ocrx_word' id='word_1_419' title='bbox 1702 1214 1775 1250; x_wconf 85' lang='grc' dir='ltr'>δοίην</span> <span class='ocrx_word' id='word_1_420' title='bbox 1789 1215 1822 1242; x_wconf 84' lang='grc' dir='ltr'>ἂν</span> 
     </span>
    </p>
   </div>
   <div class='ocr_carea' id='block_1_55' title="bbox 1037 1255 1821 1294">
    <p class='ocr_par' dir='ltr' id='par_1_55' title="bbox 1037 1255 1821 1294">
     <span class='ocr_line' id='line_1_55' title="bbox 1037 1255 1821 1294; baseline 0.005 -12"><span class='ocrx_word' id='word_1_421' title='bbox 1037 1255 1125 1290; x_wconf 84' lang='grc' dir='ltr'>ἔγωγε</span> <span class='ocrx_word' id='word_1_422' title='bbox 1141 1257 1272 1292; x_wconf 79' lang='grc' dir='ltr'>λαμπρὰν</span> <span class='ocrx_word' id='word_1_423' title='bbox 1292 1258 1418 1291; x_wconf 73' lang='grc' dir='ltr'>γενέσθαι</span> <span class='ocrx_word' id='word_1_424' title='bbox 1436 1259 1616 1294; x_wconf 79' lang='grc' dir='ltr'>κατόρθωσιν,</span> <span class='ocrx_word' id='word_1_425' title='bbox 1631 1260 1718 1286; x_wconf 75' lang='grc' dir='ltr'>καὶτὸ</span> <span class='ocrx_word' id='word_1_426' title='bbox 1732 1261 1763 1286; x_wconf 80' lang='grc' dir='ltr'>ἐκ</span> <span class='ocrx_word' id='word_1_427' title='bbox 1775 1259 1821 1286; x_wconf 65' lang='grc' dir='ltr'><strong>τοῦ</strong></span> 
     </span>
    </p>
   </div>
   <div class='ocr_carea' id='block_1_56' title="bbox 1039 1302 1823 1340">
    <p class='ocr_par' dir='ltr' id='par_1_56' title="bbox 1039 1302 1823 1340">
     <span class='ocr_line' id='line_1_56' title="bbox 1039 1302 1823 1340; baseline 0.005 -12"><span class='ocrx_word' id='word_1_428' title='bbox 1039 1303 1075 1338; x_wconf 78' lang='grc' dir='ltr'>μὴ</span> <span class='ocrx_word' id='word_1_429' title='bbox 1091 1303 1165 1335; x_wconf 72' lang='grc' dir='ltr'>ὄντος</span> <span class='ocrx_word' id='word_1_430' title='bbox 1184 1304 1224 1335; x_wconf 84' lang='grc' dir='ltr'><strong>είς</strong></span> <span class='ocrx_word' id='word_1_431' title='bbox 1244 1303 1275 1330; x_wconf 84' lang='grc' dir='ltr'><strong>τδ</strong></span> <span class='ocrx_word' id='word_1_432' title='bbox 1291 1302 1358 1331; x_wconf 84' lang='grc' dir='ltr'>εἶναι</span> <span class='ocrx_word' id='word_1_433' title='bbox 1375 1304 1506 1331; x_wconf 79' lang='grc' dir='ltr'>δύνασθαι</span> <span class='ocrx_word' id='word_1_434' title='bbox 1524 1307 1712 1340; x_wconf 73' lang='grc' dir='ltr'><strong>παρενεγκεῖν,</strong></span> <span class='ocrx_word' id='word_1_435' title='bbox 1728 1305 1775 1332; x_wconf 74' lang='grc' dir='ltr'><strong>καὶ</strong></span> <span class='ocrx_word' id='word_1_436' title='bbox 1789 1306 1823 1332; x_wconf 74' lang='grc' dir='ltr'><strong>τὰ</strong></span> 
     </span>
    </p>
   </div>
   <div class='ocr_carea' id='block_1_57' title="bbox 1037 1345 1823 1385">
    <p class='ocr_par' dir='ltr' id='par_1_57' title="bbox 1037 1345 1823 1385">
     <span class='ocr_line' id='line_1_57' title="bbox 1037 1345 1823 1385; baseline 0.005 -13"><span class='ocrx_word' id='word_1_437' title='bbox 1037 1345 1083 1372; x_wconf 79' lang='grc' dir='ltr'><strong>τοῦ</strong></span> <span class='ocrx_word' id='word_1_438' title='bbox 1096 1347 1185 1377; x_wconf 78' lang='grc' dir='ltr'>καλῶς</span> <span class='ocrx_word' id='word_1_439' title='bbox 1191 1356 1220 1373; x_wconf 85' lang='grc' dir='ltr'>τε</span> <span class='ocrx_word' id='word_1_440' title='bbox 1231 1347 1278 1374; x_wconf 74' lang='grc' dir='ltr'>καὶ</span> <span class='ocrx_word' id='word_1_441' title='bbox 1290 1347 1437 1383; x_wconf 77' lang='grc' dir='ltr'>ὰλωϐήτως</span> <span class='ocrx_word' id='word_1_442' title='bbox 1451 1348 1522 1383; x_wconf 73' lang='grc' dir='ltr'>ἔχειν</span> <span class='ocrx_word' id='word_1_443' title='bbox 1533 1350 1713 1384; x_wconf 67' lang='grc' dir='ltr'>ἡμαρτηκᾶτα</span> <span class='ocrx_word' id='word_1_444' title='bbox 1730 1359 1823 1385; x_wconf 85' lang='grc' dir='ltr'>μονον-</span> 
     </span>
    </p>
   </div>
   <div class='ocr_carea' id='block_1_58' title="bbox 1036 1392 1824 1428">
    <p class='ocr_par' dir='ltr' id='par_1_58' title="bbox 1036 1392 1824 1428">
     <span class='ocr_line' id='line_1_58' title="bbox 1036 1392 1824 1428; baseline 0.005 -10"><span class='ocrx_word' id='word_1_445' title='bbox 1036 1393 1096 1426; x_wconf 73' lang='grc' dir='ltr'>ουχὶ</span> <span class='ocrx_word' id='word_1_446' title='bbox 1111 1393 1295 1428; x_wconf 78' lang='grc' dir='ltr'>παλινάγρετα</span> <span class='ocrx_word' id='word_1_447' title='bbox 1310 1393 1377 1428; x_wconf 70' lang='grc' dir='ltr'>πρὸς</span> <span class='ocrx_word' id='word_1_448' title='bbox 1390 1393 1420 1420; x_wconf 74' lang='grc' dir='ltr'><strong>τὸ</strong></span> <span class='ocrx_word' id='word_1_449' title='bbox 1441 1392 1470 1420; x_wconf 80' lang='grc' dir='ltr'>εὖ</span> <span class='ocrx_word' id='word_1_450' title='bbox 1485 1392 1554 1421; x_wconf 70' lang='grc' dir='ltr'>εἶναι</span> <span class='ocrx_word' id='word_1_451' title='bbox 1574 1394 1676 1422; x_wconf 79' lang='grc' dir='ltr'>καλεῖν.</span> <span class='ocrx_word' id='word_1_452' title='bbox 1687 1395 1824 1422; x_wconf 75' lang='grc' dir='ltr'><strong>Δέδεικται</strong></span> 
     </span>
    </p>
   </div>
   <div class='ocr_carea' id='block_1_59' title="bbox 1039 1435 1824 1474">
    <p class='ocr_par' dir='ltr' id='par_1_59' title="bbox 1039 1435 1824 1474">
     <span class='ocr_line' id='line_1_59' title="bbox 1039 1435 1824 1474; baseline 0.006 -12"><span class='ocrx_word' id='word_1_453' title='bbox 1039 1436 1088 1471; x_wconf 82' lang='grc' dir='ltr'><strong>μὲν</strong></span> <span class='ocrx_word' id='word_1_454' title='bbox 1107 1435 1152 1464; x_wconf 79' lang='grc' dir='ltr'>οὖν</span> <span class='ocrx_word' id='word_1_455' title='bbox 1169 1438 1198 1463; x_wconf 82' lang='grc' dir='ltr'>ὲν</span> <span class='ocrx_word' id='word_1_456' title='bbox 1223 1438 1310 1470; x_wconf 74' lang='grc' dir='ltr'>Ἀδὰμ</span> <span class='ocrx_word' id='word_1_457' title='bbox 1330 1439 1344 1463; x_wconf 87' lang='grc' dir='ltr'>ὁ</span> <span class='ocrx_word' id='word_1_458' title='bbox 1361 1438 1407 1464; x_wconf 75' lang='grc' dir='ltr'>ἐπὶ</span> <span class='ocrx_word' id='word_1_459' title='bbox 1422 1438 1490 1474; x_wconf 79' lang='grc' dir='ltr'>τῷδε</span> <span class='ocrx_word' id='word_1_460' title='bbox 1510 1439 1604 1471; x_wconf 77' lang='grc' dir='ltr'>τύπος.</span> <span class='ocrx_word' id='word_1_461' title='bbox 1621 1440 1685 1466; x_wconf 86' lang='grc' dir='ltr'>Ἰδοι</span> <span class='ocrx_word' id='word_1_462' title='bbox 1698 1439 1720 1467; x_wconf 81' lang='grc' dir='ltr'><strong>δ’</strong></span> <span class='ocrx_word' id='word_1_463' title='bbox 1732 1440 1764 1467; x_wconf 82' lang='grc' dir='ltr'>ἄν</span> <span class='ocrx_word' id='word_1_464' title='bbox 1783 1449 1824 1472; x_wconf 77' lang='grc' dir='ltr'>τις</span> 
     </span>
    </p>
   </div>
   <div class='ocr_carea' id='block_1_60' title="bbox 1036 1480 1824 1520">
    <p class='ocr_par' dir='ltr' id='par_1_60' title="bbox 1036 1480 1824 1520">
     <span class='ocr_line' id='line_1_60' title="bbox 1036 1480 1824 1520; baseline 0.005 -12"><span class='ocrx_word' id='word_1_465' title='bbox 1036 1483 1113 1509; x_wconf 78' lang='grc' dir='ltr'>οὐδὲν</span> <span class='ocrx_word' id='word_1_466' title='bbox 1137 1480 1219 1518; x_wconf 78' lang='grc' dir='ltr'>ἦττον</span> <span class='ocrx_word' id='word_1_467' title='bbox 1242 1483 1322 1509; x_wconf 71' lang='grc' dir='ltr'>αὐτὴν</span> <span class='ocrx_word' id='word_1_468' title='bbox 1346 1484 1392 1510; x_wconf 72' lang='grc' dir='ltr'>καὶ</span> <span class='ocrx_word' id='word_1_469' title='bbox 1415 1485 1444 1511; x_wconf 85' lang='grc' dir='ltr'>ὲν</span> <span class='ocrx_word' id='word_1_470' title='bbox 1462 1486 1518 1516; x_wconf 83' lang='grc' dir='ltr'>τοῖς</span> <span class='ocrx_word' id='word_1_471' title='bbox 1542 1485 1571 1517; x_wconf 76' lang='grc' dir='ltr'><strong>ἐξ</strong></span> <span class='ocrx_word' id='word_1_472' title='bbox 1594 1485 1677 1512; x_wconf 76' lang='grc' dir='ltr'>αὑτοῦ</span> <span class='ocrx_word' id='word_1_473' title='bbox 1699 1486 1824 1520; x_wconf 67' lang='grc' dir='ltr'>γεγονόσι</span> 
     </span>
    </p>
   </div>
   <div class='ocr_carea' id='block_1_61' title="bbox 1037 1528 1827 1566">
    <p class='ocr_par' dir='ltr' id='par_1_61' title="bbox 1037 1528 1827 1566">
     <span class='ocr_line' id='line_1_61' title="bbox 1037 1528 1827 1566; baseline 0.005 -13"><span class='ocrx_word' id='word_1_474' title='bbox 1037 1528 1220 1563; x_wconf 76' lang='grc' dir='ltr'>γραφόμενον.</span> <span class='ocrx_word' id='word_1_475' title='bbox 1243 1529 1503 1563; x_wconf 70' lang='grc' dir='ltr'>’Λνακεφαλαιοῦται</span> <span class='ocrx_word' id='word_1_476' title='bbox 1517 1530 1570 1566; x_wconf 78' lang='grc' dir='ltr'><strong>γὰρ</strong></span> <span class='ocrx_word' id='word_1_477' title='bbox 1587 1532 1615 1557; x_wconf 85' lang='grc' dir='ltr'>ὲν</span> <span class='ocrx_word' id='word_1_478' title='bbox 1628 1531 1738 1566; x_wconf 84' lang='grc' dir='ltr'>Χριστῷ</span> <span class='ocrx_word' id='word_1_479' title='bbox 1751 1531 1784 1558; x_wconf 81' lang='grc' dir='ltr'><strong>τά</strong></span> <span class='ocrx_word' id='word_1_480' title='bbox 1796 1540 1827 1557; x_wconf 75' lang='grc' dir='ltr'>τε</span> 
     </span>
    </p>
   </div>
   <div class='ocr_carea' id='block_1_62' title="bbox 1039 1575 1824 1611">
    <p class='ocr_par' dir='ltr' id='par_1_62' title="bbox 1039 1575 1824 1611">
     <span class='ocr_line' id='line_1_62' title="bbox 1039 1575 1824 1611; baseline 0.004 -11"><span class='ocrx_word' id='word_1_481' title='bbox 1039 1575 1067 1600; x_wconf 82' lang='grc' dir='ltr'>ὲν</span> <span class='ocrx_word' id='word_1_482' title='bbox 1082 1576 1139 1606; x_wconf 74' lang='grc' dir='ltr'><strong>⁴τοῖς</strong></span> <span class='ocrx_word' id='word_1_483' title='bbox 1154 1575 1279 1610; x_wconf 70' lang='grc' dir='ltr'>οὐρανοῖς</span> <span class='ocrx_word' id='word_1_484' title='bbox 1295 1575 1341 1601; x_wconf 73' lang='grc' dir='ltr'><strong>καὶ</strong></span> <span class='ocrx_word' id='word_1_485' title='bbox 1356 1576 1389 1602; x_wconf 77' lang='grc' dir='ltr'>τὰ</span> <span class='ocrx_word' id='word_1_486' title='bbox 1402 1576 1447 1601; x_wconf 75' lang='grc' dir='ltr'><strong>ἐπὶ</strong></span> <span class='ocrx_word' id='word_1_487' title='bbox 1458 1577 1507 1610; x_wconf 84' lang='grc' dir='ltr'><strong>τῆς</strong></span> <span class='ocrx_word' id='word_1_488' title='bbox 1522 1576 1573 1611; x_wconf 78' lang='grc' dir='ltr'>γῆς</span> <span class='ocrx_word' id='word_1_489' title='bbox 1590 1578 1603 1603; x_wconf 78' lang='grc' dir='ltr'>ὁ</span> <span class='ocrx_word' id='word_1_490' title='bbox 1619 1576 1684 1608; x_wconf 74' lang='grc' dir='ltr'>Θεὸς</span> <span class='ocrx_word' id='word_1_491' title='bbox 1704 1577 1750 1603; x_wconf 77' lang='grc' dir='ltr'>καὶ</span> <span class='ocrx_word' id='word_1_492' title='bbox 1771 1586 1824 1603; x_wconf 87' lang='grc' dir='ltr'>πα·-</span> 
     </span>
    </p>
   </div>
   <div class='ocr_carea' id='block_1_63' title="bbox 1039 1620 1824 1663">
    <p class='ocr_par' dir='ltr' id='par_1_63' title="bbox 1039 1620 1824 1663">
     <span class='ocr_line' id='line_1_63' title="bbox 1039 1620 1824 1663; baseline 0.004 -18"><span class='ocrx_word' id='word_1_493' title='bbox 1039 1620 1100 1654; x_wconf 87' lang='grc' dir='ltr'><strong>τήρ.</strong></span> <span class='ocrx_word' id='word_1_494' title='bbox 1117 1620 1170 1646; x_wconf 74' lang='grc' dir='ltr'><strong>Καὶ</strong></span> <span class='ocrx_word' id='word_1_495' title='bbox 1184 1620 1214 1646; x_wconf 81' lang='grc' dir='ltr'>τὸ</span> <span class='ocrx_word' id='word_1_496' title='bbox 1225 1621 1267 1654; x_wconf 76' lang='grc' dir='ltr'><strong>ἐφ’</strong></span> <span class='ocrx_word' id='word_1_497' title='bbox 1282 1620 1299 1647; x_wconf 72' lang='grc' dir='ltr'>ἃ</span> <span class='ocrx_word' id='word_1_498' title='bbox 1318 1621 1354 1656; x_wconf 84' lang='grc' dir='ltr'><strong>μὴ</strong></span> <span class='ocrx_word' id='word_1_499' title='bbox 1372 1621 1510 1663; x_wconf 51' lang='grc' dir='ltr'>προσῆκεν</span> <span class='ocrx_word' id='word_1_500' title='bbox 1523 1621 1681 1656; x_wconf 71' lang='grc' dir='ltr'><strong>ὀλισθῆσαν,</strong></span> <span class='ocrx_word' id='word_1_501' title='bbox 1696 1622 1824 1649; x_wconf 73' lang='grc' dir='ltr'><strong>ἀναϐιϐά-</strong></span> 
     </span>
    </p>
   </div>
   <div class='ocr_carea' id='block_1_64' title="bbox 204 1664 987 1703">
    <p class='ocr_par' dir='ltr' id='par_1_64' title="bbox 204 1668 987 1703">
     <span class='ocr_line' id='line_1_64' title="bbox 204 1668 987 1703; baseline -0.003 -7"><span class='ocrx_word' id='word_1_502' title='bbox 204 1670 265 1696; x_wconf 87' lang='lat' dir='ltr'><strong>dem</strong></span> <span class='ocrx_word' id='word_1_503' title='bbox 276 1670 362 1697; x_wconf 89' lang='lat' dir='ltr'><strong>solius</strong></span> <span class='ocrx_word' id='word_1_504' title='bbox 373 1669 527 1697; x_wconf 87' lang='lat' dir='ltr'><strong>interventu</strong></span> <span class='ocrx_word' id='word_1_505' title='bbox 547 1669 581 1697; x_wconf 88' lang='lat' dir='ltr'><strong>de</strong></span> <span class='ocrx_word' id='word_1_506' title='bbox 593 1669 682 1697; x_wconf 89' lang='lat' dir='ltr'><strong>medio</strong></span> <span class='ocrx_word' id='word_1_507' title='bbox 701 1669 825 1701; x_wconf 85' lang='lat' dir='ltr'><strong>sublatis,</strong></span> <span class='ocrx_word' id='word_1_508' title='bbox 838 1669 927 1703; x_wconf 88' lang='lat' dir='ltr'><strong>iisque</strong></span> <span class='ocrx_word' id='word_1_509' title='bbox 941 1668 987 1703; x_wconf 91' lang='lat' dir='ltr'><strong>qui</strong></span> 
     </span>
    </p>
   </div>
   <div class='ocr_carea' id='block_1_65' title="bbox 1039 1664 1825 1703">
    <p class='ocr_par' dir='ltr' id='par_1_65' title="bbox 1041 1664 1825 1702">
     <span class='ocr_line' id='line_1_65' title="bbox 1041 1664 1825 1702; baseline 0.004 -11"><span class='ocrx_word' id='word_1_510' title='bbox 1041 1664 1116 1696; x_wconf 78' lang='grc' dir='ltr'>ζεται</span> <span class='ocrx_word' id='word_1_511' title='bbox 1126 1665 1192 1700; x_wconf 73' lang='grc' dir='ltr'>πρὸς</span> <span class='ocrx_word' id='word_1_512' title='bbox 1203 1665 1233 1691; x_wconf 74' lang='grc' dir='ltr'><strong>τδ</strong></span> <span class='ocrx_word' id='word_1_513' title='bbox 1248 1666 1277 1692; x_wconf 77' lang='grc' dir='ltr'>ἐν</span> <span class='ocrx_word' id='word_1_514' title='bbox 1293 1666 1401 1701; x_wconf 77' lang='grc' dir='ltr'>ἀρχαῖς,</span> <span class='ocrx_word' id='word_1_515' title='bbox 1416 1667 1450 1693; x_wconf 87' lang='grc' dir='ltr'><strong>δι’</strong></span> <span class='ocrx_word' id='word_1_516' title='bbox 1469 1666 1552 1693; x_wconf 83' lang='grc' dir='ltr'>αὑτοῦ</span> <span class='ocrx_word' id='word_1_517' title='bbox 1569 1666 1601 1702; x_wconf 80' lang='grc' dir='ltr'><strong>δὴ</strong></span> <span class='ocrx_word' id='word_1_518' title='bbox 1615 1667 1661 1693; x_wconf 83' lang='grc' dir='ltr'>καὶ</span> <span class='ocrx_word' id='word_1_519' title='bbox 1679 1667 1758 1702; x_wconf 80' lang='grc' dir='ltr'>μόνου</span> <span class='ocrx_word' id='word_1_520' title='bbox 1772 1668 1825 1694; x_wconf 80' lang='grc' dir='ltr'><strong>τῶν</strong></span> 
     </span>
    </p>
   </div>
   <div class='ocr_carea' id='block_1_66' title="bbox 205 1715 987 1744">
    <p class='ocr_par' dir='ltr' id='par_1_66' title="bbox 205 1715 987 1744">
     <span class='ocr_line' id='line_1_66' title="bbox 205 1715 987 1744; baseline -0.001 -2"><span class='ocrx_word' id='word_1_521' title='bbox 205 1715 232 1743; x_wconf 90' lang='lat' dir='ltr'><strong>in</strong></span> <span class='ocrx_word' id='word_1_522' title='bbox 255 1720 328 1743; x_wconf 85' lang='lat' dir='ltr'><strong>terra</strong></span> <span class='ocrx_word' id='word_1_523' title='bbox 352 1719 417 1742; x_wconf 91' lang='lat' dir='ltr'><strong>sunt</strong></span> <span class='ocrx_word' id='word_1_524' title='bbox 441 1715 475 1743; x_wconf 89' lang='lat' dir='ltr'><strong>ad</strong></span> <span class='ocrx_word' id='word_1_525' title='bbox 490 1716 640 1744; x_wconf 81' lang='lat' dir='ltr'><strong>novitatem</strong></span> <span class='ocrx_word' id='word_1_526' title='bbox 663 1720 794 1743; x_wconf 77' lang='lat' dir='ltr'><strong>creatura:</strong></span> <span class='ocrx_word' id='word_1_527' title='bbox 819 1715 987 1742; x_wconf 85' lang='lat' dir='ltr'><strong>instauratis.</strong></span> 
     </span>
    </p>
   </div>
   <div class='ocr_carea' id='block_1_67' title="bbox 204 1761 988 1796">
    <p class='ocr_par' dir='ltr' id='par_1_67' title="bbox 204 1761 988 1796">
     <span class='ocr_line' id='line_1_67' title="bbox 204 1761 988 1796; baseline -0.001 -8"><span class='ocrx_word' id='word_1_528' title='bbox 204 1761 278 1788; x_wconf 86' lang='lat' dir='ltr'><strong>Nova</strong></span> <span class='ocrx_word' id='word_1_529' title='bbox 297 1762 370 1789; x_wconf 86' lang='lat' dir='ltr'><strong>enim</strong></span> <span class='ocrx_word' id='word_1_530' title='bbox 385 1761 415 1788; x_wconf 79' lang='lat' dir='ltr'><strong>fit</strong></span> <span class='ocrx_word' id='word_1_531' title='bbox 435 1767 562 1789; x_wconf 83' lang='lat' dir='ltr'><strong>creatura</strong></span> <span class='ocrx_word' id='word_1_532' title='bbox 577 1762 604 1788; x_wconf 91' lang='lat' dir='ltr'><strong>in</strong></span> <span class='ocrx_word' id='word_1_533' title='bbox 621 1761 690 1796; x_wconf 86' lang='lat' dir='ltr'><strong>ipso,</strong></span> <span class='ocrx_word' id='word_1_534' title='bbox 701 1764 729 1788; x_wconf 88' lang='lat' dir='ltr'><strong>et</strong></span> <span class='ocrx_word' id='word_1_535' title='bbox 740 1769 822 1788; x_wconf 87' lang='lat' dir='ltr'><strong>verus</strong></span> <span class='ocrx_word' id='word_1_536' title='bbox 834 1765 875 1788; x_wconf 90' lang='lat' dir='ltr'><strong>est</strong></span> <span class='ocrx_word' id='word_1_537' title='bbox 887 1769 988 1788; x_wconf 83' lang='lat' dir='ltr'><strong>sermo.</strong></span> 
     </span>
    </p>
   </div>
   <div class='ocr_carea' id='block_1_68' title="bbox 205 1807 990 1842">
    <p class='ocr_par' dir='ltr' id='par_1_68' title="bbox 205 1807 990 1842">
     <span class='ocr_line' id='line_1_68' title="bbox 205 1807 990 1842; baseline 0 -8"><span class='ocrx_word' id='word_1_538' title='bbox 205 1807 272 1835; x_wconf 78' lang='lat' dir='ltr'><strong>Vide</strong></span> <span class='ocrx_word' id='word_1_539' title='bbox 296 1807 386 1842; x_wconf 87' lang='lat' dir='ltr'><strong>itaque</strong></span> <span class='ocrx_word' id='word_1_540' title='bbox 405 1808 487 1835; x_wconf 89' lang='lat' dir='ltr'><strong>etiam</strong></span> <span class='ocrx_word' id='word_1_541' title='bbox 509 1808 537 1835; x_wconf 91' lang='lat' dir='ltr'><strong>in</strong></span> <span class='ocrx_word' id='word_1_542' title='bbox 555 1808 622 1835; x_wconf 89' lang='lat' dir='ltr'><strong>Abel</strong></span> <span class='ocrx_word' id='word_1_543' title='bbox 645 1813 673 1835; x_wconf 89' lang='lat' dir='ltr'><strong>et</strong></span> <span class='ocrx_word' id='word_1_544' title='bbox 683 1807 749 1835; x_wconf 87' lang='lat' dir='ltr'><strong>Cain</strong></span> <span class='ocrx_word' id='word_1_545' title='bbox 771 1807 874 1835; x_wconf 88' lang='lat' dir='ltr'><strong>Christi</strong></span> <span class='ocrx_word' id='word_1_546' title='bbox 891 1810 990 1842; x_wconf 79' lang='lat' dir='ltr'><strong>myste-</strong></span> 
     </span>
    </p>
   </div>
   <div class='ocr_carea' id='block_1_69' title="bbox 205 1852 989 1888">
    <p class='ocr_par' dir='ltr' id='par_1_69' title="bbox 205 1852 989 1888">
     <span class='ocr_line' id='line_1_69' title="bbox 205 1852 989 1888; baseline -0.001 -8"><span class='ocrx_word' id='word_1_547' title='bbox 205 1854 287 1885; x_wconf 90' lang='lat' dir='ltr'><strong>rium,</strong></span> <span class='ocrx_word' id='word_1_548' title='bbox 300 1853 427 1888; x_wconf 90' lang='lat' dir='ltr'><strong>perquod</strong></span> <span class='ocrx_word' id='word_1_549' title='bbox 439 1854 520 1881; x_wconf 83' lang='lat' dir='ltr'><strong>etiam</strong></span> <span class='ocrx_word' id='word_1_550' title='bbox 532 1853 628 1880; x_wconf 86' lang='lat' dir='ltr'><strong>salvati</strong></span> <span class='ocrx_word' id='word_1_551' title='bbox 642 1861 746 1880; x_wconf 89' lang='lat' dir='ltr'><strong>sumus.</strong></span> <span class='ocrx_word' id='word_1_552' title='bbox 758 1852 894 1887; x_wconf 86' lang='lat' dir='ltr'><strong>Scriptum</strong></span> <span class='ocrx_word' id='word_1_553' title='bbox 907 1853 989 1888; x_wconf 77' lang='lat' dir='ltr'><strong>igitur</strong></span> 
     </span>
    </p>
   </div>
   <div class='ocr_carea' id='block_1_70' title="bbox 205 1898 990 1933">
    <p class='ocr_par' dir='ltr' id='par_1_70' title="bbox 205 1898 990 1933">
     <span class='ocr_line' id='line_1_70' title="bbox 205 1898 990 1933; baseline -0.003 -7"><span class='ocrx_word' id='word_1_554' title='bbox 205 1903 247 1926; x_wconf 83' lang='lat' dir='ltr'><strong>est</strong></span> <span class='ocrx_word' id='word_1_555' title='bbox 264 1899 291 1925; x_wconf 94' lang='lat' dir='ltr'><strong>in</strong></span> <span class='ocrx_word' id='word_1_556' title='bbox 302 1898 399 1926; x_wconf 88' lang='lat' dir='ltr'><strong>Genesi</strong></span> <span class='ocrx_word' id='word_1_557' title='bbox 418 1907 424 1925; x_wconf 89' lang='lat'><strong>:</strong></span> <span class='ocrx_word' id='word_1_558' title='bbox 443 1909 451 1924; x_wconf 75' lang='grc' dir='ltr'><strong>ε</strong></span> <span class='ocrx_word' id='word_1_559' title='bbox 471 1899 557 1926; x_wconf 83' lang='lat' dir='ltr'><strong>Adam</strong></span> <span class='ocrx_word' id='word_1_560' title='bbox 571 1903 662 1926; x_wconf 88' lang='lat' dir='ltr'><strong>autem</strong></span> <span class='ocrx_word' id='word_1_561' title='bbox 684 1899 811 1933; x_wconf 80' lang='lat' dir='ltr'><strong>cognovit</strong></span> <span class='ocrx_word' id='word_1_562' title='bbox 824 1898 907 1926; x_wconf 84' lang='lat' dir='ltr'><strong>Evam</strong></span> <span class='ocrx_word' id='word_1_563' title='bbox 924 1906 990 1925; x_wconf 85' lang='lat' dir='ltr'><strong>uxo-</strong></span> 
     </span>
    </p>
   </div>
   <div class='ocr_carea' id='block_1_71' title="bbox 206 1943 987 1979">
    <p class='ocr_par' dir='ltr' id='par_1_71' title="bbox 206 1943 987 1979">
     <span class='ocr_line' id='line_1_71' title="bbox 206 1943 987 1979; baseline 0 -9"><span class='ocrx_word' id='word_1_564' title='bbox 206 1952 263 1971; x_wconf 92' lang='lat' dir='ltr'><strong>rcm</strong></span> <span class='ocrx_word' id='word_1_565' title='bbox 291 1951 379 1976; x_wconf 86' lang='lat' dir='ltr'><strong>suam,</strong></span> <span class='ocrx_word' id='word_1_566' title='bbox 393 1949 429 1971; x_wconf 33' lang='lat' dir='ltr'><strong>ret</strong></span> <span class='ocrx_word' id='word_1_567' title='bbox 444 1943 602 1978; x_wconf 86' lang='lat' dir='ltr'><strong>concipiens</strong></span> <span class='ocrx_word' id='word_1_568' title='bbox 616 1944 722 1979; x_wconf 80' lang='lat' dir='ltr'><strong>peperit</strong></span> <span class='ocrx_word' id='word_1_569' title='bbox 734 1944 811 1975; x_wconf 86' lang='lat' dir='ltr'><strong>Cain,</strong></span> <span class='ocrx_word' id='word_1_570' title='bbox 841 1948 868 1971; x_wconf 86' lang='lat' dir='ltr'><strong>et</strong></span> <span class='ocrx_word' id='word_1_571' title='bbox 896 1943 965 1970; x_wconf 77' lang='lat' dir='ltr'><strong>dixit</strong></span> <span class='ocrx_word' id='word_1_572' title='bbox 981 1952 987 1970; x_wconf 91' lang='lat'>:</span> 
     </span>
    </p>
   </div>
   <div class='ocr_carea' id='block_1_72' title="bbox 206 1989 988 2024">
    <p class='ocr_par' dir='ltr' id='par_1_72' title="bbox 206 1989 988 2024">
     <span class='ocr_line' id='line_1_72' title="bbox 206 1989 988 2024; baseline -0.001 -8"><span class='ocrx_word' id='word_1_573' title='bbox 206 1989 316 2017; x_wconf 89' lang='lat' dir='ltr'><strong>Possedi</strong></span> <span class='ocrx_word' id='word_1_574' title='bbox 333 1990 470 2016; x_wconf 89' lang='lat' dir='ltr'><strong>hominem</strong></span> <span class='ocrx_word' id='word_1_575' title='bbox 490 1998 538 2024; x_wconf 86' lang='lat' dir='ltr'><strong>per</strong></span> <span class='ocrx_word' id='word_1_576' title='bbox 548 1990 644 2020; x_wconf 87' lang='lat' dir='ltr'><strong>Deum,</strong></span> <span class='ocrx_word' id='word_1_577' title='bbox 660 1994 687 2016; x_wconf 93' lang='lat' dir='ltr'><strong>et</strong></span> <span class='ocrx_word' id='word_1_578' title='bbox 705 1989 810 2016; x_wconf 81' lang='lat' dir='ltr'><strong>addidit</strong></span> <span class='ocrx_word' id='word_1_579' title='bbox 825 1997 920 2024; x_wconf 79' lang='lat' dir='ltr'><strong>parere</strong></span> <span class='ocrx_word' id='word_1_580' title='bbox 935 1989 988 2015; x_wconf 81' lang='lat' dir='ltr'><strong>fra-</strong></span> 
     </span>
    </p>
   </div>
   <div class='ocr_carea' id='block_1_73' title="bbox 206 2034 988 2070">
    <p class='ocr_par' dir='ltr' id='par_1_73' title="bbox 206 2034 988 2070">
     <span class='ocr_line' id='line_1_73' title="bbox 206 2034 988 2070; baseline -0.001 -9"><span class='ocrx_word' id='word_1_581' title='bbox 206 2040 274 2062; x_wconf 88' lang='lat' dir='ltr'><strong>trem</strong></span> <span class='ocrx_word' id='word_1_582' title='bbox 301 2035 359 2070; x_wconf 85' lang='lat' dir='ltr'><strong>ejus</strong></span> <span class='ocrx_word' id='word_1_583' title='bbox 377 2035 455 2062; x_wconf 82' lang='lat' dir='ltr'><strong>Abel.</strong></span> <span class='ocrx_word' id='word_1_584' title='bbox 479 2035 513 2062; x_wconf 84' lang='lat' dir='ltr'><strong>Et</strong></span> <span class='ocrx_word' id='word_1_585' title='bbox 536 2035 587 2062; x_wconf 85' lang='lat' dir='ltr'><strong>fuit</strong></span> <span class='ocrx_word' id='word_1_586' title='bbox 606 2034 672 2062; x_wconf 88' lang='lat' dir='ltr'><strong>Abel</strong></span> <span class='ocrx_word' id='word_1_587' title='bbox 693 2039 785 2069; x_wconf 82' lang='lat' dir='ltr'><strong>pastor</strong></span> <span class='ocrx_word' id='word_1_588' title='bbox 803 2034 988 2066; x_wconf 84' lang='lat' dir='ltr'><strong>ovium;Cain</strong></span> 
     </span>
    </p>
   </div>
   <div class='ocr_carea' id='block_1_74' title="bbox 205 2080 989 2116">
    <p class='ocr_par' dir='ltr' id='par_1_74' title="bbox 205 2080 989 2116">
     <span class='ocr_line' id='line_1_74' title="bbox 205 2080 989 2116; baseline -0.001 -9"><span class='ocrx_word' id='word_1_589' title='bbox 205 2087 295 2108; x_wconf 79' lang='lat' dir='ltr'><strong>autem</strong></span> <span class='ocrx_word' id='word_1_590' title='bbox 313 2081 500 2115; x_wconf 86' lang='lat' dir='ltr'><strong>fuitagricola.</strong></span> <span class='ocrx_word' id='word_1_591' title='bbox 517 2082 550 2108; x_wconf 88' lang='lat' dir='ltr'><strong>Et</strong></span> <span class='ocrx_word' id='word_1_592' title='bbox 564 2081 663 2108; x_wconf 77' lang='lat' dir='ltr'><strong>factum</strong></span> <span class='ocrx_word' id='word_1_593' title='bbox 679 2085 730 2112; x_wconf 89' lang='lat' dir='ltr'><strong>est,</strong></span> <span class='ocrx_word' id='word_1_594' title='bbox 752 2085 814 2116; x_wconf 88' lang='lat' dir='ltr'><strong>post</strong></span> <span class='ocrx_word' id='word_1_595' title='bbox 829 2080 888 2107; x_wconf 82' lang='lat' dir='ltr'><strong>dies</strong></span> <span class='ocrx_word' id='word_1_596' title='bbox 907 2081 989 2107; x_wconf 79' lang='lat' dir='ltr'><strong>obtu—</strong></span> 
     </span>
    </p>
   </div>
   <div class='ocr_carea' id='block_1_75' title="bbox 205 2124 990 2156">
    <p class='ocr_par' dir='ltr' id='par_1_75' title="bbox 205 2124 990 2156">
     <span class='ocr_line' id='line_1_75' title="bbox 205 2124 990 2156; baseline 0.001 -5"><span class='ocrx_word' id='word_1_597' title='bbox 205 2124 236 2152; x_wconf 88' lang='lat' dir='ltr'><strong>lit</strong></span> <span class='ocrx_word' id='word_1_598' title='bbox 251 2125 317 2152; x_wconf 84' lang='lat' dir='ltr'><strong>Cain</strong></span> <span class='ocrx_word' id='word_1_599' title='bbox 335 2126 368 2152; x_wconf 90' lang='lat' dir='ltr'><strong>de</strong></span> <span class='ocrx_word' id='word_1_600' title='bbox 383 2125 518 2152; x_wconf 81' lang='lat' dir='ltr'><strong>fructibus</strong></span> <span class='ocrx_word' id='word_1_601' title='bbox 541 2130 618 2152; x_wconf 82' lang='lat' dir='ltr'><strong>teme</strong></span> <span class='ocrx_word' id='word_1_602' title='bbox 638 2125 801 2152; x_wconf 83' lang='lat' dir='ltr'><strong>sacriﬁcium</strong></span> <span class='ocrx_word' id='word_1_603' title='bbox 817 2125 946 2156; x_wconf 90' lang='lat' dir='ltr'><strong>Domino,</strong></span> <span class='ocrx_word' id='word_1_604' title='bbox 962 2129 990 2152; x_wconf 89' lang='lat' dir='ltr'><strong>et</strong></span> 
     </span>
    </p>
   </div>
   <div class='ocr_carea' id='block_1_76' title="bbox 205 2170 988 2205">
    <p class='ocr_par' dir='ltr' id='par_1_76' title="bbox 205 2170 988 2205">
     <span class='ocr_line' id='line_1_76' title="bbox 205 2170 988 2205; baseline 0.003 -10"><span class='ocrx_word' id='word_1_605' title='bbox 205 2170 271 2196; x_wconf 80' lang='lat' dir='ltr'><strong>Abel</strong></span> <span class='ocrx_word' id='word_1_606' title='bbox 289 2170 388 2197; x_wconf 89' lang='lat' dir='ltr'><strong>obtulit</strong></span> <span class='ocrx_word' id='word_1_607' title='bbox 403 2175 431 2197; x_wconf 86' lang='lat' dir='ltr'><strong>et</strong></span> <span class='ocrx_word' id='word_1_608' title='bbox 449 2171 505 2204; x_wconf 85' lang='lat' dir='ltr'><strong>ipse</strong></span> <span class='ocrx_word' id='word_1_609' title='bbox 522 2170 555 2197; x_wconf 84' lang='lat' dir='ltr'><strong>de</strong></span> <span class='ocrx_word' id='word_1_610' title='bbox 564 2170 751 2205; x_wconf 75' lang='lat' dir='ltr'><strong>primogenitis</strong></span> <span class='ocrx_word' id='word_1_611' title='bbox 762 2170 853 2196; x_wconf 85' lang='lat' dir='ltr'><strong>ovium</strong></span> <span class='ocrx_word' id='word_1_612' title='bbox 867 2178 988 2202; x_wconf 86' lang='lat' dir='ltr'><strong>suarum,</strong></span> 
     </span>
    </p>
   </div>
   <div class='ocr_carea' id='block_1_77' title="bbox 205 2214 990 2250">
    <p class='ocr_par' dir='ltr' id='par_1_77' title="bbox 205 2214 990 2250">
     <span class='ocr_line' id='line_1_77' title="bbox 205 2214 990 2250; baseline 0.001 -9"><span class='ocrx_word' id='word_1_613' title='bbox 205 2219 232 2242; x_wconf 89' lang='lat' dir='ltr'><strong>et</strong></span> <span class='ocrx_word' id='word_1_614' title='bbox 248 2215 281 2241; x_wconf 85' lang='lat' dir='ltr'><strong>de</strong></span> <span class='ocrx_word' id='word_1_615' title='bbox 298 2215 424 2250; x_wconf 88' lang='lat' dir='ltr'><strong>adipibus</strong></span> <span class='ocrx_word' id='word_1_616' title='bbox 438 2222 541 2242; x_wconf 87' lang='lat' dir='ltr'><strong>earum.</strong></span> <span class='ocrx_word' id='word_1_617' title='bbox 558 2215 593 2241; x_wconf 86' lang='lat' dir='ltr'><strong>Et</strong></span> <span class='ocrx_word' id='word_1_618' title='bbox 609 2215 727 2249; x_wconf 83' lang='lat' dir='ltr'><strong>respexit</strong></span> <span class='ocrx_word' id='word_1_619' title='bbox 744 2215 816 2242; x_wconf 88' lang='lat' dir='ltr'><strong>Deus</strong></span> <span class='ocrx_word' id='word_1_620' title='bbox 832 2214 865 2241; x_wconf 89' lang='lat' dir='ltr'><strong>ad</strong></span> <span class='ocrx_word' id='word_1_621' title='bbox 880 2215 947 2241; x_wconf 86' lang='lat' dir='ltr'><strong>Abel</strong></span> <span class='ocrx_word' id='word_1_622' title='bbox 963 2220 990 2242; x_wconf 86' lang='lat' dir='ltr'><strong>et</strong></span> 
     </span>
    </p>
   </div>
   <div class='ocr_carea' id='block_1_78' title="bbox 204 2260 989 2295">
    <p class='ocr_par' dir='ltr' id='par_1_78' title="bbox 204 2260 989 2295">
     <span class='ocr_line' id='line_1_78' title="bbox 204 2260 989 2295; baseline -0.001 -8"><span class='ocrx_word' id='word_1_623' title='bbox 204 2260 238 2287; x_wconf 83' lang='lat' dir='ltr'><strong>ad</strong></span> <span class='ocrx_word' id='word_1_624' title='bbox 253 2268 366 2288; x_wconf 89' lang='lat' dir='ltr'><strong>munera</strong></span> <span class='ocrx_word' id='word_1_625' title='bbox 386 2261 446 2295; x_wconf 90' lang='lat' dir='ltr'><strong>ejus</strong></span> <span class='ocrx_word' id='word_1_626' title='bbox 463 2269 468 2287; x_wconf 96' lang='lat'><strong>:</strong></span> <span class='ocrx_word' id='word_1_627' title='bbox 483 2260 516 2287; x_wconf 84' lang='lat' dir='ltr'><strong>ad</strong></span> <span class='ocrx_word' id='word_1_628' title='bbox 546 2260 612 2287; x_wconf 85' lang='lat' dir='ltr'><strong>Cain</strong></span> <span class='ocrx_word' id='word_1_629' title='bbox 635 2265 724 2288; x_wconf 84' lang='lat' dir='ltr'><strong>autem</strong></span> <span class='ocrx_word' id='word_1_630' title='bbox 746 2264 774 2288; x_wconf 88' lang='lat' dir='ltr'><strong>et</strong></span> <span class='ocrx_word' id='word_1_631' title='bbox 799 2260 832 2287; x_wconf 84' lang='lat' dir='ltr'><strong>ad</strong></span> <span class='ocrx_word' id='word_1_632' title='bbox 856 2260 989 2287; x_wconf 81' lang='lat' dir='ltr'><strong>sacrificia</strong></span> 
     </span>
    </p>
   </div>
   <div class='ocr_carea' id='block_1_79' title="bbox 205 2305 987 2341">
    <p class='ocr_par' dir='ltr' id='par_1_79' title="bbox 205 2305 987 2341">
     <span class='ocr_line' id='line_1_79' title="bbox 205 2305 987 2341; baseline -0.003 -8"><span class='ocrx_word' id='word_1_633' title='bbox 205 2307 264 2341; x_wconf 86' lang='lat' dir='ltr'><strong>ejus</strong></span> <span class='ocrx_word' id='word_1_634' title='bbox 282 2314 337 2333; x_wconf 86' lang='lat' dir='ltr'><strong>non</strong></span> <span class='ocrx_word' id='word_1_635' title='bbox 355 2305 480 2334; x_wconf 87' lang='lat' dir='ltr'><strong>attendit.</strong></span> <span class='ocrx_word' id='word_1_636' title='bbox 515 2306 549 2332; x_wconf 89' lang='lat' dir='ltr'><strong>Et</strong></span> <span class='ocrx_word' id='word_1_637' title='bbox 571 2305 736 2333; x_wconf 74' lang='lat' dir='ltr'><strong>tristificavit</strong></span> <span class='ocrx_word' id='word_1_638' title='bbox 764 2305 830 2333; x_wconf 86' lang='lat' dir='ltr'><strong>Cain</strong></span> <span class='ocrx_word' id='word_1_639' title='bbox 855 2306 943 2337; x_wconf 78' lang='lat' dir='ltr'><strong>valde,</strong></span> <span class='ocrx_word' id='word_1_640' title='bbox 960 2310 987 2333; x_wconf 89' lang='lat' dir='ltr'><strong>et</strong></span> 
     </span>
    </p>
   </div>
   <div class='ocr_carea' id='block_1_80' title="bbox 205 2350 988 2386">
    <p class='ocr_par' dir='ltr' id='par_1_80' title="bbox 205 2350 988 2386">
     <span class='ocr_line' id='line_1_80' title="bbox 205 2350 988 2386; baseline -0.003 -8"><span class='ocrx_word' id='word_1_641' title='bbox 205 2351 323 2378; x_wconf 86' lang='lat' dir='ltr'><strong>concidit</strong></span> <span class='ocrx_word' id='word_1_642' title='bbox 334 2351 425 2378; x_wconf 82' lang='lat' dir='ltr'><strong>vultus</strong></span> <span class='ocrx_word' id='word_1_643' title='bbox 450 2350 518 2385; x_wconf 86' lang='lat' dir='ltr'><strong>ejus.</strong></span> <span class='ocrx_word' id='word_1_644' title='bbox 543 2350 595 2386; x_wconf 66' lang='grc'><strong>14</strong></span> <span class='ocrx_word' id='word_1_645' title='bbox 618 2350 651 2377; x_wconf 83' lang='grc' dir='ltr'><strong>Εῑ</strong></span> <span class='ocrx_word' id='word_1_646' title='bbox 675 2350 743 2377; x_wconf 81' lang='lat' dir='ltr'><strong>dixit</strong></span> <span class='ocrx_word' id='word_1_647' title='bbox 763 2350 894 2377; x_wconf 90' lang='lat' dir='ltr'><strong>Dominus</strong></span> <span class='ocrx_word' id='word_1_648' title='bbox 917 2350 988 2377; x_wconf 87' lang='lat' dir='ltr'><strong>Deus</strong></span> 
     </span>
    </p>
   </div>
   <div class='ocr_carea' id='block_1_81' title="bbox 205 2394 989 2430">
    <p class='ocr_par' dir='ltr' id='par_1_81' title="bbox 205 2394 989 2430">
     <span class='ocr_line' id='line_1_81' title="bbox 205 2394 989 2430; baseline 0 -8"><span class='ocrx_word' id='word_1_649' title='bbox 205 2397 270 2423; x_wconf 78' lang='lat' dir='ltr'><strong>Cain</strong></span> <span class='ocrx_word' id='word_1_650' title='bbox 290 2395 407 2429; x_wconf 70' lang='lat' dir='ltr'><strong>:.Quarc</strong></span> <span class='ocrx_word' id='word_1_651' title='bbox 434 2395 521 2423; x_wconf 87' lang='lat' dir='ltr'><strong>tristis</strong></span> <span class='ocrx_word' id='word_1_652' title='bbox 546 2396 632 2423; x_wconf 85' lang='lat' dir='ltr'><strong>factus</strong></span> <span class='ocrx_word' id='word_1_653' title='bbox 657 2403 696 2427; x_wconf 83' lang='lat' dir='ltr'><strong>es,</strong></span> <span class='ocrx_word' id='word_1_654' title='bbox 717 2399 744 2422; x_wconf 88' lang='lat' dir='ltr'><strong>et</strong></span> <span class='ocrx_word' id='word_1_655' title='bbox 765 2403 849 2430; x_wconf 88' lang='lat' dir='ltr'><strong>quare</strong></span> <span class='ocrx_word' id='word_1_656' title='bbox 870 2394 989 2423; x_wconf 81' lang='lat' dir='ltr'><strong>concidit</strong></span> 
     </span>
    </p>
   </div>
   <div class='ocr_carea' id='block_1_82' title="bbox 205 2441 989 2474">
    <p class='ocr_par' dir='ltr' id='par_1_82' title="bbox 205 2441 989 2474">
     <span class='ocr_line' id='line_1_82' title="bbox 205 2441 989 2474; baseline 0.001 -6"><span class='ocrx_word' id='word_1_657' title='bbox 205 2442 286 2469; x_wconf 79' lang='lat' dir='ltr'><strong>facies</strong></span> <span class='ocrx_word' id='word_1_658' title='bbox 297 2442 363 2468; x_wconf 85' lang='lat' dir='ltr'><strong>tua?</strong></span> <span class='ocrx_word' id='word_1_659' title='bbox 386 2441 482 2469; x_wconf 87' lang='lat' dir='ltr'><strong>Nonne</strong></span> <span class='ocrx_word' id='word_1_660' title='bbox 512 2442 533 2468; x_wconf 88' lang='lat' dir='ltr'><strong>si</strong></span> <span class='ocrx_word' id='word_1_661' title='bbox 552 2446 624 2468; x_wconf 87' lang='lat' dir='ltr'><strong>recte</strong></span> <span class='ocrx_word' id='word_1_662' title='bbox 651 2441 793 2474; x_wconf 85' lang='lat' dir='ltr'><strong>obtuleris,</strong></span> <span class='ocrx_word' id='word_1_663' title='bbox 809 2447 882 2469; x_wconf 85' lang='lat' dir='ltr'><strong>recte</strong></span> <span class='ocrx_word' id='word_1_664' title='bbox 899 2447 989 2469; x_wconf 81' lang='lat' dir='ltr'><strong>autem</strong></span> 
     </span>
    </p>
   </div>
   <div class='ocr_carea' id='block_1_83' title="bbox 205 2487 990 2522">
    <p class='ocr_par' dir='ltr' id='par_1_83' title="bbox 205 2487 990 2522">
     <span class='ocr_line' id='line_1_83' title="bbox 205 2487 990 2522; baseline 0 -8"><span class='ocrx_word' id='word_1_665' title='bbox 205 2495 259 2514; x_wconf 88' lang='lat' dir='ltr'><strong>non</strong></span> <span class='ocrx_word' id='word_1_666' title='bbox 276 2487 411 2519; x_wconf 79' lang='lat' dir='ltr'><strong>diviseris,</strong></span> <span class='ocrx_word' id='word_1_667' title='bbox 424 2487 560 2522; x_wconf 82' lang='lat' dir='ltr'><strong>peccasti?</strong></span> <span class='ocrx_word' id='word_1_668' title='bbox 574 2487 698 2520; x_wconf 82' lang='lat' dir='ltr'><strong>Quiesce,</strong></span> <span class='ocrx_word' id='word_1_669' title='bbox 711 2491 738 2513; x_wconf 91' lang='lat' dir='ltr'><strong>et</strong></span> <span class='ocrx_word' id='word_1_670' title='bbox 754 2487 787 2514; x_wconf 87' lang='lat' dir='ltr'><strong>ad</strong></span> <span class='ocrx_word' id='word_1_671' title='bbox 803 2491 829 2514; x_wconf 87' lang='lat' dir='ltr'><strong>te</strong></span> <span class='ocrx_word' id='word_1_672' title='bbox 846 2488 990 2515; x_wconf 81' lang='lat' dir='ltr'><strong>conversio</strong></span> 
     </span>
    </p>
   </div>
   <div class='ocr_carea' id='block_1_84' title="bbox 204 2533 989 2568">
    <p class='ocr_par' dir='ltr' id='par_1_84' title="bbox 204 2533 989 2568">
     <span class='ocr_line' id='line_1_84' title="bbox 204 2533 989 2568; baseline 0.001 -9"><span class='ocrx_word' id='word_1_673' title='bbox 204 2534 272 2567; x_wconf 85' lang='lat' dir='ltr'><strong>ejus,</strong></span> <span class='ocrx_word' id='word_1_674' title='bbox 291 2537 318 2559; x_wconf 89' lang='lat' dir='ltr'><strong>et</strong></span> <span class='ocrx_word' id='word_1_675' title='bbox 336 2537 363 2559; x_wconf 93' lang='lat' dir='ltr'><strong>tu</strong></span> <span class='ocrx_word' id='word_1_676' title='bbox 381 2533 466 2567; x_wconf 81' lang='lat' dir='ltr'><strong>ipsius</strong></span> <span class='ocrx_word' id='word_1_677' title='bbox 480 2533 666 2560; x_wconf 88' lang='lat' dir='ltr'><strong>dominaberis</strong></span> <span class='ocrx_word' id='word_1_678' title='bbox 678 2533 710 2559; x_wconf 68' lang='grc' dir='ltr'><strong>δί’.</strong></span> <span class='ocrx_word' id='word_1_679' title='bbox 732 2543 740 2558; x_wconf 78' lang='grc' dir='ltr'><strong>ι</strong></span> <span class='ocrx_word' id='word_1_680' title='bbox 759 2533 793 2559; x_wconf 88' lang='lat' dir='ltr'><strong>Et</strong></span> <span class='ocrx_word' id='word_1_681' title='bbox 803 2534 884 2568; x_wconf 85' lang='lat' dir='ltr'><strong>paulo</strong></span> <span class='ocrx_word' id='word_1_682' title='bbox 903 2538 963 2568; x_wconf 90' lang='lat' dir='ltr'><strong>post</strong></span> <span class='ocrx_word' id='word_1_683' title='bbox 982 2543 989 2560; x_wconf 83' lang='lat'><strong>:</strong></span> 
     </span>
    </p>
   </div>
   <div class='ocr_carea' id='block_1_85' title="bbox 208 2578 989 2613">
    <p class='ocr_par' dir='ltr' id='par_1_85' title="bbox 208 2578 989 2613">
     <span class='ocr_line' id='line_1_85' title="bbox 208 2578 989 2613; baseline 0.004 -10"><span class='ocrx_word' id='word_1_684' title='bbox 208 2589 216 2602; x_wconf 79' lang='grc' dir='ltr'><strong>ι</strong></span> <span class='ocrx_word' id='word_1_685' title='bbox 235 2579 269 2605; x_wconf 85' lang='lat' dir='ltr'><strong>Et</strong></span> <span class='ocrx_word' id='word_1_686' title='bbox 293 2578 360 2604; x_wconf 76' lang='lat' dir='ltr'><strong>dixit</strong></span> <span class='ocrx_word' id='word_1_687' title='bbox 376 2578 442 2605; x_wconf 88' lang='lat' dir='ltr'><strong>Cain</strong></span> <span class='ocrx_word' id='word_1_688' title='bbox 466 2578 500 2605; x_wconf 90' lang='lat' dir='ltr'><strong>ad</strong></span> <span class='ocrx_word' id='word_1_689' title='bbox 523 2578 589 2606; x_wconf 88' lang='lat' dir='ltr'><strong>Abel</strong></span> <span class='ocrx_word' id='word_1_690' title='bbox 606 2578 717 2605; x_wconf 85' lang='lat' dir='ltr'><strong>fratrem</strong></span> <span class='ocrx_word' id='word_1_691' title='bbox 737 2586 816 2605; x_wconf 86' lang='lat' dir='ltr'><strong>suum</strong></span> <span class='ocrx_word' id='word_1_692' title='bbox 837 2588 843 2605; x_wconf 90' lang='lat'><strong>:</strong></span> <span class='ocrx_word' id='word_1_693' title='bbox 861 2579 989 2613; x_wconf 67' lang='lat' dir='ltr'><strong>Egreilia-</strong></span> 
     </span>
    </p>
   </div>
   <div class='ocr_carea' id='block_1_86' title="bbox 206 2626 987 2661">
    <p class='ocr_par' dir='ltr' id='par_1_86' title="bbox 206 2626 987 2661">
     <span class='ocr_line' id='line_1_86' title="bbox 206 2626 987 2661; baseline 0.001 -9"><span class='ocrx_word' id='word_1_694' title='bbox 206 2635 266 2653; x_wconf 90' lang='lat' dir='ltr'><strong>mur</strong></span> <span class='ocrx_word' id='word_1_695' title='bbox 287 2626 314 2652; x_wconf 90' lang='lat' dir='ltr'><strong>in</strong></span> <span class='ocrx_word' id='word_1_696' title='bbox 333 2633 438 2660; x_wconf 78' lang='lat' dir='ltr'><strong>agrum.</strong></span> <span class='ocrx_word' id='word_1_697' title='bbox 464 2627 498 2653; x_wconf 87' lang='lat' dir='ltr'><strong>Et</strong></span> <span class='ocrx_word' id='word_1_698' title='bbox 510 2627 609 2653; x_wconf 85' lang='lat' dir='ltr'><strong>factum</strong></span> <span class='ocrx_word' id='word_1_699' title='bbox 623 2631 674 2658; x_wconf 85' lang='lat' dir='ltr'><strong>est,</strong></span> <span class='ocrx_word' id='word_1_700' title='bbox 689 2634 751 2653; x_wconf 89' lang='lat' dir='ltr'><strong>cum</strong></span> <span class='ocrx_word' id='word_1_701' title='bbox 766 2631 856 2653; x_wconf 74' lang='lat' dir='ltr'><strong>essent</strong></span> <span class='ocrx_word' id='word_1_702' title='bbox 869 2627 895 2653; x_wconf 93' lang='lat' dir='ltr'><strong>in</strong></span> <span class='ocrx_word' id='word_1_703' title='bbox 907 2635 987 2661; x_wconf 71' lang='lat' dir='ltr'><strong>agro,</strong></span> 
     </span>
    </p>
   </div>
   <div class='ocr_carea' id='block_1_87' title="bbox 204 2672 990 2706">
    <p class='ocr_par' dir='ltr' id='par_1_87' title="bbox 204 2672 990 2706">
     <span class='ocr_line' id='line_1_87' title="bbox 204 2672 990 2706; baseline 0.001 -7"><span class='ocrx_word' id='word_1_704' title='bbox 204 2673 323 2699; x_wconf 77' lang='lat' dir='ltr'><strong>surrexit</strong></span> <span class='ocrx_word' id='word_1_705' title='bbox 339 2672 404 2699; x_wconf 81' lang='lat' dir='ltr'><strong>Cain</strong></span> <span class='ocrx_word' id='word_1_706' title='bbox 419 2672 446 2699; x_wconf 91' lang='lat' dir='ltr'><strong>in</strong></span> <span class='ocrx_word' id='word_1_707' title='bbox 468 2673 536 2700; x_wconf 83' lang='lat' dir='ltr'><strong>Abel</strong></span> <span class='ocrx_word' id='word_1_708' title='bbox 556 2673 667 2700; x_wconf 79' lang='lat' dir='ltr'><strong>fratrem</strong></span> <span class='ocrx_word' id='word_1_709' title='bbox 694 2681 788 2706; x_wconf 84' lang='lat' dir='ltr'><strong>suum,</strong></span> <span class='ocrx_word' id='word_1_710' title='bbox 805 2678 832 2700; x_wconf 90' lang='lat' dir='ltr'><strong>et</strong></span> <span class='ocrx_word' id='word_1_711' title='bbox 853 2673 990 2701; x_wconf 75' lang='lat' dir='ltr'><strong>interfecit</strong></span> 
     </span>
    </p>
   </div>
   <div class='ocr_carea' id='block_1_88' title="bbox 204 2718 990 2747">
    <p class='ocr_par' dir='ltr' id='par_1_88' title="bbox 204 2718 990 2747">
     <span class='ocr_line' id='line_1_88' title="bbox 204 2718 990 2747; baseline 0.003 -3"><span class='ocrx_word' id='word_1_712' title='bbox 204 2726 276 2745; x_wconf 82' lang='lat' dir='ltr'><strong>eum.</strong></span> <span class='ocrx_word' id='word_1_713' title='bbox 292 2718 325 2745; x_wconf 91' lang='lat' dir='ltr'><strong>Et</strong></span> <span class='ocrx_word' id='word_1_714' title='bbox 345 2718 382 2745; x_wconf 87' lang='lat' dir='ltr'><strong>ait</strong></span> <span class='ocrx_word' id='word_1_715' title='bbox 404 2718 536 2746; x_wconf 89' lang='lat' dir='ltr'><strong>Dominus</strong></span> <span class='ocrx_word' id='word_1_716' title='bbox 553 2719 586 2745; x_wconf 85' lang='lat' dir='ltr'><strong>ad</strong></span> <span class='ocrx_word' id='word_1_717' title='bbox 600 2719 685 2746; x_wconf 82' lang='lat' dir='ltr'><strong>Cain:</strong></span> <span class='ocrx_word' id='word_1_718' title='bbox 699 2719 749 2746; x_wconf 66' lang='lat' dir='ltr'><strong>Ubi</strong></span> <span class='ocrx_word' id='word_1_719' title='bbox 766 2723 807 2746; x_wconf 84' lang='lat' dir='ltr'><strong>est</strong></span> <span class='ocrx_word' id='word_1_720' title='bbox 822 2720 889 2747; x_wconf 87' lang='lat' dir='ltr'><strong>Abel</strong></span> <span class='ocrx_word' id='word_1_721' title='bbox 905 2719 990 2746; x_wconf 75' lang='lat' dir='ltr'><strong>frater</strong></span> 
     </span>
    </p>
   </div>
   <div class='ocr_carea' id='block_1_89' title="bbox 183 2763 990 2803">
    <p class='ocr_par' dir='ltr' id='par_1_89' title="bbox 183 2763 990 2803">
     <span class='ocr_line' id='line_1_89' title="bbox 183 2763 990 2803; baseline 0.002 -13"><span class='ocrx_word' id='word_1_722' title='bbox 183 2798 189 2803; x_wconf 31' lang='grc' dir='ltr'><em>Ι</em></span> <span class='ocrx_word' id='word_1_723' title='bbox 205 2764 286 2790; x_wconf 84' lang='lat' dir='ltr'><strong>tuus?</strong></span> <span class='ocrx_word' id='word_1_724' title='bbox 311 2763 344 2791; x_wconf 86' lang='lat' dir='ltr'><strong>Et</strong></span> <span class='ocrx_word' id='word_1_725' title='bbox 356 2763 442 2790; x_wconf 75' lang='lat' dir='ltr'><strong>dixit:</strong></span> <span class='ocrx_word' id='word_1_726' title='bbox 460 2764 520 2791; x_wconf 86' lang='lat' dir='ltr'><strong>Non</strong></span> <span class='ocrx_word' id='word_1_727' title='bbox 539 2765 594 2791; x_wconf 85' lang='lat' dir='ltr'><strong>scio</strong></span> <span class='ocrx_word' id='word_1_728' title='bbox 613 2773 619 2790; x_wconf 88' lang='lat'><strong>:</strong></span> <span class='ocrx_word' id='word_1_729' title='bbox 636 2765 759 2799; x_wconf 75' lang='lat' dir='ltr'><strong>nunquid</strong></span> <span class='ocrx_word' id='word_1_730' title='bbox 781 2770 872 2792; x_wconf 73' lang='lat' dir='ltr'><strong>custos</strong></span> <span class='ocrx_word' id='word_1_731' title='bbox 899 2765 990 2792; x_wconf 54' lang='lat' dir='ltr'><strong>fratris</strong></span> 
     </span>
    </p>
   </div>
   <div class='ocr_carea' id='block_1_90' title="bbox 204 2809 990 2845">
    <p class='ocr_par' dir='ltr' id='par_1_90' title="bbox 204 2809 990 2845">
     <span class='ocr_line' id='line_1_90' title="bbox 204 2809 990 2845; baseline -0.001 -8"><span class='ocrx_word' id='word_1_732' title='bbox 204 2809 257 2838; x_wconf 85' lang='lat' dir='ltr'><strong>mei</strong></span> <span class='ocrx_word' id='word_1_733' title='bbox 274 2817 332 2837; x_wconf 89' lang='lat' dir='ltr'><strong>sum</strong></span> <span class='ocrx_word' id='word_1_734' title='bbox 354 2810 429 2845; x_wconf 76' lang='lat' dir='ltr'><strong>ego?</strong></span> <span class='ocrx_word' id='word_1_735' title='bbox 455 2810 487 2838; x_wconf 85' lang='lat' dir='ltr'><strong>Et</strong></span> <span class='ocrx_word' id='word_1_736' title='bbox 504 2810 573 2837; x_wconf 73' lang='lat' dir='ltr'><strong>dixit</strong></span> <span class='ocrx_word' id='word_1_737' title='bbox 600 2810 671 2837; x_wconf 89' lang='lat' dir='ltr'><strong>Deus</strong></span> <span class='ocrx_word' id='word_1_738' title='bbox 690 2820 694 2836; x_wconf 94' lang='lat'>:</span> <span class='ocrx_word' id='word_1_739' title='bbox 711 2809 780 2843; x_wconf 86' lang='lat' dir='ltr'><strong>Quid</strong></span> <span class='ocrx_word' id='word_1_740' title='bbox 802 2810 888 2838; x_wconf 70' lang='lat' dir='ltr'><strong>fecisti</strong></span> <span class='ocrx_word' id='word_1_741' title='bbox 916 2812 990 2838; x_wconf 80' lang='lat' dir='ltr'><strong>hoc?</strong></span> 
     </span>
    </p>
   </div>
   <div class='ocr_carea' id='block_1_91' title="bbox 240 2867 459 2902">
    <p class='ocr_par' dir='ltr' id='par_1_91' title="bbox 240 2867 459 2902">
     <span class='ocr_line' id='line_1_91' title="bbox 240 2867 459 2902; baseline 0.009 -8"><span class='ocrx_word' id='word_1_742' title='bbox 240 2868 260 2882; x_wconf 76' lang='grc'><strong>³⁷</strong></span> <span class='ocrx_word' id='word_1_743' title='bbox 275 2867 373 2902; x_wconf 72' lang='lat' dir='ltr'><strong>Philip.</strong></span> <span class='ocrx_word' id='word_1_744' title='bbox 390 2876 418 2902; x_wconf 75' lang='grc' dir='ltr'>ιι,</span> <span class='ocrx_word' id='word_1_745' title='bbox 433 2868 459 2896; x_wconf 81' lang='grc'><strong>9.</strong></span> 
     </span>
    </p>
   </div>
   <div class='ocr_carea' id='block_1_92' title="bbox 1042 1709 1826 1747">
    <p class='ocr_par' dir='ltr' id='par_1_92' title="bbox 1042 1709 1826 1747">
     <span class='ocr_line' id='line_1_92' title="bbox 1042 1709 1826 1747; baseline 0.004 -12"><span class='ocrx_word' id='word_1_746' title='bbox 1042 1709 1142 1744; x_wconf 76' lang='grc' dir='ltr'><strong>μεταξὺ</strong></span> <span class='ocrx_word' id='word_1_747' title='bbox 1166 1710 1457 1745; x_wconf 76' lang='grc' dir='ltr'>παρεισσεὸληκὸτων,</span> <span class='ocrx_word' id='word_1_748' title='bbox 1480 1711 1629 1746; x_wconf 76' lang='grc' dir='ltr'>οἰχομένων</span> <span class='ocrx_word' id='word_1_749' title='bbox 1646 1712 1695 1747; x_wconf 69' lang='grc' dir='ltr'>ἤδη</span> <span class='ocrx_word' id='word_1_750' title='bbox 1714 1712 1781 1747; x_wconf 66' lang='grc' dir='ltr'>προς</span> <span class='ocrx_word' id='word_1_751' title='bbox 1796 1712 1826 1739; x_wconf 77' lang='grc' dir='ltr'><strong>τὸ</strong></span> 
     </span>
    </p>
   </div>
   <div class='ocr_carea' id='block_1_93' title="bbox 1042 1755 1827 1793">
    <p class='ocr_par' dir='ltr' id='par_1_93' title="bbox 1042 1755 1827 1793">
     <span class='ocr_line' id='line_1_93' title="bbox 1042 1755 1827 1793; baseline 0.004 -12"><span class='ocrx_word' id='word_1_752' title='bbox 1042 1755 1137 1790; x_wconf 81' lang='grc' dir='ltr'>μηδὲν,</span> <span class='ocrx_word' id='word_1_753' title='bbox 1149 1755 1196 1782; x_wconf 71' lang='grc' dir='ltr'>καὶ</span> <span class='ocrx_word' id='word_1_754' title='bbox 1208 1756 1248 1786; x_wconf 82' lang='grc' dir='ltr'><strong>είς</strong></span> <span class='ocrx_word' id='word_1_755' title='bbox 1260 1756 1408 1792; x_wconf 74' lang='grc' dir='ltr'>καινότητα</span> <span class='ocrx_word' id='word_1_756' title='bbox 1422 1756 1538 1788; x_wconf 75' lang='grc' dir='ltr'>κτίσεως</span> <span class='ocrx_word' id='word_1_757' title='bbox 1549 1757 1827 1793; x_wconf 62' lang='grc' dir='ltr'>ἀπισστοιχειουμένων</span> 
     </span>
    </p>
   </div>
   <div class='ocr_carea' id='block_1_94' title="bbox 1039 1801 1826 1838">
    <p class='ocr_par' dir='ltr' id='par_1_94' title="bbox 1039 1801 1826 1838">
     <span class='ocr_line' id='line_1_94' title="bbox 1039 1801 1826 1838; baseline 0.004 -11"><span class='ocrx_word' id='word_1_758' title='bbox 1039 1801 1092 1827; x_wconf 85' lang='grc' dir='ltr'><strong>τὼν</strong></span> <span class='ocrx_word' id='word_1_759' title='bbox 1116 1801 1162 1827; x_wconf 66' lang='grc' dir='ltr'><strong>ἐπὶ</strong></span> <span class='ocrx_word' id='word_1_760' title='bbox 1178 1802 1227 1836; x_wconf 85' lang='grc' dir='ltr'><strong>τῆς</strong></span> <span class='ocrx_word' id='word_1_761' title='bbox 1252 1803 1313 1837; x_wconf 84' lang='grc' dir='ltr'>γῆς.</span> <span class='ocrx_word' id='word_1_762' title='bbox 1338 1803 1426 1838; x_wconf 80' lang='grc' dir='ltr'>Καινὴ</span> <span class='ocrx_word' id='word_1_763' title='bbox 1444 1803 1498 1837; x_wconf 82' lang='grc' dir='ltr'><strong>γὰρ</strong></span> <span class='ocrx_word' id='word_1_764' title='bbox 1519 1803 1609 1835; x_wconf 73' lang='grc' dir='ltr'>κτίσις</span> <span class='ocrx_word' id='word_1_765' title='bbox 1624 1804 1652 1830; x_wconf 83' lang='grc' dir='ltr'>ὲν</span> <span class='ocrx_word' id='word_1_766' title='bbox 1673 1803 1757 1838; x_wconf 72' lang='grc' dir='ltr'>αὐτῷ,</span> <span class='ocrx_word' id='word_1_767' title='bbox 1779 1804 1826 1830; x_wconf 72' lang='grc' dir='ltr'>καὶ</span> 
     </span>
    </p>
   </div>
   <div class='ocr_carea' id='block_1_95' title="bbox 1039 1846 1824 1883">
    <p class='ocr_par' dir='ltr' id='par_1_95' title="bbox 1039 1846 1824 1883">
     <span class='ocr_line' id='line_1_95' title="bbox 1039 1846 1824 1883; baseline 0.004 -11"><span class='ocrx_word' id='word_1_768' title='bbox 1039 1846 1140 1882; x_wconf 80' lang='grc' dir='ltr'>ἀληθὴς</span> <span class='ocrx_word' id='word_1_769' title='bbox 1155 1847 1171 1872; x_wconf 76' lang='grc' dir='ltr'>δ</span> <span class='ocrx_word' id='word_1_770' title='bbox 1182 1847 1270 1880; x_wconf 80' lang='grc' dir='ltr'>λόγος.</span> <span class='ocrx_word' id='word_1_771' title='bbox 1288 1848 1383 1882; x_wconf 82' lang='grc' dir='ltr'>’Λθρει</span> <span class='ocrx_word' id='word_1_772' title='bbox 1396 1848 1426 1883; x_wconf 80' lang='grc' dir='ltr'><strong>δὴ</strong></span> <span class='ocrx_word' id='word_1_773' title='bbox 1442 1846 1498 1880; x_wconf 70' lang='grc' dir='ltr'>οὖν,</span> <span class='ocrx_word' id='word_1_774' title='bbox 1513 1848 1590 1883; x_wconf 79' lang='grc' dir='ltr'>ἄθρει</span> <span class='ocrx_word' id='word_1_775' title='bbox 1603 1849 1648 1875; x_wconf 69' lang='grc' dir='ltr'>καὶ</span> <span class='ocrx_word' id='word_1_776' title='bbox 1661 1850 1689 1874; x_wconf 83' lang='grc' dir='ltr'>ἐν</span> <span class='ocrx_word' id='word_1_777' title='bbox 1706 1849 1787 1875; x_wconf 74' lang='grc' dir='ltr'>’Λῦελ</span> <span class='ocrx_word' id='word_1_778' title='bbox 1796 1858 1824 1876; x_wconf 79' lang='grc' dir='ltr'>τε</span> 
     </span>
    </p>
   </div>
   <div class='ocr_carea' id='block_1_96' title="bbox 1039 1891 1826 1929">
    <p class='ocr_par' dir='ltr' id='par_1_96' title="bbox 1039 1891 1826 1929">
     <span class='ocr_line' id='line_1_96' title="bbox 1039 1891 1826 1929; baseline 0.005 -12"><span class='ocrx_word' id='word_1_779' title='bbox 1039 1891 1086 1917; x_wconf 75' lang='grc' dir='ltr'>καὶ</span> <span class='ocrx_word' id='word_1_780' title='bbox 1105 1892 1183 1923; x_wconf 80' lang='grc' dir='ltr'>Κάῖν,</span> <span class='ocrx_word' id='word_1_781' title='bbox 1201 1892 1230 1918; x_wconf 84' lang='grc' dir='ltr'>τὸ</span> <span class='ocrx_word' id='word_1_782' title='bbox 1248 1893 1366 1927; x_wconf 78' lang='grc' dir='ltr'><strong>Χριστοῦ</strong></span> <span class='ocrx_word' id='word_1_783' title='bbox 1388 1894 1548 1929; x_wconf 66' lang='grc' dir='ltr'>μυστήριον,</span> <span class='ocrx_word' id='word_1_784' title='bbox 1576 1894 1609 1920; x_wconf 76' lang='grc' dir='ltr'><strong>δι’</strong></span> <span class='ocrx_word' id='word_1_785' title='bbox 1632 1891 1662 1921; x_wconf 71' lang='grc' dir='ltr'>οὗ</span> <span class='ocrx_word' id='word_1_786' title='bbox 1678 1895 1724 1920; x_wconf 73' lang='grc' dir='ltr'><strong>καὶ</strong></span> <span class='ocrx_word' id='word_1_787' title='bbox 1742 1894 1826 1921; x_wconf 85' lang='grc' dir='ltr'>σεσώ-</span> 
     </span>
    </p>
   </div>
   <div class='ocr_carea' id='block_1_97' title="bbox 1040 1939 1826 1975">
    <p class='ocr_par' dir='ltr' id='par_1_97' title="bbox 1040 1939 1826 1975">
     <span class='ocr_line' id='line_1_97' title="bbox 1040 1939 1826 1975; baseline 0.004 -11"><span class='ocrx_word' id='word_1_788' title='bbox 1040 1939 1136 1973; x_wconf 83' lang='grc' dir='ltr'>σμεθα.</span> <span class='ocrx_word' id='word_1_789' title='bbox 1150 1939 1306 1974; x_wconf 75' lang='grc' dir='ltr'>Γέγραπται</span> <span class='ocrx_word' id='word_1_790' title='bbox 1320 1939 1408 1966; x_wconf 81' lang='grc' dir='ltr'>τοίνυν</span> <span class='ocrx_word' id='word_1_791' title='bbox 1429 1941 1457 1965; x_wconf 81' lang='grc' dir='ltr'>ἐν</span> <span class='ocrx_word' id='word_1_792' title='bbox 1469 1942 1499 1975; x_wconf 78' lang='grc' dir='ltr'><strong>τῇ</strong></span> <span class='ocrx_word' id='word_1_793' title='bbox 1522 1940 1628 1967; x_wconf 76' lang='grc' dir='ltr'>Γενὲςει</span> <span class='ocrx_word' id='word_1_794' title='bbox 1642 1948 1648 1955; x_wconf 84' lang='grc'><em>’</em></span> <span class='ocrx_word' id='word_1_795' title='bbox 1671 1950 1679 1966; x_wconf 79' lang='grc' dir='ltr'>ι</span> <span class='ocrx_word' id='word_1_796' title='bbox 1702 1941 1786 1975; x_wconf 77' lang='grc' dir='ltr'><strong>’Λδὰμ</strong></span> <span class='ocrx_word' id='word_1_797' title='bbox 1798 1941 1826 1967; x_wconf 77' lang='grc' dir='ltr'>δὲ</span> 
     </span>
    </p>
   </div>
   <div class='ocr_carea' id='block_1_98' title="bbox 1040 1984 1826 2020">
    <p class='ocr_par' dir='ltr' id='par_1_98' title="bbox 1040 1984 1826 2020">
     <span class='ocr_line' id='line_1_98' title="bbox 1040 1984 1826 2020; baseline 0.005 -11"><span class='ocrx_word' id='word_1_798' title='bbox 1040 1984 1109 2017; x_wconf 79' lang='grc' dir='ltr'>ἔγνω</span> <span class='ocrx_word' id='word_1_799' title='bbox 1125 1984 1197 2011; x_wconf 79' lang='grc' dir='ltr'>Εὕαν</span> <span class='ocrx_word' id='word_1_800' title='bbox 1211 1985 1260 2020; x_wconf 79' lang='grc' dir='ltr'><strong>τὴν</strong></span> <span class='ocrx_word' id='word_1_801' title='bbox 1268 1987 1385 2019; x_wconf 80' lang='grc' dir='ltr'>γυναῖκα</span> <span class='ocrx_word' id='word_1_802' title='bbox 1400 1986 1493 2017; x_wconf 69' lang='grc' dir='ltr'>αὑτοῦ,</span> <span class='ocrx_word' id='word_1_803' title='bbox 1509 1986 1554 2012; x_wconf 73' lang='grc' dir='ltr'><strong>καὶ</strong></span> <span class='ocrx_word' id='word_1_804' title='bbox 1568 1987 1735 2013; x_wconf 70' lang='grc' dir='ltr'>συλλαϐοῦσα</span> <span class='ocrx_word' id='word_1_805' title='bbox 1751 1987 1826 2013; x_wconf 78' lang='grc' dir='ltr'>ἔτεκε</span> 
     </span>
    </p>
   </div>
   <div class='ocr_carea' id='block_1_99' title="bbox 1039 2028 1826 2068">
    <p class='ocr_par' dir='ltr' id='par_1_99' title="bbox 1039 2028 1826 2068">
     <span class='ocr_line' id='line_1_99' title="bbox 1039 2028 1826 2068; baseline 0.008 -14"><span class='ocrx_word' id='word_1_806' title='bbox 1039 2029 1084 2054; x_wconf 65' lang='grc' dir='ltr'><strong>τὸν</strong></span> <span class='ocrx_word' id='word_1_807' title='bbox 1097 2029 1178 2061; x_wconf 85' lang='grc' dir='ltr'>Κάῖν,</span> <span class='ocrx_word' id='word_1_808' title='bbox 1197 2031 1243 2056; x_wconf 74' lang='grc' dir='ltr'><strong>καὶ</strong></span> <span class='ocrx_word' id='word_1_809' title='bbox 1256 2028 1332 2057; x_wconf 80' lang='grc' dir='ltr'>εἶπεν</span> <span class='ocrx_word' id='word_1_810' title='bbox 1344 2041 1350 2046; x_wconf 94' lang='grc'><strong><em>-</em></strong></span> <span class='ocrx_word' id='word_1_811' title='bbox 1370 2031 1544 2067; x_wconf 73' lang='grc' dir='ltr'>Ἐκτηςάμην</span> <span class='ocrx_word' id='word_1_812' title='bbox 1558 2032 1700 2068; x_wconf 78' lang='grc' dir='ltr'>ἄνθρωπον</span> <span class='ocrx_word' id='word_1_813' title='bbox 1722 2033 1765 2060; x_wconf 70' lang='grc' dir='ltr'>διὰ</span> <span class='ocrx_word' id='word_1_814' title='bbox 1780 2034 1826 2060; x_wconf 73' lang='grc' dir='ltr'><strong>τοῦ</strong></span> 
     </span>
    </p>
   </div>
   <div class='ocr_carea' id='block_1_100' title="bbox 1040 2075 1826 2112">
    <p class='ocr_par' dir='ltr' id='par_1_100' title="bbox 1040 2075 1826 2112">
     <span class='ocr_line' id='line_1_100' title="bbox 1040 2075 1826 2112; baseline 0.008 -13"><span class='ocrx_word' id='word_1_815' title='bbox 1040 2075 1118 2106; x_wconf 73' lang='grc' dir='ltr'>Θεοῦ,</span> <span class='ocrx_word' id='word_1_816' title='bbox 1137 2076 1184 2102; x_wconf 73' lang='grc' dir='ltr'><strong>καὶ</strong></span> <span class='ocrx_word' id='word_1_817' title='bbox 1205 2076 1353 2111; x_wconf 81' lang='grc' dir='ltr'><strong>προσέθετο</strong></span> <span class='ocrx_word' id='word_1_818' title='bbox 1367 2079 1457 2103; x_wconf 76' lang='grc' dir='ltr'>τεκεῖν</span> <span class='ocrx_word' id='word_1_819' title='bbox 1476 2078 1521 2104; x_wconf 72' lang='grc' dir='ltr'><strong>τὸν</strong></span> <span class='ocrx_word' id='word_1_820' title='bbox 1547 2078 1660 2112; x_wconf 65' lang='grc' dir='ltr'>ἀδελφὸν</span> <span class='ocrx_word' id='word_1_821' title='bbox 1682 2079 1764 2105; x_wconf 76' lang='grc' dir='ltr'>αὐτοῦ</span> <span class='ocrx_word' id='word_1_822' title='bbox 1781 2079 1826 2105; x_wconf 71' lang='grc' dir='ltr'><strong>τὶν</strong></span> 
     </span>
    </p>
   </div>
   <div class='ocr_carea' id='block_1_101' title="bbox 1042 2121 1827 2158">
    <p class='ocr_par' dir='ltr' id='par_1_101' title="bbox 1042 2121 1827 2158">
     <span class='ocr_line' id='line_1_101' title="bbox 1042 2121 1827 2158; baseline 0.005 -11"><span class='ocrx_word' id='word_1_823' title='bbox 1042 2121 1134 2148; x_wconf 76' lang='grc' dir='ltr'><strong>Ἀϐελ.</strong></span> <span class='ocrx_word' id='word_1_824' title='bbox 1152 2122 1205 2148; x_wconf 76' lang='grc' dir='ltr'><strong>Καὶ</strong></span> <span class='ocrx_word' id='word_1_825' title='bbox 1218 2123 1327 2156; x_wconf 78' lang='grc' dir='ltr'>ἐγένετο</span> <span class='ocrx_word' id='word_1_826' title='bbox 1340 2123 1422 2149; x_wconf 77' lang='grc' dir='ltr'><strong>’Λϐελ</strong></span> <span class='ocrx_word' id='word_1_827' title='bbox 1434 2123 1534 2158; x_wconf 82' lang='grc' dir='ltr'>ποιμὴν</span> <span class='ocrx_word' id='word_1_828' title='bbox 1549 2124 1701 2158; x_wconf 72' lang='grc' dir='ltr'>προϐάτων.</span> <span class='ocrx_word' id='word_1_829' title='bbox 1718 2125 1787 2151; x_wconf 74' lang='grc' dir='ltr'><strong>Κάῗν</strong></span> <span class='ocrx_word' id='word_1_830' title='bbox 1799 2125 1827 2151; x_wconf 74' lang='grc' dir='ltr'>δὲ</span> 
     </span>
    </p>
   </div>
   <div class='ocr_carea' id='block_1_102' title="bbox 1039 2165 1825 2206">
    <p class='ocr_par' dir='ltr' id='par_1_102' title="bbox 1039 2165 1825 2206">
     <span class='ocr_line' id='line_1_102' title="bbox 1039 2165 1825 2206; baseline 0.006 -14"><span class='ocrx_word' id='word_1_831' title='bbox 1039 2165 1073 2201; x_wconf 78' lang='grc' dir='ltr'>ἦν</span> <span class='ocrx_word' id='word_1_832' title='bbox 1090 2167 1273 2202; x_wconf 76' lang='grc' dir='ltr'>ἐργαζόμενος</span> <span class='ocrx_word' id='word_1_833' title='bbox 1295 2168 1342 2204; x_wconf 79' lang='grc' dir='ltr'><strong>τὴν</strong></span> <span class='ocrx_word' id='word_1_834' title='bbox 1359 2171 1420 2204; x_wconf 82' lang='grc' dir='ltr'>γῆν.</span> <span class='ocrx_word' id='word_1_835' title='bbox 1435 2170 1489 2195; x_wconf 74' lang='grc' dir='ltr'><strong>Καὶ</strong></span> <span class='ocrx_word' id='word_1_836' title='bbox 1504 2169 1610 2203; x_wconf 73' lang='grc' dir='ltr'>ἐγένετο</span> <span class='ocrx_word' id='word_1_837' title='bbox 1632 2169 1691 2204; x_wconf 76' lang='grc' dir='ltr'>μεθ’</span> <span class='ocrx_word' id='word_1_838' title='bbox 1710 2171 1825 2206; x_wconf 73' lang='grc' dir='ltr'>ἡμέρας,</span> 
     </span>
    </p>
   </div>
   <div class='ocr_carea' id='block_1_103' title="bbox 1027 2214 1828 2251">
    <p class='ocr_par' dir='ltr' id='par_1_103' title="bbox 1027 2214 1828 2251">
     <span class='ocr_line' id='line_1_103' title="bbox 1027 2214 1828 2251; baseline 0.004 -12"><span class='ocrx_word' id='word_1_839' title='bbox 1027 2215 1139 2248; x_wconf 73' lang='grc' dir='ltr'>-ῇνεγκε</span> <span class='ocrx_word' id='word_1_840' title='bbox 1163 2214 1232 2240; x_wconf 79' lang='grc' dir='ltr'><strong>Κάῖν</strong></span> <span class='ocrx_word' id='word_1_841' title='bbox 1256 2214 1309 2240; x_wconf 80' lang='grc' dir='ltr'><strong>ἀπὸ</strong></span> <span class='ocrx_word' id='word_1_842' title='bbox 1325 2215 1379 2241; x_wconf 80' lang='grc' dir='ltr'><strong>τῶν</strong></span> <span class='ocrx_word' id='word_1_843' title='bbox 1400 2215 1513 2250; x_wconf 71' lang='grc' dir='ltr'>καρπῶν</span> <span class='ocrx_word' id='word_1_844' title='bbox 1530 2216 1580 2249; x_wconf 75' lang='grc' dir='ltr'><strong>τῆς</strong></span> <span class='ocrx_word' id='word_1_845' title='bbox 1603 2215 1655 2249; x_wconf 81' lang='grc' dir='ltr'>γῆς</span> <span class='ocrx_word' id='word_1_846' title='bbox 1672 2215 1766 2242; x_wconf 74' lang='grc' dir='ltr'>θυσίαν</span> <span class='ocrx_word' id='word_1_847' title='bbox 1788 2216 1828 2251; x_wconf 72' lang='grc' dir='ltr'>τῷ</span> 
     </span>
    </p>
   </div>
   <div class='ocr_carea' id='block_1_104' title="bbox 1041 2259 1822 2296">
    <p class='ocr_par' dir='ltr' id='par_1_104' title="bbox 1041 2259 1822 2296">
     <span class='ocr_line' id='line_1_104' title="bbox 1041 2259 1822 2296; baseline 0.005 -12"><span class='ocrx_word' id='word_1_848' title='bbox 1041 2259 1144 2294; x_wconf 67' lang='grc' dir='ltr'>Κυρίῳ,</span> <span class='ocrx_word' id='word_1_849' title='bbox 1163 2260 1210 2286; x_wconf 72' lang='grc' dir='ltr'>καὶ</span> <span class='ocrx_word' id='word_1_850' title='bbox 1227 2260 1309 2286; x_wconf 61' lang='lat' dir='ltr'><strong>&quot;Misi.</strong></span> <span class='ocrx_word' id='word_1_851' title='bbox 1321 2261 1418 2296; x_wconf 77' lang='grc' dir='ltr'>ἤνεγκε</span> <span class='ocrx_word' id='word_1_852' title='bbox 1433 2261 1479 2287; x_wconf 71' lang='grc' dir='ltr'><strong>καὶ</strong></span> <span class='ocrx_word' id='word_1_853' title='bbox 1493 2261 1573 2292; x_wconf 73' lang='grc' dir='ltr'>αὐτὸς</span> <span class='ocrx_word' id='word_1_854' title='bbox 1586 2261 1639 2287; x_wconf 79' lang='grc' dir='ltr'><strong>ἀπὸ</strong></span> <span class='ocrx_word' id='word_1_855' title='bbox 1656 2261 1709 2286; x_wconf 80' lang='grc' dir='ltr'><strong>τῶν</strong></span> <span class='ocrx_word' id='word_1_856' title='bbox 1723 2269 1822 2296; x_wconf 79' lang='grc' dir='ltr'>πρωτο-</span> 
     </span>
    </p>
   </div>
   <div class='ocr_carea' id='block_1_105' title="bbox 1041 2305 1827 2340">
    <p class='ocr_par' dir='ltr' id='par_1_105' title="bbox 1041 2305 1827 2340">
     <span class='ocr_line' id='line_1_105' title="bbox 1041 2305 1827 2340; baseline 0.005 -11"><span class='ocrx_word' id='word_1_857' title='bbox 1041 2305 1126 2330; x_wconf 53' lang='lat' dir='ltr'><strong>tri-amt</strong></span> <span class='ocrx_word' id='word_1_858' title='bbox 1143 2305 1197 2331; x_wconf 81' lang='grc' dir='ltr'><strong>τῶν</strong></span> <span class='ocrx_word' id='word_1_859' title='bbox 1221 2306 1363 2340; x_wconf 68' lang='grc' dir='ltr'>προϐάτων</span> <span class='ocrx_word' id='word_1_860' title='bbox 1380 2305 1472 2337; x_wconf 76' lang='grc' dir='ltr'>αὐτοῦ,</span> <span class='ocrx_word' id='word_1_861' title='bbox 1491 2306 1536 2332; x_wconf 72' lang='grc' dir='ltr'>καὶ</span> <span class='ocrx_word' id='word_1_862' title='bbox 1554 2307 1607 2333; x_wconf 77' lang='grc' dir='ltr'>ἀπὸ</span> <span class='ocrx_word' id='word_1_863' title='bbox 1629 2307 1683 2333; x_wconf 80' lang='grc' dir='ltr'><strong>τῶν</strong></span> <span class='ocrx_word' id='word_1_864' title='bbox 1708 2307 1827 2333; x_wconf 81' lang='grc' dir='ltr'>στεάτων</span> 
     </span>
    </p>
   </div>
   <div class='ocr_carea' id='block_1_106' title="bbox 1041 2350 1828 2384">
    <p class='ocr_par' dir='ltr' id='par_1_106' title="bbox 1041 2350 1828 2384">
     <span class='ocr_line' id='line_1_106' title="bbox 1041 2350 1828 2384; baseline 0.003 -8"><span class='ocrx_word' id='word_1_865' title='bbox 1041 2350 1138 2376; x_wconf 67' lang='grc' dir='ltr'><strong>αὐτῶν.</strong></span> <span class='ocrx_word' id='word_1_866' title='bbox 1159 2351 1212 2377; x_wconf 74' lang='grc' dir='ltr'><strong>Καὶ</strong></span> <span class='ocrx_word' id='word_1_867' title='bbox 1232 2351 1361 2377; x_wconf 64' lang='grc' dir='ltr'>ἐπεῖδε-βό</span> <span class='ocrx_word' id='word_1_868' title='bbox 1378 2351 1443 2382; x_wconf 73' lang='grc' dir='ltr'>Θεὸς</span> <span class='ocrx_word' id='word_1_869' title='bbox 1457 2352 1503 2378; x_wconf 72' lang='grc' dir='ltr'><strong>ἐπὶ</strong></span> <span class='ocrx_word' id='word_1_870' title='bbox 1522 2352 1615 2383; x_wconf 65' lang='grc' dir='ltr'>Ἅϐελ,</span> <span class='ocrx_word' id='word_1_871' title='bbox 1636 2353 1682 2378; x_wconf 67' lang='grc' dir='ltr'><strong>καὶ</strong></span> <span class='ocrx_word' id='word_1_872' title='bbox 1708 2353 1752 2378; x_wconf 72' lang='grc' dir='ltr'><strong>ἐπὶ</strong></span> <span class='ocrx_word' id='word_1_873' title='bbox 1772 2355 1828 2384; x_wconf 79' lang='grc' dir='ltr'>τοῖς</span> 
     </span>
    </p>
   </div>
   <div class='ocr_carea' id='block_1_107' title="bbox 1040 2396 1828 2431">
    <p class='ocr_par' dir='ltr' id='par_1_107' title="bbox 1040 2396 1828 2431">
     <span class='ocr_line' id='line_1_107' title="bbox 1040 2396 1828 2431; baseline 0.003 -9"><span class='ocrx_word' id='word_1_874' title='bbox 1040 2396 1134 2431; x_wconf 72' lang='grc' dir='ltr'>δώροις</span> <span class='ocrx_word' id='word_1_875' title='bbox 1152 2396 1248 2423; x_wconf 72' lang='grc' dir='ltr'><strong>αὑτοῦ·</strong></span> <span class='ocrx_word' id='word_1_876' title='bbox 1267 2397 1312 2422; x_wconf 65' lang='grc' dir='ltr'><strong>ἐπὶ</strong></span> <span class='ocrx_word' id='word_1_877' title='bbox 1328 2396 1355 2422; x_wconf 81' lang='grc' dir='ltr'>δὲ</span> <span class='ocrx_word' id='word_1_878' title='bbox 1371 2397 1438 2423; x_wconf 77' lang='grc' dir='ltr'><strong>Κὰἳν</strong></span> <span class='ocrx_word' id='word_1_879' title='bbox 1459 2406 1504 2424; x_wconf 80' lang='grc' dir='ltr'><strong>και</strong></span> <span class='ocrx_word' id='word_1_880' title='bbox 1522 2398 1567 2423; x_wconf 78' lang='grc' dir='ltr'><strong>ἐπὶ</strong></span> <span class='ocrx_word' id='word_1_881' title='bbox 1584 2399 1641 2429; x_wconf 83' lang='grc' dir='ltr'>ταῖς</span> <span class='ocrx_word' id='word_1_882' title='bbox 1659 2398 1762 2429; x_wconf 78' lang='grc' dir='ltr'>θυσίαις</span> <span class='ocrx_word' id='word_1_883' title='bbox 1780 2398 1828 2424; x_wconf 85' lang='grc' dir='ltr'><strong>αὐ-</strong></span> 
     </span>
    </p>
   </div>
   <div class='ocr_carea' id='block_1_108' title="bbox 1039 2440 1827 2477">
    <p class='ocr_par' dir='ltr' id='par_1_108' title="bbox 1039 2440 1827 2477">
     <span class='ocr_line' id='line_1_108' title="bbox 1039 2440 1827 2477; baseline 0.005 -11"><span class='ocrx_word' id='word_1_884' title='bbox 1039 2440 1087 2466; x_wconf 79' lang='grc' dir='ltr'>τοῦ</span> <span class='ocrx_word' id='word_1_885' title='bbox 1099 2441 1129 2467; x_wconf 80' lang='grc' dir='ltr'>οὑ</span> <span class='ocrx_word' id='word_1_886' title='bbox 1147 2441 1290 2476; x_wconf 75' lang='grc' dir='ltr'>προσέσχε.</span> <span class='ocrx_word' id='word_1_887' title='bbox 1309 2442 1363 2467; x_wconf 75' lang='grc' dir='ltr'><strong>Καὶ</strong></span> <span class='ocrx_word' id='word_1_888' title='bbox 1386 2441 1506 2477; x_wconf 78' lang='grc' dir='ltr'>ἐλύπησε</span> <span class='ocrx_word' id='word_1_889' title='bbox 1529 2443 1574 2469; x_wconf 78' lang='grc' dir='ltr'>τὸν</span> <span class='ocrx_word' id='word_1_890' title='bbox 1599 2443 1670 2470; x_wconf 84' lang='grc' dir='ltr'><strong>Κάῖν</strong></span> <span class='ocrx_word' id='word_1_891' title='bbox 1687 2443 1757 2474; x_wconf 80' lang='grc' dir='ltr'>λίαν,</span> <span class='ocrx_word' id='word_1_892' title='bbox 1780 2443 1827 2470; x_wconf 74' lang='grc' dir='ltr'><strong>καὶ</strong></span> 
     </span>
    </p>
   </div>
   <div class='ocr_carea' id='block_1_109' title="bbox 1041 2486 1827 2525">
    <p class='ocr_par' dir='ltr' id='par_1_109' title="bbox 1041 2486 1827 2525">
     <span class='ocr_line' id='line_1_109' title="bbox 1041 2486 1827 2525; baseline 0.005 -13"><span class='ocrx_word' id='word_1_893' title='bbox 1041 2486 1172 2512; x_wconf 78' lang='grc' dir='ltr'>συνέπεσε</span> <span class='ocrx_word' id='word_1_894' title='bbox 1188 2487 1218 2512; x_wconf 80' lang='grc' dir='ltr'>τὸ</span> <span class='ocrx_word' id='word_1_895' title='bbox 1243 2487 1387 2521; x_wconf 77' lang='grc' dir='ltr'>πρόσωπον</span> <span class='ocrx_word' id='word_1_896' title='bbox 1412 2487 1506 2514; x_wconf 74' lang='grc' dir='ltr'><strong>αὑτοῦ.</strong></span> <span class='ocrx_word' id='word_1_897' title='bbox 1531 2488 1586 2515; x_wconf 70' lang='grc' dir='ltr'><strong>Καὶ</strong></span> <span class='ocrx_word' id='word_1_898' title='bbox 1612 2487 1672 2515; x_wconf 78' lang='grc' dir='ltr'>εἷπε</span> <span class='ocrx_word' id='word_1_899' title='bbox 1691 2489 1792 2525; x_wconf 79' lang='grc' dir='ltr'>Κύριος</span> <span class='ocrx_word' id='word_1_900' title='bbox 1813 2490 1827 2516; x_wconf 86' lang='grc' dir='ltr'>ὁ</span> 
     </span>
    </p>
   </div>
   <div class='ocr_carea' id='block_1_110' title="bbox 1041 2531 1827 2568">
    <p class='ocr_par' dir='ltr' id='par_1_110' title="bbox 1041 2531 1827 2568">
     <span class='ocr_line' id='line_1_110' title="bbox 1041 2531 1827 2568; baseline 0.005 -11"><span class='ocrx_word' id='word_1_901' title='bbox 1041 2531 1106 2562; x_wconf 70' lang='grc' dir='ltr'>Θεὺς</span> <span class='ocrx_word' id='word_1_902' title='bbox 1119 2531 1156 2566; x_wconf 81' lang='grc' dir='ltr'>τῷ</span> <span class='ocrx_word' id='word_1_903' title='bbox 1170 2532 1250 2558; x_wconf 80' lang='grc' dir='ltr'>Κάῖν·</span> <span class='ocrx_word' id='word_1_904' title='bbox 1279 2532 1359 2558; x_wconf 85' lang='grc' dir='ltr'>Ίνατί</span> <span class='ocrx_word' id='word_1_905' title='bbox 1383 2533 1530 2568; x_wconf 81' lang='grc' dir='ltr'>περίλυπος</span> <span class='ocrx_word' id='word_1_906' title='bbox 1556 2534 1662 2568; x_wconf 80' lang='grc' dir='ltr'>ἐγένου,</span> <span class='ocrx_word' id='word_1_907' title='bbox 1686 2535 1732 2561; x_wconf 72' lang='grc' dir='ltr'>καὶ</span> <span class='ocrx_word' id='word_1_908' title='bbox 1757 2535 1827 2562; x_wconf 86' lang='grc' dir='ltr'>ἱνατί</span> 
     </span>
    </p>
   </div>
   <div class='ocr_carea' id='block_1_111' title="bbox 1043 2578 1826 2617">
    <p class='ocr_par' dir='ltr' id='par_1_111' title="bbox 1043 2578 1826 2617">
     <span class='ocr_line' id='line_1_111' title="bbox 1043 2578 1826 2617; baseline 0.005 -14"><span class='ocrx_word' id='word_1_909' title='bbox 1043 2578 1173 2604; x_wconf 79' lang='grc' dir='ltr'>συνέπεσε</span> <span class='ocrx_word' id='word_1_910' title='bbox 1200 2578 1229 2604; x_wconf 77' lang='grc' dir='ltr'><strong>τδ</strong></span> <span class='ocrx_word' id='word_1_911' title='bbox 1247 2578 1390 2614; x_wconf 75' lang='grc' dir='ltr'>πρόσωπόν</span> <span class='ocrx_word' id='word_1_912' title='bbox 1408 2588 1472 2613; x_wconf 68' lang='lat' dir='ltr'><strong>sou;</strong></span> <span class='ocrx_word' id='word_1_913' title='bbox 1496 2581 1552 2607; x_wconf 76' lang='grc' dir='ltr'><strong>Οὐκ</strong></span> <span class='ocrx_word' id='word_1_914' title='bbox 1570 2581 1617 2607; x_wconf 70' lang='grc' dir='ltr'>ἐὰν</span> <span class='ocrx_word' id='word_1_915' title='bbox 1638 2581 1725 2617; x_wconf 82' lang='grc' dir='ltr'>ὀρθῶς</span> <span class='ocrx_word' id='word_1_916' title='bbox 1747 2590 1826 2616; x_wconf 76' lang='grc' dir='ltr'>προσ-</span> 
     </span>
    </p>
   </div>
   <div class='ocr_carea' id='block_1_112' title="bbox 1042 2624 1825 2662">
    <p class='ocr_par' dir='ltr' id='par_1_112' title="bbox 1042 2624 1825 2662">
     <span class='ocr_line' id='line_1_112' title="bbox 1042 2624 1825 2662; baseline 0.005 -13"><span class='ocrx_word' id='word_1_917' title='bbox 1042 2624 1166 2659; x_wconf 71' lang='grc' dir='ltr'>ενέγκῃς,</span> <span class='ocrx_word' id='word_1_918' title='bbox 1183 2624 1271 2659; x_wconf 64' lang='grc' dir='ltr'>ὀρθῶς</span> <span class='ocrx_word' id='word_1_919' title='bbox 1291 2625 1319 2651; x_wconf 79' lang='grc' dir='ltr'><strong>δὲ</strong></span> <span class='ocrx_word' id='word_1_920' title='bbox 1344 2625 1380 2660; x_wconf 79' lang='grc' dir='ltr'>μὴ</span> <span class='ocrx_word' id='word_1_921' title='bbox 1404 2625 1504 2662; x_wconf 68' lang='grc' dir='ltr'>διὲλῃς,</span> <span class='ocrx_word' id='word_1_922' title='bbox 1520 2627 1659 2662; x_wconf 74' lang='grc' dir='ltr'>ἧμαρτες;</span> <span class='ocrx_word' id='word_1_923' title='bbox 1681 2627 1825 2662; x_wconf 72' lang='grc' dir='ltr'>ἡσύχαςον,</span> 
     </span>
    </p>
   </div>
   <div class='ocr_carea' id='block_1_113' title="bbox 1039 2670 1825 2708">
    <p class='ocr_par' dir='ltr' id='par_1_113' title="bbox 1039 2670 1825 2708">
     <span class='ocr_line' id='line_1_113' title="bbox 1039 2670 1825 2708; baseline 0.005 -13"><span class='ocrx_word' id='word_1_924' title='bbox 1039 2670 1106 2705; x_wconf 72' lang='grc' dir='ltr'>πρὸς</span> <span class='ocrx_word' id='word_1_925' title='bbox 1114 2670 1166 2705; x_wconf 78' lang='grc' dir='ltr'><strong>σὲή</strong></span> <span class='ocrx_word' id='word_1_926' title='bbox 1180 2672 1330 2706; x_wconf 54' lang='grc' dir='ltr'>ἐπιστροφὴ</span> <span class='ocrx_word' id='word_1_927' title='bbox 1343 2672 1435 2705; x_wconf 75' lang='grc' dir='ltr'>αὑτοῦ,</span> <span class='ocrx_word' id='word_1_928' title='bbox 1449 2673 1494 2699; x_wconf 72' lang='grc' dir='ltr'>καὶ</span> <span class='ocrx_word' id='word_1_929' title='bbox 1504 2673 1535 2699; x_wconf 74' lang='grc' dir='ltr'>σὺ</span> <span class='ocrx_word' id='word_1_930' title='bbox 1549 2672 1640 2708; x_wconf 78' lang='grc' dir='ltr'>ἄρξεις</span> <span class='ocrx_word' id='word_1_931' title='bbox 1654 2673 1825 2701; x_wconf 76' lang='grc' dir='ltr'><strong>αὺτοῦ.›Καὶ</strong></span> 
     </span>
    </p>
   </div>
   <div class='ocr_carea' id='block_1_114' title="bbox 1041 2717 1826 2756">
    <p class='ocr_par' dir='ltr' id='par_1_114' title="bbox 1041 2717 1826 2756">
     <span class='ocr_line' id='line_1_114' title="bbox 1041 2717 1826 2756; baseline 0.004 -12"><span class='ocrx_word' id='word_1_932' title='bbox 1041 2718 1192 2752; x_wconf 65' lang='grc' dir='ltr'>μετ’ὁλίγαε</span> <span class='ocrx_word' id='word_1_933' title='bbox 1204 2728 1212 2744; x_wconf 81' lang='grc' dir='ltr'>ι</span> <span class='ocrx_word' id='word_1_934' title='bbox 1227 2719 1280 2745; x_wconf 71' lang='grc' dir='ltr'><strong>Καὶ</strong></span> <span class='ocrx_word' id='word_1_935' title='bbox 1294 2717 1353 2745; x_wconf 79' lang='grc' dir='ltr'>εἶπε</span> <span class='ocrx_word' id='word_1_936' title='bbox 1364 2720 1434 2746; x_wconf 80' lang='grc' dir='ltr'><strong>Κάἶν</strong></span> <span class='ocrx_word' id='word_1_937' title='bbox 1442 2721 1508 2756; x_wconf 74' lang='grc' dir='ltr'>πρὸς</span> <span class='ocrx_word' id='word_1_938' title='bbox 1516 2721 1598 2747; x_wconf 76' lang='grc' dir='ltr'><strong>Ἀϐελ</strong></span> <span class='ocrx_word' id='word_1_939' title='bbox 1607 2721 1652 2748; x_wconf 74' lang='grc' dir='ltr'><strong>τὸν</strong></span> <span class='ocrx_word' id='word_1_940' title='bbox 1660 2721 1771 2756; x_wconf 68' lang='grc' dir='ltr'>ἀδελφὺν</span> <span class='ocrx_word' id='word_1_941' title='bbox 1781 2722 1826 2747; x_wconf 79' lang='grc' dir='ltr'><strong>αὐ-</strong></span> 
     </span>
    </p>
   </div>
   <div class='ocr_carea' id='block_1_115' title="bbox 1039 2766 1823 2803">
    <p class='ocr_par' dir='ltr' id='par_1_115' title="bbox 1039 2766 1823 2803">
     <span class='ocr_line' id='line_1_115' title="bbox 1039 2766 1823 2803; baseline 0.004 -12"><span class='ocrx_word' id='word_1_942' title='bbox 1039 2766 1096 2792; x_wconf 79' lang='grc' dir='ltr'><strong>τοῦ·</strong></span> <span class='ocrx_word' id='word_1_943' title='bbox 1107 2766 1257 2801; x_wconf 74' lang='grc' dir='ltr'>Διέλθωμεν</span> <span class='ocrx_word' id='word_1_944' title='bbox 1264 2766 1294 2802; x_wconf 82' lang='grc' dir='ltr'><strong>δὴ</strong></span> <span class='ocrx_word' id='word_1_945' title='bbox 1304 2767 1378 2798; x_wconf 78' lang='grc' dir='ltr'>εἱςτὺ</span> <span class='ocrx_word' id='word_1_946' title='bbox 1386 2768 1484 2794; x_wconf 72' lang='grc' dir='ltr'>πεδίον.</span> <span class='ocrx_word' id='word_1_947' title='bbox 1493 2769 1544 2795; x_wconf 69' lang='grc' dir='ltr'><strong>Καὶ</strong></span> <span class='ocrx_word' id='word_1_948' title='bbox 1557 2769 1697 2801; x_wconf 75' lang='grc' dir='ltr'>ἐγένετοὲν</span> <span class='ocrx_word' id='word_1_949' title='bbox 1710 2768 1747 2803; x_wconf 83' lang='grc' dir='ltr'><strong>τῷ</strong></span> <span class='ocrx_word' id='word_1_950' title='bbox 1756 2767 1823 2794; x_wconf 73' lang='grc' dir='ltr'>εἶναι</span> 
     </span>
    </p>
   </div>
   <div class='ocr_carea' id='block_1_116' title="bbox 1041 2812 1823 2850">
    <p class='ocr_par' dir='ltr' id='par_1_116' title="bbox 1041 2812 1823 2850">
     <span class='ocr_line' id='line_1_116' title="bbox 1041 2812 1823 2850; baseline 0.003 -12"><span class='ocrx_word' id='word_1_951' title='bbox 1041 2813 1138 2843; x_wconf 58' lang='grc' dir='ltr'>αὐτοὺς</span> <span class='ocrx_word' id='word_1_952' title='bbox 1150 2813 1178 2838; x_wconf 79' lang='grc' dir='ltr'>ἐν</span> <span class='ocrx_word' id='word_1_953' title='bbox 1194 2812 1232 2847; x_wconf 76' lang='grc' dir='ltr'><strong>τῷ</strong></span> <span class='ocrx_word' id='word_1_954' title='bbox 1252 2813 1344 2848; x_wconf 71' lang='grc' dir='ltr'>πεδίῳ,</span> <span class='ocrx_word' id='word_1_955' title='bbox 1364 2814 1409 2840; x_wconf 71' lang='grc' dir='ltr'>καὶ</span> <span class='ocrx_word' id='word_1_956' title='bbox 1426 2814 1524 2850; x_wconf 68' lang='grc' dir='ltr'>ἀνέστη</span> <span class='ocrx_word' id='word_1_957' title='bbox 1540 2814 1608 2840; x_wconf 75' lang='grc' dir='ltr'>Κάϊν</span> <span class='ocrx_word' id='word_1_958' title='bbox 1622 2815 1667 2841; x_wconf 69' lang='grc' dir='ltr'>ἐπὶ</span> <span class='ocrx_word' id='word_1_959' title='bbox 1682 2815 1762 2841; x_wconf 63' lang='grc' dir='ltr'>’Μελ</span> <span class='ocrx_word' id='word_1_960' title='bbox 1780 2813 1823 2840; x_wconf 65' lang='grc' dir='ltr'>τὶν</span> 
     </span>
    </p>
   </div>
   <div class='ocr_carea' id='block_1_117' title="bbox 500 2868 1233 2904">
    <p class='ocr_par' dir='ltr' id='par_1_117' title="bbox 500 2868 1233 2904">
     <span class='ocr_line' id='line_1_117' title="bbox 500 2868 1233 2904; baseline 0.001 -8"><span class='ocrx_word' id='word_1_961' title='bbox 500 2868 610 2901; x_wconf 65' lang='lat' dir='ltr'><strong>3”ibid.,</strong></span> <span class='ocrx_word' id='word_1_962' title='bbox 629 2868 668 2901; x_wconf 79' lang='grc'><strong>10,</strong></span> <span class='ocrx_word' id='word_1_963' title='bbox 689 2869 729 2895; x_wconf 72' lang='grc' dir='ltr'><strong>ΗΔ</strong></span> <span class='ocrx_word' id='word_1_964' title='bbox 752 2869 771 2881; x_wconf 61' lang='lat'><em>“‘</em></span> <span class='ocrx_word' id='word_1_965' title='bbox 792 2869 850 2896; x_wconf 62' lang='lat' dir='ltr'><strong>Aci.</strong></span> <span class='ocrx_word' id='word_1_966' title='bbox 873 2878 906 2902; x_wconf 82' lang='lat' dir='ltr'><strong>iv,</strong></span> <span class='ocrx_word' id='word_1_967' title='bbox 925 2870 963 2896; x_wconf 72' lang='lat'><strong>1&#39;2.</strong></span> <span class='ocrx_word' id='word_1_968' title='bbox 1004 2870 1024 2884; x_wconf 73' lang='lat'>“</span> <span class='ocrx_word' id='word_1_969' title='bbox 1041 2870 1107 2898; x_wconf 58' lang='grc' dir='ltr'><strong>ατη.</strong></span> <span class='ocrx_word' id='word_1_970' title='bbox 1127 2878 1160 2904; x_wconf 78' lang='lat' dir='ltr'><strong>tv,</strong></span> <span class='ocrx_word' id='word_1_971' title='bbox 1180 2870 1233 2897; x_wconf 69' lang='lat'><strong>{-7.</strong></span> 
     </span>
    </p>
   </div>
  </div>
