1990 3046
151 140 188 167 55
662 133 923 161 CLAPHYRORUM
942 133 976 160 IN
993 132 1144 160 GENESIM
1164 134 1230 161 LlB.
1251 134 1271 160 l.
1748 135 1783 163 '55

152 195 267 229 ἀδελφὴν
281 194 375 225 αὑτοῦ,
393 194 441 220 καὶ
455 192 613 220 ἀπέκτεινεν
627 191 718 218 αὐτόν.
742 190 797 218 Καὶ
812 188 873 217 εἷπε
889 189 945 217 Κύ-

1003 190 1054 218 Vox
1071 190 1213 225 sanguinis
1228 189 1319 217 fratris
1332 191 1369 217 tui
1380 191 1478 218 clamat
1488 191 1522 218 ad
1538 199 1580 218 me
1592 191 1625 218 de
1645 195 1728 218 terra.
1749 190 1780 219 Ει

153 249 211 277 ριος
225 241 240 266 ὸ
258 241 325 272 Θεὸς
346 239 415 274 πρὸς
438 239 524 266 Κᾶῖν·
544 237 598 264 Ποῦ
614 236 686 263 ἔστιν
709 236 791 263 Ἀδελ
805 236 819 261 ὸ
832 235 946 271 ἁδελφός

153 295 218 318 anu;
233 286 261 312 '0
274 286 303 312 δὲ
317 283 403 311 εἶπεν⁸
416 285 453 311 Οὑ
469 282 594 317 γινώσκω
604 291 610 297 ·
623 282 661 317 μὴ
673 281 761 316 φύλαξ
771 281 817 307 τοῦ
830 280 944 315 ἀδελφοῦ

156 331 207 366 μού
222 331 280 366 ειμι
293 329 368 365 hab;
384 329 439 355 Kal.
454 327 529 355 εἶπεν
541 328 555 354 6
565 327 640 358 Θεός-
658 326 690 352 Τί
703 326 851 362 ἐποίησαςς
866 325 944 361 Φωνὴ

155 377 270 412 αἵματος
286 375 333 402 τοῦ
349 374 463 408 ἀδελφοῦ
487 382 532 400 σου
557 373 605 408 βοᾷ
620 371 688 407 πρός
709 380 742 406 με
763 372 795 397 ὲκ
816 371 866 406 τῆς
880 370 942 405 γῆς.

154 422 211 449 Καὶ
225 421 274 448 νῦν
291 420 494 455 ὲπικατάρατος
514 419 546 444 σὺ
562 419 608 444 ἐπὶ
625 419 675 453 τῆς
694 418 756 452 γῆς,
779 417 797 452 ἢ
818 416 897 451 ἐχανε
913 417 944 443 τὸ

155 469 244 504 στόμα
259 467 343 502 αὐτῆς
354 465 484 499 δέξασθαι
499 463 530 491 τὸ
552 460 623 498 αἷμα
646 461 693 489 τοῦ
713 461 827 496 ἀδελφοῦ
849 470 895 488 σου
915 462 948 488 ὲκ

155 515 206 550 τῆς
220 513 310 550 χειρός
326 521 384 539 σου.
396 510 460 538 Ὅτι
473 511 542 546 ὲργᾷ
554 509 603 545 τὴν
613 509 677 544 γῆν,
689 508 737 535 καὶ
751 508 783 534 οὐ
797 507 945 543 προσθήσει

157 560 206 596 τὴν
221 560 298 594 ἰσχὺν
310 558 395 592 αὐτῆς
411 556 504 583 δοῦναί
520 564 560 582 σοι
573 563 578 569 ·
598 554 699 581 στένων
714 553 762 580 καὶ
776 553 884 589 τρέμων
898 552 946 588 ἔσῃ

158 606 206 632 ἐπὶ
221 605 271 640 τῆς
286 605 349 640 γῆς.
365 603 419 630 Καὶ
435 601 496 628 εἶπε
509 601 579 630 Κάῖν
592 599 660 635 πρὸς
676 599 787 634 Κύριον·
803 596 910 630 Μείζων
927 598 944 633 ἠ

158 651 233 678 αίτία
250 658 301 685 μου
313 648 361 675 τοῦ
374 646 508 682 ἀφεθῆναί
525 654 570 681 με.
588 645 644 671 Καὶ
657 645 681 670 εί
701 643 824 675 ἐκϐαλεῖς
845 651 877 678 με
898 643 945 677 σή-

159 705 242 733 μερον
252 696 307 723 ἀπὸ
320 693 466 731 προσώπου
482 693 529 728 τῆς
537 692 599 726 γῆς,
612 691 660 717 καὶ
675 690 729 717 ἀπὺ
741 689 788 716 τοῦ
800 687 945 724 προσώπου

159 752 205 770 σου
221 742 404 779 κρυϐήσομαι,
423 740 471 766 καὶ
489 739 585 773 ἔσομαι
602 737 702 764 στένων
717 736 764 762 καὶ
780 735 888 770 τρέμων
900 734 946 760 ἐπὶ

161 789 208 824 τῆς
220 788 283 823 γῆς,
301 787 348 813 καὶ
372 786 459 816 ἔσται,
483 784 537 814 πᾶς
551 784 565 809 6
588 781 724 817 εὑρίσκων
750 788 783 814 με
802 779 947 805 ἀποκτενεῖ

998 242 1072 262 nunc
1092 234 1255 261 maledictus
1271 238 1301 261 tu
1323 242 1338 261 a
1355 239 1438 267 terra,
1464 242 1524 269 qua
1538 235 1644 269 aperuit
1658 242 1688 261 os
1702 242 1783 261 suum

998 280 1031 307 ad
1047 280 1252 315 suscipiendum
1266 281 1427 315 sanguinem
1444 280 1537 308 fratris
1549 280 1587 307 tui
1598 289 1614 307 a
1633 287 1713 307 manu
1725 285 1781 307 tua.

997 326 1131 358 Quoniam
1140 326 1300 360 operaberis
1312 330 1423 359 terram,
1441 330 1470 353 et
1486 334 1540 353 non
1558 326 1639 353 addet
1653 326 1783 353 virtutem

997 379 1074 399 suam
1085 372 1149 399 dare
1167 372 1233 404 tibi,
1249 372 1390 407 suspirans
1399 376 1427 399 et
1437 376 1555 399 tremens
1568 371 1623 398 eris
1639 378 1720 405 super
1727 375 1784 397 ter-

998 424 1065 444 ram.
1082 417 1117 444 Et
1135 417 1206 444 dixit
1228 417 1295 444 Cain
1319 417 1353 444 ad
1372 417 1536 444 Dominum:
1557 417 1643 452 Maius
1655 416 1785 444 delictum

1000 470 1092 490 meum
1104 471 1186 498 quam
1204 468 1235 490 ut
1255 464 1413 491 remittatur
1430 463 1506 490 mibi.
1525 463 1559 490 Et
1579 463 1601 490 si
1619 462 1714 498 ejicias‘
1739 469 1786 491 me

996 509 1079 536 hodie
1095 517 1110 536 a
1125 509 1193 538 facie
1213 514 1305 543 terrae,
1321 515 1348 537 et
1358 518 1373 537 a
1388 510 1458 537 facie
1469 513 1516 536 tua
1531 509 1693 541 abscondar,
1704 513 1786 536 etero

996 561 1109 588 gemens
1128 558 1156 581 et
1179 559 1303 582 tremens
1327 563 1409 590 super
1423 559 1525 582 terram
1542 563 1548 581 τ
1573 559 1601 582 et
1615 554 1677 586 erit,
1697 552 1786 580 omnis

999 599 1143 627 inveniens
1159 601 1316 628 meoccidet
1327 609 1380 628 me.
1393 601 1427 628 Et
1438 601 1508 628 dixit
1517 600 1543 628 ei
1554 600 1686 627 Dominus
1698 600 1785 626 Deus:

997 644 1057 671 Non
1077 645 1126 677 sic,
1136 646 1225 672 omnis
1234 646 1280 680 qui
1290 646 1421 674 occiderit
1436 645 1513 677 Cain,
1530 650 1634 680 septem
1652 645 1788 672 vindictas

998 690 1128 717 exsolvet.
1142 691 1176 718 Et
1188 691 1278 725 posuit
1293 692 1424 718 Dominus
1440 692 1512 718 Deus
1526 692 1634 726 signum
1651 690 1732 722 Cain,
1759 694 1788 717 ut

999 743 1054 762 non
1070 736 1237 764 interﬁceret
1256 745 1320 764 eum
1336 737 1426 764 omnis
1436 737 1482 772 qui
1498 737 1647 764 invenisset
1657 743 1730 763 eum.
1754 735 1788 763 Et

999 788 1126 816 egressus
1140 786 1182 808 est
1197 781 1263 809 Cain
1275 789 1289 808 a
1308 782 1376 808 facie
1395 782 1444 808 Dei
1455 782 1487 808 δι.
1508 792 1517 807 ι

161 843 204 870 με.
225 834 280 860 Καὶ
301 830 377 858 εἶπεν
398 829 474 864 αὖτῷ
499 828 600 864 Κύριος
621 828 635 853 6
652 826 733 857 Θεός·
750 825 806 860 Οὐχ
833 823 943 870 οὓτως-Α
957 826 1012 857 πᾶς
1040 826 1054 851 6
1089 826 1250 858 ἀποκτείνας
1280 827 1358 858 Κάῐν,
1377 827 1447 854 ἑπτὰ
1466 826 1644 861 ὲκδικούμενα
1665 824 1788 860 παραλύ-

160 868 212 906 δειο
227 878 282 905 Καὶ
298 877 374 903 ἔθετο
390 875 490 912 Κύριος
502 875 516 901 ὁ
531 873 598 904 θεὸς
613 872 727 907 σημεῖον
743 869 781 906 τῷ
800 869 881 902 Κάῖν,
898 868 945 896 τοῦ
966 871 1002 905 μὴ
1018 872 1121 898 ἀνελεῖν
1129 872 1210 899 αὐτὸν
1235 872 1323 899 πάντα
1347 873 1393 899 τὸν
1403 873 1563 907 εὑρίσκοντα
1573 872 1664 899 αὐτόν.
1678 871 1788 907 Ἐξῆλθε

159 925 188 952 οὲ
203 924 273 951 Κὰῖν
292 923 346 949 ἀπὸ
361 920 508 958 προσώπου
523 919 569 946 τοῦ
585 917 664 945 Θεοῦ.
680 927 690 943 ι

198 1006 229 1040 β’.
249 1005 319 1032 Κάῗν
351 1004 399 1039 μὲν
410 1003 500 1030 τοίνυν
522 1001 569 1028 καὶ
584 1001 674 1036 μέντοι
690 1000 736 1026 καὶ
753 999 846 1031 Ἀϐελ,
865 999 947 1034 ἄμφω

1038 1003 1064 1030 2.
1082 1002 1149 1031 Cain
1160 1002 1252 1037 itaque
1266 1001 1370 1028 etAbel
1387 1000 1468 1028 ambo
1479 998 1535 1026 nati
1555 1002 1619 1026 sunt
1644 1005 1678 1024 ex
1692 997 1789 1028 Adam,

163 1052 212 1084 μὶν
234 1050 380 1085 ἐγενέσθην
403 1049 433 1081 ἐξ
463 1047 559 1084 Ἀδὰμ,
587 1046 688 1078 κλῶνες
711 1045 739 1072 δὲ
762 1043 832 1080 ἦσαν
856 1044 950 1080 ὥσπερ

162 1096 290 1132 τρυφεροί
297 1105 327 1122 τε
335 1096 382 1123 καὶ
396 1094 527 1125 εὐανθεῖς,
552 1092 630 1129 ῥίζης
644 1091 799 1126 ἀνίσχοντες
813 1091 841 1117 ὲν
854 1090 951 1125 ἀρχαῖς

162 1151 191 1169 τε
214 1141 261 1168 καὶ
282 1141 405 1177 πρώτης·
424 1140 472 1167 καὶ
487 1139 530 1165 ἐπ’
553 1139 645 1170 αὐτοῖς
667 1138 685 1173 ἡ
703 1136 847 1172 ἀνθρώπου
871 1135 952 1170 φύσις

164 1187 279 1222 ἐμελέτα
291 1187 322 1213 τὸ
338 1185 519 1221 καρπογόνον,
535 1183 582 1210 καὶ
596 1183 627 1210 τὺ
638 1182 802 1215 αὐξάνεσθαι
819 1181 866 1207 καὶ
886 1181 952 1216 πλη-

163 1232 291 1259 Θὺνεσθαι
313 1232 388 1267 μόλις
410 1228 445 1266 ἦν
466 1231 496 1257 ὲν
510 1230 581 1265 ἀρχῇ
600 1228 648 1255 τοῦ
670 1227 825 1263 φαίνεσθαι.
851 1226 899 1253 καὶ
923 1227 952 1253 ὲν

165 1277 239 1312 ἰσχύι
267 1277 370 1304 λοιπόν.
394 1275 463 1302 Ἀλλ’
477 1277 490 1302 6
506 1275 555 1310 μὲν
567 1274 638 1301 Κάῖν
653 1273 794 1309 -προεπήδα
813 1272 901 1307 χρόνῳ
913 1271 952 1307 τῷ

164 1324 236 1350 κατὰ
249 1324 367 1356 γένεσιν.
381 1321 482 1348 Εἵπετο
495 1321 523 1347 δὲ
539 1320 586 1347 καὶ
599 1317 634 1355 ἦν
650 1319 709 1354 μετ’
725 1318 805 1345 αὑτὸν
821 1319 835 1344 6
859 1317 950 1344 Ἀδελ-

165 1369 211 1395 καὶ
221 1368 275 1400 ἕως
289 1368 338 1403 μὲν
350 1367 436 1402 ἦστην
446 1366 544 1393 ἁπαλοί
558 1374 588 1392 τε
598 1365 644 1392 καὶ
660 1365 725 1396 νέοι,
742 1364 868 1398 καθάπερ
882 1363 952 1394 τινὲς

165 1415 265 1440 νεοττοὶ
279 1412 481 1448 παρετρέφοντο
493 1412 549 1442 τοῖς
570 1409 772 1445 γεγεννηκόσιν.
802 1409 910 1444 Ἐπειδὴ
924 1408 953 1435 δὲ

165 1459 204 1490 είς
224 1458 294 1494 ἥϐην
306 1459 330 1485 ol
347 1458 452 1485 νεανίαι
472 1454 564 1492 ἦλθον,
584 1456 631 1482 καὶ
649 1455 743 1482 λοιπὸν
760 1454 901 1485 τελοῦντες
923 1454 952 1480 ὲν

161 1503 291 1540 ἀνδράσιν
306 1503 457 1538 ἐφαίνοντο,
473 1501 540 1537 πρὸς
555 1501 700 1536 διαφόρους
718 1500 870 1535 ἐτράποντο
893 1498 952 1532 φιλ-

164 1551 269 1586 εργίας.
281 1550 337 1577 Καὶ
349 1551 363 1576 ὁ
379 1549 428 1584 μὲν
443 1548 525 1580 Κάῖν,
540 1547 643 1582 ἡσθεὶς,
664 1544 739 1581 οἶμαί
762 1554 824 1578 που,
839 1544 953 1579 χλοηφο-

167 1599 250 1633 (δούσῃ
265 1598 300 1632 τῇ
313 1598 360 1632 γῇ,
373 1596 420 1623 καὶ
434 1595 502 1622 πολὺ
513 1595 545 1630 δὴ
561 1594 620 1621 λίαν
640 1593 751 1626 εὖξυλόν
767 1601 796 1618 τε
811 1593 858 1618 καὶ
877 1592 952 1627 εὐερ-

165 1645 300 1678 ·ίεστάτην
319 1642 400 1678 ὁρῶν,
429 1642 475 1668 καὶ
503 1641 618 1676 καρποῖς
637 1639 748 1675 ὡραίοις
774 1637 953 1673 πεποικιλμέ-

1000 1047 1165 1082 fueruntque
1181 1051 1310 1082 tanquam
1331 1046 1385 1073 duo
1409 1045 1496 1072 teneri
1519 1052 1552 1071 ac
1571 1043 1701 1071 ﬂorentes
1727 1050 1790 1070 sur-

1001 1094 1067 1126 culi,
1081 1102 1114 1121 ex
1131 1101 1186 1120 una
1200 1101 1231 1120 ac
1250 1093 1338 1128 prima
1353 1091 1444 1119 radice
1466 1090 1520 1118 orti
1534 1099 1540 1117 :
1561 1093 1588 1118 et
1601 1089 1630 1116 in
1649 1089 1693 1116 bis
1701 1088 1791 1116 homi-

1000 1139 1044 1166 nis
1058 1143 1155 1166 natura
1166 1137 1361 1166 fecunditatem
1378 1135 1542 1168 exercebat,
1564 1141 1742 1169 crescereque
1759 1140 1793 1161 ac

1002 1184 1179 1219 multiplicari
1196 1183 1308 1210 vixdum
1323 1182 1404 1210 initio
1415 1181 1571 1213 videbatur,
1590 1184 1619 1207 et
1633 1179 1732 1207 robore
1744 1186 1792 1206 au-

1002 1229 1069 1264 geri.
1088 1228 1222 1255 Caeterum
1232 1227 1298 1255 Cain
1309 1226 1421 1261 quidem
1437 1229 1514 1253 ortus
1533 1229 1656 1259 tempore
1672 1230 1791 1258 praeces-

1001 1274 1046 1300 sit.
1065 1272 1234 1299 Subsecutus
1254 1274 1346 1298 autem
1369 1277 1433 1296 eum
1455 1273 1497 1296 est
1517 1268 1601 1300 Abel;
1618 1275 1651 1294 ac
1669 1266 1790 1302 quandiu

1003 1318 1097 1346 tenelli
1119 1325 1151 1345 ac
1169 1317 1310 1354 juveneuli
1329 1319 1431 1348 essent,
1451 1315 1537 1342 instar
1557 1313 1696 1349 pullorum
1719 1310 1791 1347 apud

1002 1368 1131 1399 parentes
1156 1363 1351 1391 educabantur.
1382 1362 1529 1395 Postquam
1553 1367 1619 1386 vero
1640 1356 1792 1393 pubertatis

1003 1415 1113 1446 tempus
1124 1413 1311 1440 excesserunt,
1323 1412 1352 1435 et
1368 1407 1401 1434 ad
1414 1407 1520 1434 virilem
1538 1409 1646 1433 aetatem
1660 1409 1792 1438 pervene-

1004 1462 1077 1489 runt,
1096 1457 1211 1484 diversis
1226 1455 1324 1483 studiis
1349 1458 1431 1488 atque
1445 1452 1575 1486 operibus
1590 1457 1650 1477 sese
1670 1447 1792 1475 tradide-

1004 1507 1079 1529 runt.
1100 1502 1138 1529 Ac
1161 1501 1227 1528 Cain
1255 1500 1388 1535 quidem,
1418 1496 1528 1532 opinor,
1551 1500 1631 1522 terra:
1653 1493 1791 1521 viriditate

1004 1548 1164 1579 delectatus,
1185 1553 1299 1580 eamque
1316 1541 1498 1571 floridissimis
1514 1539 1660 1568 arboribus
1677 1541 1706 1564 et
1720 1540 1791 1564 tem-

1004 1594 1116 1630 pestivis
1145 1592 1279 1619 fructibus
1296 1593 1419 1617 ornatam
1444 1587 1559 1618 videns,
1591 1584 1625 1612 ad
1647 1582 1790 1611 cultiorem

1003 1647 1063 1667 eam
1083 1638 1254 1666 cernentium
1265 1635 1351 1663 oculis
1367 1631 1548 1661 exhibendam
1557 1651 1565 1663 ,
1577 1629 1698 1657 studium
1710 1633 1792 1655 suum

166 1697 225 1722 νην,
249 1688 304 1714 δεῖν
328 1686 408 1722 ᾠήθη
433 1686 494 1717 ταῖς
516 1683 676 1715 ὲπιεικείαις
701 1683 862 1718 ἀποφαίνειν
885 1683 952 1718 ἡμε-

1004 1682 1200 1712 conferendum
1215 1681 1320 1717 putavit
1334 1689 1340 1706 :
1358 1685 1472 1714 qumque
1489 1685 1522 1704 ex
1541 1684 1570 1703 se
1588 1683 1620 1703 ac
1633 1678 1727 1709 suapte
1740 1681 1791 1701 na-

169 1734 281 1769 ροτὲραν
311 1732 365 1759 τῶν
384 1731 532 1767 ὁρωμένων
549 1730 599 1766 τὴν
617 1729 695 1764 64m-
721 1729 769 1756 καὶ
789 1729 825 1755 τὰ
849 1727 953 1754 οἴκοθέν

166 1787 196 1805 τε
213 1779 261 1804 ναὶ
279 1777 402 1812 φυσικῶς
425 1776 574 1812 ἀξιέραστα
589 1776 636 1803 καὶ
651 1774 811 1809 αὐτομάτως
822 1775 862 1806 είς
875 1774 954 1801 τοῦτο

167 1824 294 1860 διήκοντα
314 1823 429 1854 κάλλους
459 1821 585 1848 διενοεῖτό
616 1829 687 1853 που,
713 1820 784 1847 κατά
807 1828 838 1854 γε
864 1820 895 1846 τὸ
917 1820 955 1846 ει-

167 1870 215 1903 κὸς
246 1871 284 1902 ὡς
308 1871 334 1896 εἰ
363 1868 468 1904 τύχοιεν
494 1867 606 1903 ῑδρῶτος
635 1865 822 1901 γεωπονικοῦ,
855 1865 954 1901 ῥᾳδίως

169 1918 201 1943 ἂν
225 1921 263 1948 είς
284 1915 348 1951 ῧψιν
371 1915 459 1941 ἐλθεῖν
475 1934 482 1945 ,
498 1913 546 1949 τὴν
581 1913 754 1948 ἁσυγκρὶτως
772 1911 954 1947 προφερεστὲ-

171 1971 220 1998 ρςν
248 1961 426 1993 Ἐσκευάζετο
439 1960 470 1994 δὴ
490 1957 536 1986 οὖν
551 1957 794 1994 ἁγροικοπρεπῶς,
813 1958 861 1983 καὶ
874 1956 955 1983 παντὶ

170 2009 202 2044 δὴ
225 2008 313 2034 σθένει
340 2006 495 2042 χρώμενος,
513 2004 707 2040 ἁποπεραίνειν
725 2003 805 2039 ἠθελε
827 2003 872 2029 τὸν
894 2011 956 2029 σκο-

172 2054 230 2079 πόν.
249 2052 348 2078 Ἐδίδου
369 2052 396 2077 δὲ
413 2051 488 2086 αὺτῷ
510 2049 604 2084 ἷσωςή
629 2049 710 2083 φύσις
731 2048 761 2075 τὸ
784 2048 883 2075 εἰδέναι
909 2047 955 2074 καὶ

171 2099 273 2130 ταῦτα,
292 2098 339 2125 καί
353 2097 423 2128 θεῖος
438 2097 478 2128 εἰς
499 2096 561 2123 νοῦν
578 2096 625 2122 καὶ
642 2095 797 2131 ἀπόρρητος
819 2094 901 2129 νόμος
915 2094 956 2119 ὲν-

171 2144 302 2180 εχςὶραττέ
321 2151 372 2169 που
389 2142 438 2178 τὴν
451 2138 487 2168 ὧν
502 2138 534 2168 ἂν
548 2141 635 2167 ἕλοιτο
647 2140 758 2174 γνῶσιν.
781 2139 862 2165 Ἀλλὰ
875 2138 954 2165 ταυτὶ

176 2191 221 2225 μὲν
243 2192 257 2217 6
271 2189 341 2217 Κάῐν
359 2188 475 2223 σπουδῆς
488 2187 612 2222 ἠξιοῦτο,
627 2187 674 2213 καὶ
689 2186 789 2212 πόνων·
808 2185 890 2212 ’Ἀὸελ
903 2185 931 2211 δὲ
942 2186 956 2211 6

175 2236 254 2271 σοςςδς
272 2235 319 2262 τὸν
337 2235 383 2261 ἐπὶ
399 2233 487 2267 ξύλοις
508 2232 622 2268 ἱδρῶτα,
637 2232 684 2258 καὶ
703 2231 829 2266 σκαπὰνῃ
851 2230 953 2266 μεθεὶς,

173 2282 217 2308 καὶ
238 2282 290 2317 μὴν
309 2282 356 2308 καὶ
377 2282 467 2317 ἆρπης
492 2280 541 2306 οὐκ
563 2278 740 2313 ἀνεχόμενος,
759 2277 870 2311 ἀγέλαις
892 2276 956 2302 ὀΐων

172 2327 344 2362 ἑπετρέπετο.
359 2324 546 2361 Παρεκόμιζον
559 2324 588 2350 δὲ
606 2323 670 2355 ἴσως
690 2324 730 2354 εἰς
748 2323 827 2348 τοῦτο
842 2321 955 2357 γνώμης
971 2345 993 2372 D

173 2371 261 2403 αὑτὸν,
277 2372 380 2407 ἀρνειοὶ
395 2372 444 2407 μὲν
459 2370 594 2407 μητράσιν
608 2369 704 2395 λεπτὸν
721 2368 889 2403 ὑπηχοῦντες
904 2367 954 2400 ἔτι,

174 2417 219 2443 καὶ
237 2418 312 2452 μόλις
330 2417 557 2452 ἁναὸληχόμενοι,
573 2415 687 2446 ἁπαλοῖς
700 2414 728 2440 δὲ
749 2414 794 2441 καὶ
811 2414 956 2447 νεοπαγέσι

174 2463 251 2489 ποσὶν
273 2463 383 2490 εὐανθεί
405 2463 460 2498 πόᾳ.
483 2462 570 2498 βραχὺ
595 2461 809 2495 διασκαίροντες·
834 2460 882 2486 καὶ
905 2459 957 2494 μὴν

173 2509 218 2535 ἐπὶ
234 2509 314 2535 τοῦτο
335 2509 382 2535 καὶ
397 2509 425 2535 αἱ
447 2508 567 2544 μηκάδες
588 2504 664 2540 αἶγες
682 2506 716 2532 τὰ
736 2505 892 2540 ὑψηλότατα
906 2505 958 2531 τῶν

174 2554 280 2589 πετρῶν
305 2554 425 2589 ἀμογητὶ
452 2553 678 2589 διαθρώσκουσαι.
702 2551 791 2585 Ψήφῳ
809 2550 848 2582 δὲ,
869 2548 957 2584 οἶμαι,

174 2599 300 2635 παγκάλῃ
314 2600 364 2634 τὴν
387 2598 550 2633 ποιμενικὴν
567 2595 714 2630 στεφανοῦν
730 2595 806 2630 ὴξίου
828 2594 907 2628 σοφὸς
922 2593 959 2621 ὢν

173 2645 260 2679 ἄγαν,
274 2645 327 2679 τῆς
348 2645 391 2670 ἐπ’
407 2643 561 2678 ἀνθρώποις
583 2641 734 2678 ἡγεμονίας
758 2640 958 2676 προμελέτησιν

173 2691 267 2726 ὥσπερ
285 2691 348 2717 τινὰ
364 2690 394 2716 τὸ
416 2690 509 2724 χρῆμα
521 2688 606 2719 τιθεὶς
617 2708 623 2718 ,
640 2684 691 2713 ὧδὲ
710 2695 738 2712 τε
754 2686 825 2720 ἔχειν
841 2684 960 2720 ἡγούμε-

174 2746 227 2769 νος.
248 2736 330 2764 Λαῶν
351 2735 482 2770 ποιμένας
495 2735 557 2766 τοὺς
575 2733 660 2760 ἐθνῶν
675 2732 691 2768 ἢ
708 2732 820 2763 πόλεων,
837 2731 960 2765 ἢδήμων

208 2839 229 2857 δ’
246 2839 316 2866 Gen.
337 2846 376 2869 ιν,
390 2838 464 2865 8-16.

1004 1732 1066 1755 tura
1090 1727 1124 1754 ad
1145 1733 1266 1754 amorem
1281 1724 1323 1752 sui
1345 1721 1540 1758 provocabant,
1562 1727 1595 1747 ac
1615 1723 1792 1754 spontancam

1005 1774 1080 1801 illam
1092 1771 1324 1809 pulchritudinem
1340 1777 1398 1805 prae
1410 1776 1439 1796 se
1460 1767 1596 1798 ferebant,
1611 1763 1790 1800 excogitavit;

1004 1825 1045 1853 ιιι,
1060 1808 1149 1855 quoad
1159 1819 1219 1854 ejus
1230 1817 1289 1845 ﬁeri
1304 1818 1405 1851 pesset,
1426 1814 1476 1849 15
1499 1812 1671 1848 agricultura:
1686 1808 1791 1838 benefl-

1005 1865 1047 1893 cio
1059 1865 1139 1899 longe
1150 1862 1369 1898 praestantiorem
1389 1863 1530 1894 aspectum
1546 1858 1581 1884 ob
1594 1857 1689 1884 oculos
1707 1862 1793 1891 pone-

1005 1914 1077 1938 rent.
1093 1909 1231 1937 Rusticam
1247 1908 1338 1942 itaque
1350 1907 1434 1933 vitam
1447 1904 1554 1940 agebat,
1566 1902 1734 1937 summisque
1748 1899 1793 1929 vi-

1005 1956 1083 1983 ribus
1093 1955 1126 1982 ad
1145 1955 1198 1982 hoc
1225 1953 1346 1981 studium
1366 1951 1531 1978 enitebatur.
1553 1948 1633 1976 Dedit
1651 1951 1742 1974 autem
1766 1947 1796 1974 ei

1005 2005 1101 2029 natura
1111 2008 1211 2036 parens
1227 2000 1279 2026 hoc
1296 1999 1324 2025 in
1351 2003 1450 2032 genere
1467 1995 1620 2025 scientiam,
1646 1993 1792 2027 divinaque

1005 2052 1034 2075 et
1048 2046 1195 2074 ineﬂ'abilis
1209 2046 1254 2072 lex
1268 2043 1407 2079 impressit
1424 2048 1518 2068 eorum
1530 2048 1591 2075 quae
1608 2038 1734 2073 cupiebat
1744 2045 1792 2064 co-

1006 2093 1166 2128 gnitionem.
1194 2090 1283 2125 Atque
1299 2089 1352 2116 hac
1365 2087 1476 2122 quidem
1492 2086 1520 2112 in
1539 2093 1570 2112 re
1591 2084 1658 2112 Cain
1672 2083 1792 2110 studium

1007 2145 1086 2165 suum
1099 2145 1131 2164 ac
1145 2135 1269 2164 laborem
1289 2132 1433 2168 impendit.
1455 2131 1570 2165 Sapiens
1584 2137 1650 2156 vero
1666 2128 1744 2160 Abel,
1756 2128 1792 2154 li—

1006 2183 1123 2219 genibus
1136 2189 1168 2209 ac
1181 2180 1297 2208 falcibus
1306 2177 1480 2214 posthabitis,
1498 2176 1539 2203 rei
1556 2175 1690 2210 pecuaria:
1700 2173 1794 2201 stude-

1007 2228 1062 2255 bat.
1087 2227 1269 2254 Adduxerunt
1293 2231 1361 2251 vero
1379 2221 1504 2250 fortassis
1522 2228 1586 2248 eum
1602 2220 1631 2247 in
1645 2219 1716 2246 hanc
1731 2226 1794 2245 sen~

1008 2274 1120 2302 tentiam
1136 2271 1252 2307 agniculi
1264 2270 1373 2306 quidem
1387 2268 1520 2295 matribus
1534 2266 1590 2293 suis
1603 2269 1696 2300 argute
1707 2264 1794 2293 succi-

1007 2323 1114 2351 nentcs,
1126 2325 1158 2344 ac
1167 2317 1279 2344 vixdum
1290 2315 1422 2346 halantes,
1436 2313 1618 2346 mollibusque
1634 2319 1666 2338 ac
1685 2310 1792 2337 tenellis

1008 2364 1124 2400 pedibus
1141 2371 1190 2398 per
1219 2368 1318 2389 vernas
1339 2360 1438 2387 herbas
1457 2358 1631 2386 lascivientes
1657 2363 1790 2387 :necnon

1005 2417 1094 2444 caprm
1109 2408 1263 2439 balatrices,
1279 2405 1409 2432 altissima
1418 2411 1532 2438 quaeque
1546 2403 1655 2437 rupium
1667 2402 1792 2436 prmeipi—

1007 2455 1044 2482 tia
1064 2454 1139 2481 nullo
1165 2452 1274 2488 negotio
1298 2450 1492 2485 persultantes.
1517 2447 1627 2482 Optimo
1651 2454 1718 2474 vero
1732 2446 1794 2480 jure

1007 2500 1171 2535 pastoralem
1186 2499 1268 2525 vitam
1282 2496 1389 2530 sapiens
1408 2493 1557 2521 admodum
1570 2492 1638 2520 Abel
1657 2491 1792 2526 probavit,

1008 2545 1309 2581 praeexercitamentum
1325 2540 1462 2576 quoddam
1475 2539 1643 2573 praefectura:
1653 2536 1723 2571 apud
1743 2535 1794 2562 ho-

1008 2590 1131 2617 minesid
1146 2588 1199 2616 sibi
1209 2592 1343 2617 statuens,
1358 2590 1439 2619 atque
1450 2584 1486 2610 ita
1500 2591 1529 2610 se
1546 2590 1603 2609 rem
1615 2582 1715 2608 habere
1729 2588 1794 2607 ccn-

1009 2645 1080 2665 scus.
1097 2637 1181 2663 Porro
1193 2641 1276 2661 sacrae
1292 2632 1374 2659 etiam
1392 2639 1424 2658 ac
1434 2629 1566 2657 divinitus
1576 2627 1712 2662 inspirata:
1721 2626 1794 2654 Scri-

1009 2690 1097 2719 ptura:
1117 2687 1144 2709 et
1158 2680 1269 2708 Graeciae
1288 2679 1443 2713 sapientum
1459 2674 1628 2703 consuetudo
1643 2676 1686 2700 est
1703 2675 1796 2706 pasto-

1010 2717 1055 2758 res
1064 2728 1226 2764 populorum
1238 2732 1336 2753 vocare
1345 2731 1392 2751 eos
1402 2722 1449 2758 qui
1459 2720 1598 2757 gentibus,
1608 2723 1655 2747 aut
1669 2717 1793 2748 urbibus,
