1990 3046
220 111 254 138 55
726 106 754 135 S.
774 105 911 134 CYRILLI
930 107 1164 135 ALEXANDRINI
1184 105 1344 133 ARCHIEP.
1797 106 1837 134 ‘56

217 172 267 196 aut
293 166 402 202 populis
432 170 496 194 sunt
524 165 655 201 praefecti.
678 164 747 193 Cum
776 165 868 200 itaque
887 165 1004 192 duorum

1057 164 1260 201 προεστηκότας
1273 162 1417 197 ὀνομάζειν
1429 163 1488 194 ἔθος
1503 162 1550 189 καὶ
1562 163 1630 198 αὐτῇ
1642 163 1674 198 τῇ
1690 163 1784 199 Γραφῇ
1803 165 1838 200 τῇ

221 211 336 241 istorum
357 212 490 247 iuvenum
515 212 585 239 alter
600 218 629 238 se
644 210 817 246 agriculture
836 210 1003 242 tradidisset,

216 257 288 285 alter
300 255 366 284 vero
381 256 563 292 praestantiori
571 255 676 288 studio,
693 255 835 290 pastoritio
852 254 982 281 nimirum
997 263 1003 280 :

219 302 351 337 temporis
359 308 520 336 progressus
530 300 615 328 Caino
625 300 737 334 quidem
747 300 852 332 hortos,
861 298 1005 326 arboribus

219 349 336 380 densos,
362 352 390 375 et
411 347 580 381 tempestivis
603 345 736 373 fructibus
764 348 887 376 onustos,
919 344 1003 376 dedit,

219 394 298 422 Abeli
311 398 402 421 autem
418 393 446 419 in
459 392 633 419 innumeram
649 389 854 417 multitudinem
868 396 929 424 quae
948 389 1006 416 col-

219 440 325 474 legerat
336 438 474 473 produxit.
502 437 605 464 Deinde
622 437 665 462 lex
684 442 746 470 quae
761 435 790 462 in
806 434 886 461 nobis
899 439 942 462 est
963 434 991 461 in

220 489 290 512 natae
315 484 363 511 Dei
378 483 481 510 notitiae
504 490 552 509 eos
573 483 647 509 viros
667 481 792 507 incitavit
817 480 851 507 ad
867 480 1007 508 oﬁ‘erenda

219 530 343 558 omnium
355 529 479 557 Creatori
493 533 574 562 atque
591 527 681 554 omnis
696 526 761 553 boni
772 526 861 553 datori
873 527 939 559 Deo,
958 535 1007 562 pro

219 576 339 610 acceptis
350 573 500 605 beneﬁciis,
510 572 653 600 sacriﬁcia.
665 571 783 599 Tametsi
793 572 867 599 enim
878 577 1007 607 corrupta

219 625 272 649 est.
289 626 376 654 neque
387 626 453 645 vera
471 625 530 644 esse
544 617 668 644 cernitur
679 624 774 644 eorum
790 617 837 652 qui
849 617 929 645 idolis
947 624 1005 644 ser-

218 668 297 694 viunt
311 663 490 700 pernoscendi
505 662 575 689 ratio
586 661 647 697 quis
660 662 695 690 sit
711 662 899 690 universorum
911 662 1007 696 factor,

219 715 309 737 tamen
323 709 414 736 innata
427 707 551 742 quaedam
567 715 600 734 ac
616 708 771 735 necessaria
784 707 826 734 lex
838 707 891 734 hoc
902 707 966 741 agit,
980 712 1008 735 et

219 758 367 788 spontanea
375 751 495 787 cognitio
506 752 608 779 excitat
616 752 650 779 ad
662 751 788 786 superius
799 751 865 786 quid
875 751 1008 786 longeque

218 799 478 834 praestantiusquam
488 806 532 825 res
538 798 704 830 mortalium,
712 797 1008 828 hocestDeum,mente

1057 209 1237 244 Θεοπνεὺστῳ,
1249 209 1298 235 καὶ
1314 209 1369 239 τοῖς
1393 207 1528 242 Ἑλλήνων
1541 207 1662 241 λογάσιν.
1683 209 1839 236 ’Δπονενευ-

1056 256 1145 282 κότοιν
1161 255 1193 289 δὴ
1206 253 1252 281 οὖν
1271 255 1327 281 τοῖν
1341 253 1470 286 νεανίαιν,
1485 252 1532 280 τοῦ
1555 253 1604 288 μὲν
1625 253 1672 280 ἐπὶ
1695 254 1836 288 γηπονίαν,

1057 300 1170 334 Θατέρου
1186 308 1218 334 γε
1236 300 1290 334 μὴν
1303 299 1341 330 ὡς
1355 299 1400 325 ἐπί
1413 307 1439 325 τι
1455 299 1509 326 τῶν
1525 299 1690 334 ἀμεινόνων,
1711 300 1762 334 τὴν
1777 307 1838 326 ποι-

1059 346 1182 382 μενικὴν,
1199 344 1311 380 προῖὼν.
1325 345 1340 371 6
1351 344 1446 380 χρόνος
1456 344 1495 380 τῷ
1505 344 1574 371 Κάϊν
1592 345 1640 379 μὲν
1649 344 1716 371 δασὺ
1731 345 1838 380 κομῶν-

1056 401 1106 424 τας
1121 392 1183 422 τοὺς
1193 391 1297 426 κήπους
1310 390 1356 417 καὶ
1372 391 1485 425 καρποῖς
1498 389 1610 426 ὡραίοις
1629 389 1717 416 ἐπίθει
1731 389 1838 425 διαὸρι-

1057 438 1123 469 θεῖς⁴
1156 436 1195 472 τῷ
1222 436 1250 463 δὲ
1279 435 1362 462 ’Λϐελ
1393 436 1567 471 προήκουσαν
1597 436 1638 467 είς
1667 435 1773 470 πληθὺν
1801 435 1839 467 ὡς

1058 483 1185 517 πλείστην
1210 482 1277 516 ὅσην
1302 481 1428 508 ἀπετέλει
1451 482 1485 508 τὰ
1507 481 1744 516 συναγηγερμένα.
1772 478 1839 507 Εἶτα

1057 528 1138 563 νόμος
1159 528 1173 553 6
1191 528 1220 554 ὲν
1242 528 1308 562 ήμίν
1328 527 1377 561 τῆς
1399 526 1520 561 ἐμφύτου
1540 526 1720 560 θεογνωσίας,
1747 525 1839 552 ἐκάλει

1056 574 1119 605 τοὺς
1139 572 1236 607 ἄνδρας
1255 573 1322 607 πρὸς
1340 572 1372 599 se
1388 572 1443 598 δεῖν
1466 573 1596 599 ἀνάπτειν
1616 572 1651 599 τὰ
1674 572 1838 606 χαριστήρια

1055 618 1094 653 τῷ
1118 618 1226 645 πάντων
1256 617 1432 653 Δημιουργῷ,
1459 618 1506 644 καὶ
1529 617 1629 649 παντὸς
1654 618 1719 652 ἡμῖν
1736 616 1838 650 ἀγαθοῦ

1054 663 1149 699 δοτῆρι
1171 663 1241 698 Θεῷ,
1267 663 1299 689 Et
1320 663 1373 697 γάρ
1387 663 1446 688 ἐστι
1472 661 1696 696 κατεφθαρμένος
1721 661 1768 687 καὶ
1789 660 1839 686 οὐκ

1055 708 1157 744 ἀληθὴς
1171 709 1265 743 ὁρᾶται
1279 708 1360 742 τυχὸν
1382 708 1411 734 ἐν
1424 709 1480 740 τοῖς
1502 707 1618 734 εἰδώλων
1641 707 1840 743 προσκυνηταῖς

1050 755 1065 781 ὸ
1073 754 1120 781 τοῦ
1131 754 1255 780 διειδέναι
1263 753 1362 784 σκοπὸς
1370 753 1411 785 τίς
1418 753 1432 779 ό
1442 752 1496 779 τῶν
1505 752 1572 779 ὅλων
1583 753 1640 779 ἐστὶ
1649 753 1773 788 ποιητής,
1783 752 1840 779 ἀλλ’

1051 796 1098 826 οὖν
1108 799 1226 834 ἔμφυτός
1240 807 1268 825 τε
1277 799 1324 825 καὶ
1335 798 1481 832 ἀναγκαῖος
1492 797 1624 825 διανύττει
1634 798 1726 832 νόμος,
1739 799 1785 824 καὶ
1793 799 1839 825 αὺο

218 843 534 879 concipiendum.0ﬁert
548 843 639 876 itaque
653 849 730 869 sacer
744 849 776 868 ac
791 840 1004 876 sapientissimus

1055 844 1229 875 τοκέλευστος
1246 843 1346 878 ἐγείρει
1359 843 1470 876 γνῶσις,
1481 843 1520 874 εἰς
1533 851 1564 876 γε
1579 843 1609 869 τὸ
1620 843 1717 878 χρῆναι
1731 844 1801 869 νοεῖν
1811 843 1840 869 τὸ

218 889 285 917 Abel
294 889 396 924 optima
406 896 437 916 ac
447 887 624 915 selectissima
634 894 748 922 quaeque
757 894 772 914 e
782 894 830 913 suo
839 893 929 921 grege.
937 895 945 910 ι
955 885 1008 912 0b-

219 935 282 962 tulit
292 934 376 966 enim,
393 944 402 960 ι
423 934 521 970 inquit,
539 943 548 960 ι
567 934 601 961 de
618 934 808 969 primogenitis
834 934 926 960 ovium
941 940 1004 960 sua-

218 988 290 1012 rum,
300 984 327 1007 et
341 980 374 1007 de
381 980 508 1014 adipibus
519 987 622 1010 earum.
635 989 645 1005 ι
661 979 713 1006 hoc
729 984 772 1006 est
782 979 1003 1014 pmstantissima

217 1028 300 1058 atque
313 1023 421 1050 eximia.
441 1024 475 1050 Et
486 1023 613 1050 sacriﬁcii
626 1023 740 1050 rationis
756 1030 811 1050 non
823 1023 944 1058 ignarus,
958 1030 1005 1057 ap-

218 1069 308 1104 posuit
323 1069 427 1104 adipes.
443 1069 497 1104 16
510 1068 577 1096 Cain
602 1075 668 1096 vero
687 1075 743 1096 non
762 1068 838 1100 item,
853 1068 902 1095 sed
919 1068 1005 1096 multo

218 1115 415 1150 negligentius;
440 1113 558 1149 optimos
581 1114 655 1141 enim
680 1121 805 1149 quosque
823 1113 930 1141 fructus
947 1114 1004 1141 suis

217 1160 316 1188 usibus
326 1159 468 1192 servabat,
484 1159 614 1187 secundis
630 1163 722 1186 autem
745 1166 778 1186 ac
800 1159 945 1187 vilioribus
961 1167 1004 1187 su-

218 1211 344 1240 premum
358 1204 444 1231 Deum
456 1203 615 1230 honorabat.
630 1202 702 1237 Ignis
715 1202 806 1238 itaque
821 1203 928 1231 caelitus
945 1203 1006 1231 des-

218 1250 340 1278 cendens
362 1249 456 1277 Abelis
472 1255 585 1276 munera
602 1247 767 1283 absumpsit.
791 1257 800 1274 ‹
815 1248 857 1275 Ad
873 1248 940 1276 Cain
958 1256 1005 1275 au-

219 1300 285 1327 tem,
297 1300 325 1323 et
340 1294 472 1322 sacriﬁcia
483 1294 542 1329 ejus
556 1301 611 1321 non
624 1293 750 1326 attendit,
770 1302 779 1319 )
799 1293 898 1328 inquit.
912 1294 1005 1328 Neque

218 1340 292 1368 enim
316 1339 414 1367 solitus
434 1338 504 1374 ignis
527 1339 587 1374 ejus
609 1338 742 1366 sacriﬁcia
764 1338 874 1366 invasit.
896 1339 954 1372 Qua
971 1339 1004 1366 de

218 1393 300 1415 causa
315 1385 402 1413 doluit
416 1385 546 1420 graviter,
560 1384 709 1419 animoque
722 1384 843 1412 concidit
861 1384 938 1412 Cain.
952 1384 1005 1412 Co-

218 1431 293 1466 gnita
309 1438 374 1458 vero
393 1430 449 1457 odii
469 1437 561 1462 causa,
577 1434 605 1457 et
629 1437 679 1457 cur
700 1430 768 1457 Abel
782 1430 911 1465 praelatus
920 1435 1003 1463 esset,

218 1485 273 1504 non
288 1476 320 1503 ad
337 1475 423 1510 culpa:
437 1483 493 1502 sua
504 1474 704 1502 correctionem
717 1475 809 1509 potius
829 1482 858 1502 se
877 1475 1003 1507 contulit,

219 1523 266 1551 sed
281 1523 308 1551 in
323 1522 497 1557 impotentem
510 1522 578 1550 iram
591 1525 748 1556 proreptus,
775 1521 880 1555 primus
902 1521 937 1548 ab
954 1521 1005 1548 ho-

220 1569 340 1596 minibus
350 1568 421 1595 natis
434 1567 574 1594 indomitae
592 1566 702 1593 invidiae
712 1570 809 1594 auctor
821 1567 884 1599 fuit,
898 1574 931 1594 ac
943 1571 1004 1595 tan-

220 1619 278 1642 tum
290 1621 343 1641 non
355 1613 389 1640 de
410 1612 504 1640 divino
518 1612 581 1639 odio
593 1611 743 1639 vindictam
761 1619 872 1639 sumens
892 1611 1006 1640 Abelem

218 1660 298 1688 laude
307 1658 474 1686 cumulatum
486 1657 549 1685 dolo
566 1657 757 1689 circumvenit,
771 1657 913 1692 mutuique
929 1664 1006 1685 amo-

219 1707 259 1734 ris
277 1707 363 1741 legem
376 1704 508 1740 infringit,
526 1704 663 1731 diabolica
675 1703 788 1738 quidem
805 1703 938 1738 pravitate
955 1703 1006 1730 im-

219 1750 325 1785 piisque
338 1747 459 1777 consiliis
477 1751 597 1775 mentem
617 1747 745 1774 refertam
759 1747 882 1781 habens,
902 1747 1006 1782 ﬁngens

218 1799 308 1822 autem
322 1794 424 1822 bonum
442 1793 535 1820 verbis
551 1802 556 1819 :
579 1803 588 1818 ι
614 1793 793 1828 Egrediamur
805 1793 890 1825 enim,
905 1792 1004 1827 inquit,

220 1840 248 1867 in
256 1847 392 1875 campum.
409 1849 417 1865 ι
436 1839 521 1868 Audis
537 1846 592 1873 quo
606 1843 686 1873 pacto
697 1838 800 1866 vocarit
815 1838 843 1866 in
855 1846 960 1874 agrum,
976 1842 1007 1864 ut

220 1890 357 1921 spectator
376 1893 431 1913 suae
446 1885 595 1920 diligentiae
614 1885 782 1920 cultumque
802 1888 884 1916 esset,
906 1888 934 1912 et
947 1884 1006 1918 pul-

219 1932 355 1961 cherrima
367 1931 465 1958 ﬂorum
484 1930 616 1958 varietate
626 1930 720 1958 oculos
736 1930 880 1965 pasceret?
895 1929 929 1959 At
940 1937 1006 1957 vero

218 1977 365 2005 nefandum
383 1977 515 2012 ﬂagitium
534 1976 690 2008 committit,
722 1984 753 2003 ac
767 1975 853 2004 veluti
870 1976 1006 2012 primitias

219 2023 349 2058 quasdam
369 2023 450 2051 morti
476 2023 587 2050 fratrem
611 2030 690 2050 suum
717 2022 799 2054 dicat,
825 2021 1005 2056 huniameque

219 2067 402 2096 naturaeviam
418 2067 451 2094 ad
458 2067 636 2094 homicidium
648 2066 745 2102 aperit.
758 2067 944 2102 lnterrogante
958 2075 1006 2094 tau-

218 2118 274 2140 tem
284 2113 341 2140 Deo
354 2120 386 2140 ac
404 2113 512 2140 dicente
529 2121 535 2138 :
557 2121 566 2137 (
579 2111 631 2139 Ubi
647 2116 690 2139 est
713 2111 780 2139 Abel
799 2111 883 2139 frater
899 2112 980 2139 tuus?
992 2121 1001 2138 ι

1051 889 1227 925 ὑπερτεροῦν,
1234 889 1282 916 καὶ
1293 889 1401 922 ἄμεινον
1409 889 1577 924 ἀσυγκρίτως
1588 888 1604 923 ἢ
1613 888 1672 914 καθ’
1679 889 1694 922 ἡ
1701 889 1841 922 μᾶς,τουτ-

1050 936 1108 963 έστι
1127 935 1201 962 Θεόν.
1221 935 1298 968 Ἀγει
1312 934 1343 968 δὴ
1361 932 1407 961 οὖν
1421 934 1435 960 6
1449 935 1497 969 μὲν
1515 934 1587 970 ἱερός
1598 942 1628 960 τε
1640 934 1688 960 καὶ
1704 933 1839 968 πάνσοφος

1057 981 1140 1007 Ἀεελ
1150 981 1182 1007 τὰ
1196 981 1246 1015 τῆς
1262 980 1362 1015 ἀγέλης
1373 978 1520 1010 ἀπόλεκτα,
1537 978 1584 1004 καὶ
1595 977 1749 1013 ἀριστίνδην
1762 979 1841 1012 ἐγκε-

1056 1026 1182 1062 κριμένα·
1203 1035 1212 1051 ι
1237 1026 1356 1060 Ἤνεγκε
1376 1025 1441 1060 γὰρ,
1456 1033 1466 1050 ι
1485 1024 1578 1059 φησὶν,
1594 1034 1603 1050 ι
1623 1024 1678 1051 ἀπὸ
1691 1024 1746 1050 τῶν
1762 1032 1838 1059 πρω-

1056 1073 1172 1099 τοτόκων
1185 1071 1239 1098 τῶν
1252 1071 1358 1106 ἀμνῶν,
1377 1070 1424 1098 καὶ
1434 1070 1487 1097 ἀπδ
1503 1070 1557 1096 τῶν
1576 1070 1697 1097 στεάτων
1713 1069 1812 1101 αὐτῶν,
1828 1077 1838 1095 ι

1055 1117 1178 1145 τουτέστι
1197 1117 1233 1144 τὰ
1251 1116 1404 1153 προῦχοντα
1418 1117 1466 1143 καὶ
1487 1115 1626 1151 ἐξαίρετα.
1646 1116 1701 1143 Καὶ
1723 1115 1770 1142 τὸν
1790 1115 1840 1150 τῆς

1056 1163 1214 1199 ῑερουργίας
1244 1163 1294 1189 οὐκ
1328 1163 1465 1198 ἀγνοήσας
1491 1161 1607 1197 τρόπον,
1636 1160 1776 1197 παρετίθει
1807 1161 1841 1186 τὰ

1057 1209 1166 1236 στέατα.
1179 1209 1249 1235 Κάῖν
1261 1207 1290 1234 δέ
1299 1209 1354 1245 οὐχ
1366 1207 1463 1239 οὕτως,
1477 1207 1546 1234 πολὺ
1561 1207 1589 1234 δὲ
1605 1206 1665 1233 λίαν
1681 1205 1834 1241 ἀτημελῶς·

1055 1254 1088 1280 τὰ
1105 1254 1153 1289 μὲν
1167 1253 1221 1289 γὰρ
1236 1254 1276 1280 ὅτι
1295 1253 1413 1288 μάλιστα
1428 1252 1482 1279 τῶν
1500 1251 1612 1287 ὡρίμων
1627 1251 1766 1286 ἐκπρεπῆ,
1780 1252 1840 1282 ταῖς

1058 1299 1136 1331 ἰδίαις
1156 1298 1298 1334 ἐχαρίζετο
1317 1298 1451 1334 τρυφαῖς,
1466 1296 1561 1323 ἐλύπει
1585 1296 1613 1323 δὲ
1636 1297 1693 1327 τοῖς
1704 1296 1842 1331 δευτέροις

1055 1345 1101 1372 τὸν
1123 1345 1169 1371 ἐπὶ
1196 1344 1305 1371 πάντων
1329 1344 1404 1371 Θεόν.
1432 1343 1537 1370 Οὐκοῦν
1568 1343 1615 1369 ἐπὶ
1639 1342 1689 1377 μὲν
1711 1343 1766 1373 τοῖς
1792 1342 1840 1368 τοῦ

1058 1389 1140 1417 Ἀσελ
1164 1389 1260 1425 δώροις
1280 1389 1337 1425 πῦρ
1368 1389 1462 1416 καθιὲν
1488 1388 1648 1422 οὐρανόθεν,
1670 1387 1842 1414 δαπανᾶσθαι

1056 1435 1246 1471 παρεσκεύασε
1259 1434 1294 1463 ,τά
1312 1433 1470 1469 ἱερώματα·
1489 1443 1498 1460 ι
1523 1434 1584 1460 Ἐπὶ
1599 1433 1628 1459 δὲ
1644 1433 1715 1460 Κάῖν
1727 1433 1773 1460 καὶ
1794 1433 1841 1459 ἐπὶ

1058 1482 1117 1513 ταῖς
1128 1481 1235 1511 Θυσίαις
1243 1479 1325 1506 αὑτοῦ
1336 1499 1343 1512 ,
1355 1480 1385 1506 οὐ
1398 1480 1533 1515 προσέσχε
1543 1488 1566 1510 ,ι
1581 1478 1674 1514 φησίν.
1691 1479 1727 1505 Οὺ
1743 1479 1796 1514 γὰρ
1811 1478 1842 1506 τὸ

1059 1525 1172 1561 σύνηθες
1192 1525 1302 1559 ἐπηφίει
1326 1524 1381 1559 πῦρ
1396 1525 1454 1556 τοῖς
1477 1523 1753 1559 προσενηνεγμένοις.
1782 1523 1840 1550 Ἐν-

1056 1571 1150 1598 τεῦθεν
1170 1571 1184 1598 6
1207 1570 1276 1597 Κάῖν
1298 1569 1407 1596 ἀνιᾶται
1432 1569 1552 1605 σφόδρα,
1570 1568 1618 1595 καὶ
1639 1568 1716 1595 ἀλύει
1736 1568 1840 1600 δεινῶς.

1056 1616 1255 1650 Διδασκόμενος
1277 1615 1305 1641 δέ
1327 1615 1376 1650 τῆς
1397 1614 1575 1649 ἀποστροφῆς
1604 1613 1654 1649 τὴν
1676 1614 1779 1646 αἰτίαν,
1794 1614 1842 1641 καὶ

1056 1662 1146 1697 ψῆφον
1165 1661 1270 1692 ἑλόντος
1283 1660 1333 1696 τὴν
1347 1660 1453 1695 ἀμείνω
1468 1659 1515 1686 τοῦ
1533 1659 1629 1690 Ἅϐελ,
1644 1659 1693 1685 οὺκ
1707 1659 1842 1694 ἐτράπετο

1058 1707 1158 1742 μᾶλλον
1176 1706 1244 1741 πρὸς
1267 1705 1453 1741 ἐπανόρθωσιν
1473 1705 1527 1732 τῶν
1550 1705 1778 1740 διεπταισμένων-
1801 1705 1841 1737 εἰς

1056 1752 1140 1788 ὀργὰς
1157 1752 1185 1778 δὲ
1206 1751 1339 1787 ἀκαίρους
1359 1751 1598 1786 ἀποταυρούμενος
1621 1750 1728 1786 πρῶτος
1744 1752 1773 1777 ἐν
1794 1751 1842 1777 ἀν-

1057 1795 1176 1831 θρώποις
1195 1795 1240 1822 τὸν
1257 1795 1401 1822 ἀτίθασσον
1415 1795 1505 1822 eam;
1530 1794 1637 1829 φθόνον·
1657 1794 1799 1830 μονονουχὶ
1811 1795 1840 1821 δὲ

1056 1841 1106 1875 τῆς
1128 1839 1303 1875 ἀποστροφῆς
1324 1840 1494 1875 ἀμυνόμενος
1519 1840 1565 1867 τδν
1594 1841 1649 1868 τῶν
1672 1841 1740 1868 ὅλων
1763 1841 1841 1874 Θεὸν,

1055 1886 1124 1921 δόλῳ
1140 1885 1243 1922 μέτεισι
1259 1885 1305 1913 τὸν
1320 1885 1557 1921 τεθαυμασμένον.
1573 1887 1628 1913 Καὶ
1644 1887 1726 1922 νόμον
1743 1886 1840 1914 ἐπάτει

1057 1931 1261 1966 φιλοστοργίας,
1284 1930 1440 1966 διαϐολικῆς
1466 1931 1516 1966 μὲν
1539 1932 1705 1967 φαυλότητος
1725 1933 1772 1960 καὶ
1793 1933 1840 1959 ἅν-

1055 1976 1136 2003 οσίων
1150 1975 1316 2011 σκεμμάτων
1326 1995 1333 2007 ,
1355 1976 1601 2011 ἐκμεμεστωμένον
1617 1976 1687 2011 ἔχων
1706 1976 1750 2003 τὸν
1764 1976 1839 2004 νοῦνι

1057 2021 1238 2057 πλαττόμενος
1258 2021 1285 2048 δὲ
1300 2020 1330 2047 τὸ
1350 2021 1467 2057 χρηστὸν
1489 2021 1528 2053 εἰς
1541 2021 1646 2055 λόγους·
1664 2031 1673 2047 ι
1687 2021 1840 2057 Διέλθωμεν

1055 2067 1126 2102 γὰρ,
1141 2067 1222 2102 φησιν
1233 2087 1240 2098 ,
1255 2067 1295 2098 εὶς
1310 2067 1341 2093 τὸ
1356 2066 1455 2092 πεδίον.
1476 2075 1485 2092 ι
1515 2066 1634 2098 Ἀκούεις
1653 2067 1728 2098 ὅπως
1747 2067 1840 2096 ἐκάλει

1058 2113 1106 2146 μὲν
1125 2113 1168 2139 ἐπ’
1191 2112 1292 2147 ἀγροὺς
1314 2111 1351 2143 ὡς
1374 2111 1496 2146 ἐπόπτης
1517 2111 1603 2138 ἔσοιτο
1626 2114 1675 2147 τῆς
1691 2112 1841 2144 ἐπιεικείας

219 2159 351 2187 mentitur
358 2159 441 2188 miser
454 2180 462 2192 ,
477 2165 626 2193 aspereque
645 2158 753 2185 obviam
766 2158 797 2189 it,
819 2168 828 2184 ι
841 2157 901 2185 Non
918 2159 1001 2191 scio,»

1057 2158 1156 2191 αὑτοῦ,
1172 2159 1219 2184 καὶ
1241 2158 1290 2193 τῆς
1314 2158 1368 2185 τῶν
1384 2157 1487 2184 ἀνθέων
1511 2157 1669 2189 πολυειδοῦς
1692 2158 1841 2186 ἀπολαύσοι

220 2205 356 2239 inquiens.
373 2205 520 2239 Postquam
532 2211 599 2231 vero
610 2202 752 2229 homicidii
766 2202 908 2230 convictus
921 2206 963 2230 est
976 2207 1005 2230 et

219 2249 458 2277 maledictionibus
474 2249 630 2284 subjectus;
648 2248 816 2277 existimavit
831 2253 921 2276 autem
942 2257 1002 2276 rur-

219 2303 280 2323 sum
290 2295 363 2330 quod
379 2295 529 2322 moriturus
548 2298 621 2321 esset
632 2294 715 2322 etiam
731 2294 788 2329 ipse
800 2314 807 2326 ,
821 2294 928 2322 etiamsi
952 2301 1007 2322 non

219 2340 301 2368 vellet
312 2341 392 2372 Deus,
401 2339 528 2374 quodque
537 2339 595 2366 haec
608 2339 699 2367 futura
711 2343 783 2367 esset
792 2339 890 2367 divinze
906 2339 953 2367 ira:
961 2347 1005 2367 so-

219 2386 298 2423 lutio.
309 2385 381 2412 Dixit
390 2385 463 2412 enim
476 2394 482 2412 :
499 2396 508 2411 ι
520 2385 547 2412 Si
560 2385 654 2420 ejicies
665 2392 708 2412 mc
720 2384 823 2412 bodiea
834 2384 902 2412 facie
913 2389 1004 2417 terrae,

219 2435 267 2458 eta
277 2431 346 2458 facie
356 2434 401 2457 tua
408 2430 569 2462 abscondar,
583 2434 611 2457 et
622 2437 670 2456 ero
677 2434 821 2464 gemenset
834 2433 953 2456 tremens
960 2437 1005 2456 su—

219 2486 269 2512 per
279 2482 391 2509 terram,
402 2481 430 2503 et
437 2477 501 2509 erit,
510 2477 598 2504 omnis
609 2476 750 2504 inveniens
760 2484 802 2503 me
810 2476 918 2504 occidet
925 2484 977 2504 me.
989 2486 998 2501 ›

218 2523 353 2551 Ceterum
368 2523 441 2557 quod
457 2523 569 2549 omnino
585 2526 666 2557 atque
685 2522 867 2558 undequaque
886 2522 1001 2550 maledi-

219 2568 356 2597 ctionibus
372 2569 535 2604 subjaceret,
555 2568 773 2604 flagitiorumque
783 2577 894 2596 suorum
907 2577 1002 2604 poenas

219 2614 314 2646 lueret,
328 2614 509 2641 miserrimam
521 2615 548 2641 in
564 2614 644 2642 terris
653 2614 737 2641 vitam
748 2623 839 2649 agens,
849 2615 1001 2642 certissimo

219 2661 308 2693 scivit,
333 2661 441 2688 dicente
464 2660 607 2688 manifeste
632 2661 708 2688 Deo:
735 2670 744 2686 ι
763 2661 823 2688 Non
853 2661 907 2694 sic;
939 2661 1003 2696 quia

219 2706 309 2733 omnis
320 2707 366 2741 qui
378 2706 598 2738 occideritCain,
619 2710 724 2741 septem
747 2706 886 2733 vindictas
912 2707 1003 2734 exsol-

219 2755 273 2778 vet.
298 2761 306 2777 ι
334 2751 443 2787 Septem
466 2759 530 2779 vero
546 2752 681 2787 ponitpro
691 2751 794 2784 multis,
823 2752 900 2787 quasi
913 2751 1001 2779 dicat:

219 2797 367 2827 Multorum
395 2803 476 2835 atque
499 2798 646 2834 impiorum
672 2798 835 2826 delictorum
855 2798 1004 2826 fratricida:

1058 2203 1138 2237 θέας;
1167 2203 1348 2231 Ἀνοσιεύεται
1370 2203 1414 2234 δὲ,
1438 2204 1484 2230 καὶ
1507 2204 1670 2239 πρωτόλειον
1696 2203 1791 2238 ὥσπερ
1814 2211 1840 2230 τι

1057 2247 1105 2274 καὶ
1122 2247 1248 2283 ἀπαρχὴν
1265 2246 1303 2282 τῷ
1324 2247 1432 2282 θανάτῳ
1456 2247 1548 2274 δίδωσι
1571 2247 1616 2274 τὸν
1634 2247 1778 2282 ὁμαίμονα,
1793 2247 1840 2275 καὶ

1056 2295 1106 2330 τῆς
1125 2295 1164 2326 είς
1186 2294 1342 2329 μιαιφονίαν
1366 2294 1426 2321 ὀδοῦ
1443 2296 1474 2329 τῇ
1499 2293 1641 2329 ἀνθρώπου
1664 2294 1745 2329 φύσει
1770 2294 1840 2321 διδα-

1056 2339 1154 2371 σκαλος
1171 2338 1214 2376 ἦν.
1231 2340 1485 2375 Διαπυνθανομένου
1501 2341 1528 2368 δὲ
1539 2340 1586 2367 τοῦ
1601 2340 1668 2366 Θεοῦ
1686 2341 1733 2368 καὶ
1748 2339 1840 2373 λέγον-

1053 2394 1108 2418 τος⁷
1127 2395 1136 2411 ι
1159 2386 1213 2412 Ποῦ
1228 2386 1310 2414 ’Ἅϐελ
1328 2387 1343 2413 ὁ
1360 2387 1471 2422 ἀδελφός
1490 2396 1552 2419 σου;
1572 2397 1581 2413 ›
1596 2387 1742 2422 ψευδοεπεί
1761 2386 1810 2422 μὲν
1826 2386 1840 2412 6

1053 2431 1168 2463 δείλαιος
1178 2452 1185 2464 ,
1200 2432 1246 2459 καὶ
1263 2431 1421 2463 ὑπαντιάζει
1439 2432 1563 2468 σκληρῶς
1577 2433 1623 2466 τὸ,
1638 2442 1647 2458 ι
1669 2433 1726 2459 Οὐκ
1741 2430 1808 2464 οἴδα,
1827 2441 1836 2457 ι

1055 2477 1150 2512 λέγων.
1177 2478 1285 2513 Ἐπειδὴ
1307 2478 1334 2504 δὲ
1350 2477 1481 2513 φονευτὴς
1502 2478 1650 2513 ἠλέγχετο,
1667 2478 1714 2505 καὶ
1735 2478 1838 2512 ὑπενή-

1055 2532 1147 2550 νεκται
1161 2524 1221 2554 ταῖς
1237 2525 1326 2560 ἀραῖς,
1338 2524 1416 2559 ᾠήθη
1431 2524 1460 2551 δὲ
1475 2524 1555 2551 πάλιν
1567 2525 1608 2551 ὅτι
1620 2523 1778 2559 τεθνήξεται
1791 2524 1838 2550 καὶ

1055 2569 1153 2602 αὐτὸς,
1174 2570 1220 2596 καὶ
1233 2571 1257 2596 εἰ
1274 2570 1311 2605 μὴ
1330 2570 1449 2604 βούλοιτο
1465 2571 1547 2603 Θεὸς,
1565 2571 1611 2597 καὶ
1627 2571 1704 2602 λύσις
1715 2570 1791 2598 ἔσται
1808 2570 1839 2596 τὸ

1055 2616 1149 2651 χρῆμα
1163 2615 1237 2651 αὐτῷ
1251 2616 1301 2650 τῆς
1315 2617 1347 2643 ὲκ
1366 2616 1434 2642 Θεοῦ
1449 2617 1542 2652 ὀργῆς.
1559 2617 1681 2652 Ἔφασκε
1694 2615 1760 2651 γάρ·
1778 2625 1787 2641 ι
1807 2616 1839 2642 Et

1056 2662 1173 2698 ἐκϐάλῃς
1190 2671 1224 2698 με
1249 2663 1368 2698 σήμερον
1390 2663 1444 2690 ἀπὸ
1467 2663 1612 2699 προσώπου
1635 2665 1685 2698 τῆς
1706 2664 1769 2699 γῆς,
1792 2663 1839 2689 καὶ

1055 2708 1109 2734 ἀπὸ
1122 2708 1168 2734 τοῦ
1185 2707 1331 2743 προσώπου
1346 2717 1392 2735 σου
1406 2709 1591 2745 κρυϐήσομαι,
1605 2709 1651 2736 καὶ
1666 2709 1763 2744 ἔσομαι
1778 2708 1838 2734 στέ-

1056 2763 1109 2780 νων
1129 2755 1177 2781 ut
1198 2754 1306 2789 τρέμων
1324 2755 1370 2781 ἐπὶ
1383 2755 1432 2789 τῆς
1447 2755 1508 2789 γῆς,
1522 2756 1568 2782 καὶ
1583 2754 1658 2781 ἐσται
1668 2775 1675 2786 ,
1693 2755 1746 2785 πᾶς
1763 2754 1776 2780 6
1791 2754 1836 2779 εὑ-

1058 2799 1157 2836 ρίσκων
1176 2808 1209 2835 με
1227 2800 1369 2826 ἀποκτενεῖ
1389 2809 1432 2836 με.
1455 2810 1464 2826 ι
1490 2800 1611 2828 amcam
1634 2799 1720 2837 πάντη
1741 2808 1769 2828 τε
1792 2801 1839 2826 mi
