1990 3046
175 108 211 135 57
691 105 951 134 GLAPHYRORUM
968 106 1002 135 IN
1021 107 1170 136 GENESIM
1190 108 1254 136 LIB.
1276 110 1295 136 1.
1769 112 1804 140 58

177 164 285 195 παντως
300 163 474 191 ὑποκείσεται
487 164 547 196 ταῖς
565 164 647 200 ἀραῖς
662 165 710 191 καὶ
723 165 778 191 τῶν
791 164 900 191 οἰκείων
915 165 956 191 ἀν·

1014 165 1079 193 Cain
1099 174 1207 202 pmnam
1229 167 1360 199 exsolvet,
1384 169 1431 202 qui
1454 169 1513 204 ejus
1531 170 1699 204 corporalem
1718 171 1803 198 vitam

174 211 404 246 οσιουργημάτων
427 211 521 245 ὑφέξει
542 211 592 243 τὰς
613 211 691 243 δίκας
712 211 867 247 τρισάθλιον
884 212 913 239 ὲν
927 213 962 248 γῇ

176 256 321 292 διατρίϐων
332 256 400 291 βίον,
413 257 624 293 ἐπληροφορεῖτο
639 258 734 293 σαφῶς
745 257 813 284 Θεοῦ
828 258 962 292 λέγοντος·

179 312 188 328 ι
205 303 262 338 οὐχ
282 303 382 335 οὕτως,
396 303 437 329 ὅτι
458 304 513 335 πᾶς
529 304 543 330 ό
560 303 725 336 ἀποκτείνας
744 303 814 330 Κάῖν
835 303 904 330 ἐπτά
918 305 964 330 ὲκ-

176 348 324 384 δικούμενα
348 349 511 384 παραλύσει.
539 358 548 375 ›
572 350 609 376 Τὸ
631 349 660 376 δὲ
686 349 755 377 ἑπτὰ
775 350 882 385 τίθησιν
905 350 964 376 ἀντὶ

176 394 224 421 τοῦ
236 394 432 430 πολλὰ,ὅμοιον
444 394 490 422 οὖν
500 395 539 427 ὡς
551 396 575 422 εἰ
584 395 668 430 λέγει,
682 395 842 422 πολλῶνκαὶ
850 396 964 423 ἀνοσίων

176 440 420 475 πλημμελημάτων
450 442 585 476 χαριεῖται
615 441 693 475 δίκην
716 441 755 476 τῷ
777 441 963 477 ἀδελφοκτόνῳ

178 485 259 518 Κάῖν,
270 486 284 512 ὁ
297 486 347 520 τῆς
361 485 521 521 ὲνσωμάτου
536 485 607 521 ζωῆς
626 486 712 517 ἀνιεὶς
734 486 824 513 αὐτόν.
840 486 872 512 Εἰ
885 486 913 512 δὲ
931 486 962 521 δή

175 539 218 562 τις
232 531 321 557 ἕλοιτο
334 532 381 558 καὶ
395 531 466 558 ὲπτά
484 531 530 558 τὸν
546 531 662 567 ἀριθμὸν
681 529 750 558 εῖναι
763 531 854 566 λέγειν
867 531 901 558 τὰ
915 532 962 558 ὲκ-

175 575 335 611 δικούμενα,
353 576 472 611 χαλεπὸν
493 577 568 603 οὐδὲν
588 576 795 612 ἀναμετροῦντα
808 578 905 610 είπεΐν,
922 577 962 603 ὅτι

177 621 272 657 πρώτη
291 622 340 656 μὲν
357 623 479 657 ἁμαρτία
500 622 539 658 τῷ
554 623 634 653 Κάῖν,
648 622 679 649 τὺ
694 622 732 658 μὴ
748 622 844 649 διελεῖν
863 622 961 657 ὀρθῶς,

179 667 247 702 μήτε
265 667 318 702 μὴν
336 667 469 703 ἀναθῆναι
484 667 544 703 θεῴ
560 668 595 694 τὰ
614 669 722 696 πάντων
741 668 880 703 ἐξαίρετα.
897 667 962 694 Δεύ-

176 721 255 747 τερον
268 713 296 739 δὲ
306 712 338 748 δὴ
349 713 379 740 τὺ
395 713 517 748 μαθόντα
531 714 581 749 τὴν
598 714 735 750 ἁμαρτίαν
754 714 791 749 μὴ
810 714 962 749 τραπέσθαι

176 757 245 792 πρὸς
260 757 429 792 μετάγνωσιν
440 778 448 789 ,
460 758 507 785 καὶ
522 760 581 790 ταῖς
598 759 639 790 είς
658 758 689 784 τὺ
711 758 821 793 ἄμεινον
843 759 958 794 ἀναδρο-

178 805 241 838 μαίς
257 804 422 840 ἐπανορθοῦν
436 805 470 831 τὰ
482 804 677 840 διεπταισμένα
687 826 695 838 ,
717 804 919 840 καταθήγεσθαι
932 805 961 832 δὲ

176 849 244 884 πρὸς
268 850 371 885 ὀργὰς,
394 850 442 876 καὶ
471 852 531 882 ταῖς
558 850 604 876 τοῦ
635 850 720 882 πέλας
752 850 961 886 εὐδοκιμήσεσιν
978 844 998 874 Β

174 894 378 929 ἑποτρύνεσθαι·
394 895 424 921 ὃν
439 895 493 921 ἔδει
517 904 568 922 που
593 896 702 927 πάντως
723 894 831 922 ἑλέσθαι
852 895 959 930 ζηλοῦν,

174 939 224 966 οὐκ
239 940 335 975 ὲχθρὺν
349 940 476 975 ἡγεῖσθαι
486 962 493 974 ,
509 941 556 968 καὶ
577 941 680 972 ἀδίκοις
703 941 824 976 ὄμμασιν
845 940 960 967 ὑποϐλέ-

174 985 285 1013 πεσθαι.
301 986 385 1022 Τρίτη
400 987 428 1014 δὲ
448 987 494 1013 καὶ
515 987 675 1023 προεισὼλή
692 996 734 1018 τις
755 986 850 1022 ὥσπερ
859 988 909 1023 τῆς
921 987 961 1019 είς

174 1031 204 1057 τὸ
225 1031 325 1067 χρῆναι
351 1033 434 1068 φονᾷν
454 1033 634 1068 ἀγριότητος,
656 1034 670 1060 ὁ
692 1034 829 1068 ἀνήμερος
851 1033 958 1067 φθόνος.

173 1075 297 1113 Τετάρτη
309 1077 332 1104 δ’
349 1078 426 1109 αὐτὸ,
445 1088 455 1104 ε
471 1079 623 1114 Διέλθωμεν
637 1080 677 1111 είς
690 1078 720 1106 τὸ
732 1079 833 1111 πεδίον,
856 1088 865 1105 ›
882 1079 957 1106 δόλου

173 1121 220 1148 καὶ
239 1123 348 1158 ἀπάτης
367 1123 502 1156 ἀπόδειξιν
521 1123 719 1159 ἑχον.Πέμπτη
740 1124 768 1151 δὲ
788 1125 837 1160 τῆς
850 1124 957 1151 ἀνοσίου

174 1168 329 1203 μιαιῳονίας
348 1169 382 1196 τὰ
398 1169 568 1205 ἐγκλήματα.
593 1169 809 1206 Καταλογισθείη
828 1170 851 1196 δ’
870 1170 903 1196 ἂν
920 1170 960 1202 εἰς

172 1215 251 1241 ἕκτον
268 1215 344 1251 αὐτῷ
360 1216 560 1251 πλημμέλημα,
572 1216 603 1242 τὸ
621 1216 803 1251 ψευδοεπῆσαι
822 1216 866 1243 τὸν
880 1216 958 1242 Θεὸν.

173 1260 220 1292 Εἰς
239 1260 352 1296 ἕϐδομον
368 1261 407 1294 δὲ,
422 1261 452 1288 τὸ
466 1262 577 1293 ἄκοντος
588 1261 635 1288 τοῦ
652 1261 729 1294 Θεοῦ,
745 1262 866 1297 νομίζειν
877 1261 956 1288 δύνα-

174 1306 233 1332 σθαι
249 1306 389 1342 διαδρᾶναι
401 1307 450 1339 τὰς
465 1307 551 1340 δίκας,
567 1309 617 1342 τῆς
641 1309 669 1334 ὲν
694 1307 801 1342 σώματι
822 1307 894 1342 ζωῆς
906 1308 956 1334 οὐκ

1015 213 1124 240 lazserit.
1143 212 1171 240 Si
1185 213 1247 248 quis
1261 217 1353 240 autem
1367 213 1432 241 velit
1450 215 1634 249 septenarium
1646 224 1802 249 numerum,

1013 266 1046 286 ea
1058 259 1114 294 ipsa
1134 266 1251 294 quorum
1273 259 1394 287 vindicta
1415 260 1551 292 sumitur,
1578 261 1680 294 dicere,
1700 270 1803 297 nequa-

1014 311 1097 339 quam
1110 305 1253 332 erraverit.
1269 305 1392 332 Primum
1406 305 1480 333 enim
1502 311 1645 341 peccatum
1656 306 1723 334 Cain
1737 308 1801 340 t'uit,

1016 351 1066 385 17
1081 350 1154 385 quod
1166 359 1222 378 non
1236 356 1309 379 recte
1328 353 1447 387 partitus
1463 352 1556 384 fuerit,
1572 360 1662 388 neque
1679 354 1801 380 omnium

1014 396 1118 431 optima
1129 397 1185 424 Deo
1196 398 1373 425 consecrarit.
1392 397 1549 425 Secundum
1562 405 1639 430 vero,
1656 398 1740 433 quod,
1756 406 1802 426 co-

1013 441 1089 476 gnito
1100 445 1225 476 peccato,
1233 442 1394 476 pceuitentia
1407 442 1506 469 ductus
1519 449 1574 469 non
1593 442 1638 474 sit,
1650 450 1740 477 neque
1759 450 1802 470 re-

1014 486 1072 514 ditu
1085 487 1119 514 ad
1131 486 1229 514 melius
1241 491 1384 522 peccatum
1401 494 1481 514 suum
1494 487 1658 519 emendarit,
1673 488 1802 523 quodque

1014 531 1198 560 inﬂammatus
1210 532 1294 560 fuerit
1313 532 1346 559 ad
1361 533 1441 565 iram,
1458 532 1631 567 proximique
1651 533 1693 559 sui
1715 533 1802 568 gloria

1014 578 1149 611 irritatus,
1163 587 1246 614 quem
1262 578 1363 606 imitari
1376 579 1468 613 potius
1482 587 1531 613 par
1543 583 1613 611 erat,
1629 587 1685 607 non
1707 579 1795 607 inimi~

1013 632 1076 652 cum
1089 632 1212 657 censere,
1224 629 1305 660 atque
1322 624 1423 659 iniquis
1442 625 1529 652 oculis
1550 625 1660 652 intueri.
1677 625 1799 652 Tertium

1012 674 1114 702 autem,
1128 677 1159 696 ac
1169 669 1255 696 veluti
1270 669 1361 697 aditus
1377 670 1491 704 quidam
1509 670 1543 697 ad
1555 670 1657 698 caedem
1672 671 1800 698 commit-

1013 715 1133 747 tendam,
1164 714 1284 742 crudelis
1305 715 1417 742 invidia.
1444 716 1577 748 Quartum
1602 723 1685 748 vero,
1713 715 1799 742 illud:

1016 771 1025 787 ι
1047 761 1226 796 Egrediamur
1242 761 1270 788 in
1282 768 1418 795 campum,
1441 771 1450 787 ι
1468 761 1522 788 doli
1542 770 1574 789 ac
1595 762 1698 789 fraudis
1718 769 1799 796 argu—

1012 811 1146 834 mentum.
1161 807 1293 840 Quintum
1318 807 1408 842 impiae
1425 807 1507 834 caedis
1526 807 1640 834 crimen.
1659 807 1799 834 Annumc-

1014 853 1069 880 rari
1084 860 1150 880 vero
1177 860 1227 888 pro
1246 856 1323 879 sexto
1348 856 1460 887 peccato
1470 857 1576 887 potest,
1597 853 1709 879 mentiri
1731 853 1797 880 Deo.

1014 898 1066 925 Pro
1078 898 1204 933 septimo,
1218 897 1292 932 quod
1316 897 1402 924 invito
1418 897 1474 924 Deo
1487 897 1655 925 existimaret
1671 905 1700 925 se
1720 905 1799 932 posse

1013 944 1133 979 eﬁ'ugere
1160 942 1336 978 supplicium,
1355 942 1409 969 vita
1432 942 1568 976 corporali
1593 947 1693 976 praeter
1713 942 1800 977 ipsius

1012 990 1181 1017 voluntatem
1214 992 1349 1023 ereptum.
1378 987 1535 1015 «Ceterum
1563 987 1658 1020 dedit,
1691 987 1799 1022 inquit,

1013 1034 1085 1061 Deus
1097 1033 1205 1069 signum
1219 1033 1302 1065 Cain,
1322 1037 1353 1060 ut
1367 1040 1423 1060 non
1439 1031 1609 1060 interficeret
1621 1040 1686 1060 eum
1711 1032 1800 1059 omnis

1012 1080 1060 1115 qui
1084 1079 1234 1106 invenisset
1247 1086 1320 1106 eum.
1345 1078 1380 1105 Et
1399 1085 1528 1112 egressus
1544 1081 1587 1105 est
1608 1077 1676 1105 Cain
1694 1085 1710 1105 a
1730 1077 1799 1104 facie

1010 1124 1069 1152 Dei.
1094 1134 1103 1151 ι
1135 1124 1231 1152 Statim
1262 1128 1353 1152 autem
1386 1123 1624 1151 maledictionibus
1661 1122 1800 1158 subjectus

1007 1169 1069 1202 fuit,
1084 1170 1195 1205 odiique
1207 1169 1305 1197 modus
1322 1169 1486 1196 subsecutus
1499 1172 1552 1196 est.
1571 1168 1641 1196 Eum
1664 1168 1739 1195 enim
1751 1167 1799 1202 qui

1003 1216 1060 1251 jam
1074 1215 1109 1243 ad
1123 1223 1260 1243 summum
1276 1214 1399 1242 omnium
1412 1214 1547 1241 malorum
1564 1214 1732 1249 pervenerit,
1743 1220 1799 1248 quo

1006 1265 1085 1296 pacto
1095 1261 1242 1296 purissima
1263 1260 1489 1295 sanctissimeque
1511 1265 1609 1288 natura
1626 1267 1681 1287 non
1701 1267 1797 1295 asper-

1004 1307 1109 1334 nctur?

172 1351 342 1388 ἀνεθελήτως
357 1352 576 1388 ἀπηλλαγμένον.
598 1362 607 1378 ε
637 1352 718 1379 Ἀλλά
735 1353 849 1384 δέδωκε,
883 1353 975 1388 φησὶν,
994 1353 1008 1378 ὁ
1029 1352 1096 1383 Θεδς
1120 1352 1231 1387 σημεῖον
1248 1350 1287 1386 τῷ
1302 1351 1373 1377 Κάῖν
1396 1349 1443 1377 τοῦ
1463 1350 1501 1386 μὴ
1522 1350 1681 1378 ἀποκτεῖναι
1716 1350 1796 1378 αὐτὸν

172 1398 261 1425 πάντα
290 1399 336 1425 τὺν
359 1399 521 1434 εὑρίσκοντα
543 1399 639 1426 αὐτόν.
662 1399 772 1434 Ἐξῆλθε
791 1400 819 1426 δὲ
839 1399 909 1426 Κάῖν
941 1399 996 1426 ἀπὸ
1016 1397 1162 1433 προσώπου
1188 1397 1236 1424 τοῦ
1259 1397 1338 1424 Θεοῦ.
1363 1406 1372 1423 ι
1398 1397 1542 1424 Ὑπέκειτο
1567 1397 1595 1423 δὲ
1625 1398 1797 1433 παραχρῆμα

171 1446 230 1476 ταῖς
242 1445 332 1480 ἀραῖς,
348 1446 395 1472 καὶ
408 1446 480 1480 ὁτῆς
500 1447 675 1482 ἀποστροφῆς
692 1445 832 1481 ἠκολούθει
845 1447 955 1482 τρόπος.
976 1446 1029 1473 Τὸν
1044 1446 1097 1480 γάρ
1112 1453 1153 1471 τοι
1173 1444 1240 1480 πρὸς
1271 1444 1347 1479 λῆξιν
1377 1436 1425 1470 τοῦ
1440 1443 1541 1475 παντὸς
1562 1443 1612 1479 ήδη
1636 1444 1795 1472 διελάσαντα

170 1491 256 1519 ιακοῦ
273 1493 469 1520 ὲποπτεύσειεν
491 1493 524 1521 ἃν
541 1494 600 1526 πῶς
616 1495 633 1529 ἡ
652 1495 788 1528 πάναγνος
801 1495 848 1520 καὶ
870 1493 1009 1528 ἀγιωτάτη
1024 1492 1124 1528 φύσις;

200 1541 238 1568 γ’.
256 1538 313 1564 Καὶ
329 1539 408 1564 ταυτὶ
420 1537 469 1574 μὲν
492 1539 558 1574 ἡμῖν
578 1538 617 1570 ὼς
637 1539 667 1565 ὲν
688 1538 769 1574 πάχει
785 1539 956 1574 πραγμάτων

1044 1537 1070 1564 5.
1091 1538 1179 1572 Atque
1192 1536 1250 1563 haec
1264 1536 1375 1570 quidem
1398 1535 1461 1562 rudi
1474 1533 1555 1563 modo
1566 1539 1648 1571 atque
1665 1536 1796 1565 historice

171 1583 217 1609 καὶ
239 1582 384 1618 ῑοτορικιῖος
408 1584 527 1619 εἰρήσθω
547 1584 625 1616 τέως.
651 1584 896 1619 Μεταχρωννύντες
927 1584 955 1610 δὲ

170 1627 263 1662 ὦσπρ
276 1627 326 1662 τῆς
334 1627 438 1660 εἰκόνος
450 1628 500 1664 τὴν
514 1628 633 1664 γραφὴν,
645 1629 691 1655 καὶ
703 1629 752 1664 τὴν
769 1629 798 1655 ἐν
814 1628 854 1664 τῷ
866 1629 955 1664 γράμ-

171 1682 234 1708 ματι
251 1673 332 1700 σκιὰν
348 1674 600 1710 μεταχαράττοντες
617 1675 659 1706 είς
674 1674 814 1709 ἀλήθειαν,
829 1675 895 1709 φέρε
909 1674 953 1709 δὴ,

168 1719 252 1755 φέρε,
265 1720 312 1746 καὶ
328 1720 387 1746 λίαν
409 1719 506 1755 ἰσχνῶς
521 1720 623 1747 ἕκαστα
645 1720 850 1756 βασανίζοντες,
866 1720 954 1747 ἐκεῖνο

168 1763 292 1801 λέγωμεν
301 1786 309 1799 ,
324 1766 365 1792 ὅτι
377 1767 409 1792 τὸ
427 1766 546 1802 Χριστοῦ
563 1767 713 1802 μυστήριον
726 1767 899 1802 καταθρήσαι
911 1774 954 1798 τις

168 1810 201 1837 ἂν
214 1810 489 1846 προανατυπούμενον
503 1811 531 1837 ὲν
547 1811 645 1847 ἀρχαῖς
662 1812 700 1844 ὡς
714 1812 742 1838 ὲν
758 1813 821 1847 σκιᾷ
831 1811 870 1846 τῷ
884 1819 953 1846 συμ-

167 1855 306 1890 ϐεδηκότι.
322 1857 396 1883 Ἔδει
412 1857 476 1892 γὰρ,
488 1856 540 1883 ἔδει
556 1857 606 1892 τῆς
620 1857 763 1893 ἀνθρώπου
778 1857 885 1892 φύσεως
898 1857 954 1883 δια-

166 1900 292 1936 τεθείσης
304 1902 344 1932 εἰς
361 1901 508 1936 ἁμαρτίαν,
523 1901 570 1928 καὶ
586 1903 641 1932 τοῖς
654 1901 700 1928 τοῦ
713 1902 828 1929 θανάτου
847 1901 954 1936 βρόχοις

167 1945 305 1981 ἀδοκήτως
324 1945 524 1982 ἑνειλημμένης
533 1965 540 1978 ,
553 1946 584 1973 τὸ
597 1946 646 1982 τῆς
659 1947 697 1978 εἰς
712 1946 742 1972 τὸ
756 1947 869 1981 ἄμεινον
885 1947 952 1972 ἀνα-

167 1991 282 2027 κομιδῆς
306 1991 563 2027 προαναφωνεῖσθαι
589 1992 754 2028 μυστήριον,
777 1991 826 2019 καὶ
848 1992 893 2018 τὸν
917 1991 952 2018 δι’

166 2038 241 2072 ἡμᾶς
263 2038 311 2065 καὶ
332 2037 404 2073 ὑπὲρ
425 2039 504 2074 ἡμῶν
523 2038 719 2074 τεθνηξόμενον
743 2037 815 2065 κατὰ
838 2037 951 2073 καιροὺς

169 2082 206 2117 μὴ
220 2082 387 2118 ἀγνοηθῆναι
397 2084 524 2118 Χριστόν.
543 2083 693 2118 Πεποίηται
707 2083 796 2110 τοίνυν
815 2082 829 2108 ὁ
844 2082 952 2118 προπά-

165 2136 222 2163 τωρ
245 2128 330 2163 Ἀδὰμ
345 2129 417 2154 κατά
431 2137 463 2163 γε
479 2129 528 2163 τὴν
549 2128 641 2155 πίστιν
653 2128 707 2154 τῶν
725 2127 805 2163 ἱερῶν
818 2127 951 2163 Γραμμά-

166 2181 219 2200 των
228 2193 236 2206 ,
249 2174 309 2200 κατ’
323 2174 416 2201 εἰκόνα
433 2174 481 2201 καὶ
498 2174 558 2200 καθ’
568 2174 697 2209 ὁμοίωσιν
711 2173 790 2200 Θεοῦ.
801 2173 949 2208 Γεγέννην-

1007 1581 1140 1608 hactenus
1158 1580 1230 1607 dicta
1253 1580 1318 1607 sint.
1333 1579 1367 1607 At
1388 1587 1455 1607 vero
1472 1579 1598 1615 imaginis
1622 1580 1795 1609 lineamentis

1005 1634 1070 1654 suos
1079 1626 1185 1653 colores
1192 1625 1417 1660 superducentes,
1429 1629 1457 1652 et
1465 1625 1589 1652 umbram
1604 1625 1703 1654 littera:
1712 1627 1746 1654 ad
1755 1627 1794 1654 rei

1005 1672 1147 1700 veritatem
1165 1671 1404 1703 transformantes,
1421 1678 1453 1698 ac
1472 1671 1578 1706 singula
1592 1672 1733 1700 subtiliter
1749 1673 1794 1700 in-

1005 1715 1181 1751 vestigantes,
1194 1714 1263 1742 illud
1280 1714 1413 1747 dicamus,
1428 1713 1502 1749 quod
1515 1715 1618 1742 Christi
1632 1716 1794 1751 mysterium

1004 1761 1032 1788 in
1052 1761 1086 1788 iis
1113 1768 1173 1795 qua:
1197 1760 1263 1787 olim
1287 1759 1469 1792 acciderunt,
1489 1759 1693 1794 prmiiguratum
1714 1760 1794 1788 facile

1004 1806 1067 1841 quis
1082 1809 1220 1841 agnoscat.
1237 1804 1388 1840 Oportebat
1409 1805 1484 1832 enim
1501 1806 1629 1840 prolapsa
1648 1806 1677 1833 in
1698 1811 1794 1841 pecca-

1005 1856 1062 1879 tum
1076 1852 1196 1878 humaua
1220 1855 1327 1883 natura,
1349 1851 1500 1886 mortisque
1516 1851 1625 1886 laqueis
1651 1852 1794 1887 inopinato

1004 1897 1137 1930 involuta,
1156 1897 1316 1933 mysterium
1331 1897 1514 1924 restitutionis
1522 1897 1550 1924 in
1561 1897 1658 1925 melius
1670 1897 1792 1932 praedici,

1003 1947 1031 1970 et
1049 1950 1113 1970 eum
1128 1943 1175 1977 qui
1192 1946 1306 1978 propter
1320 1949 1381 1974 nos,
1399 1949 1431 1969 ac
1444 1950 1495 1977 pro
1510 1942 1591 1970 nobis
1605 1950 1655 1970 suo
1670 1947 1792 1978 tempore

1002 1987 1153 2014 moriturus
1163 1991 1232 2019 erat,
1247 1986 1388 2014 Christum
1404 1993 1459 2013 non
1473 1986 1602 2021 ignorari.
1623 1987 1722 2014 Factus
1740 1987 1792 2023 igi-

1002 2036 1047 2059 tur
1056 2036 1098 2060 est
1116 2032 1222 2067 primus
1234 2036 1311 2066 pater
1324 2031 1421 2064 Adam,
1440 2035 1524 2066 prout
1536 2039 1619 2059 sacrae
1627 2032 1737 2060 Litterae
1750 2037 1792 2059 te-

1002 2081 1119 2110 stantur,
1132 2078 1210 2112 juxta
1230 2077 1375 2113 imaginem
1388 2085 1419 2104 ac
1430 2076 1639 2104 similitudinem
1656 2077 1714 2104 Dei.
1729 2078 1791 2105 Nati

1001 2126 1093 2149 autem
1117 2126 1181 2149 sunt
1196 2125 1224 2148 et
1242 2125 1437 2157 processerunt
1455 2121 1489 2148 ab
1501 2128 1544 2153 eo,
1562 2121 1668 2155 primus
1679 2121 1790 2156 quidem

1000 2168 1086 2201 Cain;
1118 2168 1256 2195 secundus
1278 2174 1345 2194 vero
1363 2171 1426 2201 post
1439 2166 1535 2198 illum,
1554 2166 1631 2193 Abel.
1654 2165 1790 2194 Caeterum

166 2227 210 2245 ται
223 2219 251 2246 δὲ
264 2219 312 2246 καὶ
329 2219 464 2255 προῆλθον
478 2219 525 2246 ἀπ’
545 2219 638 2251 αὑτοῦ,
652 2219 759 2254 πρῶτος
776 2219 825 2254 μὲν
840 2220 854 2246 ὀ
868 2219 949 2252 Κάῖν,

1006 2214 1089 2242 Caino
1100 2214 1211 2249 quidem
1229 2213 1337 2241 lsraelis
1348 2220 1496 2248 personam
1510 2212 1788 2241 aceommodabimus.

165 2264 288 2299 δεύτερος
304 2264 333 2291 δὲ
348 2265 404 2300 μετ’
416 2265 520 2292 ἐκεῖνον
531 2264 546 2290 ὁ
562 2264 655 2291 ΙἍϐελ.
675 2264 753 2290 Ἀλλὰ
764 2263 803 2299 τῷ
819 2263 867 2298 μὲν
879 2264 949 2290 Κάῖν

164 2309 194 2336 τὸ
207 2309 237 2342 ἐξ
258 2309 367 2344 Ἰσραὴλ
384 2310 528 2345 πρόσωπον
546 2309 740 2345 περιθήσομεν.
761 2308 836 2335 Ἐπεί
849 2317 889 2335 τοι
903 2307 948 2335 καὶ

164 2355 244 2386 αὐτὸς
259 2356 273 2381 ὁ
283 2355 401 2390 Χριστὸς
417 2355 576 2391 ἰσοτρόπους
590 2355 670 2386 ὄντας
682 2354 720 2390 τῷ
734 2355 803 2381 Κάῖν
819 2354 882 2385 τοὺς
895 2353 950 2380 τῶν

170 2399 301 2427 Ἰουδαίων
315 2401 433 2436 δήμους,
450 2401 531 2427 αὑτὸν
548 2400 745 2436 προσημαίνειν
763 2400 848 2434 ἠξίου.
862 2399 950 2430 Αὐτὸς

164 2446 217 2482 γὰρ
233 2446 361 2480 ἔφασκεν·
386 2457 396 2473 ‹
418 2447 481 2474 Ἐὰν
501 2448 579 2482 ὑμεῖς
604 2447 702 2482 μένητε
720 2446 750 2472 ἐν
764 2446 803 2481 τῷ
821 2445 892 2480 λόγῳ
909 2445 948 2480 τῷ

163 2489 238 2525 ὲμῷ,
257 2490 366 2526 ἀληθῶς
395 2491 514 2527 μαθηταί
536 2500 587 2527 μου
609 2491 720 2522 ἔσεσθε,
741 2491 787 2517 καὶ
809 2490 947 2524 γνώσεσθε

117 2557 121 2561 .
163 2535 210 2570 τὴν
227 2536 374 2572 ἀλήθειαν,
391 2537 440 2564 xui.
462 2538 478 2572 ή
501 2537 615 2573 ἀλήθεια
637 2535 815 2572 ἐλευθερώσει
837 2537 920 2571 ὑμᾶς.
937 2545 946 2562 ι

162 2581 192 2607 οι
204 2580 233 2607 δὲ
245 2581 294 2615 τῆς
308 2582 445 2618 πατρικῆς
455 2581 612 2617 ἐλευθερίας
626 2581 656 2607 οὺ
675 2581 811 2612 συνιέντες
831 2581 862 2607 τὸ
883 2581 949 2607 κάλ-

161 2626 219 2659 λος,
239 2629 383 2663 σαρκικοῖς
408 2628 564 2664 αὐχήμασιν
590 2627 796 2662 ὲναγλαϊζεσθαι
820 2627 875 2654 δεῖν
899 2628 948 2654 ὲπ-

161 2674 297 2709 ιχῑίρουν,
316 2675 453 2708 λέγοντες·
477 2684 487 2700 ι
505 2673 621 2709 Σπέρμα
643 2674 769 2709 Ἁϐραάμ
786 2674 884 2708 ὲσμεν,
898 2673 946 2699 καὶ

159 2718 247 2746 οὐδενὶ
268 2719 481 2755 δεδουλεύκαμεν
505 2718 626 2746 πώποτε.
640 2719 701 2751 Πῶς
725 2719 757 2746 σὺ
779 2718 887 2753 λέγεις,
904 2719 944 2745 ὅτι

194 2807 218 2824 ⁵⁸
235 2808 316 2837 Joan.
334 2817 389 2839 vm,
407 2809 452 2839 5i,
467 2809 511 2835 32.
561 2809 583 2823 "
603 2808 670 2836 ibid.
688 2809 732 2835 53.

998 2261 1140 2297 Siquidem
1169 2261 1228 2296 ipse
1262 2262 1345 2289 etiam
1371 2261 1508 2294 Christus,
1537 2261 1654 2296 populos
1680 2261 1789 2289 Judazo-

1003 2315 1062 2335 rum
1073 2308 1177 2336 eisdem
1187 2315 1250 2334 cum
1267 2307 1353 2335 Caino
1365 2307 1490 2334 moribus
1505 2307 1633 2342 praaditos
1646 2307 1736 2342 ipsum
1750 2307 1789 2334 si-

999 2354 1130 2389 gniﬁcare
1155 2353 1329 2388 pradicabat.
1353 2353 1393 2380 Ita
1416 2353 1490 2380 enim
1510 2352 1548 2380 ait
1568 2361 1574 2379 ε
1594 2362 1603 2378 ‹
1627 2352 1654 2380 Si
1670 2360 1719 2380 vos
1738 2353 1790 2388 18

1000 2398 1157 2425 manseritis
1168 2398 1196 2424 in
1209 2405 1335 2425 sermone
1354 2405 1425 2429 meo,
1441 2405 1506 2424 vere
1518 2397 1645 2433 discipuli
1659 2398 1712 2425 mei
1732 2398 1788 2425 eri-

1002 2443 1047 2476 tis,
1063 2447 1090 2470 et
1111 2443 1281 2478 cognoscetis
1302 2443 1465 2476 veritatem,
1488 2447 1516 2470 et
1539 2443 1642 2470 veritas
1660 2443 1789 2471 liberabit

1001 2498 1050 2518 vos
1065 2490 1097 2516 δ’.
1116 2499 1125 2515 ›
1148 2489 1189 2517 Illi
1209 2497 1274 2517 vero
1296 2493 1417 2524 paternae
1440 2490 1577 2517 libertatis
1603 2489 1787 2525 pulchritudi-

997 2544 1059 2564 nem
1071 2543 1244 2570 nequaquam
1263 2535 1458 2571 intelligentes,
1473 2535 1671 2570 carnaligloria
1689 2535 1787 2562 ﬂorere

997 2581 1154 2614 studebant,
1171 2581 1295 2608 dicentes
1312 2590 1318 2608 :
1342 2590 1351 2607 ι
1375 2581 1475 2609 Semen
1491 2581 1608 2608 Abrahae
1618 2588 1714 2608 sumus
1727 2601 1734 2612 ,
1759 2586 1786 2608 et

996 2627 1099 2655 nemini
1120 2627 1284 2654 servivimus
1299 2635 1429 2662 unquam.
1448 2626 1590 2660 Quomodo
1602 2631 1631 2653 tu
1645 2626 1722 2658 dicis,
1740 2626 1786 2653 Li-

995 2673 1054 2700 beri
1080 2673 1159 2700 eritis
1174 2673 1215 2699 "?
1229 2683 1237 2698 ι
1254 2673 1326 2706 Quid
1341 2673 1425 2708 igitur
1439 2673 1471 2700 ad
1487 2673 1544 2699 haec
1560 2671 1707 2699 Christus?
1721 2681 1730 2696 ‹
1757 2671 1786 2699 Si

995 2719 1042 2747 ﬁlii
1054 2739 1060 2751 ,
1081 2729 1089 2744 ι
1107 2718 1206 2753 inquit,
1223 2729 1232 2744 ι
1258 2719 1374 2746 Abrahae
1389 2718 1501 2750 essetis,
1517 2725 1600 2753 opera
1613 2716 1729 2745 Abrahae
1746 2715 1786 2742 t'av
