1990 3046
221 110 254 137 39
731 103 759 131 S.
780 102 917 134 CYRILLI
938 101 1173 130 ALEXANDRINI
1191 102 1350 129 ARCHIEP.

1811 102 1847 131 ιο

219 165 328 193 cerctis.
344 164 422 192 Nunc
438 167 530 190 autem
550 161 674 197 qumritis
689 169 732 189 me
753 161 908 188 interﬁcere
923 159 1012 186 homi-

1069 159 1223 195 Ἐλεὺοεροι
1239 159 1352 192 ἕσεσθε;
1374 169 1383 185 ι
1403 159 1435 186 Τί
1447 157 1494 186 οὖν
1513 159 1581 195 πρὸς
1605 158 1690 186 ταῦτα
1712 160 1846 195 Χριστός

220 218 293 243 nem,
314 210 361 245 qui
378 209 523 237 veritatem
541 208 619 236 vobis
631 208 741 234 locutus
754 214 815 234 sum
830 226 836 238 ,
860 212 941 239 quam
958 212 1010 231 au-

220 257 276 284 divi
293 265 308 284 a
324 257 425 288 Patre;
449 255 501 282 hoc
520 254 657 282 Abraham
677 261 732 280 non
749 252 815 280 fecit
825 251 859 277 “.
875 261 883 275 ι
903 250 1011 277 Patrem

220 308 312 330 autem
328 302 395 338 ipsis
409 301 506 329 tribuit
526 300 653 328 Satanam
665 320 672 332 ,
692 299 787 326 dicens
805 307 811 324 :
827 306 836 322 ι
853 297 906 324 Vos
922 295 1012 322 facitis

219 358 303 385 opera
316 349 402 384 patris
421 348 518 375 vestri.
532 347 581 374 llle
593 344 731 373 homicida
748 347 807 370 erat
823 342 857 369 ab
870 340 951 368 initio
961 361 968 372 ,
985 344 1012 367 et

221 396 250 423 in
267 396 381 423 veritate
389 402 445 421 non
457 393 542 425 stetit,
558 392 622 427 quia
634 389 749 418 mendax
767 392 820 420 est,
836 387 1012 422 quemadmo-

221 441 287 468 dum
301 444 329 467 et
342 444 419 475 pater
438 439 497 474 ejus
511 438 545 464 “.
563 447 573 463 ι
595 436 772 470 Nequaquam
786 440 852 460 vero
871 431 1011 460 existima-

221 486 322 518 bimus,
346 489 420 513 recte
441 484 592 512 sentientes
605 502 611 514 ,
625 481 766 508 Christum
787 478 864 514 pravi
883 486 915 506 ac
929 478 1012 505 totius

222 532 284 559 mali
304 531 426 558 auctoris
443 528 575 557 daemonis
588 525 764 558 meminisse;
781 524 829 551 sed
850 523 953 551 rabidis
962 523 1012 550 Ju-

221 578 297 610 dzeis,
314 577 479 612 inopiamque
501 574 552 608 ipsi
575 573 678 600 caedem
699 570 936 601 machinantibus,
952 568 1011 604 pri-

222 631 296 650 mum
314 623 391 650 illum
403 620 569 648 homicidam
579 618 772 652 mendaciique
778 616 1010 647 concinnatorem,

221 670 298 701 Cain,
315 670 426 702 inquam
437 687 443 698 ,
463 671 568 700 patrem
584 665 722 696 statuisse,
743 668 825 698 atque
847 663 921 690 illius
933 662 1011 689 Sata-

222 722 285 741 nam
312 712 416 748 peccati
448 715 600 738 auctorem.
630 710 821 743 Qumrentibus
850 708 1009 739 nonnullis,

222 767 303 794 quem
318 762 423 793 patrem
445 757 562 784 daemoni
589 756 680 783 daturi
699 756 796 787 simus,
816 758 863 781 aut
877 754 956 788 quale
968 753 1011 780 di-

221 804 293 832 cturi
304 804 390 831 simus
401 811 461 830 esse
473 803 558 838 ipsius
571 802 712 837 pravitatis
721 801 896 836 archetypum
909 808 916 832 ;
928 799 1012 826 Caino

1065 217 1074 231 ι
1087 206 1118 232 Εἰ
1131 206 1224 237 τέκνα,
1244 215 1253 230 ι
1268 205 1360 241 φησὶν,
1374 214 1385 231 ι
1402 204 1450 231 τοῦ
1466 204 1591 240 ’Δϐραάμ
1606 203 1665 240 ἦτε,
1678 205 1712 232 τὰ
1726 205 1848 240 ἔργατοῦ

1069 252 1193 288 Ἀϐραὰμ
1210 253 1326 279 ἐποιεῖτε
1341 251 1384 279 ἄν.
1403 252 1470 278 Νυνὶ
1481 251 1509 278 δὲ
1523 251 1628 286 ζητείτέ
1642 260 1674 286 με
1689 252 1850 278 ἀποκτεῖναι

1060 298 1215 334 ἄνθρωπον,
1227 298 1257 330 ὃς
1268 298 1318 333 τὴν
1331 298 1459 333 ἀλήθειαν
1472 299 1536 333 ὑμῖν
1548 298 1695 333 λελάληκα,
1703 298 1736 333 ἣν
1746 298 1850 334 ἤκουσα

1064 342 1140 377 παρὰ
1161 342 1208 369 τοῦ
1234 343 1350 378 Πατρός·
1373 342 1453 369 τοῦτο
1475 342 1599 378 Ἀϐραὰμ
1624 346 1673 369 οὐκ
1696 342 1818 377 εποίησε,
1836 351 1846 367 ι

1063 387 1174 422 Πατέρα
1197 388 1225 414 δὲ
1253 388 1344 419 αὐτοῖς
1369 387 1501 422 ἀπονέμει
1525 387 1571 413 τὸν
1591 387 1731 420 Σατανᾶν,
1751 387 1848 421 λέγων·

1066 443 1075 459 ι
1096 433 1190 468 Ὑμεῖς
1208 434 1309 460 ποιεῖτε
1329 433 1363 460 τὰ
1375 433 1444 469 ἔργα
1458 433 1505 460 τοῦ
1529 432 1634 469 πατρὸς
1649 432 1736 468 ὑμῶν.
1762 432 1850 458 Ἐκεῖ-

1062 487 1106 510 νος
1120 478 1343 514 ἀνθρωποκτόνος
1354 477 1389 514 ἦν
1402 479 1450 505 ἀπ’
1465 479 1552 514 ἀρχῆς
1561 499 1569 510 ,
1583 479 1631 505 καὶ
1646 480 1674 504 ὲν
1685 479 1718 513 τῇ
1736 477 1850 513 ἀληθείᾳ

1061 525 1110 559 οὺχ
1123 525 1247 560 ἔστηκεν,
1259 525 1299 550 ὅτι
1312 524 1433 559 ψεύστης
1452 524 1521 556 ἐστὶ,
1541 523 1633 555 καθὼς
1654 524 1702 550 καὶ
1721 524 1735 549 6
1758 523 1851 558 πατὴρ

1061 569 1154 596 αὑτοῦ.
1172 579 1181 595 ι
1198 569 1254 596 Καὶ
1265 569 1377 596 οὺδέπου
1388 569 1676 603 νομιοῦμεν,νοοῦντες
1691 567 1790 604 ὀρθῶς,
1802 567 1850 595 τοῦ

1063 615 1181 650 πονηροῦ
1201 624 1231 641 τε
1248 615 1296 641 καὶ
1318 615 1473 650 ἁρχεκάκου
1498 614 1625 649 δαίμονος
1648 613 1850 649 διαμεμνῆσθαι

1063 662 1190 697 Χριστόν·
1214 660 1423 695 ὲκλελυττηκόσι
1443 660 1471 687 δὲ
1492 662 1550 692 τοῖς
1571 660 1717 692 Ἰουδαίοις,
1738 660 1786 687 καὶ
1801 659 1851 695 τὴν

1062 708 1172 734 ἀνοσίαν
1187 707 1247 734 κατ’
1263 707 1346 734 αὑτοῦ
1362 707 1519 742 μιαιφονίαν
1530 706 1668 740 ὠδίνουσι,
1682 707 1727 733 τὸν
1743 706 1851 742 πρῶτον

1062 754 1284 788 ἀνθρωποκτόνον
1306 754 1353 780 καὶ
1373 753 1420 780 τοῦ
1441 753 1556 788 ψεύδους
1576 753 1765 789 ἔπιτηδευτὴν,
1781 753 1852 788 φημὶ

1062 801 1094 835 δὴ
1108 800 1153 826 τὸν
1167 799 1249 832 Κάῖν,
1263 799 1355 826 δίδωσι
1371 800 1489 835 πατέρα,
1506 800 1634 826 κάκείνου
1647 799 1692 826 τὸν
1718 800 1850 832 Σατανᾶν,

222 851 314 886 itaque
337 849 423 876 veluti
445 849 594 884 archetypo
617 851 746 882 tanquam
771 846 887 881 eﬂlgiem
917 845 1014 872 tribuit

1066 845 1110 873 τδν
1132 846 1180 880 τῆς
1197 845 1334 880 ἁμαρτίας
1357 845 1480 880 εὑρετήν.
1504 842 1746 871 Ἐπιδιδασκόντων
1769 844 1852 871 τινῶν

221 904 270 924 eos
284 896 330 931 qui
351 895 500 930 impietatis
516 901 569 929 qua
585 893 630 921 ille
649 892 779 928 praeditus
791 896 842 923 est,
858 890 1014 918 similitudi-

223 950 285 969 ncm
296 949 350 976 prae
362 949 390 968 se
403 941 505 968 ferunt.
520 939 599 973 Quod
609 939 685 966 enim
701 937 835 965 Salvatori
850 936 962 965 Christo
972 937 1013 964 fa-

223 988 329 1015 miliare
349 986 386 1014 sit
402 985 531 1013 Satanam
558 991 657 1012 vocare
671 991 734 1010 eum
755 983 803 1018 qui
825 982 900 1010 illius
924 990 1015 1010 mores

222 1033 316 1065 refert,
330 1031 458 1060 facillime
470 1031 533 1066 quis
547 1029 658 1062 viderit,
671 1036 734 1056 cum
750 1028 809 1063 ipse
820 1028 922 1055 sanctis
932 1027 1015 1055 disci-

223 1077 296 1113 pulis
311 1076 386 1104 dicat
404 1085 410 1102 :
430 1085 440 1101 ι
457 1075 552 1102 Nonne
567 1082 618 1110 ego
641 1081 690 1100 vos
712 1072 860 1100 duodecim
885 1072 972 1108 elegi,
987 1076 1015 1099 et

223 1131 287 1151 ecce
304 1130 376 1150 unus
389 1130 423 1149 ex
437 1121 516 1149 vobis
532 1121 659 1148 diabolus
676 1124 718 1148 est
726 1120 768 1146 ³⁸⁸9
782 1129 791 1145 ι
808 1118 1015 1154 Comparandus

224 1170 315 1204 itaque
329 1173 372 1196 est
382 1168 468 1196 Caino
482 1167 576 1198 Israel.
592 1167 626 1194 de
640 1174 695 1201 quo
706 1166 840 1201 scriptum
858 1169 918 1193 est:
941 1173 950 1190 ι
968 1164 1014 1192 Fi-

224 1215 278 1242 lius
299 1221 377 1241 meus
402 1212 602 1248 primogenitus
619 1211 703 1239 lsrael
712 1211 745 1237 ⁸⁷.
762 1221 771 1236 ι
789 1211 853 1238 Post
877 1210 1014 1245 primoge-

223 1261 312 1287 nitum
321 1266 386 1286 vero
404 1258 486 1286 Israel
501 1257 639 1284 secundus
656 1261 790 1292 tempore,
808 1260 837 1283 et
851 1255 1015 1282 novissimus

223 1309 336 1332 exortus
355 1308 397 1331 est
420 1303 563 1335 Christus,
580 1302 653 1330 ﬁlius
669 1303 752 1330 etiam
772 1303 830 1336 ipse
857 1301 952 1328 Adam.
972 1300 1015 1328 ld-

225 1350 299 1378 circo
314 1349 396 1376 etiam
425 1348 522 1375 Filium
538 1349 651 1375 hominis
667 1349 808 1383 sapienter
829 1350 957 1381 certaque
973 1354 1015 1373 ra-

225 1397 298 1423 tione
313 1395 432 1429 seipsum
451 1394 553 1428 ubique
569 1394 698 1428 appellat.
711 1393 845 1420 Caeterum
863 1392 946 1419 Israel
967 1400 1014 1419 co-

225 1442 281 1470 iere
299 1441 383 1467 Deum
403 1439 534 1474 putabat,
551 1439 671 1466 oder-ens
690 1438 868 1473 temporarias
881 1438 1015 1472 facileque

225 1489 428 1514 marcescentes
445 1492 499 1516 res,
516 1489 544 1512 et
556 1492 672 1519 quarum
690 1492 773 1519 parva
799 1484 869 1510 ratio
886 1483 1014 1515 habetur,

225 1530 396 1564 terrenisque
406 1529 505 1556 studiis
519 1533 575 1556 tota
593 1528 795 1563 quodammodo
814 1532 904 1555 mente
918 1527 1013 1554 allixus
1027 1531 1047 1558 C

225 1579 294 1603 erat.
315 1585 324 1600 ‹
342 1574 522 1609 Agriculturae
537 1574 611 1601 enim
622 1573 736 1600 vacabat
747 1572 824 1604 Cain,
842 1572 910 1599 Abel
924 1577 1016 1599 autem

223 1625 284 1648 erat
298 1624 390 1654 pastor
408 1619 501 1647 ovium
521 1628 543 1646 ι.
565 1619 713 1646 Ριξιξίοοῑιιε
735 1618 808 1645 enim
831 1622 872 1645 est
890 1617 1016 1644 rationali

225 1667 300 1702 gregi
317 1665 490 1696 Emmanuel,
506 1669 589 1699 atque
606 1664 664 1699 ipse
681 1667 723 1691 est
745 1664 841 1691 Pastor
855 1663 901 1690 ille
916 1663 1014 1694 bonus,

225 1711 273 1747 qui
287 1721 296 1737 ι
316 1711 343 1738 in
365 1711 425 1738 loco
448 1710 543 1746 pingui
565 1714 593 1738 et
604 1710 712 1746 pascuis
736 1709 893 1740 uberrimis,
908 1719 917 1735 ι
946 1709 1017 1736 sicut

228 1757 280 1792 ιθ
301 1757 433 1792 scriptum
448 1760 491 1783 est
501 1756 535 1788 ⁵⁸,
549 1763 685 1791 supernos
699 1763 732 1783 ac
750 1755 797 1790 qui
811 1762 894 1789 super
916 1759 1015 1782 terram

226 1807 291 1831 sunt
312 1810 408 1838 greges
433 1803 531 1838 pascit.
556 1802 598 1830 Ad
621 1809 705 1837 quem
733 1802 816 1829 etiam
841 1801 1016 1836 propheticus

226 1857 318 1877 sermo
330 1849 456 1876 clamavit
480 1858 486 1876 :
506 1858 515 1874 ι
535 1849 618 1876 Pasce
639 1849 771 1884 populum
797 1853 875 1875 tuum
894 1847 921 1874 in
940 1847 1016 1882 virga

227 1895 357 1922 custodite
373 1899 434 1927 tuae,
455 1903 520 1922 oves
540 1895 707 1922 hzereditatis
726 1894 822 1922 tuas".
843 1903 851 1919 ι
867 1893 948 1920 Israel
964 1893 1016 1919 ita-

227 1949 280 1976 que
294 1939 411 1968 terrenis
425 1941 509 1968 rcbus
523 1941 609 1968 Deum
625 1941 748 1972 colebat,
769 1940 887 1968 oﬂ'erens
902 1940 998 1974 legalia
1008 1960 1014 1972 ,

227 1989 255 2012 ct
283 1985 388 2020 ingrata
414 1985 466 2019 ipsi
481 1985 613 2012 sacrificia
633 1985 923 2014 consecrans.ldcirco
933 1987 1014 2014 etiam

227 2031 333 2058 audivit
346 2039 394 2065 per
409 2038 503 2057 vocem
514 2031 601 2058 sancti
613 2031 753 2065 propheta:
766 2040 772 2058 ε
795 2041 804 2057 ι
821 2032 1014 2060 Holocaustum

227 2075 344 2103 arietum
361 2079 480 2107 tuorum,
510 2079 538 2102 et
561 2075 669 2110 adipem
686 2076 788 2109 ovium,
809 2080 838 2103 et
856 2067 1014 2113 sanguinem

228 2120 369 2147 hircorum
389 2128 420 2146 ac
435 2125 576 2146 taurorum
602 2127 657 2147 non
676 2120 749 2152 volo,
776 2129 866 2156 neque
886 2123 1016 2150 veneritis

227 2170 358 2202 apparere
374 2166 450 2192 mihi.
465 2165 532 2198 Quis
545 2166 620 2192 enim
632 2167 759 2200 quaesivit
775 2167 832 2195 haec
841 2167 874 2195 de
888 2169 1015 2196 manibus

228 2210 458 2238 vestris?calcare
475 2211 577 2236 atrium
590 2218 681 2237 meum
692 2218 746 2238 non
759 2211 912 2246 apponetis.
925 2212 954 2239 Si
963 2212 1013 2240 ob—
1032 2201 1052 2226 ι)

229 2256 346 2283 tuleritis
356 2256 546 2291 similaginem,
558 2263 673 2289 vanum;
685 2256 836 2289 incensum,
849 2257 1016 2287 abominatio

227 2306 270 2328 cst
284 2301 351 2327 mihi
369 2302 402 2327 ⁵ο.
419 2310 427 2326 ι
446 2301 480 2327 Et
501 2301 600 2328 iterum
617 2309 623 2327 :
642 2310 651 2326 ι
668 2301 803 2334 Quorsum
822 2303 890 2330 mihi
906 2304 969 2331 thus
982 2312 1016 2332 ex

228 2345 298 2372 Saba
313 2345 417 2372 aﬂ‘ertis
427 2365 434 2377 ,
450 2349 479 2372 et
494 2345 697 2373 cinnamomum
710 2346 744 2374 dc
760 2351 833 2375 terra
850 2348 1016 2384 longinqua?

228 2391 392 2418 Holocausta
408 2396 498 2419 vestra
515 2400 570 2419 non
586 2397 651 2420 sunt
672 2394 739 2420 mihi
757 2398 843 2429 grata,
862 2402 951 2429 neque
971 2403 1016 2422 sa-

228 2438 331 2464 crilicia
346 2441 438 2464 vestra
459 2445 503 2465 me
529 2438 666 2466 delectant
684 2439 718 2466 “.
743 2450 751 2465 ›
781 2440 838 2467 Hoc
859 2445 952 2475 aperte
973 2445 1016 2468 est

227 2483 313 2509 Deum
339 2483 373 2510 ad
393 2483 526 2511 sacriﬁcia
548 2483 615 2511 Cain
631 2493 686 2512 non
703 2486 864 2513 attcndisse.
882 2487 950 2514 Abel
964 2495 1014 2514 au-

228 2533 282 2555 tem
294 2529 402 2563 justus,
416 2529 469 2556 hoc
483 2533 525 2556 est
547 2529 684 2562 Christus,
701 2531 801 2558 obtulit
818 2532 873 2559 Deo
892 2533 1013 2559 rationa-

227 2573 294 2600 lium
323 2574 437 2600 ovilium
460 2574 651 2609 primogenita,
669 2575 722 2602 hoc
737 2579 788 2608 est,
803 2576 898 2603 faciles
911 2585 942 2603 ac
957 2581 1013 2604 tra—

228 2619 343 2645 ctabiles
365 2619 448 2646 corde
460 2639 467 2651 ,
493 2623 520 2646 et
537 2619 655 2647 infantes
669 2621 785 2653 malitia,
801 2621 972 2656 selectosque
985 2621 1014 2648 in

227 2664 396 2697 virtutibus,
417 2673 450 2692 ac
473 2665 653 2693 similitudine
677 2674 740 2693 cum
755 2666 813 2701 ipso
838 2667 1014 2701 primogeniti

227 2710 340 2746 gloriam
351 2715 408 2744 prae
422 2718 451 2738 se
470 2711 599 2739 ferentes.
613 2712 736 2739 Ecclesia
756 2713 828 2740 enim
845 2713 1014 2748 primogeni-

265 2766 286 2802 ξ’
299 2766 376 2793 Joan.
389 2775 446 2799 ιιιι,
463 2767 506 2798 59,
519 2767 563 2794 40.
598 2768 620 2784 ⁸⁵
632 2767 699 2795 ibid.
716 2769 759 2795 Η.
796 2770 818 2785 ⁸³
834 2769 911 2798 Joan.
933 2777 968 2802 vi,
987 2769 1030 2796 7!.

229 2800 315 2830 ὀίω.
329 2809 347 2834 ι,
361 2802 450 2829 11-15.
490 2803 511 2818 ⁵¹
530 2803 631 2831 Jerem.
653 2811 689 2836 γι,
709 2803 752 2831 20.

1064 891 1126 918 τίνα
1141 891 1248 926 πατέρα
1260 891 1299 926 τῷ
1317 891 1433 926 διαϐόλῳ
1444 891 1576 926 δώσομεν,
1593 891 1610 926 ἢ
1624 892 1699 917 ποῖον
1716 889 1785 917 εἷναί
1801 899 1852 925 φα-

1067 945 1117 972 μεν
1135 938 1185 973 τῆς
1204 937 1307 964 ἐκείνου
1342 937 1508 972 δυστροπίας
1527 937 1559 963 τὺ
1577 936 1744 972 ἀρχέτυπον,
1768 937 1853 972 ἀρχε-

1064 983 1142 1019 τύπῳ
1157 983 1184 1010 δὲ
1200 983 1294 1019 ὥσπερ
1307 982 1346 1018 τῷ
1358 983 1427 1010 Κάἲν
1442 983 1568 1018 καθάπερ
1587 983 1680 1009 είκόνα
1701 982 1853 1018 προσνέμει

1064 1030 1129 1062 τοὺς
1142 1029 1191 1064 τῆς
1210 1029 1324 1064 δνούσης
1345 1029 1419 1064 αὐτῷ
1435 1029 1594 1061 δυσσεϐείας
1611 1028 1660 1064 τὴν
1675 1029 1715 1060 είς
1729 1029 1783 1055 πᾶν
1798 1029 1853 1055 ὁτι-

1063 1076 1112 1103 οῦν
1128 1075 1277 1111 ἐμφέρειαν
1290 1076 1379 1102 νοσεῖν
1399 1074 1571 1110 είρημένους.
1590 1074 1652 1101 ’Ὁτι
1671 1074 1726 1110 γὰρ
1741 1074 1800 1106 ἔθος
1816 1074 1854 1108 τῷ

1066 1121 1172 1156 Σωτῆρι
1184 1120 1305 1156 Χριστῷ,
1322 1121 1442 1148 Σατανᾶν
1454 1120 1602 1147 ἀποκαλεῖν
1618 1120 1664 1146 τὸν
1677 1122 1733 1152 τοῖς
1747 1121 1852 1147 ἐκείνου

1067 1167 1244 1202 προσεοικότα
1269 1167 1399 1202 τρόποις,
1423 1166 1643 1202 καταθρήσωμεν
1671 1166 1704 1193 ἃν
1722 1167 1770 1194 καὶ
1792 1166 1853 1193 λῑαν

1065 1213 1184 1248 ἀμογητὶ
1198 1214 1254 1244 τοῖς
1277 1213 1365 1246 ἁγίοις
1388 1212 1501 1247 λέγοντα
1525 1213 1677 1248 μαθηταῖς’
1697 1223 1706 1238 ι
1728 1213 1785 1240 Οὐκ
1797 1212 1853 1246 ἐγὼ

1065 1257 1139 1292 ὑμᾶς
1151 1257 1213 1288 τοὺς
1228 1257 1331 1284 δώδεκα
1347 1257 1523 1292 ἐξελεξάμην,
1541 1257 1587 1284 καὶ
1609 1257 1663 1284 ἰδοὺ
1678 1255 1718 1289 εἷς
1730 1257 1761 1289 ἐξ
1775 1257 1852 1292 ὑμῶν

1066 1301 1189 1332 διάϐολός
1210 1302 1288 1334 ὲστι;
1311 1301 1514 1337 Παρεικαστέον
1536 1301 1625 1328 τοίνυν
1655 1301 1694 1337 τῷ
1719 1302 1790 1329 Κάῖν
1806 1301 1853 1328 τὸν

1073 1347 1191 1382 Ἰσραὴλ,
1207 1348 1272 1382 περὶ
1286 1343 1316 1374 οὗ
1329 1348 1492 1381 γέγραπται·
1511 1357 1520 1372 ι
1538 1347 1602 1379 Υἱὸς
1618 1347 1788 1382 πρωτότοκος
1801 1355 1853 1382 μου

1073 1393 1189 1428 Ἰσραήλ.
1223 1403 1231 1418 ι
1251 1393 1328 1420 Μετὰ
1353 1394 1381 1420 δέ
1409 1402 1441 1428 γε
1459 1394 1506 1420 τδν
1528 1393 1700 1429 πρωτότοκον
1731 1391 1851 1428 Ἰσραὴλ,

1066 1438 1191 1473 δεύτερος
1214 1439 1307 1473 ὥσπερ
1330 1441 1359 1466 ὲν
1380 1439 1484 1475 χρόνῳ,
1506 1439 1554 1465 καὶ
1577 1438 1710 1468 νεώτατος
1730 1438 1853 1473 ἀνεφάνη

1067 1484 1194 1519 Χριστὸς,
1213 1484 1271 1515 υίὸς
1292 1485 1338 1511 καὶ
1360 1485 1439 1517 αὐτὸς
1460 1484 1508 1511 τοῦ
1534 1485 1628 1519 Ἀδάμ.
1646 1485 1790 1520 Τοιγάρτοι
1806 1485 1854 1511 ual.

1069 1530 1137 1556 Υίὸν
1155 1529 1315 1563 ἀνθρώπου
1333 1530 1422 1564 σοφῶς
1438 1538 1467 1556 τε
1491 1533 1538 1556 καὶ
1554 1530 1733 1565 οἰκονομικῶς
1757 1529 1853 1556 ἑαυτὸν

1068 1574 1195 1610 ὠνόμαζε
1214 1576 1345 1611 πανταχῆ·
1362 1575 1419 1602 ἀλλ’
1433 1576 1447 1601 6
1464 1576 1514 1610 μὲν
1533 1575 1652 1611 Ἰσραὴλ,
1667 1576 1750 1611 τιμᾷν
1766 1576 1853 1603 ἐδόκει

1067 1619 1134 1646 Θεὸν
1154 1619 1316 1656 προσφέρων
1330 1619 1365 1647 τὰ
1380 1619 1537 1655 πρόσκαιρα
1550 1621 1596 1647 καὶ
1619 1620 1789 1656 εὺμάραντα,
1805 1621 1854 1647 καὶ

1068 1662 1105 1691 ὧν
1125 1666 1156 1691 οὺ
1182 1665 1285 1701 σφόδρα
1308 1665 1390 1697 πολὺς
1414 1667 1427 1692 6
1450 1665 1544 1700 λόγος,
1568 1666 1613 1692 καὶ
1636 1667 1693 1697 τοῖς
1716 1667 1779 1701 περὶ
1801 1666 1853 1701 γῆν

1068 1709 1283 1745 σπουδάσμασιν,
1300 1710 1360 1737 ὅλον
1381 1709 1476 1745 ὥσπερ
1496 1710 1580 1737 ὲτίοει
1593 1711 1638 1737 τὸν
1659 1711 1747 1738 νοῦν.ι
1760 1712 1854 1747 Ἑτρά-

1068 1764 1133 1781 πετο
1149 1755 1202 1791 γὰρ
1217 1757 1256 1787 εις
1271 1756 1419 1792 γεηπονίαν
1432 1757 1446 1782 6
1462 1757 1544 1787 Κάῐν,
1563 1756 1646 1783 ’Δϐελ
1660 1757 1689 1783 δὲ
1703 1755 1736 1793 ἦν
1752 1758 1853 1793 ποιμὴν

1068 1800 1221 1836 προϐάτων.
1252 1801 1408 1836 Καθηγεῖτο
1434 1801 1489 1837 γὰρ
1513 1803 1562 1837 τῆς
1586 1802 1698 1838 λογικῆς
1719 1803 1818 1839 ἀγέλης
1838 1804 1853 1830 6

1074 1846 1264 1883 Ἐμμανουὴλ,
1288 1847 1335 1874 καὶ
1362 1846 1443 1878 αὐτός
1466 1847 1541 1873 ἐστιν
1565 1847 1580 1874 6
1603 1848 1709 1883 Ποιμὴν
1730 1848 1745 1874 6
1771 1848 1852 1881 καλὸς

1067 1894 1080 1920 ό
1100 1903 1108 1919 ι
1127 1894 1156 1919 ὲν
1172 1893 1248 1928 τόπῳ
1267 1893 1354 1925 πίονι,
1377 1893 1424 1919 καὶ
1449 1894 1478 1919 ὲν
1507 1894 1576 1928 νομῇ
1607 1894 1716 1929 ἀγαθῇ,
1742 1903 1752 1920 ι
1780 1894 1852 1922 καθὰ

1066 1939 1234 1974 γέγραπται,
1255 1938 1305 1970 τὰς
1324 1939 1380 1966 ἀνω
1399 1948 1428 1966 τε
1453 1940 1500 1966 καὶ
1522 1940 1568 1966 ἐπὶ
1587 1941 1638 1975 γῆς
1657 1939 1852 1975 διαποιμαίνων

1066 1985 1177 2019 ἀγέλας.
1199 1984 1270 2020 Πρὸς
1297 1984 1326 2011 ὃν
1347 1985 1395 2011 καὶ
1417 1986 1431 2011 6
1457 1985 1626 2021 προφητικὺς
1654 1986 1852 2021 ἀναπεφώνηκε

1066 2030 1152 2064 λόγος·
1177 2040 1187 2056 ι
1205 2030 1336 2065 Ποίμαινε
1355 2031 1400 2057 τὸν
1415 2031 1478 2057 λαόν
1500 2039 1547 2057 σου
1567 2032 1595 2058 ὲν
1618 2031 1708 2066 ῥάϐδῳ
1727 2032 1852 2067 φυλακῆς

1068 2085 1128 2108 σου,
1155 2076 1277 2111 πρόϐατα
1301 2076 1482 2112 κληρονομίας
1508 2085 1566 2104 σου.
1595 2086 1604 2102 ι
1637 2077 1741 2104 Οὐκοῦν
1764 2079 1777 2105 6
1803 2078 1852 2113 μὲν

1071 2121 1178 2157 Ἰσραὴλ
1187 2123 1242 2153 τοῖς
1253 2122 1445 2157 γεωδεστέροις
1460 2122 1535 2157 ἠξίου
1548 2123 1630 2158 τιμᾷν
1641 2123 1687 2150 τὸν
1699 2123 1775 2157 Θεὸν,
1789 2132 1853 2159 καρ-

1067 2168 1192 2203 ποφορῶν
1216 2168 1251 2194 τὰ
1273 2168 1302 2193 ὲν
1327 2168 1418 2202 νόμῳ,
1443 2168 1491 2194 καὶ
1513 2168 1561 2200 τὰς
1581 2169 1756 2204 ἀνεθελήτους
1778 2169 1851 2202 αὺτῷ

1067 2214 1161 2245 θυσίας
1174 2213 1325 2248 ἀνατιθείς.
1346 2212 1497 2249 Τοιγαροῦν
1514 2214 1561 2240 καὶ
1581 2214 1681 2248 ἤκουσε
1695 2214 1740 2240 διὰ
1761 2215 1852 2250 φωνῆς

1067 2260 1163 2294 ἀγίων“
1188 2269 1197 2285 ι
1221 2258 1413 2293 Ὀλοκαύτωμα
1435 2259 1489 2286 τῶν
1509 2259 1594 2294 κριῶν
1618 2268 1682 2292 σου,
1706 2260 1754 2287 καὶ
1770 2261 1851 2296 στέαρ

1066 2303 1166 2340 ἀρνῶν,
1182 2304 1228 2330 καὶ
1249 2301 1317 2339 αἷμα
1336 2304 1444 2339 τράγων
1464 2304 1510 2330 καὶ
1527 2303 1644 2339 ταύρων,
1657 2305 1687 2330 οὔ
1706 2304 1850 2339 βούλομαι,

1066 2347 1119 2373 οὐδ’
1135 2347 1167 2373 ἂν
1190 2346 1307 2382 ἔρχησθε
1331 2347 1446 2382 ὀφθῆναί
1474 2356 1529 2383 μοι.
1555 2348 1602 2379 Τίς
1625 2348 1680 2384 γὰρ
1705 2349 1853 2384 ὲξεζήτησε

1066 2391 1152 2418 ταῦτα
1165 2392 1196 2418 ὲκ
1210 2392 1265 2418 τῶν
1281 2392 1380 2427 χειρῶν
1404 2393 1500 2427 ὑμῶν;
1517 2394 1612 2420 πατεῖν
1627 2393 1676 2429 τὴν
1699 2394 1782 2429 αὐλήν
1802 2402 1851 2428 μου

1067 2438 1097 2464 οὐ
1122 2437 1319 2473 προσθήσεσθε.
1348 2438 1409 2466 Ἐὰν
1430 2439 1527 2475 φέρετε
1551 2439 1699 2474 σεμίδαλιν,
1727 2441 1850 2476 μάταιον·

1068 2482 1194 2518 θυμίαμα
1204 2503 1210 2514 ,
1227 2483 1363 2518 βδέλυγμα
1377 2484 1422 2518 μοί
1437 2485 1505 2511 ἐστι.
1527 2494 1537 2511 ι
1552 2486 1606 2512 Καὶ
1618 2486 1708 2518 πάλιν,
1725 2495 1735 2512 ι
1754 2486 1811 2512 Ἵνα
1825 2486 1851 2512 τί

1070 2538 1115 2564 μοι
1132 2529 1238 2556 λίϐανον
1254 2530 1286 2555 ἐκ
1297 2530 1389 2556 Σαϐϐᾶ
1403 2529 1509 2565 φέρετε,
1523 2531 1570 2558 καὶ
1584 2531 1742 2566 κινάμωμον
1755 2532 1787 2557 ἐκ
1799 2530 1851 2565 γῆς

1070 2576 1221 2611 μακρόθεν;
1246 2576 1286 2602 Τὰ
1301 2575 1515 2611 ὁλοκαυτώματα
1529 2577 1605 2612 ὑμῶν
1619 2579 1652 2605 οὐ
1684 2577 1740 2603 eiul.
1756 2577 1849 2609 δεκτὰ,

1067 2622 1115 2647 καὶ
1130 2622 1157 2647 αι
1180 2620 1269 2648 θυσίαι
1287 2622 1362 2657 ὑμῶν
1383 2624 1432 2657 οὐχ
1453 2623 1552 2658 ἥδυνὰν
1569 2632 1612 2659 με.
1636 2633 1646 2649 ι
1674 2623 1758 2650 Τοῦτό
1779 2625 1852 2650 ἐστιν

1068 2666 1190 2701 ἐναργῶς
1205 2667 1235 2693 τὸ
1250 2667 1296 2694 ἐπὶ
1305 2669 1365 2699 ταῖς
1380 2667 1485 2700 θυσίαις
1497 2668 1543 2694 τοῦ
1560 2669 1629 2695 Κάῖν
1643 2669 1680 2704 μὴ
1697 2677 1852 2705 προσεσχη-

1067 2713 1144 2739 κέναι
1165 2712 1243 2740 Θεόν.
1260 2713 1343 2740 Ἀϐελ
1361 2714 1389 2740 δὲ
1408 2715 1422 2741 ὁ
1443 2714 1563 2746 δίκαιος,
1582 2715 1706 2741 τουτέστι
1720 2715 1851 2750 Χριστὸς,

1068 2770 1088 2785 ⁸⁷
1104 2770 1190 2798 Exod.
1210 2779 1246 2804 Iv,
1265 2770 1310 2798 22.
1349 2771 1372 2788 ⁸⁵
1390 2772 1441 2801 Isa.
1458 2780 1519 2806 xxx,
1531 2771 1576 2799 23.
1614 2773 1636 2789 "
1652 2772 1732 2799 Mieh.
1747 2781 1792 2804 vn,
1807 2773 1848 2803 {-5.
