1990 3046
162 142 194 171 15

691 140 950 169 GLAPHYRORUM
969 141 1002 169 IN
1021 139 1169 169 GENESIM
1189 141 1252 169 LIB.
1273 142 1292 169 l.

1756 138 1789 165 iii

164 202 230 230 Εῐπε
255 203 285 230 δὶ
309 204 434 237 γυναιξὶν
458 204 519 238 Ἀδᾷ
542 204 588 230 καὶ
610 203 703 239 Σελλᾷδ
739 200 885 229 ’Λκούσατε
907 203 956 238 τῆς

1008 202 1078 230 Sella
1098 213 1104 229 :
1122 203 1220 230 Audite
1234 210 1328 230 vocem
1346 209 1444 233 meant,
1461 210 1558 229 uxores
1574 201 1701 235 Lamech,
1716 202 1789 230 λιιι-ἰν

167 249 257 285 ,ρωνῆς
276 256 328 284 μου
340 270 347 279 ,
371 251 500 283 γυναῖκες
515 250 609 284 Λάμεχ
620 255 626 263 ⁵
640 248 804 276 ὲνωτίσασθέ
826 257 876 283 μου
891 247 954 280 τοὺς

165 295 268 329 λόγους·
287 295 328 322 ὃτι
350 295 434 330 ἄνδρα
453 294 599 322 ἀπέκτεινα
620 297 660 327 εἰς
680 295 791 331 τραῦμα
813 294 884 329 ἐμοὶ,
909 295 955 321 καὶ

168 340 307 366 νεανῖσκον
321 341 362 372 εἰς
379 341 501 375 μώλωπα
514 341 584 376 ἐμοί·
601 341 641 367 ὅτι
654 339 768 372 ἑπτάκις
785 340 955 376 ὲκδεδίκηται

167 386 198 412 ἐκ
209 386 289 416 Κάῖν,
305 386 338 412 ἐκ
352 385 380 412 δὲ
393 386 487 421 Λάμεχ
502 386 732 422 ἑϐδομηκοντάκις
744 387 823 413 ἑπτά.
840 394 848 412 ι
865 387 956 420 Ἔχεις

167 432 196 457 ἐν
212 431 317 463 τούτοις
339 432 388 466 τῆς
408 434 438 458 ὲκ
456 433 526 459 Κὰῖν
551 432 816 468 τεκνολογίας-σαφῆ
835 432 883 468 τὴν
903 433 955 466 ἀφ-

168 479 276 514 ήγησιν·
296 478 394 513 ῐδωμεν
408 478 454 505 καὶ
469 479 510 510 τίς
526 476 560 514 ἦν
575 479 592 514 ἡ
610 477 663 505 ἀπὺ
680 478 745 513 Σήθ.
758 479 912 514 Γέγραπται
928 478 956 504 δὲ

169 523 250 549 πάλιν
267 522 363 554 οὕτως·
386 531 395 548 ι
417 523 518 558 Ἔξησε
538 523 566 550 δὲ
583 523 637 558 Σὴο
661 523 740 550 πέντε
761 524 808 550 καὶ
830 524 955 550 διακόσια

169 567 227 602 ἐτη,
244 569 290 594 καὶ
305 568 381 595 ἔτεκε
395 569 441 595 τὸν
458 569 550 601 Ἐνώς
568 578 576 594 ι
596 570 659 604 περὶ
669 566 698 596 οὗ
710 570 739 596 τὸ
753 570 824 605 ἱερὸν
837 569 956 605 Γρὰμμα

170 613 247 649 φησί’
263 624 272 639 ι
288 611 371 646 Οὗτος
386 613 500 650 ἤλπισεν
512 615 701 642 ἐπικαλεῖσθαι
713 615 743 641 τὸ
757 615 841 650 ὄνομα
855 615 956 650 Κυρίου

170 660 215 687 τοῦ
233 660 310 687 Θεοῦ.
331 669 340 685 ›
356 661 411 687 Καὶ
428 661 553 694 ἐγένοντο
569 662 653 688 πᾶσαι
668 662 695 688 αἱ
711 661 812 697 ἡμέραι
827 660 892 696 Σὴθ,
907 659 958 686 δώ-

170 706 234 732 δεκα
251 706 298 732 καὶ
313 706 456 732 ἐννακόσια
478 706 524 742 ἔτη
537 728 544 734 .
566 707 612 733 καὶ
636 706 765 733 ἀπέθανε.
788 706 843 732 Καὶ.
862 705 958 740 ἔζησεν

176 750 258 782 Ἐνὼς
280 750 326 785 ἐτη
352 750 448 777 ἑκατὸν
473 752 665 787 ἐννενήκοντα,
687 751 733 778 καὶ
760 751 888 786 ἐγέννησε
913 750 958 777 τὸν

172 795 285 822 Καῖνάψ
307 796 353 821 καὶ
370 795 493 829 ἐγένοντο
506 797 591 822 πᾶσαι
616 796 643 822 αἱ
658 796 759 830 ἡμέραι
783 794 865 825 Ἐνὼς
878 794 958 820 πέντε

173 841 218 867 καὶ
235 841 377 868 ἐννακόσια
391 841 437 877 ἐτη
451 862 457 873 ,
477 842 523 868 καὶ
546 841 675 867 ἀπέθανε.
690 841 745 868 Καὶ
760 840 840 876 ἔζησε
854 839 958 866 Καϊνὰν

173 888 355 922 ἑϐδομήκοντα
369 888 416 923 ἔτη
433 889 479 914 καὶ
491 887 596 919 ἑκατὸν,
613 887 659 914 καὶ
674 887 799 921 ἐγέννησε
812 886 856 913 τὸν
870 885 959 912 Μαλε-

171 934 246 968 λεήλ.
263 934 317 960 Καὶ
327 934 453 967 ἐγένοντο
465 935 550 960 πᾶσαι
566 934 593 960 αἱ
606 933 708 969 ἡμέραι
724 931 826 959 Καϊνὰν
836 931 900 958 δέκα.
911 930 957 966 ἔτη

173 980 219 1006 καὶ
241 980 400 1012 ἐννακόσια,
422 980 470 1006 καὶ
491 979 618 1006 ἀπέθανε.
644 979 700 1006 Καὶ
718 979 797 1014 ἔζησε
819 976 959 1012 Μαλελεὴλ

172 1025 252 1052 πέντε
267 1027 314 1052 καὶ
326 1026 458 1061 ἑξήκοντα
469 1026 516 1053 καὶ
532 1025 627 1052 ἑκατὸν
641 1025 698 1058 ἐτη,
712 1025 758 1051 καὶ
777 1024 904 1058 ἐγέννησε
914 1023 958 1048 τὸν

178 1070 275 1105 Ίάρεδ.
290 1071 344 1097 Καὶ
361 1071 486 1105 ἐγένοντο
498 1072 580 1097 πᾶσαι
598 1070 627 1097 αἱ
641 1069 742 1105 ἡμέραι
758 1068 899 1104 Μαλελεὴλ
912 1067 958 1101 ἔτη

172 1116 251 1142 πέντε
267 1116 314 1142 καὶ
332 1117 508 1151 ἐννενήκοντα
527 1115 574 1142 καὶ
587 1114 749 1145 ὀκτακόσια,
767 1113 813 1140 καὶ
829 1112 957 1139 ἀπέθανε.

173 1161 226 1187 Καὶ
241 1161 337 1195 ἔζησεν
357 1161 442 1196 Ίαρὲδ
457 1160 502 1188 δύο
517 1161 562 1187 καὶ
579 1161 710 1196 ἑξήκοντα
726 1159 772 1195 ἐτη
790 1159 837 1186 καὶ
851 1157 957 1190 ἑκατὸν,

172 1205 218 1231 καὶ
237 1205 365 1240 ἐγέννησε
380 1207 424 1232 τὸν
444 1205 543 1240 Ἑνώχ·
559 1215 568 1231 ι
582 1204 641 1232 εἶτά
653 1212 744 1239 φησιν’
762 1214 772 1230 ‹
786 1203 959 1238 Εὑηρέστησε

171 1250 199 1276 δὲ
221 1249 306 1285 Ἑνὼχ
319 1250 358 1285 τῷ
375 1242 443 1285 Θεῷ,
458 1251 504 1277 καὶ
520 1251 569 1286 οὐχ
589 1251 746 1286 εὑρίσκετο,
761 1249 826 1275 διότι
845 1248 959 1284 μετέθη-

174 1303 221 1322 κεν
235 1296 316 1322 αὑτὸν
331 1297 345 1323 ό
356 1296 432 1328 Θεός,
447 1306 456 1321 ›
474 1297 567 1332 ’Λθρει
581 1296 613 1330 δὴ
627 1295 682 1326 οὖν.
698 1296 743 1322 καὶ
755 1295 806 1330 πρό
817 1303 848 1328 γε
861 1294 892 1329 δὴ
905 1294 960 1320 τῶν

173 1341 269 1372 ἄλλων,
284 1340 321 1373 ὡς
337 1342 514 1376 ὀνομάζονται
534 1341 581 1376 μὲν
603 1342 626 1367 οἱ
646 1342 677 1368 ἐκ
698 1340 778 1372 Κάῖν,
803 1341 849 1367 καὶ
870 1341 885 1366 ὁ
909 1340 959 1374 τῆς

171 1386 225 1413 τῶν
239 1387 326 1420 γενῶν
344 1387 467 1422 διαδοχῆς
484 1387 561 1422 ἕρπει
579 1386 665 1420 λόγος.
680 1387 717 1413 οὐ
735 1385 788 1422 μὴν
803 1386 843 1412 ὅτι
861 1386 906 1412 καὶ
920 1385 960 1417 είς

172 1432 253 1459 πόσον
269 1432 337 1458 ὲτῶν
352 1432 466 1468 ἀριθμὸν
483 1433 497 1458 ὁ
511 1432 560 1467 τῆς
580 1433 699 1467 ἑκάστης
721 1431 793 1466 ζωῆς
815 1431 959 1458 ἐκτέταται

172 1478 267 1513 χρόνος
277 1478 473 1513 προενήνεκται
486 1478 589 1512 σαφῶς,
604 1478 729 1512 καθάπερ
744 1477 839 1512 ἀμέλει
853 1476 898 1503 καὶ
915 1476 960 1503 ἐπὶ

171 1524 224 1550 τῶν
239 1523 390 1558 γεγονότων
409 1523 463 1550 ἀπὸ
479 1523 542 1559 Σήθ.
571 1523 790 1558 Ἀναγέγραπται
807 1522 860 1557 γὰρ
883 1522 959 1557 ἀκρι-

173 1569 225 1601 ϐῶς
239 1570 254 1595 ό
268 1569 385 1595 ἑκάστου
400 1569 509 1604 χρόνος,
527 1568 587 1596 τίνα
604 1577 633 1595 τε
656 1569 702 1594 καὶ
718 1568 799 1594 πόσον
817 1567 897 1600 ἐϐίω,
914 1567 960 1593 καὶ

172 1615 224 1650 πρὸ
240 1615 343 1641 τέκνων
361 1615 445 1649 γονῆς
456 1635 462 1646 ,
481 1614 527 1641 καὶ
545 1614 614 1649 μετὰ
629 1614 707 1640 τοῦτο
717 1635 723 1647 ,
740 1614 780 1640 ἔτι
795 1613 898 1644 λεπτῶς
916 1613 961 1639 καὶ

172 1660 292 1695 ἀκριὸὦς
308 1660 442 1695 ἀναμάοοι
454 1669 496 1691 τις
509 1659 542 1686 ἂν
556 1661 588 1686 ὲκ
602 1660 655 1686 τῶν
682 1659 761 1695 ἱερῶν
776 1658 959 1694 Γραμμάτων.

172 1706 295 1741 Μήνυσις
314 1704 360 1732 οὖν
373 1706 427 1740 ἄρα
441 1706 488 1732 καὶ
500 1705 577 1732 τοῦτο
592 1707 649 1732 ἐστι
666 1705 716 1732 οὐκ
731 1705 892 1740 ἀσυμφανὴς
907 1705 960 1735 τοῖς

172 1759 203 1785 γε
219 1751 286 1782 ὅλως
302 1750 337 1777 τὰ
350 1751 437 1777 τοιάδε
454 1750 616 1785 φιλοκρινεῖν
633 1750 797 1786 ᾑρημένοις,
813 1750 850 1782 ὡς
864 1750 913 1776 οὐκ
929 1750 961 1776 ἂν

173 1796 317 1831 ἀνάσχοιτο
323 1796 389 1827 Θεὸς
398 1796 446 1831 τὴν
454 1796 507 1822 τῶν
516 1797 579 1830 (pf/.1
583 1805 671 1832 μαρτη
677 1797 763 1831 μόνων
771 1796 869 1822 ειδέναι
877 1794 958 1830 ζωήν.

179 1842 353 1869 ’Δκούσοντοιι
365 1841 430 1876 γοῦν
442 1842 488 1868 hct
502 1843 549 1868 τοῦ
561 1842 632 1869 θείου
645 1843 765 1878 βήματος
777 1842 900 1876 λέγοντος
913 1840 960 1867 τοῦ

174 1887 302 1922 Χριστοῦ·
318 1897 328 1913 ι
345 1888 432 1923 Ἀμὴν
448 1887 518 1921 λέγω
529 1889 602 1923 ὑμῖν,
617 1888 743 1914 οὐδέποτε
757 1888 841 1922 ἔγνων
853 1888 933 1923 ὑμᾶς.
949 1897 957 1913 t

174 1932 316 1959 Διαπίπτει
332 1933 381 1967 μὲν
396 1933 431 1967 γὰ
436 1941 451 1968 ρ
461 1933 537 1959 οὑδιν
551 1933 581 1959 τό
592 1941 624 1967 γε
631 1931 699 1970 ἦκον
715 1934 755 1965 εἰς
766 1934 878 1968 εἴδησιν,
889 1933 961 1967 λέγω

173 1979 218 2005 τὸν
231 1978 285 2005 τῶν
296 1979 364 2005 ὅλων
378 1979 453 2006 Θεόν.
470 1979 554 2011 Εἰδὼς
568 1979 595 2006 δὲ
611 1980 661 2006 οὐκ
674 1978 729 2006 οἶδε
745 1979 807 2010 τοὺς
821 1980 959 2013 φιλαμαρ-

175 2025 293 2060 τήμονας
303 2044 309 2053 ,
322 2024 367 2050 διά
380 2032 412 2058 γε
426 2025 475 2060 τῆς
489 2025 528 2056 εἰς
545 2025 643 2057 αὐτοὺς
659 2025 835 2060 ἀποστροφῆς
848 2023 878 2050 τὺ
892 2023 960 2058 ἄγαν

174 2069 287 2101 ὲντενὲς.
299 2069 403 2096 Οὒκοῦν
418 2070 585 2106 σεσιώπηται
602 2071 651 2106 μὲν
663 2072 719 2105 τοῖς
732 2072 764 2097 ὲκ
781 2070 861 2102 Κάῖν,
877 2070 890 2096 ὀ
911 2069 961 2104 τῆς

175 2115 246 2149 ζωῆς
262 2115 369 2149 χρόνος.
391 2116 553 2151 Πεπράχασι
574 2117 629 2152 γὰρ
652 2115 830 2148 ὰξιάκουστον
851 2114 900 2150 μὲν
916 2114 961 2140 οὑ-

174 2162 218 2189 δέν
231 2172 238 2179 ’
254 2161 272 2188 ἃ
287 2163 315 2189 δὲ
337 2159 371 2197 ἦν
388 2162 477 2195 εἰκὸς,
502 2163 549 2189 καὶ
573 2162 640 2197 πρὸς
663 2161 764 2197 ζημίαν
780 2160 889 2187 ἔσεσθαι
905 2161 960 2191 τοῖς

175 2209 374 2254 ἐντινξομὲνοις
387 2211 420 2245 τῇ
432 2208 496 2244 περὶ
509 2208 598 2235 αὐτῶν
613 2209 770 2243 συγγραφῇ.
784 2207 959 2242 Ηύμοιρήκα-
973 2198 997 2228 Ῑ)

178 2262 202 2280 σι
230 2250 262 2289 δὴ
278 2252 324 2281 οὖν
335 2274 342 2285 ,
370 2255 415 2281 καὶ
438 2254 510 2289 μάλα
530 2252 641 2284 δικαίως
655 2274 662 2285 ,
680 2253 727 2279 καὶ
744 2254 793 2287 τῆς
810 2251 883 2287 παρὰ
898 2250 957 2286 Θεῷ

176 2301 295 2336 μνήμης.
314 2300 432 2327 [Iouis-ai
445 2306 475 2333 γε
491 2298 545 2335 μὴν
559 2299 589 2325 ἐν
602 2298 683 2333 λόγῳ,
700 2298 730 2324 τὸ
740 2298 839 2324 εἰδέναι
852 2297 957 2328 λεπτῶς

174 2345 222 2380 τὴν
235 2345 289 2371 τῶν
305 2345 389 2380 ἁγίων
397 2344 479 2380 ζωὴν,
495 2344 542 2371 καὶ
555 2343 640 2376 οὐδὲν,
653 2342 740 2379 οἶμαι,
756 2343 811 2370 τῶν
831 2343 892 2370 κατ’
908 2342 957 2368 αὺ-

174 2391 236 2421 τοϋς
257 2391 388 2425 ἐξοίχοιτο
409 2390 442 2417 ἂν
463 2389 508 2416 τὸν
527 2389 598 2416 θεῖόν
610 2397 639 2415 τε
664 2388 711 2415 καὶ
728 2388 865 2423 ἀκήρατον
882 2386 954 2413 νοῦν.

177 2437 230 2462 Καὶ
244 2435 408 2462 πιστώσεται
422 2435 508 2467 λέγων
526 2436 540 2462 ὸ
558 2434 660 2468 Κύριος
676 2433 753 2468 ἡμῶν
777 2431 879 2467 Ἰησοῦς
895 2431 959 2466 Χρι-

177 2481 252 2512 στός·
265 2491 273 2506 ι
295 2481 364 2516 οὐχι
383 2480 430 2507 δύο
449 2479 577 2516 στρουθία
593 2479 724 2514 ἀσσαρίου
746 2477 893 2509 uulsi-cat;
911 2476 957 2503 καὶ

175 2526 203 2551 ἓν
220 2525 249 2557 ἐξ
266 2525 355 2552 αὐτῶν
363 2525 395 2552 οὐ
413 2526 535 2552 πεσεῖται
551 2526 597 2552 ἐπὶ
618 2525 668 2559 τῆς
683 2524 733 2558 γῆς
748 2523 818 2558 »ἄνευ
835 2522 881 2549 τοῦ
906 2523 958 2548 Παο

175 2571 237 2605 τρδς
259 2569 338 2606 ἡμῶν
360 2571 408 2597 τοῦ
431 2571 460 2596 ἑν
484 2572 539 2602 τοῖς
559 2571 700 2605 οὐρανοῖς·
719 2569 795 2604 ὑμῶν
814 2568 842 2594 δὲ
859 2567 906 2594 καὶ
928 2567 957 2594 αἱ

175 2617 264 2652 τρίχες
283 2617 332 2652 τῆς
349 2616 470 2651 κεφαλῆς
485 2617 569 2643 πᾶσαι
592 2614 779 2650 ἠριθμημέναι
800 2613 877 2640 εἰσίν.
899 2622 908 2638 ι
926 2613 958 2639 Εἰ

174 2662 203 2688 δὲ
221 2663 249 2688 ἐν
270 2662 342 2697 λόγῳ
363 2662 483 2689 τέθειται
507 2661 582 2697 παρὰ
603 2661 662 2696 Θεῷ
681 2661 727 2687 καὶ
748 2661 762 2686 ὁ
786 2659 840 2686 τῶν
858 2659 958 2694 τριχῶν

175 2707 299 2742 ἀριθμὸς,
318 2707 364 2734 διὰ
375 2716 417 2734 τοι
432 2707 462 2734 τὸ
485 2707 572 2734 πάντα
594 2706 687 2741 σαφῶς
714 2706 812 2733 εἰδέναι
841 2705 874 2732 τὰ
897 2705 957 2731 κατ’

173 2754 284 2786 αὐτοὺς,
323 2754 370 2780 καὶ
409 2754 437 2780 ὲν
486 2754 606 2789 φροντίδι
645 2754 716 2779 ποίεῖ
745 2761 751 2768 ·
795 2751 864 2779 κατὰ
898 2751 957 2778 τίνα

207 2812 228 2828 "
240 2812 308 2840 Gen.
324 2820 360 2844 IV,
374 2813 466 2840 "-23.
504 2813 525 2829 "
541 2813 608 2841 Gen.
625 2821 651 2845 ν,
666 2813 692 2840 6.

175 2847 239 2874 Luc.
261 2855 317 2880 xm,
339 2848 384 2874 ‘27.
420 2849 444 2863 τ’
459 2847 550 2875 Matth.
563 2843 700 2880 x,29,30.

742 2812 772 2827 "“
790 2811 858 2839 Gen.
880 2819 915 2842 Iv,
935 2811 977 2837 26,

1005 248 1056 275 bus
1075 249 1207 284 percipite
1228 254 1369 275 sermones
1392 255 1466 274 meos
1485 254 1490 273 :
1509 247 1572 282 quia
1593 248 1681 274 virum
1699 249 1787 275 occidi

1005 294 1032 321 in
1048 295 1146 322 vulnus
1166 294 1243 325 mihi,
1262 298 1290 321 et
1311 293 1514 321 adolescentem
1533 293 1560 320 in
1575 293 1687 320 livorem
1710 294 1787 325 mihi,

1005 340 1068 374 quia
1092 341 1192 376 septies
1216 340 1384 368 vindicatum
1406 343 1448 367 cst
1468 347 1500 367 cx
1519 339 1596 371 Cain,
1613 347 1646 367 ex
1671 339 1787 367 Lamech

1005 390 1096 413 autem
1119 387 1274 422 septuagies
1296 386 1397 421 septies
1413 386 1446 412 ⁸⁷.
1466 394 1475 411 ι
1493 385 1583 412 Habes
1602 385 1628 412 in
1644 385 1687 412 his
1701 385 1787 412 maui-

1005 431 1101 460 festam
1120 432 1235 460 ﬁliorum
1251 439 1281 459 ac
1299 432 1438 467 progeniei
1453 431 1520 459 Cain
1534 432 1728 458 narrationem.
1741 430 1788 456 νὶ-

1005 477 1118 505 dcamus
1144 484 1234 505 autem
1258 478 1340 506 etiam
1365 477 1429 505 Seth
1456 476 1624 512 progeniem.
1651 476 1788 511 Scriptum

1006 529 1096 552 autem
1114 529 1155 552 est
1175 533 1270 552 rursus
1286 533 1292 551 :
1310 534 1319 550 ‹
1333 524 1406 552 Vixit
1427 528 1517 550 autem
1534 523 1598 550 Scth
1617 522 1751 549 ducentos
1763 526 1790 548 et

1006 571 1126 606 quinque
1150 579 1245 602 annos,
1262 575 1290 598 et
1307 571 1401 606 genuit
1417 570 1489 597 Enos
1502 569 1534 595 ⁸⁵⁵.
1551 578 1560 594 ›
1583 570 1620 596 De
1641 576 1695 603 quo
1713 576 1788 595 sacm

1007 615 1148 650 Scriptura
1171 616 1280 651 inquit:
1301 625 1309 641 ‹
1327 616 1377 643 Hic
1403 615 1523 650 speravit
1545 614 1666 642 invocari
1680 615 1790 641 nomine

1006 661 1113 688 Domini
1125 661 1172 687 Dei
1186 661 1228 687 ‘3’.
1245 671 1254 686 ι
1270 677 1305 681 —
1322 671 1330 687 ι
1345 662 1378 688 Et
1391 661 1451 688 facti
1467 665 1530 688 sunt
1545 666 1640 687 omnes
1654 659 1712 687 dies
1725 659 1791 687 Seth

1007 706 1150 733 duodecim
1165 711 1192 734 et
1203 707 1331 742 nongenti
1349 707 1423 739 anni,
1434 712 1462 734 et
1474 709 1599 734 mortuus
1613 710 1663 734 est.
1679 706 1713 732 Et
1725 706 1792 733 vixit

1008 752 1080 778 Enos
1103 760 1189 779 annos
1212 757 1320 779 centum
1343 753 1499 788 nonaginta,
1517 757 1545 780 et
1566 752 1660 788 genuit
1677 751 1790 782 Cainan,

1008 802 1036 824 et
1052 798 1115 825 facti
1133 801 1196 825 sunt
1216 806 1312 825 omnes
1326 798 1384 825 dies
1402 798 1475 825 Enos
1488 798 1609 833 quinque
1622 803 1650 826 et
1662 799 1791 833 nongenti

1009 842 1083 874 anni,
1099 846 1127 869 ct
1151 847 1274 869 mortuus
1295 846 1345 869 est.
1368 842 1401 869 Et
1423 842 1490 869 vixit
1510 842 1611 869 Cainan
1633 847 1743 870 centum
1765 847 1792 869 et

1008 888 1177 923 septuaginta
1193 896 1288 919 annos,
1300 892 1327 915 et
1339 887 1433 922 genuit
1445 887 1596 914 Malalehel.
1609 888 1643 914 Et
1654 887 1717 914 facti
1729 893 1793 914 sunt

1009 942 1104 962 omnes
1117 935 1175 962 dies
1186 934 1288 962 Cainan
1301 934 1394 961 decem
1408 937 1434 961 et
1444 933 1573 968 nongenti
1589 932 1663 965 anni,
1677 936 1705 960 et
1718 939 1792 960 mor-

1011 985 1073 1008 tuus
1097 985 1147 1007 est.
1165 981 1199 1007 Et
1220 980 1286 1007 vixit
1313 979 1453 1007 Malalehel
1478 983 1587 1006 centum
1606 982 1634 1005 et
1656 979 1794 1013 sexaginta

1009 1026 1129 1061 quinque
1145 1034 1241 1058 annos,
1260 1030 1287 1053 ct
1309 1026 1403 1062 genuit
1419 1025 1506 1052 lared.
1523 1025 1556 1052 Et
1575 1024 1638 1051 facti
1655 1029 1717 1051 sunt
1734 1031 1793 1051 om-

1010 1078 1058 1098 nes
1076 1071 1135 1098 dies
1149 1071 1289 1098 Malalehel
1306 1070 1453 1105 octingenti
1469 1074 1497 1097 et
1511 1069 1658 1104 nonaginta
1674 1069 1794 1104 quinque

1009 1116 1084 1148 anni,
1099 1120 1127 1143 et
1143 1119 1267 1143 mortuus
1282 1120 1333 1142 est.
1355 1110 1388 1142 Et
1407 1115 1475 1142 vixit
1491 1114 1569 1141 larcd
1583 1121 1670 1140 annos
1684 1117 1794 1141 centum

1009 1163 1147 1197 sexaginta
1169 1162 1247 1193 duos,
1265 1166 1292 1189 et
1313 1161 1408 1197 genuit
1427 1161 1520 1188 Enoch
1533 1161 1565 1187 ⁸³.
1586 1169 1595 1185 ι
1613 1159 1716 1187 Deinde
1732 1160 1769 1186 ait
1785 1169 1791 1186 -.

1013 1218 1022 1234 ‹
1039 1208 1072 1236 Et
1087 1208 1188 1243 placuit
1201 1208 1294 1235 Enoch
1308 1209 1373 1239 Deo,
1390 1211 1417 1235 et
1433 1214 1487 1234 non
1506 1206 1714 1239 inveniebatur;
1731 1206 1793 1241 quia

1010 1254 1148 1281 transtulit
1172 1261 1234 1280 eum
1257 1254 1329 1280 Deus
1344 1253 1376 1279 ⁷⁸.
1398 1263 1406 1278 ι
1433 1253 1515 1280 Vides
1538 1252 1640 1287 itaque,
1657 1259 1714 1287 prae
1734 1252 1796 1279 aliis

1009 1307 1064 1334 quo
1082 1304 1161 1334 pacto
1179 1299 1356 1326 nominantur
1373 1298 1483 1334 quidem
1502 1298 1604 1334 posteri
1617 1298 1695 1330 Cain,
1712 1305 1795 1333 gene—

1010 1345 1101 1380 risque
1122 1345 1207 1380 ipsius
1226 1346 1311 1372 series
1328 1348 1408 1380 atque
1428 1345 1564 1372 successio
1580 1348 1707 1371 narratur
1721 1352 1727 1370 :
1742 1351 1794 1370 nu-

1009 1398 1102 1418 merus
1122 1397 1187 1417 vero
1209 1397 1344 1417 annorum
1366 1389 1430 1416 vitae
1451 1389 1666 1424 uniuscujusque
1690 1395 1795 1423 nequa-

1009 1444 1091 1472 quam
1102 1441 1287 1471 computatur,
1299 1435 1528 1471 quemadmodum
1538 1440 1709 1470 posterorum
1718 1435 1794 1462 Seth.

1010 1479 1179 1508 Describitur
1190 1481 1264 1507 enim
1275 1481 1490 1515 uniuscujusque
1500 1480 1562 1507 vita:
1573 1480 1701 1514 spatium,
1713 1480 1794 1507 etiam

973 1537 994 1566 ο
1011 1529 1156 1560 antequam
1180 1525 1250 1553 ﬁlios
1273 1526 1424 1561 gignerent,
1439 1529 1467 1552 et
1487 1529 1592 1560 postea,
1608 1528 1639 1552 ut
1658 1533 1691 1552 ex
1711 1526 1796 1553 sacris

1012 1570 1123 1597 Litteris
1139 1570 1217 1597 facile
1240 1570 1327 1598 cuivis
1345 1571 1508 1598 constiterit.
1527 1570 1693 1605 Argumento
1714 1570 1796 1606 igitur

1012 1616 1064 1642 hoc
1079 1616 1192 1642 minime
1205 1616 1322 1643 obscuro
1335 1615 1426 1648 fuerit,
1441 1615 1475 1643 iis
1487 1616 1534 1651 qui
1551 1619 1625 1643 recte
1639 1616 1751 1643 omnino
1762 1616 1796 1643 de

1011 1661 1054 1689 his
1066 1661 1188 1696 judicare
1200 1661 1294 1693 velint,
1309 1661 1380 1696 quod
1396 1661 1469 1688 Deus
1483 1669 1537 1688 non
1551 1661 1685 1688 sustineat
1697 1669 1795 1696 pecca-

1013 1711 1100 1734 torum
1122 1706 1203 1733 vitam
1225 1714 1401 1742 cognoscere.
1415 1706 1533 1733 Audient
1550 1706 1640 1741 itaque
1661 1706 1688 1733 in
1704 1706 1798 1733 divino

1013 1753 1142 1779 tribunali
1164 1752 1300 1779 dicentem
1322 1752 1461 1780 Christum
1478 1761 1484 1779 :
1504 1761 1514 1777 ι
1529 1752 1614 1780 Amen
1631 1752 1694 1780 dico
1707 1752 1796 1783 vobis,

1011 1803 1150 1830 nunquam
1171 1795 1285 1830 cognmi
1304 1803 1353 1822 vos
1368 1796 1400 1822 τ¹.
1417 1806 1426 1821 ι
1444 1795 1527 1831 Atqui
1546 1796 1614 1823 nihil
1630 1797 1710 1831 plane
1724 1797 1796 1832 quod

1011 1841 1038 1868 in
1053 1841 1236 1876 cognitionem
1250 1841 1333 1873 cadit,
1344 1841 1430 1869 Deum
1440 1842 1523 1869 totius
1537 1842 1655 1869 universi
1665 1843 1794 1877 praeterit.

1013 1885 1107 1912 Sciens
1135 1889 1237 1917 autem,
1260 1893 1314 1913 non
1334 1887 1410 1913 novit
1434 1892 1602 1921 peccatores,
1628 1887 1664 1914 ob
1684 1888 1796 1915 nimiam

1011 1931 1131 1966 ipsorum
1146 1931 1325 1958 aversionem.
1344 1931 1449 1959 Idcirco
1461 1931 1572 1960 silentio
1584 1933 1796 1967 prtetermissum

1011 1980 1052 2003 est
1072 1976 1125 2011 23
1146 1980 1253 2010 tempus
1271 1975 1333 2003 vitm
1352 1980 1524 2010 posterorum
1541 1976 1617 2003 Cain.
1633 1976 1706 2003 Nihil
1722 1977 1795 2003 enim

1010 2027 1126 2059 egerunt
1138 2022 1268 2050 memoria
1282 2022 1405 2057 dignum,
1415 2022 1462 2049 sed
1475 2029 1536 2056 qua!
1549 2021 1640 2056 potius
1649 2022 1796 2050 verisimile

1010 2073 1070 2096 erat
1081 2068 1180 2095 damno
1195 2068 1286 2096 futura
1305 2068 1339 2095 iis
1355 2068 1402 2103 qui
1417 2068 1444 2095 in
1456 2070 1552 2095 eorum
1568 2068 1713 2095 lectionem
1726 2068 1795 2096 inci—

1010 2114 1124 2141 dissent.
1143 2114 1239 2141 Merito
1260 2114 1343 2149 igitur
1361 2114 1388 2140 in
1407 2113 1538 2140 memoria
1554 2113 1625 2148 apud
1639 2113 1725 2140 Deum
1740 2121 1795 2140 non

1011 2159 1131 2187 fuerunt.
1146 2160 1270 2195 Magnam
1287 2167 1353 2187 vero
1370 2159 1502 2186 rationem
1518 2159 1600 2186 habct
1614 2159 1793 2194 cognoscendi

1010 2209 1136 2232 accurate
1160 2204 1244 2232 vitam
1268 2209 1439 2237 sanctorum,
1459 2205 1592 2239 nihilque,
1613 2209 1643 2231 ut
1663 2204 1793 2238 arbitror,

1010 2249 1084 2284 quod
1105 2249 1138 2276 ad
1160 2257 1208 2276 cos
1229 2249 1356 2284 pertinet,
1370 2249 1491 2277 divinam
1512 2254 1593 2284 atque
1614 2249 1793 2277 immortalem

1011 2299 1129 2322 tuentem
1157 2295 1288 2330 praeterit.
1313 2294 1392 2328 Quod
1417 2300 1445 2322 et
1466 2295 1524 2330 ipse
1548 2295 1680 2322 Dominus
1700 2299 1794 2322 noster

1008 2339 1087 2367 Jesus
1100 2339 1225 2367 Christus
1245 2344 1369 2372 testatur,
1386 2339 1498 2367 dicens:
1517 2348 1525 2365 ι
1545 2339 1639 2366 Nonne
1658 2339 1713 2367 duo
1730 2345 1792 2375 pas—

1009 2386 1109 2413 serculi
1130 2393 1189 2413 asse
1206 2386 1347 2413 veneunt?
1364 2389 1390 2412 et
1410 2393 1482 2412 unus
1498 2392 1532 2412 ex
1550 2385 1585 2413 iis
1599 2393 1653 2412 non
1669 2385 1749 2413 cadet
1764 2385 1792 2413 in

1010 2435 1110 2458 terram
1125 2429 1229 2465 absque
1248 2431 1326 2457 Patre
1341 2437 1402 2457 meo
1413 2430 1460 2465 qui
1485 2430 1513 2457 in
1536 2429 1613 2458 omlis
1631 2434 1675 2457 est
1689 2439 1695 2457 :
1710 2431 1792 2458 vestri

1009 2480 1100 2504 autem
1112 2476 1195 2503 etiam
1206 2475 1296 2511 capilli
1306 2475 1403 2510 capitis
1413 2482 1509 2503 omnes
1517 2475 1652 2502 numerati
1665 2479 1729 2502 sunt
1737 2476 1770 2503 ⁷³.
1780 2485 1789 2501 ι

1010 2522 1038 2549 Si
1053 2526 1143 2549 autem
1156 2522 1315 2556 capillorum
1328 2521 1409 2549 etiam
1421 2525 1578 2548 nostrorum
1593 2528 1724 2548 numerus
1737 2521 1792 2549 Deo

1009 2574 1082 2599 cura:
1099 2567 1145 2599 sit,
1161 2567 1277 2602 ideoque
1290 2567 1382 2594 omnia
1395 2575 1457 2602 qua:
1471 2567 1504 2594 ad
1519 2574 1569 2594 nos
1583 2567 1730 2602 pertinent,
1742 2566 1792 2601 ipsi

1009 2613 1149 2648 explorata
1164 2612 1229 2644 sint,
1243 2619 1393 2647 eorumque
1406 2612 1538 2640 rationem
1554 2612 1663 2644 habeat,
1674 2619 1792 2646 quonam

1010 2663 1089 2694 pacto
1104 2658 1166 2686 vita:
1183 2662 1290 2692 tempus
1304 2657 1427 2693 ignorat?
1445 2667 1453 2684 ι
1470 2657 1546 2687 Oculi
1564 2657 1648 2691 enim,
1667 2667 1676 2684 ι
1694 2657 1791 2692 inquit.

1015 2713 1023 2729 ι
1040 2704 1146 2731 Domini
1164 2711 1246 2738 super
1261 2703 1365 2739 justum
1380 2703 1413 2730 ⁷³.
1431 2713 1438 2729 ι
1459 2703 1540 2738 Atdui
1552 2703 1690 2731 secundus
1701 2704 1792 2730 statim

1011 2758 1025 2777 a
1038 2749 1104 2777 Cain
1123 2749 1227 2781 Enoch,
1247 2749 1289 2776 sui
1307 2749 1426 2776 nominis
1444 2749 1539 2776 urbem
1555 2748 1583 2776 in
1602 2753 1670 2775 terra
1684 2748 1792 2780 habuit,

1027 2810 1049 2826 ‘9
1064 2808 1132 2836 Ihid.
1160 2808 1231 2836 7-19.
1269 2808 1291 2824 ⁷⁸
1313 2808 1391 2838 Ιὴίιιη
1412 2807 1456 2834 24.
1506 2807 1525 2822 ⁷¹
1547 2806 1640 2834 Matth.
1662 2813 1724 2838 xxv,
1743 2804 1788 2836 ηε

738 2848 763 2869 ⁷ιῖ
776 2847 845 2874 Psal.
861 2855 949 2878 xxvi",
966 2845 1013 2872 13.
