1990 3046
229 134 265 163 ιτ
744 133 771 161 S.
792 133 927 162 CYBlLLl
947 132 1183 163 ALEXANDBINI
1200 136 1359 165 ARCHIEP.
1828 139 1862 168 ιε

231 203 295 224 eum
313 194 414 231 alioqui
437 193 524 221 sancti
552 193 579 220 id
607 193 658 220 sibi
681 193 854 229 cogitandum
875 201 906 220 ac
925 193 1014 220 dicen-

1074 195 1104 230 δὴ
1123 197 1239 231 τρόπον,
1267 199 1282 224 ὀ
1308 197 1393 233 αὐτῆς
1417 198 1466 233 τῆς
1488 197 1560 233 ζωῆς
1583 198 1729 234 ἀγνοηθείη
1751 198 1862 235 καιρός;

232 241 310 274 dum,
330 244 410 275 atque
434 240 462 266 in
484 239 537 266 hoc
561 239 731 274 gloriandum
755 244 885 266 censeam
904 248 909 265 :
935 249 943 264 ι
962 239 1021 267 Non

233 287 367 315 habemus
380 286 424 313 hic
439 289 594 313 manentem
610 285 760 314 civitatem.
776 285 823 312 sed
839 286 959 312 futuram
979 285 1021 312 in-

232 333 385 368 quirimus.
417 331 495 366 cujus
531 331 699 358 architectus
737 336 819 365 atque
854 331 944 366 opifex
981 335 1023 358 est

233 380 304 406 Deus
322 378 354 405 “.
373 388 382 403 ι
405 378 495 405 Vitam
512 385 578 405 vero
599 378 682 413 hujus
701 378 805 409 szcculi.
822 377 1021 412 peregrinatio-

231 433 294 452 nem
310 430 371 452 esse
387 424 547 452 existiment
559 429 587 451 et
601 428 709 451 vocent.
725 424 763 451 lta
777 431 844 451 vero
860 423 962 450 alicubi
978 423 1020 450 di—

231 471 313 499 vinus
333 471 418 499 David
438 470 530 506 psallit
547 479 553 497 :
578 480 587 495 ι
603 470 723 497 Remitte
743 470 820 502 mihi,
837 470 900 504 quia
916 469 1020 496 advena

230 525 290 545 sum
319 518 347 544 in
372 522 445 544 terra
467 520 495 543 et
518 516 696 551 peregrinus,
722 515 793 543 sicut
813 523 907 543 omnes
929 519 1020 550 patres

230 563 284 591 mei
300 563 333 590 ⁷⁸.
351 573 361 589 ›
375 563 414 590 De
427 563 461 590 iis
472 562 597 597 verorqui
616 567 722 590 terrena
732 562 860 598 cogitant,
877 562 903 589 in
917 561 1019 596 psalmo

228 609 439 645 quadragesimo
453 612 551 636 octavo
572 608 609 636 ita
626 608 666 636 ait
679 617 685 634 2
701 618 709 633 ι
725 607 958 643 Cognomiuarunt
969 615 1019 634 no-

230 655 303 683 mina
316 655 402 683 suain
414 655 639 691 generationibus
648 654 746 682 suis".
760 663 769 679 ›
783 653 866 681 Ortus
874 658 966 681 autent
977 657 1019 680 est

228 710 262 729 ex
284 701 351 730 Scth
363 702 475 730 divinus
491 702 574 734 Enos,
587 701 620 728 de
633 709 687 736 quo
705 700 838 735 scriptum
855 703 898 727 est
913 708 919 725 :
942 708 950 724 ι
968 699 1019 726 llic

228 748 350 783 speravit
361 747 484 776 invocari
495 747 605 775 nomine
619 746 725 774 Domini
737 746 784 773 Dei
794 745 837 773 sui
850 746 884 772 ⁷⁷.
899 755 908 771 ι
926 745 1020 774 Genus

228 794 301 821 enim
318 794 345 821 in
359 793 470 821 Christo
484 801 591 820 sacrum
607 800 639 820 ac
655 796 789 824 sanctum,
805 796 833 819 et
848 792 875 819 in
891 799 938 827 spe
958 792 1017 827 glo-

228 839 276 868 rize
289 847 370 874 supra
384 839 521 866 hominem
535 843 669 866 versatur.
686 838 828 872 Siquidem
838 837 1016 867 cumtcrreni

228 885 323 917 simus,
338 885 457 920 adoptati
476 892 570 911 sumus
588 884 614 912 in
632 883 704 911 ﬁlios
718 884 840 911 omnium
854 884 974 916 Domini,
989 889 1017 911 et

227 931 256 958 in
272 930 370 958 fratres
384 929 497 963 Christi,
514 929 561 964 qui
576 934 689 964 propter
699 937 750 957 nos
764 929 851 957 factus
866 934 909 957 est
920 929 1018 957 similis

226 976 315 1008 nobis,
334 981 365 1003 ut
379 976 462 1003 etiam
475 983 526 1003 nos
540 983 589 1010 per
600 975 688 1010 ipsum
701 975 918 1010 praestantiorem
935 980 1018 1010 atque

226 1022 345 1049 humana
365 1022 494 1056 majorem
506 1021 631 1057 gloriam,
648 1021 686 1048 dii
698 1021 827 1049 nimirum
840 1022 926 1057 gratia
933 1025 1017 1056 atque

226 1068 394 1103 benignitate
407 1088 414 1101 ,
424 1069 687 1103 Iconsequeremum
700 1068 757 1104 Ego
776 1069 850 1096 enim
859 1068 926 1101 dixi,
949 1078 957 1094 ι
975 1069 1018 1096 in-

224 1114 285 1148 quit
298 1122 304 1140 :
317 1123 326 1138 ι
343 1113 384 1140 Dii
404 1113 481 1145 estis,
497 1118 525 1140 et
534 1113 582 1140 ﬁlii
593 1113 700 1141 Excelsi
710 1121 805 1141 omnes
818 1114 852 1141 ⁷⁸.
865 1124 874 1139 ι
891 1114 1018 1149 Speravit

226 1160 317 1195 itaque
335 1159 408 1187 Enos
421 1159 513 1186 vocari
528 1159 562 1186 ab
574 1159 636 1186 aliis
648 1160 759 1187 nomine
777 1160 885 1187 Domini
900 1160 947 1187 Dei
962 1160 1016 1194 sui,

225 1206 277 1233 hoc
291 1210 343 1237 est,
356 1205 438 1233 Deus.
453 1205 522 1233 Cum
536 1205 609 1232 enim
623 1209 697 1233 esset
710 1212 766 1233 non
779 1206 882 1241 absque
896 1206 1016 1234 admira-

224 1251 300 1279 tione
318 1251 471 1279 sanctitatis
487 1250 573 1286 gloria
590 1251 737 1283 excellens,
755 1251 839 1279 Deum
858 1252 949 1286 ipsum
966 1260 1015 1280 vo-

223 1301 322 1324 carunt
342 1296 519 1324 humaniores
538 1296 660 1332 quidam,
679 1305 808 1332 supremo
831 1298 907 1326 illum
930 1287 1016 1326 hono-

224 1350 253 1370 re
267 1350 368 1370 ornare
385 1342 537 1377 cupientes.
552 1343 686 1370 Procedat
705 1343 797 1378 itaque
814 1344 894 1371 nobis
905 1345 937 1371 ad
950 1353 1015 1379 pro—

223 1389 343 1424 positum
355 1396 455 1416 sermo.
466 1388 554 1416 Judaei
567 1388 669 1416 etenim
681 1389 739 1424 (qui
749 1393 778 1417 ct
788 1389 873 1425 ﬁgura
887 1391 941 1425 24,
952 1395 1016 1418 sunt

223 1439 395 1470 posterorum
409 1434 488 1470 Cain)
502 1435 574 1470 quod
596 1435 708 1470 quidem
727 1435 791 1467 sint,
812 1442 1015 1471 cognoscuntur

223 1481 258 1509 ab
273 1481 396 1508 omnium
418 1481 475 1508 Deo
489 1489 496 1507 :
509 1480 583 1515 quod
605 1488 672 1508 vero
691 1489 746 1508 non
762 1482 817 1509 sint
834 1482 964 1517 descripti
987 1483 1014 1511 in

223 1528 294 1556 libro
313 1527 387 1559 vitae,
408 1527 583 1555 manifestum
600 1531 644 1555 est
663 1535 697 1555 ex
713 1536 747 1556 eo
760 1528 834 1563 quod
854 1529 908 1556 vita
924 1534 1016 1564 poste-
1027 1547 1048 1576 ε

223 1581 317 1601 rerum
335 1573 404 1601 Cain
428 1573 539 1600 silentio
563 1573 747 1609 praetermissa
770 1574 816 1601 sit.
837 1574 915 1608 Quod
939 1576 1013 1603 enim

221 1620 391 1655 descriptum
404 1619 440 1647 sit
456 1626 543 1654 genus
553 1620 581 1646 in
591 1619 712 1652 Christo,
721 1624 749 1647 et
759 1619 786 1646 in
800 1621 931 1657 memoria
941 1621 1013 1656 apud

223 1665 319 1696 Deum,
336 1664 507 1692 demonstrat
527 1668 622 1699 aperte
642 1664 742 1692 litteris
757 1665 892 1699 proditam
907 1673 967 1694 esse
981 1674 1014 1694 ac

222 1711 387 1746 descriptam
399 1711 534 1746 iustorum
549 1711 644 1743 vitam,
659 1719 766 1744 eorum,
782 1711 902 1746 inquam,
917 1713 964 1748 qui
980 1720 1013 1740 ex

222 1758 288 1786 Seth
305 1758 359 1785 orti
375 1761 447 1785 sunt.
462 1757 551 1792 Atque
567 1756 662 1784 Enoch
678 1757 789 1792 quidem
805 1758 942 1786 secundus
957 1763 1013 1786 sta-

223 1802 270 1831 tim
288 1811 320 1831 ex
339 1802 417 1835 Cain,
439 1803 536 1830 urbem
556 1802 653 1829 habuit
675 1810 708 1830 ex
733 1810 783 1829 suo
805 1803 926 1830 nomine.
950 1803 1013 1831 Sola

221 1849 324 1878 etenim
337 1852 445 1876 terrena
457 1848 578 1884 cogitant
592 1849 686 1876 miseri
702 1849 799 1882 Judaei,
815 1849 1013 1885 primogenito—

222 1903 282 1922 rum
302 1894 451 1922 Ecclesiam
475 1902 530 1921 non
552 1899 761 1928 cognoscentes.
785 1902 874 1929 neque
895 1896 928 1922 ad
955 1903 1013 1924 ca:-

222 1943 317 1970 Iestem
343 1941 482 1969 civitatem
510 1941 717 1968 contendentes.
746 1941 897 1969 Pneclarus
921 1946 1012 1970 autem

221 1988 313 2015 (vadit
327 1987 401 2015 ﬁlius
418 1987 494 2019 Seth,
509 1987 560 2015 hoc
577 1991 629 2020 est,
646 1987 729 2015 Enos.
742 1987 860 2015 Vocatur
870 1987 944 2016 enim
956 1989 1012 2024 jam

220 2034 303 2062 etiam
317 2034 398 2061 Deus.
411 2033 498 2069 Hujus
509 2041 574 2061 vero
587 2034 626 2061 rei
637 2034 723 2069 gloria
737 2033 830 2061 donati
847 2041 952 2067 sumus,
964 2036 1012 2070 qui

222 2087 270 2115 per
290 2079 370 2106 ﬁdem
390 2079 500 2106 Christo
516 2085 565 2105 nos
579 2079 778 2113 copulavimus,
799 2078 912 2114 speique
929 2079 956 2106 in
971 2080 1013 2115 ip-

221 2135 281 2154 sum
305 2126 420 2154 ﬁrmiter
445 2125 620 2153 adhaesimus.
647 2125 750 2153 Addam
771 2134 838 2153 vero
861 2126 904 2154 his
930 2126 1011 2154 aliam

221 2173 303 2200 etiam
324 2180 378 2200 non
399 2172 522 2199 inutilem
540 2171 800 2199 considerationem.
817 2172 845 2199 Si
860 2173 922 2207 quis
937 2173 1010 2200 enim

1076 251 1086 267 ε
1111 242 1259 278 omnem
1271 244 1335 280 γὰρ,
1353 253 1362 269 ι
1383 244 1460 279 φηςι,
1480 253 1488 269 ι
1511 245 1614 279 Κυρίου
1638 245 1684 270 ἐπὶ
1699 244 1831 276 δικαίους.
1851 254 1861 270 ι

1073 287 1126 314 Καὶ
1140 289 1154 314 ὁ
1172 289 1221 323 μὲν
1237 289 1363 326 δεύτερος
1387 289 1467 322 εὐθὺς
1487 289 1540 317 ἀπὸ
1562 290 1631 318 Κάῐν
1652 289 1745 322 Ἑνὼς,
1760 291 1864 316 ἐπώνυ-

1073 341 1123 368 μον
1138 334 1215 370 ἔσχεν
1237 336 1266 361 ἐν
1283 337 1315 370 τῇ
1336 337 1370 372 γῇ
1388 336 1464 363 πόλιν
1476 345 1482 351 ·
1503 336 1590 362 καίτοι
1605 335 1659 362 τῶν
1675 336 1759 370 ἁγίων
1780 336 1817 367 ὡς
1835 336 1863 362 ὲν

1071 381 1228 415 αὖχήματος
1240 381 1316 414 τάξει
1333 383 1524 418 πεποιημένων
1538 382 1567 409 τδ
1582 383 1679 417 χρῆναι
1695 383 1804 418 φρονεῖν
1816 382 1864 408 καὶ

1070 425 1176 461 λέγειν·
1195 427 1252 454 Οὐκ
1266 427 1362 463 ἔχομεν
1385 424 1435 455 ὧδε
1458 428 1591 463 μένουσαν
1610 428 1705 455 πόλιν’
1727 427 1798 455 ἀλλὰ
1814 428 1863 463 τὴν

1071 472 1223 507 μέλλουσαν
1247 473 1441 509 ἐπιζητοῦμεν,
1469 472 1502 510 ἧς
1524 474 1649 510 τεχνίτης
1669 474 1716 500 καὶ
1730 474 1863 510 δημιουρ-

1070 516 1115 550 γὸς
1132 517 1146 543 ὁ
1163 517 1240 549 Θεὸς,
1263 527 1272 542 ι
1290 517 1463 553 Ἡγουμένων
1479 527 1508 545 τε
1524 519 1571 546 καὶ
1591 519 1779 553 ὀνομαζόντων
1797 528 1864 555 παρ-

1069 561 1158 587 οικὶαν
1188 561 1237 596 τὴν
1258 561 1286 587 ἐν
1308 561 1375 596 τῷδε
1398 562 1437 597 τῷ
1459 563 1509 597 βίῳ
1528 562 1610 598 ζωήν,
1633 562 1736 589 Tum
1763 562 1791 588 δέ
1811 571 1862 589 που

1070 607 1116 633 καὶ
1133 608 1146 633 ὁ
1163 606 1307 639 θεσπέσιος
1321 608 1419 635 Δαϐίδ·
1442 618 1451 634 α
1472 609 1552 640 "Ave;
1571 617 1625 644 μοι,
1641 609 1682 635 ὅτι
1698 608 1754 642 ἐγὼ
1769 609 1863 644 πάροι-

1069 652 1116 683 κός
1136 652 1194 687 εἰμι
1214 653 1242 680 ἐν
1265 654 1298 688 τῇ
1313 655 1347 689 γῇ
1367 654 1414 680 καὶ
1435 654 1635 690 παρεπίδημος,
1653 654 1744 687 καθὼς
1759 656 1861 686 πάντες

1067 698 1092 725 οἱ
1110 698 1227 734 πατέρες
1247 707 1307 734 μου.
1331 709 1340 725 ›
1362 700 1429 736 Περὶ
1442 699 1471 727 δὲ
1483 699 1538 727 τῶν
1557 699 1594 727 τὰ
1612 700 1722 734 ἐπίγεια
1738 701 1863 736 φρονοὺν⁴

1067 752 1132 777 των,
1145 745 1174 770 ὲν
1187 745 1225 780 τῷ
1241 748 1286 780 μη¹
1297 745 1397 780 ψαλμῷ
1407 746 1493 780 λέγει·
1507 756 1516 772 ι
1528 746 1743 773 Ὲπεκαλέσαντο
1758 747 1793 773 τὰ
1807 747 1862 773 ὀνό-

1068 799 1142 824 ματα
1156 790 1246 816 αὐτῶν
1265 791 1311 817 ἐπὶ
1328 791 1383 818 τῶν
1396 791 1483 826 γενῶν
1496 792 1595 819 αὐτῶν.
1609 802 1618 818 ν
1641 792 1737 826 ’Λνέφυ
1761 793 1788 819 δὲ
1808 793 1862 819 ἀπὸ

1068 837 1121 872 Σὴθ
1136 838 1150 863 ὸ
1165 836 1308 870 θεσπέσιος
1329 838 1422 870 Ἐνὼς,
1436 839 1500 873 περὶ
1515 835 1546 865 οὗ
1564 839 1719 874 γέγραπται
1729 848 1735 854 ·
1747 849 1756 864 ι
1776 837 1861 870 οὗτος

1069 883 1183 919 ἤλπισεν
1204 884 1394 912 ἐπικαλεῖσθαι
1413 885 1452 920 τῷ
1471 885 1584 920 ὀνόματι
1608 885 1711 922 Κυρίου
1729 886 1775 912 τοῦ
1792 885 1859 912 Θεοῦ

1068 930 1162 957 αὑτοῦ.
1185 939 1195 956 ι
1215 931 1252 957 Τὸ
1266 931 1321 966 γὰρ
1342 933 1370 958 ὲν
1387 931 1499 968 Χριστῷ
1515 932 1593 966 γένος
1615 932 1692 966 ἅγιον
1712 933 1760 960 καὶ
1776 933 1859 967 ἱερὸν,

1068 976 1116 1003 καὶ
1141 976 1170 1002 ὲν
1192 975 1280 1003 ἐλπίδι
1294 977 1373 1012 δόξης
1392 977 1443 1012 τῆς
1463 978 1532 1014 ὑπὲρ
1550 977 1703 1013 ἄνθρωπον.
1720 978 1803 1014 Εἴπερ
1818 978 1861 1004 ὅν-

1067 1030 1113 1053 τες
1130 1022 1163 1048 ἐκ
1181 1022 1244 1056 γῆς,
1266 1023 1424 1058 κεκλήμεθα
1443 1024 1511 1059 πρὸς
1535 1023 1671 1050 υἱοθεσίαν
1687 1024 1734 1050 τοῦ
1751 1024 1860 1050 πάντων

1067 1069 1218 1100 Δεσπότου,
1244 1070 1292 1096 καὶ
1318 1070 1358 1101 εἰς
1380 1069 1551 1104 ἀδελφότητα
1573 1070 1619 1096 τοῦ
1636 1070 1766 1105 Χριστοῦ.
1785 1070 1814 1101 ὃς
1826 1069 1859 1095 δι’

1068 1116 1140 1151 ἡμᾶς
1153 1116 1249 1150 γέγονε
1274 1116 1335 1143 καθ’
1349 1117 1434 1151 ἡμᾶς,
1458 1117 1501 1143 ἵνα
1524 1117 1570 1143 καὶ
1589 1118 1670 1152 ἡμεῖς
1690 1117 1722 1144 δι’
1736 1117 1816 1143 αὐτὸν
1831 1118 1860 1142 ὲν

1067 1163 1192 1198 ἀμείνοσί
1208 1172 1237 1189 τε
1258 1162 1305 1189 καὶ
1326 1163 1395 1198 ὑπὲρ
1416 1163 1558 1199 ἄνῦρωπον
1582 1163 1648 1195 θεοὶ,
1666 1163 1786 1197 δηλονότι
1810 1163 1859 1197 γὰ-

1067 1217 1121 1244 ριτι
1134 1209 1180 1235 καὶ
1197 1208 1397 1244 φιλανθρωπίᾳ,
1412 1208 1460 1244 τὴν
1477 1209 1555 1242 δόξαν
1572 1207 1826 1243 ἀποκερδαῖνοντες.
1846 1217 1854 1232 ι

1069 1265 1078 1280 ι
1090 1255 1220 1291 Ἐγὼγὰρ
1231 1253 1405 1290 εἷπαμφησί·
1429 1255 1502 1281 »Θεοί
1518 1255 1590 1286 ἐστε,
1606 1254 1653 1282 καὶ
1663 1254 1716 1280 υἱοὶ
1730 1253 1858 1287 Ὑψίποδ

1067 1301 1176 1332 πάντες.
1207 1309 1216 1325 ›
1234 1300 1352 1327 Ἧλπισε
1378 1300 1469 1326 τοίνυν
1489 1299 1571 1330 Ἰενὼς
1593 1298 1776 1333 κληθήσεσθαι
1793 1297 1858 1330 παρ’

1066 1348 1166 1384 ἑτέρων
1177 1347 1340 1382 ἐπ’ὸνὸματι
1354 1346 1456 1380 Κυρίου
1468 1345 1513 1372 τοῦ
1525 1344 1593 1371 Θεοῦ
1608 1343 1706 1371 αὑτοῦ·
1722 1343 1856 1373 τουτέστι,

1065 1393 1142 1424 Θεός.
1159 1392 1268 1428 Ἐπειδὴ
1281 1392 1335 1428 γὰρ
1346 1390 1380 1428 ἦν
1394 1393 1445 1418 οὐκ
1462 1391 1638 1426 ἁϐούμαοτος
1654 1392 1710 1422 τοῖς
1725 1390 1773 1425 τῆς
1787 1389 1857 1415 ὁσιό-

1065 1447 1147 1474 τητος
1172 1438 1322 1474 ἐμπρέπων
1344 1438 1494 1474 αὐχήμασι,
1521 1437 1586 1464 Θεὸν
1609 1436 1750 1471 ὠνόμαζον
1775 1435 1857 1462 αὑτὸν

1065 1484 1120 1511 τῶν
1130 1484 1341 1520 ἐπιεικεστέρων
1357 1485 1426 1517 τάχα
1443 1483 1494 1510 πού
1506 1492 1576 1514 τινες
1590 1484 1621 1517 τῇ
1636 1483 1775 1518 ὑπερτάτη
1790 1483 1855 1517 τιμῇ

1066 1530 1214 1565 στεφανοῦν
1228 1530 1370 1566 ᾑρημένοι.
1391 1530 1497 1556 Ὶὶκέτω
1508 1529 1540 1565 δὴ
1553 1528 1600 1556 οἷν
1611 1530 1625 1554 ὸ
1635 1529 1712 1562 λόγος
1727 1529 1794 1563 ἡμῖν
1810 1529 1857 1554 ἐπὶ

1065 1576 1109 1602 τὸν
1124 1577 1224 1602 οἰκεῖον
1244 1576 1354 1602 σκοπόν.
1379 1575 1498 1602 Ἰουδαῖοι
1525 1575 1573 1610 μὲν
1595 1575 1660 1609 γὰρ,
1677 1575 1702 1600 οῗ
1722 1574 1770 1600 καὶ
1789 1575 1858 1600 εἰσὶν

1064 1622 1169 1654 εἰκόνες
1190 1622 1244 1648 τῶν
1265 1622 1319 1648 ἀπὸ
1349 1621 1434 1648 Κάῖν·
1461 1621 1502 1647 ὅτι
1528 1621 1579 1656 μέν
1601 1620 1856 1654 εἱσι.γινώσκονται

1065 1668 1140 1702 παρά
1150 1676 1181 1702 γε
1195 1668 1238 1694 τοῦ
1251 1668 1359 1694 πάντων
1370 1667 1438 1694 Θεοῦ
1451 1676 1457 1682 ·
1470 1667 1512 1694 ὅτι
1526 1666 1553 1693 δὲ
1579 1667 1629 1702 τὴν
1644 1667 1809 1702 ἀπογραφὴν
1827 1667 1856 1693 ἐν

1065 1713 1148 1749 βίϐλῳ
1160 1714 1232 1748 ζωῆς
1247 1714 1296 1740 οὐκ
1311 1713 1413 1748 ἔχουσι,
1430 1712 1514 1747 σαφὲς
1535 1712 1570 1740 ἂν
1584 1713 1689 1747 γένοιτο
1704 1713 1747 1740 διά
1761 1721 1792 1746 γε
1807 1712 1854 1738 τοῦ

1064 1760 1225 1795 σεσιγῆσθαι
1242 1760 1297 1786 τῶν
1316 1759 1370 1786 ἀπὸ
1388 1759 1458 1787 Κάῖν
1473 1759 1523 1796 τὴν
1542 1758 1626 1794 ζωήν.
1643 1760 1704 1786 Ὀτι
1719 1759 1773 1794 γὰρ
1788 1759 1854 1785 ἀνά-

1063 1813 1187 1840 γραπτον
1199 1804 1229 1830 τὸ
1243 1805 1272 1831 ὲν
1283 1804 1393 1840 Χριστῷ
1405 1804 1495 1839 γένος,
1511 1804 1558 1830 καὶ
1576 1804 1605 1830 ἑν
1621 1804 1716 1840 μνήμῃ
1732 1805 1764 1839 τῇ
1779 1804 1855 1839 παρὰ

1063 1850 1133 1885 Θεῷ,
1149 1849 1337 1885 παραδείξειεν
1361 1849 1406 1881 ἂν,
1422 1847 1500 1884 οἶμαι
1516 1857 1578 1881 που,
1595 1849 1627 1875 τὸ
1646 1849 1854 1884 ἀναγεγράφθαι

1064 1895 1169 1930 σαφῶς,
1193 1895 1242 1930 τὴν
1263 1895 1318 1922 τῶν
1343 1895 1456 1922 δικαίων
1478 1894 1568 1931 ζωὴν,
1585 1895 1656 1930 φημὶ
1678 1894 1710 1930 δὴ
1728 1894 1782 1921 τῶν
1799 1895 1855 1921 ἀπὸ

1063 1941 1129 1978 Σήθ.
1143 1941 1196 1968 Καὶ
1213 1943 1227 1968 ὁ
1248 1942 1297 1976 μὲν
1317 1940 1399 1972 Ὲνὼς
1414 1940 1541 1976 δεύτερος
1557 1940 1638 1972 εὐθὺς
1653 1940 1686 1967 ὲκ
1707 1941 1787 1972 Κάῖν,
1804 1941 1853 1967 πό-

1062 1988 1103 2014 λιν
1116 1987 1194 2022 ἔσχεν
1211 1987 1367 2022 ἐπώνυμον.
1388 1986 1518 2022 Φρονοῦσι
1534 1987 1588 2022 γὰρ
1610 1987 1679 2021 μόνα
1694 1986 1727 2013 τὰ
1744 1987 1790 2013 ἐπὶ
1802 1987 1854 2021 γῆς

1061 2034 1086 2060 οι
1109 2033 1222 2065 τάλανες
1241 2033 1371 2064 Ἰουδαῶι,
1387 2033 1436 2068 τὴν
1452 2033 1505 2059 τῶν
1522 2033 1702 2068 πρωτοτόκων
1718 2033 1768 2059 οὐκ
1783 2033 1852 2059 ειδό-

1062 2088 1105 2111 τες
1118 2079 1274 2114 ἐκκλησίαν,
1293 2079 1354 2112 οέτε
1375 2079 1428 2115 μὴν
1444 2080 1484 2111 εἰς
1499 2079 1547 2114 τὴν
1561 2079 1616 2106 ἄνω
1631 2079 1790 2111 σπεύδοντες
1803 2079 1852 2106 πό-

1062 2125 1112 2153 λιν.
1126 2127 1272 2162 Εὺδοκιμεῐ
1291 2126 1319 2152 δὲ
1335 2125 1394 2152 λίαν
1416 2127 1430 2152 ὁ
1445 2126 1499 2152 ἀπὸ
1519 2125 1584 2160 Σὴθ,
1599 2125 1734 2156 τουτέστι,
1759 2125 1850 2156 Ἐνώς.

1068 2172 1246 2207 Ὀνομὰζεται
1272 2172 1327 2207 γὰρ
1417 2172 1465 2198 καὶ
1481 2171 1558 2200 Θεὸς.
1575 2171 1805 2206 Πεπλουτήκαμεν
1823 2171 1852 2198 δὲ

220 2219 298 2246 (Zaini
314 2224 341 2246 et
359 2218 424 2246 Seth
444 2222 616 2252 posterorum
633 2224 720 2252 genus
735 2221 886 2250 recenseat,
902 2217 1011 2252 praeﬁxo

1066 2218 1104 2245 διὰ
1118 2218 1236 2249 πίστεως
1251 2217 1302 2253 τὴν
1322 2218 1368 2244 ἐπὶ
1387 2217 1455 2252 τῷδε
1471 2217 1559 2249 ὂόξαν,
1570 2219 1595 2244 οξ
1607 2217 1718 2253 Χριστῷ
1740 2218 1853 2252 προσδε-

221 2265 364 2300 utriusque
382 2264 467 2292 veluti
488 2263 579 2290 radice
595 2263 711 2298 quadam
727 2263 841 2296 Adamo,
862 2265 1008 2299 septimum

221 2311 332 2346 quidem
349 2311 384 2338 ab
397 2318 430 2338 eo
445 2309 566 2337 inveniet
581 2309 698 2336 Lamcch
712 2317 745 2337 ex
759 2309 826 2337 Cain
841 2314 949 2343 natum;
965 2319 1008 2338 sc-

221 2357 336 2394 ptimum
361 2365 427 2384 vero
454 2364 565 2383 rursum
588 2356 682 2383 Enoch
709 2364 742 2383 ex
766 2356 830 2383 Seth
854 2366 859 2383 :
880 2357 917 2384 ita
935 2358 1008 2385 enim

220 2404 363 2438 utriusque
380 2403 464 2430 series
480 2411 540 2430 sese
555 2402 639 2430 habet
656 2411 662 2428 :
681 2411 690 2427 ι
706 2402 893 2435 Adam,Cain,
904 2403 1008 2435 Enoch,

219 2449 333 2481 Gaidad,
344 2447 470 2481 Maviacl,
482 2448 670 2479 Mathusalem,
682 2447 811 2474 Lamcch.
828 2457 836 2473 ι
852 2448 886 2475 Et
896 2456 1009 2476 rursus:

223 2504 232 2520 ι
252 2495 351 2526 Adam,
374 2493 456 2527 Seth,
483 2494 570 2526 Enos,
592 2494 710 2525 Cainan,
740 2492 898 2526 Malalehel,
917 2495 1009 2527 Jared,

220 2541 348 2568 Enochn
369 2541 516 2568 Videamus
534 2540 627 2576 itaque
645 2540 672 2567 in
693 2540 793 2575 quibus
809 2545 935 2576 uterque.
956 2541 1008 2568 La-

220 2586 298 2614 mech
315 2587 388 2614 enim
408 2594 470 2615 cum
491 2587 625 2615 uxoribus
638 2587 695 2615 suis
709 2587 936 2615 consuetudinem
959 2588 1008 2615 ha—

219 2633 290 2665 buit,
309 2633 427 2661 dicens:
451 2643 459 2659 ι
477 2633 576 2660 Audite
598 2641 691 2661 vocem
714 2641 813 2665 meam,
832 2641 931 2661 uxores
955 2633 1008 2661 La-

220 2679 309 2711 mecb.
322 2679 435 2707 auribus
445 2679 578 2715 percipite
590 2687 731 2708 sermones
741 2686 830 2711 meos;
842 2679 906 2714 quia
918 2679 1007 2707 virum

219 2726 307 2753 occidi
320 2726 347 2753 in
358 2726 457 2754 vulnus
469 2726 546 2758 mihi,
562 2730 590 2754 et
606 2726 840 2753 adolescentulum
854 2724 880 2752 in
893 2725 1007 2753 livorem

220 2771 298 2804 mihi,
312 2772 376 2807 quia
394 2772 495 2807 septies
513 2772 680 2800 vindicatum
699 2774 741 2798 est
755 2778 789 2798 ex
804 2769 872 2798 Cain
886 2779 892 2796 :
905 2777 938 2798 ex
954 2769 1007 2797 La-

251 2831 276 2846 “
286 2830 369 2858 llehr.
389 2831 491 2863 me‘.

219 2866 295 2893 Joan.
317 2874 342 2899 ς,
357 2866 374 2892 ὅ
381 2867 400 2894 ί.

546 2831 570 2846 τ’
582 2830 653 2858 Psal.
667 2838 776 2862 xxxvut,
798 2829 840 2862 l5,
857 2829 899 2856 Μ.
939 2829 962 2844 ⁷⁸
982 2829 1053 2856 Psal.
1067 2837 1158 2861 XLVIII,
1181 2829 1224 2856 12.

1062 2264 1248 2300 δραμηκότες,
1270 2264 1318 2290 καὶ
1337 2264 1386 2298 τῆς
1401 2265 1440 2295 εἰς
1458 2264 1540 2290 αὐτὸν
1563 2263 1679 2295 ἐλπίδος,
1695 2265 1780 2298 ἀπρὶξ
1796 2265 1851 2299 ἡμ-

1065 2311 1152 2347 μένοι.
1169 2310 1321 2345 Προοθειην
1345 2310 1368 2336 δ’
1384 2309 1417 2336 ἂν
1440 2310 1479 2336 ἔτι
1506 2310 1552 2336 καὶ
1574 2310 1682 2345 ἑτέραν,
1700 2307 1739 2341 οἷς
1772 2310 1850 2345 ἔφην,

1064 2357 1228 2392 ἑπιτήρησιν
1240 2356 1403 2390 ἀναγκαίαν.
1420 2355 1592 2389 Γενεαλογεῐν
1607 2356 1662 2390 γὰρ
1672 2355 1752 2390 εἴπερ
1767 2355 1852 2381 ἕλοιτό

1062 2411 1104 2434 τις
1121 2402 1184 2434 τούς
1198 2411 1228 2428 τε
1243 2402 1297 2429 ἀπὸ
1311 2402 1381 2429 Κάῖν
1396 2403 1444 2428 καὶ
1460 2402 1523 2438 Σὴθ,
1541 2403 1704 2437 προαναθεὶς
1718 2402 1850 2437 ἐκατέρου

1063 2449 1141 2484 ῥίζαν
1162 2447 1257 2483 ὥσπερ
1279 2447 1342 2474 τινὰ
1364 2448 1410 2474 τὸν
1429 2447 1525 2482 Ἀδὰμ,
1541 2447 1655 2482 ἕϐδομον
1676 2447 1725 2482 μὲν
1739 2448 1850 2482 εὑρήσει

1062 2495 1156 2530 Λάμεχ
1180 2494 1223 2521 διὰ
1245 2494 1292 2521 τοῦ
1313 2495 1382 2521 Κάῖν
1404 2494 1563 2530 ἐρχόμενον·
1585 2493 1699 2528 ἒὸδομον
1723 2494 1751 2520 δὲ
1769 2493 1850 2520 αὑτὸν

1069 2541 1153 2575 Ἑνὼχ
1166 2540 1210 2567 διὰ
1223 2539 1270 2567 τοῦ
1287 2539 1342 2574 Σὴθ
1368 2540 1510 2574 γεγονότα.
1529 2541 1606 2575 Ἔχει
1623 2540 1651 2566 δὲ
1664 2540 1750 2570 οὕτως
1773 2540 1789 2573 ἡ
1807 2539 1850 2564 ἐπ’

1062 2587 1163 2622 ἀμφοῖν
1185 2586 1240 2612 τῶν
1261 2585 1383 2621 γενητῶν
1403 2586 1607 2621 ἀπαρίθμησιςο
1626 2594 1635 2610 ι
1656 2585 1751 2619 Ἀδὰμ.
1768 2585 1849 2614 Κάῖν,

1067 2632 1161 2665 Ἐνὼς,
1181 2631 1290 2662 ranas.
1309 2632 1443 2663 Μαοοῖας,
1459 2631 1634 2663 Μαϐουσάλι,
1652 2631 1757 2665 Λάμεχ.
1771 2640 1780 2656 ο
1797 2630 1850 2656 Καὶ

1061 2678 1158 2704 πάλιν·
1179 2687 1187 2703 ι
1214 2677 1320 2713 ’Λδὰμ,
1347 2677 1417 2712 Σὴθ,
1441 2676 1539 2708 Ἐνὼς,
1564 2676 1668 2706 Καῑὰν,
1696 2673 1849 2709 Μαλελεὴλ,

1066 2724 1161 2759 Ίάρεδ,
1180 2724 1275 2759 Ἑνώχ.
1301 2734 1309 2750 ι
1329 2724 1444 2760 Ἴδωμεν
1464 2724 1553 2750 τοίνυν
1575 2724 1605 2749 ὲν
1622 2722 1692 2748 τίσιν
1709 2721 1848 2756 ἑκάτερος.

1066 2770 1096 2796 ’0
1108 2770 1158 2805 μὲν
1173 2769 1227 2806 γὰρ
1241 2770 1337 2806 Λάμεχ
1350 2772 1410 2802 ταῖς
1425 2769 1521 2809 ἑαυτοῦ
1533 2768 1657 2804 γυναιξὶν
1667 2767 1847 2800 ἀνεκοινοῦτο,

1285 2829 1308 2845 "'
1327 2829 1397 2857 Gen.
1417 2837 1454 2862 IV,
1473 2829 1517 2856 26.
1575 2829 1598 2844 "
1611 2827 1682 2855 Psal.
1705 2833 1792 2858 Lxxxx,
1814 2826 1847 2859 σι
