1990 3046
190 163 219 192 lii

698 161 726 190 S.
746 161 884 190 CYRILLI
902 159 1137 188 ALEXANDRINI
1157 159 1315 187 ARCHIEP.

1783 159 1818 187 52

191 222 322 258 temporis
333 221 490 249 hominibus
501 222 572 250 Deus
579 222 653 249 Enos
665 231 671 247 :
684 221 820 256 siquidem
829 228 890 248 cum
899 218 976 254 justi-

1031 218 1169 253 Κέκληται
1192 217 1247 254 γὰρ
1268 218 1343 253 παρὰ
1367 218 1423 249 τοῖς
1450 217 1576 252 τηνικάδε
1597 216 1662 249 Θεδς
1684 219 1697 244 ὁ
1723 217 1817 250 Ἐνώς.

190 269 244 301 tim,
261 276 315 304 qua
331 268 463 303 pratditus
478 271 547 300 erat,
563 268 779 304 magnitudinem
799 266 975 296 mirarentur,

189 315 275 342 Deum
295 314 387 342 statim
408 314 603 347 nominarunt,
628 313 837 340 convenientem
859 309 977 338 maxime

191 360 309 387 hominis
320 360 414 387 virtuti
427 367 487 387 eam
503 359 713 395 appellationem
725 357 922 385 existimantes.
938 355 977 382 Ex

190 407 263 434 Enos
280 414 355 438 vero,
370 406 427 435 sive
448 414 482 439 eq
502 406 546 433 cui
564 412 713 441 cognomen
738 408 797 431 erat
819 403 902 435 Deus,
920 403 976 430 nati

189 456 254 479 sunt
268 452 325 484 alii,
341 457 402 487 post
416 460 485 487 quos
501 452 583 479 etiam
600 450 718 478 Lamech
736 454 815 484 pater
832 449 890 477 Noe
905 458 910 475 :
929 449 976 484 qui

190 497 217 524 in
235 497 283 524 lilii
306 498 447 525 natii'itate
468 498 602 532 propheta
627 495 719 523 statim
745 499 787 522 est
811 494 975 527 declaratus,

189 543 419 578 quemadmodum
436 544 492 571 fere
512 543 595 570 etiam
607 541 754 568 Zacharias
779 541 806 568 in
826 540 906 568 beato
923 541 976 568 Ba-

188 589 279 623 pzista.
296 589 414 616 Lamech
428 589 502 616 enim
517 587 603 615 ﬁlium
616 594 696 614 suum
712 586 975 621 vocavitNoe,quod

188 635 323 670 signiﬁcat
342 635 477 669 requiem,
493 634 516 661 si
539 633 567 660 in
588 638 710 661 nostram
732 632 852 668 linguam
873 640 904 660 ea
924 640 976 659 vox

188 680 379 708 transferatur.
401 679 530 708 Reddens
548 687 614 706 vero
630 679 831 714 quodammodo
846 679 975 714 hujusce-

187 725 262 753 modi
274 725 467 760 appellationis
478 732 588 753 causam
599 724 717 752 Lamech
733 733 739 750 :
757 734 765 750 ι
781 724 840 756 Hie,
854 733 862 749 ι
875 724 974 759 inquit,

189 780 198 795 ε
213 769 358 804 quiescere
381 768 464 797 faciet
488 777 540 796 nos
567 768 602 795 ab
624 768 755 804 operibus
776 767 888 800 nostris,
911 772 940 795 et
960 776 975 795 a

186 820 260 843 terra
281 814 326 843 cui
338 815 481 844 maledixit
492 815 625 843 Dominus
635 815 707 842 Deus
716 813 749 841 ".
761 824 769 840 ›
783 815 820 841 De
833 813 975 849 splendida

185 862 268 898 igitur
286 862 357 891 adeo
382 867 464 898 atque
489 862 591 897 optima
607 869 654 898 spe
671 861 729 889 Noe
752 861 881 888 nativitas
904 868 976 896 prat-

182 909 258 937 dicta
279 913 323 938 est
343 909 495 938 veteribus.
520 909 554 936 Et
582 908 694 943 quidem
719 908 843 935 decimus
865 907 917 934 fuit
941 907 976 934 ab

184 955 270 982 Adam
283 963 333 990 per
355 954 422 983 Seth
448 954 477 982 in
497 954 607 989 generis
628 952 718 986 serie,
739 952 919 988 pervenitque
941 951 976 980 ad

186 1001 273 1035 ipsum
288 1008 375 1035 usque
389 999 483 1028 vocari
494 1000 528 1027 ab
539 999 668 1026 omnibus
680 999 750 1026 Deos
764 999 838 1025 Enos
851 990 976 1033 posteros

185 1049 365 1080 cognomento
372 1046 447 1073 DeiJ
458 1045 592 1074 Caeterum
602 1049 688 1078 erat,»
700 1045 814 1080 inquit,c
828 1044 884 1071 Noe
895 1044 977 1079 quin—

184 1096 330 1126 gentorum
351 1100 504 1125 annorum,
527 1096 556 1119 et
581 1092 676 1127 genuit
701 1096 756 1119 tres
781 1091 869 1123 ﬁlios,
896 1091 974 1124 Sem,

184 1136 282 1170 Citam,
301 1141 330 1164 et
343 1136 472 1171 Japheth;
487 1147 496 1162 ι
515 1141 543 1164 et
564 1136 627 1164 Sem
644 1136 766 1172 quidem,
789 1136 812 1163 si
832 1136 974 1164 Hebneam

185 1182 413 1217 signiﬁcationem
424 1182 517 1210 Graece
532 1182 690 1215 transferas,
707 1182 902 1218 perfectionem,
918 1182 975 1210 sive

186 1228 308 1263 plantam
334 1227 470 1265 signiﬁcat
489 1237 497 1255 ι
520 1227 605 1255 Cham
625 1235 692 1255 vero
710 1227 872 1255 caliditatcm
894 1237 903 1255 :
932 1228 976 1256 Ja-

186 1273 271 1307 pheth
299 1278 392 1300 autem
420 1272 615 1300 dilatationem.
649 1273 752 1300 Deinde
783 1274 871 1308 inquit
899 1282 975 1301 sacra

186 1318 328 1353 Scriptum
343 1327 350 1345 :
366 1328 376 1344 ‹
391 1318 426 1346 Et
440 1318 543 1346 factum
562 1323 614 1351 est,
633 1319 743 1354 quando
762 1324 906 1355 coeperunt
924 1320 975 1347 ho—

187 1364 275 1392 mines
288 1364 465 1400 multiplicari
479 1372 562 1399 super
577 1369 689 1398 terram,
709 1370 737 1393 et
755 1366 816 1393 ﬁliae
828 1371 897 1393 natm
911 1371 976 1394 sunt

186 1411 235 1438 eis.
253 1410 382 1438 Videntes
400 1415 493 1438 autem
509 1411 566 1438 ﬁlii.
579 1411 626 1438 Dei
645 1411 712 1438 ﬁlias
733 1411 887 1444 hominum,
902 1413 975 1447 quod

187 1455 309 1490 pulchra:
329 1460 405 1488 sunt,
426 1460 591 1491 acceperunt
610 1455 662 1483 sibi
680 1465 780 1484 uxores
798 1465 831 1484 ex
847 1458 977 1485 omnibus

187 1510 255 1537 quas
268 1502 417 1537 elegerant.
434 1502 468 1529 Et
487 1502 556 1530 dixit
572 1502 705 1530 Dominus
723 1503 795 1530 Deus
811 1512 816 1530 :
830 1503 890 1531 Non
912 1512 976 1539 per—

993 890 1013 917 li

1036 264 1143 301 Ἐπειδὴ
1162 265 1216 301 γὰρ
1240 265 1408 300 ἐτεθήπεσαν
1429 265 1478 299 τῆς
1499 264 1612 300 ἐνούσης
1628 264 1702 300 αὑτῷ
1716 265 1819 291 δικαιο-

1030 310 1113 346 σύνης
1133 311 1163 337 τὸ
1187 310 1313 346 μέγεθος,
1332 311 1399 338 Θεδν
1422 310 1564 346 ὠνόμαζον
1587 311 1679 342 εὐθὺς,
1700 311 1818 346 πρέπειν

1028 357 1070 383 ὅτι
1093 357 1211 393 μάλιστα
1227 366 1258 391 γε
1276 358 1309 393 τῇ
1325 357 1373 383 τοῦ
1387 357 1483 392 ἀνδρὸς
1498 357 1583 393 ἀρετῇ
1595 351 1644 392 τὴν
1660 356 1817 392 ἐπωνυμίαν

1029 403 1184 439 ἡγούμενοι.
1214 403 1280 430 ’Λπὺ
1303 403 1331 429 δὲ
1354 402 1401 430 τοῦ
1427 402 1525 436 Ἐνὼς,
1556 403 1616 438 ἦτοι
1633 402 1679 429 τοῦ
1702 403 1817 437 ἐπίκλην

1028 450 1108 483 Θεοῦ,
1129 451 1273 485 γεγόνασιν
1290 451 1388 486 ἕτεροι,
1409 450 1468 486 μεθ’
1482 450 1529 482 οὓς
1551 450 1598 476 καὶ
1613 450 1709 484 Λάμεχ
1722 451 1735 476 ὁ
1755 450 1817 476 Νῶε

1028 499 1129 534 πατὴρ,
1150 498 1180 529 ὃς
1195 498 1243 524 ἐπὶ
1258 499 1291 532 τῇ
1306 496 1352 523 τοῦ
1371 496 1465 529 παιδὸς
1480 497 1601 531 γενήσει,
1618 497 1761 531 προφήτης
1773 496 1819 523 εὑ-

1028 545 1075 574 οὺς
1086 544 1287 571 ἀναδείκνυται·
1305 542 1432 578 καθάπερ
1449 542 1544 578 ἀμέλει
1560 542 1607 568 καὶ
1625 541 1761 576 Ζαχαρίας
1771 541 1818 567 ἐπὶ

1026 589 1065 625 τῷ
1083 589 1211 625 μακαρίῳ
1225 588 1376 622 Βαπτιστῇ.
1392 587 1453 614 Νῶε
1473 587 1522 622 μὲν
1538 586 1592 623 γὰρ
1607 587 1620 613 ὁ
1636 586 1732 622 Λάμεχ
1748 585 1817 612 ὠνό-

1029 635 1097 671 μαζε
1117 635 1162 662 τὸν
1182 635 1257 661 υἱόν
1278 635 1291 661 ὃ
1315 635 1389 660 ἐστιν
1415 633 1579 665 ἀνάπαυσις,
1611 633 1635 659 εί
1652 631 1763 666 γλώσσῃ
1783 631 1817 666 τῇ

1027 680 1088 707 καθ’
1101 681 1175 716 ἡμᾶς
1183 680 1200 715 ἡ
1209 679 1280 712 λέξις
1293 677 1507 714 διερμηνεύοιτο.
1521 677 1674 708 Ἀποδιδοὺς
1685 677 1712 703 δὲ
1723 677 1818 711 ὥσπερ

1026 726 1075 761 τὴν
1090 726 1179 752 αἰτίαν
1196 725 1243 760 τῆς
1258 724 1364 751 τοιᾶσδε
1381 723 1528 758 κλήσεωςὸ
1545 722 1650 757 Λάμεχ,
1667 731 1675 747 ι
1697 719 1791 754 Οὗτος,
1807 731 1816 746 ι

1026 772 1104 807 φησὶ,
1122 780 1131 796 ι
1145 769 1325 797 διαναπαύσει
1335 770 1409 804 ἡμᾶς
1424 768 1479 795 ἀπὺ
1495 767 1550 794 τῶν
1564 767 1652 803 ἔργων
1668 767 1758 802 ἡμῶν,
1772 767 1820 793 καὶ

1026 817 1081 845 ἀπὸ
1097 818 1147 853 τῆς
1161 817 1213 851 γῆς
1227 815 1261 852 ἦς
1276 816 1453 851 κατηράσατο
1469 814 1572 850 Κύριος
1592 815 1606 840 ὀ
1622 813 1698 845 Θεὸς.
1723 823 1732 839 ι
1757 813 1819 840 Ἐπὶ

1026 863 1167 899 λαμπραῖς
1188 860 1234 889 οὖν
1258 862 1329 888 οὕτω
1351 862 1398 888 καὶ
1419 861 1624 896 λιπαρωτάταις
1652 859 1774 891 ἐλπίσιν,
1801 861 1818 894 ἡ

1027 910 1088 937 Νῶε
1103 910 1211 944 γένεσις
1234 908 1453 944 προανεφωνεῖτο
1469 908 1527 938 τοῖς
1541 906 1636 933 πάλαι.
1656 906 1712 932 Καὶ
1730 903 1764 941 ἦν
1777 905 1818 931 δέυ

1027 965 1109 988 κατος
1124 954 1153 988 ἐξ
1174 954 1262 989 Ἀδὰμ
1281 953 1324 980 διὰ
1347 952 1401 989 Σὴο
1429 951 1689 986 γενεαλογούμενος,
1721 950 1819 985 μέχρις

1025 1001 1109 1029 αὑτοῦ
1123 1001 1274 1037 διήκοντος,
1292 999 1339 1026 τοῦ
1350 997 1545 1033 διακεκλῆσθαι
1565 997 1630 1028 δεῖν,
1647 997 1715 1032 πρὸς
1733 997 1819 1023 ἁπάν-

1026 1056 1079 1074 των
1101 1046 1195 1078 θεοὺς,
1216 1047 1280 1075 τοὺς
1306 1044 1335 1077 ἐξ
1358 1043 1443 1075 Ἐνὼς
1461 1043 1608 1078 γεγονότας
1632 1042 1680 1068 τοῦ
1704 1042 1819 1076 ἐπίκλην

1025 1093 1105 1121 Θεοῦ.
1125 1103 1134 1119 ι
1161 1092 1232 1119 ’.ἁλλ’
1247 1090 1280 1130 ἦν
1292 1092 1305 1118 ὁ
1319 1091 1392 1122 Νῶε,
1411 1100 1420 1116 ι
1435 1088 1724 1126 φησὶμπεντακοσίων
1739 1087 1819 1117 ἐτῶν,

1026 1141 1072 1167 καὶ
1089 1139 1217 1174 ἐγέννησε
1232 1139 1306 1172 τρεῖς
1319 1132 1404 1168 υἱοὺς,
1420 1136 1466 1162 τὸν
1478 1134 1548 1169 Σὴμ,
1564 1135 1610 1161 τὸν
1619 1133 1694 1169 Χὰμ,
1705 1134 1750 1159 τὸν
1768 1132 1819 1160 Ὶά-

1026 1187 1088 1221 φεο.
1107 1196 1115 1211 ι
1135 1185 1190 1212 Καὶ
1204 1184 1218 1209 ό
1232 1183 1282 1220 μὲν
1295 1183 1354 1218 Σὴμ
1365 1181 1594 1219 τελειότης,ἤτοι
1605 1181 1741 1215 φύτευμα
1754 1187 1818 1214 μετ-

1025 1232 1184 1268 ονομάζοιτο
1210 1230 1242 1258 ἂν
1274 1229 1304 1262 ἐξ
1333 1229 1467 1264 Ἐϐραίων
1494 1228 1533 1259 είς
1564 1227 1677 1253 Ἐλλάδα
1710 1226 1817 1260 φωνήν·

1025 1279 1170 1313 θερμασία
1185 1277 1213 1304 δὲ
1231 1278 1244 1303 ὁ
1260 1276 1341 1311 Χάμ-
1360 1275 1539 1309 πλατυσμὸς
1558 1274 1609 1300 δὲὸ
1631 1273 1731 1308 Ίάφεϐ.
1753 1270 1818 1298 Εἶτά

1026 1333 1093 1360 φησι
1120 1325 1150 1350 τδ
1171 1323 1291 1359 Γράμμα
1319 1322 1349 1350 τὸ
1384 1321 1470 1357 ἱερόν·
1500 1330 1509 1346 ι
1538 1320 1662 1354 Ἐγένετο
1686 1319 1714 1346 δὲ
1738 1319 1818 1354 ἡνίκα

1026 1372 1143 1407 ἤρξαντο
1165 1371 1189 1398 οἱ
1209 1369 1347 1405 ἄνθρωποι
1368 1368 1459 1395 πολλοὶ
1481 1367 1605 1402 γίνεσθαι
1623 1367 1670 1393 ἐπὶ
1689 1365 1738 1399 τῆς
1754 1365 1817 1400 γῆς,

1026 1417 1074 1444 καὶ
1087 1416 1238 1452 Θυγατέρες
1247 1415 1434 1450 ἐγεννήθησαν
1447 1415 1549 1445 αὐτοῖς.
1559 1413 1672 1444 Ἰδόντες
1683 1412 1711 1439 δὲ
1724 1412 1748 1438 o!
1767 1411 1820 1438 υἱοὶ

1025 1463 1075 1490 τοῦ
1096 1462 1164 1489 Θεοῦ
1184 1462 1233 1493 τὰς
1253 1461 1409 1497 Ουγατέρας
1427 1460 1482 1486 τῶν
1497 1458 1659 1494 ἀνθρώπων,
1677 1459 1718 1485 ὅτι
1740 1457 1821 1484 καλαί

1026 1510 1104 1540 εἰσιν,
1121 1508 1216 1534 ελαῦον
1239 1508 1346 1538 ἑαυτοῖς
1363 1507 1495 1540 γυναῖκας
1514 1505 1567 1531 ἀπὸ
1590 1504 1687 1532 πασῶν
1712 1500 1748 1530 ὧν
1775 1503 1820 1535 εἷς

188 1547 310 1576 manebit
322 1547 437 1583 spiritus
449 1555 528 1575 meus
546 1548 574 1575 in
588 1548 747 1575 hominibus
765 1548 834 1580 istis,
853 1549 880 1576 in
895 1553 976 1576 aeter-

1029 1553 1164 1585 ελέξαντο.
1179 1552 1234 1578 Καὶ
1245 1550 1304 1578 εἷπε
1320 1551 1423 1586 Κύριος
1436 1552 1450 1577 ὁ
1465 1551 1547 1582 Θεός·
1563 1550 1600 1577 Οὐ
1618 1550 1655 1586 μὴ
1668 1549 1821 1585 καταμείνῃ

188 1601 265 1627 num,
284 1601 318 1621 eo
335 1593 408 1628 quod
426 1594 482 1621 sint
502 1593 554 1628 ipsi
577 1601 685 1621 carnes.
703 1594 792 1622 Erunt
811 1599 903 1621 autem
919 1594 978 1621 dics

188 1640 297 1669 illorum
321 1644 432 1667 centum
447 1640 542 1675 viginti
559 1640 634 1667 anni.
649 1640 684 1667 At
698 1640 820 1675 gigantes
836 1644 915 1667 erant
930 1648 977 1668 su-

189 1692 237 1719 per
249 1689 350 1712 terram
364 1684 393 1713 in
404 1684 504 1711 diebus
517 1684 571 1712 illis
582 1685 616 1711 ⁸⁸.
629 1694 638 1710 ι
652 1684 685 1711 Et
699 1689 760 1719 post
775 1684 843 1712 illud
857 1693 863 1711 :
882 1694 891 1710 ι
902 1685 979 1712 Post-

188 1737 270 1765 quam
293 1729 409 1765 ingressi
422 1734 487 1757 sunt
505 1730 553 1757 ﬁlii
575 1730 622 1757 Dei
639 1730 674 1757 ad
694 1730 764 1758 ﬁlias
778 1730 932 1762 hominum,
950 1735 979 1758 et

188 1780 343 1810 genuerunt
358 1776 413 1804 illis
428 1786 434 1803 :
450 1776 495 1804 isti
511 1776 624 1804 fuerunt
636 1777 760 1812 gigantes
774 1785 790 1804 a
807 1777 908 1804 szeculo
927 1777 977 1804 ho-

188 1823 277 1851 mines
305 1823 439 1851 nominati
463 1823 498 1850 “.
521 1834 530 1850 ι
557 1824 801 1860 Ροεῐιιυιιωρεηίιιι
827 1824 977 1852 humanum

187 1877 274 1905 genus
289 1870 317 1896 in
328 1877 454 1905 magnam
467 1870 672 1898 multitudinem
683 1874 725 1898 est
742 1875 931 1905 propagatum,
951 1870 977 1897 in

187 1916 309 1952 absurda
332 1917 480 1947 mulierum
504 1917 641 1946 desideria
662 1917 793 1952 prolapsi,
815 1917 913 1952 inquit,
930 1917 978 1944 ﬁlii

188 1961 246 1996 Dei,
260 1967 427 1997 acceperunt
438 1962 489 1990 sibi
503 1962 570 1998 ipsis
583 1962 713 1990 mulieres
727 1971 760 1990 ex
771 1962 901 1989 omnibus
911 1970 979 1997 quas

186 2007 335 2043 elegerant.
350 2008 406 2043 28
415 2008 508 2044 Neque
516 2016 582 2036 vero
596 2009 764 2044 ignoramus,
775 2008 803 2035 in
814 2007 977 2043 quibusdam

187 2054 390 2089 exemplaribus
400 2055 439 2082 ita
454 2060 548 2090 aperte
559 2055 612 2090 legi
626 2064 633 2082 :
651 2064 659 2080 ι
673 2055 806 2082 Videntes
818 2058 911 2081 autem
928 2061 977 2081 an-

187 2100 240 2136 geli
256 2100 305 2128 Dei
320 2100 390 2133 ﬁlias
405 2101 558 2129 hominum.
571 2111 579 2126 ι
593 2101 726 2134 Praeterea
740 2101 905 2137 detorquent
918 2101 979 2136 qui-

187 2146 249 2180 dam
263 2147 444 2182 voluptuaria:
459 2147 541 2183 hujus
552 2148 615 2174 vita:
630 2147 840 2182 incusationem,
855 2147 978 2182 adeoque

189 2193 309 2228 turpium
331 2194 513 2229 cupiditatum
538 2194 646 2229 culpam
673 2194 701 2221 in
722 2194 844 2228 perditos
868 2194 978 2229 angelos

1029 1599 1060 1625 τὸ
1077 1598 1187 1633 πνεῦμά
1201 1606 1252 1632 μου
1265 1598 1294 1623 ἐν
1314 1598 1369 1628 τοῖς
1397 1595 1551 1632 ἀνθρώποις
1576 1597 1698 1628 τούτοις,
1719 1597 1757 1627 εἰς
1775 1595 1822 1621 τὸν

1029 1644 1124 1676 αἰῶνα,
1137 1643 1181 1670 διὰ
1201 1643 1230 1669 τὺ
1253 1641 1323 1669 εἶναι
1343 1643 1441 1674 αὐτοὺς
1465 1642 1580 1677 σάρκας.
1599 1642 1727 1668 Ἔσονται
1745 1640 1772 1666 δὲ
1792 1641 1820 1666 αἱ

1029 1692 1133 1727 ἡμέραι
1148 1690 1229 1716 αὑτοῦ
1249 1689 1291 1725 ρκ’
1304 1688 1363 1725 ἔτη.
1380 1690 1411 1715 Οί
1430 1689 1458 1715 δὲ
1481 1689 1609 1723 γίγαντες
1627 1686 1697 1724 ἦσαν
1712 1688 1759 1714 ἐπὶ
1771 1686 1821 1721 τῆς

1029 1736 1090 1770 γῆς,
1114 1736 1143 1761 ἐν
1165 1736 1225 1766 ταῖς
1245 1734 1362 1770 ἡμέραις
1378 1734 1507 1765 ἐκείναις,
1532 1744 1540 1759 ›
1558 1734 1612 1760 Καὶ
1634 1733 1693 1768 μετ’
1713 1733 1818 1759 ἐκεῖνο·

1033 1791 1041 1806 ι
1064 1782 1106 1813 Ὠς
1120 1781 1152 1808 ἃν
1167 1781 1373 1816 εἰσεπορεύοντο
1387 1780 1412 1806 οἰ
1429 1780 1481 1806 υἱοὶ
1489 1779 1536 1806 τοῦ
1547 1779 1614 1806 Θεοῦ
1624 1779 1692 1814 πρὶς
1708 1778 1757 1810 τὰς
1771 1777 1821 1804 ϐυ-

1029 1827 1150 1863 γατέρας
1159 1826 1212 1853 τῶν
1228 1826 1392 1861 ἀνθρώπων,
1405 1827 1450 1852 καὶ
1464 1826 1612 1860 ἐγέννησαν
1623 1826 1740 1856 ἑαυτοῖς·
1751 1825 1822 1851 ἐκεῖ·

1029 1883 1070 1902 νοι
1086 1872 1157 1909 ἦσαν
1175 1874 1199 1900 οἱ
1214 1872 1340 1907 γίγαντες
1357 1873 1381 1899 οἱ
1400 1873 1447 1898 ἀπ’
1467 1871 1567 1905 αἰῶνος
1590 1870 1615 1897 ὁὶ
1638 1870 1778 1907 ἄνθρωποι
1794 1870 1820 1896 οἱ

1028 1919 1183 1955 ὀνομαστοί.
1203 1928 1212 1944 ι
1240 1919 1349 1954 Ἐπειδὴ
1364 1919 1418 1952 γὰρ
1429 1919 1469 1950 εἰς
1486 1917 1586 1953 πολλὴν
1603 1917 1652 1953 ἤδη
1671 1916 1775 1952 πληθὺν
1791 1916 1823 1943 τὸ

1030 1967 1084 1993 τῶν
1103 1965 1256 2001 ἀνθρώπων
1269 1964 1418 1997 ἐξετείνετο
1432 1965 1520 1998 γένος,
1535 1965 1575 1995 εἰς
1589 1963 1736 1998 ἐπιθυμίαν
1747 1963 1825 1989 ἐκτο-

1030 2011 1159 2047 πωτὰτην
1177 2011 1296 2045 γυναίων
1315 2011 1526 2041 ἐκπεπτωκότες
1549 2010 1574 2036 οἱ
1594 2009 1664 2041 υἱοὶ,
1679 2008 1757 2044 φησὶ,
1774 2007 1822 2035 τοῦ

1029 2057 1113 2090 Θεοῦ,
1141 2057 1237 2083 ἔλαϐον
1258 2057 1366 2088 ἑαυτοῖς
1384 2057 1517 2090 γυναῖκας
1536 2055 1591 2082 ἀπὺ
1611 2055 1705 2081 πασῶν
1723 2051 1760 2081 ὧν
1779 2054 1822 2085 ἐξ·

1029 2104 1163 2137 ελέξαντο.
1182 2103 1299 2138 Οἴδαμεν
1315 2101 1361 2130 οὖν
1380 2102 1487 2130 ὅτιτῶν
1501 2102 1678 2137 ἀντιγράφων
1699 2101 1759 2129 τινὰ
1779 2110 1824 2127 πε-

1031 2151 1116 2186 ριέχει
1134 2149 1226 2184 σαφῶς
1238 2158 1244 2164 ’
1263 2159 1271 2174 ι
1289 2149 1398 2180 ’ἰδόντες
1416 2149 1444 2175 δέ
1463 2150 1487 2175 οἱ
1504 2148 1615 2183 ἄγγελοι
1628 2147 1674 2174 τοῦ
1690 2146 1759 2173 Θεοῦ
1773 2147 1824 2178 τὰς

1030 2195 1184 2231 θυγατέρας
1204 2194 1258 2221 τῶν
1275 2193 1436 2229 ἀνθρώπων.
1457 2205 1466 2221 ι
1486 2192 1553 2221 Εἶτα
1568 2193 1764 2229 περιτρέπουσί
1782 2202 1824 2219 τι-

189 2239 350 2275 eqnjiciunt,
369 2241 434 2275 quia
450 2248 465 2267 a
484 2240 622 2275 principio
634 2248 684 2268 suo
700 2240 886 2273 desciverunt,
907 2241 976 2269 sicut

1030 2250 1075 2273 νες
1095 2242 1146 2277 τῆς
1167 2240 1346 2277 φιλοσαρκεας
1370 2241 1404 2267 τὰ
1422 2241 1602 2276 ἐγκλήματα,
1619 2240 1666 2267 καὶ
1687 2240 1736 2274 τῆς
1752 2239 1824 2266 οὕτω

190 2285 323 2322 scriptum
338 2291 380 2314 est
392 2286 426 2313 ⁸⁸.
441 2287 498 2322 Ego
518 2295 584 2314 vero
601 2287 727 2322 quemvis
744 2287 828 2314 animi
852 2287 978 2315 morbum

189 2330 242 2358 illis
253 2332 401 2361 convenire
416 2332 544 2365 dixerim,
559 2337 641 2367 atque
657 2333 822 2360 asseruerim
835 2341 841 2359 :
859 2333 898 2360 rei
913 2342 978 2362 vero

189 2377 378 2411 probationem
401 2386 483 2414 quam
498 2379 657 2415 longissime
674 2379 708 2407 ab
728 2387 762 2407 eo
782 2380 856 2415 quod
879 2380 978 2408 rationi

188 2429 403 2458 consentaneum
420 2430 471 2458 est,
486 2425 553 2454 ferri
566 2425 656 2453 sinere
669 2425 819 2453 absurdum
832 2426 977 2462 imprimis,

188 2476 250 2497 meo
264 2470 503 2506 quidemjudicio,
521 2471 614 2500 fuerit.
630 2471 688 2500 [ioc
699 2472 772 2499 enim
790 2476 916 2502 nostrum
936 2472 980 2499 in-

188 2515 314 2552 stitutum
329 2521 382 2548 est,
400 2517 580 2552 singulorum,
594 2526 655 2554 qua:
672 2518 773 2553 scripta
791 2523 865 2551 sunt,
879 2519 980 2546 verita-

190 2565 245 2590 tem
261 2562 418 2598 inquirere,
434 2571 489 2590 non
502 2568 592 2591 autem
606 2563 633 2597 in
648 2564 807 2592 universum
819 2564 979 2592 daemoniaci

189 2607 277 2648 gregis
292 2609 403 2636 morbos
418 2608 579 2645 intelligere.
596 2607 710 2644 Semper
727 2609 801 2636 enim
815 2609 980 2644 cupiditates

190 2655 298 2684 innatus
320 2654 347 2681 in
366 2655 446 2682 nobis
467 2659 559 2682 motus
579 2655 657 2690 sequi
677 2655 812 2682 videmus.
829 2655 883 2682 Aut
906 2656 979 2683 enim

189 2701 280 2734 carnis
295 2701 361 2730 vitia
373 2709 507 2734 amamus,
528 2707 577 2730 aut
593 2710 641 2737 per
661 2710 722 2737 qua:
737 2711 779 2734 ea,
793 2710 853 2737 quae
868 2702 902 2730 ad
917 2710 978 2729 car-

190 2756 252 2775 nem
266 2749 403 2783 pertinent
416 2748 494 2782 ﬁunt,
507 2749 618 2778 maximi
633 2749 722 2776 facere
735 2749 865 2779 solemus.
894 2749 979 2776 Volu-

190 2798 279 2831 ptates
299 2799 389 2830 autem
407 2803 579 2831 nequaquam
590 2802 639 2822 nos
658 2800 734 2822 extra
749 2795 887 2828 naturales
908 2794 980 2829 leges

226 2883 248 2898 δ’
268 2884 335 2912 Gen.
349 2893 373 2917 ν,
387 2884 431 2912 29.

473 2884 495 2901 ⁸³
507 2883 574 2916 Gen.
589 2892 624 2919 γι,
641 2883 693 2912 iui.
732 2884 754 2899 “‘
769 2883 837 2912 ibid.

1034 2288 1233 2324 μυσαρωτάτης
1247 2287 1394 2321 ἐπιθυμίας
1408 2287 1560 2313 ἀνάπτουσι
1584 2286 1633 2317 τὰς
1650 2285 1740 2317 αἰτίας
1760 2285 1830 2326 ὠλι(

1033 2333 1162 2369 σοηκόσιν
1175 2332 1311 2367 ἀγγέλοις,
1321 2332 1345 2358 οἳ
1360 2331 1409 2366 τὴν
1417 2331 1485 2358 ἰδίαν
1501 2331 1589 2367 ἀρχὴν
1601 2331 1631 2358 οὺ
1641 2331 1823 2366 τετηρήκασι,

1032 2379 1103 2406 κατᾷ
1114 2379 1145 2405 τὸ
1159 2377 1365 2413 γεγραμμένον.
1388 2375 1459 2412 Ἐγὼ
1476 2375 1504 2403 δὲ
1523 2377 1563 2402 ὅτι
1582 2376 1635 2402 πᾶν
1654 2374 1824 2410 ἀρῤώστημα

1031 2425 1077 2452 νοῦ
1101 2425 1201 2460 πρέποι
1220 2424 1253 2451 ἂν
1274 2424 1399 2456 ἐκείνοις,
1422 2423 1507 2457 φαίην
1524 2422 1556 2448 ἂν
1574 2422 1621 2449 καὶ
1638 2420 1822 2456 συνθήσομαι-

1029 2471 1059 2497 τὸ
1077 2471 1106 2497 δέ
1120 2479 1152 2504 γε
1165 2470 1212 2496 τοῦ
1230 2469 1336 2502 εἰκότος
1348 2467 1480 2503 λογισμοῦ
1494 2468 1544 2504 τὴν
1562 2467 1609 2494 ἐπὶ
1626 2467 1665 2501 τῷ
1681 2466 1824 2501 πράγματι

1031 2518 1122 2545 πίστιν
1133 2518 1171 2550 ὼς
1188 2517 1326 2547 ἀπωτάτω
1340 2516 1472 2551 φέρεσθαι
1491 2515 1654 2550 συγχωρεῖν,
1672 2513 1715 2549 εἴη
1727 2513 1771 2546 ἂν,
1787 2513 1823 2544 ὥς

1030 2563 1061 2599 γέ
1073 2573 1119 2599 μοι
1134 2564 1271 2598 φαίνεται,
1291 2564 1346 2591 τῶν
1367 2562 1559 2590 ἀτοπωτάτων.
1572 2561 1677 2591 Σκοπὸς
1695 2559 1749 2594 γὰρ
1761 2560 1824 2594 ἡμῖν

1034 2611 1083 2645 τὴν
1109 2611 1151 2645 ἐφ’
1175 2610 1284 2645 ἑκάστῳ
1306 2609 1361 2636 τῶν
1387 2607 1590 2643 γεγραμμένων
1602 2605 1730 2641 ἀλήθειαν
1742 2612 1823 2631 κατα-

1035 2655 1200 2682 σκέπτεσϐαι
1222 2655 1319 2690 φιλεῖν,
1335 2655 1383 2682 καὶ
1392 2654 1452 2689 οὐχὶ
1467 2653 1498 2689 δὴ
1515 2653 1623 2685 πάντως
1645 2650 1678 2678 τὰ
1700 2651 1748 2685 τῆς
1770 2649 1824 2676 τῶν
1845 2690 1851 2692 ζ

1034 2701 1168 2736 δαιμόνων
1179 2701 1279 2736 ἀγέλης
1292 2701 1393 2727 ἐννοεῖν
1406 2699 1622 2736 ἀρρωστήματα.
1636 2697 1763 2724 Μάλιστα
1777 2696 1824 2730 μὲν

1034 2747 1088 2782 γὰρ
1116 2747 1159 2774 ἀεὶ
1184 2748 1234 2779 τὰς
1260 2746 1407 2782 ἐπιθυμίας
1431 2745 1567 2781 ἑπομένας
1589 2744 1699 2778 ὁρῶμεν
1722 2744 1777 2774 τοῖς
1796 2743 1823 2767 ἐν

1034 2795 1099 2830 ἡμῖν
1117 2795 1206 2826 αὐτοῖς
1220 2794 1265 2821 καὶ
1278 2795 1409 2830 ἐμφύτοις
1425 2794 1579 2828 κινήμασιν.
1593 2793 1627 2822 Ἦ
1636 2790 1690 2826 γὰρ
1707 2790 1740 2816 τὰ
1760 2797 1822 2824 σαρ-

873 2881 898 2897 “
909 2883 988 2911 Joan.
1003 2891 1057 2915 nu,
1082 2882 1123 2910 Η.
