1990 3046
155 155 187 182 it?)
669 155 930 186 GLAPHYRORUM

1003 155 1154 184 GENESIM
1174 155 1238 183 LIB.
1259 155 1292 183 ll.
1752 155 1786 183 Μ

153 213 201 246 κὸς
213 214 369 249 ἀγαπῶμεν
385 214 470 250 πάθη,
483 215 499 250 ἦ
514 215 548 241 δι’
559 211 597 242 ὧν
615 215 648 242 ἀν
663 215 767 249 γένοιτο
785 215 819 242 τά
837 215 948 251 σαρκὸς,

1001 213 1104 246 ferunt,
1117 215 1193 250 juxta
1206 213 1233 241 id
1245 212 1320 248 quod
1334 212 1401 240 mihi
1414 213 1484 240 bene
1502 221 1534 240 ac
1552 221 1616 241 vere
1629 214 1731 242 habere
1745 216 1788 243 vi~

153 259 241 285 ταῦτα
263 260 330 295 περὶ
354 259 482 286 πλείστου
501 261 588 288 ποιεῖν
610 260 763 295 εἰθίσμεθα.
779 260 852 293 Ἐξω
868 260 896 287 δὲ
909 261 949 287 νό-

158 313 216 338 ξιων
227 305 283 331 τῶν
294 305 431 339 φυτικῶν,
452 306 502 333 οὐκ
519 305 731 341 ἀποκομίζουσιν
752 307 825 342 ἡμᾶς
844 307 947 341 ἡδοναὶ,

159 351 229 377 κατά
249 360 281 385 γε
302 351 333 378 τὸ
359 351 434 387 αὐτῷ
458 361 503 387 μοι
521 352 613 384 καλῶς
632 362 662 380 τε
688 353 736 380 καὶ
753 354 861 388 ἀληθῶς
878 353 949 388 ἔχειν

156 397 263 424 δοκοῦν.
280 394 342 424 Οἷον
357 397 422 433 φέρε
438 399 537 430 εἰπεῖν,
550 398 649 434 βρῶσίς
661 407 690 426 τε
706 399 753 426 καὶ
769 399 857 431 πόσις,
870 399 916 425 καὶ
932 399 948 434 ἡ

156 442 276 475 γυναίων
298 443 379 478 τυχὸν
396 443 490 478 ὁμιλία
505 444 620 480 φυσικὴ,
641 447 741 479 σαρκὸς
764 444 797 471 ἂν
809 442 864 471 εἷεν
881 445 949 480 ἔργα

156 494 186 512 τε
206 487 255 513 καὶ
271 487 354 522 πάθη.
378 486 497 515 Πλούτου
517 488 546 516 δὲ
567 487 600 516 αὖ
624 491 670 516 καὶ
690 490 770 525 δόξης
787 490 947 526 ἐπιθυμίαι,

156 533 217 563 ταῖς
240 533 291 568 τῆς
315 534 416 570 σαρκὸς
435 535 616 570 ὑπηρετοῦσιν
636 536 761 571 ἡδοναῖς,
787 536 832 562 καὶ
857 536 949 571 σχεδὸν

158 578 268 605 ἅπαντα
278 579 322 606 διὰ
339 580 441 607 τούτων
454 581 565 616 ἔρχεται
580 581 614 608 τὰ
628 584 656 609 ὲν
673 582 767 618 κόσμῳ
781 582 864 617 πάθη,
879 581 949 608 κατὰ

158 624 189 650 τὺ
206 624 300 660 λεχθὲν
319 626 358 661 τῷ
374 627 447 662 σοφῷ
465 628 584 664 μαθητῇ,
603 629 644 655 ὅτι
662 637 671 654 ι
692 629 746 655 πᾶν
758 628 788 654 τὸ
801 630 828 655 ἐν
843 629 948 663 κόσμῳ,

158 671 176 705 ή
191 671 325 707 ἐπιθυμία
340 673 391 708 τῆς
412 675 514 709 σαρκὸς
537 675 585 700 καὶ
604 676 620 710 ἡ
641 675 771 710 ἐπιθυμία
781 674 836 701 τῶν
851 675 951 708 ὀφθαλ-

161 716 229 751 μῶν,
244 718 292 744 καὶ
304 719 321 754 ἡ
337 718 478 751 ἀλαζονεία
493 720 540 747 τοῦ
555 720 624 755 βίου.
643 730 652 746 ι
666 720 726 747 Τῶν
738 720 866 747 τοιούτων
878 721 950 755 ἡμᾶς

159 763 188 788 αἱ
210 764 308 798 πικραὶ
321 764 462 800 ἐπιθυμίαι
484 766 531 792 καὶ
551 766 646 797 δειναὶ,
664 765 858 801 σαγηνεύουσιν
876 766 950 792 εὐχό-

159 809 213 841 λως
228 810 275 836 ἐπὶ
289 810 320 836 τὺ
337 813 446 846 φρονεῖν
459 811 566 838 ἑλέσθαι
581 812 628 838 καὶ
645 811 711 847 δρᾷν
726 811 760 838 τὰ
771 812 820 846 τῆς
832 812 947 846 σαρκός·

158 855 213 882 τῶν
227 863 259 890 γε
284 856 337 891 μὴν
354 856 407 889 ἔξω
421 856 545 890 σώματος
560 857 607 884 καὶ
623 858 699 893 παρὰ
714 857 794 891 φύσιν
813 857 889 892 ἐρᾷν,
910 857 951 882 οὑ-

160 899 214 931 35i;
231 900 372 927 ἀναπείσει
386 900 472 935 λόγος.
492 899 558 928 Εἶτα
575 901 633 933 πῶς
647 903 697 928 οὐκ
720 901 753 928 ἂν
771 901 875 935 γένοιτο
894 910 949 936 μω·
967 892 986 920 Β

161 945 222 980 pia;
243 946 327 980 ἐγγὺς
345 947 376 973 τὸ
395 947 534 983 σαρκικῶν
553 947 667 983 ὲρᾱσοαι
686 948 776 982 λέγειν
795 947 828 974 τὰ
849 947 950 982 σαρκδς

159 991 288 1027 ἀνωτέρω
301 992 348 1018 καὶ
360 991 525 1028 ἐξεστηκότα
545 993 687 1029 πνεύματα
696 1001 703 1008 ·
720 993 800 1020 ποίαν
817 994 857 1024 εἰς
871 993 950 1019 τοῦτο

161 1038 267 1072 κίνησιν
274 1038 370 1073 ἔχοντα
379 1039 506 1074 φυσικὴν,
515 1039 530 1075 ἢ
541 1040 619 1066 ποίου
627 1040 709 1075 νόμου
718 1047 782 1066 κατε
787 1038 948 1076 ρεθίζοντος,

160 1081 285 1118 καθάπερ
302 1083 409 1118 ἀμέλει,
433 1085 480 1110 καὶ
494 1085 567 1120 ἡμᾶς
582 1084 681 1116 αὐτοὺς
703 1084 743 1116 εἷς
763 1093 795 1118 γε
806 1084 837 1111 τὸ
850 1082 950 1120 χρῆναι

159 1127 238 1163 διψᾷ-ι
251 1129 285 1155 τὰ
299 1130 388 1156 τοιάδε
400 1129 455 1156 τῶν
464 1130 568 1162 παθῶν,
580 1130 667 1162 ἄλλως
681 1139 709 1157 τε
721 1140 727 1162 ;
743 1131 789 1166 Μὴ
801 1130 856 1167 γὰρ
866 1130 898 1166 δὴ
906 1139 948 1157 τυ-

162 1175 209 1209 χὸν
222 1175 272 1209 τῆς
281 1175 328 1202 ἐπὶ
343 1175 448 1207 τούτοις
460 1177 550 1208 αἰτίας
566 1177 774 1212 ἀπαλλάττομεν
792 1176 847 1203 τῶν
860 1177 951 1212 δαιμο-

162 1220 226 1246 νίων
241 1221 270 1246 τὸ
287 1221 390 1255 στέφος.
400 1221 518 1248 Ἀνόσιον
529 1223 584 1257 γὰρ
596 1223 642 1249 καὶ
655 1222 830 1258 βέϐηλον,καὶ
846 1223 885 1255 εις
897 1223 950 1249 πᾶν

162 1265 251 1292 ὁτιοῦν
268 1267 321 1293 τῶν
342 1267 466 1294 ἐκτόπων
484 1268 607 1299 εὐπετές.
620 1269 675 1295 Καὶ
690 1269 801 1308 vaccino
814 1268 882 1304 μετά
895 1268 950 1296 τῶν

163 1308 261 1338 ἄλλων.
273 1310 297 1336 εἰ
311 1309 394 1341 δοκεῖ,
404 1311 450 1337 καὶ
461 1311 512 1342 τὰς
523 1312 597 1347 παρὰ
604 1312 684 1347 φύσιν
695 1313 800 1348 ἡδονάς.
810 1313 950 1340 Ἀλλ“ὂταν

162 1356 178 1390 ἡ
198 1354 256 1381 θεία
269 1354 345 1390 λέγει
361 1356 468 1392 Γραφὴ,
483 1357 520 1390 ὡς
533 1359 668 1394 συνῄεσαν
684 1360 732 1394 μὲν
745 1361 800 1392 τοῖς
815 1360 947 1394 γυναίοις,

163 1400 196 1426 τὰ
210 1399 238 1427 δὲ
250 1399 326 1427 Ετεκε
348 1401 412 1434 τοὺς
432 1402 616 1438 καλουμένους
632 1404 762 1438 γίγαντας
774 1413 780 1420 ·
799 1405 948 1437 τουτέστιν,

163 1444 269 1477 ἐξαίσια
292 1446 404 1480 τέρατα,
429 1447 498 1483 πλὴν
521 1447 680 1483 ἀνθρώπους
707 1449 849 1483 λογικούς’
864 1451 890 1477 τι
917 1451 948 1486 δὴ

163 1491 216 1526 ἄρα
240 1492 307 1527 πρὸς
327 1493 406 1519 τοῦτο
427 1493 626 1528 διαλογίζεσθαι
636 1496 757 1530 χρή;υὺ
771 1496 825 1532 γὰρ
840 1497 894 1524 ἀπό
916 1505 948 1532 γε

163 1538 325 1573 πνευμάτων
343 1539 397 1566 τῶν
412 1540 548 1566 ἀπωτάτω
565 1541 666 1576 σαρκὸς
684 1542 782 1576 γένοιτ’
801 1543 834 1569 ἂν
847 1544 887 1574 είς
901 1543 949 1577 γύ-

162 1593 237 1612 ναιον
249 1584 393 1620 ἀνθρώπου
410 1586 558 1621 καταϐολή.
579 1587 790 1622 Εἰκαιομυθοῦσι
809 1588 838 1614 δέ
865 1597 948 1622 τινες,

163 1631 210 1657 καὶ
229 1630 457 1665 κατασοφίζονται
473 1630 504 1657 τὺ
525 1631 630 1666 χρῆμα,
643 1632 766 1664 πιθανοῖς
790 1633 828 1661 ὡς
849 1633 949 1660 οἴονται

164 1678 303 1711 ωγισμοῖς
323 1677 350 1703 τὸ
363 1676 492 1704 ἀδύνατον
509 1678 736 1709 ὑποκλέπτοντεςη
754 1679 885 1712 γεγονότα
896 1679 949 1714 γὰρ

163 1722 192 1748 ἐν
208 1722 320 1757 ἀνδράσι
331 1722 366 1749 τὰ
384 1723 490 1758 πονηρά
506 1731 571 1757 φασι
585 1723 720 1758 δαιμόνια,
737 1724 770 1751 δι’
788 1724 874 1751 αὐτῶν
895 1726 950 1760 εἰρ-

164 1769 262 1802 γάζετο
275 1768 322 1800 τὰς
342 1768 396 1795 τῶν
419 1769 585 1804 σπερμάτων
609 1769 771 1801 καταϐολὰς.
791 1770 908 1805 Ἀκαλλῆ
922 1771 950 1797 δὲ

165 1813 268 1849 σφόδρα
281 1814 328 1840 καὶ
345 1814 464 1849 ἀμαθίας
476 1815 600 1850 ἔμπλεων
614 1815 658 1841 τὸν
668 1815 747 1849 λόγον
762 1816 853 1847 αὐτοῖς
868 1816 950 1852 εὑρή-

165 1868 258 1895 σομεν.
279 1861 311 1887 ὐ
332 1860 387 1896 γὰρ
406 1861 455 1888 οὐκ
477 1860 588 1896 εἴρηκεν
617 1861 633 1896 ἠ
655 1861 712 1887 Θεία
726 1861 830 1896 Γραφὴ,
843 1861 903 1888 τίνοι
918 1861 949 1897 δὴ

165 1906 266 1941 τρόπον
287 1906 505 1942 παραδεξόμεθα,
528 1908 574 1932 καὶ
603 1908 632 1933 ὲν
652 1908 708 1938 τοῖς
730 1906 836 1942 ἀληθῶς
860 1907 950 1942 ἔχουσι

167 1951 419 1987 καταλογιούμεθας
449 1951 553 1978 υὺκοῦν
587 1951 800 1986 ἀναγνωσόμεθα
833 1951 950 1987 μᾶλλον·

169 2007 179 2023 ι
195 1997 305 2029 ’ἰδόντες
320 1997 349 2024 δὲ
363 1998 388 2024 οἱ
409 1998 461 2024 υἱοὶ
475 1997 522 2024 τοῦ
537 1996 603 2023 Θεοῦ
620 1997 667 2028 τὰς
679 1997 832 2033 θυγατέρας
844 1997 898 2023 τῶν
909 1998 952 2024 ἀν‹

167 2043 292 2079 θρώπων,
315 2043 356 2070 ὅτι
376 2043 456 2070 καλαί
479 2044 557 2075 εἰσιν,
574 2043 668 2069 ἔλαϐον
688 2043 794 2074 ἑαυτοῖς
819 2045 951 2077 γυναῖκας

168 2089 220 2117 ἀπὸ
246 2089 340 2117 πασῶν
366 2087 404 2116 ὧν
425 2090 610 2123 ἐξελέξαντο.)
633 2089 762 2124 Ἐμπεδοῐ
790 2089 818 2116 δὲ
852 2090 951 2125 μᾶλλον

168 2137 232 2171 ἡμῖν
244 2135 333 2172 ὀρθῶς
355 2135 468 2170 ἔχουσαν
481 2135 529 2170 τὴν
540 2136 643 2162 τοιάνδε
654 2135 772 2171 γραφὴν,
784 2136 831 2162 καὶ.
844 2137 859 2170 ἡ
877 2135 952 2170 παρὰ

167 2182 220 2209 τῶν
233 2181 333 2217 ἐτέρων
354 2182 527 2217 ἐρμηνευτῶν
546 2182 681 2214 ἀπόδοσις.
703 2182 818 2214 ’Λκύλας
834 2182 884 2217 μὲν
897 2183 950 2218 γάρ

999 261 1095 293 detur;
1111 264 1215 295 utpote,
1229 259 1346 294 exempli
1361 259 1458 295 gratia,
1471 266 1535 287 esus
1549 266 1581 286 ac
1594 263 1684 294 potus,
1697 265 1725 289 et
1736 269 1786 288 na-

1000 306 1097 334 turalis
1121 313 1183 333 cum
1211 305 1374 333 mulieribus
1398 311 1580 341 congressus,
1608 305 1699 333 carnis
1724 311 1787 334 sunt

999 359 1083 386 opera
1093 355 1122 378 et
1133 351 1208 379 vitia.
1216 351 1379 378 Divitiarum
1390 354 1482 378 autem
1495 357 1528 377 ac
1536 350 1629 386 gloria:
1639 350 1785 384 desideria,

999 397 1091 425 carnis
1111 397 1299 432 voluptatibus
1314 396 1477 427 inserviunt,
1498 395 1644 430 omniaque
1665 395 1723 423 fere
1739 403 1788 431 per

1000 443 1058 470 haec
1071 443 1099 470 in
1110 443 1213 470 mundo
1224 442 1378 477 procedunt
1388 441 1464 473 vitia,
1473 441 1550 476 juxta
1563 440 1629 469 illud
1641 448 1656 468 a
1664 440 1787 476 sapiente

1001 489 1136 525 discipulo
1158 489 1261 517 dictum
1277 488 1429 521 :Quoniam
1446 497 1455 514 ι
1480 495 1561 515 omne
1589 487 1663 522 quod
1686 491 1729 515 est
1759 487 1786 514 in

1000 535 1113 568 mundo,
1125 534 1345 569 concupiscentia
1360 533 1450 561 carnis
1459 538 1511 565 est,
1524 537 1552 561 et
1565 533 1786 568 concupiscentia

1000 580 1195 620 oculornmnet
1208 580 1336 615 superbia
1350 580 1412 607 vitae
1425 580 1458 606 ⁸⁸.
1474 590 1482 605 ι
1501 579 1674 615 Ejuscemodi
1694 585 1786 606 rerum

999 635 1051 655 nos
1070 627 1170 655 acerba
1186 627 1331 662 graviaque
1343 627 1478 654 desideria
1507 626 1587 653 facile
1604 625 1728 653 incscant
1752 624 1785 652 ad

999 681 1031 700 ea
1046 673 1188 708 cogitanda
1206 680 1242 700 ac
1260 672 1383 700 facienda
1404 681 1464 707 quae
1478 673 1569 700 carnis
1586 676 1658 700 sunt.
1675 671 1709 699 Ut
1722 679 1786 699 vero

1000 727 1031 746 ea
1043 726 1104 754 qua
1115 723 1191 746 extra
1205 726 1303 753 corpus
1318 725 1350 745 ac
1366 723 1466 752 praeter
1485 723 1611 745 naturam
1627 723 1690 745 sunt
1711 725 1786 745 ame-

1001 773 1072 797 mus,
1084 765 1159 792 nulla
1172 765 1240 792 ratio
1253 765 1332 792 nobis
1343 765 1519 800 persuaserit.
1527 765 1632 792 Deinde
1643 772 1697 799 quo
1709 769 1787 800 pacto

1001 819 1056 839 non
1072 811 1195 838 stultitiae
1216 811 1370 845 proximum
1392 811 1428 838 sit
1449 810 1541 838 dicere
1569 811 1682 845 spiritus
1703 818 1786 838 carne

1002 857 1169 891 superiores,
1194 856 1228 883 ab
1252 864 1339 890 eaque
1356 860 1486 886 semotos,
1515 856 1664 883 carnalium
1694 863 1786 883 amore

1003 902 1074 936 tangi
1091 911 1096 928 :
1110 902 1219 936 qualem
1232 901 1265 928 ad
1284 901 1336 927 hoc
1350 901 1502 927 naturalem
1519 905 1622 928 motum
1644 901 1785 933 habentes,

1001 953 1047 975 aut
1061 956 1114 982 qua
1131 948 1190 982 lege
1203 955 1251 974 eos
1263 946 1406 978 incitante,
1419 947 1650 982 quemadmodum
1667 947 1722 975 fere
1738 955 1788 975 nos

1001 994 1074 1027 ipsos
1098 994 1132 1020 ad
1156 993 1324 1028 ejuscemodi
1347 993 1491 1020 atl'ectibus
1517 992 1714 1024 laborandum,
1742 998 1788 1020 aut

1000 1039 1076 1067 aliis?
1095 1039 1189 1074 Neque
1210 1045 1278 1065 vero
1296 1038 1394 1065 harum
1418 1046 1509 1065 rerum
1531 1038 1609 1073 culpa
1634 1038 1788 1065 daemonum

1001 1085 1110 1113 turbam
1126 1084 1286 1111 liberamus.
1303 1083 1406 1118 lmpuri
1423 1083 1497 1111 enim
1517 1091 1549 1111 ac
1569 1084 1687 1119 profani,
1707 1088 1788 1119 atque

1001 1131 1029 1158 in
1043 1129 1160 1165 quodvis
1172 1129 1351 1164 turpitudinis
1368 1136 1455 1164 genus
1469 1129 1606 1164 proclives
1619 1132 1693 1156 sunt.
1707 1129 1788 1164 Atqui

1000 1176 1106 1204 laboret
1130 1175 1223 1208 etiam,
1246 1176 1268 1202 si
1296 1176 1393 1210 placet,
1416 1182 1479 1203 cum
1504 1175 1574 1208 aliis,
1601 1175 1789 1210 voluptatibus

1000 1229 1110 1258 quoque
1118 1227 1223 1249 naturae
1232 1228 1288 1248 sua:
1297 1220 1522 1255 repugnantibus.
1533 1219 1669 1247 Caeterum
1679 1219 1794 1254 quando

1000 1269 1092 1296 divina
1099 1268 1239 1302 Scriptura
1258 1267 1348 1302 inquit
1361 1266 1433 1301 quod
1441 1265 1579 1301 congressi
1587 1271 1651 1293 sunt
1659 1273 1720 1293 cum
1730 1273 1790 1292 mu-

1000 1314 1124 1346 lieribus,
1139 1314 1253 1349 asin-.2
1266 1321 1331 1340 vero
1350 1316 1515 1348 pepererunt
1528 1316 1639 1339 vocatos
1656 1312 1788 1347 gigantes.

1000 1360 1052 1388 hoc
1069 1364 1121 1392 est,
1135 1359 1254 1395 ingentia
1274 1363 1406 1390 monstra,
1419 1363 1550 1386 ezeterum
1567 1357 1694 1385 homines
1706 1357 1788 1385 ratio-

999 1408 1047 1435 nis
1054 1407 1204 1442 participes
1213 1427 1219 1437 ,
1235 1406 1300 1440 quid
1316 1405 1350 1433 de
1363 1405 1415 1433 hoc
1428 1404 1545 1440 amplius
1556 1405 1694 1440 ambigere
1707 1411 1789 1439 opor-

1000 1454 1057 1481 tet?
1067 1453 1161 1488 Neque
1174 1453 1248 1480 enim
1259 1460 1273 1480 a
1292 1451 1434 1487 spiritibus
1451 1451 1609 1486 longissime
1621 1458 1636 1477 a
1649 1457 1731 1477 carne
1745 1457 1788 1477 se-

1000 1500 1084 1527 motis
1097 1499 1143 1526 iiat
1159 1498 1186 1525 in
1202 1498 1316 1525 muliere
1330 1497 1450 1524 hominis
1464 1496 1634 1524 constitutio.
1648 1496 1789 1531 Nugantur

1000 1549 1091 1572 autem
1105 1544 1241 1576 nonnulli,
1256 1548 1283 1571 et
1298 1543 1375 1570 vanis
1387 1542 1549 1571 commentis
1562 1549 1619 1569 rem
1635 1542 1787 1573 involvunt,

1002 1591 1207 1623 verisimilibus,
1222 1595 1252 1618 ut
1264 1590 1442 1620 arbitrantur,
1453 1588 1605 1615 rationibus
1616 1587 1642 1614 id
1652 1587 1723 1622 quod
1736 1587 1788 1614 im—

1001 1636 1132 1672 possibile
1145 1640 1196 1667 est,
1217 1635 1369 1670 paliiantes.
1385 1634 1498 1668 lllapsos
1516 1634 1590 1661 enim
1610 1633 1747 1660 daemones
1761 1633 1788 1660 in

1001 1683 1087 1710 malos
1097 1683 1183 1714 aiunt,
1198 1689 1229 1708 ac
1242 1689 1289 1717 per
1300 1681 1372 1716 ipsos
1381 1680 1486 1707 semina
1498 1680 1626 1706 immissa.
1637 1678 1788 1706 Absurdam

1000 1739 1066 1758 vero
1072 1735 1154 1765 atque
1161 1729 1321 1765 ignorantiae
1329 1728 1438 1763 plenam
1446 1734 1506 1755 esse
1519 1733 1616 1754 eorum
1627 1726 1789 1753 sententiam

1001 1776 1080 1804 facile
1092 1775 1302 1810 comperiemus.
1317 1774 1384 1801 Nam
1406 1772 1478 1808 quod
1492 1780 1568 1800 sacra
1583 1770 1724 1806 Scriptura
1735 1779 1790 1798 non

1000 1826 1126 1853 testatur,
1133 1828 1250 1856 quanam
1262 1820 1368 1846 ratione
1377 1819 1563 1849 admittemus,
1572 1822 1652 1852 atque
1660 1824 1709 1852 pro
1718 1816 1790 1843 veris

1001 1867 1182 1894 habebimus?
1193 1866 1266 1892 Hanc
1280 1865 1363 1900 igitur
1371 1863 1462 1898 potius
1471 1863 1616 1890 lectionem
1628 1869 1774 1897 sequemur
1783 1872 1802 1888 :7

1006 1923 1014 1938 ι
1028 1912 1158 1940 Videntes
1172 1917 1263 1938 autem
1279 1910 1326 1936 lilii
1337 1910 1385 1936 Dei
1400 1908 1469 1935 tilias
1480 1908 1632 1940 hominum,
1643 1907 1716 1942 quod
1728 1908 1789 1943 pul~

1002 1958 1075 1986 citra:
1086 1961 1185 1989 essent,
1197 1959 1361 1990 acceperunt
1373 1954 1424 1981 sibi
1436 1961 1535 1981 uxores
1543 1961 1576 1981 ex
1587 1953 1715 1980 omnibus
1723 1961 1791 1987 quas

1001 2003 1150 2039 elegerant.
1165 2012 1173 2027 ι
1186 2002 1260 2029 Facit
1270 2005 1360 2028 autem
1374 2000 1406 2027 ad
1420 1999 1636 2035 hujuslectionis
1646 1998 1790 2026 conﬁrma-

1003 2050 1104 2076 tionem
1115 2048 1230 2075 aliorum
1241 2047 1322 2074 etiam
1339 2046 1518 2080 interpretum
1530 2044 1681 2072 translatio.
1691 2043 1788 2079 Aquila

1002 2095 1075 2122 enim
1087 2093 1191 2129 inquit:
1206 2093 1323 2119 Videntes
1334 2096 1422 2120 autem
1434 2090 1484 2125 ﬁlii
1498 2090 1604 2118 deorum
1621 2089 1789 2124 ﬁliasltomi—

1003 2149 1075 2168 num.
1086 2139 1265 2176 Symmachus
1275 2145 1350 2169 vero,
1361 2145 1410 2172 pro
1420 2136 1470 2172 ﬁlii
1482 2136 1599 2169 deorum,
1614 2135 1751 2163 transtulit
1758 2135 1790 2169 ﬁ-

1003 2186 1032 2213 lii
1047 2190 1181 2222 potentum
1193 2193 1201 2212 :
1219 2183 1290 2211 ﬁlios
1299 2183 1394 2218 utique
1406 2182 1520 2211 deorum
1530 2189 1562 2209 ac
1570 2185 1712 2217 potentum
1720 2181 1791 2209 ﬁlios

168 2236 260 2264 φησιν,
285 2228 414 2261 Ἰδόντες
430 2228 464 2255 δὲ
485 2230 511 2255 οι
527 2227 585 2255 υἱοὶ
603 2227 662 2255 τῶν
678 2228 753 2256 θεῶν
765 2229 818 2261 τὰς
829 2229 949 2263 θυγατέ-

1003 2232 1068 2260 Seth
1078 2237 1159 2266 atque
1167 2231 1241 2258 Enos
1249 2233 1423 2262 vocaverunt;
1430 2228 1465 2257 ob
1471 2236 1531 2256 eam
1538 2227 1706 2263 quapraiditi
1714 2231 1791 2255 erant

165 2282 222 2308 ρας
239 2274 300 2301 τῶν
322 2273 495 2308 ἀνθρώπων.
514 2273 661 2309 Σύμμαχος
685 2273 713 2300 δὲ
740 2271 774 2301 αὖ
805 2275 864 2301 ἀντὶ
892 2274 950 2307 τοῦ,

168 2319 226 2347 υιοὶ
238 2319 298 2346 τῶν
314 2319 397 2351 θεῶν,
413 2320 560 2347 ἐκδέδωκεν
574 2322 600 2347 ol
612 2320 670 2348 vici
686 2321 744 2347 τῶν
755 2321 953 2348 δυναστευόν-

168 2374 235 2393 των.
255 2365 336 2397 Tini);
349 2366 377 2392 δὲ
388 2366 457 2392 θεῶν
471 2367 518 2393 καὶ
529 2367 582 2402 μὴν
597 2367 643 2394 καὶ
656 2368 871 2395 δυναστευόντων
889 2369 951 2401 τοὺς

168 2412 222 2439 ἀπό
233 2421 263 2446 γε
279 2411 325 2439 τοῦ
338 2412 391 2447 Σὴθ
406 2413 452 2439 καὶ
466 2411 512 2439 τοῦ
534 2413 618 2445 Ἐνὼς
635 2413 785 2449 ὠνόμαζον,
802 2414 845 2442 διὰ
862 2424 891 2442 τε
902 2415 951 2450 τὴν

167 2457 281 2484 ἐνοῦσαν
295 2458 386 2490 αὐτοῖς
402 2459 529 2494 ὁσιότητα
546 2460 593 2485 καὶ
614 2459 761 2494 φιλοθεῖαν,
777 2461 823 2487 καὶ
837 2461 866 2487 τὸ
883 2461 952 2487 πάν-

121 2531 123 2533 _
168 2512 222 2530 των
236 2503 365 2533 δύνασθαι
382 2504 525 2531 καταθλεῖν
541 2505 594 2532 τῶν
606 2506 826 2540 ἀνθεστηκότων·
844 2507 952 2541 ἐπαμύ-

168 2551 259 2582 νοντός
273 2558 324 2576 που
344 2552 415 2578 κατὰ
428 2551 458 2578 to
477 2552 549 2583 εἰκὸς
562 2552 609 2578 τοῦ
633 2551 711 2586 Θεοῦ,
729 2553 775 2579 καὶ
805 2554 953 2588 περιφανὲς

168 2597 364 2630 ἀποφαίνοντος
378 2597 408 2624 τὸ
426 2597 570 2633 ἱερώτατόν
582 2607 611 2625 τε
627 2599 674 2625 καὶ
685 2599 761 2633 ἅγιον
776 2599 855 2633 γένος
865 2608 871 2615 ”
885 2600 953 2635 ὅπερ

167 2639 203 2676 ἣν
221 2642 337 2676 ἄμικτον
360 2642 399 2677 τῷ
417 2643 512 2679 ἐτέρῳ,
527 2644 660 2676 τουτέστι,
674 2646 730 2676 τοῖς
748 2645 801 2671 ἀπὸ
819 2645 888 2672 Κάϊν
907 2645 954 2672 καὶ

170 2685 224 2722 μὴν
236 2686 283 2713 καὶ
298 2687 408 2722 Λάμεχ·
425 2687 454 2719 ὃς
468 2688 498 2722 δὴ
511 2689 558 2715 καὶ
566 2691 625 2716 κατ’
639 2689 710 2725 ἴχνος
723 2689 773 2718 ἰὼν
780 2691 825 2717 τοῦ
840 2691 951 2726 πατρὸς,

169 2731 264 2764 γέγονε
278 2732 409 2767 φονευτής
423 2739 429 2745 ·
441 2732 574 2768 ὡμολόγει
603 2734 667 2770 γὰρ,
683 2743 692 2760 ι
707 2735 766 2761 Ὀτι
791 2735 876 2770 ἄνδρα
898 2735 951 2761 ἀπ-

169 2775 279 2801 έκτεινα
293 2776 332 2806 εὶς
341 2775 451 2810 τραῦμα
462 2777 532 2812 ἐμοὶ,
551 2779 596 2804 καὶ
613 2778 752 2805 νεανίσκον
770 2780 809 2810 είς
833 2778 953 2814 μώλωπα

206 2864 229 2879 "’
248 2865 269 2892 ll
291 2865 369 2893 loau.
388 2873 416 2898 ιι,
434 2865 472 2892 16.

1006 2277 1211 2305 sanctimoniam
1224 2284 1254 2303 ac
1266 2276 1406 2310 pietatem,
1419 2274 1547 2310 quodque
1559 2281 1655 2301 omnes
1662 2273 1790 2301 adversa-

1005 2322 1060 2350 rios
1071 2322 1150 2349 facile
1161 2325 1333 2356 superarent,
1344 2320 1495 2355 opitulante
1509 2318 1585 2354 ipsis,
1603 2323 1637 2346 ut
1644 2317 1792 2345 verisimile

1005 2371 1056 2398 est,
1066 2367 1132 2398 Deo,
1146 2370 1325 2401 sanctumque
1335 2372 1420 2400 genus
1433 2363 1597 2394 illustrante,
1608 2362 1682 2398 quod
1692 2370 1792 2397 nequa-

1005 2420 1087 2447 quam
1110 2412 1187 2439 alteri
1208 2411 1358 2438 immistum
1385 2413 1455 2442 erat,
1481 2408 1534 2437 hoc
1555 2413 1608 2441 est,
1635 2409 1668 2436 iis
1686 2407 1732 2443 qui
1759 2415 1792 2434 ex

1001 2459 1068 2486 Cain
1094 2457 1147 2485 orti
1170 2461 1258 2489 erant,
1281 2461 1309 2484 et
1330 2455 1459 2488 Lamech,
1478 2455 1526 2490 qui
1549 2454 1681 2482 nimirum
1704 2457 1795 2488 patcr‘

1002 2504 1046 2531 nis
1069 2503 1192 2539 vestigiis
1221 2503 1360 2534 insistens,
1392 2502 1453 2529 fuit—
1471 2499 1618 2528 homicida.
1647 2499 1802 2527 Confessus:

1001 2549 1075 2576 enim
1086 2553 1145 2576 est:
1161 2558 1170 2574 ι
1186 2547 1320 2581 Quoniam
1338 2547 1428 2574 virum
1443 2546 1534 2574 occidi
1559 2546 1587 2572 in
1600 2545 1699 2572 vulnus
1715 2544 1793 2576 mihi,

1002 2599 1030 2622 et
1057 2594 1290 2622 adolescentulum
1314 2593 1342 2620 in
1365 2593 1483 2621 vibicem
1512 2591 1589 2619 mihi.
1624 2601 1634 2617 ι
1666 2590 1800 2625 Quandiu-

1007 2640 1100 2675 itaque
1123 2647 1232 2668 sacrum
1254 2646 1340 2675 genus
1349 2638 1454 2674 absque
1476 2637 1533 2665 ullo
1546 2637 1610 2664 mali
1629 2636 1793 2664 commercio

1007 2686 1086 2719 vixit,
1111 2686 1221 2721 pietatis
1242 2693 1306 2721 erga
1327 2686 1415 2713 Deum
1439 2683 1617 2719 pulchritudo
1650 2689 1720 2718 pura
1744 2682 1798 2709 ιιι--

1007 2733 1062 2759 huc
1092 2737 1123 2759 et
1153 2733 1260 2760 sincera
1289 2732 1318 2759 in
1348 2731 1415 2767 ipsis
1447 2729 1579 2765 fulgebat,
1603 2728 1793 2756 admirabiles-

1008 2786 1060 2813 que
1086 2787 1139 2806 eos.
1160 2779 1287 2806 faciebat.
1305 2779 1451 2813 Postquam
1472 2783 1543 2802 vero.
1558 2775 1592 2802 ad
1613 2774 1703 2802 carnis
1720 2773 1787 2803 desi-
