1990 3046
252 202 279 229 Δ.
298 201 366 229 Cum
383 201 474 236 itaque
493 209 585 229 sermo
606 203 685 230 nobis
703 202 758 229 huc
783 209 871 236 usque
888 200 924 228 sit
947 208 1011 234 per-
1026 202 1048 229 Α

215 245 334 278 ductus,
347 250 374 273 et
385 245 500 273 inundat
510 246 609 274 litterae
620 247 777 274 narratione
791 245 925 273 historico
938 251 1012 272 more

217 295 414 326 consumptus,
438 291 507 318 nihil
526 292 616 325 ultra,
632 297 663 319 ut
674 300 724 327 ego
743 291 854 327 quidem
875 291 1013 322 arbitror,

217 337 379 372 requiritur.
406 337 461 372 Age
482 337 592 372 itaque,
613 338 720 373 singula
746 345 844 365 eorum
865 344 927 371 qua“.
942 336 1014 363 dicta

219 387 284 409 sunt
296 382 385 417 capita
407 387 581 417 repetentes,
599 384 737 411 occultam
761 384 836 410 intus
861 383 888 409 in
905 383 939 409 iis
951 389 1014 409 con—

218 427 423 461 templationem
463 428 678 460 transferentes.
714 428 819 456 Christi
853 427 1013 462 mysterium

215 471 414 498 concinnemus
424 491 431 504 ,
444 476 473 498 et
489 472 587 499 salutis
603 480 652 507 per
665 472 755 507 ipsum
773 472 898 507 pnestilz
919 470 1014 505 imagi-

219 523 281 544 nem
287 516 433 551 quamdam
439 524 471 544 ac
478 522 570 552 typum
577 518 661 545 fuisse
667 517 843 546 ostendamus
849 517 905 544 Noe
913 516 1012 550 ipsum,

219 562 383 597 sapiensque
403 567 487 598 atque
503 563 643 591 ineil‘abile
665 564 698 591 de
723 571 785 590 area
804 562 903 590 divina:
923 561 1013 596 provi-

216 607 320 635 dentia!
330 608 488 635 consilium.
508 609 594 636 Natus
606 610 698 644 itaque
715 613 755 636 est
768 609 824 636 Noe
836 615 870 635 ex
883 608 1012 640 Lamech,

218 659 316 680 noneo
326 653 374 687 qui
384 653 474 680 virum
487 658 515 681 et
533 653 731 681 adolescentem
747 653 887 680 occiderat
897 673 904 684 ,
919 652 966 680 sed
980 661 1013 680 ex

217 697 272 725 alio
284 697 408 732 ejusdem
418 699 537 726 nominis
550 706 582 725 ex
592 698 667 726 Seth.
680 698 758 725 Ortus
773 702 865 725 autem
877 702 918 724 est
930 698 1013 725 etiam

218 743 352 771 Dominus
375 749 469 772 noster
491 745 571 772 Jesus
591 744 716 772 Christus
734 752 768 772 ex
792 744 894 776 Israel,
917 749 1013 771 sancto

218 788 331 822 quidem
351 793 462 824 propter
480 794 587 824 patres,
603 793 733 816 caeterum
749 797 783 816 ex
802 790 903 824 populo
923 797 1014 817 mores

221 833 339 862 Lamech
368 835 520 865 referente.
541 838 623 868 atque
644 835 766 869 ejusdem
793 843 855 862 cum
878 835 1013 862 homicida

219 880 375 912 sententiae,
395 880 517 915 ejusdem
536 880 617 907 etiam
639 880 758 907 nominis
773 885 908 915 quatenus
921 880 1010 907 homi-

219 923 298 950 cidae.
319 924 426 951 Dictum
445 929 537 951 autem
558 929 600 952 est
612 925 677 952 alibi
689 925 723 952 ad
743 925 874 953 Iudaeos:
893 935 901 950 ι
924 925 1010 958 Quem

219 969 413 1004 prophetarum
427 978 483 999 non
497 971 659 1000 occiderunt
670 977 763 1007 patres
771 971 856 999 vestri
866 971 907 998 Ἥ
922 982 931 997 ι
949 971 983 998 Ει
996 980 1011 999 a

219 1015 346 1043 Christo:
369 1027 378 1042 ‹
398 1017 433 1044 Et
451 1025 501 1045 vos
523 1017 635 1053 implete
663 1026 818 1045 mensuram
839 1023 947 1052 patrum
967 1025 1012 1045 ve-

218 1065 337 1088 strorum
348 1063 381 1090 ³⁵.
397 1073 405 1088 ι
414 1063 486 1096 Quin
496 1064 578 1091 etiam
591 1071 640 1099 per
646 1071 742 1091 vocem
752 1063 828 1091 Isaiae
835 1064 903 1091 aitu
919 1063 1010 1096 Quan-

219 1107 254 1134 do
279 1108 460 1136 extcnderitis
485 1117 584 1136 manus
609 1114 715 1136 vestras
746 1109 779 1136 ad
804 1117 864 1141 me.
890 1113 1011 1136 avertam

218 1153 313 1181 oculos
329 1162 404 1182 meos
416 1162 431 1182 a
450 1155 545 1182 vobis:
561 1160 589 1183 et
605 1156 626 1182 si
643 1155 892 1190 multiplicaveritis
910 1155 1012 1182 oratio-

220 1206 282 1226 nem
293 1219 300 1230 ,
315 1207 370 1227 non
386 1201 530 1228 exaudiam
546 1209 611 1234 vos;
627 1209 724 1228 manus
740 1201 814 1228 enim
834 1205 932 1228 vestra:
948 1209 1012 1229 san-

219 1245 302 1280 guine
313 1246 400 1280 plenae
411 1246 466 1273 sint
481 1247 515 1273 ".
532 1256 541 1272 ι
555 1247 638 1281 Atqui
654 1247 711 1274 Noe
728 1247 891 1274 undecimus
913 1247 965 1274 fuit
979 1255 1013 1274 ex

219 1291 315 1318 Adam.
328 1291 455 1319 Christus
470 1299 537 1318 vero
548 1299 658 1319 rursum
675 1291 760 1319 veluti
780 1292 807 1319 in
825 1292 920 1319 ultimo
931 1297 1013 1327 atque

221 1335 366 1363 undecimo
385 1340 506 1370 tempore
537 1345 647 1364 carnem
670 1338 840 1372 assumpsit,.
861 1343 1014 1373 nostraeque

220 1381 317 1409 salutis
347 1382 612 1410 administrationem
636 1389 679 1411 est
712 1391 802 1411 orsus.
826 1384 903 1417 Quod
922 1386 958 1412 ita
985 1393 1014 1412 se

220 1427 338 1460 habere,
362 1436 515 1463 verumque
539 1436 616 1461 esse,
642 1429 723 1456 facile
741 1438 775 1457 ex
800 1431 885 1457 sacris
903 1431 1014 1458 Litteris

221 1473 360 1501 didiceris.
377 1474 423 1501 Ille
440 1475 514 1501 enim
532 1475 579 1509 qui
605 1475 746 1510 operarios
760 1475 886 1503 mercede
909 1476 1014 1503 condu-

220 1527 285 1548 oens
297 1520 325 1546 in
340 1520 447 1547 vincam
458 1529 536 1548 suam
550 1522 665 1548 vocabat
675 1522 743 1548 hora
755 1521 898 1549 undecima
908 1543 915 1554 ,
933 1531 1015 1557 quos—

221 1565 282 1593 dam
299 1566 335 1593 ita
353 1567 537 1601 compellavit,
549 1571 645 1602 gentes
664 1567 795 1595 nimirum
813 1577 819 1594 :
844 1577 852 1593 ‹
872 1567 943 1600 Quid
961 1573 1017 1595 sta-

220 1611 316 1646 6933
328 1611 373 1639 hic
385 1616 439 1639 tota
448 1612 579 1639 dieotiosi
590 1613 644 1639 ’7?»
657 1613 727 1647 ipsis
734 1620 800 1640 vero
813 1617 907 1647 aperte
920 1613 1016 1640 dicen-

220 1657 294 1684 tibus
314 1657 386 1692 quod
403 1665 483 1684 nemo
501 1666 549 1685 eos
565 1658 740 1685 conduxisset
767 1659 858 1694 (nemo
880 1659 1016 1693 siquidem

221 1707 285 1731 ante
300 1702 449 1730 Salvatoris
457 1704 545 1731 nostri
555 1704 704 1731 adventum
716 1709 812 1739 gentes
823 1705 856 1731 ad
868 1705 914 1731 Dei
926 1705 1017 1739 cogni—

221 1749 324 1776 tionem
342 1749 471 1784 vocavit),
491 1749 608 1785 benigne
626 1758 658 1776 ac
677 1750 826 1777 clementer
854 1751 1014 1785 respondit:

226 1804 234 1820 ι
252 1795 290 1822 [te
304 1799 332 1822 et
343 1804 391 1823 vos
406 1796 433 1822 in
447 1796 554 1823 vineam
565 1816 571 1827 ,
590 1801 618 1822 et
629 1796 813 1831 quodcunque
824 1797 1016 1832 fueritjustum

221 1840 294 1868 dabo
304 1840 381 1868 vobis
389 1842 422 1868 Ἠ.
442 1852 451 1866 ι
472 1842 557 1869 Porro
573 1843 615 1869 lex
631 1843 713 1869 etiam
731 1850 780 1877 per
803 1843 911 1877 Moysen
925 1843 996 1869 edita
1007 1863 1015 1875 ,

221 1886 283 1922 agni
306 1886 497 1914 mactationem
530 1888 562 1914 ad
584 1895 729 1922 vesperum
755 1893 784 1914 ct
810 1888 845 1914 ad
875 1888 1016 1915 lucernam

222 1932 314 1967 peragi
323 1931 414 1966 jussit;
429 1931 568 1966 Siquidem
581 1933 689 1960 labente
701 1933 756 1968 jam
767 1933 968 1968 quodammodo
982 1934 1017 1960 ad

1032 869 1050 896 Il

1028 1537 1049 1565 C

179 2008 184 2013 ο
222 1984 350 2004 occasum
373 1982 512 2011 tempore,
528 1986 560 2005 ac
586 1983 690 2005 tantum
708 1987 763 2005 non
782 1979 960 2006 contrahente
987 1987 1016 2006 se

223 2027 357 2056 praesente
374 2025 490 2056 saeculo,
515 2025 672 2059 unigenitus
694 2025 741 2051 Dei
767 2025 852 2052 Filius
866 2025 948 2052 homo
976 2030 1018 2053 est

223 2067 326 2101 factus,
342 2073 514 2104 mortemque
522 2078 572 2104 pro
583 2071 711 2098 omnibus
727 2075 935 2105 estperpcssus,
950 2071 1018 2098 libe-

224 2121 288 2142 rans
302 2122 316 2141 a
333 2123 412 2149 paena
421 2119 449 2142 et
461 2115 596 2150 supplicio
607 2136 614 2148 ,
630 2121 711 2150 atque
722 2116 757 2142 ab
765 2116 838 2142 omni
851 2110 1017 2152 ejuscemodi

225 2165 299 2188 metu
315 2161 472 2196 longissime
494 2169 703 2191 removens.cos
729 2161 777 2196 qui
793 2162 873 2189 ﬁdem
889 2170 1017 2196 suscepe-

225 2206 288 2234 rint.
312 2207 372 2241 lpse
392 2208 466 2235 enim
479 2216 562 2235 verus
578 2212 620 2235 est
631 2207 705 2240 Noe,
725 2208 777 2236 hoc
790 2213 846 2241 est,
863 2208 970 2244 justitia
991 2212 1019 2236 et
1035 2206 1056 2234 D

225 2253 334 2287 requies
351 2263 357 2279 :
373 2253 426 2280 hoc
453 2254 527 2281 enim
560 2262 662 2281 nomen
686 2255 775 2289 ipsum
810 2254 1016 2289 interpretatur.

228 2298 395 2326 «iustiﬁcati
415 2300 517 2326 etenim
540 2308 653 2333 sumus,
677 2300 828 2328 secundum
845 2300 1017 2335 Scripturas,

225 2350 281 2370 non
291 2351 324 2370 ex
333 2344 463 2378 operibus
471 2345 584 2380 justitite
595 2366 602 2377 ,
615 2354 675 2380 qum
690 2345 804 2373 fecimus
813 2353 872 2376 nos,
886 2345 933 2372 sed
941 2345 1019 2380 juxta

227 2395 350 2424 magnam
366 2389 450 2424 ipsius
468 2390 718 2419 misericordiam“.
737 2401 745 2417 ›
761 2391 859 2418 Factus
872 2391 963 2425 itaque
976 2395 1019 2418 est

227 2434 306 2461 nobis
316 2435 606 2471 credentibusjustitia
615 2437 741 2464 Christus
754 2458 760 2470 ,
774 2445 824 2464 nec
835 2445 888 2464 non
898 2437 1018 2472 requies.

206 2491 209 2493 -
226 2479 250 2506 si
267 2481 349 2508 modo
366 2489 430 2509 vere
445 2482 547 2509 dicitur
564 2492 570 2509 :
590 2493 599 2508 ‹
615 2483 692 2516 Quod
713 2484 818 2518 languit
838 2483 894 2517 ipse
908 2486 1019 2517 propter

227 2523 385 2559 iniquitates
399 2530 524 2559 nostras,
542 2532 570 2554 et
590 2532 702 2562 propter
716 2532 827 2562 peccata
853 2532 946 2554 nostra
963 2532 1020 2555 tra-

227 2570 301 2598 ditus
310 2575 362 2604 cst,
378 2577 405 2599 et
417 2573 506 2599 vibice
523 2574 583 2609 ejus
610 2581 706 2600 omnes
731 2574 817 2601 sanati
842 2582 937 2601 sumus
954 2583 959 2600 :
975 2579 1020 2605 et.

227 2616 357 2644 Dominus
382 2618 495 2645 tradidit
518 2619 606 2653 ipsum
631 2628 681 2654 pro
715 2619 835 2654 peccatis
859 2619 979 2650 nostris,
1008 2629 1016 2645 |

224 2662 301 2696 juxta
325 2664 465 2698 prophetae
485 2672 582 2692 vocem
596 2666 615 2692 ¹.
630 2665 698 2693 Cum
720 2665 815 2700 itaque
830 2665 956 2693 Christus
972 2673 1022 2699 pro

227 2707 307 2735 nobis
319 2716 416 2744 passus
433 2710 469 2737 sit
487 2711 651 2744 carnaliter,
669 2711 743 2738 beati
761 2715 843 2746 atque
869 2711 1022 2738 admirandi

227 2761 331 2783 sumus.
345 2756 416 2790 Quid
434 2758 507 2785 enim
526 2766 582 2786 non
599 2759 733 2793 ejusmodi
753 2758 892 2786 consecuti
911 2766 1022 2790 sumus,

263 2813 286 2828 "
298 2813 356 2841 Act.
375 2823 409 2841 vn
422 2835 428 2845 ,
447 2815 490 2842 52.
546 2817 568 2831 ’³
582 2815 674 2842 Matth.
703 2823 776 2847 xu",
791 2815 834 2842 3|.
885 2817 907 2831 ⁹⁴¹
928 2815 977 2842 Isa.
992 2823 1009 2847 ι,
1026 2815 1058 2842 15

230 2847 238 2863 ⁶
254 2847 304 2877 lsa.
321 2857 376 2881 LIII,
389 2850 415 2882 5,
429 2851 454 2878 6.

729 144 757 172 S.
778 141 915 171 CYltlL”
936 140 1171 168 ALEXANDRINI
1190 140 1348 169 ARCHIEP.

1062 2835 1067 2841 .
1117 2815 1138 2830 ’τ
1154 2814 1249 2842 Matth.
1271 2821 1314 2844 xx,
1328 2813 1354 2839 6.

1814 135 1848 163 60

1097 199 1118 226 δ’
1121 220 1128 227 .
1153 200 1317 235 ’Δριγμὲνου
1330 199 1357 225 δὲ
1373 198 1422 235 ἤδη
1437 199 1505 234 πρὸς
1520 198 1597 224 τοῦτο
1617 199 1679 233 ἡμῖν
1696 196 1742 224 τοῦ
1758 196 1848 230 λόγου,

1064 245 1101 277 ὡς
1126 246 1155 271 ὲν
1178 245 1314 280 ἀφηγήσει
1334 245 1425 271 λοιπὸν
1452 246 1485 280 τῇ
1513 243 1583 270 κατὰ
1610 243 1639 269 τὸ
1656 241 1773 277 γράμμα
1803 241 1849 266 καὶ

1065 291 1217 326 ίστορικῶς,
1226 291 1304 322 ἐνδεῖ,
1317 290 1355 321 ὧς
1361 298 1393 324 γε
1404 287 1491 325 οἶμαι.
1502 288 1637 319 παντελῶς
1647 287 1731 314 οὐδέν.
1739 287 1806 322 Φέρε
1816 286 1848 320 δὴ

1063 334 1110 363 οὗν
1124 337 1183 363 κατ’
1202 337 1274 371 QVO;
1301 336 1355 363 τῶν
1378 335 1530 371 εἰρημένων
1552 335 1600 370 τὴν
1623 333 1677 360 ἔσω
1689 331 1850 368 κεκρυμμέ-

1063 391 1111 418 νην
1129 382 1332 418 διακομίζοντες
1354 382 1482 417 θεωρίαν,
1506 381 1537 407 τὸ
1561 378 1678 415 Χριστοῦ
1699 379 1848 414 μυστήριον

1063 429 1278 464 διαπλάττωμεν,
1299 429 1346 455 καὶ
1366 428 1416 462 τῆς
1435 427 1469 454 δι’
1481 426 1563 454 αὑτοῦ
1596 425 1732 460 σωτηρίας
1756 422 1848 450 εἰκόνα

1062 475 1229 509 δεικνύωμεν
1250 474 1312 501 Νῶέ
1333 481 1362 500 τε
1380 473 1471 505 αὺτὸν,
1488 472 1535 499 καὶ
1554 471 1603 506 τὴν
1620 470 1667 497 ἐπὶ
1685 471 1717 505 τῇ
1740 467 1848 502 κιϐωτῷ

1064 520 1149 555 σοφὴν
1162 521 1209 546 καὶ
1223 519 1377 555 ἀπόρρητον
1398 518 1563 553 οίκονομίαν.
1582 515 1743 550 Γεγέννηται
1759 513 1848 540 τοίνυν

1063 566 1123 593 Νῶε
1139 566 1182 593 διὰ
1197 566 1303 600 Λάμεχ,
1316 565 1376 600 οὐχὶ
1389 563 1435 590 τοῦ
1446 561 1696 599 προπεςρονευκότος
1705 560 1789 594 ἄνδρα
1801 559 1848 585 καὶ

1063 611 1215 642 νεανίσκον,
1231 610 1289 637 ἀλλ’
1301 609 1332 642 ὲξ
1359 607 1504 644 ὁμωνύμου
1525 606 1571 633 τοῦ
1596 606 1640 633 διὰ
1668 605 1730 641 Σήθ.
1750 605 1847 638 ’Λνέφυ

1063 657 1091 683 δὲ
1108 657 1155 683 καὶ
1171 657 1186 683 ὁ
1207 655 1308 691 Κύριος
1329 654 1409 689 ήμῶν
1432 653 1535 689 Ἰησοῦς
1554 651 1670 687 Χριστὸς
1681 651 1711 683 ἐξ
1728 650 1846 685 Ἰσραὴλ,

1063 703 1143 736 ἀγίου
1169 702 1218 737 μὲν
1241 701 1284 728 διὰ
1304 701 1367 732 τοὺς
1383 699 1519 736 πατέρας·
1535 698 1563 731 ἐξ
1587 696 1800 732 ὁμοτροποῦντος
1818 695 1846 721 δὲ

1063 747 1129 775 λαοῦ
1144 747 1190 774 τοῦ
1213 747 1309 782 Λάμεχ
1331 746 1378 772 καὶ
1393 743 1647 780 ὁμογνωμονοῦντας
1663 742 1702 776 τῷ
1717 741 1846 775 φονεντῇ·

1064 793 1207 829 ὁμωνύμου
1240 801 1269 818 τε
1296 791 1345 827 ἢδη
1370 791 1438 818 καθὸ
1466 790 1591 824 φονευτῇ.
1612 788 1726 823 Εἴρηται
1747 786 1775 812 δέ
1797 793 1847 811 που

1064 839 1132 875 πρὸς
1153 838 1312 869 Ἰουδαίους·
1335 847 1343 863 ι
1374 837 1440 863 Τίνα
1462 836 1517 862 τῶν
1542 833 1688 871 προφητῶν
1712 833 1761 859 οὺκ
1787 833 1840 858 ἀπ-

1064 887 1187 912 έκτειναν
1205 885 1230 911 οἱ
1251 883 1370 918 πατέρες
1397 882 1490 918 ὑμῶν;
1503 891 1513 908 ι
1531 882 1586 908 Καὶ
1605 879 1682 915 παρὰ
1711 877 1847 914 Χριστοῦ·

1065 941 1074 956 ι
1086 931 1141 957 Καὶ
1161 931 1240 966 ὑμεῖς
1260 928 1474 964 ἀναπληρώσατε
1491 927 1522 954 τὸ
1537 927 1637 962 μέτρον
1650 925 1705 951 τῶν
1719 924 1846 959 πατέρων

1063 976 1171 1012 ὑμῶν.»
1190 976 1244 1002 Καὶ
1271 974 1324 1010 μὴν
1355 975 1402 1001 καὶ
1426 973 1470 1001 διὰ
1494 972 1585 1008 φωνῆς
1613 970 1723 998 Ἡσαΐου
1750 969 1847 1004 φησιν’

1069 1033 1078 1048 (
1091 1023 1175 1048 ’Ὁταν
1190 1021 1239 1053 τὰς
1265 1022 1360 1056 χεῖρας
1388 1020 1525 1054 ὲκτείνητε
1537 1018 1605 1053 πρὸς
1625 1017 1670 1053 μὲ,
1685 1015 1849 1050 ἀποστρέᾥω

1061 1069 1124 1100 τοὺς
1143 1067 1298 1103 ὀφθαλμούς
1325 1076 1376 1102 μου
1401 1066 1446 1101 ἀφ’
1460 1065 1549 1101 ὑμῶν·
1568 1064 1614 1091 καὶ
1631 1063 1678 1089 ἐὰν
1696 1061 1849 1097 πληθύνητε

1062 1116 1111 1150 τὴν
1127 1115 1229 1150 δέησιν,
1245 1114 1294 1140 οὐκ
1310 1112 1504 1146 είσακούσομαι
1532 1110 1617 1146 ὑμῶν·
1642 1110 1670 1136 αἱ
1693 1108 1747 1142 γὰρ
1760 1108 1850 1142 χεῖρες

1063 1161 1140 1196 ὑμῶν
1172 1161 1289 1195 αἵματος
1317 1158 1461 1193 πλήρεις.»
1490 1157 1544 1182 Καὶ
1568 1155 1709 1186 ἑνδέκατος
1737 1154 1786 1188 μὲν
1820 1153 1850 1186 ἐξ

1069 1207 1177 1242 Ἀδὰμὸ
1188 1206 1263 1232 Νῶε·
1281 1204 1397 1239 Χριστὸς
1411 1203 1440 1229 δὲ
1455 1202 1487 1238 δὴ
1505 1201 1583 1228 πάλιν
1598 1201 1634 1231 ὡς
1650 1201 1678 1226 ὲν
1696 1200 1800 1234 ἐσχάτῳ
1819 1207 1849 1224 τε

1063 1254 1110 1280 καὶ
1128 1252 1262 1287 ἑνδεκάτῳ
1286 1250 1375 1286 καιρῷ
1392 1249 1554 1284 γεγέννηται
1580 1247 1651 1274 κατὰ
1680 1246 1780 1282 σάρκα,
1804 1246 1850 1272 καὶ

1063 1299 1112 1334 τῆς
1129 1298 1171 1332 ἐφ’
1188 1298 1253 1332 ἡμῖν
1275 1296 1430 1331 οἰκονομίας
1458 1295 1582 1329 ἄρχεται.
1600 1293 1685 1319 Τοῦτο
1704 1292 1726 1318 δ’
1750 1291 1783 1318 ἂν
1799 1291 1850 1325 μά-

1065 1343 1121 1375 θοις
1131 1340 1181 1369 ὧδέ
1199 1351 1227 1368 τε
1246 1342 1317 1377 ἔχειν
1332 1342 1378 1367 καὶ
1393 1340 1500 1375 ἀληθὲς,
1515 1340 1556 1365 ὄτι
1572 1338 1660 1372 πάντη
1676 1345 1705 1363 τε
1722 1337 1768 1368 καὶ
1784 1336 1852 1362 πάν-

1064 1399 1118 1422 τως
1129 1390 1209 1424 ὲρεῖς,
1224 1388 1279 1414 ἀπό
1292 1396 1323 1422 γε
1335 1386 1388 1413 τῶν
1406 1386 1484 1421 ίερῶν
1500 1384 1675 1420 Γραμμάτων
1704 1384 1851 1410 ἀναπεπεια

1067 1435 1174 1470 σμένος.
1196 1434 1226 1459 ⁷0
1248 1433 1302 1468 γάρ
1319 1440 1358 1457 τοι
1371 1432 1432 1462 τοὺς
1448 1430 1565 1466 ἐργάτας
1585 1429 1624 1460 είς
1641 1428 1687 1454 τὸν
1704 1426 1853 1462 ἀμπελῶνα

1068 1479 1246 1516 μισθούμενος
1265 1480 1293 1505 ἐν
1312 1478 1371 1512 ὥρᾳ.
1381 1478 1415 1512 τῇ
1433 1476 1563 1510 ἑνδεκάτῃ
1575 1472 1793 1510 προσπεφώνηκέ
1807 1481 1850 1516 τι·

1069 1513 1110 1551 σιν
1123 1533 1128 1539 ·
1145 1513 1217 1551 οὗτοι
1228 1523 1250 1550 δ’
1268 1522 1300 1549 ἂν
1313 1520 1367 1548 εἷεν
1380 1522 1404 1547 οἱ
1422 1520 1452 1552 ἐξ
1466 1519 1561 1551 ὲθνιῖιν,
1585 1527 1594 1544 ι
1607 1518 1639 1545 Τί
1658 1518 1790 1552 ἑστήκατε
1803 1513 1853 1543 ὧδε

1069 1571 1133 1605 ὃλην
1149 1570 1197 1604 τὴν
1214 1568 1319 1604 ἡμέραν
1336 1566 1432 1602 ὰργοί;
1446 1576 1455 1592 ι
1474 1565 1534 1591 Τῶν
1545 1564 1573 1591 δὲ
1588 1563 1737 1597 ἀναφανδὸν
1751 1562 1855 1597 εἰρηκό-

1071 1625 1136 1646 των,
1148 1615 1190 1641 ὅτι
1202 1615 1293 1645 (ίύδεὶς
1312 1614 1385 1648 ἡμᾶς
1403 1611 1574 1646 ἐμισθώσατο
1585 1618 1592 1625 ’
1611 1609 1728 1644 κέκληκε
1743 1608 1797 1642 γὰρ
1811 1607 1856 1633 οὑ-

1069 1663 1124 1693 δεὶς
1139 1661 1192 1696 πρὸ
1209 1661 1258 1695 τῆς
1278 1660 1325 1686 τοῦ
1349 1659 1475 1693 Σωτῆρος
1489 1657 1568 1692 ήμῶν
1585 1655 1732 1690 ἐπιδημίας
1745 1655 1786 1685 είς
1800 1654 1856 1680 θεο-

1066 1708 1186 1742 γνωσίαν
1215 1707 1248 1733 τὰ
1275 1706 1354 1740 ἔθνη·
1384 1704 1510 1739 χρηστῶς
1540 1703 1585 1729 καὶ
1614 1700 1852 1736 φιλοικτιρμόνως,

1071 1763 1081 1778 ι
1099 1752 1232 1786 Ὑπάγετε
1247 1751 1293 1778 καὶ
1313 1751 1401 1785 ὑμεῖς,
1415 1759 1424 1775 ›
1443 1750 1534 1784 φησιν,
1556 1749 1614 1780 (είς
1633 1747 1679 1774 τὸν
1695 1745 1854 1781 ἀμπελῶνα,

1069 1799 1116 1825 καὶ
1130 1798 1144 1825 ὃ
1161 1798 1208 1824 ἐὰν
1270 1797 1384 1828 δίκαιον,
1405 1794 1483 1821 δώσω
1509 1794 1584 1829 ὑμῖν.
1596 1803 1605 1819 ι
1635 1793 1688 1819 Καὶ
1699 1794 1712 1819 ὁ
1729 1791 1773 1818 διὰ
1790 1791 1854 1818 Μω-

1070 1845 1137 1876 σέως
1152 1844 1233 1879 νόμος
1248 1842 1297 1878 τὴν
1309 1841 1356 1868 τοῦ
1372 1841 1508 1877 προϐάτου
1524 1839 1630 1874 σφαγὴν
1651 1838 1787 1873 ἀναμέσον
1800 1837 1855 1863 τῶν

1070 1889 1232 1925 ἑσπερινῶν,
1250 1888 1318 1923 πρὸς
1341 1887 1461 1922 ἑσπέραν
1476 1894 1504 1912 τε
1531 1885 1578 1911 καὶ
1595 1884 1648 1911 ὑπὸ
1666 1883 1780 1918 λύχνους
1804 1882 1855 1918 ἤδη

1068 1935 1203 1963 τελεῖσθαι
1226 1934 1420 1969 προστέταχεν.
1443 1932 1532 1959 Οἱονεὶ
1552 1930 1606 1966 γάρ
1626 1938 1684 1961 πως
1706 1929 1749 1955 ἐπ’
1763 1929 1855 1960 αὑταῖς

1069 1983 1118 2019 ήδη
1141 1982 1257 2016 δυσμαῖς
1280 1981 1393 2015 ἥκοντος
1418 1978 1464 2005 τοῦ
1488 1977 1596 2012 καιροῦ,
1615 1975 1756 2012 μονονουχὶ
1769 1975 1795 2001 δὲ
1809 1975 1855 2001 καὶ

1070 2026 1280 2061 συστελλομένου
1300 2024 1392 2052 λοιπὸν
1411 2023 1459 2050 τοῦ
1475 2023 1606 2058 παρόντος
1621 2021 1728 2054 αἰῶνος,
1746 2021 1855 2054 γέγονεν

1069 2073 1210 2109 ἄνθρωπος
1225 2073 1238 2099 ὁ
1249 2071 1403 2105 Μονογενὴς
1418 2069 1465 2096 τοῦ
1480 2068 1548 2095 Θεοῦ
1563 2068 1659 2102 Λόγος,
1669 2067 1715 2094 καὶ
1729 2066 1777 2102 τὴν
1788 2066 1856 2100 ὑπὲρ

1071 2121 1177 2148 πάντων
1189 2119 1285 2154 ἀνέτλη
1301 2117 1417 2152 σφαγὴν,
1433 2115 1528 2150 ποινῆς
1541 2115 1588 2141 καὶ
1605 2115 1682 2150 δίκης
1697 2112 1854 2146 ἐλευθερῶν,

1072 2166 1117 2194 καὶ
1134 2165 1232 2196 παντὸς
1261 2163 1309 2190 τοῦ
1339 2162 1444 2189 τοιοῦδε
1470 2160 1596 2195 δείματος
1620 2158 1756 2186 ἀπωτάτω
1772 2156 1856 2188 τιθεὶς

1071 2215 1133 2246 τοὺς
1159 2211 1385 2241 πεπιστευκότας.
1403 2208 1487 2239 Αὐτὸς
1510 2207 1563 2242 γάρ
1585 2207 1657 2232 ἐστιν
1677 2205 1692 2231 ό
1710 2203 1779 2230 κατὰ
1792 2203 1856 2237 dii“-

1071 2261 1147 2288 θειαν
1163 2259 1236 2290 Νῶε,
1259 2258 1408 2288 τουτέστιν,
1426 2256 1442 2290 ή
1464 2253 1620 2287 δικαιοσύνη
1647 2252 1692 2277 καὶ
1707 2252 1723 2286 ὴ
1737 2250 1856 2276 ἀνάπαυ-

1072 2315 1129 2338 σις·
1159 2304 1337 2340 ἑρμηνεύεται
1369 2301 1423 2336 γὰρ
1441 2298 1492 2327 ὦδε
1520 2299 1549 2325 τὸ
1569 2298 1662 2332 ὖνομα.
1694 2294 1856 2322 «ΔΞ-δικαιώ-

1074 2352 1142 2388 μεθα
1157 2351 1222 2385 γὰρ,
1245 2350 1316 2376 κατά
1333 2348 1381 2379 τὰς
1397 2346 1518 2383 Γραφὰς,
1535 2345 1594 2390 ουκ.
1608 2343 1637 2390 εξ
1656 2343 1743 2390 ἔργων
1757 2341 1857 2390 ’δικαιοί

1071 2385 1164 2431 σύνης.
1189 2391 1225 2421 ὧν
1243 2394 1409 2428 ἐποιήσαμεν
1434 2391 1527 2426 ἡμεῖς,
1555 2388 1622 2414 ἀλλὰ
1653 2385 1722 2412 κατὰ
1739 2385 1770 2410 τὸ
1792 2385 1856 2431 πολὺ

1069 2430 1152 2470 αὑτοῦ
1167 2441 1249 2470 ἕλεος.
1262 2449 1271 2464 ι
1289 2438 1386 2471 Γέγονε
1401 2436 1491 2462 τοίνυν
1505 2435 1573 2470 ἡμῖν
1588 2434 1645 2463 τοῖς
1664 2430 1857 2458 πεπιστευκόσι

1069 2486 1227 2520 δικαιοσύνη
1247 2484 1374 2520 Χριστὸς,
1391 2482 1438 2509 καὶ
1465 2481 1517 2517 μὴν
1540 2480 1588 2507 καὶ
1601 2479 1764 2507 ἀνάπαυσις.
1781 2475 1857 2509 εἴπερ

1070 2534 1143 2561 ἐστὶν
1159 2519 1267 2567 ἀληθὲς.
1290 2540 1298 2555 ι
1315 2531 1358 2561 Ὠς
1373 2528 1575 2564 μεμαλάκισται
1593 2525 1642 2560 μὲν
1656 2523 1737 2554 αὐτὸς
1754 2520 1797 2547 διὰ
1812 2519 1857 2550 τὰς

1072 2576 1186 2611 ἀνομίας
1206 2566 1299 2610 ήμῶν,
1320 2573 1367 2600 καὶ
1394 2572 1438 2599 διὰ
1467 2571 1517 2603 τὰς
1534 2568 1672 2605 ἁμαρτίας
1700 2566 1777 2602 ἡμῶν
1794 2573 1857 2599 παρ-

1072 2622 1161 2657 εδόθη,
1181 2622 1228 2648 καὶ
1252 2620 1290 2655 τῷ
1317 2619 1430 2655 μώλωπι
1445 2617 1528 2645 αὐτοῦ
1552 2617 1630 2652 ἡμεῖς
1653 2613 1775 2649 ἰαοημεν.
1795 2611 1857 2640 Kal.

1073 2667 1176 2703 Κύριος
1203 2666 1360 2702 παρέδωκεν
1387 2664 1467 2691 αὐτὸν
1491 2665 1550 2695 ταῖς
1575 2660 1722 2696 ἁμαρτίαις
1745 2657 1853 2693 ἠμῶν,ι

1074 2702 1145 2740 κατὰ
1168 2712 1218 2746 τὴν
1246 2711 1292 2738 τοῦ
1318 2711 1457 2746 προφήτου
1491 2710 1592 2744 φωνήν.
1611 2706 1730 2742 Χριστοῦ
1745 2702 1791 2732 οὖν
1808 2711 1856 2730 πα-

1075 2758 1166 2789 θόντος
1181 2756 1250 2792 ὑπὲρ
1267 2755 1346 2790 ἡμῶν
1362 2756 1452 2791 σαρκὶ,
1467 2755 1599 2790 μακάριοι
1613 2753 1660 2780 καὶ
1673 2750 1855 2784 ἀξιοζήλωτοι,

1407 2813 1429 2827 "
1446 2811 1517 2838 lbid.
1537 2811 1562 2836 'l.
1616 2810 1638 2825 "
1651 2809 1730 2836 Rom.
1758 2815 1795 2837 nl,
1813 2806 1853 2832 2i.
