1990 3046
153 162 183 189 (il
667 161 926 191 GLAPHYRORUM
945 163 979 191 IN
998 164 1147 193 GENESIM
1167 165 1230 192 ΜΒ.
1252 165 1283 192 ll.
1749 163 1782 190 (⁸9

156 220 209 247 Καὶ.
221 219 247 246 τί
267 219 338 255 γάρ;
359 219 419 255 οὐχὶ
435 219 489 246 τῶν
509 219 618 246 τοιῶνδε
646 220 881 256 μετακεκλήμεοα,
898 222 940 248 καὶ

995 223 1152 251 caelestibus
1165 224 1245 251 donis
1263 224 1418 254 afﬂuentes,
1431 230 1580 257 eorumque
1594 223 1782 257 participatio-

155 265 211 291 τῶν
230 265 367 300 οὐρανίων
391 265 570 300 χαρισμάτων
593 265 823 301 κατατρυφῶμεν,
837 267 883 293 καὶ
895 275 945 294 κα-

156 311 362 346 ταπλοοδτοῦμεν
387 311 437 346 τὴν
465 310 583 346 μέθεξιν,
610 312 656 338 καὶ
678 311 709 338 τὸ
735 312 869 347 δυσαχθὲς
894 313 945 348 τῆς

157 356 295 391 ἁμαρτίας
320 354 501 386 άποεαλόντες
517 355 635 391 φορτίον,
652 355 782 390 άνιέμεθα
799 356 891 383 λοιπὸν
905 357 945 388 εἰς

157 400 309 436 εὐημερίαν
324 401 531 435 πνευματικήν;
554 399 661 427 Ἐκάλει
675 401 728 436 γὰρ
744 402 817 437 ἡμᾶς
833 403 873 433 εις
885 402 946 428 τοῦ-

156 455 188 473 το
203 447 290 481 λέγων
305 446 386 478 αὐτός
397 446 506 472 -ιΔεῦτε
519 447 588 482 πρὸς
605 447 650 481 μὲ,
668 448 770 479 πάντες
781 448 807 474 οι
822 448 944 474 κοπιῶν-

157 500 203 523 τες
239 491 286 518 καὶ
324 491 543 526 πεφορτισμένοι,
577 491 655 525 κάγὼ
681 493 829 519 ἀναπαύσω
861 494 942 528 ὑμᾶς.

160 538 261 572 ’Λρατε
288 537 334 564 τὸν
361 537 442 571 ζυγόν
465 545 516 572 μου
541 538 583 572 ἐφ’
597 539 679 573 ὑμᾶς,
705 539 752 566 καὶ
775 540 875 574 μάθετε
897 541 943 567 ἀπ’

157 582 226 618 ἐμοῦ
250 583 291 609 ὃτι
316 583 403 617 πρᾶός
424 584 480 618 εἰμι
504 584 551 610 καὶ
567 584 694 616 ταπεινὸς
715 586 747 620 τῇ
768 586 878 621 καρδία,
899 587 945 613 καὶ

158 628 287 662 εὑρήσετε
310 627 462 654 ἀνάπαυσιν
487 629 547 659 ταῖς
564 628 663 663 ψυχαῖς
684 629 792 663 ὑμῶν.»
808 630 869 656 Ὀτι
891 630 944 666 γὰρ

158 672 271 706 ἔμελλεν
285 672 440 700 ἀναπαῦσαι
457 674 530 708 ἡμᾶς
549 673 563 698 6
577 673 703 708 Χριστὸς,
715 674 761 701 καὶ
775 676 789 701 6
807 675 944 711 ἀρχάγγε-

157 719 203 749 λος
226 718 346 753 Γαϐριὴλ
364 718 549 753 προανεφώνει
563 721 597 755 τῇ
622 720 687 755 ἁγίᾳ
704 721 833 757 Παρθένῳ
846 722 943 756 λέγων·

163 775 172 790 ι
186 764 231 799 Μὴ
245 764 338 798 φοϐοῦ,
353 764 480 800 Μαριάμ·
496 762 574 800 εὗρες
587 765 641 801 γὰρ
652 766 730 802 χάριν
742 767 815 802 παρὰ
823 767 861 802 τῷ
873 768 942 803 Θεῷο

159 811 205 838 καὶ
229 811 283 837 ἰδοὺ
306 811 427 847 συλλήψῃ
447 812 476 837 ὲν
494 812 603 846 γαστρὶ,
627 813 673 839 καὶ
696 812 782 844 τέξεις
806 814 881 840 υἱόν·
896 814 945 840 καὶ

158 856 284 889 καλέσεις
299 857 329 883 τὸ
343 856 429 892 ὄνομα
443 857 525 884 αὐτοῦ
543 857 644 893 Ἰησοῦν
655 867 661 873 ·
682 859 763 890 αὐτὸς
784 859 838 894 γὰρ
862 859 942 886 σώσει

995 277 1058 296 nem
1069 269 1176 304 adepti,
1206 274 1235 296 et
1261 270 1368 305 abiecto
1394 268 1559 304 'gravissimo
1582 269 1685 303 peccati
1706 269 1780 304 iugo,

994 323 1085 343 nonne
1103 316 1236 350 spirituali
1263 315 1390 350 deinceps
1414 314 1544 342 felicitate
1567 314 1699 341 fruimur?
1722 315 1781 349 Ipse

994 361 1068 387 enim
1088 369 1138 388 nos
1164 361 1198 388 ad
1221 361 1273 388 hoc
1292 361 1414 393 vocavit,
1433 360 1549 387 dicens:
1570 369 1579 385 ι
1596 360 1724 387 Accedite
1747 360 1781 386 ad

995 413 1048 438 me,
1061 413 1155 433 omnes
1166 407 1212 441 qui
1225 406 1354 433 laboratis
1367 410 1395 433 et
1406 406 1511 433 onerati
1522 406 1599 438 estis,
1608 410 1636 432 et
1646 413 1695 441 ego
1708 406 1780 433 refo-

993 451 1093 478 eillabo
1112 459 1168 479 vos.
1183 451 1280 478 Tollite
1297 452 1392 486 jugum
1411 459 1502 478 nicum
1519 459 1600 486 super
1614 459 1678 483 vos,
1697 457 1725 479 et
1737 451 1781 478 di-

993 497 1061 525 scite
1076 505 1090 524 a
1103 505 1145 524 me
1157 498 1221 532 quia
1233 498 1307 525 mitis
1319 505 1378 524 sum
1395 502 1422 524 et
1434 497 1545 524 humilis
1556 497 1648 528 corde,
1659 501 1686 524 et
1703 497 1781 524 inve-

994 543 1076 570 nietis
1094 543 1216 578 requiem
1243 543 1386 570 animabus
1408 544 1506 570 vestris
1528 544 1549 569 ².
1571 553 1579 568 ι
1603 543 1680 575 Quod
1707 543 1780 570 enim

993 589 1114 624 quietem
1126 588 1207 616 nobis
1218 588 1331 616 daturus
1341 594 1414 616 esset
1422 589 1548 616 Christus
1557 609 1564 620 ,
1577 589 1686 616 Gabriel
1698 589 1780 615 etiam

993 634 1172 669 archangelus
1181 639 1280 662 sanctae
1291 635 1393 670 Virgini
1402 635 1441 662 sic
1452 635 1589 669 prmdisit:
1603 645 1612 659 ι
1623 635 1662 661 Ne
1674 635 1780 665 timeas,

994 681 1233 708 Maria:invenisti
1247 682 1320 708 enim
1340 682 1452 716 gratiam
1468 681 1539 716 apud
1556 681 1651 708 Deum.
1665 681 1698 708 Et
1716 689 1780 709 ecce

993 727 1131 762 concipies
1150 727 1178 754 in
1197 732 1290 759 utero,
1303 731 1331 754 et
1348 728 1438 762 paries
1452 727 1552 759 lilium,
1569 732 1597 755 et
1612 727 1722 754 vocabis
1731 734 1781 754 no-

993 781 1056 800 men
1070 774 1129 808 ejus
1143 773 1245 800 Iesum.
1263 773 1322 807 Ipse
1345 773 1418 800 enim
1435 773 1538 800 salvum
1554 773 1636 800 faciet
1650 773 1780 807 populum

993 825 1073 845 suum
1084 825 1098 843 a
1110 817 1229 852 peccatis
1245 817 1302 844 suis
1312 818 1331 844 ".
1350 827 1359 842 ι
1376 817 1531 850 Quinetiam
1545 818 1630 844 divini
1641 818 1781 852 prophete

993 862 1115 896 requiem
1126 869 1174 896 per
1182 862 1270 896 ipsum
1278 866 1436 888 eventuram
1447 853 1572 889 accurate
1580 862 1779 896 praedixerunt;

157 902 202 930 τὸν
217 902 281 929 λαὸν
303 902 387 929 αὑτοῦ
419 903 472 929 ἀπὸ
498 903 551 930 τῶν
578 904 720 939 ἁμαρτιῶν
746 905 867 931 αὐτῶν.)
886 906 940 932 Καὶ

994 915 1110 942 quorum
1129 915 1218 934 unus:
1237 917 1245 932 ι
1267 906 1396 939 Conﬁde,
1423 916 1431 932 ι
1455 907 1560 941 inquit,
1583 916 1591 932 ι
1613 907 1698 939 Sion,
1725 916 1780 935 non

159 947 213 981 μὴν
224 948 273 974 καὶ
285 949 309 975 οῖ
324 947 462 975 ϐεστιέσιοι
488 949 627 984 προφῆται
641 950 690 984 τὴν
705 950 739 976 δ;“
758 950 841 976 αὑτοῦ
860 959 940 986 γενη.

159 994 276 1029 σομένην
298 994 451 1022 ἀνάπαυσιν
471 997 678 1031 προαναφωνείν
709 996 882 1028 ἐσπούδαζον.
913 998 941 1024 '0

159 1038 210 1073 μὲν
219 1039 274 1074 γὰρ
292 1039 395 1074 ἔφασκε
406 1048 414 1056 '
451 1049 460 1065 ι
471 1040 583 1075 Θάρσει,
605 1040 683 1072 Σιὼν,
699 1041 736 1076 μὴ
753 1042 942 1077 παρείσθωσαν

158 1085 186 1111 αἱ
210 1084 299 1120 χεῖρές
325 1093 384 1116 σου,
407 1085 532 1121 Κύριοςό
548 1085 614 1117 Θεός
634 1094 680 1112 σου
705 1087 733 1113 ὲν
752 1088 792 1113 σοὶ
819 1087 940 1119 δυνατὸς.

159 1129 240 1157 σώσει
256 1139 296 1160 σε,
307 1132 354 1157 καὶ
365 1132 519 1159 ἀνακαινιεῖ
532 1141 561 1159 σε
575 1133 603 1158 ὲν
617 1134 649 1168 τῇ
669 1133 807 1168 ἀγαπήσει
820 1133 912 1162 αὑτοῦ,
929 1144 937 1159 ι

163 1176 276 1209 Ἡσαΐας
291 1177 319 1204 δὲ
335 1175 368 1204 αὖ
383 1178 523 1213 μονονουχὶ
538 1179 583 1205 καὶ
595 1179 624 1205 ὲν
638 1177 700 1213 ὕψει
714 1179 807 1206 λοιπὸν
824 1181 941 1205 ἐποιεῖτο

157 1222 260 1256 λέγων·
292 1233 301 1248 ι
315 1222 464 1258 Ἰσχύσατε,
480 1225 570 1259 χεῖρες
591 1224 748 1259 ἀνειμέναι,
773 1226 819 1252 καὶ
839 1226 940 1259 γόνατα

157 1269 378 1305 παραλελυμένα,
392 1270 612 1305 παρακαλέσατε,
623 1271 648 1297 οἱ
667 1270 820 1306 ὀλιγόψυχοι
838 1272 870 1306 τῇ
885 1271 940 1298 δια-

155 1315 225 1350 νοεᾳ,
253 1315 390 1350 ἰσχύσατε,
417 1315 454 1351 μὴ
485 1315 618 1350 φοϐεῖσθε.
641 1316 706 1343 Ἰδοὺ
729 1318 743 1343 6
763 1317 828 1348 Θεὸς
851 1317 938 1352 ἡμῶν.

163 1362 228 1389 Ἰδοὺ
250 1362 352 1397 Κύριος
377 1363 445 1398 μετὰ
469 1362 562 1396 ἰσχύος
583 1361 702 1397 ἔρχεται,
721 1363 767 1388 καὶ
791 1363 805 1388 6
821 1362 940 1397 βραχίων

158 1407 229 1442 μετὰ
250 1408 374 1443 κυρείας.
393 1408 438 1439 Ὠς
457 1409 471 1434 ὁ
496 1408 598 1442 ποιμὴν
625 1409 754 1442 ποιμανεῖ
766 1407 797 1434 τὸ
814 1408 940 1443 ποίμνιον

156 1452 250 1484 αὐτοῦ,
277 1454 323 1479 καὶ
346 1452 385 1488 τῷ
411 1452 533 1488 βραχίονι
550 1453 631 1479 αὑτοῦ
653 1448 761 1485 συνάξει
777 1453 871 1487 ἄρνας,
892 1453 940 1479 καὶ

155 1497 205 1529 τὰς
229 1498 259 1524 ὲν
276 1498 376 1533 γαστρὶ
402 1497 514 1533 ἐχούσας
533 1497 748 1534 παρακαλέσει.»
768 1499 863 1531 Γέγονε
888 1497 939 1524 τοί-

992 945 1300 980 dissolvantur'manus
1322 957 1384 980 tuae.
1407 953 1538 980 Dominus
1550 953 1623 981 Deus
1647 954 1701 989 34
1719 958 1782 981 tuus

991 1000 1069 1027 fortis
1083 1000 1109 1026 in
1122 1005 1162 1031 te,
1180 999 1295 1026 salvahit
1308 1003 1333 1026 te
1344 1019 1350 1030 ,
1364 1003 1391 1025 et
1407 999 1547 1025 innovabit
1563 1002 1589 1025 te
1602 999 1629 1025 in
1649 999 1781 1027 cbaritate

991 1053 1039 1072 sua
1053 1045 1072 1072 ⁸.
1087 1056 1095 1070 ι
1113 1046 1194 1072 Isaias
1214 1050 1303 1072 autem
1327 1049 1430 1072 tantum
1455 1052 1508 1071 non
1521 1045 1556 1072 ob
1577 1046 1670 1072 oculos
1684 1045 1780 1080 ponit,

991 1091 1104 1118 dicens:
1122 1101 1130 1116 ι
1147 1091 1356 1123 Confortamini,
1373 1098 1470 1117 manus
1491 1091 1626 1123 remissas,
1647 1095 1675 1118 et
1694 1099 1781 1125 genua

990 1136 1139 1169 dissoluta;
1154 1137 1343 1167 consulamini,
1354 1136 1540 1171 pusillanimes
1553 1141 1660 1163 mente:
1674 1136 1781 1163 confor-

991 1181 1097 1214 tamini,
1113 1189 1148 1208 ne
1163 1181 1291 1208 timeatis.
1305 1181 1374 1208 Ecce
1391 1182 1462 1208 Deus
1478 1186 1582 1208 noster.
1601 1182 1671 1208 Ecce
1691 1181 1781 1208 Domi-

990 1235 1042 1255 nus
1053 1235 1114 1254 cum
1125 1227 1225 1254 virtute
1236 1227 1325 1259 venit,
1340 1231 1367 1254 et
1383 1227 1527 1254 brachium
1543 1234 1603 1254 cum
1615 1227 1780 1254 dominatio—

989 1280 1034 1299 ne.
1059 1271 1135 1299 Sicut
1150 1276 1244 1307 pastor
1268 1276 1361 1306 pascet
1379 1280 1488 1307 gregem
1512 1280 1607 1304 suum,
1622 1276 1652 1299 et
1668 1272 1781 1300 brachio

990 1325 1040 1344 suo
1048 1317 1222 1352 congregahit
1231 1325 1324 1352 agnos,
1333 1321 1360 1344 et
1368 1321 1538 1352 pnrgnantes
1547 1318 1733 1344 consolahitur
1741 1317 1761 1344 ⁸.
1768 1327 1777 1342 ι

990 1359 1096 1389 Factus
1108 1362 1199 1396 itaque
1211 1365 1254 1389 est
1268 1361 1462 1396 nobisjustitia
1470 1365 1497 1388 et
1513 1361 1623 1395 requies
1634 1360 1760 1388 Christus
1772 1369 1778 1386 :

989 1407 1116 1435 liberavit
1140 1412 1231 1435 autem
1252 1414 1302 1434 nos
1317 1407 1398 1434 etiam
1413 1415 1428 1433 a
1443 1411 1515 1434 terra
1533 1407 1576 1433 cui
1601 1406 1780 1433 maledixcrat

989 1453 1121 1480 Dominus
1133 1453 1216 1480 Deus.
1233 1453 1290 1479 Hoc
1305 1452 1379 1479 enim
1395 1452 1476 1478 nobis
1492 1451 1527 1478 de
1540 1451 1597 1478 Noe
1615 1451 1780 1486 prophetam

990 1499 1061 1526 dixit
1092 1499 1211 1525 Lamech
1224 1499 1243 1525 ⁵.
1261 1498 1295 1525 At
1316 1505 1382 1525 vero
1407 1505 1579 1531 nequaquam
1603 1497 1717 1524 dubium
1738 1501 1780 1523 est

155 1552 203 1571 wv
218 1545 285 1579 ἡμῖν
308 1543 465 1578 δικαιοσύνη
483 1553 513 1570 τε
536 1544 583 1570 καὶ
607 1543 760 1575 ἀνάπαυσις
774 1544 788 1570 ὁ
800 1544 918 1578 Χριστός
929 1551 936 1559 ο

990 1544 1062 1579 quod
1080 1544 1306 1579 transgressionis
1318 1543 1345 1570 in
1366 1543 1450 1570 Adam
1469 1543 1606 1570 accusatio
1623 1543 1651 1569 in
1671 1542 1780 1570 Christ)

156 1588 259 1615 σέσωκε
285 1589 313 1615 δὲ
335 1590 414 1624 ἡμᾶς
428 1589 476 1616 καὶ
503 1589 555 1616 ἀπὸ
584 1591 633 1624 τῆς
643 1591 695 1624 γῆς
710 1587 744 1625 ἦς
764 1589 940 1624 κατηράσατο

155 1633 277 1668 Κύριοςὸ
297 1634 373 1666 Θεὸς.
403 1635 487 1661 Ταυτὶ
514 1634 568 1670 γὰρ
591 1636 657 1670 ἡμῖν
688 1636 734 1661 ἐπὶ
753 1635 814 1662 Νῶε
833 1643 940 1670 προφη-

154 1680 241 1707 τεύων
252 1679 371 1715 ἔφασκεν
382 1681 396 1707 6
406 1680 511 1715 Λάμεχ.
526 1681 603 1706 Ἔστι
617 1681 644 1707 δὲ
664 1680 714 1707 οὐκ
728 1681 878 1715 ἀμφίλογον
897 1681 939 1707 ὅτι

154 1726 204 1761 τῆς
223 1727 250 1752 ἐν
269 1727 354 1760 Ἀδὰμ
380 1726 562 1761 παραϐάσεως
578 1726 612 1752 τὰ
632 1727 799 1761 ἐγκλήματα,
832 1726 939 1752 λέλυται

155 1771 236 1797 πάλιν
248 1773 276 1798 εν
290 1771 408 1806 Χριστῷ.
428 1781 437 1797 ι
447 1771 545 1806 Γέγονε
556 1772 611 1806 γὰρ
624 1772 694 1807 ὑπὲρ
705 1773 781 1807 ἡμῶν
795 1772 912 1807 κατάρα,
926 1782 935 1797 ι

155 1816 227 1843 κατὰ
245 1817 276 1843 τὺ
292 1816 493 1852 γεγραμμένον,
514 1817 563 1852 τῆς
588 1818 704 1852 ἀρχαίας
717 1818 786 1852 api;
802 1818 940 1844 ἀπαλλάτο

154 1870 209 1889 των
225 1863 275 1897 τὴν
287 1863 348 1898 γῆν.
366 1862 405 1889 Δι’
420 1863 501 1889 αὑτοῦ
516 1863 569 1898 γὰρ
591 1863 699 1890 ἅπαντα
723 1865 791 1899 πρὸς
808 1864 838 1890 τὸ
850 1866 878 1891 ὲν
892 1865 940 1900 άρ-

154 1908 215 1941 χαῖς
228 1907 492 1942 ἀνακεφαλαιοῦσθαί
505 1917 594 1943 φαμεν
604 1909 649 1935 τὸν
664 1909 772 1944 Πατέρα
788 1909 834 1935 καὶ
851 1909 917 1936 Θξόν
930 1918 937 1924 ·

160 1963 169 1979 ι
181 1953 234 1980 Καὶ
249 1953 284 1980 τὰ
305 1953 353 1988 μὲν
370 1954 470 1989 ἀρχαῖα
488 1954 619 1990 παρῆλθε,
634 1955 728 1988 γέγονε
750 1955 777 1981 δὲ
801 1955 834 1981 τά
849 1956 939 1982 πάντα

156 1999 246 2031 καινὰ,
269 1999 316 2026 καὶ
339 1999 366 2025 ετ
378 2009 420 2032 τις
445 2001 474 2026 ἐν
497 2000 606 2036 Χριστῷ
621 2001 700 2035 καινὴ
720 2001 835 2032 κτίσις.»
854 2002 938 2036 Εἴπερ

156 2044 213 2070 ἐστὶ
227 2043 352 2079 δεύτερος
372 2039 457 2080 Ἀδὰμ
472 2045 505 2071 δι’
523 2046 646 2080 ὑπακοῆς
661 2046 820 2080 ἀνατρέπων
842 2046 872 2072 τὸ
892 2046 938 2072 τοῦ

155 2089 368 2125 πρωτοπλάστου
387 2090 581 2125 κατηγόρημα·
601 2090 671 2125 φημὶ
692 2090 723 2126 δὴ
735 2091 783 2126 τὴν
798 2092 827 2117 ἐν
843 2091 938 2126 ἀρχαῖς

156 2134 320 2170 παραίτησιν
348 2136 535 2170 γεγενημένην
563 2137 715 2171 παρακοήν.
743 2133 806 2163 Ὧδε
832 2138 939 2171 φρονεῖν

155 2180 242 2207 ἐδόκει
260 2181 309 2207 καὶ
325 2181 364 2216 τῷ
381 2181 516 2216 θεσπεσίῳ
528 2181 635 2217 Παύλῳ.
651 2182 751 2217 Γράφει
768 2182 821 2218 γὰρ
836 2182 937 2214 οὕτως’

990 1597 1086 1616 rursus
1098 1589 1198 1616 abolita
1219 1589 1279 1615 sit:
1301 1598 1309 1613 ι
1334 1588 1432 1615 Factus
1457 1588 1529 1614 enim
1554 1592 1595 1614 est
1625 1595 1674 1622 pro
1700 1587 1780 1614 nobis

989 1634 1163 1666 maledictio,
1183 1644 1192 1659 ι
1214 1634 1285 1661 sicut
1299 1634 1431 1668 scriptum
1452 1634 1531 1665 est’,
1549 1641 1564 1659 a
1587 1633 1672 1660 veteri
1694 1633 1779 1659 male-

989 1680 1110 1707 dictione
1135 1684 1233 1707 terram
1250 1679 1442 1706 liberans.Per
1454 1678 1542 1713 ipsum
1561 1677 1696 1712 siquidem
1713 1677 1781 1704 dici-

990 1734 1051 1753 mus
1059 1727 1165 1753 Patrcm
1178 1733 1210 1753 ac
1220 1725 1304 1752 Deum
1317 1728 1414 1752 cuneta
1426 1729 1608 1751 restaurasse:
1622 1733 1630 1748 ι
1642 1723 1680 1750 Ac
1688 1727 1779 1750 vetera

989 1772 1098 1807 quidem
1114 1772 1318 1806 praaterierunt,
1332 1771 1401 1797 facta
1413 1773 1477 1797 sunt
1490 1774 1582 1796 autem
1594 1769 1685 1796 omnia
1694 1775 1777 1799 nova;

990 1818 1012 1845 si
1028 1825 1081 1852 qua
1095 1825 1165 1844 nova
1182 1817 1209 1844 in
1220 1817 1328 1844 Christo
1344 1821 1468 1843 creatura
1483 1816 1518 1842 ⁸.)
1531 1815 1670 1850 Siquidem
1683 1822 1780 1841 secun-

990 1863 1042 1890 dus
1064 1863 1149 1890 Adam
1162 1871 1211 1898 per
1234 1862 1419 1889 obedientiam
1438 1862 1538 1888 avertit
1554 1860 1634 1896 primi
1658 1859 1782 1895 parentis

990 1909 1111 1941 crimen,
1129 1912 1250 1936 veterem
1262 1928 1270 1940 ,
1291 1907 1400 1941 inquam
1411 1927 1418 1939 ,
1436 1907 1509 1934 illam
1529 1907 1621 1934 statim
1638 1906 1717 1932 initio
1731 1913 1778 1932 ex-

989 1954 1122 1989 pulsionis
1142 1961 1266 1986 causam,
1292 1952 1516 1979 inobedicntiam.
1539 1952 1616 1984 Quod
1641 1956 1669 1978 et
1681 1952 1779 1978 Paulus

990 2000 1141 2032 conﬁrmat,
1151 2000 1260 2027 dicens:
1275 2009 1284 2024 ι
1295 1998 1527 2032 Quemadmodum
1537 1998 1609 2025 enim
1621 2006 1669 2032 per
1683 1997 1777 2024 inobc—
1823 2013 1826 2015 λ

990 2046 1121 2074 dientiam
1144 2046 1225 2074 unius
1251 2045 1369 2072 hominis
1389 2049 1546 2079 peccatores
1563 2043 1703 2071 constituti
1729 2051 1776 2070 su~-

990 2100 1061 2123 mus,
1080 2093 1117 2119 ita
1136 2097 1163 2119 et
1174 2099 1222 2126 per
1234 2091 1315 2118 unius
1330 2090 1514 2118 obedientiam
1525 2090 1591 2124 justi
1607 2089 1777 2116 constituen-

991 2141 1034 2164 tur
1046 2137 1123 2164 multi
1137 2137 1157 2164 '.
1173 2147 1182 2162 ›
1204 2136 1301 2164 Factus
1324 2140 1366 2163 est
1390 2139 1481 2163 autem
1496 2135 1622 2162 Christus
1647 2134 1778 2161 obediens

990 2182 1063 2210 Patri
1076 2190 1163 2217 usque
1180 2182 1213 2209 ad
1230 2186 1345 2209 mortem
1356 2201 1363 2214 ,
1390 2185 1507 2208 mortem
1525 2185 1615 2207 autem
1642 2179 1731 2206 crucis
1745 2180 1776 2205 '°.

159 2236 168 2252 ι
181 2227 288 2263 Ὠσπερ
302 2228 358 2263 γὰρ
376 2228 421 2254 διὰ
441 2228 491 2263 τῆς
510 2229 651 2263 παρακοῆς
666 2228 712 2254 τοῦ
724 2228 783 2260 ἐνὸς
794 2228 936 2264 ἀνθρώπου

990 2228 1224 2262 Quemadmodum
1244 2228 1327 2263 igitur
1347 2227 1491 2255 maledicta
1511 2230 1569 2254 erat
1583 2231 1652 2253 terra
1671 2226 1706 2252 ob
1724 2227 1779 2260 pri-

156 2273 314 2308 άμαρτωλοὶ
334 2273 551 2309 κατεστάθησαν,
582 2274 652 2301 οὕτω
677 2275 723 2301 καὶ
744 2274 787 2302 διὰ
807 2275 857 2310 τῆς
885 2275 938 2301 ὑπ-

156 2318 241 2353 ακοῆς
254 2319 300 2345 τοῦ
315 2319 385 2352 ἑνὸς,
396 2319 494 2346 δίκαιοι.
506 2320 757 2355 κατασταθήσονται
775 2321 875 2347 πολλοί.
891 2321 940 2347 Γέ-

156 2372 218 2397 γονε
231 2364 261 2391 δὲ
273 2365 287 2391 6
299 2365 416 2400 Χριστὸς
432 2366 550 2401 ὑπήκοος
569 2366 608 2401 τῷ
619 2367 706 2401 Πατρὶ
719 2366 800 2402 μέχρι
813 2366 938 2398 Θανάτου,

155 2409 272 2437 θανάτου
290 2411 319 2437 δὲ
335 2410 461 2445 σταυροῦ.
475 2421 484 2437 ι
500 2412 604 2447 Ὥσπερ
617 2409 663 2439 οὗν
675 2412 810 2447 ἐπάρατος
823 2410 857 2447 ἦν
870 2413 886 2448 ἡ
903 2412 939 2447 γῆ

154 2455 199 2483 διὰ
216 2457 267 2492 τὴν
286 2457 315 2483 ἐν
326 2457 425 2492 ἀρχαῖς
448 2457 602 2492 παράϐασιν
617 2459 645 2484 ἐν
668 2458 762 2490 Ἀδὰμ,
771 2457 842 2484 οὕτω
861 2458 940 2492 γέγο-

155 2510 201 2528 νεν
213 2502 383 2538 εὐλογημένη
399 2502 442 2530 διὰ
457 2503 508 2538 τὴν
522 2502 700 2538 ὑπακοὴντοῦ
712 2497 841 2537 Χριστοῦἷ
863 2503 939 2529 Ἐλυ-

155 2547 279 2581 τρώσατο
295 2547 324 2573 δὲ
346 2547 393 2574 καὶ
409 2547 509 2583 ἑτέρως
529 2549 601 2583 ἡμᾶς
612 2547 665 2574 ἀπὸ
674 2548 722 2584 τῆς
737 2548 788 2583 γῆς
803 2547 939 2583 ἐπαράτου

155 2592 349 2627 γεγενημένης.
363 2601 384 2627 ,ι
397 2593 513 2624 Καινοὺς
538 2593 591 2627 γὰρ
607 2593 748 2629 οὐρανοὺς,
774 2594 820 2620 καὶ
845 2593 941 2629 καινὴν

155 2637 218 2672 γῆν,
235 2638 306 2666 κατὰ
329 2638 364 2665 τὰ
380 2639 576 2674 ἐπαγγέλματα
597 2639 691 2671 αὑτοῦ,
712 2639 916 2675 προσδοκῶμεν,
929 2649 937 2664 ν

155 2683 226 2710 καθὰ
252 2684 299 2710 καὶ
323 2685 338 2710 ὁ
363 2685 444 2718 σοφὸς
467 2685 513 2711 τοῦ
535 2686 660 2721 Σωτῆρος
684 2686 776 2721 εἴρηκε
806 2686 940 2720 μαθητής.

161 2729 326 2756 Ἑνεκαίνισε
346 2730 375 2757 δὲ
391 2732 457 2766 ἡμῖν
472 2732 517 2758 καὶ
530 2731 578 2765 τὴν
594 2733 634 2763 εις
649 2731 682 2758 τὰ
703 2732 759 2758 ἂνω
785 2741 813 2758 τε
839 2733 885 2759 καὶ
902 2733 941 2764 εἰς

191 2831 201 2870 ξ
221 2830 314 2870 ᾆιιιιιιι.
330 2840 370 2870 ιιιὲ
385 2831 430 2870 28:
443 2832 495 2870 39ζ
537 2833 546 2848 ³
568 2832 625 2870 Luc
652 2832 774 2870 ιηῦρῶί.
812 2833 917 2870 δξθρὴ.

999 2836 1041 2865 16.
1063 2835 1103 2861 l7.
1137 2834 1147 2848 '
1161 2833 1303 2870 ls_a.__x§xv,
1326 2832 1352 2864 ὃς
1372 2839 1421 2870 ιιιίι
1435 2830 1476 2870 lt),
1495 2829 1536 2856 il.

990 2282 1061 2302 mam
1075 2274 1147 2301 illam
1165 2274 1408 2309 transgressionem
1429 2273 1456 2300 in
1477 2273 1561 2300 Adam
1573 2293 1579 2305 ,
1599 2273 1636 2299 ita
1656 2272 1725 2300 facta
1739 2277 1779 2299 est

990 2319 1133 2347 benedicta
1153 2323 1264 2354 propter
1289 2318 1473 2346 obedientiam
1502 2317 1614 2344 Christi.
1640 2317 1779 2344 Liberavit

990 2368 1081 2391 autem
1096 2371 1147 2391 nos
1164 2363 1247 2391 etiam
1261 2363 1314 2390 alia
1332 2363 1438 2390 ratione
1451 2370 1466 2389 a
1487 2366 1559 2389 terra
1579 2361 1724 2388 maledicta
1737 2361 1777 2388 ef-

990 2410 1069 2437 fecta.
1091 2419 1101 2434 ι
1122 2410 1212 2436 Novos
1239 2409 1312 2436 enim
1339 2409 1438 2441 cmlos,
1465 2411 1493 2435 et
1515 2414 1613 2434 novam
1638 2411 1748 2438 terram,
1766 2416 1774 2431 ›

990 2457 1066 2491 juxta
1080 2455 1274 2491 promissiones
1296 2454 1398 2489 ipsius,
1420 2463 1430 2479 ι
1453 2457 1659 2488 exspectamus,
1676 2463 1684 2478 ι
1709 2452 1778 2480 sicut

992 2507 1021 2530 et
1045 2503 1153 2538 sapiens
1179 2501 1280 2529 Christi
1302 2501 1453 2536 discipulus
1471 2500 1539 2527 dixit
1560 2500 1591 2526 “.
1617 2499 1779 2526 lnslauravit

992 2553 1083 2576 autem
1099 2548 1178 2576 nobis
1189 2548 1271 2575 etiam
1286 2547 1318 2574 ad
1332 2555 1450 2582 superna
1460 2551 1488 2573 et
1501 2546 1529 2573 in
1546 2546 1629 2573 cwles
1645 2545 1777 2571 reditum:

988 2600 1015 2623 et
1031 2603 1184 2630 pneeursor
1207 2602 1255 2630 pro
1276 2594 1358 2621 nobis
1383 2597 1503 2621 sanctam
1523 2597 1625 2619 terram
1642 2591 1780 2626 ingressus

988 2647 1043 2674 est,
1057 2642 1135 2676 cujus
1151 2645 1309 2668 mansuetos
1330 2639 1454 2667 hteredes
1467 2639 1525 2666 fore
1545 2638 1631 2669 dixit,
1647 2637 1699 2663 hoc
1720 2641 1777 2662 est.

989 2687 1036 2722 qui
1051 2686 1208 2721 evangelica
1229 2684 1372 2720 disciplina
1398 2684 1432 2711 ad
1457 2682 1695 2711 mansuetudinem
1716 2686 1779 2707 sunt

989 2732 1089 2760 edocti.
1104 2731 1244 2767 Siquidem
1262 2731 1305 2758 lex
1321 2731 1432 2758 oculum
1449 2737 1499 2765 pro
1517 2728 1613 2760 oculo,
1630 2732 1657 2754 et
1670 2726 1778 2753 dentem

1585 2829 1595 2844 ε
1610 2828 1675 2855 Gell.
1693 2836 1718 2861 γ,
1733 2829 1776 2856 ‘29.

156 2865 167 2882 '
182 2864 318 2898 Cal-nun,
338 2867 380 2894 l5.
419 2866 430 2880 "
443 2866 464 2894 ll
476 2867 539 2895 Cor.
551 2875 577 2900 γ,
593 2868 634 2894 l7.
671 2869 681 2884 ν
695 2863 771 2896 Rom.
785 2876 811 2901 ν,
827 2863 880 2895 l‘l.’
910 2870 930 2885 ¹⁰

990 2863 1059 2906 rem}.
1072 2878 1098 2902 ιι,
1114 2869 1138 2896 8.
1172 2868 1190 2883 ¹¹
1209 2867 1230 2895 ll
1248 2868 1317 2894 Pctr.
1336 2874 1375 2900 ιιι,
1390 2865 1432 2899 15;
1447 2865 1529 2900 Apoc.
1551 2871 1606 2897 ιω,
1619 2863 1644 2889 1.
