1990 3046
226 155 260 180 65
739 151 767 179 S.
787 151 925 180 CYRILLI
946 151 1178 179 ALEXANDRINI
1197 151 1357 179 ARCHIEP.
1821 144 1855 170 6⁸

227 219 277 245 pro
291 211 372 239 dente
384 231 392 243 .
408 216 437 239 et
450 211 550 239 vulnus
568 219 618 245 pro
639 211 763 243 vulnere,
777 211 863 246 indigi
891 212 1007 246 injurian

1069 212 1201 246 οὐρανοὺς
1227 212 1416 246 ἀναφοίτησιψ
1436 211 1482 238 καὶ
1504 211 1658 247 πρόδρομος
1679 210 1748 245 ὑπὲρ
1777 211 1855 245 ἡμῶν

228 256 410 284 inferentibus
431 257 521 291 jussit.
543 256 669 283 Christus
690 261 782 284 autem
806 257 908 284 nobis:
928 266 936 281 ι
953 257 1018 284 Per-

227 302 340 329 cutienti
353 306 404 335 te,»
425 302 522 338 inquit.
536 313 544 328 ι
569 303 594 329 in
613 302 751 330 dexteram
764 303 912 335 maxillam,
929 303 1018 338 praebe

228 348 234 373 i
248 347 264 374 ii
278 354 306 375 et
318 348 398 376 aliam
413 349 445 374 η.
465 358 473 373 ι
488 348 544 375 Noe
561 349 645 382 igitur
659 348 822 376 undecimus
833 353 914 376 natus
925 354 967 376 est
984 350 1017 376 ab

225 393 312 420 Adam
330 394 382 428 35
398 402 446 428 per
463 394 528 422 Setb
543 400 572 421 et
587 394 679 426 Enos,
699 404 708 419 ι
725 395 773 429 qui
794 395 913 429 speravit
927 396 1017 422 vocari

227 439 337 466 nomine
349 440 395 467 Dei
412 440 453 467 sui
475 440 506 472 ⁸³,
528 450 536 465 ι
551 441 587 467 ob
601 447 735 467 summam
754 439 883 474 pietatem
900 440 1014 474 vitatque

226 485 442 513 sanctimoniam.
460 486 630 514 Describitur
645 490 736 513 autem
750 486 833 513 etiam
859 486 1016 520 genealogia

226 531 333 558 Domini
345 533 431 559 nostri
463 533 527 559 Iesu
542 532 644 560 Christi
656 541 671 559 a
686 532 788 559 sanctis
798 531 973 566 evangelistis
982 532 1016 559 ab

225 577 311 604 Adam
329 578 363 604 ad
376 570 478 612 Ioseph
495 585 581 612 usque
592 598 599 609 ,
616 586 665 612 per
675 585 799 608 omnem,
814 581 843 603 ut
856 576 893 603 ita
917 576 1016 609 dicam,

225 627 351 649 sanctum
361 643 367 655 ,
381 623 545 658 genealogia:
562 630 687 650 sermone
696 622 788 649 ducto.

1069 258 1108 288 είς
1130 256 1178 291 τὴν
1201 257 1280 290 ἁγίαν
1306 257 1454 292 είσέφρησε
1484 257 1551 292 γῆν·
1580 258 1612 291 ἢν
1638 257 1855 291 κληρονομήσειν

1069 302 1170 336 ἔφασκε
1189 302 1252 332 τοὺς
1269 302 1374 336 πραεῖς,
1393 302 1527 333 τουτέστι,
1548 302 1611 333 τοὺς
1635 303 1691 334 τοῖς
1710 303 1855 335 εὐαγγελι-

1068 347 1125 377 κοίς
1150 345 1306 380 μαθήμασιν
1329 346 1369 377 είς
1396 345 1536 380 πραότητα
1567 345 1853 381 παιδαγιογουμένους.

1068 392 1152 426 Εἴπερ
1168 393 1182 418 ὁ
1202 392 1250 426 μὲν
1272 392 1363 426 νόμος,
1383 391 1522 426 ὀφθαλμὸν
1545 392 1605 418 ἀντὶ
1629 392 1780 426 ὀφθαλμοῦ,
1807 391 1855 418 καὶ

1067 438 1159 465 ὀδόντα
1175 438 1232 464 ἀντὶ
1252 438 1367 470 ὀδόντος,
1382 437 1492 473 τραῦμά
1501 447 1529 464 τε
1547 438 1606 464 ἀντὶ
1616 438 1781 472 τραύματος,
1793 438 1855 463 ἀντ-

1069 483 1218 517 επάγεσθαι
1237 483 1291 509 δεῖν
1321 484 1376 514 τοῖς
1392 482 1529 510 ἀδικοῦσιν
1554 483 1705 511 ἐκέλευσεν.
1727 484 1805 516 Ἡμῖν
1826 482 1856 509 δὲ

1069 529 1195 563 Χριστὸς.
1204 528 1263 563 (Τῷ
1272 528 1378 554 παίοντί
1388 537 1428 561 σε,
1441 529 1564 563 »φησὶνμ
1579 529 1619 560 είς
1632 529 1682 564 τὴν
1696 528 1785 560 δεξιὰν
1798 536 1857 554 σια-

1070 575 1146 608 γόνα,
1166 574 1281 608 στρέψον
1304 573 1378 608 αὐτῷ
1398 573 1444 600 καὶ
1463 574 1512 609 τὴν
1540 573 1632 608 ἀλλην.
1648 584 1657 599 ›
1686 573 1746 600 Νῶε
1767 573 1856 599 τοίνυν

1029 637 1031 639 ι
1071 621 1181 654 γέγονεν
1201 619 1344 650 ἑνδέκατος
1360 619 1389 651 ἐξ
1411 619 1497 654 ’Δδὰμ
1517 619 1561 646 διά
1577 627 1607 645 τε
1623 619 1675 654 Σὴο
1693 619 1740 644 καὶ
1762 617 1855 648 Ἐνὼς,

230 678 238 693 ι
254 669 301 700 ’ος
326 668 440 703 ἤλπισεν
465 668 650 695 ἐπικαλεῖσθαι
677 667 706 693 τὸ
737 666 823 701 ὄνομα
852 666 952 699 Κυρίου
977 665 1022 691 τοῦ
1050 664 1118 691 Θεοῦ
1153 664 1266 695 absab,»
1284 663 1328 690 διὰ
1361 663 1490 698 πλείστην
1516 664 1644 698 ὁσιότητα
1676 663 1723 689 καὶ
1745 662 1854 696 Θεοφιλῆ

228 715 374 741 πολιτείαν.
391 715 591 749 Γενεαλογεῖται
626 714 653 739 δὲ
678 713 725 739 καὶ
741 714 754 739 ὸ
788 711 888 748 Κύριος
910 711 987 747 ἡμῶν
1008 711 1110 747 Ἰησοῦς
1131 712 1144 737 ό
1169 711 1286 746 Χριστὸς
1309 710 1384 745 παρὰ
1405 710 1459 737 τῶν
1482 710 1567 744 ἁγίων
1602 709 1801 743 εὐαγγελιστῶν
1825 709 1856 742 ἐξ

233 761 329 795 vitae,
344 762 390 787 καὶ
409 761 503 796 μέχρις
517 760 596 786 αὑτοῦ
610 759 656 785 τοῦ
675 760 772 793 Ἰωσὴφ
795 758 838 785 διὰ
855 759 966 791 παντὸς,
995 758 1033 790 ὡς
1052 758 1116 789 ἔπος
1139 758 1235 789 εἰπεῖν,
1257 757 1344 790 ἁγίου,
1363 755 1410 784 τοῦ
1425 756 1475 792 τῆς
1494 755 1666 790 γενεαλογίας
1682 755 1795 789 ἥκοντος
1812 755 1856 781 λό-

227 814 286 839 γου.

224 897 369 925 dummodo
378 917 385 929 ,
404 896 645 930 confusionemque
659 896 732 922 inter
743 903 771 922 se
789 895 996 930 generationum
1006 914 1012 926 .

223 942 324 973 sancti,
344 941 469 975 inquam,
486 948 548 967 cum
561 948 595 967 eo
609 941 655 975 qui
671 940 733 967 talis
749 948 804 967 non
819 944 860 967 est
870 960 877 971 ,
891 940 943 966 hoc
955 944 1013 971 est,

222 986 335 1021 profano
350 990 432 1020 atque
449 986 566 1020 impuro.
580 985 814 1018 Quemadmodum
827 986 900 1012 enim
920 985 967 1020 qui
980 993 1014 1012 ex

222 1030 294 1058 liaos
304 1031 358 1057 nati
371 1035 464 1062 erant,
477 1034 658 1065 cognomento
674 1030 731 1063 dii,
748 1031 775 1058 in
791 1031 860 1058 ﬁlias
871 1031 1013 1058 hominum

220 1080 397 1105 exarserunt.
412 1083 467 1109 quo
486 1075 557 1103 facto
572 1075 672 1102 diversi
691 1083 706 1102 a
719 1075 817 1110 seipsis
830 1080 894 1103 sunt
904 1076 994 1103 effecti
1005 1097 1011 1108 .

220 1124 246 1146 ct
260 1119 292 1146 ad
305 1127 400 1147 carum
414 1127 504 1147 mores
519 1127 550 1147 ac
563 1120 637 1155 leges
649 1121 731 1148 vitam
749 1129 825 1148 suam
840 1121 1014 1149 instituentes

220 1166 372 1194 defectione
389 1166 416 1193 in
439 1166 636 1193 absurdissima
646 1175 760 1202 quicque
780 1167 939 1194 laborarunt
954 1177 959 1193 :
976 1168 1013 1195 ita

219 1212 301 1238 etiam
325 1212 372 1246 qui
392 1219 426 1238 ex
446 1211 578 1246 sanguine
601 1211 683 1238 Israel
707 1212 760 1238 orti
789 1217 869 1244 sunt,
890 1213 1012 1248 quandiu

221 1258 281 1284 vitae
299 1257 507 1284 sanctimoniam
527 1261 727 1288 exercuerunt,
751 1261 779 1284 et
802 1258 881 1285 avita:
904 1258 1012 1293 pietatis

218 1303 336 1337 optimos
355 1303 508 1330 imitatores
531 1310 590 1330 sese
611 1303 801 1337 prmbuerunt,
819 1311 928 1330 omnem
949 1305 1012 1338 qui-

217 1347 278 1374 dem
296 1347 556 1382 pravitatismodum
571 1355 623 1374 ase
633 1348 824 1383 proﬂigarunt,
841 1349 1011 1376 etsinceram

217 1394 331 1421 omnino
355 1398 437 1428 atque
456 1393 588 1421 illibatam
618 1395 647 1422 in
675 1394 773 1429 scipsis
798 1395 923 1429 gloriosa:
950 1395 1012 1422 vitae

217 1439 324 1466 laudem
342 1443 550 1466 conservarunt.
565 1439 712 1474 Postquam
728 1448 793 1466 Vero
821 1439 943 1467 ﬁnitimis
960 1449 1010 1475 po—

217 1485 288 1520 pulis
310 1488 374 1512 sunt
396 1485 527 1517 immisti,
546 1484 693 1516 damnante
709 1485 736 1512 id
752 1485 824 1520 lege,
848 1486 939 1513 statim
961 1494 1009 1513 ne-

215 1531 317 1565 quitia,
341 1539 401 1565 quae
415 1531 444 1557 in
467 1531 502 1558 iis
524 1531 672 1566 regnabat,
695 1531 810 1565 repleti,
828 1535 856 1558 et
874 1531 1010 1566 proclives

216 1575 361 1602 almodum
376 1575 409 1602 ad
422 1575 520 1602 vitium
531 1596 538 1607 ,
556 1583 588 1602 ac
600 1575 700 1610 quibus
715 1583 770 1602 non
788 1577 918 1603 extremis
931 1577 1010 1605 malis

215 1621 371 1648 laborantes
389 1625 453 1648 sunt
469 1621 653 1656 deprehensi?
675 1621 757 1656 Atqui
778 1622 831 1649 hoc
849 1623 935 1658 magis
956 1623 1010 1650 mi-

216 1666 330 1693 randum
341 1670 392 1694 est.
405 1666 505 1693 Gentes
516 1667 588 1693 enim
597 1671 737 1694 creaturas
749 1672 844 1694 contra
857 1673 1008 1696 creatorem

215 1720 245 1739 ac
259 1712 390 1739 factorem
417 1712 555 1744 colentes,
575 1718 603 1740 et
630 1712 657 1739 in
685 1719 808 1740 errorem
832 1713 866 1740 de.
893 1714 1007 1742 deorum

214 1758 367 1792 pluralitate
378 1758 470 1792 lapsae,
482 1758 613 1785 honorem
626 1759 797 1786 daemonibus
805 1759 1006 1787 cxbibuerunt:

214 1804 297 1831 Israel
320 1812 385 1831 vero
408 1805 547 1839 primitiva
569 1812 600 1831 ac
616 1810 729 1840 paterna
751 1805 857 1841 origine
877 1810 1006 1839 sanctus,

214 1849 293 1876 nihili
317 1850 397 1884 plane
421 1849 603 1877 defectionem
629 1851 704 1879 fecit.
735 1851 839 1879 Idcirco
862 1852 934 1879 Deus
959 1860 1008 1887 per

214 1903 307 1922 vocem
321 1900 442 1923 sanctam
450 1896 484 1923 ad
495 1903 543 1923 eos
551 1897 606 1923 ait:
623 1907 631 1922 ι
643 1897 722 1924 Abite
735 1897 762 1925 in
776 1898 879 1925 insulas
887 1897 1006 1931 Ccthim,

213 1945 240 1968 et
258 1940 348 1968 videte
358 1961 365 1973 ,
386 1940 450 1968 etin
460 1941 548 1968 Ccdar
560 1943 661 1970 mittite
671 1963 677 1975 ,
696 1947 724 1970 et
738 1944 910 1972 considerate
925 1945 1007 1972 vehe-

213 1992 336 2018 menter,
354 1991 382 2014 et
398 1987 487 2014 videte
507 1987 529 2014 si
547 1987 617 2015 facta
637 1992 700 2015 sunt
720 1988 783 2015 talia
797 1998 803 2015 :
817 1989 839 2016 si
859 1990 1006 2017 mutabunt

211 2037 307 2068 gentes
317 2033 384 2060 deos
397 2041 479 2066 suos,
490 2037 518 2060 et
530 2038 604 2060 certe
615 2033 643 2060 hi
661 2042 713 2060 non
730 2040 794 2062 sunt
808 2035 856 2061 dii.
873 2035 907 2062 At
920 2043 1006 2070 popu-

212 2079 255 2105 lus
270 2087 347 2106 meus
364 2079 480 2107 mutavit
493 2079 607 2113 gloriam
626 2087 738 2111 corum,
755 2080 788 2107 de
801 2089 854 2115 qua
865 2089 919 2108 non
940 2089 1004 2116 pro-

212 2123 284 2152 derit
300 2125 349 2151 eis.
367 2124 515 2159 Obstupuit
529 2123 628 2151 caelum
643 2132 725 2158 super
742 2124 810 2157 hoc,
823 2129 852 2152 et
868 2125 1005 2153 inhorruit

213 2176 286 2197 terra
301 2175 378 2198 extra
392 2170 518 2202 modum,
533 2170 602 2197 dicit
616 2170 758 2198 Dominus.
776 2170 845 2204 Quia
856 2171 912 2199 duo
932 2172 1002 2199 mala
1018 2188 1039 2215 θ

210 2215 274 2242 fecit
287 2215 404 2250 populus
417 2223 494 2242 meus
509 2224 515 2242 :
532 2216 573 2242 Me
589 2215 795 2250 dereliquerunt
806 2217 909 2244 fontem
925 2226 1002 2252 aqua:

211 2261 340 2293 viventis,
355 2266 383 2288 et
400 2261 528 2288 foderunt
550 2262 603 2288 sibi
619 2263 694 2289 lacus
715 2263 861 2296 contritas,
877 2265 923 2299 qui
947 2272 1002 2292 non

211 2310 338 2340 poterunt
351 2315 450 2341 aquam
466 2307 607 2335 continere
625 2308 657 2334 “.
675 2318 684 2333 ›
703 2308 737 2335 Ει
755 2317 865 2337 rursum
882 2319 888 2336 :
907 2320 915 2336 ι
934 2310 1003 2344 Quia

208 2353 283 2386 juxta
302 2360 447 2380 numerum
458 2353 567 2379 urbium
584 2357 693 2380 tuarum
703 2359 782 2381 erant
791 2355 830 2381 dii
845 2355 895 2388 tui,
915 2356 1000 2389 Juda,

209 2402 236 2425 et
254 2399 405 2425 secundum
430 2406 574 2426 numerum
598 2398 703 2426 viarum
722 2400 873 2428 Jerusalem
897 2402 985 2429 sacrili

209 2449 341 2471 caverunt
354 2445 415 2471 Baal
436 2452 507 2471 :eur
529 2446 672 2480 loquimini
694 2446 728 2473 ad
754 2447 814 2473 me?
835 2445 936 2474 Omnes
951 2455 1001 2475 vos

208 2489 376 2523 deliquistis,
393 2490 447 2525 36
463 2495 492 2518 et
503 2499 598 2519 omnes
610 2499 657 2519 vos
670 2492 753 2527 impie
768 2492 862 2527 egistis
870 2492 1001 2521 adversus

208 2542 261 2566 me,
281 2535 348 2562 dicit
361 2536 493 2564 Dominus
507 2537 538 2564 ”.
556 2547 564 2563 ι
579 2538 609 2565 In
622 2541 726 2565 tantam
746 2538 821 2565 enim
835 2538 998 2573 pravitatem

207 2580 416 2615 cogitationum,
428 2590 460 2610 ac
473 2583 564 2617 potius
586 2591 701 2618 operum
714 2583 782 2618 lapsi
798 2588 877 2616 sunt,
893 2588 924 2611 ut
935 2592 997 2612 cum

207 2626 368 2655 mulieribus
395 2629 469 2664 vagis
491 2629 701 2664 crrantibusque
725 2630 816 2657 adhuc
837 2630 997 2658 commisce—

207 2675 312 2700 rentur.
341 2673 409 2700 Cum
429 2682 494 2702 vero
506 2675 690 2710 peperissent,
707 2683 820 2704 necesse
842 2676 922 2710 plane
937 2681 998 2703 erat

204 2717 276 2745 fetus
295 2718 472 2748 Judaicorum
495 2721 598 2748 rituum
617 2721 714 2749 notitia
727 2721 865 2756 insigniri,
885 2726 913 2748 et
940 2723 995 2748 cir-

204 2763 399 2792 cumcisionem
411 2771 506 2792 octava
517 2766 578 2799 die,
598 2767 788 2802 sacriliciaque
803 2767 835 2794 ad
852 2767 922 2794 hanc
938 2775 994 2794 rem

237 2854 257 2869 ”
274 2854 367 2882 Matth.
382 2865 407 2889 v,
431 2855 474 2889 59;
491 2856 555 2883 Luc.
571 2865 605 2888 Vt,
621 2856 664 2883 9.9.
705 2857 725 2871 "‘
741 2856 808 2884 Gen.
829 2865 863 2889 Iv,
880 2857 923 2884 ‘26.

967 2859 986 2873 "‘
998 2857 1087 2885 Jerem
1113 2866 1138 2890 ιι,
1159 2858 1247 2884 10-15.

261 852 287 878 5.
311 851 444 878 Caeterum
456 857 504 885 age
514 870 521 881 ,
531 849 663 876 dicamus
675 849 927 884 coinquinationem
944 856 1007 883 quo-

1101 850 1131 874 e’.
1153 846 1233 873 Ἀλλὰ
1252 847 1318 882 φέρε
1332 866 1339 878 ,
1366 846 1489 881 λέγωμεν
1512 845 1558 872 τὸν
1581 845 1662 871 οἱονεὶ
1686 845 1792 880 φυρμὸν
1808 846 1855 872 καὶΙ

1066 893 1114 927 τὴν
1129 893 1168 923 εἰς
1182 891 1284 926 ἄλληλα
1299 892 1447 926 γενομένην
1462 892 1592 925 ὰνᾶιχυσιν
1610 890 1663 917 τῶν
1679 891 1792 925 γενεῶν,
1805 890 1854 917 ⁴τοῦ

1065 946 1095 964 τε
1115 937 1193 970 ἁγίου
1215 937 1302 971 φημὶ,
1320 936 1367 963 καὶ
1383 936 1429 962 τοῦ
1449 936 1485 972 μὴ
1510 936 1625 967 τοιοῦδε,
1644 936 1789 968 τουτέστι,
1805 936 1853 962 τοῦ

1066 982 1179 1018 βεϐήλου
1200 983 1245 1009 καὶ
1261 982 1466 1018 μυσαρωτάτου.
1484 983 1588 1016 Ὂνπερ
1605 981 1659 1016 γὰρ
1671 981 1772 1017 τρόπον
1784 983 1808 1008 οἱ
1823 982 1854 1015 ἐξ

1071 1028 1152 1060 Ἐνίυς
1168 1028 1309 1063 γεγονότες
1326 1027 1372 1054 τοῦ
1387 1027 1501 1062 ἐπίκλην
1516 1026 1595 1059 Θεοῦ,
1610 1029 1669 1058 ταῖς
1681 1027 1735 1053 τῶν
1746 1026 1853 1062 ἀνθρώ-

1065 1083 1122 1100 πων
1137 1074 1185 1101 ἐπε
1191 1074 1317 1108 μαίνοντο
1329 1073 1504 1108 θυγατράσιν,
1517 1070 1547 1100 οὗ
1562 1073 1704 1107 γεγονότος
1712 1073 1853 1108 ἑτερότρο-

1065 1120 1110 1146 ποί
1120 1128 1148 1145 τε
1163 1117 1231 1155 ἦσαν
1246 1119 1336 1150 εὐθὺς,
1349 1119 1397 1146 καὶ
1412 1121 1468 1151 τοῖς
1483 1119 1594 1146 ἐκείνων
1612 1119 1688 1154 ἧθεσί
1703 1127 1733 1145 τε
1751 1119 1799 1145 καὶ
1809 1118 1852 1145 νό-

1065 1174 1124 1201 μοις
1139 1165 1257 1192 διαῦιοῦν
1274 1165 1416 1200 ᾑρημένοι,
1430 1165 1479 1200 τὴν
1493 1167 1531 1197 εἰς
1549 1165 1602 1192 πᾶν
1615 1164 1703 1191 ὁτιοῦν
1713 1163 1767 1191 τῶν
1777 1164 1854 1190 ἐκνό-

1064 1220 1122 1238 πων
1134 1211 1344 1247 κατηῤῥώστουν
1360 1210 1518 1246 ἁποιρθοράν
1530 1219 1537 1226 ·
1552 1210 1638 1242 οὕτως
1660 1211 1707 1237 καὶ
1724 1211 1748 1236 οἱ
1762 1210 1793 1242 ἐξ
1809 1210 1853 1237 αἴ-

1064 1266 1148 1292 ματος
1165 1257 1211 1283 τοῦ
1236 1256 1359 1292 Ἰσραὴλ,
1378 1257 1430 1287 ἕως
1445 1257 1493 1292 μὲν
1509 1254 1579 1292 ἦσαν
1599 1256 1785 1291 ὰγιοπρεποῦς
1802 1264 1851 1283 m-

1062 1304 1161 1335 λιτεὶας
1183 1304 1308 1339 ἐργάται,
1323 1304 1371 1330 καὶ
1391 1304 1556 1339 προγονικῆς
1581 1303 1721 1335 εὐσεϐείας
1744 1303 1851 1338 ἄριστοι

1063 1350 1190 1384 μιμηταὶ,
1210 1350 1299 1376 πάντα
1315 1349 1365 1384 μὲν
1383 1348 1587 1380 ἁπεσπούδαζον
1607 1349 1775 1383 φαυλότητος
1790 1348 1851 1384 τρό-

1062 1404 1121 1428 πον,
1140 1396 1334 1430 ἀπαραποξητά
1352 1404 1381 1422 τε
1408 1395 1547 1427 παντελῶς
1565 1396 1602 1427 ὡς
1617 1396 1645 1422 ἓν
1663 1404 1694 1429 γε
1707 1395 1739 1430 δή
1759 1403 1851 1429 σφισιν

1061 1442 1161 1473 αὐτοῖς.
1177 1442 1225 1476 τῆς
1241 1441 1368 1473 εὐκλεοῦς
1383 1441 1518 1473 πολιτείας
1533 1443 1701 1476 τετηρήκασι
1715 1441 1749 1467 τὰ
1766 1441 1851 1475 αὐχή-

1063 1496 1145 1522 ματα.
1168 1488 1275 1522 Ἐπειδὴ
1292 1488 1320 1514 δὲ
1341 1489 1396 1519 τοῖς
1415 1488 1525 1522 ὀμόροις
1540 1487 1645 1513 ἔθνεσιν
1662 1486 1847 1516 ὲνεπλέκοντο,

1061 1532 1149 1560 καίτοι
1171 1532 1378 1567 meam-usu;
1398 1532 1429 1558 τδ
1445 1532 1540 1568 χρῆμα
1558 1531 1605 1558 τοῦ
1622 1532 1704 1567 νόμου
1729 1532 1848 1566 ἀναπιμ-

1062 1577 1194 1612 πλάμενοι
1209 1578 1377 1612 παραχρῆμα
1392 1578 1441 1612 τῆς
1459 1577 1570 1610 ἐνούσης
1584 1576 1673 1608 αὐτοῖς
1695 1575 1847 1611 βδελυρίας,

1060 1623 1234 1658 εὐπάροιστοί
1243 1632 1272 1650 τε
1287 1624 1333 1650 καὶ
1345 1623 1459 1658 ἐλαφροὶ
1472 1623 1542 1654 λίαν,
1559 1623 1605 1649 καὶ
1619 1623 1645 1649 τί
1656 1623 1710 1657 γὰρ
1723 1622 1783 1656 οὐχὶ
1792 1621 1850 1649 τῶν

1060 1670 1190 1696 ἀνωτάτω
1204 1669 1296 1696 κακῶν
1311 1669 1452 1701 νοσοῦντες
1473 1668 1629 1703 ήλίσκοντο;
1651 1668 1706 1694 Καὶ
1718 1667 1781 1701 τόγε
1796 1676 1847 1693 πα-

1059 1715 1243 1751 ραδοξότερον.
1260 1715 1299 1742 Τὰ
1317 1715 1366 1749 μὲν
1378 1715 1432 1750 γὰρ
1444 1714 1510 1748 ἔθνη
1523 1715 1556 1749 τῇ
1569 1713 1655 1740 κτίσει
1666 1713 1752 1739 καίτοι
1767 1712 1847 1738 λελα-

1058 1761 1191 1795 τρευκότα
1214 1760 1288 1796 παρὰ
1312 1760 1356 1786 τὸν
1374 1761 1497 1795 κτίστην,
1525 1760 1571 1786 καὶ
1591 1759 1715 1794 ποιητὴν,
1736 1759 1784 1785 καὶ
1807 1759 1846 1789 είς

1058 1805 1187 1832 πολύοεον
1204 1805 1307 1840 πλάνην
1322 1805 1520 1831 ἀπονενευκότα
1536 1806 1568 1839 τῇ
1593 1804 1660 1839 πρὸς
1678 1803 1758 1830 τοῦτο
1776 1811 1842 1838 γνη-

1059 1851 1177 1886 σιύτητι,
1194 1851 1241 1882 τὰς
1265 1851 1319 1877 τῶν
1341 1850 1474 1885 δαιμόνων
1497 1850 1598 1884 ἀγέλας
1621 1850 1732 1884 ἐτίμων.
1766 1850 1795 1874 '0
1816 1848 1845 1875 δὶ

1057 1896 1158 1923 ἄνωθέν
1172 1905 1201 1922 τε
1217 1897 1262 1924 καὶ
1281 1895 1313 1922 ἐκ
1334 1896 1460 1931 πατέρων
1477 1896 1553 1929 ἅγιος
1576 1895 1681 1930 Ἰσραὴλ
1692 1915 1699 1926 ,
1716 1895 1744 1920 ὲν
1759 1895 1844 1929 ὀλίγῳ

1058 1942 1196 1973 παντελῶς
1213 1943 1331 1968 ἐποιεῖτο
1352 1938 1424 1976 λόγῳ
1446 1942 1495 1976 τὴν
1520 1941 1680 1968 ἀπόστασιν.
1699 1941 1843 1975 Τοιγάρτοι

1056 1987 1121 2019 Θεὸς
1132 1987 1175 2014 διὰ
1189 1987 1279 2022 φωνῆς
1289 1987 1368 2020 ἁγίας
1377 1987 1443 2022 φησὶ
1456 1987 1522 2021 πρὸς
1535 1986 1632 2017 αὐτούς
1645 1994 1650 2001 ·
1666 1996 1674 2011 ι
1697 1985 1842 2012 Ἀπέ).¹)ετε

1055 2035 1094 2064 είς
1111 2036 1208 2068 νήσους
1223 2034 1346 2067 Χετιεὶμ,
1363 2033 1410 2060 καὶ
1431 2032 1499 2059 ἴδετε
1512 2052 1520 2065 ,
1543 2034 1590 2059 καὶ
1606 2034 1646 2063 είς
1661 2032 1757 2067 Κηδὰρ
1774 2033 1842 2058 cino-

1057 2079 1177 2106 στείλατε
1190 2100 1198 2112 ,
1220 2080 1266 2105 καὶ
1281 2079 1396 2113 νοήσατε
1414 2079 1517 2113 σφόδρα
1529 2099 1536 2111 ,
1561 2079 1606 2104 καὶ
1621 2079 1690 2104 ἴδετε
1709 2079 1733 2104 εί
1746 2078 1842 2111 γέγονε

1055 2125 1176 2157 τοιαῦτα,
1197 2125 1221 2151 εί
1235 2125 1393 2157 ἀλλὰξονται
1408 2124 1470 2160 ἔθνη
1492 2125 1568 2156 Θεοὺς
1587 2124 1675 2151 αὐτῶν
1686 2145 1693 2157 ,
1710 2124 1758 2151 καὶ
1770 2120 1842 2150 οὗτοι

1055 2171 1104 2197 οὐκ
1119 2171 1171 2197 εἰσὶ
1191 2169 1293 2197 θεοί.’0
1308 2171 1335 2196 δὲ
1346 2171 1409 2202 λαός
1424 2179 1473 2205 μου
1489 2170 1621 2204 ἠλλάξατο
1638 2170 1688 2205 τὴν
1699 2170 1776 2202 δόξαν
1790 2171 1841 2197 αὺ-

1052 2216 1116 2248 τῶν,
1137 2215 1164 2248 ἐξ
1180 2214 1213 2251 ἦς
1232 2216 1281 2242 οὐκ
1302 2215 1533 2250 ὠφεληθήσονται.
1565 2215 1675 2251 Ἐξέστη
1697 2217 1711 2242 ὁ
1726 2216 1841 2250 οὐρανὸς

1051 2263 1096 2288 ἐπὶ
1113 2262 1208 2297 τούτῳ,
1224 2262 1270 2288 καὶ
1288 2261 1396 2297 ἔφριξεν
1414 2263 1429 2297 ή
1443 2262 1478 2296 γῆ
1493 2261 1540 2288 ἐπὶ
1556 2261 1647 2288 πλεῖον
1667 2261 1781 2296 σφόδρα,
1798 2261 1841 2287 λέ-

1050 2316 1093 2342 γει
1106 2308 1220 2342 Κύριος·
1234 2309 1274 2334 ὅτι
1287 2308 1335 2334 δύο
1349 2308 1394 2334 καὶ
1409 2308 1515 2343 πονηρὰ
1526 2309 1652 2343 ἐποίησεν
1666 2310 1680 2335 ό
1691 2308 1756 2339 λαός
1770 2317 1821 2343 μου
1832 2317 1838 2323 “

1051 2353 1100 2388 ἐμὲ
1118 2354 1297 2386 ἐγκατέλιπον
1313 2354 1403 2388 πηγὴν
1419 2353 1514 2386 ὕδατος
1530 2354 1633 2386 ζῶντος
1645 2375 1653 2388 ,
1669 2355 1716 2381 καὶ
1732 2354 1840 2389 ὤρυξαν

1051 2399 1155 2430 ἑαυτοῖς
1173 2399 1291 2430 λάκκους
1307 2400 1572 2434 συντετριμμένους,
1587 2399 1611 2426 οἳ
1633 2401 1663 2426 οὐ
1678 2401 1839 2435 δυνήσονται

1049 2444 1121 2479 ὕδωρ
1133 2444 1263 2480 συνέχειν.
1274 2446 1326 2472 Καὶ
1335 2445 1415 2471 πάλιν
1424 2454 1430 2460 ·
1454 2446 1515 2472 ’Ότι
1532 2446 1604 2472 κατὰ
1613 2446 1727 2482 ἀριθμὸν
1736 2446 1838 2473 πόλεών

1049 2500 1107 2523 σου,
1122 2490 1191 2526 ἦσαν
1207 2491 1261 2518 Θεοί
1277 2500 1334 2523 σου,
1352 2492 1447 2524 Ἰούδα,
1467 2493 1514 2518 καὶ
1527 2492 1597 2519 κατὰ
1613 2492 1729 2527 ἀριθμὸν
1744 2492 1836 2519 διόδων

1046 2537 1098 2572 τῆς
1117 2537 1303 2572 Ἰερουσαλὴμ,
1319 2537 1396 2564 ἔθυον
1408 2539 1440 2573 τῇ
1456 2538 1540 2565 Βάαὶσ
1557 2539 1600 2564 ἵνα
1617 2538 1642 2564 τί
1652 2538 1756 2564 λαλεῖτε
1769 2539 1837 2572 πρός

1049 2592 1083 2617 με
1095 2591 1102 2615 ;
1117 2584 1220 2615 Πάντες
1232 2584 1311 2617 ὑμεῖς
1325 2584 1492 2619 ἠνομήσατε,
1505 2584 1553 2611 καὶ
1567 2585 1666 2616 πάντες
1683 2584 1760 2619 ὑμεῖς
1771 2585 1834 2618 ἠσε-

1051 2629 1152 2664 ϐήσατε
1169 2630 1209 2660 είς
1222 2629 1272 2664 ἐμὲ
1282 2649 1290 2661 ,
1305 2629 1379 2662 λέγει
1394 2629 1504 2665 Κύριος.
1526 2640 1535 2655 ι
1558 2629 1718 2665 Κατῴχοντο
1732 2630 1785 2664 γὰρ
1796 2630 1836 2661 είς

1050 2675 1129 2702 τοῦτο
1145 2676 1303 2710 σκαιότητος
1318 2675 1472 2711 λογισμῶν,
1490 2676 1588 2711 μᾶλλον
1605 2676 1633 2702 δὲ
1646 2676 1693 2702 καὶ
1709 2676 1836 2711 ἐγχειρη-

1051 2722 1153 2756 μάτων,
1173 2722 1211 2753 ὡς
1227 2721 1345 2755 γυναίοις
1366 2722 1415 2757 μὲν
1436 2722 1629 2757 ἐπιμίσγεσθαι
1650 2722 1834 2757 πλανωμένοις

1048 2767 1097 2793 ἔτι.
1122 2767 1230 2803 Ἐπειδὴ
1247 2768 1274 2794 δὲ
1289 2768 1403 2799 ἔτικτον,
1419 2768 1506 2794 καίτοι
1527 2768 1584 2795 δέον
1603 2768 1682 2800 εὐθὺς
1697 2769 1746 2803 τῆς
1770 2768 1833 2794 'lo'r

1286 2859 1305 2874 “‘
1325 2857 1404 2889 Ibid,
1418 2857 1464 2890 ‘28,
1478 2857 1522 2884 29.
