1990 3046
237 133 272 161 ϐἸ
755 134 783 162 S.
800 135 937 163 CYRILLI
958 135 1193 164 ALEXANDRINI
1214 136 1372 165 ARCHIEP.
1835 140 1868 168 68

237 190 333 218 decem
354 189 484 223 denariis,
501 191 610 218 rursum
625 190 659 218 ad
677 190 810 218 unitatem
829 191 1017 219 revolutionen

1080 192 1214 226 τουτέστι,
1231 194 1245 220 ό
1259 194 1359 222 ἑκατὸν
1375 196 1407 222 ὲκ
1425 195 1545 224 δεκάδων
1561 197 1642 225 δέκα⁸
1655 191 1701 225 κά).
1715 197 1867 233 ἀνακύκλη-

239 236 353 262 habens.
368 235 445 269 Quod
466 236 549 271 igitur
565 235 639 268 dixi,
660 235 688 263 in
706 236 793 263 sacris
812 235 927 263 Litteris
939 235 1029 270 perfe-

238 281 337 308 ctionis
351 281 504 316 symbolum
517 286 568 314 est,
584 281 674 309 omnis
685 289 818 309 numerus
829 282 856 308 in
867 286 950 316 caput
960 290 1029 316 quo-

238 327 384 355 dammodo
401 327 520 360 rediens,
538 332 681 363 postquam
702 328 736 356 ad
753 328 961 355 convenientem
978 327 1028 362 ipsi

236 379 265 401 et
275 373 438 408 praeﬁnitum
450 374 597 412 terminum
608 375 773 409 pervenerit.
789 374 854 402 Vide
866 374 957 409 itaque
968 381 1028 401 san-

236 424 286 447 cta:
304 420 444 447 Trinitatis
464 420 649 447 omnimodam
671 420 877 455 perfectionem.
896 420 979 448 veluti
1000 421 1028 448 in

236 466 326 493 tribus
346 466 503 494 cubitorum
518 466 651 494 centuriis
672 466 862 501 signiﬁcatam.
877 466 940 494 Htec
952 467 1025 494 enim

234 517 277 540 est
297 520 367 540 areae
386 513 537 548 longitudo.
558 512 635 546 Quod
650 520 715 539 vero
731 512 777 545 sit,
795 517 827 539 ut
841 513 877 539 ita
892 512 1024 545 dicamus,

235 559 369 594 perfectio
378 559 576 594 perfectionum
587 559 679 586 Deitas
690 559 717 586 in
732 559 846 591 unitate,
860 560 981 587 declarat
990 561 1028 588 la-

236 606 333 638 titudo,
351 605 547 640 quinquaginta
558 604 659 632 cubitis
677 609 815 639 constans,
832 606 885 634 hoc
903 611 953 639 est,
967 607 1026 634 vel-

237 651 278 678 uti
304 651 330 678 in
345 655 448 685 septem
459 649 622 684 septenariis
635 649 762 685 adjuncta
779 650 845 686 ipsis
860 651 943 678 etiam
963 652 1025 678 uni-

234 702 305 729 tate;
325 697 388 723 ideo
402 696 475 730 quod
494 704 547 723 una
569 696 605 723 sit
623 696 737 724 Deitatis
756 701 864 724 natura.
887 697 946 732 ipsa
960 705 1026 725 vero

232 743 314 770 etiam
327 742 452 773 altitudo,
464 749 518 769 non
529 742 614 769 alium
629 742 710 770 nobis
729 750 810 777 quam
830 743 904 770 hunc
914 751 1023 771 sensum

232 788 327 823 gignit.
339 787 513 815 Ter-minatur
525 788 599 815 enim
611 788 638 815 in
653 788 759 816 tertiam
774 789 930 816 cubitorum
943 790 1023 817 deca-

231 835 304 862 dem.
316 834 345 862 In
362 842 446 861 unum
466 842 530 861 vero
543 842 639 862 rursus
657 842 794 862 summum
809 835 918 863 desinit.
935 845 943 861 ι
961 836 1022 863 Tri-

1082 245 1123 263 σιν
1135 237 1204 272 ἔχων
1218 239 1264 265 καὶ
1276 240 1430 276 ἀναδρομὴν
1442 241 1491 276 τὴν
1506 243 1545 274 είς
1559 243 1660 278 μονάδα
1674 243 1765 275 πάλιν.
1780 243 1870 279 Ὅπερ

1080 281 1126 310 οὖν
1152 283 1230 320 ἔφην,
1251 285 1420 322 τελειότητος
1443 287 1577 323 σύμόολον
1594 289 1670 324 παρά
1693 298 1724 324 γε
1747 291 1780 324 τῇ
1808 289 1870 325 θεία

1080 328 1173 364 Γραφῇ
1184 348 1192 361 ,
1209 330 1263 361 πᾶς
1278 330 1395 366 ἀριθμὸς
1413 333 1507 359 ἀνόπιν
1527 334 1622 370 ὥσπερ
1637 335 1684 361 ιὼν
1697 336 1766 371 μετὰ
1783 335 1814 362 τὸ
1829 336 1870 367 είς

1081 373 1168 408 πέρας
1177 374 1255 409 ἥκειν
1269 375 1300 402 τὸ
1313 377 1387 412 αὐτῷ
1401 378 1505 413 πρέπον
1519 388 1548 406 τε
1563 380 1610 407 καὶ
1621 381 1781 416 ὡρισμένον.
1798 382 1869 417 Ὅρα

1080 419 1168 446 τοίνυν
1183 420 1232 455 τῆς
1245 421 1324 455 ἁγίας
1339 423 1455 458 Τριάδος
1477 425 1507 451 τὸ
1526 426 1681 452 παντέλειον
1697 426 1733 458 ὡς
1750 428 1778 453 ἐν
1795 426 1869 462 τρισὶ

1079 467 1189 501 πήχεων
1212 468 1381 495 ἐκατοντὰςι.
1406 469 1492 496 Τοῦτο
1513 471 1569 507 γὰρ
1586 472 1675 507 μῆκος
1694 474 1725 508 τῇ
1747 473 1866 506 κιϐωτῷ.

1080 512 1140 538 Ὅτι
1158 511 1186 538 δέ
1199 513 1267 544 ἐστι,
1279 513 1312 539 ἶν’
1325 513 1412 545 οὕτως
1425 515 1558 550 εἴπωμεν,
1578 517 1714 552 τελειότης
1730 518 1866 553 τελειοτὴ-

1077 566 1130 584 των
1146 559 1161 594 ἡ
1173 558 1211 590 ὡς
1221 560 1250 585 ἐν
1264 559 1357 594 μονάδι
1367 561 1479 595 Θεότης,
1491 562 1677 598 ὑπεμφήνειεν
1690 564 1722 590 ἂν
1735 564 1765 590 τὸ
1776 562 1866 600 εὖρος,

1077 602 1106 630 εὖ
1133 604 1205 639 μάλα
1223 605 1270 630 ἐπὶ
1283 606 1381 640 πήχεις
1404 607 1442 633 ίὺν
1459 609 1645 643 πεντήκοντα·
1661 610 1808 642 τουτέστιν,
1829 611 1867 642 ὡς

1076 651 1105 676 ὲν
1120 650 1266 685 ἑϐδομάσιν
1289 652 1360 678 ἑπτὰ
1374 654 1629 689 προσενηνεγμένης
1643 655 1739 688 αὑταῖς
1754 656 1802 682 καὶ
1818 665 1867 691 μο-

1076 697 1162 728 νάδος,
1176 697 1220 724 διὰ
1233 698 1262 724 τὺ
1275 698 1340 733 μίαν
1355 696 1425 725 εἶναι
1436 699 1569 734 Θεότητος
1582 701 1672 734 φύσιν.
1690 702 1744 728 Καὶ
1758 703 1823 729 αὐτὸ
1838 703 1865 728 δὲ

1075 741 1105 767 τὸ
1119 741 1196 776 ὕψος,
1208 743 1257 779 οὐχ
1267 744 1364 779 ἑτέραν
1374 745 1440 779 ἡμῖν
1451 744 1467 780 ἢ
1481 746 1584 782 ταύτην
1595 747 1682 774 ὼδίνει
1693 748 1741 783 τὴν
1751 749 1863 776 ἔννοιαν.

1083 789 1307 824 ’Λποπεραίνεται
1324 791 1373 825 μὲν
1386 792 1439 827 γὰρ
1455 793 1495 824 είς
1513 793 1623 828 πήχεων
1639 793 1737 820 δεκάδα
1753 794 1862 831 τρίτην’

1075 836 1114 866 εἰς
1128 836 1176 862 ἕνα
1192 836 1219 862 δὲ
1234 836 1265 872 δὴ
1281 837 1326 863 τὸν
1347 838 1546 873 ὑπερκείμενον
1559 847 1589 865 τε
1608 839 1654 866 καὶ
1668 841 1798 867 ἀνωτάτω
1813 849 1865 867 κα-

231 881 304 915 ginta
325 880 410 912 enim,
431 890 440 906 ι
459 880 557 915 inquit,
577 890 585 905 ι
601 880 757 907 cubitorum
779 881 895 908 altitudo
909 881 995 916 ipsius
1015 891 1017 908 π

1074 881 1186 915 ταλὴγει
1207 882 1297 909 πάλιν.
1317 892 1326 908 ι
1343 884 1495 918 Τριάκοντα
1509 885 1579 920 γὰρ,
1601 894 1610 910 ι
1626 887 1703 921 φησὶ,
1724 896 1733 912 ι
1753 888 1863 921 πήχεων

229 930 259 954 et
274 926 302 953 in
318 932 402 953 unum
421 926 545 952 cubitum
560 926 762 953 consummabis
780 934 840 953 eam
857 927 890 952 ¹¹.
905 936 913 953 ι
929 927 1021 961 Siqui-

230 972 293 1000 dem
303 976 397 999 sancta
409 971 529 999 Trinitas
541 971 568 998 in
581 977 636 999 tres
648 972 817 1008 hypostases,
829 981 879 1000 nec
891 981 945 1000 non
959 981 1022 1008 pro-

230 1019 353 1053 priarum
367 1025 545 1053 personarum
565 1018 734 1046 dill'erentias
750 1019 872 1051 dilatata,
892 1019 919 1046 in
940 1028 1020 1047 unam

229 1063 343 1091 Deitatis
360 1067 486 1091 naturam
501 1065 684 1092 contrahitur.
700 1065 802 1093 Gentes
813 1066 886 1093 enim
905 1066 1020 1093 deorum

229 1107 385 1140 pluralitate
402 1107 531 1142 gaudent.
547 1107 602 1135 Nos
615 1113 706 1136 autem
727 1108 845 1142 Patrem,
863 1114 892 1138 et
909 1111 1018 1143 Filium,

227 1155 255 1178 et
271 1151 402 1186 Spiritum
423 1157 548 1179 sanctum
566 1152 593 1180 in
616 1154 735 1188 propriis
755 1162 849 1181 revera
866 1155 1020 1190 hypostasi-

229 1199 280 1226 bus
293 1199 502 1231 constituentes,
518 1200 623 1227 unitate
644 1205 748 1228 natura:
763 1209 861 1229 ornare
876 1202 994 1230 solemus
1011 1211 1018 1236 ;

227 1249 256 1271 et
273 1245 432 1272 substantia:
445 1244 588 1272 identitate
604 1250 709 1273 tantum
731 1254 787 1273 non
808 1247 890 1274 simul
909 1252 1000 1274 erecta
1011 1267 1018 1279 ,

227 1288 255 1315 in
273 1297 358 1316 unum
378 1290 502 1317 cubitum
518 1290 626 1325 longam
642 1294 669 1318 et
685 1291 778 1323 latam,
795 1299 846 1319 nec
862 1300 918 1319 non
937 1292 1018 1319 altam

225 1342 317 1362 arcam
335 1343 568 1362 consummamus.
585 1335 677 1363 Salvat
692 1337 783 1371 itaque
797 1345 847 1364 nos
859 1345 907 1372 per
918 1338 974 1373 38
986 1338 1019 1365 ﬁ-

226 1378 288 1405 dem
301 1378 438 1411 Christus,
454 1384 482 1406 ct
494 1380 579 1407 veluti
594 1380 621 1407 in
641 1386 732 1408 arcam
753 1381 782 1408 in
799 1382 948 1409 Ecclesiam
968 1391 1019 1411 nos

226 1423 342 1456 inducit,
355 1424 383 1450 in
401 1432 454 1459 qua
469 1425 610 1452 constituti
632 1427 729 1454 mortis
742 1432 846 1454 metum
860 1428 1017 1462 evademus,

224 1469 313 1496 securi
329 1477 363 1496 ne
378 1477 440 1496 cum
464 1470 567 1497 mundo
587 1471 812 1499 condemnemur.
835 1473 931 1501 Aderit
944 1475 1017 1502 enim

224 1514 305 1541 nobis
318 1515 409 1549 justus
422 1514 490 1546 Noe,
506 1514 559 1542 hoc
572 1519 614 1542 est
625 1515 762 1544 Christus.

1073 926 1102 953 τὸ
1123 926 1188 961 ὕψος
1206 928 1306 963 αὐτῆς·
1326 929 1373 956 καὶ
1397 931 1437 962 εἰς
1453 931 1500 957 ἕνα
1521 931 1610 966 πῆχυν
1627 932 1796 964 συντελέσεις
1812 933 1862 958 αὑ-

1072 973 1129 1008 τήν.
1168 983 1177 999 ι
1208 973 1382 1010 Εὖρυνομένη
1402 976 1456 1011 γὰρ
1470 977 1565 1012 ὥσπερ
1586 978 1626 1008 είς
1642 980 1717 1013 τρεῖς
1741 979 1862 1005 ὑποστά-

1072 1026 1140 1044 σεων
1153 1019 1262 1054 καὶμὴν
1277 1020 1324 1046 καὶ
1340 1021 1493 1056 προσώπων
1511 1022 1602 1049 tat-mm
1614 1023 1745 1059 διαφορὰς
1760 1025 1776 1059 ἡ
1796 1025 1861 1059 ἁγία

1071 1064 1170 1098 Τριὰς,
1186 1066 1224 1096 είς
1245 1065 1309 1100 μίαν
1326 1065 1458 1102 Θεότητος
1476 1068 1557 1094 οἱονεὶ
1571 1069 1743 1095 συστέλλεται
1767 1069 1860 1103 φύσιν.

1071 1108 1202 1144 Ἕλληνες
1218 1111 1266 1145 μὲν
1281 1111 1336 1146 γὰρ
1352 1111 1402 1147 τὴν
1417 1113 1457 1144 εἰς
1475 1113 1606 1140 πολύθεον
1621 1114 1755 1149 πλάνησιν
1772 1115 1860 1150 τιμῶ-

1071 1164 1113 1183 σιν
1125 1156 1194 1183 ὀδόν.
1219 1157 1314 1191 Ἡμεῖς
1337 1158 1365 1184 δὲ
1383 1159 1510 1195 Πατέρα,
1533 1161 1580 1186 καὶ
1597 1161 1650 1196 μὴν
1665 1162 1710 1188 καὶ
1732 1162 1795 1189 Υὶὸν
1813 1163 1860 1188 καῖ¹

1071 1202 1146 1235 ἅγιον
1163 1202 1275 1238 Πνεῦμα
1290 1204 1532 1240 καταλογιζόμενοι
1544 1215 1574 1232 τε
1597 1207 1643 1233 καὶ
1661 1207 1782 1239 τιθέντες
1793 1207 1859 1242 ἁλη-

1070 1247 1123 1279 θῶς
1140 1249 1169 1274 ὲν
1186 1249 1367 1276 ὑποστάσεσιν
1391 1251 1498 1284 ίδικαϊς,
1513 1252 1620 1288 ἐνότητι
1636 1252 1743 1287 φύσεως
1758 1261 1858 1288 στεφαι

1069 1293 1131 1320 νοῦν
1147 1294 1298 1330 εἰθίσμεθα.
1311 1297 1365 1322 Καὶ
1375 1297 1408 1331 τῇ
1423 1297 1472 1332 τῆς
1484 1297 1576 1329 οὐσίας
1586 1299 1730 1333 ταυτότητι
1742 1300 1858 1334 συνεγεί-

1070 1347 1163 1374 ροντες
1181 1341 1322 1376 μονονουχὶ
1338 1341 1385 1368 καὶ
1399 1342 1438 1373 είς
1453 1342 1500 1368 ἕνα
1515 1343 1604 1378 πῆχυν
1620 1344 1670 1379 τὴν
1687 1345 1796 1380 μακρὰν
1812 1345 1859 1372 καὶ

1069 1383 1188 1418 εὐρεῖαν,
1203 1385 1250 1411 καὶ
1264 1385 1313 1420 μέν
1328 1395 1369 1413 τοι
1385 1387 1431 1413 καὶ
1447 1387 1561 1422 ὑψηλὴν,
1580 1389 1762 1425 συντελοῦμεν
1775 1390 1858 1418 κιὸω-

1068 1429 1124 1455 τὸν.
1141 1430 1288 1463 Ἀνασώζει
1312 1434 1456 1469 τοιγαροῦν
1478 1435 1552 1469 ἡμᾶς
1566 1434 1595 1461 ὲν
1615 1435 1706 1462 πίστει
1729 1437 1856 1472 Χριστὸς,

1069 1475 1116 1502 καὶ
1129 1473 1173 1502 οἷά
1184 1485 1236 1512 περ
1247 1479 1286 1509 si;
1299 1479 1414 1506 κιϐωτὸν
1428 1481 1604 1514 είσοικίζεται
1616 1481 1665 1517 τὴν
1684 1483 1856 1518 Ἐκκλησίαν,

1068 1521 1097 1547 ὲν
1121 1519 1138 1558 ᾗ
1157 1523 1300 1556 γεγονότες
1327 1525 1536 1562 ὑπερνηξόμεῠα
1553 1527 1603 1562 μὲν
1625 1527 1672 1554 τοῦ
1694 1528 1811 1557 θανάτου
1826 1531 1858 1557 τὸ

223 1559 303 1593 δεῖμα
316 1580 323 1591 ,
348 1559 572 1595 διαδιδράσκομεν
595 1560 624 1587 δὲ
639 1561 669 1587 τὺ
696 1563 960 1598 συγκατακρίνεσθαι
977 1564 1015 1600 τῷ
1034 1565 1140 1602 κόσμῳ.
1156 1568 1286 1596 Συνέσται
1319 1559 1483 1607 γὰρ-ήμῑνό
1501 1573 1604 1606 δίκαιος
1633 1576 1705 1610 Νῶε,
1734 1578 1858 1606 τουτέστι

223 1604 351 1639 Χριστός.

260 1650 286 1677 7.
301 1649 398 1684 Operae
411 1651 529 1685 pretium
545 1659 608 1678 vero
619 1659 678 1679 esse
690 1652 819 1686 arbitror,
835 1658 961 1682 accurate
971 1655 1014 1682 in-

1103 1657 1135 1689 C'.
1153 1657 1245 1689 Ἄξιον
1254 1657 1283 1684 δὲ
1295 1655 1372 1694 οἶμαι
1388 1660 1650 1699 πολυπραγμονῆσαι
1664 1666 1771 1699 λεπτῶς
1783 1668 1856 1700 τίνες

224 1696 335 1732 quirere
360 1697 471 1731 quinam
488 1704 539 1724 una
554 1704 616 1723 cum
633 1697 690 1724 Noe
706 1705 799 1725 arcam
820 1699 876 1726 sint
890 1699 1016 1735 ingressi,

223 1747 252 1769 et
269 1741 384 1769 salutem
399 1749 448 1776 per
461 1741 541 1769 ﬁdem
559 1746 586 1768 et
598 1750 695 1777 aquam
707 1744 763 1770 sint
775 1745 926 1772 consecuti.
941 1745 1016 1773 Scri-

224 1792 301 1823 ptum
314 1787 398 1823 igitur
413 1792 455 1814 est
471 1797 479 1813 ε
492 1787 564 1822 quod
576 1788 715 1824 ingressus
722 1794 764 1818 est
773 1790 829 1818 Noe
838 1791 866 1818 in
873 1799 977 1824 arcam,
989 1796 1017 1820 et

225 1832 274 1859 ﬁlii
291 1831 390 1866 ipsius,
401 1836 428 1859 ct
445 1840 514 1859 uxor
528 1833 623 1867 ipsius,
636 1837 664 1860 ct
682 1841 780 1862 uxores
798 1834 916 1863 ﬁliorum
930 1836 1016 1871 ipsius

224 1885 287 1904 cum
304 1877 363 1912 ipso
375 1877 408 1904 ’³.
424 1887 433 1902 ι
447 1877 556 1905 Ιιιᾱυνίι
576 1882 668 1906 autem
685 1887 746 1906 cum
768 1881 821 1913 his,
835 1889 869 1908 ex
880 1882 955 1910 omni
968 1890 1014 1918 ge-

224 1930 289 1950 nere
311 1922 469 1961 animalium
494 1929 524 1952 et
544 1925 697 1952 volucrium
723 1930 826 1961 septem
847 1928 957 1962 quidem
981 1936 1015 1956 ex

224 1968 344 2001 mundis,
361 1968 415 1996 duo
428 1977 493 1997 vero
510 1978 543 1997 ex
557 1970 715 1999 immundis.
730 1972 769 1999 lta
783 1972 857 2000 enim
872 1974 928 2001 Deo
943 1982 1014 2009 prae—

223 2015 314 2050 cipere
333 2015 423 2042 visum
449 2015 510 2042 fuit.
532 2016 649 2045 Nomina
670 2022 761 2045 autem
784 2018 902 2046 ﬁliorum
928 2020 1015 2055 ipsius

224 2059 297 2091 Sem,
311 2059 408 2092 Cham,
421 2060 549 2096 Japheth.
562 2061 761 2097 Interpretatur
771 2072 836 2092 vero
849 2065 910 2093 Scin
919 2066 1013 2101 planta

222 2109 250 2131 et
265 2105 406 2140 perfectus,
417 2105 502 2134 Cham
518 2115 583 2134 vero
599 2109 823 2144 ardor;Japhetb
841 2115 932 2139 autem
947 2111 1013 2140 lati-

222 2150 296 2176 tudo.
317 2150 419 2178 Salvati
433 2152 506 2179 enim
523 2161 618 2180 sumus
633 2154 662 2181 in
676 2154 787 2183 Christo
799 2164 848 2191 per
861 2157 952 2191 ﬁdem,
964 2160 1012 2194 qui

221 2203 255 2222 ex
271 2195 478 2230 imperfectione
490 2198 552 2225 vitae
562 2199 657 2234 legalis
670 2200 698 2228 in
708 2202 872 2237 evangeliea:
880 2204 943 2231 vita:
951 2213 1010 2239 per-

221 2241 384 2274 fectionem,
411 2242 496 2270 veluti
523 2244 615 2270 tenelli
641 2244 751 2279 quidam
774 2246 895 2274 stolones
918 2255 1013 2276 sumus

221 2287 422 2321 transplantati.
440 2287 545 2315 Idcirco
563 2288 645 2315 etiam
666 2289 776 2317 divinus
794 2291 878 2319 David
900 2293 1010 2321 Judan-

221 2337 280 2356 rum
298 2331 439 2365 populum,
453 2332 675 2367 justiﬁcationem
688 2341 737 2368 per
747 2334 885 2364 Christum
896 2346 949 2366 non
959 2339 1009 2366 ad—

221 2374 375 2401 mittentem
387 2375 521 2411 increpat,
532 2377 645 2404 dicens:
659 2387 669 2403 ‹
680 2378 803 2408 Βὶιειὶεῑὶ
814 2382 915 2410 malum
927 2385 1012 2420 magis

219 2427 301 2454 quam
316 2419 430 2465 bonum,
450 2422 621 2458 iniquitatem
639 2425 726 2461 magis
740 2434 822 2461 quam
836 2428 910 2464 loqui
923 2419 1010 2465 aequi-

221 2466 314 2489 tatem.
332 2463 455 2491 Dilexisti
478 2467 569 2494 omnia
587 2468 669 2496 verba
694 2471 934 2507 praecipitationis,
955 2463 1009 2503 lin-

219 2515 299 2542 gnam
320 2508 443 2537 dolosam
461 2512 493 2538 υ.
515 2522 522 2537 ι
537 2512 801 2548 Blasphemaverunt
821 2519 894 2546 enim
909 2520 1008 2548 intem-

218 2558 347 2588 peranter
359 2554 388 2582 in
397 2555 507 2584 Filium.
515 2558 644 2592 «idcirco,
660 2561 787 2597 :inquit,c
800 2564 873 2592 Deus
883 2565 1006 2596 destruet

219 2603 245 2626 te
260 2598 288 2625 in
303 2599 385 2627 ﬁnem
397 2596 513 2630 :evellet
522 2607 558 2635 te,
577 2608 606 2631 et
622 2606 767 2641 emigrabit
784 2612 810 2636 te
826 2608 862 2637 de
878 2611 1006 2640 taberna-

222 2644 281 2671 :ulo
299 2649 356 2678 tuo,
370 2651 398 2674 et
411 2647 531 2676 radicem
547 2649 580 2676 de
593 2654 666 2678 terra
679 2652 830 2682 viventium
844 2656 877 2683 ".
896 2666 906 2682 ι
919 2657 959 2685 De
970 2658 1005 2687 iis

219 2697 282 2717 vero
293 2691 340 2726 qui
348 2692 570 2727 justiﬁeationem
581 2700 610 2723 et
625 2697 707 2725 vitam
723 2699 750 2726 in
767 2699 876 2729 Christo
889 2709 981 2732 amant
996 2713 1001 2731 :

220 2742 230 2760 ι
248 2734 364 2764 Plantali
380 2737 408 2764 in
423 2738 504 2767 domo
518 2740 637 2774 Domini,
650 2742 677 2770 in
694 2745 771 2772 atriis
785 2745 833 2774 Dei
849 2749 935 2776 nostri
952 2750 1002 2778 ﬁo-

269 2824 292 2839 “
309 2823 376 2852 Cen.
392 2835 426 2860 γι,
443 2827 484 2855 16.
523 2830 544 2845 ’³
556 2829 623 2858 Gen.
640 2840 685 2866 vn,
707 2834 731 2860 7.

1067 1701 1100 1728 ἂν
1119 1703 1219 1729 νοοῑντο
1240 1704 1320 1738 τυχὸν
1337 1706 1362 1731 οἱ
1379 1705 1419 1741 τῷ
1438 1707 1500 1734 Νῶε
1525 1711 1726 1744 συνεισθέοντες
1744 1713 1785 1744 εἰς
1806 1714 1855 1749 τὴν

1067 1748 1192 1781 κιϐωτὸν,
1207 1750 1254 1776 καὶ
1265 1751 1313 1785 τὴν
1322 1750 1365 1777 διὰ
1379 1753 1497 1785 πίστεώς
1508 1763 1537 1781 τε
1549 1756 1596 1782 καὶ
1608 1756 1703 1790 ὕδατος
1716 1748 1855 1796 σωτηρίαν

1065 1794 1315 1830 ἀποκερδαίνοντες.
1339 1797 1496 1834 Γέγραπται
1514 1801 1620 1835 τοίνυν,
1645 1804 1685 1830 ὅτι
1707 1813 1717 1830 ι
1738 1794 1853 1841 Eis-ﬁlo:

1065 1840 1127 1866 Νῶε
1142 1841 1181 1872 εἰς
1201 1841 1250 1876 τὴν
1265 1842 1389 1876 κιϐωτὸν,
1408 1844 1453 1871 καὶ
1472 1846 1497 1871 οἱ
1513 1847 1566 1873 υἱοὶ
1581 1848 1674 1881 αὐτοῦ,
1691 1851 1738 1877 καὶ
1753 1852 1769 1887 ἠ
1785 1840 1852 1888 γυνὴ

1064 1885 1158 1916 αὐτοῦ.
1174 1887 1220 1913 καὶ
1233 1888 1260 1914 αἱ
1273 1890 1399 1922 γυναῖκες
1411 1890 1465 1918 τῶν
1481 1892 1547 1919 υἱῶν
1561 1894 1643 1921 αὐτοῦ
1657 1897 1715 1930 μετ’
1730 1898 1823 1926 αὑτοῦ.
1841 1910 1849 1925 ι

1064 1931 1289 1967 Συνεισκεκόμικε
1304 1934 1332 1960 δὲ
1347 1935 1463 1968 τούτοις,
1476 1938 1523 1964 καὶ
1539 1939 1593 1966 ἀπὸ
1609 1941 1709 1973 παντὸς
1720 1942 1790 1974 ζώου
1806 1945 1852 1971 καὶ

1063 1976 1118 2003 τῶν
1140 1978 1282 2010 πετεινῶν,
1303 1979 1372 2006 ἑπτὰ
1389 1981 1438 2016 μὲν
1452 1982 1506 2009 τῶν
1523 1984 1662 2021 καθαρῶν,
1686 1987 1738 2015 ἀνὰ
1762 1989 1809 2016 δύο
1823 1990 1851 2017 δὲ

1063 2022 1116 2049 τῶν
1140 2023 1310 2059 ἀκαθάρτων.
1340 2026 1441 2053 Ἐδόκει
1465 2028 1519 2064 γὰρ
1540 2027 1592 2057 ὧδε
1620 2031 1794 2068 θεσμοθετείν
1811 2036 1850 2071 τῷ

1062 2067 1131 2103 Θεῷ.
1149 2068 1282 2104 Ὀνόματα
1291 2070 1319 2096 δὲ
1327 2072 1383 2103 τοῖς
1394 2073 1460 2104 υἱοῖς
1469 2073 1560 2107 αὑτοῦ,
1574 2076 1643 2112 Σὴμ,
1653 2078 1727 2114 Χὰμ,
1744 2067 1848 2114 Ἵάφεθπ·

1061 2115 1268 2152 διερμηνεύεται
1282 2118 1310 2145 δὲ
1323 2120 1337 2146 ὁ
1352 2120 1401 2154 μὲν
1416 2121 1634 2159 Σὴμ.’φύτευμα
1651 2126 1698 2153 καί⁸
1713 2128 1822 2162 τέλειοι,
1838 2137 1846 2144 ·

1062 2162 1208 2194 θερμασία
1215 2163 1243 2189 δὲ
1254 2164 1268 2190 ὁ
1280 2163 1356 2199 Χὰμ,
1372 2165 1420 2191 καὶ
1426 2168 1606 2203 πλατυσμὸς
1618 2171 1632 2196 ὁ
1652 2171 1750 2206 'Idcpso.
1760 2174 1848 2200 Σεσώ-

1063 2207 1150 2252 σμεθσ.
1174 2208 1229 2244 γὰρ
1247 2210 1276 2236 ὲν
1293 2211 1404 2247 Χριστῷ
1421 2213 1465 2240 διὰ
1491 2215 1610 2248 πίστεως
1633 2218 1656 2244 ot
1682 2219 1710 2251 ἐξ
1736 2220 1847 2252 ἀτελοῦς

1061 2251 1157 2288 ὥσπερ
1173 2254 1312 2287 πολιτείας
1332 2257 1383 2292 τῆς
1397 2259 1467 2286 κατὰ
1481 2260 1562 2296 νόμον
1576 2263 1615 2293 είς
1629 2263 1678 2298 τὴν
1693 2264 1742 2300 τῆς
1763 2251 1846 2299 εὐαγέ

1060 2297 1170 2334 γελικῆς
1184 2299 1350 2333 παιδεύσεως
1361 2303 1526 2340 τελειότητα,
1539 2297 1663 2343 καθάπερ
1674 2297 1734 2336 τινα
1748 2297 1845 2346 μόσιςία

1025 2342 1047 2369 D
1061 2345 1260 2380 πεφυτευμένοι
1273 2345 1369 2374 λεπτά.
1388 2349 1534 2386 Τοιγάρτοι
1548 2353 1595 2379 καὶ
1609 2354 1623 2379 ὁ
1639 2342 1780 2387 θεσπέσίος

1116 2391 1172 2422 τοῖς
1189 2391 1238 2426 μὲν
1254 2392 1309 2419 τῶν
1329 2393 1463 2422 Ἰουδαίων
1477 2397 1551 2429 λαοῖς
1566 2399 1615 2434 τὴν
1632 2401 1661 2427 ὲν
1681 2402 1792 2437 Χριστῷ
1805 2403 1843 2429 δι-

1059 2433 1173 2460 καίωσιν
1189 2436 1219 2461 οὐ
1239 2438 1430 2473 προσιεμένοις
1450 2441 1568 2477 ἐπετίμα
1578 2464 1584 2474 ,
1594 2433 1690 2478 λέγων
1701 2433 1714 2462 σ-
1728 2457 1738 2472 ι
1764 2433 1844 2482 ’ίῑγά-

1059 2487 1150 2514 πησας
1167 2482 1271 2509 κακίαν
1291 2483 1363 2520 ὑπὲρ
1390 2485 1577 2523 ἁγαθοσύνην·
1601 2490 1710 2518 ἀδικίαν
1727 2493 1796 2528 ὑπὲρ
1815 2495 1843 2520 τὸ

1057 2524 1171 2561 λαλῆσαι
1184 2527 1376 2565 δικαιοσύνην·
1396 2532 1542 2568 ἠγάπησας
1558 2535 1645 2562 πάντα
1665 2524 1839 2573 “wn-xu.

1055 2573 1238 2608 ταποντισμοῦ
1253 2594 1260 2606 ,
1287 2575 1412 2610 γλῶσσαν
1435 2578 1534 2606 δολίαν.
1560 2590 1569 2606 ι
1596 2582 1842 2620 Δεδυσφημήκασιν

1056 2617 1111 2663 γὰρ
1122 2617 1281 2651 ἀκαθέιιτως
1295 2622 1335 2652 είς
1345 2621 1391 2648 τὸν
1405 2623 1494 2652 Υῑόν.‹
1507 2625 1557 2652 Διὰ
1569 2626 1659 2658 τοῦτο.
1680 2636 1689 2653 ι
1702 2617 1809 2663 esus...
1829 2633 1841 2658 vi

1055 2662 1122 2694 Θεὸς
1137 2663 1246 2690 καθελεῖ
1262 2673 1292 2692 σε
1311 2666 1351 2699 εἰς
1369 2667 1462 2701 τέλος·
1484 2671 1590 2698 ὲκτίλαι
1608 2680 1637 2698 σε
1652 2674 1699 2700 καὶ
1722 2662 1840 2709 μετανα-

1055 2709 1165 2756 στεύσαι
1226 2710 1281 2737 ἀπὸ
1292 2713 1471 2749 σκηνώματός
1489 2724 1545 2750 σου,
1564 2717 1610 2744 καὶ
1624 2718 1653 2745 τδ
1668 2719 1777 2756 ῥίζωμά
1794 2730 1841 2748 σου

1055 2753 1088 2779 ὲκ
1112 2754 1163 2789 γῆς
1182 2755 1302 2786 ζώντων.
1323 2768 1332 2785 ι
1353 2759 1420 2795 Περὶ
1434 2760 1462 2787 δὲ
1479 2762 1533 2789 τῶν
1550 2753 1796 2802 ὴγαπηκότωντῇν
1813 2768 1843 2794 ὲν

788 2836 888 2864 “Psal.
906 2846 940 2871 LI,
959 2840 984 2872 5,
1006 2841 1031 2868 6.
1071 2843 1092 2857 "
1106 2842 1174 2870 lhid.
1189 2845 1214 2871 7.
