1990 3046
119 138 150 164 θη
441 123 448 129 ι
637 140 897 170 οιΑΡιιγιιοιιυιι
919 141 951 168 ΙΝ
971 141 1120 169 GENESIM
1141 141 1204 168 LIB.
1227 142 1259 169 II.
1725 144 1758 171 '70

122 199 233 236 Χριστῷ
246 199 391 226 δικαίωσιν
405 198 453 226 καὶ
469 197 541 234 ζωήν
554 207 560 213 '
581 208 589 225 ι
611 198 813 234 Πεφυτευμένοι
828 199 856 224 ὲν
879 197 918 231 τῷ

980 198 1069 225 'ebllnt
1086 198 1118 224 ’⁸.
1139 207 1148 223 ι
1164 197 1241 230 Quod
1256 206 1320 225 vero
1336 206 1391 225 non
1406 198 1509 234 absque
1525 200 1618 227 divino
1631 201 1702 236 igne,
1717 209 1758 230 at—

123 247 189 281 οῐκῳ
204 245 320 281 Κυρίου,
335 245 365 271 ὲν
381 246 441 277 ταῖς
454 246 549 276 αὐλαῖς
563 245 609 271 τοῦ
626 245 693 271 Θεοῦ
710 245 788 280 ἡμῶν
806 243 918 279 ὲξανθὴο

125 298 229 316 σουσιν.
247 299 256 314 ι
273 289 336 315 Ὀτι
347 289 376 316 δὲ
389 289 418 315 οὐ
433 288 494 324 δίχα
509 289 555 315 τοῦ
569 288 641 316 Θείου
654 289 740 323 πυρὸς
753 289 798 315 καὶ
810 288 918 323 νοητοῦ,

130 338 177 363 καὶ
195 336 280 362 οἱονεὶ
292 336 342 370 τῆς
366 334 409 361 διὰ
428 334 583 370 πνεύματος
602 334 754 370 θερμασίας
768 335 920 370 ἐνήργηκεν

127 384 166 414 si;
184 383 261 418 ἡμᾶς
275 382 324 416 τὴν
341 382 406 416 παρ’
423 381 518 407 ἑαυτοῦ
535 381 614 416 χάριν
633 382 647 408 6
667 381 853 416 Ἐμμανουὴλ,
874 391 919 408 πι-

127 437 158 453 στ
169 429 261 453 hasta:
277 427 324 453 καὶ
343 427 357 452 6
380 426 523 458 Θεσπέσιος
540 426 646 457 Παῦλος
661 434 668 441 ⁸
690 436 699 452 ‹
720 426 765 461 Τῷ
779 426 920 462 πνεύματι

128 473 241 505 ζέοντας
255 472 368 508 ὁρᾶσθαι
389 472 473 499 θέλων
492 473 554 504 τοὺς
580 473 609 499 ἐν
634 473 763 508 ἁγιασμῷ
784 472 920 507 κεκλημέ-

129 526 201 549 νους.
233 527 243 542 ›
272 517 353 544 Οὐδὲν
374 517 402 543 δὲ
417 513 499 552 ἦττον
521 517 594 552 ἡμᾶς
617 517 728 552 ἐμπεδοῖ
749 517 795 543 καὶ
809 518 823 543 6
840 516 921 551 σοφὸς

137 564 265 598 Ἰωάννης
279 563 366 597 λέγων
377 571 383 577 ·
404 572 412 589 ι
434 562 503 596 Ἐγὼ
520 563 568 598 μὲν
585 562 707 598 βαπτίζω
722 563 793 597 ὑμᾶς
806 563 833 589 ἐν
845 562 921 588 ὕδατι

131 611 170 641 εἰς
185 610 329 645 μετάνοιαν
339 618 346 625 ·
356 610 370 636 ὁ
382 609 409 636 δὲ
423 610 510 636 ὀπίσω
527 618 578 643 μου
593 610 739 645 ἐρχόμενος
750 608 921 644 ἰσχυρότερός

134 664 184 691 μου
196 656 286 681 ἐστίν’
303 651 333 681 οὗ
351 655 400 681 οὐκ
414 656 471 689 εἰμὶ
488 654 579 685 ἱκανὸς
596 654 631 680 τὰ
642 654 804 689 ὑποδήματα
822 653 921 688 βαστά-

135 709 189 726 σαι.
209 700 295 731 Αὐτὸς
317 701 390 734 ὑμεῖς
416 700 543 734 βαπτίσει
570 700 599 725 ὲν
623 698 762 734 Πνεύμοιτι
786 699 856 734 ἁγίῳ
875 698 921 724 καὶ

134 746 211 780 πυρί.
233 755 242 770 ι
267 745 436 779 Ἀπέψυκται
451 744 499 779 μὲν
512 743 565 778 γὰρ
577 744 593 778 ή
605 743 658 770 τῶν
679 743 812 770 Ἰουδαίων
827 742 920 777 ἀγάπη

137 792 181 818 διὰ
200 792 230 817 τὸ
256 801 264 816 ι
293 790 482 825 Πληθυνθῆναι
500 789 548 824 τὴν
570 789 684 824 ἀνομίαν
702 789 765 824 παρ’
782 788 888 820 αὐτοῖς,
908 796 918 814 ι

139 838 208 865 nubi
225 837 390 871 γέγραπται.
413 835 514 870 Θερμοὶ
536 835 564 861 δὲ
585 834 617 869 δὴ
640 833 700 860 λίαν
726 834 772 859 καὶ
795 833 863 868 πρός
891 841 921 866 γε

136 882 214 909 τοῦτο
346 869 491 915 Τοιγάρτοι
510 880 616 915 φαμέν·
642 889 650 904 ι
671 879 702 905 Τί
719 879 792 914 ἡμᾶς
811 879 922 914 χωρίσει
940 869 958 896 Il

136 928 189 954 ἀπὸ
207 928 257 961 τῆς
276 927 384 960 ἀγάπης
399 926 447 952 τοῦ
464 925 600 961 Χριστοῦ;
616 924 722 959 θλίψις,
744 924 760 960 ἢ
791 932 921 958 στενοχων

138 974 198 1007 βίαι
215 974 231 1009 ἢ
247 972 365 1008 λιμὸς,ἣ
382 971 510 1006 διωγμὸς,
529 971 545 1006 ἢ
561 970 710 1005 γυμνότης,
727 970 742 1004 ἢ
758 969 889 1001 κίνδυνος,
905 969 921 1004 ἢ

139 1020 278 1056 μάχαιρα;
300 1028 308 1044 ι
328 1018 430 1044 Οὐκοῦν
444 1017 498 1044 τῶν
512 1016 627 1048 ζεόντων
641 1015 679 1051 τῷ
691 1015 825 1050 ’πνεύματι
840 1014 924 1046 τύπος

139 1066 171 1092 ἂν
185 1066 290 1099 γένοιτο
301 1064 347 1090 καὶ
360 1064 430 1099 μάλα.
445 1063 533 1098 σαφὴς
545 1064 559 1089 6
573 1062 649 1097 Χὰμ,
661 1062 689 1093 ὃς
704 1063 804 1088 νοεῖται
818 1063 923 1095 θερμα-

139 1111 268 1138 σία,”οτι
282 1110 366 1136 δὲκαὶ
376 1111 414 1141 είς
426 1108 582 1144 πλατυσμδν
596 1108 707 1143 καρδίας
718 1107 924 1143 ἁπενενὴγμεθα

139 1159 186 1193 τῆς
202 1158 230 1183 ὲν
245 1157 320 1191 νόμῳ
340 1156 410 1191 ζωῆς
424 1155 473 1190 τὴν
487 1155 575 1189 θλίψιν
594 1154 775 1186 ἐκϐαίνοντες,
797 1154 925 1189 ὑπεμφή-

141 1212 209 1229 νειεν
220 1203 253 1229 ἂν
261 1204 274 1229 6
284 1202 373 1237 τρίτος
382 1203 448 1237 ἡμῖν
465 1201 564 1236 Ἰάφεθ,
577 1201 616 1232 εἰς
629 1199 809 1235 πλατυσμὸν
819 1208 927 1235 μετονοο

142 1249 300 1284 μαζύμενος.
326 1247 463 1278 Ἰουδαίοις
484 1247 532 1281 μὲν
550 1246 603 1282 γὰρ
620 1245 790 1283 προσεφώνει
805 1245 870 1277 Θεὸς
883 1245 927 1271 διὰ

141 1294 232 1329 φωνῆς
256 1294 368 1320 Ἡσαΐου
381 1301 387 1309 ·
407 1302 415 1317 ι
428 1292 574 1319 Ἀκούσατε
599 1292 677 1326 λόγον
701 1291 815 1327 Κυρίου,
832 1291 926 1327 ἄνδρες

141 1339 328 1374 τεθλιμμὲνοι,
343 1339 391 1365 καὶ
406 1339 534 1374 ἄρχοντες
546 1337 592 1364 τοῦ
604 1337 668 1364 λαοῦ
683 1336 731 1364 τοῦ
742 1338 771 1363 ὲν
791 1338 927 1373 Ἰερουσα-

142 1385 206 1419 λήμ·
233 1394 242 1410 ι
260 1385 316 1410 Καὶ
339 1384 437 1410 πάλιν·
459 1393 468 1409 ι
493 1384 602 1410 Miller:
618 1383 727 1410 ἀκούειν
747 1383 927 1419 στενοχωρού-

144 1439 229 1466 μενοι.
249 1439 258 1456 ι
281 1429 454 1465 Ἐκϐεῆηκὼς
472 1429 500 1455 δὲ
519 1431 532 1455 6
549 1429 653 1460 Παῦλος
670 1428 718 1464 τὴν
734 1429 764 1454 ὲν
777 1428 851 1463 νόμῳ
869 1428 928 1454 στέ-

142 1484 223 1502 νωσιν
247 1475 467 1511 προσπεφώνηκέ
480 1484 533 1501 τισι
548 1475 602 1501 τῶν
618 1475 667 1510 ἤδη
688 1474 908 1502 πεπιστευκότων
920 1482 926 1488 ·

146 1531 155 1547 ι
169 1522 205 1548 Τὸ
219 1522 306 1557 στόμα
327 1522 405 1557 ἡμῶν
421 1521 523 1555 ἀνέῳγε
547 1520 614 1555 πρὸς
628 1521 712 1555 ὑμᾶς,
731 1519 878 1555 Κορίνθιοι.
896 1519 928 1546 Ἠ

144 1568 240 1604 καρδία
255 1567 332 1603 ἡμῶν
342 1567 511 1594 πεπλάτυται
523 1576 528 1581 ·
540 1567 570 1593 οὐ
588 1565 797 1601 στενοχωρεῖσθε
811 1566 839 1591 ὲν
851 1566 927 1600 ἡμῖν.

145 1613 360 1648 Στενοχωρεῖσθε
378 1613 406 1639 δὲ
429 1613 457 1638 ὲν
476 1614 532 1643 τοῖς
547 1612 711 1646 σπλάγχνοις
726 1611 815 1646 ὑμῶν.
832 1610 887 1646 Τὴν
902 1610 930 1637 δὲ

145 1659 229 1694 αὐτὴν
241 1658 424 1693 ἀντιμισθίαν,
440 1658 477 1689 ὡς
491 1657 597 1689 τέκνοις
608 1657 689 1691 λέγω,
705 1655 873 1692 πλατύνθητε
885 1656 931 1682 καὶ

146 1705 234 1740 ὑμεῖς.
252 1704 297 1740 Μὴ
311 1704 419 1738 γίνεσθε
433 1703 655 1739 ἑτεροζυγοῦντες
670 1703 804 1732 ἀπίστοις.
819 1712 828 1728 ι
851 1703 931 1729 Ἠκο-

145 1750 256 1777 λούοουν
270 1749 324 1784 γὰρ
338 1749 377 1775 ἔτι
392 1750 449 1780 τοῖς
474 1749 608 1775 Ἰουδαίων
624 1747 852 1782 ὲντάλμασι,’καὶ
870 1748 932 1774 ἀνο-

146 1797 236 1832 νήτοις
261 1794 481 1825 εἰκαιοὸουλίαις.
502 1794 605 1821 Ψάλλει
630 1794 658 1820 δέ
682 1802 732 1820 που
753 1793 800 1819 καὶ
816 1794 830 1819 6
851 1792 933 1819 Aa6‘.6

148 1842 215 1878 πρὸς
230 1842 276 1868 τὶν
295 1841 352 1868 τῶν
371 1841 445 1868 ὅλων
460 1840 574 1875 Σωτῆρα
589 1839 717 1875 Χριστὸν,
737 1840 774 1871 ὡς
797 1839 828 1865 ἐκ
847 1847 933 1874 προσ-

149 1888 222 1915 ώπου
239 1888 285 1915 τοῦ
301 1888 360 1914 νέου
373 1886 438 1914 λαοῦ
455 1887 502 1913 καὶ
511 1887 540 1912 ὲν
553 1885 680 1921 Χριστῷ·
699 1895 707 1911 ι
735 1885 806 1912 Ὀδὸν
820 1884 933 1912 ἐντολῶν

149 1943 195 1961 σου
217 1935 345 1970 ἔδραμον,
366 1934 429 1960 ὅταν
454 1932 606 1963 ἐπλάτυνας
622 1931 670 1967 τὴν
695 1931 807 1967 καρδίαν
832 1939 892 1966 μου.
921 1939 931 1956 ι

150 1979 324 2006 Πεπλάτυται
336 1979 391 2014 γὰρ
403 1978 481 2014 ἡμῶν
496 1979 510 2004 ὁ
524 1977 586 2009 νοῦς
599 1978 638 2008 είς
650 1977 757 2011 σοφίαν,
773 1976 934 2011 ὲνηυλισμέ-

149 2034 193 2053 νου
213 2034 242 2052 τε
263 2026 310 2052 καὶ
331 2024 471 2060 ᾠκηκότος
490 2024 518 2050 ὲν
541 2024 599 2054 ταῖς
621 2022 750 2048 ἁπάντων
771 2021 870 2057 ψυχαῖς
891 2021 934 2048 διὰ

150 2071 305 2106 πνεύματος
324 2070 371 2098 τοῦ
397 2069 581 2106 Ἐμμανουήλ.
604 2068 707 2095 Τοιοίδε
725 2068 774 2103 μὲν
793 2066 839 2094 οὖν
861 2069 885 2094 οἱ
907 2068 935 2094 ὲν

106 2111 111 2114 ”
150 2117 259 2152 Χριστῷ
272 2117 316 2143 διὰ
330 2117 459 2147 πίστεως.

183 2167 220 2198 η’.
231 2163 291 2189 Ὀτι
305 2162 333 2189 δὲ
343 2161 455 2196 πλείστη
471 2161 519 2196 μὲν
532 2161 549 2196 ἡ
562 2159 652 2186 τῶνὲν
661 2159 749 2185 πίστει
760 2158 937 2192 δεδικαιωμέ-

969 251 1022 279 quc
1040 244 1217 271 intellectuali
1235 248 1262 271 et
1274 244 1358 271 veluti
1372 244 1468 271 ardore
1483 253 1531 279 per
1548 246 1684 280 spiritum,
1697 256 1758 282 gra-

970 289 1045 321 tiam,
1063 297 1123 324 qua:
1132 289 1166 316 ab
1182 289 1240 324 ipso
1257 289 1284 316 in
1301 297 1351 316 nos
1368 290 1496 321 manavit,
1513 295 1641 325 operatus
1652 293 1686 319 sit
1697 293 1760 320 Em.

970 336 1088 368 manuel,
1102 335 1244 363 conﬁrmat
1257 335 1368 362 divinus
1381 335 1490 368 Paulus,
1501 336 1601 371 jubens
1615 345 1662 365 eos
1688 348 1697 363 ι
1713 341 1759 374 qui

970 381 998 408 in
1016 382 1230 409 sanctiﬁcatione
1245 382 1334 409 vocati
1355 387 1428 414 sunt,
1448 381 1585 409 ferventes
1602 383 1698 418 spiritu
1721 385 1762 411 vi-

971 426 1029 453 deri
1050 427 1082 453 '7.
1104 437 1112 452 ι
1136 427 1213 460 Quod
1231 427 1411 454 nihilominus
1433 431 1548 454 testatur
1562 427 1691 461 Joannes,
1718 429 1761 456 di-

971 480 1054 500 cens:
1073 482 1082 497 ι
1098 473 1154 507 Ego
1173 472 1283 507 quidem
1306 473 1415 507 haptizo
1428 481 1477 500 vos
1493 473 1520 500 in
1540 482 1609 508 aqua
1624 474 1657 501 ad
1671 475 1760 509 pumi-

972 518 1094 546 tentiam.
1110 519 1159 552 Qui
1175 523 1264 545 autem
1276 522 1338 553 post
1352 511 1395 545 me
1404 519 1490 550 venit,
1503 520 1642 554 potentior
1652 528 1696 547 me
1707 526 1760 552 est,

972 566 1050 600 cujus
1060 572 1113 591 non
1127 572 1186 591 sum
1203 565 1318 591 idoneus
1330 568 1360 591 ut
1373 565 1556 592 caleeamenta
1571 569 1687 599 portem.
1701 566 1760 600 Ipse

972 619 1021 638 vos
1041 611 1190 645 baptizabit
1208 610 1311 645 Spiritu
1327 615 1421 637 sancto
1436 615 1464 637 et
1481 610 1536 645 igni
1558 611 1589 637 “.
1618 621 1626 636 ι
1645 611 1760 638 Refriin

972 656 1044 683 enim
1067 656 1185 683 charitas
1200 656 1371 688 Iudaeorum,
1394 664 1427 682 eo
1447 657 1518 691 quod
1541 666 1549 681 ι
1575 657 1761 691 multiplicata:

973 702 1028 729 sint
1042 702 1199 736 iniquitates
1213 710 1320 734 eorum,
1337 712 1346 727 ›
1361 702 1431 729 sicut
1445 703 1578 737 scriptum
1592 708 1634 730 est
1646 704 1678 729 ²’¹.
1695 702 1760 730 Fer-

973 752 1067 775 ventes
1089 752 1180 774 autem
1199 747 1344 774 admodum
1362 748 1444 774 etiam
1464 748 1498 774 ad
1519 748 1572 775 hoc
1590 755 1685 775 sumus
1701 755 1760 775 nos.

973 794 1027 829 39
1046 794 1150 821 Idcirco
1167 793 1300 820 dicimus:
1318 803 1326 818 ‹
1346 793 1413 826 Quis
1425 801 1475 820 nos
1490 794 1626 829 separabit
1638 801 1653 820 a
1670 794 1761 821 chari-

974 844 1028 866 tate
1043 839 1163 867 Christi?
1182 839 1338 866 tribulatio?
1354 846 1387 865 an
1405 839 1548 874 angustia?
1563 847 1597 866 an
1612 839 1714 866 fames?
1727 847 1761 866 an

974 885 1140 912 uuditas?an
1149 884 1300 919 perieulum
1308 884 1359 910 ?an
1368 885 1579 918 persecutio?an
1588 885 1693 920 gladius
1701 885 1740 912 '°?
1749 895 1757 911 ι

975 931 1067 967 Typus
1085 931 1168 966 igitur
1186 939 1279 958 eorum
1293 930 1339 965 qui
1356 931 1464 958 fervent
1479 931 1588 965 spiritu,
1607 936 1636 958 et
1651 931 1763 966 quidem

974 976 1134 1004 manifestus
1155 976 1312 1008 admodum,
1326 975 1410 1002 fuerit
1424 969 1519 1007 (Iliam,
1535 976 1581 1010 qui
1599 976 1759 1011 interpreter

975 1025 1029 1053 tur,
1047 1022 1141 1057 fervor.
1157 1021 1233 1054 Quod
1252 1029 1317 1048 vero
1334 1021 1416 1048 etiam
1433 1020 1460 1048 in
1477 1021 1615 1048 laxitatem
1630 1021 1687 1049 sive
1703 1022 1764 1049 lati-

977 1067 1098 1094 tudinem
1116 1067 1206 1093 cordis
1221 1066 1330 1093 deducti
1351 1066 1446 1098 simus,
1463 1065 1636 1093 aﬂlictionem
1649 1066 1712 1094 vitae
1726 1067 1765 1094 le-

982 1113 1049 1149 galis
1057 1112 1170 1148 egressi,
1181 1112 1277 1140 tertius
1293 1112 1372 1139 nobis
1386 1112 1502 1147 Japheth
1510 1116 1603 1147 aperte
1615 1112 1762 1147 signiﬁcat,

975 1159 1022 1194 qui
1036 1158 1184 1185 latitudinis
1204 1165 1354 1193 cognomen
1368 1158 1483 1193 accepit.
1496 1158 1603 1185 Iudmos
1614 1157 1714 1185 etenim
1726 1157 1765 1184 aI—

977 1203 1083 1231 locutus
1102 1207 1143 1230 est
1162 1203 1235 1230 Deus
1247 1210 1296 1237 per
1307 1210 1403 1229 vocem
1420 1203 1560 1237 propheta:
1573 1203 1649 1229 Isaiae
1662 1211 1668 1229 ε
1686 1212 1694 1227 ι
1709 1202 1765 1229 Au-

976 1247 1032 1275 dite
1046 1255 1201 1275 sermonem
1215 1247 1334 1279 Domini,
1348 1247 1400 1274 viri
1414 1247 1516 1279 amicti,
1529 1252 1556 1274 et
1569 1247 1707 1282 principes
1716 1255 1765 1282 po-

976 1295 1034 1330 puli
1052 1294 1079 1321 in
1091 1294 1242 1322 Jerusalem
1257 1294 1306 1320 υ.»
1320 1294 1354 1320 Et
1367 1302 1476 1321 rursum
1489 1303 1496 1320 τ
1512 1304 1520 1319 ι
1543 1294 1643 1321 Discite
1657 1294 1765 1325 audire,

977 1340 1123 1376 angustiati
1145 1341 1176 1366 ³⁵.
1195 1350 1203 1365 ι
1218 1340 1318 1367 Paulus
1334 1344 1425 1367 autem
1447 1347 1509 1367 cum
1525 1340 1575 1367 has
1591 1339 1659 1375 legis
1680 1347 1768 1375 angu-

978 1388 1043 1415 stias
1059 1387 1204 1418 evasisset,
1228 1385 1392 1421 quibusdam
1410 1393 1520 1418 eorum,
1541 1385 1589 1420 qui
1609 1386 1664 1420 jam
1687 1385 1767 1413 fidem

978 1433 1094 1468 amplexi
1112 1436 1200 1464 erant,
1216 1432 1252 1459 ita
1264 1432 1319 1459 ait:
1335 1441 1344 1457 ι
1364 1431 1400 1459 Os
1413 1436 1536 1459 nostrum
1549 1435 1624 1466 patet
1634 1431 1667 1458 ad
1679 1438 1737 1462 vos,
1752 1438 1769 1456 ο

978 1478 1124 1510 Corinthii,
1143 1486 1190 1505 cor
1201 1481 1326 1504 nostrum
1340 1476 1481 1503 dilatatum
1495 1480 1546 1503 est.
1560 1476 1619 1502 Non
1632 1475 1770 1510 angustia-

979 1525 1045 1551 mini
1059 1524 1087 1551 in
1100 1524 1180 1551 nobis
1192 1532 1198 1549 :
1210 1522 1403 1558 angustiamini
1415 1526 1505 1549 autem
1522 1522 1548 1548 in
1559 1521 1711 1548 visceribus
1725 1528 1770 1547 ve-

980 1570 1054 1598 stris.
1078 1570 1209 1597 Eamdem
1232 1573 1322 1596 autem
1348 1567 1482 1594 habentes
1504 1566 1768 1597 remunerationem,

981 1621 1109 1652 tanquam
1124 1616 1186 1643 (iliis
1206 1615 1277 1646 dico,
1300 1613 1450 1640 dilatamini
1466 1617 1493 1640 et
1504 1619 1562 1639 vos.
1573 1611 1662 1639 Nolite
1676 1611 1770 1647 iugum

981 1662 1082 1689 ducere
1096 1669 1158 1688 eum
1172 1659 1329 1686 inﬁdelibus
1339 1658 1372 1684 ³³.
1388 1667 1397 1683 ι
1413 1656 1631 1692 Acquieseebant
1640 1656 1712 1683 enim
1724 1655 1772 1682 ad-

981 1706 1036 1732 huc
1048 1705 1203 1733 Judmorum
1214 1702 1366 1739 praeceptis,
1378 1706 1406 1729 et
1419 1700 1587 1736 infrugiferis
1598 1700 1770 1735 vaniloquiis.

981 1751 1066 1779 David
1084 1755 1174 1778 autem
1196 1749 1262 1776 alibi
1278 1748 1313 1776 ita
1331 1747 1365 1775 ad
1388 1748 1579 1774 universorum
1603 1746 1771 1774 Salvator-em

981 1797 1120 1825 Christum
1147 1795 1234 1826 canit,
1252 1794 1337 1820 veluti
1362 1800 1395 1820 ex
1413 1800 1529 1827 persona
1552 1792 1616 1819 novi
1639 1799 1671 1819 ac
1690 1791 1771 1819 Chri-

982 1843 1062 1871 stiani
1076 1841 1168 1877 populi
1181 1850 1187 1867 :
1204 1850 1212 1865 ι
1227 1840 1304 1867 Viam
1317 1838 1507 1866 mandatorum
1524 1842 1633 1865 tuorum
1650 1837 1771 1868 cucurri,

983 1888 1092 1924 quando
1115 1887 1233 1914 dilatasti
1255 1894 1302 1913 cor
1317 1892 1408 1912 meum
1428 1884 1459 1911 “.
1485 1893 1494 1910 ι
1508 1883 1680 1918 Ampliﬁcata
1698 1882 1772 1910 enim

984 1943 1015 1963 ac
1031 1934 1141 1961 dilatata
1159 1937 1201 1960 est
1217 1939 1293 1958 mens
1318 1934 1412 1957 nostra
1428 1929 1461 1957 ad
1482 1929 1642 1964 sapientiam
1663 1928 1772 1955 inhabi-

985 1984 1058 2007 tante
1077 1978 1104 2005 in
1118 1977 1240 2005 omnium
1257 1974 1355 2002 animis
1367 1982 1415 2008 per
1434 1973 1571 2008 spiritum,
1583 1970 1771 1999 Emmanuele.

985 2023 1160 2060 Ejuscemodi
1186 2022 1268 2057 igitur
1280 2025 1344 2048 sunt
1357 2019 1375 2047 ii
1391 2019 1438 2054 qui
1463 2019 1491 2045 in
1515 2017 1623 2045 Christo
1648 2021 1712 2045 sunt
1725 2024 1774 2050 per

987 2070 1079 2097 ﬁdem.

1023 2159 1048 2186 8.
1068 2157 1145 2192 Quod
1167 2162 1258 2184 autem
1273 2156 1401 2190 frequens
1414 2152 1560 2181 admodum
1578 2152 1613 2178 sit
1628 2149 1773 2186 purissima

151 2195 204 2236 νων
226 2207 409 2243 καθαρωτάτη
423 2195 540 2242 πληθὺς,
563 2207 645 2241 μείων
665 2214 696 2240 γε
714 2205 767 2241 μὴν
782 2206 797 2239 ὴ
813 2203 843 2236 ὲξ
871 2204 929 2230 Ἰουη

990 2213 1086 2233 eorum
1110 2204 1156 2240 qui
1185 2211 1233 2239 per
1264 2202 1344 2229 [idem
1365 2199 1504 2236 iustiﬁcati
1532 2201 1596 2225 sunt
1616 2195 1773 2226 multitudo,

151 2256 243 2285 δαίων,
262 2253 396 2289 ἀναμάοοι
411 2261 452 2284 τις
461 2252 493 2279 ἃν
508 2252 631 2278 ὲντευθεν
647 2250 774 2286 ἀμογητί.
789 2249 874 2276 Ἑπτὰ
889 2250 937 2284 μὲν

151 2301 206 2336 γὰρ
231 2301 261 2327 ἔν
279 2301 312 2335 τῇ
328 2299 438 2334 κιϐωτῷ
452 2298 487 2325 τὰ
506 2299 539 2324 ἐκ
552 2298 605 2324 τῶν
622 2295 749 2333 καθαρῶν
763 2296 936 2330 εἰσκεκόμικς

152 2346 240 2378 ζώων,
258 2345 310 2372 ἀνὰ
325 2344 372 2371 δύο
385 2344 412 2370 δὲ
429 2341 462 2370 αὖ
490 2343 524 2369 τὰ
542 2343 572 2369 ὲκ
591 2342 645 2369 τῶν
665 2340 837 2376 ἀκαθάρτων·
859 2348 937 2365 τουτ-

152 2392 219 2422 (an,
232 2391 286 2418 τῶν
301 2390 482 2426 κυριοκτόνων
504 2388 647 2415 Ἰουδαίων.
666 2397 675 2413 ι
694 2387 828 2413 Σέσωσται
844 2386 898 2421 γὰρ
910 2385 939 2411 τδ

153 2437 337 2472 κατάλειμμα,
355 2445 364 2462 ι
382 2435 453 2462 κατὰ
465 2435 514 2470 τὴν
536 2434 582 2461 τοῦ
596 2433 734 2469 προφήτου
750 2434 850 2467 φωνήν.
868 2431 941 2465 Πλὴν

153 2482 193 2508 ὅτι
219 2482 291 2508 κατὰ
309 2481 422 2516 καιροὺς
447 2479 647 2507 ἀπανίστασθαί
672 2486 702 2504 τε
728 2478 775 2505 καὶ
794 2478 943 2513 ἁποφοιτᾷν

153 2529 200 2563 τῆς
217 2528 335 2559 πίστεως
346 2527 458 2562 ἔμελλόν
469 2535 540 2558 τινες
555 2526 610 2553 τῶν
626 2525 655 2557 ἐξ
677 2525 790 2560 αἵματος
824 2524 942 2560 Ἰσραὴλ,

154 2575 295 2602 ὺπετύτιου
318 2575 409 2602 πάλιν.
428 2584 437 2600 ι
461 2572 616 2600 Ἀπέστειλε
643 2572 707 2607 γὰρ,
728 2581 737 2597 ι
765 2571 857 2606 φησὶν,
877 2580 886 2596 ι
910 2571 940 2596 ἐκ

152 2621 201 2656 τῆς
219 2620 336 2647 κιϐωτοῦ
351 2620 396 2647 τὸν
421 2621 525 2655 κόρακα
541 2620 603 2646 ἰδεῖν
620 2619 644 2645 εἰ
661 2617 798 2644 κεκόπακε
810 2616 840 2642 τὺ
856 2615 938 2651 ὕδωρν

153 2669 168 2694 6
177 2668 205 2693 δὲ
222 2668 271 2703 οὐχ
283 2667 464 2702 ὑπέστρεψεν.
480 2676 490 2692 ι
500 2665 643 2700 Ἑνεπνίγη
658 2663 697 2696 δὲ,
710 2661 797 2698 οἶμαι,
807 2663 863 2694 τοῖς
877 2662 941 2688 ὓδα-

156 2722 206 2745 σιν,
222 2713 339 2749 ἔρεισμά
351 2721 381 2739 τε
396 2713 443 2739 καὶ
463 2711 556 2738 στάσιν
566 2711 615 2745 οὐχ
628 2708 762 2746 εὑρηκὼς.
778 2709 881 2735 Οὖκυῦν
913 2708 942 2734 τδ

189 2786 209 2802 “
219 2784 292 2813 Psal.
305 2792 360 2816 τοι,
375 2782 418 2808 Μ.
454 2781 475 2796 ’⁷
488 2780 509 2807 II
519 2780 614 2807 Thess.
633 2787 663 2811 ιι,
684 2779 727 2811 I3;
747 2779 826 2806 Rom.
841 2786 887 2807 xu.
902 2777 929 2804 II

189 2820 200 2839 ἰ
247 2819 320 2839 "lea
349 2824 443 2839 x1an
458 2815 500 2839 ιι.
538 2816 560 2831 ³⁸
578 2814 750 2839 Isa.r.xr|.5.
808 2813 829 2828 ³³
843 2813 864 2839 II
886 2812 924 2839 Co

983 2776 1006 2792 ’⁸
1020 2775 1115 2803 Matth.
1135 2774 1229 2805 lu,Il,
1241 2772 1283 2799 I2.
1336 2772 1358 2787 "
1369 2772 1418 2798 Psa

980 2820 1004 2839 'I.
1024 2810 1118 2837 II-H.
1156 2810 1177 2824 3‘
1191 2808 1261 2836 I’sal.
1279 2814 1369 2838 cxvul,
1384 2805 1418 2832 2‘3

821 2815 829 2827 "
843 2815 864 2839 Il
886 2815 951 2839 Cor.
967 2820 1004 2843 γι,
1024 2815 1118 2837 H-H.
1156 2815 1177 2824 υ
1192 2815 1261 2836 l'sat.
1279 2815 1369 2838 cxvul,
1384 2815 1428 2832 κε.

163 2820 209 2848 35.
247 2820 267 2835 "
279 2819 332 2847 Isa.
349 2814 443 2847 ᾗχι-ιιι,
458 2815 500 2842 Η.
538 2816 560 2831 ³¹
577 2815 628 2842 Isa.
640 2822 711 2846 tm,
724 2814 750 2840 5.

156 2864 192 2889 Ix,
207 2855 252 2882 27.
292 2854 314 2870 ³⁵
327 2854 399 2881 Gen.
415 2851 505 2883 vtu,6.

990 2252 1079 2278 minor
1091 2258 1156 2277 vero
1171 2249 1342 2280 Judzeorum,
1365 2247 1443 2274 facile
1463 2246 1524 2280 quis
1547 2244 1612 2271 hinc
1631 2242 1773 2278 intelligat.

990 2297 1100 2332 Septem
1114 2297 1186 2324 enim
1197 2296 1224 2322 in
1235 2302 1326 2322 arcam
1337 2301 1369 2321 ex
1383 2292 1493 2320 mundis
1504 2290 1624 2318 immissa
1635 2293 1709 2320 sunt,
1721 2288 1776 2315 duo

991 2348 1081 2371 autem
1097 2351 1130 2370 ex
1149 2342 1306 2372 immundis,
1330 2341 1381 2367 hoc
1400 2344 1450 2371 est,
1466 2337 1574 2365 Domini
1591 2335 1773 2363 interfectori-

991 2391 1042 2418 bus
1057 2389 1167 2417 Judaeis.
1184 2398 1192 2413 ι
1210 2387 1296 2415 Salvze
1310 2386 1382 2413 enim
1397 2384 1475 2411 factae
1493 2386 1557 2410 sunt
1572 2380 1693 2415 reliquire
1709 2380 1743 2412 ⁵³,
1763 2390 1773 2406 ι

988 2438 1064 2473 juxta
1078 2435 1217 2470 propheta:
1227 2439 1332 2460 vocem.
1343 2431 1476 2457 Praeterea
1487 2427 1559 2462 quod
1571 2425 1703 2461 temporis
1713 2431 1779 2460 pro-

991 2489 1083 2518 gressu
1107 2488 1122 2507 a
1145 2479 1199 2506 ﬁde
1221 2475 1369 2505 discessuri
1391 2473 1580 2508 defecturique
1599 2475 1692 2499 essent
1707 2478 1777 2497 non-

991 2515 1059 2554 nulli
1073 2534 1106 2553 ex
1120 2524 1251 2560 sanguine
1270 2522 1363 2553 Israel,
1378 2526 1489 2547 rursum
1510 2517 1624 2554 ﬁgurate
1639 2515 1778 2552 signiﬁca-

993 2571 1041 2599 vit.
1062 2581 1069 2596 ι
1086 2569 1184 2598 Emisit
1198 2568 1282 2598 enim,
1306 2577 1315 2592 ι
1333 2566 1433 2601 inquit,
1455 2575 1463 2590 ι
1478 2572 1512 2592 ex
1525 2572 1587 2591 arca
1603 2569 1726 2594 corvum,
1744 2561 1778 2587 ad

994 2616 1141 2644 videndum
1159 2614 1181 2642 si
1196 2617 1329 2641 cessasset
1350 2619 1430 2647 aqua;
1447 2611 1492 2638 ille
1510 2617 1577 2637 vero
1597 2616 1653 2636 non
1675 2611 1717 2635 est
1734 2614 1779 2633 re-

994 2670 1090 2690 versus
1099 2661 1131 2687 ³⁸.
1148 2670 1156 2685 ι
1171 2659 1335 2687 Submersus
1345 2662 1435 2684 autem
1447 2661 1497 2688 est,
1509 2659 1539 2682 ut
1549 2655 1677 2685 arbitror,
1690 2651 1778 2687 aquis,

996 2707 1043 2734 ubi
1055 2705 1215 2734 subsisteret
1228 2711 1282 2731 non
1297 2702 1447 2730 inveniens.
1461 2700 1595 2734 Quocirca
1607 2707 1623 2726 a
1639 2698 1691 2725 Iide
1703 2696 1780 2725 Chri—

1336 2772 1358 2787 ²⁹
1369 2770 1439 2798 Psal.
1451 2777 1494 2801 xv,
1509 2768 1552 2801 14.
1591 2766 1614 2782 ³ο
1627 2765 1711 2801 Βοηιὲ
1721 2772 1778 2797 vui,

1484 2799 1569 2830 "'Isa.
1585 2808 1612 2834 ι,
1629 2799 1682 2832 ‘22;
1697 2800 1775 2826 Rana
