1990 3046
191 153 220 182 lii

699 152 726 180 S.
748 152 885 181 CYRILLI
904 151 1138 180 ALEXANDRIN!
1158 150 1316 179 ABCHiEP.

1784 151 1819 179 59

191 213 323 248 temporis
334 212 491 240 hominibus
502 213 573 240 Deus
581 213 654 239 Enos
666 222 672 238 :
685 212 820 247 siquidem
829 219 891 239 cum
900 209 977 246 justi-

1031 210 1169 245 Κέκληται
1192 210 1247 247 γὰρ
1268 210 1343 246 παρὰ
1367 211 1423 242 τοῖς
1450 210 1576 246 τηνικάδε
1597 209 1662 242 Θεὸς
1684 211 1697 237 ὁ
1724 210 1818 242 Ἐνώς.

191 259 245 291 tim,
262 267 315 294 qua
332 258 464 294 praeditus
479 262 548 291 erat,
563 259 780 294 magnitudinem
800 258 976 288 mirarentur,

191 305 276 332 Deum
296 305 388 332 statim
409 305 604 337 nominarunt,
628 304 838 332 convenientem
859 302 978 330 maxime

191 350 310 377 hominis
321 350 415 377 virtuti
427 357 487 377 eam
504 350 713 385 appellationem
725 348 923 377 existimantes.
938 348 978 375 Ex

190 397 264 424 Enos
280 404 356 428 vero,
371 396 428 425 sive
448 404 483 430 eo
503 397 546 424 cui
564 404 714 432 cognomen
738 400 798 423 erat
820 395 902 428 Deus,
920 395 976 422 nati

189 446 254 469 sunt
268 442 325 474 alii,
341 448 402 477 post
416 450 486 477 quos
501 443 583 470 etiam
600 442 718 470 Lamech
737 446 815 476 pater
833 441 890 468 Noe
905 450 911 468 :
930 441 976 476 qui

191 487 217 515 in
235 488 284 515 ﬁlii
306 488 447 516 nativitate
468 489 603 523 propheta
627 486 719 514 statim
745 491 787 514 cst
811 486 976 520 declaratus,

189 535 420 568 quemadmodum
436 534 492 561 fere
512 534 595 561 etiam
608 533 754 560 Zacharias
779 533 807 559 in
826 532 907 560 beato
925 533 977 560 Ba-

189 580 280 614 ptista.
296 579 415 607 Lamech
429 579 502 607 enim
517 579 603 606 ﬁlium
617 586 696 606 suum
713 578 976 614 voeavitNoe,quod

188 625 323 660 signiﬁcat
342 625 478 660 requiem,
494 624 517 652 si
539 625 568 652 in
589 629 710 652 nostram
733 624 853 660 linguam
874 632 906 652 ea
925 632 977 652 vox

189 671 380 699 transferatur.
401 670 530 699 Reddens
548 678 614 698 vero
630 671 832 705 quodammodo
847 671 976 706 hujusce-

187 717 262 744 modi
275 715 467 751 appellationis
479 724 589 744 causam
598 715 717 744 Lamech
734 725 740 742 :
758 726 766 742 1
781 716 841 748 Hic,
854 725 863 741 1
876 715 975 751 inquit,

190 771 199 786 1
213 760 358 796 quiescere
381 759 465 788 faciet
489 768 540 788 nos
568 760 602 787 ab
624 759 755 795 operibus
777 759 889 792 nostris,
912 764 940 787 et
961 768 976 787 a

186 811 261 834 terra
281 805 327 834 cui
339 806 481 835 maledixit
492 806 626 834 Dominus
636 807 707 834 Deus
717 805 750 833 ".
761 816 770 832 1
783 807 822 833 De
833 805 976 841 splendida

184 853 269 889 igitur
287 853 357 882 adeo
382 858 464 889 atque
489 853 592 889 optima
608 861 655 890 spe
672 853 730 881 Noe
752 853 882 880 nativitas
904 860 977 888 prat-

183 900 258 928 dieta
279 904 323 929 est
343 900 495 929 veteribus.
521 900 555 927 Et
582 900 695 935 quidem
720 899 844 927 decimus
865 898 918 926 fuit
942 899 977 926 ab

185 946 270 973 Adam
284 954 334 981 per
355 945 422 974 Seth
447 945 477 974 in
498 945 607 981 generis
629 945 719 977 serie,
740 944 920 980 pervenitque
942 943 976 972 ad

186 991 274 1025 ipsum
289 999 375 1026 usque
390 991 483 1019 vocari
494 991 529 1018 ab
540 991 668 1018 omnibus
680 991 751 1018 Deos
765 991 838 1018 Enos
851 982 977 1025 posteros

185 1040 365 1071 cognomento
372 1037 447 1064 Dei.«
459 1036 593 1066 Caeterum
603 1041 688 1069 erat,»
701 1036 814 1071 inquit,«
828 1036 885 1063 Noe
896 1036 977 1071 quin-

184 1087 330 1117 gentorum
351 1091 504 1116 annorum,
528 1088 557 1111 et
582 1083 676 1118 genuit
701 1088 757 1111 tres
781 1082 869 1115 ﬁlios,
897 1082 974 1116 Sem,

185 1127 282 1161 Citam,
302 1132 331 1155 et
343 1127 472 1163 Japbctb;
488 1138 497 1154 1
515 1133 544 1156 et
564 1128 628 1156 Sem
645 1128 767 1163 quidem,
790 1128 813 1155 si
833 1128 975 1155 Hebr-team

186 1173 414 1208 signiﬁcationem
425 1173 517 1202 Graece
532 1174 691 1206 transferas,
707 1174 903 1209 perfectionem,
918 1174 976 1201 sive

186 1219 308 1254 plantam
335 1219 471 1257 signiﬁcat
490 1229 498 1247 :
521 1219 606 1247 Cbam
626 1227 692 1247 vero
710 1219 873 1247 caliditatcm
895 1228 904 1246 :
932 1220 977 1247 Ja-

186 1263 272 1298 pheth
299 1269 392 1292 autem
421 1264 616 1292 dilatationem.
650 1265 753 1292 Deinde
783 1265 872 1300 inquit
900 1273 976 1292 sacra

187 1309 329 1344 Scriptura
344 1318 351 1337 :
367 1319 376 1336 1
391 1310 426 1338 Et
441 1310 543 1338 factum
562 1315 615 1342 est,
633 1310 744 1345 quando
762 1316 906 1346 cmperunt
924 1312 976 1339 ho-

187 1355 276 1384 mines
288 1355 466 1391 multiplicari
480 1364 563 1391 super
578 1361 690 1389 terram,
709 1361 738 1384 et
754 1357 816 1384 ﬁliae
828 1362 898 1385 nata:
913 1363 977 1386 Sunt

186 1402 236 1430 eis.
254 1402 383 1430 Videntes
400 1407 492 1430 autem
510 1403 567 1430 ﬁlii.
579 1403 626 1430 Dei
645 1402 713 1430 ﬁlias
733 1403 887 1437 hominum,
903 1405 976 1439 quod

187 1447 309 1481 pulchrze
329 1451 406 1480 sunt,
426 1452 591 1482 acceperunt
611 1447 662 1475 sibi
680 1456 780 1476 uxores
799 1457 832 1476 ex
848 1449 977 1477 omnibus

187 1501 255 1528 quas
268 1493 418 1529 elegerant.
435 1493 469 1521 Et
488 1493 557 1521 dixit
573 1494 705 1522 Dominus
723 1495 795 1522 Deus
811 1504 817 1521 ι
831 1495 890 1523 Non
912 1504 976 1531 pcr-

994 881 1013 909 li

1036 257 1144 294 Ἐπειδὴ
1162 257 1217 294 γὰρ
1241 259 1407 293 ἐτεθήπεσαν
1429 257 1478 292 τῆς
1499 257 1612 293 ινούσης
1629 257 1703 292 αὐτῷ
1717 257 1820 284 δικαιο-

1030 303 1113 338 σύνης
1133 303 1163 330 τὸ
1188 303 1313 339 μέγεθος,
1333 304 1400 330 Θεὸν
1422 303 1564 339 ὠνόμαζον
1587 303 1680 335 εὐθὺς,
1701 304 1819 339 πρέπειν

1029 349 1071 376 ὅτι
1094 349 1212 385 μάλιστά
1227 358 1258 384 γε
1277 351 1310 385 τῇ
1326 349 1373 376 τοῦ
1388 349 1484 385 ἀνδρὸς
1499 350 1583 386 ἀρετῇ
1597 344 1645 384 τὴν
1661 349 1818 384 ἐπωνυμίαν

1030 396 1186 431 ἡγούμενοι.
1215 396 1281 422 Ἀπὸ
1304 396 1332 422 δὲ
1355 395 1402 422 τοῦ
1428 395 1526 428 Ἐνὼς,
1557 396 1618 431 ἦτοι
1634 395 1680 422 τοῦ
1703 395 1819 430 ἐπίκλην

1029 443 1109 476 Θεοῦ,
1130 443 1274 478 γεγόνασιν
1291 443 1389 478 ἕτεροι,
1411 443 1469 478 μεθ’
1484 442 1530 474 οὓς
1552 442 1600 469 καὶ
1614 442 1710 477 Λάμεχ
1723 443 1737 468 6
1756 442 1818 469 Νῶε

1029 491 1131 526 πατὴρ,
1152 490 1181 522 ὃς
1197 490 1244 516 ἐπὶ
1260 491 1293 525 τῇ
1307 489 1354 516 τοῦ
1372 489 1466 521 παιδὸς
1481 490 1601 524 γενήσει,
1618 489 1762 524 προφήτης
1775 489 1820 515 εὐ-

1029 538 1076 566 θὺς
1087 536 1288 563 ἀναδείκνυται·
1307 535 1433 570 καθάπερ
1450 535 1546 570 ἀμέλει
1561 535 1608 560 καὶ
1626 534 1762 569 Ζαχαρίας
1772 534 1819 560 ἐπὶ

1019 582 1066 618 τῷ
1084 581 1212 617 μακαρίῳ
1226 581 1377 615 Βαπτιστῇ.
1393 579 1455 606 Νῶε
1474 579 1523 615 μὲν
1539 579 1593 615 γὰρ
1608 580 1621 606 ὸ
1637 579 1733 614 Λάμεχ
1749 578 1818 604 ὠνόσ

1030 627 1098 663 μαζε
1118 627 1163 654 τδν
1184 627 1258 654 υἱόν·
1279 627 1292 654 ’ό
1316 628 1390 653 ἐστιν
1416 626 1580 657 ἀνάπαυσις,
1612 626 1636 651 εί
1653 624 1764 659 γλώσσῃ
1784 624 1818 659 τῇ

1028 673 1089 700 καθ’
1103 673 1176 708 ἡμᾶς
1184 673 1201 708 ἡ
1209 671 1281 705 λέξις
1294 670 1508 707 διερμηνεΰοιτο.
1522 670 1676 701 ’Δποδιδοῦς
1686 670 1713 696 δὲ
1724 669 1820 704 ὥσπερ

1027 718 1076 754 τὴν
1091 718 1180 745 αἰτεαν
1197 718 1244 753 τῆς
1259 717 1366 744 τοιᾶσδε
1382 715 1505 751 κλήσεως
1515 715 1529 741 ὁ
1545 715 1651 750 Λάμεχ,
1668 724 1675 740 1
1698 711 1792 746 Οὗτος,
1808 724 1817 739 1

1027 764 1104 800 φησὶ,
1123 772 1132 788 1
1146 762 1326 789 διαναπαύσει
1336 763 1410 797 ἡμᾶς
1425 761 1480 788 ἀπὸ
1496 761 1551 787 τῶν
1565 759 1653 795 ἔργων
1669 759 1758 795 ἡμῶν,
1773 759 1821 786 καὶ

1027 810 1082 838 ἀπὸ
1098 811 1148 845 τῆς
1162 810 1214 844 γῆς
1228 807 1262 845 ἧς
1277 809 1453 845 κατηράσατο
1470 807 1573 842 Κύριος
1593 807 1607 833 ὁ
1623 806 1699 838 Θεός.
1724 816 1733 832 1
1758 805 1820 832 Ἐπὶ

1027 856 1167 891 λαμπραῖς
1188 853 1235 882 οὖν
1259 854 1330 881 οὕτω
1352 855 1399 881 καὶ
1420 854 1625 889 λιπαρωτάταις
1653 852 1775 884 ἐλπίσιν,
1803 854 1820 887 ἡ

1028 903 1089 929 Νῶε
1104 903 1212 936 γένεσις
1235 901 1454 936 προανεφωνεῖτο
1470 902 1527 931 τοῖς
1543 899 1637 926 πάλαι.
1658 899 1713 924 Καὶ
1731 895 1765 933 ἦν
1778 897 1820 924 δέ*

1027 957 1109 980 κατος
1125 947 1154 980 ἐξ
1175 947 1263 981 Ἀδὰμ
1281 946 1325 972 διὰ
1348 945 1402 981 Σὴθ
1430 943 1691 979 γενεαλογούμενος,
1722 943 1820 977 μέχρις

1026 993 1109 1021 αὐτοῦ
1124 993 1275 1029 διήκοντος,
1293 991 1340 1018 τοῦ
1351 990 1546 1026 διακεκλῆσθαι
1566 989 1631 1021 δεῖν,
1649 989 1716 1024 πρὸς
1734 989 1821 1015 ἁπάν-

1027 1048 1079 1066 των
1102 1039 1195 1070 Θεοὺς,
1217 1039 1281 1067 τοὺς
1307 1036 1336 1069 ἐξ
1359 1035 1444 1067 Ἐνὼς
1463 1035 1610 1071 γεγονότας
1633 1035 1681 1061 τοῦ
1705 1034 1820 1069 ὲπίκὶην

1026 1085 1105 1113 Θεοῦ.
1126 1094 1135 1111 1
1162 1084 1233 1111 Ἀλλ’
1248 1082 1281 1123 ἦν
1293 1085 1306 1110 ὁ
1320 1083 1393 1114 Νῶε,
1412 1092 1421 1108 1
1436 1082 1530 1118 φησ1,1
1541 1081 1725 1108 πεντακοσίων
1739 1079 1820 1110 ὲτῶν.

1027 1132 1073 1159 καὶ
1090 1131 1217 1166 ἐγέννησε
1233 1131 1307 1164 τρεῖς
1320 1124 1405 1161 υἱοὺς,
1421 1128 1467 1155 τὸν
1479 1127 1549 1162 Σὴμ,
1565 1127 1611 1154 τὸν
1620 1127 1695 1162 Χὰμ,
1706 1127 1751 1152 τὺν
1769 1125 1820 1153 Ἰά-

1027 1178 1088 1213 φεθ.
1107 1188 1116 1203 1
1136 1176 1191 1204 Καὶ
1205 1175 1218 1201 6
1233 1176 1283 1212 μὲν
1295 1175 1355 1210 Σὴμ
1366 1174 1595 1212 τελειότης,ἧτοι
1606 1174 1743 1207 φύτευμα
1755 1180 1819 1207 μετ-

1026 1223 1185 1259 ονομάζοιτο
1211 1223 1243 1250 ἂν
1275 1222 1305 1254 ἐξ
1334 1221 1468 1257 Ἐΰραίων
1494 1221 1534 1252 είς
1565 1219 1678 1246 Ἐλλάδα
1711 1219 1818 1253 φωνή-δν

1026 1270 1171 1305 θερμασία
1185 1269 1214 1296 δὲ
1232 1270 1246 1295 ὁ
1260 1268 1341 1303 Χάμ·
1360 1268 1540 1302 πλατυσμὸς
1559 1267 1610 1297 ὁὲό
1632 1266 1732 1300 Ὶάςρεθ.
1754 1263 1819 1291 Εἶτά

1027 1326 1093 1352 φησι
1121 1317 1151 1343 τὸ
1172 1315 1292 1351 Γρὰμμα
1320 1314 1350 1343 τὸ
1385 1314 1471 1349 ἱεράν
1501 1323 1510 1339 ι
1538 1313 1663 1346 Ἐγένετο
1687 1312 1715 1339 δὲ
1739 1311 1819 1346 ἡνίκα

1026 1364 1144 1399 ἤρξαντο
1165 1363 1190 1390 οἱ
1209 1362 1348 1397 ἄνθρωποι
1368 1361 1459 1387 πολλοὶ
1481 1360 1606 1394 γίνεσθαι
1624 1360 1671 1386 ἐπὶ
1691 1359 1739 1392 τῆς
1754 1358 1817 1392 γῆς,

1026 1409 1074 1436 καὶ
1088 1408 1238 1444 θυγατέρες
1248 1407 1435 1443 ἐγεννήθησαν
1447 1407 1550 1438 αὐτοῖς.
1560 1406 1672 1436 Ἰδόντες
1683 1405 1712 1431 δὲ
1725 1405 1749 1431 ο1
1768 1404 1821 1430 υἱοὶ

1026 1455 1075 1482 τοῦ
1096 1454 1165 1481 Θεοῦ
1184 1453 1234 1485 τὰς
1254 1453 1409 1489 θυγατέρας
1428 1452 1483 1479 τῶν
1498 1451 1660 1487 ἀνθρώπων,
1678 1451 1719 1477 ὅτι
1741 1449 1821 1477 καλαί

1026 1502 1105 1532 εἰσιν,
1122 1500 1217 1527 ἔλαϐον
1240 1500 1347 1530 ἑαυτοῖς
1363 1499 1496 1533 γυναῖκας
1514 1497 1568 1524 ἀπὸ
1591 1497 1687 1524 πασῶν
1712 1493 1748 1523 ὧν
1776 1496 1820 1527 '55,—

187 1538 310 1567 manebit
322 1538 438 1574 spiritus
450 1547 528 1566 meus
547 1539 575 1566 in
588 1539 747 1567 hominibus
765 1540 835 1572 istis,
853 1540 881 1568 in
896 1545 976 1568 αξιοι--

1030 1545 1164 1578 ελέξαντο.
1179 1545 1235 1571 Καὶ
1246 1543 1305 1570 εἷπε
1321 1543 1424 1579 Κύριος
1437 1544 1451 1570 ὁ
1466 1543 1548 1575 Θεός’
1563 1543 1601 1570 Οὐ
1619 1543 1655 1579 μὴ
1669 1542 1822 1577 καταμείνῃ

188 1593 265 1618 1111111,
285 1593 318 1612 eo
336 1585 409 1620 quod
427 1585 482 1612 sint
502 1585 553 1620 ipsi
578 1593 686 1613 carnes.
703 1586 792 1614 Erunt
811 1591 903 1613 autem
920 1586 978 1614 dies

189 1631 297 1658 illorum
321 1635 432 1658 centum
448 1631 542 1666 viginti
559 1632 634 1658 anni.
650 1631 685 1658 At
698 1631 820 1667 gigantes
836 1636 915 1659 erant
930 1640 977 1660 su—

189 1683 237 1710 per
250 1679 350 1702 terram
365 1675 394 1704 in
405 1675 504 1702 diebus
517 1675 572 1703 illis
582 1676 616 1702 ⁸³.
629 1685 638 1701 1
652 1676 686 1703 Et
699 1680 760 1711 post
775 1676 843 1703 illud
857 1685 863 1702 :
883 1677 979 1704 (Post,-

188 1728 270 1756 quam
293 1721 409 1756 ingressi
422 1725 487 1748 sunt
505 1721 554 1748 ﬁlii
575 1721 622 1749 Dei
640 1721 674 1748 ad
694 1721 763 1750 filias
778 1722 932 1754 hominum,
950 1727 979 1750 et

188 1771 344 1801 genuerunt
358 1767 413 1795 illis
428 1776 434 1794 :
450 1767 495 1794 isti
511 1767 624 1795 fuerunt
637 1768 760 1803 gigantes
774 1776 789 1796 a
807 1769 908 1796 sarculo
927 1769 978 1796 ho-

189 1814 277 1842 mines
305 1813 439 1842 nominati
463 1813 498 1842 ".
521 1825 530 1841 1
557 1815 800 1851 Postquam,enim
827 1816 977 1843 humanum

187 1868 275 1895 genus
289 1860 317 1888 in
329 1868 454 1896 magnam
468 1861 672 1889 multitudinem
683 1865 725 1889 est
742 1867 931 1897 propagatum,
950 1862 978 1889 in

187 1907 309 1942 absurda
332 1908 480 1937 mulierum
504 1908 642 1937 desideria
663 1908 793 1944 prolapsi,
814 1909 912 1943 inquit,
930 1908 978 1936 ﬁlii

188 1952 246 1986 Dei,
260 1958 427 1988 acceperunt
438 1953 489 1981 sibi
503 1953 570 1989 ipsis
583 1954 713 1982 mulieres
727 1962 760 1981 ex
771 1954 900 1981 omnibus
911 1962 979 1989 quas

187 1998 335 2034 elegerant.
350 1999 406 2034 28
415 1999 508 2035 Neque
516 2007 582 2028 vero
596 2000 764 2035 ignoramus,
775 1999 803 2027 in
814 1999 977 2035 quibusdam

187 2045 390 2080 sxcrnplaribus
400 2046 439 2074 ita
454 2051 548 2082 aperte
559 2046 611 2082 legi
627 2055 633 2073 ε
650 2055 659 2071 1
673 2046 805 2074 Videntes
818 2050 911 2073 autem
928 2053 978 2073 an-

188 2091 240 2126 geli
256 2091 305 2119 Dei
321 2091 390 2123 ﬁlias
406 2092 558 2120 hominum.
571 2103 579 2118 1
593 2093 726 2125 Praeterea
739 2093 905 2129 detorquent
918 2092 979 2128 qui-

188 2137 250 2171 dam
263 2138 444 2174 voluptuaria:
459 2139 541 2174 hujus
552 2139 614 2166 vita:
630 2138 840 2174 incusationem,
855 2139 978 2174 adeoque

189 2184 310 2218 turpium
332 2185 513 2220 cupiditatum
538 2186 646 2220 culpam
673 2185 700 2212 in
721 2185 844 2220 perditos
868 2186 979 2221 angelos

1029 1591 1061 1617 τὸ
1077 1590 1187 1625 πνεῦμά
1202 1599 1252 1625 μου
1266 1590 1294 1616 ἐν
1314 1591 1370 1621 τοῖς
1397 1588 1551 1624 ἀνθρώποις
1577 1589 1699 1620 τούτοις,
1719 1589 1758 1620 εἰς
1776 1587 1822 1614 τὸν

1029 1636 1124 1668 αἰῶνα,
1137 1635 1181 1662 διὰ
1202 1635 1231 1662 τὸ
1253 1633 1323 1661 εἶναι
1343 1635 1441 1666 αὐτοὺς
1465 1635 1580 1669 σάρκας,
1599 1634 1728 1659 Ἔσονται
1745 1633 1773 1658 δὲ
1793 1633 1820 1658 αἱ

1029 1683 1133 1719 ἡμέραι
1148 1681 1230 1709 αὑτοῦ
1250 1681 1291 1717 ρκ’
1305 1681 1363 1717 ἔτη.
1380 1682 1411 1707 Oi
1431 1681 1458 1707 δὲ
1481 1682 1608 1715 γίγαντες
1628 1678 1697 1716 ἦσαν
1713 1679 1759 1706 ἐπὶ
1772 1679 1821 1714 τῆς

1029 1728 1090 1763 γῆς,
1115 1728 1142 1754 ὲν
1165 1728 1225 1758 ταῖς
1245 1726 1363 1762 ἡμέραις
1378 1726 1507 1758 ἐκείναις.
1531 1736 1540 1751 1
1557 1726 1612 1752 Καὶ
1635 1725 1694 1760 μετ’
1713 1726 1819 1751 ὲκεῑνο’

1033 1783 1041 1798 1
1064 1774 1106 1805 Ὠς
1120 1773 1152 1800 ἂν
1167 1773 1373 1808 εῐσεπορεύοντο
1387 1772 1411 1798 οἰ
1428 1772 1481 1798 υἱοὶ
1489 1771 1535 1798 τοῦ
1548 1771 1615 1798 Θεοῦ
1624 1771 1692 1806 πρὸς
1708 1770 1757 1802 τὰς
1772 1769 1821 1796 θυ-

1029 1819 1150 1854 γατέρας
1159 1818 1212 1845 τῶν
1229 1818 1392 1853 ἀνθρώπων,
1404 1819 1450 1844 καὶ
1464 1817 1612 1852 ἐγέννησαν
1623 1818 1740 1848 ἑαυτοῖς·
1751 1817 1822 1843 ἐκεῖ·

1029 1875 1070 1894 νοι
1086 1863 1157 1900 ἦσαν
1175 1866 1199 1891 οἱ
1214 1864 1339 1898 γίγαντες
1357 1865 1380 1890 οἱ
1399 1864 1447 1890 ἀπ’
1467 1863 1567 1897 αἰῶνος
1591 1862 1615 1889 11⁸1,
1638 1862 1779 1899 ἄνθρωποι
1795 1862 1820 1888 οἱ

1028 1911 1183 1947 ὀνομαστοί.
1203 1920 1212 1936 1
1240 1910 1349 1945 Ἐπειδὴ
1363 1910 1418 1944 γὰρ
1429 1911 1469 1942 εἰς
1486 1909 1586 1944 πολλὴν
1603 1909 1652 1944 ἤδη
1671 1908 1775 1943 πληθὺν
1791 1908 1823 1935 τὸ

1029 1958 1084 1985 τῶν
1103 1957 1256 1992 ἀνθρώπων
1269 1956 1418 1989 ἐξετείνετο
1432 1956 1520 1990 γένος,
1535 1956 1576 1987 είς
1589 1955 1736 1990 ἐπιθυμίαν
1747 1955 1825 1981 ὲκτο-

1030 2003 1159 2038 πωτάτην
1177 2002 1296 2037 γυναίων
1315 2002 1526 2033 ἐκπεπτωκότες
1549 2001 1574 2028 οἱ
1594 2001 1664 2033 υἱοὶ,
1679 2000 1757 2036 φησὶ,
1774 1999 1822 2027 τοῦ

1029 2048 1113 2081 Θεοῦ,
1141 2048 1237 2075 ἔλαϐον
1258 2048 1366 2080 ἑαυτοῖς
1385 2049 1517 2082 γυναῖκας
1536 2047 1591 2073 ἀπὸ
1611 2047 1705 2073 πασῶν
1723 2043 1761 2073 ὧν
1779 2046 1822 2078 ἑξ-

1029 2096 1163 2129 ελέξαντο.
1182 2095 1299 2130 Οἴδαμεν
1315 2093 1361 2121 οὖν
1379 2095 1421 2122 ὅτι
1434 2094 1488 2121 τῶν
1502 2094 1678 2129 ἀντιγράφων
1699 2093 1758 2122 τινὰ
1779 2102 1823 2119 πε-

1031 2142 1115 2178 ριέχει
1134 2142 1226 2176 σαφῶς
1238 2149 1244 2156 ·
1263 2151 1272 2166 1
1289 2141 1399 2172 Ἰδόντες
1417 2140 1445 2167 δὲ
1463 2141 1487 2166 οἱ
1503 2140 1615 2174 ἄγγελοι
1628 2139 1674 2166 τοῦ
1689 2138 1759 2165 Θεοῦ
1773 2139 1823 2170 τὰς

1030 2187 1184 2223 θυγατέρας
1203 2186 1258 2212 τῶν
1275 2185 1436 2221 ἀνθρώπων.
1457 2196 1466 2213 1
1486 2183 1552 2212 Εἶτα
1568 2185 1764 2221 περιτρέπουσί
1782 2194 1823 2211 τι-

190 2231 350 2266 cqnjiciunt,
369 2231 434 2267 quia
450 2239 465 2259 a
484 2231 621 2267 principio
634 2240 684 2259 suo
700 2231 887 2264 desciverunt,
907 2233 977 2260 sicut

1030 2242 1075 2265 νες
1095 2234 1145 2268 τῆς
1167 2232 1346 2268 φιλοσαρκίας
1370 2232 1404 2259 τὰ
1422 2232 1601 2267 ἐγκλήματα,
1619 2233 1666 2258 καὶ
1686 2232 1736 2266 τῆς
1752 2231 1823 2258 οὕτω

190 2276 323 2313 scriptum
338 2282 380 2305 est
392 2277 426 2304 ⁸⁵.
441 2278 498 2314 Ego
518 2286 584 2306 vero
602 2278 726 2313 quemvis
744 2278 829 2305 animi
851 2279 978 2306 morbum

189 2321 242 2348 illis
254 2323 401 2352 convenire
416 2323 544 2356 dixerim,
559 2329 640 2358 atque
657 2324 822 2351 asseruerim
835 2332 841 2350 :
859 2325 898 2352 rei
913 2333 979 2353 vero

189 2367 378 2402 probationem
401 2377 483 2405 quam
499 2370 657 2406 longissime
674 2371 708 2398 ab
728 2378 762 2398 eo
782 2371 856 2406 quod
878 2371 978 2399 rationi

189 2419 404 2448 consentaneum
420 2420 471 2448 est,
486 2416 553 2444 ferri
566 2417 656 2444 sinere
669 2417 819 2444 absurdum
833 2417 977 2454 imprimis,

189 2467 250 2487 meo
265 2460 376 2495 quidem
386 2461 503 2497 judicio,
521 2462 614 2490 fuerit.
630 2462 688 2490 [Ioc
699 2463 773 2490 enim
790 2467 916 2493 nostrum
936 2463 980 2490 in-

188 2505 315 2543 stitutum
329 2512 382 2539 est,
400 2507 580 2543 singulorum.
594 2517 655 2546 qua:
671 2509 773 2544 scripta
790 2515 865 2542 sunt,
879 2510 980 2537 verita-

190 2556 245 2580 tem
261 2552 418 2589 inquirere,
434 2562 488 2581 non
501 2558 592 2582 autem
606 2555 633 2587 in
648 2555 807 2582 universum
819 2555 979 2584 daemoniaci

189 2598 277 2639 gregis
293 2599 404 2626 morbos
418 2599 579 2636 intelligere.
596 2598 710 2635 Semper
728 2600 801 2627 enim
814 2600 980 2635 cupiditates

190 2645 298 2674 innatas
320 2645 347 2672 in
366 2645 446 2672 nobis
467 2650 559 2673 motus
579 2646 658 2681 sequi
678 2646 812 2673 videmus.
829 2646 883 2674 Aut
905 2647 978 2674 enim

190 2691 280 2724 ramis
295 2691 360 2720 vitia
373 2699 507 2725 amamus,
529 2698 577 2720 aut
592 2701 641 2728 per
661 2701 722 2728 quae
737 2701 779 2726 ea,
792 2702 852 2729 qua:
867 2693 902 2721 ad
916 2701 978 2721 ear-

191 2746 252 2765 nem
266 2739 404 2773 pertinent
416 2739 494 2772 ﬁunt,
508 2739 618 2768 maximi
634 2740 722 2767 facere
735 2741 865 2770 solemus.
894 2740 979 2767 Volu—

190 2788 279 2821 plates
299 2790 390 2820 autem
408 2793 579 2821 nequaquam
590 2793 640 2813 nos
658 2791 734 2813 extra
749 2786 887 2820 naturales
907 2786 980 2821 leges

225 2873 248 2888 "
268 2874 336 2902 Gen.
350 2883 374 2908 v,
387 2875 431 2902 29.

1034 2279 1233 2315 μυσαρωτάτης
1247 2278 1394 2314 ἐπιθυμίας
1408 2279 1560 2305 ἀνάπτουσι
1584 2278 1633 2309 τὰς
1650 2277 1740 2309 αἰτίας
1759 2277 1824 2303 ὠλι-

1033 2325 1162 2360 σθηκόσιν
1174 2324 1311 2359 ἀγγέλοις,
1321 2324 1346 2350 οἳ
1360 2323 1408 2358 τὴν
1417 2323 1485 2350 ἰδίαν
1501 2323 1589 2359 ἀρχὴν
1601 2323 1631 2349 οὐ
1642 2323 1822 2358 τετηρήκασι,

1032 2370 1103 2397 κατὰ
1114 2370 1145 2397 τὺ
1160 2369 1365 2405 γεγραμμένον.
1388 2367 1459 2404 Ἐγὼ
1476 2367 1503 2394 δὲ
1523 2368 1563 2394 ὃτι
1582 2368 1635 2394 πᾶν
1654 2366 1823 2402 ἀρῥώστημα

1031 2416 1077 2444 νοῦ
1101 2417 1201 2452 πρέποι
1220 2415 1253 2442 ἂν
1274 2415 1399 2447 ἐκείνοις,
1421 2415 1507 2449 φαίην
1524 2413 1556 2440 ἂν
1574 2414 1621 2440 καὶ
1638 2412 1822 2448 συνθήσομαι·

1029 2462 1059 2489 τὸ
1077 2462 1106 2489 δὲ
1120 2471 1152 2495 γε
1165 2461 1212 2488 τοῦ
1230 2461 1335 2493 εἰκότος
1348 2459 1480 2495 λογισμοῦ
1493 2459 1544 2495 τὴν
1562 2459 1609 2486 ἐπὶ
1625 2458 1665 2492 τῷ
1680 2458 1824 2492 πράγματι

1031 2510 1122 2536 πίστιν
1133 2509 1171 2541 ὡς
1188 2508 1325 2538 ἀπωτάτω
1340 2507 1472 2543 φέρεσθαι
1490 2507 1654 2542 συγχωρεῖν.
1672 2505 1715 2541 εἴη
1727 2505 1770 2537 ἂν,
1787 2505 1823 2536 ὥς

1029 2555 1060 2590 γέ
1073 2565 1119 2590 μοι
1134 2555 1271 2590 φαίνεται,
1291 2555 1346 2582 τῶν
1367 2553 1559 2581 ἀτοπωτάτων.
1571 2552 1677 2582 Σκοπὸς
1695 2551 1749 2586 γὰρ
1760 2552 1823 2586 ἡμῖν

1034 2602 1082 2637 τὴν
1109 2603 1151 2636 ἐφ’
1175 2602 1284 2636 ἑκάστῳ
1307 2600 1361 2628 τῶν
1387 2598 1590 2634 γεγραμμένων
1601 2597 1730 2632 ἀλήθειαν
1742 2604 1823 2622 κατα-

1035 2647 1200 2674 σκέπτεσθαι
1222 2646 1320 2681 φιλεῖν,
1335 2646 1383 2673 καὶ
1392 2645 1452 2680 οὐχὶ
1466 2645 1498 2680 δὴ
1515 2644 1623 2676 πάντως
1645 2642 1678 2669 τὰ
1700 2643 1748 2677 τῆς
1769 2641 1824 2668 τῶν
1844 2681 1848 2683 μ

1033 2693 1168 2728 δαιμόνων
1179 2692 1278 2728 ἀγᾷλης
1292 2693 1392 2719 ὲννοεῖν
1406 2690 1534 2727 ἀῤῥωστή
1539 2698 1621 2725 ματα.
1636 2688 1762 2716 Μάλιστα
1776 2689 1824 2722 μὲν

1034 2738 1088 2774 γὰρ
1115 2739 1158 2765 ἀεὶ
1184 2739 1234 2770 τὰς
1260 2737 1407 2774 ἑπιθυμὲας
1431 2737 1566 2772 ἑπομένας
1588 2735 1699 2770 ὁρῷμεν
1721 2735 1776 2765 τοῖς
1795 2735 1822 2758 ἐκ.

1034 2787 1098 2821 ἡμῖν
1116 2787 1206 2818 αὐτοῖς
1220 2786 1264 2813 καὶ
1277 2786 1408 2821 Epp-Stat;
1424 2786 1579 2820 κινήμασιν.
1593 2784 1626 2814 "H
1636 2782 1689 2818 γὰρ
1706 2781 1740 2813 τὰ
1759 2788 1821 2815 σαρ-

473 2875 494 2891 ⁸³
507 2874 574 2907 Gen.
588 2883 624 2910 v1,
641 2875 692 2903 i-i.
732 2875 754 2890 υ
768 2875 837 2903 ibid.
873 2873 897 2889 ’⁸⁸
909 2874 988 2903 Joan.
1003 2882 1057 2908 1111,
1081 2874 1122 2902 ii.
