  <div class='ocr_page' id='page_1' title='image "/cluster/home/n/w/nwhite01/storage/ocr_20150623/69/njp.32101077772729/042.png"; bbox 0 0 1990 3046; ppageno 0'>
   <div class='ocr_carea' id='block_1_1' title="bbox 155 160 1783 191">
    <p class='ocr_par' dir='ltr' id='par_1_1' title="bbox 155 160 1783 191">
     <span class='ocr_line' id='line_1_1' title="bbox 155 160 1783 191; baseline 0.001 -5"><span class='ocrx_word' id='word_1_1' title='bbox 155 162 188 187; x_wconf 67' lang='lat' dir='ltr'><strong>Et?»</strong></span> <span class='ocrx_word' id='word_1_2' title='bbox 667 161 928 191; x_wconf 75' lang='lat' dir='ltr'><strong>GLAPHYRORUM</strong></span> <span class='ocrx_word' id='word_1_3' title='bbox 947 161 980 190; x_wconf 75' lang='grc' dir='ltr'>ΙΝ</span> <span class='ocrx_word' id='word_1_4' title='bbox 1001 160 1152 190; x_wconf 81' lang='lat' dir='ltr'><strong>GENESIM</strong></span> <span class='ocrx_word' id='word_1_5' title='bbox 1172 160 1236 188; x_wconf 86' lang='lat' dir='ltr'><strong>LIB.</strong></span> <span class='ocrx_word' id='word_1_6' title='bbox 1256 160 1289 188; x_wconf 86' lang='lat' dir='ltr'><strong>ll.</strong></span> <span class='ocrx_word' id='word_1_7' title='bbox 1749 161 1783 188; x_wconf 71' lang='grc' dir='ltr'>Μ</span> 
     </span>
    </p>
   </div>
   <div class='ocr_carea' id='block_1_2' title="bbox 155 216 947 256">
    <p class='ocr_par' dir='ltr' id='par_1_2' title="bbox 155 216 946 256">
     <span class='ocr_line' id='line_1_2' title="bbox 155 216 946 256; baseline 0.004 -11"><span class='ocrx_word' id='word_1_8' title='bbox 155 219 202 251; x_wconf 72' lang='grc' dir='ltr'>ιὼς</span> <span class='ocrx_word' id='word_1_9' title='bbox 214 219 368 254; x_wconf 71' lang='grc' dir='ltr'>ἀγαπῶμεν</span> <span class='ocrx_word' id='word_1_10' title='bbox 384 219 468 255; x_wconf 82' lang='grc' dir='ltr'>πάθη,</span> <span class='ocrx_word' id='word_1_11' title='bbox 481 220 497 255; x_wconf 79' lang='grc' dir='ltr'><strong>ἢ</strong></span> <span class='ocrx_word' id='word_1_12' title='bbox 511 220 546 246; x_wconf 83' lang='grc' dir='ltr'>δι’</span> <span class='ocrx_word' id='word_1_13' title='bbox 557 216 595 247; x_wconf 82' lang='grc' dir='ltr'><strong>ὧν</strong></span> <span class='ocrx_word' id='word_1_14' title='bbox 612 220 645 247; x_wconf 82' lang='grc' dir='ltr'>ἂν</span> <span class='ocrx_word' id='word_1_15' title='bbox 661 221 765 254; x_wconf 80' lang='grc' dir='ltr'>γένοιτο</span> <span class='ocrx_word' id='word_1_16' title='bbox 783 221 816 248; x_wconf 83' lang='grc' dir='ltr'>τὰ</span> <span class='ocrx_word' id='word_1_17' title='bbox 835 220 946 256; x_wconf 79' lang='grc' dir='ltr'>σαρκὸς,</span> 
     </span>
    </p>
   </div>
   <div class='ocr_carea' id='block_1_3' title="bbox 998 216 1784 256">
    <p class='ocr_par' dir='ltr' id='par_1_3' title="bbox 998 218 1784 255">
     <span class='ocr_line' id='line_1_3' title="bbox 998 218 1784 255; baseline 0.004 -9"><span class='ocrx_word' id='word_1_18' title='bbox 998 219 1101 251; x_wconf 81' lang='lat' dir='ltr'><strong>ferunt,</strong></span> <span class='ocrx_word' id='word_1_19' title='bbox 1115 220 1190 255; x_wconf 74' lang='lat' dir='ltr'><strong>juxta</strong></span> <span class='ocrx_word' id='word_1_20' title='bbox 1203 219 1230 247; x_wconf 89' lang='lat' dir='ltr'><strong>id</strong></span> <span class='ocrx_word' id='word_1_21' title='bbox 1243 218 1317 254; x_wconf 90' lang='lat' dir='ltr'><strong>quod</strong></span> <span class='ocrx_word' id='word_1_22' title='bbox 1331 218 1399 246; x_wconf 86' lang='lat' dir='ltr'><strong>mihi</strong></span> <span class='ocrx_word' id='word_1_23' title='bbox 1412 218 1482 246; x_wconf 82' lang='lat' dir='ltr'><strong>bene</strong></span> <span class='ocrx_word' id='word_1_24' title='bbox 1500 226 1532 246; x_wconf 82' lang='lat' dir='ltr'><strong>ac</strong></span> <span class='ocrx_word' id='word_1_25' title='bbox 1550 227 1614 246; x_wconf 85' lang='lat' dir='ltr'><strong>vere</strong></span> <span class='ocrx_word' id='word_1_26' title='bbox 1627 219 1728 248; x_wconf 73' lang='lat' dir='ltr'><strong>habere</strong></span> <span class='ocrx_word' id='word_1_27' title='bbox 1743 222 1784 249; x_wconf 86' lang='lat' dir='ltr'><strong>vi—</strong></span> 
     </span>
    </p>
   </div>
   <div class='ocr_carea' id='block_1_4' title="bbox 154 264 947 300">
    <p class='ocr_par' dir='ltr' id='par_1_4' title="bbox 154 264 947 300">
     <span class='ocr_line' id='line_1_4' title="bbox 154 264 947 300; baseline 0.003 -10"><span class='ocrx_word' id='word_1_28' title='bbox 154 264 241 291; x_wconf 80' lang='grc' dir='ltr'>ταῦτα</span> <span class='ocrx_word' id='word_1_29' title='bbox 263 265 329 300; x_wconf 73' lang='grc' dir='ltr'>περὶ</span> <span class='ocrx_word' id='word_1_30' title='bbox 352 265 480 292; x_wconf 79' lang='grc' dir='ltr'><strong>πλείστου</strong></span> <span class='ocrx_word' id='word_1_31' title='bbox 499 267 586 293; x_wconf 82' lang='grc' dir='ltr'><strong>ποιεῖν</strong></span> <span class='ocrx_word' id='word_1_32' title='bbox 608 265 761 300; x_wconf 72' lang='grc' dir='ltr'>εἰθίσμεθα.</span> <span class='ocrx_word' id='word_1_33' title='bbox 777 265 850 298; x_wconf 81' lang='grc' dir='ltr'><strong>Ἐξω</strong></span> <span class='ocrx_word' id='word_1_34' title='bbox 866 266 894 292; x_wconf 69' lang='grc' dir='ltr'>δὲ</span> <span class='ocrx_word' id='word_1_35' title='bbox 907 266 947 292; x_wconf 83' lang='grc' dir='ltr'>νό-</span> 
     </span>
    </p>
   </div>
   <div class='ocr_carea' id='block_1_5' title="bbox 159 310 945 347">
    <p class='ocr_par' dir='ltr' id='par_1_5' title="bbox 159 310 945 347">
     <span class='ocr_line' id='line_1_5' title="bbox 159 310 945 347; baseline 0.003 -11"><span class='ocrx_word' id='word_1_36' title='bbox 159 318 216 344; x_wconf 65' lang='grc' dir='ltr'>ξιων</span> <span class='ocrx_word' id='word_1_37' title='bbox 227 311 281 336; x_wconf 84' lang='grc' dir='ltr'>τῶν</span> <span class='ocrx_word' id='word_1_38' title='bbox 292 310 429 345; x_wconf 72' lang='grc' dir='ltr'>φυσικῶν,</span> <span class='ocrx_word' id='word_1_39' title='bbox 450 311 500 338; x_wconf 80' lang='grc' dir='ltr'>οὐκ</span> <span class='ocrx_word' id='word_1_40' title='bbox 517 311 729 346; x_wconf 66' lang='grc' dir='ltr'><strong>ἀποκομίζουσιν</strong></span> <span class='ocrx_word' id='word_1_41' title='bbox 750 312 822 347; x_wconf 61' lang='grc' dir='ltr'><strong>¹ἡμᾶς</strong></span> <span class='ocrx_word' id='word_1_42' title='bbox 842 312 945 347; x_wconf 72' lang='grc' dir='ltr'>ἡδοναὶ,</span> 
     </span>
    </p>
   </div>
   <div class='ocr_carea' id='block_1_6' title="bbox 159 356 946 394">
    <p class='ocr_par' dir='ltr' id='par_1_6' title="bbox 159 356 946 394">
     <span class='ocr_line' id='line_1_6' title="bbox 159 356 946 394; baseline 0.003 -12"><span class='ocrx_word' id='word_1_43' title='bbox 159 357 228 382; x_wconf 67' lang='grc' dir='ltr'>κατά</span> <span class='ocrx_word' id='word_1_44' title='bbox 248 365 280 390; x_wconf 88' lang='grc' dir='ltr'>γε</span> <span class='ocrx_word' id='word_1_45' title='bbox 300 357 330 383; x_wconf 76' lang='grc' dir='ltr'>τὸ</span> <span class='ocrx_word' id='word_1_46' title='bbox 357 356 432 392; x_wconf 82' lang='grc' dir='ltr'><strong>αὑτῷ</strong></span> <span class='ocrx_word' id='word_1_47' title='bbox 455 366 500 392; x_wconf 87' lang='grc' dir='ltr'><strong>μοι</strong></span> <span class='ocrx_word' id='word_1_48' title='bbox 519 358 611 390; x_wconf 81' lang='grc' dir='ltr'>καλῶς</span> <span class='ocrx_word' id='word_1_49' title='bbox 630 367 659 385; x_wconf 88' lang='grc' dir='ltr'><strong>τε</strong></span> <span class='ocrx_word' id='word_1_50' title='bbox 686 359 733 385; x_wconf 81' lang='grc' dir='ltr'>καὶ</span> <span class='ocrx_word' id='word_1_51' title='bbox 750 359 858 393; x_wconf 80' lang='grc' dir='ltr'>άληθῶς</span> <span class='ocrx_word' id='word_1_52' title='bbox 875 358 946 394; x_wconf 77' lang='grc' dir='ltr'>ἔχειν</span> 
     </span>
    </p>
   </div>
   <div class='ocr_carea' id='block_1_7' title="bbox 156 399 945 439">
    <p class='ocr_par' dir='ltr' id='par_1_7' title="bbox 156 399 945 439">
     <span class='ocr_line' id='line_1_7' title="bbox 156 399 945 439; baseline 0.003 -11"><span class='ocrx_word' id='word_1_53' title='bbox 156 402 261 429; x_wconf 75' lang='grc' dir='ltr'>δοκοῦν.</span> <span class='ocrx_word' id='word_1_54' title='bbox 278 399 340 429; x_wconf 78' lang='grc' dir='ltr'>Οἷον</span> <span class='ocrx_word' id='word_1_55' title='bbox 355 403 420 438; x_wconf 74' lang='grc' dir='ltr'>φέρε</span> <span class='ocrx_word' id='word_1_56' title='bbox 436 404 534 435; x_wconf 72' lang='grc' dir='ltr'>εἰπεῖν,</span> <span class='ocrx_word' id='word_1_57' title='bbox 548 403 647 439; x_wconf 84' lang='grc' dir='ltr'>βρῶσίς</span> <span class='ocrx_word' id='word_1_58' title='bbox 659 412 687 430; x_wconf 85' lang='grc' dir='ltr'><strong>τε</strong></span> <span class='ocrx_word' id='word_1_59' title='bbox 704 404 750 430; x_wconf 77' lang='grc' dir='ltr'>καὶ</span> <span class='ocrx_word' id='word_1_60' title='bbox 767 404 854 436; x_wconf 79' lang='grc' dir='ltr'>πόσις,</span> <span class='ocrx_word' id='word_1_61' title='bbox 868 404 914 430; x_wconf 80' lang='grc' dir='ltr'>καὶ</span> <span class='ocrx_word' id='word_1_62' title='bbox 929 404 945 439; x_wconf 88' lang='grc' dir='ltr'>ἡ</span> 
     </span>
    </p>
   </div>
   <div class='ocr_carea' id='block_1_8' title="bbox 158 446 947 485">
    <p class='ocr_par' dir='ltr' id='par_1_8' title="bbox 158 446 947 485">
     <span class='ocr_line' id='line_1_8' title="bbox 158 446 947 485; baseline 0.005 -13"><span class='ocrx_word' id='word_1_63' title='bbox 158 446 274 480; x_wconf 68' lang='grc' dir='ltr'>γυναίων</span> <span class='ocrx_word' id='word_1_64' title='bbox 296 448 377 483; x_wconf 67' lang='grc' dir='ltr'>τυχὸν</span> <span class='ocrx_word' id='word_1_65' title='bbox 393 448 488 483; x_wconf 78' lang='grc' dir='ltr'><strong>ὁμιλία</strong></span> <span class='ocrx_word' id='word_1_66' title='bbox 503 449 618 485; x_wconf 77' lang='grc' dir='ltr'>φυσικὴ,</span> <span class='ocrx_word' id='word_1_67' title='bbox 639 452 739 484; x_wconf 78' lang='grc' dir='ltr'>σαρκὸς</span> <span class='ocrx_word' id='word_1_68' title='bbox 762 449 795 476; x_wconf 84' lang='grc' dir='ltr'>ἃν</span> <span class='ocrx_word' id='word_1_69' title='bbox 807 447 861 476; x_wconf 85' lang='grc' dir='ltr'>εἶεν</span> <span class='ocrx_word' id='word_1_70' title='bbox 878 450 947 485; x_wconf 75' lang='grc' dir='ltr'>ἔργα</span> 
     </span>
    </p>
   </div>
   <div class='ocr_carea' id='block_1_9' title="bbox 158 491 945 530">
    <p class='ocr_par' dir='ltr' id='par_1_9' title="bbox 158 491 945 530">
     <span class='ocr_line' id='line_1_9' title="bbox 158 491 945 530; baseline 0.006 -13"><span class='ocrx_word' id='word_1_71' title='bbox 158 499 186 517; x_wconf 84' lang='grc' dir='ltr'><strong>τε</strong></span> <span class='ocrx_word' id='word_1_72' title='bbox 206 492 253 518; x_wconf 75' lang='grc' dir='ltr'>καὶ</span> <span class='ocrx_word' id='word_1_73' title='bbox 269 492 352 527; x_wconf 85' lang='grc' dir='ltr'>πάθη.</span> <span class='ocrx_word' id='word_1_74' title='bbox 376 491 495 520; x_wconf 84' lang='grc' dir='ltr'>Πλούτου</span> <span class='ocrx_word' id='word_1_75' title='bbox 515 494 543 521; x_wconf 73' lang='grc' dir='ltr'>δὲ</span> <span class='ocrx_word' id='word_1_76' title='bbox 565 492 598 521; x_wconf 82' lang='grc' dir='ltr'>αὖ</span> <span class='ocrx_word' id='word_1_77' title='bbox 622 496 668 521; x_wconf 80' lang='grc' dir='ltr'>καὶ</span> <span class='ocrx_word' id='word_1_78' title='bbox 688 495 768 530; x_wconf 78' lang='grc' dir='ltr'>δόξης</span> <span class='ocrx_word' id='word_1_79' title='bbox 785 495 945 530; x_wconf 70' lang='grc' dir='ltr'>ἐπιθυμίαι,</span> 
     </span>
    </p>
   </div>
   <div class='ocr_carea' id='block_1_10' title="bbox 158 538 947 576">
    <p class='ocr_par' dir='ltr' id='par_1_10' title="bbox 158 538 947 576">
     <span class='ocr_line' id='line_1_10' title="bbox 158 538 947 576; baseline 0.008 -14"><span class='ocrx_word' id='word_1_80' title='bbox 158 539 216 569; x_wconf 66' lang='lat' dir='ltr'><strong>ut;</strong></span> <span class='ocrx_word' id='word_1_81' title='bbox 239 538 289 573; x_wconf 87' lang='grc' dir='ltr'>τῆς</span> <span class='ocrx_word' id='word_1_82' title='bbox 313 539 413 574; x_wconf 74' lang='grc' dir='ltr'>σαρκὸς</span> <span class='ocrx_word' id='word_1_83' title='bbox 432 540 613 575; x_wconf 81' lang='grc' dir='ltr'>ὑπηρετοῦσιν</span> <span class='ocrx_word' id='word_1_84' title='bbox 633 541 759 576; x_wconf 80' lang='grc' dir='ltr'>ἡδοναῖς,</span> <span class='ocrx_word' id='word_1_85' title='bbox 784 541 830 568; x_wconf 79' lang='grc' dir='ltr'>καὶ</span> <span class='ocrx_word' id='word_1_86' title='bbox 855 541 947 576; x_wconf 78' lang='grc' dir='ltr'>σχεδὸν</span> 
     </span>
    </p>
   </div>
   <div class='ocr_carea' id='block_1_11' title="bbox 160 583 947 622">
    <p class='ocr_par' dir='ltr' id='par_1_11' title="bbox 160 583 947 622">
     <span class='ocr_line' id='line_1_11' title="bbox 160 583 947 622; baseline 0.006 -13"><span class='ocrx_word' id='word_1_87' title='bbox 160 583 265 610; x_wconf 62' lang='grc' dir='ltr'>ἅπαντα</span> <span class='ocrx_word' id='word_1_88' title='bbox 275 584 319 611; x_wconf 77' lang='grc' dir='ltr'><strong>διὰ</strong></span> <span class='ocrx_word' id='word_1_89' title='bbox 337 585 438 612; x_wconf 79' lang='grc' dir='ltr'>τούτων</span> <span class='ocrx_word' id='word_1_90' title='bbox 451 586 563 622; x_wconf 79' lang='grc' dir='ltr'>ἔρχεται</span> <span class='ocrx_word' id='word_1_91' title='bbox 577 586 612 614; x_wconf 78' lang='grc' dir='ltr'><strong>τὰ</strong></span> <span class='ocrx_word' id='word_1_92' title='bbox 626 589 654 614; x_wconf 78' lang='grc' dir='ltr'>ὲν</span> <span class='ocrx_word' id='word_1_93' title='bbox 671 587 765 622; x_wconf 82' lang='grc' dir='ltr'>κόσμῳ</span> <span class='ocrx_word' id='word_1_94' title='bbox 778 587 862 622; x_wconf 72' lang='grc' dir='ltr'>πάθη,</span> <span class='ocrx_word' id='word_1_95' title='bbox 877 587 947 614; x_wconf 76' lang='grc' dir='ltr'>κατὰ</span> 
     </span>
    </p>
   </div>
   <div class='ocr_carea' id='block_1_12' title="bbox 159 629 945 668">
    <p class='ocr_par' dir='ltr' id='par_1_12' title="bbox 159 629 945 668">
     <span class='ocr_line' id='line_1_12' title="bbox 159 629 945 668; baseline 0.006 -13"><span class='ocrx_word' id='word_1_96' title='bbox 159 630 189 656; x_wconf 81' lang='grc' dir='ltr'><strong>τὺ</strong></span> <span class='ocrx_word' id='word_1_97' title='bbox 205 629 298 665; x_wconf 75' lang='grc' dir='ltr'>λεχθὲν</span> <span class='ocrx_word' id='word_1_98' title='bbox 317 630 356 666; x_wconf 84' lang='grc' dir='ltr'>τῷ</span> <span class='ocrx_word' id='word_1_99' title='bbox 371 632 444 667; x_wconf 80' lang='grc' dir='ltr'>σοφῷ</span> <span class='ocrx_word' id='word_1_100' title='bbox 463 633 582 668; x_wconf 82' lang='grc' dir='ltr'><strong>μαθητῇ,</strong></span> <span class='ocrx_word' id='word_1_101' title='bbox 601 634 642 660; x_wconf 86' lang='grc' dir='ltr'>ὅτι</span> <span class='ocrx_word' id='word_1_102' title='bbox 659 643 669 659; x_wconf 76' lang='grc' dir='ltr'><strong>ι</strong></span> <span class='ocrx_word' id='word_1_103' title='bbox 689 634 743 660; x_wconf 78' lang='grc' dir='ltr'><strong>πᾶν</strong></span> <span class='ocrx_word' id='word_1_104' title='bbox 755 633 785 660; x_wconf 82' lang='grc' dir='ltr'>τὸ</span> <span class='ocrx_word' id='word_1_105' title='bbox 798 635 826 660; x_wconf 81' lang='grc' dir='ltr'>ὲν</span> <span class='ocrx_word' id='word_1_106' title='bbox 840 634 945 668; x_wconf 74' lang='grc' dir='ltr'>κόσμῳ.</span> 
     </span>
    </p>
   </div>
   <div class='ocr_carea' id='block_1_13' title="bbox 159 676 948 715">
    <p class='ocr_par' dir='ltr' id='par_1_13' title="bbox 159 676 948 715">
     <span class='ocr_line' id='line_1_13' title="bbox 159 676 948 715; baseline 0.006 -14"><span class='ocrx_word' id='word_1_107' title='bbox 159 677 175 710; x_wconf 83' lang='grc' dir='ltr'><strong>ή</strong></span> <span class='ocrx_word' id='word_1_108' title='bbox 191 676 322 712; x_wconf 75' lang='grc' dir='ltr'>ἐπιθυμία</span> <span class='ocrx_word' id='word_1_109' title='bbox 338 678 388 713; x_wconf 83' lang='grc' dir='ltr'>τῆς</span> <span class='ocrx_word' id='word_1_110' title='bbox 410 680 512 714; x_wconf 82' lang='grc' dir='ltr'>σαρκὸς</span> <span class='ocrx_word' id='word_1_111' title='bbox 535 681 583 706; x_wconf 74' lang='grc' dir='ltr'>καὶ</span> <span class='ocrx_word' id='word_1_112' title='bbox 602 681 618 715; x_wconf 81' lang='grc' dir='ltr'>ἡ</span> <span class='ocrx_word' id='word_1_113' title='bbox 638 680 769 715; x_wconf 73' lang='grc' dir='ltr'>ἐπιθυμία</span> <span class='ocrx_word' id='word_1_114' title='bbox 779 680 833 706; x_wconf 85' lang='grc' dir='ltr'>τῶν</span> <span class='ocrx_word' id='word_1_115' title='bbox 849 679 948 714; x_wconf 75' lang='grc' dir='ltr'>ὀφθαλ-</span> 
     </span>
    </p>
   </div>
   <div class='ocr_carea' id='block_1_14' title="bbox 161 721 947 760">
    <p class='ocr_par' dir='ltr' id='par_1_14' title="bbox 161 721 947 760">
     <span class='ocr_line' id='line_1_14' title="bbox 161 721 947 760; baseline 0.008 -13"><span class='ocrx_word' id='word_1_116' title='bbox 161 721 228 756; x_wconf 80' lang='grc' dir='ltr'>μῶν,</span> <span class='ocrx_word' id='word_1_117' title='bbox 242 723 290 749; x_wconf 70' lang='grc' dir='ltr'>καὶ</span> <span class='ocrx_word' id='word_1_118' title='bbox 302 723 318 759; x_wconf 76' lang='grc' dir='ltr'>ὴ</span> <span class='ocrx_word' id='word_1_119' title='bbox 334 723 475 756; x_wconf 80' lang='grc' dir='ltr'><strong>ἀλαζονεία</strong></span> <span class='ocrx_word' id='word_1_120' title='bbox 491 725 538 751; x_wconf 81' lang='grc' dir='ltr'><strong>τοῦ</strong></span> <span class='ocrx_word' id='word_1_121' title='bbox 553 725 622 760; x_wconf 80' lang='grc' dir='ltr'>βίου.</span> <span class='ocrx_word' id='word_1_122' title='bbox 641 735 650 751; x_wconf 85' lang='grc'><strong>›</strong></span> <span class='ocrx_word' id='word_1_123' title='bbox 664 726 724 753; x_wconf 85' lang='grc' dir='ltr'><strong>Τῶν</strong></span> <span class='ocrx_word' id='word_1_124' title='bbox 735 725 863 753; x_wconf 80' lang='grc' dir='ltr'><strong>τοιούτων</strong></span> <span class='ocrx_word' id='word_1_125' title='bbox 875 727 947 760; x_wconf 82' lang='grc' dir='ltr'>ἡμᾶς</span> 
     </span>
    </p>
   </div>
   <div class='ocr_carea' id='block_1_15' title="bbox 160 767 948 806">
    <p class='ocr_par' dir='ltr' id='par_1_15' title="bbox 160 767 948 806">
     <span class='ocr_line' id='line_1_15' title="bbox 160 767 948 806; baseline 0.005 -13"><span class='ocrx_word' id='word_1_126' title='bbox 160 767 188 793; x_wconf 76' lang='grc' dir='ltr'>αι</span> <span class='ocrx_word' id='word_1_127' title='bbox 209 769 305 803; x_wconf 80' lang='grc' dir='ltr'>πικραὶ</span> <span class='ocrx_word' id='word_1_128' title='bbox 319 769 460 805; x_wconf 73' lang='grc' dir='ltr'><strong>ἐπιθυμίαι</strong></span> <span class='ocrx_word' id='word_1_129' title='bbox 482 771 528 797; x_wconf 72' lang='grc' dir='ltr'>καὶ</span> <span class='ocrx_word' id='word_1_130' title='bbox 549 771 644 802; x_wconf 66' lang='grc' dir='ltr'>δειναὶ,</span> <span class='ocrx_word' id='word_1_131' title='bbox 661 770 855 806; x_wconf 76' lang='grc' dir='ltr'>σαγηνεύουσιν</span> <span class='ocrx_word' id='word_1_132' title='bbox 873 771 948 797; x_wconf 75' lang='grc' dir='ltr'>εὐκό-</span> 
     </span>
    </p>
   </div>
   <div class='ocr_carea' id='block_1_16' title="bbox 159 814 945 852">
    <p class='ocr_par' dir='ltr' id='par_1_16' title="bbox 159 814 945 852">
     <span class='ocr_line' id='line_1_16' title="bbox 159 814 945 852; baseline 0.005 -13"><span class='ocrx_word' id='word_1_133' title='bbox 159 814 211 846; x_wconf 79' lang='grc' dir='ltr'><strong>λως</strong></span> <span class='ocrx_word' id='word_1_134' title='bbox 227 815 273 841; x_wconf 79' lang='grc' dir='ltr'><strong>ἐπὶ</strong></span> <span class='ocrx_word' id='word_1_135' title='bbox 287 815 317 841; x_wconf 84' lang='grc' dir='ltr'><strong>τὸ</strong></span> <span class='ocrx_word' id='word_1_136' title='bbox 335 818 443 851; x_wconf 81' lang='grc' dir='ltr'>φρονεῖν</span> <span class='ocrx_word' id='word_1_137' title='bbox 456 816 563 844; x_wconf 64' lang='grc' dir='ltr'>ἑλέσθαι</span> <span class='ocrx_word' id='word_1_138' title='bbox 578 817 625 843; x_wconf 75' lang='grc' dir='ltr'>καὶ</span> <span class='ocrx_word' id='word_1_139' title='bbox 643 817 709 852; x_wconf 85' lang='grc' dir='ltr'>δρᾷν</span> <span class='ocrx_word' id='word_1_140' title='bbox 724 817 758 843; x_wconf 79' lang='grc' dir='ltr'>τὰ</span> <span class='ocrx_word' id='word_1_141' title='bbox 768 817 818 852; x_wconf 80' lang='grc' dir='ltr'>τῆς</span> <span class='ocrx_word' id='word_1_142' title='bbox 830 817 928 851; x_wconf 77' lang='grc' dir='ltr'>σαρκός</span> <span class='ocrx_word' id='word_1_143' title='bbox 938 825 945 831; x_wconf 79' lang='grc'><strong>’</strong></span> 
     </span>
    </p>
   </div>
   <div class='ocr_carea' id='block_1_17' title="bbox 158 860 948 897">
    <p class='ocr_par' dir='ltr' id='par_1_17' title="bbox 158 860 948 897">
     <span class='ocr_line' id='line_1_17' title="bbox 158 860 948 897; baseline 0 -10"><span class='ocrx_word' id='word_1_144' title='bbox 158 860 212 887; x_wconf 82' lang='grc' dir='ltr'><strong>τῶν</strong></span> <span class='ocrx_word' id='word_1_145' title='bbox 225 869 257 894; x_wconf 88' lang='grc' dir='ltr'>γε</span> <span class='ocrx_word' id='word_1_146' title='bbox 282 862 335 896; x_wconf 83' lang='grc' dir='ltr'>μὴν</span> <span class='ocrx_word' id='word_1_147' title='bbox 351 861 404 894; x_wconf 77' lang='grc' dir='ltr'><strong>ἔξω</strong></span> <span class='ocrx_word' id='word_1_148' title='bbox 418 861 543 896; x_wconf 83' lang='grc' dir='ltr'>σώματος</span> <span class='ocrx_word' id='word_1_149' title='bbox 557 863 604 889; x_wconf 70' lang='grc' dir='ltr'>καὶ</span> <span class='ocrx_word' id='word_1_150' title='bbox 621 863 697 897; x_wconf 77' lang='grc' dir='ltr'>παρὰ</span> <span class='ocrx_word' id='word_1_151' title='bbox 711 862 792 896; x_wconf 81' lang='grc' dir='ltr'>φύσιν</span> <span class='ocrx_word' id='word_1_152' title='bbox 811 862 886 897; x_wconf 83' lang='grc' dir='ltr'>ὲρᾷν,</span> <span class='ocrx_word' id='word_1_153' title='bbox 907 863 948 887; x_wconf 85' lang='grc' dir='ltr'><strong>οὑ-</strong></span> 
     </span>
    </p>
   </div>
   <div class='ocr_carea' id='block_1_18' title="bbox 997 264 1783 300">
    <p class='ocr_par' dir='ltr' id='par_1_18' title="bbox 997 264 1783 300">
     <span class='ocr_line' id='line_1_18' title="bbox 997 264 1783 300; baseline 0.003 -7"><span class='ocrx_word' id='word_1_154' title='bbox 997 266 1092 298; x_wconf 81' lang='lat' dir='ltr'><strong>detur;</strong></span> <span class='ocrx_word' id='word_1_155' title='bbox 1109 269 1212 300; x_wconf 86' lang='lat' dir='ltr'><strong>utpote,</strong></span> <span class='ocrx_word' id='word_1_156' title='bbox 1227 264 1344 299; x_wconf 84' lang='lat' dir='ltr'><strong>exempli</strong></span> <span class='ocrx_word' id='word_1_157' title='bbox 1359 265 1456 300; x_wconf 73' lang='lat' dir='ltr'><strong>gratia,</strong></span> <span class='ocrx_word' id='word_1_158' title='bbox 1469 272 1533 292; x_wconf 87' lang='lat' dir='ltr'><strong>esus</strong></span> <span class='ocrx_word' id='word_1_159' title='bbox 1547 272 1579 292; x_wconf 89' lang='lat' dir='ltr'><strong>ac</strong></span> <span class='ocrx_word' id='word_1_160' title='bbox 1592 269 1682 300; x_wconf 86' lang='lat' dir='ltr'><strong>potus,</strong></span> <span class='ocrx_word' id='word_1_161' title='bbox 1695 271 1722 295; x_wconf 83' lang='lat' dir='ltr'><strong>et</strong></span> <span class='ocrx_word' id='word_1_162' title='bbox 1734 274 1783 295; x_wconf 82' lang='lat' dir='ltr'><strong>na—</strong></span> 
     </span>
    </p>
   </div>
   <div class='ocr_carea' id='block_1_19' title="bbox 997 310 1784 346">
    <p class='ocr_par' dir='ltr' id='par_1_19' title="bbox 997 310 1784 346">
     <span class='ocr_line' id='line_1_19' title="bbox 997 310 1784 346; baseline 0.003 -8"><span class='ocrx_word' id='word_1_163' title='bbox 997 311 1095 339; x_wconf 81' lang='lat' dir='ltr'><strong>turalis</strong></span> <span class='ocrx_word' id='word_1_164' title='bbox 1118 318 1181 338; x_wconf 89' lang='lat' dir='ltr'><strong>cum</strong></span> <span class='ocrx_word' id='word_1_165' title='bbox 1208 310 1372 338; x_wconf 82' lang='lat' dir='ltr'><strong>mulieribus</strong></span> <span class='ocrx_word' id='word_1_166' title='bbox 1395 316 1578 346; x_wconf 75' lang='lat' dir='ltr'><strong>congressus,</strong></span> <span class='ocrx_word' id='word_1_167' title='bbox 1606 311 1697 338; x_wconf 88' lang='lat' dir='ltr'><strong>carnis</strong></span> <span class='ocrx_word' id='word_1_168' title='bbox 1721 317 1784 340; x_wconf 84' lang='lat' dir='ltr'><strong>sunt</strong></span> 
     </span>
    </p>
   </div>
   <div class='ocr_carea' id='block_1_20' title="bbox 997 355 1783 392">
    <p class='ocr_par' dir='ltr' id='par_1_20' title="bbox 997 355 1783 392">
     <span class='ocr_line' id='line_1_20' title="bbox 997 355 1783 392; baseline 0 -9"><span class='ocrx_word' id='word_1_169' title='bbox 997 364 1080 392; x_wconf 82' lang='lat' dir='ltr'><strong>opera</strong></span> <span class='ocrx_word' id='word_1_170' title='bbox 1091 360 1120 383; x_wconf 90' lang='lat' dir='ltr'><strong>et</strong></span> <span class='ocrx_word' id='word_1_171' title='bbox 1131 356 1206 384; x_wconf 83' lang='lat' dir='ltr'><strong>vitia.</strong></span> <span class='ocrx_word' id='word_1_172' title='bbox 1214 356 1376 384; x_wconf 86' lang='lat' dir='ltr'><strong>Divitiarum</strong></span> <span class='ocrx_word' id='word_1_173' title='bbox 1388 359 1479 383; x_wconf 84' lang='lat' dir='ltr'><strong>autem</strong></span> <span class='ocrx_word' id='word_1_174' title='bbox 1493 363 1525 382; x_wconf 88' lang='lat' dir='ltr'><strong>ac</strong></span> <span class='ocrx_word' id='word_1_175' title='bbox 1534 355 1627 391; x_wconf 74' lang='lat' dir='ltr'><strong>gloria:</strong></span> <span class='ocrx_word' id='word_1_176' title='bbox 1637 355 1783 390; x_wconf 85' lang='lat' dir='ltr'><strong>desideria,</strong></span> 
     </span>
    </p>
   </div>
   <div class='ocr_carea' id='block_1_21' title="bbox 997 400 1785 437">
    <p class='ocr_par' dir='ltr' id='par_1_21' title="bbox 997 400 1785 437">
     <span class='ocr_line' id='line_1_21' title="bbox 997 400 1785 437; baseline -0.003 -8"><span class='ocrx_word' id='word_1_177' title='bbox 997 403 1088 430; x_wconf 89' lang='lat' dir='ltr'><strong>carnis</strong></span> <span class='ocrx_word' id='word_1_178' title='bbox 1110 402 1296 437; x_wconf 71' lang='lat' dir='ltr'><strong>voluptatibus</strong></span> <span class='ocrx_word' id='word_1_179' title='bbox 1312 401 1475 433; x_wconf 80' lang='lat' dir='ltr'><strong>inserviunt,</strong></span> <span class='ocrx_word' id='word_1_180' title='bbox 1495 400 1642 435; x_wconf 91' lang='lat' dir='ltr'><strong>omniaque</strong></span> <span class='ocrx_word' id='word_1_181' title='bbox 1663 401 1720 428; x_wconf 80' lang='lat' dir='ltr'><strong>fere</strong></span> <span class='ocrx_word' id='word_1_182' title='bbox 1736 409 1785 436; x_wconf 83' lang='lat' dir='ltr'><strong>per</strong></span> 
     </span>
    </p>
   </div>
   <div class='ocr_carea' id='block_1_22' title="bbox 998 445 1784 483">
    <p class='ocr_par' dir='ltr' id='par_1_22' title="bbox 998 445 1784 483">
     <span class='ocr_line' id='line_1_22' title="bbox 998 445 1784 483; baseline -0.003 -8"><span class='ocrx_word' id='word_1_183' title='bbox 998 448 1055 476; x_wconf 68' lang='lat' dir='ltr'><strong>haec</strong></span> <span class='ocrx_word' id='word_1_184' title='bbox 1068 448 1096 476; x_wconf 89' lang='lat' dir='ltr'><strong>in</strong></span> <span class='ocrx_word' id='word_1_185' title='bbox 1107 448 1210 475; x_wconf 88' lang='lat' dir='ltr'><strong>mundo</strong></span> <span class='ocrx_word' id='word_1_186' title='bbox 1221 447 1375 483; x_wconf 88' lang='lat' dir='ltr'><strong>procedunt</strong></span> <span class='ocrx_word' id='word_1_187' title='bbox 1386 446 1462 478; x_wconf 86' lang='lat' dir='ltr'><strong>vitia,</strong></span> <span class='ocrx_word' id='word_1_188' title='bbox 1470 446 1548 482; x_wconf 78' lang='lat' dir='ltr'><strong>juxta</strong></span> <span class='ocrx_word' id='word_1_189' title='bbox 1560 445 1627 475; x_wconf 86' lang='lat' dir='ltr'><strong>illud</strong></span> <span class='ocrx_word' id='word_1_190' title='bbox 1639 454 1653 473; x_wconf 87' lang='lat' dir='ltr'><strong>a</strong></span> <span class='ocrx_word' id='word_1_191' title='bbox 1662 445 1784 481; x_wconf 86' lang='lat' dir='ltr'><strong>sapiente</strong></span> 
     </span>
    </p>
   </div>
   <div class='ocr_carea' id='block_1_23' title="bbox 999 493 1784 529">
    <p class='ocr_par' dir='ltr' id='par_1_23' title="bbox 999 493 1784 529">
     <span class='ocr_line' id='line_1_23' title="bbox 999 493 1784 529; baseline -0.004 -7"><span class='ocrx_word' id='word_1_192' title='bbox 999 495 1133 529; x_wconf 87' lang='lat' dir='ltr'><strong>discipulo</strong></span> <span class='ocrx_word' id='word_1_193' title='bbox 1156 494 1259 522; x_wconf 89' lang='lat' dir='ltr'><strong>dictum</strong></span> <span class='ocrx_word' id='word_1_194' title='bbox 1275 493 1452 527; x_wconf 68' lang='lat' dir='ltr'><strong>:Quoniamt</strong></span> <span class='ocrx_word' id='word_1_195' title='bbox 1478 500 1559 520; x_wconf 87' lang='lat' dir='ltr'><strong>omne</strong></span> <span class='ocrx_word' id='word_1_196' title='bbox 1586 493 1660 527; x_wconf 82' lang='lat' dir='ltr'><strong>quod</strong></span> <span class='ocrx_word' id='word_1_197' title='bbox 1684 497 1726 520; x_wconf 89' lang='lat' dir='ltr'><strong>est</strong></span> <span class='ocrx_word' id='word_1_198' title='bbox 1756 493 1784 519; x_wconf 89' lang='lat' dir='ltr'><strong>in</strong></span> 
     </span>
    </p>
   </div>
   <div class='ocr_carea' id='block_1_24' title="bbox 998 539 1784 575">
    <p class='ocr_par' dir='ltr' id='par_1_24' title="bbox 998 539 1784 575">
     <span class='ocr_line' id='line_1_24' title="bbox 998 539 1784 575; baseline -0.003 -8"><span class='ocrx_word' id='word_1_199' title='bbox 998 540 1110 573; x_wconf 87' lang='lat' dir='ltr'><strong>mundo,</strong></span> <span class='ocrx_word' id='word_1_200' title='bbox 1122 539 1343 575; x_wconf 78' lang='lat' dir='ltr'><strong>concupiscentia</strong></span> <span class='ocrx_word' id='word_1_201' title='bbox 1357 539 1448 566; x_wconf 86' lang='lat' dir='ltr'><strong>carnis</strong></span> <span class='ocrx_word' id='word_1_202' title='bbox 1457 543 1509 570; x_wconf 91' lang='lat' dir='ltr'><strong>est,</strong></span> <span class='ocrx_word' id='word_1_203' title='bbox 1522 543 1550 566; x_wconf 87' lang='lat' dir='ltr'><strong>et</strong></span> <span class='ocrx_word' id='word_1_204' title='bbox 1563 539 1784 573; x_wconf 71' lang='lat' dir='ltr'><strong>concupiscentia</strong></span> 
     </span>
    </p>
   </div>
   <div class='ocr_carea' id='block_1_25' title="bbox 997 585 1784 625">
    <p class='ocr_par' dir='ltr' id='par_1_25' title="bbox 997 585 1784 625">
     <span class='ocr_line' id='line_1_25' title="bbox 997 585 1784 625; baseline -0.004 -12"><span class='ocrx_word' id='word_1_205' title='bbox 997 586 1193 625; x_wconf 37' lang='lat' dir='ltr'><strong>oculorumhet</strong></span> <span class='ocrx_word' id='word_1_206' title='bbox 1205 585 1334 621; x_wconf 78' lang='lat' dir='ltr'><strong>superbia</strong></span> <span class='ocrx_word' id='word_1_207' title='bbox 1347 585 1410 613; x_wconf 66' lang='lat' dir='ltr'><strong>vitae</strong></span> <span class='ocrx_word' id='word_1_208' title='bbox 1423 585 1456 612; x_wconf 80' lang='lat'><strong>&quot;.</strong></span> <span class='ocrx_word' id='word_1_209' title='bbox 1471 595 1480 610; x_wconf 75' lang='grc' dir='ltr'><strong>ι</strong></span> <span class='ocrx_word' id='word_1_210' title='bbox 1499 585 1672 621; x_wconf 84' lang='lat' dir='ltr'><strong>Ejuscemodi</strong></span> <span class='ocrx_word' id='word_1_211' title='bbox 1691 591 1784 611; x_wconf 87' lang='lat' dir='ltr'><strong>rerum</strong></span> 
     </span>
    </p>
   </div>
   <div class='ocr_carea' id='block_1_26' title="bbox 997 629 1783 668">
    <p class='ocr_par' dir='ltr' id='par_1_26' title="bbox 997 629 1783 668">
     <span class='ocr_line' id='line_1_26' title="bbox 997 629 1783 668; baseline -0.004 -8"><span class='ocrx_word' id='word_1_212' title='bbox 997 640 1048 660; x_wconf 87' lang='lat' dir='ltr'><strong>nos</strong></span> <span class='ocrx_word' id='word_1_213' title='bbox 1068 633 1168 660; x_wconf 87' lang='lat' dir='ltr'><strong>acerba</strong></span> <span class='ocrx_word' id='word_1_214' title='bbox 1183 633 1329 668; x_wconf 81' lang='lat' dir='ltr'><strong>graviaque</strong></span> <span class='ocrx_word' id='word_1_215' title='bbox 1341 632 1476 659; x_wconf 84' lang='lat' dir='ltr'><strong>desideria</strong></span> <span class='ocrx_word' id='word_1_216' title='bbox 1505 632 1584 658; x_wconf 76' lang='lat' dir='ltr'><strong>facile</strong></span> <span class='ocrx_word' id='word_1_217' title='bbox 1602 631 1726 658; x_wconf 87' lang='lat' dir='ltr'><strong>inescant</strong></span> <span class='ocrx_word' id='word_1_218' title='bbox 1750 629 1783 657; x_wconf 82' lang='lat' dir='ltr'><strong>ad</strong></span> 
     </span>
    </p>
   </div>
   <div class='ocr_carea' id='block_1_27' title="bbox 997 677 1784 713">
    <p class='ocr_par' dir='ltr' id='par_1_27' title="bbox 997 677 1784 713">
     <span class='ocr_line' id='line_1_27' title="bbox 997 677 1784 713; baseline -0.003 -7"><span class='ocrx_word' id='word_1_219' title='bbox 997 687 1029 706; x_wconf 87' lang='lat' dir='ltr'><strong>ea</strong></span> <span class='ocrx_word' id='word_1_220' title='bbox 1043 678 1186 713; x_wconf 81' lang='lat' dir='ltr'><strong>cogitanda</strong></span> <span class='ocrx_word' id='word_1_221' title='bbox 1204 686 1239 706; x_wconf 82' lang='lat' dir='ltr'><strong>ac</strong></span> <span class='ocrx_word' id='word_1_222' title='bbox 1258 678 1381 705; x_wconf 82' lang='lat' dir='ltr'><strong>facienda</strong></span> <span class='ocrx_word' id='word_1_223' title='bbox 1402 686 1462 713; x_wconf 65' lang='lat' dir='ltr'><strong>quae</strong></span> <span class='ocrx_word' id='word_1_224' title='bbox 1476 678 1566 705; x_wconf 72' lang='lat' dir='ltr'><strong>carnis</strong></span> <span class='ocrx_word' id='word_1_225' title='bbox 1583 681 1656 705; x_wconf 86' lang='lat' dir='ltr'><strong>sunt.</strong></span> <span class='ocrx_word' id='word_1_226' title='bbox 1672 677 1706 704; x_wconf 91' lang='lat' dir='ltr'><strong>Ut</strong></span> <span class='ocrx_word' id='word_1_227' title='bbox 1719 684 1784 704; x_wconf 85' lang='lat' dir='ltr'><strong>vero</strong></span> 
     </span>
    </p>
   </div>
   <div class='ocr_carea' id='block_1_28' title="bbox 997 728 1784 759">
    <p class='ocr_par' dir='ltr' id='par_1_28' title="bbox 997 728 1784 759">
     <span class='ocr_line' id='line_1_28' title="bbox 997 728 1784 759; baseline -0.003 -7"><span class='ocrx_word' id='word_1_228' title='bbox 997 732 1029 752; x_wconf 86' lang='lat' dir='ltr'><strong>ea</strong></span> <span class='ocrx_word' id='word_1_229' title='bbox 1040 731 1101 759; x_wconf 71' lang='lat' dir='ltr'><strong>quae</strong></span> <span class='ocrx_word' id='word_1_230' title='bbox 1112 728 1189 751; x_wconf 76' lang='lat' dir='ltr'><strong>extra</strong></span> <span class='ocrx_word' id='word_1_231' title='bbox 1203 731 1301 758; x_wconf 88' lang='lat' dir='ltr'><strong>corpus</strong></span> <span class='ocrx_word' id='word_1_232' title='bbox 1316 731 1348 750; x_wconf 84' lang='lat' dir='ltr'><strong>ac</strong></span> <span class='ocrx_word' id='word_1_233' title='bbox 1365 729 1464 758; x_wconf 82' lang='lat' dir='ltr'><strong>praeter</strong></span> <span class='ocrx_word' id='word_1_234' title='bbox 1483 728 1608 751; x_wconf 87' lang='lat' dir='ltr'><strong>naturam</strong></span> <span class='ocrx_word' id='word_1_235' title='bbox 1625 728 1688 751; x_wconf 88' lang='lat' dir='ltr'><strong>sunt</strong></span> <span class='ocrx_word' id='word_1_236' title='bbox 1709 730 1784 750; x_wconf 88' lang='lat' dir='ltr'><strong>ame-</strong></span> 
     </span>
    </p>
   </div>
   <div class='ocr_carea' id='block_1_29' title="bbox 999 769 1785 805">
    <p class='ocr_par' dir='ltr' id='par_1_29' title="bbox 999 769 1785 805">
     <span class='ocr_line' id='line_1_29' title="bbox 999 769 1785 805; baseline -0.001 -7"><span class='ocrx_word' id='word_1_237' title='bbox 999 779 1069 803; x_wconf 89' lang='lat' dir='ltr'><strong>mus,</strong></span> <span class='ocrx_word' id='word_1_238' title='bbox 1082 770 1156 798; x_wconf 89' lang='lat' dir='ltr'><strong>nulla</strong></span> <span class='ocrx_word' id='word_1_239' title='bbox 1169 770 1238 798; x_wconf 86' lang='lat' dir='ltr'><strong>ratio</strong></span> <span class='ocrx_word' id='word_1_240' title='bbox 1251 769 1329 797; x_wconf 86' lang='lat' dir='ltr'><strong>nobis</strong></span> <span class='ocrx_word' id='word_1_241' title='bbox 1341 770 1516 804; x_wconf 78' lang='lat' dir='ltr'><strong>persuaserit.</strong></span> <span class='ocrx_word' id='word_1_242' title='bbox 1526 770 1629 798; x_wconf 82' lang='lat' dir='ltr'><strong>Deinde</strong></span> <span class='ocrx_word' id='word_1_243' title='bbox 1640 778 1695 805; x_wconf 91' lang='lat' dir='ltr'><strong>quo</strong></span> <span class='ocrx_word' id='word_1_244' title='bbox 1706 775 1785 805; x_wconf 80' lang='lat' dir='ltr'><strong>pacto</strong></span> 
     </span>
    </p>
   </div>
   <div class='ocr_carea' id='block_1_30' title="bbox 999 815 1784 851">
    <p class='ocr_par' dir='ltr' id='par_1_30' title="bbox 999 815 1784 851">
     <span class='ocr_line' id='line_1_30' title="bbox 999 815 1784 851; baseline -0.001 -7"><span class='ocrx_word' id='word_1_245' title='bbox 999 825 1054 844; x_wconf 92' lang='lat' dir='ltr'><strong>non</strong></span> <span class='ocrx_word' id='word_1_246' title='bbox 1069 816 1192 844; x_wconf 66' lang='lat' dir='ltr'><strong>stultitim</strong></span> <span class='ocrx_word' id='word_1_247' title='bbox 1213 816 1368 850; x_wconf 78' lang='lat' dir='ltr'><strong>proximum</strong></span> <span class='ocrx_word' id='word_1_248' title='bbox 1390 816 1425 843; x_wconf 89' lang='lat' dir='ltr'><strong>sit</strong></span> <span class='ocrx_word' id='word_1_249' title='bbox 1447 815 1539 843; x_wconf 85' lang='lat' dir='ltr'><strong>dicere</strong></span> <span class='ocrx_word' id='word_1_250' title='bbox 1567 816 1680 851; x_wconf 87' lang='lat' dir='ltr'><strong>spiritus</strong></span> <span class='ocrx_word' id='word_1_251' title='bbox 1701 823 1784 843; x_wconf 77' lang='lat' dir='ltr'><strong>carne</strong></span> 
     </span>
    </p>
   </div>
   <div class='ocr_carea' id='block_1_31' title="bbox 999 861 1784 897">
    <p class='ocr_par' dir='ltr' id='par_1_31' title="bbox 999 861 1784 897">
     <span class='ocr_line' id='line_1_31' title="bbox 999 861 1784 897; baseline -0.003 -7"><span class='ocrx_word' id='word_1_252' title='bbox 999 862 1166 897; x_wconf 86' lang='lat' dir='ltr'><strong>superiores,</strong></span> <span class='ocrx_word' id='word_1_253' title='bbox 1191 861 1226 888; x_wconf 87' lang='lat' dir='ltr'><strong>ab</strong></span> <span class='ocrx_word' id='word_1_254' title='bbox 1250 869 1337 895; x_wconf 82' lang='lat' dir='ltr'><strong>eaque</strong></span> <span class='ocrx_word' id='word_1_255' title='bbox 1353 865 1483 892; x_wconf 73' lang='lat' dir='ltr'><strong>semotus,</strong></span> <span class='ocrx_word' id='word_1_256' title='bbox 1513 862 1663 888; x_wconf 82' lang='lat' dir='ltr'><strong>carnalium</strong></span> <span class='ocrx_word' id='word_1_257' title='bbox 1691 869 1784 889; x_wconf 88' lang='lat' dir='ltr'><strong>amore</strong></span> 
     </span>
    </p>
   </div>
   <div class='ocr_carea' id='block_1_32' title="bbox 159 897 947 942">
    <p class='ocr_par' dir='ltr' id='par_1_32' title="bbox 159 904 947 941">
     <span class='ocr_line' id='line_1_32' title="bbox 159 904 947 941; baseline 0.003 -11"><span class='ocrx_word' id='word_1_258' title='bbox 159 904 212 936; x_wconf 78' lang='grc' dir='ltr'>δεὶς</span> <span class='ocrx_word' id='word_1_259' title='bbox 229 905 369 932; x_wconf 80' lang='grc' dir='ltr'><strong>ἀναπείσει</strong></span> <span class='ocrx_word' id='word_1_260' title='bbox 384 905 470 940; x_wconf 80' lang='grc' dir='ltr'>λόγος.</span> <span class='ocrx_word' id='word_1_261' title='bbox 490 904 556 933; x_wconf 83' lang='grc' dir='ltr'>Εἶτα</span> <span class='ocrx_word' id='word_1_262' title='bbox 573 906 631 938; x_wconf 82' lang='grc' dir='ltr'><strong>πῶς</strong></span> <span class='ocrx_word' id='word_1_263' title='bbox 644 908 695 933; x_wconf 77' lang='grc' dir='ltr'>οὐκ</span> <span class='ocrx_word' id='word_1_264' title='bbox 718 907 750 933; x_wconf 80' lang='grc' dir='ltr'>ἂν</span> <span class='ocrx_word' id='word_1_265' title='bbox 769 906 873 940; x_wconf 81' lang='grc' dir='ltr'>γένοιτο</span> <span class='ocrx_word' id='word_1_266' title='bbox 892 915 947 941; x_wconf 88' lang='grc' dir='ltr'>μω-</span> 
     </span>
    </p>
   </div>
   <div class='ocr_carea' id='block_1_33' title="bbox 998 897 1783 942">
    <p class='ocr_par' dir='ltr' id='par_1_33' title="bbox 1001 906 1783 942">
     <span class='ocr_line' id='line_1_33' title="bbox 1001 906 1783 942; baseline 0.001 -9"><span class='ocrx_word' id='word_1_267' title='bbox 1001 907 1072 941; x_wconf 74' lang='lat' dir='ltr'><strong>tangi</strong></span> <span class='ocrx_word' id='word_1_268' title='bbox 1088 917 1093 933; x_wconf 93' lang='lat'>:</span> <span class='ocrx_word' id='word_1_269' title='bbox 1107 907 1216 942; x_wconf 81' lang='lat' dir='ltr'><strong>qualem</strong></span> <span class='ocrx_word' id='word_1_270' title='bbox 1229 906 1263 933; x_wconf 91' lang='lat' dir='ltr'><strong>ad</strong></span> <span class='ocrx_word' id='word_1_271' title='bbox 1282 906 1334 933; x_wconf 89' lang='lat' dir='ltr'><strong>hoc</strong></span> <span class='ocrx_word' id='word_1_272' title='bbox 1348 906 1500 933; x_wconf 88' lang='lat' dir='ltr'><strong>naturalem</strong></span> <span class='ocrx_word' id='word_1_273' title='bbox 1517 911 1620 933; x_wconf 89' lang='lat' dir='ltr'><strong>motum</strong></span> <span class='ocrx_word' id='word_1_274' title='bbox 1642 907 1783 939; x_wconf 76' lang='lat' dir='ltr'><strong>habentes,</strong></span> 
     </span>
    </p>
   </div>
   <div class='ocr_carea' id='block_1_34' title="bbox 160 951 947 988">
    <p class='ocr_par' dir='ltr' id='par_1_34' title="bbox 160 951 947 988">
     <span class='ocr_line' id='line_1_34' title="bbox 160 951 947 988; baseline 0.001 -11"><span class='ocrx_word' id='word_1_275' title='bbox 160 951 220 985; x_wconf 77' lang='grc' dir='ltr'>ρίας</span> <span class='ocrx_word' id='word_1_276' title='bbox 241 951 325 986; x_wconf 79' lang='grc' dir='ltr'>ἐγγὺς</span> <span class='ocrx_word' id='word_1_277' title='bbox 342 952 373 978; x_wconf 79' lang='grc' dir='ltr'>τὸ</span> <span class='ocrx_word' id='word_1_278' title='bbox 392 952 532 988; x_wconf 84' lang='grc' dir='ltr'>σαρκικῶν</span> <span class='ocrx_word' id='word_1_279' title='bbox 550 952 664 988; x_wconf 74' lang='grc' dir='ltr'>ἐρᾶσθαι</span> <span class='ocrx_word' id='word_1_280' title='bbox 683 953 773 987; x_wconf 81' lang='grc' dir='ltr'>λέγειν</span> <span class='ocrx_word' id='word_1_281' title='bbox 792 953 825 979; x_wconf 72' lang='grc' dir='ltr'><strong>τὰ</strong></span> <span class='ocrx_word' id='word_1_282' title='bbox 847 952 947 988; x_wconf 69' lang='grc' dir='ltr'>σαρκὸς</span> 
     </span>
    </p>
   </div>
   <div class='ocr_carea' id='block_1_35' title="bbox 159 996 948 1034">
    <p class='ocr_par' dir='ltr' id='par_1_35' title="bbox 159 996 948 1034">
     <span class='ocr_line' id='line_1_35' title="bbox 159 996 948 1034; baseline 0.003 -12"><span class='ocrx_word' id='word_1_283' title='bbox 159 996 286 1032; x_wconf 75' lang='grc' dir='ltr'><strong>ἀνωτέρω</strong></span> <span class='ocrx_word' id='word_1_284' title='bbox 298 997 345 1023; x_wconf 79' lang='grc' dir='ltr'><strong>καὶ</strong></span> <span class='ocrx_word' id='word_1_285' title='bbox 358 996 522 1033; x_wconf 75' lang='grc' dir='ltr'><strong>ἐξεστηκότα</strong></span> <span class='ocrx_word' id='word_1_286' title='bbox 542 998 684 1034; x_wconf 82' lang='grc' dir='ltr'>πνεύματα</span> <span class='ocrx_word' id='word_1_287' title='bbox 694 1006 701 1014; x_wconf 82' lang='lat'><strong>&#39;</strong></span> <span class='ocrx_word' id='word_1_288' title='bbox 717 998 797 1025; x_wconf 70' lang='grc' dir='ltr'>ποίαν</span> <span class='ocrx_word' id='word_1_289' title='bbox 815 999 854 1029; x_wconf 77' lang='grc' dir='ltr'><strong>είς</strong></span> <span class='ocrx_word' id='word_1_290' title='bbox 869 998 948 1025; x_wconf 78' lang='grc' dir='ltr'>τοῦτο</span> 
     </span>
    </p>
   </div>
   <div class='ocr_carea' id='block_1_36' title="bbox 159 1043 945 1081">
    <p class='ocr_par' dir='ltr' id='par_1_36' title="bbox 159 1043 945 1081">
     <span class='ocr_line' id='line_1_36' title="bbox 159 1043 945 1081; baseline 0.004 -13"><span class='ocrx_word' id='word_1_291' title='bbox 159 1043 265 1077; x_wconf 81' lang='grc' dir='ltr'>κίνησιν</span> <span class='ocrx_word' id='word_1_292' title='bbox 272 1043 368 1078; x_wconf 79' lang='grc' dir='ltr'>ἔχοντα</span> <span class='ocrx_word' id='word_1_293' title='bbox 377 1044 504 1079; x_wconf 82' lang='grc' dir='ltr'>φυσικὴν,</span> <span class='ocrx_word' id='word_1_294' title='bbox 513 1044 528 1080; x_wconf 86' lang='grc' dir='ltr'>ἢ</span> <span class='ocrx_word' id='word_1_295' title='bbox 539 1044 617 1071; x_wconf 68' lang='grc' dir='ltr'>πυξου</span> <span class='ocrx_word' id='word_1_296' title='bbox 625 1045 707 1080; x_wconf 75' lang='grc' dir='ltr'>νόμου</span> <span class='ocrx_word' id='word_1_297' title='bbox 715 1044 945 1081; x_wconf 79' lang='grc' dir='ltr'>κατερεθίζοντος,</span> 
     </span>
    </p>
   </div>
   <div class='ocr_carea' id='block_1_37' title="bbox 159 1086 947 1125">
    <p class='ocr_par' dir='ltr' id='par_1_37' title="bbox 159 1086 947 1125">
     <span class='ocr_line' id='line_1_37' title="bbox 159 1086 947 1125; baseline 0.005 -13"><span class='ocrx_word' id='word_1_298' title='bbox 159 1086 283 1123; x_wconf 74' lang='grc' dir='ltr'>καθάπερ</span> <span class='ocrx_word' id='word_1_299' title='bbox 299 1088 406 1123; x_wconf 79' lang='grc' dir='ltr'>ἀμέλει,</span> <span class='ocrx_word' id='word_1_300' title='bbox 430 1089 477 1115; x_wconf 79' lang='grc' dir='ltr'><strong>καὶ</strong></span> <span class='ocrx_word' id='word_1_301' title='bbox 492 1090 564 1124; x_wconf 76' lang='grc' dir='ltr'>ἡμᾶς</span> <span class='ocrx_word' id='word_1_302' title='bbox 580 1089 678 1121; x_wconf 76' lang='grc' dir='ltr'>αὐτοὺς</span> <span class='ocrx_word' id='word_1_303' title='bbox 700 1090 740 1121; x_wconf 78' lang='grc' dir='ltr'><strong>εἰς</strong></span> <span class='ocrx_word' id='word_1_304' title='bbox 760 1098 792 1124; x_wconf 85' lang='grc' dir='ltr'>γε</span> <span class='ocrx_word' id='word_1_305' title='bbox 803 1090 834 1116; x_wconf 80' lang='grc' dir='ltr'><strong>τὸ</strong></span> <span class='ocrx_word' id='word_1_306' title='bbox 847 1087 947 1125; x_wconf 67' lang='grc' dir='ltr'>χρῆναι</span> 
     </span>
    </p>
   </div>
   <div class='ocr_carea' id='block_1_38' title="bbox 158 1132 946 1172">
    <p class='ocr_par' dir='ltr' id='par_1_38' title="bbox 158 1132 946 1172">
     <span class='ocr_line' id='line_1_38' title="bbox 158 1132 946 1172; baseline 0.005 -14"><span class='ocrx_word' id='word_1_307' title='bbox 158 1132 236 1168; x_wconf 60' lang='lat' dir='ltr'><strong>nos»</strong></span> <span class='ocrx_word' id='word_1_308' title='bbox 249 1134 283 1160; x_wconf 77' lang='grc' dir='ltr'><strong>τά</strong></span> <span class='ocrx_word' id='word_1_309' title='bbox 296 1135 386 1161; x_wconf 83' lang='grc' dir='ltr'>τοιάδε</span> <span class='ocrx_word' id='word_1_310' title='bbox 398 1134 452 1161; x_wconf 85' lang='grc' dir='ltr'><strong>τῶν</strong></span> <span class='ocrx_word' id='word_1_311' title='bbox 462 1135 566 1166; x_wconf 77' lang='grc' dir='ltr'>παθῶν,</span> <span class='ocrx_word' id='word_1_312' title='bbox 577 1134 664 1167; x_wconf 80' lang='grc' dir='ltr'>ἄλλως</span> <span class='ocrx_word' id='word_1_313' title='bbox 678 1145 707 1162; x_wconf 89' lang='grc' dir='ltr'><strong>τε</strong></span> <span class='ocrx_word' id='word_1_314' title='bbox 718 1144 725 1167; x_wconf 83' lang='lat'><strong>;</strong></span> <span class='ocrx_word' id='word_1_315' title='bbox 741 1136 786 1171; x_wconf 86' lang='grc' dir='ltr'><strong>Μὴ</strong></span> <span class='ocrx_word' id='word_1_316' title='bbox 798 1135 853 1172; x_wconf 82' lang='grc' dir='ltr'>γὰρ</span> <span class='ocrx_word' id='word_1_317' title='bbox 864 1135 895 1171; x_wconf 83' lang='grc' dir='ltr'>δὴ</span> <span class='ocrx_word' id='word_1_318' title='bbox 903 1144 946 1162; x_wconf 88' lang='grc' dir='ltr'>τυ-</span> 
     </span>
    </p>
   </div>
   <div class='ocr_carea' id='block_1_39' title="bbox 161 1179 948 1217">
    <p class='ocr_par' dir='ltr' id='par_1_39' title="bbox 161 1179 948 1217">
     <span class='ocr_line' id='line_1_39' title="bbox 161 1179 948 1217; baseline 0.003 -11"><span class='ocrx_word' id='word_1_319' title='bbox 161 1180 207 1214; x_wconf 81' lang='grc' dir='ltr'>χὸν</span> <span class='ocrx_word' id='word_1_320' title='bbox 219 1179 270 1214; x_wconf 83' lang='grc' dir='ltr'>τῆς</span> <span class='ocrx_word' id='word_1_321' title='bbox 279 1180 325 1206; x_wconf 67' lang='grc' dir='ltr'><strong>ἐπὶ</strong></span> <span class='ocrx_word' id='word_1_322' title='bbox 340 1180 446 1212; x_wconf 76' lang='grc' dir='ltr'>τούτοις</span> <span class='ocrx_word' id='word_1_323' title='bbox 458 1182 548 1214; x_wconf 73' lang='grc' dir='ltr'>αἰτίας</span> <span class='ocrx_word' id='word_1_324' title='bbox 564 1182 771 1217; x_wconf 79' lang='grc' dir='ltr'>ἁπαλλάττομεν</span> <span class='ocrx_word' id='word_1_325' title='bbox 789 1181 845 1208; x_wconf 85' lang='grc' dir='ltr'>τῶν</span> <span class='ocrx_word' id='word_1_326' title='bbox 858 1183 948 1217; x_wconf 78' lang='grc' dir='ltr'>δαιμο-</span> 
     </span>
    </p>
   </div>
   <div class='ocr_carea' id='block_1_40' title="bbox 161 1225 947 1263">
    <p class='ocr_par' dir='ltr' id='par_1_40' title="bbox 161 1225 947 1263">
     <span class='ocr_line' id='line_1_40' title="bbox 161 1225 947 1263; baseline 0.005 -13"><span class='ocrx_word' id='word_1_327' title='bbox 161 1225 223 1251; x_wconf 82' lang='grc' dir='ltr'>νίων</span> <span class='ocrx_word' id='word_1_328' title='bbox 238 1226 268 1251; x_wconf 80' lang='grc' dir='ltr'>τὸ</span> <span class='ocrx_word' id='word_1_329' title='bbox 285 1225 387 1260; x_wconf 77' lang='grc' dir='ltr'>στῖφος.</span> <span class='ocrx_word' id='word_1_330' title='bbox 398 1226 516 1253; x_wconf 85' lang='grc' dir='ltr'>Ἀνόσιον</span> <span class='ocrx_word' id='word_1_331' title='bbox 527 1227 581 1262; x_wconf 85' lang='grc' dir='ltr'><strong>γὰρ</strong></span> <span class='ocrx_word' id='word_1_332' title='bbox 594 1228 640 1254; x_wconf 79' lang='grc' dir='ltr'>καὶ</span> <span class='ocrx_word' id='word_1_333' title='bbox 653 1227 827 1263; x_wconf 73' lang='grc' dir='ltr'>βέὅηλον,καὶ</span> <span class='ocrx_word' id='word_1_334' title='bbox 843 1229 882 1261; x_wconf 83' lang='grc' dir='ltr'><strong>είς</strong></span> <span class='ocrx_word' id='word_1_335' title='bbox 894 1229 947 1254; x_wconf 81' lang='grc' dir='ltr'><strong>πᾶν</strong></span> 
     </span>
    </p>
   </div>
   <div class='ocr_carea' id='block_1_41' title="bbox 161 1270 947 1309">
    <p class='ocr_par' dir='ltr' id='par_1_41' title="bbox 161 1270 947 1309">
     <span class='ocr_line' id='line_1_41' title="bbox 161 1270 947 1309; baseline 0.005 -13"><span class='ocrx_word' id='word_1_336' title='bbox 161 1270 248 1296; x_wconf 78' lang='grc' dir='ltr'>ὁτιοῦν</span> <span class='ocrx_word' id='word_1_337' title='bbox 266 1271 319 1298; x_wconf 83' lang='grc' dir='ltr'>τῶν</span> <span class='ocrx_word' id='word_1_338' title='bbox 340 1272 463 1299; x_wconf 74' lang='grc' dir='ltr'>ἐκτόπων</span> <span class='ocrx_word' id='word_1_339' title='bbox 482 1273 604 1304; x_wconf 76' lang='grc' dir='ltr'>εὐπετές.</span> <span class='ocrx_word' id='word_1_340' title='bbox 618 1274 673 1300; x_wconf 71' lang='grc' dir='ltr'><strong>Καὶ</strong></span> <span class='ocrx_word' id='word_1_341' title='bbox 687 1274 798 1301; x_wconf 81' lang='grc' dir='ltr'>νοσείτω</span> <span class='ocrx_word' id='word_1_342' title='bbox 811 1273 879 1309; x_wconf 83' lang='grc' dir='ltr'>μετὰ</span> <span class='ocrx_word' id='word_1_343' title='bbox 892 1273 947 1301; x_wconf 86' lang='grc' dir='ltr'>τῶν</span> 
     </span>
    </p>
   </div>
   <div class='ocr_carea' id='block_1_42' title="bbox 162 1309 947 1353">
    <p class='ocr_par' dir='ltr' id='par_1_42' title="bbox 162 1309 947 1353">
     <span class='ocr_line' id='line_1_42' title="bbox 162 1309 947 1353; baseline 0.008 -13"><span class='ocrx_word' id='word_1_344' title='bbox 162 1313 259 1343; x_wconf 74' lang='grc' dir='ltr'>ἄλλων,</span> <span class='ocrx_word' id='word_1_345' title='bbox 271 1315 294 1341; x_wconf 82' lang='grc' dir='ltr'><strong>εί</strong></span> <span class='ocrx_word' id='word_1_346' title='bbox 308 1314 391 1346; x_wconf 71' lang='grc' dir='ltr'>δοκεῖ,</span> <span class='ocrx_word' id='word_1_347' title='bbox 401 1316 448 1342; x_wconf 70' lang='grc' dir='ltr'>καὶ</span> <span class='ocrx_word' id='word_1_348' title='bbox 459 1316 509 1347; x_wconf 81' lang='grc' dir='ltr'><strong>τὰς</strong></span> <span class='ocrx_word' id='word_1_349' title='bbox 520 1317 595 1352; x_wconf 84' lang='grc' dir='ltr'>παρὰ</span> <span class='ocrx_word' id='word_1_350' title='bbox 602 1317 681 1352; x_wconf 81' lang='grc' dir='ltr'>φύσιν</span> <span class='ocrx_word' id='word_1_351' title='bbox 692 1309 798 1353; x_wconf 69' lang='grc' dir='ltr'>ἡδονάς.</span> <span class='ocrx_word' id='word_1_352' title='bbox 807 1318 947 1346; x_wconf 76' lang='grc' dir='ltr'>Ἀλλ⁷ὄταν</span> 
     </span>
    </p>
   </div>
   <div class='ocr_carea' id='block_1_43' title="bbox 162 1359 945 1399">
    <p class='ocr_par' dir='ltr' id='par_1_43' title="bbox 162 1359 945 1399">
     <span class='ocr_line' id='line_1_43' title="bbox 162 1359 945 1399; baseline 0.008 -13"><span class='ocrx_word' id='word_1_353' title='bbox 162 1361 177 1394; x_wconf 86' lang='grc' dir='ltr'><strong>ή</strong></span> <span class='ocrx_word' id='word_1_354' title='bbox 196 1359 254 1386; x_wconf 69' lang='grc' dir='ltr'>θεία</span> <span class='ocrx_word' id='word_1_355' title='bbox 267 1359 342 1394; x_wconf 72' lang='grc' dir='ltr'>λέγει</span> <span class='ocrx_word' id='word_1_356' title='bbox 359 1361 465 1397; x_wconf 76' lang='grc' dir='ltr'>Γραφὴ,</span> <span class='ocrx_word' id='word_1_357' title='bbox 481 1363 518 1395; x_wconf 79' lang='grc' dir='ltr'><strong>ὡς</strong></span> <span class='ocrx_word' id='word_1_358' title='bbox 531 1364 665 1399; x_wconf 76' lang='grc' dir='ltr'>συνῄεσαν</span> <span class='ocrx_word' id='word_1_359' title='bbox 681 1364 729 1399; x_wconf 84' lang='grc' dir='ltr'>μὲν</span> <span class='ocrx_word' id='word_1_360' title='bbox 742 1366 797 1396; x_wconf 83' lang='grc' dir='ltr'>τοῖς</span> <span class='ocrx_word' id='word_1_361' title='bbox 812 1365 945 1399; x_wconf 79' lang='grc' dir='ltr'>γυναίοις,</span> 
     </span>
    </p>
   </div>
   <div class='ocr_carea' id='block_1_44' title="bbox 162 1404 945 1443">
    <p class='ocr_par' dir='ltr' id='par_1_44' title="bbox 162 1404 945 1443">
     <span class='ocr_line' id='line_1_44' title="bbox 162 1404 945 1443; baseline 0.008 -12"><span class='ocrx_word' id='word_1_362' title='bbox 162 1405 193 1431; x_wconf 71' lang='grc' dir='ltr'><strong>τὰ</strong></span> <span class='ocrx_word' id='word_1_363' title='bbox 207 1404 236 1432; x_wconf 82' lang='grc' dir='ltr'>δὲ</span> <span class='ocrx_word' id='word_1_364' title='bbox 248 1405 323 1432; x_wconf 73' lang='grc' dir='ltr'>ἔτεκε</span> <span class='ocrx_word' id='word_1_365' title='bbox 346 1406 410 1439; x_wconf 81' lang='grc' dir='ltr'>τοὺς</span> <span class='ocrx_word' id='word_1_366' title='bbox 429 1407 613 1443; x_wconf 83' lang='grc' dir='ltr'>καλουμένους</span> <span class='ocrx_word' id='word_1_367' title='bbox 629 1409 760 1443; x_wconf 85' lang='grc' dir='ltr'>γίγαντας</span> <span class='ocrx_word' id='word_1_368' title='bbox 771 1418 778 1425; x_wconf 87' lang='grc'><strong>·</strong></span> <span class='ocrx_word' id='word_1_369' title='bbox 796 1410 945 1442; x_wconf 81' lang='grc' dir='ltr'>τουτέστιν,</span> 
     </span>
    </p>
   </div>
   <div class='ocr_carea' id='block_1_45' title="bbox 162 1449 945 1491">
    <p class='ocr_par' dir='ltr' id='par_1_45' title="bbox 162 1449 945 1491">
     <span class='ocr_line' id='line_1_45' title="bbox 162 1449 945 1491; baseline 0.01 -16"><span class='ocrx_word' id='word_1_370' title='bbox 162 1449 266 1482; x_wconf 78' lang='grc' dir='ltr'>ἐξαίσια</span> <span class='ocrx_word' id='word_1_371' title='bbox 290 1450 402 1485; x_wconf 79' lang='grc' dir='ltr'>τέρατα,</span> <span class='ocrx_word' id='word_1_372' title='bbox 426 1451 496 1488; x_wconf 83' lang='grc' dir='ltr'>πλὴν</span> <span class='ocrx_word' id='word_1_373' title='bbox 519 1453 678 1488; x_wconf 81' lang='grc' dir='ltr'>ἀνθρώπους</span> <span class='ocrx_word' id='word_1_374' title='bbox 705 1455 847 1488; x_wconf 81' lang='grc' dir='ltr'>λογικούς·</span> <span class='ocrx_word' id='word_1_375' title='bbox 862 1456 887 1482; x_wconf 85' lang='grc' dir='ltr'><strong>τί</strong></span> <span class='ocrx_word' id='word_1_376' title='bbox 914 1456 945 1491; x_wconf 81' lang='grc' dir='ltr'>δὴ</span> 
     </span>
    </p>
   </div>
   <div class='ocr_carea' id='block_1_46' title="bbox 161 1496 946 1537">
    <p class='ocr_par' dir='ltr' id='par_1_46' title="bbox 161 1496 946 1537">
     <span class='ocr_line' id='line_1_46' title="bbox 161 1496 946 1537; baseline 0.009 -15"><span class='ocrx_word' id='word_1_377' title='bbox 161 1496 213 1531; x_wconf 75' lang='grc' dir='ltr'>ἄρα</span> <span class='ocrx_word' id='word_1_378' title='bbox 237 1497 305 1532; x_wconf 75' lang='grc' dir='ltr'>πρὸς</span> <span class='ocrx_word' id='word_1_379' title='bbox 324 1498 404 1524; x_wconf 79' lang='grc' dir='ltr'>τοῦτο</span> <span class='ocrx_word' id='word_1_380' title='bbox 424 1498 703 1536; x_wconf 79' lang='grc' dir='ltr'>διαλογίζεσθαιχρή;</span> <span class='ocrx_word' id='word_1_381' title='bbox 717 1501 754 1527; x_wconf 82' lang='grc' dir='ltr'><strong>οὺ</strong></span> <span class='ocrx_word' id='word_1_382' title='bbox 769 1501 823 1537; x_wconf 76' lang='grc' dir='ltr'>γὰρ</span> <span class='ocrx_word' id='word_1_383' title='bbox 838 1502 891 1529; x_wconf 78' lang='grc' dir='ltr'><strong>ἀπό</strong></span> <span class='ocrx_word' id='word_1_384' title='bbox 914 1511 946 1537; x_wconf 87' lang='grc' dir='ltr'><strong>γε</strong></span> 
     </span>
    </p>
   </div>
   <div class='ocr_carea' id='block_1_47' title="bbox 163 1544 946 1582">
    <p class='ocr_par' dir='ltr' id='par_1_47' title="bbox 163 1544 946 1582">
     <span class='ocr_line' id='line_1_47' title="bbox 163 1544 946 1582; baseline 0.009 -14"><span class='ocrx_word' id='word_1_385' title='bbox 163 1544 323 1578; x_wconf 77' lang='grc' dir='ltr'>πνευμάτων</span> <span class='ocrx_word' id='word_1_386' title='bbox 341 1544 395 1570; x_wconf 85' lang='grc' dir='ltr'>τῶν</span> <span class='ocrx_word' id='word_1_387' title='bbox 410 1545 545 1572; x_wconf 78' lang='grc' dir='ltr'><strong>ἀπωτάτω</strong></span> <span class='ocrx_word' id='word_1_388' title='bbox 563 1546 664 1581; x_wconf 73' lang='grc' dir='ltr'>σαρκὸς</span> <span class='ocrx_word' id='word_1_389' title='bbox 682 1547 779 1581; x_wconf 82' lang='grc' dir='ltr'>γένοιτ’</span> <span class='ocrx_word' id='word_1_390' title='bbox 799 1549 831 1575; x_wconf 82' lang='grc' dir='ltr'>ἂν</span> <span class='ocrx_word' id='word_1_391' title='bbox 845 1549 885 1580; x_wconf 75' lang='grc' dir='ltr'><strong>είς</strong></span> <span class='ocrx_word' id='word_1_392' title='bbox 899 1548 946 1582; x_wconf 87' lang='grc' dir='ltr'><strong>γύ-</strong></span> 
     </span>
    </p>
   </div>
   <div class='ocr_carea' id='block_1_48' title="bbox 162 1589 945 1627">
    <p class='ocr_par' dir='ltr' id='par_1_48' title="bbox 162 1589 945 1627">
     <span class='ocr_line' id='line_1_48' title="bbox 162 1589 945 1627; baseline 0.006 -12"><span class='ocrx_word' id='word_1_393' title='bbox 162 1598 234 1616; x_wconf 85' lang='grc' dir='ltr'>ναιον</span> <span class='ocrx_word' id='word_1_394' title='bbox 247 1589 391 1625; x_wconf 84' lang='grc' dir='ltr'>ἀνθρώπου</span> <span class='ocrx_word' id='word_1_395' title='bbox 408 1591 555 1626; x_wconf 76' lang='grc' dir='ltr'>καταϐολή.</span> <span class='ocrx_word' id='word_1_396' title='bbox 577 1592 787 1627; x_wconf 80' lang='grc' dir='ltr'>Εὶκαιομυϐοὖσι</span> <span class='ocrx_word' id='word_1_397' title='bbox 806 1593 835 1619; x_wconf 79' lang='grc' dir='ltr'>δέ</span> <span class='ocrx_word' id='word_1_398' title='bbox 863 1602 945 1627; x_wconf 85' lang='grc' dir='ltr'>τινες,</span> 
     </span>
    </p>
   </div>
   <div class='ocr_carea' id='block_1_49' title="bbox 162 1635 946 1671">
    <p class='ocr_par' dir='ltr' id='par_1_49' title="bbox 162 1635 946 1671">
     <span class='ocr_line' id='line_1_49' title="bbox 162 1635 946 1671; baseline 0.005 -10"><span class='ocrx_word' id='word_1_399' title='bbox 162 1636 207 1661; x_wconf 77' lang='grc' dir='ltr'>καὶ</span> <span class='ocrx_word' id='word_1_400' title='bbox 226 1635 455 1669; x_wconf 76' lang='grc' dir='ltr'>κατασοφίζονται</span> <span class='ocrx_word' id='word_1_401' title='bbox 471 1635 501 1662; x_wconf 79' lang='grc' dir='ltr'>τὸ</span> <span class='ocrx_word' id='word_1_402' title='bbox 523 1636 628 1671; x_wconf 83' lang='grc' dir='ltr'>χρῆμα,</span> <span class='ocrx_word' id='word_1_403' title='bbox 640 1637 763 1668; x_wconf 80' lang='grc' dir='ltr'>πιθανοῖς</span> <span class='ocrx_word' id='word_1_404' title='bbox 787 1638 825 1666; x_wconf 74' lang='grc' dir='ltr'>ὡς</span> <span class='ocrx_word' id='word_1_405' title='bbox 847 1639 946 1665; x_wconf 71' lang='grc' dir='ltr'>οἴονται</span> 
     </span>
    </p>
   </div>
   <div class='ocr_carea' id='block_1_50' title="bbox 163 1681 946 1719">
    <p class='ocr_par' dir='ltr' id='par_1_50' title="bbox 163 1681 946 1719">
     <span class='ocr_line' id='line_1_50' title="bbox 163 1681 946 1719; baseline 0.003 -12"><span class='ocrx_word' id='word_1_406' title='bbox 163 1683 301 1716; x_wconf 61' lang='grc' dir='ltr'>λογισμοῖς</span> <span class='ocrx_word' id='word_1_407' title='bbox 320 1681 348 1708; x_wconf 71' lang='grc' dir='ltr'>τὸ</span> <span class='ocrx_word' id='word_1_408' title='bbox 361 1681 489 1708; x_wconf 73' lang='grc' dir='ltr'>ἀδύνατον</span> <span class='ocrx_word' id='word_1_409' title='bbox 507 1683 733 1714; x_wconf 73' lang='grc' dir='ltr'>ὑποκλέπτοντες·</span> <span class='ocrx_word' id='word_1_410' title='bbox 751 1683 882 1717; x_wconf 78' lang='grc' dir='ltr'>γεγονότα</span> <span class='ocrx_word' id='word_1_411' title='bbox 893 1683 946 1719; x_wconf 77' lang='grc' dir='ltr'>γὰρ</span> 
     </span>
    </p>
   </div>
   <div class='ocr_carea' id='block_1_51' title="bbox 161 1726 948 1765">
    <p class='ocr_par' dir='ltr' id='par_1_51' title="bbox 161 1726 948 1765">
     <span class='ocr_line' id='line_1_51' title="bbox 161 1726 948 1765; baseline 0.005 -13"><span class='ocrx_word' id='word_1_412' title='bbox 161 1727 190 1752; x_wconf 72' lang='grc' dir='ltr'>ἐν</span> <span class='ocrx_word' id='word_1_413' title='bbox 205 1726 317 1762; x_wconf 76' lang='grc' dir='ltr'>ἀνδράσι</span> <span class='ocrx_word' id='word_1_414' title='bbox 328 1727 363 1754; x_wconf 73' lang='grc' dir='ltr'><strong>τὰ</strong></span> <span class='ocrx_word' id='word_1_415' title='bbox 381 1728 487 1763; x_wconf 82' lang='grc' dir='ltr'>πονηρά</span> <span class='ocrx_word' id='word_1_416' title='bbox 503 1736 569 1762; x_wconf 74' lang='grc' dir='ltr'>φασι</span> <span class='ocrx_word' id='word_1_417' title='bbox 583 1728 718 1763; x_wconf 78' lang='grc' dir='ltr'>δαιμόνια,</span> <span class='ocrx_word' id='word_1_418' title='bbox 734 1729 767 1756; x_wconf 85' lang='grc' dir='ltr'><strong>δι’</strong></span> <span class='ocrx_word' id='word_1_419' title='bbox 785 1729 872 1756; x_wconf 80' lang='grc' dir='ltr'>αὐτῶν</span> <span class='ocrx_word' id='word_1_420' title='bbox 891 1731 948 1765; x_wconf 69' lang='grc' dir='ltr'>εἰρ-</span> 
     </span>
    </p>
   </div>
   <div class='ocr_carea' id='block_1_52' title="bbox 163 1773 947 1810">
    <p class='ocr_par' dir='ltr' id='par_1_52' title="bbox 163 1773 947 1810">
     <span class='ocr_line' id='line_1_52' title="bbox 163 1773 947 1810; baseline 0.004 -11"><span class='ocrx_word' id='word_1_421' title='bbox 163 1773 260 1806; x_wconf 78' lang='grc' dir='ltr'>γάζετο</span> <span class='ocrx_word' id='word_1_422' title='bbox 272 1773 320 1806; x_wconf 76' lang='grc' dir='ltr'><strong>τὰς</strong></span> <span class='ocrx_word' id='word_1_423' title='bbox 339 1773 393 1800; x_wconf 85' lang='grc' dir='ltr'><strong>τῶν</strong></span> <span class='ocrx_word' id='word_1_424' title='bbox 417 1775 582 1810; x_wconf 69' lang='grc' dir='ltr'>σπερμάτων</span> <span class='ocrx_word' id='word_1_425' title='bbox 607 1774 769 1806; x_wconf 75' lang='grc' dir='ltr'>καταϐολὰς.</span> <span class='ocrx_word' id='word_1_426' title='bbox 789 1775 905 1810; x_wconf 83' lang='grc' dir='ltr'>Ἀκαλλῆ</span> <span class='ocrx_word' id='word_1_427' title='bbox 920 1776 947 1802; x_wconf 83' lang='grc' dir='ltr'>δὲ</span> 
     </span>
    </p>
   </div>
   <div class='ocr_carea' id='block_1_53' title="bbox 164 1819 947 1857">
    <p class='ocr_par' dir='ltr' id='par_1_53' title="bbox 164 1819 947 1857">
     <span class='ocr_line' id='line_1_53' title="bbox 164 1819 947 1857; baseline 0.003 -12"><span class='ocrx_word' id='word_1_428' title='bbox 164 1819 264 1854; x_wconf 77' lang='grc' dir='ltr'>σφόδρα</span> <span class='ocrx_word' id='word_1_429' title='bbox 278 1819 325 1845; x_wconf 75' lang='grc' dir='ltr'>καὶ</span> <span class='ocrx_word' id='word_1_430' title='bbox 342 1819 461 1854; x_wconf 79' lang='grc' dir='ltr'>ἀμαθίας</span> <span class='ocrx_word' id='word_1_431' title='bbox 474 1819 597 1854; x_wconf 79' lang='grc' dir='ltr'>ἔμπλεων</span> <span class='ocrx_word' id='word_1_432' title='bbox 611 1820 655 1846; x_wconf 72' lang='grc' dir='ltr'><strong>τὸν</strong></span> <span class='ocrx_word' id='word_1_433' title='bbox 666 1820 744 1854; x_wconf 84' lang='grc' dir='ltr'>λόγον</span> <span class='ocrx_word' id='word_1_434' title='bbox 759 1821 850 1852; x_wconf 78' lang='grc' dir='ltr'>αὐτοῖς</span> <span class='ocrx_word' id='word_1_435' title='bbox 866 1821 947 1857; x_wconf 82' lang='grc' dir='ltr'>εὑρή-</span> 
     </span>
    </p>
   </div>
   <div class='ocr_carea' id='block_1_54' title="bbox 163 1865 946 1902">
    <p class='ocr_par' dir='ltr' id='par_1_54' title="bbox 163 1865 946 1902">
     <span class='ocr_line' id='line_1_54' title="bbox 163 1865 946 1902; baseline 0.003 -11"><span class='ocrx_word' id='word_1_436' title='bbox 163 1873 256 1900; x_wconf 82' lang='grc' dir='ltr'>σομεν.</span> <span class='ocrx_word' id='word_1_437' title='bbox 276 1866 308 1892; x_wconf 84' lang='lat' dir='ltr'><strong>&#39;U</strong></span> <span class='ocrx_word' id='word_1_438' title='bbox 329 1865 384 1901; x_wconf 80' lang='grc' dir='ltr'>γὰρ</span> <span class='ocrx_word' id='word_1_439' title='bbox 403 1866 452 1893; x_wconf 79' lang='grc' dir='ltr'>οὐκ</span> <span class='ocrx_word' id='word_1_440' title='bbox 475 1865 585 1901; x_wconf 76' lang='grc' dir='ltr'>εἴρηκεν</span> <span class='ocrx_word' id='word_1_441' title='bbox 614 1866 630 1901; x_wconf 78' lang='grc' dir='ltr'><strong>ἡ</strong></span> <span class='ocrx_word' id='word_1_442' title='bbox 652 1865 708 1892; x_wconf 81' lang='grc' dir='ltr'>θεία</span> <span class='ocrx_word' id='word_1_443' title='bbox 723 1866 827 1901; x_wconf 83' lang='grc' dir='ltr'>Γραφὴ,</span> <span class='ocrx_word' id='word_1_444' title='bbox 841 1866 900 1893; x_wconf 76' lang='grc' dir='ltr'>τίνα</span> <span class='ocrx_word' id='word_1_445' title='bbox 915 1867 946 1902; x_wconf 89' lang='grc' dir='ltr'>δὴ</span> 
     </span>
    </p>
   </div>
   <div class='ocr_carea' id='block_1_55' title="bbox 163 1911 947 1947">
    <p class='ocr_par' dir='ltr' id='par_1_55' title="bbox 163 1911 947 1947">
     <span class='ocr_line' id='line_1_55' title="bbox 163 1911 947 1947; baseline 0 -9"><span class='ocrx_word' id='word_1_446' title='bbox 163 1911 263 1946; x_wconf 81' lang='grc' dir='ltr'>τρόπον</span> <span class='ocrx_word' id='word_1_447' title='bbox 284 1911 502 1947; x_wconf 80' lang='grc' dir='ltr'>παραδεξόμεθα,</span> <span class='ocrx_word' id='word_1_448' title='bbox 525 1912 571 1938; x_wconf 73' lang='grc' dir='ltr'><strong>καὶ</strong></span> <span class='ocrx_word' id='word_1_449' title='bbox 600 1913 629 1938; x_wconf 78' lang='grc' dir='ltr'>ἐν</span> <span class='ocrx_word' id='word_1_450' title='bbox 649 1913 705 1943; x_wconf 79' lang='grc' dir='ltr'>τοῖς</span> <span class='ocrx_word' id='word_1_451' title='bbox 727 1911 833 1947; x_wconf 80' lang='grc' dir='ltr'>άληθῶς</span> <span class='ocrx_word' id='word_1_452' title='bbox 857 1911 947 1946; x_wconf 71' lang='grc' dir='ltr'>ἔχουσι</span> 
     </span>
    </p>
   </div>
   <div class='ocr_carea' id='block_1_56' title="bbox 164 1956 947 1991">
    <p class='ocr_par' dir='ltr' id='par_1_56' title="bbox 164 1956 947 1991">
     <span class='ocr_line' id='line_1_56' title="bbox 164 1956 947 1991; baseline 0.003 -9"><span class='ocrx_word' id='word_1_453' title='bbox 164 1956 416 1991; x_wconf 71' lang='grc' dir='ltr'>καταλογιούμεθα;</span> <span class='ocrx_word' id='word_1_454' title='bbox 446 1956 550 1983; x_wconf 78' lang='grc' dir='ltr'>Οὐκοῦν</span> <span class='ocrx_word' id='word_1_455' title='bbox 584 1956 797 1991; x_wconf 77' lang='grc' dir='ltr'>ἁναγνωσόμεθα</span> <span class='ocrx_word' id='word_1_456' title='bbox 831 1956 947 1991; x_wconf 85' lang='grc' dir='ltr'>μᾶλλον·</span> 
     </span>
    </p>
   </div>
   <div class='ocr_carea' id='block_1_57' title="bbox 167 2001 950 2038">
    <p class='ocr_par' dir='ltr' id='par_1_57' title="bbox 167 2001 950 2038">
     <span class='ocr_line' id='line_1_57' title="bbox 167 2001 950 2038; baseline 0.001 -10"><span class='ocrx_word' id='word_1_457' title='bbox 167 2011 176 2028; x_wconf 75' lang='grc' dir='ltr'><strong>ε</strong></span> <span class='ocrx_word' id='word_1_458' title='bbox 192 2002 303 2034; x_wconf 75' lang='grc' dir='ltr'>’ἰδόντες</span> <span class='ocrx_word' id='word_1_459' title='bbox 317 2002 346 2028; x_wconf 78' lang='grc' dir='ltr'>δὲ</span> <span class='ocrx_word' id='word_1_460' title='bbox 360 2002 385 2029; x_wconf 81' lang='grc' dir='ltr'>οἱ</span> <span class='ocrx_word' id='word_1_461' title='bbox 406 2003 458 2029; x_wconf 79' lang='grc' dir='ltr'>υἱοὶ</span> <span class='ocrx_word' id='word_1_462' title='bbox 473 2002 519 2028; x_wconf 84' lang='grc' dir='ltr'><strong>τοῦ</strong></span> <span class='ocrx_word' id='word_1_463' title='bbox 534 2001 601 2028; x_wconf 79' lang='grc' dir='ltr'>Θεοῦ</span> <span class='ocrx_word' id='word_1_464' title='bbox 617 2002 664 2033; x_wconf 76' lang='grc' dir='ltr'>τὰς</span> <span class='ocrx_word' id='word_1_465' title='bbox 677 2001 829 2038; x_wconf 82' lang='grc' dir='ltr'>ουγατὲρας</span> <span class='ocrx_word' id='word_1_466' title='bbox 841 2002 895 2029; x_wconf 81' lang='grc' dir='ltr'>τῶν</span> <span class='ocrx_word' id='word_1_467' title='bbox 907 2003 950 2029; x_wconf 54' lang='grc' dir='ltr'><strong>ἀν.</strong></span> 
     </span>
    </p>
   </div>
   <div class='ocr_carea' id='block_1_58' title="bbox 165 2048 949 2084">
    <p class='ocr_par' dir='ltr' id='par_1_58' title="bbox 165 2048 949 2084">
     <span class='ocr_line' id='line_1_58' title="bbox 165 2048 949 2084; baseline 0.001 -10"><span class='ocrx_word' id='word_1_468' title='bbox 165 2048 290 2084; x_wconf 77' lang='grc' dir='ltr'>θρώπων,</span> <span class='ocrx_word' id='word_1_469' title='bbox 311 2048 353 2075; x_wconf 82' lang='grc' dir='ltr'>ὅτι</span> <span class='ocrx_word' id='word_1_470' title='bbox 374 2048 453 2075; x_wconf 74' lang='grc' dir='ltr'>καλαί</span> <span class='ocrx_word' id='word_1_471' title='bbox 477 2048 554 2079; x_wconf 81' lang='grc' dir='ltr'>εἰσιν,</span> <span class='ocrx_word' id='word_1_472' title='bbox 571 2048 665 2074; x_wconf 71' lang='grc' dir='ltr'>ἔλαϐον</span> <span class='ocrx_word' id='word_1_473' title='bbox 685 2048 790 2079; x_wconf 76' lang='grc' dir='ltr'>ἑαυτοῖς</span> <span class='ocrx_word' id='word_1_474' title='bbox 817 2050 949 2082; x_wconf 83' lang='grc' dir='ltr'>γυναῖκας</span> 
     </span>
    </p>
   </div>
   <div class='ocr_carea' id='block_1_59' title="bbox 165 2092 948 2130">
    <p class='ocr_par' dir='ltr' id='par_1_59' title="bbox 165 2092 948 2130">
     <span class='ocr_line' id='line_1_59' title="bbox 165 2092 948 2130; baseline -0.001 -8"><span class='ocrx_word' id='word_1_475' title='bbox 165 2095 217 2122; x_wconf 78' lang='grc' dir='ltr'><strong>ἀπὸ</strong></span> <span class='ocrx_word' id='word_1_476' title='bbox 242 2095 338 2122; x_wconf 82' lang='grc' dir='ltr'>πασῶν</span> <span class='ocrx_word' id='word_1_477' title='bbox 363 2092 400 2121; x_wconf 83' lang='grc' dir='ltr'>ὧν</span> <span class='ocrx_word' id='word_1_478' title='bbox 422 2095 607 2128; x_wconf 75' lang='grc' dir='ltr'>ἐξελέξαντο.»</span> <span class='ocrx_word' id='word_1_479' title='bbox 630 2094 759 2129; x_wconf 78' lang='grc' dir='ltr'>Ἐμπεδοῖ</span> <span class='ocrx_word' id='word_1_480' title='bbox 787 2094 816 2121; x_wconf 82' lang='grc' dir='ltr'>δὲ</span> <span class='ocrx_word' id='word_1_481' title='bbox 849 2095 948 2130; x_wconf 78' lang='grc' dir='ltr'>μᾶλλον</span> 
     </span>
    </p>
   </div>
   <div class='ocr_carea' id='block_1_60' title="bbox 165 2140 949 2177">
    <p class='ocr_par' dir='ltr' id='par_1_60' title="bbox 165 2140 949 2177">
     <span class='ocr_line' id='line_1_60' title="bbox 165 2140 949 2177; baseline -0.001 -10"><span class='ocrx_word' id='word_1_482' title='bbox 165 2142 229 2176; x_wconf 74' lang='grc' dir='ltr'>ἡμῖν</span> <span class='ocrx_word' id='word_1_483' title='bbox 241 2140 330 2177; x_wconf 71' lang='grc' dir='ltr'>ὀρθῶς</span> <span class='ocrx_word' id='word_1_484' title='bbox 352 2140 465 2175; x_wconf 73' lang='grc' dir='ltr'>ἔχουσαν</span> <span class='ocrx_word' id='word_1_485' title='bbox 478 2140 527 2175; x_wconf 85' lang='grc' dir='ltr'>τὴν</span> <span class='ocrx_word' id='word_1_486' title='bbox 537 2140 640 2167; x_wconf 83' lang='grc' dir='ltr'>τοιάνδε</span> <span class='ocrx_word' id='word_1_487' title='bbox 652 2141 769 2176; x_wconf 70' lang='grc' dir='ltr'>γραφὴν,</span> <span class='ocrx_word' id='word_1_488' title='bbox 781 2141 828 2167; x_wconf 70' lang='grc' dir='ltr'>καὶ</span> <span class='ocrx_word' id='word_1_489' title='bbox 841 2142 856 2176; x_wconf 80' lang='grc' dir='ltr'>ἡ</span> <span class='ocrx_word' id='word_1_490' title='bbox 874 2140 949 2176; x_wconf 73' lang='grc' dir='ltr'>παρὰ</span> 
     </span>
    </p>
   </div>
   <div class='ocr_carea' id='block_1_61' title="bbox 164 2186 948 2223">
    <p class='ocr_par' dir='ltr' id='par_1_61' title="bbox 164 2186 948 2223">
     <span class='ocr_line' id='line_1_61' title="bbox 164 2186 948 2223; baseline -0.001 -9"><span class='ocrx_word' id='word_1_491' title='bbox 164 2186 217 2214; x_wconf 84' lang='grc' dir='ltr'>τῶν</span> <span class='ocrx_word' id='word_1_492' title='bbox 229 2186 330 2222; x_wconf 75' lang='grc' dir='ltr'>ἑτέρων</span> <span class='ocrx_word' id='word_1_493' title='bbox 351 2187 524 2222; x_wconf 78' lang='grc' dir='ltr'>ἑρμηνευτῶν</span> <span class='ocrx_word' id='word_1_494' title='bbox 543 2187 678 2219; x_wconf 81' lang='grc' dir='ltr'>ἀπόδοσις.</span> <span class='ocrx_word' id='word_1_495' title='bbox 699 2187 815 2219; x_wconf 83' lang='grc' dir='ltr'>’Λκύλας</span> <span class='ocrx_word' id='word_1_496' title='bbox 832 2187 881 2222; x_wconf 77' lang='grc' dir='ltr'>μὲν</span> <span class='ocrx_word' id='word_1_497' title='bbox 894 2188 948 2223; x_wconf 83' lang='grc' dir='ltr'>γάρ</span> 
     </span>
    </p>
   </div>
   <div class='ocr_carea' id='block_1_62' title="bbox 998 951 1786 988">
    <p class='ocr_par' dir='ltr' id='par_1_62' title="bbox 998 951 1786 988">
     <span class='ocr_line' id='line_1_62' title="bbox 998 951 1786 988; baseline 0 -8"><span class='ocrx_word' id='word_1_498' title='bbox 998 959 1045 980; x_wconf 85' lang='lat' dir='ltr'><strong>aut</strong></span> <span class='ocrx_word' id='word_1_499' title='bbox 1057 961 1111 988; x_wconf 89' lang='lat' dir='ltr'><strong>qua</strong></span> <span class='ocrx_word' id='word_1_500' title='bbox 1128 954 1187 988; x_wconf 79' lang='lat' dir='ltr'><strong>lege</strong></span> <span class='ocrx_word' id='word_1_501' title='bbox 1200 960 1249 979; x_wconf 88' lang='lat' dir='ltr'><strong>eos</strong></span> <span class='ocrx_word' id='word_1_502' title='bbox 1260 951 1403 984; x_wconf 83' lang='lat' dir='ltr'><strong>incitante,</strong></span> <span class='ocrx_word' id='word_1_503' title='bbox 1417 952 1648 987; x_wconf 79' lang='lat' dir='ltr'><strong>quemadmodum</strong></span> <span class='ocrx_word' id='word_1_504' title='bbox 1664 953 1720 980; x_wconf 77' lang='lat' dir='ltr'><strong>fere</strong></span> <span class='ocrx_word' id='word_1_505' title='bbox 1736 961 1786 980; x_wconf 80' lang='lat' dir='ltr'><strong>nos</strong></span> 
     </span>
    </p>
   </div>
   <div class='ocr_carea' id='block_1_63' title="bbox 998 997 1786 1034">
    <p class='ocr_par' dir='ltr' id='par_1_63' title="bbox 998 997 1786 1034">
     <span class='ocr_line' id='line_1_63' title="bbox 998 997 1786 1034; baseline -0.001 -8"><span class='ocrx_word' id='word_1_506' title='bbox 998 1000 1071 1032; x_wconf 86' lang='lat' dir='ltr'><strong>ipsos</strong></span> <span class='ocrx_word' id='word_1_507' title='bbox 1095 999 1130 1026; x_wconf 90' lang='lat' dir='ltr'><strong>ad</strong></span> <span class='ocrx_word' id='word_1_508' title='bbox 1153 998 1321 1034; x_wconf 87' lang='lat' dir='ltr'><strong>ejuscemodi</strong></span> <span class='ocrx_word' id='word_1_509' title='bbox 1345 998 1489 1026; x_wconf 70' lang='lat' dir='ltr'><strong>adectibus</strong></span> <span class='ocrx_word' id='word_1_510' title='bbox 1515 997 1712 1029; x_wconf 85' lang='lat' dir='ltr'><strong>laborandum,</strong></span> <span class='ocrx_word' id='word_1_511' title='bbox 1739 1003 1786 1026; x_wconf 80' lang='lat' dir='ltr'><strong>aut</strong></span> 
     </span>
    </p>
   </div>
   <div class='ocr_carea' id='block_1_64' title="bbox 998 1043 1785 1079">
    <p class='ocr_par' dir='ltr' id='par_1_64' title="bbox 998 1043 1785 1079">
     <span class='ocr_line' id='line_1_64' title="bbox 998 1043 1785 1079; baseline -0.001 -7"><span class='ocrx_word' id='word_1_512' title='bbox 998 1045 1073 1072; x_wconf 88' lang='lat' dir='ltr'><strong>aliis?</strong></span> <span class='ocrx_word' id='word_1_513' title='bbox 1092 1045 1186 1079; x_wconf 82' lang='lat' dir='ltr'><strong>Neque</strong></span> <span class='ocrx_word' id='word_1_514' title='bbox 1208 1051 1275 1071; x_wconf 88' lang='lat' dir='ltr'><strong>vero</strong></span> <span class='ocrx_word' id='word_1_515' title='bbox 1294 1044 1392 1070; x_wconf 86' lang='lat' dir='ltr'><strong>harum</strong></span> <span class='ocrx_word' id='word_1_516' title='bbox 1414 1051 1506 1071; x_wconf 86' lang='lat' dir='ltr'><strong>rerum</strong></span> <span class='ocrx_word' id='word_1_517' title='bbox 1529 1044 1607 1079; x_wconf 89' lang='lat' dir='ltr'><strong>culpa</strong></span> <span class='ocrx_word' id='word_1_518' title='bbox 1632 1043 1785 1071; x_wconf 69' lang='lat' dir='ltr'><strong>daemonum</strong></span> 
     </span>
    </p>
   </div>
   <div class='ocr_carea' id='block_1_65' title="bbox 998 1089 1785 1125">
    <p class='ocr_par' dir='ltr' id='par_1_65' title="bbox 998 1089 1785 1125">
     <span class='ocr_line' id='line_1_65' title="bbox 998 1089 1785 1125; baseline -0.003 -7"><span class='ocrx_word' id='word_1_519' title='bbox 998 1090 1108 1118; x_wconf 82' lang='lat' dir='ltr'><strong>turbam</strong></span> <span class='ocrx_word' id='word_1_520' title='bbox 1124 1090 1283 1116; x_wconf 87' lang='lat' dir='ltr'><strong>liberamus.</strong></span> <span class='ocrx_word' id='word_1_521' title='bbox 1301 1089 1404 1124; x_wconf 83' lang='lat' dir='ltr'><strong>impuri</strong></span> <span class='ocrx_word' id='word_1_522' title='bbox 1420 1089 1494 1117; x_wconf 89' lang='lat' dir='ltr'><strong>enim</strong></span> <span class='ocrx_word' id='word_1_523' title='bbox 1514 1097 1547 1116; x_wconf 88' lang='lat' dir='ltr'><strong>ac</strong></span> <span class='ocrx_word' id='word_1_524' title='bbox 1566 1090 1685 1124; x_wconf 77' lang='lat' dir='ltr'><strong>profani,</strong></span> <span class='ocrx_word' id='word_1_525' title='bbox 1705 1094 1785 1125; x_wconf 85' lang='lat' dir='ltr'><strong>atque</strong></span> 
     </span>
    </p>
   </div>
   <div class='ocr_carea' id='block_1_66' title="bbox 998 1134 1785 1171">
    <p class='ocr_par' dir='ltr' id='par_1_66' title="bbox 998 1134 1785 1171">
     <span class='ocr_line' id='line_1_66' title="bbox 998 1134 1785 1171; baseline -0.001 -8"><span class='ocrx_word' id='word_1_526' title='bbox 998 1136 1026 1163; x_wconf 92' lang='lat' dir='ltr'><strong>in</strong></span> <span class='ocrx_word' id='word_1_527' title='bbox 1040 1135 1157 1171; x_wconf 85' lang='lat' dir='ltr'><strong>quodvis</strong></span> <span class='ocrx_word' id='word_1_528' title='bbox 1169 1134 1349 1169; x_wconf 86' lang='lat' dir='ltr'><strong>turpitudinis</strong></span> <span class='ocrx_word' id='word_1_529' title='bbox 1365 1142 1452 1169; x_wconf 78' lang='lat' dir='ltr'><strong>genus</strong></span> <span class='ocrx_word' id='word_1_530' title='bbox 1467 1135 1603 1169; x_wconf 77' lang='lat' dir='ltr'><strong>proclives</strong></span> <span class='ocrx_word' id='word_1_531' title='bbox 1617 1138 1690 1162; x_wconf 90' lang='lat' dir='ltr'><strong>sunt.</strong></span> <span class='ocrx_word' id='word_1_532' title='bbox 1704 1135 1785 1170; x_wconf 84' lang='lat' dir='ltr'><strong>Atqui</strong></span> 
     </span>
    </p>
   </div>
   <div class='ocr_carea' id='block_1_67' title="bbox 997 1181 1786 1216">
    <p class='ocr_par' dir='ltr' id='par_1_67' title="bbox 997 1181 1786 1216">
     <span class='ocr_line' id='line_1_67' title="bbox 997 1181 1786 1216; baseline -0.003 -6"><span class='ocrx_word' id='word_1_533' title='bbox 997 1182 1103 1210; x_wconf 81' lang='lat' dir='ltr'><strong>laboret</strong></span> <span class='ocrx_word' id='word_1_534' title='bbox 1127 1181 1220 1213; x_wconf 84' lang='lat' dir='ltr'><strong>etiam,</strong></span> <span class='ocrx_word' id='word_1_535' title='bbox 1244 1181 1266 1208; x_wconf 87' lang='lat' dir='ltr'><strong>si</strong></span> <span class='ocrx_word' id='word_1_536' title='bbox 1293 1181 1391 1216; x_wconf 86' lang='lat' dir='ltr'><strong>placet,</strong></span> <span class='ocrx_word' id='word_1_537' title='bbox 1414 1188 1476 1208; x_wconf 90' lang='lat' dir='ltr'><strong>cum</strong></span> <span class='ocrx_word' id='word_1_538' title='bbox 1501 1181 1572 1213; x_wconf 87' lang='lat' dir='ltr'><strong>aliis,</strong></span> <span class='ocrx_word' id='word_1_539' title='bbox 1599 1181 1786 1216; x_wconf 80' lang='lat' dir='ltr'><strong>voluptatibus</strong></span> 
     </span>
    </p>
   </div>
   <div class='ocr_carea' id='block_1_68' title="bbox 997 1224 1791 1263">
    <p class='ocr_par' dir='ltr' id='par_1_68' title="bbox 997 1224 1791 1263">
     <span class='ocr_line' id='line_1_68' title="bbox 997 1224 1791 1263; baseline -0.004 -9"><span class='ocrx_word' id='word_1_540' title='bbox 997 1235 1107 1263; x_wconf 83' lang='lat' dir='ltr'><strong>quoque</strong></span> <span class='ocrx_word' id='word_1_541' title='bbox 1115 1232 1220 1254; x_wconf 69' lang='lat' dir='ltr'><strong>naturae</strong></span> <span class='ocrx_word' id='word_1_542' title='bbox 1229 1234 1285 1253; x_wconf 66' lang='lat' dir='ltr'><strong>suae</strong></span> <span class='ocrx_word' id='word_1_543' title='bbox 1295 1225 1520 1260; x_wconf 76' lang='lat' dir='ltr'><strong>repugnantibus.</strong></span> <span class='ocrx_word' id='word_1_544' title='bbox 1531 1224 1666 1252; x_wconf 65' lang='lat' dir='ltr'><strong>Caaterum</strong></span> <span class='ocrx_word' id='word_1_545' title='bbox 1676 1225 1791 1260; x_wconf 78' lang='lat' dir='ltr'><strong>quando</strong></span> 
     </span>
    </p>
   </div>
   <div class='ocr_carea' id='block_1_69' title="bbox 998 1271 1787 1308">
    <p class='ocr_par' dir='ltr' id='par_1_69' title="bbox 998 1271 1787 1308">
     <span class='ocr_line' id='line_1_69' title="bbox 998 1271 1787 1308; baseline -0.004 -7"><span class='ocrx_word' id='word_1_546' title='bbox 998 1273 1088 1301; x_wconf 87' lang='lat' dir='ltr'><strong>divina</strong></span> <span class='ocrx_word' id='word_1_547' title='bbox 1096 1273 1237 1308; x_wconf 87' lang='lat' dir='ltr'><strong>Scriptura</strong></span> <span class='ocrx_word' id='word_1_548' title='bbox 1256 1272 1345 1307; x_wconf 81' lang='lat' dir='ltr'><strong>inquit</strong></span> <span class='ocrx_word' id='word_1_549' title='bbox 1358 1271 1430 1306; x_wconf 87' lang='lat' dir='ltr'><strong>quod</strong></span> <span class='ocrx_word' id='word_1_550' title='bbox 1438 1271 1577 1306; x_wconf 80' lang='lat' dir='ltr'><strong>congressi</strong></span> <span class='ocrx_word' id='word_1_551' title='bbox 1584 1276 1648 1298; x_wconf 91' lang='lat' dir='ltr'><strong>sunt</strong></span> <span class='ocrx_word' id='word_1_552' title='bbox 1657 1279 1717 1299; x_wconf 85' lang='lat' dir='ltr'><strong>cum</strong></span> <span class='ocrx_word' id='word_1_553' title='bbox 1727 1278 1787 1298; x_wconf 93' lang='lat' dir='ltr'><strong>mu-</strong></span> 
     </span>
    </p>
   </div>
   <div class='ocr_carea' id='block_1_70' title="bbox 997 1317 1789 1354">
    <p class='ocr_par' dir='ltr' id='par_1_70' title="bbox 997 1317 1789 1354">
     <span class='ocr_line' id='line_1_70' title="bbox 997 1317 1789 1354; baseline -0.003 -8"><span class='ocrx_word' id='word_1_554' title='bbox 997 1319 1121 1352; x_wconf 86' lang='lat' dir='ltr'><strong>lieribus,</strong></span> <span class='ocrx_word' id='word_1_555' title='bbox 1136 1319 1251 1354; x_wconf 77' lang='lat' dir='ltr'><strong>29ilhe</strong></span> <span class='ocrx_word' id='word_1_556' title='bbox 1263 1326 1328 1346; x_wconf 86' lang='lat' dir='ltr'><strong>vero</strong></span> <span class='ocrx_word' id='word_1_557' title='bbox 1347 1322 1512 1353; x_wconf 86' lang='lat' dir='ltr'><strong>pepererunt</strong></span> <span class='ocrx_word' id='word_1_558' title='bbox 1526 1322 1636 1345; x_wconf 83' lang='lat' dir='ltr'><strong>vocatos</strong></span> <span class='ocrx_word' id='word_1_559' title='bbox 1653 1317 1789 1352; x_wconf 71' lang='lat' dir='ltr'><strong>gigantes,</strong></span> 
     </span>
    </p>
   </div>
   <div class='ocr_carea' id='block_1_71' title="bbox 997 1363 1786 1400">
    <p class='ocr_par' dir='ltr' id='par_1_71' title="bbox 997 1363 1786 1400">
     <span class='ocr_line' id='line_1_71' title="bbox 997 1363 1786 1400; baseline -0.004 -7"><span class='ocrx_word' id='word_1_560' title='bbox 997 1365 1050 1393; x_wconf 88' lang='lat' dir='ltr'><strong>hoc</strong></span> <span class='ocrx_word' id='word_1_561' title='bbox 1066 1370 1118 1397; x_wconf 84' lang='lat' dir='ltr'><strong>est,</strong></span> <span class='ocrx_word' id='word_1_562' title='bbox 1132 1365 1251 1400; x_wconf 80' lang='lat' dir='ltr'><strong>ingentia</strong></span> <span class='ocrx_word' id='word_1_563' title='bbox 1272 1368 1403 1396; x_wconf 81' lang='lat' dir='ltr'><strong>menstra,</strong></span> <span class='ocrx_word' id='word_1_564' title='bbox 1416 1367 1547 1391; x_wconf 67' lang='lat' dir='ltr'><strong>ueterum</strong></span> <span class='ocrx_word' id='word_1_565' title='bbox 1565 1363 1691 1390; x_wconf 92' lang='lat' dir='ltr'><strong>homines</strong></span> <span class='ocrx_word' id='word_1_566' title='bbox 1702 1363 1786 1390; x_wconf 47' lang='lat' dir='ltr'><strong>ratio‘</strong></span> 
     </span>
    </p>
   </div>
   <div class='ocr_carea' id='block_1_72' title="bbox 997 1410 1786 1447">
    <p class='ocr_par' dir='ltr' id='par_1_72' title="bbox 997 1410 1786 1447">
     <span class='ocr_line' id='line_1_72' title="bbox 997 1410 1786 1447; baseline -0.005 -7"><span class='ocrx_word' id='word_1_567' title='bbox 997 1413 1041 1440; x_wconf 89' lang='lat' dir='ltr'><strong>nis</strong></span> <span class='ocrx_word' id='word_1_568' title='bbox 1052 1412 1216 1447; x_wconf 84' lang='lat' dir='ltr'><strong>participes,</strong></span> <span class='ocrx_word' id='word_1_569' title='bbox 1232 1411 1297 1446; x_wconf 89' lang='lat' dir='ltr'><strong>quid</strong></span> <span class='ocrx_word' id='word_1_570' title='bbox 1314 1411 1348 1438; x_wconf 91' lang='lat' dir='ltr'><strong>dc</strong></span> <span class='ocrx_word' id='word_1_571' title='bbox 1360 1411 1412 1438; x_wconf 90' lang='lat' dir='ltr'><strong>hoc</strong></span> <span class='ocrx_word' id='word_1_572' title='bbox 1425 1410 1542 1445; x_wconf 88' lang='lat' dir='ltr'><strong>amplius</strong></span> <span class='ocrx_word' id='word_1_573' title='bbox 1554 1410 1692 1445; x_wconf 74' lang='lat' dir='ltr'><strong>ambigere</strong></span> <span class='ocrx_word' id='word_1_574' title='bbox 1704 1417 1786 1444; x_wconf 82' lang='lat' dir='ltr'><strong>opor-</strong></span> 
     </span>
    </p>
   </div>
   <div class='ocr_carea' id='block_1_73' title="bbox 998 1456 1786 1493">
    <p class='ocr_par' dir='ltr' id='par_1_73' title="bbox 998 1456 1786 1493">
     <span class='ocr_line' id='line_1_73' title="bbox 998 1456 1786 1493; baseline -0.004 -7"><span class='ocrx_word' id='word_1_575' title='bbox 998 1459 1054 1486; x_wconf 87' lang='lat' dir='ltr'><strong>tet?</strong></span> <span class='ocrx_word' id='word_1_576' title='bbox 1065 1458 1158 1493; x_wconf 85' lang='lat' dir='ltr'><strong>Neque</strong></span> <span class='ocrx_word' id='word_1_577' title='bbox 1171 1458 1244 1485; x_wconf 80' lang='lat' dir='ltr'><strong>enim</strong></span> <span class='ocrx_word' id='word_1_578' title='bbox 1256 1465 1270 1485; x_wconf 84' lang='lat' dir='ltr'><strong>a</strong></span> <span class='ocrx_word' id='word_1_579' title='bbox 1289 1457 1432 1492; x_wconf 88' lang='lat' dir='ltr'><strong>spiritibus</strong></span> <span class='ocrx_word' id='word_1_580' title='bbox 1449 1456 1607 1491; x_wconf 82' lang='lat' dir='ltr'><strong>longissime</strong></span> <span class='ocrx_word' id='word_1_581' title='bbox 1619 1463 1634 1482; x_wconf 89' lang='lat' dir='ltr'><strong>a</strong></span> <span class='ocrx_word' id='word_1_582' title='bbox 1647 1463 1728 1483; x_wconf 87' lang='lat' dir='ltr'><strong>carne</strong></span> <span class='ocrx_word' id='word_1_583' title='bbox 1742 1463 1786 1483; x_wconf 87' lang='lat' dir='ltr'><strong>se-</strong></span> 
     </span>
    </p>
   </div>
   <div class='ocr_carea' id='block_1_74' title="bbox 997 1501 1787 1536">
    <p class='ocr_par' dir='ltr' id='par_1_74' title="bbox 997 1501 1787 1536">
     <span class='ocr_line' id='line_1_74' title="bbox 997 1501 1787 1536; baseline -0.006 -4"><span class='ocrx_word' id='word_1_584' title='bbox 997 1505 1081 1532; x_wconf 84' lang='lat' dir='ltr'><strong>motis</strong></span> <span class='ocrx_word' id='word_1_585' title='bbox 1094 1504 1140 1531; x_wconf 87' lang='lat' dir='ltr'><strong>ﬁat</strong></span> <span class='ocrx_word' id='word_1_586' title='bbox 1157 1504 1183 1530; x_wconf 90' lang='lat' dir='ltr'><strong>&#39;m</strong></span> <span class='ocrx_word' id='word_1_587' title='bbox 1199 1503 1313 1530; x_wconf 85' lang='lat' dir='ltr'><strong>muliere</strong></span> <span class='ocrx_word' id='word_1_588' title='bbox 1327 1503 1448 1530; x_wconf 86' lang='lat' dir='ltr'><strong>hominis</strong></span> <span class='ocrx_word' id='word_1_589' title='bbox 1462 1502 1632 1529; x_wconf 86' lang='lat' dir='ltr'><strong>constitutio.</strong></span> <span class='ocrx_word' id='word_1_590' title='bbox 1646 1501 1787 1536; x_wconf 77' lang='lat' dir='ltr'><strong>Nugantur</strong></span> 
     </span>
    </p>
   </div>
   <div class='ocr_carea' id='block_1_75' title="bbox 997 1547 1785 1581">
    <p class='ocr_par' dir='ltr' id='par_1_75' title="bbox 997 1547 1785 1581">
     <span class='ocr_line' id='line_1_75' title="bbox 997 1547 1785 1581; baseline -0.005 -4"><span class='ocrx_word' id='word_1_591' title='bbox 997 1554 1088 1577; x_wconf 87' lang='lat' dir='ltr'><strong>autem</strong></span> <span class='ocrx_word' id='word_1_592' title='bbox 1102 1550 1238 1581; x_wconf 91' lang='lat' dir='ltr'><strong>nonnulli,</strong></span> <span class='ocrx_word' id='word_1_593' title='bbox 1253 1554 1280 1576; x_wconf 90' lang='lat' dir='ltr'><strong>et</strong></span> <span class='ocrx_word' id='word_1_594' title='bbox 1295 1549 1372 1576; x_wconf 84' lang='lat' dir='ltr'><strong>vanis</strong></span> <span class='ocrx_word' id='word_1_595' title='bbox 1384 1547 1547 1576; x_wconf 80' lang='lat' dir='ltr'><strong>commentis</strong></span> <span class='ocrx_word' id='word_1_596' title='bbox 1559 1555 1616 1574; x_wconf 91' lang='lat' dir='ltr'><strong>rem</strong></span> <span class='ocrx_word' id='word_1_597' title='bbox 1632 1547 1785 1578; x_wconf 79' lang='lat' dir='ltr'><strong>involvunt,</strong></span> 
     </span>
    </p>
   </div>
   <div class='ocr_carea' id='block_1_76' title="bbox 999 1593 1785 1628">
    <p class='ocr_par' dir='ltr' id='par_1_76' title="bbox 999 1593 1785 1628">
     <span class='ocr_line' id='line_1_76' title="bbox 999 1593 1785 1628; baseline -0.006 -4"><span class='ocrx_word' id='word_1_598' title='bbox 999 1596 1204 1628; x_wconf 85' lang='lat' dir='ltr'><strong>verisimilibus,</strong></span> <span class='ocrx_word' id='word_1_599' title='bbox 1219 1600 1249 1623; x_wconf 86' lang='lat' dir='ltr'><strong>ut</strong></span> <span class='ocrx_word' id='word_1_600' title='bbox 1261 1595 1439 1625; x_wconf 84' lang='lat' dir='ltr'><strong>arbitrantur,</strong></span> <span class='ocrx_word' id='word_1_601' title='bbox 1451 1593 1602 1621; x_wconf 83' lang='lat' dir='ltr'><strong>rationibus</strong></span> <span class='ocrx_word' id='word_1_602' title='bbox 1613 1593 1639 1620; x_wconf 87' lang='lat' dir='ltr'><strong>id</strong></span> <span class='ocrx_word' id='word_1_603' title='bbox 1649 1593 1721 1627; x_wconf 87' lang='lat' dir='ltr'><strong>quod</strong></span> <span class='ocrx_word' id='word_1_604' title='bbox 1734 1593 1785 1619; x_wconf 90' lang='lat' dir='ltr'><strong>im-</strong></span> 
     </span>
    </p>
   </div>
   <div class='ocr_carea' id='block_1_77' title="bbox 999 1638 1786 1676">
    <p class='ocr_par' dir='ltr' id='par_1_77' title="bbox 999 1638 1786 1676">
     <span class='ocr_line' id='line_1_77' title="bbox 999 1638 1786 1676; baseline -0.005 -8"><span class='ocrx_word' id='word_1_605' title='bbox 999 1641 1129 1676; x_wconf 84' lang='lat' dir='ltr'><strong>possibile</strong></span> <span class='ocrx_word' id='word_1_606' title='bbox 1143 1645 1193 1672; x_wconf 90' lang='lat' dir='ltr'><strong>est,</strong></span> <span class='ocrx_word' id='word_1_607' title='bbox 1214 1640 1366 1675; x_wconf 85' lang='lat' dir='ltr'><strong>paliiantcs.</strong></span> <span class='ocrx_word' id='word_1_608' title='bbox 1383 1639 1495 1674; x_wconf 87' lang='lat' dir='ltr'><strong>Illapsos</strong></span> <span class='ocrx_word' id='word_1_609' title='bbox 1514 1639 1588 1666; x_wconf 88' lang='lat' dir='ltr'><strong>enim</strong></span> <span class='ocrx_word' id='word_1_610' title='bbox 1607 1638 1745 1665; x_wconf 60' lang='lat' dir='ltr'><strong>damones</strong></span> <span class='ocrx_word' id='word_1_611' title='bbox 1758 1638 1786 1666; x_wconf 88' lang='lat' dir='ltr'><strong>in</strong></span> 
     </span>
    </p>
   </div>
   <div class='ocr_carea' id='block_1_78' title="bbox 998 1684 1786 1721">
    <p class='ocr_par' dir='ltr' id='par_1_78' title="bbox 998 1684 1786 1721">
     <span class='ocr_line' id='line_1_78' title="bbox 998 1684 1786 1721; baseline -0.005 -7"><span class='ocrx_word' id='word_1_612' title='bbox 998 1687 1084 1715; x_wconf 86' lang='lat' dir='ltr'><strong>malos</strong></span> <span class='ocrx_word' id='word_1_613' title='bbox 1094 1687 1180 1719; x_wconf 83' lang='lat' dir='ltr'><strong>aiunt,</strong></span> <span class='ocrx_word' id='word_1_614' title='bbox 1195 1694 1226 1714; x_wconf 89' lang='lat' dir='ltr'><strong>ac</strong></span> <span class='ocrx_word' id='word_1_615' title='bbox 1239 1694 1286 1721; x_wconf 85' lang='lat' dir='ltr'><strong>per</strong></span> <span class='ocrx_word' id='word_1_616' title='bbox 1297 1686 1369 1721; x_wconf 79' lang='lat' dir='ltr'><strong>ipsos</strong></span> <span class='ocrx_word' id='word_1_617' title='bbox 1378 1685 1483 1712; x_wconf 84' lang='lat' dir='ltr'><strong>semina</strong></span> <span class='ocrx_word' id='word_1_618' title='bbox 1495 1685 1624 1712; x_wconf 88' lang='lat' dir='ltr'><strong>immissa.</strong></span> <span class='ocrx_word' id='word_1_619' title='bbox 1634 1684 1786 1711; x_wconf 83' lang='lat' dir='ltr'><strong>Absurdam</strong></span> 
     </span>
    </p>
   </div>
   <div class='ocr_carea' id='block_1_79' title="bbox 998 1731 1786 1770">
    <p class='ocr_par' dir='ltr' id='par_1_79' title="bbox 998 1731 1786 1770">
     <span class='ocr_line' id='line_1_79' title="bbox 998 1731 1786 1770; baseline -0.008 -7"><span class='ocrx_word' id='word_1_620' title='bbox 998 1743 1063 1764; x_wconf 90' lang='lat' dir='ltr'><strong>vero</strong></span> <span class='ocrx_word' id='word_1_621' title='bbox 1069 1741 1150 1770; x_wconf 88' lang='lat' dir='ltr'><strong>atque</strong></span> <span class='ocrx_word' id='word_1_622' title='bbox 1159 1734 1318 1770; x_wconf 78' lang='lat' dir='ltr'><strong>ignorantiae</strong></span> <span class='ocrx_word' id='word_1_623' title='bbox 1327 1733 1435 1768; x_wconf 87' lang='lat' dir='ltr'><strong>plenam</strong></span> <span class='ocrx_word' id='word_1_624' title='bbox 1443 1740 1503 1760; x_wconf 88' lang='lat' dir='ltr'><strong>esse</strong></span> <span class='ocrx_word' id='word_1_625' title='bbox 1516 1739 1612 1759; x_wconf 90' lang='lat' dir='ltr'><strong>eorum</strong></span> <span class='ocrx_word' id='word_1_626' title='bbox 1625 1731 1786 1758; x_wconf 88' lang='lat' dir='ltr'><strong>sententiam</strong></span> 
     </span>
    </p>
   </div>
   <div class='ocr_carea' id='block_1_80' title="bbox 998 1776 1787 1815">
    <p class='ocr_par' dir='ltr' id='par_1_80' title="bbox 998 1776 1787 1815">
     <span class='ocr_line' id='line_1_80' title="bbox 998 1776 1787 1815; baseline -0.008 -6"><span class='ocrx_word' id='word_1_627' title='bbox 998 1781 1077 1809; x_wconf 79' lang='lat' dir='ltr'><strong>facile</strong></span> <span class='ocrx_word' id='word_1_628' title='bbox 1090 1780 1300 1815; x_wconf 90' lang='lat' dir='ltr'><strong>compcriemus.</strong></span> <span class='ocrx_word' id='word_1_629' title='bbox 1314 1779 1382 1806; x_wconf 85' lang='lat' dir='ltr'><strong>Nam</strong></span> <span class='ocrx_word' id='word_1_630' title='bbox 1403 1777 1475 1813; x_wconf 89' lang='lat' dir='ltr'><strong>quod</strong></span> <span class='ocrx_word' id='word_1_631' title='bbox 1489 1785 1565 1805; x_wconf 83' lang='lat' dir='ltr'><strong>sacra</strong></span> <span class='ocrx_word' id='word_1_632' title='bbox 1580 1776 1721 1812; x_wconf 83' lang='lat' dir='ltr'><strong>Scriptura</strong></span> <span class='ocrx_word' id='word_1_633' title='bbox 1732 1784 1787 1804; x_wconf 92' lang='lat' dir='ltr'><strong>non</strong></span> 
     </span>
    </p>
   </div>
   <div class='ocr_carea' id='block_1_81' title="bbox 997 1822 1787 1861">
    <p class='ocr_par' dir='ltr' id='par_1_81' title="bbox 997 1822 1787 1861">
     <span class='ocr_line' id='line_1_81' title="bbox 997 1822 1787 1861; baseline -0.008 -7"><span class='ocrx_word' id='word_1_634' title='bbox 997 1831 1124 1858; x_wconf 84' lang='lat' dir='ltr'><strong>testatur,</strong></span> <span class='ocrx_word' id='word_1_635' title='bbox 1131 1834 1248 1861; x_wconf 83' lang='lat' dir='ltr'><strong>quanam</strong></span> <span class='ocrx_word' id='word_1_636' title='bbox 1260 1825 1365 1852; x_wconf 79' lang='lat' dir='ltr'><strong>ratione</strong></span> <span class='ocrx_word' id='word_1_637' title='bbox 1375 1824 1560 1855; x_wconf 85' lang='lat' dir='ltr'><strong>admittemus,</strong></span> <span class='ocrx_word' id='word_1_638' title='bbox 1569 1828 1649 1857; x_wconf 88' lang='lat' dir='ltr'><strong>atque</strong></span> <span class='ocrx_word' id='word_1_639' title='bbox 1658 1830 1707 1857; x_wconf 91' lang='lat' dir='ltr'><strong>pro</strong></span> <span class='ocrx_word' id='word_1_640' title='bbox 1715 1822 1787 1849; x_wconf 81' lang='lat' dir='ltr'><strong>veris</strong></span> 
     </span>
    </p>
   </div>
   <div class='ocr_carea' id='block_1_82' title="bbox 999 1868 1799 1905">
    <p class='ocr_par' dir='ltr' id='par_1_82' title="bbox 999 1868 1799 1905">
     <span class='ocr_line' id='line_1_82' title="bbox 999 1868 1799 1905; baseline -0.006 -6"><span class='ocrx_word' id='word_1_641' title='bbox 999 1872 1179 1899; x_wconf 82' lang='lat' dir='ltr'><strong>habebimus?</strong></span> <span class='ocrx_word' id='word_1_642' title='bbox 1190 1871 1264 1898; x_wconf 86' lang='lat' dir='ltr'><strong>[-lanc</strong></span> <span class='ocrx_word' id='word_1_643' title='bbox 1276 1870 1360 1905; x_wconf 73' lang='lat' dir='ltr'><strong>igitur</strong></span> <span class='ocrx_word' id='word_1_644' title='bbox 1369 1869 1459 1904; x_wconf 82' lang='lat' dir='ltr'><strong>potius</strong></span> <span class='ocrx_word' id='word_1_645' title='bbox 1468 1868 1613 1896; x_wconf 87' lang='lat' dir='ltr'><strong>lectionem</strong></span> <span class='ocrx_word' id='word_1_646' title='bbox 1625 1875 1785 1902; x_wconf 85' lang='lat' dir='ltr'><strong>sequemur:</strong></span> <span class='ocrx_word' id='word_1_647' title='bbox 1796 1883 1799 1886; x_wconf 57' lang='grc' dir='ltr'><strong>ι</strong></span> 
     </span>
    </p>
   </div>
   <div class='ocr_carea' id='block_1_83' title="bbox 1004 1913 1786 1948">
    <p class='ocr_par' dir='ltr' id='par_1_83' title="bbox 1004 1913 1786 1948">
     <span class='ocr_line' id='line_1_83' title="bbox 1004 1913 1786 1948; baseline -0.004 -5"><span class='ocrx_word' id='word_1_648' title='bbox 1004 1927 1011 1943; x_wconf 80' lang='grc' dir='ltr'><strong>ι</strong></span> <span class='ocrx_word' id='word_1_649' title='bbox 1025 1917 1156 1945; x_wconf 79' lang='lat' dir='ltr'><strong>Videntcs</strong></span> <span class='ocrx_word' id='word_1_650' title='bbox 1169 1922 1260 1944; x_wconf 85' lang='lat' dir='ltr'><strong>autent</strong></span> <span class='ocrx_word' id='word_1_651' title='bbox 1276 1915 1323 1942; x_wconf 84' lang='lat' dir='ltr'><strong>ﬁlii</strong></span> <span class='ocrx_word' id='word_1_652' title='bbox 1335 1915 1382 1942; x_wconf 88' lang='lat' dir='ltr'><strong>Dei</strong></span> <span class='ocrx_word' id='word_1_653' title='bbox 1398 1913 1466 1941; x_wconf 82' lang='lat' dir='ltr'><strong>ﬁlias</strong></span> <span class='ocrx_word' id='word_1_654' title='bbox 1477 1914 1629 1946; x_wconf 84' lang='lat' dir='ltr'><strong>hominum,</strong></span> <span class='ocrx_word' id='word_1_655' title='bbox 1641 1913 1713 1948; x_wconf 89' lang='lat' dir='ltr'><strong>quod</strong></span> <span class='ocrx_word' id='word_1_656' title='bbox 1725 1913 1786 1948; x_wconf 53' lang='lat' dir='ltr'><strong>puls</strong></span> 
     </span>
    </p>
   </div>
   <div class='ocr_carea' id='block_1_84' title="bbox 999 1958 1788 1996">
    <p class='ocr_par' dir='ltr' id='par_1_84' title="bbox 999 1958 1788 1996">
     <span class='ocr_line' id='line_1_84' title="bbox 999 1958 1788 1996; baseline -0.008 -6"><span class='ocrx_word' id='word_1_657' title='bbox 999 1963 1071 1991; x_wconf 76' lang='lat' dir='ltr'><strong>citra:</strong></span> <span class='ocrx_word' id='word_1_658' title='bbox 1082 1967 1183 1994; x_wconf 80' lang='lat' dir='ltr'><strong>essent,</strong></span> <span class='ocrx_word' id='word_1_659' title='bbox 1194 1964 1358 1996; x_wconf 79' lang='lat' dir='ltr'><strong>acceperunt</strong></span> <span class='ocrx_word' id='word_1_660' title='bbox 1370 1959 1421 1987; x_wconf 86' lang='lat' dir='ltr'><strong>sibi</strong></span> <span class='ocrx_word' id='word_1_661' title='bbox 1433 1967 1532 1986; x_wconf 77' lang='lat' dir='ltr'><strong>uxores</strong></span> <span class='ocrx_word' id='word_1_662' title='bbox 1540 1967 1574 1986; x_wconf 76' lang='lat' dir='ltr'><strong>ex</strong></span> <span class='ocrx_word' id='word_1_663' title='bbox 1584 1958 1712 1985; x_wconf 84' lang='lat' dir='ltr'><strong>omnibus</strong></span> <span class='ocrx_word' id='word_1_664' title='bbox 1720 1966 1788 1993; x_wconf 53' lang='lat' dir='ltr'><strong>quas</strong></span> 
     </span>
    </p>
   </div>
   <div class='ocr_carea' id='block_1_85' title="bbox 998 2004 1786 2044">
    <p class='ocr_par' dir='ltr' id='par_1_85' title="bbox 998 2004 1786 2044">
     <span class='ocr_line' id='line_1_85' title="bbox 998 2004 1786 2044; baseline -0.006 -8"><span class='ocrx_word' id='word_1_665' title='bbox 998 2008 1147 2044; x_wconf 80' lang='lat' dir='ltr'><strong>elegerant.</strong></span> <span class='ocrx_word' id='word_1_666' title='bbox 1162 2018 1170 2033; x_wconf 88' lang='grc'><strong>›</strong></span> <span class='ocrx_word' id='word_1_667' title='bbox 1183 2007 1257 2035; x_wconf 81' lang='lat' dir='ltr'><strong>Facit</strong></span> <span class='ocrx_word' id='word_1_668' title='bbox 1267 2010 1358 2033; x_wconf 88' lang='lat' dir='ltr'><strong>autem</strong></span> <span class='ocrx_word' id='word_1_669' title='bbox 1371 2006 1403 2032; x_wconf 83' lang='lat' dir='ltr'><strong>ad</strong></span> <span class='ocrx_word' id='word_1_670' title='bbox 1417 2006 1498 2040; x_wconf 78' lang='lat' dir='ltr'><strong>hujus</strong></span> <span class='ocrx_word' id='word_1_671' title='bbox 1507 2004 1633 2033; x_wconf 85' lang='lat' dir='ltr'><strong>lectionis</strong></span> <span class='ocrx_word' id='word_1_672' title='bbox 1643 2004 1786 2032; x_wconf 71' lang='lat' dir='ltr'><strong>confirma-</strong></span> 
     </span>
    </p>
   </div>
   <div class='ocr_carea' id='block_1_86' title="bbox 1001 2049 1785 2086">
    <p class='ocr_par' dir='ltr' id='par_1_86' title="bbox 1001 2049 1785 2086">
     <span class='ocr_line' id='line_1_86' title="bbox 1001 2049 1785 2086; baseline -0.006 -5"><span class='ocrx_word' id='word_1_673' title='bbox 1001 2055 1101 2081; x_wconf 87' lang='lat' dir='ltr'><strong>tionem</strong></span> <span class='ocrx_word' id='word_1_674' title='bbox 1112 2054 1227 2080; x_wconf 88' lang='lat' dir='ltr'><strong>aliorum</strong></span> <span class='ocrx_word' id='word_1_675' title='bbox 1238 2052 1319 2079; x_wconf 86' lang='lat' dir='ltr'><strong>etiam</strong></span> <span class='ocrx_word' id='word_1_676' title='bbox 1336 2052 1515 2086; x_wconf 85' lang='lat' dir='ltr'><strong>interpretum</strong></span> <span class='ocrx_word' id='word_1_677' title='bbox 1527 2049 1678 2077; x_wconf 87' lang='lat' dir='ltr'><strong>translatio.</strong></span> <span class='ocrx_word' id='word_1_678' title='bbox 1688 2049 1785 2084; x_wconf 88' lang='lat' dir='ltr'><strong>Aquila</strong></span> 
     </span>
    </p>
   </div>
   <div class='ocr_carea' id='block_1_87' title="bbox 999 2094 1786 2134">
    <p class='ocr_par' dir='ltr' id='par_1_87' title="bbox 999 2094 1786 2134">
     <span class='ocr_line' id='line_1_87' title="bbox 999 2094 1786 2134; baseline -0.008 -7"><span class='ocrx_word' id='word_1_679' title='bbox 999 2100 1072 2128; x_wconf 87' lang='lat' dir='ltr'><strong>enitn</strong></span> <span class='ocrx_word' id='word_1_680' title='bbox 1084 2099 1188 2134; x_wconf 82' lang='lat' dir='ltr'><strong>inquit:</strong></span> <span class='ocrx_word' id='word_1_681' title='bbox 1202 2098 1320 2125; x_wconf 76' lang='lat' dir='ltr'><strong>Vidcntes</strong></span> <span class='ocrx_word' id='word_1_682' title='bbox 1331 2101 1419 2124; x_wconf 78' lang='lat' dir='ltr'><strong>autem</strong></span> <span class='ocrx_word' id='word_1_683' title='bbox 1431 2096 1481 2130; x_wconf 85' lang='lat' dir='ltr'><strong>ﬁlii</strong></span> <span class='ocrx_word' id='word_1_684' title='bbox 1495 2095 1602 2123; x_wconf 83' lang='lat' dir='ltr'><strong>deorum</strong></span> <span class='ocrx_word' id='word_1_685' title='bbox 1618 2094 1786 2130; x_wconf 58' lang='lat' dir='ltr'><strong>ﬁlias/tami-</strong></span> 
     </span>
    </p>
   </div>
   <div class='ocr_carea' id='block_1_88' title="bbox 1000 2140 1787 2181">
    <p class='ocr_par' dir='ltr' id='par_1_88' title="bbox 1000 2140 1787 2181">
     <span class='ocr_line' id='line_1_88' title="bbox 1000 2140 1787 2181; baseline -0.008 -8"><span class='ocrx_word' id='word_1_686' title='bbox 1000 2154 1072 2173; x_wconf 88' lang='lat' dir='ltr'><strong>num.</strong></span> <span class='ocrx_word' id='word_1_687' title='bbox 1083 2144 1262 2181; x_wconf 80' lang='lat' dir='ltr'><strong>Symmachus</strong></span> <span class='ocrx_word' id='word_1_688' title='bbox 1272 2150 1347 2175; x_wconf 89' lang='lat' dir='ltr'><strong>vero,</strong></span> <span class='ocrx_word' id='word_1_689' title='bbox 1359 2150 1407 2178; x_wconf 86' lang='lat' dir='ltr'><strong>pro</strong></span> <span class='ocrx_word' id='word_1_690' title='bbox 1417 2142 1467 2177; x_wconf 80' lang='lat' dir='ltr'><strong>ﬁlii</strong></span> <span class='ocrx_word' id='word_1_691' title='bbox 1478 2141 1596 2174; x_wconf 84' lang='lat' dir='ltr'><strong>deorum,</strong></span> <span class='ocrx_word' id='word_1_692' title='bbox 1611 2140 1787 2175; x_wconf 73' lang='lat' dir='ltr'><strong>transtulit/i-</strong></span> 
     </span>
    </p>
   </div>
   <div class='ocr_carea' id='block_1_89' title="bbox 1000 2186 1787 2226">
    <p class='ocr_par' dir='ltr' id='par_1_89' title="bbox 1000 2186 1787 2226">
     <span class='ocr_line' id='line_1_89' title="bbox 1000 2186 1787 2226; baseline -0.005 -8"><span class='ocrx_word' id='word_1_693' title='bbox 1000 2191 1029 2218; x_wconf 79' lang='lat' dir='ltr'><strong>lii</strong></span> <span class='ocrx_word' id='word_1_694' title='bbox 1044 2195 1178 2226; x_wconf 83' lang='lat' dir='ltr'><strong>potentum</strong></span> <span class='ocrx_word' id='word_1_695' title='bbox 1190 2199 1198 2217; x_wconf 94' lang='lat'><em>:</em></span> <span class='ocrx_word' id='word_1_696' title='bbox 1216 2189 1287 2217; x_wconf 85' lang='lat' dir='ltr'><strong>ﬁlios</strong></span> <span class='ocrx_word' id='word_1_697' title='bbox 1296 2189 1391 2223; x_wconf 87' lang='lat' dir='ltr'><strong>utique</strong></span> <span class='ocrx_word' id='word_1_698' title='bbox 1403 2188 1517 2216; x_wconf 88' lang='lat' dir='ltr'><strong>deorum</strong></span> <span class='ocrx_word' id='word_1_699' title='bbox 1527 2194 1559 2214; x_wconf 90' lang='lat' dir='ltr'><strong>ac</strong></span> <span class='ocrx_word' id='word_1_700' title='bbox 1567 2190 1709 2222; x_wconf 86' lang='lat' dir='ltr'><strong>potentum</strong></span> <span class='ocrx_word' id='word_1_701' title='bbox 1717 2186 1787 2214; x_wconf 79' lang='lat' dir='ltr'><strong>ﬁlios</strong></span> 
     </span>
    </p>
   </div>
   <div class='ocr_carea' id='block_1_90' title="bbox 165 2232 947 2273">
    <p class='ocr_par' dir='ltr' id='par_1_90' title="bbox 165 2232 947 2269">
     <span class='ocr_line' id='line_1_90' title="bbox 165 2232 947 2269; baseline 0.001 -9"><span class='ocrx_word' id='word_1_702' title='bbox 165 2241 257 2269; x_wconf 77' lang='grc' dir='ltr'>φησιν,</span> <span class='ocrx_word' id='word_1_703' title='bbox 282 2233 411 2266; x_wconf 80' lang='grc' dir='ltr'>Ἰδόντες</span> <span class='ocrx_word' id='word_1_704' title='bbox 427 2233 461 2260; x_wconf 76' lang='grc' dir='ltr'>δὲ</span> <span class='ocrx_word' id='word_1_705' title='bbox 482 2235 508 2260; x_wconf 82' lang='lat' dir='ltr'><strong>al</strong></span> <span class='ocrx_word' id='word_1_706' title='bbox 524 2232 582 2260; x_wconf 77' lang='grc' dir='ltr'>υἱοὶ</span> <span class='ocrx_word' id='word_1_707' title='bbox 601 2232 659 2260; x_wconf 67' lang='grc' dir='ltr'><strong>τῶν</strong></span> <span class='ocrx_word' id='word_1_708' title='bbox 675 2233 750 2260; x_wconf 80' lang='grc' dir='ltr'>θεῶν</span> <span class='ocrx_word' id='word_1_709' title='bbox 762 2234 815 2266; x_wconf 82' lang='grc' dir='ltr'>τὰς</span> <span class='ocrx_word' id='word_1_710' title='bbox 826 2234 947 2268; x_wconf 76' lang='grc' dir='ltr'>θυγατέ-</span> 
     </span>
    </p>
   </div>
   <div class='ocr_carea' id='block_1_91' title="bbox 998 2232 1797 2273">
    <p class='ocr_par' dir='ltr' id='par_1_91' title="bbox 1001 2232 1797 2272">
     <span class='ocr_line' id='line_1_91' title="bbox 1001 2232 1797 2272; baseline -0.006 -7"><span class='ocrx_word' id='word_1_711' title='bbox 1001 2237 1066 2265; x_wconf 86' lang='lat' dir='ltr'><strong>Seth</strong></span> <span class='ocrx_word' id='word_1_712' title='bbox 1075 2242 1156 2272; x_wconf 86' lang='lat' dir='ltr'><strong>atque</strong></span> <span class='ocrx_word' id='word_1_713' title='bbox 1164 2236 1238 2263; x_wconf 87' lang='lat' dir='ltr'><strong>Enos</strong></span> <span class='ocrx_word' id='word_1_714' title='bbox 1246 2239 1420 2268; x_wconf 80' lang='lat' dir='ltr'><strong>vocaverunt;</strong></span> <span class='ocrx_word' id='word_1_715' title='bbox 1427 2234 1463 2262; x_wconf 86' lang='lat' dir='ltr'><strong>ob</strong></span> <span class='ocrx_word' id='word_1_716' title='bbox 1468 2241 1528 2261; x_wconf 82' lang='lat' dir='ltr'><strong>eam</strong></span> <span class='ocrx_word' id='word_1_717' title='bbox 1535 2232 1703 2268; x_wconf 72' lang='lat' dir='ltr'><strong>qua-praediti</strong></span> <span class='ocrx_word' id='word_1_718' title='bbox 1710 2237 1797 2261; x_wconf 72' lang='lat' dir='ltr'><strong>erant</strong></span> 
     </span>
    </p>
   </div>
   <div class='ocr_carea' id='block_1_92' title="bbox 162 2277 947 2314">
    <p class='ocr_par' dir='ltr' id='par_1_92' title="bbox 162 2277 947 2314">
     <span class='ocr_line' id='line_1_92' title="bbox 162 2277 947 2314; baseline -0.001 -8"><span class='ocrx_word' id='word_1_719' title='bbox 162 2287 218 2313; x_wconf 85' lang='grc' dir='ltr'><strong>ρας</strong></span> <span class='ocrx_word' id='word_1_720' title='bbox 237 2279 298 2306; x_wconf 79' lang='grc' dir='ltr'>τῶν</span> <span class='ocrx_word' id='word_1_721' title='bbox 319 2278 492 2313; x_wconf 78' lang='grc' dir='ltr'>ἀνθρώπων.</span> <span class='ocrx_word' id='word_1_722' title='bbox 511 2278 658 2314; x_wconf 79' lang='grc' dir='ltr'>Σύμμαχος</span> <span class='ocrx_word' id='word_1_723' title='bbox 682 2278 710 2305; x_wconf 81' lang='grc' dir='ltr'>δὲ</span> <span class='ocrx_word' id='word_1_724' title='bbox 737 2277 771 2306; x_wconf 80' lang='grc' dir='ltr'>αὖ</span> <span class='ocrx_word' id='word_1_725' title='bbox 802 2279 861 2306; x_wconf 76' lang='grc' dir='ltr'>ἀντὶ</span> <span class='ocrx_word' id='word_1_726' title='bbox 890 2279 947 2312; x_wconf 86' lang='grc' dir='ltr'>τοῦ,</span> 
     </span>
    </p>
   </div>
   <div class='ocr_carea' id='block_1_93' title="bbox 166 2323 950 2357">
    <p class='ocr_par' dir='ltr' id='par_1_93' title="bbox 166 2323 950 2357">
     <span class='ocr_line' id='line_1_93' title="bbox 166 2323 950 2357; baseline 0.001 -5"><span class='ocrx_word' id='word_1_727' title='bbox 166 2324 222 2352; x_wconf 73' lang='lat' dir='ltr'><strong>vlo!</strong></span> <span class='ocrx_word' id='word_1_728' title='bbox 234 2323 295 2351; x_wconf 71' lang='grc' dir='ltr'>τῶν</span> <span class='ocrx_word' id='word_1_729' title='bbox 311 2324 394 2357; x_wconf 66' lang='grc' dir='ltr'>θεῶν,</span> <span class='ocrx_word' id='word_1_730' title='bbox 410 2325 557 2352; x_wconf 64' lang='grc' dir='ltr'>ἐκδέδωκεν</span> <span class='ocrx_word' id='word_1_731' title='bbox 571 2328 597 2352; x_wconf 78' lang='grc' dir='ltr'>οι</span> <span class='ocrx_word' id='word_1_732' title='bbox 610 2325 667 2352; x_wconf 74' lang='grc' dir='ltr'>υἱοὶ</span> <span class='ocrx_word' id='word_1_733' title='bbox 683 2325 741 2352; x_wconf 77' lang='grc' dir='ltr'><strong>τῶν</strong></span> <span class='ocrx_word' id='word_1_734' title='bbox 753 2326 950 2353; x_wconf 81' lang='grc' dir='ltr'>δυναστευόν-</span> 
     </span>
    </p>
   </div>
   <div class='ocr_carea' id='block_1_94' title="bbox 166 2371 949 2407">
    <p class='ocr_par' dir='ltr' id='par_1_94' title="bbox 166 2371 949 2407">
     <span class='ocr_line' id='line_1_94' title="bbox 166 2371 949 2407; baseline 0.005 -10"><span class='ocrx_word' id='word_1_735' title='bbox 166 2379 232 2398; x_wconf 74' lang='grc' dir='ltr'>των.</span> <span class='ocrx_word' id='word_1_736' title='bbox 251 2371 333 2402; x_wconf 79' lang='grc' dir='ltr'>Υίοὺς</span> <span class='ocrx_word' id='word_1_737' title='bbox 346 2371 374 2397; x_wconf 78' lang='grc' dir='ltr'>δὲ</span> <span class='ocrx_word' id='word_1_738' title='bbox 385 2371 453 2398; x_wconf 87' lang='grc' dir='ltr'>θεῶν</span> <span class='ocrx_word' id='word_1_739' title='bbox 468 2371 515 2398; x_wconf 68' lang='grc' dir='ltr'><strong>καὶ</strong></span> <span class='ocrx_word' id='word_1_740' title='bbox 527 2372 579 2407; x_wconf 80' lang='grc' dir='ltr'>μὴν</span> <span class='ocrx_word' id='word_1_741' title='bbox 595 2372 640 2399; x_wconf 76' lang='grc' dir='ltr'>καὶ</span> <span class='ocrx_word' id='word_1_742' title='bbox 653 2373 868 2400; x_wconf 79' lang='grc' dir='ltr'>δυναστευόντων</span> <span class='ocrx_word' id='word_1_743' title='bbox 887 2375 949 2406; x_wconf 83' lang='grc' dir='ltr'>τοὺς</span> 
     </span>
    </p>
   </div>
   <div class='ocr_carea' id='block_1_95' title="bbox 166 2416 948 2456">
    <p class='ocr_par' dir='ltr' id='par_1_95' title="bbox 166 2416 948 2456">
     <span class='ocr_line' id='line_1_95' title="bbox 166 2416 948 2456; baseline 0.005 -13"><span class='ocrx_word' id='word_1_744' title='bbox 166 2417 219 2444; x_wconf 74' lang='grc' dir='ltr'><strong>ἀπό</strong></span> <span class='ocrx_word' id='word_1_745' title='bbox 230 2425 260 2451; x_wconf 81' lang='grc' dir='ltr'>γε</span> <span class='ocrx_word' id='word_1_746' title='bbox 276 2416 322 2443; x_wconf 85' lang='grc' dir='ltr'><strong>τοῦ</strong></span> <span class='ocrx_word' id='word_1_747' title='bbox 336 2417 388 2452; x_wconf 83' lang='grc' dir='ltr'><strong>Σὴθ</strong></span> <span class='ocrx_word' id='word_1_748' title='bbox 403 2418 449 2444; x_wconf 76' lang='grc' dir='ltr'>καὶ</span> <span class='ocrx_word' id='word_1_749' title='bbox 462 2416 510 2444; x_wconf 80' lang='grc' dir='ltr'><strong>τοῦ</strong></span> <span class='ocrx_word' id='word_1_750' title='bbox 531 2418 616 2450; x_wconf 82' lang='grc' dir='ltr'>Ἐνὼς</span> <span class='ocrx_word' id='word_1_751' title='bbox 632 2418 783 2454; x_wconf 83' lang='grc' dir='ltr'>ὠνόμαζον,</span> <span class='ocrx_word' id='word_1_752' title='bbox 799 2420 842 2446; x_wconf 76' lang='grc' dir='ltr'><strong>διά</strong></span> <span class='ocrx_word' id='word_1_753' title='bbox 859 2429 888 2446; x_wconf 83' lang='grc' dir='ltr'><strong>τε</strong></span> <span class='ocrx_word' id='word_1_754' title='bbox 899 2420 948 2456; x_wconf 83' lang='grc' dir='ltr'>τὴν</span> 
     </span>
    </p>
   </div>
   <div class='ocr_carea' id='block_1_96' title="bbox 165 2462 949 2499">
    <p class='ocr_par' dir='ltr' id='par_1_96' title="bbox 165 2462 949 2499">
     <span class='ocr_line' id='line_1_96' title="bbox 165 2462 949 2499; baseline 0.004 -10"><span class='ocrx_word' id='word_1_755' title='bbox 165 2462 278 2489; x_wconf 71' lang='grc' dir='ltr'>ινυῦσαν</span> <span class='ocrx_word' id='word_1_756' title='bbox 292 2463 383 2494; x_wconf 78' lang='grc' dir='ltr'>αὐτοῖς</span> <span class='ocrx_word' id='word_1_757' title='bbox 399 2463 526 2499; x_wconf 80' lang='grc' dir='ltr'>ὁσιότητα</span> <span class='ocrx_word' id='word_1_758' title='bbox 543 2465 590 2491; x_wconf 80' lang='grc' dir='ltr'>καὶ</span> <span class='ocrx_word' id='word_1_759' title='bbox 611 2465 758 2499; x_wconf 77' lang='grc' dir='ltr'>φιλοθεῖαν,</span> <span class='ocrx_word' id='word_1_760' title='bbox 775 2466 864 2492; x_wconf 81' lang='grc' dir='ltr'>καὶτὸ</span> <span class='ocrx_word' id='word_1_761' title='bbox 881 2466 949 2492; x_wconf 84' lang='grc' dir='ltr'>πάν-</span> 
     </span>
    </p>
   </div>
   <div class='ocr_carea' id='block_1_97' title="bbox 120 2508 949 2547">
    <p class='ocr_par' dir='ltr' id='par_1_97' title="bbox 120 2508 949 2547">
     <span class='ocr_line' id='line_1_97' title="bbox 120 2508 949 2547; baseline 0.006 -13"><span class='ocrx_word' id='word_1_762' title='bbox 120 2535 123 2538; x_wconf 26' lang='grc'><strong>,</strong></span> <span class='ocrx_word' id='word_1_763' title='bbox 165 2517 219 2535; x_wconf 85' lang='grc' dir='ltr'><strong>των</strong></span> <span class='ocrx_word' id='word_1_764' title='bbox 233 2508 363 2538; x_wconf 82' lang='grc' dir='ltr'>δύνασθαι</span> <span class='ocrx_word' id='word_1_765' title='bbox 379 2509 523 2536; x_wconf 83' lang='grc' dir='ltr'>καταθλεῖν</span> <span class='ocrx_word' id='word_1_766' title='bbox 538 2510 591 2536; x_wconf 85' lang='grc' dir='ltr'>τῶν</span> <span class='ocrx_word' id='word_1_767' title='bbox 604 2510 807 2545; x_wconf 85' lang='grc' dir='ltr'>ἀνθεστηκότων</span> <span class='ocrx_word' id='word_1_768' title='bbox 818 2520 824 2527; x_wconf 90' lang='grc'>·</span> <span class='ocrx_word' id='word_1_769' title='bbox 841 2512 949 2547; x_wconf 72' lang='grc' dir='ltr'>ἐπαμύ-</span> 
     </span>
    </p>
   </div>
   <div class='ocr_carea' id='block_1_98' title="bbox 166 2555 950 2593">
    <p class='ocr_par' dir='ltr' id='par_1_98' title="bbox 166 2555 950 2593">
     <span class='ocr_line' id='line_1_98' title="bbox 166 2555 950 2593; baseline 0.003 -12"><span class='ocrx_word' id='word_1_770' title='bbox 166 2555 255 2587; x_wconf 83' lang='grc' dir='ltr'>νοντός</span> <span class='ocrx_word' id='word_1_771' title='bbox 270 2563 322 2582; x_wconf 82' lang='grc' dir='ltr'><strong>που</strong></span> <span class='ocrx_word' id='word_1_772' title='bbox 341 2557 412 2583; x_wconf 80' lang='grc' dir='ltr'>κατά</span> <span class='ocrx_word' id='word_1_773' title='bbox 425 2556 455 2582; x_wconf 72' lang='grc' dir='ltr'>τὸ</span> <span class='ocrx_word' id='word_1_774' title='bbox 474 2556 546 2588; x_wconf 78' lang='grc' dir='ltr'>εἰκὸς</span> <span class='ocrx_word' id='word_1_775' title='bbox 559 2557 606 2583; x_wconf 85' lang='grc' dir='ltr'><strong>τοῦ</strong></span> <span class='ocrx_word' id='word_1_776' title='bbox 631 2557 709 2590; x_wconf 78' lang='grc' dir='ltr'>Θεοῦ,</span> <span class='ocrx_word' id='word_1_777' title='bbox 726 2558 772 2584; x_wconf 73' lang='grc' dir='ltr'><strong>καὶ</strong></span> <span class='ocrx_word' id='word_1_778' title='bbox 802 2559 950 2593; x_wconf 84' lang='grc' dir='ltr'>περιφανὲς</span> 
     </span>
    </p>
   </div>
   <div class='ocr_carea' id='block_1_99' title="bbox 166 2602 950 2640">
    <p class='ocr_par' dir='ltr' id='par_1_99' title="bbox 166 2602 950 2640">
     <span class='ocr_line' id='line_1_99' title="bbox 166 2602 950 2640; baseline 0.003 -12"><span class='ocrx_word' id='word_1_779' title='bbox 166 2602 361 2635; x_wconf 79' lang='grc' dir='ltr'>ἀποφαίνοντος</span> <span class='ocrx_word' id='word_1_780' title='bbox 374 2602 405 2629; x_wconf 70' lang='grc' dir='ltr'><strong>ἰδ</strong></span> <span class='ocrx_word' id='word_1_781' title='bbox 422 2602 567 2638; x_wconf 72' lang='grc' dir='ltr'>ἱερώτατόν</span> <span class='ocrx_word' id='word_1_782' title='bbox 579 2611 608 2630; x_wconf 82' lang='grc' dir='ltr'><strong>τε</strong></span> <span class='ocrx_word' id='word_1_783' title='bbox 625 2604 672 2630; x_wconf 76' lang='grc' dir='ltr'>καὶ</span> <span class='ocrx_word' id='word_1_784' title='bbox 683 2604 758 2637; x_wconf 72' lang='grc' dir='ltr'>ἅγιον</span> <span class='ocrx_word' id='word_1_785' title='bbox 773 2604 852 2637; x_wconf 80' lang='grc' dir='ltr'>γένος</span> <span class='ocrx_word' id='word_1_786' title='bbox 862 2613 868 2620; x_wconf 89' lang='grc'>·</span> <span class='ocrx_word' id='word_1_787' title='bbox 882 2605 950 2640; x_wconf 80' lang='grc' dir='ltr'>ὅπερ</span> 
     </span>
    </p>
   </div>
   <div class='ocr_carea' id='block_1_100' title="bbox 166 2645 951 2683">
    <p class='ocr_par' dir='ltr' id='par_1_100' title="bbox 166 2645 951 2683">
     <span class='ocr_line' id='line_1_100' title="bbox 166 2645 951 2683; baseline 0.006 -11"><span class='ocrx_word' id='word_1_788' title='bbox 166 2645 200 2681; x_wconf 79' lang='grc' dir='ltr'>ἢν</span> <span class='ocrx_word' id='word_1_789' title='bbox 218 2647 335 2681; x_wconf 74' lang='grc' dir='ltr'>ἄμικτον</span> <span class='ocrx_word' id='word_1_790' title='bbox 357 2647 396 2682; x_wconf 83' lang='grc' dir='ltr'>τῷ</span> <span class='ocrx_word' id='word_1_791' title='bbox 414 2647 509 2683; x_wconf 74' lang='grc' dir='ltr'>ἑτέρῳ,</span> <span class='ocrx_word' id='word_1_792' title='bbox 524 2649 658 2681; x_wconf 80' lang='grc' dir='ltr'>τουτέστι,</span> <span class='ocrx_word' id='word_1_793' title='bbox 672 2651 727 2680; x_wconf 81' lang='grc' dir='ltr'>τοῖς</span> <span class='ocrx_word' id='word_1_794' title='bbox 746 2650 798 2676; x_wconf 79' lang='grc' dir='ltr'>άπὸ</span> <span class='ocrx_word' id='word_1_795' title='bbox 816 2650 885 2677; x_wconf 83' lang='grc' dir='ltr'>Κὰἰν</span> <span class='ocrx_word' id='word_1_796' title='bbox 904 2651 951 2677; x_wconf 74' lang='grc' dir='ltr'>καὶ</span> 
     </span>
    </p>
   </div>
   <div class='ocr_carea' id='block_1_101' title="bbox 168 2690 948 2731">
    <p class='ocr_par' dir='ltr' id='par_1_101' title="bbox 168 2690 948 2731">
     <span class='ocr_line' id='line_1_101' title="bbox 168 2690 948 2731; baseline 0.006 -14"><span class='ocrx_word' id='word_1_797' title='bbox 168 2690 221 2726; x_wconf 75' lang='grc' dir='ltr'><strong>μὴν</strong></span> <span class='ocrx_word' id='word_1_798' title='bbox 233 2691 279 2718; x_wconf 74' lang='grc' dir='ltr'>καὶ</span> <span class='ocrx_word' id='word_1_799' title='bbox 296 2692 405 2727; x_wconf 86' lang='grc' dir='ltr'>Λάμεχ·</span> <span class='ocrx_word' id='word_1_800' title='bbox 422 2692 450 2724; x_wconf 77' lang='grc' dir='ltr'>ὃς</span> <span class='ocrx_word' id='word_1_801' title='bbox 465 2693 496 2727; x_wconf 81' lang='grc' dir='ltr'>δὴ</span> <span class='ocrx_word' id='word_1_802' title='bbox 509 2693 555 2720; x_wconf 74' lang='grc' dir='ltr'><strong>καὶ</strong></span> <span class='ocrx_word' id='word_1_803' title='bbox 564 2695 623 2720; x_wconf 79' lang='grc' dir='ltr'>κατ’</span> <span class='ocrx_word' id='word_1_804' title='bbox 637 2693 707 2730; x_wconf 79' lang='grc' dir='ltr'>ἴχνος</span> <span class='ocrx_word' id='word_1_805' title='bbox 721 2694 823 2723; x_wconf 77' lang='grc' dir='ltr'>ῑὼντοῦ</span> <span class='ocrx_word' id='word_1_806' title='bbox 837 2696 948 2731; x_wconf 80' lang='grc' dir='ltr'>πατρὸς,</span> 
     </span>
    </p>
   </div>
   <div class='ocr_carea' id='block_1_102' title="bbox 168 2736 948 2775">
    <p class='ocr_par' dir='ltr' id='par_1_102' title="bbox 168 2736 948 2775">
     <span class='ocr_line' id='line_1_102' title="bbox 168 2736 948 2775; baseline 0.008 -14"><span class='ocrx_word' id='word_1_807' title='bbox 168 2736 261 2769; x_wconf 81' lang='grc' dir='ltr'>γέγονε</span> <span class='ocrx_word' id='word_1_808' title='bbox 275 2737 406 2772; x_wconf 76' lang='grc' dir='ltr'>φονευτής</span> <span class='ocrx_word' id='word_1_809' title='bbox 420 2744 426 2750; x_wconf 89' lang='grc'><strong>·</strong></span> <span class='ocrx_word' id='word_1_810' title='bbox 438 2737 572 2772; x_wconf 78' lang='grc' dir='ltr'>ὡμολόγει</span> <span class='ocrx_word' id='word_1_811' title='bbox 601 2739 665 2775; x_wconf 80' lang='grc' dir='ltr'>γὰρ,</span> <span class='ocrx_word' id='word_1_812' title='bbox 681 2748 690 2764; x_wconf 76' lang='grc' dir='ltr'><strong>ι</strong></span> <span class='ocrx_word' id='word_1_813' title='bbox 705 2740 764 2766; x_wconf 83' lang='grc' dir='ltr'>Ὅτι</span> <span class='ocrx_word' id='word_1_814' title='bbox 789 2740 873 2775; x_wconf 75' lang='grc' dir='ltr'>ἄνδρα</span> <span class='ocrx_word' id='word_1_815' title='bbox 895 2740 948 2766; x_wconf 77' lang='grc' dir='ltr'><strong>ὰπ-</strong></span> 
     </span>
    </p>
   </div>
   <div class='ocr_carea' id='block_1_103' title="bbox 167 2780 950 2818">
    <p class='ocr_par' dir='ltr' id='par_1_103' title="bbox 167 2780 950 2818">
     <span class='ocr_line' id='line_1_103' title="bbox 167 2780 950 2818; baseline 0.005 -13"><span class='ocrx_word' id='word_1_816' title='bbox 167 2780 276 2806; x_wconf 62' lang='grc' dir='ltr'>έιτεινςι</span> <span class='ocrx_word' id='word_1_817' title='bbox 291 2781 330 2811; x_wconf 79' lang='grc' dir='ltr'>εἰς</span> <span class='ocrx_word' id='word_1_818' title='bbox 338 2780 448 2815; x_wconf 73' lang='grc' dir='ltr'>τραῦμα</span> <span class='ocrx_word' id='word_1_819' title='bbox 459 2782 530 2816; x_wconf 66' lang='grc' dir='ltr'>ἐμοὶ,</span> <span class='ocrx_word' id='word_1_820' title='bbox 548 2783 594 2809; x_wconf 74' lang='grc' dir='ltr'>καὶ</span> <span class='ocrx_word' id='word_1_821' title='bbox 611 2783 749 2810; x_wconf 75' lang='grc' dir='ltr'>νεανίσκον</span> <span class='ocrx_word' id='word_1_822' title='bbox 768 2785 806 2815; x_wconf 76' lang='grc' dir='ltr'>εἰς</span> <span class='ocrx_word' id='word_1_823' title='bbox 830 2783 950 2818; x_wconf 74' lang='grc' dir='ltr'>μώλωπα</span> 
     </span>
    </p>
   </div>
   <div class='ocr_carea' id='block_1_104' title="bbox 203 2869 470 2902">
    <p class='ocr_par' dir='ltr' id='par_1_104' title="bbox 203 2869 470 2902">
     <span class='ocr_line' id='line_1_104' title="bbox 203 2869 470 2902; baseline -0.004 -5"><span class='ocrx_word' id='word_1_824' title='bbox 203 2869 226 2883; x_wconf 79' lang='grc'><strong>¹⁴³</strong></span> <span class='ocrx_word' id='word_1_825' title='bbox 245 2870 266 2897; x_wconf 89' lang='lat' dir='ltr'><strong>ll</strong></span> <span class='ocrx_word' id='word_1_826' title='bbox 288 2870 367 2898; x_wconf 77' lang='lat' dir='ltr'><strong>Joan.</strong></span> <span class='ocrx_word' id='word_1_827' title='bbox 385 2878 413 2902; x_wconf 85' lang='lat' dir='ltr'><strong>Il,</strong></span> <span class='ocrx_word' id='word_1_828' title='bbox 431 2870 470 2896; x_wconf 79' lang='lat' dir='ltr'><strong>Hi.</strong></span> 
     </span>
    </p>
   </div>
   <div class='ocr_carea' id='block_1_105' title="bbox 1003 2278 1787 2316">
    <p class='ocr_par' dir='ltr' id='par_1_105' title="bbox 1003 2278 1787 2316">
     <span class='ocr_line' id='line_1_105' title="bbox 1003 2278 1787 2316; baseline -0.006 -6"><span class='ocrx_word' id='word_1_829' title='bbox 1003 2282 1208 2310; x_wconf 84' lang='lat' dir='ltr'><strong>sanctimoniam</strong></span> <span class='ocrx_word' id='word_1_830' title='bbox 1221 2289 1252 2308; x_wconf 88' lang='lat' dir='ltr'><strong>ac</strong></span> <span class='ocrx_word' id='word_1_831' title='bbox 1264 2281 1403 2316; x_wconf 81' lang='lat' dir='ltr'><strong>pietatem,</strong></span> <span class='ocrx_word' id='word_1_832' title='bbox 1416 2279 1544 2315; x_wconf 86' lang='lat' dir='ltr'><strong>quodque</strong></span> <span class='ocrx_word' id='word_1_833' title='bbox 1556 2286 1652 2306; x_wconf 88' lang='lat' dir='ltr'><strong>omnes</strong></span> <span class='ocrx_word' id='word_1_834' title='bbox 1659 2278 1787 2306; x_wconf 83' lang='lat' dir='ltr'><strong>adversa—</strong></span> 
     </span>
    </p>
   </div>
   <div class='ocr_carea' id='block_1_106' title="bbox 1003 2323 1789 2362">
    <p class='ocr_par' dir='ltr' id='par_1_106' title="bbox 1003 2323 1789 2362">
     <span class='ocr_line' id='line_1_106' title="bbox 1003 2323 1789 2362; baseline -0.005 -7"><span class='ocrx_word' id='word_1_835' title='bbox 1003 2328 1058 2355; x_wconf 87' lang='lat' dir='ltr'><strong>rios</strong></span> <span class='ocrx_word' id='word_1_836' title='bbox 1068 2327 1147 2354; x_wconf 79' lang='lat' dir='ltr'><strong>facile</strong></span> <span class='ocrx_word' id='word_1_837' title='bbox 1158 2330 1330 2362; x_wconf 82' lang='lat' dir='ltr'><strong>superarent,</strong></span> <span class='ocrx_word' id='word_1_838' title='bbox 1341 2325 1493 2361; x_wconf 75' lang='lat' dir='ltr'><strong>opitulante</strong></span> <span class='ocrx_word' id='word_1_839' title='bbox 1507 2324 1582 2359; x_wconf 87' lang='lat' dir='ltr'><strong>ipsis,</strong></span> <span class='ocrx_word' id='word_1_840' title='bbox 1600 2323 1789 2351; x_wconf 73' lang='lat' dir='ltr'><strong>utverisimilo</strong></span> 
     </span>
    </p>
   </div>
   <div class='ocr_carea' id='block_1_107' title="bbox 1002 2367 1789 2406">
    <p class='ocr_par' dir='ltr' id='par_1_107' title="bbox 1002 2367 1789 2406">
     <span class='ocr_line' id='line_1_107' title="bbox 1002 2367 1789 2406; baseline -0.006 -7"><span class='ocrx_word' id='word_1_841' title='bbox 1002 2377 1053 2404; x_wconf 87' lang='lat' dir='ltr'><strong>est,</strong></span> <span class='ocrx_word' id='word_1_842' title='bbox 1064 2372 1129 2404; x_wconf 93' lang='lat' dir='ltr'><strong>Deo,</strong></span> <span class='ocrx_word' id='word_1_843' title='bbox 1143 2375 1322 2406; x_wconf 87' lang='lat' dir='ltr'><strong>sanctumque</strong></span> <span class='ocrx_word' id='word_1_844' title='bbox 1332 2377 1418 2405; x_wconf 78' lang='lat' dir='ltr'><strong>genus</strong></span> <span class='ocrx_word' id='word_1_845' title='bbox 1430 2369 1594 2400; x_wconf 83' lang='lat' dir='ltr'><strong>illustrante,</strong></span> <span class='ocrx_word' id='word_1_846' title='bbox 1605 2367 1678 2403; x_wconf 91' lang='lat' dir='ltr'><strong>quod</strong></span> <span class='ocrx_word' id='word_1_847' title='bbox 1689 2375 1789 2402; x_wconf 88' lang='lat' dir='ltr'><strong>nequa-</strong></span> 
     </span>
    </p>
   </div>
   <div class='ocr_carea' id='block_1_108' title="bbox 1002 2413 1789 2453">
    <p class='ocr_par' dir='ltr' id='par_1_108' title="bbox 1002 2413 1789 2453">
     <span class='ocr_line' id='line_1_108' title="bbox 1002 2413 1789 2453; baseline -0.005 -9"><span class='ocrx_word' id='word_1_848' title='bbox 1002 2425 1084 2453; x_wconf 85' lang='lat' dir='ltr'><strong>quam</strong></span> <span class='ocrx_word' id='word_1_849' title='bbox 1107 2417 1184 2444; x_wconf 85' lang='lat' dir='ltr'><strong>alteri</strong></span> <span class='ocrx_word' id='word_1_850' title='bbox 1205 2417 1355 2443; x_wconf 84' lang='lat' dir='ltr'><strong>immistum</strong></span> <span class='ocrx_word' id='word_1_851' title='bbox 1382 2418 1452 2447; x_wconf 87' lang='lat' dir='ltr'><strong>erat,</strong></span> <span class='ocrx_word' id='word_1_852' title='bbox 1478 2414 1531 2443; x_wconf 88' lang='lat' dir='ltr'><strong>hoc</strong></span> <span class='ocrx_word' id='word_1_853' title='bbox 1552 2419 1605 2446; x_wconf 88' lang='lat' dir='ltr'><strong>est,</strong></span> <span class='ocrx_word' id='word_1_854' title='bbox 1631 2414 1665 2441; x_wconf 87' lang='lat' dir='ltr'><strong>iis</strong></span> <span class='ocrx_word' id='word_1_855' title='bbox 1683 2413 1729 2448; x_wconf 88' lang='lat' dir='ltr'><strong>qui</strong></span> <span class='ocrx_word' id='word_1_856' title='bbox 1755 2421 1789 2440; x_wconf 73' lang='lat' dir='ltr'><strong>ex</strong></span> 
     </span>
    </p>
   </div>
   <div class='ocr_carea' id='block_1_109' title="bbox 998 2460 1792 2495">
    <p class='ocr_par' dir='ltr' id='par_1_109' title="bbox 998 2460 1792 2495">
     <span class='ocr_line' id='line_1_109' title="bbox 998 2460 1792 2495; baseline -0.009 -4"><span class='ocrx_word' id='word_1_857' title='bbox 998 2464 1065 2491; x_wconf 86' lang='lat' dir='ltr'><strong>Cain</strong></span> <span class='ocrx_word' id='word_1_858' title='bbox 1091 2462 1144 2490; x_wconf 90' lang='lat' dir='ltr'><strong>orti</strong></span> <span class='ocrx_word' id='word_1_859' title='bbox 1167 2465 1255 2495; x_wconf 83' lang='lat' dir='ltr'><strong>erant,</strong></span> <span class='ocrx_word' id='word_1_860' title='bbox 1278 2466 1306 2489; x_wconf 83' lang='lat' dir='ltr'><strong>et</strong></span> <span class='ocrx_word' id='word_1_861' title='bbox 1327 2461 1456 2493; x_wconf 83' lang='lat' dir='ltr'><strong>Lamech,</strong></span> <span class='ocrx_word' id='word_1_862' title='bbox 1474 2461 1523 2495; x_wconf 90' lang='lat' dir='ltr'><strong>qui</strong></span> <span class='ocrx_word' id='word_1_863' title='bbox 1546 2460 1678 2487; x_wconf 84' lang='lat' dir='ltr'><strong>nimirum</strong></span> <span class='ocrx_word' id='word_1_864' title='bbox 1701 2462 1792 2494; x_wconf 44' lang='lat' dir='ltr'><strong>pater!</strong></span> 
     </span>
    </p>
   </div>
   <div class='ocr_carea' id='block_1_110' title="bbox 999 2505 1799 2544">
    <p class='ocr_par' dir='ltr' id='par_1_110' title="bbox 999 2505 1799 2544">
     <span class='ocr_line' id='line_1_110' title="bbox 999 2505 1799 2544; baseline -0.006 -8"><span class='ocrx_word' id='word_1_865' title='bbox 999 2509 1043 2536; x_wconf 89' lang='lat' dir='ltr'><strong>nis</strong></span> <span class='ocrx_word' id='word_1_866' title='bbox 1066 2509 1188 2544; x_wconf 78' lang='lat' dir='ltr'><strong>vestigiis</strong></span> <span class='ocrx_word' id='word_1_867' title='bbox 1217 2508 1356 2540; x_wconf 78' lang='lat' dir='ltr'><strong>insistens,</strong></span> <span class='ocrx_word' id='word_1_868' title='bbox 1389 2507 1450 2534; x_wconf 69' lang='lat' dir='ltr'><strong>fuit~</strong></span> <span class='ocrx_word' id='word_1_869' title='bbox 1468 2505 1615 2534; x_wconf 82' lang='lat' dir='ltr'><strong>homicida.</strong></span> <span class='ocrx_word' id='word_1_870' title='bbox 1643 2505 1799 2532; x_wconf 69' lang='lat' dir='ltr'><strong>Confessus;</strong></span> 
     </span>
    </p>
   </div>
   <div class='ocr_carea' id='block_1_111' title="bbox 999 2549 1790 2586">
    <p class='ocr_par' dir='ltr' id='par_1_111' title="bbox 999 2549 1790 2586">
     <span class='ocr_line' id='line_1_111' title="bbox 999 2549 1790 2586; baseline -0.006 -5"><span class='ocrx_word' id='word_1_871' title='bbox 999 2554 1072 2581; x_wconf 88' lang='lat' dir='ltr'><strong>enim</strong></span> <span class='ocrx_word' id='word_1_872' title='bbox 1083 2558 1143 2581; x_wconf 84' lang='lat' dir='ltr'><strong>est:</strong></span> <span class='ocrx_word' id='word_1_873' title='bbox 1158 2563 1167 2578; x_wconf 77' lang='grc' dir='ltr'>ι</span> <span class='ocrx_word' id='word_1_874' title='bbox 1183 2552 1317 2586; x_wconf 83' lang='lat' dir='ltr'><strong>Quoniam</strong></span> <span class='ocrx_word' id='word_1_875' title='bbox 1335 2553 1425 2579; x_wconf 90' lang='lat' dir='ltr'><strong>virum</strong></span> <span class='ocrx_word' id='word_1_876' title='bbox 1440 2550 1530 2579; x_wconf 84' lang='lat' dir='ltr'><strong>occidi</strong></span> <span class='ocrx_word' id='word_1_877' title='bbox 1555 2551 1583 2578; x_wconf 92' lang='lat' dir='ltr'><strong>in</strong></span> <span class='ocrx_word' id='word_1_878' title='bbox 1596 2551 1697 2578; x_wconf 83' lang='lat' dir='ltr'><strong>vulnus</strong></span> <span class='ocrx_word' id='word_1_879' title='bbox 1711 2549 1790 2582; x_wconf 84' lang='lat' dir='ltr'><strong>mihi,</strong></span> 
     </span>
    </p>
   </div>
   <div class='ocr_carea' id='block_1_112' title="bbox 999 2596 1797 2630">
    <p class='ocr_par' dir='ltr' id='par_1_112' title="bbox 999 2596 1797 2630">
     <span class='ocr_line' id='line_1_112' title="bbox 999 2596 1797 2630; baseline -0.005 -3"><span class='ocrx_word' id='word_1_880' title='bbox 999 2605 1027 2627; x_wconf 91' lang='lat' dir='ltr'><strong>et</strong></span> <span class='ocrx_word' id='word_1_881' title='bbox 1054 2599 1288 2628; x_wconf 84' lang='lat' dir='ltr'><strong>adolescentulum</strong></span> <span class='ocrx_word' id='word_1_882' title='bbox 1312 2599 1340 2625; x_wconf 95' lang='lat' dir='ltr'><strong>in</strong></span> <span class='ocrx_word' id='word_1_883' title='bbox 1361 2598 1480 2626; x_wconf 84' lang='lat' dir='ltr'><strong>vibieem</strong></span> <span class='ocrx_word' id='word_1_884' title='bbox 1509 2597 1586 2624; x_wconf 91' lang='lat' dir='ltr'><strong>mihi.</strong></span> <span class='ocrx_word' id='word_1_885' title='bbox 1621 2606 1630 2622; x_wconf 78' lang='grc' dir='ltr'>ι</span> <span class='ocrx_word' id='word_1_886' title='bbox 1663 2596 1797 2630; x_wconf 87' lang='lat' dir='ltr'><strong>Quandiu-</strong></span> 
     </span>
    </p>
   </div>
   <div class='ocr_carea' id='block_1_113' title="bbox 1004 2641 1790 2680">
    <p class='ocr_par' dir='ltr' id='par_1_113' title="bbox 1004 2641 1790 2680">
     <span class='ocr_line' id='line_1_113' title="bbox 1004 2641 1790 2680; baseline -0.006 -7"><span class='ocrx_word' id='word_1_887' title='bbox 1004 2645 1097 2680; x_wconf 79' lang='lat' dir='ltr'><strong>itaque</strong></span> <span class='ocrx_word' id='word_1_888' title='bbox 1121 2652 1229 2672; x_wconf 90' lang='lat' dir='ltr'><strong>sacrum</strong></span> <span class='ocrx_word' id='word_1_889' title='bbox 1251 2651 1336 2680; x_wconf 76' lang='lat' dir='ltr'><strong>genus</strong></span> <span class='ocrx_word' id='word_1_890' title='bbox 1346 2643 1450 2679; x_wconf 82' lang='lat' dir='ltr'><strong>absque</strong></span> <span class='ocrx_word' id='word_1_891' title='bbox 1473 2643 1529 2670; x_wconf 90' lang='lat' dir='ltr'><strong>ullo</strong></span> <span class='ocrx_word' id='word_1_892' title='bbox 1543 2642 1607 2669; x_wconf 86' lang='lat' dir='ltr'><strong>mali</strong></span> <span class='ocrx_word' id='word_1_893' title='bbox 1625 2641 1790 2669; x_wconf 78' lang='lat' dir='ltr'><strong>commercio</strong></span> 
     </span>
    </p>
   </div>
   <div class='ocr_carea' id='block_1_114' title="bbox 1004 2687 1794 2726">
    <p class='ocr_par' dir='ltr' id='par_1_114' title="bbox 1004 2687 1794 2726">
     <span class='ocr_line' id='line_1_114' title="bbox 1004 2687 1794 2726; baseline -0.006 -8"><span class='ocrx_word' id='word_1_894' title='bbox 1004 2691 1083 2723; x_wconf 78' lang='lat' dir='ltr'><strong>vixit,</strong></span> <span class='ocrx_word' id='word_1_895' title='bbox 1109 2691 1218 2726; x_wconf 87' lang='lat' dir='ltr'><strong>pietatis</strong></span> <span class='ocrx_word' id='word_1_896' title='bbox 1239 2698 1303 2726; x_wconf 77' lang='lat' dir='ltr'><strong>erga</strong></span> <span class='ocrx_word' id='word_1_897' title='bbox 1324 2690 1411 2717; x_wconf 87' lang='lat' dir='ltr'><strong>Deum</strong></span> <span class='ocrx_word' id='word_1_898' title='bbox 1436 2687 1614 2724; x_wconf 87' lang='lat' dir='ltr'><strong>pulchritudo</strong></span> <span class='ocrx_word' id='word_1_899' title='bbox 1647 2694 1717 2723; x_wconf 81' lang='lat' dir='ltr'><strong>pura</strong></span> <span class='ocrx_word' id='word_1_900' title='bbox 1741 2687 1794 2714; x_wconf 84' lang='lat' dir='ltr'><strong>ad-.</strong></span> 
     </span>
    </p>
   </div>
   <div class='ocr_carea' id='block_1_115' title="bbox 1004 2733 1790 2771">
    <p class='ocr_par' dir='ltr' id='par_1_115' title="bbox 1004 2733 1790 2771">
     <span class='ocr_line' id='line_1_115' title="bbox 1004 2733 1790 2771; baseline -0.008 -6"><span class='ocrx_word' id='word_1_901' title='bbox 1004 2738 1059 2764; x_wconf 91' lang='lat' dir='ltr'><strong>huc</strong></span> <span class='ocrx_word' id='word_1_902' title='bbox 1089 2741 1120 2764; x_wconf 86' lang='lat' dir='ltr'><strong>et</strong></span> <span class='ocrx_word' id='word_1_903' title='bbox 1150 2737 1256 2765; x_wconf 75' lang='lat' dir='ltr'><strong>sincera</strong></span> <span class='ocrx_word' id='word_1_904' title='bbox 1286 2736 1314 2764; x_wconf 92' lang='lat' dir='ltr'><strong>in</strong></span> <span class='ocrx_word' id='word_1_905' title='bbox 1345 2736 1412 2771; x_wconf 83' lang='lat' dir='ltr'><strong>ipsis</strong></span> <span class='ocrx_word' id='word_1_906' title='bbox 1443 2734 1575 2769; x_wconf 79' lang='lat' dir='ltr'><strong>fulgebat,</strong></span> <span class='ocrx_word' id='word_1_907' title='bbox 1600 2733 1790 2761; x_wconf 78' lang='lat' dir='ltr'><strong>admirabiles-</strong></span> 
     </span>
    </p>
   </div>
   <div class='ocr_carea' id='block_1_116' title="bbox 1005 2778 1783 2818">
    <p class='ocr_par' dir='ltr' id='par_1_116' title="bbox 1005 2778 1783 2818">
     <span class='ocr_line' id='line_1_116' title="bbox 1005 2778 1783 2818; baseline -0.009 -6"><span class='ocrx_word' id='word_1_908' title='bbox 1005 2791 1058 2818; x_wconf 81' lang='lat' dir='ltr'><strong>que</strong></span> <span class='ocrx_word' id='word_1_909' title='bbox 1083 2791 1136 2811; x_wconf 80' lang='lat' dir='ltr'><strong>eos.</strong></span> <span class='ocrx_word' id='word_1_910' title='bbox 1157 2783 1283 2810; x_wconf 80' lang='lat' dir='ltr'><strong>faciebat.</strong></span> <span class='ocrx_word' id='word_1_911' title='bbox 1302 2784 1448 2818; x_wconf 82' lang='lat' dir='ltr'><strong>Postquam</strong></span> <span class='ocrx_word' id='word_1_912' title='bbox 1469 2788 1540 2807; x_wconf 36' lang='lat' dir='ltr'><strong>vero.</strong></span> <span class='ocrx_word' id='word_1_913' title='bbox 1554 2780 1589 2807; x_wconf 86' lang='lat' dir='ltr'><strong>ad</strong></span> <span class='ocrx_word' id='word_1_914' title='bbox 1610 2779 1699 2807; x_wconf 84' lang='lat' dir='ltr'><strong>carnis</strong></span> <span class='ocrx_word' id='word_1_915' title='bbox 1717 2778 1783 2808; x_wconf 80' lang='lat' dir='ltr'><strong>dcsi~</strong></span> 
     </span>
    </p>
   </div>
  </div>
