  <div class='ocr_page' id='page_1' title='image "/cluster/home/n/w/nwhite01/storage/ocr_20150623/69/njp.32101077772729/045.png"; bbox 0 0 1990 3046; ppageno 0'>
   <div class='ocr_carea' id='block_1_1' title="bbox 200 144 238 173">
    <p class='ocr_par' dir='ltr' id='par_1_1' title="bbox 200 144 238 173">
     <span class='ocr_line' id='line_1_1' title="bbox 200 144 238 173; baseline 0.026 -1"><span class='ocrx_word' id='word_1_1' title='bbox 200 144 238 173; x_wconf 72' lang='grc' dir='ltr'><strong>ω</strong></span> 
     </span>
    </p>
   </div>
   <div class='ocr_carea' id='block_1_2' title="bbox 718 142 1335 173">
    <p class='ocr_par' dir='ltr' id='par_1_2' title="bbox 718 142 1335 173">
     <span class='ocr_line' id='line_1_2' title="bbox 718 142 1335 173; baseline -0.006 0"><span class='ocrx_word' id='word_1_2' title='bbox 718 146 746 173; x_wconf 87' lang='lat' dir='ltr'><strong>S.</strong></span> <span class='ocrx_word' id='word_1_3' title='bbox 767 143 903 173; x_wconf 76' lang='lat' dir='ltr'><strong>CYRlLLl</strong></span> <span class='ocrx_word' id='word_1_4' title='bbox 924 142 1157 170; x_wconf 68' lang='lat' dir='ltr'><strong>ALEXANDRINI</strong></span> <span class='ocrx_word' id='word_1_5' title='bbox 1177 143 1335 171; x_wconf 76' lang='lat' dir='ltr'><strong>ARCHIEP.</strong></span> 
     </span>
    </p>
   </div>
   <div class='ocr_carea' id='block_1_3' title="bbox 1801 136 1839 164">
    <p class='ocr_par' dir='ltr' id='par_1_3' title="bbox 1801 136 1839 164">
     <span class='ocr_line' id='line_1_3' title="bbox 1801 136 1839 164; baseline 0.026 -1"><span class='ocrx_word' id='word_1_6' title='bbox 1801 136 1839 164; x_wconf 67' lang='grc'><strong>60</strong></span> 
     </span>
    </p>
   </div>
   <div class='ocr_carea' id='block_1_4' title="bbox 240 198 1003 238">
    <p class='ocr_par' dir='ltr' id='par_1_4' title="bbox 240 201 998 238">
     <span class='ocr_line' id='line_1_4' title="bbox 240 201 998 238; baseline -0.001 -10"><span class='ocrx_word' id='word_1_7' title='bbox 240 201 267 229; x_wconf 76' lang='grc' dir='ltr'>ι.</span> <span class='ocrx_word' id='word_1_8' title='bbox 285 201 354 229; x_wconf 84' lang='lat' dir='ltr'><strong>Cum</strong></span> <span class='ocrx_word' id='word_1_9' title='bbox 372 202 463 237; x_wconf 82' lang='lat' dir='ltr'><strong>itaque</strong></span> <span class='ocrx_word' id='word_1_10' title='bbox 481 210 573 231; x_wconf 81' lang='lat' dir='ltr'><strong>sermo</strong></span> <span class='ocrx_word' id='word_1_11' title='bbox 595 204 674 232; x_wconf 87' lang='lat' dir='ltr'><strong>nobis</strong></span> <span class='ocrx_word' id='word_1_12' title='bbox 692 204 747 231; x_wconf 87' lang='lat' dir='ltr'><strong>huc</strong></span> <span class='ocrx_word' id='word_1_13' title='bbox 772 211 859 238; x_wconf 86' lang='lat' dir='ltr'><strong>usque</strong></span> <span class='ocrx_word' id='word_1_14' title='bbox 876 202 912 229; x_wconf 98' lang='lat' dir='ltr'><strong>sit</strong></span> <span class='ocrx_word' id='word_1_15' title='bbox 935 209 998 236; x_wconf 85' lang='lat' dir='ltr'><strong>per-</strong></span> 
     </span>
    </p>
   </div>
   <div class='ocr_carea' id='block_1_5' title="bbox 1056 198 1839 238">
    <p class='ocr_par' dir='ltr' id='par_1_5' title="bbox 1084 198 1839 237">
     <span class='ocr_line' id='line_1_5' title="bbox 1084 198 1839 237; baseline -0.008 -8"><span class='ocrx_word' id='word_1_16' title='bbox 1084 201 1114 228; x_wconf 91' lang='grc' dir='ltr'><strong>δ’.</strong></span> <span class='ocrx_word' id='word_1_17' title='bbox 1140 202 1304 237; x_wconf 62' lang='grc' dir='ltr'>Ἀριγμένου</span> <span class='ocrx_word' id='word_1_18' title='bbox 1317 201 1344 228; x_wconf 81' lang='grc' dir='ltr'>δὲ</span> <span class='ocrx_word' id='word_1_19' title='bbox 1360 201 1409 236; x_wconf 75' lang='grc' dir='ltr'>ἤδη</span> <span class='ocrx_word' id='word_1_20' title='bbox 1425 201 1492 236; x_wconf 75' lang='grc' dir='ltr'>πρὸς</span> <span class='ocrx_word' id='word_1_21' title='bbox 1507 200 1584 226; x_wconf 79' lang='grc' dir='ltr'>τοῦτο</span> <span class='ocrx_word' id='word_1_22' title='bbox 1604 200 1667 234; x_wconf 78' lang='grc' dir='ltr'>ἡμῖν</span> <span class='ocrx_word' id='word_1_23' title='bbox 1683 198 1729 225; x_wconf 84' lang='grc' dir='ltr'><strong>τοῦ</strong></span> <span class='ocrx_word' id='word_1_24' title='bbox 1744 198 1839 231; x_wconf 70' lang='grc' dir='ltr'>λόγου,</span> 
     </span>
    </p>
   </div>
   <div class='ocr_carea' id='block_1_6' title="bbox 203 245 1000 280">
    <p class='ocr_par' dir='ltr' id='par_1_6' title="bbox 203 245 1000 280">
     <span class='ocr_line' id='line_1_6' title="bbox 203 245 1000 280; baseline 0 -8"><span class='ocrx_word' id='word_1_25' title='bbox 203 245 322 280; x_wconf 84' lang='lat' dir='ltr'><strong>ductus,</strong></span> <span class='ocrx_word' id='word_1_26' title='bbox 335 251 363 274; x_wconf 90' lang='lat' dir='ltr'><strong>et</strong></span> <span class='ocrx_word' id='word_1_27' title='bbox 374 247 489 275; x_wconf 70' lang='lat' dir='ltr'><strong>innudae</strong></span> <span class='ocrx_word' id='word_1_28' title='bbox 499 248 598 276; x_wconf 78' lang='lat' dir='ltr'><strong>littera:</strong></span> <span class='ocrx_word' id='word_1_29' title='bbox 609 249 766 276; x_wconf 77' lang='lat' dir='ltr'><strong>narratione</strong></span> <span class='ocrx_word' id='word_1_30' title='bbox 780 247 912 274; x_wconf 84' lang='lat' dir='ltr'><strong>historico</strong></span> <span class='ocrx_word' id='word_1_31' title='bbox 925 253 1000 272; x_wconf 88' lang='lat' dir='ltr'><strong>more</strong></span> 
     </span>
    </p>
   </div>
   <div class='ocr_carea' id='block_1_7' title="bbox 206 292 1000 330">
    <p class='ocr_par' dir='ltr' id='par_1_7' title="bbox 206 292 1000 330">
     <span class='ocr_line' id='line_1_7' title="bbox 206 292 1000 330; baseline -0.001 -12"><span class='ocrx_word' id='word_1_32' title='bbox 206 296 404 327; x_wconf 83' lang='lat' dir='ltr'><strong>consumptus,</strong></span> <span class='ocrx_word' id='word_1_33' title='bbox 427 293 496 320; x_wconf 80' lang='lat' dir='ltr'><strong>nihil</strong></span> <span class='ocrx_word' id='word_1_34' title='bbox 515 294 605 327; x_wconf 88' lang='lat' dir='ltr'><strong>ultra,</strong></span> <span class='ocrx_word' id='word_1_35' title='bbox 622 298 652 321; x_wconf 88' lang='lat' dir='ltr'><strong>ut</strong></span> <span class='ocrx_word' id='word_1_36' title='bbox 663 302 714 330; x_wconf 79' lang='lat' dir='ltr'><strong>ego</strong></span> <span class='ocrx_word' id='word_1_37' title='bbox 732 293 842 328; x_wconf 84' lang='lat' dir='ltr'><strong>quidem</strong></span> <span class='ocrx_word' id='word_1_38' title='bbox 863 292 1000 324; x_wconf 75' lang='lat' dir='ltr'><strong>arbitror,</strong></span> 
     </span>
    </p>
   </div>
   <div class='ocr_carea' id='block_1_8' title="bbox 205 337 1001 375">
    <p class='ocr_par' dir='ltr' id='par_1_8' title="bbox 205 337 1001 375">
     <span class='ocr_line' id='line_1_8' title="bbox 205 337 1001 375; baseline 0 -11"><span class='ocrx_word' id='word_1_39' title='bbox 205 338 368 372; x_wconf 74' lang='lat' dir='ltr'><strong>requiritur.</strong></span> <span class='ocrx_word' id='word_1_40' title='bbox 395 338 450 374; x_wconf 79' lang='lat' dir='ltr'><strong>Age</strong></span> <span class='ocrx_word' id='word_1_41' title='bbox 471 339 581 374; x_wconf 91' lang='lat' dir='ltr'><strong>itaque,</strong></span> <span class='ocrx_word' id='word_1_42' title='bbox 602 340 709 375; x_wconf 83' lang='lat' dir='ltr'><strong>singula</strong></span> <span class='ocrx_word' id='word_1_43' title='bbox 734 346 830 366; x_wconf 88' lang='lat' dir='ltr'><strong>eorum</strong></span> <span class='ocrx_word' id='word_1_44' title='bbox 853 345 914 372; x_wconf 61' lang='lat' dir='ltr'><strong>qua!</strong></span> <span class='ocrx_word' id='word_1_45' title='bbox 929 337 1001 364; x_wconf 87' lang='lat' dir='ltr'><strong>dicta</strong></span> 
     </span>
    </p>
   </div>
   <div class='ocr_carea' id='block_1_9' title="bbox 209 384 1001 419">
    <p class='ocr_par' dir='ltr' id='par_1_9' title="bbox 209 384 1001 419">
     <span class='ocr_line' id='line_1_9' title="bbox 209 384 1001 419; baseline 0 -9"><span class='ocrx_word' id='word_1_46' title='bbox 209 387 274 411; x_wconf 75' lang='lat' dir='ltr'><strong>sunt</strong></span> <span class='ocrx_word' id='word_1_47' title='bbox 286 384 375 418; x_wconf 85' lang='lat' dir='ltr'><strong>capita</strong></span> <span class='ocrx_word' id='word_1_48' title='bbox 395 388 553 419; x_wconf 71' lang='lat' dir='ltr'><strong>repetentes</strong></span> <span class='ocrx_word' id='word_1_49' title='bbox 564 405 571 418; x_wconf 92' lang='lat'><strong>,</strong></span> <span class='ocrx_word' id='word_1_50' title='bbox 589 385 725 413; x_wconf 82' lang='lat' dir='ltr'><strong>occultam</strong></span> <span class='ocrx_word' id='word_1_51' title='bbox 748 385 823 412; x_wconf 91' lang='lat' dir='ltr'><strong>intus</strong></span> <span class='ocrx_word' id='word_1_52' title='bbox 848 384 875 410; x_wconf 90' lang='lat' dir='ltr'><strong>in</strong></span> <span class='ocrx_word' id='word_1_53' title='bbox 892 384 925 410; x_wconf 83' lang='lat' dir='ltr'><strong>iis</strong></span> <span class='ocrx_word' id='word_1_54' title='bbox 937 390 1001 410; x_wconf 90' lang='lat' dir='ltr'><strong>con-</strong></span> 
     </span>
    </p>
   </div>
   <div class='ocr_carea' id='block_1_10' title="bbox 208 428 1001 463">
    <p class='ocr_par' dir='ltr' id='par_1_10' title="bbox 208 428 1001 463">
     <span class='ocr_line' id='line_1_10' title="bbox 208 428 1001 463; baseline 0 -9"><span class='ocrx_word' id='word_1_55' title='bbox 208 428 413 463; x_wconf 86' lang='lat' dir='ltr'><strong>templationem</strong></span> <span class='ocrx_word' id='word_1_56' title='bbox 453 430 666 461; x_wconf 80' lang='lat' dir='ltr'><strong>transferentes,</strong></span> <span class='ocrx_word' id='word_1_57' title='bbox 703 429 805 457; x_wconf 82' lang='lat' dir='ltr'><strong>Christi</strong></span> <span class='ocrx_word' id='word_1_58' title='bbox 840 428 1001 463; x_wconf 85' lang='lat' dir='ltr'><strong>mysterium</strong></span> 
     </span>
    </p>
   </div>
   <div class='ocr_carea' id='block_1_11' title="bbox 205 471 1002 508">
    <p class='ocr_par' dir='ltr' id='par_1_11' title="bbox 205 471 1002 508">
     <span class='ocr_line' id='line_1_11' title="bbox 205 471 1002 508; baseline -0.001 -9"><span class='ocrx_word' id='word_1_59' title='bbox 205 472 420 506; x_wconf 84' lang='lat' dir='ltr'><strong>concinnemus,</strong></span> <span class='ocrx_word' id='word_1_60' title='bbox 434 478 463 501; x_wconf 88' lang='lat' dir='ltr'><strong>et</strong></span> <span class='ocrx_word' id='word_1_61' title='bbox 478 474 576 501; x_wconf 88' lang='lat' dir='ltr'><strong>salutis</strong></span> <span class='ocrx_word' id='word_1_62' title='bbox 591 481 640 508; x_wconf 90' lang='lat' dir='ltr'><strong>per</strong></span> <span class='ocrx_word' id='word_1_63' title='bbox 653 473 742 508; x_wconf 89' lang='lat' dir='ltr'><strong>ipsum</strong></span> <span class='ocrx_word' id='word_1_64' title='bbox 760 473 885 508; x_wconf 52' lang='lat' dir='ltr'><strong>praestita</strong></span> <span class='ocrx_word' id='word_1_65' title='bbox 907 471 1002 507; x_wconf 76' lang='lat' dir='ltr'><strong>imagi-</strong></span> 
     </span>
    </p>
   </div>
   <div class='ocr_carea' id='block_1_12' title="bbox 208 518 1000 554">
    <p class='ocr_par' dir='ltr' id='par_1_12' title="bbox 208 518 1000 554">
     <span class='ocr_line' id='line_1_12' title="bbox 208 518 1000 554; baseline 0 -10"><span class='ocrx_word' id='word_1_66' title='bbox 208 525 270 545; x_wconf 89' lang='lat' dir='ltr'><strong>nem</strong></span> <span class='ocrx_word' id='word_1_67' title='bbox 277 518 422 553; x_wconf 82' lang='lat' dir='ltr'><strong>quamdam</strong></span> <span class='ocrx_word' id='word_1_68' title='bbox 429 527 460 546; x_wconf 87' lang='lat' dir='ltr'><strong>ac</strong></span> <span class='ocrx_word' id='word_1_69' title='bbox 468 524 559 554; x_wconf 89' lang='lat' dir='ltr'><strong>typum</strong></span> <span class='ocrx_word' id='word_1_70' title='bbox 565 519 577 546; x_wconf 86' lang='lat' dir='ltr'><strong>l‘</strong></span> <span class='ocrx_word' id='word_1_71' title='bbox 578 527 592 545; x_wconf 94' lang='lat' dir='ltr'><strong>u</strong></span> <span class='ocrx_word' id='word_1_72' title='bbox 597 519 648 546; x_wconf 89' lang='lat' dir='ltr'><strong>isse</strong></span> <span class='ocrx_word' id='word_1_73' title='bbox 654 518 892 546; x_wconf 79' lang='lat' dir='ltr'><strong>ostendamust</strong></span> <span class='ocrx_word' id='word_1_74' title='bbox 901 518 1000 552; x_wconf 84' lang='lat' dir='ltr'><strong>ipsum,</strong></span> 
     </span>
    </p>
   </div>
   <div class='ocr_carea' id='block_1_13' title="bbox 208 563 1002 599">
    <p class='ocr_par' dir='ltr' id='par_1_13' title="bbox 208 563 1002 599">
     <span class='ocr_line' id='line_1_13' title="bbox 208 563 1002 599; baseline -0.001 -9"><span class='ocrx_word' id='word_1_75' title='bbox 208 564 372 599; x_wconf 78' lang='lat' dir='ltr'><strong>sapiensque</strong></span> <span class='ocrx_word' id='word_1_76' title='bbox 392 569 475 599; x_wconf 85' lang='lat' dir='ltr'><strong>atque</strong></span> <span class='ocrx_word' id='word_1_77' title='bbox 491 564 630 592; x_wconf 69' lang='lat' dir='ltr'><strong>ineffabile</strong></span> <span class='ocrx_word' id='word_1_78' title='bbox 652 564 686 592; x_wconf 92' lang='lat' dir='ltr'><strong>de</strong></span> <span class='ocrx_word' id='word_1_79' title='bbox 711 572 773 591; x_wconf 90' lang='lat' dir='ltr'><strong>arca</strong></span> <span class='ocrx_word' id='word_1_80' title='bbox 792 564 891 591; x_wconf 74' lang='lat' dir='ltr'><strong>divina:</strong></span> <span class='ocrx_word' id='word_1_81' title='bbox 911 563 1002 598; x_wconf 88' lang='lat' dir='ltr'><strong>provi-</strong></span> 
     </span>
    </p>
   </div>
   <div class='ocr_carea' id='block_1_14' title="bbox 205 609 1000 644">
    <p class='ocr_par' dir='ltr' id='par_1_14' title="bbox 205 609 1000 644">
     <span class='ocr_line' id='line_1_14' title="bbox 205 609 1000 644; baseline 0 -8"><span class='ocrx_word' id='word_1_82' title='bbox 205 609 309 637; x_wconf 67' lang='lat' dir='ltr'><strong>dentiae</strong></span> <span class='ocrx_word' id='word_1_83' title='bbox 321 609 475 637; x_wconf 89' lang='lat' dir='ltr'><strong>consilium.</strong></span> <span class='ocrx_word' id='word_1_84' title='bbox 495 610 582 637; x_wconf 86' lang='lat' dir='ltr'><strong>Natus</strong></span> <span class='ocrx_word' id='word_1_85' title='bbox 593 610 685 644; x_wconf 82' lang='lat' dir='ltr'><strong>itaque</strong></span> <span class='ocrx_word' id='word_1_86' title='bbox 702 614 744 638; x_wconf 87' lang='lat' dir='ltr'><strong>est</strong></span> <span class='ocrx_word' id='word_1_87' title='bbox 756 610 813 637; x_wconf 89' lang='lat' dir='ltr'><strong>Noe</strong></span> <span class='ocrx_word' id='word_1_88' title='bbox 825 617 858 636; x_wconf 79' lang='lat' dir='ltr'><strong>ex</strong></span> <span class='ocrx_word' id='word_1_89' title='bbox 871 610 1000 642; x_wconf 85' lang='lat' dir='ltr'><strong>Lamech,</strong></span> 
     </span>
    </p>
   </div>
   <div class='ocr_carea' id='block_1_15' title="bbox 207 653 1002 688">
    <p class='ocr_par' dir='ltr' id='par_1_15' title="bbox 207 653 1002 688">
     <span class='ocr_line' id='line_1_15' title="bbox 207 653 1002 688; baseline 0.001 -7"><span class='ocrx_word' id='word_1_90' title='bbox 207 661 263 681; x_wconf 88' lang='lat' dir='ltr'><strong>non</strong></span> <span class='ocrx_word' id='word_1_91' title='bbox 270 661 304 681; x_wconf 87' lang='lat' dir='ltr'><strong>eo</strong></span> <span class='ocrx_word' id='word_1_92' title='bbox 315 654 362 688; x_wconf 89' lang='lat' dir='ltr'><strong>qui</strong></span> <span class='ocrx_word' id='word_1_93' title='bbox 372 654 462 681; x_wconf 84' lang='lat' dir='ltr'><strong>virum</strong></span> <span class='ocrx_word' id='word_1_94' title='bbox 474 658 503 681; x_wconf 89' lang='lat' dir='ltr'><strong>et</strong></span> <span class='ocrx_word' id='word_1_95' title='bbox 520 653 720 682; x_wconf 85' lang='lat' dir='ltr'><strong>adolescentem</strong></span> <span class='ocrx_word' id='word_1_96' title='bbox 736 655 876 682; x_wconf 84' lang='lat' dir='ltr'><strong>occiderat</strong></span> <span class='ocrx_word' id='word_1_97' title='bbox 886 675 892 686; x_wconf 87' lang='lat'><strong>,</strong></span> <span class='ocrx_word' id='word_1_98' title='bbox 907 654 955 682; x_wconf 87' lang='lat' dir='ltr'><strong>sed</strong></span> <span class='ocrx_word' id='word_1_99' title='bbox 968 663 1002 682; x_wconf 73' lang='lat' dir='ltr'><strong>ex</strong></span> 
     </span>
    </p>
   </div>
   <div class='ocr_carea' id='block_1_16' title="bbox 207 698 1001 733">
    <p class='ocr_par' dir='ltr' id='par_1_16' title="bbox 207 698 1001 733">
     <span class='ocr_line' id='line_1_16' title="bbox 207 698 1001 733; baseline 0.001 -8"><span class='ocrx_word' id='word_1_100' title='bbox 207 699 261 726; x_wconf 88' lang='lat' dir='ltr'><strong>alio</strong></span> <span class='ocrx_word' id='word_1_101' title='bbox 272 698 395 733; x_wconf 83' lang='lat' dir='ltr'><strong>ejusdem</strong></span> <span class='ocrx_word' id='word_1_102' title='bbox 405 699 524 726; x_wconf 84' lang='lat' dir='ltr'><strong>nominis</strong></span> <span class='ocrx_word' id='word_1_103' title='bbox 537 707 570 726; x_wconf 83' lang='lat' dir='ltr'><strong>ex</strong></span> <span class='ocrx_word' id='word_1_104' title='bbox 580 699 655 727; x_wconf 87' lang='lat' dir='ltr'><strong>Seth.</strong></span> <span class='ocrx_word' id='word_1_105' title='bbox 668 700 747 727; x_wconf 83' lang='lat' dir='ltr'><strong>Ortus</strong></span> <span class='ocrx_word' id='word_1_106' title='bbox 762 705 853 727; x_wconf 87' lang='lat' dir='ltr'><strong>autem</strong></span> <span class='ocrx_word' id='word_1_107' title='bbox 865 704 907 726; x_wconf 81' lang='lat' dir='ltr'><strong>est</strong></span> <span class='ocrx_word' id='word_1_108' title='bbox 919 700 1001 727; x_wconf 82' lang='lat' dir='ltr'><strong>etiam</strong></span> 
     </span>
    </p>
   </div>
   <div class='ocr_carea' id='block_1_17' title="bbox 207 745 1002 778">
    <p class='ocr_par' dir='ltr' id='par_1_17' title="bbox 207 745 1002 778">
     <span class='ocr_line' id='line_1_17' title="bbox 207 745 1002 778; baseline 0.003 -7"><span class='ocrx_word' id='word_1_109' title='bbox 207 745 339 772; x_wconf 90' lang='lat' dir='ltr'><strong>Dominus</strong></span> <span class='ocrx_word' id='word_1_110' title='bbox 363 749 456 772; x_wconf 88' lang='lat' dir='ltr'><strong>noster</strong></span> <span class='ocrx_word' id='word_1_111' title='bbox 479 745 559 773; x_wconf 87' lang='lat' dir='ltr'><strong>Jesus</strong></span> <span class='ocrx_word' id='word_1_112' title='bbox 579 745 704 773; x_wconf 83' lang='lat' dir='ltr'><strong>Christus</strong></span> <span class='ocrx_word' id='word_1_113' title='bbox 723 754 756 774; x_wconf 83' lang='lat' dir='ltr'><strong>ex</strong></span> <span class='ocrx_word' id='word_1_114' title='bbox 781 746 882 778; x_wconf 88' lang='lat' dir='ltr'><strong>lsrael,</strong></span> <span class='ocrx_word' id='word_1_115' title='bbox 906 750 1002 773; x_wconf 86' lang='lat' dir='ltr'><strong>sancto</strong></span> 
     </span>
    </p>
   </div>
   <div class='ocr_carea' id='block_1_18' title="bbox 207 788 1002 827">
    <p class='ocr_par' dir='ltr' id='par_1_18' title="bbox 207 788 1002 827">
     <span class='ocr_line' id='line_1_18' title="bbox 207 788 1002 827; baseline 0.005 -12"><span class='ocrx_word' id='word_1_116' title='bbox 207 788 317 823; x_wconf 89' lang='lat' dir='ltr'><strong>quidem</strong></span> <span class='ocrx_word' id='word_1_117' title='bbox 337 794 450 824; x_wconf 86' lang='lat' dir='ltr'><strong>propter</strong></span> <span class='ocrx_word' id='word_1_118' title='bbox 468 795 575 825; x_wconf 85' lang='lat' dir='ltr'><strong>patres,</strong></span> <span class='ocrx_word' id='word_1_119' title='bbox 592 795 722 818; x_wconf 80' lang='lat' dir='ltr'><strong>caeterum</strong></span> <span class='ocrx_word' id='word_1_120' title='bbox 738 800 772 819; x_wconf 80' lang='lat' dir='ltr'><strong>ex</strong></span> <span class='ocrx_word' id='word_1_121' title='bbox 791 792 891 827; x_wconf 85' lang='lat' dir='ltr'><strong>popqu</strong></span> <span class='ocrx_word' id='word_1_122' title='bbox 911 799 1002 819; x_wconf 92' lang='lat' dir='ltr'><strong>mores</strong></span> 
     </span>
    </p>
   </div>
   <div class='ocr_carea' id='block_1_19' title="bbox 207 834 1001 872">
    <p class='ocr_par' dir='ltr' id='par_1_19' title="bbox 207 834 1001 872">
     <span class='ocr_line' id='line_1_19' title="bbox 207 834 1001 872; baseline 0.004 -11"><span class='ocrx_word' id='word_1_123' title='bbox 207 834 326 862; x_wconf 85' lang='lat' dir='ltr'><strong>Lamech</strong></span> <span class='ocrx_word' id='word_1_124' title='bbox 355 836 508 867; x_wconf 80' lang='lat' dir='ltr'><strong>referente,</strong></span> <span class='ocrx_word' id='word_1_125' title='bbox 530 839 612 870; x_wconf 85' lang='lat' dir='ltr'><strong>atque</strong></span> <span class='ocrx_word' id='word_1_126' title='bbox 633 837 755 872; x_wconf 88' lang='lat' dir='ltr'><strong>ejusdem</strong></span> <span class='ocrx_word' id='word_1_127' title='bbox 781 845 843 864; x_wconf 89' lang='lat' dir='ltr'><strong>cum</strong></span> <span class='ocrx_word' id='word_1_128' title='bbox 866 837 1001 864; x_wconf 82' lang='lat' dir='ltr'><strong>homicida</strong></span> 
     </span>
    </p>
   </div>
   <div class='ocr_carea' id='block_1_20' title="bbox 206 881 998 917">
    <p class='ocr_par' dir='ltr' id='par_1_20' title="bbox 206 881 998 917">
     <span class='ocr_line' id='line_1_20' title="bbox 206 881 998 917; baseline 0.003 -11"><span class='ocrx_word' id='word_1_129' title='bbox 206 881 363 913; x_wconf 61' lang='lat' dir='ltr'><strong>sententiae,</strong></span> <span class='ocrx_word' id='word_1_130' title='bbox 383 881 505 916; x_wconf 79' lang='lat' dir='ltr'><strong>ejusdem</strong></span> <span class='ocrx_word' id='word_1_131' title='bbox 525 882 606 909; x_wconf 86' lang='lat' dir='ltr'><strong>etiam</strong></span> <span class='ocrx_word' id='word_1_132' title='bbox 627 882 747 910; x_wconf 88' lang='lat' dir='ltr'><strong>nominis</strong></span> <span class='ocrx_word' id='word_1_133' title='bbox 761 887 896 917; x_wconf 75' lang='lat' dir='ltr'><strong>quatenus</strong></span> <span class='ocrx_word' id='word_1_134' title='bbox 909 882 998 909; x_wconf 86' lang='lat' dir='ltr'><strong>homi-</strong></span> 
     </span>
    </p>
   </div>
   <div class='ocr_carea' id='block_1_21' title="bbox 207 924 999 960">
    <p class='ocr_par' dir='ltr' id='par_1_21' title="bbox 207 924 999 960">
     <span class='ocr_line' id='line_1_21' title="bbox 207 924 999 960; baseline 0.004 -9"><span class='ocrx_word' id='word_1_135' title='bbox 207 924 286 952; x_wconf 71' lang='lat' dir='ltr'><strong>cidae.</strong></span> <span class='ocrx_word' id='word_1_136' title='bbox 306 925 414 953; x_wconf 89' lang='lat' dir='ltr'><strong>Dictum</strong></span> <span class='ocrx_word' id='word_1_137' title='bbox 435 931 526 954; x_wconf 88' lang='lat' dir='ltr'><strong>autem</strong></span> <span class='ocrx_word' id='word_1_138' title='bbox 547 932 590 954; x_wconf 91' lang='lat' dir='ltr'><strong>est</strong></span> <span class='ocrx_word' id='word_1_139' title='bbox 601 927 666 954; x_wconf 87' lang='lat' dir='ltr'><strong>alibi</strong></span> <span class='ocrx_word' id='word_1_140' title='bbox 677 927 711 954; x_wconf 83' lang='lat' dir='ltr'><strong>ad</strong></span> <span class='ocrx_word' id='word_1_141' title='bbox 732 927 840 955; x_wconf 72' lang='lat' dir='ltr'><strong>Iudaeos</strong></span> <span class='ocrx_word' id='word_1_142' title='bbox 856 936 862 954; x_wconf 84' lang='lat'>:</span> <span class='ocrx_word' id='word_1_143' title='bbox 881 937 889 952; x_wconf 74' lang='grc' dir='ltr'><strong>ι</strong></span> <span class='ocrx_word' id='word_1_144' title='bbox 913 926 999 960; x_wconf 85' lang='lat' dir='ltr'><strong>Quem</strong></span> 
     </span>
    </p>
   </div>
   <div class='ocr_carea' id='block_1_22' title="bbox 207 971 999 1008">
    <p class='ocr_par' dir='ltr' id='par_1_22' title="bbox 207 971 999 1008">
     <span class='ocr_line' id='line_1_22' title="bbox 207 971 999 1008; baseline 0.004 -12"><span class='ocrx_word' id='word_1_145' title='bbox 207 971 403 1005; x_wconf 86' lang='lat' dir='ltr'><strong>prophetarum</strong></span> <span class='ocrx_word' id='word_1_146' title='bbox 417 981 473 1003; x_wconf 87' lang='lat' dir='ltr'><strong>non</strong></span> <span class='ocrx_word' id='word_1_147' title='bbox 487 973 648 1002; x_wconf 87' lang='lat' dir='ltr'><strong>occiderunt</strong></span> <span class='ocrx_word' id='word_1_148' title='bbox 659 979 751 1008; x_wconf 84' lang='lat' dir='ltr'><strong>patres</strong></span> <span class='ocrx_word' id='word_1_149' title='bbox 759 973 844 1001; x_wconf 86' lang='lat' dir='ltr'><strong>vestri</strong></span> <span class='ocrx_word' id='word_1_150' title='bbox 854 973 895 1000; x_wconf 72' lang='lat' dir='ltr'><strong>’L&#39;?</strong></span> <span class='ocrx_word' id='word_1_151' title='bbox 911 983 919 999; x_wconf 77' lang='grc' dir='ltr'><strong>ι</strong></span> <span class='ocrx_word' id='word_1_152' title='bbox 938 973 971 1000; x_wconf 83' lang='grc' dir='ltr'>Ει</span> <span class='ocrx_word' id='word_1_153' title='bbox 984 981 999 1000; x_wconf 84' lang='lat' dir='ltr'><strong>a</strong></span> 
     </span>
    </p>
   </div>
   <div class='ocr_carea' id='block_1_23' title="bbox 208 1017 1000 1054">
    <p class='ocr_par' dir='ltr' id='par_1_23' title="bbox 208 1017 1000 1054">
     <span class='ocr_line' id='line_1_23' title="bbox 208 1017 1000 1054; baseline 0.004 -11"><span class='ocrx_word' id='word_1_154' title='bbox 208 1017 334 1045; x_wconf 87' lang='lat' dir='ltr'><strong>Christo:</strong></span> <span class='ocrx_word' id='word_1_155' title='bbox 358 1029 367 1044; x_wconf 74' lang='grc' dir='ltr'><strong>ε</strong></span> <span class='ocrx_word' id='word_1_156' title='bbox 387 1019 422 1046; x_wconf 85' lang='lat' dir='ltr'><strong>Et</strong></span> <span class='ocrx_word' id='word_1_157' title='bbox 441 1027 490 1047; x_wconf 83' lang='lat' dir='ltr'><strong>vos</strong></span> <span class='ocrx_word' id='word_1_158' title='bbox 512 1020 624 1054; x_wconf 80' lang='lat' dir='ltr'><strong>implete</strong></span> <span class='ocrx_word' id='word_1_159' title='bbox 652 1027 807 1047; x_wconf 84' lang='lat' dir='ltr'><strong>mensuram</strong></span> <span class='ocrx_word' id='word_1_160' title='bbox 827 1024 935 1054; x_wconf 84' lang='lat' dir='ltr'><strong>patrum</strong></span> <span class='ocrx_word' id='word_1_161' title='bbox 955 1027 1000 1046; x_wconf 83' lang='lat' dir='ltr'><strong>ve-</strong></span> 
     </span>
    </p>
   </div>
   <div class='ocr_carea' id='block_1_24' title="bbox 208 1064 998 1100">
    <p class='ocr_par' dir='ltr' id='par_1_24' title="bbox 208 1064 998 1100">
     <span class='ocr_line' id='line_1_24' title="bbox 208 1064 998 1100; baseline 0.003 -10"><span class='ocrx_word' id='word_1_162' title='bbox 208 1067 326 1090; x_wconf 80' lang='lat' dir='ltr'><strong>strorum</strong></span> <span class='ocrx_word' id='word_1_163' title='bbox 337 1065 370 1091; x_wconf 62' lang='lat'><strong>9&quot;.</strong></span> <span class='ocrx_word' id='word_1_164' title='bbox 386 1075 394 1090; x_wconf 79' lang='grc' dir='ltr'><strong>ι</strong></span> <span class='ocrx_word' id='word_1_165' title='bbox 404 1065 475 1098; x_wconf 88' lang='lat' dir='ltr'><strong>Quin</strong></span> <span class='ocrx_word' id='word_1_166' title='bbox 485 1066 567 1093; x_wconf 90' lang='lat' dir='ltr'><strong>etiam</strong></span> <span class='ocrx_word' id='word_1_167' title='bbox 580 1073 629 1100; x_wconf 90' lang='lat' dir='ltr'><strong>per</strong></span> <span class='ocrx_word' id='word_1_168' title='bbox 636 1073 730 1093; x_wconf 87' lang='lat' dir='ltr'><strong>vocem</strong></span> <span class='ocrx_word' id='word_1_169' title='bbox 741 1065 817 1093; x_wconf 64' lang='lat' dir='ltr'><strong>Isaia:</strong></span> <span class='ocrx_word' id='word_1_170' title='bbox 823 1066 875 1092; x_wconf 86' lang='lat' dir='ltr'><strong>ait:</strong></span> <span class='ocrx_word' id='word_1_171' title='bbox 883 1075 891 1090; x_wconf 86' lang='grc'><strong>‹</strong></span> <span class='ocrx_word' id='word_1_172' title='bbox 907 1064 998 1097; x_wconf 85' lang='lat' dir='ltr'><strong>Quan-</strong></span> 
     </span>
    </p>
   </div>
   <div class='ocr_carea' id='block_1_25' title="bbox 208 1109 1000 1143">
    <p class='ocr_par' dir='ltr' id='par_1_25' title="bbox 208 1109 1000 1143">
     <span class='ocr_line' id='line_1_25' title="bbox 208 1109 1000 1143; baseline 0 -7"><span class='ocrx_word' id='word_1_173' title='bbox 208 1109 244 1136; x_wconf 90' lang='lat' dir='ltr'><strong>do</strong></span> <span class='ocrx_word' id='word_1_174' title='bbox 268 1110 449 1138; x_wconf 76' lang='lat' dir='ltr'><strong>extenderitis</strong></span> <span class='ocrx_word' id='word_1_175' title='bbox 475 1119 572 1138; x_wconf 87' lang='lat' dir='ltr'><strong>manus</strong></span> <span class='ocrx_word' id='word_1_176' title='bbox 598 1115 704 1138; x_wconf 88' lang='lat' dir='ltr'><strong>vestras</strong></span> <span class='ocrx_word' id='word_1_177' title='bbox 734 1111 767 1138; x_wconf 90' lang='lat' dir='ltr'><strong>ad</strong></span> <span class='ocrx_word' id='word_1_178' title='bbox 792 1119 853 1143; x_wconf 89' lang='lat' dir='ltr'><strong>me,</strong></span> <span class='ocrx_word' id='word_1_179' title='bbox 878 1114 1000 1138; x_wconf 83' lang='lat' dir='ltr'><strong>avertam</strong></span> 
     </span>
    </p>
   </div>
   <div class='ocr_carea' id='block_1_26' title="bbox 207 1156 1000 1191">
    <p class='ocr_par' dir='ltr' id='par_1_26' title="bbox 207 1156 1000 1191">
     <span class='ocr_line' id='line_1_26' title="bbox 207 1156 1000 1191; baseline 0.001 -9"><span class='ocrx_word' id='word_1_180' title='bbox 207 1156 302 1183; x_wconf 80' lang='lat' dir='ltr'><strong>oculos</strong></span> <span class='ocrx_word' id='word_1_181' title='bbox 317 1164 394 1184; x_wconf 88' lang='lat' dir='ltr'><strong>meos</strong></span> <span class='ocrx_word' id='word_1_182' title='bbox 406 1164 420 1184; x_wconf 90' lang='lat' dir='ltr'><strong>a</strong></span> <span class='ocrx_word' id='word_1_183' title='bbox 439 1157 534 1185; x_wconf 91' lang='lat' dir='ltr'><strong>vobis:</strong></span> <span class='ocrx_word' id='word_1_184' title='bbox 549 1162 578 1185; x_wconf 84' lang='lat' dir='ltr'><strong>et</strong></span> <span class='ocrx_word' id='word_1_185' title='bbox 593 1158 615 1184; x_wconf 88' lang='lat' dir='ltr'><strong>si</strong></span> <span class='ocrx_word' id='word_1_186' title='bbox 631 1157 880 1191; x_wconf 87' lang='lat' dir='ltr'><strong>multiplicaveritis</strong></span> <span class='ocrx_word' id='word_1_187' title='bbox 898 1157 1000 1183; x_wconf 89' lang='lat' dir='ltr'><strong>oratio-</strong></span> 
     </span>
    </p>
   </div>
   <div class='ocr_carea' id='block_1_27' title="bbox 209 1203 1000 1236">
    <p class='ocr_par' dir='ltr' id='par_1_27' title="bbox 209 1203 1000 1236">
     <span class='ocr_line' id='line_1_27' title="bbox 209 1203 1000 1236; baseline 0.003 -8"><span class='ocrx_word' id='word_1_188' title='bbox 209 1208 270 1228; x_wconf 86' lang='lat' dir='ltr'><strong>nem</strong></span> <span class='ocrx_word' id='word_1_189' title='bbox 282 1221 288 1232; x_wconf 83' lang='lat'><strong>.</strong></span> <span class='ocrx_word' id='word_1_190' title='bbox 304 1209 358 1229; x_wconf 86' lang='lat' dir='ltr'><strong>non</strong></span> <span class='ocrx_word' id='word_1_191' title='bbox 375 1203 518 1230; x_wconf 78' lang='lat' dir='ltr'><strong>exaudiam</strong></span> <span class='ocrx_word' id='word_1_192' title='bbox 535 1211 599 1236; x_wconf 83' lang='lat' dir='ltr'><strong>vos;</strong></span> <span class='ocrx_word' id='word_1_193' title='bbox 616 1211 713 1230; x_wconf 88' lang='lat' dir='ltr'><strong>manus</strong></span> <span class='ocrx_word' id='word_1_194' title='bbox 729 1203 802 1230; x_wconf 86' lang='lat' dir='ltr'><strong>enim</strong></span> <span class='ocrx_word' id='word_1_195' title='bbox 822 1207 920 1230; x_wconf 75' lang='lat' dir='ltr'><strong>vestra:</strong></span> <span class='ocrx_word' id='word_1_196' title='bbox 937 1211 1000 1230; x_wconf 87' lang='lat' dir='ltr'><strong>san-</strong></span> 
     </span>
    </p>
   </div>
   <div class='ocr_carea' id='block_1_28' title="bbox 208 1248 1002 1283">
    <p class='ocr_par' dir='ltr' id='par_1_28' title="bbox 208 1248 1002 1283">
     <span class='ocr_line' id='line_1_28' title="bbox 208 1248 1002 1283; baseline 0.001 -9"><span class='ocrx_word' id='word_1_197' title='bbox 208 1248 290 1282; x_wconf 80' lang='lat' dir='ltr'><strong>guine</strong></span> <span class='ocrx_word' id='word_1_198' title='bbox 301 1248 389 1282; x_wconf 72' lang='lat' dir='ltr'><strong>plenae</strong></span> <span class='ocrx_word' id='word_1_199' title='bbox 400 1248 455 1276; x_wconf 86' lang='lat' dir='ltr'><strong>sint</strong></span> <span class='ocrx_word' id='word_1_200' title='bbox 470 1249 504 1275; x_wconf 84' lang='lat'><strong>&quot;.</strong></span> <span class='ocrx_word' id='word_1_201' title='bbox 521 1259 530 1274; x_wconf 77' lang='grc' dir='ltr'><strong>ι</strong></span> <span class='ocrx_word' id='word_1_202' title='bbox 545 1249 627 1283; x_wconf 83' lang='lat' dir='ltr'><strong>Atqui</strong></span> <span class='ocrx_word' id='word_1_203' title='bbox 643 1248 699 1276; x_wconf 88' lang='lat' dir='ltr'><strong>Noe</strong></span> <span class='ocrx_word' id='word_1_204' title='bbox 716 1248 880 1276; x_wconf 86' lang='lat' dir='ltr'><strong>undecimus</strong></span> <span class='ocrx_word' id='word_1_205' title='bbox 902 1248 953 1275; x_wconf 83' lang='lat' dir='ltr'><strong>fuit</strong></span> <span class='ocrx_word' id='word_1_206' title='bbox 968 1257 1002 1276; x_wconf 83' lang='lat' dir='ltr'><strong>ex</strong></span> 
     </span>
    </p>
   </div>
   <div class='ocr_carea' id='block_1_29' title="bbox 208 1292 1002 1328">
    <p class='ocr_par' dir='ltr' id='par_1_29' title="bbox 208 1292 1002 1328">
     <span class='ocr_line' id='line_1_29' title="bbox 208 1292 1002 1328; baseline 0.001 -8"><span class='ocrx_word' id='word_1_207' title='bbox 208 1292 304 1320; x_wconf 83' lang='lat' dir='ltr'><strong>Adam.</strong></span> <span class='ocrx_word' id='word_1_208' title='bbox 318 1292 444 1321; x_wconf 87' lang='lat' dir='ltr'><strong>Christus</strong></span> <span class='ocrx_word' id='word_1_209' title='bbox 459 1301 526 1320; x_wconf 91' lang='lat' dir='ltr'><strong>vero</strong></span> <span class='ocrx_word' id='word_1_210' title='bbox 537 1301 647 1320; x_wconf 90' lang='lat' dir='ltr'><strong>rursum</strong></span> <span class='ocrx_word' id='word_1_211' title='bbox 664 1294 748 1321; x_wconf 79' lang='lat' dir='ltr'><strong>veluti</strong></span> <span class='ocrx_word' id='word_1_212' title='bbox 769 1294 796 1320; x_wconf 90' lang='lat' dir='ltr'><strong>in</strong></span> <span class='ocrx_word' id='word_1_213' title='bbox 813 1294 908 1321; x_wconf 87' lang='lat' dir='ltr'><strong>ultimo</strong></span> <span class='ocrx_word' id='word_1_214' title='bbox 920 1299 1002 1328; x_wconf 79' lang='lat' dir='ltr'><strong>atque</strong></span> 
     </span>
    </p>
   </div>
   <div class='ocr_carea' id='block_1_30' title="bbox 210 1337 1002 1375">
    <p class='ocr_par' dir='ltr' id='par_1_30' title="bbox 210 1337 1002 1375">
     <span class='ocr_line' id='line_1_30' title="bbox 210 1337 1002 1375; baseline 0.004 -11"><span class='ocrx_word' id='word_1_215' title='bbox 210 1337 356 1365; x_wconf 88' lang='lat' dir='ltr'><strong>undecimo</strong></span> <span class='ocrx_word' id='word_1_216' title='bbox 374 1343 496 1372; x_wconf 89' lang='lat' dir='ltr'><strong>tempore</strong></span> <span class='ocrx_word' id='word_1_217' title='bbox 525 1346 635 1366; x_wconf 88' lang='lat' dir='ltr'><strong>carnem</strong></span> <span class='ocrx_word' id='word_1_218' title='bbox 659 1340 829 1374; x_wconf 67' lang='lat' dir='ltr'><strong>assumpsit,</strong></span> <span class='ocrx_word' id='word_1_219' title='bbox 849 1344 1002 1375; x_wconf 67' lang='lat' dir='ltr'><strong>nostraeque</strong></span> 
     </span>
    </p>
   </div>
   <div class='ocr_carea' id='block_1_31' title="bbox 209 1384 1003 1419">
    <p class='ocr_par' dir='ltr' id='par_1_31' title="bbox 209 1384 1003 1419">
     <span class='ocr_line' id='line_1_31' title="bbox 209 1384 1003 1419; baseline 0.004 -8"><span class='ocrx_word' id='word_1_220' title='bbox 209 1384 306 1411; x_wconf 84' lang='lat' dir='ltr'><strong>salutis</strong></span> <span class='ocrx_word' id='word_1_221' title='bbox 336 1384 601 1412; x_wconf 77' lang='lat' dir='ltr'><strong>administrationem</strong></span> <span class='ocrx_word' id='word_1_222' title='bbox 625 1390 668 1413; x_wconf 89' lang='lat' dir='ltr'><strong>est</strong></span> <span class='ocrx_word' id='word_1_223' title='bbox 701 1393 791 1413; x_wconf 88' lang='lat' dir='ltr'><strong>orsus.</strong></span> <span class='ocrx_word' id='word_1_224' title='bbox 814 1386 891 1419; x_wconf 85' lang='lat' dir='ltr'><strong>Quod</strong></span> <span class='ocrx_word' id='word_1_225' title='bbox 911 1388 947 1414; x_wconf 84' lang='lat' dir='ltr'><strong>ita</strong></span> <span class='ocrx_word' id='word_1_226' title='bbox 974 1394 1003 1414; x_wconf 89' lang='lat' dir='ltr'><strong>se</strong></span> 
     </span>
    </p>
   </div>
   <div class='ocr_carea' id='block_1_32' title="bbox 209 1429 1003 1465">
    <p class='ocr_par' dir='ltr' id='par_1_32' title="bbox 209 1429 1003 1465">
     <span class='ocr_line' id='line_1_32' title="bbox 209 1429 1003 1465; baseline 0.004 -9"><span class='ocrx_word' id='word_1_227' title='bbox 209 1429 327 1462; x_wconf 86' lang='lat' dir='ltr'><strong>habere,</strong></span> <span class='ocrx_word' id='word_1_228' title='bbox 352 1438 505 1465; x_wconf 87' lang='lat' dir='ltr'><strong>verumque</strong></span> <span class='ocrx_word' id='word_1_229' title='bbox 529 1439 605 1463; x_wconf 88' lang='lat' dir='ltr'><strong>esse,</strong></span> <span class='ocrx_word' id='word_1_230' title='bbox 632 1431 711 1458; x_wconf 82' lang='lat' dir='ltr'><strong>facile</strong></span> <span class='ocrx_word' id='word_1_231' title='bbox 730 1439 764 1459; x_wconf 76' lang='lat' dir='ltr'><strong>ex</strong></span> <span class='ocrx_word' id='word_1_232' title='bbox 789 1433 874 1459; x_wconf 86' lang='lat' dir='ltr'><strong>sacris</strong></span> <span class='ocrx_word' id='word_1_233' title='bbox 892 1432 1003 1460; x_wconf 86' lang='lat' dir='ltr'><strong>Litteris</strong></span> 
     </span>
    </p>
   </div>
   <div class='ocr_carea' id='block_1_33' title="bbox 209 1475 1002 1512">
    <p class='ocr_par' dir='ltr' id='par_1_33' title="bbox 209 1475 1002 1512">
     <span class='ocr_line' id='line_1_33' title="bbox 209 1475 1002 1512; baseline 0.004 -10"><span class='ocrx_word' id='word_1_234' title='bbox 209 1475 349 1504; x_wconf 85' lang='lat' dir='ltr'><strong>didiceris.</strong></span> <span class='ocrx_word' id='word_1_235' title='bbox 366 1476 412 1503; x_wconf 87' lang='lat' dir='ltr'><strong>llle</strong></span> <span class='ocrx_word' id='word_1_236' title='bbox 429 1478 503 1504; x_wconf 89' lang='lat' dir='ltr'><strong>enim</strong></span> <span class='ocrx_word' id='word_1_237' title='bbox 521 1477 568 1512; x_wconf 90' lang='lat' dir='ltr'><strong>qui</strong></span> <span class='ocrx_word' id='word_1_238' title='bbox 594 1477 735 1512; x_wconf 85' lang='lat' dir='ltr'><strong>operarios</strong></span> <span class='ocrx_word' id='word_1_239' title='bbox 749 1478 875 1505; x_wconf 87' lang='lat' dir='ltr'><strong>mercede</strong></span> <span class='ocrx_word' id='word_1_240' title='bbox 898 1478 1002 1505; x_wconf 90' lang='lat' dir='ltr'><strong>condu-</strong></span> 
     </span>
    </p>
   </div>
   <div class='ocr_carea' id='block_1_34' title="bbox 1020 871 1039 897">
    <p class='ocr_par' dir='ltr' id='par_1_34' title="bbox 1020 871 1039 897">
     <span class='ocr_line' id='line_1_34' title="bbox 1020 871 1039 897; baseline -0.053 0"><span class='ocrx_word' id='word_1_241' title='bbox 1020 871 1039 897; x_wconf 78' lang='grc' dir='ltr'>Β</span> 
     </span>
    </p>
   </div>
   <div class='ocr_carea' id='block_1_35' title="bbox 208 1522 1038 1567">
    <p class='ocr_par' dir='ltr' id='par_1_35' title="bbox 208 1522 1038 1567">
     <span class='ocr_line' id='line_1_35' title="bbox 208 1522 1038 1567; baseline 0.001 -17"><span class='ocrx_word' id='word_1_242' title='bbox 208 1529 274 1550; x_wconf 79' lang='lat' dir='ltr'><strong>oens</strong></span> <span class='ocrx_word' id='word_1_243' title='bbox 285 1522 314 1549; x_wconf 91' lang='lat' dir='ltr'><strong>in</strong></span> <span class='ocrx_word' id='word_1_244' title='bbox 328 1523 436 1550; x_wconf 84' lang='lat' dir='ltr'><strong>vineam</strong></span> <span class='ocrx_word' id='word_1_245' title='bbox 447 1531 524 1550; x_wconf 88' lang='lat' dir='ltr'><strong>suam</strong></span> <span class='ocrx_word' id='word_1_246' title='bbox 539 1524 653 1551; x_wconf 86' lang='lat' dir='ltr'><strong>vocabat</strong></span> <span class='ocrx_word' id='word_1_247' title='bbox 664 1523 732 1550; x_wconf 86' lang='lat' dir='ltr'><strong>hora</strong></span> <span class='ocrx_word' id='word_1_248' title='bbox 744 1523 887 1551; x_wconf 88' lang='lat' dir='ltr'><strong>undecima</strong></span> <span class='ocrx_word' id='word_1_249' title='bbox 897 1545 904 1556; x_wconf 87' lang='lat'><strong>,</strong></span> <span class='ocrx_word' id='word_1_250' title='bbox 923 1533 1004 1559; x_wconf 89' lang='lat' dir='ltr'><strong>quos-</strong></span> <span class='ocrx_word' id='word_1_251' title='bbox 1017 1539 1038 1567; x_wconf 68' lang='grc' dir='ltr'>ο</span> 
     </span>
    </p>
   </div>
   <div class='ocr_carea' id='block_1_36' title="bbox 209 1562 1003 1607">
    <p class='ocr_par' dir='ltr' id='par_1_36' title="bbox 209 1568 1003 1604">
     <span class='ocr_line' id='line_1_36' title="bbox 209 1568 1003 1604; baseline 0.003 -9"><span class='ocrx_word' id='word_1_252' title='bbox 209 1568 271 1596; x_wconf 80' lang='lat' dir='ltr'><strong>dam</strong></span> <span class='ocrx_word' id='word_1_253' title='bbox 288 1569 324 1595; x_wconf 87' lang='lat' dir='ltr'><strong>ita</strong></span> <span class='ocrx_word' id='word_1_254' title='bbox 342 1569 526 1604; x_wconf 84' lang='lat' dir='ltr'><strong>compellavit,</strong></span> <span class='ocrx_word' id='word_1_255' title='bbox 538 1573 634 1603; x_wconf 82' lang='lat' dir='ltr'><strong>gentes</strong></span> <span class='ocrx_word' id='word_1_256' title='bbox 653 1570 784 1596; x_wconf 88' lang='lat' dir='ltr'><strong>nimirum</strong></span> <span class='ocrx_word' id='word_1_257' title='bbox 802 1579 808 1596; x_wconf 89' lang='lat'>:</span> <span class='ocrx_word' id='word_1_258' title='bbox 833 1580 841 1595; x_wconf 76' lang='grc' dir='ltr'><strong>ι</strong></span> <span class='ocrx_word' id='word_1_259' title='bbox 861 1569 931 1602; x_wconf 89' lang='lat' dir='ltr'><strong>Quid</strong></span> <span class='ocrx_word' id='word_1_260' title='bbox 951 1575 1003 1597; x_wconf 88' lang='lat' dir='ltr'><strong>sta-</strong></span> 
     </span>
    </p>
   </div>
   <div class='ocr_carea' id='block_1_37' title="bbox 1056 1562 1845 1607">
    <p class='ocr_par' dir='ltr' id='par_1_37' title="bbox 1058 1562 1845 1607">
     <span class='ocr_line' id='line_1_37' title="bbox 1058 1562 1845 1607; baseline -0.013 -9"><span class='ocrx_word' id='word_1_261' title='bbox 1058 1573 1122 1607; x_wconf 80' lang='grc' dir='ltr'>ὂλην</span> <span class='ocrx_word' id='word_1_262' title='bbox 1138 1571 1186 1606; x_wconf 83' lang='grc' dir='ltr'>τὴν</span> <span class='ocrx_word' id='word_1_263' title='bbox 1203 1570 1308 1606; x_wconf 75' lang='grc' dir='ltr'>ἡμέραν</span> <span class='ocrx_word' id='word_1_264' title='bbox 1326 1567 1421 1604; x_wconf 83' lang='grc' dir='ltr'>ἀργοί;</span> <span class='ocrx_word' id='word_1_265' title='bbox 1436 1577 1444 1593; x_wconf 76' lang='grc' dir='ltr'><strong>ι</strong></span> <span class='ocrx_word' id='word_1_266' title='bbox 1463 1567 1523 1593; x_wconf 85' lang='grc' dir='ltr'><strong>Τῶν</strong></span> <span class='ocrx_word' id='word_1_267' title='bbox 1535 1566 1562 1592; x_wconf 77' lang='grc' dir='ltr'>δὲ</span> <span class='ocrx_word' id='word_1_268' title='bbox 1577 1564 1726 1599; x_wconf 75' lang='grc' dir='ltr'>ἀναφανδὸν</span> <span class='ocrx_word' id='word_1_269' title='bbox 1739 1562 1845 1598; x_wconf 76' lang='grc' dir='ltr'>εἰρηκό-</span> 
     </span>
    </p>
   </div>
   <div class='ocr_carea' id='block_1_38' title="bbox 208 1614 1005 1649">
    <p class='ocr_par' dir='ltr' id='par_1_38' title="bbox 208 1614 1005 1649">
     <span class='ocr_line' id='line_1_38' title="bbox 208 1614 1005 1649; baseline 0.001 -8"><span class='ocrx_word' id='word_1_270' title='bbox 208 1614 304 1649; x_wconf 74' lang='lat' dir='ltr'><strong>ti533</strong></span> <span class='ocrx_word' id='word_1_271' title='bbox 317 1614 362 1641; x_wconf 90' lang='lat' dir='ltr'><strong>hic</strong></span> <span class='ocrx_word' id='word_1_272' title='bbox 374 1618 428 1641; x_wconf 86' lang='lat' dir='ltr'><strong>tota</strong></span> <span class='ocrx_word' id='word_1_273' title='bbox 437 1614 568 1641; x_wconf 89' lang='lat' dir='ltr'><strong>dieotiosi</strong></span> <span class='ocrx_word' id='word_1_274' title='bbox 579 1615 633 1640; x_wconf 68' lang='lat'><strong>’1?»</strong></span> <span class='ocrx_word' id='word_1_275' title='bbox 646 1614 715 1649; x_wconf 87' lang='lat' dir='ltr'><strong>lpsis</strong></span> <span class='ocrx_word' id='word_1_276' title='bbox 723 1622 789 1641; x_wconf 83' lang='lat' dir='ltr'><strong>vero</strong></span> <span class='ocrx_word' id='word_1_277' title='bbox 802 1619 896 1649; x_wconf 88' lang='lat' dir='ltr'><strong>aperte</strong></span> <span class='ocrx_word' id='word_1_278' title='bbox 909 1615 1005 1642; x_wconf 87' lang='lat' dir='ltr'><strong>dicen-</strong></span> 
     </span>
    </p>
   </div>
   <div class='ocr_carea' id='block_1_39' title="bbox 209 1659 1005 1695">
    <p class='ocr_par' dir='ltr' id='par_1_39' title="bbox 209 1659 1005 1695">
     <span class='ocr_line' id='line_1_39' title="bbox 209 1659 1005 1695; baseline 0.001 -9"><span class='ocrx_word' id='word_1_279' title='bbox 209 1659 283 1686; x_wconf 86' lang='lat' dir='ltr'><strong>tibus</strong></span> <span class='ocrx_word' id='word_1_280' title='bbox 302 1659 375 1693; x_wconf 82' lang='lat' dir='ltr'><strong>quod</strong></span> <span class='ocrx_word' id='word_1_281' title='bbox 392 1667 472 1686; x_wconf 87' lang='lat' dir='ltr'><strong>nemo</strong></span> <span class='ocrx_word' id='word_1_282' title='bbox 490 1667 538 1686; x_wconf 81' lang='lat' dir='ltr'><strong>eos</strong></span> <span class='ocrx_word' id='word_1_283' title='bbox 553 1660 728 1687; x_wconf 76' lang='lat' dir='ltr'><strong>conduxisset</strong></span> <span class='ocrx_word' id='word_1_284' title='bbox 756 1660 848 1695; x_wconf 89' lang='lat' dir='ltr'><strong>(nemo</strong></span> <span class='ocrx_word' id='word_1_285' title='bbox 869 1660 1005 1695; x_wconf 87' lang='lat' dir='ltr'><strong>siquidem</strong></span> 
     </span>
    </p>
   </div>
   <div class='ocr_carea' id='block_1_40' title="bbox 209 1704 1006 1740">
    <p class='ocr_par' dir='ltr' id='par_1_40' title="bbox 209 1704 1006 1740">
     <span class='ocr_line' id='line_1_40' title="bbox 209 1704 1006 1740; baseline 0.001 -8"><span class='ocrx_word' id='word_1_286' title='bbox 209 1709 274 1732; x_wconf 77' lang='lat' dir='ltr'><strong>ante</strong></span> <span class='ocrx_word' id='word_1_287' title='bbox 289 1704 438 1731; x_wconf 87' lang='lat' dir='ltr'><strong>Salvatoris</strong></span> <span class='ocrx_word' id='word_1_288' title='bbox 446 1705 534 1732; x_wconf 81' lang='lat' dir='ltr'><strong>nostri</strong></span> <span class='ocrx_word' id='word_1_289' title='bbox 545 1705 693 1732; x_wconf 70' lang='lat' dir='ltr'><strong>adventum</strong></span> <span class='ocrx_word' id='word_1_290' title='bbox 705 1710 801 1740; x_wconf 83' lang='lat' dir='ltr'><strong>gentes</strong></span> <span class='ocrx_word' id='word_1_291' title='bbox 812 1706 845 1732; x_wconf 86' lang='lat' dir='ltr'><strong>ad</strong></span> <span class='ocrx_word' id='word_1_292' title='bbox 857 1706 904 1733; x_wconf 87' lang='lat' dir='ltr'><strong>Dei</strong></span> <span class='ocrx_word' id='word_1_293' title='bbox 915 1706 1006 1740; x_wconf 81' lang='lat' dir='ltr'><strong>cogni-</strong></span> 
     </span>
    </p>
   </div>
   <div class='ocr_carea' id='block_1_41' title="bbox 210 1750 1003 1786">
    <p class='ocr_par' dir='ltr' id='par_1_41' title="bbox 210 1750 1003 1786">
     <span class='ocr_line' id='line_1_41' title="bbox 210 1750 1003 1786; baseline 0.001 -9"><span class='ocrx_word' id='word_1_294' title='bbox 210 1750 313 1777; x_wconf 84' lang='lat' dir='ltr'><strong>tionem</strong></span> <span class='ocrx_word' id='word_1_295' title='bbox 331 1751 461 1786; x_wconf 83' lang='lat' dir='ltr'><strong>vocavit),</strong></span> <span class='ocrx_word' id='word_1_296' title='bbox 480 1751 597 1786; x_wconf 76' lang='lat' dir='ltr'><strong>benigne</strong></span> <span class='ocrx_word' id='word_1_297' title='bbox 615 1759 647 1778; x_wconf 91' lang='lat' dir='ltr'><strong>ac</strong></span> <span class='ocrx_word' id='word_1_298' title='bbox 666 1752 815 1778; x_wconf 86' lang='lat' dir='ltr'><strong>clementer</strong></span> <span class='ocrx_word' id='word_1_299' title='bbox 843 1752 1003 1786; x_wconf 84' lang='lat' dir='ltr'><strong>respondit:</strong></span> 
     </span>
    </p>
   </div>
   <div class='ocr_carea' id='block_1_42' title="bbox 215 1796 1005 1833">
    <p class='ocr_par' dir='ltr' id='par_1_42' title="bbox 215 1796 1005 1833">
     <span class='ocr_line' id='line_1_42' title="bbox 215 1796 1005 1833; baseline 0.004 -12"><span class='ocrx_word' id='word_1_300' title='bbox 215 1805 223 1821; x_wconf 81' lang='grc' dir='ltr'><strong>ι</strong></span> <span class='ocrx_word' id='word_1_301' title='bbox 242 1796 280 1823; x_wconf 90' lang='lat' dir='ltr'><strong>Ite</strong></span> <span class='ocrx_word' id='word_1_302' title='bbox 294 1800 321 1823; x_wconf 87' lang='lat' dir='ltr'><strong>et</strong></span> <span class='ocrx_word' id='word_1_303' title='bbox 333 1804 380 1824; x_wconf 86' lang='lat' dir='ltr'><strong>vos</strong></span> <span class='ocrx_word' id='word_1_304' title='bbox 395 1797 422 1823; x_wconf 89' lang='lat' dir='ltr'><strong>in</strong></span> <span class='ocrx_word' id='word_1_305' title='bbox 436 1797 544 1824; x_wconf 70' lang='lat' dir='ltr'><strong>Vineam</strong></span> <span class='ocrx_word' id='word_1_306' title='bbox 554 1817 560 1828; x_wconf 94' lang='lat'><strong>,</strong></span> <span class='ocrx_word' id='word_1_307' title='bbox 580 1802 607 1824; x_wconf 92' lang='lat' dir='ltr'><strong>et</strong></span> <span class='ocrx_word' id='word_1_308' title='bbox 619 1797 802 1832; x_wconf 83' lang='lat' dir='ltr'><strong>quodcunque</strong></span> <span class='ocrx_word' id='word_1_309' title='bbox 813 1797 1005 1833; x_wconf 78' lang='lat' dir='ltr'><strong>fueritjustum</strong></span> 
     </span>
    </p>
   </div>
   <div class='ocr_carea' id='block_1_43' title="bbox 211 1841 1004 1878">
    <p class='ocr_par' dir='ltr' id='par_1_43' title="bbox 211 1841 1004 1878">
     <span class='ocr_line' id='line_1_43' title="bbox 211 1841 1004 1878; baseline 0.003 -10"><span class='ocrx_word' id='word_1_310' title='bbox 211 1841 282 1869; x_wconf 82' lang='lat' dir='ltr'><strong>dabo</strong></span> <span class='ocrx_word' id='word_1_311' title='bbox 294 1841 411 1869; x_wconf 65' lang='lat' dir='ltr'><strong>vobis“.</strong></span> <span class='ocrx_word' id='word_1_312' title='bbox 432 1853 440 1868; x_wconf 82' lang='lat' dir='ltr'><strong>I</strong></span> <span class='ocrx_word' id='word_1_313' title='bbox 461 1843 546 1870; x_wconf 84' lang='lat' dir='ltr'><strong>Porro</strong></span> <span class='ocrx_word' id='word_1_314' title='bbox 562 1844 605 1870; x_wconf 81' lang='lat' dir='ltr'><strong>lex</strong></span> <span class='ocrx_word' id='word_1_315' title='bbox 620 1843 702 1870; x_wconf 83' lang='lat' dir='ltr'><strong>etiam</strong></span> <span class='ocrx_word' id='word_1_316' title='bbox 720 1852 769 1878; x_wconf 87' lang='lat' dir='ltr'><strong>per</strong></span> <span class='ocrx_word' id='word_1_317' title='bbox 791 1844 900 1878; x_wconf 82' lang='lat' dir='ltr'><strong>Moysen</strong></span> <span class='ocrx_word' id='word_1_318' title='bbox 914 1844 1004 1876; x_wconf 85' lang='lat' dir='ltr'><strong>edita,</strong></span> 
     </span>
    </p>
   </div>
   <div class='ocr_carea' id='block_1_44' title="bbox 211 1887 1005 1923">
    <p class='ocr_par' dir='ltr' id='par_1_44' title="bbox 211 1887 1005 1923">
     <span class='ocr_line' id='line_1_44' title="bbox 211 1887 1005 1923; baseline 0.003 -9"><span class='ocrx_word' id='word_1_319' title='bbox 211 1887 273 1922; x_wconf 78' lang='lat' dir='ltr'><strong>agni</strong></span> <span class='ocrx_word' id='word_1_320' title='bbox 295 1888 486 1915; x_wconf 84' lang='lat' dir='ltr'><strong>mactationem</strong></span> <span class='ocrx_word' id='word_1_321' title='bbox 519 1889 553 1915; x_wconf 87' lang='lat' dir='ltr'><strong>ad</strong></span> <span class='ocrx_word' id='word_1_322' title='bbox 573 1897 718 1923; x_wconf 86' lang='lat' dir='ltr'><strong>vesperum</strong></span> <span class='ocrx_word' id='word_1_323' title='bbox 745 1895 772 1916; x_wconf 84' lang='lat' dir='ltr'><strong>et</strong></span> <span class='ocrx_word' id='word_1_324' title='bbox 799 1889 834 1916; x_wconf 84' lang='lat' dir='ltr'><strong>ad</strong></span> <span class='ocrx_word' id='word_1_325' title='bbox 864 1890 1005 1917; x_wconf 85' lang='lat' dir='ltr'><strong>lucernam</strong></span> 
     </span>
    </p>
   </div>
   <div class='ocr_carea' id='block_1_45' title="bbox 211 1933 1006 1969">
    <p class='ocr_par' dir='ltr' id='par_1_45' title="bbox 211 1933 1006 1969">
     <span class='ocr_line' id='line_1_45' title="bbox 211 1933 1006 1969; baseline 0.004 -10"><span class='ocrx_word' id='word_1_326' title='bbox 211 1933 304 1968; x_wconf 79' lang='lat' dir='ltr'><strong>peragi</strong></span> <span class='ocrx_word' id='word_1_327' title='bbox 312 1933 404 1968; x_wconf 84' lang='lat' dir='ltr'><strong>jussit;</strong></span> <span class='ocrx_word' id='word_1_328' title='bbox 418 1933 558 1968; x_wconf 77' lang='lat' dir='ltr'><strong>Siquidem</strong></span> <span class='ocrx_word' id='word_1_329' title='bbox 570 1934 679 1961; x_wconf 87' lang='lat' dir='ltr'><strong>labente</strong></span> <span class='ocrx_word' id='word_1_330' title='bbox 690 1935 746 1969; x_wconf 89' lang='lat' dir='ltr'><strong>jam</strong></span> <span class='ocrx_word' id='word_1_331' title='bbox 757 1934 957 1969; x_wconf 86' lang='lat' dir='ltr'><strong>quodammodo</strong></span> <span class='ocrx_word' id='word_1_332' title='bbox 972 1935 1006 1962; x_wconf 86' lang='lat' dir='ltr'><strong>ad</strong></span> 
     </span>
    </p>
   </div>
   <div class='ocr_carea' id='block_1_46' title="bbox 169 1980 1005 2014">
    <p class='ocr_par' dir='ltr' id='par_1_46' title="bbox 169 1980 1005 2014">
     <span class='ocr_line' id='line_1_46' title="bbox 169 1980 1005 2014; baseline 0.004 -10"><span class='ocrx_word' id='word_1_333' title='bbox 169 2010 173 2014; x_wconf 41' lang='lat'>.</span> <span class='ocrx_word' id='word_1_334' title='bbox 212 1985 339 2005; x_wconf 80' lang='lat' dir='ltr'><strong>occasum</strong></span> <span class='ocrx_word' id='word_1_335' title='bbox 362 1984 502 2013; x_wconf 86' lang='lat' dir='ltr'><strong>tempore,</strong></span> <span class='ocrx_word' id='word_1_336' title='bbox 517 1987 549 2006; x_wconf 85' lang='lat' dir='ltr'><strong>ac</strong></span> <span class='ocrx_word' id='word_1_337' title='bbox 576 1983 680 2006; x_wconf 86' lang='lat' dir='ltr'><strong>tantum</strong></span> <span class='ocrx_word' id='word_1_338' title='bbox 698 1988 752 2007; x_wconf 90' lang='lat' dir='ltr'><strong>non</strong></span> <span class='ocrx_word' id='word_1_339' title='bbox 771 1980 950 2007; x_wconf 85' lang='lat' dir='ltr'><strong>contrahente</strong></span> <span class='ocrx_word' id='word_1_340' title='bbox 977 1988 1005 2007; x_wconf 86' lang='lat' dir='ltr'><strong>se</strong></span> 
     </span>
    </p>
   </div>
   <div class='ocr_carea' id='block_1_47' title="bbox 213 2025 1006 2061">
    <p class='ocr_par' dir='ltr' id='par_1_47' title="bbox 213 2025 1006 2061">
     <span class='ocr_line' id='line_1_47' title="bbox 213 2025 1006 2061; baseline 0.003 -10"><span class='ocrx_word' id='word_1_341' title='bbox 213 2028 347 2058; x_wconf 63' lang='lat' dir='ltr'><strong>praesente</strong></span> <span class='ocrx_word' id='word_1_342' title='bbox 364 2026 480 2058; x_wconf 60' lang='lat' dir='ltr'><strong>sarculo,</strong></span> <span class='ocrx_word' id='word_1_343' title='bbox 504 2025 662 2061; x_wconf 83' lang='lat' dir='ltr'><strong>unigenitus</strong></span> <span class='ocrx_word' id='word_1_344' title='bbox 683 2026 731 2053; x_wconf 89' lang='lat' dir='ltr'><strong>Dei</strong></span> <span class='ocrx_word' id='word_1_345' title='bbox 756 2026 841 2053; x_wconf 88' lang='lat' dir='ltr'><strong>Filius</strong></span> <span class='ocrx_word' id='word_1_346' title='bbox 855 2026 938 2053; x_wconf 92' lang='lat' dir='ltr'><strong>homo</strong></span> <span class='ocrx_word' id='word_1_347' title='bbox 965 2031 1006 2054; x_wconf 87' lang='lat' dir='ltr'><strong>est</strong></span> 
     </span>
    </p>
   </div>
   <div class='ocr_carea' id='block_1_48' title="bbox 213 2069 1008 2106">
    <p class='ocr_par' dir='ltr' id='par_1_48' title="bbox 213 2069 1008 2106">
     <span class='ocr_line' id='line_1_48' title="bbox 213 2069 1008 2106; baseline 0.004 -10"><span class='ocrx_word' id='word_1_348' title='bbox 213 2069 300 2097; x_wconf 75' lang='lat' dir='ltr'><strong>factus</strong></span> <span class='ocrx_word' id='word_1_349' title='bbox 309 2090 316 2102; x_wconf 91' lang='lat'><strong>,</strong></span> <span class='ocrx_word' id='word_1_350' title='bbox 332 2075 503 2106; x_wconf 88' lang='lat' dir='ltr'><strong>mortemque</strong></span> <span class='ocrx_word' id='word_1_351' title='bbox 512 2079 562 2106; x_wconf 88' lang='lat' dir='ltr'><strong>pro</strong></span> <span class='ocrx_word' id='word_1_352' title='bbox 573 2072 701 2099; x_wconf 85' lang='lat' dir='ltr'><strong>omnibus</strong></span> <span class='ocrx_word' id='word_1_353' title='bbox 716 2077 758 2099; x_wconf 86' lang='lat' dir='ltr'><strong>est</strong></span> <span class='ocrx_word' id='word_1_354' title='bbox 765 2079 925 2106; x_wconf 84' lang='lat' dir='ltr'><strong>perpessus,</strong></span> <span class='ocrx_word' id='word_1_355' title='bbox 939 2072 1008 2099; x_wconf 87' lang='lat' dir='ltr'><strong>libe-</strong></span> 
     </span>
    </p>
   </div>
   <div class='ocr_carea' id='block_1_49' title="bbox 214 2111 1006 2152">
    <p class='ocr_par' dir='ltr' id='par_1_49' title="bbox 214 2111 1006 2152">
     <span class='ocr_line' id='line_1_49' title="bbox 214 2111 1006 2152; baseline 0.003 -9"><span class='ocrx_word' id='word_1_356' title='bbox 214 2123 278 2143; x_wconf 86' lang='lat' dir='ltr'><strong>rans</strong></span> <span class='ocrx_word' id='word_1_357' title='bbox 292 2123 306 2142; x_wconf 92' lang='lat' dir='ltr'><strong>a</strong></span> <span class='ocrx_word' id='word_1_358' title='bbox 323 2124 402 2151; x_wconf 72' lang='lat' dir='ltr'><strong>poma</strong></span> <span class='ocrx_word' id='word_1_359' title='bbox 411 2121 439 2144; x_wconf 84' lang='lat' dir='ltr'><strong>et</strong></span> <span class='ocrx_word' id='word_1_360' title='bbox 451 2117 586 2151; x_wconf 86' lang='lat' dir='ltr'><strong>supplicio</strong></span> <span class='ocrx_word' id='word_1_361' title='bbox 596 2137 603 2149; x_wconf 88' lang='lat'><strong>,</strong></span> <span class='ocrx_word' id='word_1_362' title='bbox 619 2122 701 2151; x_wconf 88' lang='lat' dir='ltr'><strong>atque</strong></span> <span class='ocrx_word' id='word_1_363' title='bbox 712 2117 746 2143; x_wconf 90' lang='lat' dir='ltr'><strong>ab</strong></span> <span class='ocrx_word' id='word_1_364' title='bbox 755 2117 828 2144; x_wconf 87' lang='lat' dir='ltr'><strong>omni</strong></span> <span class='ocrx_word' id='word_1_365' title='bbox 841 2111 1006 2152; x_wconf 84' lang='lat' dir='ltr'><strong>ejuscemodi</strong></span> 
     </span>
    </p>
   </div>
   <div class='ocr_carea' id='block_1_50' title="bbox 215 2162 1007 2198">
    <p class='ocr_par' dir='ltr' id='par_1_50' title="bbox 215 2162 1007 2198">
     <span class='ocr_line' id='line_1_50' title="bbox 215 2162 1007 2198; baseline 0.001 -9"><span class='ocrx_word' id='word_1_366' title='bbox 215 2167 289 2189; x_wconf 89' lang='lat' dir='ltr'><strong>metu</strong></span> <span class='ocrx_word' id='word_1_367' title='bbox 305 2162 462 2198; x_wconf 74' lang='lat' dir='ltr'><strong>longissime</strong></span> <span class='ocrx_word' id='word_1_368' title='bbox 484 2170 692 2191; x_wconf 85' lang='lat' dir='ltr'><strong>removens.eos</strong></span> <span class='ocrx_word' id='word_1_369' title='bbox 719 2163 766 2197; x_wconf 88' lang='lat' dir='ltr'><strong>qui</strong></span> <span class='ocrx_word' id='word_1_370' title='bbox 782 2163 862 2190; x_wconf 82' lang='lat' dir='ltr'><strong>ﬁdem</strong></span> <span class='ocrx_word' id='word_1_371' title='bbox 878 2171 1007 2198; x_wconf 86' lang='lat' dir='ltr'><strong>suscepe-</strong></span> 
     </span>
    </p>
   </div>
   <div class='ocr_carea' id='block_1_51' title="bbox 214 2207 1045 2245">
    <p class='ocr_par' dir='ltr' id='par_1_51' title="bbox 214 2207 1045 2245">
     <span class='ocr_line' id='line_1_51' title="bbox 214 2207 1045 2245; baseline 0 -10"><span class='ocrx_word' id='word_1_372' title='bbox 214 2207 279 2235; x_wconf 89' lang='lat' dir='ltr'><strong>rint.</strong></span> <span class='ocrx_word' id='word_1_373' title='bbox 302 2208 362 2243; x_wconf 90' lang='lat' dir='ltr'><strong>lpse</strong></span> <span class='ocrx_word' id='word_1_374' title='bbox 381 2209 456 2236; x_wconf 90' lang='lat' dir='ltr'><strong>enim</strong></span> <span class='ocrx_word' id='word_1_375' title='bbox 469 2217 552 2236; x_wconf 85' lang='lat' dir='ltr'><strong>verus</strong></span> <span class='ocrx_word' id='word_1_376' title='bbox 568 2213 610 2236; x_wconf 89' lang='lat' dir='ltr'><strong>est</strong></span> <span class='ocrx_word' id='word_1_377' title='bbox 621 2209 694 2242; x_wconf 88' lang='lat' dir='ltr'><strong>Noe,</strong></span> <span class='ocrx_word' id='word_1_378' title='bbox 715 2209 767 2237; x_wconf 91' lang='lat' dir='ltr'><strong>hoc</strong></span> <span class='ocrx_word' id='word_1_379' title='bbox 780 2214 835 2242; x_wconf 87' lang='lat' dir='ltr'><strong>est,</strong></span> <span class='ocrx_word' id='word_1_380' title='bbox 853 2209 960 2245; x_wconf 85' lang='lat' dir='ltr'><strong>justitia</strong></span> <span class='ocrx_word' id='word_1_381' title='bbox 981 2214 1009 2236; x_wconf 92' lang='lat' dir='ltr'><strong>ct</strong></span> <span class='ocrx_word' id='word_1_382' title='bbox 1025 2207 1045 2235; x_wconf 93' lang='lat' dir='ltr'><strong>D</strong></span> 
     </span>
    </p>
   </div>
   <div class='ocr_carea' id='block_1_52' title="bbox 215 2254 1006 2290">
    <p class='ocr_par' dir='ltr' id='par_1_52' title="bbox 215 2254 1006 2290">
     <span class='ocr_line' id='line_1_52' title="bbox 215 2254 1006 2290; baseline 0.003 -10"><span class='ocrx_word' id='word_1_383' title='bbox 215 2254 324 2288; x_wconf 85' lang='lat' dir='ltr'><strong>requies</strong></span> <span class='ocrx_word' id='word_1_384' title='bbox 341 2263 347 2281; x_wconf 89' lang='lat'><strong>:</strong></span> <span class='ocrx_word' id='word_1_385' title='bbox 363 2254 415 2282; x_wconf 91' lang='lat' dir='ltr'><strong>hoc</strong></span> <span class='ocrx_word' id='word_1_386' title='bbox 443 2255 517 2282; x_wconf 88' lang='lat' dir='ltr'><strong>enim</strong></span> <span class='ocrx_word' id='word_1_387' title='bbox 550 2263 651 2282; x_wconf 86' lang='lat' dir='ltr'><strong>nomen</strong></span> <span class='ocrx_word' id='word_1_388' title='bbox 676 2255 765 2289; x_wconf 90' lang='lat' dir='ltr'><strong>ipsum</strong></span> <span class='ocrx_word' id='word_1_389' title='bbox 800 2255 1006 2290; x_wconf 87' lang='lat' dir='ltr'><strong>interpretatur.</strong></span> 
     </span>
    </p>
   </div>
   <div class='ocr_carea' id='block_1_53' title="bbox 218 2299 1007 2336">
    <p class='ocr_par' dir='ltr' id='par_1_53' title="bbox 218 2299 1007 2336">
     <span class='ocr_line' id='line_1_53' title="bbox 218 2299 1007 2336; baseline 0.003 -10"><span class='ocrx_word' id='word_1_390' title='bbox 218 2308 228 2325; x_wconf 75' lang='grc' dir='ltr'><strong>ι</strong></span> <span class='ocrx_word' id='word_1_391' title='bbox 240 2299 385 2328; x_wconf 71' lang='lat' dir='ltr'><strong>iustiﬁcati</strong></span> <span class='ocrx_word' id='word_1_392' title='bbox 405 2302 507 2328; x_wconf 88' lang='lat' dir='ltr'><strong>etenim</strong></span> <span class='ocrx_word' id='word_1_393' title='bbox 530 2309 643 2334; x_wconf 79' lang='lat' dir='ltr'><strong>sumus,</strong></span> <span class='ocrx_word' id='word_1_394' title='bbox 666 2301 818 2329; x_wconf 88' lang='lat' dir='ltr'><strong>secundum</strong></span> <span class='ocrx_word' id='word_1_395' title='bbox 835 2301 1007 2336; x_wconf 87' lang='lat' dir='ltr'><strong>Scripturas,</strong></span> 
     </span>
    </p>
   </div>
   <div class='ocr_carea' id='block_1_54' title="bbox 215 2345 1009 2381">
    <p class='ocr_par' dir='ltr' id='par_1_54' title="bbox 215 2345 1009 2381">
     <span class='ocr_line' id='line_1_54' title="bbox 215 2345 1009 2381; baseline 0.003 -11"><span class='ocrx_word' id='word_1_396' title='bbox 215 2351 271 2371; x_wconf 88' lang='lat' dir='ltr'><strong>non</strong></span> <span class='ocrx_word' id='word_1_397' title='bbox 281 2351 315 2371; x_wconf 76' lang='lat' dir='ltr'><strong>ex</strong></span> <span class='ocrx_word' id='word_1_398' title='bbox 324 2345 574 2380; x_wconf 69' lang='lat' dir='ltr'><strong>operibusjustiliae</strong></span> <span class='ocrx_word' id='word_1_399' title='bbox 585 2367 591 2378; x_wconf 88' lang='lat'><strong>,</strong></span> <span class='ocrx_word' id='word_1_400' title='bbox 605 2354 665 2381; x_wconf 73' lang='lat' dir='ltr'><strong>qua:</strong></span> <span class='ocrx_word' id='word_1_401' title='bbox 680 2346 794 2374; x_wconf 83' lang='lat' dir='ltr'><strong>fecimus</strong></span> <span class='ocrx_word' id='word_1_402' title='bbox 803 2354 863 2377; x_wconf 88' lang='lat' dir='ltr'><strong>nos,</strong></span> <span class='ocrx_word' id='word_1_403' title='bbox 877 2346 923 2373; x_wconf 87' lang='lat' dir='ltr'><strong>sed</strong></span> <span class='ocrx_word' id='word_1_404' title='bbox 931 2346 1009 2381; x_wconf 80' lang='lat' dir='ltr'><strong>juxta</strong></span> 
     </span>
    </p>
   </div>
   <div class='ocr_carea' id='block_1_55' title="bbox 218 2390 1010 2426">
    <p class='ocr_par' dir='ltr' id='par_1_55' title="bbox 218 2390 1010 2426">
     <span class='ocr_line' id='line_1_55' title="bbox 218 2390 1010 2426; baseline 0.003 -10"><span class='ocrx_word' id='word_1_405' title='bbox 218 2397 341 2424; x_wconf 80' lang='lat' dir='ltr'><strong>magnam</strong></span> <span class='ocrx_word' id='word_1_406' title='bbox 356 2390 441 2425; x_wconf 85' lang='lat' dir='ltr'><strong>ipsius</strong></span> <span class='ocrx_word' id='word_1_407' title='bbox 458 2392 708 2419; x_wconf 75' lang='lat' dir='ltr'><strong>misericordiam“.</strong></span> <span class='ocrx_word' id='word_1_408' title='bbox 727 2403 735 2418; x_wconf 71' lang='grc' dir='ltr'><strong>ι</strong></span> <span class='ocrx_word' id='word_1_409' title='bbox 751 2392 850 2419; x_wconf 82' lang='lat' dir='ltr'><strong>Factus</strong></span> <span class='ocrx_word' id='word_1_410' title='bbox 863 2392 954 2426; x_wconf 86' lang='lat' dir='ltr'><strong>itaque</strong></span> <span class='ocrx_word' id='word_1_411' title='bbox 966 2396 1010 2419; x_wconf 86' lang='lat' dir='ltr'><strong>est</strong></span> 
     </span>
    </p>
   </div>
   <div class='ocr_carea' id='block_1_56' title="bbox 218 2435 1008 2472">
    <p class='ocr_par' dir='ltr' id='par_1_56' title="bbox 218 2435 1008 2472">
     <span class='ocr_line' id='line_1_56' title="bbox 218 2435 1008 2472; baseline 0.005 -11"><span class='ocrx_word' id='word_1_412' title='bbox 218 2435 297 2462; x_wconf 88' lang='lat' dir='ltr'><strong>nobis</strong></span> <span class='ocrx_word' id='word_1_413' title='bbox 307 2436 596 2472; x_wconf 83' lang='lat' dir='ltr'><strong>credentibusjustitia</strong></span> <span class='ocrx_word' id='word_1_414' title='bbox 606 2438 732 2465; x_wconf 83' lang='lat' dir='ltr'><strong>Christus</strong></span> <span class='ocrx_word' id='word_1_415' title='bbox 744 2458 750 2470; x_wconf 93' lang='lat'><strong>,</strong></span> <span class='ocrx_word' id='word_1_416' title='bbox 764 2446 814 2465; x_wconf 85' lang='lat' dir='ltr'><strong>nec</strong></span> <span class='ocrx_word' id='word_1_417' title='bbox 826 2446 879 2465; x_wconf 90' lang='lat' dir='ltr'><strong>non</strong></span> <span class='ocrx_word' id='word_1_418' title='bbox 889 2438 1008 2472; x_wconf 81' lang='lat' dir='ltr'><strong>requies,</strong></span> 
     </span>
    </p>
   </div>
   <div class='ocr_carea' id='block_1_57' title="bbox 196 2480 1010 2519">
    <p class='ocr_par' dir='ltr' id='par_1_57' title="bbox 196 2480 1010 2519">
     <span class='ocr_line' id='line_1_57' title="bbox 196 2480 1010 2519; baseline 0.004 -13"><span class='ocrx_word' id='word_1_419' title='bbox 196 2491 200 2494; x_wconf 78' lang='lat'><strong>~</strong></span> <span class='ocrx_word' id='word_1_420' title='bbox 217 2480 240 2507; x_wconf 79' lang='lat' dir='ltr'><strong>si</strong></span> <span class='ocrx_word' id='word_1_421' title='bbox 258 2480 339 2507; x_wconf 90' lang='lat' dir='ltr'><strong>modo</strong></span> <span class='ocrx_word' id='word_1_422' title='bbox 357 2489 421 2509; x_wconf 88' lang='lat' dir='ltr'><strong>vere</strong></span> <span class='ocrx_word' id='word_1_423' title='bbox 436 2482 538 2510; x_wconf 89' lang='lat' dir='ltr'><strong>dicitur</strong></span> <span class='ocrx_word' id='word_1_424' title='bbox 555 2493 561 2509; x_wconf 89' lang='lat'><strong>:</strong></span> <span class='ocrx_word' id='word_1_425' title='bbox 581 2493 589 2508; x_wconf 76' lang='grc' dir='ltr'><strong>ί</strong></span> <span class='ocrx_word' id='word_1_426' title='bbox 605 2483 682 2516; x_wconf 82' lang='lat' dir='ltr'><strong>Quod</strong></span> <span class='ocrx_word' id='word_1_427' title='bbox 703 2484 808 2519; x_wconf 77' lang='lat' dir='ltr'><strong>languit</strong></span> <span class='ocrx_word' id='word_1_428' title='bbox 828 2484 885 2518; x_wconf 87' lang='lat' dir='ltr'><strong>ipse</strong></span> <span class='ocrx_word' id='word_1_429' title='bbox 898 2487 1010 2518; x_wconf 83' lang='lat' dir='ltr'><strong>propter</strong></span> 
     </span>
    </p>
   </div>
   <div class='ocr_carea' id='block_1_58' title="bbox 217 2524 1010 2562">
    <p class='ocr_par' dir='ltr' id='par_1_58' title="bbox 217 2524 1010 2562">
     <span class='ocr_line' id='line_1_58' title="bbox 217 2524 1010 2562; baseline 0.005 -11"><span class='ocrx_word' id='word_1_430' title='bbox 217 2524 376 2559; x_wconf 87' lang='lat' dir='ltr'><strong>iniquitates</strong></span> <span class='ocrx_word' id='word_1_431' title='bbox 390 2531 498 2554; x_wconf 85' lang='lat' dir='ltr'><strong>nostras</strong></span> <span class='ocrx_word' id='word_1_432' title='bbox 509 2547 515 2559; x_wconf 86' lang='lat'><strong>,</strong></span> <span class='ocrx_word' id='word_1_433' title='bbox 533 2532 561 2554; x_wconf 86' lang='lat' dir='ltr'><strong>et</strong></span> <span class='ocrx_word' id='word_1_434' title='bbox 581 2532 692 2562; x_wconf 82' lang='lat' dir='ltr'><strong>propter</strong></span> <span class='ocrx_word' id='word_1_435' title='bbox 707 2533 817 2562; x_wconf 80' lang='lat' dir='ltr'><strong>peccata</strong></span> <span class='ocrx_word' id='word_1_436' title='bbox 843 2533 936 2555; x_wconf 86' lang='lat' dir='ltr'><strong>nostra</strong></span> <span class='ocrx_word' id='word_1_437' title='bbox 953 2533 1010 2555; x_wconf 85' lang='lat' dir='ltr'><strong>tra-</strong></span> 
     </span>
    </p>
   </div>
   <div class='ocr_carea' id='block_1_59' title="bbox 217 2570 1010 2609">
    <p class='ocr_par' dir='ltr' id='par_1_59' title="bbox 217 2570 1010 2609">
     <span class='ocr_line' id='line_1_59' title="bbox 217 2570 1010 2609; baseline 0.005 -12"><span class='ocrx_word' id='word_1_438' title='bbox 217 2570 291 2598; x_wconf 87' lang='lat' dir='ltr'><strong>ditus</strong></span> <span class='ocrx_word' id='word_1_439' title='bbox 301 2575 352 2604; x_wconf 86' lang='lat' dir='ltr'><strong>est,</strong></span> <span class='ocrx_word' id='word_1_440' title='bbox 369 2576 396 2599; x_wconf 92' lang='lat' dir='ltr'><strong>et</strong></span> <span class='ocrx_word' id='word_1_441' title='bbox 408 2573 497 2600; x_wconf 88' lang='lat' dir='ltr'><strong>vibice</strong></span> <span class='ocrx_word' id='word_1_442' title='bbox 515 2575 574 2609; x_wconf 86' lang='lat' dir='ltr'><strong>ejus</strong></span> <span class='ocrx_word' id='word_1_443' title='bbox 601 2582 697 2601; x_wconf 86' lang='lat' dir='ltr'><strong>omnes</strong></span> <span class='ocrx_word' id='word_1_444' title='bbox 722 2575 807 2602; x_wconf 87' lang='lat' dir='ltr'><strong>sanati</strong></span> <span class='ocrx_word' id='word_1_445' title='bbox 832 2582 927 2601; x_wconf 86' lang='lat' dir='ltr'><strong>sumus</strong></span> <span class='ocrx_word' id='word_1_446' title='bbox 944 2583 950 2601; x_wconf 87' lang='lat'><strong>:</strong></span> <span class='ocrx_word' id='word_1_447' title='bbox 965 2579 1010 2607; x_wconf 84' lang='lat' dir='ltr'><strong>et,</strong></span> 
     </span>
    </p>
   </div>
   <div class='ocr_carea' id='block_1_60' title="bbox 217 2617 1006 2655">
    <p class='ocr_par' dir='ltr' id='par_1_60' title="bbox 217 2617 1006 2655">
     <span class='ocr_line' id='line_1_60' title="bbox 217 2617 1006 2655; baseline 0.005 -12"><span class='ocrx_word' id='word_1_448' title='bbox 217 2617 349 2644; x_wconf 88' lang='lat' dir='ltr'><strong>Dominus</strong></span> <span class='ocrx_word' id='word_1_449' title='bbox 373 2619 486 2646; x_wconf 85' lang='lat' dir='ltr'><strong>tradidit</strong></span> <span class='ocrx_word' id='word_1_450' title='bbox 509 2620 598 2654; x_wconf 89' lang='lat' dir='ltr'><strong>ipsum</strong></span> <span class='ocrx_word' id='word_1_451' title='bbox 622 2628 672 2655; x_wconf 87' lang='lat' dir='ltr'><strong>pro</strong></span> <span class='ocrx_word' id='word_1_452' title='bbox 705 2620 825 2655; x_wconf 88' lang='lat' dir='ltr'><strong>peccatis</strong></span> <span class='ocrx_word' id='word_1_453' title='bbox 850 2621 969 2652; x_wconf 85' lang='lat' dir='ltr'><strong>nostris,</strong></span> <span class='ocrx_word' id='word_1_454' title='bbox 998 2630 1006 2646; x_wconf 83' lang='grc' dir='ltr'><strong>ι</strong></span> 
     </span>
    </p>
   </div>
   <div class='ocr_carea' id='block_1_61' title="bbox 216 2663 1012 2701">
    <p class='ocr_par' dir='ltr' id='par_1_61' title="bbox 216 2663 1012 2701">
     <span class='ocr_line' id='line_1_61' title="bbox 216 2663 1012 2701; baseline 0.005 -12"><span class='ocrx_word' id='word_1_455' title='bbox 216 2663 292 2697; x_wconf 81' lang='lat' dir='ltr'><strong>juxta</strong></span> <span class='ocrx_word' id='word_1_456' title='bbox 316 2664 457 2698; x_wconf 68' lang='lat' dir='ltr'><strong>prophetae</strong></span> <span class='ocrx_word' id='word_1_457' title='bbox 476 2666 606 2693; x_wconf 76' lang='lat' dir='ltr'><strong>vocem‘.</strong></span> <span class='ocrx_word' id='word_1_458' title='bbox 621 2666 689 2694; x_wconf 89' lang='lat' dir='ltr'><strong>Cum</strong></span> <span class='ocrx_word' id='word_1_459' title='bbox 711 2666 805 2701; x_wconf 85' lang='lat' dir='ltr'><strong>itaque</strong></span> <span class='ocrx_word' id='word_1_460' title='bbox 820 2666 946 2694; x_wconf 88' lang='lat' dir='ltr'><strong>Christus</strong></span> <span class='ocrx_word' id='word_1_461' title='bbox 962 2674 1012 2701; x_wconf 87' lang='lat' dir='ltr'><strong>pro</strong></span> 
     </span>
    </p>
   </div>
   <div class='ocr_carea' id='block_1_62' title="bbox 218 2708 1012 2748">
    <p class='ocr_par' dir='ltr' id='par_1_62' title="bbox 218 2708 1012 2748">
     <span class='ocr_line' id='line_1_62' title="bbox 218 2708 1012 2748; baseline 0.006 -14"><span class='ocrx_word' id='word_1_462' title='bbox 218 2708 298 2735; x_wconf 90' lang='lat' dir='ltr'><strong>nobis</strong></span> <span class='ocrx_word' id='word_1_463' title='bbox 311 2716 408 2744; x_wconf 85' lang='lat' dir='ltr'><strong>passus</strong></span> <span class='ocrx_word' id='word_1_464' title='bbox 424 2711 460 2738; x_wconf 92' lang='lat' dir='ltr'><strong>sit</strong></span> <span class='ocrx_word' id='word_1_465' title='bbox 479 2712 642 2744; x_wconf 86' lang='lat' dir='ltr'><strong>carnaliter,</strong></span> <span class='ocrx_word' id='word_1_466' title='bbox 660 2712 734 2739; x_wconf 86' lang='lat' dir='ltr'><strong>beati</strong></span> <span class='ocrx_word' id='word_1_467' title='bbox 751 2717 834 2748; x_wconf 86' lang='lat' dir='ltr'><strong>atque</strong></span> <span class='ocrx_word' id='word_1_468' title='bbox 859 2712 1012 2739; x_wconf 85' lang='lat' dir='ltr'><strong>admirandi</strong></span> 
     </span>
    </p>
   </div>
   <div class='ocr_carea' id='block_1_63' title="bbox 218 2755 1012 2794">
    <p class='ocr_par' dir='ltr' id='par_1_63' title="bbox 218 2755 1012 2794">
     <span class='ocr_line' id='line_1_63' title="bbox 218 2755 1012 2794; baseline 0.005 -12"><span class='ocrx_word' id='word_1_469' title='bbox 218 2762 322 2784; x_wconf 85' lang='lat' dir='ltr'><strong>smnus.</strong></span> <span class='ocrx_word' id='word_1_470' title='bbox 337 2755 408 2790; x_wconf 85' lang='lat' dir='ltr'><strong>Quid</strong></span> <span class='ocrx_word' id='word_1_471' title='bbox 426 2758 499 2786; x_wconf 86' lang='lat' dir='ltr'><strong>enim</strong></span> <span class='ocrx_word' id='word_1_472' title='bbox 518 2767 573 2787; x_wconf 87' lang='lat' dir='ltr'><strong>non</strong></span> <span class='ocrx_word' id='word_1_473' title='bbox 590 2759 724 2794; x_wconf 87' lang='lat' dir='ltr'><strong>ejusmodi</strong></span> <span class='ocrx_word' id='word_1_474' title='bbox 743 2759 883 2787; x_wconf 82' lang='lat' dir='ltr'><strong>consecuti</strong></span> <span class='ocrx_word' id='word_1_475' title='bbox 901 2767 1012 2791; x_wconf 87' lang='lat' dir='ltr'><strong>sumus,</strong></span> 
     </span>
    </p>
   </div>
   <div class='ocr_carea' id='block_1_64' title="bbox 254 2813 824 2848">
    <p class='ocr_par' dir='ltr' id='par_1_64' title="bbox 254 2813 824 2848">
     <span class='ocr_line' id='line_1_64' title="bbox 254 2813 824 2848; baseline 0.005 -7"><span class='ocrx_word' id='word_1_476' title='bbox 254 2813 277 2829; x_wconf 77' lang='lat'>&quot;</span> <span class='ocrx_word' id='word_1_477' title='bbox 290 2813 349 2842; x_wconf 85' lang='lat' dir='ltr'><strong>Act.</strong></span> <span class='ocrx_word' id='word_1_478' title='bbox 367 2823 402 2842; x_wconf 86' lang='lat' dir='ltr'><strong>vn</strong></span> <span class='ocrx_word' id='word_1_479' title='bbox 414 2835 420 2846; x_wconf 84' lang='lat'><strong>,</strong></span> <span class='ocrx_word' id='word_1_480' title='bbox 440 2816 482 2843; x_wconf 73' lang='grc'><strong>52,</strong></span> <span class='ocrx_word' id='word_1_481' title='bbox 537 2818 560 2833; x_wconf 79' lang='grc'><strong>’⁵</strong></span> <span class='ocrx_word' id='word_1_482' title='bbox 573 2816 665 2844; x_wconf 71' lang='lat' dir='ltr'><strong>Matth.</strong></span> <span class='ocrx_word' id='word_1_483' title='bbox 694 2825 767 2848; x_wconf 79' lang='lat' dir='ltr'><strong>xu&quot;,</strong></span> <span class='ocrx_word' id='word_1_484' title='bbox 782 2817 824 2844; x_wconf 83' lang='lat'><strong>3|.</strong></span> 
     </span>
    </p>
   </div>
   <div class='ocr_carea' id='block_1_65' title="bbox 222 2847 446 2883">
    <p class='ocr_par' dir='ltr' id='par_1_65' title="bbox 222 2847 446 2883">
     <span class='ocr_line' id='line_1_65' title="bbox 222 2847 446 2883; baseline 0.013 -7"><span class='ocrx_word' id='word_1_485' title='bbox 222 2847 230 2863; x_wconf 81' lang='lat'>&#39;</span> <span class='ocrx_word' id='word_1_486' title='bbox 246 2848 296 2877; x_wconf 81' lang='lat' dir='ltr'><strong>lsa.</strong></span> <span class='ocrx_word' id='word_1_487' title='bbox 314 2857 368 2882; x_wconf 86' lang='lat' dir='ltr'><strong>Lm,</strong></span> <span class='ocrx_word' id='word_1_488' title='bbox 383 2850 408 2883; x_wconf 75' lang='lat'><strong>5,</strong></span> <span class='ocrx_word' id='word_1_489' title='bbox 421 2852 446 2879; x_wconf 81' lang='grc'><strong>6.</strong></span> 
     </span>
    </p>
   </div>
   <div class='ocr_carea' id='block_1_66' title="bbox 876 2817 1057 2849">
    <p class='ocr_par' dir='ltr' id='par_1_66' title="bbox 876 2817 1057 2849">
     <span class='ocr_line' id='line_1_66' title="bbox 876 2817 1057 2849; baseline -0.006 -6"><span class='ocrx_word' id='word_1_490' title='bbox 876 2818 898 2832; x_wconf 65' lang='grc'>’⁸</span> <span class='ocrx_word' id='word_1_491' title='bbox 919 2817 968 2843; x_wconf 75' lang='lat' dir='ltr'><strong>lsa.</strong></span> <span class='ocrx_word' id='word_1_492' title='bbox 982 2825 1000 2849; x_wconf 76' lang='grc' dir='ltr'><strong>ι,</strong></span> <span class='ocrx_word' id='word_1_493' title='bbox 1017 2817 1057 2843; x_wconf 81' lang='lat' dir='ltr'><strong>l5.</strong></span> 
     </span>
    </p>
   </div>
   <div class='ocr_carea' id='block_1_67' title="bbox 1051 242 1840 282">
    <p class='ocr_par' dir='ltr' id='par_1_67' title="bbox 1051 242 1840 282">
     <span class='ocr_line' id='line_1_67' title="bbox 1051 242 1840 282; baseline -0.008 -9"><span class='ocrx_word' id='word_1_494' title='bbox 1051 246 1088 278; x_wconf 81' lang='grc' dir='ltr'>ὡς</span> <span class='ocrx_word' id='word_1_495' title='bbox 1113 248 1142 273; x_wconf 75' lang='grc' dir='ltr'>ἐν</span> <span class='ocrx_word' id='word_1_496' title='bbox 1165 247 1301 282; x_wconf 76' lang='grc' dir='ltr'><strong>ἀφηγήσει</strong></span> <span class='ocrx_word' id='word_1_497' title='bbox 1321 247 1413 273; x_wconf 79' lang='grc' dir='ltr'>λοιπὸν</span> <span class='ocrx_word' id='word_1_498' title='bbox 1440 247 1472 281; x_wconf 77' lang='grc' dir='ltr'>τῇ</span> <span class='ocrx_word' id='word_1_499' title='bbox 1501 245 1570 272; x_wconf 72' lang='grc' dir='ltr'>κατὰ</span> <span class='ocrx_word' id='word_1_500' title='bbox 1597 245 1627 271; x_wconf 68' lang='grc' dir='ltr'>τὸ</span> <span class='ocrx_word' id='word_1_501' title='bbox 1643 243 1760 278; x_wconf 78' lang='grc' dir='ltr'>γράμμα</span> <span class='ocrx_word' id='word_1_502' title='bbox 1790 242 1840 267; x_wconf 63' lang='lat' dir='ltr'><strong>aut</strong></span> 
     </span>
    </p>
   </div>
   <div class='ocr_carea' id='block_1_68' title="bbox 1051 287 1838 327">
    <p class='ocr_par' dir='ltr' id='par_1_68' title="bbox 1051 287 1838 327">
     <span class='ocr_line' id='line_1_68' title="bbox 1051 287 1838 327; baseline -0.009 -8"><span class='ocrx_word' id='word_1_503' title='bbox 1051 293 1205 327; x_wconf 78' lang='grc' dir='ltr'>ίστορικῶς,</span> <span class='ocrx_word' id='word_1_504' title='bbox 1214 293 1292 324; x_wconf 75' lang='grc' dir='ltr'>ἐνδεῖ,</span> <span class='ocrx_word' id='word_1_505' title='bbox 1305 291 1343 324; x_wconf 81' lang='grc' dir='ltr'><strong>ὥς</strong></span> <span class='ocrx_word' id='word_1_506' title='bbox 1349 300 1380 326; x_wconf 89' lang='grc' dir='ltr'><strong>γε</strong></span> <span class='ocrx_word' id='word_1_507' title='bbox 1391 289 1478 327; x_wconf 77' lang='grc' dir='ltr'>οἶμαι.</span> <span class='ocrx_word' id='word_1_508' title='bbox 1489 290 1624 321; x_wconf 80' lang='grc' dir='ltr'><strong>παντελῶς</strong></span> <span class='ocrx_word' id='word_1_509' title='bbox 1634 288 1718 316; x_wconf 74' lang='grc' dir='ltr'>οὺδέν.</span> <span class='ocrx_word' id='word_1_510' title='bbox 1726 289 1794 323; x_wconf 72' lang='grc' dir='ltr'>Φέρε</span> <span class='ocrx_word' id='word_1_511' title='bbox 1803 287 1838 321; x_wconf 77' lang='grc' dir='ltr'>δὴ</span> 
     </span>
    </p>
   </div>
   <div class='ocr_carea' id='block_1_69' title="bbox 1051 333 1840 373">
    <p class='ocr_par' dir='ltr' id='par_1_69' title="bbox 1051 333 1840 373">
     <span class='ocr_line' id='line_1_69' title="bbox 1051 333 1840 373; baseline -0.009 -8"><span class='ocrx_word' id='word_1_512' title='bbox 1051 335 1098 365; x_wconf 81' lang='grc' dir='ltr'><strong>οὖν</strong></span> <span class='ocrx_word' id='word_1_513' title='bbox 1111 339 1171 365; x_wconf 84' lang='grc' dir='ltr'>κατ’</span> <span class='ocrx_word' id='word_1_514' title='bbox 1190 339 1262 373; x_wconf 48' lang='lat' dir='ltr'><strong>nvo;</strong></span> <span class='ocrx_word' id='word_1_515' title='bbox 1289 338 1343 365; x_wconf 82' lang='grc' dir='ltr'>τῶν</span> <span class='ocrx_word' id='word_1_516' title='bbox 1365 337 1517 373; x_wconf 76' lang='grc' dir='ltr'><strong>εἰρημένων</strong></span> <span class='ocrx_word' id='word_1_517' title='bbox 1539 336 1587 372; x_wconf 77' lang='grc' dir='ltr'>τὴν</span> <span class='ocrx_word' id='word_1_518' title='bbox 1611 335 1664 361; x_wconf 76' lang='grc' dir='ltr'><strong>ἔσω</strong></span> <span class='ocrx_word' id='word_1_519' title='bbox 1677 333 1840 369; x_wconf 75' lang='grc' dir='ltr'>κεκρυμμέ-</span> 
     </span>
    </p>
   </div>
   <div class='ocr_carea' id='block_1_70' title="bbox 1051 380 1839 420">
    <p class='ocr_par' dir='ltr' id='par_1_70' title="bbox 1051 380 1839 420">
     <span class='ocr_line' id='line_1_70' title="bbox 1051 380 1839 420; baseline -0.009 -9"><span class='ocrx_word' id='word_1_520' title='bbox 1051 393 1099 420; x_wconf 89' lang='grc' dir='ltr'><strong>νην</strong></span> <span class='ocrx_word' id='word_1_521' title='bbox 1117 383 1321 419; x_wconf 77' lang='grc' dir='ltr'><strong>διακομίζοντες</strong></span> <span class='ocrx_word' id='word_1_522' title='bbox 1342 384 1470 418; x_wconf 83' lang='grc' dir='ltr'>θεωρίαν.</span> <span class='ocrx_word' id='word_1_523' title='bbox 1494 383 1524 409; x_wconf 82' lang='grc' dir='ltr'>τὸ</span> <span class='ocrx_word' id='word_1_524' title='bbox 1549 380 1666 417; x_wconf 79' lang='grc' dir='ltr'><strong>Χριστοῦ</strong></span> <span class='ocrx_word' id='word_1_525' title='bbox 1687 380 1839 416; x_wconf 79' lang='grc' dir='ltr'>μυστήριον</span> 
     </span>
    </p>
   </div>
   <div class='ocr_carea' id='block_1_71' title="bbox 1050 424 1838 465">
    <p class='ocr_par' dir='ltr' id='par_1_71' title="bbox 1050 424 1838 465">
     <span class='ocr_line' id='line_1_71' title="bbox 1050 424 1838 465; baseline -0.01 -8"><span class='ocrx_word' id='word_1_526' title='bbox 1050 431 1267 465; x_wconf 83' lang='grc' dir='ltr'>διαπλάττωμεν,</span> <span class='ocrx_word' id='word_1_527' title='bbox 1287 430 1334 457; x_wconf 76' lang='grc' dir='ltr'>καὶ</span> <span class='ocrx_word' id='word_1_528' title='bbox 1354 430 1404 464; x_wconf 80' lang='grc' dir='ltr'>τῆς</span> <span class='ocrx_word' id='word_1_529' title='bbox 1423 429 1456 456; x_wconf 82' lang='grc' dir='ltr'><strong>δι’</strong></span> <span class='ocrx_word' id='word_1_530' title='bbox 1468 428 1550 456; x_wconf 75' lang='grc' dir='ltr'>αὑτοῦ</span> <span class='ocrx_word' id='word_1_531' title='bbox 1583 427 1719 462; x_wconf 74' lang='grc' dir='ltr'><strong>σωτηρίας</strong></span> <span class='ocrx_word' id='word_1_532' title='bbox 1743 424 1838 451; x_wconf 63' lang='grc' dir='ltr'>εἰκόνα</span> 
     </span>
    </p>
   </div>
   <div class='ocr_carea' id='block_1_72' title="bbox 1050 468 1838 511">
    <p class='ocr_par' dir='ltr' id='par_1_72' title="bbox 1050 468 1838 511">
     <span class='ocr_line' id='line_1_72' title="bbox 1050 468 1838 511; baseline -0.01 -8"><span class='ocrx_word' id='word_1_533' title='bbox 1050 477 1217 511; x_wconf 76' lang='grc' dir='ltr'>δεικνύωμεν</span> <span class='ocrx_word' id='word_1_534' title='bbox 1239 475 1300 502; x_wconf 80' lang='grc' dir='ltr'>Νῶέ</span> <span class='ocrx_word' id='word_1_535' title='bbox 1321 483 1350 502; x_wconf 85' lang='grc' dir='ltr'><strong>τε</strong></span> <span class='ocrx_word' id='word_1_536' title='bbox 1368 475 1459 506; x_wconf 77' lang='grc' dir='ltr'>αὑτὸν,</span> <span class='ocrx_word' id='word_1_537' title='bbox 1475 474 1522 501; x_wconf 76' lang='grc' dir='ltr'>καὶ</span> <span class='ocrx_word' id='word_1_538' title='bbox 1541 473 1590 508; x_wconf 80' lang='grc' dir='ltr'><strong>τὴν</strong></span> <span class='ocrx_word' id='word_1_539' title='bbox 1607 471 1654 498; x_wconf 71' lang='grc' dir='ltr'><strong>ἐπὶ</strong></span> <span class='ocrx_word' id='word_1_540' title='bbox 1673 473 1704 507; x_wconf 81' lang='grc' dir='ltr'>τῇ</span> <span class='ocrx_word' id='word_1_541' title='bbox 1728 468 1838 504; x_wconf 79' lang='grc' dir='ltr'>κιὸωτῷ</span> 
     </span>
    </p>
   </div>
   <div class='ocr_carea' id='block_1_73' title="bbox 1053 515 1838 557">
    <p class='ocr_par' dir='ltr' id='par_1_73' title="bbox 1053 515 1838 557">
     <span class='ocr_line' id='line_1_73' title="bbox 1053 515 1838 557; baseline -0.011 -8"><span class='ocrx_word' id='word_1_542' title='bbox 1053 522 1137 556; x_wconf 61' lang='grc' dir='ltr'>σοψὴν</span> <span class='ocrx_word' id='word_1_543' title='bbox 1151 522 1197 548; x_wconf 77' lang='grc' dir='ltr'>καὶ</span> <span class='ocrx_word' id='word_1_544' title='bbox 1211 521 1365 557; x_wconf 78' lang='grc' dir='ltr'>ἀπόρρητον</span> <span class='ocrx_word' id='word_1_545' title='bbox 1385 520 1550 554; x_wconf 82' lang='grc' dir='ltr'>οίκονομίαν.</span> <span class='ocrx_word' id='word_1_546' title='bbox 1569 517 1731 552; x_wconf 78' lang='grc' dir='ltr'>Γεγέννηται</span> <span class='ocrx_word' id='word_1_547' title='bbox 1746 515 1838 541; x_wconf 86' lang='grc' dir='ltr'>τοίνυν</span> 
     </span>
    </p>
   </div>
   <div class='ocr_carea' id='block_1_74' title="bbox 1052 560 1838 602">
    <p class='ocr_par' dir='ltr' id='par_1_74' title="bbox 1052 560 1838 602">
     <span class='ocr_line' id='line_1_74' title="bbox 1052 560 1838 602; baseline -0.011 -7"><span class='ocrx_word' id='word_1_548' title='bbox 1052 567 1111 595; x_wconf 80' lang='grc' dir='ltr'><strong>Νῶε</strong></span> <span class='ocrx_word' id='word_1_549' title='bbox 1127 568 1170 594; x_wconf 81' lang='grc' dir='ltr'>διὰ</span> <span class='ocrx_word' id='word_1_550' title='bbox 1185 567 1291 602; x_wconf 78' lang='grc' dir='ltr'>Λάμεχ,</span> <span class='ocrx_word' id='word_1_551' title='bbox 1304 567 1364 602; x_wconf 75' lang='grc' dir='ltr'>οὐχὶ</span> <span class='ocrx_word' id='word_1_552' title='bbox 1377 565 1423 592; x_wconf 75' lang='grc' dir='ltr'><strong>τοῦ</strong></span> <span class='ocrx_word' id='word_1_553' title='bbox 1434 562 1684 600; x_wconf 75' lang='grc' dir='ltr'>προπεῳονευκὸτος</span> <span class='ocrx_word' id='word_1_554' title='bbox 1693 561 1777 596; x_wconf 77' lang='grc' dir='ltr'>ἄνδρα</span> <span class='ocrx_word' id='word_1_555' title='bbox 1789 560 1838 586; x_wconf 70' lang='grc' dir='ltr'><strong>καὶ</strong></span> 
     </span>
    </p>
   </div>
   <div class='ocr_carea' id='block_1_75' title="bbox 1052 606 1837 645">
    <p class='ocr_par' dir='ltr' id='par_1_75' title="bbox 1052 606 1837 645">
     <span class='ocr_line' id='line_1_75' title="bbox 1052 606 1837 645; baseline -0.011 -5"><span class='ocrx_word' id='word_1_556' title='bbox 1052 613 1202 644; x_wconf 87' lang='grc' dir='ltr'>νεανίσκον,</span> <span class='ocrx_word' id='word_1_557' title='bbox 1220 612 1277 639; x_wconf 84' lang='grc' dir='ltr'>ἀλλ’</span> <span class='ocrx_word' id='word_1_558' title='bbox 1289 611 1320 644; x_wconf 77' lang='grc' dir='ltr'>ἐξ</span> <span class='ocrx_word' id='word_1_559' title='bbox 1347 610 1492 645; x_wconf 81' lang='grc' dir='ltr'><strong>ὁμωνύμου</strong></span> <span class='ocrx_word' id='word_1_560' title='bbox 1512 608 1558 635; x_wconf 76' lang='grc' dir='ltr'>τοῦ</span> <span class='ocrx_word' id='word_1_561' title='bbox 1584 608 1627 635; x_wconf 76' lang='grc' dir='ltr'>διὰ</span> <span class='ocrx_word' id='word_1_562' title='bbox 1655 606 1718 642; x_wconf 85' lang='grc' dir='ltr'><strong>Σήθ.</strong></span> <span class='ocrx_word' id='word_1_563' title='bbox 1738 606 1837 638; x_wconf 70' lang='grc' dir='ltr'>’Δνέφυ</span> 
     </span>
    </p>
   </div>
   <div class='ocr_carea' id='block_1_76' title="bbox 1051 650 1837 693">
    <p class='ocr_par' dir='ltr' id='par_1_76' title="bbox 1051 650 1837 693">
     <span class='ocr_line' id='line_1_76' title="bbox 1051 650 1837 693; baseline -0.013 -8"><span class='ocrx_word' id='word_1_564' title='bbox 1051 659 1079 686; x_wconf 76' lang='grc' dir='ltr'>δὲ</span> <span class='ocrx_word' id='word_1_565' title='bbox 1096 658 1143 685; x_wconf 77' lang='grc' dir='ltr'><strong>καὶ</strong></span> <span class='ocrx_word' id='word_1_566' title='bbox 1159 659 1173 685; x_wconf 88' lang='grc' dir='ltr'><strong>ό</strong></span> <span class='ocrx_word' id='word_1_567' title='bbox 1195 657 1295 693; x_wconf 78' lang='grc' dir='ltr'>Κύριος</span> <span class='ocrx_word' id='word_1_568' title='bbox 1317 656 1397 691; x_wconf 84' lang='grc' dir='ltr'>ἡμῶν</span> <span class='ocrx_word' id='word_1_569' title='bbox 1419 654 1523 690; x_wconf 80' lang='grc' dir='ltr'>Ἰησοῦς</span> <span class='ocrx_word' id='word_1_570' title='bbox 1542 653 1657 689; x_wconf 71' lang='grc' dir='ltr'>Χριστὸς</span> <span class='ocrx_word' id='word_1_571' title='bbox 1670 652 1699 684; x_wconf 68' lang='grc' dir='ltr'><strong>ἐξ</strong></span> <span class='ocrx_word' id='word_1_572' title='bbox 1716 650 1837 686; x_wconf 78' lang='grc' dir='ltr'>Ἰσραὴλ,</span> 
     </span>
    </p>
   </div>
   <div class='ocr_carea' id='block_1_77' title="bbox 1051 696 1836 739">
    <p class='ocr_par' dir='ltr' id='par_1_77' title="bbox 1051 696 1836 739">
     <span class='ocr_line' id='line_1_77' title="bbox 1051 696 1836 739; baseline -0.013 -7"><span class='ocrx_word' id='word_1_573' title='bbox 1051 705 1130 738; x_wconf 79' lang='grc' dir='ltr'>ἁγίου</span> <span class='ocrx_word' id='word_1_574' title='bbox 1157 704 1206 739; x_wconf 87' lang='grc' dir='ltr'>μὲν</span> <span class='ocrx_word' id='word_1_575' title='bbox 1229 703 1272 730; x_wconf 86' lang='grc' dir='ltr'>διὰ</span> <span class='ocrx_word' id='word_1_576' title='bbox 1292 703 1355 734; x_wconf 73' lang='grc' dir='ltr'>τοὺς</span> <span class='ocrx_word' id='word_1_577' title='bbox 1371 701 1507 737; x_wconf 79' lang='grc' dir='ltr'>πατέρας·</span> <span class='ocrx_word' id='word_1_578' title='bbox 1522 700 1550 733; x_wconf 76' lang='grc' dir='ltr'><strong>ἐξ</strong></span> <span class='ocrx_word' id='word_1_579' title='bbox 1575 697 1788 734; x_wconf 81' lang='grc' dir='ltr'>ὁμοτροποῦντος</span> <span class='ocrx_word' id='word_1_580' title='bbox 1807 696 1836 722; x_wconf 68' lang='grc' dir='ltr'>δὲ</span> 
     </span>
    </p>
   </div>
   <div class='ocr_carea' id='block_1_78' title="bbox 1052 742 1836 784">
    <p class='ocr_par' dir='ltr' id='par_1_78' title="bbox 1052 742 1836 784">
     <span class='ocr_line' id='line_1_78' title="bbox 1052 742 1836 784; baseline -0.014 -7"><span class='ocrx_word' id='word_1_581' title='bbox 1052 750 1116 777; x_wconf 87' lang='grc' dir='ltr'>λαοῦ</span> <span class='ocrx_word' id='word_1_582' title='bbox 1131 749 1178 776; x_wconf 79' lang='grc' dir='ltr'><strong>τοῦ</strong></span> <span class='ocrx_word' id='word_1_583' title='bbox 1201 749 1296 784; x_wconf 83' lang='grc' dir='ltr'>Λάμεχ</span> <span class='ocrx_word' id='word_1_584' title='bbox 1319 748 1366 774; x_wconf 76' lang='grc' dir='ltr'>καὶ</span> <span class='ocrx_word' id='word_1_585' title='bbox 1381 744 1635 782; x_wconf 72' lang='grc' dir='ltr'><strong>ὁμογνωμονοῦντας</strong></span> <span class='ocrx_word' id='word_1_586' title='bbox 1651 742 1690 777; x_wconf 84' lang='grc' dir='ltr'><strong>τῷ</strong></span> <span class='ocrx_word' id='word_1_587' title='bbox 1705 742 1819 777; x_wconf 82' lang='grc' dir='ltr'>φονευτῇ</span> <span class='ocrx_word' id='word_1_588' title='bbox 1829 749 1836 756; x_wconf 90' lang='grc'><strong>-</strong></span> 
     </span>
    </p>
   </div>
   <div class='ocr_carea' id='block_1_79' title="bbox 1052 787 1838 831">
    <p class='ocr_par' dir='ltr' id='par_1_79' title="bbox 1052 787 1838 831">
     <span class='ocr_line' id='line_1_79' title="bbox 1052 787 1838 831; baseline -0.013 -9"><span class='ocrx_word' id='word_1_589' title='bbox 1052 795 1195 831; x_wconf 69' lang='grc' dir='ltr'>ὁμωνύμου</span> <span class='ocrx_word' id='word_1_590' title='bbox 1228 803 1257 820; x_wconf 86' lang='grc' dir='ltr'><strong>τε</strong></span> <span class='ocrx_word' id='word_1_591' title='bbox 1284 794 1333 829; x_wconf 72' lang='grc' dir='ltr'>ήδη</span> <span class='ocrx_word' id='word_1_592' title='bbox 1358 792 1426 820; x_wconf 79' lang='grc' dir='ltr'>καθὸ</span> <span class='ocrx_word' id='word_1_593' title='bbox 1453 791 1578 826; x_wconf 82' lang='grc' dir='ltr'>φονευτῇ.</span> <span class='ocrx_word' id='word_1_594' title='bbox 1601 790 1714 825; x_wconf 76' lang='grc' dir='ltr'><strong>Εἴρηται</strong></span> <span class='ocrx_word' id='word_1_595' title='bbox 1735 787 1763 814; x_wconf 77' lang='grc' dir='ltr'>δὲ</span> <span class='ocrx_word' id='word_1_596' title='bbox 1786 794 1838 812; x_wconf 82' lang='grc' dir='ltr'><strong>που</strong></span> 
     </span>
    </p>
   </div>
   <div class='ocr_carea' id='block_1_80' title="bbox 1052 834 1829 876">
    <p class='ocr_par' dir='ltr' id='par_1_80' title="bbox 1052 834 1829 876">
     <span class='ocr_line' id='line_1_80' title="bbox 1052 834 1829 876; baseline -0.013 -8"><span class='ocrx_word' id='word_1_597' title='bbox 1052 841 1120 876; x_wconf 72' lang='grc' dir='ltr'>πρὸς</span> <span class='ocrx_word' id='word_1_598' title='bbox 1141 840 1300 871; x_wconf 75' lang='grc' dir='ltr'><strong>Ἰουδαίους·</strong></span> <span class='ocrx_word' id='word_1_599' title='bbox 1323 849 1331 865; x_wconf 76' lang='grc' dir='ltr'><strong>ι</strong></span> <span class='ocrx_word' id='word_1_600' title='bbox 1362 839 1428 865; x_wconf 88' lang='grc' dir='ltr'><strong>Τίνα</strong></span> <span class='ocrx_word' id='word_1_601' title='bbox 1449 838 1504 864; x_wconf 79' lang='grc' dir='ltr'><strong>τῶν</strong></span> <span class='ocrx_word' id='word_1_602' title='bbox 1530 835 1676 872; x_wconf 76' lang='grc' dir='ltr'><strong>προφητῶν</strong></span> <span class='ocrx_word' id='word_1_603' title='bbox 1701 834 1749 860; x_wconf 85' lang='grc' dir='ltr'>οὐκ</span> <span class='ocrx_word' id='word_1_604' title='bbox 1775 834 1829 859; x_wconf 83' lang='grc' dir='ltr'>ἁπ-</span> 
     </span>
    </p>
   </div>
   <div class='ocr_carea' id='block_1_81' title="bbox 1052 878 1837 920">
    <p class='ocr_par' dir='ltr' id='par_1_81' title="bbox 1052 878 1837 920">
     <span class='ocr_line' id='line_1_81' title="bbox 1052 878 1837 920; baseline -0.013 -6"><span class='ocrx_word' id='word_1_605' title='bbox 1052 888 1175 914; x_wconf 80' lang='grc' dir='ltr'>έκτειναν</span> <span class='ocrx_word' id='word_1_606' title='bbox 1193 887 1218 913; x_wconf 84' lang='lat' dir='ltr'><strong>ol</strong></span> <span class='ocrx_word' id='word_1_607' title='bbox 1239 885 1358 920; x_wconf 82' lang='grc' dir='ltr'><strong>πατέρες</strong></span> <span class='ocrx_word' id='word_1_608' title='bbox 1385 884 1478 920; x_wconf 84' lang='grc' dir='ltr'>ὑμῶν;</span> <span class='ocrx_word' id='word_1_609' title='bbox 1491 893 1500 910; x_wconf 72' lang='grc' dir='ltr'><strong>ι</strong></span> <span class='ocrx_word' id='word_1_610' title='bbox 1519 883 1574 909; x_wconf 68' lang='grc' dir='ltr'>Καὶ</span> <span class='ocrx_word' id='word_1_611' title='bbox 1593 881 1670 917; x_wconf 75' lang='grc' dir='ltr'>παρὰ</span> <span class='ocrx_word' id='word_1_612' title='bbox 1699 878 1818 915; x_wconf 76' lang='grc' dir='ltr'><strong>Χριστοῦ</strong></span> <span class='ocrx_word' id='word_1_613' title='bbox 1830 887 1837 894; x_wconf 89' lang='grc'>·</span> 
     </span>
    </p>
   </div>
   <div class='ocr_carea' id='block_1_82' title="bbox 1053 925 1836 967">
    <p class='ocr_par' dir='ltr' id='par_1_82' title="bbox 1053 925 1836 967">
     <span class='ocr_line' id='line_1_82' title="bbox 1053 925 1836 967; baseline -0.011 -8"><span class='ocrx_word' id='word_1_614' title='bbox 1053 942 1062 958; x_wconf 75' lang='grc' dir='ltr'><strong>ι</strong></span> <span class='ocrx_word' id='word_1_615' title='bbox 1074 932 1129 959; x_wconf 77' lang='grc' dir='ltr'><strong>Καὶ</strong></span> <span class='ocrx_word' id='word_1_616' title='bbox 1150 932 1228 967; x_wconf 83' lang='grc' dir='ltr'><strong>ὑμεῖς</strong></span> <span class='ocrx_word' id='word_1_617' title='bbox 1248 929 1462 965; x_wconf 73' lang='grc' dir='ltr'><strong>ἀναπληρώσατε</strong></span> <span class='ocrx_word' id='word_1_618' title='bbox 1479 929 1510 955; x_wconf 72' lang='grc' dir='ltr'><strong>τὸ</strong></span> <span class='ocrx_word' id='word_1_619' title='bbox 1525 928 1625 963; x_wconf 79' lang='grc' dir='ltr'>μέτρον</span> <span class='ocrx_word' id='word_1_620' title='bbox 1638 926 1693 953; x_wconf 82' lang='grc' dir='ltr'>τῶν</span> <span class='ocrx_word' id='word_1_621' title='bbox 1707 925 1836 960; x_wconf 79' lang='grc' dir='ltr'>πατέρων</span> 
     </span>
    </p>
   </div>
   <div class='ocr_carea' id='block_1_83' title="bbox 1051 971 1837 1013">
    <p class='ocr_par' dir='ltr' id='par_1_83' title="bbox 1051 971 1837 1013">
     <span class='ocr_line' id='line_1_83' title="bbox 1051 971 1837 1013; baseline -0.01 -9"><span class='ocrx_word' id='word_1_622' title='bbox 1051 978 1159 1013; x_wconf 76' lang='grc' dir='ltr'><strong>ὑμῶν.»</strong></span> <span class='ocrx_word' id='word_1_623' title='bbox 1179 978 1232 1003; x_wconf 74' lang='grc' dir='ltr'>Καὶ</span> <span class='ocrx_word' id='word_1_624' title='bbox 1260 975 1312 1012; x_wconf 80' lang='grc' dir='ltr'>μὴν</span> <span class='ocrx_word' id='word_1_625' title='bbox 1344 976 1390 1002; x_wconf 70' lang='grc' dir='ltr'>καὶ</span> <span class='ocrx_word' id='word_1_626' title='bbox 1414 975 1458 1002; x_wconf 81' lang='grc' dir='ltr'>διὰ</span> <span class='ocrx_word' id='word_1_627' title='bbox 1482 973 1573 1009; x_wconf 68' lang='grc' dir='ltr'>φωνῆς</span> <span class='ocrx_word' id='word_1_628' title='bbox 1602 971 1711 999; x_wconf 79' lang='grc' dir='ltr'><strong>Ἡσαΐου</strong></span> <span class='ocrx_word' id='word_1_629' title='bbox 1738 971 1837 1006; x_wconf 75' lang='grc' dir='ltr'>φησιν’</span> 
     </span>
    </p>
   </div>
   <div class='ocr_carea' id='block_1_84' title="bbox 1057 1016 1839 1057">
    <p class='ocr_par' dir='ltr' id='par_1_84' title="bbox 1057 1016 1839 1057">
     <span class='ocr_line' id='line_1_84' title="bbox 1057 1016 1839 1057; baseline -0.01 -7"><span class='ocrx_word' id='word_1_630' title='bbox 1057 1034 1066 1050; x_wconf 76' lang='grc' dir='ltr'><strong>ι</strong></span> <span class='ocrx_word' id='word_1_631' title='bbox 1080 1024 1164 1050; x_wconf 84' lang='grc' dir='ltr'>Ὅταν</span> <span class='ocrx_word' id='word_1_632' title='bbox 1178 1023 1228 1054; x_wconf 84' lang='grc' dir='ltr'>τὰς</span> <span class='ocrx_word' id='word_1_633' title='bbox 1253 1024 1348 1057; x_wconf 85' lang='grc' dir='ltr'>χεῖρας</span> <span class='ocrx_word' id='word_1_634' title='bbox 1376 1021 1514 1056; x_wconf 82' lang='grc' dir='ltr'>ὲκτείνητε</span> <span class='ocrx_word' id='word_1_635' title='bbox 1526 1019 1593 1055; x_wconf 67' lang='grc' dir='ltr'>πρὸς</span> <span class='ocrx_word' id='word_1_636' title='bbox 1613 1018 1658 1054; x_wconf 82' lang='grc' dir='ltr'>μὲ,</span> <span class='ocrx_word' id='word_1_637' title='bbox 1673 1016 1839 1052; x_wconf 59' lang='grc' dir='ltr'>ἀποστρέψω</span> 
     </span>
    </p>
   </div>
   <div class='ocr_carea' id='block_1_85' title="bbox 1050 1063 1838 1104">
    <p class='ocr_par' dir='ltr' id='par_1_85' title="bbox 1050 1063 1838 1104">
     <span class='ocr_line' id='line_1_85' title="bbox 1050 1063 1838 1104; baseline -0.011 -8"><span class='ocrx_word' id='word_1_638' title='bbox 1050 1071 1112 1101; x_wconf 81' lang='grc' dir='ltr'>τοὺς</span> <span class='ocrx_word' id='word_1_639' title='bbox 1132 1069 1287 1104; x_wconf 75' lang='grc' dir='ltr'>ὀφθαλμούς</span> <span class='ocrx_word' id='word_1_640' title='bbox 1314 1077 1364 1103; x_wconf 84' lang='grc' dir='ltr'><strong>μου</strong></span> <span class='ocrx_word' id='word_1_641' title='bbox 1389 1068 1434 1102; x_wconf 79' lang='grc' dir='ltr'><strong>ἀφ’</strong></span> <span class='ocrx_word' id='word_1_642' title='bbox 1448 1067 1538 1102; x_wconf 76' lang='grc' dir='ltr'>ὑμῶν·</span> <span class='ocrx_word' id='word_1_643' title='bbox 1556 1065 1603 1092; x_wconf 75' lang='grc' dir='ltr'><strong>καὶ</strong></span> <span class='ocrx_word' id='word_1_644' title='bbox 1619 1064 1667 1090; x_wconf 83' lang='grc' dir='ltr'><strong>ὲὰν</strong></span> <span class='ocrx_word' id='word_1_645' title='bbox 1685 1063 1838 1098; x_wconf 73' lang='grc' dir='ltr'>πληθύνητε</span> 
     </span>
    </p>
   </div>
   <div class='ocr_carea' id='block_1_86' title="bbox 1050 1109 1839 1152">
    <p class='ocr_par' dir='ltr' id='par_1_86' title="bbox 1050 1109 1839 1152">
     <span class='ocr_line' id='line_1_86' title="bbox 1050 1109 1839 1152; baseline -0.013 -9"><span class='ocrx_word' id='word_1_646' title='bbox 1050 1117 1099 1152; x_wconf 74' lang='grc' dir='ltr'>τὴν</span> <span class='ocrx_word' id='word_1_647' title='bbox 1115 1116 1218 1151; x_wconf 79' lang='grc' dir='ltr'>δέησιν,</span> <span class='ocrx_word' id='word_1_648' title='bbox 1233 1115 1283 1142; x_wconf 81' lang='grc' dir='ltr'>οὐκ</span> <span class='ocrx_word' id='word_1_649' title='bbox 1298 1113 1492 1148; x_wconf 80' lang='grc' dir='ltr'>είσακούσομαι</span> <span class='ocrx_word' id='word_1_650' title='bbox 1520 1111 1606 1147; x_wconf 80' lang='grc' dir='ltr'>ὑμῶν·</span> <span class='ocrx_word' id='word_1_651' title='bbox 1631 1111 1659 1137; x_wconf 74' lang='lat' dir='ltr'><strong>at</strong></span> <span class='ocrx_word' id='word_1_652' title='bbox 1682 1109 1736 1144; x_wconf 87' lang='grc' dir='ltr'>γὰρ</span> <span class='ocrx_word' id='word_1_653' title='bbox 1749 1109 1839 1143; x_wconf 82' lang='grc' dir='ltr'>χεῖρες</span> 
     </span>
    </p>
   </div>
   <div class='ocr_carea' id='block_1_87' title="bbox 1052 1154 1839 1197">
    <p class='ocr_par' dir='ltr' id='par_1_87' title="bbox 1052 1154 1839 1197">
     <span class='ocr_line' id='line_1_87' title="bbox 1052 1154 1839 1197; baseline -0.011 -8"><span class='ocrx_word' id='word_1_654' title='bbox 1052 1162 1129 1197; x_wconf 80' lang='grc' dir='ltr'>ὑμῶν</span> <span class='ocrx_word' id='word_1_655' title='bbox 1161 1162 1278 1196; x_wconf 73' lang='grc' dir='ltr'>αἵματος</span> <span class='ocrx_word' id='word_1_656' title='bbox 1306 1160 1450 1194; x_wconf 75' lang='grc' dir='ltr'><strong>πλήρεις.»</strong></span> <span class='ocrx_word' id='word_1_657' title='bbox 1479 1158 1532 1184; x_wconf 69' lang='grc' dir='ltr'>Καὶ</span> <span class='ocrx_word' id='word_1_658' title='bbox 1556 1157 1697 1187; x_wconf 76' lang='grc' dir='ltr'><strong>ἑνδέκατος</strong></span> <span class='ocrx_word' id='word_1_659' title='bbox 1726 1155 1775 1190; x_wconf 80' lang='grc' dir='ltr'><strong>μὲν</strong></span> <span class='ocrx_word' id='word_1_660' title='bbox 1809 1154 1839 1187; x_wconf 77' lang='grc' dir='ltr'><strong>ὲξ</strong></span> 
     </span>
    </p>
   </div>
   <div class='ocr_carea' id='block_1_88' title="bbox 1057 1201 1838 1244">
    <p class='ocr_par' dir='ltr' id='par_1_88' title="bbox 1057 1201 1838 1244">
     <span class='ocr_line' id='line_1_88' title="bbox 1057 1201 1838 1244; baseline -0.014 -8"><span class='ocrx_word' id='word_1_661' title='bbox 1057 1209 1142 1244; x_wconf 72' lang='grc' dir='ltr'>Ἀδὰμ</span> <span class='ocrx_word' id='word_1_662' title='bbox 1153 1209 1166 1235; x_wconf 82' lang='grc' dir='ltr'>ὁ</span> <span class='ocrx_word' id='word_1_663' title='bbox 1177 1207 1252 1234; x_wconf 77' lang='grc' dir='ltr'><strong>Νῶε”</strong></span> <span class='ocrx_word' id='word_1_664' title='bbox 1269 1205 1386 1241; x_wconf 71' lang='grc' dir='ltr'>Χριστὸς</span> <span class='ocrx_word' id='word_1_665' title='bbox 1400 1204 1429 1231; x_wconf 81' lang='grc' dir='ltr'>δὲ</span> <span class='ocrx_word' id='word_1_666' title='bbox 1444 1204 1475 1239; x_wconf 80' lang='grc' dir='ltr'>δὴ</span> <span class='ocrx_word' id='word_1_667' title='bbox 1494 1203 1573 1230; x_wconf 81' lang='grc' dir='ltr'>πάλιν</span> <span class='ocrx_word' id='word_1_668' title='bbox 1586 1203 1623 1233; x_wconf 78' lang='grc' dir='ltr'>ὡς</span> <span class='ocrx_word' id='word_1_669' title='bbox 1638 1202 1667 1228; x_wconf 81' lang='grc' dir='ltr'>ὲν</span> <span class='ocrx_word' id='word_1_670' title='bbox 1684 1201 1789 1236; x_wconf 70' lang='grc' dir='ltr'>ἐσχάτῳ</span> <span class='ocrx_word' id='word_1_671' title='bbox 1808 1208 1838 1225; x_wconf 75' lang='grc' dir='ltr'><strong>τε</strong></span> 
     </span>
    </p>
   </div>
   <div class='ocr_carea' id='block_1_89' title="bbox 1052 1247 1840 1289">
    <p class='ocr_par' dir='ltr' id='par_1_89' title="bbox 1052 1247 1840 1289">
     <span class='ocr_line' id='line_1_89' title="bbox 1052 1247 1840 1289; baseline -0.011 -7"><span class='ocrx_word' id='word_1_672' title='bbox 1052 1255 1099 1282; x_wconf 71' lang='grc' dir='ltr'><strong>καὶ</strong></span> <span class='ocrx_word' id='word_1_673' title='bbox 1116 1254 1251 1289; x_wconf 75' lang='grc' dir='ltr'><strong>ἑνδεκάτῳ</strong></span> <span class='ocrx_word' id='word_1_674' title='bbox 1275 1251 1363 1287; x_wconf 81' lang='grc' dir='ltr'>καιρῷ</span> <span class='ocrx_word' id='word_1_675' title='bbox 1381 1251 1543 1286; x_wconf 81' lang='grc' dir='ltr'><strong>γεγέννηται</strong></span> <span class='ocrx_word' id='word_1_676' title='bbox 1568 1249 1639 1276; x_wconf 83' lang='grc' dir='ltr'>κατὰ</span> <span class='ocrx_word' id='word_1_677' title='bbox 1669 1247 1769 1283; x_wconf 83' lang='grc' dir='ltr'>σάρκα.</span> <span class='ocrx_word' id='word_1_678' title='bbox 1792 1247 1840 1273; x_wconf 75' lang='grc' dir='ltr'><strong>καὶ</strong></span> 
     </span>
    </p>
   </div>
   <div class='ocr_carea' id='block_1_90' title="bbox 1051 1292 1839 1336">
    <p class='ocr_par' dir='ltr' id='par_1_90' title="bbox 1051 1292 1839 1336">
     <span class='ocr_line' id='line_1_90' title="bbox 1051 1292 1839 1336; baseline -0.011 -9"><span class='ocrx_word' id='word_1_679' title='bbox 1051 1301 1101 1336; x_wconf 88' lang='grc' dir='ltr'>τῆς</span> <span class='ocrx_word' id='word_1_680' title='bbox 1118 1299 1160 1334; x_wconf 75' lang='grc' dir='ltr'><strong>ἐφ’</strong></span> <span class='ocrx_word' id='word_1_681' title='bbox 1176 1299 1242 1334; x_wconf 83' lang='grc' dir='ltr'>ἡμῖν</span> <span class='ocrx_word' id='word_1_682' title='bbox 1265 1297 1420 1332; x_wconf 80' lang='grc' dir='ltr'>οἰκονομίας</span> <span class='ocrx_word' id='word_1_683' title='bbox 1446 1296 1570 1332; x_wconf 77' lang='grc' dir='ltr'>ἄρχεται.</span> <span class='ocrx_word' id='word_1_684' title='bbox 1589 1295 1674 1321; x_wconf 80' lang='grc' dir='ltr'>Τοῦτο</span> <span class='ocrx_word' id='word_1_685' title='bbox 1693 1293 1715 1320; x_wconf 82' lang='grc' dir='ltr'>δ’</span> <span class='ocrx_word' id='word_1_686' title='bbox 1738 1292 1771 1319; x_wconf 81' lang='grc' dir='ltr'>ἂν</span> <span class='ocrx_word' id='word_1_687' title='bbox 1788 1293 1839 1327; x_wconf 81' lang='grc' dir='ltr'><strong>μά-</strong></span> 
     </span>
    </p>
   </div>
   <div class='ocr_carea' id='block_1_91' title="bbox 1053 1337 1841 1378">
    <p class='ocr_par' dir='ltr' id='par_1_91' title="bbox 1053 1337 1841 1378">
     <span class='ocr_line' id='line_1_91' title="bbox 1053 1337 1841 1378; baseline -0.011 -6"><span class='ocrx_word' id='word_1_688' title='bbox 1053 1345 1110 1376; x_wconf 89' lang='grc' dir='ltr'>θοις</span> <span class='ocrx_word' id='word_1_689' title='bbox 1119 1342 1170 1371; x_wconf 85' lang='grc' dir='ltr'>ὧδέ</span> <span class='ocrx_word' id='word_1_690' title='bbox 1187 1352 1216 1370; x_wconf 82' lang='grc' dir='ltr'><strong>τε</strong></span> <span class='ocrx_word' id='word_1_691' title='bbox 1235 1343 1306 1378; x_wconf 71' lang='grc' dir='ltr'>ἔχειν</span> <span class='ocrx_word' id='word_1_692' title='bbox 1321 1343 1366 1368; x_wconf 72' lang='grc' dir='ltr'>καὶ</span> <span class='ocrx_word' id='word_1_693' title='bbox 1382 1341 1488 1377; x_wconf 72' lang='grc' dir='ltr'>ἀληθὲς,</span> <span class='ocrx_word' id='word_1_694' title='bbox 1504 1341 1545 1367; x_wconf 85' lang='grc' dir='ltr'>ὃτι</span> <span class='ocrx_word' id='word_1_695' title='bbox 1561 1340 1649 1373; x_wconf 81' lang='grc' dir='ltr'>πάντη</span> <span class='ocrx_word' id='word_1_696' title='bbox 1665 1347 1694 1365; x_wconf 85' lang='grc' dir='ltr'><strong>τε</strong></span> <span class='ocrx_word' id='word_1_697' title='bbox 1710 1339 1756 1369; x_wconf 63' lang='grc' dir='ltr'>καὶ</span> <span class='ocrx_word' id='word_1_698' title='bbox 1773 1337 1841 1364; x_wconf 83' lang='grc' dir='ltr'>πάν-</span> 
     </span>
    </p>
   </div>
   <div class='ocr_carea' id='block_1_92' title="bbox 1053 1385 1840 1426">
    <p class='ocr_par' dir='ltr' id='par_1_92' title="bbox 1053 1385 1840 1426">
     <span class='ocr_line' id='line_1_92' title="bbox 1053 1385 1840 1426; baseline -0.011 -8"><span class='ocrx_word' id='word_1_699' title='bbox 1053 1400 1107 1423; x_wconf 82' lang='grc' dir='ltr'><strong>τως</strong></span> <span class='ocrx_word' id='word_1_700' title='bbox 1118 1392 1198 1426; x_wconf 67' lang='grc' dir='ltr'>ἐρεῖς,</span> <span class='ocrx_word' id='word_1_701' title='bbox 1214 1390 1267 1416; x_wconf 80' lang='grc' dir='ltr'>ἀπό</span> <span class='ocrx_word' id='word_1_702' title='bbox 1280 1397 1312 1423; x_wconf 83' lang='grc' dir='ltr'><strong>γε</strong></span> <span class='ocrx_word' id='word_1_703' title='bbox 1324 1388 1377 1415; x_wconf 78' lang='grc' dir='ltr'>τῶν</span> <span class='ocrx_word' id='word_1_704' title='bbox 1394 1387 1473 1423; x_wconf 79' lang='grc' dir='ltr'>ἱερῶν</span> <span class='ocrx_word' id='word_1_705' title='bbox 1489 1385 1663 1422; x_wconf 83' lang='grc' dir='ltr'>Γραμμάτων</span> <span class='ocrx_word' id='word_1_706' title='bbox 1693 1385 1840 1411; x_wconf 81' lang='grc' dir='ltr'>ἀναπεπει-</span> 
     </span>
    </p>
   </div>
   <div class='ocr_carea' id='block_1_93' title="bbox 1055 1427 1842 1472">
    <p class='ocr_par' dir='ltr' id='par_1_93' title="bbox 1055 1427 1842 1472">
     <span class='ocr_line' id='line_1_93' title="bbox 1055 1427 1842 1472; baseline -0.014 -9"><span class='ocrx_word' id='word_1_707' title='bbox 1055 1436 1163 1472; x_wconf 83' lang='grc' dir='ltr'>σμένος.</span> <span class='ocrx_word' id='word_1_708' title='bbox 1185 1436 1215 1461; x_wconf 84' lang='grc'><strong>’0</strong></span> <span class='ocrx_word' id='word_1_709' title='bbox 1237 1434 1291 1469; x_wconf 76' lang='grc' dir='ltr'>γάρ</span> <span class='ocrx_word' id='word_1_710' title='bbox 1307 1442 1347 1459; x_wconf 76' lang='grc' dir='ltr'><strong>τοι</strong></span> <span class='ocrx_word' id='word_1_711' title='bbox 1359 1433 1421 1463; x_wconf 78' lang='grc' dir='ltr'>τοὺς</span> <span class='ocrx_word' id='word_1_712' title='bbox 1437 1431 1554 1468; x_wconf 79' lang='grc' dir='ltr'>ἐργάτας</span> <span class='ocrx_word' id='word_1_713' title='bbox 1574 1430 1613 1462; x_wconf 85' lang='grc' dir='ltr'><strong>είς</strong></span> <span class='ocrx_word' id='word_1_714' title='bbox 1631 1429 1676 1455; x_wconf 67' lang='grc' dir='ltr'>τὸν</span> <span class='ocrx_word' id='word_1_715' title='bbox 1693 1427 1842 1463; x_wconf 81' lang='grc' dir='ltr'>ἀμπελῶνα</span> 
     </span>
    </p>
   </div>
   <div class='ocr_carea' id='block_1_94' title="bbox 1057 1474 1839 1518">
    <p class='ocr_par' dir='ltr' id='par_1_94' title="bbox 1057 1474 1839 1518">
     <span class='ocr_line' id='line_1_94' title="bbox 1057 1474 1839 1518; baseline -0.01 -12"><span class='ocrx_word' id='word_1_716' title='bbox 1057 1481 1235 1518; x_wconf 82' lang='grc' dir='ltr'>μισθούμενος</span> <span class='ocrx_word' id='word_1_717' title='bbox 1255 1481 1282 1507; x_wconf 78' lang='grc' dir='ltr'>ἐν</span> <span class='ocrx_word' id='word_1_718' title='bbox 1302 1479 1361 1514; x_wconf 64' lang='grc' dir='ltr'>ὥρᾳ</span> <span class='ocrx_word' id='word_1_719' title='bbox 1371 1480 1404 1514; x_wconf 85' lang='grc' dir='ltr'>τῇ</span> <span class='ocrx_word' id='word_1_720' title='bbox 1422 1477 1552 1512; x_wconf 78' lang='grc' dir='ltr'><strong>ἑνδεκάτῃ</strong></span> <span class='ocrx_word' id='word_1_721' title='bbox 1564 1474 1781 1511; x_wconf 73' lang='grc' dir='ltr'>προσπεφώνηκέ</span> <span class='ocrx_word' id='word_1_722' title='bbox 1795 1482 1839 1518; x_wconf 46' lang='grc' dir='ltr'>ἐει-</span> 
     </span>
    </p>
   </div>
   <div class='ocr_carea' id='block_1_95' title="bbox 1058 1514 1842 1554">
    <p class='ocr_par' dir='ltr' id='par_1_95' title="bbox 1058 1514 1842 1554">
     <span class='ocr_line' id='line_1_95' title="bbox 1058 1514 1842 1554; baseline -0.013 -1"><span class='ocrx_word' id='word_1_723' title='bbox 1058 1514 1099 1553; x_wconf 75' lang='grc' dir='ltr'><strong>σιν</strong></span> <span class='ocrx_word' id='word_1_724' title='bbox 1112 1535 1117 1541; x_wconf 89' lang='grc'>·</span> <span class='ocrx_word' id='word_1_725' title='bbox 1134 1514 1206 1552; x_wconf 58' lang='grc' dir='ltr'>οὗτοι</span> <span class='ocrx_word' id='word_1_726' title='bbox 1218 1525 1239 1551; x_wconf 81' lang='grc' dir='ltr'><strong>δ’</strong></span> <span class='ocrx_word' id='word_1_727' title='bbox 1257 1524 1289 1550; x_wconf 82' lang='grc' dir='ltr'>ἂν</span> <span class='ocrx_word' id='word_1_728' title='bbox 1303 1522 1356 1550; x_wconf 78' lang='grc' dir='ltr'>εἷεν</span> <span class='ocrx_word' id='word_1_729' title='bbox 1370 1524 1393 1549; x_wconf 80' lang='grc' dir='ltr'>οἱ</span> <span class='ocrx_word' id='word_1_730' title='bbox 1411 1521 1441 1554; x_wconf 79' lang='grc' dir='ltr'>ἐξ</span> <span class='ocrx_word' id='word_1_731' title='bbox 1455 1521 1551 1552; x_wconf 72' lang='grc' dir='ltr'>ἐθνῶν,</span> <span class='ocrx_word' id='word_1_732' title='bbox 1575 1529 1583 1545; x_wconf 75' lang='grc' dir='ltr'><strong>ε</strong></span> <span class='ocrx_word' id='word_1_733' title='bbox 1595 1519 1628 1546; x_wconf 89' lang='grc' dir='ltr'>Τί</span> <span class='ocrx_word' id='word_1_734' title='bbox 1647 1519 1779 1553; x_wconf 81' lang='grc' dir='ltr'>ἑστήκατε</span> <span class='ocrx_word' id='word_1_735' title='bbox 1791 1514 1842 1543; x_wconf 74' lang='grc' dir='ltr'>ὦδε</span> 
     </span>
    </p>
   </div>
   <div class='ocr_carea' id='block_1_96' title="bbox 1060 1608 1846 1649">
    <p class='ocr_par' dir='ltr' id='par_1_96' title="bbox 1060 1608 1846 1649">
     <span class='ocr_line' id='line_1_96' title="bbox 1060 1608 1846 1649; baseline -0.011 -6"><span class='ocrx_word' id='word_1_736' title='bbox 1060 1627 1125 1648; x_wconf 83' lang='grc' dir='ltr'>των,</span> <span class='ocrx_word' id='word_1_737' title='bbox 1138 1617 1180 1642; x_wconf 80' lang='grc' dir='ltr'>ὅτι</span> <span class='ocrx_word' id='word_1_738' title='bbox 1191 1616 1282 1646; x_wconf 70' lang='grc' dir='ltr'>Οὐδεὶς</span> <span class='ocrx_word' id='word_1_739' title='bbox 1301 1615 1374 1649; x_wconf 81' lang='grc' dir='ltr'>ἡμᾶς</span> <span class='ocrx_word' id='word_1_740' title='bbox 1392 1613 1563 1648; x_wconf 76' lang='grc' dir='ltr'>ἐμισθώσατο</span> <span class='ocrx_word' id='word_1_741' title='bbox 1574 1619 1582 1626; x_wconf 76' lang='grc' dir='ltr'><strong>ο</strong></span> <span class='ocrx_word' id='word_1_742' title='bbox 1600 1610 1717 1645; x_wconf 81' lang='grc' dir='ltr'>κέκληκε</span> <span class='ocrx_word' id='word_1_743' title='bbox 1732 1609 1786 1644; x_wconf 79' lang='grc' dir='ltr'>γὰρ</span> <span class='ocrx_word' id='word_1_744' title='bbox 1800 1608 1846 1634; x_wconf 82' lang='grc' dir='ltr'><strong>οὐ·</strong></span> 
     </span>
    </p>
   </div>
   <div class='ocr_carea' id='block_1_97' title="bbox 1058 1655 1846 1698">
    <p class='ocr_par' dir='ltr' id='par_1_97' title="bbox 1058 1655 1846 1698">
     <span class='ocr_line' id='line_1_97' title="bbox 1058 1655 1846 1698; baseline -0.013 -8"><span class='ocrx_word' id='word_1_745' title='bbox 1058 1664 1113 1695; x_wconf 77' lang='grc' dir='ltr'>δεὶς</span> <span class='ocrx_word' id='word_1_746' title='bbox 1128 1663 1181 1698; x_wconf 82' lang='grc' dir='ltr'>πρὸ</span> <span class='ocrx_word' id='word_1_747' title='bbox 1199 1663 1247 1697; x_wconf 78' lang='grc' dir='ltr'>τῆς</span> <span class='ocrx_word' id='word_1_748' title='bbox 1267 1661 1314 1687; x_wconf 74' lang='grc' dir='ltr'><strong>τοῦ</strong></span> <span class='ocrx_word' id='word_1_749' title='bbox 1338 1660 1464 1695; x_wconf 79' lang='grc' dir='ltr'>Σωτῆρος</span> <span class='ocrx_word' id='word_1_750' title='bbox 1478 1657 1557 1693; x_wconf 75' lang='grc' dir='ltr'>ἡμῶν</span> <span class='ocrx_word' id='word_1_751' title='bbox 1575 1656 1721 1692; x_wconf 76' lang='grc' dir='ltr'><strong>ἐπιδημίας</strong></span> <span class='ocrx_word' id='word_1_752' title='bbox 1735 1657 1775 1687; x_wconf 84' lang='grc' dir='ltr'><strong>είς</strong></span> <span class='ocrx_word' id='word_1_753' title='bbox 1790 1655 1846 1681; x_wconf 78' lang='grc' dir='ltr'>θεο-</span> 
     </span>
    </p>
   </div>
   <div class='ocr_carea' id='block_1_98' title="bbox 1055 1701 1841 1744">
    <p class='ocr_par' dir='ltr' id='par_1_98' title="bbox 1055 1701 1841 1744">
     <span class='ocr_line' id='line_1_98' title="bbox 1055 1701 1841 1744; baseline -0.011 -9"><span class='ocrx_word' id='word_1_754' title='bbox 1055 1709 1174 1744; x_wconf 75' lang='grc' dir='ltr'>ιγνωσίαν</span> <span class='ocrx_word' id='word_1_755' title='bbox 1204 1708 1238 1734; x_wconf 74' lang='grc' dir='ltr'>τὰ</span> <span class='ocrx_word' id='word_1_756' title='bbox 1265 1707 1343 1741; x_wconf 75' lang='grc' dir='ltr'>ἔθνη·</span> <span class='ocrx_word' id='word_1_757' title='bbox 1373 1705 1499 1740; x_wconf 80' lang='grc' dir='ltr'>χρηστῶς</span> <span class='ocrx_word' id='word_1_758' title='bbox 1529 1703 1574 1730; x_wconf 80' lang='grc' dir='ltr'>καὶ</span> <span class='ocrx_word' id='word_1_759' title='bbox 1603 1701 1841 1737; x_wconf 81' lang='grc' dir='ltr'>φιλοικτιρμόνως,</span> 
     </span>
    </p>
   </div>
   <div class='ocr_carea' id='block_1_99' title="bbox 1060 1747 1844 1787">
    <p class='ocr_par' dir='ltr' id='par_1_99' title="bbox 1060 1747 1844 1787">
     <span class='ocr_line' id='line_1_99' title="bbox 1060 1747 1844 1787; baseline -0.01 -7"><span class='ocrx_word' id='word_1_760' title='bbox 1060 1764 1070 1779; x_wconf 77' lang='grc' dir='ltr'><strong>ι</strong></span> <span class='ocrx_word' id='word_1_761' title='bbox 1088 1754 1221 1787; x_wconf 81' lang='grc' dir='ltr'><strong>Ὑπάγετε</strong></span> <span class='ocrx_word' id='word_1_762' title='bbox 1237 1753 1282 1779; x_wconf 74' lang='grc' dir='ltr'>καὶ</span> <span class='ocrx_word' id='word_1_763' title='bbox 1302 1752 1390 1786; x_wconf 80' lang='grc' dir='ltr'>ὑμεῖς,</span> <span class='ocrx_word' id='word_1_764' title='bbox 1404 1761 1412 1776; x_wconf 77' lang='grc' dir='ltr'><strong>ι</strong></span> <span class='ocrx_word' id='word_1_765' title='bbox 1431 1750 1524 1785; x_wconf 72' lang='grc' dir='ltr'>φησὶν,</span> <span class='ocrx_word' id='word_1_766' title='bbox 1545 1750 1604 1780; x_wconf 79' lang='grc' dir='ltr'>(είς</span> <span class='ocrx_word' id='word_1_767' title='bbox 1622 1748 1668 1775; x_wconf 80' lang='grc' dir='ltr'>τὸν</span> <span class='ocrx_word' id='word_1_768' title='bbox 1685 1747 1844 1782; x_wconf 79' lang='grc' dir='ltr'>ἀμπελῶνα,</span> 
     </span>
    </p>
   </div>
   <div class='ocr_carea' id='block_1_100' title="bbox 1058 1792 1843 1834">
    <p class='ocr_par' dir='ltr' id='par_1_100' title="bbox 1058 1792 1843 1834">
     <span class='ocr_line' id='line_1_100' title="bbox 1058 1792 1843 1834; baseline -0.01 -8"><span class='ocrx_word' id='word_1_769' title='bbox 1058 1800 1106 1826; x_wconf 71' lang='grc' dir='ltr'><strong>καὶ⁸</strong></span> <span class='ocrx_word' id='word_1_770' title='bbox 1119 1800 1133 1826; x_wconf 82' lang='grc' dir='ltr'><strong>ὃ</strong></span> <span class='ocrx_word' id='word_1_771' title='bbox 1150 1799 1197 1825; x_wconf 79' lang='grc' dir='ltr'>ἐὰν</span> <span class='ocrx_word' id='word_1_772' title='bbox 1259 1798 1373 1829; x_wconf 75' lang='grc' dir='ltr'>δίκαιον,</span> <span class='ocrx_word' id='word_1_773' title='bbox 1394 1795 1472 1822; x_wconf 81' lang='grc' dir='ltr'>δώσω</span> <span class='ocrx_word' id='word_1_774' title='bbox 1498 1795 1594 1830; x_wconf 75' lang='grc' dir='ltr'><strong>ὑμῖν.)</strong></span> <span class='ocrx_word' id='word_1_775' title='bbox 1625 1794 1678 1820; x_wconf 69' lang='grc' dir='ltr'><strong>Καὶ</strong></span> <span class='ocrx_word' id='word_1_776' title='bbox 1689 1795 1702 1820; x_wconf 83' lang='grc' dir='ltr'>ὁ</span> <span class='ocrx_word' id='word_1_777' title='bbox 1718 1792 1762 1819; x_wconf 74' lang='grc' dir='ltr'>διὰ</span> <span class='ocrx_word' id='word_1_778' title='bbox 1779 1792 1843 1819; x_wconf 80' lang='grc' dir='ltr'><strong>Μω-</strong></span> 
     </span>
    </p>
   </div>
   <div class='ocr_carea' id='block_1_101' title="bbox 1059 1838 1844 1880">
    <p class='ocr_par' dir='ltr' id='par_1_101' title="bbox 1059 1838 1844 1880">
     <span class='ocr_line' id='line_1_101' title="bbox 1059 1838 1844 1880; baseline -0.013 -7"><span class='ocrx_word' id='word_1_779' title='bbox 1059 1846 1126 1877; x_wconf 78' lang='grc' dir='ltr'>σέως</span> <span class='ocrx_word' id='word_1_780' title='bbox 1141 1845 1222 1880; x_wconf 80' lang='grc' dir='ltr'>νόμος</span> <span class='ocrx_word' id='word_1_781' title='bbox 1237 1843 1286 1879; x_wconf 83' lang='grc' dir='ltr'>τὴν</span> <span class='ocrx_word' id='word_1_782' title='bbox 1298 1842 1345 1869; x_wconf 80' lang='grc' dir='ltr'>τοῦ</span> <span class='ocrx_word' id='word_1_783' title='bbox 1361 1842 1498 1878; x_wconf 71' lang='grc' dir='ltr'>προϐάτου</span> <span class='ocrx_word' id='word_1_784' title='bbox 1513 1840 1620 1875; x_wconf 78' lang='grc' dir='ltr'>σφαγὴν</span> <span class='ocrx_word' id='word_1_785' title='bbox 1641 1839 1776 1874; x_wconf 81' lang='grc' dir='ltr'>ἁναμέσον</span> <span class='ocrx_word' id='word_1_786' title='bbox 1790 1838 1844 1864; x_wconf 82' lang='grc' dir='ltr'>τῶν</span> 
     </span>
    </p>
   </div>
   <div class='ocr_carea' id='block_1_102' title="bbox 1059 1883 1843 1926">
    <p class='ocr_par' dir='ltr' id='par_1_102' title="bbox 1059 1883 1843 1926">
     <span class='ocr_line' id='line_1_102' title="bbox 1059 1883 1843 1926; baseline -0.01 -9"><span class='ocrx_word' id='word_1_787' title='bbox 1059 1889 1221 1926; x_wconf 81' lang='grc' dir='ltr'>ὲσπερινῶν,</span> <span class='ocrx_word' id='word_1_788' title='bbox 1240 1889 1307 1924; x_wconf 82' lang='grc' dir='ltr'>πρὸς</span> <span class='ocrx_word' id='word_1_789' title='bbox 1330 1887 1450 1923; x_wconf 73' lang='grc' dir='ltr'>ἑσπέραν</span> <span class='ocrx_word' id='word_1_790' title='bbox 1466 1895 1494 1913; x_wconf 84' lang='grc' dir='ltr'><strong>τε</strong></span> <span class='ocrx_word' id='word_1_791' title='bbox 1521 1886 1567 1912; x_wconf 75' lang='grc' dir='ltr'><strong>καὶ</strong></span> <span class='ocrx_word' id='word_1_792' title='bbox 1585 1885 1637 1911; x_wconf 83' lang='grc' dir='ltr'><strong>ὑπὸ</strong></span> <span class='ocrx_word' id='word_1_793' title='bbox 1656 1884 1769 1919; x_wconf 82' lang='grc' dir='ltr'>λύχνους</span> <span class='ocrx_word' id='word_1_794' title='bbox 1793 1883 1843 1918; x_wconf 73' lang='grc' dir='ltr'>ἤδη</span> 
     </span>
    </p>
   </div>
   <div class='ocr_carea' id='block_1_103' title="bbox 1058 1931 1843 1969">
    <p class='ocr_par' dir='ltr' id='par_1_103' title="bbox 1058 1931 1843 1969">
     <span class='ocr_line' id='line_1_103' title="bbox 1058 1931 1843 1969; baseline -0.01 -6"><span class='ocrx_word' id='word_1_795' title='bbox 1058 1936 1192 1964; x_wconf 81' lang='grc' dir='ltr'>τελεῖσθαι</span> <span class='ocrx_word' id='word_1_796' title='bbox 1215 1935 1409 1969; x_wconf 77' lang='grc' dir='ltr'>προστέταχεν.</span> <span class='ocrx_word' id='word_1_797' title='bbox 1433 1933 1521 1959; x_wconf 73' lang='grc' dir='ltr'>Οίονεὶ</span> <span class='ocrx_word' id='word_1_798' title='bbox 1542 1931 1596 1967; x_wconf 86' lang='grc' dir='ltr'>γάρ</span> <span class='ocrx_word' id='word_1_799' title='bbox 1616 1939 1673 1962; x_wconf 87' lang='grc' dir='ltr'><strong>πως</strong></span> <span class='ocrx_word' id='word_1_800' title='bbox 1695 1931 1738 1956; x_wconf 81' lang='grc' dir='ltr'>ἐπ’</span> <span class='ocrx_word' id='word_1_801' title='bbox 1751 1931 1843 1961; x_wconf 70' lang='grc' dir='ltr'>αὑταῖς</span> 
     </span>
    </p>
   </div>
   <div class='ocr_carea' id='block_1_104' title="bbox 1059 1976 1844 2020">
    <p class='ocr_par' dir='ltr' id='par_1_104' title="bbox 1059 1976 1844 2020">
     <span class='ocr_line' id='line_1_104' title="bbox 1059 1976 1844 2020; baseline -0.011 -10"><span class='ocrx_word' id='word_1_802' title='bbox 1059 1984 1108 2020; x_wconf 71' lang='grc' dir='ltr'>ἤδη</span> <span class='ocrx_word' id='word_1_803' title='bbox 1131 1983 1246 2016; x_wconf 85' lang='grc' dir='ltr'>δυσμαῖς</span> <span class='ocrx_word' id='word_1_804' title='bbox 1269 1982 1383 2015; x_wconf 76' lang='grc' dir='ltr'>ἥκοντος</span> <span class='ocrx_word' id='word_1_805' title='bbox 1408 1979 1454 2006; x_wconf 84' lang='grc' dir='ltr'><strong>τοῦ</strong></span> <span class='ocrx_word' id='word_1_806' title='bbox 1477 1978 1585 2013; x_wconf 80' lang='grc' dir='ltr'>καιροῦ,</span> <span class='ocrx_word' id='word_1_807' title='bbox 1605 1977 1745 2012; x_wconf 81' lang='grc' dir='ltr'>μονονουχὶ</span> <span class='ocrx_word' id='word_1_808' title='bbox 1757 1976 1785 2002; x_wconf 80' lang='grc' dir='ltr'>δὲ</span> <span class='ocrx_word' id='word_1_809' title='bbox 1799 1977 1844 2002; x_wconf 72' lang='grc' dir='ltr'>καὶ</span> 
     </span>
    </p>
   </div>
   <div class='ocr_carea' id='block_1_105' title="bbox 1060 2021 1843 2061">
    <p class='ocr_par' dir='ltr' id='par_1_105' title="bbox 1060 2021 1843 2061">
     <span class='ocr_line' id='line_1_105' title="bbox 1060 2021 1843 2061; baseline -0.011 -6"><span class='ocrx_word' id='word_1_810' title='bbox 1060 2027 1270 2061; x_wconf 81' lang='grc' dir='ltr'>συστελλομένου</span> <span class='ocrx_word' id='word_1_811' title='bbox 1289 2025 1382 2052; x_wconf 75' lang='grc' dir='ltr'>λοιπὸν</span> <span class='ocrx_word' id='word_1_812' title='bbox 1401 2024 1449 2051; x_wconf 79' lang='grc' dir='ltr'>τοῦ</span> <span class='ocrx_word' id='word_1_813' title='bbox 1464 2023 1596 2059; x_wconf 82' lang='grc' dir='ltr'>παρόντος</span> <span class='ocrx_word' id='word_1_814' title='bbox 1611 2022 1717 2054; x_wconf 81' lang='grc' dir='ltr'>αἰῶνος,</span> <span class='ocrx_word' id='word_1_815' title='bbox 1735 2021 1843 2055; x_wconf 83' lang='grc' dir='ltr'>γέγονεν</span> 
     </span>
    </p>
   </div>
   <div class='ocr_carea' id='block_1_106' title="bbox 1059 2067 1843 2110">
    <p class='ocr_par' dir='ltr' id='par_1_106' title="bbox 1059 2067 1843 2110">
     <span class='ocr_line' id='line_1_106' title="bbox 1059 2067 1843 2110; baseline -0.011 -9"><span class='ocrx_word' id='word_1_816' title='bbox 1059 2074 1199 2110; x_wconf 77' lang='grc' dir='ltr'>ἄνθρωπος</span> <span class='ocrx_word' id='word_1_817' title='bbox 1214 2074 1228 2100; x_wconf 77' lang='grc' dir='ltr'><strong>ό</strong></span> <span class='ocrx_word' id='word_1_818' title='bbox 1238 2071 1393 2106; x_wconf 77' lang='grc' dir='ltr'>Μονογενὴς</span> <span class='ocrx_word' id='word_1_819' title='bbox 1408 2069 1455 2096; x_wconf 83' lang='grc' dir='ltr'><strong>τοῦ</strong></span> <span class='ocrx_word' id='word_1_820' title='bbox 1470 2069 1537 2096; x_wconf 85' lang='grc' dir='ltr'>Θεοῦ</span> <span class='ocrx_word' id='word_1_821' title='bbox 1552 2069 1648 2102; x_wconf 81' lang='grc' dir='ltr'>Λόγος,</span> <span class='ocrx_word' id='word_1_822' title='bbox 1658 2068 1704 2094; x_wconf 80' lang='grc' dir='ltr'><strong>καὶ</strong></span> <span class='ocrx_word' id='word_1_823' title='bbox 1718 2067 1766 2102; x_wconf 79' lang='grc' dir='ltr'>τὴν</span> <span class='ocrx_word' id='word_1_824' title='bbox 1777 2067 1843 2101; x_wconf 82' lang='grc' dir='ltr'>ὑπὲρ</span> 
     </span>
    </p>
   </div>
   <div class='ocr_carea' id='block_1_107' title="bbox 1060 2113 1842 2154">
    <p class='ocr_par' dir='ltr' id='par_1_107' title="bbox 1060 2113 1842 2154">
     <span class='ocr_line' id='line_1_107' title="bbox 1060 2113 1842 2154; baseline -0.014 -5"><span class='ocrx_word' id='word_1_825' title='bbox 1060 2122 1167 2149; x_wconf 74' lang='grc' dir='ltr'>πάντων</span> <span class='ocrx_word' id='word_1_826' title='bbox 1179 2120 1275 2154; x_wconf 80' lang='grc' dir='ltr'>ἀνέτλη</span> <span class='ocrx_word' id='word_1_827' title='bbox 1291 2118 1407 2153; x_wconf 73' lang='grc' dir='ltr'>σφαγὴν,</span> <span class='ocrx_word' id='word_1_828' title='bbox 1422 2116 1518 2150; x_wconf 82' lang='grc' dir='ltr'>ποινῆς</span> <span class='ocrx_word' id='word_1_829' title='bbox 1531 2116 1578 2142; x_wconf 77' lang='grc' dir='ltr'><strong>καὶ</strong></span> <span class='ocrx_word' id='word_1_830' title='bbox 1594 2115 1672 2151; x_wconf 87' lang='grc' dir='ltr'>δίκης</span> <span class='ocrx_word' id='word_1_831' title='bbox 1686 2113 1842 2146; x_wconf 73' lang='grc' dir='ltr'>ἐλευθερῶν,</span> 
     </span>
    </p>
   </div>
   <div class='ocr_carea' id='block_1_108' title="bbox 1061 2157 1843 2197">
    <p class='ocr_par' dir='ltr' id='par_1_108' title="bbox 1061 2157 1843 2197">
     <span class='ocr_line' id='line_1_108' title="bbox 1061 2157 1843 2197; baseline -0.014 -3"><span class='ocrx_word' id='word_1_832' title='bbox 1061 2167 1107 2195; x_wconf 65' lang='grc' dir='ltr'>καὶ</span> <span class='ocrx_word' id='word_1_833' title='bbox 1123 2166 1222 2197; x_wconf 81' lang='grc' dir='ltr'>παντὸς</span> <span class='ocrx_word' id='word_1_834' title='bbox 1251 2164 1299 2191; x_wconf 78' lang='grc' dir='ltr'><strong>τοῦ</strong></span> <span class='ocrx_word' id='word_1_835' title='bbox 1329 2163 1433 2190; x_wconf 77' lang='grc' dir='ltr'>τοιοῦδε</span> <span class='ocrx_word' id='word_1_836' title='bbox 1460 2161 1586 2196; x_wconf 77' lang='grc' dir='ltr'>δείματος</span> <span class='ocrx_word' id='word_1_837' title='bbox 1610 2159 1746 2186; x_wconf 82' lang='grc' dir='ltr'>ἀπωτάτω</span> <span class='ocrx_word' id='word_1_838' title='bbox 1762 2157 1843 2188; x_wconf 74' lang='grc' dir='ltr'>τιθεὶς</span> 
     </span>
    </p>
   </div>
   <div class='ocr_carea' id='block_1_109' title="bbox 1060 2203 1844 2246">
    <p class='ocr_par' dir='ltr' id='par_1_109' title="bbox 1060 2203 1844 2246">
     <span class='ocr_line' id='line_1_109' title="bbox 1060 2203 1844 2246; baseline -0.017 -4"><span class='ocrx_word' id='word_1_839' title='bbox 1060 2216 1123 2246; x_wconf 81' lang='grc' dir='ltr'>τοὺς</span> <span class='ocrx_word' id='word_1_840' title='bbox 1148 2212 1375 2242; x_wconf 75' lang='grc' dir='ltr'>πεπιστευκότας.</span> <span class='ocrx_word' id='word_1_841' title='bbox 1393 2209 1477 2240; x_wconf 70' lang='grc' dir='ltr'>Αὐτὸς</span> <span class='ocrx_word' id='word_1_842' title='bbox 1500 2208 1552 2243; x_wconf 81' lang='grc' dir='ltr'>γάρ</span> <span class='ocrx_word' id='word_1_843' title='bbox 1574 2207 1646 2232; x_wconf 77' lang='grc' dir='ltr'>ἐστιν</span> <span class='ocrx_word' id='word_1_844' title='bbox 1667 2206 1681 2231; x_wconf 84' lang='grc' dir='ltr'>ὁ</span> <span class='ocrx_word' id='word_1_845' title='bbox 1700 2204 1769 2231; x_wconf 79' lang='grc' dir='ltr'>κατὰ</span> <span class='ocrx_word' id='word_1_846' title='bbox 1782 2203 1844 2238; x_wconf 67' lang='grc' dir='ltr'>ἁλή-</span> 
     </span>
    </p>
   </div>
   <div class='ocr_carea' id='block_1_110' title="bbox 1061 2251 1844 2291">
    <p class='ocr_par' dir='ltr' id='par_1_110' title="bbox 1061 2251 1844 2291">
     <span class='ocr_line' id='line_1_110' title="bbox 1061 2251 1844 2291; baseline -0.018 -2"><span class='ocrx_word' id='word_1_847' title='bbox 1061 2262 1136 2288; x_wconf 81' lang='grc' dir='ltr'>Θειαν</span> <span class='ocrx_word' id='word_1_848' title='bbox 1152 2260 1226 2291; x_wconf 81' lang='grc' dir='ltr'>Νῶε,</span> <span class='ocrx_word' id='word_1_849' title='bbox 1249 2258 1399 2288; x_wconf 77' lang='grc' dir='ltr'>τουτέστιν,</span> <span class='ocrx_word' id='word_1_850' title='bbox 1416 2257 1433 2291; x_wconf 82' lang='grc' dir='ltr'>ἡ</span> <span class='ocrx_word' id='word_1_851' title='bbox 1454 2254 1610 2288; x_wconf 78' lang='grc' dir='ltr'>δικαιοσύνη</span> <span class='ocrx_word' id='word_1_852' title='bbox 1636 2252 1682 2278; x_wconf 75' lang='grc' dir='ltr'>καὶ</span> <span class='ocrx_word' id='word_1_853' title='bbox 1696 2252 1712 2286; x_wconf 87' lang='grc' dir='ltr'>ἡ</span> <span class='ocrx_word' id='word_1_854' title='bbox 1726 2251 1844 2276; x_wconf 81' lang='grc' dir='ltr'>ἀνάπαυ-</span> 
     </span>
    </p>
   </div>
   <div class='ocr_carea' id='block_1_111' title="bbox 1062 2295 1844 2341">
    <p class='ocr_par' dir='ltr' id='par_1_111' title="bbox 1062 2295 1844 2341">
     <span class='ocr_line' id='line_1_111' title="bbox 1062 2295 1844 2341; baseline -0.019 -6"><span class='ocrx_word' id='word_1_855' title='bbox 1062 2317 1119 2339; x_wconf 89' lang='grc' dir='ltr'>σις·</span> <span class='ocrx_word' id='word_1_856' title='bbox 1149 2305 1327 2341; x_wconf 80' lang='grc' dir='ltr'>ἑρμηνεύεται</span> <span class='ocrx_word' id='word_1_857' title='bbox 1360 2302 1414 2337; x_wconf 80' lang='grc' dir='ltr'><strong>γὰρ</strong></span> <span class='ocrx_word' id='word_1_858' title='bbox 1432 2299 1482 2327; x_wconf 74' lang='grc' dir='ltr'>ὧδε</span> <span class='ocrx_word' id='word_1_859' title='bbox 1509 2300 1539 2326; x_wconf 75' lang='grc' dir='ltr'>τὸ</span> <span class='ocrx_word' id='word_1_860' title='bbox 1559 2299 1652 2333; x_wconf 78' lang='grc' dir='ltr'>δνομα.</span> <span class='ocrx_word' id='word_1_861' title='bbox 1683 2295 1844 2323; x_wconf 75' lang='grc' dir='ltr'>ιΔεδικαιώ-</span> 
     </span>
    </p>
   </div>
   <div class='ocr_carea' id='block_1_112' title="bbox 1064 2341 1844 2390">
    <p class='ocr_par' dir='ltr' id='par_1_112' title="bbox 1064 2341 1844 2390">
     <span class='ocr_line' id='line_1_112' title="bbox 1064 2341 1844 2390; baseline -0.021 -9"><span class='ocrx_word' id='word_1_862' title='bbox 1064 2353 1132 2390; x_wconf 80' lang='grc' dir='ltr'>μεοα</span> <span class='ocrx_word' id='word_1_863' title='bbox 1146 2352 1212 2386; x_wconf 84' lang='grc' dir='ltr'>γὰρ,</span> <span class='ocrx_word' id='word_1_864' title='bbox 1235 2351 1306 2377; x_wconf 78' lang='grc' dir='ltr'>κατὰ</span> <span class='ocrx_word' id='word_1_865' title='bbox 1323 2348 1372 2380; x_wconf 79' lang='grc' dir='ltr'>τὰς</span> <span class='ocrx_word' id='word_1_866' title='bbox 1388 2346 1508 2383; x_wconf 72' lang='grc' dir='ltr'><strong>Γραφὰς1</strong></span> <span class='ocrx_word' id='word_1_867' title='bbox 1525 2345 1582 2390; x_wconf 72' lang='grc' dir='ltr'>οὐκ</span> <span class='ocrx_word' id='word_1_868' title='bbox 1598 2344 1627 2390; x_wconf 65' lang='grc' dir='ltr'>εξ</span> <span class='ocrx_word' id='word_1_869' title='bbox 1646 2343 1733 2390; x_wconf 73' lang='grc' dir='ltr'>ἔργων</span> <span class='ocrx_word' id='word_1_870' title='bbox 1746 2341 1844 2390; x_wconf 27' lang='grc' dir='ltr'>*δικαιο-</span> 
     </span>
    </p>
   </div>
   <div class='ocr_carea' id='block_1_113' title="bbox 1061 2385 1844 2432">
    <p class='ocr_par' dir='ltr' id='par_1_113' title="bbox 1061 2385 1844 2432">
     <span class='ocr_line' id='line_1_113' title="bbox 1061 2385 1844 2432; baseline -0.02 -7"><span class='ocrx_word' id='word_1_871' title='bbox 1061 2385 1158 2432; x_wconf 71' lang='grc' dir='ltr'>σύνης,</span> <span class='ocrx_word' id='word_1_872' title='bbox 1233 2395 1399 2428; x_wconf 70' lang='grc' dir='ltr'>ἐποιήσαμεν</span> <span class='ocrx_word' id='word_1_873' title='bbox 1425 2392 1517 2426; x_wconf 71' lang='grc' dir='ltr'>ἡμεῖς,</span> <span class='ocrx_word' id='word_1_874' title='bbox 1544 2389 1612 2415; x_wconf 77' lang='grc' dir='ltr'>ἀλλὰ</span> <span class='ocrx_word' id='word_1_875' title='bbox 1642 2386 1712 2413; x_wconf 74' lang='grc' dir='ltr'>κατὰ</span> <span class='ocrx_word' id='word_1_876' title='bbox 1729 2385 1759 2411; x_wconf 82' lang='grc' dir='ltr'>τὸ</span> <span class='ocrx_word' id='word_1_877' title='bbox 1781 2385 1844 2432; x_wconf 67' lang='grc' dir='ltr'>πολὺ</span> 
     </span>
    </p>
   </div>
   <div class='ocr_carea' id='block_1_114' title="bbox 1059 2430 1844 2472">
    <p class='ocr_par' dir='ltr' id='par_1_114' title="bbox 1059 2430 1844 2472">
     <span class='ocr_line' id='line_1_114' title="bbox 1059 2430 1844 2472; baseline -0.019 -2"><span class='ocrx_word' id='word_1_878' title='bbox 1059 2430 1141 2471; x_wconf 76' lang='grc' dir='ltr'>αὑτοῦ</span> <span class='ocrx_word' id='word_1_879' title='bbox 1157 2442 1239 2471; x_wconf 70' lang='grc' dir='ltr'>ἕλεος.</span> <span class='ocrx_word' id='word_1_880' title='bbox 1252 2450 1261 2465; x_wconf 82' lang='grc' dir='ltr'><strong>ι</strong></span> <span class='ocrx_word' id='word_1_881' title='bbox 1279 2439 1376 2472; x_wconf 75' lang='grc' dir='ltr'>Γέγονε</span> <span class='ocrx_word' id='word_1_882' title='bbox 1392 2437 1481 2463; x_wconf 82' lang='grc' dir='ltr'>τοίνυν</span> <span class='ocrx_word' id='word_1_883' title='bbox 1495 2436 1562 2470; x_wconf 83' lang='grc' dir='ltr'>ἡμῖν</span> <span class='ocrx_word' id='word_1_884' title='bbox 1578 2434 1634 2464; x_wconf 88' lang='grc' dir='ltr'>τοῖς</span> <span class='ocrx_word' id='word_1_885' title='bbox 1653 2430 1844 2459; x_wconf 73' lang='grc' dir='ltr'>πεπιστευκόσι</span> 
     </span>
    </p>
   </div>
   <div class='ocr_carea' id='block_1_115' title="bbox 1059 2475 1844 2522">
    <p class='ocr_par' dir='ltr' id='par_1_115' title="bbox 1059 2475 1844 2522">
     <span class='ocr_line' id='line_1_115' title="bbox 1059 2475 1844 2522; baseline -0.02 -6"><span class='ocrx_word' id='word_1_886' title='bbox 1059 2487 1217 2522; x_wconf 85' lang='grc' dir='ltr'>δικαιοσύνη</span> <span class='ocrx_word' id='word_1_887' title='bbox 1237 2485 1365 2521; x_wconf 75' lang='grc' dir='ltr'>Χριστὸς.</span> <span class='ocrx_word' id='word_1_888' title='bbox 1381 2483 1429 2510; x_wconf 78' lang='grc' dir='ltr'>καὶ</span> <span class='ocrx_word' id='word_1_889' title='bbox 1456 2481 1508 2518; x_wconf 83' lang='grc' dir='ltr'>μὴν</span> <span class='ocrx_word' id='word_1_890' title='bbox 1530 2481 1578 2507; x_wconf 71' lang='grc' dir='ltr'>καὶ</span> <span class='ocrx_word' id='word_1_891' title='bbox 1590 2479 1754 2508; x_wconf 81' lang='grc' dir='ltr'>ἀνάπαυσις,</span> <span class='ocrx_word' id='word_1_892' title='bbox 1770 2475 1844 2522; x_wconf 72' lang='grc' dir='ltr'>εἴπερ</span> 
     </span>
    </p>
   </div>
   <div class='ocr_carea' id='block_1_116' title="bbox 1060 2520 1844 2568">
    <p class='ocr_par' dir='ltr' id='par_1_116' title="bbox 1060 2520 1844 2568">
     <span class='ocr_line' id='line_1_116' title="bbox 1060 2520 1844 2568; baseline -0.019 -7"><span class='ocrx_word' id='word_1_893' title='bbox 1060 2535 1133 2562; x_wconf 70' lang='grc' dir='ltr'>ἐστὶν</span> <span class='ocrx_word' id='word_1_894' title='bbox 1149 2520 1268 2568; x_wconf 43' lang='grc' dir='ltr'>ἀληθὲςξ</span> <span class='ocrx_word' id='word_1_895' title='bbox 1279 2541 1288 2556; x_wconf 77' lang='grc' dir='ltr'><strong>Ι</strong></span> <span class='ocrx_word' id='word_1_896' title='bbox 1305 2531 1348 2562; x_wconf 80' lang='grc' dir='ltr'>Ὠς</span> <span class='ocrx_word' id='word_1_897' title='bbox 1363 2529 1565 2565; x_wconf 81' lang='grc' dir='ltr'>μεμαλάκισται</span> <span class='ocrx_word' id='word_1_898' title='bbox 1582 2526 1631 2560; x_wconf 72' lang='grc' dir='ltr'>μὲν</span> <span class='ocrx_word' id='word_1_899' title='bbox 1645 2523 1726 2554; x_wconf 70' lang='grc' dir='ltr'>αὐτὸς</span> <span class='ocrx_word' id='word_1_900' title='bbox 1800 2520 1844 2550; x_wconf 74' lang='grc' dir='ltr'><strong>τὰ;</strong></span> 
     </span>
    </p>
   </div>
   <div class='ocr_carea' id='block_1_117' title="bbox 1062 2566 1844 2612">
    <p class='ocr_par' dir='ltr' id='par_1_117' title="bbox 1062 2566 1844 2612">
     <span class='ocr_line' id='line_1_117' title="bbox 1062 2566 1844 2612; baseline -0.018 -8"><span class='ocrx_word' id='word_1_901' title='bbox 1062 2577 1177 2612; x_wconf 75' lang='grc' dir='ltr'>ἀνομίας</span> <span class='ocrx_word' id='word_1_902' title='bbox 1195 2566 1289 2611; x_wconf 24' lang='grc' dir='ltr'>νήμῶν.</span> <span class='ocrx_word' id='word_1_903' title='bbox 1310 2574 1358 2601; x_wconf 76' lang='grc' dir='ltr'>καὶ</span> <span class='ocrx_word' id='word_1_904' title='bbox 1385 2573 1428 2599; x_wconf 75' lang='grc' dir='ltr'>διὰ</span> <span class='ocrx_word' id='word_1_905' title='bbox 1458 2571 1507 2603; x_wconf 76' lang='grc' dir='ltr'>τὰς</span> <span class='ocrx_word' id='word_1_906' title='bbox 1523 2569 1660 2606; x_wconf 79' lang='grc' dir='ltr'>ἁμαρτίας</span> <span class='ocrx_word' id='word_1_907' title='bbox 1690 2566 1767 2602; x_wconf 79' lang='grc' dir='ltr'>ἡμῶν</span> <span class='ocrx_word' id='word_1_908' title='bbox 1783 2574 1844 2599; x_wconf 83' lang='grc' dir='ltr'>παρ·</span> 
     </span>
    </p>
   </div>
   <div class='ocr_carea' id='block_1_118' title="bbox 1062 2611 1843 2662">
    <p class='ocr_par' dir='ltr' id='par_1_118' title="bbox 1062 2611 1843 2662">
     <span class='ocr_line' id='line_1_118' title="bbox 1062 2611 1843 2662; baseline -0.018 -12"><span class='ocrx_word' id='word_1_909' title='bbox 1062 2611 1152 2658; x_wconf 62' lang='grc' dir='ltr'>εδόόη,</span> <span class='ocrx_word' id='word_1_910' title='bbox 1171 2623 1218 2649; x_wconf 75' lang='grc' dir='ltr'><strong>καὶ</strong></span> <span class='ocrx_word' id='word_1_911' title='bbox 1243 2621 1281 2656; x_wconf 83' lang='grc' dir='ltr'><strong>τῷ</strong></span> <span class='ocrx_word' id='word_1_912' title='bbox 1307 2619 1421 2656; x_wconf 84' lang='grc' dir='ltr'>μώλωπι</span> <span class='ocrx_word' id='word_1_913' title='bbox 1436 2618 1518 2645; x_wconf 82' lang='grc' dir='ltr'>αὐτοῦ</span> <span class='ocrx_word' id='word_1_914' title='bbox 1541 2617 1620 2652; x_wconf 80' lang='grc' dir='ltr'>ἡμεῖς</span> <span class='ocrx_word' id='word_1_915' title='bbox 1642 2614 1764 2662; x_wconf 69' lang='grc' dir='ltr'>ξαΘημεν.</span> <span class='ocrx_word' id='word_1_916' title='bbox 1779 2611 1843 2662; x_wconf 47' lang='grc' dir='ltr'>ἐάας,</span> 
     </span>
    </p>
   </div>
   <div class='ocr_carea' id='block_1_119' title="bbox 1063 2659 1840 2705">
    <p class='ocr_par' dir='ltr' id='par_1_119' title="bbox 1063 2659 1840 2705">
     <span class='ocr_line' id='line_1_119' title="bbox 1063 2659 1840 2705; baseline -0.018 -9"><span class='ocrx_word' id='word_1_917' title='bbox 1063 2669 1166 2705; x_wconf 82' lang='grc' dir='ltr'>Κύριος</span> <span class='ocrx_word' id='word_1_918' title='bbox 1193 2667 1350 2703; x_wconf 80' lang='grc' dir='ltr'>παρέδωκεν</span> <span class='ocrx_word' id='word_1_919' title='bbox 1378 2665 1458 2692; x_wconf 76' lang='grc' dir='ltr'>αὑτὸν</span> <span class='ocrx_word' id='word_1_920' title='bbox 1482 2665 1540 2695; x_wconf 86' lang='grc' dir='ltr'>ταῖς</span> <span class='ocrx_word' id='word_1_921' title='bbox 1564 2661 1711 2697; x_wconf 81' lang='grc' dir='ltr'>ἁμαρτίαις</span> <span class='ocrx_word' id='word_1_922' title='bbox 1734 2659 1840 2705; x_wconf 72' lang='grc' dir='ltr'>ὴμῶν,ι</span> 
     </span>
    </p>
   </div>
   <div class='ocr_carea' id='block_1_120' title="bbox 1065 2703 1842 2747">
    <p class='ocr_par' dir='ltr' id='par_1_120' title="bbox 1065 2703 1842 2747">
     <span class='ocr_line' id='line_1_120' title="bbox 1065 2703 1842 2747; baseline -0.015 -6"><span class='ocrx_word' id='word_1_923' title='bbox 1065 2703 1136 2741; x_wconf 76' lang='grc' dir='ltr'>κατὰ</span> <span class='ocrx_word' id='word_1_924' title='bbox 1159 2714 1209 2747; x_wconf 83' lang='grc' dir='ltr'>τὴν</span> <span class='ocrx_word' id='word_1_925' title='bbox 1236 2712 1283 2739; x_wconf 80' lang='grc' dir='ltr'><strong>τοῦ</strong></span> <span class='ocrx_word' id='word_1_926' title='bbox 1308 2712 1449 2747; x_wconf 82' lang='grc' dir='ltr'>προφήτου</span> <span class='ocrx_word' id='word_1_927' title='bbox 1481 2710 1581 2744; x_wconf 77' lang='grc' dir='ltr'>φωνήν.</span> <span class='ocrx_word' id='word_1_928' title='bbox 1601 2705 1720 2743; x_wconf 75' lang='grc' dir='ltr'>Χριστοῦ</span> <span class='ocrx_word' id='word_1_929' title='bbox 1735 2703 1780 2731; x_wconf 73' lang='grc' dir='ltr'><strong>οὖν</strong></span> <span class='ocrx_word' id='word_1_930' title='bbox 1797 2711 1842 2730; x_wconf 82' lang='grc' dir='ltr'>πα-</span> 
     </span>
    </p>
   </div>
   <div class='ocr_carea' id='block_1_121' title="bbox 1065 2750 1841 2792">
    <p class='ocr_par' dir='ltr' id='par_1_121' title="bbox 1065 2750 1841 2792">
     <span class='ocr_line' id='line_1_121' title="bbox 1065 2750 1841 2792; baseline -0.015 -6"><span class='ocrx_word' id='word_1_931' title='bbox 1065 2760 1157 2791; x_wconf 85' lang='grc' dir='ltr'>θόντος</span> <span class='ocrx_word' id='word_1_932' title='bbox 1172 2757 1241 2792; x_wconf 83' lang='grc' dir='ltr'>ὑπὲρ</span> <span class='ocrx_word' id='word_1_933' title='bbox 1258 2756 1336 2792; x_wconf 79' lang='grc' dir='ltr'>ἡμῶν</span> <span class='ocrx_word' id='word_1_934' title='bbox 1352 2756 1443 2791; x_wconf 77' lang='grc' dir='ltr'>σαρκὶ,</span> <span class='ocrx_word' id='word_1_935' title='bbox 1459 2755 1588 2790; x_wconf 74' lang='grc' dir='ltr'>μακάριοι</span> <span class='ocrx_word' id='word_1_936' title='bbox 1603 2753 1649 2780; x_wconf 71' lang='grc' dir='ltr'>καὶ</span> <span class='ocrx_word' id='word_1_937' title='bbox 1662 2750 1841 2784; x_wconf 77' lang='grc' dir='ltr'>ἀξιοζήλωτοι,</span> 
     </span>
    </p>
   </div>
   <div class='ocr_carea' id='block_1_122' title="bbox 1108 2806 1840 2845">
    <p class='ocr_par' dir='ltr' id='par_1_122' title="bbox 1108 2806 1840 2845">
     <span class='ocr_line' id='line_1_122' title="bbox 1108 2806 1840 2845; baseline -0.015 -2"><span class='ocrx_word' id='word_1_938' title='bbox 1108 2817 1129 2832; x_wconf 82' lang='grc'><strong>’⁷</strong></span> <span class='ocrx_word' id='word_1_939' title='bbox 1145 2815 1240 2842; x_wconf 80' lang='lat' dir='ltr'><strong>Matth.</strong></span> <span class='ocrx_word' id='word_1_940' title='bbox 1262 2822 1305 2845; x_wconf 72' lang='lat' dir='ltr'><strong>xx,</strong></span> <span class='ocrx_word' id='word_1_941' title='bbox 1319 2813 1344 2840; x_wconf 85' lang='lat'><strong>6.</strong></span> <span class='ocrx_word' id='word_1_942' title='bbox 1397 2813 1420 2828; x_wconf 81' lang='lat'><strong>&quot;‘</strong></span> <span class='ocrx_word' id='word_1_943' title='bbox 1437 2811 1507 2838; x_wconf 83' lang='lat' dir='ltr'><strong>Ibid.</strong></span> <span class='ocrx_word' id='word_1_944' title='bbox 1527 2811 1552 2837; x_wconf 95' lang='grc'><strong>“1.</strong></span> <span class='ocrx_word' id='word_1_945' title='bbox 1605 2810 1628 2825; x_wconf 86' lang='lat'><strong>&quot;</strong></span> <span class='ocrx_word' id='word_1_946' title='bbox 1641 2809 1719 2836; x_wconf 78' lang='lat' dir='ltr'><strong>Rom.</strong></span> <span class='ocrx_word' id='word_1_947' title='bbox 1747 2815 1785 2838; x_wconf 85' lang='lat' dir='ltr'><strong>In,</strong></span> <span class='ocrx_word' id='word_1_948' title='bbox 1801 2806 1840 2832; x_wconf 73' lang='grc' dir='ltr'>Ξί.</span> 
     </span>
    </p>
   </div>
  </div>
