1990 3046
149 174 178 200 61
662 173 921 203 GLAPHYRORUM

993 176 1141 205 GENESIM
1161 177 1225 204 LIB.
1247 177 1278 204 ll.
1743 175 1777 202 62

151 231 204 258 Καὶ
216 231 242 257 τί
263 231 333 267 γάρ;
354 231 414 266 οὐχὶ
430 230 484 257 τῶν
504 231 613 258 τοιῶνδε
641 232 876 268 μετακικλήμεθα,
893 234 935 260 καὶ

990 236 1146 263 caelestibus
1160 236 1239 264 donis
1258 235 1413 267 afﬂuentes,
1427 242 1575 269 eorumque
1588 235 1776 269 participatio—

150 276 206 302 τῶν
225 276 362 312 οὐρανίων
386 277 565 312 χαρισμάτων
589 277 817 313 κατατρυφῶμεν,
831 279 878 305 καὶ
890 287 939 305 και

151 323 357 357 ταπλουτοῦμεν
382 323 432 357 τὴν
460 322 578 358 μέθεξιν,
604 324 652 350 καὶ
673 323 704 350 τὸ
731 324 864 359 δυσαχθὲς
888 325 940 359 τῆς

152 367 291 402 ἁμαρτίας
315 366 496 398 ἀποϐαλόντες
512 367 630 402 φορτίον,
647 367 776 402 ἀνιέμεθα
793 368 885 395 λοιπὸν
900 369 940 399 εις

152 412 304 447 εὐημερίαν
319 412 526 447 πνευματικήν;
549 411 656 439 Ἐκάλει
670 413 723 448 γὰρ
739 414 812 449 ἡμᾶς
828 414 868 445 είς
879 414 941 440 τοῦ-

151 466 183 484 το
198 458 285 492 λέγων
300 458 381 490 αὑτός
391 457 501 484 -ιΔεῦτε
514 458 582 493 πρὸς
600 458 645 493 μὲ,
663 459 764 490 πάντες
776 460 801 485 οί
818 459 938 486 κοπιῶν-

152 511 198 534 τες
235 503 281 529 καὶ
319 502 538 538 πεφορτισμένοι,
571 503 650 536 κάγὼ
675 504 824 531 ἀναπαύσω
856 506 936 540 ὑμᾶς.

155 549 256 583 ’Δρατε
283 549 329 575 τὸν
355 548 436 583 ζυγόν
460 557 511 584 μου
535 549 578 583 ἐφ’
592 551 673 584 ὑμᾶς,
700 551 747 577 καὶ
770 551 870 586 μάθετε
892 553 938 579 ἀπ’

152 593 220 628 ἐμοῦ
244 594 286 621 ὅτι
311 594 398 629 πρᾶός
418 595 475 629 εἰμι
499 595 546 621 καὶ
562 596 689 627 ταπεινὸς
709 598 742 631 τῇ
763 597 872 632 καρδίᾳ,
893 598 939 625 καὶ

153 639 282 673 εὑρήσετε
305 639 457 665 ἀνάπαυσιν
482 641 542 670 ταῖς
558 639 658 675 ψυχαῖς
679 640 786 675 ὑμῶν.)
802 641 863 668 Ὅτι
885 641 939 677 γὰρ

153 683 265 717 ἔμελλεν
280 683 435 711 ἀναπαῦσαι
451 685 524 719 ἡμᾶς
543 685 558 710 6
571 684 697 719 Χριστὸς,
709 686 755 712 καὶ
769 687 783 712 6
802 687 939 722 ἀρχάγγε-

152 729 198 760 λος
221 729 340 764 Γαϐριὴλ
360 729 544 764 προανεφώνει
558 732 591 766 τῇ
617 731 681 766 (ΞιγίιξιΙ
698 732 827 768 Παρθένῳ
841 734 937 767 λέγων’

159 785 167 802 ι
181 775 226 810 Μὴ
239 775 333 810 φοϐοῦ,
348 775 474 810 Μαριάμ·
490 774 568 811 εὗρες
581 777 635 812 γὰρ
646 777 725 812 χάριν
736 778 809 813 παρὰ
817 778 855 814 τῷ
868 779 937 814 Θεῷο

154 822 200 849 καὶ
224 821 277 848 ίδοὺ
300 821 421 858 συλλήψῃ
441 824 470 848 ὲν
489 823 597 858 γαστρὶ,
621 824 668 850 καὶ
690 824 777 856 τέξεις
801 825 875 852 υἱόν·
891 826 939 852 καὶ

154 867 278 900 καλέσεις
293 868 324 894 τὸ
338 868 423 903 ὄνομα
438 869 519 895 αὑτοῦ
538 869 656 904 Ἰησοῦν·
677 870 757 902 αὐτὸς
778 871 832 905 γὰρ
856 871 937 898 σώσει

153 913 197 941 τὸν
211 913 275 940 λαὸν
298 913 382 941 αὑτοῦ
413 914 466 940 ἀπὸ
493 914 546 941 τῶν
572 916 715 950 ἁμαρτιῶν
741 916 862 943 αὐτῶν.»
881 917 936 943 Καὶ
955 905 973 931 Β

155 958 207 992 μὴν
218 959 267 985 καὶ
279 959 304 986 οἱ
319 958 456 986 θεσπέσιοι
483 960 621 995 προφῆται
636 961 685 996 τὴν
699 962 734 987 δι’
753 961 835 988 αὑτοῦ
854 971 934 998 γενη.

154 1005 271 1040 σομένην
293 1005 445 1033 ἀνάπαυσιν
465 1008 672 1042 προαναφωνεῖν
704 1008 877 1040 ἐσπούδαζον.
907 1010 936 1036 ’0

154 1049 204 1084 μὶν
213 1050 269 1086 γὰρ
286 1050 408 1085 ἕφασκευ
445 1060 454 1077 ι
465 1051 578 1086 Θάρσει,
600 1051 678 1084 Σιὼν,
693 1052 730 1087 μὴ
748 1053 936 1088 παρείσϐωσαν

153 1095 180 1122 αι
204 1095 294 1130 χεῖρές
320 1104 378 1127 σου,
402 1096 526 1132 Κύριοςὸ
542 1096 609 1128 Θεὸς
628 1105 675 1124 σου
700 1098 727 1124 ὲν
746 1099 787 1124 σοὶ
813 1099 934 1131 δυνατὸς,

154 1140 234 1168 σώσει
250 1151 290 1172 σε,
302 1143 348 1168 καὶ
360 1143 513 1170 ἀνακαινιετ
525 1152 555 1170 σε
569 1144 598 1170 ὲν
611 1145 644 1179 τῇ
664 1144 801 1179 ἀγαπήσει
815 1144 906 1173 αὑτοῦ.
923 1155 931 1170 ι

157 1187 271 1219 Ἦσαῒας
285 1188 314 1214 δὲ
330 1186 363 1215 αὖ
377 1189 517 1224 μονονουχὶ
531 1191 576 1216 καὶ
589 1190 618 1216 ὲν
633 1189 694 1224 ὕψει
709 1190 801 1217 λοιπον
818 1192 935 1217 ἐποιεῖτο

151 1233 254 1268 λέγων·
286 1243 295 1259 ι
311 1234 458 1269 Ἴσχύσατε,
474 1237 564 1270 χεῖρες
585 1235 742 1271 ἀνειμέναι,
767 1237 813 1263 καὶ
833 1237 934 1271 γόνατα

152 1280 373 1315 παραλελυμένα,
387 1281 606 1316 παρακαλέσατε,
618 1283 642 1308 οἱ
661 1282 814 1317 ὀλιγόψυχοι
832 1284 864 1317 τῇ
878 1283 935 1309 δια-

150 1325 219 1362 νοίᾳ,
247 1326 384 1361 ἰσχύσατε,
411 1327 448 1362 μὴ
479 1326 612 1361 φοϐεῖσθε.
635 1327 700 1354 Ἰδοὺ
723 1329 737 1354 6
757 1328 822 1360 Θεὸς
845 1328 932 1364 ἡμῶν.

158 1372 221 1400 Ἰδοὺ
243 1373 346 1409 Κύριος
370 1374 439 1408 μετὰ
463 1373 557 1408 ἰσχύος
577 1372 696 1408 ἔρχεται,
715 1375 761 1399 καὶ
785 1375 798 1400 6
815 1374 934 1409 βραχίων

153 1417 223 1452 μετὰ
245 1419 368 1454 κυρείας.
388 1419 432 1450 Ὠς
451 1420 465 1445 6
490 1419 592 1453 ποιμὴν
619 1420 748 1454 ποιμανεῖ
760 1419 791 1445 τὸ
808 1419 934 1454 ποίμνιον

151 1463 244 1495 αὐτοῦ,
270 1465 318 1490 καὶ
340 1464 380 1499 τῷ
405 1463 527 1500 βραχίονι
544 1464 625 1490 αὐτοῦ
648 1465 755 1496 συνάξει
771 1464 865 1498 ἄρνας,
886 1464 934 1491 καὶ

149 1509 199 1540 τὰς
223 1509 253 1535 ὲν
270 1509 370 1544 γαστρὶ
395 1508 509 1544 ἐχούσας
526 1509 721 1544 παρακαλέσει.
734 1519 742 1534 ι
762 1510 857 1543 Γέγονε
882 1509 933 1536 τοί-

990 289 1052 308 nem
1064 281 1171 316 adepti,
1201 286 1229 308 et
1256 281 1362 316 ahjecto
1389 280 1554 316 'gravissimo
1576 281 1680 315 peccati
1700 281 1774 316 iugo.

990 335 1080 355 nonne
1097 328 1232 362 spirituali
1257 327 1385 362 deinceps
1409 327 1539 354 felicitate
1562 326 1693 353 fruimur?
1716 327 1775 361 Ipse

988 373 1062 399 enim
1082 380 1132 400 nos
1159 372 1193 400 ad
1215 373 1267 400 hoe
1288 373 1408 405 vocavit,
1428 372 1543 399 dicens:
1565 381 1573 397 ι
1590 371 1718 399 Accedite
1741 373 1776 399 ad

989 425 1043 450 me,
1055 425 1150 445 omnes
1160 419 1207 453 qui
1219 418 1349 445 laboratis
1361 422 1389 445 et
1401 418 1505 445 onerati
1517 418 1593 450 estis,
1603 421 1630 444 et
1641 426 1689 453 ego
1703 417 1775 445 refo-

988 463 1087 490 cillabo
1107 471 1163 491 vos.
1177 463 1275 490 Tollite
1292 464 1386 498 jugum
1405 471 1496 490 meum
1513 471 1594 498 super
1608 471 1656 491 vos
1667 484 1673 495 ,
1692 468 1719 491 et
1732 464 1775 490 di-

988 509 1056 536 scite
1070 516 1085 536 a
1097 516 1139 536 me
1151 509 1216 544 quia
1227 510 1302 537 mitis
1313 517 1373 536 sum
1389 514 1417 536 et
1429 509 1539 536 humilis
1550 509 1642 541 corde,
1653 513 1680 536 et
1697 509 1775 536 inve-

988 555 1071 582 nietis
1088 555 1210 589 requiem
1237 555 1381 582 animabus
1402 556 1500 582 vestris
1523 556 1544 581 ³.
1565 565 1573 580 ι
1597 554 1674 587 Quod
1701 555 1774 582 enim

987 601 1109 635 quietem
1121 600 1201 628 nobis
1212 600 1326 628 daturus
1336 606 1409 628 esset
1417 601 1542 628 Christus
1551 621 1558 632 ,
1572 600 1681 628 Gabriel
1692 601 1774 627 etiam

988 646 1167 681 archangelus
1175 651 1275 673 sauctm
1286 647 1388 682 Virgini
1397 647 1436 674 sic
1446 647 1584 681 praedixit:
1598 656 1606 672 ι
1618 646 1657 673 Ne
1668 647 1774 677 timeas,

988 693 1087 720 Maria:
1100 693 1227 720 invenisti
1242 693 1314 720 enim
1334 694 1447 728 gratiam
1462 693 1534 728 apud
1551 693 1645 720 Deum.
1659 693 1693 720 Et
1711 701 1775 720 ecce

988 739 1126 773 concipies
1144 738 1172 766 in
1191 743 1284 771 utero,
1298 743 1325 765 et
1343 740 1432 774 paries
1447 739 1546 771 ﬁlium,
1564 744 1592 767 et
1606 739 1716 766 vocabis
1726 746 1775 766 no-

987 792 1050 811 men
1065 785 1123 819 ejus
1137 784 1240 812 Jesum.
1258 785 1317 819 Ipse
1339 785 1413 812 enim
1429 785 1533 812 salvum
1549 785 1631 812 faciet
1644 785 1774 819 populum

988 836 1067 856 suum
1079 836 1093 855 a
1105 829 1223 863 peccatis
1240 829 1296 855 suis
1306 830 1325 855 ".
1345 839 1353 854 ι
1370 829 1525 861 Quinetiam
1540 830 1624 856 divini
1635 829 1775 864 prophetae

988 873 1109 908 requiem
1120 881 1168 908 per
1177 873 1265 907 ipsum
1273 878 1431 900 eventuram
1442 865 1567 901 accurate
1574 874 1773 908 pmdixerunt;

988 927 1105 953 quorum
1123 926 1213 946 unus:
1231 928 1240 944 ‹
1261 918 1390 951 Confide,
1417 928 1426 944 ι
1450 919 1555 953 inquit,
1577 929 1586 944 ι
1608 919 1692 951 Sion,
1719 928 1774 947 non

987 957 1294 992 dissolvantur‘manus
1316 969 1378 992 tuae.
1402 965 1533 992 Dominus
1545 965 1617 993 Deus
1642 966 1695 1002 34
1713 970 1776 993 tuus

986 1011 1064 1039 fortis
1077 1011 1103 1038 in
1116 1016 1157 1042 te,
1174 1011 1290 1038 salvabit
1302 1015 1327 1037 te
1338 1031 1344 1043 ,
1358 1014 1386 1037 et
1401 1011 1541 1037 innovabit
1557 1014 1583 1037 te
1597 1011 1623 1037 in
1643 1011 1776 1039 charitate

986 1065 1034 1084 sua
1047 1057 1066 1083 ⁸.
1081 1068 1089 1081 ι
1107 1057 1188 1084 Isaias
1208 1061 1298 1084 autem
1322 1061 1425 1084 tantum
1449 1065 1503 1084 non
1515 1057 1551 1083 ob
1571 1058 1664 1084 oculos
1679 1058 1775 1092 ponit,

985 1103 1098 1130 dicens:
1116 1113 1124 1128 ι
1141 1102 1350 1135 Confortamini,
1368 1110 1464 1129 manus
1485 1103 1621 1135 remissae,
1641 1107 1669 1130 et
1688 1111 1775 1137 genua

985 1148 1133 1181 dissoluta;
1148 1148 1337 1179 consulamini,
1348 1148 1535 1183 pusillanimes
1548 1153 1654 1175 mente:
1669 1148 1776 1175 confor-

985 1193 1091 1226 tamini,
1107 1201 1141 1220 ne
1157 1193 1285 1220 timeatis.
1299 1193 1368 1220 Ecce
1385 1193 1457 1220 Deus
1472 1198 1576 1220 noster.
1596 1194 1666 1220 Ecce
1685 1194 1775 1220 Domi-

984 1247 1037 1266 nus
1047 1246 1108 1266 cum
1119 1239 1220 1265 virtute
1230 1239 1319 1271 venit,
1333 1243 1361 1266 et
1377 1239 1521 1266 brachium
1537 1246 1597 1266 cum
1610 1239 1774 1266 dominatio-

984 1292 1029 1311 ne.
1053 1283 1129 1311 Sicut
1145 1288 1238 1318 pastor
1262 1288 1355 1318 pascet
1373 1292 1482 1319 gregem
1506 1292 1601 1316 suum,
1617 1288 1646 1311 et
1662 1284 1775 1312 brachio

984 1336 1033 1356 suo
1042 1329 1217 1364 congregabit
1225 1337 1318 1364 agnos,
1327 1334 1355 1356 et
1361 1333 1532 1364 prmgnantes
1542 1330 1727 1356 consolahitur
1735 1330 1755 1356 ⁸.
1762 1339 1771 1354 ι

985 1374 1083 1401 Factus
1102 1373 1193 1407 itaque
1206 1377 1247 1400 est
1262 1373 1341 1400 nobis
1351 1373 1456 1407 justitia
1464 1377 1492 1400 et
1507 1373 1617 1407 requies
1629 1372 1754 1399 Christus
1766 1381 1773 1398 :

983 1418 1110 1446 liberavit
1134 1423 1225 1446 autem
1246 1426 1295 1446 nos
1311 1419 1393 1446 etiam
1408 1426 1423 1445 a
1438 1423 1509 1445 terra
1527 1418 1571 1445 cui
1595 1418 1774 1445 maledixerat

984 1465 1115 1491 Dominus
1127 1465 1210 1491 Deus.
1227 1464 1284 1491 Hoc
1299 1464 1373 1490 enim
1389 1463 1470 1490 nobis
1487 1463 1521 1489 de
1535 1463 1592 1490 Noe
1609 1463 1775 1497 prophetam

984 1510 1055 1537 dixit
1086 1510 1205 1537 Lameeh
1218 1510 1237 1536 ⁵.
1255 1510 1289 1536 At
1310 1517 1377 1537 vero
1401 1516 1573 1543 nequaquam
1597 1508 1711 1535 dubium
1733 1513 1774 1535 est

150 1563 197 1582 νυν
212 1556 278 1590 ἡμῖν
302 1555 459 1589 δικαιοσύνη
477 1564 507 1581 τε
530 1555 577 1582 καὶ
601 1554 755 1586 άιήπαυσις
768 1555 782 1581 6
795 1555 912 1590 Χριστός
923 1563 931 1570 ’

985 1556 1057 1590 quod
1074 1556 1300 1590 transgressionis
1312 1555 1339 1581 in
1360 1555 1444 1582 Adam
1462 1555 1601 1581 accusatio
1618 1555 1645 1581 in
1665 1554 1774 1582 Christ)

151 1600 253 1626 σέσωκε
279 1600 308 1626 δὲ
329 1601 408 1635 ἡμᾶς
422 1601 470 1627 καὶ
496 1601 550 1627 ἀπὸ
578 1602 627 1636 τῆς
638 1602 689 1635 γῆς
704 1598 738 1637 ἦς
758 1600 933 1636 κατηράσατο

150 1644 271 1679 Κύριοςό
291 1645 367 1677 Θεός.
396 1646 481 1672 Ταυτὶ
508 1646 562 1681 γὰρ
585 1647 651 1681 ἡμῖν
682 1647 728 1673 ἐπὶ
747 1646 808 1673 Νῶε
827 1655 934 1681 προφη-

150 1691 236 1718 τεύων
246 1691 365 1726 ἔφασκεν
376 1691 391 1718 6
400 1691 506 1726 Λάμεχ.
520 1692 597 1718 Ἐστι
611 1693 638 1718 δὲ
658 1692 708 1718 οὐκ
722 1692 872 1726 ἀμφίλογον
891 1693 933 1718 ὅτι

149 1737 198 1771 τῆς
216 1738 245 1764 ἑν
263 1737 348 1772 Ἀδάμ
374 1737 556 1772 παραϐάσεως
572 1737 606 1763 τὰ
626 1738 794 1772 ἐγκλήματα,
826 1737 933 1764 λέλυται

150 1782 230 1809 πάλιν
242 1783 270 1808 ἑν
284 1782 402 1818 Χριστῷ.
422 1792 431 1808 ι
441 1783 539 1816 Γέγονε
550 1783 605 1818 γὰρ
618 1783 687 1818 ὑπὲρ
699 1784 776 1818 ἡμῶν
789 1784 907 1818 κατάρα,
920 1793 929 1809 ι

150 1827 219 1854 κατὰ
239 1828 269 1854 τὸ
285 1827 487 1864 γεγραμμένον,
508 1828 557 1863 τῆς
582 1829 698 1863 ἀρχαίας
711 1829 780 1864 ἀρᾶς
796 1829 934 1856 ἀπαλλάτ-

149 1882 202 1900 των
219 1874 269 1909 τὴν
281 1874 342 1909 γῆν.
360 1873 399 1901 Δι’
414 1874 495 1900 αὑτοῦ
510 1874 564 1909 γὰρ
585 1874 693 1902 ἅπαντα
717 1876 785 1910 πρὸς
802 1875 832 1902 τὸ
844 1877 872 1902 ὲν
886 1877 934 1911 ἁρ-

149 1919 208 1953 χαϊς
222 1918 485 1953 ἀνακεφαλαιοῦσθαί
498 1928 589 1954 φαμεν
598 1920 644 1946 τὸν
658 1920 765 1955 Πατέρα
782 1921 828 1946 καὶ
845 1921 912 1947 θεόν
923 1929 931 1936 ·

153 1974 163 1990 ι
175 1965 228 1991 Καὶ
243 1964 278 1991 τά
298 1964 347 1999 μὲν
364 1965 464 2000 ἀρχαῖα
481 1965 613 2000 παρῆλθε,
629 1966 722 2000 γέγονε
744 1966 772 1992 δὲ
795 1967 828 1992 τά
843 1967 933 1993 ’πάντα

151 2010 239 2042 καινὰ,
263 2010 310 2037 καὶ
332 2011 414 2043 εἴτις
439 2012 467 2037 ὲν
491 2011 600 2047 Χριστῷ
615 2012 694 2046 καινὴ
713 2013 829 2043 κτίσις.»
849 2013 932 2048 Εἴπερ

151 2055 206 2081 ἐστὶ
221 2055 345 2090 δεύτερος
366 2050 451 2091 Ἀδὰμ
466 2056 498 2082 δι’
517 2057 640 2092 ὑπακοῆς
654 2057 814 2092 ἀνατρέπων
835 2057 866 2083 τὸ
886 2057 932 2083 τοῦ

150 2100 361 2136 πρωτοπλάστου
381 2101 575 2136 κατηγόρημα·
595 2101 665 2136 φημὶ
685 2101 717 2137 δὴ
728 2102 777 2137 τὴν
792 2103 821 2128 ὲν
837 2103 932 2137 ἀρχαῖς

151 2145 313 2182 παραίτησιν
342 2147 529 2182 γεγενημένην
557 2148 709 2183 παρακοήν.
737 2144 800 2174 Ὧδε
826 2150 933 2183 φρονεῖν

150 2191 236 2219 ἐδόκει
254 2192 302 2219 καὶ
319 2192 358 2228 τῷ
375 2192 510 2228 θεσπεσίῳ
523 2192 630 2228 Παύλῳ.
644 2193 744 2229 Γράφει
762 2194 815 2230 γὰρ
830 2193 931 2225 οὕτως·

984 1608 1079 1628 rursus
1091 1600 1192 1628 abolita
1213 1600 1273 1627 sit:
1295 1609 1303 1625 ι
1328 1599 1426 1626 Factus
1450 1600 1523 1626 enim
1548 1603 1589 1626 est
1619 1607 1668 1634 pro
1694 1599 1774 1625 nobis

984 1646 1157 1678 maledictio,
1177 1655 1186 1671 ι
1208 1646 1279 1673 sicut
1293 1645 1425 1680 scriptum
1446 1645 1525 1677 est’,
1544 1652 1559 1671 a
1580 1644 1666 1671 veteri
1688 1645 1773 1671 male-

984 1691 1104 1718 dictione
1128 1695 1227 1718 terram
1244 1691 1374 1717 liberans.
1384 1690 1435 1717 Per
1447 1690 1536 1725 ipsum
1555 1689 1690 1724 siquidem
1707 1689 1775 1716 dici-

984 1745 1045 1765 mus
1053 1738 1159 1764 Patrem
1172 1745 1204 1764 ac
1214 1737 1298 1764 Deum
1310 1739 1407 1764 cuncta
1420 1740 1601 1763 restaurasse:
1616 1745 1624 1760 ι
1636 1735 1675 1762 Ac
1682 1739 1773 1762 vetera

983 1783 1092 1818 quidem
1108 1783 1312 1818 praeterierunt,
1327 1782 1395 1809 facta
1407 1785 1470 1809 sunt
1484 1786 1576 1808 autem
1588 1781 1678 1808 omnia
1688 1787 1771 1811 nova;

984 1829 1006 1856 si
1022 1837 1075 1864 qua
1089 1837 1159 1856 nova
1176 1828 1203 1856 in
1214 1829 1322 1856 Christo
1338 1833 1461 1855 creatura
1477 1828 1512 1854 ³.»
1525 1826 1664 1862 Siquidem
1677 1834 1774 1853 secun-

983 1875 1036 1902 dus
1058 1875 1143 1902 Adam
1156 1882 1205 1909 per
1228 1874 1413 1901 obedientiam
1432 1874 1532 1900 avertit
1548 1872 1628 1908 primi
1652 1871 1776 1907 parentis

983 1921 1105 1953 crimen,
1123 1924 1243 1947 veterem
1256 1940 1263 1951 ,
1285 1920 1394 1953 inquam
1405 1939 1412 1951 ,
1430 1919 1503 1946 illam
1523 1919 1614 1946 statim
1632 1918 1710 1944 initio
1724 1925 1772 1944 ex-

983 1966 1116 2000 pulsionis
1137 1973 1260 1997 causam,
1287 1964 1510 1991 inobcdicntiam.
1532 1964 1610 1996 Quod
1635 1968 1662 1991 et
1675 1963 1773 1990 Paulus

984 2012 1135 2043 conﬁrmat,
1145 2012 1254 2039 dicens:
1269 2021 1278 2036 ‹
1289 2010 1520 2043 Quemadmodum
1530 2010 1603 2036 enim
1615 2017 1662 2044 per
1675 2009 1771 2036 inohc-
1816 2025 1819 2027 -

984 2058 1115 2085 dientiam
1137 2057 1219 2085 unius
1245 2057 1362 2084 hominis
1383 2061 1539 2091 peccatores
1556 2055 1697 2082 constituti
1722 2063 1770 2081 su“

984 2112 1055 2135 mus,
1075 2104 1111 2131 ita
1130 2108 1156 2130 ct
1167 2111 1216 2138 per
1228 2103 1309 2129 unius
1324 2102 1507 2129 obedientiam
1519 2101 1585 2135 justi
1601 2101 1770 2128 constituen—

985 2149 1117 2176 turmulti
1131 2149 1151 2175 '.
1167 2159 1176 2174 ι
1197 2148 1296 2175 Factus
1318 2151 1360 2175 est
1384 2151 1475 2174 autem
1490 2147 1615 2174 Christus
1641 2146 1772 2173 ohedicus

984 2194 1057 2222 Patri
1071 2202 1156 2228 usque
1173 2194 1206 2221 ad
1224 2197 1339 2220 mortem
1350 2213 1357 2225 ,
1384 2197 1500 2219 mortem
1519 2196 1608 2219 autem
1636 2190 1724 2218 crucis
1739 2191 1770 2217 ¹⁰.

153 2247 163 2263 ι
175 2238 282 2274 Ὥσπερ
296 2239 351 2275 γὰρ
370 2239 414 2265 διὰ
435 2239 485 2274 τῆς
504 2240 644 2275 παρακοῆς
660 2239 706 2266 τοῦ
718 2240 777 2272 ἑνὸς
788 2239 931 2275 ἀνθρώπου

985 2240 1218 2274 Quemadmodum
1237 2240 1320 2275 igitur
1340 2238 1484 2267 maledicta
1504 2243 1562 2266 erat
1576 2242 1646 2265 terra
1664 2238 1699 2264 ob
1718 2238 1773 2272 pri—

151 2283 307 2319 ἁμαρτωλοὶ
328 2285 545 2320 κατεστάθησαν,
576 2285 646 2312 οὕτω
670 2287 716 2312 καὶ
738 2286 781 2313 διὰ
800 2287 851 2322 τῆς
879 2287 932 2313 ὑπ-

150 2329 235 2364 ακοῆς
247 2330 294 2356 τοῦ
309 2331 378 2364 ἑνὸς,
389 2331 488 2358 δίκαιοι
499 2332 750 2366 κατασταθήσονται
768 2333 870 2359 πολλοί.
885 2333 934 2359 Γέ-

150 2383 211 2409 γονε
225 2375 254 2402 δὲ
266 2376 281 2402 6
293 2377 410 2412 Χριστὸς
425 2377 544 2413 ὑπήκοος
563 2377 601 2413 τῷ
613 2379 699 2412 Πατρὶ
713 2378 794 2414 μέχρι
806 2378 931 2410 θανάτου,

150 2419 265 2448 θανάτου
284 2422 313 2448 δὲ
329 2422 455 2457 σταυροῦ.
468 2433 477 2448 ι
493 2424 598 2458 Ὥσπερ
611 2421 657 2450 οὖν
669 2424 804 2458 ἐπάρατος
817 2422 851 2459 ἧν
864 2425 879 2459 ἡ
897 2424 933 2458 γῆ

149 2467 193 2494 διὰ
211 2468 261 2503 τὴν
279 2469 309 2495 ὲν
320 2468 419 2504 ἀρχαῖς
442 2469 595 2503 παράὸασιν
611 2471 639 2496 ὲν
661 2469 835 2502 Ἀδὰμ,οὖτω
855 2469 934 2504 γέγο-

150 2521 195 2539 νεν
206 2513 377 2550 εὐλογημένη
392 2514 436 2541 διὰ
451 2515 501 2550 τὴν
515 2514 637 2550 ὑπακοὴν
646 2514 693 2541 τοῦ
706 2510 835 2549 Χριστοῦἶ
857 2514 932 2540 Ἐλυ-

150 2558 274 2593 τρώσατο
289 2559 319 2585 δὲ
340 2559 387 2585 καὶ
403 2559 503 2594 ἑτέρως
523 2560 595 2594 ἡμᾶς
606 2559 658 2586 ἀπὸ
668 2560 716 2595 τῆς
730 2559 782 2594 γῆς
797 2559 933 2594 ἐπαράτου

150 2604 344 2638 γεγενημένης.
368 2605 507 2635 «Καινοὺς
531 2604 585 2639 γὰρ
601 2605 741 2640 οὐρανοὺς,
767 2605 814 2631 καὶ
839 2604 935 2640 καινὴν

150 2648 212 2683 γῆν,
229 2649 301 2677 κατὰ
324 2649 358 2676 τὰ
375 2650 569 2685 ἐπαγγέλματα
591 2651 685 2683 αὑτοῦ,
706 2651 930 2686 προσδοκῶμεν,ι

150 2695 221 2721 καθὰ
246 2695 294 2721 καὶ
317 2697 332 2721 6
358 2696 437 2730 σοφὸς
462 2697 507 2723 τοῦ
529 2697 654 2733 Σωτῆρος
678 2697 770 2732 εἴρηκε
800 2697 934 2732 μαθητής.

156 2740 322 2767 Ἐνεκαίνισε
341 2741 370 2768 δὲ
386 2743 451 2777 ἡμῖν
466 2743 511 2769 καὶ
524 2743 572 2776 τὴν
588 2744 628 2774 εἰς
643 2743 675 2769 τά
697 2743 752 2770 ἀνω
778 2752 807 2770 τε
832 2744 878 2770 καὶ
895 2744 935 2776 είς

185 2842 197 2881 ξ
216 2841 310 2881 Matth.
325 2850 365 2881 xu:
380 2842 425 2881 Ξὸ1
438 2843 490 2881 g9;
531 2844 540 2859 ³
562 2843 619 2881 Luc
646 2844 768 2881 559,3].
806 2845 912 2881 “Soph.

993 2847 1035 2876 16.
1057 2846 1096 2872 l7.
1131 2845 1141 2860 ⁸
1154 2845 1296 2881 Isaias“,
1319 2844 1346 2875 5;
1365 2851 1414 2881 xc;
1429 2841 1469 2881 ιο,
1488 2841 1529 2867 Η.

984 2294 1055 2313 ιιιιιιιι
1069 2286 1141 2313 illan:
1159 2286 1402 2321 transgressionem
1422 2285 1450 2312 in
1471 2285 1573 2317 Adam,
1592 2284 1629 2311 ita
1649 2284 1719 2311 facta
1732 2289 1772 2311 est

983 2331 1127 2359 benedicta
1147 2335 1258 2366 propter
1283 2330 1467 2358 obedientiam
1495 2329 1606 2357 Christi.
1633 2329 1773 2356 Liberavit

983 2380 1075 2403 autem
1090 2383 1140 2403 nos
1158 2375 1240 2403 etiam
1255 2376 1307 2402 alia
1326 2375 1431 2402 ratione
1444 2382 1459 2401 a
1481 2378 1552 2401 terra
1572 2373 1716 2400 maledicta
1730 2373 1771 2400 ef-

983 2421 1063 2449 fecta.
1085 2431 1094 2446 (
1116 2422 1206 2448 Novos
1233 2421 1306 2448 enim
1333 2421 1431 2453 caelos,
1458 2423 1487 2447 et
1509 2427 1606 2446 novam
1631 2424 1742 2450 terram,
1759 2429 1767 2443 ι

984 2468 1059 2503 juxta
1074 2467 1267 2502 promissiones
1289 2467 1391 2501 ipsius,
1414 2476 1423 2491 ‹
1446 2470 1651 2501 exspectamus,
1669 2475 1678 2490 ι
1702 2465 1771 2492 sicut

986 2518 1015 2542 et
1038 2514 1147 2549 sapiens
1172 2513 1274 2541 Christi
1296 2513 1447 2547 discipulus
1464 2512 1532 2539 dixit
1553 2512 1584 2538 “.
1610 2511 1772 2538 lustauravit

986 2565 1077 2588 autem
1092 2560 1173 2587 nobis
1183 2560 1265 2587 etiam
1279 2559 1312 2586 ad
1326 2566 1443 2594 superna
1454 2563 1482 2585 et
1494 2558 1522 2585 in
1539 2558 1622 2584 oculos
1638 2557 1770 2584 reditum:

981 2612 1009 2635 et
1024 2615 1178 2642 pnecursor
1200 2614 1249 2641 pro
1270 2606 1351 2633 nobis
1377 2609 1497 2633 sanctam
1516 2609 1618 2631 terram
1635 2603 1773 2638 ingressus

981 2658 1037 2685 est,
1050 2653 1128 2688 cujus
1145 2657 1302 2680 mansuetos
1324 2651 1448 2679 hmredes
1460 2651 1518 2678 fore
1538 2649 1625 2681 dixit,
1640 2649 1692 2675 hoc
1713 2653 1770 2674 est.

982 2699 1029 2733 qui
1045 2697 1202 2733 evangelica
1222 2696 1366 2732 disciplina
1392 2695 1425 2723 ad
1450 2694 1688 2722 mansuetudinem
1709 2698 1773 2719 sunt

983 2744 1083 2772 edocti.
1097 2742 1237 2778 Siquidem
1255 2743 1298 2770 lex
1315 2742 1425 2770 oculum
1443 2749 1492 2776 pro
1510 2740 1607 2771 oculo,
1623 2743 1650 2766 et
1663 2739 1771 2765 dentem

1578 2840 1589 2855 ⁸
1603 2839 1669 2866 Gell.
1686 2847 1711 2872 γ,
1726 2840 1769 2867 ‘29.

151 2875 162 2892 '
177 2875 314 2908 Galam",
333 2877 376 2904 15.
415 2877 425 2890 ⁸
438 2877 459 2905 ll
471 2878 534 2906 Cor.
546 2887 571 2911 ι’,
588 2879 628 2906 l7.
665 2879 675 2895 ⁸
689 2879 765 2907 Rom.
779 2887 805 2912 γ,
820 2875 873 2906 ιε’
904 2882 924 2896 ¹⁰

990 2882 1052 2917 limi.
1065 2889 1092 2913 ιι,
1107 2881 1132 2907 8.
1165 2880 1182 2894 "
1203 2879 1223 2906 ll
1241 2879 1310 2906 Petr.
1330 2886 1369 2911 ιιι,
1383 2877 1426 2911 13;
1440 2877 1523 2912 Apoc.
1544 2883 1598 2908 ut,
1613 2875 1637 2901 l.
