1990 3046
224 153 258 179 es
737 151 765 179 s.
785 151 922 179 CYRILL!
941 151 1174 179 ALEXANDRlNl
1193 151 1353 180 meumr.
1818 144 1854 170 οι

225 218 274 244 pro
287 209 369 238 dente
381 231 389 242 ,
406 215 433 238 et
447 211 547 238 vulnus
566 218 615 245 pro
636 210 761 243 vulnere,
775 210 860 246 inﬂigi
887 211 1006 245 injuriau

1065 212 1197 246 οὐρανοὺς
1223 212 1412 246 ἀναεροίτησιν·
1433 212 1479 238 καὶ
1502 211 1655 247 πρόδρομος
1676 210 1745 245 ὑπὲρ
1773 211 1853 244 ἡμῶν

226 255 408 283 inferentibus
429 257 518 291 jussit.
540 256 666 283 Christus
688 261 779 283 autent
804 256 903 283 nobis:
923 265 931 280 ι
948 256 1014 282 Per-

224 301 338 328 cutienti
351 305 402 334 te,»
423 302 520 337 inquit,
534 312 542 327 ‹
566 303 592 328 in
611 302 748 329 dexteram
761 302 907 334 maxillam,
923 302 1014 336 praebe

225 347 232 372 i
245 346 262 373 li
276 353 303 374 et
316 348 396 375 aliam
412 348 443 374 ¹¹.
462 358 470 373 ι
485 347 542 375 Noe
559 348 642 382 igitur
657 348 818 375 undecimus
828 352 908 375 natus
920 353 962 375 est
979 349 1014 375 ab

224 392 309 419 Adam
328 393 380 428 35
396 402 444 428 per
461 393 526 421 Seth
541 400 569 421 et
586 394 676 425 Euos,
696 403 705 418 ‹
722 393 769 428 qui
789 393 909 427 speravit
922 395 1013 422 vocari

224 439 335 465 nomine
347 440 394 466 Dei
410 440 451 466 sui
473 440 505 472 η,
526 449 534 465 ι
550 440 584 467 ob
599 445 732 466 summam
750 438 878 472 pietatem
895 439 1011 474 vitaeque

224 485 440 513 sanctimoniam.
458 486 627 513 Describitur
642 488 731 511 autem
746 484 828 511 etiam
854 485 1014 520 genealogia

224 531 331 558 Domini
342 532 429 559 nostri
460 532 523 558 .lesu
539 531 639 558 Christi
652 539 666 558 a
682 531 784 558 sanctis
794 531 970 565 evangelistis
979 531 1014 558 ab

223 577 309 603 Adam
327 577 361 604 ad
375 569 474 611 Joseph
491 583 577 610 usque
588 596 595 607 ,
612 584 661 610 per
671 583 794 607 omnem,
810 580 839 602 ut
852 575 889 602 ita
914 575 1013 608 dicam,

223 626 348 649 sanctum
358 642 365 654 ,
378 621 541 656 genealogia:
558 628 683 648 Sermone
693 620 784 648 ducto.

1065 257 1104 288 sl;
1127 256 1174 291 τὴν
1197 257 1276 290 ἁγίαν
1303 257 1451 292 εἰσέφρησε
1481 257 1548 292 γῆν·
1577 258 1609 292 ἢν
1635 256 1853 291 κληρονομήσειν

1064 301 1167 335 ἔφασκε
1186 302 1249 332 τοὺς
1266 303 1371 336 πραεῖς,
1390 302 1524 333 τουτέστι,
1545 302 1608 333 τοὺς
1632 303 1688 333 τοῖς
1707 302 1853 335 εὐαγγελι-

1065 347 1122 376 κοῖς
1147 345 1304 380 μαθήμασιν
1326 346 1366 377 είς
1393 345 1533 380 πραότητα
1564 345 1851 381 παιδαγωγουμένους.

1065 392 1150 426 Εἴπερ
1165 392 1179 417 ὁ
1200 391 1248 426 μὲν
1269 392 1360 426 νόμος,
1380 392 1520 426 ὀφθαλμὸν
1542 392 1602 418 ἀντὶ
1626 391 1777 426 ὀφθαλμοῦ,
1804 391 1854 418 καὶ

1064 438 1157 464 ὀδόντα
1173 437 1230 464 ἀντὶ
1250 438 1365 470 ὀδόντος,
1379 437 1488 473 τραῦμά
1498 447 1526 464 τε
1544 438 1603 464 ἀντὶ
1614 438 1778 472 τραύματος,
1790 437 1854 463 ἀντ-

1066 483 1216 517 επάγεσοαι
1235 483 1289 509 δεῖν
1319 484 1374 514 τοῖς
1390 482 1526 510 ἀδικοῦσιν
1551 483 1702 511 ἐκέλευσεν.
1724 484 1803 515 Ἡμῖν
1823 482 1854 508 δὲ

1067 528 1261 563 Χριστδς,«Τῴ
1269 528 1375 555 παίοντί
1386 537 1426 561 σε,
1439 529 1561 563 »φησὶνμ
1576 529 1616 560 εἷς
1630 529 1678 564 τὴν
1693 527 1782 559 δεξιὰν
1795 535 1855 553 σια-

1068 574 1144 608 γόνα,
1163 573 1279 608 στρέψον
1301 573 1376 608 αὐτῷ
1396 574 1442 600 καὶ
1461 574 1510 609 τὴν
1537 573 1630 608 ἄλλην.
1646 584 1655 599 ι
1683 573 1743 599 Νῶε
1764 572 1854 598 τοίνυν

1028 636 1029 639 η
1069 621 1179 654 γέγονεν
1199 619 1342 650 ἑνδέκατος
1358 619 1386 652 ἐξ
1408 618 1495 654 ’Λδὰμ
1515 619 1559 646 διά
1575 627 1605 645 τε
1620 619 1672 654 Σὴο
1691 618 1737 644 καὶ
1759 616 1853 647 Ἐνίος,

228 678 236 693 ι
252 668 298 698 ’ος
323 667 436 702 ἣλπισεν
460 666 647 698 ἐπικαλεῖσθαι
674 666 703 692 τὸ
734 665 819 700 ὄνομα
849 665 950 699 Κυρίου
975 664 1020 691 τοῦ
1048 664 1116 691 Θεοῦ
1151 664 1263 696 αὐτοῦ,ι
1282 663 1325 690 διὰ
1358 663 1488 698 πλείστην
1514 663 1641 698 ὁσιότητα
1674 663 1721 689 καὶ
1743 661 1853 696 θεοφιλῆ

225 714 370 740 πολιτείαν.
387 713 587 747 Γενεαλογεῐται
623 712 650 739 δὲ
675 713 722 739 καὶ
739 713 752 738 ὸ
786 711 886 747 Κύριος
908 711 985 747 ἡμῶν
1006 711 1108 746 Ἰησοῦς
1129 711 1142 737 ὁ
1167 711 1283 746 Χριστὸς
1307 710 1381 745 παρὰ
1402 710 1456 737 τῶν
1480 710 1565 744 ἁγίων
1600 709 1799 743 εὑαγγελιστών
1823 708 1854 742 ἐξ

229 759 324 793 Ἀδὰμ,
339 760 386 785 καὶ
405 759 500 794 μέχρις
513 759 594 786 αὐτοῦ
608 758 653 785 τοῦ
672 759 770 793 Ἰωσὴφ
793 758 836 785 διὰ
853 759 963 791 παντὸς,
993 758 1030 789 ὡς
1049 758 1113 790 ἔπος
1136 758 1233 789 εἰπεῖν,
1255 757 1342 790 ἁγίου,
1361 756 1408 783 τοῦ
1423 756 1472 791 τῆς
1491 755 1663 790 γενεαλογίας
1680 755 1792 789 ἥκοντος
1810 754 1854 780 λό-

223 812 282 837 γου.

257 850 282 876 5.
306 849 441 877 Caaterum
453 856 502 884 age
512 869 519 881 ,
529 848 661 877 tlicamus
673 849 925 884 coinquinationem
942 856 1012 882 quo-
1029 851 1049 879 Β

220 896 365 923 dammodo
375 916 382 928 ,
402 896 644 930 confusionemque
658 896 730 922 inter
741 903 769 922 se
787 895 993 930 generationtlm
1003 914 1010 926 ,

220 941 322 973 sancti,
341 941 467 975 inquam,
484 948 546 967 cum
560 948 593 967 eo
607 941 654 974 qui
669 940 731 968 talis
747 948 802 967 non
817 944 858 967 est
868 960 874 972 ,
888 939 941 966 hoc
952 944 1010 970 est,

219 985 333 1020 prol‘ano
348 989 430 1020 atque
447 986 564 1020 impuro.
578 985 812 1018 Quemadmodum
825 986 898 1012 enim
918 985 965 1020 qui
978 992 1012 1012 ex

220 1030 292 1057 liaos
302 1031 356 1058 nati
370 1035 462 1062 erant,
475 1034 656 1065 cognomento
672 1030 710 1058 dii
722 1051 729 1063 ,
746 1031 772 1057 in
788 1030 858 1058 ﬁlias
868 1031 1010 1058 hominum

218 1080 395 1105 exarserunt.
410 1083 465 1110 quo
485 1075 555 1102 facto
570 1075 670 1102 diversi
689 1083 704 1102 a
717 1075 815 1110 seipsis
828 1080 892 1102 sunt
902 1075 991 1103 etl‘ecti
1002 1097 1009 1108 ,

218 1124 245 1146 et
258 1119 291 1145 ad
303 1127 398 1147 earum
412 1128 502 1147 mores
516 1127 548 1147 ac
561 1120 634 1155 leges
647 1121 729 1147 vitam
747 1128 822 1147 suam
838 1120 1011 1149 instituentes

218 1166 370 1193 defectione
387 1166 414 1192 in
436 1166 634 1193 absurdissima
644 1175 758 1201 quaeque
778 1167 937 1194 laborarunt
951 1176 957 1194 :
974 1168 1011 1194 ita

217 1211 298 1239 etiam
323 1211 370 1246 qui
390 1219 423 1238 ex
444 1211 576 1245 sanguine
600 1211 682 1238 lsrael
705 1212 758 1238 orti
787 1216 867 1244 sunt,
887 1212 1010 1247 quandiu

218 1257 279 1284 vita:
297 1257 505 1284 sanctimoniam
525 1261 725 1288 exercuerunt,
749 1262 777 1284 et
800 1258 878 1285 avita:
903 1258 1010 1293 pietatis

216 1303 334 1337 optimos
353 1303 506 1330 imitatores
529 1310 588 1330 sese
609 1303 799 1337 prmbuerunt,
817 1311 925 1330 omnem
947 1304 1010 1338 qui-

215 1347 276 1374 dem
293 1347 554 1382 pravitatismodum
570 1355 621 1374 asc
631 1348 822 1383 proﬂigarunt,
839 1349 1009 1376 etsineeram

215 1394 328 1420 omnino
353 1398 435 1428 atque
454 1393 586 1421 illibatam
616 1395 645 1422 in
673 1394 771 1429 seipsis
796 1394 921 1429 gloriosa:
948 1394 1010 1422 vita:

215 1439 322 1466 laudem
341 1444 548 1466 conservaram.
564 1439 711 1473 Postquam
726 1448 792 1466 Vero
819 1440 941 1467 ﬁnitimis
959 1448 1008 1475 po-

214 1484 285 1518 pulis
307 1488 372 1511 sunt
395 1484 525 1517 immisti,
543 1484 691 1516 damnante
707 1485 734 1512 id
751 1485 822 1520 lege,
846 1486 937 1512 statim
959 1493 1007 1513 ne—

213 1531 315 1564 quitia,
339 1538 400 1564 qua:
413 1531 442 1557 in
466 1530 500 1557 iis
522 1530 670 1566 regnabat,
694 1531 808 1565 repleti,
827 1535 854 1558 et
872 1531 1008 1566 proclives

213 1574 359 1602 almodum
374 1575 407 1602 ad
421 1575 518 1602 vitium
529 1595 536 1606 ,
554 1583 586 1602 ac
598 1575 699 1609 quibus
714 1583 769 1602 non
786 1576 916 1603 extremis
929 1577 1007 1604 malis

213 1620 369 1648 laborantes
387 1625 451 1648 sunt
467 1621 651 1656 deprehensi?
673 1620 755 1656 Atqui
775 1622 829 1648 hoc
847 1622 933 1657 magis
954 1623 1008 1650 mi~

213 1665 328 1692 randum
339 1670 390 1692 est.
403 1666 503 1693 Gentes
514 1666 587 1692 enim
596 1671 735 1693 creaturas
747 1672 843 1694 contra
854 1673 1006 1696 creatorem

212 1719 243 1738 ac
257 1711 388 1737 faetorem
415 1711 553 1743 colentes,
574 1717 602 1739 et
629 1711 655 1738 in
684 1719 807 1739 errorem
830 1713 864 1740 de
891 1713 1005 1742 deorum

212 1757 366 1791 pluralitate
376 1757 468 1791 lapsae,
481 1757 612 1784 honorem
624 1757 795 1785 dtemonibus
804 1758 1004 1786 exhibuernnt:

211 1803 295 1830 Israel
318 1811 384 1830 vero
406 1803 546 1838 primitiva
568 1811 598 1830 ac
615 1809 727 1838 paterna
749 1804 854 1840 origine
875 1809 1004 1838 sanctus,

212 1848 292 1875 nihili
315 1849 395 1883 plane
419 1848 601 1876 defectionem
629 1849 703 1877 fecit.
734 1849 837 1878 idcirco
861 1851 933 1878 Deus
957 1859 1006 1886 per

211 1902 305 1921 vocem
319 1899 440 1922 sanetam
449 1895 483 1922 ad
494 1903 541 1922 eos
550 1896 604 1922 ait:
622 1906 630 1920 ι
641 1896 721 1923 Abite
734 1896 761 1923 in
775 1897 877 1924 insulas
885 1896 1004 1929 Cethim,

210 1944 238 1967 et
256 1940 347 1967 videte
357 1960 364 1972 ,
384 1938 448 1968 etin
458 1940 546 1968 Cedar
558 1941 659 1968 mittite
669 1962 676 1973 ,
694 1946 722 1969 et
737 1942 908 1970 considerate
923 1943 1005 1970 vehe—

211 1991 334 2018 menter,
353 1991 380 2014 et
396 1986 486 2014 videte
506 1986 528 2013 si
545 1986 615 2014 facta
636 1991 698 2014 sunt
718 1987 781 2014 talia
795 1996 801 2014 :
815 1987 837 2014 si
857 1988 1004 2015 mutabunt

210 2037 305 2067 gentes
316 2032 382 2060 deos
396 2040 478 2064 suos,
488 2037 516 2059 et
528 2037 601 2060 certe
614 2032 641 2059 hi
658 2040 711 2059 nou
728 2038 792 2060 sunt
806 2033 854 2060 dii.
871 2033 905 2060 At
918 2042 1004 2068 popu-

210 2078 253 2104 lus
268 2086 346 2105 meus
362 2078 478 2106 mutavit
492 2078 605 2112 gloriam
624 2085 736 2110 eorum,
753 2079 786 2106 de
799 2087 852 2114 qua
863 2087 918 2106 non
938 2088 1002 2114 pro-

210 2123 282 2151 derit
298 2123 347 2150 eis.
366 2122 513 2157 Obstupuit
527 2122 626 2150 malum
641 2131 723 2158 super
740 2123 808 2156 hoc,
822 2128 850 2151 et
866 2124 1003 2152 inhorruit

211 2175 283 2196 terra
299 2174 377 2196 extra
391 2169 517 2201 modum,
531 2169 599 2196 dicit
614 2169 756 2196 Dominus.
774 2169 844 2202 Quia
854 2170 910 2197 duo
930 2171 1000 2198 mala
1017 2187 1037 2213 ι)

209 2214 273 2241 fecit
286 2214 403 2249 populus
415 2222 492 2242 meus
507 2223 513 2241 ε
531 2214 572 2241 Me
587 2214 794 2249 dereliquerunt
804 2215 907 2243 fontem
923 2224 1000 2251 aquae

210 2259 339 2292 viventis,
354 2265 381 2287 et
398 2260 526 2287 foderunt
548 2260 601 2287 sibi
617 2261 692 2288 lacus
713 2262 859 2294 contritos,
875 2263 922 2297 qui
945 2271 1000 2291 non

209 2309 337 2339 poterunt
350 2313 448 2340 aquam
465 2306 605 2334 continere
623 2306 654 2332 “.
673 2316 682 2332 ›
701 2306 735 2334 Et
753 2315 863 2335 rursum
880 2317 886 2335 :
905 2318 913 2334 ι
932 2309 1001 2342 Quia

206 2352 282 2384 juxta
300 2359 446 2378 numerum
457 2351 566 2378 urbium
583 2356 691 2378 tuarum
701 2357 780 2380 erant
789 2353 828 2380 dii
843 2353 893 2386 tui,
913 2354 998 2387 Juda,

207 2401 234 2422 et
253 2397 404 2424 secundum
428 2405 572 2424 numerum
595 2396 701 2424 viarum
720 2398 871 2426 Jerusalem
894 2400 984 2427 sacriﬂ

207 2447 339 2470 ravernnt
352 2443 414 2470 Daal
434 2451 505 2470 :cur
526 2444 671 2478 loquimini
691 2444 726 2471 ad
752 2445 812 2471 me?
833 2444 934 2473 Omnes
950 2454 999 2473 vos

207 2487 375 2522 deliquistis,
391 2489 446 2523 36
461 2494 490 2516 et
501 2497 596 2517 omnes
608 2498 655 2517 vos
667 2490 751 2525 impie
766 2491 859 2526 egistis
868 2491 999 2520 adversus

207 2541 259 2565 me,
280 2533 346 2560 dicit
360 2534 490 2562 Dominus
505 2535 536 2562 “‘.
554 2545 562 2561 ι
576 2535 606 2563 In
620 2539 724 2563 tantam
744 2537 818 2564 enim
834 2537 997 2572 pravitatem

205 2579 415 2614 cogitationum,
427 2588 459 2607 ac
471 2581 562 2615 potius
584 2589 699 2616 operum
711 2582 780 2616 lapsi
796 2587 874 2615 sunt,
891 2587 923 2610 ut
933 2591 995 2610 cum

206 2624 367 2652 mulieribus
394 2626 467 2661 vagis
490 2628 699 2662 errantibusque
723 2628 813 2656 adhuc
834 2629 995 2657 commisce-

205 2674 311 2698 rentur.
340 2671 408 2698 Cum
428 2680 493 2700 vero
504 2673 688 2707 peperissent,
705 2682 817 2702 necesse
839 2675 919 2709 plane
935 2679 995 2702 erat

203 2715 274 2743 fetus
293 2716 470 2745 Judaicorum
494 2719 596 2746 rituum
615 2719 711 2747 notitia
724 2720 863 2755 insigniri,
883 2725 911 2747 et
937 2721 993 2748 cir—

203 2761 398 2789 cumeisionem
411 2768 504 2790 octava
515 2764 559 2791 die
570 2785 576 2796 ,
595 2765 785 2800 sacrilieiaque
801 2766 833 2793 ad
850 2766 920 2793 hanc
935 2774 993 2793 rem

236 2851 255 2866 "
273 2851 365 2880 Matth.
380 2863 406 2887 γ,
429 2853 471 2887 59;
489 2854 553 2882 Luc.
569 2863 603 2887 γι,
618 2855 661 2882 9.9.
702 2856 722 2870 ”
738 2855 806 2882 Gen.
827 2864 861 2887 l\',
878 2856 922 2882 ‘26.

964 2857 984 2871 “
996 2856 1086 2884 Jcrem
1111 2865 1136 2887 ιι,
1157 2857 1245 2883 10-13.

1098 850 1128 873 ε’.
1151 846 1231 872 Ἀλλὰ
1250 846 1315 881 φέρε
1329 866 1337 878 ,
1363 845 1487 880 λέγωμεν
1510 845 1555 871 τὸν
1579 845 1660 871 οἱονεὶ
1683 845 1790 879 φυρμὸν
1806 845 1854 871 καὶ

1063 893 1112 927 τὴν
1127 893 1166 923 είς
1179 891 1281 926 ἄλληλα
1297 891 1445 926 γενομένην
1460 891 1590 925 ἀνάχυσιν
1607 890 1661 916 τῶν
1677 890 1789 924 γενεῶν,
1803 889 1852 916 τοῦ

1063 946 1092 964 τε
1113 937 1190 970 ἁγίου
1213 937 1299 971 φημὶ,
1318 936 1365 963 καὶ
1381 936 1427 962 τοῦ
1446 936 1483 971 μὴ
1508 936 1622 967 τοιοῦδε,
1641 935 1766 962 τουτέστι
1781 957 1787 967 ,
1803 935 1852 962 τοῦ

1063 982 1176 1017 βεϐήλου
1197 983 1243 1009 καὶ
1259 982 1464 1017 μυσαρωτάτου.
1481 982 1585 1016 Ὄνπερ
1603 981 1657 1016 γὰρ
1669 981 1769 1016 τρόπον
1782 982 1806 1007 οἱ
1821 981 1852 1014 ἐξ

1069 1027 1150 1059 Ἐνὼς
1165 1028 1307 1062 γεγονότες
1323 1026 1370 1054 τοῦ
1385 1027 1499 1062 ἐπίκλην
1514 1026 1593 1058 Θεοῦ,
1608 1028 1666 1058 ταῖς
1678 1027 1733 1052 τῶν
1744 1025 1851 1061 ἀνθρώ-

1062 1082 1120 1100 πων
1135 1073 1315 1108 ὲπεμαίνοντο
1327 1073 1501 1108 θυγατράσιν,
1515 1070 1545 1100 οὗ
1560 1072 1702 1106 γεγονότος
1710 1072 1852 1107 ἑτερότρο-

1062 1119 1107 1146 ποί
1118 1127 1147 1145 τε
1161 1117 1229 1154 ἦσαν
1244 1118 1334 1150 εὐθὺς,
1348 1118 1395 1145 καὶ
1410 1120 1466 1150 τοῖς
1481 1119 1592 1145 ἐκείνων
1609 1118 1687 1153 ἦθεσι
1701 1126 1730 1144 τε
1749 1118 1796 1144 καὶ
1807 1118 1850 1144 νό-

1063 1174 1122 1200 μοις
1137 1165 1255 1191 διαῧιοῦν
1272 1164 1413 1199 ᾑρημένοι,
1428 1165 1478 1200 τὴν
1490 1165 1530 1196 είς
1547 1165 1600 1191 πᾶν
1613 1163 1701 1190 ὁτιοῦν
1710 1163 1764 1190 τῶν
1775 1163 1852 1190 ἐκτό-

1062 1219 1119 1237 πων
1132 1210 1342 1246 κατηῤῥώστουν
1358 1209 1516 1245 ἁποφθοράν
1528 1219 1535 1226 ·
1550 1209 1637 1242 οὕτως
1658 1210 1706 1236 καὶ
1722 1211 1746 1236 οἱ
1760 1209 1791 1242 ἐξ
1807 1209 1851 1236 αἰ-

1063 1265 1146 1292 ματος
1163 1256 1209 1283 τοῦ
1234 1256 1357 1292 Ἰσραὴλ,
1377 1256 1428 1287 ἕως
1443 1256 1492 1291 μὲν
1508 1254 1577 1292 ἦσαν
1597 1255 1783 1290 ἁγιοπρεποῦς
1800 1263 1850 1282 πο-

1060 1303 1159 1335 λιτείας
1181 1303 1306 1339 ἐργάται,
1322 1303 1369 1330 καὶ
1389 1303 1555 1338 προγονικῆς
1580 1303 1720 1334 εὐσεόείας
1742 1302 1850 1337 ἄριστοι

1062 1350 1188 1384 μιμηταὶ,
1208 1349 1297 1376 πάντα
1314 1349 1363 1384 μὲν
1381 1347 1585 1380 ἀπεσπούδαζον
1606 1348 1773 1382 φαυλότητος
1788 1347 1850 1382 τρό-

1060 1404 1119 1426 πον,
1138 1395 1333 1430 ἀπαραποίητά
1350 1404 1379 1421 τε
1406 1394 1546 1427 παντελῶς
1563 1395 1600 1426 ὡς
1615 1395 1643 1421 ἓν
1661 1403 1692 1428 γε
1705 1395 1737 1430 δή
1757 1402 1850 1428 σφισιν

1059 1442 1159 1472 αὐτοῖς.
1175 1442 1223 1476 τῆς
1239 1440 1366 1472 εὐκλεοῦς
1381 1441 1517 1472 πολιτείας
1531 1443 1699 1476 τετηρήκασι
1713 1440 1747 1466 τὰ
1764 1439 1850 1474 αὐχή-

1061 1496 1143 1522 ματα.
1166 1487 1273 1522 Ἐπειδὴ
1290 1487 1318 1513 δὲ
1340 1489 1394 1517 τοῖς
1413 1487 1524 1521 ὁμόροις
1539 1486 1643 1513 ἔθνεσιν
1660 1486 1845 1516 ὲνεπλέκοντο,

1060 1532 1147 1559 καίτοι
1169 1531 1376 1566 διαϐεϐληκότος
1396 1530 1427 1557 τδ
1444 1531 1538 1566 χρῆμα
1557 1531 1603 1557 τοῦ
1620 1531 1702 1566 νόμου
1727 1531 1846 1565 ἀναπιμι

1060 1577 1192 1612 πλάμενοι
1207 1577 1375 1612 παραχρῆμα
1390 1577 1439 1611 τῆς
1457 1576 1569 1609 ἐνούσης
1582 1575 1672 1607 αὐτοῖς
1693 1575 1845 1610 βδελυρίας,

1058 1623 1232 1658 εὐπάροιπτοί
1241 1632 1270 1650 τε
1285 1623 1331 1649 καὶ
1343 1623 1457 1657 ἐλαφροὶ
1470 1623 1540 1653 λίαν,
1557 1622 1604 1648 καὶ
1617 1622 1643 1648 τί
1655 1623 1708 1656 γὰρ
1722 1621 1781 1655 οὐχὶ
1791 1621 1848 1648 τῶν

1057 1669 1187 1696 ἀνωτάτω
1202 1669 1294 1696 κακῶν
1310 1668 1449 1700 νοσοῦντες
1470 1667 1628 1703 ﬁlium-.0;
1650 1667 1704 1693 Καὶ
1717 1667 1780 1700 τόγε
1794 1675 1846 1693 πα-

1057 1715 1241 1750 ραδοξότερον.
1258 1714 1297 1740 Τὰ
1315 1714 1364 1748 μὲν
1376 1713 1429 1749 γὰρ
1441 1714 1507 1748 ἔθνη
1521 1714 1553 1748 τῇ
1567 1712 1653 1739 κτίσει
1664 1712 1751 1738 καίτοι
1767 1712 1846 1738 λελα-

1055 1761 1189 1794 τρευκότα
1212 1760 1286 1794 παρὰ
1309 1760 1354 1786 τὸν
1372 1759 1496 1794 κτίστην,
1522 1759 1569 1785 καὶ
1589 1759 1714 1793 ποιητὴν,
1735 1758 1783 1784 καὶ
1805 1758 1846 1788 είς

1056 1804 1304 1839 πολύϐεον-πλὰνην
1320 1804 1518 1831 ἁπονενευκότα
1534 1805 1566 1838 τῇ
1591 1804 1659 1838 πρὸς
1677 1802 1757 1829 τοῦτο
1775 1811 1841 1837 γνη-

1057 1850 1175 1885 σιότητι,
1191 1850 1239 1880 τὰς
1263 1850 1316 1876 τιῖιν
1339 1849 1472 1884 δαιμόνων
1495 1849 1596 1883 ἀγέλας
1619 1849 1731 1883 ἐτίμων.
1765 1849 1793 1874 '0
1815 1847 1844 1874 δι

1054 1895 1156 1922 ἄνωθέν
1170 1903 1199 1921 τε
1215 1895 1260 1922 καὶ
1279 1895 1310 1921 ὲκ
1333 1895 1458 1930 πατέρων
1476 1895 1551 1928 ἅγιος
1574 1894 1679 1930 Ἰσραὴλ
1691 1914 1698 1925 ,
1714 1895 1743 1920 ἐν
1758 1894 1842 1928 ὀλίγῳ

1055 1940 1194 1972 παντελῶς
1211 1941 1329 1967 ἐποιεῖτο
1350 1936 1422 1975 λόγῳ
1444 1940 1494 1975 τὴν
1518 1940 1678 1967 ἀπόστασιν.
1697 1941 1842 1974 Τοιγάρτοι

1054 1986 1119 2018 Θεὸς
1129 1986 1173 2012 διὰ
1186 1986 1277 2021 φωνῆς
1287 1986 1366 2019 ἁγίας
1375 1985 1441 2020 φησὶ
1455 1986 1520 2020 πρὸς
1533 1985 1631 2017 αὐτούς
1643 1993 1648 2000 ·
1664 1995 1673 2010 ι
1695 1985 1841 2011 Ἀπέλθετε

1053 2033 1092 2063 εἰς
1109 2034 1206 2067 νήσους
1221 2032 1344 2066 Χετιεὶμ,
1362 2031 1408 2058 καὶ
1429 2031 1497 2058 ἴδετε
1511 2051 1519 2064 ,
1541 2032 1589 2058 καὶ
1605 2033 1644 2063 είς
1660 2031 1756 2066 Κηδὰρ
1772 2033 1840 2058 ἁπο-

1055 2077 1175 2104 στείλατε
1188 2099 1196 2110 ,
1218 2078 1264 2104 καὶ
1278 2078 1394 2112 νοήσατε
1412 2078 1515 2113 σφόδρα
1527 2098 1534 2111 ,
1558 2078 1605 2104 καὶ
1619 2078 1688 2104 ἴδετε
1707 2079 1732 2104 εἱ
1745 2077 1841 2110 γέγονε

1053 2124 1174 2156 τοιαῦτα,
1195 2125 1219 2150 εί
1233 2124 1391 2156 ἀλλὰξονται
1406 2123 1469 2158 ἕθνη
1490 2123 1567 2155 θεοὺς
1585 2123 1674 2150 αὐτῶν
1685 2145 1692 2157 ,
1708 2124 1756 2150 καὶ
1767 2119 1840 2150 οὗτοι

1054 2171 1102 2196 οὐκ
1117 2170 1168 2195 εἰσι
1188 2168 1253 2196 Θεοί.
1263 2171 1291 2195 ’0
1305 2169 1333 2196 δὲ
1344 2169 1407 2200 λαός
1422 2178 1472 2204 μου
1487 2169 1619 2203 ἠλλάξατο
1636 2170 1686 2204 τὴν
1698 2170 1775 2202 δόξαν
1788 2171 1838 2197 αὺ-

1050 2215 1114 2247 τῶν,
1135 2214 1162 2246 ἐξ
1177 2212 1211 2249 ἦς
1230 2215 1279 2240 οὐκ
1300 2215 1532 2249 ὠφεληθήσονται.
1563 2214 1674 2250 Ἑξέστη
1695 2216 1709 2242 ό
1724 2216 1838 2250 οὐρανὸς

1049 2261 1094 2286 ἐπὶ
1111 2260 1206 2295 τούτῳ,
1222 2261 1268 2287 καὶ
1286 2260 1394 2295 ἔφριξεν
1411 2261 1427 2296 ἡ
1441 2260 1477 2295 γῆ
1492 2260 1539 2286 ἐπὶ
1555 2260 1646 2287 πλεῖον
1666 2261 1779 2295 σφόδρα,
1796 2261 1839 2287 λέ-

1048 2315 1091 2341 γει
1104 2307 1218 2341 Κύριος·
1232 2307 1272 2333 ὅτι
1285 2306 1333 2333 δύο
1347 2307 1392 2333 καὶ
1407 2307 1514 2342 πονηρὰ
1525 2307 1652 2342 εποίησεν
1664 2309 1678 2334 ὁ
1690 2308 1754 2338 λαός
1769 2317 1820 2342 μου
1830 2316 1836 2323 ·

1049 2352 1098 2387 ἐμὲ
1116 2352 1295 2385 ἐγκατέλιπον
1311 2353 1401 2388 πηγὴν
1417 2352 1512 2385 ὓδατος
1528 2353 1632 2385 ζῶντος
1644 2374 1652 2386 ,
1668 2354 1715 2380 καὶ
1730 2353 1837 2388 ὤρυξαν

1050 2398 1153 2429 ἑαυτοῖς
1171 2398 1289 2429 λάκκους
1306 2399 1571 2434 συντετριμμένους,
1586 2398 1610 2424 οἳ
1632 2400 1662 2425 οὺ
1677 2399 1837 2434 δυνήσονται

1047 2443 1119 2478 ὕδωρ
1131 2443 1261 2478 συνέχειν.
1272 2445 1325 2470 Καὶ
1333 2445 1413 2471 πάλιν
1422 2453 1428 2460 ·
1452 2446 1512 2472 Ὅτι
1530 2444 1602 2471 κατὰ
1611 2445 1673 2480 ἀριθ
1679 2444 1726 2480 μδν
1735 2446 1837 2472 πόλεών

1047 2499 1104 2521 σου,
1119 2489 1188 2525 ἦσαν
1204 2490 1260 2516 θεοί
1275 2499 1332 2522 σου,
1351 2491 1445 2523 Ἰούδα,
1465 2492 1511 2518 καὶ
1524 2491 1595 2518 κατὰ
1610 2491 1727 2526 ἀριθμὸν
1742 2491 1834 2518 διόδων

1045 2536 1095 2571 τῆς
1115 2535 1302 2572 Ἰερουσαλὴμ,
1318 2537 1394 2563 ἔθυον
1407 2539 1438 2572 τῇ
1454 2537 1537 2564 Βάαλ’
1555 2538 1597 2564 ἵνα
1614 2537 1640 2563 τί.
1650 2537 1755 2564 λαλεῖτε
1768 2538 1834 2572 πρός

1046 2590 1080 2615 με
1092 2590 1099 2613 ;
1115 2583 1219 2614 Πάντες
1231 2583 1310 2616 ὑμεῖς
1323 2583 1490 2618 ἡνομήσατε,
1502 2583 1549 2610 καὶ
1564 2584 1664 2615 πάντες
1680 2583 1758 2618 ὑμεῖς
1770 2584 1831 2618 ἠσε-

1049 2628 1150 2662 ὕήσατε
1167 2629 1207 2660 εἰς
1221 2628 1270 2663 ἐμὲ
1281 2648 1288 2660 ,
1304 2628 1377 2662 λέγει
1392 2628 1501 2664 Κύριος.
1523 2638 1531 2654 ι
1555 2628 1716 2664 Κατῲχοντο
1730 2629 1783 2663 γὰρ
1793 2629 1833 2661 είς

1049 2673 1128 2700 τοῦτο
1143 2675 1302 2710 σκαιότητος
1317 2674 1469 2709 λογισμῶν,
1487 2674 1585 2709 μᾶλλον
1601 2675 1630 2701 δὲ
1643 2675 1691 2701 καὶ
1706 2675 1833 2710 ἐγχειρη-

1049 2721 1151 2754 μάτων,
1172 2721 1209 2752 ὡς
1225 2720 1344 2754 γυναίοις
1364 2720 1413 2755 μὲν
1433 2720 1626 2755 ἐπιμίσγεσθαι
1647 2721 1832 2756 πλανωμένοις

1046 2766 1095 2792 έτι.
1120 2767 1227 2802 Ἐπειδὴ
1245 2767 1272 2793 δὲ
1288 2766 1402 2798 ἔτικτον,
1417 2765 1504 2793 καίτοι
1524 2766 1582 2793 δέον
1599 2766 1680 2798 εὐθὺς
1694 2767 1744 2802 τῆς
1768 2767 1830 2792 Ἰουα

1284 2858 1303 2872 ’⁸
1323 2856 1402 2889 Ibid,
1417 2855 1462 2888 28,
1475 2856 1520 2883 29.
