1990 3046
214 115 250 142 67
732 111 760 139 S.
777 110 915 139 CYRlLLl
934 109 1170 137 ALEXANDRINI
1191 108 1349 136 ARCHIEP.
1812 105 1846 134 68

216 172 311 199 decem
332 168 462 202 denariis,
479 177 587 196 rursum
603 168 638 196 ad
655 167 789 195 unitatem
807 166 1005 194 revolutionem

1058 165 1192 197 τουτέστι,
1209 166 1223 191 6
1237 165 1336 192 ἑκατὸν
1353 166 1385 192 ἑκ
1403 165 1522 192 δεκάδων
1539 166 1620 193 δέκα⁸
1632 159 1679 192 κάι
1692 163 1846 199 ἀνακύκλη-

217 217 331 244 habens.
346 215 424 249 Quod
444 215 527 250 igitur
543 214 618 246 dixi,
638 213 666 240 in
685 213 771 240 sacris
790 211 905 239 Litteris
917 209 1007 245 perfe-

217 262 315 289 ctionis
330 261 483 297 symbolum
496 264 547 292 est,
562 259 653 287 omnis
664 266 796 286 numerus
808 258 835 284 in
846 261 928 292 caput
938 264 1008 291 quo-

217 307 363 336 dammodo
380 307 499 338 rediens,
517 310 661 341 postquam
681 305 715 333 ad
732 303 941 332 convenientem
957 301 1007 336 ipsi

215 361 244 383 et
254 354 418 390 prteﬁnitum
430 353 576 390 terminum
587 351 753 387 pervenerit.
769 349 834 377 Vide
845 349 936 384 itaque
947 356 1007 375 san-

217 406 266 428 ctae
283 401 424 428 Trinitatis
445 399 629 427 omnimodam
651 396 857 433 perfectionem.
875 394 959 422 veluti
980 395 1007 422 in

217 447 306 475 tribus
327 447 483 474 cubitorum
499 444 632 472 centuriis
652 442 842 478 signiﬁcatam.
858 441 920 468 Hatc
933 441 1005 468 enim

215 499 258 521 cst
278 501 348 521 arere
366 492 518 527 longitudo.
539 490 616 524 Quod
631 497 696 516 vero
713 488 758 520 sit,
776 493 807 515 ut
822 488 858 514 ita
873 487 1006 519 dicamus,

217 540 349 575 perfectio
360 539 558 574 perfectionum
569 536 661 564 Deitas
671 536 698 562 in
713 535 828 566 unitate,
841 535 962 562 declarat
971 535 1010 562 la-

218 587 315 618 titudo,
333 584 529 620 quinquaginta
540 582 640 610 cubitis
659 586 797 614 constans,
814 582 867 608 hoc
884 586 935 613 est,
949 581 1007 608 vel-

219 633 260 659 uti
286 632 312 659 in
327 635 431 666 septem
442 627 604 663 septenariis
617 627 744 662 adjuncta
761 627 828 662 ipsis
843 626 925 653 etiam
945 626 1007 653 uni-

216 683 288 710 tate;
308 677 370 704 ideo
384 675 457 710 quod
476 682 529 701 una
551 674 587 701 sit
605 673 719 701 Deitatis
739 677 847 700 natura.
869 672 929 707 Ipsa
942 679 1008 699 vero

215 724 298 751 etiam
310 721 435 753 altitudo,
447 729 501 748 non
512 720 597 747 alium
612 720 693 747 nobis
712 726 793 754 quam
813 719 886 746 hunc
897 725 1007 746 sensum

215 769 310 804 gignit.
323 767 497 795 Tcrminatur
508 766 582 794 enim
594 766 622 792 in
636 765 743 792 tertiam
757 764 913 792 cubitorum
927 764 1006 792 deca-

215 816 288 843 dem.
301 815 329 842 ln
345 821 430 841 unum
450 820 514 840 vero
527 820 623 840 rursus
642 819 778 839 summum
793 811 903 838 desinit.
918 820 927 835 ι
944 810 1006 837 Tri-

1059 219 1101 236 σιν
1114 209 1183 245 ἔχων
1195 210 1242 236 καὶ
1255 210 1409 246 ἀναδρομὴν
1420 210 1469 245 τὴν
1484 211 1524 242 είς
1537 210 1638 245 μονάδα
1653 210 1743 241 πάλιν.
1758 210 1850 244 ’Ὅπερ

1058 254 1105 282 οὖν
1131 255 1210 292 ἔφην.
1230 256 1399 292 τελειότητος
1422 256 1556 292 σύμὸολον
1573 257 1649 292 παρὰ
1672 265 1703 290 γε
1726 257 1758 291 τῇ
1787 255 1850 290 θείᾳ

1059 301 1171 337 Γραφῇ,
1188 301 1243 332 πᾶς
1258 301 1374 337 ἀριθμὸς
1392 302 1487 328 ἀνόπιν
1506 302 1601 338 ὥσπερ
1616 302 1663 329 ίὼν
1677 302 1746 338 μετὰ
1762 301 1792 328 τὸ
1808 302 1851 332 είς

1061 346 1147 381 πέρας
1156 347 1235 381 ἥκειν
1249 346 1280 373 τὸ
1293 347 1366 382 αὑτῷ
1381 347 1484 384 πρέπον
1498 357 1527 375 τε
1543 348 1589 375 καὶ
1601 348 1761 384 ὡρισμένον.
1777 348 1850 382 "097.

1059 392 1147 419 τοίνυν
1162 392 1212 427 τῆς
1225 392 1304 426 ἁγίας
1319 393 1434 429 Τριάδος
1457 394 1487 420 τὸ
1505 394 1661 420 παντέλειον
1676 393 1713 425 ὡς
1730 395 1757 419 ἐν
1774 392 1851 428 τρισὶ

1060 439 1169 474 πήχεων
1192 439 1362 466 ἐκατοντάσι.
1386 439 1472 466 Τοῦτο
1493 439 1549 476 γὰρ
1566 440 1655 475 μῆκος
1674 441 1706 475 τῇ
1727 439 1847 473 κιϐωτῷ.

1060 485 1120 511 Ὅτι
1138 484 1167 510 δέ
1179 485 1247 516 ἐστι,
1259 484 1292 511 ἵν’
1305 483 1392 516 οὕτως
1406 485 1538 520 εἴπωμεν,
1559 485 1694 519 τελειότης
1711 485 1848 518 τελειοτήη

1058 539 1112 557 των
1127 532 1143 566 ἡ
1155 531 1192 562 ὡς
1202 532 1230 558 ἐν
1246 531 1338 566 μονάδι
1348 531 1459 565 Θεότης.
1471 531 1658 567 ὑπεμφήνειεν
1670 532 1703 557 ἂν
1716 531 1746 557 τὸ
1758 528 1849 565 εὖρος.

1059 575 1088 603 εὖ
1115 577 1186 612 μάλα
1205 577 1251 602 ὲπὶ
1264 577 1362 611 πήχεις
1386 577 1423 603 ἰὸν
1440 578 1626 612 πεντήκοντα·
1642 577 1790 608 τουτέστιν,
1810 577 1850 607 ὡς

1059 624 1088 649 ἐν
1103 623 1248 657 ἑϐδομάσιν
1271 623 1341 649 ἑπτὰ
1356 623 1610 658 προσενηνεγμένης
1625 624 1721 654 αὑταῖς
1736 623 1784 649 καὶ
1800 631 1850 657 μο-

1058 670 1145 700 νάδος,
1158 670 1202 696 διὰ
1215 669 1244 696 τὸ
1257 669 1322 704 μίαν
1337 667 1406 695 εἶναι
1419 669 1551 703 Θεότητος
1564 669 1655 703 φύσιν,
1672 669 1726 695 Καὶ
1740 669 1805 695 αὐτὸ
1822 669 1849 694 δὲ

1058 715 1088 740 τὸ
1102 714 1179 749 ὕψος,
1191 715 1240 750 οὐχ
1251 715 1347 750 ἑτέραν
1357 715 1423 749 ἡμῖν
1434 714 1450 750 ἢ
1463 715 1566 750 ταύτην
1577 715 1665 742 ὼδίνει
1676 715 1724 751 τὴν
1733 715 1847 742 ἔννοιαν.

1066 762 1290 796 ’Δτιοπεραίνεται
1307 762 1356 796 μὲν
1369 762 1423 797 γὰρ
1438 763 1478 793 εἰς
1496 762 1606 797 πήχεων
1622 761 1720 788 δεκάδα
1737 761 1846 797 τρίτην·

1059 809 1098 839 εἰς
1112 809 1159 834 ἕνα
1175 808 1203 834 δὲ
1217 807 1249 843 δὴ
1265 808 1310 834 τὸν
1331 808 1529 844 ὑπερκείμενον
1542 815 1572 834 τε
1592 807 1638 833 καὶ
1652 807 1782 834 ἀνωτάτω
1797 815 1850 834 κα-

215 862 289 897 ginta
310 860 394 892 enim,
416 869 425 885 ι
443 859 541 894 inquit,
561 868 569 883 ι
586 857 742 885 cubitorum
764 856 880 884 altitudo
894 856 979 890 ipsius
999 865 1006 883 :

1058 854 1170 887 ταλήγει
1191 854 1282 880 πάλιν.
1301 863 1310 879 ‹
1327 854 1480 888 Τριάκοντα
1493 853 1563 888 γὰρ,
1585 862 1595 878 ι
1610 854 1687 888 φησι,
1709 863 1718 878 ι
1737 854 1848 888 πήχεων

214 911 244 935 et
259 908 287 934 in
302 912 388 933 unum
406 904 530 932 cubitum
544 903 747 931 consummabis
764 909 825 929 eam
842 903 875 927 ²¹.
890 911 899 927 ι
913 901 1006 936 Siqui-

215 953 278 980 dem
289 956 382 980 sancta
393 951 514 978 Trinitas
526 950 553 976 in
566 954 621 977 tres
633 949 802 985 liypostascs,
815 956 865 975 nec
877 955 930 975 non
944 955 1008 983 pro-

216 1000 338 1034 priarum
353 1004 531 1033 personarum
551 996 720 1023 dill‘erentias
735 995 858 1026 dilatata,
877 994 905 1021 in
925 1002 1006 1021 unam

216 1045 329 1072 Deitatis
346 1047 472 1070 naturam
487 1042 670 1070 contrahitur.
686 1041 788 1069 Gentes
799 1041 872 1068 enim
891 1041 1006 1068 deorum

215 1087 371 1122 pluralitate
388 1086 517 1122 gaudent.
534 1085 588 1114 Nos
601 1089 693 1113 autem
714 1085 832 1117 Patrem,
850 1089 878 1113 et
896 1085 1005 1116 Filium,

214 1137 242 1159 et
257 1131 389 1167 Spiritum
410 1136 535 1158 sanctum
552 1130 580 1158 in
603 1130 722 1165 propriis
742 1137 836 1157 revera
853 1129 1007 1165 hypostasi-

216 1181 268 1207 bus
280 1179 489 1210 constituentes,
505 1178 610 1205 unitate
631 1181 735 1205 natura:
750 1184 848 1204 ornare
864 1177 982 1205 solemus
998 1184 1006 1209 ;

215 1230 243 1253 et
261 1225 419 1252 substantiae
433 1223 576 1251 identitate
592 1227 697 1250 tantum
719 1230 775 1249 non
796 1222 877 1250 simul
897 1226 988 1249 erecta
999 1241 1006 1253 ,

215 1270 243 1296 in
261 1278 345 1297 unum
366 1269 490 1297 cubitum
506 1268 614 1303 longam
630 1271 658 1295 et
673 1267 767 1299 latam,
784 1274 835 1294 nec
850 1274 906 1294 non
925 1266 1007 1293 altam

214 1323 306 1343 aream
324 1322 557 1342 consummamus.
573 1313 665 1340 Salvat
681 1313 772 1348 itaque
786 1320 836 1340 nos
848 1320 896 1348 per
907 1312 962 1347 38
975 1311 1007 1339 ﬁ-

215 1359 277 1386 dem
290 1359 427 1390 Christus,
443 1363 471 1386 et
483 1358 568 1385 veluti
583 1358 610 1384 in
630 1363 721 1385 arcam
742 1358 771 1384 in
788 1357 938 1384 Eeclesiam
958 1365 1008 1384 nos

216 1404 332 1437 inducit,
345 1405 371 1431 in
390 1412 444 1439 qua
458 1403 599 1431 constituti
621 1403 718 1430 mortis
732 1408 835 1430 metum
849 1402 1007 1435 evademus,

214 1450 304 1477 securi
319 1458 353 1477 ne
368 1457 430 1477 cum
454 1449 557 1476 mundo
577 1449 802 1476 condemnemur.
824 1448 921 1476 Aderit
933 1449 1007 1476 cnim

215 1495 296 1522 nobis
308 1495 399 1530 justus
413 1494 480 1526 Noe,
496 1493 549 1520 hoc
563 1497 605 1520 est
615 1492 752 1520 Christus.

1058 899 1087 926 τὸ
1107 898 1173 934 ὕψος
1190 900 1290 934 αὐτῆς·
1310 900 1357 926 καὶ
1381 901 1421 932 είς
1437 900 1484 926 ἕνα
1506 900 1595 935 πῆχυν
1612 898 1781 930 συντελέσεις
1796 899 1848 924 αὺ-

1057 946 1115 981 τήν.
1153 955 1162 971 ι
1193 945 1367 981 Εὐρυνομένη
1387 946 1441 980 γὰρ
1455 946 1550 981 ὥσπερ
1571 945 1611 976 είς
1627 946 1702 980 τρεῖς
1727 945 1848 971 ὑποστά-

1058 999 1125 1017 σεων
1138 991 1183 1017 καὶ
1196 991 1248 1026 μὴν
1262 991 1309 1017 καὶ
1326 991 1478 1026 προσώπων
1496 991 1587 1017 ἰδικῶν
1600 991 1731 1026 διαφορὰς
1745 991 1762 1026 ή
1781 990 1847 1024 ἁγία

1057 1037 1155 1071 Τριὰς,
1171 1038 1210 1068 είς
1231 1037 1295 1071 μίαν
1311 1036 1444 1072 Θεότητος
1462 1037 1543 1063 οίονε¹ι
1558 1036 1729 1062 συστέλλεται
1753 1035 1846 1070 φύσιν.

1057 1081 1188 1116 Ἕλληνες
1204 1082 1252 1117 μὲν
1268 1082 1322 1117 γὰρ
1338 1081 1388 1117 τὴν
1403 1083 1443 1113 είς
1461 1082 1592 1108 πολύθεον
1608 1082 1742 1116 πλάνησιν
1758 1081 1847 1116 τιμῶ-

1058 1137 1099 1155 σιν
1111 1128 1181 1155 ὀδόν.
1206 1129 1301 1163 Ἡμεῖς
1323 1128 1352 1155 δὲ
1370 1129 1496 1164 Πατέρα,
1520 1129 1566 1155 καὶ
1584 1128 1637 1164 μὴν
1652 1129 1698 1155 καὶ
1719 1128 1781 1155 Υἱὸν
1799 1129 1848 1154 καὶ

1058 1175 1134 1208 ἅγιον
1151 1173 1262 1210 Πνεῦμα
1278 1174 1519 1209 καταλογιζόμενοι
1531 1183 1561 1201 τε
1584 1175 1630 1201 καὶ
1648 1174 1769 1205 τιθέντες
1780 1173 1846 1208 ἀλη-

1058 1220 1111 1252 θῶς
1128 1221 1157 1247 ὲν
1174 1220 1355 1247 ὑτοοστάσεσιν
1379 1220 1485 1253 ὶδικαίς1
1501 1220 1608 1256 ὲνότητι
1624 1219 1730 1255 φύσεως
1746 1227 1846 1254 στεφα-

1058 1266 1119 1292 νοῦν
1135 1265 1286 1301 εἰθίσμεθα.
1299 1267 1353 1293 Καὶ
1363 1268 1396 1301 τῇ
1411 1267 1460 1301 τῆς
1471 1266 1564 1298 οὐσίας
1574 1266 1718 1301 ταυτότητι
1730 1266 1846 1300 συνεγεί-

1059 1319 1152 1346 ροντες
1170 1312 1311 1347 μονονουχὶ
1326 1312 1373 1338 καὶ
1387 1312 1427 1343 είς
1441 1312 1489 1338 ἕνα
1503 1312 1593 1347 πῆχυν
1609 1312 1659 1347 τὴν
1676 1311 1785 1347 μακρὰν
1801 1311 1848 1338 καὶ

1059 1356 1178 1391 εὐρεῖαν,
1193 1357 1240 1383 καὶ
1253 1357 1302 1392 μέν
1317 1365 1358 1384 τοι
1373 1357 1420 1384 καὶ
1436 1357 1551 1392 ὑψηλὴν,
1569 1357 1751 1392 συντελοῦμεν
1764 1356 1848 1384 κιϐω-

1058 1402 1114 1428 τόν.
1131 1402 1278 1434 Ἀνασώζει
1302 1404 1445 1439 τοιγαροῦν
1467 1404 1541 1439 ἡμᾶς
1556 1403 1585 1429 ὲν
1604 1403 1695 1429 πίστει
1719 1403 1847 1438 Χριστὸς,

1059 1448 1106 1475 καὶ
1119 1445 1164 1475 οἶά
1174 1457 1226 1484 περ
1237 1450 1277 1480 είς
1289 1449 1403 1476 κιϐωτὸν
1418 1449 1594 1482 εἰσοικίζεται
1606 1449 1655 1484 τὴν
1673 1449 1847 1485 Ἐκκλησίαν,

1058 1494 1088 1520 ὲν
1111 1491 1128 1531 ᾖ
1148 1495 1291 1528 γεγονότες
1317 1496 1527 1531 ὑπερνηξόμεῡα
1544 1495 1593 1531 μὲν
1615 1495 1663 1522 τοῦ
1684 1495 1801 1523 θανάτου
1816 1497 1848 1523 τὸ

215 1540 294 1575 δεῖμα
306 1561 314 1572 ,
339 1539 563 1575 διαδιδράσκομεν
585 1538 614 1565 δὲ
630 1538 660 1564 τὺ
687 1538 951 1573 συγκατακρὶνεσθαι
968 1538 1006 1574 τῷ
1025 1538 1130 1575 κόσμῳ.
1147 1540 1277 1567 Συνέσται
1309 1541 1362 1577 γὰρ
1382 1542 1446 1577 ἡμῖν
1459 1543 1474 1568 6
1492 1542 1595 1575 δίκαιος
1625 1544 1696 1577 Νῶε,
1725 1545 1848 1572 τουτέστι

215 1586 343 1621 Χριστός.

252 1632 278 1658 7.
293 1630 390 1665 Operae
403 1630 520 1665 pretium
536 1637 600 1656 vero
610 1637 670 1657 esse
681 1629 811 1662 arbitror,
826 1634 953 1658 accurate
963 1630 1006 1657 in-

1094 1630 1128 1662 C’.
1145 1629 1237 1662 Ἄξιον
1246 1629 1275 1656 δὲ
1287 1627 1364 1665 οἶμαι
1379 1630 1642 1668 πολυπραγμονῆσαι
1656 1633 1762 1665 λεπτῶς
1775 1634 1848 1666 τίνες

217 1677 327 1714 quirere
352 1677 464 1712 quinam
480 1683 531 1702 una
545 1683 608 1702 cum
625 1675 682 1702 Noe
698 1682 791 1702 arcam
812 1676 868 1702 sint
883 1675 1008 1710 ingressi,

216 1729 246 1751 et
261 1723 376 1750 salutem
392 1730 441 1757 per
453 1721 534 1748 ﬁdem
551 1725 578 1747 et
590 1728 688 1755 aquam
700 1721 756 1747 sint
768 1721 918 1748 consecuti.
934 1720 1008 1747 Scri-

217 1774 295 1805 ptum
308 1768 391 1804 igitur
406 1772 448 1795 est
464 1777 472 1792 ι
484 1766 557 1802 quod
569 1767 708 1802 ingressus
715 1772 757 1794 est
766 1767 821 1794 Noe
831 1767 859 1794 in
866 1774 970 1799 arcam,
982 1771 1010 1794 et

219 1813 267 1840 ﬁlii
285 1813 384 1848 ipsius,
395 1816 422 1839 et
439 1820 507 1839 uxor
521 1811 617 1846 ipsius,
629 1815 658 1838 et
675 1818 774 1838 uxores
791 1811 909 1839 ﬁliorum
924 1811 1010 1846 ipsius

219 1866 281 1886 cum
298 1859 357 1893 ipso
369 1857 403 1884 ’³.
419 1867 427 1883 ι
441 1857 550 1884 lnduvit
570 1861 661 1885 autem
679 1865 740 1884 cum
762 1857 815 1889 his,
829 1865 862 1884 ex
874 1857 948 1884 omni
962 1865 1008 1892 ge-

219 1912 284 1932 nere
305 1902 464 1941 animalium
489 1908 519 1931 et
538 1903 691 1930 volucrium
717 1907 820 1938 septem
841 1903 952 1938 quidem
976 1911 1009 1930 ex

219 1949 340 1982 mundis,
356 1949 411 1976 duo
423 1956 488 1976 vero
505 1957 538 1976 ex
552 1949 709 1977 immundis.
725 1949 764 1976 lta
778 1949 851 1976 enim
867 1949 923 1976 Deo
937 1956 1009 1984 prae-

218 1996 310 2031 cipere
329 1995 419 2022 visum
444 1995 506 2022 fuit.
528 1995 644 2022 Nomina
665 2000 756 2022 autem
779 1994 898 2022 ﬁliorum
923 1995 1010 2030 ipsius

220 2041 294 2072 Scm,
307 2040 404 2073 Cham,
418 2040 544 2075 Japheth.
558 2040 757 2075 Interpretatur
766 2049 832 2068 vero
845 2041 906 2069 Sem
915 2041 1009 2077 planta

218 2091 247 2114 et
262 2086 402 2121 perfectus,
413 2085 499 2113 Cham
513 2094 580 2113 vero
595 2087 819 2121 ardor;.lapheth
837 2091 928 2114 autem
944 2087 1009 2115 lali-

219 2132 294 2158 tudo.
313 2131 416 2159 Salvati
430 2132 503 2158 enim
519 2139 615 2159 sumus
630 2132 658 2159 in
673 2132 784 2160 Christo
796 2141 845 2168 per
858 2133 948 2167 ﬁdem,
961 2135 1008 2169 qui

219 2185 253 2204 ex
268 2176 475 2212 imperfectionc
487 2177 550 2204 vita:
560 2178 654 2212 legalis
668 2178 695 2205 in
706 2179 869 2213 evangelicae
877 2179 941 2207 vita:
949 2187 1008 2214 per-

219 2223 382 2255 fectionem,
408 2222 494 2249 veluti
520 2222 613 2249 tenelli
639 2222 750 2257 quidam
773 2223 892 2249 stolones
915 2231 1010 2250 sumus

219 2268 420 2302 transplantati.
438 2267 543 2294 Idcirco
561 2267 644 2294 etiam
664 2267 774 2294 divinus
793 2267 877 2294 David
899 2268 1008 2296 Iudaeo-

1059 1675 1092 1702 ἂν
1111 1676 1211 1702 νοοῖντο
1233 1675 1313 1710 τυχὸν
1329 1676 1355 1702 οἱ
1371 1675 1410 1711 τῷ
1430 1677 1492 1703 Νῶε
1517 1679 1718 1710 συνεισθέοντες
1736 1680 1777 1711 εἰς
1799 1680 1847 1715 τὴν

1059 1721 1185 1754 κιϐωτὸν,
1199 1722 1246 1747 καὶ
1258 1722 1305 1756 τὴν
1315 1721 1358 1748 διὰ
1372 1722 1490 1754 πίστεώς
1500 1732 1529 1750 τε
1541 1725 1588 1751 καὶ
1601 1724 1696 1757 ὓδατος
1709 1727 1847 1762 σωτηρίαν

1058 1767 1308 1802 ἀποκερδαίνοντες.
1332 1768 1489 1804 Γέγραπται
1507 1769 1614 1803 τοίνυν,
1637 1771 1678 1798 ὅτι
1701 1781 1709 1797 ι
1732 1772 1846 1807 Εἰσῆλθε

1059 1813 1120 1840 Νῶε
1136 1814 1175 1845 είς
1194 1813 1243 1848 τὴν
1259 1813 1383 1846 κιϐωτὸν,
1401 1814 1447 1841 καὶ
1466 1815 1490 1840 οἱ
1507 1816 1559 1842 υίο¹ί¹
1574 1816 1668 1849 αὐτοῦ,
1684 1817 1731 1844 καὶ
1747 1818 1763 1853 ἡ
1779 1818 1846 1854 γυνὴ

1058 1858 1152 1889 αὑτοῦ,
1168 1859 1214 1885 καὶ
1227 1860 1254 1885 αί
1267 1860 1393 1893 γυναῖκες
1404 1860 1460 1887 τῶν
1476 1861 1540 1887 υἱῶν
1554 1862 1637 1889 αὐτοῦ
1651 1864 1709 1898 μετ’
1724 1864 1816 1892 αὑτοῦ.
1834 1875 1843 1890 ι

1058 1904 1284 1939 Συνεισκεκύμικε
1298 1905 1326 1931 δὲ
1341 1905 1458 1937 τούτοις,
1471 1907 1517 1933 καὶ
1534 1907 1587 1934 ἀπὸ
1603 1909 1703 1940 παντὸς
1714 1909 1784 1941 ζώου
1800 1911 1846 1936 καὶ

1058 1950 1113 1977 τῶν
1135 1950 1276 1981 πετεινῶν,
1297 1950 1367 1977 ἑπτὰ
1384 1950 1434 1986 μὲν
1447 1952 1501 1978 τῶν
1518 1952 1658 1988 καθαρῶν,
1681 1955 1733 1981 ἀνὰ
1757 1955 1803 1982 δύο
1817 1956 1845 1982 δὲ

1058 1995 1112 2023 τῶν
1135 1995 1306 2031 ἀκαθάρτων.
1335 1996 1437 2023 Ἐδόκει
1460 1997 1514 2032 γὰρ
1536 1995 1587 2025 ὦδε
1616 1999 1789 2035 θεσμοθετείν
1806 2002 1845 2037 τῷ

1058 2040 1127 2076 Θεῷ.
1144 2041 1278 2076 Ὀνόματα
1287 2041 1315 2067 δὲ
1323 2042 1379 2073 τοῖς
1389 2043 1456 2073 υἱοῖς
1464 2042 1557 2075 αὐτοῦ,
1569 2043 1639 2079 Σήμ,
1649 2045 1723 2081 Χὰμ,
1740 2046 1828 2081 Ὶάφεθ
1836 2055 1843 2061 ·

1058 2089 1264 2125 διερμηνεύεται
1279 2089 1306 2116 δὲ
1319 2091 1333 2116 ὁ
1348 2090 1397 2124 μὲν
1413 2091 1482 2125 Σὴμ,
1494 2092 1629 2127 φύτευμα
1647 2093 1694 2120 καὶ
1709 2094 1818 2127 τέλειος
1834 2102 1841 2109 ’

1058 2136 1204 2168 θερμασία
1211 2135 1240 2161 δὲ
1251 2136 1265 2161 6
1277 2134 1353 2170 Χὰμ,
1369 2135 1417 2162 καὶ
1423 2138 1602 2171 πλατυσμὸς
1615 2139 1628 2164 ὁ
1649 2139 1747 2173 ’1άφεο.
1757 2139 1844 2166 Σεσώ-

1060 2180 1147 2215 σμεθα
1171 2180 1226 2216 γὰρ
1244 2181 1273 2207 ὲν
1290 2181 1402 2217 Χριστῷ
1419 2183 1463 2210 διὰ
1488 2183 1607 2216 πίστεως
1630 2186 1654 2211 ot
1679 2186 1707 2218 ea
1733 2186 1844 2218 ἀτελοῦς

1059 2225 1154 2261 ὥσπερ
1171 2226 1310 2258 πολιτείας
1330 2228 1381 2262 τῆς
1395 2228 1464 2255 κατὰ
1479 2229 1559 2265 νόμον
1573 2231 1613 2262 είς
1627 2230 1676 2266 τὴν
1690 2232 1739 2266 τῆς
1761 2232 1843 2265 εὐαιία

1058 2270 1168 2307 γελικῆς
1182 2271 1348 2304 παιδεύσεως
1359 2274 1524 2309 τελειότητα,
1537 2275 1661 2311 καθάπερ
1672 2277 1733 2303 τινὰ
1746 2278 1843 2313 μόσκζια

220 2319 279 2338 rum
297 2313 438 2347 populum,
452 2311 674 2347 justiﬁcationem
686 2318 736 2346 per
745 2311 884 2340 Christum
895 2321 948 2341 non
958 2314 1007 2341 ad-

1060 2316 1258 2352 πεφυτευμένοι
1272 2317 1368 2345 λεπτά.
1387 2319 1532 2355 Τοιγάρτοι
1546 2321 1593 2347 καὶ
1607 2321 1621 2347 6
1637 2311 1779 2354 θεσπέσιος
1792 2311 1843 2349 Δα-

220 2355 374 2383 mittentem
386 2356 520 2391 increpat,
531 2355 626 2382 dicens
637 2364 644 2381 :
659 2365 668 2380 ι
678 2356 803 2384 Dilexisti
813 2357 914 2385 malum
926 2360 1011 2394 magis

219 2408 300 2435 quam
316 2401 430 2433 bonum,
449 2401 621 2437 iniquitatem
639 2403 726 2438 magis
740 2411 821 2438 quam
835 2404 909 2439 loqui
923 2405 1009 2440 aequi—

221 2448 314 2470 tatem.
332 2443 456 2471 Dilexisti
478 2445 570 2472 omnia
587 2446 669 2474 verba
695 2447 934 2483 praecipitationis,
955 2450 1009 2477 lin-

219 2497 300 2524 guam
321 2489 444 2517 dolosam
461 2491 493 2517 “.
515 2500 523 2516 I
538 2491 802 2526 Blaspliemaveruut
821 2495 894 2522 enim
908 2495 1008 2523 intem-

219 2539 348 2570 peranter
360 2535 389 2562 in
398 2536 508 2564 Filium.
516 2536 645 2570 «Idcirco,
661 2539 788 2573 ninquit,«
800 2540 873 2568 Deus
884 2541 1007 2569 destruet

220 2584 246 2607 te
262 2579 289 2606 in
304 2579 386 2608 ﬁnem
398 2577 514 2609 {evellet
523 2586 559 2614 te,
578 2587 607 2609 et
624 2583 769 2618 emigrabit
785 2589 811 2612 te
827 2584 863 2612 de
879 2585 1007 2613 tabema-

224 2625 282 2652 zulo
301 2629 358 2658 tuo,
372 2631 400 2653 et
413 2627 532 2655 radicem
548 2628 582 2655 de
595 2632 668 2656 terra
681 2630 831 2658 viventium
846 2632 878 2658 ”.
898 2641 907 2657 ι
921 2632 960 2660 De
972 2633 1007 2661 iis

221 2679 285 2698 vero
296 2672 343 2706 qui
350 2672 572 2708 justiﬁcationem
583 2679 612 2701 et
626 2675 710 2702 vitam
725 2675 752 2702 in
769 2675 879 2704 Christo
891 2683 983 2706 amant
997 2687 1004 2705 τ

223 2724 232 2741 ι
251 2715 366 2744 Plantati
383 2718 411 2744 in
425 2717 507 2745 domo
520 2719 640 2753 Domini,
652 2720 679 2748 in
696 2721 774 2748 atriis
787 2721 835 2750 Dei
852 2724 938 2751 nostri
955 2724 1004 2751 ﬁo-

273 2805 295 2820 “
313 2804 379 2832 Ccn.
395 2815 429 2839 vi,
447 2807 488 2834 (ὅ.
526 2808 627 2836 "Gen.
643 2817 688 2842 vn,
710 2810 734 2837 7.

1059 2361 1102 2388 ωδ
1115 2364 1171 2394 τοῖς
1188 2363 1237 2398 μὲν
1252 2363 1308 2390 τῶν
1328 2365 1462 2392 Ἰουδαίων
1476 2366 1550 2398 λαοῖς
1565 2367 1614 2402 τὴν
1631 2369 1660 2394 ὲν
1680 2369 1791 2404 Χριστῷ
1803 2369 1841 2396 δι-

1058 2406 1172 2433 καίωσιν
1189 2407 1218 2433 οὐ
1239 2409 1430 2444 προσιεμένοις
1449 2411 1584 2446 ἐπετίμα,
1603 2412 1689 2446 λέγων
1701 2421 1708 2428 ·
1728 2423 1737 2439 ι
1764 2415 1842 2448 Ἠγά-

1058 2460 1150 2487 πησας
1167 2454 1270 2480 κακίαν
1291 2454 1362 2490 ὑπὲρ
1390 2455 1559 2492 ἀγαθοσύνην
1571 2464 1577 2471 ·
1601 2457 1709 2485 ἀδικίαν
1727 2460 1796 2495 ὑπὲρ
1815 2461 1842 2486 τὸ

1057 2497 1171 2533 λαλῆσαι
1185 2499 1377 2536 δικαιοσύνηνο
1396 2501 1543 2537 ἠγάπησας
1558 2503 1645 2530 πάντα
1666 2505 1776 2540 ῥήματα
1792 2515 1838 2532 κα-

1056 2545 1239 2580 ταποντισμοῦ
1254 2565 1261 2578 ,
1287 2546 1413 2581 γλῶσσαν
1435 2548 1535 2575 δολίαν.
1560 2558 1570 2574 ι
1596 2550 1841 2587 Δεδυσφημήκασιν

1057 2590 1112 2625 γὰρ
1123 2589 1282 2622 ἁκαθέιιτως
1296 2593 1336 2623 εἰς
1347 2591 1393 2619 τὸν
1406 2593 1495 2622 Υίόν.«
1508 2594 1558 2620 Διὰ
1571 2594 1660 2625 τοῦτο.
1681 2604 1690 2620 ι
1703 2597 1810 2630 φησὶν,ι
1829 2598 1841 2624 ό

1057 2635 1124 2667 Θεὸς
1139 2635 1248 2662 καθελεῖ
1264 2645 1294 2663 σε
1313 2637 1352 2669 εἰς
1371 2637 1464 2670 τέλος·
1486 2639 1592 2666 ὲκτίλαι
1609 2648 1639 2666 σε
1653 2642 1700 2667 καὶ
1723 2650 1840 2676 μετανα-

1058 2682 1168 2707 στειὶσαι
1184 2689 1214 2708 σε
1228 2682 1283 2708 ἀπὸ
1295 2683 1473 2719 σκηνώματός
1491 2693 1547 2718 σου,
1566 2685 1613 2712 καὶ
1626 2686 1655 2712 τὺ
1671 2686 1779 2722 ῥίζωμὰ
1796 2696 1841 2714 σου

1058 2726 1091 2752 ὲκ
1115 2726 1165 2761 τῆς
1185 2727 1305 2758 ζώντων.
1325 2739 1334 2755 ι
1356 2729 1423 2765 Περὶ
1437 2729 1465 2756 δὲ
1482 2730 1535 2757 τῶν
1553 2731 1735 2768 ἡγαπηκὸτων
1750 2734 1798 2768 τῆν
1815 2734 1844 2760 ἐν

791 2811 892 2839 “Psal.
909 2821 944 2845 ιι,
962 2814 988 2846 :‘i,
1010 2814 1034 2841 6.
1075 2815 1096 2830 "
1109 2815 1178 2842 Ibid.
1193 2817 1217 2843 7.
