  <div class='ocr_page' id='page_1' title='image "/cluster/home/n/w/nwhite01/storage/ocr_20150623/69/njp.32101077772729/050.png"; bbox 0 0 1990 3046; ppageno 0'>
   <div class='ocr_carea' id='block_1_1' title="bbox 102 125 1742 171">
    <p class='ocr_par' dir='ltr' id='par_1_1' title="bbox 102 125 1742 171">
     <span class='ocr_line' id='line_1_1' title="bbox 102 125 1742 171; baseline -0.006 4"><span class='ocrx_word' id='word_1_1' title='bbox 102 142 133 167; x_wconf 68' lang='lat' dir='ltr'><strong>m</strong></span> <span class='ocrx_word' id='word_1_2' title='bbox 425 125 433 131; x_wconf 44' lang='lat'><em>.</em></span> <span class='ocrx_word' id='word_1_3' title='bbox 621 140 882 171; x_wconf 78' lang='lat' dir='ltr'><strong>GLAPHYRORUM</strong></span> <span class='ocrx_word' id='word_1_4' title='bbox 902 140 935 167; x_wconf 81' lang='lat' dir='ltr'><strong>IN</strong></span> <span class='ocrx_word' id='word_1_5' title='bbox 955 139 1105 167; x_wconf 84' lang='lat' dir='ltr'><strong>GENESIM</strong></span> <span class='ocrx_word' id='word_1_6' title='bbox 1125 138 1188 166; x_wconf 77' lang='lat' dir='ltr'><strong>LIB.</strong></span> <span class='ocrx_word' id='word_1_7' title='bbox 1210 139 1243 166; x_wconf 88' lang='lat' dir='ltr'><strong>ll.</strong></span> <span class='ocrx_word' id='word_1_8' title='bbox 1708 138 1742 165; x_wconf 77' lang='grc' dir='ltr'><strong>τι)</strong></span> 
     </span>
    </p>
   </div>
   <div class='ocr_carea' id='block_1_2' title="bbox 105 194 922 239">
    <p class='ocr_par' dir='ltr' id='par_1_2' title="bbox 105 196 922 239">
     <span class='ocr_line' id='line_1_2' title="bbox 105 196 922 239; baseline -0.011 -8"><span class='ocrx_word' id='word_1_9' title='bbox 105 203 218 239; x_wconf 81' lang='grc' dir='ltr'>Χριστῷ</span> <span class='ocrx_word' id='word_1_10' title='bbox 231 202 375 229; x_wconf 78' lang='grc' dir='ltr'><strong>δικαίωσιν</strong></span> <span class='ocrx_word' id='word_1_11' title='bbox 390 201 437 227; x_wconf 71' lang='grc' dir='ltr'><strong>καὶ</strong></span> <span class='ocrx_word' id='word_1_12' title='bbox 453 199 525 235; x_wconf 80' lang='grc' dir='ltr'>ζωήν</span> <span class='ocrx_word' id='word_1_13' title='bbox 539 208 544 214; x_wconf 93' lang='grc'><strong>·</strong></span> <span class='ocrx_word' id='word_1_14' title='bbox 566 209 574 226; x_wconf 83' lang='grc' dir='ltr'>ι</span> <span class='ocrx_word' id='word_1_15' title='bbox 596 198 797 234; x_wconf 70' lang='grc' dir='ltr'>Πεφυτευμένοι</span> <span class='ocrx_word' id='word_1_16' title='bbox 812 198 841 224; x_wconf 81' lang='grc' dir='ltr'>ἐν</span> <span class='ocrx_word' id='word_1_17' title='bbox 864 196 903 230; x_wconf 83' lang='grc' dir='ltr'>τῷ</span> <span class='ocrx_word' id='word_1_18' title='bbox 918 216 922 226; x_wconf 49' lang='grc' dir='ltr'><em>λ</em></span> 
     </span>
    </p>
   </div>
   <div class='ocr_carea' id='block_1_3' title="bbox 972 194 1742 239">
    <p class='ocr_par' dir='ltr' id='par_1_3' title="bbox 972 194 1742 231">
     <span class='ocr_line' id='line_1_3' title="bbox 972 194 1742 231; baseline 0 -7"><span class='ocrx_word' id='word_1_19' title='bbox 972 196 1054 224; x_wconf 83' lang='lat' dir='ltr'><strong>ebunt</strong></span> <span class='ocrx_word' id='word_1_20' title='bbox 1070 195 1102 222; x_wconf 78' lang='lat'><strong>&quot;.</strong></span> <span class='ocrx_word' id='word_1_21' title='bbox 1124 205 1132 221; x_wconf 79' lang='grc' dir='ltr'>ι</span> <span class='ocrx_word' id='word_1_22' title='bbox 1148 195 1226 228; x_wconf 86' lang='lat' dir='ltr'><strong>Quod</strong></span> <span class='ocrx_word' id='word_1_23' title='bbox 1240 202 1305 222; x_wconf 92' lang='lat' dir='ltr'><strong>vero</strong></span> <span class='ocrx_word' id='word_1_24' title='bbox 1321 203 1375 222; x_wconf 87' lang='lat' dir='ltr'><strong>non</strong></span> <span class='ocrx_word' id='word_1_25' title='bbox 1390 194 1492 229; x_wconf 88' lang='lat' dir='ltr'><strong>absque</strong></span> <span class='ocrx_word' id='word_1_26' title='bbox 1509 194 1603 222; x_wconf 91' lang='lat' dir='ltr'><strong>divino</strong></span> <span class='ocrx_word' id='word_1_27' title='bbox 1616 195 1687 231; x_wconf 70' lang='lat' dir='ltr'><strong>igne,</strong></span> <span class='ocrx_word' id='word_1_28' title='bbox 1701 202 1742 224; x_wconf 85' lang='lat' dir='ltr'><strong>at—</strong></span> 
     </span>
    </p>
   </div>
   <div class='ocr_carea' id='block_1_4' title="bbox 106 243 903 284">
    <p class='ocr_par' dir='ltr' id='par_1_4' title="bbox 106 243 903 284">
     <span class='ocr_line' id='line_1_4' title="bbox 106 243 903 284; baseline -0.009 -8"><span class='ocrx_word' id='word_1_29' title='bbox 106 251 172 284; x_wconf 77' lang='grc' dir='ltr'>οῐκῳ</span> <span class='ocrx_word' id='word_1_30' title='bbox 187 248 306 283; x_wconf 75' lang='grc' dir='ltr'>Κυρίου,</span> <span class='ocrx_word' id='word_1_31' title='bbox 321 248 350 274; x_wconf 80' lang='grc' dir='ltr'><strong>ὲν</strong></span> <span class='ocrx_word' id='word_1_32' title='bbox 366 248 426 278; x_wconf 77' lang='grc' dir='ltr'>ταῖς</span> <span class='ocrx_word' id='word_1_33' title='bbox 439 247 534 278; x_wconf 73' lang='grc' dir='ltr'>αὐλαῖς</span> <span class='ocrx_word' id='word_1_34' title='bbox 547 245 594 272; x_wconf 83' lang='grc' dir='ltr'>τοῦ</span> <span class='ocrx_word' id='word_1_35' title='bbox 611 245 678 272; x_wconf 83' lang='grc' dir='ltr'>Θεοῦ</span> <span class='ocrx_word' id='word_1_36' title='bbox 695 244 773 280; x_wconf 79' lang='grc' dir='ltr'>ἡμῶν</span> <span class='ocrx_word' id='word_1_37' title='bbox 790 243 903 278; x_wconf 77' lang='grc' dir='ltr'><strong>ἐξανθή-</strong></span> 
     </span>
    </p>
   </div>
   <div class='ocr_carea' id='block_1_5' title="bbox 109 287 903 325">
    <p class='ocr_par' dir='ltr' id='par_1_5' title="bbox 109 287 903 325">
     <span class='ocr_line' id='line_1_5' title="bbox 109 287 903 325; baseline -0.009 -5"><span class='ocrx_word' id='word_1_38' title='bbox 109 302 213 320; x_wconf 81' lang='grc' dir='ltr'>σουσιν.</span> <span class='ocrx_word' id='word_1_39' title='bbox 232 301 240 317; x_wconf 80' lang='grc' dir='ltr'>ι</span> <span class='ocrx_word' id='word_1_40' title='bbox 258 292 322 318; x_wconf 72' lang='grc' dir='ltr'>Ὀτι</span> <span class='ocrx_word' id='word_1_41' title='bbox 333 291 361 318; x_wconf 73' lang='grc' dir='ltr'><strong>δὲ</strong></span> <span class='ocrx_word' id='word_1_42' title='bbox 374 291 403 317; x_wconf 74' lang='grc' dir='ltr'><strong>οὐ</strong></span> <span class='ocrx_word' id='word_1_43' title='bbox 419 290 479 325; x_wconf 81' lang='grc' dir='ltr'>δίχα</span> <span class='ocrx_word' id='word_1_44' title='bbox 494 290 540 316; x_wconf 85' lang='grc' dir='ltr'>τοῦ</span> <span class='ocrx_word' id='word_1_45' title='bbox 554 289 626 317; x_wconf 77' lang='grc' dir='ltr'>θείου</span> <span class='ocrx_word' id='word_1_46' title='bbox 640 289 725 323; x_wconf 79' lang='grc' dir='ltr'>πυρὸς</span> <span class='ocrx_word' id='word_1_47' title='bbox 737 289 783 315; x_wconf 74' lang='grc' dir='ltr'><strong>καὶ</strong></span> <span class='ocrx_word' id='word_1_48' title='bbox 795 287 903 323; x_wconf 76' lang='grc' dir='ltr'>νοητοῦ,</span> 
     </span>
    </p>
   </div>
   <div class='ocr_carea' id='block_1_6' title="bbox 113 334 904 373">
    <p class='ocr_par' dir='ltr' id='par_1_6' title="bbox 113 334 904 373">
     <span class='ocr_line' id='line_1_6' title="bbox 113 334 904 373; baseline -0.006 -8"><span class='ocrx_word' id='word_1_49' title='bbox 113 341 160 366; x_wconf 62' lang='grc' dir='ltr'><strong>καὶ</strong></span> <span class='ocrx_word' id='word_1_50' title='bbox 178 339 265 365; x_wconf 72' lang='grc' dir='ltr'>οἱονεὶ</span> <span class='ocrx_word' id='word_1_51' title='bbox 277 339 328 373; x_wconf 86' lang='grc' dir='ltr'>τῆς</span> <span class='ocrx_word' id='word_1_52' title='bbox 351 336 395 363; x_wconf 83' lang='grc' dir='ltr'>διὰ</span> <span class='ocrx_word' id='word_1_53' title='bbox 414 336 568 371; x_wconf 82' lang='grc' dir='ltr'>πνεύματος</span> <span class='ocrx_word' id='word_1_54' title='bbox 588 334 739 371; x_wconf 81' lang='grc' dir='ltr'><strong>Θερμασίας</strong></span> <span class='ocrx_word' id='word_1_55' title='bbox 753 335 904 369; x_wconf 77' lang='grc' dir='ltr'><strong>ἐνήργηκεν</strong></span> 
     </span>
    </p>
   </div>
   <div class='ocr_carea' id='block_1_7' title="bbox 111 380 905 420">
    <p class='ocr_par' dir='ltr' id='par_1_7' title="bbox 111 380 905 420">
     <span class='ocr_line' id='line_1_7' title="bbox 111 380 905 420; baseline -0.008 -8"><span class='ocrx_word' id='word_1_56' title='bbox 111 387 149 417; x_wconf 86' lang='grc' dir='ltr'><strong>ιίς</strong></span> <span class='ocrx_word' id='word_1_57' title='bbox 167 385 245 420; x_wconf 78' lang='grc' dir='ltr'>ἡμᾶς</span> <span class='ocrx_word' id='word_1_58' title='bbox 260 385 310 418; x_wconf 83' lang='grc' dir='ltr'><strong>τὴν</strong></span> <span class='ocrx_word' id='word_1_59' title='bbox 327 384 391 418; x_wconf 78' lang='grc' dir='ltr'><strong>παρ1</strong></span> <span class='ocrx_word' id='word_1_60' title='bbox 408 382 504 409; x_wconf 80' lang='grc' dir='ltr'>ἑαυτοῦ</span> <span class='ocrx_word' id='word_1_61' title='bbox 520 382 600 417; x_wconf 80' lang='grc' dir='ltr'>χάριν</span> <span class='ocrx_word' id='word_1_62' title='bbox 619 382 633 408; x_wconf 84' lang='grc' dir='ltr'><strong>ὁ</strong></span> <span class='ocrx_word' id='word_1_63' title='bbox 653 380 838 416; x_wconf 77' lang='grc' dir='ltr'>Ἐμμανουὴλ,</span> <span class='ocrx_word' id='word_1_64' title='bbox 859 390 905 407; x_wconf 89' lang='grc' dir='ltr'>πι-</span> 
     </span>
    </p>
   </div>
   <div class='ocr_carea' id='block_1_8' title="bbox 111 426 654 460">
    <p class='ocr_par' dir='ltr' id='par_1_8' title="bbox 111 426 654 460">
     <span class='ocr_line' id='line_1_8' title="bbox 111 426 654 460; baseline -0.006 -4"><span class='ocrx_word' id='word_1_65' title='bbox 111 432 246 457; x_wconf 74' lang='grc' dir='ltr'>στῖισεται</span> <span class='ocrx_word' id='word_1_66' title='bbox 262 430 310 455; x_wconf 78' lang='grc' dir='ltr'><strong>καὶ</strong></span> <span class='ocrx_word' id='word_1_67' title='bbox 329 430 343 455; x_wconf 84' lang='grc' dir='ltr'><strong>ὁ</strong></span> <span class='ocrx_word' id='word_1_68' title='bbox 365 428 509 460; x_wconf 72' lang='grc' dir='ltr'><strong>Θεσπέσιος</strong></span> <span class='ocrx_word' id='word_1_69' title='bbox 526 426 632 458; x_wconf 75' lang='grc' dir='ltr'>Παῦλος</span> <span class='ocrx_word' id='word_1_70' title='bbox 647 435 654 441; x_wconf 90' lang='grc'>·</span> 
     </span>
    </p>
   </div>
   <div class='ocr_carea' id='block_1_9' title="bbox 112 471 906 511">
    <p class='ocr_par' dir='ltr' id='par_1_9' title="bbox 112 471 906 511">
     <span class='ocr_line' id='line_1_9' title="bbox 112 471 906 511; baseline -0.008 -8"><span class='ocrx_word' id='word_1_71' title='bbox 112 476 225 508; x_wconf 76' lang='grc' dir='ltr'>ζέοντας</span> <span class='ocrx_word' id='word_1_72' title='bbox 240 475 354 511; x_wconf 76' lang='grc' dir='ltr'>ὁρᾶσθαι</span> <span class='ocrx_word' id='word_1_73' title='bbox 375 474 459 500; x_wconf 73' lang='grc' dir='ltr'>θέλων</span> <span class='ocrx_word' id='word_1_74' title='bbox 478 474 541 505; x_wconf 69' lang='grc' dir='ltr'>τοὺς</span> <span class='ocrx_word' id='word_1_75' title='bbox 566 474 594 500; x_wconf 83' lang='grc' dir='ltr'>ὲν</span> <span class='ocrx_word' id='word_1_76' title='bbox 620 473 749 507; x_wconf 81' lang='grc' dir='ltr'><strong>ἁγιασμῷ</strong></span> <span class='ocrx_word' id='word_1_77' title='bbox 769 471 906 506; x_wconf 84' lang='grc' dir='ltr'>κεκλημέ-</span> 
     </span>
    </p>
   </div>
   <div class='ocr_carea' id='block_1_10' title="bbox 113 515 906 554">
    <p class='ocr_par' dir='ltr' id='par_1_10' title="bbox 113 515 906 554">
     <span class='ocr_line' id='line_1_10' title="bbox 113 515 906 554; baseline -0.008 -7"><span class='ocrx_word' id='word_1_78' title='bbox 113 530 185 552; x_wconf 77' lang='grc' dir='ltr'>νους.</span> <span class='ocrx_word' id='word_1_79' title='bbox 217 529 227 545; x_wconf 77' lang='grc'><strong>›</strong></span> <span class='ocrx_word' id='word_1_80' title='bbox 257 519 339 547; x_wconf 77' lang='grc' dir='ltr'>Οὐδὲν</span> <span class='ocrx_word' id='word_1_81' title='bbox 360 519 388 545; x_wconf 73' lang='grc' dir='ltr'>δὲ</span> <span class='ocrx_word' id='word_1_82' title='bbox 404 515 485 554; x_wconf 84' lang='grc' dir='ltr'>ἦττον</span> <span class='ocrx_word' id='word_1_83' title='bbox 507 518 581 553; x_wconf 81' lang='grc' dir='ltr'>ἡμᾶς</span> <span class='ocrx_word' id='word_1_84' title='bbox 603 517 714 552; x_wconf 77' lang='grc' dir='ltr'>ἐμπεδοί</span> <span class='ocrx_word' id='word_1_85' title='bbox 735 517 782 543; x_wconf 73' lang='grc' dir='ltr'><strong>καὶ</strong></span> <span class='ocrx_word' id='word_1_86' title='bbox 795 517 809 542; x_wconf 80' lang='grc'>6</span> <span class='ocrx_word' id='word_1_87' title='bbox 826 515 906 549; x_wconf 68' lang='grc' dir='ltr'>σοφὸς</span> 
     </span>
    </p>
   </div>
   <div class='ocr_carea' id='block_1_11' title="bbox 121 561 907 601">
    <p class='ocr_par' dir='ltr' id='par_1_11' title="bbox 121 561 907 601">
     <span class='ocr_line' id='line_1_11' title="bbox 121 561 907 601; baseline -0.008 -8"><span class='ocrx_word' id='word_1_88' title='bbox 121 567 250 601; x_wconf 81' lang='grc' dir='ltr'><strong>Ἰωάννης</strong></span> <span class='ocrx_word' id='word_1_89' title='bbox 266 566 353 600; x_wconf 86' lang='grc' dir='ltr'>λέγων</span> <span class='ocrx_word' id='word_1_90' title='bbox 363 573 369 579; x_wconf 90' lang='grc'><strong>·</strong></span> <span class='ocrx_word' id='word_1_91' title='bbox 390 574 399 590; x_wconf 81' lang='grc' dir='ltr'>ι</span> <span class='ocrx_word' id='word_1_92' title='bbox 420 564 489 598; x_wconf 84' lang='grc' dir='ltr'>Ἐγὼ</span> <span class='ocrx_word' id='word_1_93' title='bbox 507 564 554 599; x_wconf 78' lang='grc' dir='ltr'>μὲν</span> <span class='ocrx_word' id='word_1_94' title='bbox 572 563 693 598; x_wconf 76' lang='grc' dir='ltr'><strong>βαπτίζω</strong></span> <span class='ocrx_word' id='word_1_95' title='bbox 708 563 779 597; x_wconf 82' lang='grc' dir='ltr'>ὑμᾶς</span> <span class='ocrx_word' id='word_1_96' title='bbox 793 562 820 588; x_wconf 75' lang='grc' dir='ltr'>ἐν</span> <span class='ocrx_word' id='word_1_97' title='bbox 832 561 907 588; x_wconf 76' lang='grc' dir='ltr'>ὕδατι</span> 
     </span>
    </p>
   </div>
   <div class='ocr_carea' id='block_1_12' title="bbox 115 607 908 648">
    <p class='ocr_par' dir='ltr' id='par_1_12' title="bbox 115 607 908 648">
     <span class='ocr_line' id='line_1_12' title="bbox 115 607 908 648; baseline -0.009 -8"><span class='ocrx_word' id='word_1_98' title='bbox 115 614 154 644; x_wconf 81' lang='grc' dir='ltr'>εἰς</span> <span class='ocrx_word' id='word_1_99' title='bbox 169 613 316 648; x_wconf 80' lang='grc' dir='ltr'>μετάνοιαν</span> <span class='ocrx_word' id='word_1_100' title='bbox 325 620 333 627; x_wconf 74' lang='grc'><strong>⁸</strong></span> <span class='ocrx_word' id='word_1_101' title='bbox 342 613 357 638; x_wconf 88' lang='grc' dir='ltr'>ὁ</span> <span class='ocrx_word' id='word_1_102' title='bbox 369 612 396 638; x_wconf 81' lang='grc' dir='ltr'><strong>δὲ</strong></span> <span class='ocrx_word' id='word_1_103' title='bbox 409 611 497 637; x_wconf 78' lang='grc' dir='ltr'>ὀπίσω</span> <span class='ocrx_word' id='word_1_104' title='bbox 513 619 565 644; x_wconf 90' lang='grc' dir='ltr'><strong>μου</strong></span> <span class='ocrx_word' id='word_1_105' title='bbox 580 610 726 646; x_wconf 73' lang='grc' dir='ltr'>ἐρχόμενος</span> <span class='ocrx_word' id='word_1_106' title='bbox 737 607 908 643; x_wconf 82' lang='grc' dir='ltr'>ἰσχυρότερός</span> 
     </span>
    </p>
   </div>
   <div class='ocr_carea' id='block_1_13' title="bbox 119 652 908 694">
    <p class='ocr_par' dir='ltr' id='par_1_13' title="bbox 119 652 908 694">
     <span class='ocr_line' id='line_1_13' title="bbox 119 652 908 694; baseline -0.008 -10"><span class='ocrx_word' id='word_1_107' title='bbox 119 667 168 694; x_wconf 71' lang='grc' dir='ltr'><strong>μου</strong></span> <span class='ocrx_word' id='word_1_108' title='bbox 180 659 256 684; x_wconf 77' lang='grc' dir='ltr'>ἐστίν</span> <span class='ocrx_word' id='word_1_109' title='bbox 267 666 273 672; x_wconf 84' lang='grc'><strong>·</strong></span> <span class='ocrx_word' id='word_1_110' title='bbox 289 654 320 684; x_wconf 73' lang='grc' dir='ltr'>οὗ</span> <span class='ocrx_word' id='word_1_111' title='bbox 339 657 387 683; x_wconf 78' lang='grc' dir='ltr'>οὐκ</span> <span class='ocrx_word' id='word_1_112' title='bbox 401 657 458 691; x_wconf 79' lang='grc' dir='ltr'>εἰμὶ</span> <span class='ocrx_word' id='word_1_113' title='bbox 475 655 567 686; x_wconf 80' lang='grc' dir='ltr'>ἱκανὸς</span> <span class='ocrx_word' id='word_1_114' title='bbox 583 655 618 680; x_wconf 84' lang='grc' dir='ltr'>τὰ</span> <span class='ocrx_word' id='word_1_115' title='bbox 630 654 791 689; x_wconf 78' lang='grc' dir='ltr'>ὑποδήματα</span> <span class='ocrx_word' id='word_1_116' title='bbox 809 652 908 688; x_wconf 81' lang='grc' dir='ltr'>βαστά-</span> 
     </span>
    </p>
   </div>
   <div class='ocr_carea' id='block_1_14' title="bbox 119 697 908 736">
    <p class='ocr_par' dir='ltr' id='par_1_14' title="bbox 119 697 908 736">
     <span class='ocr_line' id='line_1_14' title="bbox 119 697 908 736; baseline -0.008 -7"><span class='ocrx_word' id='word_1_117' title='bbox 119 712 174 729; x_wconf 80' lang='grc' dir='ltr'>σαι.</span> <span class='ocrx_word' id='word_1_118' title='bbox 194 703 282 734; x_wconf 78' lang='grc' dir='ltr'>Αὐτὸς</span> <span class='ocrx_word' id='word_1_119' title='bbox 301 703 377 736; x_wconf 78' lang='grc' dir='ltr'>ὑμᾶς</span> <span class='ocrx_word' id='word_1_120' title='bbox 403 701 530 736; x_wconf 79' lang='grc' dir='ltr'><strong>βαπτίσει</strong></span> <span class='ocrx_word' id='word_1_121' title='bbox 557 701 587 726; x_wconf 86' lang='grc' dir='ltr'>ὲν</span> <span class='ocrx_word' id='word_1_122' title='bbox 611 698 749 734; x_wconf 84' lang='grc' dir='ltr'>Πνεύματι</span> <span class='ocrx_word' id='word_1_123' title='bbox 773 699 844 733; x_wconf 80' lang='grc' dir='ltr'>ἁγίῳ</span> <span class='ocrx_word' id='word_1_124' title='bbox 862 697 908 723; x_wconf 80' lang='grc' dir='ltr'><strong>καὶ</strong></span> 
     </span>
    </p>
   </div>
   <div class='ocr_carea' id='block_1_15' title="bbox 118 741 908 784">
    <p class='ocr_par' dir='ltr' id='par_1_15' title="bbox 118 741 908 784">
     <span class='ocr_line' id='line_1_15' title="bbox 118 741 908 784; baseline -0.01 -9"><span class='ocrx_word' id='word_1_125' title='bbox 118 749 197 784; x_wconf 83' lang='grc' dir='ltr'>πυρί.</span> <span class='ocrx_word' id='word_1_126' title='bbox 220 758 228 773; x_wconf 73' lang='grc' dir='ltr'>ι</span> <span class='ocrx_word' id='word_1_127' title='bbox 253 747 423 781; x_wconf 69' lang='grc' dir='ltr'>Ἀπὲψνκται</span> <span class='ocrx_word' id='word_1_128' title='bbox 438 746 487 781; x_wconf 82' lang='grc' dir='ltr'>μὲν</span> <span class='ocrx_word' id='word_1_129' title='bbox 499 745 553 779; x_wconf 85' lang='grc' dir='ltr'>γὰρ</span> <span class='ocrx_word' id='word_1_130' title='bbox 565 744 581 779; x_wconf 87' lang='grc' dir='ltr'>ἠ</span> <span class='ocrx_word' id='word_1_131' title='bbox 593 743 645 771; x_wconf 78' lang='grc' dir='ltr'>τῶν</span> <span class='ocrx_word' id='word_1_132' title='bbox 667 742 800 769; x_wconf 78' lang='grc' dir='ltr'>Ἰουδαίων</span> <span class='ocrx_word' id='word_1_133' title='bbox 815 741 908 776; x_wconf 81' lang='grc' dir='ltr'><strong>ἀγάπη</strong></span> 
     </span>
    </p>
   </div>
   <div class='ocr_carea' id='block_1_16' title="bbox 123 788 906 827">
    <p class='ocr_par' dir='ltr' id='par_1_16' title="bbox 123 788 906 827">
     <span class='ocr_line' id='line_1_16' title="bbox 123 788 906 827; baseline -0.01 -6"><span class='ocrx_word' id='word_1_134' title='bbox 123 795 166 821; x_wconf 69' lang='grc' dir='ltr'><strong>(ἶιὰ</strong></span> <span class='ocrx_word' id='word_1_135' title='bbox 186 794 216 820; x_wconf 72' lang='grc' dir='ltr'>τὸ</span> <span class='ocrx_word' id='word_1_136' title='bbox 243 804 251 819; x_wconf 82' lang='grc' dir='ltr'>ι</span> <span class='ocrx_word' id='word_1_137' title='bbox 280 792 470 827; x_wconf 60' lang='grc' dir='ltr'>Πλῡηθυνῦἧναι</span> <span class='ocrx_word' id='word_1_138' title='bbox 487 790 536 825; x_wconf 85' lang='grc' dir='ltr'>τὴν</span> <span class='ocrx_word' id='word_1_139' title='bbox 558 789 672 824; x_wconf 82' lang='grc' dir='ltr'><strong>ἀνομίαν</strong></span> <span class='ocrx_word' id='word_1_140' title='bbox 690 788 753 824; x_wconf 83' lang='grc' dir='ltr'>παρ’</span> <span class='ocrx_word' id='word_1_141' title='bbox 769 788 876 820; x_wconf 82' lang='grc' dir='ltr'>αὐτοῖς,</span> <span class='ocrx_word' id='word_1_142' title='bbox 896 795 906 813; x_wconf 73' lang='grc' dir='ltr'><strong><em>ι</em></strong></span> 
     </span>
    </p>
   </div>
   <div class='ocr_carea' id='block_1_17' title="bbox 124 832 909 874">
    <p class='ocr_par' dir='ltr' id='par_1_17' title="bbox 124 832 909 874">
     <span class='ocr_line' id='line_1_17' title="bbox 124 832 909 874; baseline -0.011 -8"><span class='ocrx_word' id='word_1_143' title='bbox 124 840 195 867; x_wconf 63' lang='grc' dir='ltr'>καθὰ</span> <span class='ocrx_word' id='word_1_144' title='bbox 213 840 378 874; x_wconf 80' lang='grc' dir='ltr'>γέγραπται.</span> <span class='ocrx_word' id='word_1_145' title='bbox 400 836 502 872; x_wconf 83' lang='grc' dir='ltr'>Θερμοὶ</span> <span class='ocrx_word' id='word_1_146' title='bbox 524 835 552 862; x_wconf 79' lang='grc' dir='ltr'><strong>δὲ</strong></span> <span class='ocrx_word' id='word_1_147' title='bbox 574 835 605 870; x_wconf 82' lang='grc' dir='ltr'><strong>δὴ</strong></span> <span class='ocrx_word' id='word_1_148' title='bbox 629 834 688 860; x_wconf 90' lang='grc' dir='ltr'>λίαν</span> <span class='ocrx_word' id='word_1_149' title='bbox 713 833 760 859; x_wconf 68' lang='grc' dir='ltr'><strong>καὶ</strong></span> <span class='ocrx_word' id='word_1_150' title='bbox 783 832 851 868; x_wconf 81' lang='grc' dir='ltr'>πρός</span> <span class='ocrx_word' id='word_1_151' title='bbox 879 840 909 865; x_wconf 89' lang='grc' dir='ltr'><strong>γε</strong></span> 
     </span>
    </p>
   </div>
   <div class='ocr_carea' id='block_1_18' title="bbox 675 426 906 461">
    <p class='ocr_par' dir='ltr' id='par_1_18' title="bbox 675 426 906 461">
     <span class='ocr_line' id='line_1_18' title="bbox 675 426 906 461; baseline 0 -9"><span class='ocrx_word' id='word_1_152' title='bbox 675 436 684 452; x_wconf 73' lang='grc' dir='ltr'>ι</span> <span class='ocrx_word' id='word_1_153' title='bbox 706 426 751 461; x_wconf 88' lang='grc' dir='ltr'><strong>Τῷ</strong></span> <span class='ocrx_word' id='word_1_154' title='bbox 765 426 906 460; x_wconf 79' lang='grc' dir='ltr'>πνεύματι</span> 
     </span>
    </p>
   </div>
   <div class='ocr_carea' id='block_1_19' title="bbox 121 869 946 919">
    <p class='ocr_par' dir='ltr' id='par_1_19' title="bbox 121 869 946 919">
     <span class='ocr_line' id='line_1_19' title="bbox 121 869 946 919; baseline -0.012 -7"><span class='ocrx_word' id='word_1_155' title='bbox 121 885 200 912; x_wconf 75' lang='grc' dir='ltr'>τοῦτο</span> <span class='ocrx_word' id='word_1_156' title='bbox 221 885 311 919; x_wconf 78' lang='grc' dir='ltr'>ἡμεῖς.</span> <span class='ocrx_word' id='word_1_157' title='bbox 334 883 479 917; x_wconf 74' lang='grc' dir='ltr'>Τοιγάρτοι</span> <span class='ocrx_word' id='word_1_158' title='bbox 498 880 605 916; x_wconf 57' lang='grc' dir='ltr'>φαμέν</span> <span class='ocrx_word' id='word_1_159' title='bbox 630 889 639 904; x_wconf 78' lang='grc' dir='ltr'>ι</span> <span class='ocrx_word' id='word_1_160' title='bbox 659 879 691 906; x_wconf 88' lang='grc' dir='ltr'><strong>Τί</strong></span> <span class='ocrx_word' id='word_1_161' title='bbox 707 879 780 914; x_wconf 76' lang='grc' dir='ltr'>ἡμᾶς</span> <span class='ocrx_word' id='word_1_162' title='bbox 799 877 910 913; x_wconf 76' lang='grc' dir='ltr'>χωρίσει</span> <span class='ocrx_word' id='word_1_163' title='bbox 928 869 946 895; x_wconf 62' lang='grc' dir='ltr'><strong><em>Β</em></strong></span> 
     </span>
    </p>
   </div>
   <div class='ocr_carea' id='block_1_20' title="bbox 121 924 910 964">
    <p class='ocr_par' dir='ltr' id='par_1_20' title="bbox 121 924 910 964">
     <span class='ocr_line' id='line_1_20' title="bbox 121 924 910 964; baseline -0.013 -7"><span class='ocrx_word' id='word_1_164' title='bbox 121 931 176 957; x_wconf 74' lang='grc' dir='ltr'><strong>ἀπὸ</strong></span> <span class='ocrx_word' id='word_1_165' title='bbox 194 930 245 964; x_wconf 85' lang='grc' dir='ltr'>τῆς</span> <span class='ocrx_word' id='word_1_166' title='bbox 265 929 373 962; x_wconf 81' lang='grc' dir='ltr'>ἀγάπης</span> <span class='ocrx_word' id='word_1_167' title='bbox 388 927 435 954; x_wconf 76' lang='grc' dir='ltr'>τοῦ</span> <span class='ocrx_word' id='word_1_168' title='bbox 453 926 588 962; x_wconf 81' lang='grc' dir='ltr'>Χριστοῦ;</span> <span class='ocrx_word' id='word_1_169' title='bbox 605 924 710 959; x_wconf 76' lang='grc' dir='ltr'>θλίψις,</span> <span class='ocrx_word' id='word_1_170' title='bbox 733 924 749 959; x_wconf 87' lang='grc' dir='ltr'>ἢ</span> <span class='ocrx_word' id='word_1_171' title='bbox 779 931 910 957; x_wconf 80' lang='grc' dir='ltr'>στενοχω-</span> 
     </span>
    </p>
   </div>
   <div class='ocr_carea' id='block_1_21' title="bbox 124 967 910 1012">
    <p class='ocr_par' dir='ltr' id='par_1_21' title="bbox 124 967 910 1012">
     <span class='ocr_line' id='line_1_21' title="bbox 124 967 910 1012; baseline -0.013 -9"><span class='ocrx_word' id='word_1_172' title='bbox 124 976 186 1010; x_wconf 83' lang='grc' dir='ltr'>ρία;</span> <span class='ocrx_word' id='word_1_173' title='bbox 203 977 220 1012; x_wconf 83' lang='grc' dir='ltr'><strong>ἢ</strong></span> <span class='ocrx_word' id='word_1_174' title='bbox 236 974 354 1010; x_wconf 71' lang='grc' dir='ltr'>λιμὸς,ἢ</span> <span class='ocrx_word' id='word_1_175' title='bbox 371 973 500 1008; x_wconf 81' lang='grc' dir='ltr'><strong>διωγμὸς,</strong></span> <span class='ocrx_word' id='word_1_176' title='bbox 518 972 535 1007; x_wconf 87' lang='grc' dir='ltr'><strong>ἢ</strong></span> <span class='ocrx_word' id='word_1_177' title='bbox 550 970 699 1006; x_wconf 77' lang='grc' dir='ltr'><strong>γυμνότης,</strong></span> <span class='ocrx_word' id='word_1_178' title='bbox 715 970 731 1004; x_wconf 80' lang='grc' dir='ltr'><strong>ἣ</strong></span> <span class='ocrx_word' id='word_1_179' title='bbox 747 969 878 1000; x_wconf 79' lang='grc' dir='ltr'>κίνδυνος,</span> <span class='ocrx_word' id='word_1_180' title='bbox 894 967 910 1002; x_wconf 82' lang='grc' dir='ltr'>ἢ</span> 
     </span>
    </p>
   </div>
   <div class='ocr_carea' id='block_1_22' title="bbox 126 1013 912 1058">
    <p class='ocr_par' dir='ltr' id='par_1_22' title="bbox 126 1013 912 1058">
     <span class='ocr_line' id='line_1_22' title="bbox 126 1013 912 1058; baseline -0.013 -9"><span class='ocrx_word' id='word_1_181' title='bbox 126 1024 268 1058; x_wconf 80' lang='grc' dir='ltr'>μάχαιρα;</span> <span class='ocrx_word' id='word_1_182' title='bbox 289 1031 297 1046; x_wconf 73' lang='grc' dir='ltr'>ι</span> <span class='ocrx_word' id='word_1_183' title='bbox 317 1019 420 1046; x_wconf 77' lang='grc' dir='ltr'>Οὐκοῦν</span> <span class='ocrx_word' id='word_1_184' title='bbox 433 1018 487 1045; x_wconf 86' lang='grc' dir='ltr'><strong>τῶν</strong></span> <span class='ocrx_word' id='word_1_185' title='bbox 502 1017 615 1049; x_wconf 75' lang='grc' dir='ltr'><strong>ζεόντων</strong></span> <span class='ocrx_word' id='word_1_186' title='bbox 630 1016 669 1051; x_wconf 82' lang='grc' dir='ltr'>τῷ</span> <span class='ocrx_word' id='word_1_187' title='bbox 680 1015 814 1050; x_wconf 76' lang='grc' dir='ltr'>πνεύματι</span> <span class='ocrx_word' id='word_1_188' title='bbox 829 1013 912 1044; x_wconf 81' lang='grc' dir='ltr'>τύπος</span> 
     </span>
    </p>
   </div>
   <div class='ocr_carea' id='block_1_23' title="bbox 125 1062 913 1102">
    <p class='ocr_par' dir='ltr' id='par_1_23' title="bbox 125 1062 913 1102">
     <span class='ocr_line' id='line_1_23' title="bbox 125 1062 913 1102; baseline -0.011 -8"><span class='ocrx_word' id='word_1_189' title='bbox 125 1068 158 1095; x_wconf 82' lang='grc' dir='ltr'>ἂν</span> <span class='ocrx_word' id='word_1_190' title='bbox 174 1069 279 1102; x_wconf 83' lang='grc' dir='ltr'>γένοιτο</span> <span class='ocrx_word' id='word_1_191' title='bbox 290 1066 337 1093; x_wconf 71' lang='grc' dir='ltr'><strong>καὶ</strong></span> <span class='ocrx_word' id='word_1_192' title='bbox 349 1065 419 1101; x_wconf 70' lang='grc' dir='ltr'>μάλα</span> <span class='ocrx_word' id='word_1_193' title='bbox 434 1064 522 1099; x_wconf 68' lang='grc' dir='ltr'>σαφὴς</span> <span class='ocrx_word' id='word_1_194' title='bbox 535 1065 549 1090; x_wconf 83' lang='grc' dir='ltr'><strong>ὁ</strong></span> <span class='ocrx_word' id='word_1_195' title='bbox 563 1063 638 1098; x_wconf 80' lang='grc' dir='ltr'><strong>Χὰμ,</strong></span> <span class='ocrx_word' id='word_1_196' title='bbox 651 1062 678 1093; x_wconf 78' lang='grc' dir='ltr'>ὃς</span> <span class='ocrx_word' id='word_1_197' title='bbox 694 1063 793 1088; x_wconf 87' lang='grc' dir='ltr'>νοεῖται</span> <span class='ocrx_word' id='word_1_198' title='bbox 807 1062 913 1094; x_wconf 79' lang='grc' dir='ltr'>θερμα-</span> 
     </span>
    </p>
   </div>
   <div class='ocr_carea' id='block_1_24' title="bbox 127 1106 914 1145">
    <p class='ocr_par' dir='ltr' id='par_1_24' title="bbox 127 1106 914 1145">
     <span class='ocr_line' id='line_1_24' title="bbox 127 1106 914 1145; baseline -0.011 -4"><span class='ocrx_word' id='word_1_199' title='bbox 127 1114 258 1141; x_wconf 73' lang='grc' dir='ltr'>σία.”οτι</span> <span class='ocrx_word' id='word_1_200' title='bbox 272 1112 300 1138; x_wconf 76' lang='grc' dir='ltr'><strong>δὲ</strong></span> <span class='ocrx_word' id='word_1_201' title='bbox 309 1112 355 1138; x_wconf 72' lang='grc' dir='ltr'>καὶ</span> <span class='ocrx_word' id='word_1_202' title='bbox 366 1113 404 1143; x_wconf 80' lang='grc' dir='ltr'><strong>είς</strong></span> <span class='ocrx_word' id='word_1_203' title='bbox 416 1110 572 1145; x_wconf 76' lang='grc' dir='ltr'>πλατυςμδν</span> <span class='ocrx_word' id='word_1_204' title='bbox 586 1108 696 1144; x_wconf 80' lang='grc' dir='ltr'><strong>καρδίας</strong></span> <span class='ocrx_word' id='word_1_205' title='bbox 707 1106 914 1142; x_wconf 80' lang='grc' dir='ltr'>ἀπενενήγμεθα</span> 
     </span>
    </p>
   </div>
   <div class='ocr_carea' id='block_1_25' title="bbox 127 1153 915 1195">
    <p class='ocr_par' dir='ltr' id='par_1_25' title="bbox 127 1153 915 1195">
     <span class='ocr_line' id='line_1_25' title="bbox 127 1153 915 1195; baseline -0.013 -8"><span class='ocrx_word' id='word_1_206' title='bbox 127 1161 175 1195; x_wconf 83' lang='grc' dir='ltr'>τῆς</span> <span class='ocrx_word' id='word_1_207' title='bbox 192 1161 220 1186; x_wconf 78' lang='grc' dir='ltr'>ὲν</span> <span class='ocrx_word' id='word_1_208' title='bbox 235 1160 311 1194; x_wconf 77' lang='grc' dir='ltr'>νόμῳ</span> <span class='ocrx_word' id='word_1_209' title='bbox 330 1158 400 1192; x_wconf 80' lang='grc' dir='ltr'>ζωῆς</span> <span class='ocrx_word' id='word_1_210' title='bbox 413 1157 463 1192; x_wconf 85' lang='grc' dir='ltr'><strong>τὴν</strong></span> <span class='ocrx_word' id='word_1_211' title='bbox 477 1156 565 1190; x_wconf 66' lang='grc' dir='ltr'>Θλίψιν</span> <span class='ocrx_word' id='word_1_212' title='bbox 584 1155 764 1186; x_wconf 75' lang='grc' dir='ltr'>ἐκϐαίνοντες,</span> <span class='ocrx_word' id='word_1_213' title='bbox 787 1153 915 1188; x_wconf 83' lang='grc' dir='ltr'>ὑπεμφή-</span> 
     </span>
    </p>
   </div>
   <div class='ocr_carea' id='block_1_26' title="bbox 129 1199 917 1240">
    <p class='ocr_par' dir='ltr' id='par_1_26' title="bbox 129 1199 917 1240">
     <span class='ocr_line' id='line_1_26' title="bbox 129 1199 917 1240; baseline -0.011 -7"><span class='ocrx_word' id='word_1_214' title='bbox 129 1215 199 1232; x_wconf 86' lang='grc' dir='ltr'>νειεν</span> <span class='ocrx_word' id='word_1_215' title='bbox 210 1206 243 1232; x_wconf 73' lang='grc' dir='ltr'><strong>ἂν</strong></span> <span class='ocrx_word' id='word_1_216' title='bbox 252 1206 266 1231; x_wconf 72' lang='grc' dir='ltr'><strong>ὁ</strong></span> <span class='ocrx_word' id='word_1_217' title='bbox 274 1204 363 1240; x_wconf 84' lang='grc' dir='ltr'>τρίτος</span> <span class='ocrx_word' id='word_1_218' title='bbox 372 1205 438 1238; x_wconf 74' lang='grc' dir='ltr'>ἡμῖν</span> <span class='ocrx_word' id='word_1_219' title='bbox 455 1202 555 1237; x_wconf 72' lang='grc' dir='ltr'><strong>Ίάφεθ,</strong></span> <span class='ocrx_word' id='word_1_220' title='bbox 567 1201 606 1233; x_wconf 86' lang='grc' dir='ltr'><strong>είς</strong></span> <span class='ocrx_word' id='word_1_221' title='bbox 619 1199 799 1234; x_wconf 71' lang='grc' dir='ltr'>πλατυσμὸν</span> <span class='ocrx_word' id='word_1_222' title='bbox 809 1207 917 1234; x_wconf 66' lang='grc' dir='ltr'>μετονοη</span> 
     </span>
    </p>
   </div>
   <div class='ocr_carea' id='block_1_27' title="bbox 130 1243 917 1287">
    <p class='ocr_par' dir='ltr' id='par_1_27' title="bbox 130 1243 917 1287">
     <span class='ocr_line' id='line_1_27' title="bbox 130 1243 917 1287; baseline -0.011 -9"><span class='ocrx_word' id='word_1_223' title='bbox 130 1251 291 1287; x_wconf 60' lang='grc' dir='ltr'>μαξάμενος.</span> <span class='ocrx_word' id='word_1_224' title='bbox 316 1248 453 1280; x_wconf 80' lang='grc' dir='ltr'>Ἰουδαίοις</span> <span class='ocrx_word' id='word_1_225' title='bbox 475 1248 522 1283; x_wconf 74' lang='grc' dir='ltr'>μὲν</span> <span class='ocrx_word' id='word_1_226' title='bbox 540 1247 594 1283; x_wconf 79' lang='grc' dir='ltr'>γὰρ</span> <span class='ocrx_word' id='word_1_227' title='bbox 611 1245 781 1283; x_wconf 71' lang='grc' dir='ltr'>προσεφώνει</span> <span class='ocrx_word' id='word_1_228' title='bbox 795 1245 860 1276; x_wconf 83' lang='grc' dir='ltr'>Θεὸς</span> <span class='ocrx_word' id='word_1_229' title='bbox 874 1243 917 1270; x_wconf 82' lang='grc' dir='ltr'>διὰ</span> 
     </span>
    </p>
   </div>
   <div class='ocr_carea' id='block_1_28' title="bbox 129 1290 917 1332">
    <p class='ocr_par' dir='ltr' id='par_1_28' title="bbox 129 1290 917 1332">
     <span class='ocr_line' id='line_1_28' title="bbox 129 1290 917 1332; baseline -0.01 -8"><span class='ocrx_word' id='word_1_230' title='bbox 129 1297 222 1332; x_wconf 78' lang='grc' dir='ltr'>φωνῆς</span> <span class='ocrx_word' id='word_1_231' title='bbox 247 1296 360 1322; x_wconf 76' lang='grc' dir='ltr'>Ἡσαΐου</span> <span class='ocrx_word' id='word_1_232' title='bbox 372 1304 378 1311; x_wconf 92' lang='grc'><strong>·</strong></span> <span class='ocrx_word' id='word_1_233' title='bbox 397 1304 406 1319; x_wconf 78' lang='grc' dir='ltr'>ι</span> <span class='ocrx_word' id='word_1_234' title='bbox 419 1293 566 1320; x_wconf 78' lang='grc' dir='ltr'>Ἀκούσατε</span> <span class='ocrx_word' id='word_1_235' title='bbox 589 1292 667 1326; x_wconf 82' lang='grc' dir='ltr'>λόγον</span> <span class='ocrx_word' id='word_1_236' title='bbox 692 1291 806 1326; x_wconf 82' lang='grc' dir='ltr'>Κυρίου,</span> <span class='ocrx_word' id='word_1_237' title='bbox 823 1290 917 1326; x_wconf 78' lang='grc' dir='ltr'>ἄνδρες</span> 
     </span>
    </p>
   </div>
   <div class='ocr_carea' id='block_1_29' title="bbox 130 1336 918 1377">
    <p class='ocr_par' dir='ltr' id='par_1_29' title="bbox 130 1336 918 1377">
     <span class='ocr_line' id='line_1_29' title="bbox 130 1336 918 1377; baseline -0.008 -9"><span class='ocrx_word' id='word_1_238' title='bbox 130 1342 318 1377; x_wconf 80' lang='grc' dir='ltr'>τεθλιμμένοι,</span> <span class='ocrx_word' id='word_1_239' title='bbox 335 1341 382 1367; x_wconf 75' lang='grc' dir='ltr'><strong>καὶ</strong></span> <span class='ocrx_word' id='word_1_240' title='bbox 398 1340 525 1376; x_wconf 78' lang='grc' dir='ltr'>ἄρχοντες</span> <span class='ocrx_word' id='word_1_241' title='bbox 537 1338 583 1365; x_wconf 82' lang='grc' dir='ltr'><strong>τοῦ</strong></span> <span class='ocrx_word' id='word_1_242' title='bbox 595 1338 659 1364; x_wconf 70' lang='grc' dir='ltr'><strong>λαῖοῦ</strong></span> <span class='ocrx_word' id='word_1_243' title='bbox 675 1336 722 1364; x_wconf 80' lang='grc' dir='ltr'>τοῦ</span> <span class='ocrx_word' id='word_1_244' title='bbox 734 1338 762 1364; x_wconf 84' lang='grc' dir='ltr'>ὲν</span> <span class='ocrx_word' id='word_1_245' title='bbox 782 1337 918 1372; x_wconf 86' lang='grc' dir='ltr'>Ἰερουσα-</span> 
     </span>
    </p>
   </div>
   <div class='ocr_carea' id='block_1_30' title="bbox 130 1382 919 1422">
    <p class='ocr_par' dir='ltr' id='par_1_30' title="bbox 130 1382 919 1422">
     <span class='ocr_line' id='line_1_30' title="bbox 130 1382 919 1422; baseline -0.009 -7"><span class='ocrx_word' id='word_1_246' title='bbox 130 1388 198 1422; x_wconf 73' lang='grc' dir='ltr'>λήμ·</span> <span class='ocrx_word' id='word_1_247' title='bbox 224 1396 233 1412; x_wconf 80' lang='grc' dir='ltr'>ι</span> <span class='ocrx_word' id='word_1_248' title='bbox 252 1386 307 1413; x_wconf 76' lang='grc' dir='ltr'><strong>Καὶ</strong></span> <span class='ocrx_word' id='word_1_249' title='bbox 331 1386 428 1412; x_wconf 82' lang='grc' dir='ltr'>πάλιν·</span> <span class='ocrx_word' id='word_1_250' title='bbox 451 1394 460 1410; x_wconf 79' lang='lat' dir='ltr'><strong>t</strong></span> <span class='ocrx_word' id='word_1_251' title='bbox 485 1385 594 1412; x_wconf 78' lang='grc' dir='ltr'>Μάθετε</span> <span class='ocrx_word' id='word_1_252' title='bbox 610 1383 719 1410; x_wconf 79' lang='grc' dir='ltr'>ἀκούειν</span> <span class='ocrx_word' id='word_1_253' title='bbox 739 1382 919 1418; x_wconf 77' lang='grc' dir='ltr'>στενοχωρού-</span> 
     </span>
    </p>
   </div>
   <div class='ocr_carea' id='block_1_31' title="bbox 132 1427 919 1468">
    <p class='ocr_par' dir='ltr' id='par_1_31' title="bbox 132 1427 919 1468">
     <span class='ocr_line' id='line_1_31' title="bbox 132 1427 919 1468; baseline -0.009 -8"><span class='ocrx_word' id='word_1_254' title='bbox 132 1442 220 1468; x_wconf 73' lang='grc' dir='ltr'>μενοι.</span> <span class='ocrx_word' id='word_1_255' title='bbox 241 1442 250 1458; x_wconf 75' lang='grc' dir='ltr'>ι</span> <span class='ocrx_word' id='word_1_256' title='bbox 273 1430 446 1467; x_wconf 70' lang='grc' dir='ltr'>Ἐκῦεῦηκὼς</span> <span class='ocrx_word' id='word_1_257' title='bbox 463 1431 492 1456; x_wconf 84' lang='grc' dir='ltr'><strong>δὲ</strong></span> <span class='ocrx_word' id='word_1_258' title='bbox 510 1431 524 1456; x_wconf 84' lang='grc' dir='ltr'>ὁ</span> <span class='ocrx_word' id='word_1_259' title='bbox 542 1429 644 1461; x_wconf 72' lang='grc' dir='ltr'>Παῦλος</span> <span class='ocrx_word' id='word_1_260' title='bbox 661 1428 710 1464; x_wconf 83' lang='grc' dir='ltr'><strong>τὴν</strong></span> <span class='ocrx_word' id='word_1_261' title='bbox 726 1429 756 1454; x_wconf 80' lang='grc' dir='ltr'><strong>ἐν</strong></span> <span class='ocrx_word' id='word_1_262' title='bbox 769 1428 843 1462; x_wconf 84' lang='grc' dir='ltr'>νόμῳ</span> <span class='ocrx_word' id='word_1_263' title='bbox 860 1427 919 1454; x_wconf 81' lang='grc' dir='ltr'>στέ-</span> 
     </span>
    </p>
   </div>
   <div class='ocr_carea' id='block_1_32' title="bbox 131 1474 918 1514">
    <p class='ocr_par' dir='ltr' id='par_1_32' title="bbox 131 1474 918 1514">
     <span class='ocr_line' id='line_1_32' title="bbox 131 1474 918 1514; baseline -0.006 -10"><span class='ocrx_word' id='word_1_264' title='bbox 131 1487 215 1504; x_wconf 84' lang='grc' dir='ltr'>νωσιν</span> <span class='ocrx_word' id='word_1_265' title='bbox 239 1477 459 1514; x_wconf 77' lang='grc' dir='ltr'>προσπεφώνηκὲ</span> <span class='ocrx_word' id='word_1_266' title='bbox 472 1485 526 1502; x_wconf 86' lang='grc' dir='ltr'>τισι</span> <span class='ocrx_word' id='word_1_267' title='bbox 541 1475 594 1502; x_wconf 66' lang='grc' dir='ltr'><strong>τῶν</strong></span> <span class='ocrx_word' id='word_1_268' title='bbox 609 1475 659 1510; x_wconf 72' lang='grc' dir='ltr'><strong>ἤδη</strong></span> <span class='ocrx_word' id='word_1_269' title='bbox 680 1474 900 1502; x_wconf 70' lang='grc' dir='ltr'>πεπιστευκότων</span> <span class='ocrx_word' id='word_1_270' title='bbox 912 1481 918 1487; x_wconf 82' lang='grc'><em>’</em></span> 
     </span>
    </p>
   </div>
   <div class='ocr_carea' id='block_1_33' title="bbox 135 1518 956 1569">
    <p class='ocr_par' dir='ltr' id='par_1_33' title="bbox 135 1518 956 1569">
     <span class='ocr_line' id='line_1_33' title="bbox 135 1518 956 1569; baseline -0.009 -18"><span class='ocrx_word' id='word_1_271' title='bbox 135 1535 144 1550; x_wconf 69' lang='grc' dir='ltr'>ι</span> <span class='ocrx_word' id='word_1_272' title='bbox 159 1525 196 1551; x_wconf 79' lang='grc' dir='ltr'><strong>Τὸ</strong></span> <span class='ocrx_word' id='word_1_273' title='bbox 211 1525 298 1560; x_wconf 81' lang='grc' dir='ltr'>στόμα</span> <span class='ocrx_word' id='word_1_274' title='bbox 320 1524 397 1559; x_wconf 79' lang='grc' dir='ltr'>ἡμῶν</span> <span class='ocrx_word' id='word_1_275' title='bbox 414 1522 516 1557; x_wconf 76' lang='grc' dir='ltr'>ἀνέῳγε</span> <span class='ocrx_word' id='word_1_276' title='bbox 539 1521 606 1556; x_wconf 83' lang='grc' dir='ltr'>πρὸς</span> <span class='ocrx_word' id='word_1_277' title='bbox 620 1521 704 1556; x_wconf 79' lang='grc' dir='ltr'>ὑμᾶς,</span> <span class='ocrx_word' id='word_1_278' title='bbox 724 1519 870 1555; x_wconf 79' lang='grc' dir='ltr'>Κορίνθιοι.</span> <span class='ocrx_word' id='word_1_279' title='bbox 888 1518 921 1545; x_wconf 82' lang='grc' dir='ltr'><strong>Ἦ</strong></span> <span class='ocrx_word' id='word_1_280' title='bbox 935 1541 956 1569; x_wconf 75' lang='lat' dir='ltr'><strong><em>C</em></strong></span> 
     </span>
    </p>
   </div>
   <div class='ocr_carea' id='block_1_34' title="bbox 133 1565 920 1606">
    <p class='ocr_par' dir='ltr' id='par_1_34' title="bbox 133 1565 920 1606">
     <span class='ocr_line' id='line_1_34' title="bbox 133 1565 920 1606; baseline -0.01 -8"><span class='ocrx_word' id='word_1_281' title='bbox 133 1571 232 1606; x_wconf 74' lang='grc' dir='ltr'>καρδία</span> <span class='ocrx_word' id='word_1_282' title='bbox 248 1570 325 1605; x_wconf 79' lang='grc' dir='ltr'>ἡμῶν</span> <span class='ocrx_word' id='word_1_283' title='bbox 334 1569 504 1596; x_wconf 80' lang='grc' dir='ltr'>πεπλάτυται</span> <span class='ocrx_word' id='word_1_284' title='bbox 515 1577 521 1583; x_wconf 86' lang='grc'>·</span> <span class='ocrx_word' id='word_1_285' title='bbox 533 1568 562 1594; x_wconf 76' lang='grc' dir='ltr'>οὐ</span> <span class='ocrx_word' id='word_1_286' title='bbox 580 1565 790 1601; x_wconf 76' lang='grc' dir='ltr'>στενοχωρεῖσθε</span> <span class='ocrx_word' id='word_1_287' title='bbox 804 1566 832 1590; x_wconf 81' lang='grc' dir='ltr'>ἐν</span> <span class='ocrx_word' id='word_1_288' title='bbox 844 1565 920 1599; x_wconf 78' lang='grc' dir='ltr'>ἡμῖν,</span> 
     </span>
    </p>
   </div>
   <div class='ocr_carea' id='block_1_35' title="bbox 134 1609 922 1651">
    <p class='ocr_par' dir='ltr' id='par_1_35' title="bbox 134 1609 922 1651">
     <span class='ocr_line' id='line_1_35' title="bbox 134 1609 922 1651; baseline -0.01 -8"><span class='ocrx_word' id='word_1_289' title='bbox 134 1615 352 1651; x_wconf 82' lang='grc' dir='ltr'>Στενοχωρεῖσθε</span> <span class='ocrx_word' id='word_1_290' title='bbox 371 1615 399 1641; x_wconf 81' lang='grc' dir='ltr'>δὲ</span> <span class='ocrx_word' id='word_1_291' title='bbox 421 1615 449 1640; x_wconf 78' lang='grc' dir='ltr'>ὲν</span> <span class='ocrx_word' id='word_1_292' title='bbox 469 1615 524 1645; x_wconf 82' lang='grc' dir='ltr'>τοῖς</span> <span class='ocrx_word' id='word_1_293' title='bbox 540 1613 704 1647; x_wconf 82' lang='grc' dir='ltr'>σπλάγχνοις</span> <span class='ocrx_word' id='word_1_294' title='bbox 719 1610 807 1646; x_wconf 80' lang='grc' dir='ltr'>ὑμῶν.</span> <span class='ocrx_word' id='word_1_295' title='bbox 824 1610 880 1645; x_wconf 82' lang='grc' dir='ltr'><strong>Τὴν</strong></span> <span class='ocrx_word' id='word_1_296' title='bbox 895 1609 922 1636; x_wconf 79' lang='grc' dir='ltr'><strong>δὲ</strong></span> 
     </span>
    </p>
   </div>
   <div class='ocr_carea' id='block_1_36' title="bbox 134 1655 924 1697">
    <p class='ocr_par' dir='ltr' id='par_1_36' title="bbox 134 1655 924 1697">
     <span class='ocr_line' id='line_1_36' title="bbox 134 1655 924 1697; baseline -0.009 -9"><span class='ocrx_word' id='word_1_297' title='bbox 134 1662 222 1697; x_wconf 72' lang='grc' dir='ltr'>αὐτὴν</span> <span class='ocrx_word' id='word_1_298' title='bbox 235 1660 418 1696; x_wconf 83' lang='grc' dir='ltr'>ἀντιμισθίαν.</span> <span class='ocrx_word' id='word_1_299' title='bbox 434 1659 471 1690; x_wconf 73' lang='grc' dir='ltr'>ὡς</span> <span class='ocrx_word' id='word_1_300' title='bbox 485 1658 590 1690; x_wconf 78' lang='grc' dir='ltr'>τέκνοις</span> <span class='ocrx_word' id='word_1_301' title='bbox 601 1658 683 1692; x_wconf 78' lang='grc' dir='ltr'>λέγω,</span> <span class='ocrx_word' id='word_1_302' title='bbox 698 1655 866 1691; x_wconf 78' lang='grc' dir='ltr'>πλατύνθητε</span> <span class='ocrx_word' id='word_1_303' title='bbox 878 1655 924 1682; x_wconf 78' lang='grc' dir='ltr'>καὶ</span> 
     </span>
    </p>
   </div>
   <div class='ocr_carea' id='block_1_37' title="bbox 135 1702 924 1743">
    <p class='ocr_par' dir='ltr' id='par_1_37' title="bbox 135 1702 924 1743">
     <span class='ocr_line' id='line_1_37' title="bbox 135 1702 924 1743; baseline -0.01 -8"><span class='ocrx_word' id='word_1_304' title='bbox 135 1708 228 1743; x_wconf 77' lang='grc' dir='ltr'>ὑμεῖς.</span> <span class='ocrx_word' id='word_1_305' title='bbox 246 1707 291 1743; x_wconf 81' lang='grc' dir='ltr'><strong>Μὴ</strong></span> <span class='ocrx_word' id='word_1_306' title='bbox 305 1706 412 1741; x_wconf 68' lang='grc' dir='ltr'>γίνεσθε</span> <span class='ocrx_word' id='word_1_307' title='bbox 426 1705 649 1740; x_wconf 78' lang='grc' dir='ltr'>ἑτεροζυγοῦντες</span> <span class='ocrx_word' id='word_1_308' title='bbox 663 1703 798 1732; x_wconf 83' lang='grc' dir='ltr'>ἀπίστοις.</span> <span class='ocrx_word' id='word_1_309' title='bbox 812 1711 821 1727; x_wconf 83' lang='grc'><strong>›</strong></span> <span class='ocrx_word' id='word_1_310' title='bbox 844 1702 924 1728; x_wconf 80' lang='grc' dir='ltr'>Ἠκο-</span> 
     </span>
    </p>
   </div>
   <div class='ocr_carea' id='block_1_38' title="bbox 135 1746 926 1787">
    <p class='ocr_par' dir='ltr' id='par_1_38' title="bbox 135 1746 926 1787">
     <span class='ocr_line' id='line_1_38' title="bbox 135 1746 926 1787; baseline -0.01 -7"><span class='ocrx_word' id='word_1_311' title='bbox 135 1753 250 1780; x_wconf 82' lang='grc' dir='ltr'>λοὺοουν</span> <span class='ocrx_word' id='word_1_312' title='bbox 264 1752 318 1787; x_wconf 78' lang='grc' dir='ltr'>γὰρ</span> <span class='ocrx_word' id='word_1_313' title='bbox 332 1752 371 1778; x_wconf 73' lang='grc' dir='ltr'>ἔτι</span> <span class='ocrx_word' id='word_1_314' title='bbox 386 1752 443 1782; x_wconf 83' lang='grc' dir='ltr'>τοῖς</span> <span class='ocrx_word' id='word_1_315' title='bbox 468 1750 601 1776; x_wconf 85' lang='grc' dir='ltr'>Ἰουδαίων</span> <span class='ocrx_word' id='word_1_316' title='bbox 618 1747 768 1783; x_wconf 80' lang='grc' dir='ltr'>ὲντὰλμασι</span> <span class='ocrx_word' id='word_1_317' title='bbox 778 1746 845 1780; x_wconf 48' lang='grc' dir='ltr'>[καὶ</span> <span class='ocrx_word' id='word_1_318' title='bbox 864 1747 926 1773; x_wconf 79' lang='grc' dir='ltr'>ἀνο-</span> 
     </span>
    </p>
   </div>
   <div class='ocr_carea' id='block_1_39' title="bbox 136 1791 927 1835">
    <p class='ocr_par' dir='ltr' id='par_1_39' title="bbox 136 1791 927 1835">
     <span class='ocr_line' id='line_1_39' title="bbox 136 1791 927 1835; baseline -0.011 -9"><span class='ocrx_word' id='word_1_319' title='bbox 136 1800 230 1835; x_wconf 79' lang='grc' dir='ltr'>νήτοις</span> <span class='ocrx_word' id='word_1_320' title='bbox 255 1796 475 1827; x_wconf 79' lang='grc' dir='ltr'>είκαιοόουλίαις.</span> <span class='ocrx_word' id='word_1_321' title='bbox 496 1795 599 1822; x_wconf 82' lang='grc' dir='ltr'>Ψάλλει</span> <span class='ocrx_word' id='word_1_322' title='bbox 623 1794 652 1820; x_wconf 73' lang='grc' dir='ltr'><strong>δέ</strong></span> <span class='ocrx_word' id='word_1_323' title='bbox 676 1802 726 1820; x_wconf 86' lang='grc' dir='ltr'><strong>που</strong></span> <span class='ocrx_word' id='word_1_324' title='bbox 747 1793 794 1819; x_wconf 67' lang='grc' dir='ltr'>καὶ</span> <span class='ocrx_word' id='word_1_325' title='bbox 811 1794 824 1818; x_wconf 85' lang='grc' dir='ltr'>ὁ</span> <span class='ocrx_word' id='word_1_326' title='bbox 845 1791 927 1818; x_wconf 70' lang='grc' dir='ltr'><strong>Δαϐὶδ</strong></span> 
     </span>
    </p>
   </div>
   <div class='ocr_carea' id='block_1_40' title="bbox 137 1839 927 1880">
    <p class='ocr_par' dir='ltr' id='par_1_40' title="bbox 137 1839 927 1880">
     <span class='ocr_line' id='line_1_40' title="bbox 137 1839 927 1880; baseline -0.011 -8"><span class='ocrx_word' id='word_1_327' title='bbox 137 1845 209 1880; x_wconf 75' lang='grc' dir='ltr'>πρὸς</span> <span class='ocrx_word' id='word_1_328' title='bbox 225 1845 271 1872; x_wconf 63' lang='grc' dir='ltr'>τὸν</span> <span class='ocrx_word' id='word_1_329' title='bbox 290 1844 346 1870; x_wconf 88' lang='grc' dir='ltr'><strong>τῶν</strong></span> <span class='ocrx_word' id='word_1_330' title='bbox 365 1843 439 1870; x_wconf 81' lang='grc' dir='ltr'>ὅλων</span> <span class='ocrx_word' id='word_1_331' title='bbox 455 1841 569 1876; x_wconf 77' lang='grc' dir='ltr'>Σωτῆρα</span> <span class='ocrx_word' id='word_1_332' title='bbox 583 1840 711 1875; x_wconf 80' lang='grc' dir='ltr'>Χριστὸν,</span> <span class='ocrx_word' id='word_1_333' title='bbox 731 1839 768 1871; x_wconf 82' lang='grc' dir='ltr'>ὡς</span> <span class='ocrx_word' id='word_1_334' title='bbox 791 1839 823 1865; x_wconf 76' lang='grc' dir='ltr'>ἐκ</span> <span class='ocrx_word' id='word_1_335' title='bbox 841 1846 927 1874; x_wconf 85' lang='grc' dir='ltr'>προσ-</span> 
     </span>
    </p>
   </div>
   <div class='ocr_carea' id='block_1_41' title="bbox 139 1883 928 1922">
    <p class='ocr_par' dir='ltr' id='par_1_41' title="bbox 139 1883 928 1922">
     <span class='ocr_line' id='line_1_41' title="bbox 139 1883 928 1922; baseline -0.011 -3"><span class='ocrx_word' id='word_1_336' title='bbox 139 1892 217 1918; x_wconf 82' lang='grc' dir='ltr'>ώπου</span> <span class='ocrx_word' id='word_1_337' title='bbox 233 1891 280 1918; x_wconf 83' lang='grc' dir='ltr'>τοῦ</span> <span class='ocrx_word' id='word_1_338' title='bbox 296 1891 355 1917; x_wconf 82' lang='grc' dir='ltr'>νέου</span> <span class='ocrx_word' id='word_1_339' title='bbox 368 1888 433 1916; x_wconf 82' lang='grc' dir='ltr'>λαοῦ</span> <span class='ocrx_word' id='word_1_340' title='bbox 450 1888 496 1915; x_wconf 83' lang='grc' dir='ltr'>καὶ</span> <span class='ocrx_word' id='word_1_341' title='bbox 506 1888 535 1913; x_wconf 79' lang='grc' dir='ltr'>ὲν</span> <span class='ocrx_word' id='word_1_342' title='bbox 548 1885 674 1922; x_wconf 85' lang='grc' dir='ltr'>Χριστῷ·</span> <span class='ocrx_word' id='word_1_343' title='bbox 693 1895 701 1911; x_wconf 77' lang='grc' dir='ltr'>ι</span> <span class='ocrx_word' id='word_1_344' title='bbox 729 1885 801 1912; x_wconf 72' lang='grc' dir='ltr'><strong>Ὁδδν</strong></span> <span class='ocrx_word' id='word_1_345' title='bbox 815 1883 928 1911; x_wconf 75' lang='grc' dir='ltr'>ἐντολῶν</span> 
     </span>
    </p>
   </div>
   <div class='ocr_carea' id='block_1_42' title="bbox 140 1931 925 1972">
    <p class='ocr_par' dir='ltr' id='par_1_42' title="bbox 140 1931 925 1972">
     <span class='ocr_line' id='line_1_42' title="bbox 140 1931 925 1972; baseline -0.011 -8"><span class='ocrx_word' id='word_1_346' title='bbox 140 1946 188 1964; x_wconf 85' lang='grc' dir='ltr'><strong>σου</strong></span> <span class='ocrx_word' id='word_1_347' title='bbox 212 1937 339 1972; x_wconf 78' lang='grc' dir='ltr'>ἔδραμον,</span> <span class='ocrx_word' id='word_1_348' title='bbox 361 1936 424 1962; x_wconf 80' lang='grc' dir='ltr'>ὅταν</span> <span class='ocrx_word' id='word_1_349' title='bbox 449 1933 600 1964; x_wconf 81' lang='grc' dir='ltr'>ὲπλάτυνας</span> <span class='ocrx_word' id='word_1_350' title='bbox 617 1932 665 1967; x_wconf 82' lang='grc' dir='ltr'><strong>τὴν</strong></span> <span class='ocrx_word' id='word_1_351' title='bbox 690 1931 802 1967; x_wconf 82' lang='grc' dir='ltr'>καρδίαν</span> <span class='ocrx_word' id='word_1_352' title='bbox 827 1939 887 1965; x_wconf 80' lang='grc' dir='ltr'>μου.</span> <span class='ocrx_word' id='word_1_353' title='bbox 916 1938 925 1954; x_wconf 76' lang='grc' dir='ltr'>ι</span> 
     </span>
    </p>
   </div>
   <div class='ocr_carea' id='block_1_43' title="bbox 140 1975 929 2016">
    <p class='ocr_par' dir='ltr' id='par_1_43' title="bbox 140 1975 929 2016">
     <span class='ocr_line' id='line_1_43' title="bbox 140 1975 929 2016; baseline -0.013 -6"><span class='ocrx_word' id='word_1_354' title='bbox 140 1982 319 2010; x_wconf 83' lang='grc' dir='ltr'>Πεπλάτυται</span> <span class='ocrx_word' id='word_1_355' title='bbox 331 1981 386 2016; x_wconf 83' lang='grc' dir='ltr'>γὰρ</span> <span class='ocrx_word' id='word_1_356' title='bbox 398 1979 476 2015; x_wconf 85' lang='grc' dir='ltr'>ἡμῶν</span> <span class='ocrx_word' id='word_1_357' title='bbox 491 1980 505 2005; x_wconf 86' lang='grc' dir='ltr'>ὁ</span> <span class='ocrx_word' id='word_1_358' title='bbox 519 1978 581 2009; x_wconf 82' lang='grc' dir='ltr'>νοῦς</span> <span class='ocrx_word' id='word_1_359' title='bbox 594 1978 634 2008; x_wconf 83' lang='grc' dir='ltr'><strong>είς</strong></span> <span class='ocrx_word' id='word_1_360' title='bbox 645 1977 752 2011; x_wconf 82' lang='grc' dir='ltr'>σοφίαν,</span> <span class='ocrx_word' id='word_1_361' title='bbox 768 1975 929 2011; x_wconf 80' lang='grc' dir='ltr'>ὲνηυλισμέ-</span> 
     </span>
    </p>
   </div>
   <div class='ocr_carea' id='block_1_44' title="bbox 140 2020 930 2062">
    <p class='ocr_par' dir='ltr' id='par_1_44' title="bbox 140 2020 930 2062">
     <span class='ocr_line' id='line_1_44' title="bbox 140 2020 930 2062; baseline -0.013 -6"><span class='ocrx_word' id='word_1_362' title='bbox 140 2038 187 2056; x_wconf 91' lang='grc' dir='ltr'><strong>νου</strong></span> <span class='ocrx_word' id='word_1_363' title='bbox 208 2037 238 2055; x_wconf 86' lang='grc' dir='ltr'><strong>τε</strong></span> <span class='ocrx_word' id='word_1_364' title='bbox 259 2028 306 2054; x_wconf 77' lang='grc' dir='ltr'>καὶ</span> <span class='ocrx_word' id='word_1_365' title='bbox 327 2026 466 2062; x_wconf 81' lang='grc' dir='ltr'>ᾠκηκότος</span> <span class='ocrx_word' id='word_1_366' title='bbox 486 2025 514 2051; x_wconf 78' lang='grc' dir='ltr'><strong>ἐν</strong></span> <span class='ocrx_word' id='word_1_367' title='bbox 536 2024 594 2054; x_wconf 80' lang='grc' dir='ltr'>ταῖς</span> <span class='ocrx_word' id='word_1_368' title='bbox 617 2022 745 2048; x_wconf 77' lang='grc' dir='ltr'>ἁπάντων</span> <span class='ocrx_word' id='word_1_369' title='bbox 766 2021 866 2056; x_wconf 80' lang='grc' dir='ltr'>ψυχαῖς</span> <span class='ocrx_word' id='word_1_370' title='bbox 887 2020 930 2047; x_wconf 78' lang='grc' dir='ltr'><strong>διὰ</strong></span> 
     </span>
    </p>
   </div>
   <div class='ocr_carea' id='block_1_45' title="bbox 141 2065 931 2109">
    <p class='ocr_par' dir='ltr' id='par_1_45' title="bbox 141 2065 931 2109">
     <span class='ocr_line' id='line_1_45' title="bbox 141 2065 931 2109; baseline -0.013 -7"><span class='ocrx_word' id='word_1_371' title='bbox 141 2075 301 2109; x_wconf 79' lang='grc' dir='ltr'>πνεύματος</span> <span class='ocrx_word' id='word_1_372' title='bbox 319 2072 367 2099; x_wconf 80' lang='grc' dir='ltr'><strong>τοῦ</strong></span> <span class='ocrx_word' id='word_1_373' title='bbox 393 2069 577 2107; x_wconf 78' lang='grc' dir='ltr'>Ἐμμανουήλ.</span> <span class='ocrx_word' id='word_1_374' title='bbox 600 2067 703 2096; x_wconf 85' lang='grc' dir='ltr'>Τοιοίδε</span> <span class='ocrx_word' id='word_1_375' title='bbox 721 2068 770 2103; x_wconf 81' lang='grc' dir='ltr'>μὲν</span> <span class='ocrx_word' id='word_1_376' title='bbox 789 2065 834 2093; x_wconf 78' lang='grc' dir='ltr'><strong>οὖν</strong></span> <span class='ocrx_word' id='word_1_377' title='bbox 857 2067 880 2093; x_wconf 83' lang='grc' dir='ltr'>οἱ</span> <span class='ocrx_word' id='word_1_378' title='bbox 904 2067 931 2093; x_wconf 80' lang='grc' dir='ltr'><strong>ὲν</strong></span> 
     </span>
    </p>
   </div>
   <div class='ocr_carea' id='block_1_46' title="bbox 95 2114 455 2154">
    <p class='ocr_par' dir='ltr' id='par_1_46' title="bbox 95 2114 455 2154">
     <span class='ocr_line' id='line_1_46' title="bbox 95 2114 455 2154; baseline -0.017 -5"><span class='ocrx_word' id='word_1_379' title='bbox 95 2114 101 2117; x_wconf 34' lang='grc'><strong><em>⁷</em></strong></span> <span class='ocrx_word' id='word_1_380' title='bbox 141 2119 255 2154; x_wconf 82' lang='grc' dir='ltr'>Χριστῷ</span> <span class='ocrx_word' id='word_1_381' title='bbox 268 2119 311 2146; x_wconf 77' lang='grc' dir='ltr'><strong>διὰ</strong></span> <span class='ocrx_word' id='word_1_382' title='bbox 326 2118 455 2149; x_wconf 80' lang='grc' dir='ltr'>πίστεως.</span> 
     </span>
    </p>
   </div>
   <div class='ocr_carea' id='block_1_47' title="bbox 177 2157 933 2201">
    <p class='ocr_par' dir='ltr' id='par_1_47' title="bbox 177 2157 933 2201">
     <span class='ocr_line' id='line_1_47' title="bbox 177 2157 933 2201; baseline -0.013 -9"><span class='ocrx_word' id='word_1_383' title='bbox 177 2169 216 2201; x_wconf 85' lang='grc' dir='ltr'><strong>η’.</strong></span> <span class='ocrx_word' id='word_1_384' title='bbox 227 2165 287 2192; x_wconf 88' lang='grc' dir='ltr'>Ὅτι</span> <span class='ocrx_word' id='word_1_385' title='bbox 301 2164 329 2191; x_wconf 79' lang='grc' dir='ltr'><strong>δὲ</strong></span> <span class='ocrx_word' id='word_1_386' title='bbox 339 2163 452 2197; x_wconf 82' lang='grc' dir='ltr'>πλείστη</span> <span class='ocrx_word' id='word_1_387' title='bbox 468 2161 516 2197; x_wconf 84' lang='grc' dir='ltr'><strong>μὲν</strong></span> <span class='ocrx_word' id='word_1_388' title='bbox 528 2162 545 2196; x_wconf 83' lang='grc' dir='ltr'>ἡ</span> <span class='ocrx_word' id='word_1_389' title='bbox 558 2159 613 2187; x_wconf 85' lang='grc' dir='ltr'>τῶν</span> <span class='ocrx_word' id='word_1_390' title='bbox 619 2160 648 2185; x_wconf 79' lang='grc' dir='ltr'><strong>ἐν</strong></span> <span class='ocrx_word' id='word_1_391' title='bbox 657 2158 746 2185; x_wconf 84' lang='grc' dir='ltr'>πίστει</span> <span class='ocrx_word' id='word_1_392' title='bbox 757 2157 933 2192; x_wconf 82' lang='grc' dir='ltr'>δεδικαιωμέ-</span> 
     </span>
    </p>
   </div>
   <div class='ocr_carea' id='block_1_48' title="bbox 954 241 1743 277">
    <p class='ocr_par' dir='ltr' id='par_1_48' title="bbox 954 241 1743 277">
     <span class='ocr_line' id='line_1_48' title="bbox 954 241 1743 277; baseline 0 -8"><span class='ocrx_word' id='word_1_393' title='bbox 954 250 1007 277; x_wconf 91' lang='lat' dir='ltr'><strong>que</strong></span> <span class='ocrx_word' id='word_1_394' title='bbox 1024 241 1202 269; x_wconf 84' lang='lat' dir='ltr'><strong>intellectuali</strong></span> <span class='ocrx_word' id='word_1_395' title='bbox 1219 244 1247 268; x_wconf 84' lang='lat' dir='ltr'><strong>et</strong></span> <span class='ocrx_word' id='word_1_396' title='bbox 1258 241 1342 268; x_wconf 90' lang='lat' dir='ltr'><strong>veluti</strong></span> <span class='ocrx_word' id='word_1_397' title='bbox 1356 241 1452 267; x_wconf 86' lang='lat' dir='ltr'><strong>ardore</strong></span> <span class='ocrx_word' id='word_1_398' title='bbox 1467 249 1515 275; x_wconf 87' lang='lat' dir='ltr'><strong>per</strong></span> <span class='ocrx_word' id='word_1_399' title='bbox 1532 241 1669 275; x_wconf 90' lang='lat' dir='ltr'><strong>spiritum,</strong></span> <span class='ocrx_word' id='word_1_400' title='bbox 1682 251 1743 277; x_wconf 81' lang='lat' dir='ltr'><strong>gra-</strong></span> 
     </span>
    </p>
   </div>
   <div class='ocr_carea' id='block_1_49' title="bbox 955 286 1745 322">
    <p class='ocr_par' dir='ltr' id='par_1_49' title="bbox 955 286 1745 322">
     <span class='ocr_line' id='line_1_49' title="bbox 955 286 1745 322; baseline -0.003 -8"><span class='ocrx_word' id='word_1_401' title='bbox 955 288 1030 319; x_wconf 88' lang='lat' dir='ltr'><strong>tiam,</strong></span> <span class='ocrx_word' id='word_1_402' title='bbox 1048 295 1108 322; x_wconf 79' lang='lat' dir='ltr'><strong>quae</strong></span> <span class='ocrx_word' id='word_1_403' title='bbox 1117 287 1151 314; x_wconf 88' lang='lat' dir='ltr'><strong>ab</strong></span> <span class='ocrx_word' id='word_1_404' title='bbox 1166 286 1225 321; x_wconf 92' lang='lat' dir='ltr'><strong>ipso</strong></span> <span class='ocrx_word' id='word_1_405' title='bbox 1242 286 1269 313; x_wconf 91' lang='lat' dir='ltr'><strong>in</strong></span> <span class='ocrx_word' id='word_1_406' title='bbox 1286 294 1336 313; x_wconf 91' lang='lat' dir='ltr'><strong>nos</strong></span> <span class='ocrx_word' id='word_1_407' title='bbox 1352 286 1481 317; x_wconf 75' lang='lat' dir='ltr'><strong>manavit,</strong></span> <span class='ocrx_word' id='word_1_408' title='bbox 1498 290 1626 320; x_wconf 74' lang='lat' dir='ltr'><strong>operatus</strong></span> <span class='ocrx_word' id='word_1_409' title='bbox 1637 287 1745 314; x_wconf 60' lang='lat' dir='ltr'><strong>sill-1m.</strong></span> 
     </span>
    </p>
   </div>
   <div class='ocr_carea' id='block_1_50' title="bbox 955 331 1744 368">
    <p class='ocr_par' dir='ltr' id='par_1_50' title="bbox 955 331 1744 368">
     <span class='ocr_line' id='line_1_50' title="bbox 955 331 1744 368; baseline -0.001 -8"><span class='ocrx_word' id='word_1_410' title='bbox 955 334 1074 365; x_wconf 86' lang='lat' dir='ltr'><strong>manuel,</strong></span> <span class='ocrx_word' id='word_1_411' title='bbox 1087 333 1228 360; x_wconf 83' lang='lat' dir='ltr'><strong>confirmat</strong></span> <span class='ocrx_word' id='word_1_412' title='bbox 1243 331 1352 359; x_wconf 83' lang='lat' dir='ltr'><strong>divinus</strong></span> <span class='ocrx_word' id='word_1_413' title='bbox 1366 331 1475 364; x_wconf 79' lang='lat' dir='ltr'><strong>Paulus,</strong></span> <span class='ocrx_word' id='word_1_414' title='bbox 1486 332 1586 367; x_wconf 83' lang='lat' dir='ltr'><strong>jubens</strong></span> <span class='ocrx_word' id='word_1_415' title='bbox 1600 339 1647 359; x_wconf 85' lang='lat' dir='ltr'><strong>eos</strong></span> <span class='ocrx_word' id='word_1_416' title='bbox 1674 342 1682 358; x_wconf 80' lang='grc' dir='ltr'>ι</span> <span class='ocrx_word' id='word_1_417' title='bbox 1698 334 1744 368; x_wconf 89' lang='lat' dir='ltr'><strong>qui</strong></span> 
     </span>
    </p>
   </div>
   <div class='ocr_carea' id='block_1_51' title="bbox 955 377 1747 412">
    <p class='ocr_par' dir='ltr' id='par_1_51' title="bbox 955 377 1747 412">
     <span class='ocr_line' id='line_1_51' title="bbox 955 377 1747 412; baseline -0.003 -6"><span class='ocrx_word' id='word_1_418' title='bbox 955 380 984 406; x_wconf 90' lang='lat' dir='ltr'><strong>in</strong></span> <span class='ocrx_word' id='word_1_419' title='bbox 1001 379 1216 407; x_wconf 78' lang='lat' dir='ltr'><strong>sanctificatione</strong></span> <span class='ocrx_word' id='word_1_420' title='bbox 1230 378 1319 406; x_wconf 82' lang='lat' dir='ltr'><strong>vocati</strong></span> <span class='ocrx_word' id='word_1_421' title='bbox 1340 383 1413 410; x_wconf 89' lang='lat' dir='ltr'><strong>sunt,</strong></span> <span class='ocrx_word' id='word_1_422' title='bbox 1434 377 1571 404; x_wconf 89' lang='lat' dir='ltr'><strong>ferventes</strong></span> <span class='ocrx_word' id='word_1_423' title='bbox 1587 378 1684 412; x_wconf 91' lang='lat' dir='ltr'><strong>spiritu</strong></span> <span class='ocrx_word' id='word_1_424' title='bbox 1706 379 1747 405; x_wconf 89' lang='lat' dir='ltr'><strong>vi-</strong></span> 
     </span>
    </p>
   </div>
   <div class='ocr_carea' id='block_1_52' title="bbox 956 422 1746 458">
    <p class='ocr_par' dir='ltr' id='par_1_52' title="bbox 956 422 1746 458">
     <span class='ocr_line' id='line_1_52' title="bbox 956 422 1746 458; baseline -0.003 -7"><span class='ocrx_word' id='word_1_425' title='bbox 956 425 1014 452; x_wconf 88' lang='lat' dir='ltr'><strong>deri</strong></span> <span class='ocrx_word' id='word_1_426' title='bbox 1035 425 1068 451; x_wconf 87' lang='grc'><strong>¹⁷.</strong></span> <span class='ocrx_word' id='word_1_427' title='bbox 1090 435 1098 450; x_wconf 71' lang='grc' dir='ltr'>ι</span> <span class='ocrx_word' id='word_1_428' title='bbox 1122 424 1199 458; x_wconf 86' lang='lat' dir='ltr'><strong>Quod</strong></span> <span class='ocrx_word' id='word_1_429' title='bbox 1217 423 1396 450; x_wconf 88' lang='lat' dir='ltr'><strong>nihilominus</strong></span> <span class='ocrx_word' id='word_1_430' title='bbox 1419 427 1534 450; x_wconf 78' lang='lat' dir='ltr'><strong>testatur</strong></span> <span class='ocrx_word' id='word_1_431' title='bbox 1548 422 1677 455; x_wconf 85' lang='lat' dir='ltr'><strong>Joannes,</strong></span> <span class='ocrx_word' id='word_1_432' title='bbox 1703 423 1746 450; x_wconf 88' lang='lat' dir='ltr'><strong>di-</strong></span> 
     </span>
    </p>
   </div>
   <div class='ocr_carea' id='block_1_53' title="bbox 957 469 1746 513">
    <p class='ocr_par' dir='ltr' id='par_1_53' title="bbox 957 469 1746 513">
     <span class='ocr_line' id='line_1_53' title="bbox 957 469 1746 513; baseline -0.003 -15"><span class='ocrx_word' id='word_1_433' title='bbox 957 478 1040 498; x_wconf 85' lang='lat' dir='ltr'><strong>cens:</strong></span> <span class='ocrx_word' id='word_1_434' title='bbox 1059 480 1068 495; x_wconf 79' lang='grc' dir='ltr'>ι</span> <span class='ocrx_word' id='word_1_435' title='bbox 1085 471 1140 505; x_wconf 78' lang='lat' dir='ltr'><strong>Ego</strong></span> <span class='ocrx_word' id='word_1_436' title='bbox 1159 469 1269 504; x_wconf 89' lang='lat' dir='ltr'><strong>quidem</strong></span> <span class='ocrx_word' id='word_1_437' title='bbox 1292 469 1401 513; x_wconf 41' lang='lat' dir='ltr'><strong>bapti&#39;zo</strong></span> <span class='ocrx_word' id='word_1_438' title='bbox 1414 476 1462 496; x_wconf 84' lang='lat' dir='ltr'><strong>vos</strong></span> <span class='ocrx_word' id='word_1_439' title='bbox 1479 469 1506 495; x_wconf 94' lang='lat' dir='ltr'><strong>in</strong></span> <span class='ocrx_word' id='word_1_440' title='bbox 1527 477 1595 503; x_wconf 84' lang='lat' dir='ltr'><strong>aqua</strong></span> <span class='ocrx_word' id='word_1_441' title='bbox 1610 469 1643 496; x_wconf 92' lang='lat' dir='ltr'><strong>ad</strong></span> <span class='ocrx_word' id='word_1_442' title='bbox 1657 469 1746 504; x_wconf 60' lang='lat' dir='ltr'><strong>poeni-</strong></span> 
     </span>
    </p>
   </div>
   <div class='ocr_carea' id='block_1_54' title="bbox 958 514 1746 550">
    <p class='ocr_par' dir='ltr' id='par_1_54' title="bbox 958 514 1746 550">
     <span class='ocr_line' id='line_1_54' title="bbox 958 514 1746 550; baseline -0.004 -6"><span class='ocrx_word' id='word_1_443' title='bbox 958 517 1081 544; x_wconf 83' lang='lat' dir='ltr'><strong>tentiam.</strong></span> <span class='ocrx_word' id='word_1_444' title='bbox 1095 516 1145 549; x_wconf 82' lang='lat' dir='ltr'><strong>Qui</strong></span> <span class='ocrx_word' id='word_1_445' title='bbox 1161 521 1250 543; x_wconf 82' lang='lat' dir='ltr'><strong>autem</strong></span> <span class='ocrx_word' id='word_1_446' title='bbox 1263 519 1324 550; x_wconf 88' lang='lat' dir='ltr'><strong>post</strong></span> <span class='ocrx_word' id='word_1_447' title='bbox 1339 523 1382 542; x_wconf 94' lang='lat' dir='ltr'><strong>me</strong></span> <span class='ocrx_word' id='word_1_448' title='bbox 1391 514 1476 546; x_wconf 86' lang='lat' dir='ltr'><strong>venit,</strong></span> <span class='ocrx_word' id='word_1_449' title='bbox 1489 514 1628 549; x_wconf 89' lang='lat' dir='ltr'><strong>potentior</strong></span> <span class='ocrx_word' id='word_1_450' title='bbox 1639 522 1682 541; x_wconf 87' lang='lat' dir='ltr'><strong>me</strong></span> <span class='ocrx_word' id='word_1_451' title='bbox 1693 519 1746 546; x_wconf 82' lang='lat' dir='ltr'><strong>est,</strong></span> 
     </span>
    </p>
   </div>
   <div class='ocr_carea' id='block_1_55' title="bbox 959 560 1746 598">
    <p class='ocr_par' dir='ltr' id='par_1_55' title="bbox 959 560 1746 598">
     <span class='ocr_line' id='line_1_55' title="bbox 959 560 1746 598; baseline -0.005 -8"><span class='ocrx_word' id='word_1_452' title='bbox 959 564 1036 598; x_wconf 87' lang='lat' dir='ltr'><strong>cujus</strong></span> <span class='ocrx_word' id='word_1_453' title='bbox 1046 571 1100 589; x_wconf 93' lang='lat' dir='ltr'><strong>non</strong></span> <span class='ocrx_word' id='word_1_454' title='bbox 1114 570 1173 589; x_wconf 87' lang='lat' dir='ltr'><strong>sutn</strong></span> <span class='ocrx_word' id='word_1_455' title='bbox 1189 562 1305 588; x_wconf 89' lang='lat' dir='ltr'><strong>idoneus</strong></span> <span class='ocrx_word' id='word_1_456' title='bbox 1317 565 1347 587; x_wconf 93' lang='lat' dir='ltr'><strong>ut</strong></span> <span class='ocrx_word' id='word_1_457' title='bbox 1359 561 1542 587; x_wconf 83' lang='lat' dir='ltr'><strong>calceamenta</strong></span> <span class='ocrx_word' id='word_1_458' title='bbox 1557 564 1673 594; x_wconf 84' lang='lat' dir='ltr'><strong>portem.</strong></span> <span class='ocrx_word' id='word_1_459' title='bbox 1687 560 1746 594; x_wconf 88' lang='lat' dir='ltr'><strong>lpse</strong></span> 
     </span>
    </p>
   </div>
   <div class='ocr_carea' id='block_1_56' title="bbox 959 605 1747 644">
    <p class='ocr_par' dir='ltr' id='par_1_56' title="bbox 959 605 1747 644">
     <span class='ocr_line' id='line_1_56' title="bbox 959 605 1747 644; baseline -0.005 -8"><span class='ocrx_word' id='word_1_460' title='bbox 959 617 1007 636; x_wconf 87' lang='lat' dir='ltr'><strong>vos</strong></span> <span class='ocrx_word' id='word_1_461' title='bbox 1027 608 1177 644; x_wconf 85' lang='lat' dir='ltr'><strong>baptizabit</strong></span> <span class='ocrx_word' id='word_1_462' title='bbox 1195 607 1297 642; x_wconf 85' lang='lat' dir='ltr'><strong>Spiritu</strong></span> <span class='ocrx_word' id='word_1_463' title='bbox 1314 611 1408 634; x_wconf 88' lang='lat' dir='ltr'><strong>sancto</strong></span> <span class='ocrx_word' id='word_1_464' title='bbox 1423 611 1451 633; x_wconf 91' lang='lat' dir='ltr'><strong>et</strong></span> <span class='ocrx_word' id='word_1_465' title='bbox 1468 605 1523 640; x_wconf 83' lang='lat' dir='ltr'><strong>igni</strong></span> <span class='ocrx_word' id='word_1_466' title='bbox 1545 606 1576 631; x_wconf 74' lang='lat'><strong>“.</strong></span> <span class='ocrx_word' id='word_1_467' title='bbox 1604 616 1612 631; x_wconf 78' lang='grc' dir='ltr'>ι</span> <span class='ocrx_word' id='word_1_468' title='bbox 1632 605 1747 633; x_wconf 75' lang='lat' dir='ltr'><strong>Refrixit</strong></span> 
     </span>
    </p>
   </div>
   <div class='ocr_carea' id='block_1_57' title="bbox 959 651 1748 686">
    <p class='ocr_par' dir='ltr' id='par_1_57' title="bbox 959 651 1748 686">
     <span class='ocr_line' id='line_1_57' title="bbox 959 651 1748 686; baseline -0.005 -5"><span class='ocrx_word' id='word_1_469' title='bbox 959 654 1031 681; x_wconf 90' lang='lat' dir='ltr'><strong>enim</strong></span> <span class='ocrx_word' id='word_1_470' title='bbox 1054 654 1172 681; x_wconf 88' lang='lat' dir='ltr'><strong>charitas</strong></span> <span class='ocrx_word' id='word_1_471' title='bbox 1187 653 1358 685; x_wconf 60' lang='lat' dir='ltr'><strong>Judmorum,</strong></span> <span class='ocrx_word' id='word_1_472' title='bbox 1381 660 1414 679; x_wconf 91' lang='lat' dir='ltr'><strong>eo</strong></span> <span class='ocrx_word' id='word_1_473' title='bbox 1434 653 1506 686; x_wconf 90' lang='lat' dir='ltr'><strong>quod</strong></span> <span class='ocrx_word' id='word_1_474' title='bbox 1528 661 1536 676; x_wconf 77' lang='grc' dir='ltr'>ι</span> <span class='ocrx_word' id='word_1_475' title='bbox 1562 651 1748 686; x_wconf 60' lang='lat' dir='ltr'><strong>multiplicata:</strong></span> 
     </span>
    </p>
   </div>
   <div class='ocr_carea' id='block_1_58' title="bbox 961 697 1747 734">
    <p class='ocr_par' dir='ltr' id='par_1_58' title="bbox 961 697 1747 734">
     <span class='ocr_line' id='line_1_58' title="bbox 961 697 1747 734; baseline -0.005 -7"><span class='ocrx_word' id='word_1_476' title='bbox 961 701 1015 727; x_wconf 88' lang='lat' dir='ltr'><strong>sint</strong></span> <span class='ocrx_word' id='word_1_477' title='bbox 1030 699 1187 734; x_wconf 85' lang='lat' dir='ltr'><strong>iniquitates</strong></span> <span class='ocrx_word' id='word_1_478' title='bbox 1201 707 1307 730; x_wconf 89' lang='lat' dir='ltr'><strong>eorum,</strong></span> <span class='ocrx_word' id='word_1_479' title='bbox 1325 708 1333 724; x_wconf 86' lang='grc'><strong>›</strong></span> <span class='ocrx_word' id='word_1_480' title='bbox 1348 698 1418 725; x_wconf 90' lang='lat' dir='ltr'><strong>sicut</strong></span> <span class='ocrx_word' id='word_1_481' title='bbox 1433 699 1565 733; x_wconf 89' lang='lat' dir='ltr'><strong>scriptum</strong></span> <span class='ocrx_word' id='word_1_482' title='bbox 1579 702 1621 724; x_wconf 81' lang='lat' dir='ltr'><strong>est</strong></span> <span class='ocrx_word' id='word_1_483' title='bbox 1633 699 1665 724; x_wconf 69' lang='grc'>⁸³⁸.</span> <span class='ocrx_word' id='word_1_484' title='bbox 1682 697 1747 724; x_wconf 81' lang='lat' dir='ltr'><strong>Fer-</strong></span> 
     </span>
    </p>
   </div>
   <div class='ocr_carea' id='block_1_59' title="bbox 960 743 1747 773">
    <p class='ocr_par' dir='ltr' id='par_1_59' title="bbox 960 743 1747 773">
     <span class='ocr_line' id='line_1_59' title="bbox 960 743 1747 773; baseline -0.005 0"><span class='ocrx_word' id='word_1_485' title='bbox 960 750 1055 773; x_wconf 82' lang='lat' dir='ltr'><strong>venles</strong></span> <span class='ocrx_word' id='word_1_486' title='bbox 1076 749 1168 772; x_wconf 85' lang='lat' dir='ltr'><strong>autem</strong></span> <span class='ocrx_word' id='word_1_487' title='bbox 1186 744 1332 771; x_wconf 84' lang='lat' dir='ltr'><strong>admodum</strong></span> <span class='ocrx_word' id='word_1_488' title='bbox 1350 745 1431 771; x_wconf 85' lang='lat' dir='ltr'><strong>etiam</strong></span> <span class='ocrx_word' id='word_1_489' title='bbox 1452 743 1485 770; x_wconf 87' lang='lat' dir='ltr'><strong>ad</strong></span> <span class='ocrx_word' id='word_1_490' title='bbox 1506 744 1559 770; x_wconf 88' lang='lat' dir='ltr'><strong>hoc</strong></span> <span class='ocrx_word' id='word_1_491' title='bbox 1578 750 1673 769; x_wconf 86' lang='lat' dir='ltr'><strong>sumus</strong></span> <span class='ocrx_word' id='word_1_492' title='bbox 1688 749 1747 769; x_wconf 86' lang='lat' dir='ltr'><strong>nos.</strong></span> 
     </span>
    </p>
   </div>
   <div class='ocr_carea' id='block_1_60' title="bbox 961 788 1749 827">
    <p class='ocr_par' dir='ltr' id='par_1_60' title="bbox 961 788 1749 827">
     <span class='ocr_line' id='line_1_60' title="bbox 961 788 1749 827; baseline -0.006 -8"><span class='ocrx_word' id='word_1_493' title='bbox 961 792 1015 827; x_wconf 80' lang='lat'><strong>39</strong></span> <span class='ocrx_word' id='word_1_494' title='bbox 1034 791 1138 818; x_wconf 91' lang='lat' dir='ltr'><strong>ldcirco</strong></span> <span class='ocrx_word' id='word_1_495' title='bbox 1155 790 1287 817; x_wconf 84' lang='lat' dir='ltr'><strong>dicimus:</strong></span> <span class='ocrx_word' id='word_1_496' title='bbox 1306 799 1314 814; x_wconf 76' lang='grc' dir='ltr'>ι</span> <span class='ocrx_word' id='word_1_497' title='bbox 1334 789 1401 822; x_wconf 85' lang='lat' dir='ltr'><strong>Quis</strong></span> <span class='ocrx_word' id='word_1_498' title='bbox 1413 797 1462 816; x_wconf 88' lang='lat' dir='ltr'><strong>nos</strong></span> <span class='ocrx_word' id='word_1_499' title='bbox 1478 789 1614 824; x_wconf 80' lang='lat' dir='ltr'><strong>separabit</strong></span> <span class='ocrx_word' id='word_1_500' title='bbox 1626 796 1641 815; x_wconf 89' lang='lat' dir='ltr'><strong>a</strong></span> <span class='ocrx_word' id='word_1_501' title='bbox 1658 788 1749 815; x_wconf 89' lang='lat' dir='ltr'><strong>chari-</strong></span> 
     </span>
    </p>
   </div>
   <div class='ocr_carea' id='block_1_61' title="bbox 963 834 1750 869">
    <p class='ocr_par' dir='ltr' id='par_1_61' title="bbox 963 834 1750 869">
     <span class='ocr_line' id='line_1_61' title="bbox 963 834 1750 869; baseline -0.006 -4"><span class='ocrx_word' id='word_1_502' title='bbox 963 843 1016 865; x_wconf 86' lang='lat' dir='ltr'><strong>tate</strong></span> <span class='ocrx_word' id='word_1_503' title='bbox 1031 836 1152 864; x_wconf 86' lang='lat' dir='ltr'><strong>Christi?</strong></span> <span class='ocrx_word' id='word_1_504' title='bbox 1170 835 1326 862; x_wconf 85' lang='lat' dir='ltr'><strong>tribulatio?</strong></span> <span class='ocrx_word' id='word_1_505' title='bbox 1342 843 1375 861; x_wconf 89' lang='lat' dir='ltr'><strong>an</strong></span> <span class='ocrx_word' id='word_1_506' title='bbox 1393 835 1536 869; x_wconf 78' lang='lat' dir='ltr'><strong>angustia?</strong></span> <span class='ocrx_word' id='word_1_507' title='bbox 1552 842 1586 861; x_wconf 86' lang='lat' dir='ltr'><strong>an</strong></span> <span class='ocrx_word' id='word_1_508' title='bbox 1600 834 1702 861; x_wconf 85' lang='lat' dir='ltr'><strong>fames?</strong></span> <span class='ocrx_word' id='word_1_509' title='bbox 1715 840 1750 860; x_wconf 84' lang='lat' dir='ltr'><strong>an</strong></span> 
     </span>
    </p>
   </div>
   <div class='ocr_carea' id='block_1_62' title="bbox 963 879 1746 916">
    <p class='ocr_par' dir='ltr' id='par_1_62' title="bbox 963 879 1746 916">
     <span class='ocr_line' id='line_1_62' title="bbox 963 879 1746 916; baseline -0.006 -6"><span class='ocrx_word' id='word_1_510' title='bbox 963 883 1088 910; x_wconf 83' lang='lat' dir='ltr'><strong>auditas?</strong></span> <span class='ocrx_word' id='word_1_511' title='bbox 1096 890 1128 909; x_wconf 87' lang='lat' dir='ltr'><strong>an</strong></span> <span class='ocrx_word' id='word_1_512' title='bbox 1138 881 1288 916; x_wconf 88' lang='lat' dir='ltr'><strong>periculum</strong></span> <span class='ocrx_word' id='word_1_513' title='bbox 1296 881 1307 907; x_wconf 83' lang='lat'><strong>?</strong></span> <span class='ocrx_word' id='word_1_514' title='bbox 1314 888 1347 907; x_wconf 89' lang='lat' dir='ltr'><strong>an</strong></span> <span class='ocrx_word' id='word_1_515' title='bbox 1356 880 1511 915; x_wconf 85' lang='lat' dir='ltr'><strong>persecutio</strong></span> <span class='ocrx_word' id='word_1_516' title='bbox 1517 880 1528 906; x_wconf 90' lang='lat'><strong>?</strong></span> <span class='ocrx_word' id='word_1_517' title='bbox 1534 888 1567 906; x_wconf 88' lang='lat' dir='ltr'><strong>an</strong></span> <span class='ocrx_word' id='word_1_518' title='bbox 1576 879 1682 914; x_wconf 82' lang='lat' dir='ltr'><strong>gladius</strong></span> <span class='ocrx_word' id='word_1_519' title='bbox 1690 879 1729 906; x_wconf 76' lang='lat'><strong>&#39;°?</strong></span> <span class='ocrx_word' id='word_1_520' title='bbox 1738 889 1746 905; x_wconf 73' lang='grc' dir='ltr'>ι</span> 
     </span>
    </p>
   </div>
   <div class='ocr_carea' id='block_1_63' title="bbox 964 926 1753 965">
    <p class='ocr_par' dir='ltr' id='par_1_63' title="bbox 964 926 1753 965">
     <span class='ocr_line' id='line_1_63' title="bbox 964 926 1753 965; baseline -0.006 -8"><span class='ocrx_word' id='word_1_521' title='bbox 964 930 1055 965; x_wconf 77' lang='lat' dir='ltr'><strong>Typus</strong></span> <span class='ocrx_word' id='word_1_522' title='bbox 1074 929 1157 964; x_wconf 82' lang='lat' dir='ltr'><strong>igitur</strong></span> <span class='ocrx_word' id='word_1_523' title='bbox 1175 935 1268 955; x_wconf 87' lang='lat' dir='ltr'><strong>eorum</strong></span> <span class='ocrx_word' id='word_1_524' title='bbox 1282 926 1327 962; x_wconf 89' lang='lat' dir='ltr'><strong>qui</strong></span> <span class='ocrx_word' id='word_1_525' title='bbox 1345 927 1453 954; x_wconf 79' lang='lat' dir='ltr'><strong>fervent</strong></span> <span class='ocrx_word' id='word_1_526' title='bbox 1468 926 1577 960; x_wconf 76' lang='lat' dir='ltr'><strong>spiritu,</strong></span> <span class='ocrx_word' id='word_1_527' title='bbox 1596 930 1625 953; x_wconf 91' lang='lat' dir='ltr'><strong>et</strong></span> <span class='ocrx_word' id='word_1_528' title='bbox 1640 926 1753 961; x_wconf 86' lang='lat' dir='ltr'><strong>quidem</strong></span> 
     </span>
    </p>
   </div>
   <div class='ocr_carea' id='block_1_64' title="bbox 963 965 1749 1006">
    <p class='ocr_par' dir='ltr' id='par_1_64' title="bbox 963 965 1749 1006">
     <span class='ocr_line' id='line_1_64' title="bbox 963 965 1749 1006; baseline -0.006 -4"><span class='ocrx_word' id='word_1_529' title='bbox 963 974 1123 1002; x_wconf 84' lang='lat' dir='ltr'><strong>manifestus</strong></span> <span class='ocrx_word' id='word_1_530' title='bbox 1144 973 1301 1004; x_wconf 88' lang='lat' dir='ltr'><strong>admodum,</strong></span> <span class='ocrx_word' id='word_1_531' title='bbox 1315 971 1399 998; x_wconf 78' lang='lat' dir='ltr'><strong>fuerit</strong></span> <span class='ocrx_word' id='word_1_532' title='bbox 1413 965 1509 1003; x_wconf 76' lang='lat' dir='ltr'><strong>Cham,</strong></span> <span class='ocrx_word' id='word_1_533' title='bbox 1524 971 1571 1006; x_wconf 89' lang='lat' dir='ltr'><strong>qui</strong></span> <span class='ocrx_word' id='word_1_534' title='bbox 1587 970 1749 1006; x_wconf 53' lang='lat' dir='ltr'><strong>interpretav</strong></span> 
     </span>
    </p>
   </div>
   <div class='ocr_carea' id='block_1_65' title="bbox 965 1016 1754 1055">
    <p class='ocr_par' dir='ltr' id='par_1_65' title="bbox 965 1016 1754 1055">
     <span class='ocr_line' id='line_1_65' title="bbox 965 1016 1754 1055; baseline -0.006 -8"><span class='ocrx_word' id='word_1_535' title='bbox 965 1024 1019 1051; x_wconf 89' lang='lat' dir='ltr'><strong>tur,</strong></span> <span class='ocrx_word' id='word_1_536' title='bbox 1036 1020 1131 1055; x_wconf 77' lang='lat' dir='ltr'><strong>fervor.</strong></span> <span class='ocrx_word' id='word_1_537' title='bbox 1146 1018 1223 1051; x_wconf 89' lang='lat' dir='ltr'><strong>Quod</strong></span> <span class='ocrx_word' id='word_1_538' title='bbox 1241 1025 1307 1045; x_wconf 87' lang='lat' dir='ltr'><strong>vero</strong></span> <span class='ocrx_word' id='word_1_539' title='bbox 1323 1017 1404 1045; x_wconf 86' lang='lat' dir='ltr'><strong>etiam</strong></span> <span class='ocrx_word' id='word_1_540' title='bbox 1422 1016 1449 1044; x_wconf 92' lang='lat' dir='ltr'><strong>in</strong></span> <span class='ocrx_word' id='word_1_541' title='bbox 1466 1017 1604 1043; x_wconf 72' lang='lat' dir='ltr'><strong>laxitatem</strong></span> <span class='ocrx_word' id='word_1_542' title='bbox 1620 1016 1676 1043; x_wconf 88' lang='lat' dir='ltr'><strong>sive</strong></span> <span class='ocrx_word' id='word_1_543' title='bbox 1693 1016 1754 1043; x_wconf 85' lang='lat' dir='ltr'><strong>lati-</strong></span> 
     </span>
    </p>
   </div>
   <div class='ocr_carea' id='block_1_66' title="bbox 966 1061 1754 1094">
    <p class='ocr_par' dir='ltr' id='par_1_66' title="bbox 966 1061 1754 1094">
     <span class='ocr_line' id='line_1_66' title="bbox 966 1061 1754 1094; baseline -0.006 -2"><span class='ocrx_word' id='word_1_544' title='bbox 966 1065 1088 1092; x_wconf 88' lang='lat' dir='ltr'><strong>tudinem</strong></span> <span class='ocrx_word' id='word_1_545' title='bbox 1106 1063 1195 1091; x_wconf 85' lang='lat' dir='ltr'><strong>cordis</strong></span> <span class='ocrx_word' id='word_1_546' title='bbox 1211 1063 1320 1090; x_wconf 82' lang='lat' dir='ltr'><strong>deducti</strong></span> <span class='ocrx_word' id='word_1_547' title='bbox 1340 1062 1436 1094; x_wconf 91' lang='lat' dir='ltr'><strong>simus,</strong></span> <span class='ocrx_word' id='word_1_548' title='bbox 1451 1061 1625 1089; x_wconf 77' lang='lat' dir='ltr'><strong>alliictionem</strong></span> <span class='ocrx_word' id='word_1_549' title='bbox 1639 1061 1701 1088; x_wconf 73' lang='lat' dir='ltr'><strong>vita:</strong></span> <span class='ocrx_word' id='word_1_550' title='bbox 1716 1061 1754 1088; x_wconf 76' lang='lat' dir='ltr'><strong>le-</strong></span> 
     </span>
    </p>
   </div>
   <div class='ocr_carea' id='block_1_67' title="bbox 971 1106 1752 1147">
    <p class='ocr_par' dir='ltr' id='par_1_67' title="bbox 971 1106 1752 1147">
     <span class='ocr_line' id='line_1_67' title="bbox 971 1106 1752 1147; baseline -0.006 -9"><span class='ocrx_word' id='word_1_551' title='bbox 971 1112 1039 1147; x_wconf 80' lang='lat' dir='ltr'><strong>galis</strong></span> <span class='ocrx_word' id='word_1_552' title='bbox 1047 1109 1160 1146; x_wconf 80' lang='lat' dir='ltr'><strong>egressi,</strong></span> <span class='ocrx_word' id='word_1_553' title='bbox 1171 1109 1267 1137; x_wconf 87' lang='lat' dir='ltr'><strong>tertius</strong></span> <span class='ocrx_word' id='word_1_554' title='bbox 1282 1109 1362 1136; x_wconf 90' lang='lat' dir='ltr'><strong>nobis</strong></span> <span class='ocrx_word' id='word_1_555' title='bbox 1376 1108 1492 1143; x_wconf 86' lang='lat' dir='ltr'><strong>Japheth</strong></span> <span class='ocrx_word' id='word_1_556' title='bbox 1500 1110 1593 1142; x_wconf 81' lang='lat' dir='ltr'><strong>aperte</strong></span> <span class='ocrx_word' id='word_1_557' title='bbox 1605 1106 1736 1142; x_wconf 79' lang='lat' dir='ltr'><strong>signiﬁcat</strong></span> <span class='ocrx_word' id='word_1_558' title='bbox 1745 1127 1752 1137; x_wconf 87' lang='lat'><strong>,</strong></span> 
     </span>
    </p>
   </div>
   <div class='ocr_carea' id='block_1_68' title="bbox 966 1151 1756 1192">
    <p class='ocr_par' dir='ltr' id='par_1_68' title="bbox 966 1151 1756 1192">
     <span class='ocr_line' id='line_1_68' title="bbox 966 1151 1756 1192; baseline -0.009 -8"><span class='ocrx_word' id='word_1_559' title='bbox 966 1157 1012 1192; x_wconf 88' lang='lat' dir='ltr'><strong>qui</strong></span> <span class='ocrx_word' id='word_1_560' title='bbox 1026 1156 1174 1183; x_wconf 80' lang='lat' dir='ltr'><strong>latitudinis</strong></span> <span class='ocrx_word' id='word_1_561' title='bbox 1194 1162 1344 1189; x_wconf 82' lang='lat' dir='ltr'><strong>cognomen</strong></span> <span class='ocrx_word' id='word_1_562' title='bbox 1358 1154 1473 1188; x_wconf 84' lang='lat' dir='ltr'><strong>accepit.</strong></span> <span class='ocrx_word' id='word_1_563' title='bbox 1486 1153 1593 1180; x_wconf 73' lang='lat' dir='ltr'><strong>.ludzros</strong></span> <span class='ocrx_word' id='word_1_564' title='bbox 1605 1151 1704 1179; x_wconf 89' lang='lat' dir='ltr'><strong>etenim</strong></span> <span class='ocrx_word' id='word_1_565' title='bbox 1717 1151 1756 1178; x_wconf 91' lang='lat' dir='ltr'><strong>al—</strong></span> 
     </span>
    </p>
   </div>
   <div class='ocr_carea' id='block_1_69' title="bbox 967 1196 1755 1234">
    <p class='ocr_par' dir='ltr' id='par_1_69' title="bbox 967 1196 1755 1234">
     <span class='ocr_line' id='line_1_69' title="bbox 967 1196 1755 1234; baseline -0.008 -5"><span class='ocrx_word' id='word_1_566' title='bbox 967 1202 1073 1229; x_wconf 85' lang='lat' dir='ltr'><strong>locutus</strong></span> <span class='ocrx_word' id='word_1_567' title='bbox 1092 1204 1133 1228; x_wconf 85' lang='lat' dir='ltr'><strong>est</strong></span> <span class='ocrx_word' id='word_1_568' title='bbox 1153 1201 1225 1227; x_wconf 90' lang='lat' dir='ltr'><strong>Deus</strong></span> <span class='ocrx_word' id='word_1_569' title='bbox 1238 1207 1287 1234; x_wconf 90' lang='lat' dir='ltr'><strong>per</strong></span> <span class='ocrx_word' id='word_1_570' title='bbox 1298 1206 1392 1226; x_wconf 88' lang='lat' dir='ltr'><strong>vocem</strong></span> <span class='ocrx_word' id='word_1_571' title='bbox 1410 1198 1551 1233; x_wconf 71' lang='lat' dir='ltr'><strong>propheta:</strong></span> <span class='ocrx_word' id='word_1_572' title='bbox 1564 1197 1659 1224; x_wconf 73' lang='lat' dir='ltr'><strong>Isaiae:</strong></span> <span class='ocrx_word' id='word_1_573' title='bbox 1676 1206 1684 1222; x_wconf 76' lang='grc' dir='ltr'>ι</span> <span class='ocrx_word' id='word_1_574' title='bbox 1700 1196 1755 1223; x_wconf 82' lang='lat' dir='ltr'><strong>Au-</strong></span> 
     </span>
    </p>
   </div>
   <div class='ocr_carea' id='block_1_70' title="bbox 967 1242 1756 1277">
    <p class='ocr_par' dir='ltr' id='par_1_70' title="bbox 967 1242 1756 1277">
     <span class='ocr_line' id='line_1_70' title="bbox 967 1242 1756 1277; baseline -0.006 -4"><span class='ocrx_word' id='word_1_575' title='bbox 967 1246 1023 1274; x_wconf 89' lang='lat' dir='ltr'><strong>dite</strong></span> <span class='ocrx_word' id='word_1_576' title='bbox 1037 1253 1192 1273; x_wconf 86' lang='lat' dir='ltr'><strong>sermonem</strong></span> <span class='ocrx_word' id='word_1_577' title='bbox 1206 1244 1325 1275; x_wconf 89' lang='lat' dir='ltr'><strong>Domini,</strong></span> <span class='ocrx_word' id='word_1_578' title='bbox 1339 1243 1391 1270; x_wconf 92' lang='lat' dir='ltr'><strong>viri</strong></span> <span class='ocrx_word' id='word_1_579' title='bbox 1405 1242 1507 1275; x_wconf 81' lang='lat' dir='ltr'><strong>afﬂicti,</strong></span> <span class='ocrx_word' id='word_1_580' title='bbox 1520 1247 1547 1269; x_wconf 91' lang='lat' dir='ltr'><strong>et</strong></span> <span class='ocrx_word' id='word_1_581' title='bbox 1561 1242 1698 1277; x_wconf 86' lang='lat' dir='ltr'><strong>principes</strong></span> <span class='ocrx_word' id='word_1_582' title='bbox 1707 1249 1756 1276; x_wconf 92' lang='lat' dir='ltr'><strong>po-</strong></span> 
     </span>
    </p>
   </div>
   <div class='ocr_carea' id='block_1_71' title="bbox 967 1288 1756 1328">
    <p class='ocr_par' dir='ltr' id='par_1_71' title="bbox 967 1288 1756 1328">
     <span class='ocr_line' id='line_1_71' title="bbox 967 1288 1756 1328; baseline -0.008 -8"><span class='ocrx_word' id='word_1_583' title='bbox 967 1293 1024 1328; x_wconf 88' lang='lat' dir='ltr'><strong>puli</strong></span> <span class='ocrx_word' id='word_1_584' title='bbox 1043 1292 1070 1319; x_wconf 89' lang='lat' dir='ltr'><strong>in</strong></span> <span class='ocrx_word' id='word_1_585' title='bbox 1081 1292 1233 1319; x_wconf 82' lang='lat' dir='ltr'><strong>Jerusalem</strong></span> <span class='ocrx_word' id='word_1_586' title='bbox 1248 1291 1296 1317; x_wconf 74' lang='lat' dir='ltr'><strong>“.I</strong></span> <span class='ocrx_word' id='word_1_587' title='bbox 1312 1290 1345 1317; x_wconf 86' lang='lat' dir='ltr'><strong>Et</strong></span> <span class='ocrx_word' id='word_1_588' title='bbox 1359 1298 1466 1316; x_wconf 88' lang='lat' dir='ltr'><strong>rursum</strong></span> <span class='ocrx_word' id='word_1_589' title='bbox 1480 1298 1486 1315; x_wconf 86' lang='lat'>:</span> <span class='ocrx_word' id='word_1_590' title='bbox 1503 1299 1511 1315; x_wconf 80' lang='grc' dir='ltr'>ι</span> <span class='ocrx_word' id='word_1_591' title='bbox 1533 1288 1634 1316; x_wconf 85' lang='lat' dir='ltr'><strong>Discite</strong></span> <span class='ocrx_word' id='word_1_592' title='bbox 1649 1288 1756 1319; x_wconf 83' lang='lat' dir='ltr'><strong>audire,</strong></span> 
     </span>
    </p>
   </div>
   <div class='ocr_carea' id='block_1_72' title="bbox 969 1334 1758 1374">
    <p class='ocr_par' dir='ltr' id='par_1_72' title="bbox 969 1334 1758 1374">
     <span class='ocr_line' id='line_1_72' title="bbox 969 1334 1758 1374; baseline -0.008 -8"><span class='ocrx_word' id='word_1_593' title='bbox 969 1338 1114 1374; x_wconf 80' lang='lat' dir='ltr'><strong>angustiati</strong></span> <span class='ocrx_word' id='word_1_594' title='bbox 1136 1338 1168 1364; x_wconf 82' lang='lat'><strong>&quot;.</strong></span> <span class='ocrx_word' id='word_1_595' title='bbox 1186 1347 1195 1363; x_wconf 85' lang='grc'><strong>›</strong></span> <span class='ocrx_word' id='word_1_596' title='bbox 1208 1337 1309 1364; x_wconf 81' lang='lat' dir='ltr'><strong>Paulus</strong></span> <span class='ocrx_word' id='word_1_597' title='bbox 1325 1341 1416 1363; x_wconf 87' lang='lat' dir='ltr'><strong>autem</strong></span> <span class='ocrx_word' id='word_1_598' title='bbox 1438 1343 1500 1362; x_wconf 93' lang='lat' dir='ltr'><strong>cum</strong></span> <span class='ocrx_word' id='word_1_599' title='bbox 1517 1335 1566 1362; x_wconf 87' lang='lat' dir='ltr'><strong>has</strong></span> <span class='ocrx_word' id='word_1_600' title='bbox 1583 1334 1650 1369; x_wconf 80' lang='lat' dir='ltr'><strong>legis</strong></span> <span class='ocrx_word' id='word_1_601' title='bbox 1672 1341 1758 1369; x_wconf 80' lang='lat' dir='ltr'><strong>angu—</strong></span> 
     </span>
    </p>
   </div>
   <div class='ocr_carea' id='block_1_73' title="bbox 969 1379 1759 1418">
    <p class='ocr_par' dir='ltr' id='par_1_73' title="bbox 969 1379 1759 1418">
     <span class='ocr_line' id='line_1_73' title="bbox 969 1379 1759 1418; baseline -0.009 -5"><span class='ocrx_word' id='word_1_602' title='bbox 969 1386 1035 1413; x_wconf 83' lang='lat' dir='ltr'><strong>stias</strong></span> <span class='ocrx_word' id='word_1_603' title='bbox 1050 1384 1196 1415; x_wconf 80' lang='lat' dir='ltr'><strong>evasisset,</strong></span> <span class='ocrx_word' id='word_1_604' title='bbox 1219 1382 1383 1418; x_wconf 85' lang='lat' dir='ltr'><strong>quibusdam</strong></span> <span class='ocrx_word' id='word_1_605' title='bbox 1401 1389 1512 1414; x_wconf 91' lang='lat' dir='ltr'><strong>eorum,</strong></span> <span class='ocrx_word' id='word_1_606' title='bbox 1533 1380 1580 1415; x_wconf 92' lang='lat' dir='ltr'><strong>qui</strong></span> <span class='ocrx_word' id='word_1_607' title='bbox 1601 1381 1655 1415; x_wconf 88' lang='lat' dir='ltr'><strong>jam</strong></span> <span class='ocrx_word' id='word_1_608' title='bbox 1678 1379 1759 1407; x_wconf 85' lang='lat' dir='ltr'><strong>ﬁdem</strong></span> 
     </span>
    </p>
   </div>
   <div class='ocr_carea' id='block_1_74' title="bbox 970 1425 1761 1466">
    <p class='ocr_par' dir='ltr' id='par_1_74' title="bbox 970 1425 1761 1466">
     <span class='ocr_line' id='line_1_74' title="bbox 970 1425 1761 1466; baseline -0.009 -8"><span class='ocrx_word' id='word_1_609' title='bbox 970 1431 1086 1466; x_wconf 79' lang='lat' dir='ltr'><strong>amplexi</strong></span> <span class='ocrx_word' id='word_1_610' title='bbox 1104 1434 1192 1461; x_wconf 87' lang='lat' dir='ltr'><strong>erant,</strong></span> <span class='ocrx_word' id='word_1_611' title='bbox 1208 1429 1244 1456; x_wconf 90' lang='lat' dir='ltr'><strong>ita</strong></span> <span class='ocrx_word' id='word_1_612' title='bbox 1256 1429 1311 1455; x_wconf 87' lang='lat' dir='ltr'><strong>ait:</strong></span> <span class='ocrx_word' id='word_1_613' title='bbox 1327 1437 1336 1453; x_wconf 73' lang='grc' dir='ltr'>ι</span> <span class='ocrx_word' id='word_1_614' title='bbox 1356 1427 1392 1455; x_wconf 92' lang='lat' dir='ltr'><strong>Os</strong></span> <span class='ocrx_word' id='word_1_615' title='bbox 1405 1432 1528 1454; x_wconf 87' lang='lat' dir='ltr'><strong>nostrum</strong></span> <span class='ocrx_word' id='word_1_616' title='bbox 1540 1430 1615 1461; x_wconf 86' lang='lat' dir='ltr'><strong>patet</strong></span> <span class='ocrx_word' id='word_1_617' title='bbox 1626 1425 1659 1452; x_wconf 91' lang='lat' dir='ltr'><strong>ad</strong></span> <span class='ocrx_word' id='word_1_618' title='bbox 1671 1433 1729 1456; x_wconf 86' lang='lat' dir='ltr'><strong>vos,</strong></span> <span class='ocrx_word' id='word_1_619' title='bbox 1744 1431 1761 1450; x_wconf 88' lang='grc' dir='ltr'><strong>ο</strong></span> 
     </span>
    </p>
   </div>
   <div class='ocr_carea' id='block_1_75' title="bbox 970 1469 1762 1508">
    <p class='ocr_par' dir='ltr' id='par_1_75' title="bbox 970 1469 1762 1508">
     <span class='ocr_line' id='line_1_75' title="bbox 970 1469 1762 1508; baseline -0.011 -4"><span class='ocrx_word' id='word_1_620' title='bbox 970 1476 1116 1508; x_wconf 84' lang='lat' dir='ltr'><strong>Corinthii,</strong></span> <span class='ocrx_word' id='word_1_621' title='bbox 1135 1483 1182 1502; x_wconf 84' lang='lat' dir='ltr'><strong>cor</strong></span> <span class='ocrx_word' id='word_1_622' title='bbox 1194 1479 1318 1501; x_wconf 89' lang='lat' dir='ltr'><strong>nostrum</strong></span> <span class='ocrx_word' id='word_1_623' title='bbox 1332 1472 1473 1500; x_wconf 89' lang='lat' dir='ltr'><strong>dilatatum</strong></span> <span class='ocrx_word' id='word_1_624' title='bbox 1487 1475 1538 1498; x_wconf 87' lang='lat' dir='ltr'><strong>est.</strong></span> <span class='ocrx_word' id='word_1_625' title='bbox 1552 1471 1611 1497; x_wconf 84' lang='lat' dir='ltr'><strong>Non</strong></span> <span class='ocrx_word' id='word_1_626' title='bbox 1624 1469 1762 1504; x_wconf 79' lang='lat' dir='ltr'><strong>angustia-</strong></span> 
     </span>
    </p>
   </div>
   <div class='ocr_carea' id='block_1_76' title="bbox 971 1515 1762 1555">
    <p class='ocr_par' dir='ltr' id='par_1_76' title="bbox 971 1515 1762 1555">
     <span class='ocr_line' id='line_1_76' title="bbox 971 1515 1762 1555; baseline -0.013 -5"><span class='ocrx_word' id='word_1_627' title='bbox 971 1523 1038 1550; x_wconf 89' lang='lat' dir='ltr'><strong>mini</strong></span> <span class='ocrx_word' id='word_1_628' title='bbox 1051 1522 1079 1549; x_wconf 92' lang='lat' dir='ltr'><strong>in</strong></span> <span class='ocrx_word' id='word_1_629' title='bbox 1092 1521 1172 1548; x_wconf 90' lang='lat' dir='ltr'><strong>nobis</strong></span> <span class='ocrx_word' id='word_1_630' title='bbox 1184 1530 1190 1546; x_wconf 73' lang='grc' dir='ltr'><strong>ε</strong></span> <span class='ocrx_word' id='word_1_631' title='bbox 1202 1518 1395 1555; x_wconf 78' lang='lat' dir='ltr'><strong>angustiamini</strong></span> <span class='ocrx_word' id='word_1_632' title='bbox 1407 1522 1498 1544; x_wconf 87' lang='lat' dir='ltr'><strong>autem</strong></span> <span class='ocrx_word' id='word_1_633' title='bbox 1514 1517 1540 1543; x_wconf 93' lang='lat' dir='ltr'><strong>in</strong></span> <span class='ocrx_word' id='word_1_634' title='bbox 1552 1515 1704 1542; x_wconf 84' lang='lat' dir='ltr'><strong>visceribus</strong></span> <span class='ocrx_word' id='word_1_635' title='bbox 1718 1522 1762 1541; x_wconf 88' lang='lat' dir='ltr'><strong>re-</strong></span> 
     </span>
    </p>
   </div>
   <div class='ocr_carea' id='block_1_77' title="bbox 973 1560 1761 1597">
    <p class='ocr_par' dir='ltr' id='par_1_77' title="bbox 973 1560 1761 1597">
     <span class='ocr_line' id='line_1_77' title="bbox 973 1560 1761 1597; baseline -0.014 0"><span class='ocrx_word' id='word_1_636' title='bbox 973 1569 1047 1597; x_wconf 87' lang='lat' dir='ltr'><strong>stris.</strong></span> <span class='ocrx_word' id='word_1_637' title='bbox 1071 1567 1202 1595; x_wconf 84' lang='lat' dir='ltr'><strong>Eamdem</strong></span> <span class='ocrx_word' id='word_1_638' title='bbox 1224 1570 1315 1593; x_wconf 83' lang='lat' dir='ltr'><strong>autem</strong></span> <span class='ocrx_word' id='word_1_639' title='bbox 1340 1564 1474 1591; x_wconf 84' lang='lat' dir='ltr'><strong>habentes</strong></span> <span class='ocrx_word' id='word_1_640' title='bbox 1496 1560 1761 1591; x_wconf 86' lang='lat' dir='ltr'><strong>remunerationem,</strong></span> 
     </span>
    </p>
   </div>
   <div class='ocr_carea' id='block_1_78' title="bbox 973 1606 1763 1650">
    <p class='ocr_par' dir='ltr' id='par_1_78' title="bbox 973 1606 1763 1650">
     <span class='ocr_line' id='line_1_78' title="bbox 973 1606 1763 1650; baseline -0.015 -7"><span class='ocrx_word' id='word_1_641' title='bbox 973 1620 1102 1650; x_wconf 83' lang='lat' dir='ltr'><strong>tanquam</strong></span> <span class='ocrx_word' id='word_1_642' title='bbox 1117 1613 1179 1641; x_wconf 84' lang='lat' dir='ltr'><strong>filiis</strong></span> <span class='ocrx_word' id='word_1_643' title='bbox 1199 1612 1270 1643; x_wconf 89' lang='lat' dir='ltr'><strong>dico,</strong></span> <span class='ocrx_word' id='word_1_644' title='bbox 1292 1609 1443 1638; x_wconf 88' lang='lat' dir='ltr'><strong>dilatamini</strong></span> <span class='ocrx_word' id='word_1_645' title='bbox 1458 1612 1486 1635; x_wconf 91' lang='lat' dir='ltr'><strong>et</strong></span> <span class='ocrx_word' id='word_1_646' title='bbox 1496 1615 1554 1634; x_wconf 91' lang='lat' dir='ltr'><strong>vos.</strong></span> <span class='ocrx_word' id='word_1_647' title='bbox 1566 1606 1655 1634; x_wconf 85' lang='lat' dir='ltr'><strong>Nolite</strong></span> <span class='ocrx_word' id='word_1_648' title='bbox 1668 1606 1763 1641; x_wconf 80' lang='lat' dir='ltr'><strong>iugum</strong></span> 
     </span>
    </p>
   </div>
   <div class='ocr_carea' id='block_1_79' title="bbox 974 1649 1765 1687">
    <p class='ocr_par' dir='ltr' id='par_1_79' title="bbox 974 1649 1765 1687">
     <span class='ocr_line' id='line_1_79' title="bbox 974 1649 1765 1687; baseline -0.016 1"><span class='ocrx_word' id='word_1_649' title='bbox 974 1649 1074 1687; x_wconf 77' lang='lat' dir='ltr'><strong>ducere</strong></span> <span class='ocrx_word' id='word_1_650' title='bbox 1089 1666 1151 1686; x_wconf 89' lang='lat' dir='ltr'><strong>eum</strong></span> <span class='ocrx_word' id='word_1_651' title='bbox 1165 1655 1322 1684; x_wconf 81' lang='lat' dir='ltr'><strong>inﬁdelibus</strong></span> <span class='ocrx_word' id='word_1_652' title='bbox 1332 1655 1365 1680; x_wconf 85' lang='grc'><strong>³³.</strong></span> <span class='ocrx_word' id='word_1_653' title='bbox 1381 1663 1390 1679; x_wconf 75' lang='grc' dir='ltr'>ι</span> <span class='ocrx_word' id='word_1_654' title='bbox 1406 1651 1624 1687; x_wconf 83' lang='lat' dir='ltr'><strong>Acquiescebant</strong></span> <span class='ocrx_word' id='word_1_655' title='bbox 1633 1650 1705 1677; x_wconf 93' lang='lat' dir='ltr'><strong>enim</strong></span> <span class='ocrx_word' id='word_1_656' title='bbox 1717 1649 1765 1676; x_wconf 87' lang='lat' dir='ltr'><strong>ad-</strong></span> 
     </span>
    </p>
   </div>
   <div class='ocr_carea' id='block_1_80' title="bbox 974 1694 1763 1736">
    <p class='ocr_par' dir='ltr' id='par_1_80' title="bbox 974 1694 1763 1736">
     <span class='ocr_line' id='line_1_80' title="bbox 974 1694 1763 1736; baseline -0.015 -4"><span class='ocrx_word' id='word_1_657' title='bbox 974 1704 1029 1731; x_wconf 91' lang='lat' dir='ltr'><strong>huc</strong></span> <span class='ocrx_word' id='word_1_658' title='bbox 1041 1703 1197 1731; x_wconf 66' lang='lat' dir='ltr'><strong>Judaeorum</strong></span> <span class='ocrx_word' id='word_1_659' title='bbox 1207 1699 1360 1736; x_wconf 78' lang='lat' dir='ltr'><strong>przeceptis,</strong></span> <span class='ocrx_word' id='word_1_660' title='bbox 1371 1702 1399 1725; x_wconf 86' lang='lat' dir='ltr'><strong>et</strong></span> <span class='ocrx_word' id='word_1_661' title='bbox 1412 1695 1580 1731; x_wconf 79' lang='lat' dir='ltr'><strong>iufrugiferis</strong></span> <span class='ocrx_word' id='word_1_662' title='bbox 1591 1694 1763 1729; x_wconf 85' lang='lat' dir='ltr'><strong>vaniloquiis.</strong></span> 
     </span>
    </p>
   </div>
   <div class='ocr_carea' id='block_1_81' title="bbox 974 1741 1764 1778">
    <p class='ocr_par' dir='ltr' id='par_1_81' title="bbox 974 1741 1764 1778">
     <span class='ocr_line' id='line_1_81' title="bbox 974 1741 1764 1778; baseline -0.014 0"><span class='ocrx_word' id='word_1_663' title='bbox 974 1749 1060 1778; x_wconf 86' lang='lat' dir='ltr'><strong>David</strong></span> <span class='ocrx_word' id='word_1_664' title='bbox 1078 1753 1168 1776; x_wconf 90' lang='lat' dir='ltr'><strong>autem</strong></span> <span class='ocrx_word' id='word_1_665' title='bbox 1190 1746 1256 1774; x_wconf 90' lang='lat' dir='ltr'><strong>alibi</strong></span> <span class='ocrx_word' id='word_1_666' title='bbox 1271 1745 1307 1772; x_wconf 91' lang='lat' dir='ltr'><strong>ita</strong></span> <span class='ocrx_word' id='word_1_667' title='bbox 1325 1744 1358 1771; x_wconf 86' lang='lat' dir='ltr'><strong>ad</strong></span> <span class='ocrx_word' id='word_1_668' title='bbox 1381 1744 1572 1770; x_wconf 88' lang='lat' dir='ltr'><strong>universorum</strong></span> <span class='ocrx_word' id='word_1_669' title='bbox 1596 1741 1764 1769; x_wconf 86' lang='lat' dir='ltr'><strong>Salvatorem</strong></span> 
     </span>
    </p>
   </div>
   <div class='ocr_carea' id='block_1_82' title="bbox 975 1785 1765 1824">
    <p class='ocr_par' dir='ltr' id='par_1_82' title="bbox 975 1785 1765 1824">
     <span class='ocr_line' id='line_1_82' title="bbox 975 1785 1765 1824; baseline -0.014 -1"><span class='ocrx_word' id='word_1_670' title='bbox 975 1795 1114 1824; x_wconf 82' lang='lat' dir='ltr'><strong>Christum</strong></span> <span class='ocrx_word' id='word_1_671' title='bbox 1141 1793 1228 1823; x_wconf 82' lang='lat' dir='ltr'><strong>canit,</strong></span> <span class='ocrx_word' id='word_1_672' title='bbox 1246 1790 1331 1817; x_wconf 79' lang='lat' dir='ltr'><strong>veluti</strong></span> <span class='ocrx_word' id='word_1_673' title='bbox 1355 1797 1389 1816; x_wconf 85' lang='lat' dir='ltr'><strong>ex</strong></span> <span class='ocrx_word' id='word_1_674' title='bbox 1406 1795 1523 1823; x_wconf 85' lang='lat' dir='ltr'><strong>persona</strong></span> <span class='ocrx_word' id='word_1_675' title='bbox 1546 1787 1610 1814; x_wconf 89' lang='lat' dir='ltr'><strong>novi</strong></span> <span class='ocrx_word' id='word_1_676' title='bbox 1633 1794 1665 1813; x_wconf 87' lang='lat' dir='ltr'><strong>ac</strong></span> <span class='ocrx_word' id='word_1_677' title='bbox 1683 1785 1765 1813; x_wconf 91' lang='lat' dir='ltr'><strong>Chri-</strong></span> 
     </span>
    </p>
   </div>
   <div class='ocr_carea' id='block_1_83' title="bbox 977 1831 1765 1875">
    <p class='ocr_par' dir='ltr' id='par_1_83' title="bbox 977 1831 1765 1875">
     <span class='ocr_line' id='line_1_83' title="bbox 977 1831 1765 1875; baseline -0.014 -7"><span class='ocrx_word' id='word_1_678' title='bbox 977 1840 1057 1869; x_wconf 89' lang='lat' dir='ltr'><strong>stiani</strong></span> <span class='ocrx_word' id='word_1_679' title='bbox 1070 1839 1181 1875; x_wconf 90' lang='lat' dir='ltr'><strong>populi:</strong></span> <span class='ocrx_word' id='word_1_680' title='bbox 1198 1848 1206 1863; x_wconf 89' lang='grc'><strong>‹</strong></span> <span class='ocrx_word' id='word_1_681' title='bbox 1221 1837 1297 1864; x_wconf 81' lang='lat' dir='ltr'><strong>Viam</strong></span> <span class='ocrx_word' id='word_1_682' title='bbox 1311 1834 1501 1862; x_wconf 84' lang='lat' dir='ltr'><strong>mandatorum</strong></span> <span class='ocrx_word' id='word_1_683' title='bbox 1518 1837 1627 1860; x_wconf 84' lang='lat' dir='ltr'><strong>tuorum</strong></span> <span class='ocrx_word' id='word_1_684' title='bbox 1644 1831 1765 1862; x_wconf 85' lang='lat' dir='ltr'><strong>cucurri,</strong></span> 
     </span>
    </p>
   </div>
   <div class='ocr_carea' id='block_1_84' title="bbox 977 1877 1766 1922">
    <p class='ocr_par' dir='ltr' id='par_1_84' title="bbox 977 1877 1766 1922">
     <span class='ocr_line' id='line_1_84' title="bbox 977 1877 1766 1922; baseline -0.014 -8"><span class='ocrx_word' id='word_1_685' title='bbox 977 1886 1086 1922; x_wconf 84' lang='lat' dir='ltr'><strong>quando</strong></span> <span class='ocrx_word' id='word_1_686' title='bbox 1110 1883 1227 1912; x_wconf 86' lang='lat' dir='ltr'><strong>dilatasti</strong></span> <span class='ocrx_word' id='word_1_687' title='bbox 1249 1890 1296 1910; x_wconf 85' lang='lat' dir='ltr'><strong>cor</strong></span> <span class='ocrx_word' id='word_1_688' title='bbox 1312 1889 1403 1908; x_wconf 92' lang='lat' dir='ltr'><strong>meum</strong></span> <span class='ocrx_word' id='word_1_689' title='bbox 1422 1880 1454 1907; x_wconf 79' lang='lat'><strong>&quot;.</strong></span> <span class='ocrx_word' id='word_1_690' title='bbox 1480 1889 1488 1905; x_wconf 71' lang='grc' dir='ltr'>ι</span> <span class='ocrx_word' id='word_1_691' title='bbox 1502 1878 1674 1914; x_wconf 84' lang='lat' dir='ltr'><strong>Amplificata</strong></span> <span class='ocrx_word' id='word_1_692' title='bbox 1692 1877 1766 1904; x_wconf 89' lang='lat' dir='ltr'><strong>enim</strong></span> 
     </span>
    </p>
   </div>
   <div class='ocr_carea' id='block_1_85' title="bbox 978 1922 1766 1962">
    <p class='ocr_par' dir='ltr' id='par_1_85' title="bbox 978 1922 1766 1962">
     <span class='ocr_line' id='line_1_85' title="bbox 978 1922 1766 1962; baseline -0.016 -1"><span class='ocrx_word' id='word_1_693' title='bbox 978 1941 1010 1962; x_wconf 84' lang='lat' dir='ltr'><strong>ac</strong></span> <span class='ocrx_word' id='word_1_694' title='bbox 1026 1933 1136 1960; x_wconf 85' lang='lat' dir='ltr'><strong>dilatata</strong></span> <span class='ocrx_word' id='word_1_695' title='bbox 1154 1934 1196 1957; x_wconf 81' lang='lat' dir='ltr'><strong>est</strong></span> <span class='ocrx_word' id='word_1_696' title='bbox 1212 1936 1288 1955; x_wconf 87' lang='lat' dir='ltr'><strong>mens</strong></span> <span class='ocrx_word' id='word_1_697' title='bbox 1313 1931 1406 1953; x_wconf 86' lang='lat' dir='ltr'><strong>nostra</strong></span> <span class='ocrx_word' id='word_1_698' title='bbox 1423 1925 1455 1953; x_wconf 92' lang='lat' dir='ltr'><strong>ad</strong></span> <span class='ocrx_word' id='word_1_699' title='bbox 1476 1924 1636 1959; x_wconf 85' lang='lat' dir='ltr'><strong>sapientiam</strong></span> <span class='ocrx_word' id='word_1_700' title='bbox 1657 1922 1766 1949; x_wconf 84' lang='lat' dir='ltr'><strong>inhabi-</strong></span> 
     </span>
    </p>
   </div>
   <div class='ocr_carea' id='block_1_86' title="bbox 979 1965 1766 2005">
    <p class='ocr_par' dir='ltr' id='par_1_86' title="bbox 979 1965 1766 2005">
     <span class='ocr_line' id='line_1_86' title="bbox 979 1965 1766 2005; baseline -0.018 0"><span class='ocrx_word' id='word_1_701' title='bbox 979 1982 1053 2005; x_wconf 86' lang='lat' dir='ltr'><strong>tante</strong></span> <span class='ocrx_word' id='word_1_702' title='bbox 1072 1976 1098 2003; x_wconf 91' lang='lat' dir='ltr'><strong>in</strong></span> <span class='ocrx_word' id='word_1_703' title='bbox 1113 1974 1235 2002; x_wconf 89' lang='lat' dir='ltr'><strong>omnium</strong></span> <span class='ocrx_word' id='word_1_704' title='bbox 1252 1971 1350 1999; x_wconf 87' lang='lat' dir='ltr'><strong>animis</strong></span> <span class='ocrx_word' id='word_1_705' title='bbox 1362 1977 1410 2005; x_wconf 88' lang='lat' dir='ltr'><strong>per</strong></span> <span class='ocrx_word' id='word_1_706' title='bbox 1429 1969 1566 2003; x_wconf 90' lang='lat' dir='ltr'><strong>spiritum,</strong></span> <span class='ocrx_word' id='word_1_707' title='bbox 1579 1965 1766 1994; x_wconf 88' lang='lat' dir='ltr'><strong>Emmanucle.</strong></span> 
     </span>
    </p>
   </div>
   <div class='ocr_carea' id='block_1_87' title="bbox 980 2012 1769 2058">
    <p class='ocr_par' dir='ltr' id='par_1_87' title="bbox 980 2012 1769 2058">
     <span class='ocr_line' id='line_1_87' title="bbox 980 2012 1769 2058; baseline -0.018 -8"><span class='ocrx_word' id='word_1_708' title='bbox 980 2021 1154 2058; x_wconf 87' lang='lat' dir='ltr'><strong>Ejusccmodi</strong></span> <span class='ocrx_word' id='word_1_709' title='bbox 1181 2019 1264 2054; x_wconf 78' lang='lat' dir='ltr'><strong>igitur</strong></span> <span class='ocrx_word' id='word_1_710' title='bbox 1275 2021 1340 2045; x_wconf 88' lang='lat' dir='ltr'><strong>sunt</strong></span> <span class='ocrx_word' id='word_1_711' title='bbox 1352 2016 1371 2043; x_wconf 92' lang='lat' dir='ltr'><strong>ii</strong></span> <span class='ocrx_word' id='word_1_712' title='bbox 1386 2015 1433 2050; x_wconf 90' lang='lat' dir='ltr'><strong>qui</strong></span> <span class='ocrx_word' id='word_1_713' title='bbox 1459 2014 1487 2041; x_wconf 87' lang='lat' dir='ltr'><strong>in</strong></span> <span class='ocrx_word' id='word_1_714' title='bbox 1509 2012 1618 2040; x_wconf 89' lang='lat' dir='ltr'><strong>Christo</strong></span> <span class='ocrx_word' id='word_1_715' title='bbox 1642 2015 1707 2039; x_wconf 85' lang='lat' dir='ltr'><strong>sunt</strong></span> <span class='ocrx_word' id='word_1_716' title='bbox 1720 2018 1769 2044; x_wconf 84' lang='lat' dir='ltr'><strong>per</strong></span> 
     </span>
    </p>
   </div>
   <div class='ocr_carea' id='block_1_88' title="bbox 983 2068 1074 2095">
    <p class='ocr_par' dir='ltr' id='par_1_88' title="bbox 983 2068 1074 2095">
     <span class='ocr_line' id='line_1_88' title="bbox 983 2068 1074 2095; baseline -0.011 0"><span class='ocrx_word' id='word_1_717' title='bbox 983 2068 1074 2095; x_wconf 86' lang='lat' dir='ltr'><strong>fidem.</strong></span> 
     </span>
    </p>
   </div>
   <div class='ocr_carea' id='block_1_89' title="bbox 1019 2143 1768 2190">
    <p class='ocr_par' dir='ltr' id='par_1_89' title="bbox 1019 2143 1768 2190">
     <span class='ocr_line' id='line_1_89' title="bbox 1019 2143 1768 2190; baseline -0.02 -6"><span class='ocrx_word' id='word_1_718' title='bbox 1019 2157 1044 2184; x_wconf 85' lang='lat'><strong>8.</strong></span> <span class='ocrx_word' id='word_1_719' title='bbox 1064 2155 1141 2190; x_wconf 89' lang='lat' dir='ltr'><strong>Quod</strong></span> <span class='ocrx_word' id='word_1_720' title='bbox 1164 2159 1254 2182; x_wconf 87' lang='lat' dir='ltr'><strong>autem</strong></span> <span class='ocrx_word' id='word_1_721' title='bbox 1269 2153 1398 2187; x_wconf 82' lang='lat' dir='ltr'><strong>frequens</strong></span> <span class='ocrx_word' id='word_1_722' title='bbox 1410 2147 1556 2177; x_wconf 87' lang='lat' dir='ltr'><strong>admodum</strong></span> <span class='ocrx_word' id='word_1_723' title='bbox 1573 2146 1608 2173; x_wconf 88' lang='lat' dir='ltr'><strong>sit</strong></span> <span class='ocrx_word' id='word_1_724' title='bbox 1624 2143 1768 2180; x_wconf 75' lang='lat' dir='ltr'><strong>purissima</strong></span> 
     </span>
    </p>
   </div>
   <div class='ocr_carea' id='block_1_90' title="bbox 142 2189 922 2246">
    <p class='ocr_par' dir='ltr' id='par_1_90' title="bbox 142 2189 917 2246">
     <span class='ocr_line' id='line_1_90' title="bbox 142 2189 917 2246; baseline -0.015 -6"><span class='ocrx_word' id='word_1_725' title='bbox 142 2189 201 2239; x_wconf 59' lang='grc' dir='ltr'><strong>νων</strong></span> <span class='ocrx_word' id='word_1_726' title='bbox 223 2189 405 2246; x_wconf 66' lang='grc' dir='ltr'>καίίαρωτάτη</span> <span class='ocrx_word' id='word_1_727' title='bbox 420 2189 545 2243; x_wconf 69' lang='grc' dir='ltr'><strong>πληθὺς,¹</strong></span> <span class='ocrx_word' id='word_1_728' title='bbox 559 2207 641 2242; x_wconf 80' lang='grc' dir='ltr'>μείων</span> <span class='ocrx_word' id='word_1_729' title='bbox 661 2214 693 2240; x_wconf 86' lang='grc' dir='ltr'><strong>γε</strong></span> <span class='ocrx_word' id='word_1_730' title='bbox 711 2205 764 2240; x_wconf 89' lang='grc' dir='ltr'><strong>μὴν</strong></span> <span class='ocrx_word' id='word_1_731' title='bbox 778 2205 794 2238; x_wconf 87' lang='grc' dir='ltr'><strong>ή</strong></span> <span class='ocrx_word' id='word_1_732' title='bbox 810 2203 840 2235; x_wconf 73' lang='grc' dir='ltr'>ἐξ</span> <span class='ocrx_word' id='word_1_733' title='bbox 867 2189 917 2229; x_wconf 16' lang='grc' dir='ltr'>Ἰῆου</span> 
     </span>
    </p>
   </div>
   <div class='ocr_carea' id='block_1_91' title="bbox 972 2189 1769 2246">
    <p class='ocr_par' dir='ltr' id='par_1_91' title="bbox 986 2189 1769 2237">
     <span class='ocr_line' id='line_1_91' title="bbox 986 2189 1769 2237; baseline -0.022 -6"><span class='ocrx_word' id='word_1_734' title='bbox 986 2211 1082 2231; x_wconf 86' lang='lat' dir='ltr'><strong>eorum</strong></span> <span class='ocrx_word' id='word_1_735' title='bbox 1106 2202 1153 2237; x_wconf 92' lang='lat' dir='ltr'><strong>qui</strong></span> <span class='ocrx_word' id='word_1_736' title='bbox 1181 2208 1230 2235; x_wconf 88' lang='lat' dir='ltr'><strong>per</strong></span> <span class='ocrx_word' id='word_1_737' title='bbox 1259 2198 1341 2226; x_wconf 84' lang='lat' dir='ltr'><strong>fidem</strong></span> <span class='ocrx_word' id='word_1_738' title='bbox 1361 2194 1500 2232; x_wconf 73' lang='lat' dir='ltr'><strong>iustificati</strong></span> <span class='ocrx_word' id='word_1_739' title='bbox 1528 2196 1592 2220; x_wconf 88' lang='lat' dir='ltr'><strong>sunt</strong></span> <span class='ocrx_word' id='word_1_740' title='bbox 1612 2189 1769 2219; x_wconf 86' lang='lat' dir='ltr'><strong>multitudo,</strong></span> 
     </span>
    </p>
   </div>
   <div class='ocr_carea' id='block_1_92' title="bbox 143 2248 933 2291">
    <p class='ocr_par' dir='ltr' id='par_1_92' title="bbox 143 2248 933 2291">
     <span class='ocr_line' id='line_1_92' title="bbox 143 2248 933 2291; baseline -0.015 -5"><span class='ocrx_word' id='word_1_741' title='bbox 143 2259 240 2288; x_wconf 77' lang='grc' dir='ltr'>δαίων.</span> <span class='ocrx_word' id='word_1_742' title='bbox 260 2255 393 2291; x_wconf 81' lang='grc' dir='ltr'>ἀναμὰοοι</span> <span class='ocrx_word' id='word_1_743' title='bbox 408 2262 448 2285; x_wconf 81' lang='grc' dir='ltr'><strong>τις</strong></span> <span class='ocrx_word' id='word_1_744' title='bbox 458 2253 490 2280; x_wconf 82' lang='grc' dir='ltr'>ἂν</span> <span class='ocrx_word' id='word_1_745' title='bbox 505 2252 628 2279; x_wconf 74' lang='grc' dir='ltr'>ὲντευθεν</span> <span class='ocrx_word' id='word_1_746' title='bbox 644 2250 770 2286; x_wconf 80' lang='grc' dir='ltr'>ἀμογητί.</span> <span class='ocrx_word' id='word_1_747' title='bbox 786 2249 870 2275; x_wconf 76' lang='grc' dir='ltr'>Ἑπτὰ</span> <span class='ocrx_word' id='word_1_748' title='bbox 886 2248 933 2283; x_wconf 81' lang='grc' dir='ltr'><strong>μὲν</strong></span> 
     </span>
    </p>
   </div>
   <div class='ocr_carea' id='block_1_93' title="bbox 143 2295 933 2339">
    <p class='ocr_par' dir='ltr' id='par_1_93' title="bbox 143 2295 933 2339">
     <span class='ocr_line' id='line_1_93' title="bbox 143 2295 933 2339; baseline -0.015 -8"><span class='ocrx_word' id='word_1_749' title='bbox 143 2304 204 2339; x_wconf 78' lang='grc' dir='ltr'>γὰρ</span> <span class='ocrx_word' id='word_1_750' title='bbox 229 2304 258 2329; x_wconf 76' lang='grc' dir='ltr'><strong>ἒν</strong></span> <span class='ocrx_word' id='word_1_751' title='bbox 276 2303 309 2338; x_wconf 81' lang='grc' dir='ltr'>τῇ</span> <span class='ocrx_word' id='word_1_752' title='bbox 325 2300 435 2335; x_wconf 78' lang='grc' dir='ltr'>κιϐωτῷ</span> <span class='ocrx_word' id='word_1_753' title='bbox 449 2299 484 2326; x_wconf 85' lang='grc' dir='ltr'>τὰ</span> <span class='ocrx_word' id='word_1_754' title='bbox 503 2300 536 2325; x_wconf 83' lang='grc' dir='ltr'>ἑκ</span> <span class='ocrx_word' id='word_1_755' title='bbox 549 2298 603 2325; x_wconf 83' lang='grc' dir='ltr'><strong>τῶν</strong></span> <span class='ocrx_word' id='word_1_756' title='bbox 619 2295 746 2333; x_wconf 80' lang='grc' dir='ltr'>καθαρῶν</span> <span class='ocrx_word' id='word_1_757' title='bbox 761 2295 933 2329; x_wconf 83' lang='grc' dir='ltr'>είσκεκὸμικε</span> 
     </span>
    </p>
   </div>
   <div class='ocr_carea' id='block_1_94' title="bbox 145 2340 934 2382">
    <p class='ocr_par' dir='ltr' id='par_1_94' title="bbox 145 2340 934 2382">
     <span class='ocr_line' id='line_1_94' title="bbox 145 2340 934 2382; baseline -0.016 -6"><span class='ocrx_word' id='word_1_758' title='bbox 145 2349 237 2382; x_wconf 80' lang='grc' dir='ltr'>ζώων,</span> <span class='ocrx_word' id='word_1_759' title='bbox 255 2348 307 2374; x_wconf 82' lang='grc' dir='ltr'><strong>ἀνὰ</strong></span> <span class='ocrx_word' id='word_1_760' title='bbox 323 2346 369 2373; x_wconf 83' lang='grc' dir='ltr'><strong>δύο</strong></span> <span class='ocrx_word' id='word_1_761' title='bbox 382 2345 410 2372; x_wconf 79' lang='grc' dir='ltr'><strong>δὲ</strong></span> <span class='ocrx_word' id='word_1_762' title='bbox 427 2342 459 2372; x_wconf 83' lang='grc' dir='ltr'><strong>αὖ</strong></span> <span class='ocrx_word' id='word_1_763' title='bbox 487 2344 522 2370; x_wconf 82' lang='grc' dir='ltr'>τὰ</span> <span class='ocrx_word' id='word_1_764' title='bbox 539 2344 570 2370; x_wconf 81' lang='grc' dir='ltr'>ἐκ</span> <span class='ocrx_word' id='word_1_765' title='bbox 588 2342 642 2369; x_wconf 77' lang='grc' dir='ltr'>τῶν</span> <span class='ocrx_word' id='word_1_766' title='bbox 662 2340 834 2376; x_wconf 81' lang='grc' dir='ltr'>ἀκαθάρτων·</span> <span class='ocrx_word' id='word_1_767' title='bbox 855 2346 934 2364; x_wconf 87' lang='grc' dir='ltr'>τουτ-</span> 
     </span>
    </p>
   </div>
   <div class='ocr_carea' id='block_1_95' title="bbox 145 2384 936 2428">
    <p class='ocr_par' dir='ltr' id='par_1_95' title="bbox 145 2384 936 2428">
     <span class='ocr_line' id='line_1_95' title="bbox 145 2384 936 2428; baseline -0.015 -6"><span class='ocrx_word' id='word_1_768' title='bbox 145 2395 217 2425; x_wconf 66' lang='grc' dir='ltr'>έστι,</span> <span class='ocrx_word' id='word_1_769' title='bbox 230 2393 283 2420; x_wconf 85' lang='grc' dir='ltr'>τῶν</span> <span class='ocrx_word' id='word_1_770' title='bbox 298 2392 480 2428; x_wconf 82' lang='grc' dir='ltr'>κυριοκτόνων</span> <span class='ocrx_word' id='word_1_771' title='bbox 502 2388 644 2416; x_wconf 75' lang='grc' dir='ltr'>Ἰουδαίων,</span> <span class='ocrx_word' id='word_1_772' title='bbox 664 2397 673 2413; x_wconf 76' lang='grc' dir='ltr'>ι</span> <span class='ocrx_word' id='word_1_773' title='bbox 691 2387 826 2413; x_wconf 78' lang='grc' dir='ltr'>Σέσωσται</span> <span class='ocrx_word' id='word_1_774' title='bbox 842 2385 895 2420; x_wconf 76' lang='grc' dir='ltr'>γὰρ</span> <span class='ocrx_word' id='word_1_775' title='bbox 907 2384 936 2410; x_wconf 84' lang='grc' dir='ltr'>τὸ</span> 
     </span>
    </p>
   </div>
   <div class='ocr_carea' id='block_1_96' title="bbox 145 2430 939 2474">
    <p class='ocr_par' dir='ltr' id='par_1_96' title="bbox 145 2430 939 2474">
     <span class='ocr_line' id='line_1_96' title="bbox 145 2430 939 2474; baseline -0.014 -7"><span class='ocrx_word' id='word_1_776' title='bbox 145 2439 335 2474; x_wconf 77' lang='grc' dir='ltr'>κατάλειμμα,</span> <span class='ocrx_word' id='word_1_777' title='bbox 353 2447 362 2464; x_wconf 74' lang='grc' dir='ltr'><strong>ι</strong></span> <span class='ocrx_word' id='word_1_778' title='bbox 380 2437 451 2464; x_wconf 83' lang='grc' dir='ltr'>κατὰ</span> <span class='ocrx_word' id='word_1_779' title='bbox 463 2436 512 2471; x_wconf 79' lang='grc' dir='ltr'>τὴν</span> <span class='ocrx_word' id='word_1_780' title='bbox 535 2435 581 2461; x_wconf 78' lang='grc' dir='ltr'>τοῦ</span> <span class='ocrx_word' id='word_1_781' title='bbox 594 2433 731 2469; x_wconf 79' lang='grc' dir='ltr'>προφήτου</span> <span class='ocrx_word' id='word_1_782' title='bbox 747 2433 847 2466; x_wconf 75' lang='grc' dir='ltr'>φωνήν.</span> <span class='ocrx_word' id='word_1_783' title='bbox 866 2430 939 2464; x_wconf 75' lang='grc' dir='ltr'>Πλὴν</span> 
     </span>
    </p>
   </div>
   <div class='ocr_carea' id='block_1_97' title="bbox 146 2477 941 2518">
    <p class='ocr_par' dir='ltr' id='par_1_97' title="bbox 146 2477 941 2518">
     <span class='ocr_line' id='line_1_97' title="bbox 146 2477 941 2518; baseline -0.013 -6"><span class='ocrx_word' id='word_1_784' title='bbox 146 2485 192 2512; x_wconf 78' lang='grc' dir='ltr'>ὃτι</span> <span class='ocrx_word' id='word_1_785' title='bbox 217 2484 289 2511; x_wconf 84' lang='grc' dir='ltr'>κατὰ</span> <span class='ocrx_word' id='word_1_786' title='bbox 307 2483 420 2518; x_wconf 73' lang='grc' dir='ltr'>καιροὺς</span> <span class='ocrx_word' id='word_1_787' title='bbox 445 2479 645 2508; x_wconf 70' lang='grc' dir='ltr'>ἀπανίστασθαι</span> <span class='ocrx_word' id='word_1_788' title='bbox 670 2486 700 2504; x_wconf 88' lang='grc' dir='ltr'><strong>τε</strong></span> <span class='ocrx_word' id='word_1_789' title='bbox 726 2478 773 2504; x_wconf 74' lang='grc' dir='ltr'>καὶ</span> <span class='ocrx_word' id='word_1_790' title='bbox 792 2477 941 2512; x_wconf 56' lang='grc' dir='ltr'>ἁποςςοιτᾷν</span> 
     </span>
    </p>
   </div>
   <div class='ocr_carea' id='block_1_98' title="bbox 147 2523 941 2566">
    <p class='ocr_par' dir='ltr' id='par_1_98' title="bbox 147 2523 941 2566">
     <span class='ocr_line' id='line_1_98' title="bbox 147 2523 941 2566; baseline -0.013 -8"><span class='ocrx_word' id='word_1_791' title='bbox 147 2532 200 2566; x_wconf 78' lang='grc' dir='ltr'>τῆς</span> <span class='ocrx_word' id='word_1_792' title='bbox 215 2530 333 2561; x_wconf 84' lang='grc' dir='ltr'>πίστεως</span> <span class='ocrx_word' id='word_1_793' title='bbox 344 2529 457 2564; x_wconf 71' lang='grc' dir='ltr'>ἔμελλόν</span> <span class='ocrx_word' id='word_1_794' title='bbox 467 2536 539 2559; x_wconf 85' lang='grc' dir='ltr'>τινες</span> <span class='ocrx_word' id='word_1_795' title='bbox 554 2526 609 2553; x_wconf 86' lang='grc' dir='ltr'>τῶν</span> <span class='ocrx_word' id='word_1_796' title='bbox 625 2525 654 2557; x_wconf 77' lang='grc' dir='ltr'>ἐξ</span> <span class='ocrx_word' id='word_1_797' title='bbox 675 2525 789 2560; x_wconf 81' lang='grc' dir='ltr'>αἵματος</span> <span class='ocrx_word' id='word_1_798' title='bbox 822 2523 941 2558; x_wconf 75' lang='grc' dir='ltr'>Ἰσραὴλ,</span> 
     </span>
    </p>
   </div>
   <div class='ocr_carea' id='block_1_99' title="bbox 149 2570 939 2608">
    <p class='ocr_par' dir='ltr' id='par_1_99' title="bbox 149 2570 939 2608">
     <span class='ocr_line' id='line_1_99' title="bbox 149 2570 939 2608; baseline -0.014 -3"><span class='ocrx_word' id='word_1_799' title='bbox 149 2577 294 2605; x_wconf 62' lang='grc' dir='ltr'>ὐπτύπου</span> <span class='ocrx_word' id='word_1_800' title='bbox 317 2577 408 2603; x_wconf 76' lang='grc' dir='ltr'>πάλιν.</span> <span class='ocrx_word' id='word_1_801' title='bbox 427 2585 436 2602; x_wconf 85' lang='grc'><strong>‹</strong></span> <span class='ocrx_word' id='word_1_802' title='bbox 459 2573 616 2602; x_wconf 80' lang='grc' dir='ltr'>Ἀπέστειλε</span> <span class='ocrx_word' id='word_1_803' title='bbox 642 2572 705 2608; x_wconf 85' lang='grc' dir='ltr'>γὰρ,</span> <span class='ocrx_word' id='word_1_804' title='bbox 727 2581 736 2596; x_wconf 80' lang='grc' dir='ltr'>ι</span> <span class='ocrx_word' id='word_1_805' title='bbox 763 2571 855 2606; x_wconf 79' lang='grc' dir='ltr'>φησὶν,</span> <span class='ocrx_word' id='word_1_806' title='bbox 876 2579 885 2594; x_wconf 78' lang='grc' dir='ltr'>ι</span> <span class='ocrx_word' id='word_1_807' title='bbox 908 2570 939 2595; x_wconf 83' lang='grc' dir='ltr'><strong>ὲκ</strong></span> 
     </span>
    </p>
   </div>
   <div class='ocr_carea' id='block_1_100' title="bbox 147 2614 936 2659">
    <p class='ocr_par' dir='ltr' id='par_1_100' title="bbox 147 2614 936 2659">
     <span class='ocr_line' id='line_1_100' title="bbox 147 2614 936 2659; baseline -0.013 -9"><span class='ocrx_word' id='word_1_808' title='bbox 147 2625 200 2659; x_wconf 56' lang='lat' dir='ltr'><strong>ﬁ};</strong></span> <span class='ocrx_word' id='word_1_809' title='bbox 218 2622 336 2650; x_wconf 73' lang='grc' dir='ltr'>κιϐωτοῦ</span> <span class='ocrx_word' id='word_1_810' title='bbox 350 2622 396 2648; x_wconf 81' lang='grc' dir='ltr'><strong>τὸν</strong></span> <span class='ocrx_word' id='word_1_811' title='bbox 420 2621 525 2657; x_wconf 77' lang='grc' dir='ltr'>κόρακα</span> <span class='ocrx_word' id='word_1_812' title='bbox 540 2620 603 2647; x_wconf 86' lang='grc' dir='ltr'>ἰδεῖν</span> <span class='ocrx_word' id='word_1_813' title='bbox 619 2619 643 2645; x_wconf 86' lang='grc' dir='ltr'>εἰ</span> <span class='ocrx_word' id='word_1_814' title='bbox 659 2617 796 2644; x_wconf 82' lang='grc' dir='ltr'>κεκόπακε</span> <span class='ocrx_word' id='word_1_815' title='bbox 809 2615 839 2642; x_wconf 80' lang='grc' dir='ltr'>τὺ</span> <span class='ocrx_word' id='word_1_816' title='bbox 855 2614 936 2650; x_wconf 78' lang='grc' dir='ltr'>ὕδωρ⁶</span> 
     </span>
    </p>
   </div>
   <div class='ocr_carea' id='block_1_101' title="bbox 150 2661 940 2705">
    <p class='ocr_par' dir='ltr' id='par_1_101' title="bbox 150 2661 940 2705">
     <span class='ocr_line' id='line_1_101' title="bbox 150 2661 940 2705; baseline -0.014 -8"><span class='ocrx_word' id='word_1_817' title='bbox 150 2672 165 2697; x_wconf 84' lang='grc' dir='ltr'><strong>ὸ</strong></span> <span class='ocrx_word' id='word_1_818' title='bbox 176 2671 204 2696; x_wconf 78' lang='grc' dir='ltr'><strong>δὲ</strong></span> <span class='ocrx_word' id='word_1_819' title='bbox 221 2671 270 2705; x_wconf 85' lang='grc' dir='ltr'><strong>οὐχ</strong></span> <span class='ocrx_word' id='word_1_820' title='bbox 282 2668 463 2704; x_wconf 68' lang='grc' dir='ltr'>ὑπέστρεψεν.</span> <span class='ocrx_word' id='word_1_821' title='bbox 480 2677 489 2693; x_wconf 70' lang='grc' dir='ltr'>ι</span> <span class='ocrx_word' id='word_1_822' title='bbox 499 2665 642 2699; x_wconf 81' lang='grc' dir='ltr'>Ἐνεπνίγη</span> <span class='ocrx_word' id='word_1_823' title='bbox 658 2663 697 2696; x_wconf 73' lang='grc' dir='ltr'><strong>δὲ,</strong></span> <span class='ocrx_word' id='word_1_824' title='bbox 710 2661 796 2698; x_wconf 74' lang='grc' dir='ltr'>οἶμαι,</span> <span class='ocrx_word' id='word_1_825' title='bbox 806 2663 862 2693; x_wconf 80' lang='grc' dir='ltr'>τοῖς</span> <span class='ocrx_word' id='word_1_826' title='bbox 876 2661 940 2687; x_wconf 79' lang='grc' dir='ltr'><strong>ὕδα-</strong></span> 
     </span>
    </p>
   </div>
   <div class='ocr_carea' id='block_1_102' title="bbox 153 2706 942 2752">
    <p class='ocr_par' dir='ltr' id='par_1_102' title="bbox 153 2706 942 2752">
     <span class='ocr_line' id='line_1_102' title="bbox 153 2706 942 2752; baseline -0.015 -8"><span class='ocrx_word' id='word_1_827' title='bbox 153 2725 206 2749; x_wconf 83' lang='grc' dir='ltr'>σιν,</span> <span class='ocrx_word' id='word_1_828' title='bbox 222 2715 339 2752; x_wconf 77' lang='grc' dir='ltr'>ἕρεισμά</span> <span class='ocrx_word' id='word_1_829' title='bbox 351 2723 380 2741; x_wconf 87' lang='grc' dir='ltr'><strong>τε</strong></span> <span class='ocrx_word' id='word_1_830' title='bbox 396 2714 442 2741; x_wconf 66' lang='grc' dir='ltr'><strong>καὶ</strong></span> <span class='ocrx_word' id='word_1_831' title='bbox 463 2713 555 2739; x_wconf 77' lang='grc' dir='ltr'>στάσιν</span> <span class='ocrx_word' id='word_1_832' title='bbox 565 2711 614 2746; x_wconf 82' lang='grc' dir='ltr'><strong>οὐχ</strong></span> <span class='ocrx_word' id='word_1_833' title='bbox 627 2708 762 2746; x_wconf 82' lang='grc' dir='ltr'>εὑρηκὼς.</span> <span class='ocrx_word' id='word_1_834' title='bbox 778 2707 881 2735; x_wconf 68' lang='grc' dir='ltr'><strong>Οὒχιιῦν</strong></span> <span class='ocrx_word' id='word_1_835' title='bbox 911 2706 942 2733; x_wconf 80' lang='grc' dir='ltr'><strong>τὸ</strong></span> 
     </span>
    </p>
   </div>
   <div class='ocr_carea' id='block_1_103' title="bbox 188 2776 945 2818">
    <p class='ocr_par' dir='ltr' id='par_1_103' title="bbox 188 2776 945 2818">
     <span class='ocr_line' id='line_1_103' title="bbox 188 2776 945 2818; baseline -0.018 -2"><span class='ocrx_word' id='word_1_836' title='bbox 188 2789 209 2805; x_wconf 79' lang='grc'><strong>⁸⁸</strong></span> <span class='ocrx_word' id='word_1_837' title='bbox 219 2787 292 2816; x_wconf 82' lang='lat' dir='ltr'><strong>Psal.</strong></span> <span class='ocrx_word' id='word_1_838' title='bbox 306 2794 360 2818; x_wconf 63' lang='grc' dir='ltr'>τοι,</span> <span class='ocrx_word' id='word_1_839' title='bbox 375 2783 418 2810; x_wconf 79' lang='lat' dir='ltr'><strong>M.</strong></span> <span class='ocrx_word' id='word_1_840' title='bbox 453 2781 508 2818; x_wconf 17' lang='lat' dir='ltr'><strong>&quot;ill</strong></span> <span class='ocrx_word' id='word_1_841' title='bbox 519 2780 614 2818; x_wconf 75' lang='lat' dir='ltr'><strong>Thess.</strong></span> <span class='ocrx_word' id='word_1_842' title='bbox 633 2787 663 2812; x_wconf 82' lang='grc' dir='ltr'>η,</span> <span class='ocrx_word' id='word_1_843' title='bbox 684 2779 738 2818; x_wconf 44' lang='grc' dir='ltr'><strong>15;υ</strong></span> <span class='ocrx_word' id='word_1_844' title='bbox 748 2778 829 2818; x_wconf 80' lang='lat' dir='ltr'><strong>Rom_._</strong></span> <span class='ocrx_word' id='word_1_845' title='bbox 841 2776 945 2818; x_wconf 41' lang='grc' dir='ltr'>ξιιμ.</span> 
     </span>
    </p>
   </div>
   <div class='ocr_carea' id='block_1_104' title="bbox 162 2814 750 2851">
    <p class='ocr_par' dir='ltr' id='par_1_104' title="bbox 162 2814 750 2851">
     <span class='ocr_line' id='line_1_104' title="bbox 162 2814 750 2851; baseline -0.02 1"><span class='ocrx_word' id='word_1_846' title='bbox 162 2823 208 2851; x_wconf 71' lang='lat'><strong>35.</strong></span> <span class='ocrx_word' id='word_1_847' title='bbox 220 2814 229 2816; x_wconf 19' lang='grc' dir='ltr'>ἡ</span> <span class='ocrx_word' id='word_1_848' title='bbox 247 2823 268 2838; x_wconf 86' lang='grc'><strong>³¹</strong></span> <span class='ocrx_word' id='word_1_849' title='bbox 279 2822 333 2850; x_wconf 90' lang='lat' dir='ltr'><strong>lsa.</strong></span> <span class='ocrx_word' id='word_1_850' title='bbox 349 2814 443 2849; x_wconf 57' lang='grc' dir='ltr'>τιν-ιιι,</span> <span class='ocrx_word' id='word_1_851' title='bbox 458 2817 500 2843; x_wconf 73' lang='grc'><strong>14.</strong></span> <span class='ocrx_word' id='word_1_852' title='bbox 539 2817 560 2832; x_wconf 86' lang='grc'><strong>³¹</strong></span> <span class='ocrx_word' id='word_1_853' title='bbox 577 2816 628 2843; x_wconf 82' lang='lat' dir='ltr'><strong>lsa.</strong></span> <span class='ocrx_word' id='word_1_854' title='bbox 640 2822 711 2846; x_wconf 68' lang='lat' dir='ltr'><strong>LXVI,</strong></span> <span class='ocrx_word' id='word_1_855' title='bbox 724 2814 750 2840; x_wconf 81' lang='lat'><strong>5.</strong></span> 
     </span>
    </p>
   </div>
   <div class='ocr_carea' id='block_1_105' title="bbox 156 2852 505 2892">
    <p class='ocr_par' dir='ltr' id='par_1_105' title="bbox 156 2852 505 2892">
     <span class='ocr_line' id='line_1_105' title="bbox 156 2852 505 2892; baseline -0.026 -6"><span class='ocrx_word' id='word_1_856' title='bbox 156 2867 191 2892; x_wconf 77' lang='lat' dir='ltr'><strong>lx,</strong></span> <span class='ocrx_word' id='word_1_857' title='bbox 206 2858 252 2885; x_wconf 68' lang='grc'><strong>27.</strong></span> <span class='ocrx_word' id='word_1_858' title='bbox 292 2856 314 2872; x_wconf 72' lang='grc'><strong>⁵⁸</strong></span> <span class='ocrx_word' id='word_1_859' title='bbox 328 2856 399 2883; x_wconf 81' lang='lat' dir='ltr'><strong>Gen.</strong></span> <span class='ocrx_word' id='word_1_860' title='bbox 414 2852 505 2885; x_wconf 79' lang='lat' dir='ltr'><strong>vm,6.</strong></span> 
     </span>
    </p>
   </div>
   <div class='ocr_carea' id='block_1_106' title="bbox 983 2769 1282 2803">
    <p class='ocr_par' dir='ltr' id='par_1_106' title="bbox 983 2769 1282 2803">
     <span class='ocr_line' id='line_1_106' title="bbox 983 2769 1282 2803; baseline -0.017 -2"><span class='ocrx_word' id='word_1_861' title='bbox 983 2774 1005 2790; x_wconf 71' lang='lat'><strong>’”</strong></span> <span class='ocrx_word' id='word_1_862' title='bbox 1019 2773 1115 2801; x_wconf 85' lang='lat' dir='ltr'><strong>Matth.</strong></span> <span class='ocrx_word' id='word_1_863' title='bbox 1135 2769 1282 2803; x_wconf 68' lang='lat' dir='ltr'><strong>tu,ll,12.</strong></span> 
     </span>
    </p>
   </div>
   <div class='ocr_carea' id='block_1_107' title="bbox 808 2802 1427 2842">
    <p class='ocr_par' dir='ltr' id='par_1_107' title="bbox 808 2802 1427 2842">
     <span class='ocr_line' id='line_1_107' title="bbox 808 2802 1427 2842; baseline -0.018 -3"><span class='ocrx_word' id='word_1_864' title='bbox 808 2802 829 2827; x_wconf 48' lang='lat' dir='ltr'><strong>ii</strong></span> <span class='ocrx_word' id='word_1_865' title='bbox 842 2802 951 2838; x_wconf 21' lang='lat' dir='ltr'><strong>lrlr&#39;Cor.</strong></span> <span class='ocrx_word' id='word_1_866' title='bbox 967 2817 1004 2842; x_wconf 91' lang='lat' dir='ltr'><strong>vt,</strong></span> <span class='ocrx_word' id='word_1_867' title='bbox 1024 2809 1118 2835; x_wconf 79' lang='lat' dir='ltr'><strong>ll—H.</strong></span> <span class='ocrx_word' id='word_1_868' title='bbox 1156 2808 1177 2822; x_wconf 80' lang='lat'>&quot;</span> <span class='ocrx_word' id='word_1_869' title='bbox 1191 2805 1262 2833; x_wconf 74' lang='lat' dir='ltr'><strong>Psal.</strong></span> <span class='ocrx_word' id='word_1_870' title='bbox 1279 2811 1369 2834; x_wconf 75' lang='lat' dir='ltr'><strong>cxvnt,</strong></span> <span class='ocrx_word' id='word_1_871' title='bbox 1383 2802 1427 2828; x_wconf 61' lang='grc' dir='ltr'><strong>Ἡ.</strong></span> 
     </span>
    </p>
   </div>
   <div class='ocr_carea' id='block_1_108' title="bbox 987 2236 1770 2277">
    <p class='ocr_par' dir='ltr' id='par_1_108' title="bbox 987 2236 1770 2277">
     <span class='ocr_line' id='line_1_108' title="bbox 987 2236 1770 2277; baseline -0.019 0"><span class='ocrx_word' id='word_1_872' title='bbox 987 2250 1075 2277; x_wconf 92' lang='lat' dir='ltr'><strong>minor</strong></span> <span class='ocrx_word' id='word_1_873' title='bbox 1087 2236 1153 2275; x_wconf 81' lang='lat' dir='ltr'><strong>vero</strong></span> <span class='ocrx_word' id='word_1_874' title='bbox 1167 2246 1339 2276; x_wconf 74' lang='lat' dir='ltr'><strong>Judznorum,</strong></span> <span class='ocrx_word' id='word_1_875' title='bbox 1361 2243 1439 2270; x_wconf 83' lang='lat' dir='ltr'><strong>facile</strong></span> <span class='ocrx_word' id='word_1_876' title='bbox 1460 2241 1521 2276; x_wconf 90' lang='lat' dir='ltr'><strong>quis</strong></span> <span class='ocrx_word' id='word_1_877' title='bbox 1543 2239 1608 2266; x_wconf 90' lang='lat' dir='ltr'><strong>hinc</strong></span> <span class='ocrx_word' id='word_1_878' title='bbox 1628 2236 1770 2272; x_wconf 77' lang='lat' dir='ltr'><strong>intelligat.</strong></span> 
     </span>
    </p>
   </div>
   <div class='ocr_carea' id='block_1_109' title="bbox 987 2282 1772 2331">
    <p class='ocr_par' dir='ltr' id='par_1_109' title="bbox 987 2282 1772 2331">
     <span class='ocr_line' id='line_1_109' title="bbox 987 2282 1772 2331; baseline -0.019 -8"><span class='ocrx_word' id='word_1_879' title='bbox 987 2295 1097 2331; x_wconf 86' lang='lat' dir='ltr'><strong>Septem</strong></span> <span class='ocrx_word' id='word_1_880' title='bbox 1110 2294 1182 2321; x_wconf 92' lang='lat' dir='ltr'><strong>enim</strong></span> <span class='ocrx_word' id='word_1_881' title='bbox 1193 2293 1221 2319; x_wconf 86' lang='lat' dir='ltr'><strong>in</strong></span> <span class='ocrx_word' id='word_1_882' title='bbox 1232 2299 1323 2319; x_wconf 86' lang='lat' dir='ltr'><strong>aream</strong></span> <span class='ocrx_word' id='word_1_883' title='bbox 1334 2298 1366 2317; x_wconf 75' lang='lat' dir='ltr'><strong>ex</strong></span> <span class='ocrx_word' id='word_1_884' title='bbox 1379 2288 1489 2316; x_wconf 88' lang='lat' dir='ltr'><strong>mundis</strong></span> <span class='ocrx_word' id='word_1_885' title='bbox 1500 2285 1620 2313; x_wconf 87' lang='lat' dir='ltr'><strong>immissa</strong></span> <span class='ocrx_word' id='word_1_886' title='bbox 1632 2287 1705 2314; x_wconf 87' lang='lat' dir='ltr'><strong>sunt,</strong></span> <span class='ocrx_word' id='word_1_887' title='bbox 1717 2282 1772 2309; x_wconf 88' lang='lat' dir='ltr'><strong>duo</strong></span> 
     </span>
    </p>
   </div>
   <div class='ocr_carea' id='block_1_110' title="bbox 988 2328 1770 2369">
    <p class='ocr_par' dir='ltr' id='par_1_110' title="bbox 988 2328 1770 2369">
     <span class='ocr_line' id='line_1_110' title="bbox 988 2328 1770 2369; baseline -0.019 0"><span class='ocrx_word' id='word_1_888' title='bbox 988 2346 1078 2369; x_wconf 88' lang='lat' dir='ltr'><strong>autem</strong></span> <span class='ocrx_word' id='word_1_889' title='bbox 1094 2349 1127 2368; x_wconf 78' lang='lat' dir='ltr'><strong>ex</strong></span> <span class='ocrx_word' id='word_1_890' title='bbox 1146 2338 1303 2369; x_wconf 81' lang='lat' dir='ltr'><strong>immundis,</strong></span> <span class='ocrx_word' id='word_1_891' title='bbox 1326 2337 1378 2363; x_wconf 92' lang='lat' dir='ltr'><strong>hoc</strong></span> <span class='ocrx_word' id='word_1_892' title='bbox 1396 2340 1447 2366; x_wconf 83' lang='lat' dir='ltr'><strong>est,</strong></span> <span class='ocrx_word' id='word_1_893' title='bbox 1463 2332 1570 2361; x_wconf 91' lang='lat' dir='ltr'><strong>Domini</strong></span> <span class='ocrx_word' id='word_1_894' title='bbox 1588 2328 1770 2358; x_wconf 85' lang='lat' dir='ltr'><strong>interfectori-</strong></span> 
     </span>
    </p>
   </div>
   <div class='ocr_carea' id='block_1_111' title="bbox 987 2374 1770 2416">
    <p class='ocr_par' dir='ltr' id='par_1_111' title="bbox 987 2374 1770 2416">
     <span class='ocr_line' id='line_1_111' title="bbox 987 2374 1770 2416; baseline -0.022 0"><span class='ocrx_word' id='word_1_895' title='bbox 987 2389 1039 2416; x_wconf 88' lang='lat' dir='ltr'><strong>bus</strong></span> <span class='ocrx_word' id='word_1_896' title='bbox 1054 2385 1164 2415; x_wconf 72' lang='lat' dir='ltr'><strong>Judaeis.</strong></span> <span class='ocrx_word' id='word_1_897' title='bbox 1182 2395 1189 2409; x_wconf 81' lang='grc' dir='ltr'>ι</span> <span class='ocrx_word' id='word_1_898' title='bbox 1207 2384 1293 2412; x_wconf 68' lang='lat' dir='ltr'><strong>Salvte</strong></span> <span class='ocrx_word' id='word_1_899' title='bbox 1307 2382 1379 2409; x_wconf 93' lang='lat' dir='ltr'><strong>cnim</strong></span> <span class='ocrx_word' id='word_1_900' title='bbox 1394 2380 1472 2407; x_wconf 59' lang='lat' dir='ltr'><strong>factae</strong></span> <span class='ocrx_word' id='word_1_901' title='bbox 1490 2381 1554 2405; x_wconf 86' lang='lat' dir='ltr'><strong>sunt</strong></span> <span class='ocrx_word' id='word_1_902' title='bbox 1569 2375 1690 2409; x_wconf 73' lang='lat' dir='ltr'><strong>reliquite</strong></span> <span class='ocrx_word' id='word_1_903' title='bbox 1706 2374 1740 2406; x_wconf 88' lang='grc'>³⁵,</span> <span class='ocrx_word' id='word_1_904' title='bbox 1760 2383 1770 2399; x_wconf 77' lang='grc' dir='ltr'>ι</span> 
     </span>
    </p>
   </div>
   <div class='ocr_carea' id='block_1_112' title="bbox 986 2419 1776 2472">
    <p class='ocr_par' dir='ltr' id='par_1_112' title="bbox 986 2419 1776 2472">
     <span class='ocr_line' id='line_1_112' title="bbox 986 2419 1776 2472; baseline -0.024 -10"><span class='ocrx_word' id='word_1_905' title='bbox 986 2437 1061 2472; x_wconf 74' lang='lat' dir='ltr'><strong>juxta</strong></span> <span class='ocrx_word' id='word_1_906' title='bbox 1076 2432 1215 2468; x_wconf 65' lang='lat' dir='ltr'><strong>prophetae</strong></span> <span class='ocrx_word' id='word_1_907' title='bbox 1225 2436 1329 2457; x_wconf 87' lang='lat' dir='ltr'><strong>vocem.</strong></span> <span class='ocrx_word' id='word_1_908' title='bbox 1340 2427 1473 2454; x_wconf 65' lang='lat' dir='ltr'><strong>Praeterea</strong></span> <span class='ocrx_word' id='word_1_909' title='bbox 1484 2422 1557 2458; x_wconf 84' lang='lat' dir='ltr'><strong>quod</strong></span> <span class='ocrx_word' id='word_1_910' title='bbox 1568 2419 1700 2455; x_wconf 86' lang='lat' dir='ltr'><strong>temporis</strong></span> <span class='ocrx_word' id='word_1_911' title='bbox 1710 2425 1776 2453; x_wconf 85' lang='lat' dir='ltr'><strong>pro-</strong></span> 
     </span>
    </p>
   </div>
   <div class='ocr_carea' id='block_1_113' title="bbox 989 2468 1775 2516">
    <p class='ocr_par' dir='ltr' id='par_1_113' title="bbox 989 2468 1775 2516">
     <span class='ocr_line' id='line_1_113' title="bbox 989 2468 1775 2516; baseline -0.022 -9"><span class='ocrx_word' id='word_1_912' title='bbox 989 2468 1082 2516; x_wconf 48' lang='lat' dir='ltr'><strong>kressu</strong></span> <span class='ocrx_word' id='word_1_913' title='bbox 1104 2486 1119 2504; x_wconf 86' lang='lat' dir='ltr'><strong>a</strong></span> <span class='ocrx_word' id='word_1_914' title='bbox 1143 2476 1196 2503; x_wconf 80' lang='lat' dir='ltr'><strong>ﬁde</strong></span> <span class='ocrx_word' id='word_1_915' title='bbox 1219 2471 1367 2502; x_wconf 86' lang='lat' dir='ltr'><strong>discessuri</strong></span> <span class='ocrx_word' id='word_1_916' title='bbox 1389 2468 1578 2503; x_wconf 84' lang='lat' dir='ltr'><strong>defecturique</strong></span> <span class='ocrx_word' id='word_1_917' title='bbox 1597 2469 1689 2493; x_wconf 87' lang='lat' dir='ltr'><strong>essent</strong></span> <span class='ocrx_word' id='word_1_918' title='bbox 1704 2472 1775 2491; x_wconf 88' lang='lat' dir='ltr'><strong>non-</strong></span> 
     </span>
    </p>
   </div>
   <div class='ocr_carea' id='block_1_114' title="bbox 989 2509 1776 2557">
    <p class='ocr_par' dir='ltr' id='par_1_114' title="bbox 989 2509 1776 2557">
     <span class='ocr_line' id='line_1_114' title="bbox 989 2509 1776 2557; baseline -0.022 -5"><span class='ocrx_word' id='word_1_919' title='bbox 989 2509 1057 2552; x_wconf 65' lang='lat' dir='ltr'><strong>nulli</strong></span> <span class='ocrx_word' id='word_1_920' title='bbox 1071 2532 1104 2550; x_wconf 81' lang='lat' dir='ltr'><strong>ex</strong></span> <span class='ocrx_word' id='word_1_921' title='bbox 1119 2521 1249 2557; x_wconf 80' lang='lat' dir='ltr'><strong>sanguine</strong></span> <span class='ocrx_word' id='word_1_922' title='bbox 1268 2518 1362 2549; x_wconf 85' lang='lat' dir='ltr'><strong>lsrael,</strong></span> <span class='ocrx_word' id='word_1_923' title='bbox 1377 2522 1487 2543; x_wconf 86' lang='lat' dir='ltr'><strong>rursum</strong></span> <span class='ocrx_word' id='word_1_924' title='bbox 1508 2513 1622 2549; x_wconf 79' lang='lat' dir='ltr'><strong>ﬁgurate</strong></span> <span class='ocrx_word' id='word_1_925' title='bbox 1637 2509 1776 2546; x_wconf 75' lang='lat' dir='ltr'><strong>signiﬁca-</strong></span> 
     </span>
    </p>
   </div>
   <div class='ocr_carea' id='block_1_115' title="bbox 991 2554 1776 2597">
    <p class='ocr_par' dir='ltr' id='par_1_115' title="bbox 991 2554 1776 2597">
     <span class='ocr_line' id='line_1_115' title="bbox 991 2554 1776 2597; baseline -0.022 0"><span class='ocrx_word' id='word_1_926' title='bbox 991 2570 1040 2597; x_wconf 84' lang='lat' dir='ltr'><strong>vit.</strong></span> <span class='ocrx_word' id='word_1_927' title='bbox 1060 2579 1068 2594; x_wconf 82' lang='grc' dir='ltr'>ι</span> <span class='ocrx_word' id='word_1_928' title='bbox 1085 2567 1182 2595; x_wconf 88' lang='lat' dir='ltr'><strong>Emisit</strong></span> <span class='ocrx_word' id='word_1_929' title='bbox 1196 2565 1280 2595; x_wconf 88' lang='lat' dir='ltr'><strong>enim,</strong></span> <span class='ocrx_word' id='word_1_930' title='bbox 1304 2573 1313 2589; x_wconf 74' lang='grc' dir='ltr'>ι</span> <span class='ocrx_word' id='word_1_931' title='bbox 1331 2561 1431 2597; x_wconf 88' lang='lat' dir='ltr'><strong>inquit,</strong></span> <span class='ocrx_word' id='word_1_932' title='bbox 1453 2571 1461 2586; x_wconf 80' lang='grc' dir='ltr'>ι</span> <span class='ocrx_word' id='word_1_933' title='bbox 1477 2567 1511 2588; x_wconf 83' lang='lat' dir='ltr'><strong>ex</strong></span> <span class='ocrx_word' id='word_1_934' title='bbox 1523 2567 1586 2586; x_wconf 77' lang='lat' dir='ltr'><strong>arca</strong></span> <span class='ocrx_word' id='word_1_935' title='bbox 1601 2563 1724 2588; x_wconf 82' lang='lat' dir='ltr'><strong>corvum,</strong></span> <span class='ocrx_word' id='word_1_936' title='bbox 1742 2554 1776 2581; x_wconf 86' lang='lat' dir='ltr'><strong>ad</strong></span> 
     </span>
    </p>
   </div>
   <div class='ocr_carea' id='block_1_116' title="bbox 993 2606 1777 2643">
    <p class='ocr_par' dir='ltr' id='par_1_116' title="bbox 993 2606 1777 2643">
     <span class='ocr_line' id='line_1_116' title="bbox 993 2606 1777 2643; baseline -0.019 -1"><span class='ocrx_word' id='word_1_937' title='bbox 993 2614 1140 2642; x_wconf 89' lang='lat' dir='ltr'><strong>videndum</strong></span> <span class='ocrx_word' id='word_1_938' title='bbox 1157 2612 1179 2640; x_wconf 86' lang='lat' dir='ltr'><strong>si</strong></span> <span class='ocrx_word' id='word_1_939' title='bbox 1195 2613 1328 2638; x_wconf 85' lang='lat' dir='ltr'><strong>cessasset</strong></span> <span class='ocrx_word' id='word_1_940' title='bbox 1349 2615 1429 2643; x_wconf 84' lang='lat' dir='ltr'><strong>aqua;</strong></span> <span class='ocrx_word' id='word_1_941' title='bbox 1446 2606 1490 2634; x_wconf 93' lang='lat' dir='ltr'><strong>ille</strong></span> <span class='ocrx_word' id='word_1_942' title='bbox 1509 2612 1576 2633; x_wconf 79' lang='lat' dir='ltr'><strong>vero</strong></span> <span class='ocrx_word' id='word_1_943' title='bbox 1596 2611 1652 2631; x_wconf 86' lang='lat' dir='ltr'><strong>non</strong></span> <span class='ocrx_word' id='word_1_944' title='bbox 1673 2606 1716 2629; x_wconf 85' lang='lat' dir='ltr'><strong>est</strong></span> <span class='ocrx_word' id='word_1_945' title='bbox 1732 2608 1777 2627; x_wconf 83' lang='lat' dir='ltr'><strong>re-</strong></span> 
     </span>
    </p>
   </div>
   <div class='ocr_carea' id='block_1_117' title="bbox 990 2646 1777 2695">
    <p class='ocr_par' dir='ltr' id='par_1_117' title="bbox 990 2646 1777 2695">
     <span class='ocr_line' id='line_1_117' title="bbox 990 2646 1777 2695; baseline -0.022 -7"><span class='ocrx_word' id='word_1_946' title='bbox 990 2667 1089 2695; x_wconf 77' lang='lat' dir='ltr'><strong>versus</strong></span> <span class='ocrx_word' id='word_1_947' title='bbox 1098 2659 1130 2684; x_wconf 82' lang='lat'><strong>&quot;.</strong></span> <span class='ocrx_word' id='word_1_948' title='bbox 1147 2668 1155 2682; x_wconf 86' lang='grc'><strong>)</strong></span> <span class='ocrx_word' id='word_1_949' title='bbox 1170 2656 1334 2684; x_wconf 88' lang='lat' dir='ltr'><strong>Submersus</strong></span> <span class='ocrx_word' id='word_1_950' title='bbox 1344 2658 1434 2681; x_wconf 92' lang='lat' dir='ltr'><strong>autem</strong></span> <span class='ocrx_word' id='word_1_951' title='bbox 1445 2656 1496 2683; x_wconf 88' lang='lat' dir='ltr'><strong>est,</strong></span> <span class='ocrx_word' id='word_1_952' title='bbox 1507 2654 1538 2678; x_wconf 88' lang='lat' dir='ltr'><strong>ut</strong></span> <span class='ocrx_word' id='word_1_953' title='bbox 1548 2649 1676 2680; x_wconf 88' lang='lat' dir='ltr'><strong>arbitror,</strong></span> <span class='ocrx_word' id='word_1_954' title='bbox 1689 2646 1777 2681; x_wconf 85' lang='lat' dir='ltr'><strong>aquis,</strong></span> 
     </span>
    </p>
   </div>
   <div class='ocr_carea' id='block_1_118' title="bbox 995 2690 1780 2733">
    <p class='ocr_par' dir='ltr' id='par_1_118' title="bbox 995 2690 1780 2733">
     <span class='ocr_line' id='line_1_118' title="bbox 995 2690 1780 2733; baseline -0.022 0"><span class='ocrx_word' id='word_1_955' title='bbox 995 2705 1042 2733; x_wconf 90' lang='lat' dir='ltr'><strong>ubi</strong></span> <span class='ocrx_word' id='word_1_956' title='bbox 1054 2703 1215 2732; x_wconf 85' lang='lat' dir='ltr'><strong>subsisteret</strong></span> <span class='ocrx_word' id='word_1_957' title='bbox 1228 2709 1281 2728; x_wconf 92' lang='lat' dir='ltr'><strong>non</strong></span> <span class='ocrx_word' id='word_1_958' title='bbox 1296 2699 1446 2727; x_wconf 74' lang='lat' dir='ltr'><strong>inveniens.</strong></span> <span class='ocrx_word' id='word_1_959' title='bbox 1460 2695 1594 2729; x_wconf 76' lang='lat' dir='ltr'><strong>Quocirca</strong></span> <span class='ocrx_word' id='word_1_960' title='bbox 1607 2701 1622 2720; x_wconf 87' lang='lat' dir='ltr'><strong>a</strong></span> <span class='ocrx_word' id='word_1_961' title='bbox 1638 2692 1690 2719; x_wconf 82' lang='lat' dir='ltr'><strong>fide</strong></span> <span class='ocrx_word' id='word_1_962' title='bbox 1702 2690 1780 2718; x_wconf 58' lang='lat' dir='ltr'><strong>ChrL</strong></span> 
     </span>
    </p>
   </div>
   <div class='ocr_carea' id='block_1_119' title="bbox 1335 2760 1778 2796">
    <p class='ocr_par' dir='ltr' id='par_1_119' title="bbox 1335 2760 1778 2796">
     <span class='ocr_line' id='line_1_119' title="bbox 1335 2760 1778 2796; baseline -0.027 -1"><span class='ocrx_word' id='word_1_963' title='bbox 1335 2768 1357 2783; x_wconf 80' lang='lat'><strong>‘°</strong></span> <span class='ocrx_word' id='word_1_964' title='bbox 1369 2766 1439 2794; x_wconf 83' lang='lat' dir='ltr'><strong>Psal.</strong></span> <span class='ocrx_word' id='word_1_965' title='bbox 1450 2773 1494 2796; x_wconf 79' lang='lat' dir='ltr'><strong>xv,</strong></span> <span class='ocrx_word' id='word_1_966' title='bbox 1508 2763 1552 2796; x_wconf 66' lang='grc'><strong>14.</strong></span> <span class='ocrx_word' id='word_1_967' title='bbox 1591 2760 1613 2776; x_wconf 87' lang='grc'><em>³⁰</em></span> <span class='ocrx_word' id='word_1_968' title='bbox 1627 2760 1712 2796; x_wconf 68' lang='lat' dir='ltr'><strong>[ime</strong></span> <span class='ocrx_word' id='word_1_969' title='bbox 1721 2766 1778 2790; x_wconf 89' lang='lat' dir='ltr'><strong>vm,</strong></span> 
     </span>
    </p>
   </div>
   <div class='ocr_carea' id='block_1_120' title="bbox 1483 2793 1774 2829">
    <p class='ocr_par' dir='ltr' id='par_1_120' title="bbox 1483 2793 1774 2829">
     <span class='ocr_line' id='line_1_120' title="bbox 1483 2793 1774 2829; baseline -0.021 -4"><span class='ocrx_word' id='word_1_970' title='bbox 1483 2793 1569 2825; x_wconf 54' lang='lat' dir='ltr'><strong>“lsa.</strong></span> <span class='ocrx_word' id='word_1_971' title='bbox 1585 2803 1612 2829; x_wconf 72' lang='grc' dir='ltr'><strong>ι,</strong></span> <span class='ocrx_word' id='word_1_972' title='bbox 1629 2793 1681 2827; x_wconf 68' lang='lat'><strong>22;</strong></span> <span class='ocrx_word' id='word_1_973' title='bbox 1696 2793 1774 2820; x_wconf 79' lang='lat' dir='ltr'><strong>Rom.</strong></span> 
     </span>
    </p>
   </div>
  </div>
