1990 3046
135 168 169 202 73
648 172 907 201 GLAPHYRORUM
925 172 958 200 IN
978 172 1128 201 GENESlM
1150 173 1213 200 LIB.
1235 174 1268 200 ll.
1730 173 1765 201 74

137 233 187 267 γῆν
205 231 248 259 διὰ
262 231 296 259 τὰ
306 231 376 268 ἔργα
397 232 451 259 τῶν
468 229 628 268 ἀνθρώπων.
639 231 692 258 Καὶ
708 231 766 267 μεθ’
782 231 862 266 ἔτερα
876 231 927 259 πά-

982 241 990 256 ι
1007 231 1040 258 Εῐ.
1058 231 1198 259 benedixit
1219 231 1350 259 Dominus
1366 231 1438 259 Deus
1451 231 1507 258 Noe
1524 236 1552 258 et
1570 231 1632 259 filiis
1651 233 1720 268 ejus,
1737 238 1764 260 et

137 277 187 305 λιν·
205 288 214 304 t
231 279 286 305 Καὶ
310 279 443 315 εὐλόγησε
469 278 571 314 Κύριος
595 279 609 304 ὸ
635 277 700 309 Θεὸς
719 278 765 305 τὸν
790 278 862 309 Νῶε,
880 278 928 304 καὶ

137 323 198 355 τοὺς
221 324 295 356 υἱοὺς
308 323 402 355 αὑτοῦ,
425 323 472 350 καὶ
486 321 563 350 εἷπεν
582 323 684 354 αὐτοῖς·
701 322 855 355 Αὺξάνεσοε
882 323 928 350 καὶ

138 369 316 404 πληθύνεσθε,
334 370 383 397 καὶ
405 369 568 405 πληρώσατε
594 368 643 404 τήν
659 368 721 404 γῆν,
738 368 784 395 καὶ
806 377 927 395 κατακυ-

139 413 262 449 ριεύσατε
277 415 372 450 αὐτῆς,
386 414 432 441 καὶ
445 414 548 449 ὁφόϐος
563 413 648 449 ὑμῶν,
658 414 704 440 καὶ
715 414 729 440 ὁ
739 413 838 449 τρόμος
852 413 928 439 ἔσται

138 460 183 486 ἐπὶ
197 461 265 487 πᾶσι
281 462 338 492 τοῖς
356 460 472 496 θηρίοις,
488 460 536 487 καὶ
547 460 594 487 ἐπὶ
611 461 678 486 πᾶσι
691 461 748 492 τοῖς
759 460 868 495 κτήνεσι
878 461 927 495 τῆς

137 507 198 541 γῆς,
215 507 263 533 καὶ
281 506 327 532 ἐπὶ
349 506 437 533 πάντα
454 506 488 533 τὰ
509 505 592 541 δρνεα
605 505 651 532 τοῦ
664 505 790 541 οὐρανοῦ,
808 505 854 532 καὶ
881 505 927 530 ἐπὶ

137 553 225 579 πάντα
242 552 276 578 τὰ
303 551 450 587 κινούμενα
475 552 523 579 ἐπὶ
545 553 594 587 τῆς
618 552 679 586 γῆς,
696 550 744 577 καὶ
762 551 809 577 ἐπὶ
825 550 928 582 πάντας

138 598 199 629 τοὺς
214 597 309 633 ἰχθύας
321 599 369 633 τῆς
382 597 521 632 θαλάσσης
533 605 539 613 ·
553 597 605 624 ὑπὸ
619 598 712 632 χεῖρας
722 597 786 632 ὑμῖν
793 596 923 624 δέδωκα.»

138 643 244 670 Οὐκοῦν
258 644 302 670 ὅτε
319 643 431 678 γέγονεν
451 643 530 679 ἡμῶν
545 643 690 679 ἀρχιερεὺς
704 644 718 669 ὁ
738 642 866 678 Χριστὸς,
881 641 928 668 καὶ

138 688 396 724 προσεκομίσθημεν
421 689 454 716 δι’
472 689 554 716 αὐτοῦ
583 689 687 724 νοητῶς
710 689 750 721 εἰς
771 689 860 725 ὀσμὴν
884 689 928 715 εὐ-

138 735 220 767 ωδίας
226 734 266 770 τῷ
273 734 334 770 Θεῷ
342 735 391 762 καὶ
402 735 501 769 Πατρὶ,
515 735 576 762 τότε
590 736 639 761 καὶ
649 735 792 770 εὐμενείας
798 735 848 770 τῆς
862 735 926 770 παρ’

139 780 220 808 αὑτοῦ
236 780 372 812 πλουσίως
396 780 547 816 ήξιώμεθα,
570 781 618 807 καὶ
639 780 750 816 βεὸαίαν
771 781 927 817 ἐσχήκαμεν

138 827 188 862 τὴν
204 826 344 858 ὑπόθεσιν,
366 825 414 853 τοῦ
442 826 544 862 μηκέτι
575 825 635 853 καθ’
650 826 729 862 ἡμῶν
755 826 862 862 ἰσχῦσαι
883 826 927 853 τὸν

141 873 265 900 Θάνατον.
289 872 406 900 Δέλυται
428 872 476 899 καὶ
499 871 533 899 τὰ
550 871 580 905 ἐξ
599 872 694 908 ὀργῆς,
719 871 822 907 οἴχεται
838 872 867 898 δέ
882 880 927 899 ποι

978 276 1047 304 dixit
1066 277 1106 304 eis
1125 285 1130 303 :
1148 277 1269 304 Crescite
1293 281 1321 304 et
1341 276 1560 312 multiplicamini
1572 293 1580 307 ,
1598 282 1626 304 et
1654 278 1765 313 implete

979 327 1095 354 terram,
1118 327 1146 350 ct
1166 322 1344 350 dominamini
1364 323 1432 358 ejus.
1462 323 1495 350 Et
1515 322 1597 350 timor
1612 327 1719 356 vester,
1737 330 1766 352 et

980 373 1080 396 tremor
1092 373 1182 396 vestcr
1190 369 1243 397 erit
1256 377 1339 404 super
1350 377 1444 396 omnes
1455 369 1603 401 bestias,et
1617 377 1699 404 super
1709 378 1766 397 om-

977 416 1022 442 nia
1033 416 1160 443 animalia
1175 420 1262 449 terra),
1275 420 1302 443 et
1313 424 1395 451 super
1407 423 1502 443 omnes
1512 407 1659 448 aves'cteli,
1671 420 1698 443 et
1708 424 1767 443 om-

978 469 1027 488 nes
1038 462 1127 497 pisces
1136 461 1219 489 maris
1228 462 1279 489 sub
1286 462 1413 489 manibus
1421 462 1498 489 vobis
1509 461 1572 489 dedi
1584 461 1615 489 ”³.
1631 471 1641 487 ι
1652 461 1767 495 Quando

978 507 1069 542 itaque
1086 508 1174 535 factus
1188 512 1230 535 est
1248 512 1342 536 noster
1357 507 1479 543 pontifex
1492 507 1628 540 Christus,
1640 513 1668 535 et
1683 507 1766 535 oblati

978 561 1073 581 sumus
1090 561 1139 588 per
1153 555 1241 589 ipsum
1258 555 1440 589 spiritualiter
1456 554 1483 580 in
1500 554 1613 581 odorem
1626 554 1767 582 suavitatis

977 600 1034 627 Deo
1050 607 1082 626 ac
1098 600 1185 632 Patri,
1203 604 1267 628 tunc
1287 601 1370 628 etiam
1389 600 1566 635 benignitatis
1584 601 1644 636 ejus
1662 600 1766 628 aﬂ‘atim

978 652 1074 672 sumus
1091 646 1238 680 participes
1252 646 1341 673 eﬂ'ecti
1353 667 1360 678 ,
1379 646 1540 681 ﬁrmamque
1556 647 1766 682 promissionem

977 691 1061 723 nacti,
1079 695 1196 718 mortem
1213 699 1268 718 non
1283 691 1401 726 amplius
1417 692 1444 719 in
1457 700 1508 720 nos
1525 692 1671 727 imperium
1689 692 1767 720 habi-

979 741 1078 764 turam.
1091 737 1199 765 Abolita
1215 737 1297 765 etiam
1316 743 1380 765 sunt
1394 746 1437 770 ea,
1454 747 1515 774 quae,
1531 739 1618 775 ipsius
1632 740 1700 767 iram
1718 747 1766 767 co-

978 783 1121 815 mitantur,
1130 787 1158 811 et
1169 784 1271 811 veteris
1281 784 1355 812 illius
1365 785 1565 813 maledictionis
1574 786 1691 814 eﬁ‘ectus
1702 787 1767 814 sub-

977 828 1034 855 lati.
1057 828 1198 856 Benedicti
1215 829 1290 856 enim
1306 837 1401 857 sumus
1419 830 1447 857 in
1468 830 1588 864 Christo,
1619 839 1668 866 per
1684 839 1766 866 quem

977 879 1006 902 et
1023 874 1050 902 in
1065 883 1120 909 quo
1138 875 1195 902 Deo
1215 883 1248 902 ac
1266 876 1340 903 Patri
1356 876 1442 911 gloria
1461 883 1524 904 cum
1545 881 1640 905 sancto
1662 877 1766 913 Spiritu

139 919 187 946 καὶ
199 918 234 945 τὰ
250 919 283 945 ὲκ
303 918 352 955 τῆς
374 918 492 954 ἀρχαίας
516 918 586 953 ἀρᾶς
598 917 716 953 ἐκείνης.
743 917 925 953 Ηὺλογήμεθα

979 922 1007 949 in
1025 922 1124 950 saecula
1141 922 1312 949 saeculorum.
1335 922 1432 949 Amen.

138 965 193 1001 γὰρ
206 966 235 992 ὲν
251 965 372 1000 Χριστῷ,
390 965 424 991 δι’
452 960 483 992 οὗ
514 964 562 992 καὶ
579 963 639 999 μεθ’
654 959 684 990 οὗ
698 963 736 1000 τῷ
751 962 810 998 Θεῷ
832 964 920 999 Πατρὶ
943 966 960 1001 ὴ
979 966 1051 1000 δόξα,
1066 968 1115 995 σὺν
1137 967 1175 1003 τῷ
1197 968 1268 1003 ἁγιῳ
1293 967 1432 1003 Πνεῦματι
1454 969 1495 1001 εἰς
1516 969 1577 1002 τοὺς
1592 969 1693 1003 αῑῶνας
1711 971 1767 998 τῶν

138 1012 255 1041 αἰώνων.
280 1012 376 1048 Ἀμήν.

172 1079 244 1114 Περὶ
259 1078 315 1114 τῆς
336 1078 519 1114 γυμνώσεως
538 1077 592 1106 τοῦ
609 1077 674 1106 Νῶε
690 1076 738 1104 καὶ
747 1077 801 1104 τοῦ
817 1077 891 1112 Χάμ.

174 1136 210 1164 α’.
223 1134 500 1171 Συμπεπερασμένων
517 1133 645 1161 ἁπάντων
659 1133 713 1160 τῶν
727 1132 774 1160 ἐπὶ
790 1130 823 1169 τῇ
846 1129 928 1160 κιϐω-

140 1180 190 1216 τῷ,
202 1181 250 1208 καὶ
272 1180 467 1216 παρῳχηκότος
492 1179 541 1215 μὲν
555 1178 602 1205 τοῦ
620 1171 822 1213 κατακλυσμοῧ,
843 1184 930 1212 γηπο-

140 1226 248 1258 νοῦντος
259 1226 287 1252 δὲ
299 1225 349 1261 ήδη
369 1223 416 1251 τοῦ
432 1224 505 1256 Νῶε,
520 1223 580 1250 τίνα
591 1223 623 1259 δὴ
640 1223 694 1259 ἄρα
705 1223 740 1250 τὰ
754 1224 784 1250 ὲν
792 1222 865 1258 αὐτῷ
881 1231 929 1249 πε-

140 1271 286 1308 πραγμένα
302 1271 378 1307 παρὰ
393 1270 440 1298 τοῦ
465 1270 541 1305 Χὰμ,
571 1268 831 1305 πολυπραγμονήσει
849 1268 928 1295 πάλιν

141 1319 206 1353 ήμίν
222 1318 236 1344 ὁ
262 1317 351 1351 λόγος.
386 1315 543 1342 Ἀναπείσει
569 1314 623 1349 γὰρ
651 1314 683 1350 δὴ
710 1314 774 1346 τοὺς
796 1314 876 1350 οἵπερ
895 1313 929 1341 ἃν

140 1364 242 1392 ἕλοιντο
255 1362 374 1390 διαϐιοῦν
387 1361 506 1397 ἐννόμως
516 1362 566 1397 τῆς
578 1361 617 1391 εἰς
630 1360 693 1392 τοὺς
707 1360 828 1396 πατέρας
839 1355 929 1392 αἰδοῦς

141 1409 216 1438 οὒδὲν
232 1409 263 1436 τὸ
279 1408 409 1444 παράπαν
427 1406 552 1442 ἡγεῖσθαι
575 1403 742 1438 ῑσοστατοῦν,
761 1401 809 1432 καὶ
830 1413 929 1440 παραι-

140 1455 245 1483 τεῖσθαι
259 1454 352 1489 σαφῶς
364 1453 402 1486 ὣς
414 1462 441 1480 τι
460 1452 514 1480 τῶν
537 1451 753 1486 σφαλερωτάτων
766 1447 796 1477 τὸ
817 1451 887 1478 κατά
903 1459 928 1477 τι

141 1503 206 1538 γοῦν
232 1503 300 1534 ὅλως
316 1501 469 1537 ὲπιμειδιᾷν
485 1501 586 1532 αὐτοῖς,
603 1499 656 1527 κᾶν
670 1500 696 1526 εῑ
716 1498 763 1526 τοῦ
779 1498 929 1535 πρέποντος

142 1549 193 1583 ἔξω
221 1548 348 1583 φέροιντο
376 1547 463 1583 βραχὺ
486 1547 547 1578 ταῖς
568 1546 617 1581 τῆς
643 1545 751 1580 φύσεως
777 1544 929 1577 ἀσθενείαις

142 1593 363 1630 ὕπενηνεγμένοι.
383 1594 445 1621 Ὀτι
467 1593 521 1629 γὰρ
546 1593 644 1621 σεπτὸν
668 1593 712 1621 ἀεί
729 1593 786 1626 πώς
803 1594 861 1620 ἐστι
876 1593 929 1620 τῶν

141 1639 241 1674 γονέων
254 1639 284 1666 τὸ
299 1638 403 1674 χρῆμα,
419 1638 466 1665 καὶ
480 1637 562 1670 αὐτὸς
575 1639 589 1665 ὁ
602 1637 671 1670 θεῖος
687 1638 762 1674 ἡμᾶς
775 1637 930 1665 ὲκπαιδεύει

1153 1073 1192 1105 De
1214 1078 1358 1106 nudatione
1379 1079 1435 1106 Noe
1454 1084 1478 1106 et
1499 1076 1590 1108 Clmm.

1015 1134 1041 1160 1.
1062 1133 1184 1161 Peractis
1205 1134 1334 1161 omnibus
1353 1141 1414 1168 qua:
1435 1134 1469 1162 ad
1496 1142 1588 1162 arcam
1614 1136 1766 1171 pertinent,

979 1186 1096 1214 cumque
1109 1179 1165 1215 jam
1182 1183 1316 1207 cessasset
1335 1179 1480 1212 diluvium,
1496 1185 1523 1208 et
1540 1181 1597 1208 Noe
1617 1182 1767 1217 agricultu-

980 1233 1037 1252 ram
1055 1230 1205 1258 exerceret,
1217 1216 1342 1260 quamain
1355 1226 1406 1261 ipsi
1421 1234 1436 1254 a
1451 1226 1536 1254 Cham
1552 1216 1701 1256 acciderint
1718 1229 1768 1257 ito-

979 1275 1040 1298 rum
1057 1271 1238 1306 inquiramus.
1261 1273 1352 1299 Facile
1370 1273 1443 1300 enim
1462 1281 1495 1301 ex
1515 1274 1548 1301 iis
1568 1274 1766 1309 intellexerint,

979 1317 1027 1353 qui
1036 1317 1155 1353 legitime
1165 1318 1249 1345 vitam
1260 1318 1403 1346 instituere
1413 1319 1508 1352 velint,
1519 1320 1587 1348 nihil
1598 1322 1710 1349 omnino
1721 1330 1770 1350 an-

980 1363 1096 1398 tiquius,
1110 1367 1158 1390 aut
1176 1364 1254 1399 prius
1269 1364 1436 1398 habendum,
1455 1374 1537 1401 quam
1550 1373 1679 1402 parentes
1689 1376 1768 1396 reve-

980 1409 1046 1443 reri,
1065 1409 1279 1445 fugiendumque
1298 1415 1426 1446 tanquam
1442 1412 1555 1439 noxium
1570 1413 1705 1448 imprimis
1722 1419 1769 1442 eos

980 1463 1143 1491 quacunque
1164 1455 1269 1483 ratione
1285 1456 1415 1489 irridere,
1436 1457 1543 1485 etiamsi
1571 1467 1768 1495 nonnunquam

980 1502 1015 1529 ab
1025 1509 1058 1529 eo
1068 1501 1141 1537 quod
1151 1509 1200 1537 par
1209 1505 1251 1529 est
1270 1510 1326 1537 pra:
1339 1505 1443 1530 naturae
1455 1510 1511 1530 suae
1524 1503 1711 1533 imbecillitate
1722 1507 1769 1534 de-

980 1547 1099 1575 flectant.
1112 1542 1189 1580 Quod
1199 1547 1273 1574 enim
1281 1548 1424 1575 veneratio
1434 1556 1538 1576 summa
1551 1551 1712 1584 parentibus
1722 1552 1770 1580 de-

980 1593 1088 1626 beatur,
1108 1593 1166 1628 ipsa
1179 1593 1261 1620 etiam
1274 1587 1366 1620 divina
1380 1594 1423 1621 lex
1441 1602 1491 1621 nos
1507 1595 1596 1623 docet.
1607 1595 1676 1623 Cum
1695 1598 1768 1624 enim

980 1637 1058 1672 prius
1078 1637 1255 1672 praecepisset
1272 1643 1357 1664 unum
1377 1646 1409 1666 ac
1427 1644 1524 1666 natura
1549 1640 1635 1668 Deum
1652 1649 1687 1669 ex
1713 1647 1769 1670 tota

141 1685 232 1720 νόμος·
250 1680 435 1718 προεπιτάξας
452 1683 506 1718 γὰρ
517 1680 571 1709 δεῖν
588 1682 617 1715 ἐξ
631 1679 695 1718 ὅλης
707 1682 794 1718 ψυχῆς
805 1683 852 1710 καὶ
861 1683 927 1718 καρ-

981 1683 1072 1710 anima
1088 1687 1116 1710 et
1125 1679 1208 1710 corde
1220 1683 1366 1710 amandum
1382 1691 1442 1712 esse
1458 1693 1464 1711 :
1480 1694 1489 1710 ι
1508 1686 1626 1719 Honora,
1641 1697 1650 1712 ι
1668 1687 1767 1723 inquit,

141 1728 199 1762 δίας
212 1730 257 1757 τδν
275 1729 323 1757 ἕνα
341 1734 372 1756 τε
399 1729 445 1756 καὶ
458 1727 538 1764 φύσει
557 1726 622 1756 Θεὸν
641 1729 762 1764 ἀγαπᾷν,
780 1738 790 1754 ι
810 1728 894 1764 Τίμα,
915 1737 924 1754 ›

143 1777 220 1813 φησὶ,
243 1786 251 1803 ι
266 1776 312 1804 τὸν
328 1774 433 1812 πατέρα
452 1785 510 1808 σου,
530 1776 577 1803 καὶ
594 1775 698 1812 μητέρα
714 1781 772 1808 σου,
788 1775 831 1802 ἵνα
844 1772 873 1802 εὖ
887 1778 929 1801 σοι

141 1823 264 1859 γένηται,
281 1823 328 1849 καὶ
347 1822 396 1858 ἔσῃ
415 1822 563 1858 μακρόϐιος
585 1821 631 1848 ἐπὶ
649 1821 699 1857 τῆς
718 1822 779 1857 γῆς.
801 1829 810 1847 ι
833 1821 878 1847 ‘Ev
889 1818 929 1846 εί-

142 1869 200 1896 κὸνι
214 1870 269 1905 γὰρ
287 1868 381 1903 ὥσπερ
397 1867 480 1895 καὶέν
499 1868 613 1903 μιμήσει
625 1866 692 1894 Θεοῦ
709 1862 929 1901 καταλογισοεῖεν

142 1914 174 1942 ἂν
193 1915 218 1941 οε
238 1913 441 1949 γεγεννηκότες,
463 1922 472 1938 ‹
485 1911 627 1948 Μνήσθητι
640 1911 704 1947 γὰρ,
724 1921 733 1937 ι
758 1911 850 1946 φησὶν,
868 1911 929 1938 «ὅτι

141 1960 270 1988 ὃιάὐτῶν
277 1958 594 1995 ὲγεννήθης.›Ταύτῃτοι
603 1958 683 1985 πάλιν
695 1957 802 1993 φησὶν,‹
814 1956 926 1992 Ὀφθαλ-

144 2008 193 2043 μδν
223 2005 417 2040 καταγελῶντα
433 2005 547 2041 πατρὸς,
573 2004 621 2031 καὶ
647 2002 814 2039 ἀτιμάζοντα
840 2003 928 2038 γῆρας

144 2053 271 2089 μητέρος.
284 2052 449 2087 ἑκκόψαισαν
460 2048 541 2078 αὑτὸν
560 2050 676 2086 κόρακες
699 2050 732 2076 ὲκ
750 2049 804 2076 τῶν
821 2049 929 2084 φαράγ-

142 2105 208 2132 γων.
224 2106 233 2123 ι
260 2097 322 2124 Ὅτι
335 2096 424 2123 τοίνυν
440 2096 487 2122 καὶ
498 2096 527 2122 ὲν
543 2096 597 2131 ἀρᾷ
623 2095 671 2122 καὶ
694 2095 756 2130 δίκῃ
771 2095 802 2121 τὸ
818 2094 855 2130 μὴ
873 2094 929 2121 δεῖν

141 2141 246 2171 οτεσθαι
264 2140 346 2178 τιμᾷν
366 2140 499 2178 πατέρας,
518 2141 563 2168 καὶ
584 2141 638 2177 μὴν
651 2141 697 2168 καὶ
709 2139 799 2172 αἰδοῦς
820 2140 929 2176 ἁπάσης

141 2188 247 2222 ἀξιοῦν,
273 2189 321 2216 καὶ
349 2188 394 2215 διά
418 2196 450 2223 γε
478 2187 526 2214 τοῦ
551 2186 616 2222 Χὰμ
634 2187 768 2222 ἀναμάοοι
779 2195 821 2218 τις
834 2186 867 2213 ἂν
881 2185 929 2214 καὶ

140 2235 202 2262 λίαν
217 2232 344 2267 εὐκόλως.
373 2244 382 2260 ι
396 2233 487 2261 Ἦσαν
504 2234 566 2270 γὰρ,
583 2243 592 2259 ι
610 2234 702 2269 φησὶν,
730 2244 739 2259 ι
756 2234 781 2260 οἱ
798 2233 850 2260 υἱοὶ
866 2233 928 2260 Νῶε

140 2279 165 2308 οἱ
182 2281 335 2314 ὲξελῡόντες
365 2281 397 2306 ἐκ
421 2280 471 2315 τῆς
487 2279 613 2311 κιὸωτοῦ,
632 2279 702 2314 Σήμ,
720 2279 795 2313 Χὰμ,
825 2277 927 2313 Ἰάφεθ.

139 2325 207 2363 Χὰμ
220 2327 248 2354 δὲ
260 2324 294 2362 ἦν
308 2326 398 2362 πατὴρ
413 2326 534 2353 Χαναὰν.
557 2325 637 2360 Τρεῖς
661 2322 733 2352 οὗτοί
745 2325 815 2351 εἰσιν
832 2320 857 2351 οἳ
875 2324 928 2351 υἱοὶ

984 1739 993 1755 ι
1015 1732 1120 1764 patrem
1140 1732 1218 1756 tuum
1234 1733 1262 1757 et
1277 1733 1391 1757 matrem
1410 1731 1494 1763 tuam,
1518 1736 1548 1758 ut
1564 1732 1634 1760 bene
1651 1734 1687 1761 sit
1706 1735 1767 1768 tibi,

980 1779 1008 1802 et
1024 1774 1062 1802 sis
1079 1775 1218 1810 longaevus
1236 1782 1319 1810 super
1338 1780 1440 1803 terram
1460 1776 1492 1802 ⁵⁸.
1516 1786 1524 1802 ι
1545 1777 1675 1806 Parentes
1694 1780 1767 1808 enim

980 1818 1066 1846 Deum
1084 1814 1236 1852 imitantur,
1257 1819 1370 1854 ejusque
1386 1815 1530 1855 imaginem
1551 1830 1606 1857 prae
1622 1830 1650 1850 se
1664 1823 1767 1852 ferunt.

979 1864 1033 1900 42
1055 1874 1064 1890 ι
1085 1863 1231 1897 Memento,
1254 1874 1263 1890 ι
1289 1860 1388 1900 inquit,
1409 1875 1418 1891 ι
1440 1866 1513 1901 Quod
1531 1875 1581 1902 per
1600 1868 1673 1903 ipsos
1689 1875 1769 1898 natus

980 1911 1019 1938 sis
1029 1910 1061 1938 “.
1079 1921 1088 1937 ι
1110 1910 1214 1938 Idcirco
1229 1919 1335 1938 rursum
1349 1911 1388 1938 ait
1408 1921 1414 1938 :
1435 1921 1443 1937 ι
1458 1912 1584 1946 Oculum,
1599 1915 1646 1950 qui
1662 1915 1769 1945 deridet

979 1960 1096 1992 patrem,
1107 1961 1135 1984 et
1149 1957 1196 1992 qui
1210 1957 1357 1984 inhonorat
1370 1961 1538 1986 senectutem
1554 1961 1659 1994 matris,
1671 1965 1769 1990 eruant

979 2011 1044 2031 eum
1063 2003 1138 2031 corvi
1153 2001 1187 2030 de
1204 2003 1373 2030 convallibus
1395 2003 1427 2030 ⁵⁸.
1447 2013 1456 2029 ›
1471 2004 1548 2037 Quod
1569 2005 1661 2041 itaque
1681 2008 1768 2036 male-

980 2049 1065 2076 dictio
1081 2053 1109 2076 et
1131 2043 1295 2084 supplicium
1310 2043 1443 2076 debeatur
1466 2049 1500 2077 iis
1516 2051 1562 2085 qui
1586 2052 1717 2081 honorem
1735 2061 1768 2082 ac

980 2092 1161 2122 reverentiam
1179 2089 1339 2129 parentibus
1357 2094 1497 2130 derogant,
1513 2103 1562 2130 per
1581 2096 1665 2124 Cham
1684 2099 1766 2126 etiam

980 2139 1059 2167 facile
1075 2139 1137 2175 quis
1151 2139 1292 2175 intelligat.
1310 2149 1319 2165 ‹
1342 2140 1427 2176 Erant
1446 2140 1530 2174 enim,
1549 2150 1558 2167 ι
1575 2141 1674 2177 inquit,
1690 2153 1699 2169 ι
1718 2140 1767 2172 ﬁlii

979 2183 1047 2218 Noe,
1059 2186 1106 2220 qui
1119 2185 1221 2221 egressi
1236 2189 1300 2213 sunt
1314 2194 1347 2213 ex
1363 2194 1436 2219 arca,
1453 2184 1764 2223 Sem,Cham,Japheth.

980 2227 1066 2258 Cham
1078 2235 1170 2257 autem
1189 2234 1249 2258 erat
1266 2232 1343 2265 pater
1356 2230 1494 2258 Chanaan.
1512 2227 1579 2259 Tres
1594 2232 1624 2259 hi
1639 2238 1704 2261 sunt
1718 2233 1766 2262 filii

980 2277 1047 2305 Noe.
1065 2277 1106 2304 Ab
1121 2277 1163 2304 his
1176 2276 1343 2304 disseminati
1360 2281 1423 2304 sunt
1442 2285 1524 2312 super
1539 2277 1693 2307 universam
1711 2285 1766 2308 ter-

981 2331 1050 2350 ram.
1066 2323 1100 2351 Et
1111 2323 1194 2358 coepit
1212 2323 1269 2350 Noe
1284 2323 1367 2350 homo
1384 2320 1502 2358 agricola
1517 2327 1606 2356 terrae,
1619 2329 1648 2352 et
1661 2326 1767 2361 planta-

139 2375 214 2402 Νῶε.
237 2374 304 2400 Ἀπὸ
318 2373 420 2400 τούτων
436 2372 623 2407 διεσπάρησαν
639 2372 686 2398 ἐπὶ
704 2372 793 2398 πασᾶν
803 2371 852 2406 τὴν
865 2371 926 2406 γῆν.

980 2369 1146 2402 vitvincam,
1161 2373 1189 2396 et
1202 2364 1272 2396 bibit
1282 2365 1316 2396 de
1325 2365 1400 2401 vino,
1412 2373 1440 2396 et
1452 2368 1603 2396 inebriatus
1611 2375 1662 2402 est,
1676 2375 1704 2398 et
1714 2380 1766 2398 nu-

139 2420 195 2447 Καὶ
214 2419 316 2455 ἤρξατο
339 2418 400 2445 Νῶε
419 2418 559 2454 ἅνθρωπος
575 2415 695 2453 γεωργὸς
714 2418 775 2453 γῆς,
797 2418 844 2444 καὶ
860 2417 925 2452 ἐφύ-

138 2472 235 2490 τευσεν
254 2463 411 2498 ἀμπελῶνα,
427 2463 474 2489 καὶ
496 2462 570 2489 ἔπιεν
591 2463 623 2489 ἐκ
635 2461 682 2489 τοῦ
699 2462 782 2496 οἴνου,
798 2462 846 2490 καὶ
861 2463 925 2497 ἐμει-

138 2508 238 2543 Θύσθη,
255 2508 301 2534 καὶ
327 2508 470 2543 ἐγυμνώθη
497 2508 525 2534 ὲν
550 2508 588 2542 τῷ
601 2507 667 2542 οῐκῳ
686 2506 779 2534 αὐτοῦ’
800 2507 846 2534 καὶ
871 2505 924 2534 εἶδε

138 2555 206 2589 Χὰμ
216 2555 230 2580 ὁ
242 2553 332 2589 πατὴρ
342 2553 451 2580 Χαναὰν
464 2552 513 2589 τὴν
528 2550 668 2588 γύμνωσιν
690 2553 736 2580 τοῦ
753 2554 859 2589 πατρὸς
874 2554 924 2580 αὒ-

137 2599 197 2632 τοῦ,
216 2600 262 2626 καὶ
280 2599 393 2632 ἐξελθὼν
404 2599 548 2634 ἐπήγγειλε
560 2600 615 2630 τοῖς
628 2598 751 2633 ἀδελφοῖς
765 2599 848 2626 αὐτοῦ
862 2599 923 2631 ἔξω.

139 2645 196 2672 Καὶ
209 2645 337 2677 λαϐόντες
354 2644 414 2680 Σήμ
426 2645 473 2671 καὶ
504 2645 592 2679 Ὶάφεθ
606 2645 637 2672 τὸ
662 2645 779 2680 ἱμάτιον,
798 2644 926 2671 ἐπέθεντο

138 2690 186 2716 ἐπὶ.
198 2690 231 2717 τὰ
244 2689 289 2716 δύο
305 2689 379 2716 νῶτα
394 2689 493 2723 αὐτῶν,
511 2690 556 2717 καὶ
576 2690 764 2726 ἐπορεύθησαν
776 2689 926 2724 ὀπισθοφα-

137 2736 202 2768 νῶς,
215 2736 263 2762 καὶ
280 2735 467 2770 συνεκάλυψαν
486 2736 535 2771 τὴν
552 2735 691 2771 γύμνωσιν
700 2735 747 2763 τοῦ
765 2735 867 2770 πατρὸς
879 2735 927 2762 αὺ-

136 2781 202 2814 τῶν,
221 2782 267 2808 καὶ
280 2782 310 2808 τὸ
328 2781 472 2817 πρόσωπον
485 2781 574 2809 αὐτῶν
600 2781 788 2817 ὀπισθοφανὲς,
812 2781 859 2808 καὶ
877 2781 927 2815 τὴν

189 2868 216 2886 ⁸³
228 2866 296 2898 Cen.
314 2876 351 2902 rx,
369 2870 394 2902 1,
408 2870 435 2896 2.
467 2870 488 2885 ⁸³
499 2870 585 2898 Exod.
597 2879 642 2904 xx,
654 2871 699 2899 ει.
733 2872 757 2888 δ’
768 2871 858 2900 Eccle.
873 2878 919 2905 vn,

1015 2869 1037 2886 ⁸⁸
1051 2870 1130 2898 Prov.
1149 2877 1211 2903 xxx,
1237 2869 1284 2907 l7.

297 2915 435 2946 PATROL.
457 2915 513 2946 GR.
536 2916 637 2948 LXIX.

980 2415 1060 2443 datus
1079 2419 1121 2442 est
1135 2415 1163 2442 in
1182 2415 1263 2442 domo
1278 2422 1326 2442 sua
1349 2423 1356 2441 :
1376 2417 1404 2442 et
1420 2413 1489 2442 vidit
1503 2412 1587 2442 Cham
1604 2419 1681 2450 pater
1693 2417 1765 2445 Cha-

979 2469 1050 2489 naan
1073 2461 1225 2488 nuditatem
1245 2461 1330 2496 patris
1354 2458 1414 2492 sui,
1437 2464 1465 2488 et
1483 2468 1608 2496 egressus
1629 2462 1766 2492 nuntiavit

980 2498 1088 2535 duobus
1106 2502 1237 2534 fratribus
1253 2503 1310 2534 suis
1330 2515 1337 2533 :
1355 2510 1382 2534 et
1403 2506 1568 2541 accipientes
1586 2506 1649 2535 Sem
1672 2512 1701 2536 et
1718 2509 1764 2536 Ja-

980 2554 1065 2589 pheth
1081 2553 1192 2588 pallium
1206 2549 1395 2587 imposuerunt
1408 2560 1491 2587 super
1498 2552 1553 2579 duo
1562 2552 1642 2580 dorsa
1657 2560 1764 2585 eorum,

979 2603 1007 2627 et
1020 2599 1190 2626 incesserunt
1202 2602 1366 2630 retrorsum,
1381 2600 1409 2625 et
1427 2603 1597 2634 operuerunt
1612 2599 1765 2626 nuditatem

977 2644 1063 2679 patris
1078 2639 1120 2670 sui
1141 2652 1147 2669 :
1163 2642 1300 2677 faciesque
1319 2650 1414 2670 eorum
1426 2651 1528 2670 aversa
1541 2647 1628 2676 erant,
1640 2648 1668 2671 et
1678 2644 1765 2678 patris

978 2689 1130 2716 nuditatem
1156 2696 1211 2715 non
1232 2688 1370 2716 viderunt.
1393 2689 1537 2724 Evigilavit
1557 2694 1649 2717 autem
1669 2689 1725 2717 Noe
1748 2697 1764 2716 ιι

978 2734 1052 2766 vino,
1063 2735 1091 2761 et
1105 2733 1231 2768 cognovit
1242 2741 1411 2769 quzecunque
1423 2734 1488 2762 fecit
1500 2734 1525 2761 ei
1540 2734 1611 2762 filius
1623 2735 1725 2770 junior,
1736 2736 1764 2762 et

978 2780 1017 2807 ait
1038 2788 1044 2806 :
1066 2779 1225 2807 Maledictus
1243 2779 1387 2814 Chanaan,
1403 2780 1499 2808 Servus
1522 2780 1686 2809 domesticus
1708 2779 1764 2808 erit

1445 2892 1483 2918 ,Γ

1591 2911 1610 2945 3
