1990 3046
228 174 267 205 75
745 172 786 200 εκ
796 172 934 202 CYRILLI
954 172 1188 201 ALEXANDRINI
1209 173 1366 204 ARCHlEP.
1829 182 1864 211 75

228 236 360 265 fratribus
370 235 437 268 suis,
445 239 473 262 et
483 235 520 262 ait
533 243 539 261 ε
550 233 715 262 Benedietus
721 233 854 261 Dominus
864 234 936 261 Deus
946 233 1015 260 Seni.

1074 234 1213 268 γύμνωσιν
1235 235 1281 262 τοῦ
1307 235 1409 270 πατρὸς
1437 236 1486 263 οὐκ
1512 234 1592 265 εἶδον.
1608 237 1737 274 Ἐξένηψε
1756 239 1783 266 δὲ
1802 240 1864 267 Νῶε

228 285 257 307 ot
267 279 319 306 erit
333 279 462 307 Chanaan
482 286 578 306 servus
597 278 667 313 ejus.
684 278 783 306 Dilatet
799 279 871 306 Deus
890 278 1018 313 Japheth,

224 330 256 352 et
272 325 377 352 habitet
393 325 420 352 in
443 324 569 352 tentoriis
584 323 657 356 Sem,
671 330 699 352 et
719 324 765 352 fiat
778 324 907 352 Chanaan
925 332 1020 352 servus

227 371 286 406 ejus
299 372 332 398 ".
351 381 360 397 ι
375 371 432 411 ῌοε
448 371 521 398 enim
534 379 597 398 cum
613 371 721 398 vineam
736 370 893 405 plantassct,
909 369 966 396 suis
978 369 1018 396 la-

227 417 342 444 boribus
361 417 486 448 vacabat,
505 420 585 451 atque
598 415 694 443 ebrius
708 419 806 449 praeter
828 421 933 441 morem
951 414 1018 441 effe-

226 467 346 490 ctusest.
358 461 441 496 Atqui
453 462 593 497 inopinata
609 460 741 488 ebrietate
754 464 897 494 correptus
911 463 962 492 est,
975 459 1018 486 in-

226 509 299 537 scius
313 513 395 543 atque
407 507 568 543 imprudens
584 507 708 534 detectus
721 509 772 537 est,
789 505 862 532 domi
879 509 908 532 et
919 513 935 532 a
948 505 1020 533 mul-

225 556 261 582 tis
277 563 333 582 non
348 554 432 581 visus.
449 554 498 580 Hic
511 560 576 580 vero
591 560 688 588 parum
707 559 780 579 sana:
788 552 886 579 mentis
896 572 902 583 ,
921 551 1018 586 Cham,

225 602 346 635 inquam,
364 608 397 628 ex
414 599 562 634 spectaculi
575 599 748 626 deformitate
762 599 833 626 risus
846 598 1018 625 occasionem

225 647 353 682 captavit,
369 653 459 680 neque
472 645 560 672 solum
572 653 628 672 non
639 645 754 677 obtexit,
766 649 849 679 atque
860 652 939 679 opem
957 644 1019 672 tulit

225 692 296 728 patri
310 699 370 723 suo,
387 698 469 725 quem
482 690 578 717 vinum
597 690 701 718 vicerat
716 694 798 725 atque
811 694 998 725 prostraverat
1010 700 1017 717 :

224 738 284 770 sed,
296 736 396 764 omissa
410 735 461 763 hac
476 743 552 767 cura,
566 740 597 763 et
610 735 713 762 honore
725 735 772 770 qui
784 735 891 770 parenti
902 734 1019 762 debetur

222 783 357 818 neglecto,
371 782 440 809 alios
458 782 541 809 etiam
554 782 589 809 ad
608 781 786 817 spectandum
803 780 911 814 invitat,
926 785 955 809 et
974 787 1017 808 se-

221 837 287 856 nem
305 834 436 863 tanquam
452 829 480 856 in
498 836 581 856 scena
596 828 730 855 fratribus
747 826 921 854 irridendum
933 834 1018 862 expo-

220 874 273 901 nit.
287 874 327 901 Illi
340 882 408 901 vero
418 873 525 902 nefario
538 874 612 900 illius
624 873 739 900 consilio
751 880 807 900 non
814 873 1017 904 auscultarunt,

1073 280 1126 307 ἀπὸ
1143 280 1188 307 τοῦ
1212 281 1293 312 οἴνου,
1310 283 1356 308 καὶ
1383 282 1453 316 ἔγνω
1468 283 1516 309 ὅσα
1534 283 1661 318 ἐποίησεν
1679 284 1752 320 αὐτῷ
1771 287 1785 312 6
1807 285 1864 317 υίὸς

1073 325 1154 352 αὑτοῦ
1171 327 1184 352 ὁ
1197 326 1336 361 νεώτερος,
1347 327 1394 353 καὶ
1404 325 1487 355 εἶπεν·
1517 328 1731 364 Ἐπικατάρατος
1742 330 1863 362 Χαναὰν,

1073 373 1137 403 παῖς
1152 373 1260 407 οἰκέτης
1275 373 1352 399 ἕσται
1378 374 1433 405 τοῖς
1459 373 1583 408 ἀδελφοῖς
1599 374 1692 407 αὑτοῦ,
1707 375 1755 401 καὶ
1775 373 1864 401 εἶπεν·

1073 417 1224 452 Εὐλογητὸς
1241 417 1344 453 Κύριος
1369 417 1383 444 ὁ
1405 418 1471 450 Θεὸς
1491 418 1562 454 Σὴμ,
1585 419 1633 445 καὶ
1655 418 1731 445 ἔσται
1753 419 1865 446 Χαναὰν

1074 463 1137 494 παῖς
1149 463 1242 489 αὐτοῦ.
1263 463 1400 490 Πλατὺναι
1419 464 1433 489 ὁ
1450 463 1517 495 Θεὸς
1540 463 1579 499 τῷ
1597 464 1696 499 Ίάφεθ,
1714 465 1761 491 καὶ
1775 472 1865 491 κατοι-

1074 509 1184 544 κησάτω
1203 511 1232 535 ἐν
1246 510 1302 540 τοῖς
1318 507 1477 544 σκηνώμασι
1496 510 1566 545 Σὴμ,
1584 511 1631 536 καὶ
1651 510 1793 546 γενηθήτω
1809 511 1865 537 Χαο
1886 501 1891 505 ”

1072 554 1140 581 ναάν
1162 555 1226 586 παῖς
1242 553 1334 580 αὑτοῦ.
1353 564 1361 580 ι
1384 554 1445 581 Νῶε
1464 555 1513 590 μὲν
1529 555 1583 591 γὰρ
1610 555 1758 591 ἀμπελῶνα
1774 565 1864 591 πεφυ-

1071 599 1188 633 τευκὼς,
1205 600 1259 627 τῶν
1272 601 1380 627 οἰκείων
1393 600 1547 636 ἐνεφορεῖτο
1561 601 1659 633 πόνων,
1676 601 1724 629 καὶ
1741 603 1865 633 κάτοινος

1073 646 1124 682 μὲν
1146 646 1288 682 ἀσυνήθως
1304 645 1347 682 ἦν.
1371 647 1515 682 ’Δδόκητον
1528 647 1557 674 δὲ
1577 647 1710 682 φιλοινίας
1727 647 1862 683 ἔγκλημα,

1071 693 1120 729 τὴν
1145 693 1306 730 ἀνεθέλητον
1328 695 1476 730 ὑπομείνας
1500 694 1650 729 γύμνωσιν,
1668 694 1739 720 οῖκοι
1763 702 1794 720 τε
1815 693 1865 721 καὶ

1071 739 1194 771 ἄποπτος
1204 737 1237 774 ἦν
1249 740 1303 771 τοῖς
1316 739 1433 771 πολλοῖς.
1457 740 1485 766 Ὀ
1496 739 1583 772 δὲτὰς
1597 739 1698 775 φρένας
1713 739 1762 766 οὐκ
1776 740 1864 774 ἀσφα-

1071 784 1130 820 λὴς,
1147 786 1219 821 φημὶ
1233 785 1265 821 δὴ
1285 786 1330 812 τὸν
1343 785 1419 821 Χὰμ,
1433 785 1482 821 τῆς
1493 785 1558 818 θέας
1576 785 1607 812 τὸ
1619 786 1740 822 ἀπρεπὲς
1756 786 1864 813 ἀνοσίου

1072 830 1189 864 γέλωτος
1202 831 1320 857 ἐποιεῖτο
1338 830 1491 866 πρόφασινο
1504 831 1592 857 καίτοι
1611 831 1802 866 καταμφιάσαι
1821 831 1862 864 δὲ,

1074 877 1215 912 μονονουχὶ
1226 876 1254 904 δέ
1268 877 1316 903 καὶ
1330 876 1469 912 ἐπαμῦναι
1484 876 1524 913 τῷ
1534 877 1659 912 φύσαντι,
1686 876 1754 913 μέθῃ
1766 876 1862 904 πλεον-

221 928 255 948 ac
268 921 360 956 potius
379 924 508 948 eventum
532 920 572 947 rei
594 919 801 954 redarguentes,
823 924 851 946 et
870 919 1015 953 spectaculi

1071 922 1239 958 εκτουμένῳ,
1258 923 1375 954 καὶτοῖς
1393 922 1423 955 ἐξ
1436 923 1508 949 οῖνου
1529 922 1697 958 πταίσμασιν
1711 923 1862 958 ὑπενηνεγ-

222 965 426 993 deformitatem
443 965 567 993 vestibus
580 964 760 997 occultantes,
774 967 927 991 retrorsum
941 964 1016 992 ince-

221 1011 334 1038 debant.
350 1011 445 1039 Visum
459 1010 533 1037 enim
554 1010 620 1044 ipsis
641 1014 683 1036 est
705 1009 748 1044 pie
769 1017 860 1044 agere,
872 1014 900 1037 et
913 1009 1017 1037 femora

222 1057 319 1092 patris,
332 1064 381 1091 per
393 1065 453 1092 qua:
467 1056 520 1083 orti
533 1060 620 1088 erant,
637 1055 768 1082 revereri.
790 1056 937 1090 Postquam
951 1062 1016 1082 vero

222 1103 428 1138 expergefactus
437 1106 489 1134 est,
501 1102 628 1129 conscius
638 1101 690 1129 fuit
701 1101 740 1129 rei
751 1106 838 1137 pater,
852 1101 905 1137 43
920 1105 948 1128 et
959 1109 1016 1128 ma-

221 1148 317 1175 ledixit
332 1147 425 1175 statim
445 1147 482 1180 ei,
499 1147 545 1182 qui
569 1147 668 1174 debitae
691 1147 742 1182 ipsi
762 1147 924 1174 reverentiae
943 1147 1017 1182 leges

220 1199 326 1222 temere
349 1194 466 1228 violarat
488 1203 493 1220 :
515 1197 543 1220 et
565 1192 705 1220 servitutis
725 1193 820 1228 jugum
845 1192 896 1227 ipsi
916 1193 1015 1220 merito

221 1240 338 1275 imponit
352 1239 499 1266 :Chauaan
512 1247 614 1266 vocans
629 1242 742 1274 propter
754 1246 812 1271 eos,
831 1238 877 1273 qui
898 1245 932 1265 ex
955 1237 1014 1272 ipso

220 1285 321 1313 orituri
333 1289 412 1313 erant
423 1284 602 1316 Chananzcos,
618 1285 665 1319 qui
684 1284 810 1319 supplicii
826 1283 913 1319 ipsius
928 1284 1013 1319 parti-

218 1331 296 1365 cipes
317 1329 402 1357 futuri
425 1333 514 1356 erant.
535 1328 565 1355 lu
586 1328 741 1354 universam
760 1328 834 1354 enim
855 1327 1012 1362 progeniem

221 1384 301 1412 pcena
316 1380 463 1411 propagata
475 1378 527 1402 est.
544 1374 688 1401 Benedixit
700 1377 791 1401 autem
808 1375 849 1401 eis
862 1374 908 1408 qui
924 1374 1013 1409 ipsum

212 1421 399 1449 'houorarant.

1071 967 1156 1003 μένῳ.
1182 967 1262 994 Ἀλλὰ
1280 968 1378 1003 παρεὶς
1388 968 1424 995 τὰ
1445 968 1547 1000 τοιάδε,
1570 968 1617 994 καὶ
1637 967 1687 1003 τῆς
1704 969 1743 1000 εἰς
1754 968 1800 995 τὸν
1812 968 1862 1004 φύ-

1071 1021 1156 1040 σαντα
1171 1013 1252 1048 τιμῆς
1265 1013 1296 1040 οὺ
1318 1014 1436 1049 μετρίως
1455 1013 1607 1049 ὀλιγωρῶν,
1632 1013 1773 1049 προξενεῖν
1787 1014 1861 1041 ἐπεί-

1069 1067 1148 1092 γεται
1166 1059 1223 1090 τοῖς
1247 1058 1338 1091 ἄλλοις
1362 1060 1412 1095 τὴν
1441 1059 1516 1091 θέαν,
1530 1059 1578 1086 καὶ
1605 1060 1707 1096 σκηνὴν
1731 1058 1776 1088 οἷά
1799 1069 1862 1089 τινα

1068 1103 1198 1138 προσθεὶς
1213 1103 1259 1130 τὸν
1270 1104 1438 1140 πρεσϐύτην,
1455 1105 1537 1141 γελᾷν
1553 1105 1696 1132 ἀναπείθει
1712 1107 1775 1138 τοὺς
1786 1107 1863 1133 ἀδελ-

1067 1149 1145 1185 φούς.
1172 1150 1233 1177 οἵδε
1246 1148 1316 1186 ἦσαν
1338 1152 1466 1187 ἀμείνους
1483 1153 1534 1187 τῆς
1548 1153 1577 1179 ἐν
1600 1152 1674 1188 αὐτῷ
1688 1152 1859 1185 δυσϐουλίας”

1067 1195 1312 1232 κατασοφιζόμενοι
1326 1197 1354 1223 δὲ
1370 1197 1399 1224 τὸ
1422 1197 1607 1233 συμϐεϐηκὸς,
1622 1198 1669 1224 καὶ
1687 1199 1736 1234 τῆς
1752 1198 1816 1231 θέας
1831 1199 1862 1226 τὸ

1066 1241 1183 1273 ἀκαλλὲς
1200 1243 1258 1274 τοῖς
1274 1241 1476 1278 περιϐλήμασιν
1493 1243 1678 1277 ἀφανίζοντες,
1691 1243 1786 1270 ἁνόπιν
1798 1244 1862 1271 ἐὸἁ·

1066 1286 1149 1319 διζον.
1168 1287 1270 1314 Ἐδόκει
1286 1287 1341 1324 γὰρ
1355 1288 1477 1315 εὐσεϐεῖν
1492 1289 1594 1320 αὐτοῖς,
1618 1289 1664 1314 καὶ
1687 1289 1791 1324 μηροὺς
1816 1289 1861 1316 ai-

1065 1331 1169 1359 δεῖσθαι
1182 1334 1296 1367 πατρὸς,
1305 1334 1338 1360 δι’
1358 1330 1394 1360 ὧν
1408 1334 1454 1360 καὶ
1471 1334 1625 1368 γεγόνασιν.
1641 1334 1718 1361 Ἐπεὶ
1732 1334 1759 1361 δὲ
1769 1334 1861 1369 διεγη-

1067 1377 1200 1413 γερμένος
1214 1379 1243 1405 ἐν
1259 1378 1384 1414 αἰσθήσει
1409 1377 1455 1406 τοῦ
1477 1380 1638 1415 πράγματος
1662 1380 1797 1414 γέγονενό
1810 1389 1861 1406 πα-

1067 1423 1131 1457 τὴρ,
1149 1423 1284 1458 ἐπαρᾶται
1305 1423 1355 1458 μὲν
1365 1423 1445 1456 εὐθὺς
1457 1425 1502 1451 τὸν
1516 1425 1562 1451 τοῦ
1577 1425 1739 1460 πρέποντος,
1755 1426 1803 1452 καὶ
1810 1427 1861 1461 τῆς

221 1473 261 1502 εἰς
278 1470 358 1497 αὐτὸν
372 1469 464 1500 αἰδοῦς
481 1467 646 1503 ὴφειδηκότα
670 1468 844 1504 παραλόγως,
865 1468 911 1494 καὶ
934 1467 1015 1502 ζυγὸν
1034 1468 1108 1505 αὑτῷ
1123 1470 1168 1496 τὸν
1180 1471 1316 1498 οἰκετικὸν
1334 1471 1454 1498 ἐπετίθει
1486 1472 1608 1505 δικαίως,
1637 1473 1747 1499 Χαναὰν
1761 1472 1860 1508 ὄνομα·

222 1515 277 1548 ζων
301 1516 345 1543 διὰ
364 1516 428 1547 τοὺς
452 1515 481 1547 ἐξ
502 1514 584 1541 αὑτοῦ
616 1514 796 1546 Χαναναίους,
816 1514 841 1540 οἳ
857 1515 905 1542 καὶ
921 1514 970 1550 τῆς
991 1515 1069 1551 δίκης
1092 1517 1166 1552 αὖτῷ
1200 1517 1380 1553 συμμεθέξειν
1405 1519 1528 1554 ἔμελλον.
1553 1519 1683 1555 Παγγενῆ
1711 1520 1765 1555 γὰρ
1797 1521 1860 1547 ἐκο-

223 1561 329 1593 λάζετο.
346 1561 486 1596 Εὺλὸγηκε
503 1560 532 1586 δὲ
545 1561 608 1592 τοὺς
621 1561 801 1595 τιμήσαντας.

258 1608 285 1635 2.
296 1608 466 1643 Significavit
474 1612 566 1634 autem
577 1607 629 1634 hoc
638 1607 727 1642 ipsum
737 1615 867 1635 arcanum
877 1608 1014 1643 quoddam

1104 1609 1136 1644 β’.
1156 1607 1301 1644 Ἐμνξήνειε
1316 1607 1339 1634 δ’
1355 1607 1388 1634 ἂν
1408 1607 1616 1643 αἰνιγματωδῶς
1629 1607 1676 1635 καὶ
1689 1607 1747 1634 τόδε
1761 1608 1793 1644 δὴ
1808 1608 1860 1636 πά-

223 1655 256 1681 de
272 1654 374 1681 Judzeis
386 1654 557 1689 mysterium.
571 1653 639 1680 Tres
647 1653 721 1680 enim
738 1661 834 1680 omnes
846 1654 940 1688 populi
954 1653 1013 1681 fue-

223 1704 298 1726 runt.
317 1699 453 1726 Nimirum
469 1699 515 1734 qui
531 1699 659 1734 iuprimo
681 1702 820 1733 tempore,
834 1699 1014 1734 quemadmo-

223 1746 288 1772 dum
315 1749 343 1772 et
359 1745 421 1772 Sem
439 1754 445 1772 :
461 1745 545 1772 medii
580 1752 657 1776 vero,
687 1744 734 1779 qui
764 1752 814 1779 per
838 1745 1014 1772 maledictum

217 1791 308 1819 ﬂham
333 1791 525 1827 intelliguntur
541 1800 547 1818 :
567 1790 639 1818 tertii
652 1795 743 1818 autem
761 1798 793 1817 ac
810 1791 953 1825 postremi,
967 1799 1016 1826 per

224 1837 351 1864 ultimum
362 1836 490 1872 Japheth,
516 1837 563 1871 qui
581 1837 780 1870 interpretatur
795 1836 1016 1864 dilatatio.Post-

224 1889 306 1917 quam
318 1890 384 1910 vero
398 1882 479 1909 nobis
498 1881 630 1909 revelavit
647 1882 719 1908 Deus
730 1888 761 1908 ac
779 1881 861 1908 Pater
874 1881 1014 1916 proprium

221 1928 336 1960 Filium,
354 1928 400 1963 qui
413 1935 463 1964 per
472 1927 562 1954 femur
578 1926 760 1962 signiﬁcatur,
785 1931 812 1954 et
824 1932 956 1962 quantum
972 1932 1015 1954 at-

225 1975 295 2002 tinet
305 1975 339 2002 ad
352 1974 525 2009 spiritualem
537 1974 653 2002 Deitatis
662 1974 907 2009 pulchritudinem,
921 1974 1015 2001 defor-

225 2028 298 2048 mem
311 2025 394 2056 atque
409 2021 588 2048 invenustum
598 2025 712 2056 propter
721 2021 921 2048 humanitatem
935 2022 1016 2057 (tNe-

224 2073 279 2100 que
288 2066 361 2093 enim
372 2065 468 2093 habuit
477 2065 603 2099 formam,
617 2074 707 2101 neque
719 2066 953 2100 pulchritudinem
963 2066 1012 2099 ⁸⁸,ι

223 2113 300 2147 juxta
320 2112 462 2147 prophetae
480 2112 606 2147 vocem);
622 2117 687 2139 tunc
700 2111 822 2145 demum,
836 2112 1015 2147 quemadmo-

225 2159 291 2185 dum
305 2159 362 2193 ipse
373 2165 465 2185 rerum
474 2159 565 2185 exitus
577 2158 732 2191 testabitur,
742 2159 849 2194 primus
862 2159 974 2194 quidem
984 2167 1016 2187 ac

226 2209 382 2240 postremus
398 2205 526 2239 populus,
558 2204 611 2231 hoc
636 2209 688 2237 est,
716 2205 763 2240 qui
784 2205 862 2233 initio
885 2213 916 2233 ac
934 2206 1015 2240 primi

227 2250 418 2283 crediderunt;
441 2258 549 2278 necnon
577 2251 624 2285 qui
646 2255 760 2278 vocatus
777 2256 819 2278 cst
846 2252 875 2278 in
899 2251 1013 2284 ultimis,

227 2295 338 2322 reveriti
361 2299 424 2322 sunt
444 2296 661 2322 Emmanuelcm.
694 2295 838 2324 Bcnedixit
857 2302 949 2324 autem
974 2298 1015 2325 eis

227 2341 300 2367 Deus
313 2347 345 2367 ac
358 2339 449 2367 Pater.
464 2339 516 2372 Qui
537 2347 604 2366 vero
624 2340 696 2367 inter
727 2340 796 2368 duos
809 2341 891 2368 hosce
907 2341 1015 2369 medius

227 2385 289 2418 fuit,
300 2385 419 2413 irridens
435 2385 576 2412 Christum
593 2385 629 2413 ob
652 2385 832 2413 humanitatis
855 2386 1015 2414 deformita-

228 2436 294 2463 tem,
310 2436 338 2458 et
350 2431 397 2458 Dei
411 2431 512 2458 Filium
527 2432 620 2459 multis
637 2431 794 2467 ignominiis
808 2431 937 2465 adiciens,
954 2441 1014 2460 scr-

224 2477 344 2504 vitutcm
353 2476 447 2509 subiit,
460 2482 488 2504 et
498 2477 570 2504 avita
585 2477 711 2505 libertate
728 2478 839 2505 excidit.
858 2477 936 2511 Quod
949 2487 1014 2506 vero

228 2522 314 2550 futuri
335 2523 390 2549 siut
408 2523 455 2558 qui
480 2523 508 2550 in
538 2523 642 2551 ultimis
661 2524 830 2559 temporibus
855 2532 889 2551 ex
912 2525 1015 2552 Judmis

228 2569 354 2601 credant,
365 2569 518 2604 primorum
531 2569 637 2596 illorum
654 2570 801 2605 participes
819 2578 850 2598 ac
862 2571 941 2603 socii,
957 2571 1017 2598 vels

229 2615 270 2642 uti
297 2615 323 2642 in
341 2623 423 2642 unam
439 2616 578 2643 civitatem
606 2616 664 2643 sive
682 2616 879 2644 habitationem
903 2626 935 2645 ac
964 2618 1013 2644 do-

230 2671 304 2690 mum
334 2663 452 2695 collecti,
470 2663 522 2690 hoc
547 2668 598 2695 est,
618 2663 778 2696 Ecclesiam,
801 2663 950 2691 declaravit
972 2664 1014 2691 di-

228 2717 312 2736 cens:
333 2719 342 2734 ‹
353 2709 452 2736 Dilatet
463 2709 536 2736 Deus
546 2709 663 2744 Japhcth
682 2709 746 2746 (hoc
763 2714 814 2741 est,
834 2709 916 2737 tertio
933 2714 1015 2744 atque

228 2755 335 2787 ultimo,
351 2754 448 2782 tertius
458 2754 531 2781 enim
546 2754 688 2790 Japheth),
703 2759 731 2782 ct
756 2755 861 2782 habitet
874 2755 903 2782 in
927 2755 1016 2782 domi-

229 2799 280 2827 bus
295 2799 356 2827 Sc-m
376 2801 438 2836 (hoc
454 2804 504 2832 cst,
515 2799 542 2827 in
555 2800 672 2836 primis),
683 2805 710 2828 et
723 2800 766 2827 fiat
776 2801 904 2828 Chanaan
917 2809 1013 2829 servus

262 2889 283 2905 ⁸⁷
301 2889 368 2917 Cen.
393 2898 430 2922 ix,
450 2890 542 2916 18-27.
587 2889 607 2905 ³⁸
624 2890 674 2916 lsa.
696 2898 750 2922 Lm,
767 2890 793 2916 ἓ.

1065 1655 1106 1682 λιν
1120 1654 1150 1681 τὸ
1171 1655 1217 1680 ἐπὶ
1233 1655 1289 1686 τοῖς
1315 1654 1454 1694 Ἰουδαίοις
1471 1655 1631 1690 μυστήριον.
1652 1655 1732 1690 Τρεῖς
1746 1655 1795 1690 μὲν
1806 1655 1860 1690 γὰρ

1067 1703 1091 1728 οἱ
1109 1702 1213 1733 πάντες
1226 1701 1355 1735 γεγόνασι
1365 1695 1436 1732 λαοὶ,
1449 1700 1462 1726 ὅ
1471 1708 1498 1726 τε
1515 1701 1543 1727 ὲν
1556 1700 1656 1735 πρώτῳ
1669 1701 1757 1736 καιρῷ
1773 1701 1860 1728 καθά-

1067 1756 1119 1782 περ
1145 1748 1192 1774 καὶ
1216 1747 1229 1773 ὁ
1252 1746 1330 1782 Σὴμ,
1355 1746 1402 1773 καὶ
1432 1746 1485 1782 μὴν
1518 1746 1569 1773 ml:
1585 1746 1599 1771 ὁ
1625 1746 1668 1773 διὰ
1688 1747 1771 1782 μέσου
1788 1748 1860 1775 κατὰ

1066 1793 1110 1820 τὸν
1126 1793 1262 1828 ἐπάρατον
1282 1792 1358 1827 Χὰμ,
1377 1793 1425 1819 καὶ
1441 1793 1455 1818 ὁ
1469 1792 1559 1828 τρίτος
1581 1793 1595 1819 ὁ
1612 1793 1718 1824 λοῖσθος
1734 1794 1820 1820 νοοῖτο
1836 1793 1859 1820 δ⁴

1067 1839 1100 1866 ἂν
1117 1839 1154 1871 ὡς
1173 1840 1202 1865 ἐν
1220 1839 1385 1870 τελευταίοις
1408 1839 1510 1873 Ὶάφεθ,
1531 1839 1559 1870 ὃς
1581 1839 1762 1875 ἑρμηνεύεται
1782 1842 1860 1867 πλα-

1065 1885 1192 1920 τυσμός.
1213 1885 1320 1920 Ἐπειδὴ
1333 1884 1360 1911 δὲ
1373 1885 1438 1919 ἡμῖν
1451 1885 1627 1920 ἀπεκάλυψεν
1641 1887 1655 1912 ὁ
1669 1885 1734 1917 Θεὸς
1746 1886 1792 1912 καὶ
1805 1887 1860 1912 Πα-

1066 1931 1118 1966 τὴρ
1137 1930 1182 1957 τὸν
1205 1930 1268 1956 ἴδιον
1283 1930 1363 1963 Υἱὸν,
1384 1931 1414 1963 ὃς
1432 1930 1476 1958 διὰ
1502 1932 1597 1967 μηρῶν
1614 1931 1793 1970 σημαίνεται,
1812 1933 1860 1958 καὶ

1067 1979 1127 2005 ὅσον
1145 1975 1213 2014 ἧκεν
1228 1979 1315 2004 εἰπεῖν
1330 1978 1368 2010 εις
1384 1978 1414 2004 τὸ
1432 1978 1526 2012 νοητὸν
1540 1978 1590 2012 τῆς
1607 1977 1732 2013 θεότητος
1750 1978 1859 2010 κάλλος,

1066 2023 1209 2059 ἀσχήμονα
1227 2032 1257 2050 τε
1268 2024 1315 2050 καὶ
1335 2023 1440 2059 ἀτερπῆ
1456 2023 1501 2050 διὰ
1517 2023 1547 2050 τὸ
1561 2023 1740 2059 ἀνθρώπινον·
1764 2033 1772 2049 ι
1790 2024 1858 2051 Οὐδὲ

1067 2070 1120 2105 γὰρ
1138 2067 1211 2105 εἶχεν
1239 2067 1319 2101 εἶδος,
1342 2069 1402 2096 οὐδὲ
1431 2069 1538 2102 κάλλος,
1556 2079 1565 2095 ι
1581 2070 1651 2096 κατὰ
1666 2070 1714 2105 τὴν
1728 2070 1774 2096 τοῦ
1791 2078 1859 2105 προ-

1067 2115 1151 2150 φήτου
1180 2117 1290 2151 φωνήν”
1318 2116 1378 2142 τότε
1401 2115 1433 2150 δὴ
1452 2116 1522 2148 τότε,
1546 2115 1617 2142 καθὰ
1636 2116 1683 2142 καὶ
1708 2115 1776 2151 αὐτὴ
1803 2115 1858 2142 τῶν

1067 2160 1238 2196 πραγμάτων
1262 2162 1512 2197 ἐπιμαρτυρήσειεν
1536 2161 1569 2188 ἂν
1592 2162 1608 2196 ὴ
1629 2160 1752 2192 Εκῦασις,
1772 2160 1786 2186 ὁ
1808 2161 1858 2196 μὲν

1067 2206 1174 2242 πρῶτός
1191 2215 1221 2232 τε
1246 2206 1292 2233 καὶ
1305 2206 1408 2237 λοῖσθος
1425 2206 1500 2238 λαὸς,
1517 2206 1675 2238 τουτέστιν,
1695 2207 1719 2232 οἱ
1739 2207 1767 2232 ἐν
1786 2206 1856 2242 ἀρχῇ

1067 2253 1114 2279 καὶ
1128 2252 1231 2289 πρῶτοι
1245 2253 1449 2284 πιστεύσαντες,
1462 2253 1508 2278 καὶ
1525 2252 1578 2288 μὴν
1598 2253 1644 2279 καὶ
1658 2253 1671 2278 ὁ
1685 2252 1859 2287 κληθησάμε-

1067 2307 1111 2329 νος
1124 2299 1152 2324 ἐν
1171 2298 1304 2333 ἐσχάτοις,
1318 2298 1520 2332 δεδυσώτιηνται
1534 2298 1579 2325 τὸν
1605 2298 1789 2334 Ἐμμανουήλ.
1807 2298 1857 2324 Εὑ-

1067 2344 1196 2379 λόγηνται
1209 2344 1237 2370 δὲ
1252 2344 1285 2370 δι’
1298 2344 1379 2371 αὐτοῦ
1394 2345 1469 2380 παρὰ
1482 2345 1529 2371 τοῦ
1543 2344 1610 2372 Θεοῦ
1628 2344 1674 2371 καὶ
1691 2344 1806 2379 Πατρός.
1829 2344 1857 2370 ’0

1068 2391 1095 2417 δέ
1120 2399 1151 2424 γε
1172 2393 1228 2417 τοῖν
1250 2390 1322 2417 δυοῖν
1350 2391 1451 2426 μεταξὺ
1478 2391 1616 2426 γεγονὼς,
1645 2390 1857 2425 καταμειδιάσας

1068 2436 1162 2472 ὥσπερ
1180 2436 1298 2471 Χριστοῦ
1315 2437 1359 2464 διὰ
1375 2438 1405 2464 τὸ
1423 2439 1471 2473 τῆς
1494 2437 1702 2473 ἁνθρωπότητος
1724 2435 1855 2468 ἀκαλλὲς,

1068 2483 1116 2508 καὶ
1129 2482 1174 2508 τὸν
1191 2482 1222 2508 ἐκ
1237 2482 1303 2509 Θεοῦ
1320 2483 1459 2517 πεφηνότα
1467 2483 1529 2509 Υίὸν
1545 2483 1615 2510 κατὰ
1632 2482 1744 2513 πολλοὺς
1759 2481 1858 2516 ἀτιμά-

1066 2535 1114 2559 σας
1125 2528 1252 2563 τρόπους,
1266 2529 1294 2554 ὲν
1307 2527 1345 2563 τῷ
1356 2529 1403 2563 τῆς
1414 2528 1535 2560 δουλείας
1547 2528 1740 2564 ἀπομεμένηκε
1752 2527 1855 2562 τρόπῳ,

1067 2574 1114 2600 καὶ
1130 2574 1178 2610 τῆς
1193 2573 1247 2600 τῶν
1264 2574 1389 2610 πατέρων
1407 2575 1561 2609 ἐλευθερίας
1578 2574 1741 2600 ἀπώλισθεν.
1756 2574 1815 2599 ’Ὁτι
1828 2573 1856 2599 δὲ

1066 2619 1177 2655 ἔμελλον
1207 2621 1231 2646 oi
1256 2621 1284 2647 ἐν
1309 2621 1438 2658 ἐσχάτοις
1461 2622 1567 2655 καιροῖς
1591 2621 1623 2646 ἐκ
1642 2619 1695 2646 τῶν
1722 2619 1856 2646 Ἰουδαίων

1067 2666 1261 2698 πιστεύσαντες
1271 2666 1325 2692 τῶν
1335 2666 1450 2702 πρώτων
1461 2665 1569 2692 ἔσεσθαι
1581 2665 1705 2692 κοινωνοὶ
1717 2666 1857 2700 μονονουχὶ

1067 2711 1113 2738 καὶ
1126 2712 1246 2747 ὁμέστιοι
1258 2720 1265 2727 ⁸
1284 2712 1330 2739 ἆτε
1343 2712 1374 2748 δὴ
1390 2712 1436 2738 καὶ
1454 2712 1493 2743 εἰς
1509 2712 1572 2747 μίαν
1589 2711 1793 2746 συνενεχθέντες
1807 2711 1856 2737 πό-

1066 2757 1118 2788 λιν,
1134 2758 1218 2793 ἤγουν
1231 2757 1341 2793 αὐλὴνῆ
1358 2757 1459 2788 ἑστίαν,
1471 2756 1593 2783 τουτέστι
1614 2757 1664 2792 τὴν
1682 2756 1854 2792 Ἐκκλησίαν,

1067 2802 1203 2838 ὑπέξηνεν
1217 2802 1468 2836 είπὼν,‹Πλατόναι
1484 2803 1498 2829 ὁ
1512 2801 1577 2834 Θεὸς
1593 2802 1630 2838 τῷ
1648 2801 1762 2837 ’ῐάφεθ,ι
1778 2809 1854 2828 τουτ-
