  <div class='ocr_page' id='page_1' title='image "/cluster/home/n/w/nwhite01/storage/ocr_20150623/69/njp.32101077772729/054.png"; bbox 0 0 1990 3046; ppageno 0'>
   <div class='ocr_carea' id='block_1_1' title="bbox 134 172 1768 210">
    <p class='ocr_par' dir='ltr' id='par_1_1' title="bbox 134 172 1768 210">
     <span class='ocr_line' id='line_1_1' title="bbox 134 172 1768 210; baseline 0.005 -9"><span class='ocrx_word' id='word_1_1' title='bbox 134 172 172 202; x_wconf 86' lang='grc'><strong>77</strong></span> <span class='ocrx_word' id='word_1_2' title='bbox 650 172 908 204; x_wconf 75' lang='lat' dir='ltr'><strong>CLAPHYRORUM</strong></span> <span class='ocrx_word' id='word_1_3' title='bbox 928 177 960 206; x_wconf 87' lang='lat' dir='ltr'><strong>IN</strong></span> <span class='ocrx_word' id='word_1_4' title='bbox 980 177 1129 206; x_wconf 81' lang='lat' dir='ltr'><strong>GENESIM</strong></span> <span class='ocrx_word' id='word_1_5' title='bbox 1149 176 1212 206; x_wconf 78' lang='lat' dir='ltr'><strong>LIB.</strong></span> <span class='ocrx_word' id='word_1_6' title='bbox 1233 175 1264 206; x_wconf 78' lang='grc' dir='ltr'><strong>ῐῐ.</strong></span> <span class='ocrx_word' id='word_1_7' title='bbox 1733 179 1768 210; x_wconf 72' lang='grc'><strong>’78</strong></span> 
     </span>
    </p>
   </div>
   <div class='ocr_carea' id='block_1_2' title="bbox 135 232 934 276">
    <p class='ocr_par' dir='ltr' id='par_1_2' title="bbox 135 232 930 273">
     <span class='ocr_line' id='line_1_2' title="bbox 135 232 930 273; baseline 0.008 -13"><span class='ocrx_word' id='word_1_8' title='bbox 135 232 214 267; x_wconf 73' lang='grc' dir='ltr'>ἐστι,</span> <span class='ocrx_word' id='word_1_9' title='bbox 230 232 270 269; x_wconf 82' lang='grc' dir='ltr'>τῷ</span> <span class='ocrx_word' id='word_1_10' title='bbox 285 233 370 269; x_wconf 81' lang='grc' dir='ltr'><strong>τρίτῳ</strong></span> <span class='ocrx_word' id='word_1_11' title='bbox 391 233 436 261; x_wconf 72' lang='grc' dir='ltr'>καὶ</span> <span class='ocrx_word' id='word_1_12' title='bbox 450 235 479 261; x_wconf 81' lang='grc' dir='ltr'>ὲν</span> <span class='ocrx_word' id='word_1_13' title='bbox 501 234 635 270; x_wconf 77' lang='grc' dir='ltr'>ἐσχάτοις·</span> <span class='ocrx_word' id='word_1_14' title='bbox 654 237 745 272; x_wconf 78' lang='grc' dir='ltr'><strong>τρίτος</strong></span> <span class='ocrx_word' id='word_1_15' title='bbox 763 238 817 273; x_wconf 78' lang='grc' dir='ltr'><strong>γὰρ</strong></span> <span class='ocrx_word' id='word_1_16' title='bbox 837 239 851 265; x_wconf 83' lang='grc' dir='ltr'><strong><em>ὁ</em></strong></span> <span class='ocrx_word' id='word_1_17' title='bbox 878 238 930 266; x_wconf 74' lang='grc' dir='ltr'><strong>ἰἀ-</strong></span> 
     </span>
    </p>
   </div>
   <div class='ocr_carea' id='block_1_3' title="bbox 987 232 1762 276">
    <p class='ocr_par' dir='ltr' id='par_1_3' title="bbox 987 240 1762 276">
     <span class='ocr_line' id='line_1_3' title="bbox 987 240 1762 276; baseline 0.006 -10"><span class='ocrx_word' id='word_1_18' title='bbox 987 240 1092 268; x_wconf 88' lang='lat' dir='ltr'><strong>illorum</strong></span> <span class='ocrx_word' id='word_1_19' title='bbox 1107 241 1139 268; x_wconf 61' lang='grc' dir='ltr'><strong>δ’.</strong></span> <span class='ocrx_word' id='word_1_20' title='bbox 1152 250 1160 266; x_wconf 85' lang='grc' dir='ltr'>ι</span> <span class='ocrx_word' id='word_1_21' title='bbox 1177 241 1243 272; x_wconf 90' lang='lat' dir='ltr'><strong>lioc,</strong></span> <span class='ocrx_word' id='word_1_22' title='bbox 1265 240 1394 272; x_wconf 74' lang='lat' dir='ltr'><strong>arbitror,</strong></span> <span class='ocrx_word' id='word_1_23' title='bbox 1415 245 1457 268; x_wconf 85' lang='lat' dir='ltr'><strong>est</strong></span> <span class='ocrx_word' id='word_1_24' title='bbox 1477 241 1549 276; x_wconf 91' lang='lat' dir='ltr'><strong>quod</strong></span> <span class='ocrx_word' id='word_1_25' title='bbox 1577 241 1703 270; x_wconf 85' lang='lat' dir='ltr'><strong>Christus</strong></span> <span class='ocrx_word' id='word_1_26' title='bbox 1727 244 1762 271; x_wconf 89' lang='lat' dir='ltr'><strong>ad</strong></span> 
     </span>
    </p>
   </div>
   <div class='ocr_carea' id='block_1_4' title="bbox 136 280 921 322">
    <p class='ocr_par' dir='ltr' id='par_1_4' title="bbox 136 280 921 322">
     <span class='ocr_line' id='line_1_4' title="bbox 136 280 921 322; baseline 0.008 -15"><span class='ocrx_word' id='word_1_27' title='bbox 136 280 199 315; x_wconf 73' lang='grc' dir='ltr'><strong>φεῦ·</strong></span> <span class='ocrx_word' id='word_1_28' title='bbox 207 290 216 307; x_wconf 77' lang='grc' dir='ltr'>ι</span> <span class='ocrx_word' id='word_1_29' title='bbox 228 281 274 307; x_wconf 78' lang='grc' dir='ltr'>καὶ</span> <span class='ocrx_word' id='word_1_30' title='bbox 286 282 476 317; x_wconf 77' lang='grc' dir='ltr'>κατοικησάτω</span> <span class='ocrx_word' id='word_1_31' title='bbox 488 292 497 308; x_wconf 86' lang='grc'><strong><em>‹</em></strong></span> <span class='ocrx_word' id='word_1_32' title='bbox 509 283 537 308; x_wconf 83' lang='grc' dir='ltr'>ὲν</span> <span class='ocrx_word' id='word_1_33' title='bbox 545 284 600 314; x_wconf 85' lang='grc' dir='ltr'>τοῖς</span> <span class='ocrx_word' id='word_1_34' title='bbox 611 284 771 319; x_wconf 74' lang='grc' dir='ltr'>σκηνώμασι</span> <span class='ocrx_word' id='word_1_35' title='bbox 781 285 827 312; x_wconf 79' lang='grc' dir='ltr'>τοῦ</span> <span class='ocrx_word' id='word_1_36' title='bbox 835 287 904 322; x_wconf 78' lang='grc' dir='ltr'><strong>Σὴμ,</strong></span> <span class='ocrx_word' id='word_1_37' title='bbox 912 296 921 312; x_wconf 76' lang='grc' dir='ltr'>ι</span> 
     </span>
    </p>
   </div>
   <div class='ocr_carea' id='block_1_5' title="bbox 135 327 929 365">
    <p class='ocr_par' dir='ltr' id='par_1_5' title="bbox 135 327 929 365">
     <span class='ocr_line' id='line_1_5' title="bbox 135 327 929 365; baseline 0.009 -13"><span class='ocrx_word' id='word_1_38' title='bbox 135 327 273 358; x_wconf 76' lang='grc' dir='ltr'><strong>τουτέστι,</strong></span> <span class='ocrx_word' id='word_1_39' title='bbox 293 327 339 354; x_wconf 79' lang='grc' dir='ltr'><strong>τοῦ</strong></span> <span class='ocrx_word' id='word_1_40' title='bbox 362 327 481 362; x_wconf 66' lang='grc' dir='ltr'>πρώτων</span> <span class='ocrx_word' id='word_1_41' title='bbox 509 328 555 354; x_wconf 67' lang='grc' dir='ltr'>καὶ</span> <span class='ocrx_word' id='word_1_42' title='bbox 571 329 712 365; x_wconf 79' lang='grc' dir='ltr'><strong>γενηθήτω</strong></span> <span class='ocrx_word' id='word_1_43' title='bbox 734 331 844 358; x_wconf 72' lang='grc' dir='ltr'>Χαναὰν</span> <span class='ocrx_word' id='word_1_44' title='bbox 865 334 929 364; x_wconf 81' lang='grc' dir='ltr'>παῖς</span> 
     </span>
    </p>
   </div>
   <div class='ocr_carea' id='block_1_6' title="bbox 137 371 930 412">
    <p class='ocr_par' dir='ltr' id='par_1_6' title="bbox 137 371 930 412">
     <span class='ocr_line' id='line_1_6' title="bbox 137 371 930 412; baseline 0.008 -14"><span class='ocrx_word' id='word_1_45' title='bbox 137 372 248 399; x_wconf 82' lang='grc' dir='ltr'>αὐτῶν·</span> <span class='ocrx_word' id='word_1_46' title='bbox 269 382 278 398; x_wconf 77' lang='grc' dir='ltr'><strong>ι</strong></span> <span class='ocrx_word' id='word_1_47' title='bbox 296 373 385 406; x_wconf 78' lang='grc' dir='ltr'>τοῦτο,</span> <span class='ocrx_word' id='word_1_48' title='bbox 406 371 493 408; x_wconf 77' lang='grc' dir='ltr'>οἶμαι,</span> <span class='ocrx_word' id='word_1_49' title='bbox 507 373 580 400; x_wconf 70' lang='grc' dir='ltr'>ἐστὶν</span> <span class='ocrx_word' id='word_1_50' title='bbox 593 375 661 411; x_wconf 85' lang='grc' dir='ltr'>ὅπερ</span> <span class='ocrx_word' id='word_1_51' title='bbox 677 375 730 411; x_wconf 78' lang='grc' dir='ltr'>ἔφη</span> <span class='ocrx_word' id='word_1_52' title='bbox 745 377 861 412; x_wconf 78' lang='grc' dir='ltr'>Χριστὸς</span> <span class='ocrx_word' id='word_1_53' title='bbox 874 379 930 408; x_wconf 77' lang='grc' dir='ltr'>τοῖς</span> 
     </span>
    </p>
   </div>
   <div class='ocr_carea' id='block_1_7' title="bbox 145 417 932 458">
    <p class='ocr_par' dir='ltr' id='par_1_7' title="bbox 145 417 932 458">
     <span class='ocr_line' id='line_1_7' title="bbox 145 417 932 458; baseline 0.006 -13"><span class='ocrx_word' id='word_1_54' title='bbox 145 417 282 446; x_wconf 80' lang='grc' dir='ltr'>Ἰουδαίων</span> <span class='ocrx_word' id='word_1_55' title='bbox 306 420 418 455; x_wconf 81' lang='grc' dir='ltr'><strong>δήμοις·</strong></span> <span class='ocrx_word' id='word_1_56' title='bbox 444 429 454 446; x_wconf 73' lang='grc' dir='ltr'><strong>ι</strong></span> <span class='ocrx_word' id='word_1_57' title='bbox 484 420 583 456; x_wconf 77' lang='grc' dir='ltr'>Ἀμὴν,</span> <span class='ocrx_word' id='word_1_58' title='bbox 607 421 681 456; x_wconf 78' lang='grc' dir='ltr'><strong>ἀμὴν</strong></span> <span class='ocrx_word' id='word_1_59' title='bbox 696 422 767 457; x_wconf 78' lang='grc' dir='ltr'>λέγω</span> <span class='ocrx_word' id='word_1_60' title='bbox 791 424 869 458; x_wconf 76' lang='grc' dir='ltr'>ὑμῖν,</span> <span class='ocrx_word' id='word_1_61' title='bbox 890 424 932 450; x_wconf 73' lang='grc' dir='ltr'>ὅτι</span> 
     </span>
    </p>
   </div>
   <div class='ocr_carea' id='block_1_8' title="bbox 138 464 931 505">
    <p class='ocr_par' dir='ltr' id='par_1_8' title="bbox 138 464 931 505">
     <span class='ocr_line' id='line_1_8' title="bbox 138 464 931 505; baseline 0.008 -15"><span class='ocrx_word' id='word_1_62' title='bbox 138 465 195 496; x_wconf 79' lang='grc' dir='ltr'><strong>πᾶς</strong></span> <span class='ocrx_word' id='word_1_63' title='bbox 214 465 228 491; x_wconf 77' lang='grc' dir='ltr'><strong>ὁ</strong></span> <span class='ocrx_word' id='word_1_64' title='bbox 250 464 335 491; x_wconf 82' lang='grc' dir='ltr'>ποιῶν</span> <span class='ocrx_word' id='word_1_65' title='bbox 356 466 405 500; x_wconf 80' lang='grc' dir='ltr'>τὴν</span> <span class='ocrx_word' id='word_1_66' title='bbox 422 465 576 500; x_wconf 82' lang='grc' dir='ltr'>ἁμαρτίαν,</span> <span class='ocrx_word' id='word_1_67' title='bbox 591 466 684 498; x_wconf 74' lang='grc' dir='ltr'>δοῦλός</span> <span class='ocrx_word' id='word_1_68' title='bbox 698 467 756 494; x_wconf 72' lang='grc' dir='ltr'><strong>ἐστι</strong></span> <span class='ocrx_word' id='word_1_69' title='bbox 774 468 824 503; x_wconf 74' lang='grc' dir='ltr'><strong>τῆς</strong></span> <span class='ocrx_word' id='word_1_70' title='bbox 839 469 931 505; x_wconf 77' lang='grc' dir='ltr'>ἁμαρ-</span> 
     </span>
    </p>
   </div>
   <div class='ocr_carea' id='block_1_9' title="bbox 137 508 932 548">
    <p class='ocr_par' dir='ltr' id='par_1_9' title="bbox 137 508 932 548">
     <span class='ocr_line' id='line_1_9' title="bbox 137 508 932 548; baseline 0.009 -14"><span class='ocrx_word' id='word_1_71' title='bbox 137 508 210 541; x_wconf 74' lang='grc' dir='ltr'>τίας.</span> <span class='ocrx_word' id='word_1_72' title='bbox 228 509 258 536; x_wconf 88' lang='lat'><strong>&#39;0</strong></span> <span class='ocrx_word' id='word_1_73' title='bbox 269 510 298 535; x_wconf 84' lang='grc' dir='ltr'><strong>δὲ</strong></span> <span class='ocrx_word' id='word_1_74' title='bbox 310 509 402 541; x_wconf 84' lang='grc' dir='ltr'>δοῦλος</span> <span class='ocrx_word' id='word_1_75' title='bbox 413 510 442 536; x_wconf 87' lang='grc' dir='ltr'><strong>οὺ</strong></span> <span class='ocrx_word' id='word_1_76' title='bbox 458 511 531 546; x_wconf 77' lang='grc' dir='ltr'>μένει</span> <span class='ocrx_word' id='word_1_77' title='bbox 546 511 576 537; x_wconf 78' lang='grc' dir='ltr'>ὲν</span> <span class='ocrx_word' id='word_1_78' title='bbox 588 512 620 547; x_wconf 84' lang='grc' dir='ltr'>τῇ</span> <span class='ocrx_word' id='word_1_79' title='bbox 638 511 711 548; x_wconf 80' lang='grc' dir='ltr'>οἰκίᾳ</span> <span class='ocrx_word' id='word_1_80' title='bbox 726 513 766 544; x_wconf 88' lang='grc' dir='ltr'><strong>εἰς</strong></span> <span class='ocrx_word' id='word_1_81' title='bbox 779 512 824 539; x_wconf 70' lang='grc' dir='ltr'>τὴν</span> <span class='ocrx_word' id='word_1_82' title='bbox 835 514 932 546; x_wconf 82' lang='grc' dir='ltr'>αἰῶνα,</span> 
     </span>
    </p>
   </div>
   <div class='ocr_carea' id='block_1_10' title="bbox 137 552 933 594">
    <p class='ocr_par' dir='ltr' id='par_1_10' title="bbox 137 552 933 594">
     <span class='ocr_line' id='line_1_10' title="bbox 137 552 933 594; baseline 0.008 -15"><span class='ocrx_word' id='word_1_83' title='bbox 137 553 153 579; x_wconf 81' lang='grc' dir='ltr'><strong>ό</strong></span> <span class='ocrx_word' id='word_1_84' title='bbox 167 553 226 586; x_wconf 80' lang='grc' dir='ltr'>υἱὸς</span> <span class='ocrx_word' id='word_1_85' title='bbox 248 553 322 589; x_wconf 84' lang='grc' dir='ltr'>μένει</span> <span class='ocrx_word' id='word_1_86' title='bbox 345 554 385 586; x_wconf 83' lang='grc' dir='ltr'><strong>εἰς</strong></span> <span class='ocrx_word' id='word_1_87' title='bbox 404 552 450 581; x_wconf 79' lang='grc' dir='ltr'><strong>τὸν</strong></span> <span class='ocrx_word' id='word_1_88' title='bbox 475 555 578 582; x_wconf 87' lang='grc' dir='ltr'>αἰῶνα·</span> <span class='ocrx_word' id='word_1_89' title='bbox 600 565 610 582; x_wconf 76' lang='grc' dir='ltr'>ι</span> <span class='ocrx_word' id='word_1_90' title='bbox 626 555 673 583; x_wconf 74' lang='grc' dir='ltr'><strong>ἐὰν</strong></span> <span class='ocrx_word' id='word_1_91' title='bbox 690 555 737 584; x_wconf 79' lang='grc' dir='ltr'>οὖν</span> <span class='ocrx_word' id='word_1_92' title='bbox 752 557 766 583; x_wconf 78' lang='grc' dir='ltr'><strong>ὁ</strong></span> <span class='ocrx_word' id='word_1_93' title='bbox 782 558 837 589; x_wconf 64' lang='grc' dir='ltr'>υίὸς</span> <span class='ocrx_word' id='word_1_94' title='bbox 861 558 933 594; x_wconf 80' lang='grc' dir='ltr'>ὑμᾶς</span> 
     </span>
    </p>
   </div>
   <div class='ocr_carea' id='block_1_11' title="bbox 137 599 933 640">
    <p class='ocr_par' dir='ltr' id='par_1_11' title="bbox 137 599 933 640">
     <span class='ocr_line' id='line_1_11' title="bbox 137 599 933 640; baseline 0.006 -14"><span class='ocrx_word' id='word_1_95' title='bbox 137 599 322 636; x_wconf 71' lang='grc' dir='ltr'><strong>ἐλευθερώσῃ,</strong></span> <span class='ocrx_word' id='word_1_96' title='bbox 335 601 472 636; x_wconf 75' lang='grc' dir='ltr'>ἐλεύθεροι</span> <span class='ocrx_word' id='word_1_97' title='bbox 480 601 585 631; x_wconf 75' lang='grc' dir='ltr'>ἔσεσθε,</span> <span class='ocrx_word' id='word_1_98' title='bbox 599 603 868 638; x_wconf 82' lang='grc' dir='ltr'>Καταμειδιάσαντες</span> <span class='ocrx_word' id='word_1_99' title='bbox 879 604 933 640; x_wconf 81' lang='grc' dir='ltr'><strong>γὰρ</strong></span> 
     </span>
    </p>
   </div>
   <div class='ocr_carea' id='block_1_12' title="bbox 138 644 934 685">
    <p class='ocr_par' dir='ltr' id='par_1_12' title="bbox 138 644 934 685">
     <span class='ocr_line' id='line_1_12' title="bbox 138 644 934 685; baseline 0.006 -12"><span class='ocrx_word' id='word_1_100' title='bbox 138 647 164 673; x_wconf 76' lang='grc' dir='ltr'><strong>οἱ</strong></span> <span class='ocrx_word' id='word_1_101' title='bbox 181 647 298 679; x_wconf 80' lang='grc' dir='ltr'>τάλανες</span> <span class='ocrx_word' id='word_1_102' title='bbox 324 644 444 675; x_wconf 75' lang='grc' dir='ltr'>Ἰουδαῖοι</span> <span class='ocrx_word' id='word_1_103' title='bbox 465 648 514 683; x_wconf 84' lang='grc' dir='ltr'><strong>τῆς</strong></span> <span class='ocrx_word' id='word_1_104' title='bbox 528 648 575 675; x_wconf 82' lang='grc' dir='ltr'>τοῦ</span> <span class='ocrx_word' id='word_1_105' title='bbox 589 649 716 684; x_wconf 84' lang='grc' dir='ltr'><strong>Σωτῆρος</strong></span> <span class='ocrx_word' id='word_1_106' title='bbox 738 649 818 685; x_wconf 83' lang='grc' dir='ltr'>ἡμῶν</span> <span class='ocrx_word' id='word_1_107' title='bbox 831 651 934 678; x_wconf 82' lang='grc' dir='ltr'>οἰκονο-</span> 
     </span>
    </p>
   </div>
   <div class='ocr_carea' id='block_1_13' title="bbox 982 287 1767 322">
    <p class='ocr_par' dir='ltr' id='par_1_13' title="bbox 982 287 1767 322">
     <span class='ocr_line' id='line_1_13' title="bbox 982 287 1767 322; baseline 0.004 -8"><span class='ocrx_word' id='word_1_108' title='bbox 982 287 1097 322; x_wconf 88' lang='lat' dir='ltr'><strong>populos</strong></span> <span class='ocrx_word' id='word_1_109' title='bbox 1110 287 1267 314; x_wconf 68' lang='lat' dir='ltr'><strong>.ludzcorum</strong></span> <span class='ocrx_word' id='word_1_110' title='bbox 1284 287 1339 313; x_wconf 90' lang='lat' dir='ltr'><strong>ait:</strong></span> <span class='ocrx_word' id='word_1_111' title='bbox 1360 296 1368 312; x_wconf 85' lang='grc' dir='ltr'>ι</span> <span class='ocrx_word' id='word_1_112' title='bbox 1382 287 1479 320; x_wconf 82' lang='lat' dir='ltr'><strong>Amen,</strong></span> <span class='ocrx_word' id='word_1_113' title='bbox 1498 295 1577 315; x_wconf 84' lang='lat' dir='ltr'><strong>amen</strong></span> <span class='ocrx_word' id='word_1_114' title='bbox 1601 288 1663 316; x_wconf 82' lang='lat' dir='ltr'>dico</span> <span class='ocrx_word' id='word_1_115' title='bbox 1678 289 1767 322; x_wconf 82' lang='lat' dir='ltr'><strong>vobis,</strong></span> 
     </span>
    </p>
   </div>
   <div class='ocr_carea' id='block_1_14' title="bbox 983 332 1769 369">
    <p class='ocr_par' dir='ltr' id='par_1_14' title="bbox 983 332 1769 369">
     <span class='ocr_line' id='line_1_14' title="bbox 983 332 1769 369; baseline 0.004 -10"><span class='ocrx_word' id='word_1_116' title='bbox 983 333 1056 367; x_wconf 90' lang='lat' dir='ltr'><strong>quod</strong></span> <span class='ocrx_word' id='word_1_117' title='bbox 1073 333 1162 360; x_wconf 88' lang='lat' dir='ltr'><strong>omnis</strong></span> <span class='ocrx_word' id='word_1_118' title='bbox 1176 333 1221 368; x_wconf 91' lang='lat' dir='ltr'><strong>qui</strong></span> <span class='ocrx_word' id='word_1_119' title='bbox 1239 332 1302 360; x_wconf 79' lang='lat' dir='ltr'><strong>facit</strong></span> <span class='ocrx_word' id='word_1_120' title='bbox 1312 337 1465 368; x_wconf 87' lang='lat' dir='ltr'><strong>peccatum,</strong></span> <span class='ocrx_word' id='word_1_121' title='bbox 1479 341 1575 361; x_wconf 82' lang='lat' dir='ltr'><strong>servus</strong></span> <span class='ocrx_word' id='word_1_122' title='bbox 1599 338 1639 361; x_wconf 87' lang='lat' dir='ltr'><strong>est</strong></span> <span class='ocrx_word' id='word_1_123' title='bbox 1653 335 1769 369; x_wconf 75' lang='lat' dir='ltr'><strong>peccati.</strong></span> 
     </span>
    </p>
   </div>
   <div class='ocr_carea' id='block_1_15' title="bbox 984 377 1769 412">
    <p class='ocr_par' dir='ltr' id='par_1_15' title="bbox 984 377 1769 412">
     <span class='ocr_line' id='line_1_15' title="bbox 984 377 1769 412; baseline 0.001 -7"><span class='ocrx_word' id='word_1_124' title='bbox 984 377 1085 405; x_wconf 83' lang='lat' dir='ltr'><strong>Servus</strong></span> <span class='ocrx_word' id='word_1_125' title='bbox 1101 383 1192 406; x_wconf 88' lang='lat' dir='ltr'><strong>autem</strong></span> <span class='ocrx_word' id='word_1_126' title='bbox 1211 386 1267 406; x_wconf 91' lang='lat' dir='ltr'><strong>non</strong></span> <span class='ocrx_word' id='word_1_127' title='bbox 1285 383 1377 406; x_wconf 85' lang='lat' dir='ltr'><strong>manet</strong></span> <span class='ocrx_word' id='word_1_128' title='bbox 1407 379 1435 407; x_wconf 87' lang='lat' dir='ltr'><strong>in</strong></span> <span class='ocrx_word' id='word_1_129' title='bbox 1462 379 1545 406; x_wconf 89' lang='lat' dir='ltr'><strong>domo</strong></span> <span class='ocrx_word' id='word_1_130' title='bbox 1571 380 1598 406; x_wconf 91' lang='lat' dir='ltr'><strong>in</strong></span> <span class='ocrx_word' id='word_1_131' title='bbox 1624 384 1769 412; x_wconf 63' lang='lat' dir='ltr'><strong>aeternum,</strong></span> 
     </span>
    </p>
   </div>
   <div class='ocr_carea' id='block_1_16' title="bbox 986 424 1770 461">
    <p class='ocr_par' dir='ltr' id='par_1_16' title="bbox 986 424 1770 461">
     <span class='ocr_line' id='line_1_16' title="bbox 986 424 1770 461; baseline 0.001 -10"><span class='ocrx_word' id='word_1_132' title='bbox 986 424 1059 452; x_wconf 82' lang='lat' dir='ltr'><strong>tilius</strong></span> <span class='ocrx_word' id='word_1_133' title='bbox 1087 430 1179 452; x_wconf 87' lang='lat' dir='ltr'><strong>manet</strong></span> <span class='ocrx_word' id='word_1_134' title='bbox 1193 425 1221 452; x_wconf 92' lang='lat' dir='ltr'><strong>in</strong></span> <span class='ocrx_word' id='word_1_135' title='bbox 1241 425 1374 453; x_wconf 57' lang='lat' dir='ltr'><strong>aeternum</strong></span> <span class='ocrx_word' id='word_1_136' title='bbox 1385 426 1419 453; x_wconf 79' lang='grc' dir='ltr'><strong>⁵ο.</strong></span> <span class='ocrx_word' id='word_1_137' title='bbox 1437 435 1446 451; x_wconf 68' lang='grc' dir='ltr'>ι</span> <span class='ocrx_word' id='word_1_138' title='bbox 1458 426 1486 453; x_wconf 86' lang='lat' dir='ltr'><strong>Si</strong></span> <span class='ocrx_word' id='word_1_139' title='bbox 1509 433 1573 461; x_wconf 79' lang='lat' dir='ltr'><strong>ergo</strong></span> <span class='ocrx_word' id='word_1_140' title='bbox 1586 433 1634 453; x_wconf 89' lang='lat' dir='ltr'><strong>vos</strong></span> <span class='ocrx_word' id='word_1_141' title='bbox 1650 426 1724 452; x_wconf 85' lang='lat' dir='ltr'><strong>illius</strong></span> <span class='ocrx_word' id='word_1_142' title='bbox 1735 425 1770 452; x_wconf 42' lang='lat' dir='ltr'><strong>li.</strong></span> 
     </span>
    </p>
   </div>
   <div class='ocr_carea' id='block_1_17' title="bbox 987 469 1771 501">
    <p class='ocr_par' dir='ltr' id='par_1_17' title="bbox 987 469 1771 501">
     <span class='ocr_line' id='line_1_17' title="bbox 987 469 1771 501; baseline 0 -5"><span class='ocrx_word' id='word_1_143' title='bbox 987 469 1134 501; x_wconf 86' lang='lat' dir='ltr'><strong>beraverit,</strong></span> <span class='ocrx_word' id='word_1_144' title='bbox 1150 477 1214 497; x_wconf 86' lang='lat' dir='ltr'><strong>vere</strong></span> <span class='ocrx_word' id='word_1_145' title='bbox 1225 470 1306 497; x_wconf 78' lang='lat' dir='ltr'><strong>liberi</strong></span> <span class='ocrx_word' id='word_1_146' title='bbox 1320 470 1408 497; x_wconf 86' lang='lat' dir='ltr'><strong>eritis.</strong></span> <span class='ocrx_word' id='word_1_147' title='bbox 1425 470 1576 497; x_wconf 84' lang='lat' dir='ltr'><strong>irridentes</strong></span> <span class='ocrx_word' id='word_1_148' title='bbox 1586 469 1658 497; x_wconf 84' lang='lat' dir='ltr'><strong>enim</strong></span> <span class='ocrx_word' id='word_1_149' title='bbox 1677 469 1771 496; x_wconf 80' lang='lat' dir='ltr'><strong>miseri</strong></span> 
     </span>
    </p>
   </div>
   <div class='ocr_carea' id='block_1_18' title="bbox 983 511 1772 551">
    <p class='ocr_par' dir='ltr' id='par_1_18' title="bbox 983 511 1772 551">
     <span class='ocr_line' id='line_1_18' title="bbox 983 511 1772 551; baseline 0 -9"><span class='ocrx_word' id='word_1_150' title='bbox 983 511 1069 543; x_wconf 67' lang='lat' dir='ltr'><strong>Judaei</strong></span> <span class='ocrx_word' id='word_1_151' title='bbox 1099 515 1247 543; x_wconf 82' lang='lat' dir='ltr'><strong>Salvatoris</strong></span> <span class='ocrx_word' id='word_1_152' title='bbox 1258 516 1345 543; x_wconf 86' lang='lat' dir='ltr'><strong>nostri</strong></span> <span class='ocrx_word' id='word_1_153' title='bbox 1363 515 1608 551; x_wconf 80' lang='lat' dir='ltr'><strong>dispensationem,</strong></span> <span class='ocrx_word' id='word_1_154' title='bbox 1623 519 1651 542; x_wconf 87' lang='lat' dir='ltr'><strong>ct</strong></span> <span class='ocrx_word' id='word_1_155' title='bbox 1663 515 1772 542; x_wconf 86' lang='lat' dir='ltr'><strong>revela—</strong></span> 
     </span>
    </p>
   </div>
   <div class='ocr_carea' id='block_1_19' title="bbox 985 561 1771 596">
    <p class='ocr_par' dir='ltr' id='par_1_19' title="bbox 985 561 1771 596">
     <span class='ocr_line' id='line_1_19' title="bbox 985 561 1771 596; baseline -0.001 -8"><span class='ocrx_word' id='word_1_156' title='bbox 985 561 1087 588; x_wconf 87' lang='lat' dir='ltr'><strong>tionem</strong></span> <span class='ocrx_word' id='word_1_157' title='bbox 1097 561 1206 596; x_wconf 84' lang='lat' dir='ltr'><strong>ipsiusa</strong></span> <span class='ocrx_word' id='word_1_158' title='bbox 1219 562 1275 588; x_wconf 86' lang='lat' dir='ltr'><strong>Deo</strong></span> <span class='ocrx_word' id='word_1_159' title='bbox 1292 570 1323 588; x_wconf 86' lang='lat' dir='ltr'><strong>ac</strong></span> <span class='ocrx_word' id='word_1_160' title='bbox 1335 561 1416 590; x_wconf 82' lang='lat' dir='ltr'><strong>Patre</strong></span> <span class='ocrx_word' id='word_1_161' title='bbox 1434 562 1462 589; x_wconf 92' lang='lat' dir='ltr'><strong>in</strong></span> <span class='ocrx_word' id='word_1_162' title='bbox 1482 569 1531 589; x_wconf 89' lang='lat' dir='ltr'><strong>nos</strong></span> <span class='ocrx_word' id='word_1_163' title='bbox 1550 561 1649 589; x_wconf 75' lang='lat' dir='ltr'><strong>factam</strong></span> <span class='ocrx_word' id='word_1_164' title='bbox 1665 568 1771 596; x_wconf 79' lang='lat' dir='ltr'><strong>nequa-</strong></span> 
     </span>
    </p>
   </div>
   <div class='ocr_carea' id='block_1_20' title="bbox 984 607 1772 643">
    <p class='ocr_par' dir='ltr' id='par_1_20' title="bbox 984 607 1772 643">
     <span class='ocr_line' id='line_1_20' title="bbox 984 607 1772 643; baseline -0.001 -10"><span class='ocrx_word' id='word_1_165' title='bbox 984 614 1067 641; x_wconf 87' lang='lat' dir='ltr'><strong>quam</strong></span> <span class='ocrx_word' id='word_1_166' title='bbox 1089 610 1262 641; x_wconf 77' lang='lat' dir='ltr'><strong>venerantes,</strong></span> <span class='ocrx_word' id='word_1_167' title='bbox 1280 607 1308 634; x_wconf 91' lang='lat' dir='ltr'><strong>in</strong></span> <span class='ocrx_word' id='word_1_168' title='bbox 1322 608 1422 643; x_wconf 86' lang='lat' dir='ltr'><strong>spiritu</strong></span> <span class='ocrx_word' id='word_1_169' title='bbox 1445 607 1586 635; x_wconf 79' lang='lat' dir='ltr'><strong>servitutis</strong></span> <span class='ocrx_word' id='word_1_170' title='bbox 1611 613 1772 642; x_wconf 86' lang='lat' dir='ltr'><strong>permanse-</strong></span> 
     </span>
    </p>
   </div>
   <div class='ocr_carea' id='block_1_21' title="bbox 986 657 1060 680">
    <p class='ocr_par' dir='ltr' id='par_1_21' title="bbox 986 657 1060 680">
     <span class='ocr_line' id='line_1_21' title="bbox 986 657 1060 680; baseline 0.014 -1"><span class='ocrx_word' id='word_1_171' title='bbox 986 657 1060 680; x_wconf 84' lang='lat' dir='ltr'><strong>runt.</strong></span> 
     </span>
    </p>
   </div>
   <div class='ocr_carea' id='block_1_22' title="bbox 142 693 1773 734">
    <p class='ocr_par' dir='ltr' id='par_1_22' title="bbox 142 693 1773 734">
     <span class='ocr_line' id='line_1_22' title="bbox 142 693 1773 734; baseline 0.003 -15"><span class='ocrx_word' id='word_1_172' title='bbox 142 693 219 727; x_wconf 78' lang='grc' dir='ltr'>μίας,</span> <span class='ocrx_word' id='word_1_173' title='bbox 231 694 277 720; x_wconf 75' lang='grc' dir='ltr'>καὶ</span> <span class='ocrx_word' id='word_1_174' title='bbox 293 694 343 729; x_wconf 78' lang='grc' dir='ltr'>τὴν</span> <span class='ocrx_word' id='word_1_175' title='bbox 357 693 529 728; x_wconf 77' lang='grc' dir='ltr'><strong>ἀποκάλυψιν</strong></span> <span class='ocrx_word' id='word_1_176' title='bbox 543 694 625 721; x_wconf 83' lang='grc' dir='ltr'>αὑτοῦ</span> <span class='ocrx_word' id='word_1_177' title='bbox 642 694 692 730; x_wconf 81' lang='grc' dir='ltr'><strong>τὴν</strong></span> <span class='ocrx_word' id='word_1_178' title='bbox 713 695 788 731; x_wconf 79' lang='grc' dir='ltr'>παρὰ</span> <span class='ocrx_word' id='word_1_179' title='bbox 803 696 850 723; x_wconf 76' lang='grc' dir='ltr'><strong>τοῦ</strong></span> <span class='ocrx_word' id='word_1_180' title='bbox 864 696 932 724; x_wconf 83' lang='grc' dir='ltr'><strong>Θεοῦ</strong></span> <span class='ocrx_word' id='word_1_181' title='bbox 953 697 1000 725; x_wconf 72' lang='grc' dir='ltr'>καὶ</span> <span class='ocrx_word' id='word_1_182' title='bbox 1018 697 1126 734; x_wconf 74' lang='grc' dir='ltr'>Πατρὺς</span> <span class='ocrx_word' id='word_1_183' title='bbox 1146 698 1186 730; x_wconf 81' lang='grc' dir='ltr'><strong>εἰς</strong></span> <span class='ocrx_word' id='word_1_184' title='bbox 1200 698 1273 733; x_wconf 70' lang='grc' dir='ltr'>ἡμᾶς</span> <span class='ocrx_word' id='word_1_185' title='bbox 1288 698 1438 734; x_wconf 73' lang='grc' dir='ltr'><strong>γενομένην</strong></span> <span class='ocrx_word' id='word_1_186' title='bbox 1470 696 1499 725; x_wconf 72' lang='grc' dir='ltr'>οὗ</span> <span class='ocrx_word' id='word_1_187' title='bbox 1532 698 1709 734; x_wconf 78' lang='grc' dir='ltr'><strong>τετιμηκότες</strong></span> <span class='ocrx_word' id='word_1_188' title='bbox 1721 717 1727 729; x_wconf 87' lang='lat'><strong>,</strong></span> <span class='ocrx_word' id='word_1_189' title='bbox 1743 695 1773 724; x_wconf 79' lang='grc' dir='ltr'>ἑν</span> 
     </span>
    </p>
   </div>
   <div class='ocr_carea' id='block_1_23' title="bbox 140 739 736 776">
    <p class='ocr_par' dir='ltr' id='par_1_23' title="bbox 140 739 736 776">
     <span class='ocr_line' id='line_1_23' title="bbox 140 739 736 776; baseline 0.003 -10"><span class='ocrx_word' id='word_1_190' title='bbox 140 739 180 775; x_wconf 74' lang='grc' dir='ltr'>τῷ</span> <span class='ocrx_word' id='word_1_191' title='bbox 197 740 248 775; x_wconf 82' lang='grc' dir='ltr'><strong>τῆς</strong></span> <span class='ocrx_word' id='word_1_192' title='bbox 261 739 383 772; x_wconf 79' lang='grc' dir='ltr'><strong>δουλείας</strong></span> <span class='ocrx_word' id='word_1_193' title='bbox 401 741 572 776; x_wconf 83' lang='grc' dir='ltr'>μεμενήκασι</span> <span class='ocrx_word' id='word_1_194' title='bbox 589 741 736 776; x_wconf 83' lang='grc' dir='ltr'>πνεύματι.</span> 
     </span>
    </p>
   </div>
   <div class='ocr_carea' id='block_1_24' title="bbox 177 799 894 844">
    <p class='ocr_par' dir='ltr' id='par_1_24' title="bbox 177 799 894 844">
     <span class='ocr_line' id='line_1_24' title="bbox 177 799 894 844; baseline 0.004 -11"><span class='ocrx_word' id='word_1_195' title='bbox 177 807 246 842; x_wconf 81' lang='grc' dir='ltr'><strong>Περί</strong></span> <span class='ocrx_word' id='word_1_196' title='bbox 262 807 315 834; x_wconf 82' lang='grc' dir='ltr'><strong>τοῦ</strong></span> <span class='ocrx_word' id='word_1_197' title='bbox 332 807 448 841; x_wconf 79' lang='grc' dir='ltr'><strong>πύργου</strong></span> <span class='ocrx_word' id='word_1_198' title='bbox 459 806 508 834; x_wconf 86' lang='grc' dir='ltr'><strong>καί</strong></span> <span class='ocrx_word' id='word_1_199' title='bbox 522 805 575 841; x_wconf 82' lang='grc' dir='ltr'><strong>τῆς</strong></span> <span class='ocrx_word' id='word_1_200' title='bbox 588 807 681 835; x_wconf 84' lang='grc' dir='ltr'>αὑτοῦ</span> <span class='ocrx_word' id='word_1_201' title='bbox 695 799 894 844; x_wconf 56' lang='grc' dir='ltr'>καταοέκευῆς.</span> 
     </span>
    </p>
   </div>
   <div class='ocr_carea' id='block_1_25' title="bbox 183 862 932 900">
    <p class='ocr_par' dir='ltr' id='par_1_25' title="bbox 183 862 932 900">
     <span class='ocr_line' id='line_1_25' title="bbox 183 862 932 900; baseline 0.004 -11"><span class='ocrx_word' id='word_1_202' title='bbox 183 863 329 890; x_wconf 81' lang='grc' dir='ltr'>Ἐλελοίπει</span> <span class='ocrx_word' id='word_1_203' title='bbox 345 863 394 898; x_wconf 87' lang='grc' dir='ltr'>μὲν</span> <span class='ocrx_word' id='word_1_204' title='bbox 410 863 486 890; x_wconf 77' lang='grc' dir='ltr'>οὐδὲν</span> <span class='ocrx_word' id='word_1_205' title='bbox 499 864 532 898; x_wconf 82' lang='grc' dir='ltr'>τῇ</span> <span class='ocrx_word' id='word_1_206' title='bbox 553 862 709 899; x_wconf 73' lang='grc' dir='ltr'>ἀνθρωπεία</span> <span class='ocrx_word' id='word_1_207' title='bbox 724 864 803 898; x_wconf 76' lang='grc' dir='ltr'>φύσει</span> <span class='ocrx_word' id='word_1_208' title='bbox 818 865 886 900; x_wconf 74' lang='grc' dir='ltr'>πρὸς</span> <span class='ocrx_word' id='word_1_209' title='bbox 901 865 932 892; x_wconf 74' lang='grc' dir='ltr'>τὸ</span> 
     </span>
    </p>
   </div>
   <div class='ocr_carea' id='block_1_26' title="bbox 1103 805 1651 846">
    <p class='ocr_par' dir='ltr' id='par_1_26' title="bbox 1103 805 1651 846">
     <span class='ocr_line' id='line_1_26' title="bbox 1103 805 1651 846; baseline -0.002 -9"><span class='ocrx_word' id='word_1_210' title='bbox 1103 805 1204 846; x_wconf 62' lang='lat' dir='ltr'><strong>“De</strong></span> <span class='ocrx_word' id='word_1_211' title='bbox 1222 810 1291 837; x_wconf 82' lang='lat' dir='ltr'><strong>turri</strong></span> <span class='ocrx_word' id='word_1_212' title='bbox 1303 812 1381 846; x_wconf 78' lang='lat' dir='ltr'><strong>atque</strong></span> <span class='ocrx_word' id='word_1_213' title='bbox 1398 810 1454 845; x_wconf 81' lang='lat' dir='ltr'><strong>ejus</strong></span> <span class='ocrx_word' id='word_1_214' title='bbox 1467 810 1651 844; x_wconf 66' lang='lat' dir='ltr'><strong>aediﬁcatione.</strong></span> 
     </span>
    </p>
   </div>
   <div class='ocr_carea' id='block_1_27' title="bbox 1019 867 1772 895">
    <p class='ocr_par' dir='ltr' id='par_1_27' title="bbox 1019 867 1772 895">
     <span class='ocr_line' id='line_1_27' title="bbox 1019 867 1772 895; baseline 0 -1"><span class='ocrx_word' id='word_1_215' title='bbox 1019 867 1093 895; x_wconf 80' lang='lat' dir='ltr'><strong>Nihil</strong></span> <span class='ocrx_word' id='word_1_216' title='bbox 1103 867 1231 895; x_wconf 71' lang='lat' dir='ltr'><strong>humana:</strong></span> <span class='ocrx_word' id='word_1_217' title='bbox 1245 871 1350 895; x_wconf 69' lang='lat' dir='ltr'><strong>naturae</strong></span> <span class='ocrx_word' id='word_1_218' title='bbox 1365 867 1462 894; x_wconf 88' lang='lat' dir='ltr'><strong>deerat</strong></span> <span class='ocrx_word' id='word_1_219' title='bbox 1473 867 1507 894; x_wconf 86' lang='lat' dir='ltr'><strong>ad</strong></span> <span class='ocrx_word' id='word_1_220' title='bbox 1524 871 1627 895; x_wconf 83' lang='lat' dir='ltr'><strong>rectam</strong></span> <span class='ocrx_word' id='word_1_221' title='bbox 1635 867 1772 895; x_wconf 35' lang='lat' dir='ltr'><strong>constitue</strong></span> 
     </span>
    </p>
   </div>
   <div class='ocr_carea' id='block_1_28' title="bbox 141 904 934 948">
    <p class='ocr_par' dir='ltr' id='par_1_28' title="bbox 141 908 934 945">
     <span class='ocr_line' id='line_1_28' title="bbox 141 908 934 945; baseline 0.001 -8"><span class='ocrx_word' id='word_1_222' title='bbox 141 908 171 938; x_wconf 80' lang='grc' dir='ltr'><strong>εὖ</strong></span> <span class='ocrx_word' id='word_1_223' title='bbox 191 909 262 937; x_wconf 77' lang='grc' dir='ltr'>εἶναι</span> <span class='ocrx_word' id='word_1_224' title='bbox 284 909 330 936; x_wconf 77' lang='grc' dir='ltr'><strong>καὶ</strong></span> <span class='ocrx_word' id='word_1_225' title='bbox 347 909 503 944; x_wconf 79' lang='grc' dir='ltr'>εὐημερεῖν.</span> <span class='ocrx_word' id='word_1_226' title='bbox 521 909 614 944; x_wconf 82' lang='grc' dir='ltr'><strong>Πλήρη</strong></span> <span class='ocrx_word' id='word_1_227' title='bbox 633 909 687 944; x_wconf 84' lang='grc' dir='ltr'><strong>γὰρ</strong></span> <span class='ocrx_word' id='word_1_228' title='bbox 704 910 790 945; x_wconf 80' lang='grc' dir='ltr'>αὐτὴν</span> <span class='ocrx_word' id='word_1_229' title='bbox 807 911 934 938; x_wconf 82' lang='grc' dir='ltr'><strong>ἀπετέλει</strong></span> 
     </span>
    </p>
   </div>
   <div class='ocr_carea' id='block_1_29' title="bbox 987 904 1773 948">
    <p class='ocr_par' dir='ltr' id='par_1_29' title="bbox 987 913 1773 948">
     <span class='ocr_line' id='line_1_29' title="bbox 987 913 1773 948; baseline -0.001 -7"><span class='ocrx_word' id='word_1_230' title='bbox 987 913 1090 941; x_wconf 77' lang='lat' dir='ltr'><strong>tionem</strong></span> <span class='ocrx_word' id='word_1_231' title='bbox 1116 913 1341 948; x_wconf 78' lang='lat' dir='ltr'><strong>felicitatemque.</strong></span> <span class='ocrx_word' id='word_1_232' title='bbox 1361 913 1497 940; x_wconf 87' lang='lat' dir='ltr'><strong>Omnibus</strong></span> <span class='ocrx_word' id='word_1_233' title='bbox 1515 913 1589 940; x_wconf 88' lang='lat' dir='ltr'><strong>enim</strong></span> <span class='ocrx_word' id='word_1_234' title='bbox 1609 913 1689 940; x_wconf 83' lang='lat' dir='ltr'><strong>bonis</strong></span> <span class='ocrx_word' id='word_1_235' title='bbox 1712 921 1773 940; x_wconf 89' lang='lat' dir='ltr'><strong>eam</strong></span> 
     </span>
    </p>
   </div>
   <div class='ocr_carea' id='block_1_30' title="bbox 141 954 934 991">
    <p class='ocr_par' dir='ltr' id='par_1_30' title="bbox 141 954 934 991">
     <span class='ocr_line' id='line_1_30' title="bbox 141 954 934 991; baseline 0 -8"><span class='ocrx_word' id='word_1_236' title='bbox 141 957 190 984; x_wconf 70' lang='grc' dir='ltr'>καὶ</span> <span class='ocrx_word' id='word_1_237' title='bbox 206 955 306 987; x_wconf 80' lang='grc' dir='ltr'>παντὸς</span> <span class='ocrx_word' id='word_1_238' title='bbox 327 955 474 990; x_wconf 76' lang='grc' dir='ltr'>ἐπίμεστον</span> <span class='ocrx_word' id='word_1_239' title='bbox 491 954 594 988; x_wconf 80' lang='grc' dir='ltr'><strong>ἀγαθοῦ</strong></span> <span class='ocrx_word' id='word_1_240' title='bbox 612 955 626 980; x_wconf 81' lang='grc' dir='ltr'>ὁ</span> <span class='ocrx_word' id='word_1_241' title='bbox 641 954 694 981; x_wconf 83' lang='grc' dir='ltr'><strong>τῶν</strong></span> <span class='ocrx_word' id='word_1_242' title='bbox 716 954 784 981; x_wconf 88' lang='grc' dir='ltr'>ὅλων</span> <span class='ocrx_word' id='word_1_243' title='bbox 805 956 934 991; x_wconf 83' lang='grc' dir='ltr'><strong>Ποιητής.</strong></span> 
     </span>
    </p>
   </div>
   <div class='ocr_carea' id='block_1_31' title="bbox 148 1001 935 1039">
    <p class='ocr_par' dir='ltr' id='par_1_31' title="bbox 148 1001 935 1039">
     <span class='ocr_line' id='line_1_31' title="bbox 148 1001 935 1039; baseline -0.004 -8"><span class='ocrx_word' id='word_1_244' title='bbox 148 1003 343 1039; x_wconf 78' lang='grc' dir='ltr'><strong>’Υπενήνεκται</strong></span> <span class='ocrx_word' id='word_1_245' title='bbox 357 1002 386 1029; x_wconf 77' lang='grc' dir='ltr'><strong>δὲ</strong></span> <span class='ocrx_word' id='word_1_246' title='bbox 401 1002 470 1038; x_wconf 82' lang='grc' dir='ltr'>πρὸς</span> <span class='ocrx_word' id='word_1_247' title='bbox 484 1002 514 1029; x_wconf 85' lang='grc' dir='ltr'>τὺ</span> <span class='ocrx_word' id='word_1_248' title='bbox 529 1003 605 1038; x_wconf 80' lang='grc' dir='ltr'>μεῖον</span> <span class='ocrx_word' id='word_1_249' title='bbox 626 1003 642 1037; x_wconf 85' lang='grc' dir='ltr'>ὴ</span> <span class='ocrx_word' id='word_1_250' title='bbox 671 1003 736 1038; x_wconf 79' lang='grc' dir='ltr'>πρὶν</span> <span class='ocrx_word' id='word_1_251' title='bbox 756 1001 863 1037; x_wconf 68' lang='grc' dir='ltr'>μεγάλη</span> <span class='ocrx_word' id='word_1_252' title='bbox 886 1003 935 1037; x_wconf 83' lang='grc' dir='ltr'><strong>ζη-</strong></span> 
     </span>
    </p>
   </div>
   <div class='ocr_carea' id='block_1_32' title="bbox 143 1044 936 1088">
    <p class='ocr_par' dir='ltr' id='par_1_32' title="bbox 143 1044 936 1088">
     <span class='ocr_line' id='line_1_32' title="bbox 143 1044 936 1088; baseline -0.005 -10"><span class='ocrx_word' id='word_1_253' title='bbox 143 1050 276 1088; x_wconf 79' lang='grc' dir='ltr'>μιουμένη</span> <span class='ocrx_word' id='word_1_254' title='bbox 294 1048 365 1076; x_wconf 83' lang='grc' dir='ltr'>κατά</span> <span class='ocrx_word' id='word_1_255' title='bbox 387 1048 474 1084; x_wconf 83' lang='grc' dir='ltr'>βραχὺ</span> <span class='ocrx_word' id='word_1_256' title='bbox 488 1068 496 1081; x_wconf 85' lang='lat'><strong>,</strong></span> <span class='ocrx_word' id='word_1_257' title='bbox 516 1048 551 1074; x_wconf 81' lang='grc' dir='ltr'>τὰ</span> <span class='ocrx_word' id='word_1_258' title='bbox 572 1048 606 1074; x_wconf 89' lang='grc' dir='ltr'><strong>δι’</strong></span> <span class='ocrx_word' id='word_1_259' title='bbox 625 1044 663 1076; x_wconf 79' lang='grc' dir='ltr'><strong>ὧν</strong></span> <span class='ocrx_word' id='word_1_260' title='bbox 679 1045 712 1083; x_wconf 86' lang='grc' dir='ltr'><strong>ἦν</strong></span> <span class='ocrx_word' id='word_1_261' title='bbox 726 1048 801 1080; x_wconf 75' lang='grc' dir='ltr'>εἰκὸς</span> <span class='ocrx_word' id='word_1_262' title='bbox 820 1047 936 1083; x_wconf 83' lang='grc' dir='ltr'>ὁρᾶσθαι</span> 
     </span>
    </p>
   </div>
   <div class='ocr_carea' id='block_1_33' title="bbox 142 1093 934 1131">
    <p class='ocr_par' dir='ltr' id='par_1_33' title="bbox 142 1093 934 1131">
     <span class='ocr_line' id='line_1_33' title="bbox 142 1093 934 1131; baseline -0.005 -7"><span class='ocrx_word' id='word_1_263' title='bbox 142 1096 255 1131; x_wconf 82' lang='grc' dir='ltr'>σεπτὴν.</span> <span class='ocrx_word' id='word_1_264' title='bbox 272 1095 320 1122; x_wconf 76' lang='grc' dir='ltr'>καὶ</span> <span class='ocrx_word' id='word_1_265' title='bbox 334 1094 437 1131; x_wconf 83' lang='grc' dir='ltr'><strong>ἀρτίως</strong></span> <span class='ocrx_word' id='word_1_266' title='bbox 453 1094 568 1129; x_wconf 75' lang='grc' dir='ltr'>ἔχουσαν</span> <span class='ocrx_word' id='word_1_267' title='bbox 589 1095 629 1125; x_wconf 84' lang='grc' dir='ltr'><strong>εἰς</strong></span> <span class='ocrx_word' id='word_1_268' title='bbox 645 1093 676 1121; x_wconf 81' lang='grc' dir='ltr'>τὸ</span> <span class='ocrx_word' id='word_1_269' title='bbox 698 1094 758 1121; x_wconf 81' lang='grc' dir='ltr'>λίαν</span> <span class='ocrx_word' id='word_1_270' title='bbox 772 1093 934 1129; x_wconf 71' lang='grc' dir='ltr'>ἐπιπρεπὲς.</span> 
     </span>
    </p>
   </div>
   <div class='ocr_carea' id='block_1_34' title="bbox 141 1139 936 1177">
    <p class='ocr_par' dir='ltr' id='par_1_34' title="bbox 141 1139 936 1177">
     <span class='ocr_line' id='line_1_34' title="bbox 141 1139 936 1177; baseline -0.005 -7"><span class='ocrx_word' id='word_1_271' title='bbox 141 1139 204 1169; x_wconf 77' lang='grc' dir='ltr'>υἷον</span> <span class='ocrx_word' id='word_1_272' title='bbox 221 1141 286 1177; x_wconf 82' lang='grc' dir='ltr'>φέρε</span> <span class='ocrx_word' id='word_1_273' title='bbox 302 1141 405 1171; x_wconf 79' lang='grc' dir='ltr'><strong>εἰπεῖν,</strong></span> <span class='ocrx_word' id='word_1_274' title='bbox 430 1139 618 1175; x_wconf 83' lang='grc' dir='ltr'>ὰπημπόληκε</span> <span class='ocrx_word' id='word_1_275' title='bbox 639 1139 688 1174; x_wconf 74' lang='grc' dir='ltr'><strong>μὲν</strong></span> <span class='ocrx_word' id='word_1_276' title='bbox 701 1139 733 1166; x_wconf 81' lang='grc' dir='ltr'><strong>τὸ</strong></span> <span class='ocrx_word' id='word_1_277' title='bbox 751 1139 890 1175; x_wconf 78' lang='grc' dir='ltr'><strong>ἄφθαρτον</strong></span> <span class='ocrx_word' id='word_1_278' title='bbox 907 1139 936 1166; x_wconf 81' lang='grc' dir='ltr'><strong>ὲν</strong></span> 
     </span>
    </p>
   </div>
   <div class='ocr_carea' id='block_1_35' title="bbox 147 1183 936 1223">
    <p class='ocr_par' dir='ltr' id='par_1_35' title="bbox 147 1183 936 1223">
     <span class='ocr_line' id='line_1_35' title="bbox 147 1183 936 1223; baseline -0.004 -9"><span class='ocrx_word' id='word_1_279' title='bbox 147 1188 244 1223; x_wconf 75' lang='grc' dir='ltr'><strong>Ἀδάμ.</strong></span> <span class='ocrx_word' id='word_1_280' title='bbox 260 1186 374 1222; x_wconf 79' lang='grc' dir='ltr'><strong>Εἴρηται</strong></span> <span class='ocrx_word' id='word_1_281' title='bbox 386 1186 439 1222; x_wconf 79' lang='grc' dir='ltr'>γὰρ</span> <span class='ocrx_word' id='word_1_282' title='bbox 454 1185 524 1222; x_wconf 82' lang='grc' dir='ltr'>πρὸς</span> <span class='ocrx_word' id='word_1_283' title='bbox 537 1185 629 1218; x_wconf 77' lang='grc' dir='ltr'><strong>αὐτὸν,</strong></span> <span class='ocrx_word' id='word_1_284' title='bbox 646 1195 656 1211; x_wconf 71' lang='grc' dir='ltr'>ι</span> <span class='ocrx_word' id='word_1_285' title='bbox 673 1185 710 1220; x_wconf 88' lang='grc' dir='ltr'><strong>Γῆ</strong></span> <span class='ocrx_word' id='word_1_286' title='bbox 723 1183 759 1218; x_wconf 75' lang='grc' dir='ltr'><strong>εἴ,</strong></span> <span class='ocrx_word' id='word_1_287' title='bbox 772 1185 819 1212; x_wconf 73' lang='grc' dir='ltr'>καὶ</span> <span class='ocrx_word' id='word_1_288' title='bbox 834 1185 873 1217; x_wconf 84' lang='grc' dir='ltr'>εἰς</span> <span class='ocrx_word' id='word_1_289' title='bbox 884 1185 936 1220; x_wconf 81' lang='grc' dir='ltr'><strong>γῆν</strong></span> 
     </span>
    </p>
   </div>
   <div class='ocr_carea' id='block_1_36' title="bbox 141 1230 936 1269">
    <p class='ocr_par' dir='ltr' id='par_1_36' title="bbox 141 1230 936 1269">
     <span class='ocr_line' id='line_1_36' title="bbox 141 1230 936 1269; baseline -0.004 -8"><span class='ocrx_word' id='word_1_290' title='bbox 141 1232 291 1269; x_wconf 71' lang='grc' dir='ltr'><strong>ἀπελεύσῃ.</strong></span> <span class='ocrx_word' id='word_1_291' title='bbox 310 1241 320 1258; x_wconf 75' lang='grc' dir='ltr'>ι</span> <span class='ocrx_word' id='word_1_292' title='bbox 340 1232 500 1267; x_wconf 83' lang='grc' dir='ltr'>Ἐστέρηται</span> <span class='ocrx_word' id='word_1_293' title='bbox 517 1231 545 1258; x_wconf 78' lang='grc' dir='ltr'><strong>δὲ</strong></span> <span class='ocrx_word' id='word_1_294' title='bbox 562 1232 633 1266; x_wconf 82' lang='grc' dir='ltr'>μετὰ</span> <span class='ocrx_word' id='word_1_295' title='bbox 647 1231 726 1258; x_wconf 81' lang='grc' dir='ltr'>τοῦτο</span> <span class='ocrx_word' id='word_1_296' title='bbox 744 1230 790 1258; x_wconf 82' lang='grc' dir='ltr'>τοῦ</span> <span class='ocrx_word' id='word_1_297' title='bbox 815 1231 936 1267; x_wconf 81' lang='grc' dir='ltr'>πνεύμα-</span> 
     </span>
    </p>
   </div>
   <div class='ocr_carea' id='block_1_37' title="bbox 141 1277 936 1314">
    <p class='ocr_par' dir='ltr' id='par_1_37' title="bbox 141 1277 936 1314">
     <span class='ocr_line' id='line_1_37' title="bbox 141 1277 936 1314; baseline -0.004 -8"><span class='ocrx_word' id='word_1_298' title='bbox 141 1286 198 1311; x_wconf 75' lang='grc' dir='ltr'>τος.</span> <span class='ocrx_word' id='word_1_299' title='bbox 219 1278 329 1314; x_wconf 78' lang='grc' dir='ltr'>Ἐπειδὴ</span> <span class='ocrx_word' id='word_1_300' title='bbox 343 1277 398 1313; x_wconf 81' lang='grc' dir='ltr'><strong>γὰρ</strong></span> <span class='ocrx_word' id='word_1_301' title='bbox 414 1277 483 1313; x_wconf 84' lang='grc' dir='ltr'>μόνα</span> <span class='ocrx_word' id='word_1_302' title='bbox 501 1278 611 1313; x_wconf 77' lang='grc' dir='ltr'>φρονεῖν</span> <span class='ocrx_word' id='word_1_303' title='bbox 628 1277 771 1309; x_wconf 73' lang='grc' dir='ltr'>ἐθέλοντας</span> <span class='ocrx_word' id='word_1_304' title='bbox 785 1277 821 1304; x_wconf 89' lang='grc' dir='ltr'>τὰ</span> <span class='ocrx_word' id='word_1_305' title='bbox 836 1277 936 1313; x_wconf 77' lang='grc' dir='ltr'>σαρκὸς</span> 
     </span>
    </p>
   </div>
   <div class='ocr_carea' id='block_1_38' title="bbox 141 1321 936 1358">
    <p class='ocr_par' dir='ltr' id='par_1_38' title="bbox 141 1321 936 1358">
     <span class='ocr_line' id='line_1_38' title="bbox 141 1321 936 1358; baseline -0.006 -6"><span class='ocrx_word' id='word_1_306' title='bbox 141 1323 238 1352; x_wconf 64' lang='lat' dir='ltr'><strong>Matri.</strong></span> <span class='ocrx_word' id='word_1_307' title='bbox 255 1332 286 1350; x_wconf 83' lang='grc' dir='ltr'><strong>τε</strong></span> <span class='ocrx_word' id='word_1_308' title='bbox 303 1323 350 1350; x_wconf 80' lang='grc' dir='ltr'>καὶ</span> <span class='ocrx_word' id='word_1_309' title='bbox 364 1322 549 1358; x_wconf 84' lang='grc' dir='ltr'>μυσαρώτατα</span> <span class='ocrx_word' id='word_1_310' title='bbox 566 1321 640 1358; x_wconf 84' lang='grc' dir='ltr'><strong>πάθη</strong></span> <span class='ocrx_word' id='word_1_311' title='bbox 655 1322 718 1354; x_wconf 84' lang='grc' dir='ltr'>τοὺς</span> <span class='ocrx_word' id='word_1_312' title='bbox 733 1322 780 1348; x_wconf 72' lang='grc' dir='ltr'><strong>ἐπὶ</strong></span> <span class='ocrx_word' id='word_1_313' title='bbox 796 1322 847 1357; x_wconf 85' lang='grc' dir='ltr'><strong>γῆς</strong></span> <span class='ocrx_word' id='word_1_314' title='bbox 863 1321 936 1357; x_wconf 76' lang='grc' dir='ltr'><strong>ἑώρα</strong></span> 
     </span>
    </p>
   </div>
   <div class='ocr_carea' id='block_1_39' title="bbox 141 1367 934 1405">
    <p class='ocr_par' dir='ltr' id='par_1_39' title="bbox 141 1367 934 1405">
     <span class='ocr_line' id='line_1_39' title="bbox 141 1367 934 1405; baseline -0.004 -8"><span class='ocrx_word' id='word_1_315' title='bbox 141 1369 221 1402; x_wconf 72' lang='grc' dir='ltr'>Θεὸς.</span> <span class='ocrx_word' id='word_1_316' title='bbox 239 1379 250 1396; x_wconf 74' lang='grc' dir='ltr'>ι</span> <span class='ocrx_word' id='word_1_317' title='bbox 268 1369 308 1396; x_wconf 79' lang='grc' dir='ltr'><strong>Οὐ</strong></span> <span class='ocrx_word' id='word_1_318' title='bbox 325 1369 362 1404; x_wconf 84' lang='grc' dir='ltr'><strong>μὴ</strong></span> <span class='ocrx_word' id='word_1_319' title='bbox 376 1368 531 1405; x_wconf 76' lang='grc' dir='ltr'>καταμείνῃ</span> <span class='ocrx_word' id='word_1_320' title='bbox 549 1367 582 1394; x_wconf 80' lang='grc' dir='ltr'>τὸ</span> <span class='ocrx_word' id='word_1_321' title='bbox 595 1367 706 1403; x_wconf 79' lang='grc' dir='ltr'>πνεῦμά</span> <span class='ocrx_word' id='word_1_322' title='bbox 725 1376 787 1403; x_wconf 83' lang='grc' dir='ltr'>μου,</span> <span class='ocrx_word' id='word_1_323' title='bbox 810 1377 821 1394; x_wconf 86' lang='grc'><strong>›</strong></span> <span class='ocrx_word' id='word_1_324' title='bbox 839 1368 934 1403; x_wconf 81' lang='grc' dir='ltr'>φησὶν,</span> 
     </span>
    </p>
   </div>
   <div class='ocr_carea' id='block_1_40' title="bbox 144 1411 936 1450">
    <p class='ocr_par' dir='ltr' id='par_1_40' title="bbox 144 1411 936 1450">
     <span class='ocr_line' id='line_1_40' title="bbox 144 1411 936 1450; baseline -0.004 -7"><span class='ocrx_word' id='word_1_325' title='bbox 144 1424 156 1442; x_wconf 76' lang='grc' dir='ltr'><strong>ε</strong></span> <span class='ocrx_word' id='word_1_326' title='bbox 179 1417 209 1443; x_wconf 77' lang='grc' dir='ltr'><strong>ὲν</strong></span> <span class='ocrx_word' id='word_1_327' title='bbox 231 1416 288 1447; x_wconf 80' lang='grc' dir='ltr'>τοῖς</span> <span class='ocrx_word' id='word_1_328' title='bbox 307 1413 462 1450; x_wconf 73' lang='grc' dir='ltr'>ἀνθρώποις</span> <span class='ocrx_word' id='word_1_329' title='bbox 484 1414 606 1447; x_wconf 79' lang='grc' dir='ltr'><strong>τούτοις,</strong></span> <span class='ocrx_word' id='word_1_330' title='bbox 627 1413 672 1440; x_wconf 83' lang='grc' dir='ltr'><strong>διὰ</strong></span> <span class='ocrx_word' id='word_1_331' title='bbox 689 1413 721 1440; x_wconf 82' lang='grc' dir='ltr'>τὸ</span> <span class='ocrx_word' id='word_1_332' title='bbox 745 1411 815 1440; x_wconf 77' lang='grc' dir='ltr'>εἶναι</span> <span class='ocrx_word' id='word_1_333' title='bbox 837 1413 936 1446; x_wconf 79' lang='grc' dir='ltr'>αὐτοὺς</span> 
     </span>
    </p>
   </div>
   <div class='ocr_carea' id='block_1_41' title="bbox 143 1458 933 1497">
    <p class='ocr_par' dir='ltr' id='par_1_41' title="bbox 143 1458 933 1497">
     <span class='ocr_line' id='line_1_41' title="bbox 143 1458 933 1497; baseline -0.005 -7"><span class='ocrx_word' id='word_1_334' title='bbox 143 1461 259 1497; x_wconf 70' lang='grc' dir='ltr'>σάρκας.</span> <span class='ocrx_word' id='word_1_335' title='bbox 275 1469 284 1487; x_wconf 75' lang='grc' dir='ltr'>ι</span> <span class='ocrx_word' id='word_1_336' title='bbox 304 1460 373 1487; x_wconf 70' lang='grc' dir='ltr'><strong>Ἀλλ’</strong></span> <span class='ocrx_word' id='word_1_337' title='bbox 387 1460 442 1488; x_wconf 77' lang='grc' dir='ltr'>ἰδοὺ</span> <span class='ocrx_word' id='word_1_338' title='bbox 454 1460 486 1496; x_wconf 83' lang='grc' dir='ltr'><strong>δή</strong></span> <span class='ocrx_word' id='word_1_339' title='bbox 498 1468 526 1486; x_wconf 88' lang='grc' dir='ltr'>τι</span> <span class='ocrx_word' id='word_1_340' title='bbox 537 1459 584 1487; x_wconf 74' lang='grc' dir='ltr'>καὶ</span> <span class='ocrx_word' id='word_1_341' title='bbox 593 1459 686 1495; x_wconf 70' lang='grc' dir='ltr'>ἕτερον</span> <span class='ocrx_word' id='word_1_342' title='bbox 697 1458 831 1494; x_wconf 81' lang='grc' dir='ltr'>ὑπομένει</span> <span class='ocrx_word' id='word_1_343' title='bbox 843 1459 933 1487; x_wconf 81' lang='grc' dir='ltr'>πάλιν.</span> 
     </span>
    </p>
   </div>
   <div class='ocr_carea' id='block_1_42' title="bbox 147 1504 935 1541">
    <p class='ocr_par' dir='ltr' id='par_1_42' title="bbox 147 1504 935 1541">
     <span class='ocr_line' id='line_1_42' title="bbox 147 1504 935 1541; baseline -0.004 -7"><span class='ocrx_word' id='word_1_344' title='bbox 147 1507 209 1535; x_wconf 75' lang='grc' dir='ltr'><strong>Ἐπ’</strong></span> <span class='ocrx_word' id='word_1_345' title='bbox 221 1506 339 1538; x_wconf 77' lang='grc' dir='ltr'><strong>ἀνοσίοις</strong></span> <span class='ocrx_word' id='word_1_346' title='bbox 352 1505 407 1541; x_wconf 81' lang='grc' dir='ltr'><strong>γὰρ</strong></span> <span class='ocrx_word' id='word_1_347' title='bbox 422 1505 562 1541; x_wconf 85' lang='grc' dir='ltr'>σκέμμασι</span> <span class='ocrx_word' id='word_1_348' title='bbox 573 1505 620 1532; x_wconf 84' lang='grc' dir='ltr'>καὶ</span> <span class='ocrx_word' id='word_1_349' title='bbox 633 1504 817 1540; x_wconf 78' lang='grc' dir='ltr'><strong>ἀποπλήκτοις</strong></span> <span class='ocrx_word' id='word_1_350' title='bbox 835 1504 935 1531; x_wconf 83' lang='grc' dir='ltr'>εἰκαιο-</span> 
     </span>
    </p>
   </div>
   <div class='ocr_carea' id='block_1_43' title="bbox 141 1550 936 1587">
    <p class='ocr_par' dir='ltr' id='par_1_43' title="bbox 141 1550 936 1587">
     <span class='ocr_line' id='line_1_43' title="bbox 141 1550 936 1587; baseline -0.004 -7"><span class='ocrx_word' id='word_1_351' title='bbox 141 1553 277 1584; x_wconf 74' lang='grc' dir='ltr'>ῦουλιίαις</span> <span class='ocrx_word' id='word_1_352' title='bbox 285 1551 506 1587; x_wconf 76' lang='grc' dir='ltr'><strong>κατεγνωσμένοι</strong></span> <span class='ocrx_word' id='word_1_353' title='bbox 517 1551 590 1583; x_wconf 77' lang='grc' dir='ltr'>τινὲς</span> <span class='ocrx_word' id='word_1_354' title='bbox 602 1551 642 1582; x_wconf 74' lang='grc' dir='ltr'><strong>εἰς</strong></span> <span class='ocrx_word' id='word_1_355' title='bbox 651 1550 775 1585; x_wconf 76' lang='grc' dir='ltr'>ἑτεροίαν</span> <span class='ocrx_word' id='word_1_356' title='bbox 790 1550 876 1585; x_wconf 78' lang='grc' dir='ltr'>αὐτὴν</span> <span class='ocrx_word' id='word_1_357' title='bbox 889 1550 936 1577; x_wconf 74' lang='grc' dir='ltr'>καὶ</span> 
     </span>
    </p>
   </div>
   <div class='ocr_carea' id='block_1_44' title="bbox 986 957 1774 992">
    <p class='ocr_par' dir='ltr' id='par_1_44' title="bbox 986 957 1774 992">
     <span class='ocr_line' id='line_1_44' title="bbox 986 957 1774 992; baseline -0.003 -6"><span class='ocrx_word' id='word_1_358' title='bbox 986 958 1095 986; x_wconf 80' lang='lat' dir='ltr'><strong>abunde</strong></span> <span class='ocrx_word' id='word_1_359' title='bbox 1123 958 1279 985; x_wconf 86' lang='lat' dir='ltr'><strong>cumularat</strong></span> <span class='ocrx_word' id='word_1_360' title='bbox 1299 961 1382 992; x_wconf 86' lang='lat' dir='ltr'><strong>atque</strong></span> <span class='ocrx_word' id='word_1_361' title='bbox 1406 958 1528 992; x_wconf 79' lang='lat' dir='ltr'><strong>replerat</strong></span> <span class='ocrx_word' id='word_1_362' title='bbox 1546 958 1631 985; x_wconf 81' lang='lat' dir='ltr'><strong>totius</strong></span> <span class='ocrx_word' id='word_1_363' title='bbox 1650 957 1774 985; x_wconf 81' lang='lat' dir='ltr'><strong>universi</strong></span> 
     </span>
    </p>
   </div>
   <div class='ocr_carea' id='block_1_45' title="bbox 985 1003 1775 1039">
    <p class='ocr_par' dir='ltr' id='par_1_45' title="bbox 985 1003 1775 1039">
     <span class='ocr_line' id='line_1_45' title="bbox 985 1003 1775 1039; baseline -0.003 -7"><span class='ocrx_word' id='word_1_364' title='bbox 985 1004 1111 1032; x_wconf 86' lang='lat' dir='ltr'><strong>Creator.</strong></span> <span class='ocrx_word' id='word_1_365' title='bbox 1133 1003 1280 1031; x_wconf 80' lang='lat' dir='ltr'><strong>imminuta</strong></span> <span class='ocrx_word' id='word_1_366' title='bbox 1300 1007 1392 1031; x_wconf 86' lang='lat' dir='ltr'><strong>autem</strong></span> <span class='ocrx_word' id='word_1_367' title='bbox 1413 1008 1465 1035; x_wconf 87' lang='lat' dir='ltr'><strong>est,</strong></span> <span class='ocrx_word' id='word_1_368' title='bbox 1496 1011 1557 1038; x_wconf 65' lang='lat' dir='ltr'><strong>qum</strong></span> <span class='ocrx_word' id='word_1_369' title='bbox 1576 1004 1654 1038; x_wconf 88' lang='lat' dir='ltr'><strong>prius</strong></span> <span class='ocrx_word' id='word_1_370' title='bbox 1676 1011 1775 1039; x_wconf 80' lang='lat' dir='ltr'><strong>magna</strong></span> 
     </span>
    </p>
   </div>
   <div class='ocr_carea' id='block_1_46' title="bbox 985 1050 1776 1085">
    <p class='ocr_par' dir='ltr' id='par_1_46' title="bbox 985 1050 1776 1085">
     <span class='ocr_line' id='line_1_46' title="bbox 985 1050 1776 1085; baseline 0 -8"><span class='ocrx_word' id='word_1_371' title='bbox 985 1054 1055 1083; x_wconf 87' lang='lat' dir='ltr'><strong>erat,</strong></span> <span class='ocrx_word' id='word_1_372' title='bbox 1069 1050 1219 1085; x_wconf 88' lang='lat' dir='ltr'><strong>deperditis</strong></span> <span class='ocrx_word' id='word_1_373' title='bbox 1230 1050 1362 1085; x_wconf 79' lang='lat' dir='ltr'><strong>paulatim</strong></span> <span class='ocrx_word' id='word_1_374' title='bbox 1376 1050 1410 1077; x_wconf 90' lang='lat' dir='ltr'><strong>iis</strong></span> <span class='ocrx_word' id='word_1_375' title='bbox 1423 1057 1472 1085; x_wconf 88' lang='lat' dir='ltr'><strong>per</strong></span> <span class='ocrx_word' id='word_1_376' title='bbox 1485 1057 1545 1084; x_wconf 63' lang='lat' dir='ltr'><strong>qua!</strong></span> <span class='ocrx_word' id='word_1_377' title='bbox 1561 1057 1611 1085; x_wconf 82' lang='lat' dir='ltr'><strong>par</strong></span> <span class='ocrx_word' id='word_1_378' title='bbox 1631 1054 1691 1077; x_wconf 87' lang='lat' dir='ltr'><strong>erat</strong></span> <span class='ocrx_word' id='word_1_379' title='bbox 1714 1057 1776 1078; x_wconf 88' lang='lat' dir='ltr'><strong>eam</strong></span> 
     </span>
    </p>
   </div>
   <div class='ocr_carea' id='block_1_47' title="bbox 986 1096 1775 1132">
    <p class='ocr_par' dir='ltr' id='par_1_47' title="bbox 986 1096 1775 1132">
     <span class='ocr_line' id='line_1_47' title="bbox 986 1096 1775 1132; baseline 0.001 -9"><span class='ocrx_word' id='word_1_380' title='bbox 986 1096 1186 1129; x_wconf 82' lang='lat' dir='ltr'><strong>admirandam,</strong></span> <span class='ocrx_word' id='word_1_381' title='bbox 1201 1101 1282 1132; x_wconf 83' lang='lat' dir='ltr'><strong>atque</strong></span> <span class='ocrx_word' id='word_1_382' title='bbox 1293 1097 1327 1124; x_wconf 91' lang='lat' dir='ltr'><strong>ad</strong></span> <span class='ocrx_word' id='word_1_383' title='bbox 1335 1104 1444 1124; x_wconf 89' lang='lat' dir='ltr'><strong>omnem</strong></span> <span class='ocrx_word' id='word_1_384' title='bbox 1461 1096 1570 1124; x_wconf 87' lang='lat' dir='ltr'><strong>laudem</strong></span> <span class='ocrx_word' id='word_1_385' title='bbox 1582 1097 1685 1132; x_wconf 86' lang='lat' dir='ltr'><strong>optime</strong></span> <span class='ocrx_word' id='word_1_386' title='bbox 1698 1104 1775 1124; x_wconf 84' lang='lat' dir='ltr'><strong>com-</strong></span> 
     </span>
    </p>
   </div>
   <div class='ocr_carea' id='block_1_48' title="bbox 986 1142 1776 1178">
    <p class='ocr_par' dir='ltr' id='par_1_48' title="bbox 986 1142 1776 1178">
     <span class='ocr_line' id='line_1_48' title="bbox 986 1142 1776 1178; baseline 0 -8"><span class='ocrx_word' id='word_1_387' title='bbox 986 1147 1108 1178; x_wconf 80' lang='lat' dir='ltr'><strong>paratam</strong></span> <span class='ocrx_word' id='word_1_388' title='bbox 1114 1150 1184 1170; x_wconf 84' lang='lat' dir='ltr'><strong>esse.</strong></span> <span class='ocrx_word' id='word_1_389' title='bbox 1194 1143 1228 1169; x_wconf 84' lang='lat' dir='ltr'><strong>At</strong></span> <span class='ocrx_word' id='word_1_390' title='bbox 1237 1150 1292 1177; x_wconf 87' lang='lat' dir='ltr'><strong>quo</strong></span> <span class='ocrx_word' id='word_1_391' title='bbox 1299 1143 1398 1177; x_wconf 85' lang='lat' dir='ltr'><strong>pacto?</strong></span> <span class='ocrx_word' id='word_1_392' title='bbox 1411 1142 1529 1177; x_wconf 84' lang='lat' dir='ltr'><strong>inquies.</strong></span> <span class='ocrx_word' id='word_1_393' title='bbox 1540 1142 1776 1178; x_wconf 85' lang='lat' dir='ltr'><strong>lncorruptionem</strong></span> 
     </span>
    </p>
   </div>
   <div class='ocr_carea' id='block_1_49' title="bbox 986 1188 1777 1217">
    <p class='ocr_par' dir='ltr' id='par_1_49' title="bbox 986 1188 1777 1217">
     <span class='ocr_line' id='line_1_49' title="bbox 986 1188 1777 1217; baseline -0.001 -1"><span class='ocrx_word' id='word_1_394' title='bbox 986 1189 1060 1216; x_wconf 84' lang='lat' dir='ltr'><strong>enim</strong></span> <span class='ocrx_word' id='word_1_395' title='bbox 1075 1195 1152 1215; x_wconf 85' lang='lat' dir='ltr'><strong>suam</strong></span> <span class='ocrx_word' id='word_1_396' title='bbox 1169 1188 1348 1216; x_wconf 86' lang='lat' dir='ltr'><strong>commutavit</strong></span> <span class='ocrx_word' id='word_1_397' title='bbox 1364 1188 1391 1215; x_wconf 89' lang='lat' dir='ltr'><strong>in</strong></span> <span class='ocrx_word' id='word_1_398' title='bbox 1406 1188 1502 1215; x_wconf 79' lang='lat' dir='ltr'><strong>Adam.</strong></span> <span class='ocrx_word' id='word_1_399' title='bbox 1516 1189 1625 1216; x_wconf 81' lang='lat' dir='ltr'><strong>Dictum</strong></span> <span class='ocrx_word' id='word_1_400' title='bbox 1643 1189 1717 1216; x_wconf 85' lang='lat' dir='ltr'><strong>enim</strong></span> <span class='ocrx_word' id='word_1_401' title='bbox 1733 1193 1777 1217; x_wconf 85' lang='lat' dir='ltr'><strong>est</strong></span> 
     </span>
    </p>
   </div>
   <div class='ocr_carea' id='block_1_50' title="bbox 986 1234 1777 1266">
    <p class='ocr_par' dir='ltr' id='par_1_50' title="bbox 986 1234 1777 1266">
     <span class='ocr_line' id='line_1_50' title="bbox 986 1234 1777 1266; baseline 0 -5"><span class='ocrx_word' id='word_1_402' title='bbox 986 1234 1029 1261; x_wconf 88' lang='lat' dir='ltr'><strong>ci:</strong></span> <span class='ocrx_word' id='word_1_403' title='bbox 1045 1243 1053 1260; x_wconf 83' lang='grc' dir='ltr'><strong>ι</strong></span> <span class='ocrx_word' id='word_1_404' title='bbox 1066 1234 1151 1261; x_wconf 81' lang='lat' dir='ltr'><strong>Terra</strong></span> <span class='ocrx_word' id='word_1_405' title='bbox 1163 1241 1204 1266; x_wconf 89' lang='lat' dir='ltr'><strong>es,</strong></span> <span class='ocrx_word' id='word_1_406' title='bbox 1219 1238 1248 1261; x_wconf 87' lang='lat' dir='ltr'><strong>et</strong></span> <span class='ocrx_word' id='word_1_407' title='bbox 1264 1234 1292 1261; x_wconf 92' lang='lat' dir='ltr'><strong>in</strong></span> <span class='ocrx_word' id='word_1_408' title='bbox 1307 1237 1406 1261; x_wconf 83' lang='lat' dir='ltr'><strong>terram</strong></span> <span class='ocrx_word' id='word_1_409' title='bbox 1424 1234 1611 1261; x_wconf 79' lang='lat' dir='ltr'><strong>reverteris“.</strong></span> <span class='ocrx_word' id='word_1_410' title='bbox 1634 1243 1643 1260; x_wconf 64' lang='grc' dir='ltr'>ι</span> <span class='ocrx_word' id='word_1_411' title='bbox 1666 1234 1777 1262; x_wconf 81' lang='lat' dir='ltr'><strong>Privata</strong></span> 
     </span>
    </p>
   </div>
   <div class='ocr_carea' id='block_1_51' title="bbox 985 1279 1776 1315">
    <p class='ocr_par' dir='ltr' id='par_1_51' title="bbox 985 1279 1776 1315">
     <span class='ocr_line' id='line_1_51' title="bbox 985 1279 1776 1315; baseline 0.001 -8"><span class='ocrx_word' id='word_1_412' title='bbox 985 1280 1068 1307; x_wconf 82' lang='lat' dir='ltr'><strong>etiam</strong></span> <span class='ocrx_word' id='word_1_413' title='bbox 1085 1283 1216 1315; x_wconf 55' lang='lat' dir='ltr'><strong>praeterea</strong></span> <span class='ocrx_word' id='word_1_414' title='bbox 1234 1283 1277 1307; x_wconf 88' lang='lat' dir='ltr'><strong>est</strong></span> <span class='ocrx_word' id='word_1_415' title='bbox 1290 1279 1399 1315; x_wconf 84' lang='lat' dir='ltr'><strong>spiritu.</strong></span> <span class='ocrx_word' id='word_1_416' title='bbox 1415 1279 1485 1307; x_wconf 88' lang='lat' dir='ltr'><strong>Cum</strong></span> <span class='ocrx_word' id='word_1_417' title='bbox 1496 1280 1570 1307; x_wconf 91' lang='lat' dir='ltr'><strong>enim</strong></span> <span class='ocrx_word' id='word_1_418' title='bbox 1583 1280 1656 1307; x_wconf 88' lang='lat' dir='ltr'><strong>Deus</strong></span> <span class='ocrx_word' id='word_1_419' title='bbox 1672 1284 1776 1308; x_wconf 48' lang='lat' dir='ltr'><strong>morteL</strong></span> 
     </span>
    </p>
   </div>
   <div class='ocr_carea' id='block_1_52' title="bbox 985 1326 1775 1361">
    <p class='ocr_par' dir='ltr' id='par_1_52' title="bbox 985 1326 1775 1361">
     <span class='ocr_line' id='line_1_52' title="bbox 985 1326 1775 1361; baseline 0.001 -8"><span class='ocrx_word' id='word_1_420' title='bbox 985 1326 1027 1354; x_wconf 89' lang='lat' dir='ltr'><strong>les</strong></span> <span class='ocrx_word' id='word_1_421' title='bbox 1039 1326 1154 1361; x_wconf 88' lang='lat' dir='ltr'><strong>impuris</strong></span> <span class='ocrx_word' id='word_1_422' title='bbox 1167 1329 1275 1354; x_wconf 82' lang='lat' dir='ltr'><strong>tantum</strong></span> <span class='ocrx_word' id='word_1_423' title='bbox 1296 1330 1378 1361; x_wconf 83' lang='lat' dir='ltr'><strong>atque</strong></span> <span class='ocrx_word' id='word_1_424' title='bbox 1399 1326 1576 1354; x_wconf 86' lang='lat' dir='ltr'><strong>exsecrandis</strong></span> <span class='ocrx_word' id='word_1_425' title='bbox 1602 1327 1693 1354; x_wconf 89' lang='lat' dir='ltr'><strong>carnis</strong></span> <span class='ocrx_word' id='word_1_426' title='bbox 1707 1327 1775 1354; x_wconf 56' lang='lat' dir='ltr'><strong>alie-‘-</strong></span> 
     </span>
    </p>
   </div>
   <div class='ocr_carea' id='block_1_53' title="bbox 985 1371 1772 1407">
    <p class='ocr_par' dir='ltr' id='par_1_53' title="bbox 985 1371 1772 1407">
     <span class='ocr_line' id='line_1_53' title="bbox 985 1371 1772 1407; baseline 0.001 -8"><span class='ocrx_word' id='word_1_427' title='bbox 985 1371 1077 1400; x_wconf 87' lang='lat' dir='ltr'><strong>ctibus</strong></span> <span class='ocrx_word' id='word_1_428' title='bbox 1093 1371 1218 1399; x_wconf 73' lang='lat' dir='ltr'><strong>addictos</strong></span> <span class='ocrx_word' id='word_1_429' title='bbox 1233 1379 1294 1399; x_wconf 83' lang='lat' dir='ltr'><strong>esse</strong></span> <span class='ocrx_word' id='word_1_430' title='bbox 1313 1376 1453 1399; x_wconf 75' lang='lat' dir='ltr'><strong>cerneret:</strong></span> <span class='ocrx_word' id='word_1_431' title='bbox 1475 1372 1554 1399; x_wconf 72' lang='lat' dir='ltr'><strong>«Non</strong></span> <span class='ocrx_word' id='word_1_432' title='bbox 1567 1373 1750 1407; x_wconf 75' lang='lat' dir='ltr'><strong>permanebit,</strong></span> <span class='ocrx_word' id='word_1_433' title='bbox 1763 1381 1772 1399; x_wconf 84' lang='lat' dir='ltr'><strong>I</strong></span> 
     </span>
    </p>
   </div>
   <div class='ocr_carea' id='block_1_54' title="bbox 986 1417 1776 1453">
    <p class='ocr_par' dir='ltr' id='par_1_54' title="bbox 986 1417 1776 1453">
     <span class='ocr_line' id='line_1_54' title="bbox 986 1417 1776 1453; baseline 0.003 -9"><span class='ocrx_word' id='word_1_434' title='bbox 986 1417 1087 1452; x_wconf 84' lang='lat' dir='ltr'><strong>inquit,</strong></span> <span class='ocrx_word' id='word_1_435' title='bbox 1107 1427 1116 1443; x_wconf 80' lang='grc' dir='ltr'>ι</span> <span class='ocrx_word' id='word_1_436' title='bbox 1127 1418 1241 1453; x_wconf 78' lang='lat' dir='ltr'><strong>spiritus</strong></span> <span class='ocrx_word' id='word_1_437' title='bbox 1252 1425 1331 1445; x_wconf 88' lang='lat' dir='ltr'><strong>meus</strong></span> <span class='ocrx_word' id='word_1_438' title='bbox 1347 1417 1375 1444; x_wconf 85' lang='lat' dir='ltr'><strong>in</strong></span> <span class='ocrx_word' id='word_1_439' title='bbox 1385 1418 1545 1446; x_wconf 86' lang='lat' dir='ltr'><strong>hominibus</strong></span> <span class='ocrx_word' id='word_1_440' title='bbox 1560 1418 1613 1451; x_wconf 85' lang='lat' dir='ltr'><strong>his,</strong></span> <span class='ocrx_word' id='word_1_441' title='bbox 1626 1419 1688 1446; x_wconf 88' lang='lat' dir='ltr'><strong>ideo</strong></span> <span class='ocrx_word' id='word_1_442' title='bbox 1702 1419 1776 1452; x_wconf 87' lang='lat' dir='ltr'><strong>quod</strong></span> 
     </span>
    </p>
   </div>
   <div class='ocr_carea' id='block_1_55' title="bbox 986 1462 1777 1498">
    <p class='ocr_par' dir='ltr' id='par_1_55' title="bbox 986 1462 1777 1498">
     <span class='ocr_line' id='line_1_55' title="bbox 986 1462 1777 1498; baseline 0.004 -10"><span class='ocrx_word' id='word_1_443' title='bbox 986 1465 1051 1488; x_wconf 73' lang='lat' dir='ltr'><strong>sunt</strong></span> <span class='ocrx_word' id='word_1_444' title='bbox 1062 1462 1113 1497; x_wconf 88' lang='lat' dir='ltr'><strong>ipsi</strong></span> <span class='ocrx_word' id='word_1_445' title='bbox 1129 1469 1226 1490; x_wconf 84' lang='lat' dir='ltr'><strong>carnes</strong></span> <span class='ocrx_word' id='word_1_446' title='bbox 1240 1462 1272 1488; x_wconf 86' lang='grc'><strong>¹¹¹.</strong></span> <span class='ocrx_word' id='word_1_447' title='bbox 1283 1462 1359 1495; x_wconf 60' lang='lat' dir='ltr'><strong>rSed</strong></span> <span class='ocrx_word' id='word_1_448' title='bbox 1375 1468 1439 1489; x_wconf 88' lang='lat' dir='ltr'><strong>ecce</strong></span> <span class='ocrx_word' id='word_1_449' title='bbox 1448 1462 1533 1490; x_wconf 82' lang='lat' dir='ltr'><strong>etiam</strong></span> <span class='ocrx_word' id='word_1_450' title='bbox 1548 1463 1623 1490; x_wconf 85' lang='lat' dir='ltr'><strong>aliud</strong></span> <span class='ocrx_word' id='word_1_451' title='bbox 1634 1463 1700 1498; x_wconf 88' lang='lat' dir='ltr'><strong>quid</strong></span> <span class='ocrx_word' id='word_1_452' title='bbox 1715 1471 1777 1491; x_wconf 89' lang='lat' dir='ltr'><strong>sus-</strong></span> 
     </span>
    </p>
   </div>
   <div class='ocr_carea' id='block_1_56' title="bbox 987 1506 1777 1542">
    <p class='ocr_par' dir='ltr' id='par_1_56' title="bbox 987 1506 1777 1542">
     <span class='ocr_line' id='line_1_56' title="bbox 987 1506 1777 1542; baseline 0.003 -9"><span class='ocrx_word' id='word_1_453' title='bbox 987 1506 1066 1534; x_wconf 83' lang='lat' dir='ltr'><strong>tinet.</strong></span> <span class='ocrx_word' id='word_1_454' title='bbox 1097 1506 1214 1540; x_wconf 79' lang='lat' dir='ltr'><strong>Quidam</strong></span> <span class='ocrx_word' id='word_1_455' title='bbox 1227 1507 1301 1534; x_wconf 87' lang='lat' dir='ltr'><strong>enim</strong></span> <span class='ocrx_word' id='word_1_456' title='bbox 1316 1507 1463 1542; x_wconf 87' lang='lat' dir='ltr'><strong>impiorum</strong></span> <span class='ocrx_word' id='word_1_457' title='bbox 1482 1508 1662 1535; x_wconf 87' lang='lat' dir='ltr'><strong>consiliorum</strong></span> <span class='ocrx_word' id='word_1_458' title='bbox 1673 1512 1700 1535; x_wconf 88' lang='lat' dir='ltr'><strong>et</strong></span> <span class='ocrx_word' id='word_1_459' title='bbox 1721 1512 1777 1536; x_wconf 60' lang='lat' dir='ltr'><strong>storb</strong></span> 
     </span>
    </p>
   </div>
   <div class='ocr_carea' id='block_1_57' title="bbox 987 1550 1778 1588">
    <p class='ocr_par' dir='ltr' id='par_1_57' title="bbox 987 1550 1778 1588">
     <span class='ocr_line' id='line_1_57' title="bbox 987 1550 1778 1588; baseline 0.004 -10"><span class='ocrx_word' id='word_1_460' title='bbox 987 1550 1049 1579; x_wconf 62' lang='lat' dir='ltr'><strong>lida:</strong></span> <span class='ocrx_word' id='word_1_461' title='bbox 1060 1551 1188 1579; x_wconf 87' lang='lat' dir='ltr'><strong>vanitatis</strong></span> <span class='ocrx_word' id='word_1_462' title='bbox 1195 1551 1316 1579; x_wconf 80' lang='lat' dir='ltr'><strong>damnati</strong></span> <span class='ocrx_word' id='word_1_463' title='bbox 1329 1552 1563 1587; x_wconf 84' lang='lat' dir='ltr'><strong>indiscrepantcm</strong></span> <span class='ocrx_word' id='word_1_464' title='bbox 1574 1557 1656 1588; x_wconf 88' lang='lat' dir='ltr'><strong>atque</strong></span> <span class='ocrx_word' id='word_1_465' title='bbox 1669 1554 1778 1581; x_wconf 78' lang='lat' dir='ltr'><strong>discor-</strong></span> 
     </span>
    </p>
   </div>
   <div class='ocr_carea' id='block_1_58' title="bbox 141 1589 934 1639">
    <p class='ocr_par' dir='ltr' id='par_1_58' title="bbox 141 1593 931 1634">
     <span class='ocr_line' id='line_1_58' title="bbox 141 1593 931 1634; baseline -0.005 -9"><span class='ocrx_word' id='word_1_466' title='bbox 141 1599 308 1634; x_wconf 78' lang='grc' dir='ltr'>ἀσύμφωνον</span> <span class='ocrx_word' id='word_1_467' title='bbox 323 1596 500 1633; x_wconf 65' lang='grc' dir='ltr'>ἐκκομίζουσι</span> <span class='ocrx_word' id='word_1_468' title='bbox 519 1596 655 1632; x_wconf 88' lang='grc' dir='ltr'>γλῶσσαν.</span> <span class='ocrx_word' id='word_1_469' title='bbox 672 1605 682 1622; x_wconf 74' lang='grc' dir='ltr'>ι</span> <span class='ocrx_word' id='word_1_470' title='bbox 698 1593 753 1623; x_wconf 85' lang='grc' dir='ltr'>Ἦν</span> <span class='ocrx_word' id='word_1_471' title='bbox 769 1595 819 1631; x_wconf 84' lang='grc' dir='ltr'>μὲν</span> <span class='ocrx_word' id='word_1_472' title='bbox 838 1596 902 1631; x_wconf 82' lang='grc' dir='ltr'><strong>γὰρ,</strong></span> <span class='ocrx_word' id='word_1_473' title='bbox 921 1605 931 1621; x_wconf 76' lang='grc' dir='ltr'><strong>ι</strong></span> 
     </span>
    </p>
   </div>
   <div class='ocr_carea' id='block_1_59' title="bbox 987 1589 1776 1639">
    <p class='ocr_par' dir='ltr' id='par_1_59' title="bbox 987 1597 1776 1639">
     <span class='ocr_line' id='line_1_59' title="bbox 987 1597 1776 1639; baseline 0.004 -15"><span class='ocrx_word' id='word_1_474' title='bbox 987 1597 1048 1624; x_wconf 87' lang='lat' dir='ltr'><strong>dem</strong></span> <span class='ocrx_word' id='word_1_475' title='bbox 1058 1597 1178 1632; x_wconf 74' lang='lat' dir='ltr'><strong>linguam</strong></span> <span class='ocrx_word' id='word_1_476' title='bbox 1193 1597 1332 1639; x_wconf 73' lang='lat' dir='ltr'><strong>deferunt.</strong></span> <span class='ocrx_word' id='word_1_477' title='bbox 1342 1607 1351 1623; x_wconf 88' lang='grc'><em>‹</em></span> <span class='ocrx_word' id='word_1_478' title='bbox 1362 1597 1428 1625; x_wconf 86' lang='lat' dir='ltr'><strong>Erat</strong></span> <span class='ocrx_word' id='word_1_479' title='bbox 1438 1598 1521 1630; x_wconf 88' lang='lat' dir='ltr'><strong>enim,</strong></span> <span class='ocrx_word' id='word_1_480' title='bbox 1533 1607 1541 1623; x_wconf 80' lang='grc' dir='ltr'>ι</span> <span class='ocrx_word' id='word_1_481' title='bbox 1552 1598 1652 1633; x_wconf 85' lang='lat' dir='ltr'><strong>inquit,</strong></span> <span class='ocrx_word' id='word_1_482' title='bbox 1668 1609 1677 1624; x_wconf 72' lang='grc' dir='ltr'>ι</span> <span class='ocrx_word' id='word_1_483' title='bbox 1686 1599 1776 1627; x_wconf 82' lang='lat' dir='ltr'><strong>omnis</strong></span> 
     </span>
    </p>
   </div>
   <div class='ocr_carea' id='block_1_60' title="bbox 141 1641 931 1681">
    <p class='ocr_par' dir='ltr' id='par_1_60' title="bbox 141 1641 931 1681">
     <span class='ocr_line' id='line_1_60' title="bbox 141 1641 931 1681; baseline -0.004 -10"><span class='ocrx_word' id='word_1_484' title='bbox 141 1644 222 1681; x_wconf 74' lang='grc' dir='ltr'>φησὶ,</span> <span class='ocrx_word' id='word_1_485' title='bbox 245 1653 255 1670; x_wconf 74' lang='grc' dir='ltr'>ι</span> <span class='ocrx_word' id='word_1_486' title='bbox 273 1645 378 1680; x_wconf 76' lang='grc' dir='ltr'>πᾶσαή</span> <span class='ocrx_word' id='word_1_487' title='bbox 399 1643 434 1678; x_wconf 83' lang='grc' dir='ltr'><strong>γῆ</strong></span> <span class='ocrx_word' id='word_1_488' title='bbox 451 1643 538 1678; x_wconf 85' lang='grc' dir='ltr'>χεῖλος</span> <span class='ocrx_word' id='word_1_489' title='bbox 551 1642 591 1675; x_wconf 78' lang='grc' dir='ltr'><strong>ἓν,</strong></span> <span class='ocrx_word' id='word_1_490' title='bbox 614 1643 661 1670; x_wconf 77' lang='grc' dir='ltr'>καὶ</span> <span class='ocrx_word' id='word_1_491' title='bbox 682 1641 757 1677; x_wconf 82' lang='grc' dir='ltr'>φωνὴ</span> <span class='ocrx_word' id='word_1_492' title='bbox 781 1641 829 1677; x_wconf 86' lang='grc' dir='ltr'><strong>μία</strong></span> <span class='ocrx_word' id='word_1_493' title='bbox 854 1642 931 1668; x_wconf 73' lang='grc' dir='ltr'>πᾶσι.</span> 
     </span>
    </p>
   </div>
   <div class='ocr_carea' id='block_1_61' title="bbox 141 1687 932 1725">
    <p class='ocr_par' dir='ltr' id='par_1_61' title="bbox 141 1687 932 1725">
     <span class='ocr_line' id='line_1_61' title="bbox 141 1687 932 1725; baseline -0.006 -7"><span class='ocrx_word' id='word_1_494' title='bbox 141 1691 199 1718; x_wconf 69' lang='grc' dir='ltr'><strong>Καὶ</strong></span> <span class='ocrx_word' id='word_1_495' title='bbox 215 1690 323 1725; x_wconf 74' lang='grc' dir='ltr'><strong>ἐγένετο</strong></span> <span class='ocrx_word' id='word_1_496' title='bbox 345 1690 374 1717; x_wconf 81' lang='grc' dir='ltr'>ὲν</span> <span class='ocrx_word' id='word_1_497' title='bbox 393 1689 433 1725; x_wconf 83' lang='grc' dir='ltr'>τῷ</span> <span class='ocrx_word' id='word_1_498' title='bbox 448 1689 557 1724; x_wconf 81' lang='grc' dir='ltr'>κινῆσαι</span> <span class='ocrx_word' id='word_1_499' title='bbox 581 1688 680 1720; x_wconf 78' lang='grc' dir='ltr'>αὐτοὺς</span> <span class='ocrx_word' id='word_1_500' title='bbox 703 1687 757 1715; x_wconf 78' lang='grc' dir='ltr'>ἀπὸ</span> <span class='ocrx_word' id='word_1_501' title='bbox 779 1687 932 1718; x_wconf 81' lang='grc' dir='ltr'>ἀνατολῶν,</span> 
     </span>
    </p>
   </div>
   <div class='ocr_carea' id='block_1_62' title="bbox 141 1731 934 1771">
    <p class='ocr_par' dir='ltr' id='par_1_62' title="bbox 141 1731 934 1771">
     <span class='ocr_line' id='line_1_62' title="bbox 141 1731 934 1771; baseline -0.004 -10"><span class='ocrx_word' id='word_1_502' title='bbox 141 1731 223 1771; x_wconf 80' lang='grc' dir='ltr'>εὖρον</span> <span class='ocrx_word' id='word_1_503' title='bbox 236 1734 326 1761; x_wconf 80' lang='grc' dir='ltr'>πεδίον</span> <span class='ocrx_word' id='word_1_504' title='bbox 341 1735 370 1761; x_wconf 82' lang='grc' dir='ltr'>ὲν</span> <span class='ocrx_word' id='word_1_505' title='bbox 383 1735 418 1769; x_wconf 76' lang='grc' dir='ltr'><strong>γῇ</strong></span> <span class='ocrx_word' id='word_1_506' title='bbox 431 1733 544 1768; x_wconf 77' lang='grc' dir='ltr'>Σεναὰρ,</span> <span class='ocrx_word' id='word_1_507' title='bbox 561 1733 608 1760; x_wconf 82' lang='grc' dir='ltr'>καὶ</span> <span class='ocrx_word' id='word_1_508' title='bbox 625 1733 788 1768; x_wconf 82' lang='grc' dir='ltr'>κατῴκησαν</span> <span class='ocrx_word' id='word_1_509' title='bbox 801 1732 869 1764; x_wconf 76' lang='grc' dir='ltr'><strong>ἐκεῖ,</strong></span> <span class='ocrx_word' id='word_1_510' title='bbox 887 1731 934 1759; x_wconf 75' lang='grc' dir='ltr'><strong>καὶ</strong></span> 
     </span>
    </p>
   </div>
   <div class='ocr_carea' id='block_1_63' title="bbox 141 1778 934 1816">
    <p class='ocr_par' dir='ltr' id='par_1_63' title="bbox 141 1778 934 1816">
     <span class='ocr_line' id='line_1_63' title="bbox 141 1778 934 1816; baseline -0.003 -10"><span class='ocrx_word' id='word_1_511' title='bbox 141 1779 221 1808; x_wconf 79' lang='grc' dir='ltr'>εἶπεν</span> <span class='ocrx_word' id='word_1_512' title='bbox 246 1780 387 1816; x_wconf 83' lang='grc' dir='ltr'>ἄνθρωπος</span> <span class='ocrx_word' id='word_1_513' title='bbox 410 1779 449 1815; x_wconf 86' lang='grc' dir='ltr'>τῷ</span> <span class='ocrx_word' id='word_1_514' title='bbox 474 1779 602 1814; x_wconf 84' lang='grc' dir='ltr'>πλησίον·</span> <span class='ocrx_word' id='word_1_515' title='bbox 616 1778 709 1812; x_wconf 82' lang='grc' dir='ltr'>Δεῦτε,</span> <span class='ocrx_word' id='word_1_516' title='bbox 730 1778 934 1813; x_wconf 79' lang='grc' dir='ltr'>πλινθεύσωμεν</span> 
     </span>
    </p>
   </div>
   <div class='ocr_carea' id='block_1_64' title="bbox 142 1823 935 1860">
    <p class='ocr_par' dir='ltr' id='par_1_64' title="bbox 142 1823 935 1860">
     <span class='ocr_line' id='line_1_64' title="bbox 142 1823 935 1860; baseline -0.005 -6"><span class='ocrx_word' id='word_1_517' title='bbox 142 1826 286 1858; x_wconf 74' lang='grc' dir='ltr'><strong>πλίνθους,</strong></span> <span class='ocrx_word' id='word_1_518' title='bbox 303 1826 350 1853; x_wconf 77' lang='grc' dir='ltr'>καὶ</span> <span class='ocrx_word' id='word_1_519' title='bbox 364 1826 528 1860; x_wconf 78' lang='grc' dir='ltr'>ὸπτήσωμεν</span> <span class='ocrx_word' id='word_1_520' title='bbox 550 1825 636 1856; x_wconf 82' lang='grc' dir='ltr'>αὑτὰς</span> <span class='ocrx_word' id='word_1_521' title='bbox 654 1824 731 1859; x_wconf 79' lang='grc' dir='ltr'>πυρί.</span> <span class='ocrx_word' id='word_1_522' title='bbox 753 1824 808 1851; x_wconf 77' lang='grc' dir='ltr'><strong>Καὶ</strong></span> <span class='ocrx_word' id='word_1_523' title='bbox 824 1823 935 1858; x_wconf 82' lang='grc' dir='ltr'>ἐγένετο</span> 
     </span>
    </p>
   </div>
   <div class='ocr_carea' id='block_1_65' title="bbox 141 1867 934 1907">
    <p class='ocr_par' dir='ltr' id='par_1_65' title="bbox 141 1867 934 1907">
     <span class='ocr_line' id='line_1_65' title="bbox 141 1867 934 1907; baseline -0.005 -8"><span class='ocrx_word' id='word_1_524' title='bbox 141 1873 236 1904; x_wconf 82' lang='grc' dir='ltr'>αὐτοῖς</span> <span class='ocrx_word' id='word_1_525' title='bbox 251 1873 268 1907; x_wconf 91' lang='grc' dir='ltr'><strong>ἠ</strong></span> <span class='ocrx_word' id='word_1_526' title='bbox 284 1871 392 1902; x_wconf 74' lang='grc' dir='ltr'>πλίνθος</span> <span class='ocrx_word' id='word_1_527' title='bbox 412 1871 452 1902; x_wconf 79' lang='grc' dir='ltr'><strong>εἰς</strong></span> <span class='ocrx_word' id='word_1_528' title='bbox 464 1870 536 1897; x_wconf 84' lang='grc' dir='ltr'>λίθον</span> <span class='ocrx_word' id='word_1_529' title='bbox 546 1878 553 1884; x_wconf 90' lang='grc'>·</span> <span class='ocrx_word' id='word_1_530' title='bbox 575 1870 622 1897; x_wconf 72' lang='grc' dir='ltr'>καὶ</span> <span class='ocrx_word' id='word_1_531' title='bbox 642 1869 777 1904; x_wconf 78' lang='grc' dir='ltr'>ἄσφαλτος</span> <span class='ocrx_word' id='word_1_532' title='bbox 795 1867 829 1905; x_wconf 80' lang='grc' dir='ltr'><strong>ἦν</strong></span> <span class='ocrx_word' id='word_1_533' title='bbox 844 1869 934 1900; x_wconf 81' lang='grc' dir='ltr'>αὐτοῖς</span> 
     </span>
    </p>
   </div>
   <div class='ocr_carea' id='block_1_66' title="bbox 142 1915 934 1951">
    <p class='ocr_par' dir='ltr' id='par_1_66' title="bbox 142 1915 934 1951">
     <span class='ocr_line' id='line_1_66' title="bbox 142 1915 934 1951; baseline -0.006 -6"><span class='ocrx_word' id='word_1_534' title='bbox 142 1920 156 1945; x_wconf 78' lang='grc' dir='ltr'>ὁ</span> <span class='ocrx_word' id='word_1_535' title='bbox 173 1918 261 1950; x_wconf 79' lang='grc' dir='ltr'>πιλὸς.</span> <span class='ocrx_word' id='word_1_536' title='bbox 286 1918 341 1945; x_wconf 76' lang='grc' dir='ltr'><strong>Καὶ</strong></span> <span class='ocrx_word' id='word_1_537' title='bbox 362 1916 451 1949; x_wconf 79' lang='grc' dir='ltr'><strong>εἶπαν,</strong></span> <span class='ocrx_word' id='word_1_538' title='bbox 467 1917 566 1950; x_wconf 81' lang='grc' dir='ltr'>Δεῦτε,</span> <span class='ocrx_word' id='word_1_539' title='bbox 591 1916 813 1951; x_wconf 81' lang='grc' dir='ltr'>οἰκοδομήσωμεν</span> <span class='ocrx_word' id='word_1_540' title='bbox 830 1915 934 1946; x_wconf 83' lang='grc' dir='ltr'>ἑαυτοῖς</span> 
     </span>
    </p>
   </div>
   <div class='ocr_carea' id='block_1_67' title="bbox 142 1959 936 2000">
    <p class='ocr_par' dir='ltr' id='par_1_67' title="bbox 142 1959 936 2000">
     <span class='ocr_line' id='line_1_67' title="bbox 142 1959 936 2000; baseline -0.006 -9"><span class='ocrx_word' id='word_1_541' title='bbox 142 1964 221 1992; x_wconf 79' lang='grc' dir='ltr'>πόλιν</span> <span class='ocrx_word' id='word_1_542' title='bbox 236 1965 283 1991; x_wconf 72' lang='grc' dir='ltr'>καὶ</span> <span class='ocrx_word' id='word_1_543' title='bbox 303 1965 423 2000; x_wconf 80' lang='grc' dir='ltr'>πύργον,</span> <span class='ocrx_word' id='word_1_544' title='bbox 437 1959 467 1990; x_wconf 77' lang='grc' dir='ltr'>οὗ</span> <span class='ocrx_word' id='word_1_545' title='bbox 482 1964 498 1999; x_wconf 84' lang='grc' dir='ltr'>ἡ</span> <span class='ocrx_word' id='word_1_546' title='bbox 513 1962 618 1997; x_wconf 83' lang='grc' dir='ltr'>κεφαλὴ</span> <span class='ocrx_word' id='word_1_547' title='bbox 636 1962 712 1989; x_wconf 77' lang='grc' dir='ltr'>ἔσται</span> <span class='ocrx_word' id='word_1_548' title='bbox 727 1962 779 1993; x_wconf 74' lang='grc' dir='ltr'>ἕως</span> <span class='ocrx_word' id='word_1_549' title='bbox 792 1961 840 1988; x_wconf 80' lang='grc' dir='ltr'>τοῦ</span> <span class='ocrx_word' id='word_1_550' title='bbox 853 1961 936 1996; x_wconf 59' lang='grc' dir='ltr'>οὐρα*-</span> 
     </span>
    </p>
   </div>
   <div class='ocr_carea' id='block_1_68' title="bbox 143 2007 935 2046">
    <p class='ocr_par' dir='ltr' id='par_1_68' title="bbox 143 2007 935 2046">
     <span class='ocr_line' id='line_1_68' title="bbox 143 2007 935 2046; baseline -0.006 -9"><span class='ocrx_word' id='word_1_551' title='bbox 143 2010 202 2042; x_wconf 83' lang='grc' dir='ltr'><strong>νοῦ,</strong></span> <span class='ocrx_word' id='word_1_552' title='bbox 226 2010 273 2037; x_wconf 77' lang='grc' dir='ltr'>καὶ</span> <span class='ocrx_word' id='word_1_553' title='bbox 285 2011 441 2046; x_wconf 79' lang='grc' dir='ltr'>ποιήσωμεν</span> <span class='ocrx_word' id='word_1_554' title='bbox 463 2010 569 2040; x_wconf 78' lang='grc' dir='ltr'>ἑαυτοῖς</span> <span class='ocrx_word' id='word_1_555' title='bbox 584 2009 669 2044; x_wconf 74' lang='grc' dir='ltr'>ὗνημα</span> <span class='ocrx_word' id='word_1_556' title='bbox 683 2007 736 2044; x_wconf 67' lang='grc' dir='ltr'>πρὸ</span> <span class='ocrx_word' id='word_1_557' title='bbox 751 2007 798 2034; x_wconf 80' lang='grc' dir='ltr'>τοῦ</span> <span class='ocrx_word' id='word_1_558' title='bbox 817 2007 935 2034; x_wconf 74' lang='grc' dir='ltr'>διασπα-</span> 
     </span>
    </p>
   </div>
   <div class='ocr_carea' id='block_1_69' title="bbox 143 2051 935 2092">
    <p class='ocr_par' dir='ltr' id='par_1_69' title="bbox 143 2051 935 2092">
     <span class='ocr_line' id='line_1_69' title="bbox 143 2051 935 2092; baseline -0.008 -9"><span class='ocrx_word' id='word_1_559' title='bbox 143 2057 227 2092; x_wconf 84' lang='grc' dir='ltr'>ρῆναι</span> <span class='ocrx_word' id='word_1_560' title='bbox 243 2056 289 2083; x_wconf 69' lang='grc' dir='ltr'>ἐπὶ</span> <span class='ocrx_word' id='word_1_561' title='bbox 303 2057 393 2083; x_wconf 83' lang='grc' dir='ltr'>πᾶσαν</span> <span class='ocrx_word' id='word_1_562' title='bbox 403 2056 452 2091; x_wconf 87' lang='grc' dir='ltr'>τὴν</span> <span class='ocrx_word' id='word_1_563' title='bbox 463 2055 525 2090; x_wconf 84' lang='grc' dir='ltr'><strong>γῆν.</strong></span> <span class='ocrx_word' id='word_1_564' title='bbox 536 2053 605 2083; x_wconf 78' lang='grc' dir='ltr'>Εἶτα</span> <span class='ocrx_word' id='word_1_565' title='bbox 618 2055 738 2081; x_wconf 74' lang='grc' dir='ltr'>κάτεισιν</span> <span class='ocrx_word' id='word_1_566' title='bbox 748 2054 762 2079; x_wconf 85' lang='grc' dir='ltr'>ὁ</span> <span class='ocrx_word' id='word_1_567' title='bbox 775 2052 850 2084; x_wconf 77' lang='grc' dir='ltr'>Θεὸς,</span> <span class='ocrx_word' id='word_1_568' title='bbox 864 2051 935 2078; x_wconf 74' lang='grc' dir='ltr'>οὕτω</span> 
     </span>
    </p>
   </div>
   <div class='ocr_carea' id='block_1_70' title="bbox 144 2096 935 2138">
    <p class='ocr_par' dir='ltr' id='par_1_70' title="bbox 144 2096 935 2138">
     <span class='ocr_line' id='line_1_70' title="bbox 144 2096 935 2138; baseline -0.008 -9"><span class='ocrx_word' id='word_1_569' title='bbox 144 2101 201 2138; x_wconf 71' lang='grc' dir='ltr'><strong>γὰρ</strong></span> <span class='ocrx_word' id='word_1_570' title='bbox 216 2102 268 2137; x_wconf 74' lang='grc' dir='ltr'>ἔφη</span> <span class='ocrx_word' id='word_1_571' title='bbox 283 2101 314 2128; x_wconf 77' lang='grc' dir='ltr'><strong>τὸ</strong></span> <span class='ocrx_word' id='word_1_572' title='bbox 328 2101 447 2137; x_wconf 78' lang='grc' dir='ltr'>Γράμμα</span> <span class='ocrx_word' id='word_1_573' title='bbox 462 2100 492 2127; x_wconf 81' lang='grc' dir='ltr'>τὸ</span> <span class='ocrx_word' id='word_1_574' title='bbox 508 2100 590 2136; x_wconf 78' lang='grc' dir='ltr'>ἱερὸν,</span> <span class='ocrx_word' id='word_1_575' title='bbox 608 2100 656 2126; x_wconf 77' lang='grc' dir='ltr'>καὶ</span> <span class='ocrx_word' id='word_1_576' title='bbox 672 2100 767 2134; x_wconf 81' lang='grc' dir='ltr'>συγχεῖ</span> <span class='ocrx_word' id='word_1_577' title='bbox 781 2098 829 2133; x_wconf 73' lang='grc' dir='ltr'>μὲν</span> <span class='ocrx_word' id='word_1_578' title='bbox 847 2096 935 2124; x_wconf 76' lang='grc' dir='ltr'>αὐτῶν</span> 
     </span>
    </p>
   </div>
   <div class='ocr_carea' id='block_1_71' title="bbox 144 2143 936 2182">
    <p class='ocr_par' dir='ltr' id='par_1_71' title="bbox 144 2143 936 2182">
     <span class='ocr_line' id='line_1_71' title="bbox 144 2143 936 2182; baseline -0.005 -8"><span class='ocrx_word' id='word_1_579' title='bbox 144 2148 196 2180; x_wconf 74' lang='grc' dir='ltr'><strong>τὰς</strong></span> <span class='ocrx_word' id='word_1_580' title='bbox 208 2147 333 2182; x_wconf 80' lang='grc' dir='ltr'>γλώσσας</span> <span class='ocrx_word' id='word_1_581' title='bbox 344 2167 351 2179; x_wconf 91' lang='grc'>,</span> <span class='ocrx_word' id='word_1_582' title='bbox 365 2146 597 2174; x_wconf 79' lang='grc' dir='ltr'>κατασκεδάννυσι</span> <span class='ocrx_word' id='word_1_583' title='bbox 616 2146 644 2172; x_wconf 82' lang='grc' dir='ltr'><strong>δὲ</strong></span> <span class='ocrx_word' id='word_1_584' title='bbox 663 2145 709 2172; x_wconf 72' lang='grc' dir='ltr'>καὶ</span> <span class='ocrx_word' id='word_1_585' title='bbox 727 2146 768 2176; x_wconf 86' lang='grc' dir='ltr'><strong>εἰς</strong></span> <span class='ocrx_word' id='word_1_586' title='bbox 784 2145 873 2171; x_wconf 82' lang='grc' dir='ltr'>πᾶσαν</span> <span class='ocrx_word' id='word_1_587' title='bbox 887 2143 936 2170; x_wconf 79' lang='grc' dir='ltr'><strong>αὒ-</strong></span> 
     </span>
    </p>
   </div>
   <div class='ocr_carea' id='block_1_72' title="bbox 144 2189 935 2230">
    <p class='ocr_par' dir='ltr' id='par_1_72' title="bbox 144 2189 935 2230">
     <span class='ocr_line' id='line_1_72' title="bbox 144 2189 935 2230; baseline -0.009 -9"><span class='ocrx_word' id='word_1_588' title='bbox 144 2197 210 2226; x_wconf 82' lang='grc' dir='ltr'>τοὺς</span> <span class='ocrx_word' id='word_1_589' title='bbox 222 2193 271 2230; x_wconf 82' lang='grc' dir='ltr'>τὴν</span> <span class='ocrx_word' id='word_1_590' title='bbox 285 2194 346 2228; x_wconf 83' lang='grc' dir='ltr'><strong>γῆν.</strong></span> <span class='ocrx_word' id='word_1_591' title='bbox 360 2202 370 2219; x_wconf 77' lang='grc' dir='ltr'>ι</span> <span class='ocrx_word' id='word_1_592' title='bbox 388 2192 522 2228; x_wconf 81' lang='grc' dir='ltr'>Ἐπετίμα</span> <span class='ocrx_word' id='word_1_593' title='bbox 533 2193 581 2227; x_wconf 81' lang='grc' dir='ltr'><strong>μὲν</strong></span> <span class='ocrx_word' id='word_1_594' title='bbox 592 2191 646 2227; x_wconf 74' lang='grc' dir='ltr'>γὰρ</span> <span class='ocrx_word' id='word_1_595' title='bbox 658 2192 714 2222; x_wconf 81' lang='grc' dir='ltr'>τοῖς</span> <span class='ocrx_word' id='word_1_596' title='bbox 726 2189 935 2224; x_wconf 77' lang='grc' dir='ltr'><strong>ἐπιχειρήμασιν</strong></span> 
     </span>
    </p>
   </div>
   <div class='ocr_carea' id='block_1_73' title="bbox 146 2234 934 2272">
    <p class='ocr_par' dir='ltr' id='par_1_73' title="bbox 146 2234 934 2272">
     <span class='ocr_line' id='line_1_73' title="bbox 146 2234 934 2272; baseline -0.006 -6"><span class='ocrx_word' id='word_1_597' title='bbox 146 2241 159 2266; x_wconf 68' lang='grc' dir='ltr'><strong><em>ὁ</em></strong></span> <span class='ocrx_word' id='word_1_598' title='bbox 172 2239 228 2268; x_wconf 85' lang='grc' dir='ltr'><strong>τῶν</strong></span> <span class='ocrx_word' id='word_1_599' title='bbox 243 2240 312 2267; x_wconf 75' lang='grc' dir='ltr'>ὅλων</span> <span class='ocrx_word' id='word_1_600' title='bbox 327 2239 402 2271; x_wconf 82' lang='grc' dir='ltr'>Θεὸς,</span> <span class='ocrx_word' id='word_1_601' title='bbox 418 2239 447 2265; x_wconf 83' lang='grc' dir='ltr'><strong>οὺ</strong></span> <span class='ocrx_word' id='word_1_602' title='bbox 461 2238 529 2265; x_wconf 83' lang='grc' dir='ltr'>δέδιε</span> <span class='ocrx_word' id='word_1_603' title='bbox 547 2238 576 2264; x_wconf 74' lang='grc' dir='ltr'><strong>δὲ</strong></span> <span class='ocrx_word' id='word_1_604' title='bbox 596 2237 626 2264; x_wconf 74' lang='grc' dir='ltr'>τὸ</span> <span class='ocrx_word' id='word_1_605' title='bbox 643 2237 839 2272; x_wconf 73' lang='grc' dir='ltr'>συμπέρασμα·</span> <span class='ocrx_word' id='word_1_606' title='bbox 855 2235 891 2266; x_wconf 83' lang='grc' dir='ltr'>ὡς</span> <span class='ocrx_word' id='word_1_607' title='bbox 906 2234 934 2261; x_wconf 75' lang='grc' dir='ltr'><strong>δὲ</strong></span> 
     </span>
    </p>
   </div>
   <div class='ocr_carea' id='block_1_74' title="bbox 146 2280 934 2322">
    <p class='ocr_par' dir='ltr' id='par_1_74' title="bbox 146 2280 934 2322">
     <span class='ocr_line' id='line_1_74' title="bbox 146 2280 934 2322; baseline -0.009 -9"><span class='ocrx_word' id='word_1_608' title='bbox 146 2285 300 2322; x_wconf 77' lang='grc' dir='ltr'>ὗπέροπτόν</span> <span class='ocrx_word' id='word_1_609' title='bbox 312 2294 340 2312; x_wconf 81' lang='grc' dir='ltr'><strong>τι</strong></span> <span class='ocrx_word' id='word_1_610' title='bbox 356 2284 591 2320; x_wconf 75' lang='grc' dir='ltr'>βεϐουλευμένους,</span> <span class='ocrx_word' id='word_1_611' title='bbox 612 2283 759 2318; x_wconf 78' lang='grc' dir='ltr'>ήμερότητι</span> <span class='ocrx_word' id='word_1_612' title='bbox 774 2283 807 2317; x_wconf 89' lang='grc' dir='ltr'>τῇ</span> <span class='ocrx_word' id='word_1_613' title='bbox 822 2280 934 2317; x_wconf 73' lang='grc' dir='ltr'><strong>ὲμφύτῳ</strong></span> 
     </span>
    </p>
   </div>
   <div class='ocr_carea' id='block_1_75' title="bbox 145 2323 935 2366">
    <p class='ocr_par' dir='ltr' id='par_1_75' title="bbox 145 2323 935 2366">
     <span class='ocr_line' id='line_1_75' title="bbox 145 2323 935 2366; baseline -0.009 -9"><span class='ocrx_word' id='word_1_614' title='bbox 145 2330 306 2366; x_wconf 77' lang='grc' dir='ltr'>χρώμενος,</span> <span class='ocrx_word' id='word_1_615' title='bbox 329 2329 463 2356; x_wconf 81' lang='grc' dir='ltr'>ὑποπαὺει</span> <span class='ocrx_word' id='word_1_616' title='bbox 490 2328 544 2354; x_wconf 86' lang='grc' dir='ltr'>τῶν</span> <span class='ocrx_word' id='word_1_617' title='bbox 566 2327 771 2362; x_wconf 76' lang='grc' dir='ltr'><strong>ἐγχειρημάτων</strong></span> <span class='ocrx_word' id='word_1_618' title='bbox 797 2326 829 2360; x_wconf 84' lang='grc' dir='ltr'>τῇ</span> <span class='ocrx_word' id='word_1_619' title='bbox 852 2323 935 2351; x_wconf 84' lang='grc' dir='ltr'>πολυ-</span> 
     </span>
    </p>
   </div>
   <div class='ocr_carea' id='block_1_76' title="bbox 145 2369 935 2410">
    <p class='ocr_par' dir='ltr' id='par_1_76' title="bbox 145 2369 935 2410">
     <span class='ocr_line' id='line_1_76' title="bbox 145 2369 935 2410; baseline -0.008 -9"><span class='ocrx_word' id='word_1_620' title='bbox 145 2374 270 2410; x_wconf 68' lang='grc' dir='ltr'>γλωσσίᾳ.</span> <span class='ocrx_word' id='word_1_621' title='bbox 281 2382 287 2389; x_wconf 92' lang='grc'>·</span> <span class='ocrx_word' id='word_1_622' title='bbox 303 2373 443 2409; x_wconf 80' lang='grc' dir='ltr'>σημαίνων</span> <span class='ocrx_word' id='word_1_623' title='bbox 456 2373 496 2399; x_wconf 87' lang='grc' dir='ltr'><strong>ὅτι</strong></span> <span class='ocrx_word' id='word_1_624' title='bbox 511 2372 560 2404; x_wconf 78' lang='grc' dir='ltr'>τὰς</span> <span class='ocrx_word' id='word_1_625' title='bbox 575 2371 644 2407; x_wconf 73' lang='grc' dir='ltr'>ὑπὲρ</span> <span class='ocrx_word' id='word_1_626' title='bbox 658 2371 799 2406; x_wconf 80' lang='grc' dir='ltr'>ἄνθρωπον</span> <span class='ocrx_word' id='word_1_627' title='bbox 814 2369 935 2404; x_wconf 74' lang='grc' dir='ltr'>σκέψεις,</span> 
     </span>
    </p>
   </div>
   <div class='ocr_carea' id='block_1_77' title="bbox 146 2417 936 2456">
    <p class='ocr_par' dir='ltr' id='par_1_77' title="bbox 146 2417 936 2456">
     <span class='ocr_line' id='line_1_77' title="bbox 146 2417 936 2456; baseline -0.008 -7"><span class='ocrx_word' id='word_1_628' title='bbox 146 2422 196 2449; x_wconf 68' lang='grc' dir='ltr'>καὶ</span> <span class='ocrx_word' id='word_1_629' title='bbox 213 2422 238 2448; x_wconf 78' lang='grc' dir='ltr'><strong>εί</strong></span> <span class='ocrx_word' id='word_1_630' title='bbox 258 2421 380 2456; x_wconf 75' lang='grc' dir='ltr'>φέροιντο</span> <span class='ocrx_word' id='word_1_631' title='bbox 397 2429 456 2452; x_wconf 87' lang='grc' dir='ltr'>πως</span> <span class='ocrx_word' id='word_1_632' title='bbox 467 2419 511 2447; x_wconf 81' lang='grc' dir='ltr'>διὰ</span> <span class='ocrx_word' id='word_1_633' title='bbox 530 2418 583 2446; x_wconf 81' lang='grc' dir='ltr'>τῶν</span> <span class='ocrx_word' id='word_1_634' title='bbox 601 2418 759 2454; x_wconf 84' lang='grc' dir='ltr'>ἀμηχάνων,</span> <span class='ocrx_word' id='word_1_635' title='bbox 776 2417 826 2444; x_wconf 70' lang='grc' dir='ltr'><strong>οὐκ</strong></span> <span class='ocrx_word' id='word_1_636' title='bbox 842 2417 936 2444; x_wconf 82' lang='grc' dir='ltr'><strong>ἀνεπι-</strong></span> 
     </span>
    </p>
   </div>
   <div class='ocr_carea' id='block_1_78' title="bbox 146 2461 935 2503">
    <p class='ocr_par' dir='ltr' id='par_1_78' title="bbox 146 2461 935 2503">
     <span class='ocr_line' id='line_1_78' title="bbox 146 2461 935 2503; baseline -0.006 -10"><span class='ocrx_word' id='word_1_637' title='bbox 146 2467 285 2503; x_wconf 81' lang='grc' dir='ltr'>πλήκτους</span> <span class='ocrx_word' id='word_1_638' title='bbox 302 2466 343 2500; x_wconf 77' lang='grc' dir='ltr'><strong>ἐᾷ.</strong></span> <span class='ocrx_word' id='word_1_639' title='bbox 357 2465 446 2497; x_wconf 82' lang='grc' dir='ltr'><strong>Αὺτὰς</strong></span> <span class='ocrx_word' id='word_1_640' title='bbox 462 2465 490 2492; x_wconf 75' lang='grc' dir='ltr'><strong>δὲ</strong></span> <span class='ocrx_word' id='word_1_641' title='bbox 510 2465 606 2500; x_wconf 79' lang='grc' dir='ltr'>συγχεῖ</span> <span class='ocrx_word' id='word_1_642' title='bbox 617 2463 665 2495; x_wconf 82' lang='grc' dir='ltr'>τὰς</span> <span class='ocrx_word' id='word_1_643' title='bbox 682 2462 816 2497; x_wconf 82' lang='grc' dir='ltr'>γλώσσας,</span> <span class='ocrx_word' id='word_1_644' title='bbox 833 2461 868 2488; x_wconf 87' lang='grc' dir='ltr'>τὰ</span> <span class='ocrx_word' id='word_1_645' title='bbox 882 2461 935 2496; x_wconf 81' lang='grc' dir='ltr'><strong>γάρ</strong></span> 
     </span>
    </p>
   </div>
   <div class='ocr_carea' id='block_1_79' title="bbox 145 2508 938 2548">
    <p class='ocr_par' dir='ltr' id='par_1_79' title="bbox 145 2508 938 2548">
     <span class='ocr_line' id='line_1_79' title="bbox 145 2508 938 2548; baseline -0.008 -8"><span class='ocrx_word' id='word_1_646' title='bbox 145 2523 188 2540; x_wconf 88' lang='grc' dir='ltr'><strong>τοι</strong></span> <span class='ocrx_word' id='word_1_647' title='bbox 206 2513 290 2548; x_wconf 74' lang='grc' dir='ltr'>μόνης</span> <span class='ocrx_word' id='word_1_648' title='bbox 306 2511 357 2546; x_wconf 84' lang='grc' dir='ltr'><strong>τῆς</strong></span> <span class='ocrx_word' id='word_1_649' title='bbox 377 2511 424 2538; x_wconf 77' lang='grc' dir='ltr'>τοῦ</span> <span class='ocrx_word' id='word_1_650' title='bbox 444 2510 614 2546; x_wconf 84' lang='grc' dir='ltr'>Δημιουργοῦ</span> <span class='ocrx_word' id='word_1_651' title='bbox 634 2509 747 2545; x_wconf 81' lang='grc' dir='ltr'>δεόμενα</span> <span class='ocrx_word' id='word_1_652' title='bbox 763 2509 869 2544; x_wconf 72' lang='grc' dir='ltr'>τέχνης,</span> <span class='ocrx_word' id='word_1_653' title='bbox 889 2508 938 2534; x_wconf 77' lang='grc' dir='ltr'>καὶ</span> 
     </span>
    </p>
   </div>
   <div class='ocr_carea' id='block_1_80' title="bbox 149 2553 937 2595">
    <p class='ocr_par' dir='ltr' id='par_1_80' title="bbox 149 2553 937 2595">
     <span class='ocr_line' id='line_1_80' title="bbox 149 2553 937 2595; baseline -0.009 -9"><span class='ocrx_word' id='word_1_654' title='bbox 149 2560 200 2595; x_wconf 69' lang='grc' dir='ltr'><strong>μέν</strong></span> <span class='ocrx_word' id='word_1_655' title='bbox 220 2567 263 2585; x_wconf 82' lang='grc' dir='ltr'>τοι</span> <span class='ocrx_word' id='word_1_656' title='bbox 284 2558 330 2585; x_wconf 78' lang='grc' dir='ltr'><strong>καὶ</strong></span> <span class='ocrx_word' id='word_1_657' title='bbox 350 2557 488 2590; x_wconf 73' lang='grc' dir='ltr'>ἐξουσίας,</span> <span class='ocrx_word' id='word_1_658' title='bbox 504 2556 649 2592; x_wconf 77' lang='grc' dir='ltr'>ἁρμόσειεν</span> <span class='ocrx_word' id='word_1_659' title='bbox 667 2556 700 2582; x_wconf 83' lang='grc' dir='ltr'>ἂν</span> <span class='ocrx_word' id='word_1_660' title='bbox 724 2554 772 2589; x_wconf 83' lang='grc' dir='ltr'>οὺχ</span> <span class='ocrx_word' id='word_1_661' title='bbox 789 2553 874 2590; x_wconf 78' lang='grc' dir='ltr'>ἑτέρῳ</span> <span class='ocrx_word' id='word_1_662' title='bbox 899 2562 937 2588; x_wconf 84' lang='grc' dir='ltr'>τῳ</span> 
     </span>
    </p>
   </div>
   <div class='ocr_carea' id='block_1_81' title="bbox 149 2599 939 2638">
    <p class='ocr_par' dir='ltr' id='par_1_81' title="bbox 149 2599 939 2638">
     <span class='ocr_line' id='line_1_81' title="bbox 149 2599 939 2638; baseline -0.009 -6"><span class='ocrx_word' id='word_1_663' title='bbox 149 2605 241 2637; x_wconf 73' lang='grc' dir='ltr'>ποθεν,</span> <span class='ocrx_word' id='word_1_664' title='bbox 255 2604 312 2631; x_wconf 77' lang='grc' dir='ltr'><strong>ἀλλ’</strong></span> <span class='ocrx_word' id='word_1_665' title='bbox 327 2602 402 2638; x_wconf 76' lang='grc' dir='ltr'>αὐτῷ</span> <span class='ocrx_word' id='word_1_666' title='bbox 415 2602 447 2638; x_wconf 80' lang='grc' dir='ltr'><strong>δὴ</strong></span> <span class='ocrx_word' id='word_1_667' title='bbox 464 2602 510 2629; x_wconf 76' lang='grc' dir='ltr'>καὶ</span> <span class='ocrx_word' id='word_1_668' title='bbox 526 2602 606 2637; x_wconf 80' lang='grc' dir='ltr'>μόνῳ,</span> <span class='ocrx_word' id='word_1_669' title='bbox 621 2600 749 2636; x_wconf 74' lang='grc' dir='ltr'>Γλώσσης</span> <span class='ocrx_word' id='word_1_670' title='bbox 762 2600 790 2627; x_wconf 78' lang='grc' dir='ltr'><strong>δὲ</strong></span> <span class='ocrx_word' id='word_1_671' title='bbox 804 2599 939 2634; x_wconf 85' lang='grc' dir='ltr'>μεταπλα-</span> 
     </span>
    </p>
   </div>
   <div class='ocr_carea' id='block_1_82' title="bbox 150 2644 938 2687">
    <p class='ocr_par' dir='ltr' id='par_1_82' title="bbox 150 2644 938 2687">
     <span class='ocr_line' id='line_1_82' title="bbox 150 2644 938 2687; baseline -0.01 -9"><span class='ocrx_word' id='word_1_672' title='bbox 150 2651 232 2687; x_wconf 61' lang='lat' dir='ltr'><strong>opim,</strong></span> <span class='ocrx_word' id='word_1_673' title='bbox 252 2650 298 2677; x_wconf 80' lang='grc' dir='ltr'>καὶ</span> <span class='ocrx_word' id='word_1_674' title='bbox 312 2649 343 2676; x_wconf 79' lang='grc' dir='ltr'>τὺ</span> <span class='ocrx_word' id='word_1_675' title='bbox 363 2647 552 2684; x_wconf 78' lang='grc' dir='ltr'>ὲξευρύνεσθαι</span> <span class='ocrx_word' id='word_1_676' title='bbox 567 2647 643 2681; x_wconf 82' lang='grc' dir='ltr'>λόγον</span> <span class='ocrx_word' id='word_1_677' title='bbox 658 2647 701 2678; x_wconf 76' lang='grc' dir='ltr'>εἰς.</span> <span class='ocrx_word' id='word_1_678' title='bbox 711 2645 770 2680; x_wconf 72' lang='grc' dir='ltr'><strong>ἠχὼ</strong></span> <span class='ocrx_word' id='word_1_679' title='bbox 783 2644 832 2680; x_wconf 83' lang='grc' dir='ltr'><strong>τὴν</strong></span> <span class='ocrx_word' id='word_1_680' title='bbox 846 2645 938 2678; x_wconf 73' lang='grc' dir='ltr'><strong>διάφο-</strong></span> 
     </span>
    </p>
   </div>
   <div class='ocr_carea' id='block_1_83' title="bbox 150 2690 938 2732">
    <p class='ocr_par' dir='ltr' id='par_1_83' title="bbox 150 2690 938 2732">
     <span class='ocr_line' id='line_1_83' title="bbox 150 2690 938 2732; baseline -0.009 -9"><span class='ocrx_word' id='word_1_681' title='bbox 150 2706 205 2732; x_wconf 77' lang='grc' dir='ltr'>ρον,</span> <span class='ocrx_word' id='word_1_682' title='bbox 219 2695 330 2730; x_wconf 76' lang='grc' dir='ltr'>ἀναθείη</span> <span class='ocrx_word' id='word_1_683' title='bbox 346 2703 388 2727; x_wconf 84' lang='grc' dir='ltr'>τις</span> <span class='ocrx_word' id='word_1_684' title='bbox 409 2694 441 2722; x_wconf 82' lang='grc' dir='ltr'>ἂν</span> <span class='ocrx_word' id='word_1_685' title='bbox 455 2693 565 2725; x_wconf 81' lang='grc' dir='ltr'>εἰκότως</span> <span class='ocrx_word' id='word_1_686' title='bbox 587 2693 626 2728; x_wconf 79' lang='grc' dir='ltr'><strong>τῷ</strong></span> <span class='ocrx_word' id='word_1_687' title='bbox 644 2700 676 2727; x_wconf 84' lang='grc' dir='ltr'><strong>γε</strong></span> <span class='ocrx_word' id='word_1_688' title='bbox 697 2690 804 2726; x_wconf 81' lang='grc' dir='ltr'>ἀληθῶς</span> <span class='ocrx_word' id='word_1_689' title='bbox 821 2690 894 2726; x_wconf 86' lang='grc' dir='ltr'>μόνῳ</span> <span class='ocrx_word' id='word_1_690' title='bbox 908 2698 938 2717; x_wconf 81' lang='grc' dir='ltr'><strong>τε</strong></span> 
     </span>
    </p>
   </div>
   <div class='ocr_carea' id='block_1_84' title="bbox 149 2735 938 2775">
    <p class='ocr_par' dir='ltr' id='par_1_84' title="bbox 149 2735 938 2775">
     <span class='ocr_line' id='line_1_84' title="bbox 149 2735 938 2775; baseline -0.01 -5"><span class='ocrx_word' id='word_1_691' title='bbox 149 2741 281 2770; x_wconf 75' lang='grc' dir='ltr'>καὶκατὰ</span> <span class='ocrx_word' id='word_1_692' title='bbox 302 2742 384 2775; x_wconf 81' lang='grc' dir='ltr'>φύσιν</span> <span class='ocrx_word' id='word_1_693' title='bbox 397 2739 569 2775; x_wconf 74' lang='grc' dir='ltr'><strong>Δημιουργῷ.</strong></span> <span class='ocrx_word' id='word_1_694' title='bbox 595 2737 766 2773; x_wconf 78' lang='grc' dir='ltr'>Ἀμοιρήσειε</span> <span class='ocrx_word' id='word_1_695' title='bbox 787 2736 810 2763; x_wconf 81' lang='grc' dir='ltr'><strong>δ’</strong></span> <span class='ocrx_word' id='word_1_696' title='bbox 831 2736 864 2763; x_wconf 87' lang='grc' dir='ltr'>ἂν</span> <span class='ocrx_word' id='word_1_697' title='bbox 880 2735 938 2762; x_wconf 71' lang='lat'><strong>061.1</strong></span> 
     </span>
    </p>
   </div>
   <div class='ocr_carea' id='block_1_85' title="bbox 150 2781 937 2822">
    <p class='ocr_par' dir='ltr' id='par_1_85' title="bbox 150 2781 937 2822">
     <span class='ocr_line' id='line_1_85' title="bbox 150 2781 937 2822; baseline -0.008 -7"><span class='ocrx_word' id='word_1_698' title='bbox 150 2798 201 2815; x_wconf 72' lang='grc' dir='ltr'>που</span> <span class='ocrx_word' id='word_1_699' title='bbox 215 2789 244 2815; x_wconf 77' lang='grc' dir='ltr'><strong>τὸ</strong></span> <span class='ocrx_word' id='word_1_700' title='bbox 256 2786 381 2822; x_wconf 77' lang='grc' dir='ltr'><strong>γεγονὸς,</strong></span> <span class='ocrx_word' id='word_1_701' title='bbox 396 2785 442 2813; x_wconf 82' lang='grc' dir='ltr'>τοῦ</span> <span class='ocrx_word' id='word_1_702' title='bbox 455 2785 554 2820; x_wconf 81' lang='grc' dir='ltr'>σφόδρα.</span> <span class='ocrx_word' id='word_1_703' title='bbox 566 2784 675 2816; x_wconf 75' lang='grc' dir='ltr'>εἰκότως</span> <span class='ocrx_word' id='word_1_704' title='bbox 686 2782 860 2818; x_wconf 79' lang='grc' dir='ltr'>διαγελᾶσθαι</span> <span class='ocrx_word' id='word_1_705' title='bbox 872 2781 937 2809; x_wconf 84' lang='grc' dir='ltr'><strong>δεῖν.</strong></span> 
     </span>
    </p>
   </div>
   <div class='ocr_carea' id='block_1_86' title="bbox 984 1643 1776 1677">
    <p class='ocr_par' dir='ltr' id='par_1_86' title="bbox 984 1643 1776 1677">
     <span class='ocr_line' id='line_1_86' title="bbox 984 1643 1776 1677; baseline 0.004 -7"><span class='ocrx_word' id='word_1_706' title='bbox 984 1647 1059 1671; x_wconf 79' lang='lat' dir='ltr'><strong>terra</strong></span> <span class='ocrx_word' id='word_1_707' title='bbox 1069 1643 1173 1671; x_wconf 84' lang='lat' dir='ltr'><strong>labium</strong></span> <span class='ocrx_word' id='word_1_708' title='bbox 1191 1651 1287 1677; x_wconf 89' lang='lat' dir='ltr'><strong>unum,</strong></span> <span class='ocrx_word' id='word_1_709' title='bbox 1304 1648 1394 1671; x_wconf 81' lang='lat' dir='ltr'><strong>etvox</strong></span> <span class='ocrx_word' id='word_1_710' title='bbox 1410 1652 1464 1671; x_wconf 89' lang='lat' dir='ltr'><strong>una</strong></span> <span class='ocrx_word' id='word_1_711' title='bbox 1478 1645 1616 1672; x_wconf 90' lang='lat' dir='ltr'><strong>omnibus.</strong></span> <span class='ocrx_word' id='word_1_712' title='bbox 1629 1645 1662 1672; x_wconf 90' lang='lat' dir='ltr'><strong>Et</strong></span> <span class='ocrx_word' id='word_1_713' title='bbox 1674 1645 1776 1673; x_wconf 84' lang='lat' dir='ltr'><strong>factum</strong></span> 
     </span>
    </p>
   </div>
   <div class='ocr_carea' id='block_1_87' title="bbox 983 1689 1776 1724">
    <p class='ocr_par' dir='ltr' id='par_1_87' title="bbox 983 1689 1776 1724">
     <span class='ocr_line' id='line_1_87' title="bbox 983 1689 1776 1724; baseline 0.004 -9"><span class='ocrx_word' id='word_1_714' title='bbox 983 1692 1026 1716; x_wconf 85' lang='lat' dir='ltr'><strong>est</strong></span> <span class='ocrx_word' id='word_1_715' title='bbox 1036 1696 1099 1715; x_wconf 90' lang='lat' dir='ltr'><strong>cum</strong></span> <span class='ocrx_word' id='word_1_716' title='bbox 1109 1693 1287 1719; x_wconf 83' lang='lat' dir='ltr'><strong>moverentur</strong></span> <span class='ocrx_word' id='word_1_717' title='bbox 1295 1689 1347 1724; x_wconf 90' lang='lat' dir='ltr'><strong>ipsi</strong></span> <span class='ocrx_word' id='word_1_718' title='bbox 1358 1689 1394 1716; x_wconf 90' lang='lat' dir='ltr'><strong>ab</strong></span> <span class='ocrx_word' id='word_1_719' title='bbox 1400 1689 1692 1722; x_wconf 85' lang='lat' dir='ltr'><strong>0riente,invenerunt</strong></span> <span class='ocrx_word' id='word_1_720' title='bbox 1700 1699 1776 1718; x_wconf 53' lang='lat' dir='ltr'><strong>eam-</strong></span> 
     </span>
    </p>
   </div>
   <div class='ocr_carea' id='block_1_88' title="bbox 984 1733 1778 1768">
    <p class='ocr_par' dir='ltr' id='par_1_88' title="bbox 984 1733 1778 1768">
     <span class='ocr_line' id='line_1_88' title="bbox 984 1733 1778 1768; baseline 0.004 -8"><span class='ocrx_word' id='word_1_721' title='bbox 984 1741 1050 1768; x_wconf 81' lang='lat' dir='ltr'><strong>pum</strong></span> <span class='ocrx_word' id='word_1_722' title='bbox 1062 1733 1091 1760; x_wconf 90' lang='lat' dir='ltr'><strong>in</strong></span> <span class='ocrx_word' id='word_1_723' title='bbox 1103 1737 1175 1761; x_wconf 85' lang='lat' dir='ltr'><strong>terra</strong></span> <span class='ocrx_word' id='word_1_724' title='bbox 1194 1733 1328 1767; x_wconf 86' lang='lat' dir='ltr'><strong>Scnnaar,</strong></span> <span class='ocrx_word' id='word_1_725' title='bbox 1338 1738 1366 1762; x_wconf 89' lang='lat' dir='ltr'><strong>et</strong></span> <span class='ocrx_word' id='word_1_726' title='bbox 1384 1734 1580 1762; x_wconf 83' lang='lat' dir='ltr'><strong>habitaverunt</strong></span> <span class='ocrx_word' id='word_1_727' title='bbox 1594 1735 1643 1767; x_wconf 89' lang='lat' dir='ltr'><strong>ibi,</strong></span> <span class='ocrx_word' id='word_1_728' title='bbox 1662 1740 1689 1763; x_wconf 89' lang='lat' dir='ltr'><strong>et</strong></span> <span class='ocrx_word' id='word_1_729' title='bbox 1707 1736 1778 1763; x_wconf 84' lang='lat' dir='ltr'><strong>dixit</strong></span> 
     </span>
    </p>
   </div>
   <div class='ocr_carea' id='block_1_89' title="bbox 985 1778 1776 1813">
    <p class='ocr_par' dir='ltr' id='par_1_89' title="bbox 985 1778 1776 1813">
     <span class='ocr_line' id='line_1_89' title="bbox 985 1778 1776 1813; baseline 0.004 -8"><span class='ocrx_word' id='word_1_730' title='bbox 985 1778 1068 1806; x_wconf 84' lang='lat' dir='ltr'><strong>homo</strong></span> <span class='ocrx_word' id='word_1_731' title='bbox 1082 1778 1206 1813; x_wconf 84' lang='lat' dir='ltr'><strong>proximo</strong></span> <span class='ocrx_word' id='word_1_732' title='bbox 1217 1785 1281 1805; x_wconf 87' lang='lat' dir='ltr'><strong>suo:</strong></span> <span class='ocrx_word' id='word_1_733' title='bbox 1292 1779 1398 1811; x_wconf 84' lang='lat' dir='ltr'><strong>Venite,</strong></span> <span class='ocrx_word' id='word_1_734' title='bbox 1411 1778 1543 1806; x_wconf 81' lang='lat' dir='ltr'><strong>faciamus</strong></span> <span class='ocrx_word' id='word_1_735' title='bbox 1557 1780 1667 1812; x_wconf 80' lang='lat' dir='ltr'><strong>lateres,</strong></span> <span class='ocrx_word' id='word_1_736' title='bbox 1685 1785 1713 1807; x_wconf 87' lang='lat' dir='ltr'><strong>et</strong></span> <span class='ocrx_word' id='word_1_737' title='bbox 1728 1789 1776 1808; x_wconf 58' lang='lat' dir='ltr'><strong>co-&#39;</strong></span> 
     </span>
    </p>
   </div>
   <div class='ocr_carea' id='block_1_90' title="bbox 985 1823 1777 1860">
    <p class='ocr_par' dir='ltr' id='par_1_90' title="bbox 985 1823 1777 1860">
     <span class='ocr_line' id='line_1_90' title="bbox 985 1823 1777 1860; baseline 0.005 -10"><span class='ocrx_word' id='word_1_738' title='bbox 985 1831 1102 1858; x_wconf 82' lang='lat' dir='ltr'><strong>quamus</strong></span> <span class='ocrx_word' id='word_1_739' title='bbox 1110 1831 1157 1851; x_wconf 89' lang='lat' dir='ltr'><strong>eos</strong></span> <span class='ocrx_word' id='word_1_740' title='bbox 1167 1823 1237 1859; x_wconf 71' lang='lat' dir='ltr'><strong>igne.</strong></span> <span class='ocrx_word' id='word_1_741' title='bbox 1245 1824 1280 1850; x_wconf 88' lang='lat' dir='ltr'><strong>Et</strong></span> <span class='ocrx_word' id='word_1_742' title='bbox 1287 1823 1375 1851; x_wconf 80' lang='lat' dir='ltr'><strong>factus</strong></span> <span class='ocrx_word' id='word_1_743' title='bbox 1386 1829 1428 1851; x_wconf 89' lang='lat' dir='ltr'><strong>est</strong></span> <span class='ocrx_word' id='word_1_744' title='bbox 1440 1824 1493 1852; x_wconf 87' lang='lat' dir='ltr'><strong>illis</strong></span> <span class='ocrx_word' id='word_1_745' title='bbox 1500 1825 1569 1852; x_wconf 84' lang='lat' dir='ltr'><strong>later</strong></span> <span class='ocrx_word' id='word_1_746' title='bbox 1577 1825 1604 1852; x_wconf 91' lang='lat' dir='ltr'><strong>in</strong></span> <span class='ocrx_word' id='word_1_747' title='bbox 1611 1826 1741 1860; x_wconf 89' lang='lat' dir='ltr'><strong>lapidem,</strong></span> <span class='ocrx_word' id='word_1_748' title='bbox 1748 1831 1777 1854; x_wconf 89' lang='lat' dir='ltr'><strong>et</strong></span> 
     </span>
    </p>
   </div>
   <div class='ocr_carea' id='block_1_91' title="bbox 985 1868 1778 1911">
    <p class='ocr_par' dir='ltr' id='par_1_91' title="bbox 985 1868 1778 1911">
     <span class='ocr_line' id='line_1_91' title="bbox 985 1868 1778 1911; baseline 0.004 -15"><span class='ocrx_word' id='word_1_749' title='bbox 985 1869 1111 1897; x_wconf 85' lang='lat' dir='ltr'><strong>bitumen</strong></span> <span class='ocrx_word' id='word_1_750' title='bbox 1118 1868 1231 1897; x_wconf 82' lang='lat' dir='ltr'><strong>fuitillls</strong></span> <span class='ocrx_word' id='word_1_751' title='bbox 1239 1870 1328 1896; x_wconf 89' lang='lat' dir='ltr'><strong>lutum</strong></span> <span class='ocrx_word' id='word_1_752' title='bbox 1337 1879 1344 1903; x_wconf 83' lang='lat'>;</span> <span class='ocrx_word' id='word_1_753' title='bbox 1354 1874 1382 1897; x_wconf 90' lang='lat' dir='ltr'><strong>et</strong></span> <span class='ocrx_word' id='word_1_754' title='bbox 1389 1870 1533 1897; x_wconf 79' lang='lat' dir='ltr'><strong>dixerunt:</strong></span> <span class='ocrx_word' id='word_1_755' title='bbox 1543 1870 1650 1903; x_wconf 76' lang='lat' dir='ltr'><strong>Venite,</strong></span> <span class='ocrx_word' id='word_1_756' title='bbox 1659 1871 1778 1911; x_wconf 37' lang='lat' dir='ltr'><strong>aediﬁces</strong></span> 
     </span>
    </p>
   </div>
   <div class='ocr_carea' id='block_1_92' title="bbox 985 1914 1778 1952">
    <p class='ocr_par' dir='ltr' id='par_1_92' title="bbox 985 1914 1778 1952">
     <span class='ocr_line' id='line_1_92' title="bbox 985 1914 1778 1952; baseline 0.003 -10"><span class='ocrx_word' id='word_1_757' title='bbox 985 1922 1047 1942; x_wconf 90' lang='lat' dir='ltr'><strong>mus</strong></span> <span class='ocrx_word' id='word_1_758' title='bbox 1056 1915 1136 1942; x_wconf 83' lang='lat' dir='ltr'><strong>nobis</strong></span> <span class='ocrx_word' id='word_1_759' title='bbox 1143 1914 1315 1942; x_wconf 85' lang='lat' dir='ltr'><strong>civitatemet</strong></span> <span class='ocrx_word' id='word_1_760' title='bbox 1323 1915 1431 1947; x_wconf 90' lang='lat' dir='ltr'><strong>turrim,</strong></span> <span class='ocrx_word' id='word_1_761' title='bbox 1439 1916 1517 1950; x_wconf 82' lang='lat' dir='ltr'><strong>cujus</strong></span> <span class='ocrx_word' id='word_1_762' title='bbox 1524 1916 1633 1943; x_wconf 86' lang='lat' dir='ltr'><strong>culmen</strong></span> <span class='ocrx_word' id='word_1_763' title='bbox 1641 1917 1778 1952; x_wconf 75' lang='lat' dir='ltr'><strong>pertingat</strong></span> 
     </span>
    </p>
   </div>
   <div class='ocr_carea' id='block_1_93' title="bbox 985 1960 1776 1996">
    <p class='ocr_par' dir='ltr' id='par_1_93' title="bbox 985 1960 1776 1996">
     <span class='ocr_line' id='line_1_93' title="bbox 985 1960 1776 1996; baseline 0.003 -9"><span class='ocrx_word' id='word_1_764' title='bbox 985 1960 1019 1987; x_wconf 79' lang='lat' dir='ltr'><strong>ad</strong></span> <span class='ocrx_word' id='word_1_765' title='bbox 1033 1961 1144 1993; x_wconf 75' lang='lat' dir='ltr'><strong>cmlum,</strong></span> <span class='ocrx_word' id='word_1_766' title='bbox 1154 1964 1181 1988; x_wconf 89' lang='lat' dir='ltr'><strong>et</strong></span> <span class='ocrx_word' id='word_1_767' title='bbox 1188 1960 1360 1988; x_wconf 87' lang='lat' dir='ltr'><strong>celebremus</strong></span> <span class='ocrx_word' id='word_1_768' title='bbox 1371 1968 1473 1987; x_wconf 87' lang='lat' dir='ltr'><strong>nomen</strong></span> <span class='ocrx_word' id='word_1_769' title='bbox 1482 1964 1617 1993; x_wconf 89' lang='lat' dir='ltr'><strong>nostrum,</strong></span> <span class='ocrx_word' id='word_1_770' title='bbox 1627 1965 1776 1996; x_wconf 86' lang='lat' dir='ltr'><strong>antequam</strong></span> 
     </span>
    </p>
   </div>
   <div class='ocr_carea' id='block_1_94' title="bbox 985 2005 1776 2041">
    <p class='ocr_par' dir='ltr' id='par_1_94' title="bbox 985 2005 1776 2041">
     <span class='ocr_line' id='line_1_94' title="bbox 985 2005 1776 2041; baseline 0.001 -9"><span class='ocrx_word' id='word_1_771' title='bbox 985 2005 1176 2041; x_wconf 79' lang='lat' dir='ltr'><strong>dispergamur</strong></span> <span class='ocrx_word' id='word_1_772' title='bbox 1186 2013 1235 2040; x_wconf 90' lang='lat' dir='ltr'><strong>per</strong></span> <span class='ocrx_word' id='word_1_773' title='bbox 1246 2005 1401 2032; x_wconf 89' lang='lat' dir='ltr'><strong>universam</strong></span> <span class='ocrx_word' id='word_1_774' title='bbox 1414 2007 1525 2032; x_wconf 81' lang='lat' dir='ltr'><strong>terram.</strong></span> <span class='ocrx_word' id='word_1_775' title='bbox 1537 2005 1640 2032; x_wconf 87' lang='lat' dir='ltr'><strong>Deinde</strong></span> <span class='ocrx_word' id='word_1_776' title='bbox 1660 2005 1776 2033; x_wconf 63' lang='lat' dir='ltr'><strong>descenr</strong></span> 
     </span>
    </p>
   </div>
   <div class='ocr_carea' id='block_1_95' title="bbox 986 2050 1774 2088">
    <p class='ocr_par' dir='ltr' id='par_1_95' title="bbox 986 2050 1774 2088">
     <span class='ocr_line' id='line_1_95' title="bbox 986 2050 1774 2088; baseline 0 -9"><span class='ocrx_word' id='word_1_777' title='bbox 986 2051 1027 2079; x_wconf 87' lang='lat' dir='ltr'><strong>dit</strong></span> <span class='ocrx_word' id='word_1_778' title='bbox 1044 2052 1117 2080; x_wconf 84' lang='lat' dir='ltr'><strong>Deus</strong></span> <span class='ocrx_word' id='word_1_779' title='bbox 1130 2051 1178 2088; x_wconf 87' lang='lat' dir='ltr'><strong>(ita</strong></span> <span class='ocrx_word' id='word_1_780' title='bbox 1189 2051 1264 2078; x_wconf 88' lang='lat' dir='ltr'><strong>enim</strong></span> <span class='ocrx_word' id='word_1_781' title='bbox 1274 2050 1314 2078; x_wconf 85' lang='lat' dir='ltr'><strong>ait</strong></span> <span class='ocrx_word' id='word_1_782' title='bbox 1328 2058 1405 2078; x_wconf 86' lang='lat' dir='ltr'><strong>sacra</strong></span> <span class='ocrx_word' id='word_1_783' title='bbox 1419 2050 1582 2086; x_wconf 78' lang='lat' dir='ltr'><strong>Scriptura),</strong></span> <span class='ocrx_word' id='word_1_784' title='bbox 1591 2055 1618 2078; x_wconf 89' lang='lat' dir='ltr'><strong>et</strong></span> <span class='ocrx_word' id='word_1_785' title='bbox 1631 2051 1774 2079; x_wconf 78' lang='lat' dir='ltr'><strong>confundit</strong></span> 
     </span>
    </p>
   </div>
   <div class='ocr_carea' id='block_1_96' title="bbox 986 2097 1774 2133">
    <p class='ocr_par' dir='ltr' id='par_1_96' title="bbox 986 2097 1774 2133">
     <span class='ocr_line' id='line_1_96' title="bbox 986 2097 1774 2133; baseline -0.001 -8"><span class='ocrx_word' id='word_1_786' title='bbox 986 2098 1097 2133; x_wconf 90' lang='lat' dir='ltr'><strong>quidem</strong></span> <span class='ocrx_word' id='word_1_787' title='bbox 1110 2105 1205 2125; x_wconf 86' lang='lat' dir='ltr'><strong>eorum</strong></span> <span class='ocrx_word' id='word_1_788' title='bbox 1218 2097 1336 2133; x_wconf 71' lang='lat' dir='ltr'><strong>linguas,</strong></span> <span class='ocrx_word' id='word_1_789' title='bbox 1348 2097 1532 2132; x_wconf 88' lang='lat' dir='ltr'><strong>dispersitque</strong></span> <span class='ocrx_word' id='word_1_790' title='bbox 1542 2104 1590 2124; x_wconf 86' lang='lat' dir='ltr'><strong>eos</strong></span> <span class='ocrx_word' id='word_1_791' title='bbox 1597 2104 1647 2132; x_wconf 89' lang='lat' dir='ltr'><strong>per</strong></span> <span class='ocrx_word' id='word_1_792' title='bbox 1662 2097 1774 2125; x_wconf 88' lang='lat' dir='ltr'><strong>univer-</strong></span> 
     </span>
    </p>
   </div>
   <div class='ocr_carea' id='block_1_97' title="bbox 987 2143 1775 2171">
    <p class='ocr_par' dir='ltr' id='par_1_97' title="bbox 987 2143 1775 2171">
     <span class='ocr_line' id='line_1_97' title="bbox 987 2143 1775 2171; baseline -0.003 0"><span class='ocrx_word' id='word_1_793' title='bbox 987 2151 1045 2171; x_wconf 86' lang='lat' dir='ltr'><strong>sam</strong></span> <span class='ocrx_word' id='word_1_794' title='bbox 1058 2147 1158 2171; x_wconf 90' lang='lat' dir='ltr'><strong>terram</strong></span> <span class='ocrx_word' id='word_1_795' title='bbox 1172 2143 1205 2171; x_wconf 76' lang='grc'><strong>⁵³,</strong></span> <span class='ocrx_word' id='word_1_796' title='bbox 1225 2153 1233 2169; x_wconf 84' lang='grc'><strong>›</strong></span> <span class='ocrx_word' id='word_1_797' title='bbox 1254 2143 1314 2171; x_wconf 91' lang='lat' dir='ltr'><strong>Non</strong></span> <span class='ocrx_word' id='word_1_798' title='bbox 1329 2143 1403 2170; x_wconf 91' lang='lat' dir='ltr'><strong>enim</strong></span> <span class='ocrx_word' id='word_1_799' title='bbox 1417 2143 1522 2170; x_wconf 86' lang='lat' dir='ltr'><strong>veritus</strong></span> <span class='ocrx_word' id='word_1_800' title='bbox 1533 2145 1576 2170; x_wconf 90' lang='lat' dir='ltr'><strong>est</strong></span> <span class='ocrx_word' id='word_1_801' title='bbox 1590 2149 1686 2169; x_wconf 92' lang='lat' dir='ltr'><strong>eorum</strong></span> <span class='ocrx_word' id='word_1_802' title='bbox 1703 2143 1775 2169; x_wconf 89' lang='lat' dir='ltr'><strong>stul-</strong></span> 
     </span>
    </p>
   </div>
   <div class='ocr_carea' id='block_1_98' title="bbox 987 2188 1774 2225">
    <p class='ocr_par' dir='ltr' id='par_1_98' title="bbox 987 2188 1774 2225">
     <span class='ocr_line' id='line_1_98' title="bbox 987 2188 1774 2225; baseline -0.005 -7"><span class='ocrx_word' id='word_1_803' title='bbox 987 2194 1029 2218; x_wconf 89' lang='lat' dir='ltr'><strong>tos</strong></span> <span class='ocrx_word' id='word_1_804' title='bbox 1044 2194 1159 2218; x_wconf 85' lang='lat' dir='ltr'><strong>conatus</strong></span> <span class='ocrx_word' id='word_1_805' title='bbox 1175 2190 1257 2222; x_wconf 84' lang='lat' dir='ltr'><strong>Deus,</strong></span> <span class='ocrx_word' id='word_1_806' title='bbox 1280 2197 1370 2225; x_wconf 88' lang='lat' dir='ltr'><strong>neque</strong></span> <span class='ocrx_word' id='word_1_807' title='bbox 1389 2188 1482 2224; x_wconf 79' lang='lat' dir='ltr'><strong>perlici</strong></span> <span class='ocrx_word' id='word_1_808' title='bbox 1504 2188 1647 2224; x_wconf 83' lang='lat' dir='ltr'><strong>permisit;</strong></span> <span class='ocrx_word' id='word_1_809' title='bbox 1661 2192 1689 2215; x_wconf 86' lang='lat' dir='ltr'><strong>at</strong></span> <span class='ocrx_word' id='word_1_810' title='bbox 1707 2195 1774 2215; x_wconf 87' lang='lat' dir='ltr'><strong>vero</strong></span> 
     </span>
    </p>
   </div>
   <div class='ocr_carea' id='block_1_99' title="bbox 987 2233 1774 2271">
    <p class='ocr_par' dir='ltr' id='par_1_99' title="bbox 987 2233 1774 2271">
     <span class='ocr_line' id='line_1_99' title="bbox 987 2233 1774 2271; baseline -0.003 -7"><span class='ocrx_word' id='word_1_811' title='bbox 987 2243 1045 2268; x_wconf 87' lang='lat' dir='ltr'><strong>eos,</strong></span> <span class='ocrx_word' id='word_1_812' title='bbox 1060 2240 1155 2271; x_wconf 88' lang='lat' dir='ltr'><strong>utpote</strong></span> <span class='ocrx_word' id='word_1_813' title='bbox 1180 2243 1310 2271; x_wconf 83' lang='lat' dir='ltr'><strong>arrogans</strong></span> <span class='ocrx_word' id='word_1_814' title='bbox 1320 2235 1427 2262; x_wconf 79' lang='lat' dir='ltr'><strong>facinus</strong></span> <span class='ocrx_word' id='word_1_815' title='bbox 1444 2241 1595 2270; x_wconf 79' lang='lat' dir='ltr'><strong>aggressos,</strong></span> <span class='ocrx_word' id='word_1_816' title='bbox 1610 2234 1704 2261; x_wconf 88' lang='lat' dir='ltr'><strong>innata</strong></span> <span class='ocrx_word' id='word_1_817' title='bbox 1720 2233 1774 2262; x_wconf 81' lang='lat' dir='ltr'><strong>sibi</strong></span> 
     </span>
    </p>
   </div>
   <div class='ocr_carea' id='block_1_100' title="bbox 988 2279 1773 2316">
    <p class='ocr_par' dir='ltr' id='par_1_100' title="bbox 988 2279 1773 2316">
     <span class='ocr_line' id='line_1_100' title="bbox 988 2279 1773 2316; baseline -0.003 -8"><span class='ocrx_word' id='word_1_818' title='bbox 988 2281 1156 2316; x_wconf 78' lang='lat' dir='ltr'><strong>benignitate</strong></span> <span class='ocrx_word' id='word_1_819' title='bbox 1173 2289 1249 2313; x_wconf 76' lang='lat' dir='ltr'><strong>usus,</strong></span> <span class='ocrx_word' id='word_1_820' title='bbox 1257 2281 1412 2316; x_wconf 79' lang='lat' dir='ltr'><strong>linguarum</strong></span> <span class='ocrx_word' id='word_1_821' title='bbox 1421 2280 1582 2307; x_wconf 82' lang='lat' dir='ltr'><strong>confusione</strong></span> <span class='ocrx_word' id='word_1_822' title='bbox 1598 2279 1632 2307; x_wconf 88' lang='lat' dir='ltr'><strong>ab</strong></span> <span class='ocrx_word' id='word_1_823' title='bbox 1646 2279 1773 2306; x_wconf 87' lang='lat' dir='ltr'><strong>instituto</strong></span> 
     </span>
    </p>
   </div>
   <div class='ocr_carea' id='block_1_101' title="bbox 989 2325 1774 2364">
    <p class='ocr_par' dir='ltr' id='par_1_101' title="bbox 989 2325 1774 2364">
     <span class='ocr_line' id='line_1_101' title="bbox 989 2325 1774 2364; baseline -0.004 -9"><span class='ocrx_word' id='word_1_824' title='bbox 989 2331 1109 2360; x_wconf 82' lang='lat' dir='ltr'><strong>revocat,</strong></span> <span class='ocrx_word' id='word_1_825' title='bbox 1135 2327 1293 2364; x_wconf 77' lang='lat' dir='ltr'><strong>signiﬁcans</strong></span> <span class='ocrx_word' id='word_1_826' title='bbox 1309 2327 1434 2359; x_wconf 87' lang='lat' dir='ltr'><strong>consilia,</strong></span> <span class='ocrx_word' id='word_1_827' title='bbox 1450 2334 1511 2361; x_wconf 67' lang='lat' dir='ltr'><strong>qua:</strong></span> <span class='ocrx_word' id='word_1_828' title='bbox 1525 2333 1607 2361; x_wconf 85' lang='lat' dir='ltr'><strong>supra</strong></span> <span class='ocrx_word' id='word_1_829' title='bbox 1633 2325 1774 2353; x_wconf 84' lang='lat' dir='ltr'><strong>hominem</strong></span> 
     </span>
    </p>
   </div>
   <div class='ocr_carea' id='block_1_102' title="bbox 990 2372 1776 2409">
    <p class='ocr_par' dir='ltr' id='par_1_102' title="bbox 990 2372 1776 2409">
     <span class='ocr_line' id='line_1_102' title="bbox 990 2372 1776 2409; baseline -0.005 -7"><span class='ocrx_word' id='word_1_830' title='bbox 990 2379 1055 2402; x_wconf 84' lang='lat' dir='ltr'><strong>sunt</strong></span> <span class='ocrx_word' id='word_1_831' title='bbox 1079 2378 1107 2402; x_wconf 86' lang='lat' dir='ltr'><strong>et</strong></span> <span class='ocrx_word' id='word_1_832' title='bbox 1129 2374 1164 2401; x_wconf 87' lang='lat' dir='ltr'><strong>ad</strong></span> <span class='ocrx_word' id='word_1_833' title='bbox 1194 2374 1373 2409; x_wconf 85' lang='lat' dir='ltr'><strong>impossibilia</strong></span> <span class='ocrx_word' id='word_1_834' title='bbox 1396 2372 1576 2403; x_wconf 82' lang='lat' dir='ltr'><strong>contendunt.</strong></span> <span class='ocrx_word' id='word_1_835' title='bbox 1603 2379 1776 2407; x_wconf 86' lang='lat' dir='ltr'><strong>nequaquam</strong></span> 
     </span>
    </p>
   </div>
   <div class='ocr_carea' id='block_1_103' title="bbox 988 2418 1776 2455">
    <p class='ocr_par' dir='ltr' id='par_1_103' title="bbox 988 2418 1776 2455">
     <span class='ocr_line' id='line_1_103' title="bbox 988 2418 1776 2455; baseline -0.004 -8"><span class='ocrx_word' id='word_1_836' title='bbox 988 2420 1123 2455; x_wconf 85' lang='lat' dir='ltr'><strong>impunita</strong></span> <span class='ocrx_word' id='word_1_837' title='bbox 1144 2419 1270 2455; x_wconf 87' lang='lat' dir='ltr'><strong>relinqui.</strong></span> <span class='ocrx_word' id='word_1_838' title='bbox 1287 2419 1437 2447; x_wconf 82' lang='lat' dir='ltr'><strong>Confundit</strong></span> <span class='ocrx_word' id='word_1_839' title='bbox 1462 2419 1554 2453; x_wconf 85' lang='lat' dir='ltr'><strong>itaque</strong></span> <span class='ocrx_word' id='word_1_840' title='bbox 1569 2418 1676 2453; x_wconf 79' lang='lat' dir='ltr'><strong>linguas</strong></span> <span class='ocrx_word' id='word_1_841' title='bbox 1693 2426 1699 2444; x_wconf 89' lang='lat'><strong>:</strong></span> <span class='ocrx_word' id='word_1_842' title='bbox 1714 2422 1776 2453; x_wconf 60' lang='lat' dir='ltr'><strong>qua;</strong></span> 
     </span>
    </p>
   </div>
   <div class='ocr_carea' id='block_1_104' title="bbox 989 2464 1774 2499">
    <p class='ocr_par' dir='ltr' id='par_1_104' title="bbox 989 2464 1774 2499">
     <span class='ocr_line' id='line_1_104' title="bbox 989 2464 1774 2499; baseline -0.005 -5"><span class='ocrx_word' id='word_1_843' title='bbox 989 2467 1063 2494; x_wconf 84' lang='lat' dir='ltr'><strong>enim</strong></span> <span class='ocrx_word' id='word_1_844' title='bbox 1075 2466 1161 2494; x_wconf 86' lang='lat' dir='ltr'><strong>solius</strong></span> <span class='ocrx_word' id='word_1_845' title='bbox 1176 2465 1315 2494; x_wconf 85' lang='lat' dir='ltr'><strong>Creatoris</strong></span> <span class='ocrx_word' id='word_1_846' title='bbox 1325 2464 1444 2491; x_wconf 83' lang='lat' dir='ltr'><strong>artiﬁcio</strong></span> <span class='ocrx_word' id='word_1_847' title='bbox 1455 2468 1537 2499; x_wconf 84' lang='lat' dir='ltr'><strong>atque</strong></span> <span class='ocrx_word' id='word_1_848' title='bbox 1545 2464 1667 2498; x_wconf 83' lang='lat' dir='ltr'><strong>potentia</strong></span> <span class='ocrx_word' id='word_1_849' title='bbox 1682 2467 1774 2498; x_wconf 72' lang='lat' dir='ltr'><strong>egent.</strong></span> 
     </span>
    </p>
   </div>
   <div class='ocr_carea' id='block_1_105' title="bbox 988 2510 1774 2545">
    <p class='ocr_par' dir='ltr' id='par_1_105' title="bbox 988 2510 1774 2545">
     <span class='ocr_line' id='line_1_105' title="bbox 988 2510 1774 2545; baseline -0.005 -5"><span class='ocrx_word' id='word_1_850' title='bbox 988 2513 1092 2540; x_wconf 84' lang='lat' dir='ltr'><strong>nemini</strong></span> <span class='ocrx_word' id='word_1_851' title='bbox 1108 2517 1182 2540; x_wconf 87' lang='lat' dir='ltr'><strong>certe</strong></span> <span class='ocrx_word' id='word_1_852' title='bbox 1194 2511 1271 2539; x_wconf 85' lang='lat' dir='ltr'><strong>alteri</strong></span> <span class='ocrx_word' id='word_1_853' title='bbox 1289 2517 1369 2545; x_wconf 87' lang='lat' dir='ltr'><strong>quam</strong></span> <span class='ocrx_word' id='word_1_854' title='bbox 1386 2510 1448 2545; x_wconf 90' lang='lat' dir='ltr'><strong>ipsi,</strong></span> <span class='ocrx_word' id='word_1_855' title='bbox 1466 2510 1616 2545; x_wconf 86' lang='lat' dir='ltr'><strong>etquidem</strong></span> <span class='ocrx_word' id='word_1_856' title='bbox 1629 2510 1690 2541; x_wconf 88' lang='lat' dir='ltr'><strong>soli,</strong></span> <span class='ocrx_word' id='word_1_857' title='bbox 1708 2517 1774 2537; x_wconf 53' lang='lat' dir='ltr'><strong>cont</strong></span> 
     </span>
    </p>
   </div>
   <div class='ocr_carea' id='block_1_106' title="bbox 989 2555 1775 2591">
    <p class='ocr_par' dir='ltr' id='par_1_106' title="bbox 989 2555 1775 2591">
     <span class='ocr_line' id='line_1_106' title="bbox 989 2555 1775 2591; baseline -0.004 -6"><span class='ocrx_word' id='word_1_858' title='bbox 989 2558 1114 2586; x_wconf 84' lang='lat' dir='ltr'><strong>veniunt.</strong></span> <span class='ocrx_word' id='word_1_859' title='bbox 1132 2557 1244 2591; x_wconf 59' lang='lat' dir='ltr'><strong>Linguae</strong></span> <span class='ocrx_word' id='word_1_860' title='bbox 1256 2563 1321 2583; x_wconf 84' lang='lat' dir='ltr'><strong>vero</strong></span> <span class='ocrx_word' id='word_1_861' title='bbox 1337 2555 1605 2588; x_wconf 86' lang='lat' dir='ltr'><strong>transmutationem,</strong></span> <span class='ocrx_word' id='word_1_862' title='bbox 1626 2555 1775 2582; x_wconf 42' lang='lat' dir='ltr'><strong>sermonis-ﬁ</strong></span> 
     </span>
    </p>
   </div>
   <div class='ocr_carea' id='block_1_107' title="bbox 990 2599 1776 2637">
    <p class='ocr_par' dir='ltr' id='par_1_107' title="bbox 990 2599 1776 2637">
     <span class='ocr_line' id='line_1_107' title="bbox 990 2599 1776 2637; baseline -0.005 -7"><span class='ocrx_word' id='word_1_863' title='bbox 990 2610 1044 2637; x_wconf 87' lang='lat' dir='ltr'><strong>que</strong></span> <span class='ocrx_word' id='word_1_864' title='bbox 1059 2603 1088 2629; x_wconf 86' lang='lat' dir='ltr'><strong>in</strong></span> <span class='ocrx_word' id='word_1_865' title='bbox 1112 2601 1251 2629; x_wconf 83' lang='lat' dir='ltr'><strong>diversum</strong></span> <span class='ocrx_word' id='word_1_866' title='bbox 1276 2607 1373 2627; x_wconf 86' lang='lat' dir='ltr'><strong>sonum</strong></span> <span class='ocrx_word' id='word_1_867' title='bbox 1400 2600 1650 2635; x_wconf 84' lang='lat' dir='ltr'><strong>ampliﬁcationem,</strong></span> <span class='ocrx_word' id='word_1_868' title='bbox 1676 2599 1776 2626; x_wconf 90' lang='lat' dir='ltr'><strong>merito</strong></span> 
     </span>
    </p>
   </div>
   <div class='ocr_carea' id='block_1_108' title="bbox 991 2644 1775 2682">
    <p class='ocr_par' dir='ltr' id='par_1_108' title="bbox 991 2644 1775 2682">
     <span class='ocr_line' id='line_1_108' title="bbox 991 2644 1775 2682; baseline -0.004 -8"><span class='ocrx_word' id='word_1_869' title='bbox 991 2647 1054 2682; x_wconf 90' lang='lat' dir='ltr'><strong>quis</strong></span> <span class='ocrx_word' id='word_1_870' title='bbox 1071 2646 1228 2674; x_wconf 85' lang='lat' dir='ltr'><strong>solirevera</strong></span> <span class='ocrx_word' id='word_1_871' title='bbox 1241 2645 1404 2672; x_wconf 86' lang='lat' dir='ltr'><strong>naturaliter</strong></span> <span class='ocrx_word' id='word_1_872' title='bbox 1421 2645 1564 2673; x_wconf 84' lang='lat' dir='ltr'><strong>exsistenti</strong></span> <span class='ocrx_word' id='word_1_873' title='bbox 1581 2645 1704 2672; x_wconf 83' lang='lat' dir='ltr'><strong>Creatori</strong></span> <span class='ocrx_word' id='word_1_874' title='bbox 1724 2644 1775 2671; x_wconf 88' lang='lat' dir='ltr'><strong>tri-</strong></span> 
     </span>
    </p>
   </div>
   <div class='ocr_carea' id='block_1_109' title="bbox 991 2689 1775 2726">
    <p class='ocr_par' dir='ltr' id='par_1_109' title="bbox 991 2689 1775 2726">
     <span class='ocr_line' id='line_1_109' title="bbox 991 2689 1775 2726; baseline -0.005 -7"><span class='ocrx_word' id='word_1_875' title='bbox 991 2691 1092 2719; x_wconf 85' lang='lat' dir='ltr'><strong>buerit.</strong></span> <span class='ocrx_word' id='word_1_876' title='bbox 1107 2690 1160 2726; x_wconf 54' lang='lat'><strong>55</strong></span> <span class='ocrx_word' id='word_1_877' title='bbox 1169 2689 1263 2726; x_wconf 79' lang='lat' dir='ltr'><strong>Neque</strong></span> <span class='ocrx_word' id='word_1_878' title='bbox 1281 2697 1348 2717; x_wconf 85' lang='lat' dir='ltr'><strong>vero</strong></span> <span class='ocrx_word' id='word_1_879' title='bbox 1367 2689 1507 2717; x_wconf 88' lang='lat' dir='ltr'><strong>immerito</strong></span> <span class='ocrx_word' id='word_1_880' title='bbox 1531 2689 1641 2716; x_wconf 91' lang='lat' dir='ltr'><strong>illorum</strong></span> <span class='ocrx_word' id='word_1_881' title='bbox 1663 2689 1775 2716; x_wconf 46' lang='lat' dir='ltr'><strong>institui</strong></span> 
     </span>
    </p>
   </div>
   <div class='ocr_carea' id='block_1_110' title="bbox 991 2734 1775 2770">
    <p class='ocr_par' dir='ltr' id='par_1_110' title="bbox 991 2734 1775 2770">
     <span class='ocr_line' id='line_1_110' title="bbox 991 2734 1775 2770; baseline -0.004 -6"><span class='ocrx_word' id='word_1_882' title='bbox 991 2741 1050 2764; x_wconf 81' lang='lat' dir='ltr'><strong>tum</strong></span> <span class='ocrx_word' id='word_1_883' title='bbox 1076 2736 1223 2764; x_wconf 89' lang='lat' dir='ltr'><strong>ridiculum</strong></span> <span class='ocrx_word' id='word_1_884' title='bbox 1242 2735 1330 2763; x_wconf 85' lang='lat' dir='ltr'><strong>videri</strong></span> <span class='ocrx_word' id='word_1_885' title='bbox 1358 2736 1454 2770; x_wconf 87' lang='lat' dir='ltr'><strong>possit.</strong></span> <span class='ocrx_word' id='word_1_886' title='bbox 1478 2735 1678 2763; x_wconf 75' lang='lat' dir='ltr'><strong>Existimarunt</strong></span> <span class='ocrx_word' id='word_1_887' title='bbox 1690 2734 1775 2767; x_wconf 71' lang='lat' dir='ltr'><strong>eum,</strong></span> 
     </span>
    </p>
   </div>
   <div class='ocr_carea' id='block_1_111' title="bbox 991 2777 1774 2817">
    <p class='ocr_par' dir='ltr' id='par_1_111' title="bbox 991 2777 1774 2817">
     <span class='ocr_line' id='line_1_111' title="bbox 991 2777 1774 2817; baseline -0.004 -8"><span class='ocrx_word' id='word_1_888' title='bbox 991 2782 1086 2810; x_wconf 88' lang='lat' dir='ltr'><strong>nescio</strong></span> <span class='ocrx_word' id='word_1_889' title='bbox 1099 2789 1155 2817; x_wconf 86' lang='lat' dir='ltr'><strong>quo</strong></span> <span class='ocrx_word' id='word_1_890' title='bbox 1169 2785 1260 2816; x_wconf 89' lang='lat' dir='ltr'><strong>pacto,</strong></span> <span class='ocrx_word' id='word_1_891' title='bbox 1274 2788 1303 2808; x_wconf 87' lang='lat' dir='ltr'><strong>se</strong></span> <span class='ocrx_word' id='word_1_892' title='bbox 1324 2788 1358 2808; x_wconf 84' lang='lat' dir='ltr'><strong>ex</strong></span> <span class='ocrx_word' id='word_1_893' title='bbox 1376 2777 1510 2809; x_wconf 67' lang='lat' dir='ltr'><strong>lateribus</strong></span> <span class='ocrx_word' id='word_1_894' title='bbox 1526 2784 1556 2808; x_wconf 86' lang='lat' dir='ltr'><strong>et</strong></span> <span class='ocrx_word' id='word_1_895' title='bbox 1581 2780 1640 2808; x_wconf 81' lang='lat' dir='ltr'><strong>luto</strong></span> <span class='ocrx_word' id='word_1_896' title='bbox 1667 2779 1774 2812; x_wconf 81' lang='lat' dir='ltr'><strong>turrim,</strong></span> 
     </span>
    </p>
   </div>
   <div class='ocr_carea' id='block_1_112' title="bbox 188 2869 934 2928">
    <p class='ocr_par' dir='ltr' id='par_1_112' title="bbox 188 2871 934 2914">
     <span class='ocr_line' id='line_1_112' title="bbox 188 2871 934 2914; baseline -0.007 -9"><span class='ocrx_word' id='word_1_897' title='bbox 188 2877 208 2894; x_wconf 70' lang='grc' dir='ltr'><strong>ιν</strong></span> <span class='ocrx_word' id='word_1_898' title='bbox 226 2877 293 2905; x_wconf 87' lang='lat' dir='ltr'><strong>Gen.</strong></span> <span class='ocrx_word' id='word_1_899' title='bbox 307 2885 346 2911; x_wconf 77' lang='lat' dir='ltr'><strong>ix,</strong></span> <span class='ocrx_word' id='word_1_900' title='bbox 364 2876 409 2903; x_wconf 67' lang='lat'><strong>27.</strong></span> <span class='ocrx_word' id='word_1_901' title='bbox 448 2875 472 2891; x_wconf 87' lang='lat'><strong>&#39;°</strong></span> <span class='ocrx_word' id='word_1_902' title='bbox 488 2872 691 2913; x_wconf 48' lang='grc' dir='ltr'><strong>πολυηνιιιβὸ.</strong></span> <span class='ocrx_word' id='word_1_903' title='bbox 729 2873 749 2891; x_wconf 82' lang='grc'><strong>⁵¹</strong></span> <span class='ocrx_word' id='word_1_904' title='bbox 765 2873 833 2914; x_wconf 77' lang='lat' dir='ltr'><strong>Gen.</strong></span> <span class='ocrx_word' id='word_1_905' title='bbox 852 2879 892 2909; x_wconf 83' lang='grc' dir='ltr'>ιιι,</span> <span class='ocrx_word' id='word_1_906' title='bbox 911 2871 934 2901; x_wconf 77' lang='lat' dir='ltr'><strong>tt</strong></span> 
     </span>
    </p>
   </div>
   <div class='ocr_carea' id='block_1_113' title="bbox 987 2869 1478 2928">
    <p class='ocr_par' dir='ltr' id='par_1_113' title="bbox 990 2869 1478 2911">
     <span class='ocr_line' id='line_1_113' title="bbox 990 2869 1478 2911; baseline -0.01 -10"><span class='ocrx_word' id='word_1_907' title='bbox 990 2869 1098 2911; x_wconf 61' lang='lat' dir='ltr'><strong>9’_Gen.</strong></span> <span class='ocrx_word' id='word_1_908' title='bbox 1115 2879 1151 2907; x_wconf 74' lang='lat' dir='ltr'><strong>vr,</strong></span> <span class='ocrx_word' id='word_1_909' title='bbox 1169 2871 1196 2899; x_wconf 75' lang='grc'><strong>5.</strong></span> <span class='ocrx_word' id='word_1_910' title='bbox 1218 2871 1260 2911; x_wconf 41' lang='grc' dir='ltr'><strong>Δι’</strong></span> <span class='ocrx_word' id='word_1_911' title='bbox 1272 2870 1338 2902; x_wconf 73' lang='lat' dir='ltr'><strong>Gen.</strong></span> <span class='ocrx_word' id='word_1_912' title='bbox 1355 2878 1392 2906; x_wconf 77' lang='grc' dir='ltr'><strong>ιι,</strong></span> <span class='ocrx_word' id='word_1_913' title='bbox 1418 2870 1478 2897; x_wconf 74' lang='grc'><strong>1-8.</strong></span> 
     </span>
    </p>
   </div>
  </div>
