1990 3046
222 165 256 194 79

737 167 765 195 S.
786 165 924 195 ΟΥΕ-ΠΑΙΔΙ
943 164 1176 193 ΑΙςΕΧΑΝΒΠΙΝΙ
1196 166 1352 195 ARCHIEP.

1811 167 1846 195 80

222 232 283 259 qum
300 223 333 251 ad
346 223 430 252 caelos
450 231 535 259 usque
555 224 732 259 pertingeret,
750 224 886 252 aediﬁcare
900 224 1004 251 omnim

1070 223 1246 259 ’Υπειλήφασι
1254 225 1318 259 γὰρ,
1328 223 1377 250 οὐκ
1388 219 1437 250 οἷδ’
1451 222 1534 256 ὅπως,
1545 222 1668 258 πάντητε
1681 222 1727 250 καὶ
1739 223 1847 256 πάντως

222 271 436 306 posse.Fucrint
449 275 540 298 autem
556 271 595 304 hi,
610 270 638 297 ni
657 270 745 303 fallor,
761 275 840 306 typus
854 270 1010 298 Judzeorum

223 315 426 350 imp‘rudentiw,
439 315 488 350 qui
504 323 532 342 se
546 315 696 342 amicitiam
714 323 776 342 cum
792 316 849 342 Deo
863 315 1011 349 inirepos-

222 368 250 387 se
263 360 493 394 putabant,atque
502 364 612 388 tantum
625 367 680 387 non
691 359 797 387 aditum
813 359 840 386 in
849 359 949 386 malum
957 358 1009 386 sibi

222 410 358 438 sternere,
372 412 428 432 non
440 413 471 432 ea
493 413 554 440 qua:
565 405 617 441 ipsi
631 405 782 440 placebant.
790 409 922 440 grataque
930 407 1010 432 erant

219 450 363 482 facientes,
382 458 471 485 neque
484 459 534 486 per
555 451 637 479 ﬁdem
659 451 687 477 in
706 450 868 484 Christum;
885 451 934 478 sed
953 451 1011 479 vcl-

221 494 262 521 uti
286 495 383 521 turrim
400 494 546 529 quamdam
563 494 716 529 erigentes,
744 494 846 522 nudam
871 503 904 523 ac
924 495 1009 523 solam

219 545 329 576 patrum
348 548 461 568 suorum
472 540 595 575 gloriam,
609 544 636 567 et
649 539 685 567 ob
705 548 764 568 eam
777 548 882 569 summa
895 549 1009 576 qumque

221 586 414 622 imprudenter
434 586 487 613 sibi
506 585 677 620 pollicentes.
702 586 805 614 Passim
828 587 902 614 enim
925 588 1010 615 Abra-

220 631 284 659 ham
298 632 482 662 nominantes,
499 635 527 658 et
546 635 717 658 terrenarum
731 639 823 659 rerum
834 633 946 668 gloriam
955 633 1008 661 sibi

219 682 374 705 astrucntcs
398 677 537 704 videntur.
561 676 698 704 Caeterum
723 677 810 706 iratus
837 683 881 707 est
894 679 935 707 eis
960 679 1008 715 qui

219 724 317 751 turrim
337 722 510 751 aediﬁcabant
526 723 608 756 Deus,
630 727 658 751 et
679 723 707 751 in
724 724 823 752 multas
838 732 886 753 eos
902 725 1009 761 linguas

218 769 321 797 divisit.
354 768 432 802 Quod
465 777 531 797 vero
558 770 612 798 illis
639 771 740 798 accidit
764 775 830 799 tunc
863 773 1006 808 temporis,

217 815 360 850 praedictio
383 814 436 842 fuit
452 823 548 843 eorum
566 823 627 851 qua:
644 816 745 845 Iudaeis
754 822 920 845 evenerunt:
941 818 1007 846 sub-

214 861 293 888 limia
308 860 384 888 enim
403 860 553 888 admodum
570 861 735 897 cogitantes,
759 865 788 890 et
806 869 856 897 per
870 870 931 897 quae
954 862 1007 890 mi-

218 907 292 935 nime
310 911 419 942 oportet
430 907 535 934 aditum
547 907 601 945 sibi
612 907 648 934 ad
665 907 915 943 cmiumparantes,
926 908 1007 937 dissi-
1022 899 1044 927 Β

216 953 272 988 pati
287 956 351 980 sunt
361 952 389 979 in
400 952 489 980 varias
503 952 620 988 linguas,
636 952 689 980 hoc
701 957 754 986 est,
776 953 808 981 in
827 961 924 982 omnes
940 962 1007 990 gen-

209 1003 269 1026 .tes.
288 998 410 1033 Dispersi
423 998 496 1026 enim
520 1001 585 1026 sunt
603 1006 651 1026 sua
664 999 785 1033 regione,
811 999 881 1027 urbe
903 1007 936 1027 ac
956 999 1006 1027 do-

217 1045 309 1073 mibus
323 1044 442 1080 expulsi,
462 1048 490 1072 et
511 1044 577 1072 facti
597 1049 663 1072 sunt
684 1045 795 1072 erronei
816 1045 844 1072 in
867 1045 1005 1081 gentibus,

215 1093 292 1127 juxta
305 1091 450 1127 Propheta:
465 1098 559 1118 vocem
575 1090 608 1117 ".
629 1090 766 1119 Caeterum
790 1091 818 1119 in
832 1091 942 1119 Christo
959 1099 1007 1119 va-

217 1138 301 1165 rietas
315 1137 472 1172 linguarum
484 1136 589 1164 bonum
601 1136 710 1172 signum
735 1141 805 1165 erat.
829 1137 1006 1173 Congregatis

215 1184 290 1211 enim
316 1182 459 1218 discipulis
472 1182 516 1210 die
529 1183 705 1210 Pentecostes
724 1182 751 1209 in
767 1190 850 1210 unam
876 1182 1004 1210 domum:

210 1239 230 1255 .‹
241 1230 341 1257 Factus
348 1232 400 1262 est,
415 1239 424 1255 I
440 1229 541 1264 inquit,
560 1238 569 1254 ι
581 1233 693 1264 repente
708 1229 742 1257 de
756 1229 825 1257 caelo
836 1237 921 1257 sonus
943 1233 1004 1257 tan-

215 1282 298 1310 quam
311 1275 416 1310 impetu
431 1274 569 1302 venientis
584 1273 665 1302 ﬁatus
675 1274 856 1307 vehementis,
874 1278 902 1301 et
914 1274 1004 1310 reple-

215 1321 256 1348 vit
270 1325 355 1348 totam
365 1321 478 1347 domum
490 1320 537 1348 ubi
555 1324 634 1348 erant
647 1320 784 1348 sedentes.
809 1320 843 1347 Et
864 1320 929 1348 visa:
940 1324 1006 1348 sunt

215 1367 271 1395 illis
287 1367 414 1394 dissectre
440 1367 541 1402 linguae
559 1366 635 1393 velut
655 1366 750 1401 igneae,
765 1365 892 1400 seditque
922 1373 1005 1401 super

210 1411 340 1447 singulos
348 1418 455 1444 eorum,
468 1415 496 1438 ct
505 1410 604 1445 repleti
617 1413 682 1437 sunt
697 1418 793 1439 omnes
817 1411 920 1446 Spiritu
944 1419 1006 1438 san-

214 1461 270 1489 cto,
282 1459 482 1492 cceperuntque
503 1455 578 1490 loqui
605 1455 668 1482 aliis
682 1456 794 1491 linguis,
813 1460 899 1491 prout
918 1456 1005 1491 Spiri—

210 1506 261 1530 lus
271 1502 356 1529 dabat
364 1500 456 1536 eloqui
473 1500 530 1527 illis
543 1499 577 1526 ⁸⁸.
589 1509 598 1525 ι
627 1499 699 1533 Quid
712 1508 780 1528 vero
800 1500 1004 1535 loquebantur?

213 1547 407 1584 suppeditante
427 1545 494 1581 ipsis
516 1546 621 1581 Spiritu
645 1546 752 1573 aditum
781 1545 816 1573 ad
834 1553 964 1581 superna,
976 1550 1005 1574 et

209 1601 358 1623 ascensum
369 1593 397 1620 in
410 1591 494 1620 cmlos
503 1591 531 1618 in
542 1591 653 1619 Christo
663 1599 711 1627 per
721 1591 814 1624 ﬁdem,
826 1591 1003 1627 omniumque

215 1649 264 1676 per
279 1639 438 1667 universum
451 1637 547 1664 orbem
563 1641 697 1664 terrarum
710 1637 875 1672 linguarum,
887 1637 945 1664 sive
955 1645 1005 1672 po—

214 1685 352 1721 pulorum,
365 1683 421 1710 sive
446 1682 567 1717 gentium
581 1682 609 1708 in
637 1681 769 1708 unitatem
791 1689 955 1708 concursum
975 1681 1003 1708 in

214 1730 331 1765 Spiritu.
342 1728 532 1756 Conﬁtebatur
552 1726 627 1754 enim
650 1727 739 1754 omnis
754 1726 847 1762 lingua
860 1726 1003 1754 hominum

213 1776 334 1807 Christo,
360 1774 501 1809 ipsiusque
520 1772 650 1809 mysteria
673 1772 846 1807 loquebatur.
868 1771 1003 1806 Quocirca

213 1822 331 1850 varietas
343 1820 454 1856 quidem
466 1820 622 1855 linguarum
636 1819 664 1846 in
674 1819 747 1847 turri
760 1819 868 1854 signum
877 1823 935 1846 erat
947 1818 1004 1846 dis-

213 1866 359 1902 sipationis
388 1873 420 1893 ac
443 1864 644 1901 profugationis
660 1865 695 1892 in
727 1872 824 1893 omnes
847 1869 959 1900 gentes:
973 1865 1003 1892 in

212 1902 323 1941 Christo
344 1919 410 1939 vero
430 1911 537 1947 signum
568 1918 718 1939 concursus
746 1910 775 1937 in
794 1910 928 1938 unitatem
952 1918 1004 1946 per

214 1959 361 1994 Spiritum.
375 1961 404 1985 et
411 1959 539 1985 accessus
549 1957 582 1984 ad
600 1957 710 1997 coelum.
725 1957 907 1985 Factus-enim
920 1957 1002 1985 nobis

213 2008 257 2032 est
267 2003 393 2032 Christus
404 2013 413 2028 ι
427 2003 511 2030 turris
531 2002 712 2035 fortitudinis,
726 2013 734 2027 ι
753 2003 831 2038 juxta
843 2003 898 2038 46
921 2003 1000 2030 Psal-

213 2049 302 2077 mistae
320 2056 415 2077 vocem
435 2049 468 2080 ",
483 2048 511 2075 in
531 2056 677 2083 supernam
698 2048 838 2076 civitatem
861 2049 1001 2076 transmit-

214 2100 285 2128 tens,
305 2099 333 2122 et
355 2098 513 2122 sanctorum
542 2094 702 2130 angelorum
721 2093 814 2122 choris
831 2094 999 2130 coniungens

213 2148 261 2168 eos
275 2141 322 2176 qui
334 2140 362 2167 in
381 2140 464 2168 terris
480 2139 591 2174 degunt.

1018 1565 1039 1594 C

1063 268 1181 304 ἰσχύσειν
1225 270 1272 297 καὶ
1309 269 1389 305 ἄχρις
1409 268 1448 296 ἂν
1469 269 1558 296 αὐτῶν
1589 270 1710 305 οὐρανῶν
1741 270 1787 296 τὸν
1815 271 1848 298 ὲκ

1061 312 1172 340 πλίνθου
1187 322 1217 340 τε
1230 314 1276 340 καὶ
1293 314 1345 348 γῆς
1360 313 1556 349 ἀναδείμασθαι
1572 314 1686 349 πύργον.
1701 313 1762 340 Εἶεν
1776 315 1798 341 δ’
1815 315 1848 342 ἂν

1061 359 1100 390 εἰς
1110 358 1204 392 τύπον,
1214 357 1289 394 οἶμαί
1299 368 1361 391 που,
1374 359 1421 385 καὶ
1434 359 1510 386 αὐτοὶ
1517 359 1549 395 δὴ
1561 359 1641 386 πάλιν
1649 360 1699 394 τῆς
1714 360 1848 387 Ἰουδαίων

1061 406 1217 437 ἀσυνεσίας,
1229 406 1355 441 εὑρήσειν
1371 405 1557 441 ὐπειληφότων
1570 405 1619 441 τὴν
1637 406 1704 441 πρὸς
1724 405 1790 432 Θεὸν
1810 407 1848 432 ot-

1060 451 1204 486 κειότητα·
1226 450 1367 486 μονονουχὶ
1386 450 1415 477 δὲ
1436 450 1483 477 καὶ
1503 450 1587 486 αὐτὴν
1605 450 1655 486 τὴν
1675 451 1715 482 είς
1738 451 1773 477 τὰ
1792 450 1848 477 ἄνω

1061 497 1187 533 πορείαν,
1204 497 1234 524 οὐ
1250 497 1294 524 διά
1307 505 1340 531 γε
1356 496 1403 524 τοῦ
1423 497 1488 532 δρᾷν
1505 496 1612 523 ἑλέσθαι
1625 490 1705 532 τυχὸν
1723 496 1757 523 τὰ
1773 496 1848 532 αὐτῷ

1059 543 1188 571 δοκοῦντα
1200 544 1247 571 καὶ
1258 542 1330 578 φίλα,
1342 542 1404 570 οὔτε
1417 542 1470 579 μὴν
1480 542 1525 569 διὰ
1537 543 1654 574 πίστεως
1668 545 1716 579 τῆς
1730 544 1769 576 είς
1779 544 1848 579 Χρι-

1060 590 1132 623 στὸν,
1143 590 1200 617 ἀλλ’
1215 590 1310 626 ὥσπερ
1320 589 1381 616 τινὰ
1392 589 1497 625 πύργον
1512 589 1718 622 ἐξανιστάντων,
1734 590 1847 626 ἀμαθῶς

1059 636 1089 664 τὸ
1102 636 1147 663 ἐπὶ
1160 638 1249 672 γυμνῇ
1274 636 1321 662 καὶ
1337 635 1403 671 μόνῃ
1417 636 1449 671 τῇ
1461 635 1514 662 τῶν
1526 635 1652 671 πατέρων
1661 635 1771 671 εὐκλείᾳ
1781 644 1848 671 φρο-

1059 682 1138 718 νῆσαι
1151 682 1184 709 τὰ
1199 681 1299 718 ὑψηλά.
1317 682 1391 708 ’Δνω
1402 690 1432 708 τε
1447 681 1502 716 γὰρ
1512 681 1559 708 καὶ
1574 682 1649 709 κάτω
1659 682 1705 708 τὸν
1721 682 1847 718 Ἀϐραὰμ

1058 728 1253 764 ὀνομάζοντες,
1268 727 1315 754 καὶ
1331 727 1434 764 γηΐνοις
1450 727 1592 763 αὐχήμασι
1604 727 1653 763 τὴν
1669 727 1736 754 ίδίαν
1753 728 1847 763 ὥσπερ

1058 773 1261 810 οἰκοδομοῦντες
1276 773 1365 807 δόξαν,
1381 773 1424 800 ἀεί
1439 782 1497 804 πως
1510 772 1752 808 κατεγινώσκοντο.
1777 773 1847 800 Ἀλλ’

1059 820 1177 855 ἐπετίμα
1192 819 1240 855 μὲν
1256 820 1313 850 τοῖς
1326 819 1372 846 τὸν
1391 819 1494 854 πύργον
1506 819 1724 854 τεκταινομένοις
1740 820 1754 846 ό
1769 819 1845 852 Θεὸς,

1059 867 1106 893 καὶ
1117 867 1156 898 είς
1171 866 1271 898 πολλὰς
1284 866 1381 897 αὐτοὺς
1396 865 1560 901 κατεμέριζε
1576 864 1710 899 γλώσσας.
1727 866 1847 901 Προανα-

1059 912 1180 948 φώνησιν
1190 912 1219 938 δὲ
1235 911 1329 947 ὥσπερ
1342 910 1402 937 τινὰ
1416 910 1541 945 γενέσθαι
1557 910 1656 946 φαμὲν,
1674 910 1705 937 τδ
1719 910 1762 937 ἐπ’
1775 911 1847 937 ὲκεί-

1058 966 1113 989 νοις
1132 957 1201 990 τότε,
1222 956 1277 983 τῶν
1294 957 1349 988 τοῖς
1371 955 1509 987 Ἰουδαίοις
1533 955 1756 991 συμϐεϐηκότων.
1777 956 1846 992 Φρο-

1058 1003 1170 1035 νοῦντας
1179 1002 1234 1038 γὰρ
1246 1002 1307 1029 λίαν
1316 1002 1350 1028 τὰ
1365 1002 1464 1037 ὑψηλὰ,
1471 1001 1523 1029 -καὶ
1533 998 1725 1037 δι’ῖῶνῆκιστα
1735 1001 1788 1037 χρὴ
1795 1001 1846 1036 τὴν

1057 1051 1097 1081 είς
1119 1049 1154 1076 τὰ
1174 1050 1230 1077 ἀνω
1253 1049 1401 1085 ζητοῦντας
1428 1049 1558 1085 πορείαν,
1580 1048 1779 1076 κατεσκέδασεν
1804 1049 1846 1080 είς

1056 1094 1270 1129 πολυγλωσσίαν,
1285 1094 1434 1126 τουτέστιν,
1443 1094 1483 1125 είς
1495 1093 1585 1120 πάντα
1595 1093 1630 1120 τὰ
1641 1093 1716 1129 ἔθνη.
1728 1093 1846 1120 Διεσπά-

1058 1149 1142 1177 ρησαν
1156 1140 1210 1175 γὰρ
1223 1139 1315 1175 χώρας
1327 1148 1357 1166 τε
1368 1140 1418 1174 τῆς
1432 1139 1507 1173 σφῶν
1521 1139 1568 1166 καὶ
1579 1139 1692 1172 πόλεως,
1706 1139 1753 1166 καὶ
1763 1140 1845 1166 οἴκων

1055 1186 1236 1222 ἀπηλαμένοι,
1244 1186 1291 1212 καὶ
1297 1185 1424 1220 γεγόνασι
1431 1185 1565 1220 πλανῆται
1571 1186 1661 1217 ἐντοῖς
1668 1185 1767 1218 ἔθνεσι,
1775 1185 1845 1212 κατὰ

1055 1231 1104 1268 τὴν
1119 1232 1262 1268 Προφήτου
1277 1228 1380 1267 φωνήν.
1401 1231 1470 1258 Ἀλλ’
1484 1231 1513 1258 ὲν
1525 1231 1636 1267 Χριστῷ
1648 1231 1678 1258 τὸ
1689 1230 1846 1266 πολύγλωσ-

1056 1286 1112 1310 σον,
1125 1278 1236 1312 σημεῖον
1248 1275 1282 1313 ἦν
1295 1277 1406 1312 ἀγαθόν.
1422 1277 1604 1312 Συνηγμένων
1619 1277 1673 1313 γὰρ
1685 1278 1740 1305 τῶν
1758 1279 1846 1314 μαθη-

1054 1320 1109 1347 τῶν
1125 1321 1196 1348 κατὰ
1207 1321 1256 1356 τὴν
1268 1321 1376 1357 ἡμέραν
1383 1323 1432 1357 τῆς
1449 1321 1641 1356 Πεντηκοστῆς
1653 1322 1692 1354 είς
1703 1320 1776 1349 οἷκον
1785 1323 1844 1350 ἕνα·

1057 1372 1068 1390 ι
1088 1364 1220 1399 Ἐγένετο,
1245 1375 1255 1392 ι
1281 1366 1372 1401 φησὶν,
1392 1375 1402 1392 r
1421 1367 1453 1393 ὲκ
1470 1365 1517 1393 τοῦ
1534 1366 1648 1402 οὐρανοῦ
1669 1367 1745 1402 ἄφνω
1768 1366 1844 1404 ἦχος,

1055 1410 1149 1447 ὥσπερ
1164 1411 1316 1448 φερομένης
1331 1413 1416 1448 πνοῆς
1433 1412 1532 1448 βιαίας,
1554 1413 1601 1440 καὶ
1614 1414 1773 1450 ἐπλήρωσεν
1785 1415 1846 1442 ὅλον

1054 1456 1100 1483 τὸν
1118 1454 1192 1482 οἷκον
1213 1453 1244 1483 οὗ
1260 1455 1331 1493 ἦσαν
1351 1458 1511 1494 καθήμενοι.
1527 1460 1583 1486 Καὶ
1604 1459 1734 1494 ὤφθησαν
1752 1461 1846 1493 αὐτοῖς

1054 1500 1278 1537 διαμεριζόμεναι
1294 1503 1415 1537 γλῶσσαι
1438 1504 1503 1531 ὡσεὶ
1519 1505 1615 1541 πυρὸς.
1631 1506 1742 1533 ὲκάθισέ
1756 1515 1785 1533 τε
1801 1507 1845 1541 ἐφ’

1054 1547 1103 1574 ἕνα
1117 1547 1231 1574 ἕκαστον
1246 1549 1347 1582 αὐτῶν,
1367 1550 1415 1576 καὶ
1432 1550 1607 1585 ἐπλήσθησαν
1620 1551 1740 1584 ἅπαντες
1759 1552 1846 1578 Πνεὺ-

1058 1601 1142 1628 ματος
1163 1593 1252 1628 ἁγίου,
1275 1594 1322 1621 καὶ
1339 1594 1455 1631 ἤρξαντο
1471 1595 1560 1622 λαλεῖν
1574 1597 1682 1633 ἑτέραις
1696 1597 1843 1632 γλώσσαις,

1056 1638 1145 1671 καθὼς
1162 1640 1193 1666 τὸ
1205 1639 1318 1676 Πνεῦμα
1333 1641 1417 1668 ἐδίδου
1430 1642 1523 1674 αὐτοῖς
1537 1643 1767 1678 ἀποφθέγγεσθαι.
1787 1654 1796 1670 ι
1812 1645 1845 1671 Ti

1055 1685 1084 1712 δὲ
1099 1685 1130 1721 δὴ
1145 1685 1193 1712 καὶ
1210 1686 1336 1720 ὲλάλουν;
1353 1687 1534 1723 χορηγοῦντος
1554 1689 1601 1716 τοῦ
1618 1690 1776 1725 Πνεύματος
1795 1691 1845 1727 τὴν

1055 1730 1095 1762 είς
1111 1730 1145 1757 τὰ
1165 1730 1222 1757 ἄνω
1237 1731 1366 1767 πορείαν,
1381 1733 1432 1768 τὴν
1453 1734 1492 1765 είς
1508 1734 1641 1769 οὐρανοὺς
1662 1735 1794 1762 ἀνάδασιν
1814 1736 1845 1763 ὲν

1055 1774 1166 1810 Χριστῷ
1187 1775 1231 1802 διὰ
1256 1776 1388 1809 πίστεως,
1405 1777 1455 1812 τὴν
1473 1778 1602 1806 ἁπάντων
1624 1779 1679 1807 τῶν
1698 1781 1770 1808 κατὰ
1793 1781 1844 1817 τὴν

1054 1821 1215 1857 οἰκουμένην
1229 1822 1359 1856 γλωσσῶν
1370 1843 1377 1853 .
1391 1824 1449 1860 ἦτοι
1464 1825 1563 1861 λαῶνῆ
1579 1826 1664 1853 ὲθνῶν
1680 1829 1719 1859 εἰς
1731 1827 1844 1864 ἑνότητα

1056 1866 1207 1902 συνδρομὴν
1228 1867 1258 1894 ὲν
1282 1868 1430 1904 Πνεύματι.
1454 1870 1664 1906 Ἐξωμολογεῖτο
1680 1874 1734 1908 γὰρ
1749 1873 1843 1900 ἅπασα

1054 1911 1165 1946 γλῶσσα
1182 1912 1285 1949 βροτῶν
1297 1914 1337 1950 τῷ
1349 1915 1469 1951 Χριστῷ,
1484 1917 1532 1943 καὶ⁹
1544 1917 1578 1944 τὰ
1592 1918 1673 1945 αὑτοῦ
1686 1919 1776 1946 ἐλάλει
1793 1929 1844 1955 μυ·

1055 1958 1164 1994 στήρια.
1187 1959 1290 1986 Οὐκοῦν
1307 1960 1353 1987 ἐπὶ
1375 1961 1424 1996 μὲν
1438 1961 1485 1988 τοῦ
1505 1963 1610 1999 πύργου
1627 1965 1779 2000 σκεδασμοῦ
1796 1967 1843 1993 καὶ

1055 2003 1214 2040 ἀποδρομῆς
1238 2005 1287 2041 τῆς
1309 2007 1348 2038 είς
1371 2007 1459 2034 πάντα
1484 2008 1518 2035 τὰ
1539 2008 1620 2044 ἔθνη,
1639 2013 1752 2046 σημεῖον
1773 2009 1807 2047 ἧν
1824 2014 1842 2048 ἡ

1053 2049 1253 2084 πολυγλωσσία·
1267 2052 1313 2078 ἐπὶ
1324 2052 1351 2078 δὲ
1365 2053 1410 2079 τοῦ
1422 2054 1609 2091 Χριστοῦ,τῆς
1619 2057 1659 2088 είς
1671 2057 1783 2093 ἑνότητα
1798 2059 1842 2086 διὰ

1054 2094 1212 2131 Πνεύματος
1230 2097 1396 2134 συνδρομῆς,
1410 2101 1458 2127 καὶ
1478 2100 1529 2136 τῆς
1544 2103 1584 2133 είς
1599 2102 1633 2129 τὰ
1647 2103 1702 2130 ἄνω
1716 2105 1839 2140 πορείας.

1052 2140 1149 2175 Γέγονε
1163 2142 1217 2178 γὰρ
1232 2144 1297 2178 ἡμῖν
1309 2145 1323 2171 ὁ
1338 2145 1464 2181 Χριστὸς,
1481 2156 1490 2173 r
1506 2147 1611 2183 πύργος
1627 2149 1727 2185 ἰσχύος,
1747 2160 1756 2177 ι
1772 2152 1842 2179 κατὰ

212 2188 262 2237 τὴν
281 2187 335 2237 τοῦ.
346 2187 500 2237 Ψαλλοντος
517 2187 618 2222 φωνὴν,
636 2187 677 2218 είς
691 2187 739 2222 τὴν
758 2187 813 2215 ἄνω
834 2187 1000 2223 διακομίζων
1019 2188 1107 2223 πόλιν,
1127 2191 1173 2218 καὶ
1188 2192 1244 2224 τοῖς
1257 2192 1309 2220 τῶν
1337 2194 1422 2228 ἁγίων
1454 2196 1577 2231 ἀγγέλων
1595 2199 1737 2227 συνάπτων
1752 2202 1842 2237 χοροῖς

213 2236 277 2268 τοὺς
295 2235 341 2262 ἐπὶ
357 2235 407 2271 τῆς
425 2235 488 2270 γῆς.

345 2307 347 2309 ’
388 2311 428 2339 De
441 2311 577 2339 Abraham
593 2313 623 2339 'et
641 2312 819 2341 Melcltisedec.

248 2369 274 2395 ’t.
295 2367 394 2402 Legem
413 2367 525 2402 quidem
540 2367 568 2395 in
587 2368 725 2396 auxilium
749 2369 827 2396 dedit
853 2369 998 2397 universo-

211 2422 274 2442 rum
289 2413 430 2441 Dominus.
447 2413 488 2440 lta
496 2414 575 2441 enim
595 2415 727 2449 scriptum
744 2419 786 2442 est
804 2415 847 2442 ⁵⁸⁸.
864 2414 999 2442 Ceterum

212 2461 286 2496 quod
298 2461 342 2487 lex
352 2459 430 2494 quasi
441 2467 542 2494 pueros
557 2460 685 2492 instruat,
708 2460 809 2488 Christi
842 2468 910 2488 vero
939 2468 998 2496 my-

212 2507 326 2534 sterium
358 2505 679 2541 perﬁciat,-uequaquam
712 2506 821 2534 diﬁicile
852 2506 935 2533 fuerit
965 2514 999 2534 ex

212 2552 281 2587 ipsis
295 2551 380 2579 sacris
399 2550 512 2578 Litteris
531 2551 634 2583 videre,
667 2552 781 2587 ejusque
808 2551 998 2587 probationem

212 2597 276 2624 inde
292 2599 426 2630 petentes,
447 2600 475 2622 et
491 2596 633 2624 verissima
658 2597 827 2632 colligentes.
849 2596 998 2624 Sutl'ecerit

212 2646 316 2672 autem,
332 2645 362 2668 ut
374 2640 505 2673 arbitror,
524 2641 635 2669 divinus
649 2642 761 2674 Paulus,
772 2642 868 2670 dicens
877 2642 910 2670 de
929 2642 997 2670 duo-

218 2687 269 2714 bus
285 2685 467 2712 Testamentis
483 2695 491 2712 :
513 2696 522 2711 ι
533 2687 681 2722 Abrogatio
699 2687 812 2723 quidem
837 2688 874 2715 sit
892 2696 995 2723 praece-

214 2732 306 2761 dentis
315 2731 444 2763 mandati,
459 2731 494 2758 ob
511 2732 699 2761 inﬁrmitatem
709 2734 780 2769 ejus,
799 2739 881 2769 atque
909 2735 994 2762 inuti-

211 2780 326 2807 litatem.
341 2777 415 2805 Nihil
428 2778 501 2805 enim
512 2779 695 2813 pcrfecitlex:
721 2781 928 2815 superinduetio
946 2789 996 2808 au-

1019 2301 1039 2328 D

1130 2315 1198 2349 Περὶ
1217 2316 1270 2342 τοῦ
1290 2316 1414 2351 Ἀϐραὰμ
1429 2317 1477 2345 καὶ
1496 2319 1549 2346 τοῦ
1564 2322 1762 2356 Μελχισεδέκ.

1089 2372 1122 2396 α’.
1145 2370 1235 2404 Νόμον
1259 2371 1307 2406 μὲν
1331 2372 1370 2403 εἰς
1386 2372 1512 2408 βοήθειαν
1528 2375 1643 2403 δέδωκεν
1663 2378 1677 2403 ό
1699 2379 1753 2405 τῶν
1773 2380 1842 2408 ὅλων

1054 2414 1135 2446 Θεός·
1152 2415 1305 2451 γέγραπται
1324 2417 1378 2453 γὰρ
1392 2419 1449 2445 ὡδί.
1467 2420 1540 2456 Πλὴν
1560 2422 1600 2448 ὅτι
1616 2424 1778 2460 παιδοκομεῖ
1791 2427 1841 2461 μὲν

1052 2461 1067 2487 ὁ
1089 2460 1180 2507 νόμος,
1205 2462 1303 2489 τελειοί
1319 2463 1347 2490 δὲ
1368 2464 1459 2491 λοιπὸν
1481 2466 1511 2493 τὺ
1535 2468 1653 2503 Χριστοῦ
1678 2460 1838 2507 μυστήριον,

1053 2506 1168 2554 χαλεπὸν
1181 2507 1256 2534 οὐδὲν
1276 2508 1306 2541 ἐξ
1322 2510 1411 2537 αὐτῶν
1430 2512 1505 2546 ἡμᾶς
1519 2515 1666 2550 καταθρεῖν
1686 2517 1740 2544 τῶν
1758 2506 1839 2554 ίερῶν

1053 2553 1242 2588 Γραμμάτων,
1260 2555 1310 2590 τὴν
1324 2556 1370 2582 ἐπὶ
1388 2557 1455 2592 τῷδε
1470 2560 1562 2586 πίστιν
1578 2553 1788 2598 έρανιζομένουςγ
1807 2564 1837 2593 εὖ

1054 2598 1136 2633 μάλα,
1157 2600 1246 2628 καὶτὰ
1259 2601 1345 2636 ἀληθῆ
1364 2603 1539 2638 συλλέγοντας
1549 2615 1556 2621 ·
1572 2607 1678 2643 ἀπόχρη
1697 2609 1735 2641 δὲ,
1748 2608 1836 2644 οἶμαι,

1051 2646 1098 2671 καὶ
1117 2646 1130 2672 ό
1153 2645 1295 2678 θεσπέσιος
1310 2648 1397 2682 λέγων
1411 2650 1515 2682 Παῦλος
1531 2653 1594 2688 περὶ
1610 2655 1668 2680 ταῖν
1690 2655 1762 2682 δυοῖν
1781 2657 1838 2684 δια-

1051 2690 1165 2725 θήκαιν·
1183 2700 1198 2736 γ(
1230 2691 1370 2728 ’Λθέτησις
1393 2695 1442 2729 μὲν
1461 2695 1515 2731 γὰρ
1533 2696 1637 2731 γίνεται
1663 2701 1838 2736 προαγούσης

1050 2736 1159 2771 ἐντολῆς
1179 2735 1221 2763 διὰ
1239 2737 1270 2763 τὸ
1286 2739 1368 2774 αὐτῆς
1390 2740 1501 2773 ἀσθενὲς
1526 2743 1571 2769 καὶ
1584 2742 1737 2778 ’ἀνωφελές
1754 2735 1836 2774 Οὐδὲν

1051 2781 1105 2815 γὰρ
1122 2781 1277 2809 ἐτελείωσεν
1297 2784 1311 2810 ό
1327 2785 1407 2820 νόμος
1418 2794 1424 2801 -
1443 2788 1616 2825 ἐπεισαγωγὴ
1638 2789 1666 2817 δὲ
1682 2791 1836 2827 κρείττονος

245 2867 269 2885 ⁵⁵
291 2869 363 2898 Psul.
384 2871 479 2904 cv,tl.
519 2872 540 2888 "
557 2872 616 2900 Act.
636 2881 664 2905 ιι,
679 2873 738 2900 ‘24.
778 2874 881 2902 “Psal.
897 2882 938 2907 Lx,
964 2868 995 2901 4.’

1056 2875 1062 2884 '
1080 2874 1167 2904 Galat.
1182 2885 1220 2911 ιιι,
1239 2878 1284 2906 2i.
1328 2873 1333 2876 ”
