1990 3046
131 174 161 204 81
635 172 895 202 GLAPIIYRORUM
914 171 947 200 ΙΝ
967 171 1116 200 GENESDI
1138 173 1201 201 LIB.
1224 174 1255 201 11.
1727 172 1763 202 82

132 231 241 264 ιλπίδος
251 251 259 264 ,
275 231 310 258 δι’
321 228 355 268 ἧς
370 230 514 266 ἐγγίζομεν
533 229 572 266 τῷ
583 230 652 266 Θεῷ.
676 239 685 256 ι
704 230 809 258 Οὐκοῦν
824 230 858 257 τοι
875 230 925 266 μέν

978 233 1033 256 tem
1057 229 1179 257 melioris
1191 230 1259 264 spei,
1276 238 1324 265 per
1339 237 1421 265 quam
1449 231 1699 266 appropinquamus
1727 232 1761 259 :ul

133 285 175 309 τις
199 277 246 304 καὶ
272 276 346 312 μάλα
373 276 472 312 ῥᾳδίως
493 276 532 308 είς
550 276 704 312 οἰκειότητα
727 276 777 312 τὴν
795 276 833 308 ὡς
856 276 925 312 πρὸς

133 322 210 356 Θεὸν,
225 322 256 349 οὐ
272 322 318 350 διά
329 331 362 357 γε
376 323 426 358 τῆς
442 321 554 358 πρώτης
574 322 621 349 καὶ
634 322 785 358 Μωσαῖκῆς
804 321 924 358 ἐντολῆς¹

133 368 178 395 διὰ
192 369 242 403 τῆς
255 368 405 403 λεγομένης
418 368 446 394 δὲ
462 367 624 403 ὲπεισῆχθαι
637 367 752 401 ἐλπίδος,
768 368 802 404 ἢν
816 369 875 400 ταῖς
885 368 928 399 εἰς

133 413 165 439 τὸ
179 412 290 448 ἄμεινον
303 413 405 448 ψήφοις
422 412 570 448 στεφανοῦν
590 413 676 440 ἐδόκει
696 412 736 449 τῷ
753 413 925 449 μυσταγωγῷ

135 458 204 493 πρὸς
217 457 348 493 ἀλήθειαν
360 458 496 493 βλέποντι.
521 458 683 493 Ἥθετῆσθαι
694 458 723 485 δὲ
738 458 832 493 σαφῶς
845 458 879 485 τά
895 459 925 485 ἐν

135 503 211 539 νόμῳ
230 505 307 540 φησὶ.
325 505 372 531 καὶ
393 505 444 540 τῆς
466 504 640 540 προαγούσης
663 504 774 540 ἐντολῆς
789 504 819 531 τὸ
841 504 925 540 μηδὲν

136 550 265 577 δύνασθαι
281 551 400 578 τελειοῦν
415 551 585 587 καθαρίζων,
606 551 757 579 ἐπιστέλλει
777 550 924 586 Ἑϐραίοις·

139 606 150 623 ι
165 597 197 624 Εἰ
214 597 269 632 γὰρ
281 598 298 632 ἠ
315 596 409 633 πρώτη
425 597 516 632 ἐκείνη
533 595 567 633 ἦν
578 597 732 632 ἄμεμπτος,
751 597 802 624 οὐκ
814 597 847 624 ἂν
866 597 925 624 δευ-

135 642 218 678 τέρας
233 643 355 678 ἐζητεῖτο
373 643 466 674 τόπος.
483 643 667 678 Μεμφόμενος
680 643 733 679 γὰρ
749 643 818 678 αὐτῇ
833 642 923 677 λέγει⁹

142 687 207 714 Ἰδοὺ
221 687 324 723 ἡμέραι
337 687 471 724 ἔρχονται,
486 687 559 722 λέγει
579 687 682 724 Κύριος
692 707 699 719 ,
712 688 759 715 καὶ
774 687 925 715 συντελέσω

136 733 182 761 hri
194 734 241 761 τὸν
258 732 332 760 οἶκον
354 734 472 770 Ἰσραὴλ,
490 734 537 760 καὶ
555 734 601 760 ἐπὶ
614 734 660 760 τὸν
671 731 743 762 οἷκον
770 734 854 761 Ἰούδα
866 733 924 760 δια-

137 779 223 815 θήκην
249 780 364 816 καινὴν,
385 780 416 806 οὗ
439 780 510 806 κατὰ
528 779 577 815 τὴν
589 779 722 816 διαθήκην
739 780 772 815 ἣν
796 779 925 814 διεθέμην

135 826 191 858 τοῖς
207 827 344 861 πατράσιν
358 826 449 853 αὐτῶν
463 828 492 853 ἐν
502 826 594 862 ἡμέρᾳ
604 826 800 862 ἐπιλαϐομένου
813 835 864 862 μου
874 826 925 861 τῆς

135 870 224 907 χειρὸς
245 871 336 898 αὐτῶν
347 891 355 904 ,
373 872 518 907 ἐξαγαγεῖν
535 872 634 904 αὐτοὺς
650 872 683 899 ἐκ
703 872 752 908 γῆς
767 871 923 906 Δίγύπτου⁰

976 275 1061 302 Deum
1076 275 1110 302 ⁵⁷.
1127 285 1135 300 ι
1151 275 1284 308 Quocirca
1314 275 1394 303 facile
1411 276 1558 303 admodUm
1579 278 1641 312 quis
1668 277 1765 306 amici-

977 321 1043 349 tiam
1060 328 1123 348 cum
1134 321 1190 349 Deo
1208 321 1355 354 invenerit,
1373 330 1428 349 non
1454 330 1504 357 per
1521 323 1640 358 primum
1655 324 1721 351 illud
1736 328 1764 352 et

975 366 1124 393 Mosaicum
1152 366 1320 398 mandatum,
1338 366 1386 394 sed
1411 374 1462 402 per
1476 375 1537 395 eam
1552 376 1613 402 qua:
1634 369 1763 404 superin-v

976 411 1058 439 ducta
1074 411 1177 440 dicitur
1206 419 1301 447 spem:
1317 419 1400 447 quam
1419 412 1531 447 quidem
1547 413 1592 440 ille
1623 421 1764 441 sacrorum

976 457 1315 493 mysterioruminterpres
1325 459 1404 494 plena
1415 459 1612 493 approbatione
1623 461 1768 495 prosequi-

977 507 1022 530 tur
1039 502 1074 530 ad
1089 504 1233 531 veritatem
1248 504 1408 538 respiciens.
1428 504 1538 531 Abolita
1550 509 1642 532 autem
1655 513 1716 533 esse
1733 513 1765 532 ea

975 555 1036 582 quae
1058 547 1088 574 in
1114 548 1174 583 lege
1199 552 1264 575 sunt
1290 548 1434 576 manifeste
1463 549 1520 580 ait,
1547 552 1578 576 et
1605 549 1765 584 praecedens

976 593 1135 621 mandatum
1156 593 1226 621 nihil
1243 594 1376 629 perlicere
1388 602 1469 630 posse
1492 593 1638 627 deﬁniens,
1663 595 1696 622 ad
1712 595 1766 623 lle-

976 639 1065 667 braaos
1082 639 1119 667 ita
1133 639 1249 667 scribit:
1269 649 1278 665 ι
1291 640 1359 667 Nam
1373 640 1395 668 si
1412 640 1478 667 illud
1491 640 1568 676 prius
1577 641 1656 675 culpa
1669 648 1764 670 vacas-

976 689 1028 717 set,
1045 692 1102 712 non
1128 685 1225 720 utique
1239 685 1352 713 secundi
1365 685 1442 713 locus
1466 685 1664 721 inquireretur.
1685 687 1764 713 Vitu-

975 738 1076 765 perans
1086 730 1159 758 enim
1176 730 1254 764 illud,
1266 731 1372 766 inquit:
1395 731 1465 759 Ecce
1480 731 1540 759 dies
1552 732 1676 765 venient,
1697 732 1766 760 dicit

976 775 1120 808 Dominus,
1144 779 1173 803 et
1185 775 1382 803 consummabo
1396 783 1480 811 super
1495 776 1606 804 domum
1621 777 1715 810 Israel,
1736 782 1765 805 ct

976 827 1059 855 super
1082 820 1195 848 domum
1210 820 1279 849 Juda
1298 825 1493 848 testamentum
1517 830 1631 855 novum,
1647 831 1702 850 non
1717 831 1764 851 se-

975 867 1097 894 cundum
1118 870 1312 894 testamentum
1337 867 1411 902 quod
1435 867 1496 895 ferii
1527 869 1652 903 patribus
1667 877 1765 897 eorum

134 917 176 944 ὅτι
191 917 270 944 αὐτοὶ
294 918 344 944 οὐκ
364 918 504 954 ἐνέμειναν
521 919 550 946 ὲν
571 919 605 954 τῇ
627 917 742 954 διαθήκῃ
764 927 826 954 μου,
847 916 925 952 κάγὼ

978 911 1005 939 in
1024 912 1069 939 die
1085 919 1140 946 qua
1154 911 1325 946 apprehendi
1337 919 1448 938 manum
1461 919 1559 939 eorum
1570 917 1600 940 ut
1615 913 1764 940 educerem

134 962 259 998 ἠμέλησα
273 963 373 996 αὐτῶν,
391 964 465 999 λέγει
479 963 591 1000 Κύριος.
613 965 675 991 Ὅτι
690 963 759 1000 αὕτη
773 965 790 1000 ἡ
807 963 925 1003 διαθήκῃ

133 1008 168 1044 ἢν
187 1009 350 1045 διαθήσομαι
371 1010 410 1046 τῷ
429 1011 497 1046 οῐκῳ
525 1010 632 1047 Ἰσραὴλ
655 1010 724 1046 μετὰ
747 1010 796 1042 τὰς
819 1010 925 1046 ἡμέρας

134 1051 252 1086 ἐκείνας,
274 1053 350 1088 λέγει
374 1054 493 1090 Κύριος·
510 1055 599 1087 διδοὺς
620 1054 720 1090 νόμους
744 1063 794 1090 μου
815 1055 856 1087 είς
875 1055 925 1090 τὴν

132 1095 252 1124 διάνοιαν
275 1099 377 1131 αὐτῶν,
401 1099 450 1126 καὶ
467 1099 514 1126 ἐπὶ
531 1099 647 1135 καρδίας
669 1100 758 1127 αὐτῶν
780 1100 926 1136 ἐπιγράψω

133 1144 233 1176 αὐτούς
243 1153 250 1160 ’
262 1145 311 1172 καὶ
325 1145 423 1181 ἔσομαι
437 1145 530 1178 αὐτοῖς
545 1146 584 1177 εις
595 1146 662 1173 Θεὸν
671 1166 678 1179 ,
692 1146 740 1173 καὶ
755 1148 832 1173 αὐτοὶ¹
848 1147 924 1174 ἔσον-

133 1190 179 1217 ταί
199 1198 245 1226 μοι
258 1191 298 1222 είς
309 1190 383 1218 λαόν.
398 1191 452 1218 Καὶ
467 1191 497 1218 οὐ
519 1191 557 1226 μὴ
578 1190 729 1224 διδάξουσιν
747 1191 862 1223 ἕκαστος
879 1191 926 1218 τὸν

134 1235 248 1272 πλησίον
266 1236 363 1269 αὑτοῦ,
381 1237 428 1263 καὶ
441 1237 556 1268 ἕκαστος
581 1236 626 1263 τὸν
637 1236 751 1272 ἀδελφὸν
767 1236 861 1270 αὐτοῦ,
881 1236 924 1263 λέ-

133 1289 243 1316 γοντες“
260 1282 348 1309 Γνῶθι
368 1283 414 1309 τὸν
426 1282 537 1318 Κύριον·
557 1282 598 1309 ὅτι
616 1282 716 1314 πάντες
734 1282 873 1318 είδήσουσί
888 1290 923 1318 με

133 1328 189 1356 ἀπὸ
205 1329 304 1365 μικροῦ
327 1329 382 1361 ἕως
401 1329 520 1365 μεγάλου
542 1328 649 1362 αὐτῶν,
671 1329 712 1356 ὅτι
727 1328 805 1361 ἵλεως
825 1328 923 1364 ἔσομαι

133 1375 193 1407 ταῖς
207 1375 356 1411 ἁμαρτίαις
370 1375 469 1408 αὐτῶν,
481 1376 529 1402 καὶ
537 1375 592 1402 τῶν
603 1374 722 1410 ἀνομιῶν
738 1373 827 1402 αὐτῶν
839 1374 869 1400 οὺ
885 1373 923 1410 μὴ

136 1421 248 1458 μνησθῶ
268 1422 320 1450 ἐτι.
340 1431 350 1448 ι
372 1421 511 1458 Ἐπιφέρει
526 1421 555 1448 δὲ
570 1420 675 1452 τούτοις
687 1419 767 1452 εὐθύς
777 1428 784 1436 ’
798 1429 808 1446 ι
837 1419 881 1446 Ἕν
894 1419 924 1446 δὲ

134 1467 174 1504 τῷ
185 1467 276 1502 λέγειν
293 1468 390 1503 καινὴν
402 1487 409 1500 ,
429 1467 605 1494 πεπαλαίωκε
621 1466 671 1502 τὴν
690 1466 818 1502 πρώτην·
842 1465 875 1492 τὸ
895 1465 924 1492 δὲ

136 1512 335 1548 παλαιούμενον
352 1513 399 1539 καὶ
409 1512 558 1548 γηράσκον,
570 1512 653 1546 ἔγγὺς
660 1510 841 1547 ἀφανισμοῦ.)
852 1510 925 1537 Οὐκ-

136 1558 183 1586 οῦν
193 1558 311 1594 ἀσθενὴς
320 1559 432 1594 ὸνόμος,
442 1557 490 1585 καὶ
507 1558 574 1585 πολὺ
591 1557 622 1584 τὸ
632 1557 747 1593 ἀδρανὲς
755 1557 816 1592 ἔχον
829 1557 926 1592 ὁρᾶται

976 955 1037 983 illos
1049 956 1083 983 de
1095 960 1169 983 terra
1182 955 1308 991 Egypti:
1330 955 1460 991 quoru'aln
1490 956 1542 991 ipsi
1554 964 1611 983 non
1632 964 1767 991 perman-

975 1005 1072 1029 serunt
1086 1001 1115 1029 in
1130 1005 1294 1029 testamento
1307 1009 1378 1033 meo,
1393 1005 1421 1028 et
1430 1008 1481 1036 ego
1492 1001 1600 1036 neglexi
1626 1009 1685 1034 eos,
1698 1002 1767 1029 dicit

957 1047 1118 1075 .Dominus.
1137 1047 1206 1081 Quia
1220 1047 1273 1074 hoc
1291 1051 1335 1074 est
1359 1051 1554 1075 testamentum
1583 1047 1656 1082 quod
1673 1047 1767 1082 dispo-

976 1100 1039 1120 nam
1055 1092 1150 1120 domui
1172 1092 1257 1120 Israel
1270 1097 1332 1128 post
1356 1092 1417 1120 dies
1442 1093 1513 1125 illos,
1536 1092 1603 1120 dicit
1616 1092 1765 1120 Dominus:

976 1138 1044 1166 dans
1056 1138 1130 1174 leges
1149 1146 1224 1166 meas
1247 1139 1276 1166 iu
1297 1143 1421 1166 mentem
1443 1146 1556 1171 eorum,
1580 1143 1609 1166 et
1632 1138 1659 1165 in
1682 1138 1767 1166 corde

976 1184 1179 1219 superscribam
1194 1191 1252 1217 eas,
1263 1187 1291 1211 et
1301 1192 1351 1212 ero
1363 1183 1441 1211 eisin
1458 1184 1556 1217 Deum,
1571 1189 1599 1211 et
1615 1184 1667 1220 ipsi
1683 1190 1768 1213 erunt

977 1229 1047 1257 mihi
1058 1229 1086 1257 in
1102 1229 1246 1265 populum,
1260 1233 1289 1257 et
1303 1236 1357 1256 non
1375 1228 1486 1256 docebit
1500 1229 1690 1264 unusquisque
1701 1237 1766 1264 pro»-

977 1275 1081 1302 ximum
1108 1282 1200 1308 suum,
1223 1279 1252 1302 et
1266 1274 1456 1310 unusquisque
1477 1275 1590 1302 fratrem
1617 1283 1708 1307 suum,
1725 1275 1768 1305 di-

978 1328 1060 1348 cens:
1075 1320 1216 1356 Cognosce
1225 1320 1391 1353 Dominum;
1408 1321 1539 1356 quoniam
1557 1329 1654 1349 omnes
1677 1321 1767 1349 scient

978 1373 1023 1393 me
1033 1373 1049 1393 a
1067 1366 1176 1393 minore
1189 1374 1278 1402 usque
1297 1367 1332 1394 ad
1349 1367 1482 1402 majorem
1506 1375 1614 1400 eorum,
1629 1367 1693 1402 quia
1705 1375 1768 1402 pro-

978 1410 1063 1446 pitius
1079 1419 1128 1438 ero
1148 1411 1341 1447 iniquitatibus
1353 1420 1462 1445 eorum,
1480 1417 1508 1440 et
1526 1417 1700 1448 peccatorum
1717 1421 1766 1440 eo-

978 1464 1039 1484 rum
1047 1457 1104 1492 jam
1119 1465 1174 1484 non
1181 1458 1354 1485 memorabor
1367 1457 1400 1485 '9.
1412 1468 1421 1484 ι
1438 1458 1538 1485 Subdit
1550 1463 1642 1487 autem
1659 1459 1702 1486 his
1713 1463 1767 1486 sta-

978 1501 1044 1529 tim:
1062 1511 1071 1528 ι
1085 1503 1205 1530 Dicendo
1218 1507 1309 1530 autem
1321 1511 1433 1536 novum,
1444 1504 1578 1531 veteravit
1588 1504 1674 1539 prius.
1687 1503 1766 1537 Quod

977 1552 1025 1575 aut
1043 1548 1203 1584 antiquatur
1216 1556 1249 1576 ac
1265 1549 1392 1582 senescit,
1408 1557 1493 1584 prope
1503 1550 1643 1577 interitum
1651 1555 1694 1578 est
1706 1551 1739 1577 ⁵³.
1752 1559 1762 1576 ι

136 1582 310 1640 bitat—.2532
323 1582 623 1640 ἒέὅὲὖᾴξζθᾷῐέέηιῌ
634 1582 765 1630 ἓξὲέέέέι
771 1582 815 1635 ἒιέ
833 1582 925 1637 iis;

978 1582 1118 1621 Imbecilla
1125 1594 1218 1629 itaque
1225 1594 1269 1621 lex
1273 1594 1328 1630 47
1334 1599 1376 1622 est
1385 1582 1537 1630 parumque
1544 1595 1638 1622 valida
1645 1596 1679 1623 ad
1689 1596 1714 1623 id
1719 1617 1726 1628 ,
1735 1601 1767 1623 ut

137 1651 216 1685 σμόν.
232 1651 294 1677 Ὀτι
310 1651 339 1678 δὲ
349 1650 468 1686 ἀμείνων
480 1651 497 1686 ἡ
518 1651 546 1678 ὲν
561 1649 672 1686 Χριστῷ
691 1649 831 1681 δικαίωσις
849 1648 897 1676 καὶ
909 1649 926 1684 ἡ

137 1693 259 1730 λατρεία,
276 1694 344 1721 Θεοῦ
359 1694 572 1730 διακεκραγότος
582 1693 685 1730 ἀκούσῃ
699 1694 793 1729 σαφῶς
802 1693 847 1720 διὰ
859 1702 927 1728 προ-

137 1740 232 1776 φητῶν
245 1740 348 1775 φωνῆς,
365 1741 422 1772 τοῖς
435 1740 483 1776 τὴν
493 1740 604 1776 ἔννομον
618 1739 777 1776 τετιμηκόσι
787 1739 926 1774 λατρείαν,

137 1786 186 1813 καὶ
207 1786 288 1813 οἱονεί
312 1795 371 1818 πως
397 1786 482 1822 ἀπρὶξ
507 1786 641 1823 ἡμμένοις
657 1786 707 1821 τῆς
726 1784 927 1820 παλαιωθείσης

138 1832 258 1868 ινεολῆς,
274 1833 339 1859 ποτὲ
357 1833 416 1868 μὲν,
433 1842 442 1859 ι
461 1832 618 1866 Λούσασθε,
638 1832 754 1868 καθαροὶ
769 1831 895 1867 γένεσθε·
914 1841 924 1859 ι

141 1878 208 1905 παντὶ
229 1878 259 1905 δὲ
273 1878 305 1914 δὴ
323 1876 368 1912 αὖ,
393 1889 403 1905 ι
427 1879 521 1906 Ἔλεον
537 1879 606 1906 θέλω
628 1879 675 1907 καὶ
693 1878 724 1906 οὑ
744 1878 857 1912 θυσίαν,
879 1877 928 1905 καὶ

139 1925 286 1958 ἐπίγνωσιν
298 1924 365 1951 Θεοῦ
381 1925 397 1960 ἢ
412 1924 637 1960 ὁλοκαυτώματα.
662 1933 672 1951 ι
693 1922 848 1960 Ἦλεήμεθα
871 1922 926 1958 γὰρ

139 1970 169 1997 ὲν
185 1970 306 2006 Χριστῷ,
326 1970 374 1997 καὶ
385 1971 414 1998 ὲν
433 1969 507 2006 αὐτῷ
522 1969 677 2006 τεθεάμεθα
691 1969 794 2006 νοητῶς
811 1968 857 1996 τὸν
870 1968 924 1996 Πα-

138 2014 216 2052 τέρα,
231 2015 279 2043 καὶ
294 2015 340 2042 τὸν
355 2015 435 2051 φύσει
451 2015 517 2043 Θεὸν
531 2015 701 2052 ἐγνώκαμεν.

176 2149 209 2184 β’.
222 2147 362 2181 Εὐπετοῧς
382 2148 411 2175 δὲ
426 2147 498 2183 ἄγαν
521 2148 597 2180 ὄντος
620 2147 705 2183 μυρία
729 2145 780 2182 μὲν
796 2146 847 2172 ὅσα
869 2145 927 2177 τοῖς

141 2194 296 2230 εἰρημένοις
320 2194 501 2230 ἐπισωρεύειν
515 2193 566 2226 ἔτι,
583 2192 814 2229 προσεπενεγκεῖν
827 2190 856 2217 δὲ
871 2199 928 2225 φω-

976 1639 1110 1674 perﬁcere
1125 1639 1153 1666 in
1164 1639 1408 1672 sanctiﬁcationem
1421 1641 1517 1674 possit.
1529 1640 1606 1673 Quod
1618 1648 1684 1667 vero
1698 1648 1768 1675 pra:-

976 1685 1093 1713 stantior
1102 1685 1138 1712 sit
1151 1685 1179 1712 in
1189 1685 1299 1713 Christo
1310 1685 1470 1721 justiﬁeatio
1481 1690 1510 1713 et
1519 1686 1620 1718 cultus,
1629 1686 1714 1713 Deum
1727 1686 1768 1721 ip-

976 1738 1037 1758 sum
1048 1738 1098 1766 per
1108 1738 1204 1758 vocem
1215 1731 1412 1766 prophetarum
1428 1735 1522 1766 aperte
1536 1731 1699 1759 clamantem
1716 1739 1767 1759 au-

976 1776 1047 1810 dies,
1065 1776 1100 1804 ad
1111 1784 1169 1810 eos,
1178 1777 1226 1812 qui
1236 1777 1350 1812 legalem
1365 1777 1469 1804 cultum
1481 1777 1728 1812 amplectebantur,
1739 1782 1769 1804 et

976 1822 1063 1851 veteri
1074 1822 1204 1850 mandato
1211 1823 1267 1858 jam
1277 1823 1420 1858 antiquata
1430 1822 1570 1850 mordicus
1580 1822 1767 1855 adhzerebant,

977 1868 1094 1896 subinde
1104 1868 1216 1904 quidem
1227 1877 1234 1895 :
1245 1877 1253 1894 I
1263 1868 1414 1901 Lavamini,
1424 1868 1520 1896 mundi
1531 1873 1619 1896 estote
1627 1868 1667 1901 θος
1682 1878 1691 1893 ι
1703 1868 1768 1895 sub-

977 1913 1042 1941 inde
1056 1921 1123 1942 vero
1148 1922 1155 1940 :
1179 1913 1414 1941 «Misericordiam
1433 1914 1507 1946 volo,
1532 1918 1561 1941 et
1586 1922 1642 1941 non
1664 1913 1769 1941 sacriﬁ-

977 1960 1061 1993 cium,
1088 1963 1118 1987 et
1134 1959 1319 1995 cognitionem
1339 1960 1388 1987 Dei
1401 1960 1487 1995 magis
1505 1960 1767 1995 quam~boiocauto-

977 2011 1052 2034 mata
1064 2005 1098 2033 “.
1110 2015 1118 2032 I
1135 2005 1350 2033 Misericordiam
1363 2005 1438 2032 enim
1456 2004 1484 2031 in
1498 2005 1610 2032 Christo
1625 2006 1768 2033 consecuti

977 2060 1083 2085 sumus,
1101 2056 1129 2080 et
1142 2051 1170 2080 in
1186 2051 1245 2087 ipso
1258 2051 1380 2080 vidimus
1402 2051 1566 2087 spiritaliter
1587 2051 1709 2085 Patrem,
1736 2055 1766 2080 et

977 2099 1065 2127 Deum
1077 2103 1175 2126 natura
1189 2098 1364 2126 exsistentem
1378 2098 1566 2133 cognovimus.

1012 2146 1041 2172 2.
1054 2145 1124 2173 Cum
1136 2150 1228 2173 autem
1242 2145 1320 2173 facile
1335 2144 1482 2172 admodum
1500 2144 1536 2172 sit
1558 2143 1768 2171 innumerabilia

979 2192 1023 2220 his
1039 2192 1226 2225 accumulare,
1250 2197 1278 2220 et
1295 2196 1451 2220 sanctorum
1469 2191 1665 2228 prophetarum
1691 2190 1768 2218 testi~

141 2240 190 2273 νὰς
209 2240 359 2277 προφητῶν
379 2241 475 2274 ἁγίων,
493 2240 525 2267 δι’
541 2236 579 2267 ὦν
594 2239 627 2267 ἄν
646 2247 688 2271 τις
708 2238 758 2266 ῐδοι
777 2237 826 2264 καὶ
855 2236 926 2285 μάλα

980 2239 1072 2266 monia
1080 2237 1189 2270 aﬂ‘erre,
1206 2245 1256 2273 per
1268 2246 1329 2274 qua:
1344 2238 1518 2266 manifestum
1530 2238 1616 2265 cuivis
1628 2245 1690 2265 esse
1704 2245 1768 2273 pos-

142 2286 236 2321 σαφῶς
255 2287 447 2322 άπαράδεκτον
460 2286 500 2322 τῷ
524 2285 583 2321 Θεῷ
606 2286 656 2321 τὴν
680 2283 752 2316 κατὰ
777 2283 857 2319 νόμον
878 2281 928 2308 λα-

141 2332 246 2367 τρείαν
267 2332 311 2360 ἵνα
327 2332 364 2368 μὴ
380 2331 429 2358 τοῦ
451 2331 633 2367 προκειμένου
657 2329 760 2357 σκοποῦ
781 2329 828 2356 τὸν
849 2327 929 2362 λόγον

142 2379 347 2414 ἱξελκύσωμεν,
363 2379 410 2405 καὶ
432 2377 532 2413 οῑχοιτό
549 2386 600 2404 που
617 2375 726 2412 μακρὰν
742 2375 772 2401 τὸ
787 2374 925 2409 διήγημα,

141 2425 235 2461 τρίθον
257 2425 352 2460 ὥσπερ
373 2425 415 2459 ἐφ’
446 2424 542 2460 ἑτέραν
567 2423 620 2456 ἰὸν,
642 2422 686 2450 ἐπ’
708 2421 788 2448 αὑτὸν
807 2419 859 2456 ήδη
881 2420 930 2455 βα-

143 2471 274 2506 διούμεθα
309 2470 355 2498 τὸν
389 2470 534 2497 θεσπέσιον
567 2468 703 2504 Ἀϐραάμ.
735 2467 784 2498 ’ος
813 2465 930 2509 ἐπείπερ

143 2518 260 2544 ἐπύθετο
269 2517 315 2544 τὸν
330 2517 516 2552 ἁδελφόπαιδα
533 2515 595 2543 Λὼτ
609 2515 748 2549 ἀδοκήτως
761 2512 930 2540 κεκινδυνευ-

143 2564 221 2595 κότα,
237 2563 356 2599 κατῴκει
373 2563 427 2598 γὰρ
442 2564 470 2589 ὲν
488 2562 627 2596 Σοδόμοις,
640 2560 688 2587 καὶ
704 2561 733 2586 ὲν
746 2558 865 2590 οἰκέταις
878 2556 929 2592 ἤδη

143 2607 177 2645 ἦν
192 2610 353 2645 δορίληπτος
375 2609 430 2641 ὢν,
453 2606 588 2640 ἐξοπλίζει
614 2607 662 2642 μὲν
684 2606 748 2637 τοὺς
769 2604 929 2638 οἰκογενεῖς,

145 2655 192 2682 καὶ
206 2655 317 2690 ἑτέρους
333 2654 409 2685 τινὰς
431 2653 485 2680 τῶν
507 2652 671 2688 συνωμότων
691 2650 804 2687 ’Βσχὺλ,
825 2649 932 2680 ’Δννὰν,

145 2701 193 2728 καὶ
213 2701 346 2736 Μαμϐρῆ·
373 2699 517 2734 ἀντεξάγει
539 2699 568 2725 δὲ
593 2699 649 2729 τοῖς
671 2697 859 2731 νενικηκόσιν,
883 2695 934 2722 οὐκ

145 2747 276 2781 ἀγεννῶς,
292 2747 400 2781 καὶτῆς
412 2746 524 2773 ἐκείνων
537 2744 693 2777 πλεονεξίας
709 2743 873 2771 ἀπαλλάττει
888 2742 934 2769 τὸν

145 2792 299 2829 ἄνθρωπον.
316 2792 373 2820 Καὶ
397 2793 445 2820 σὺν
465 2791 541 2827 αὺτῷ
563 2791 695 2826 πλείστην
711 2790 777 2825 ὅσην
799 2787 934 2821 ἀνασώζει

184 2882 203 2898 "’
217 2884 301 2913 Hebr.
319 2884 426 2917 vn.18,
448 2883 489 2912 l9.
529 2883 550 2899 "
565 2882 647 2911 licbr.
660 2890 716 2915 vni,
744 2880 819 2909 7—H.
866 2880 887 2896 "
906 2878 975 2908 ibid.
994 2878 1038 2906 15.

982 2283 1028 2316 sit,
1043 2282 1156 2318 legalem
1178 2283 1284 2310 cultum
1299 2284 1355 2311 Deo
1375 2287 1516 2319 acceptum
1538 2291 1594 2311 non
1606 2291 1683 2316 esse,
1700 2291 1735 2311 ne
1754 2291 1771 2311 a

983 2327 1110 2363 praesenti
1126 2327 1251 2356 instituto
1263 2335 1418 2356 sermonem
1437 2332 1591 2356 avertamus
1602 2348 1609 2361 ,
1632 2336 1701 2356 neve
1711 2329 1772 2356 lon—

983 2373 1043 2409 gius
1053 2377 1195 2402 excrescat
1203 2374 1291 2401 oratio
1304 2374 1433 2402 aliorsum
1446 2373 1617 2406 divertendo,
1633 2374 1666 2401 ad
1681 2374 1771 2409 ipsum

982 2419 1038 2454 jam
1061 2418 1185 2446 divinum
1206 2419 1341 2446 Abraham
1362 2427 1414 2446 nos
1435 2418 1618 2446 conferamus.
1633 2418 1685 2452 Qui
1708 2427 1772 2446 cum

985 2464 1105 2493 audisset
1118 2469 1246 2501 nepotem
1257 2473 1338 2493 suum
1353 2465 1404 2493 Lot
1425 2465 1453 2492 in
1469 2465 1641 2500 inopinatum
1661 2465 1772 2501 pericu-

982 2511 1040 2539 lum
1055 2511 1185 2539 incidisse
1201 2511 1354 2547 (habitabat
1369 2512 1444 2539 enim
1465 2511 1492 2538 in
1510 2511 1636 2539 Sodomis
1648 2532 1656 2544 ,
1675 2516 1704 2539 et
1717 2512 1773 2547 jam

981 2556 1042 2592 jure
1063 2556 1126 2584 belli
1145 2556 1174 2583 in
1188 2557 1308 2584 hostium
1328 2561 1490 2592 potestatem
1503 2557 1637 2592 venerat),
1658 2557 1774 2584 armavit

984 2602 1147 2630 vernaculos
1171 2610 1253 2634 suos,
1279 2607 1307 2630 et
1325 2603 1394 2631 alios
1416 2603 1548 2638 quosdam
1572 2603 1774 2630 confmdcratos

985 2648 1208 2680 Eschol,Annam
1222 2653 1250 2676 et
1263 2649 1395 2681 Mambre,
1414 2653 1497 2684 atque
1509 2649 1640 2676 adversus
1656 2648 1775 2675 victores

985 2695 1094 2722 fortiter
1109 2694 1137 2721 in
1153 2694 1239 2722 aciem
1255 2695 1348 2723 educit
1358 2699 1402 2728 ,et
1412 2696 1446 2722 ab
1459 2703 1555 2722 eorum
1569 2694 1712 2730 tyrannide
1726 2695 1775 2721 ho-

986 2739 1201 2772 minemliberat,
1218 2748 1325 2776 unaque
1335 2749 1397 2768 cum
1412 2748 1446 2768 eo
1463 2740 1599 2775 ingentem
1611 2739 1690 2766 aliam
1701 2740 1774 2766 mul-

987 2786 1132 2815 titudincm
1152 2786 1240 2813 salvat
1258 2787 1397 2814 communi
1419 2786 1523 2814 damno
1540 2789 1567 2813 et
1591 2785 1714 2820 periculo
1730 2785 1774 2812 in-

1092 2877 1114 2895 ”
1124 2877 1175 2906 Isa.
1192 2876 1265 2911 1,16.
1315 2877 1335 2893 "
1350 2876 1442 2904 Matth.
1457 2884 1502 2910 ηιξ,
1517 2877 1542 2903 7.
