  <div class='ocr_page' id='page_1' title='image "/cluster/home/n/w/nwhite01/storage/ocr_20150623/69/njp.32101077772729/057.png"; bbox 0 0 1990 3046; ppageno 0'>
   <div class='ocr_carea' id='block_1_1' title="bbox 192 121 1823 154">
    <p class='ocr_par' dir='ltr' id='par_1_1' title="bbox 192 121 1823 154">
     <span class='ocr_line' id='line_1_1' title="bbox 192 121 1823 154; baseline 0.004 -5"><span class='ocrx_word' id='word_1_1' title='bbox 192 121 226 150; x_wconf 85' lang='grc'><strong>87</strong></span> <span class='ocrx_word' id='word_1_2' title='bbox 695 122 722 151; x_wconf 88' lang='lat' dir='ltr'><strong>S.</strong></span> <span class='ocrx_word' id='word_1_3' title='bbox 739 123 875 152; x_wconf 78' lang='lat' dir='ltr'><strong>CYRILL]</strong></span> <span class='ocrx_word' id='word_1_4' title='bbox 894 123 1130 153; x_wconf 74' lang='lat' dir='ltr'><strong>ALEXANDRINI</strong></span> <span class='ocrx_word' id='word_1_5' title='bbox 1149 125 1308 154; x_wconf 73' lang='lat' dir='ltr'><strong>ARCHIEP.</strong></span> <span class='ocrx_word' id='word_1_6' title='bbox 1789 124 1823 151; x_wconf 78' lang='grc'>88</span> 
     </span>
    </p>
   </div>
   <div class='ocr_carea' id='block_1_2' title="bbox 189 182 981 223">
    <p class='ocr_par' dir='ltr' id='par_1_2' title="bbox 189 182 981 221">
     <span class='ocr_line' id='line_1_2' title="bbox 189 182 981 221; baseline 0.004 -11"><span class='ocrx_word' id='word_1_7' title='bbox 189 182 263 211; x_wconf 79' lang='lat' dir='ltr'><strong>Nihil</strong></span> <span class='ocrx_word' id='word_1_8' title='bbox 284 183 377 219; x_wconf 84' lang='lat' dir='ltr'><strong>itaque</strong></span> <span class='ocrx_word' id='word_1_9' title='bbox 396 184 550 218; x_wconf 84' lang='lat' dir='ltr'><strong>obstiterit,</strong></span> <span class='ocrx_word' id='word_1_10' title='bbox 565 192 620 220; x_wconf 90' lang='lat' dir='ltr'><strong>quo</strong></span> <span class='ocrx_word' id='word_1_11' title='bbox 641 184 733 212; x_wconf 89' lang='lat' dir='ltr'><strong>minus</strong></span> <span class='ocrx_word' id='word_1_12' title='bbox 747 191 838 218; x_wconf 86' lang='lat' dir='ltr'><strong>recte,</strong></span> <span class='ocrx_word' id='word_1_13' title='bbox 856 189 938 221; x_wconf 88' lang='lat' dir='ltr'><strong>atque</strong></span> <span class='ocrx_word' id='word_1_14' title='bbox 953 190 981 213; x_wconf 86' lang='lat' dir='ltr'><strong>ut</strong></span> 
     </span>
    </p>
   </div>
   <div class='ocr_carea' id='block_1_3' title="bbox 1026 182 1822 223">
    <p class='ocr_par' dir='ltr' id='par_1_3' title="bbox 1035 185 1822 223">
     <span class='ocr_line' id='line_1_3' title="bbox 1035 185 1822 223; baseline 0 -11"><span class='ocrx_word' id='word_1_15' title='bbox 1035 186 1088 213; x_wconf 81' lang='grc' dir='ltr'>ὑπὸ</span> <span class='ocrx_word' id='word_1_16' title='bbox 1103 187 1153 223; x_wconf 85' lang='grc' dir='ltr'>τῆς</span> <span class='ocrx_word' id='word_1_17' title='bbox 1169 187 1297 221; x_wconf 59' lang='lat' dir='ltr'><strong>uxoriae;</strong></span> <span class='ocrx_word' id='word_1_18' title='bbox 1321 187 1338 223; x_wconf 77' lang='grc' dir='ltr'>ἢ</span> <span class='ocrx_word' id='word_1_19' title='bbox 1360 186 1418 219; x_wconf 83' lang='grc' dir='ltr'>πῶς</span> <span class='ocrx_word' id='word_1_20' title='bbox 1438 185 1546 221; x_wconf 73' lang='grc' dir='ltr'>ἐλέγετο</span> <span class='ocrx_word' id='word_1_21' title='bbox 1562 186 1626 223; x_wconf 77' lang='grc' dir='ltr'>περὶ</span> <span class='ocrx_word' id='word_1_22' title='bbox 1646 185 1751 220; x_wconf 78' lang='grc' dir='ltr'>αὐτῶν,</span> <span class='ocrx_word' id='word_1_23' title='bbox 1774 186 1822 213; x_wconf 72' lang='grc' dir='ltr'>καὶ</span> 
     </span>
    </p>
   </div>
   <div class='ocr_carea' id='block_1_4' title="bbox 189 231 985 267">
    <p class='ocr_par' dir='ltr' id='par_1_4' title="bbox 189 231 985 267">
     <span class='ocr_line' id='line_1_4' title="bbox 189 231 985 267; baseline 0.006 -12"><span class='ocrx_word' id='word_1_24' title='bbox 189 235 239 263; x_wconf 85' lang='lat' dir='ltr'><strong>par</strong></span> <span class='ocrx_word' id='word_1_25' title='bbox 249 233 300 262; x_wconf 72' lang='lat' dir='ltr'><strong>est,</strong></span> <span class='ocrx_word' id='word_1_26' title='bbox 318 237 480 259; x_wconf 84' lang='lat' dir='ltr'><strong>censeamus</strong></span> <span class='ocrx_word' id='word_1_27' title='bbox 494 231 633 259; x_wconf 86' lang='lat' dir='ltr'><strong>hominem</strong></span> <span class='ocrx_word' id='word_1_28' title='bbox 646 232 758 267; x_wconf 87' lang='lat' dir='ltr'><strong>quidem</strong></span> <span class='ocrx_word' id='word_1_29' title='bbox 773 233 857 260; x_wconf 86' lang='lat' dir='ltr'><strong>fuisse</strong></span> <span class='ocrx_word' id='word_1_30' title='bbox 871 232 985 260; x_wconf 88' lang='lat' dir='ltr'><strong>Melchi-</strong></span> 
     </span>
    </p>
   </div>
   <div class='ocr_carea' id='block_1_5' title="bbox 188 275 979 314">
    <p class='ocr_par' dir='ltr' id='par_1_5' title="bbox 188 275 979 314">
     <span class='ocr_line' id='line_1_5' title="bbox 188 275 979 314; baseline 0.004 -12"><span class='ocrx_word' id='word_1_31' title='bbox 188 275 280 308; x_wconf 79' lang='lat' dir='ltr'><strong>sedec.</strong></span> <span class='ocrx_word' id='word_1_32' title='bbox 293 280 425 311; x_wconf 88' lang='lat' dir='ltr'><strong>certoque</strong></span> <span class='ocrx_word' id='word_1_33' title='bbox 437 281 559 314; x_wconf 89' lang='lat' dir='ltr'><strong>tempore</strong></span> <span class='ocrx_word' id='word_1_34' title='bbox 574 285 702 313; x_wconf 82' lang='lat' dir='ltr'><strong>regnasse</strong></span> <span class='ocrx_word' id='word_1_35' title='bbox 717 278 745 306; x_wconf 86' lang='lat' dir='ltr'><strong>in</strong></span> <span class='ocrx_word' id='word_1_36' title='bbox 757 278 857 311; x_wconf 84' lang='lat' dir='ltr'><strong>Salem,</strong></span> <span class='ocrx_word' id='word_1_37' title='bbox 872 277 979 306; x_wconf 89' lang='lat' dir='ltr'><strong>etiamsi</strong></span> 
     </span>
    </p>
   </div>
   <div class='ocr_carea' id='block_1_6' title="bbox 189 320 577 361">
    <p class='ocr_par' dir='ltr' id='par_1_6' title="bbox 189 320 577 361">
     <span class='ocr_line' id='line_1_6' title="bbox 189 320 577 361; baseline 0.01 -15"><span class='ocrx_word' id='word_1_38' title='bbox 189 320 386 361; x_wconf 82' lang='lat' dir='ltr'><strong>interpretetur</strong></span> <span class='ocrx_word' id='word_1_39' title='bbox 398 330 460 357; x_wconf 71' lang='lat' dir='ltr'><strong>pax.</strong></span> <span class='ocrx_word' id='word_1_40' title='bbox 572 326 577 328; x_wconf 59' lang='grc'><strong>“</strong></span> 
     </span>
    </p>
   </div>
   <div class='ocr_carea' id='block_1_7' title="bbox 1036 229 1823 268">
    <p class='ocr_par' dir='ltr' id='par_1_7' title="bbox 1036 229 1823 268">
     <span class='ocr_line' id='line_1_7' title="bbox 1036 229 1823 268; baseline -0.003 -10"><span class='ocrx_word' id='word_1_41' title='bbox 1036 231 1091 258; x_wconf 82' lang='grc' dir='ltr'><strong>τῶν</strong></span> <span class='ocrx_word' id='word_1_42' title='bbox 1109 232 1235 267; x_wconf 78' lang='grc' dir='ltr'>ἡγεῖσθαι</span> <span class='ocrx_word' id='word_1_43' title='bbox 1258 232 1414 268; x_wconf 80' lang='grc' dir='ltr'><strong>λαχόντων,</strong></span> <span class='ocrx_word' id='word_1_44' title='bbox 1431 241 1440 258; x_wconf 78' lang='grc' dir='ltr'><strong>ι</strong></span> <span class='ocrx_word' id='word_1_45' title='bbox 1462 232 1564 266; x_wconf 80' lang='grc' dir='ltr'>’Δφετε</span> <span class='ocrx_word' id='word_1_46' title='bbox 1592 231 1691 263; x_wconf 77' lang='grc' dir='ltr'>αὐτοὺς</span> <span class='ocrx_word' id='word_1_47' title='bbox 1702 251 1710 264; x_wconf 87' lang='grc'><strong>,</strong></span> <span class='ocrx_word' id='word_1_48' title='bbox 1728 229 1823 265; x_wconf 72' lang='grc' dir='ltr'>τυφλοί</span> 
     </span>
    </p>
   </div>
   <div class='ocr_carea' id='block_1_8' title="bbox 1033 275 1821 313">
    <p class='ocr_par' dir='ltr' id='par_1_8' title="bbox 1033 275 1821 313">
     <span class='ocr_line' id='line_1_8' title="bbox 1033 275 1821 313; baseline -0.001 -10"><span class='ocrx_word' id='word_1_49' title='bbox 1033 276 1103 303; x_wconf 77' lang='grc' dir='ltr'>εἰσιν</span> <span class='ocrx_word' id='word_1_50' title='bbox 1115 277 1206 311; x_wconf 74' lang='grc' dir='ltr'>ὁδηγοὶ</span> <span class='ocrx_word' id='word_1_51' title='bbox 1218 277 1342 312; x_wconf 83' lang='grc' dir='ltr'>τυφλῶν;</span> <span class='ocrx_word' id='word_1_52' title='bbox 1357 287 1366 303; x_wconf 71' lang='grc' dir='ltr'><strong>ι</strong></span> <span class='ocrx_word' id='word_1_53' title='bbox 1389 278 1458 304; x_wconf 85' lang='grc' dir='ltr'>Ποία</span> <span class='ocrx_word' id='word_1_54' title='bbox 1472 277 1526 313; x_wconf 84' lang='grc' dir='ltr'><strong>γὰρ</strong></span> <span class='ocrx_word' id='word_1_55' title='bbox 1541 276 1574 304; x_wconf 83' lang='grc' dir='ltr'>ἂν</span> <span class='ocrx_word' id='word_1_56' title='bbox 1587 278 1672 304; x_wconf 83' lang='grc' dir='ltr'><strong>νοοῖτο</strong></span> <span class='ocrx_word' id='word_1_57' title='bbox 1689 275 1821 310; x_wconf 75' lang='grc' dir='ltr'><strong>τυφλότης</strong></span> 
     </span>
    </p>
   </div>
   <div class='ocr_carea' id='block_1_9' title="bbox 1033 321 1821 359">
    <p class='ocr_par' dir='ltr' id='par_1_9' title="bbox 1033 321 1821 359">
     <span class='ocr_line' id='line_1_9' title="bbox 1033 321 1821 359; baseline -0.003 -10"><span class='ocrx_word' id='word_1_58' title='bbox 1033 323 1074 354; x_wconf 86' lang='grc' dir='ltr'><strong>είς</strong></span> <span class='ocrx_word' id='word_1_59' title='bbox 1089 322 1152 350; x_wconf 82' lang='grc' dir='ltr'>νοῦν</span> <span class='ocrx_word' id='word_1_60' title='bbox 1170 323 1276 359; x_wconf 79' lang='grc' dir='ltr'>ὁρῶντα</span> <span class='ocrx_word' id='word_1_61' title='bbox 1291 323 1357 350; x_wconf 86' lang='grc' dir='ltr'>Θεόν</span> <span class='ocrx_word' id='word_1_62' title='bbox 1369 332 1376 357; x_wconf 86' lang='grc'>;</span> <span class='ocrx_word' id='word_1_63' title='bbox 1390 323 1496 350; x_wconf 77' lang='grc' dir='ltr'>Οὐκοῦν</span> <span class='ocrx_word' id='word_1_64' title='bbox 1511 323 1630 358; x_wconf 82' lang='grc' dir='ltr'><strong>ἀμαθίας</strong></span> <span class='ocrx_word' id='word_1_65' title='bbox 1650 322 1778 358; x_wconf 73' lang='grc' dir='ltr'>ἔμπλεων</span> <span class='ocrx_word' id='word_1_66' title='bbox 1791 321 1821 348; x_wconf 70' lang='grc' dir='ltr'><strong>τὺ</strong></span> 
     </span>
    </p>
   </div>
   <div class='ocr_carea' id='block_1_10' title="bbox 187 367 1822 408">
    <p class='ocr_par' dir='ltr' id='par_1_10' title="bbox 187 367 1822 408">
     <span class='ocr_line' id='line_1_10' title="bbox 187 367 1822 408; baseline 0.001 -17"><span class='ocrx_word' id='word_1_67' title='bbox 187 367 248 396; x_wconf 78' lang='grc' dir='ltr'>ταῖς</span> <span class='ocrx_word' id='word_1_68' title='bbox 263 367 402 402; x_wconf 86' lang='grc' dir='ltr'>ὸνομάτων</span> <span class='ocrx_word' id='word_1_69' title='bbox 420 369 544 408; x_wconf 81' lang='grc' dir='ltr'>ποιότησι</span> <span class='ocrx_word' id='word_1_70' title='bbox 572 370 662 407; x_wconf 82' lang='grc' dir='ltr'>πάντη</span> <span class='ocrx_word' id='word_1_71' title='bbox 685 379 715 397; x_wconf 86' lang='grc' dir='ltr'><strong>τε</strong></span> <span class='ocrx_word' id='word_1_72' title='bbox 736 370 783 399; x_wconf 79' lang='grc' dir='ltr'>καὶ</span> <span class='ocrx_word' id='word_1_73' title='bbox 815 369 925 402; x_wconf 78' lang='grc' dir='ltr'>πάντως</span> <span class='ocrx_word' id='word_1_74' title='bbox 943 369 991 396; x_wconf 77' lang='grc' dir='ltr'>καὶ</span> <span class='ocrx_word' id='word_1_75' title='bbox 1010 369 1166 397; x_wconf 75' lang='grc' dir='ltr'>αὐτῶντῶν</span> <span class='ocrx_word' id='word_1_76' title='bbox 1194 371 1364 407; x_wconf 78' lang='grc' dir='ltr'>πραγμάτων</span> <span class='ocrx_word' id='word_1_77' title='bbox 1377 371 1525 407; x_wconf 80' lang='grc' dir='ltr'>ἀπονέμειν</span> <span class='ocrx_word' id='word_1_78' title='bbox 1539 370 1569 397; x_wconf 76' lang='grc' dir='ltr'>τὸ</span> <span class='ocrx_word' id='word_1_79' title='bbox 1580 370 1689 405; x_wconf 75' lang='grc' dir='ltr'>κράτος.</span> <span class='ocrx_word' id='word_1_80' title='bbox 1711 367 1822 403; x_wconf 83' lang='grc' dir='ltr'>’Λπείρ-</span> 
     </span>
    </p>
   </div>
   <div class='ocr_carea' id='block_1_11' title="bbox 188 411 1824 455">
    <p class='ocr_par' dir='ltr' id='par_1_11' title="bbox 188 411 1824 455">
     <span class='ocr_line' id='line_1_11' title="bbox 188 411 1824 455; baseline 0.002 -17"><span class='ocrx_word' id='word_1_81' title='bbox 188 411 229 442; x_wconf 86' lang='grc' dir='ltr'>ξει</span> <span class='ocrx_word' id='word_1_82' title='bbox 243 412 283 445; x_wconf 82' lang='grc' dir='ltr'>δὲ,</span> <span class='ocrx_word' id='word_1_83' title='bbox 302 411 393 448; x_wconf 70' lang='grc' dir='ltr'>οἶμαι,</span> <span class='ocrx_word' id='word_1_84' title='bbox 409 414 503 442; x_wconf 77' lang='grc' dir='ltr'>λοιπὸν</span> <span class='ocrx_word' id='word_1_85' title='bbox 532 416 673 449; x_wconf 79' lang='grc' dir='ltr'><strong>παντελῶς</strong></span> <span class='ocrx_word' id='word_1_86' title='bbox 691 417 768 450; x_wconf 65' lang='grc' dir='ltr'>οὐδὲν</span> <span class='ocrx_word' id='word_1_87' title='bbox 794 416 882 455; x_wconf 81' lang='grc' dir='ltr'><strong>ὀρθῶς</strong></span> <span class='ocrx_word' id='word_1_88' title='bbox 898 416 946 445; x_wconf 77' lang='grc' dir='ltr'>καὶ</span> <span class='ocrx_word' id='word_1_89' title='bbox 979 416 1156 452; x_wconf 84' lang='grc' dir='ltr'>καθηκόντως</span> <span class='ocrx_word' id='word_1_90' title='bbox 1178 417 1303 444; x_wconf 80' lang='grc' dir='ltr'>ὑπονοεῖν</span> <span class='ocrx_word' id='word_1_91' title='bbox 1323 417 1465 453; x_wconf 79' lang='grc' dir='ltr'>ἄνθρωπον</span> <span class='ocrx_word' id='word_1_92' title='bbox 1487 416 1552 444; x_wconf 75' lang='grc' dir='ltr'>δντα</span> <span class='ocrx_word' id='word_1_93' title='bbox 1572 416 1617 443; x_wconf 81' lang='grc' dir='ltr'>τὸν</span> <span class='ocrx_word' id='word_1_94' title='bbox 1641 413 1824 450; x_wconf 60' lang='grc' dir='ltr'>Μελχισεδέκ,</span> 
     </span>
    </p>
   </div>
   <div class='ocr_carea' id='block_1_12' title="bbox 189 457 1395 500">
    <p class='ocr_par' dir='ltr' id='par_1_12' title="bbox 189 457 1395 500">
     <span class='ocr_line' id='line_1_12' title="bbox 189 457 1395 500; baseline 0.005 -16"><span class='ocrx_word' id='word_1_95' title='bbox 189 457 412 497; x_wconf 75' lang='grc' dir='ltr'>βεϐασιλευκέναι</span> <span class='ocrx_word' id='word_1_96' title='bbox 435 461 463 487; x_wconf 83' lang='grc' dir='ltr'>δὲ</span> <span class='ocrx_word' id='word_1_97' title='bbox 487 461 559 488; x_wconf 82' lang='grc' dir='ltr'>κατὰ</span> <span class='ocrx_word' id='word_1_98' title='bbox 580 462 693 497; x_wconf 86' lang='grc' dir='ltr'>καιροὺς</span> <span class='ocrx_word' id='word_1_99' title='bbox 716 462 766 497; x_wconf 84' lang='grc' dir='ltr'>τῆς</span> <span class='ocrx_word' id='word_1_100' title='bbox 789 462 900 500; x_wconf 75' lang='grc' dir='ltr'>Σαλήμ,</span> <span class='ocrx_word' id='word_1_101' title='bbox 923 461 974 489; x_wconf 80' lang='grc' dir='ltr'>κᾶν</span> <span class='ocrx_word' id='word_1_102' title='bbox 993 462 1173 498; x_wconf 85' lang='grc' dir='ltr'>ὲρμηνεύοιτο</span> <span class='ocrx_word' id='word_1_103' title='bbox 1185 463 1266 498; x_wconf 78' lang='grc' dir='ltr'>τυχὸν</span> <span class='ocrx_word' id='word_1_104' title='bbox 1279 463 1395 498; x_wconf 79' lang='grc' dir='ltr'>είρήνη.</span> 
     </span>
    </p>
   </div>
   <div class='ocr_carea' id='block_1_13' title="bbox 222 502 978 546">
    <p class='ocr_par' dir='ltr' id='par_1_13' title="bbox 222 502 978 546">
     <span class='ocr_line' id='line_1_13' title="bbox 222 502 978 546; baseline 0.007 -17"><span class='ocrx_word' id='word_1_105' title='bbox 222 503 249 530; x_wconf 70' lang='grc'><strong>4.</strong></span> <span class='ocrx_word' id='word_1_106' title='bbox 270 502 507 532; x_wconf 79' lang='lat' dir='ltr'><strong>Considerandum</strong></span> <span class='ocrx_word' id='word_1_107' title='bbox 519 509 561 533; x_wconf 90' lang='lat' dir='ltr'><strong>est</strong></span> <span class='ocrx_word' id='word_1_108' title='bbox 570 510 598 533; x_wconf 88' lang='lat' dir='ltr'><strong>et</strong></span> <span class='ocrx_word' id='word_1_109' title='bbox 607 506 660 533; x_wconf 90' lang='lat' dir='ltr'><strong>hoc</strong></span> <span class='ocrx_word' id='word_1_110' title='bbox 670 513 779 544; x_wconf 89' lang='lat' dir='ltr'><strong>quoque</strong></span> <span class='ocrx_word' id='word_1_111' title='bbox 789 514 852 534; x_wconf 91' lang='lat' dir='ltr'><strong>cum</strong></span> <span class='ocrx_word' id='word_1_112' title='bbox 867 507 901 534; x_wconf 90' lang='lat' dir='ltr'><strong>iis</strong></span> <span class='ocrx_word' id='word_1_113' title='bbox 917 515 978 546; x_wconf 66' lang='lat' dir='ltr'><strong>quae</strong></span> 
     </span>
    </p>
   </div>
   <div class='ocr_carea' id='block_1_14' title="bbox 188 548 978 588">
    <p class='ocr_par' dir='ltr' id='par_1_14' title="bbox 188 548 978 588">
     <span class='ocr_line' id='line_1_14' title="bbox 188 548 978 588; baseline 0.006 -12"><span class='ocrx_word' id='word_1_114' title='bbox 188 548 260 576; x_wconf 86' lang='lat' dir='ltr'><strong>dicta</strong></span> <span class='ocrx_word' id='word_1_115' title='bbox 275 555 356 577; x_wconf 90' lang='lat' dir='ltr'><strong>sunt:</strong></span> <span class='ocrx_word' id='word_1_116' title='bbox 377 551 471 578; x_wconf 89' lang='lat' dir='ltr'><strong>divina</strong></span> <span class='ocrx_word' id='word_1_117' title='bbox 493 551 595 578; x_wconf 90' lang='lat' dir='ltr'><strong>etenim</strong></span> <span class='ocrx_word' id='word_1_118' title='bbox 609 552 738 587; x_wconf 84' lang='lat' dir='ltr'><strong>mysteria</strong></span> <span class='ocrx_word' id='word_1_119' title='bbox 751 552 832 580; x_wconf 90' lang='lat' dir='ltr'><strong>modo</strong></span> <span class='ocrx_word' id='word_1_120' title='bbox 844 560 895 588; x_wconf 89' lang='lat' dir='ltr'><strong>per</strong></span> <span class='ocrx_word' id='word_1_121' title='bbox 915 561 978 588; x_wconf 88' lang='lat' dir='ltr'><strong>spe-</strong></span> 
     </span>
    </p>
   </div>
   <div class='ocr_carea' id='block_1_15' title="bbox 188 595 979 632">
    <p class='ocr_par' dir='ltr' id='par_1_15' title="bbox 188 595 979 632">
     <span class='ocr_line' id='line_1_15' title="bbox 188 595 979 632; baseline 0.006 -10"><span class='ocrx_word' id='word_1_122' title='bbox 188 595 280 623; x_wconf 88' lang='lat' dir='ltr'><strong>culum</strong></span> <span class='ocrx_word' id='word_1_123' title='bbox 294 601 376 632; x_wconf 86' lang='lat' dir='ltr'><strong>atque</strong></span> <span class='ocrx_word' id='word_1_124' title='bbox 397 597 542 632; x_wconf 76' lang='lat' dir='ltr'><strong>imaginem</strong></span> <span class='ocrx_word' id='word_1_125' title='bbox 559 597 671 625; x_wconf 85' lang='lat' dir='ltr'><strong>vixdum</strong></span> <span class='ocrx_word' id='word_1_126' title='bbox 693 599 831 627; x_wconf 88' lang='lat' dir='ltr'><strong>cernimus</strong></span> <span class='ocrx_word' id='word_1_127' title='bbox 848 600 870 616; x_wconf 88' lang='lat'><strong>&#39;&quot;</strong></span> <span class='ocrx_word' id='word_1_128' title='bbox 884 608 890 626; x_wconf 91' lang='lat'>:</span> <span class='ocrx_word' id='word_1_129' title='bbox 902 607 979 627; x_wconf 88' lang='lat' dir='ltr'><strong>cum-</strong></span> 
     </span>
    </p>
   </div>
   <div class='ocr_carea' id='block_1_16' title="bbox 187 641 976 679">
    <p class='ocr_par' dir='ltr' id='par_1_16' title="bbox 187 641 976 679">
     <span class='ocr_line' id='line_1_16' title="bbox 187 641 976 679; baseline 0.006 -12"><span class='ocrx_word' id='word_1_130' title='bbox 187 647 241 676; x_wconf 85' lang='lat' dir='ltr'><strong>que</strong></span> <span class='ocrx_word' id='word_1_131' title='bbox 256 641 326 668; x_wconf 88' lang='lat' dir='ltr'><strong>nihil</strong></span> <span class='ocrx_word' id='word_1_132' title='bbox 342 642 378 669; x_wconf 94' lang='lat' dir='ltr'><strong>sit</strong></span> <span class='ocrx_word' id='word_1_133' title='bbox 393 641 422 668; x_wconf 93' lang='lat' dir='ltr'><strong>in</strong></span> <span class='ocrx_word' id='word_1_134' title='bbox 439 641 523 669; x_wconf 86' lang='lat' dir='ltr'><strong>rebus</strong></span> <span class='ocrx_word' id='word_1_135' title='bbox 537 643 647 675; x_wconf 76' lang='lat' dir='ltr'><strong>creatis,</strong></span> <span class='ocrx_word' id='word_1_136' title='bbox 666 643 739 678; x_wconf 90' lang='lat' dir='ltr'><strong>quod</strong></span> <span class='ocrx_word' id='word_1_137' title='bbox 756 643 861 679; x_wconf 81' lang='lat' dir='ltr'><strong>integre</strong></span> <span class='ocrx_word' id='word_1_138' title='bbox 877 645 976 672; x_wconf 68' lang='lat' dir='ltr'><strong>divina:</strong></span> 
     </span>
    </p>
   </div>
   <div class='ocr_carea' id='block_1_17' title="bbox 186 686 976 726">
    <p class='ocr_par' dir='ltr' id='par_1_17' title="bbox 186 686 976 726">
     <span class='ocr_line' id='line_1_17' title="bbox 186 686 976 726; baseline 0.006 -13"><span class='ocrx_word' id='word_1_139' title='bbox 186 691 268 721; x_wconf 87' lang='lat' dir='ltr'><strong>atque</strong></span> <span class='ocrx_word' id='word_1_140' title='bbox 286 686 418 714; x_wconf 74' lang='lat' dir='ltr'><strong>ineii‘abili</strong></span> <span class='ocrx_word' id='word_1_141' title='bbox 434 691 539 715; x_wconf 65' lang='lat' dir='ltr'><strong>natura:</strong></span> <span class='ocrx_word' id='word_1_142' title='bbox 550 688 695 724; x_wconf 69' lang='lat' dir='ltr'><strong>adaequare</strong></span> <span class='ocrx_word' id='word_1_143' title='bbox 712 690 859 725; x_wconf 80' lang='lat' dir='ltr'><strong>possimus,</strong></span> <span class='ocrx_word' id='word_1_144' title='bbox 871 699 976 726; x_wconf 85' lang='lat' dir='ltr'><strong>equam</strong></span> 
     </span>
    </p>
   </div>
   <div class='ocr_carea' id='block_1_18' title="bbox 186 732 978 772">
    <p class='ocr_par' dir='ltr' id='par_1_18' title="bbox 186 732 978 772">
     <span class='ocr_line' id='line_1_18' title="bbox 186 732 978 772; baseline 0.009 -14"><span class='ocrx_word' id='word_1_145' title='bbox 186 732 313 768; x_wconf 84' lang='lat' dir='ltr'><strong>plurimis</strong></span> <span class='ocrx_word' id='word_1_146' title='bbox 328 733 460 768; x_wconf 84' lang='lat' dir='ltr'><strong>exemplis</strong></span> <span class='ocrx_word' id='word_1_147' title='bbox 471 741 583 769; x_wconf 88' lang='lat' dir='ltr'><strong>qu0quo</strong></span> <span class='ocrx_word' id='word_1_148' title='bbox 597 735 679 762; x_wconf 91' lang='lat' dir='ltr'><strong>modo</strong></span> <span class='ocrx_word' id='word_1_149' title='bbox 696 735 724 762; x_wconf 87' lang='lat' dir='ltr'><strong>id</strong></span> <span class='ocrx_word' id='word_1_150' title='bbox 741 736 823 764; x_wconf 88' lang='lat' dir='ltr'><strong>nobis</strong></span> <span class='ocrx_word' id='word_1_151' title='bbox 835 744 978 772; x_wconf 86' lang='lat' dir='ltr'><strong>compara-</strong></span> 
     </span>
    </p>
   </div>
   <div class='ocr_carea' id='block_1_19' title="bbox 186 771 976 823">
    <p class='ocr_par' dir='ltr' id='par_1_19' title="bbox 186 771 976 823">
     <span class='ocr_line' id='line_1_19' title="bbox 186 771 976 823; baseline 0.008 -19"><span class='ocrx_word' id='word_1_152' title='bbox 186 771 257 810; x_wconf 83' lang='lat' dir='ltr'><strong>mus,</strong></span> <span class='ocrx_word' id='word_1_153' title='bbox 272 782 303 805; x_wconf 90' lang='lat' dir='ltr'><strong>ut</strong></span> <span class='ocrx_word' id='word_1_154' title='bbox 314 778 348 805; x_wconf 91' lang='lat' dir='ltr'><strong>de</strong></span> <span class='ocrx_word' id='word_1_155' title='bbox 364 785 396 806; x_wconf 90' lang='lat' dir='ltr'><strong>ea</strong></span> <span class='ocrx_word' id='word_1_156' title='bbox 404 779 524 814; x_wconf 84' lang='lat' dir='ltr'><strong>cogitare</strong></span> <span class='ocrx_word' id='word_1_157' title='bbox 533 787 565 808; x_wconf 89' lang='lat' dir='ltr'><strong>ac</strong></span> <span class='ocrx_word' id='word_1_158' title='bbox 579 780 672 808; x_wconf 85' lang='lat' dir='ltr'><strong>dicere</strong></span> <span class='ocrx_word' id='word_1_159' title='bbox 682 781 829 816; x_wconf 86' lang='lat' dir='ltr'><strong>possimus,</strong></span> <span class='ocrx_word' id='word_1_160' title='bbox 843 771 976 823; x_wconf 80' lang='lat' dir='ltr'><strong>quantum</strong></span> 
     </span>
    </p>
   </div>
   <div class='ocr_carea' id='block_1_20' title="bbox 184 820 975 858">
    <p class='ocr_par' dir='ltr' id='par_1_20' title="bbox 184 820 975 858">
     <span class='ocr_line' id='line_1_20' title="bbox 184 820 975 858; baseline 0.009 -10"><span class='ocrx_word' id='word_1_161' title='bbox 184 820 401 850; x_wconf 75' lang='lat' dir='ltr'><strong>facultasnostra</strong></span> <span class='ocrx_word' id='word_1_162' title='bbox 419 822 483 850; x_wconf 90' lang='lat' dir='ltr'><strong>fert.</strong></span> <span class='ocrx_word' id='word_1_163' title='bbox 510 824 695 852; x_wconf 84' lang='lat' dir='ltr'><strong>Nihilominus</strong></span> <span class='ocrx_word' id='word_1_164' title='bbox 709 831 801 858; x_wconf 81' lang='lat' dir='ltr'><strong>autem</strong></span> <span class='ocrx_word' id='word_1_165' title='bbox 827 820 975 854; x_wconf 86' lang='lat' dir='ltr'><strong>obscurum</strong></span> 
     </span>
    </p>
   </div>
   <div class='ocr_carea' id='block_1_21' title="bbox 184 866 976 906">
    <p class='ocr_par' dir='ltr' id='par_1_21' title="bbox 184 866 976 906">
     <span class='ocr_line' id='line_1_21' title="bbox 184 866 976 906; baseline 0.008 -12"><span class='ocrx_word' id='word_1_166' title='bbox 184 866 333 895; x_wconf 83' lang='lat' dir='ltr'><strong>admodum</strong></span> <span class='ocrx_word' id='word_1_167' title='bbox 355 873 397 896; x_wconf 89' lang='lat' dir='ltr'><strong>est</strong></span> <span class='ocrx_word' id='word_1_168' title='bbox 409 868 442 896; x_wconf 92' lang='lat' dir='ltr'><strong>de</strong></span> <span class='ocrx_word' id='word_1_169' title='bbox 453 868 563 897; x_wconf 90' lang='lat' dir='ltr'><strong>Christo</strong></span> <span class='ocrx_word' id='word_1_170' title='bbox 580 871 753 906; x_wconf 77' lang='lat' dir='ltr'><strong>mysterium,</strong></span> <span class='ocrx_word' id='word_1_171' title='bbox 770 875 798 900; x_wconf 88' lang='lat' dir='ltr'><strong>et</strong></span> <span class='ocrx_word' id='word_1_172' title='bbox 809 872 976 900; x_wconf 88' lang='lat' dir='ltr'><strong>incarnatio-</strong></span> 
     </span>
    </p>
   </div>
   <div class='ocr_carea' id='block_1_22' title="bbox 1067 506 1820 544">
    <p class='ocr_par' dir='ltr' id='par_1_22' title="bbox 1067 506 1820 544">
     <span class='ocr_line' id='line_1_22' title="bbox 1067 506 1820 544; baseline 0 -10"><span class='ocrx_word' id='word_1_173' title='bbox 1067 506 1098 534; x_wconf 72' lang='grc' dir='ltr'><strong>δ’.</strong></span> <span class='ocrx_word' id='word_1_174' title='bbox 1114 508 1361 544; x_wconf 73' lang='grc' dir='ltr'>Προσεπαθρητέον</span> <span class='ocrx_word' id='word_1_175' title='bbox 1378 509 1407 535; x_wconf 81' lang='grc' dir='ltr'>δὲ</span> <span class='ocrx_word' id='word_1_176' title='bbox 1429 509 1485 540; x_wconf 84' lang='grc' dir='ltr'>τοῖς</span> <span class='ocrx_word' id='word_1_177' title='bbox 1506 508 1663 544; x_wconf 80' lang='grc' dir='ltr'>εἰρημένοις</span> <span class='ocrx_word' id='word_1_178' title='bbox 1682 507 1729 534; x_wconf 75' lang='grc' dir='ltr'>καὶ</span> <span class='ocrx_word' id='word_1_179' title='bbox 1747 507 1820 535; x_wconf 72' lang='grc' dir='ltr'>τάδε’</span> 
     </span>
    </p>
   </div>
   <div class='ocr_carea' id='block_1_23' title="bbox 1032 549 1820 587">
    <p class='ocr_par' dir='ltr' id='par_1_23' title="bbox 1032 549 1820 587">
     <span class='ocr_line' id='line_1_23' title="bbox 1032 549 1820 587; baseline 0.003 -11"><span class='ocrx_word' id='word_1_180' title='bbox 1032 549 1168 585; x_wconf 83' lang='grc' dir='ltr'>βλέπομεν</span> <span class='ocrx_word' id='word_1_181' title='bbox 1189 551 1244 587; x_wconf 87' lang='grc' dir='ltr'><strong>γὰρ</strong></span> <span class='ocrx_word' id='word_1_182' title='bbox 1259 552 1322 587; x_wconf 75' lang='grc' dir='ltr'>ἄρτι</span> <span class='ocrx_word' id='word_1_183' title='bbox 1336 552 1370 579; x_wconf 80' lang='grc' dir='ltr'>δι’</span> <span class='ocrx_word' id='word_1_184' title='bbox 1386 552 1521 587; x_wconf 79' lang='grc' dir='ltr'><strong>ἐσόπτρου</strong></span> <span class='ocrx_word' id='word_1_185' title='bbox 1541 553 1589 579; x_wconf 78' lang='grc' dir='ltr'>καὶ</span> <span class='ocrx_word' id='word_1_186' title='bbox 1609 551 1771 587; x_wconf 77' lang='grc' dir='ltr'>αἰνίγματος</span> <span class='ocrx_word' id='word_1_187' title='bbox 1784 552 1820 578; x_wconf 78' lang='grc' dir='ltr'>τὰ</span> 
     </span>
    </p>
   </div>
   <div class='ocr_carea' id='block_1_24' title="bbox 1031 593 1820 633">
    <p class='ocr_par' dir='ltr' id='par_1_24' title="bbox 1031 593 1820 633">
     <span class='ocr_line' id='line_1_24' title="bbox 1031 593 1820 633; baseline 0.003 -12"><span class='ocrx_word' id='word_1_188' title='bbox 1031 595 1090 622; x_wconf 88' lang='grc' dir='ltr'>θεῖα</span> <span class='ocrx_word' id='word_1_189' title='bbox 1107 596 1183 632; x_wconf 82' lang='grc' dir='ltr'>μόλις</span> <span class='ocrx_word' id='word_1_190' title='bbox 1203 593 1342 633; x_wconf 85' lang='grc' dir='ltr'>μυστήρια</span> <span class='ocrx_word' id='word_1_191' title='bbox 1358 606 1365 613; x_wconf 90' lang='grc'><strong>·</strong></span> <span class='ocrx_word' id='word_1_192' title='bbox 1381 598 1537 633; x_wconf 79' lang='grc' dir='ltr'>ὁλοκλήρως</span> <span class='ocrx_word' id='word_1_193' title='bbox 1553 597 1582 624; x_wconf 84' lang='grc' dir='ltr'>δὲ</span> <span class='ocrx_word' id='word_1_194' title='bbox 1599 597 1653 624; x_wconf 85' lang='grc' dir='ltr'><strong>τῶν</strong></span> <span class='ocrx_word' id='word_1_195' title='bbox 1668 597 1820 631; x_wconf 86' lang='grc' dir='ltr'>γεγονότων</span> 
     </span>
    </p>
   </div>
   <div class='ocr_carea' id='block_1_25' title="bbox 1030 640 1819 678">
    <p class='ocr_par' dir='ltr' id='par_1_25' title="bbox 1030 640 1819 678">
     <span class='ocr_line' id='line_1_25' title="bbox 1030 640 1819 678; baseline 0.003 -12"><span class='ocrx_word' id='word_1_196' title='bbox 1030 640 1107 667; x_wconf 76' lang='grc' dir='ltr'>οὐδὲν</span> <span class='ocrx_word' id='word_1_197' title='bbox 1126 641 1266 676; x_wconf 78' lang='grc' dir='ltr'>ἐξομοιοῦν</span> <span class='ocrx_word' id='word_1_198' title='bbox 1290 641 1397 677; x_wconf 79' lang='grc' dir='ltr'>ἔχοντες</span> <span class='ocrx_word' id='word_1_199' title='bbox 1411 644 1444 678; x_wconf 81' lang='grc' dir='ltr'>τῇ</span> <span class='ocrx_word' id='word_1_200' title='bbox 1462 642 1524 678; x_wconf 87' lang='grc' dir='ltr'>θείᾳ</span> <span class='ocrx_word' id='word_1_201' title='bbox 1547 650 1578 669; x_wconf 85' lang='grc' dir='ltr'><strong>τε</strong></span> <span class='ocrx_word' id='word_1_202' title='bbox 1601 642 1648 669; x_wconf 73' lang='grc' dir='ltr'>καὶ</span> <span class='ocrx_word' id='word_1_203' title='bbox 1668 642 1819 677; x_wconf 81' lang='grc' dir='ltr'>ἀποῤῥήτῳ</span> 
     </span>
    </p>
   </div>
   <div class='ocr_carea' id='block_1_26' title="bbox 1030 686 1820 723">
    <p class='ocr_par' dir='ltr' id='par_1_26' title="bbox 1030 686 1820 723">
     <span class='ocr_line' id='line_1_26' title="bbox 1030 686 1820 723; baseline 0.001 -11"><span class='ocrx_word' id='word_1_204' title='bbox 1030 686 1128 720; x_wconf 84' lang='grc' dir='ltr'>φύσει,</span> <span class='ocrx_word' id='word_1_205' title='bbox 1155 687 1188 713; x_wconf 83' lang='grc' dir='ltr'>ὲκ</span> <span class='ocrx_word' id='word_1_206' title='bbox 1213 687 1319 723; x_wconf 81' lang='grc' dir='ltr'>μυρίων</span> <span class='ocrx_word' id='word_1_207' title='bbox 1345 688 1415 715; x_wconf 81' lang='grc' dir='ltr'>ὅσων</span> <span class='ocrx_word' id='word_1_208' title='bbox 1439 687 1670 723; x_wconf 83' lang='grc' dir='ltr'>παραδειγμάτων</span> <span class='ocrx_word' id='word_1_209' title='bbox 1701 687 1820 723; x_wconf 85' lang='grc' dir='ltr'>μετρίως</span> 
     </span>
    </p>
   </div>
   <div class='ocr_carea' id='block_1_27' title="bbox 1030 732 1818 770">
    <p class='ocr_par' dir='ltr' id='par_1_27' title="bbox 1030 732 1818 770">
     <span class='ocr_line' id='line_1_27' title="bbox 1030 732 1818 770; baseline 0.001 -12"><span class='ocrx_word' id='word_1_210' title='bbox 1030 732 1212 768; x_wconf 79' lang='grc' dir='ltr'>ὲρανιζόμεθα</span> <span class='ocrx_word' id='word_1_211' title='bbox 1236 733 1267 760; x_wconf 81' lang='grc' dir='ltr'>τὸ</span> <span class='ocrx_word' id='word_1_212' title='bbox 1295 733 1427 761; x_wconf 82' lang='grc' dir='ltr'>δύνασθαί</span> <span class='ocrx_word' id='word_1_213' title='bbox 1447 743 1473 761; x_wconf 86' lang='grc' dir='ltr'><strong>τι</strong></span> <span class='ocrx_word' id='word_1_214' title='bbox 1494 734 1560 770; x_wconf 79' lang='grc' dir='ltr'>περὶ</span> <span class='ocrx_word' id='word_1_215' title='bbox 1580 733 1666 768; x_wconf 81' lang='grc' dir='ltr'>αὐτῆς</span> <span class='ocrx_word' id='word_1_216' title='bbox 1682 733 1699 768; x_wconf 82' lang='grc' dir='ltr'>ἢ</span> <span class='ocrx_word' id='word_1_217' title='bbox 1718 733 1787 760; x_wconf 89' lang='grc' dir='ltr'>νοεῖν</span> <span class='ocrx_word' id='word_1_218' title='bbox 1801 732 1818 767; x_wconf 77' lang='grc' dir='ltr'><strong>ἢ</strong></span> 
     </span>
    </p>
   </div>
   <div class='ocr_carea' id='block_1_28' title="bbox 1029 776 1819 814">
    <p class='ocr_par' dir='ltr' id='par_1_28' title="bbox 1029 776 1819 814">
     <span class='ocr_line' id='line_1_28' title="bbox 1029 776 1819 814; baseline 0 -10"><span class='ocrx_word' id='word_1_219' title='bbox 1029 778 1134 813; x_wconf 85' lang='grc' dir='ltr'>φράσαι</span> <span class='ocrx_word' id='word_1_220' title='bbox 1154 778 1228 806; x_wconf 80' lang='grc' dir='ltr'>κατά</span> <span class='ocrx_word' id='word_1_221' title='bbox 1247 787 1280 813; x_wconf 87' lang='grc' dir='ltr'><strong>γε</strong></span> <span class='ocrx_word' id='word_1_222' title='bbox 1300 779 1331 806; x_wconf 78' lang='grc' dir='ltr'>τὸ</span> <span class='ocrx_word' id='word_1_223' title='bbox 1347 779 1469 814; x_wconf 74' lang='grc' dir='ltr'>ἐφικτόν.</span> <span class='ocrx_word' id='word_1_224' title='bbox 1485 779 1569 806; x_wconf 77' lang='grc' dir='ltr'>Οὐδὲν</span> <span class='ocrx_word' id='word_1_225' title='bbox 1584 779 1613 805; x_wconf 77' lang='grc' dir='ltr'>δὲ</span> <span class='ocrx_word' id='word_1_226' title='bbox 1632 776 1713 814; x_wconf 82' lang='grc' dir='ltr'>ἦττον</span> <span class='ocrx_word' id='word_1_227' title='bbox 1728 778 1819 813; x_wconf 86' lang='grc' dir='ltr'>ἀσυμ-</span> 
     </span>
    </p>
   </div>
   <div class='ocr_carea' id='block_1_29' title="bbox 1029 823 1819 861">
    <p class='ocr_par' dir='ltr' id='par_1_29' title="bbox 1029 823 1819 861">
     <span class='ocr_line' id='line_1_29' title="bbox 1029 823 1819 861; baseline 0.001 -11"><span class='ocrx_word' id='word_1_228' title='bbox 1029 823 1114 858; x_wconf 83' lang='grc' dir='ltr'>φανὲς</span> <span class='ocrx_word' id='word_1_229' title='bbox 1132 824 1202 858; x_wconf 80' lang='grc' dir='ltr'>ἄγαν</span> <span class='ocrx_word' id='word_1_230' title='bbox 1219 824 1278 851; x_wconf 75' lang='grc' dir='ltr'>ἐστὶ</span> <span class='ocrx_word' id='word_1_231' title='bbox 1293 824 1325 851; x_wconf 79' lang='grc' dir='ltr'>τὸ</span> <span class='ocrx_word' id='word_1_232' title='bbox 1346 825 1394 851; x_wconf 79' lang='grc' dir='ltr'><strong>ἐπὶ</strong></span> <span class='ocrx_word' id='word_1_233' title='bbox 1418 824 1537 861; x_wconf 79' lang='grc' dir='ltr'>Χριστοῦ</span> <span class='ocrx_word' id='word_1_234' title='bbox 1560 825 1727 860; x_wconf 72' lang='grc' dir='ltr'><strong>μυστήριον⁹</strong></span> <span class='ocrx_word' id='word_1_235' title='bbox 1743 824 1790 851; x_wconf 76' lang='grc' dir='ltr'>καὶ</span> <span class='ocrx_word' id='word_1_236' title='bbox 1804 824 1819 850; x_wconf 86' lang='grc' dir='ltr'><strong>ό</strong></span> 
     </span>
    </p>
   </div>
   <div class='ocr_carea' id='block_1_30' title="bbox 1028 870 1819 907">
    <p class='ocr_par' dir='ltr' id='par_1_30' title="bbox 1028 870 1819 907">
     <span class='ocr_line' id='line_1_30' title="bbox 1028 870 1819 907; baseline -0.001 -9"><span class='ocrx_word' id='word_1_237' title='bbox 1028 870 1078 905; x_wconf 83' lang='grc' dir='ltr'>τῆς</span> <span class='ocrx_word' id='word_1_238' title='bbox 1099 871 1334 907; x_wconf 81' lang='grc' dir='ltr'>ὲνανθρωπήσεως</span> <span class='ocrx_word' id='word_1_239' title='bbox 1349 871 1427 906; x_wconf 86' lang='grc' dir='ltr'>λόγος</span> <span class='ocrx_word' id='word_1_240' title='bbox 1449 872 1479 898; x_wconf 86' lang='grc' dir='ltr'>οὐ</span> <span class='ocrx_word' id='word_1_241' title='bbox 1496 873 1554 904; x_wconf 83' lang='grc' dir='ltr'>τοῖς</span> <span class='ocrx_word' id='word_1_242' title='bbox 1575 871 1704 907; x_wconf 78' lang='grc' dir='ltr'>τυχοῦσιν</span> <span class='ocrx_word' id='word_1_243' title='bbox 1719 870 1819 898; x_wconf 80' lang='grc' dir='ltr'>ἁλώσι-</span> 
     </span>
    </p>
   </div>
   <div class='ocr_carea' id='block_1_31' title="bbox 184 912 981 954">
    <p class='ocr_par' dir='ltr' id='par_1_31' title="bbox 184 912 978 954">
     <span class='ocr_line' id='line_1_31' title="bbox 184 912 978 954; baseline 0.009 -15"><span class='ocrx_word' id='word_1_244' title='bbox 184 912 228 940; x_wconf 89' lang='lat' dir='ltr'><strong>nis</strong></span> <span class='ocrx_word' id='word_1_245' title='bbox 244 913 315 940; x_wconf 84' lang='lat' dir='ltr'><strong>ratio</strong></span> <span class='ocrx_word' id='word_1_246' title='bbox 330 921 386 941; x_wconf 90' lang='lat' dir='ltr'><strong>non</strong></span> <span class='ocrx_word' id='word_1_247' title='bbox 405 914 521 942; x_wconf 88' lang='lat' dir='ltr'><strong>cuilibet</strong></span> <span class='ocrx_word' id='word_1_248' title='bbox 536 923 552 943; x_wconf 90' lang='lat' dir='ltr'><strong>e</strong></span> <span class='ocrx_word' id='word_1_249' title='bbox 567 916 649 951; x_wconf 82' lang='lat' dir='ltr'><strong>vulgo</strong></span> <span class='ocrx_word' id='word_1_250' title='bbox 664 916 780 953; x_wconf 83' lang='lat' dir='ltr'><strong>intelligi</strong></span> <span class='ocrx_word' id='word_1_251' title='bbox 794 922 893 954; x_wconf 85' lang='lat' dir='ltr'><strong>potest.</strong></span> <span class='ocrx_word' id='word_1_252' title='bbox 911 918 978 945; x_wconf 85' lang='lat' dir='ltr'><strong>Pro-</strong></span> 
     </span>
    </p>
   </div>
   <div class='ocr_carea' id='block_1_32' title="bbox 1026 912 1820 954">
    <p class='ocr_par' dir='ltr' id='par_1_32' title="bbox 1030 917 1820 953">
     <span class='ocr_line' id='line_1_32' title="bbox 1030 917 1820 953; baseline 0 -10"><span class='ocrx_word' id='word_1_253' title='bbox 1030 925 1089 952; x_wconf 88' lang='grc' dir='ltr'>μος.</span> <span class='ocrx_word' id='word_1_254' title='bbox 1110 917 1201 950; x_wconf 80' lang='grc' dir='ltr'>Βαθὺς</span> <span class='ocrx_word' id='word_1_255' title='bbox 1216 917 1244 944; x_wconf 86' lang='grc' dir='ltr'>δὲ</span> <span class='ocrx_word' id='word_1_256' title='bbox 1259 917 1291 953; x_wconf 84' lang='grc' dir='ltr'>δὴ</span> <span class='ocrx_word' id='word_1_257' title='bbox 1311 917 1372 944; x_wconf 91' lang='grc' dir='ltr'>λίαν</span> <span class='ocrx_word' id='word_1_258' title='bbox 1385 917 1434 953; x_wconf 88' lang='grc' dir='ltr'>τῆς</span> <span class='ocrx_word' id='word_1_259' title='bbox 1453 917 1609 953; x_wconf 72' lang='grc' dir='ltr'>οἰκονομίας</span> <span class='ocrx_word' id='word_1_260' title='bbox 1621 919 1635 945; x_wconf 86' lang='grc' dir='ltr'>ὀ</span> <span class='ocrx_word' id='word_1_261' title='bbox 1647 917 1736 952; x_wconf 84' lang='grc' dir='ltr'>λόγος.</span> <span class='ocrx_word' id='word_1_262' title='bbox 1752 917 1820 949; x_wconf 79' lang='grc' dir='ltr'>Θεὸς</span> 
     </span>
    </p>
   </div>
   <div class='ocr_carea' id='block_1_33' title="bbox 183 958 977 998">
    <p class='ocr_par' dir='ltr' id='par_1_33' title="bbox 183 958 977 998">
     <span class='ocr_line' id='line_1_33' title="bbox 183 958 977 998; baseline 0.009 -13"><span class='ocrx_word' id='word_1_263' title='bbox 183 958 269 986; x_wconf 83' lang='lat' dir='ltr'><strong>funda</strong></span> <span class='ocrx_word' id='word_1_264' title='bbox 286 959 386 995; x_wconf 85' lang='lat' dir='ltr'><strong>quippe</strong></span> <span class='ocrx_word' id='word_1_265' title='bbox 399 960 547 988; x_wconf 89' lang='lat' dir='ltr'><strong>admodum</strong></span> <span class='ocrx_word' id='word_1_266' title='bbox 574 967 617 989; x_wconf 90' lang='lat' dir='ltr'><strong>est</strong></span> <span class='ocrx_word' id='word_1_267' title='bbox 639 962 739 990; x_wconf 68' lang='lat' dir='ltr'><strong>divina:</strong></span> <span class='ocrx_word' id='word_1_268' title='bbox 764 963 977 998; x_wconf 80' lang='lat' dir='ltr'><strong>dispensationis</strong></span> 
     </span>
    </p>
   </div>
   <div class='ocr_carea' id='block_1_34' title="bbox 186 1004 977 1040">
    <p class='ocr_par' dir='ltr' id='par_1_34' title="bbox 186 1004 977 1040">
     <span class='ocr_line' id='line_1_34' title="bbox 186 1004 977 1040; baseline 0.009 -10"><span class='ocrx_word' id='word_1_269' title='bbox 186 1004 267 1037; x_wconf 76' lang='lat' dir='ltr'><strong>ratio.</strong></span> <span class='ocrx_word' id='word_1_270' title='bbox 282 1005 356 1032; x_wconf 89' lang='lat' dir='ltr'><strong>Deus</strong></span> <span class='ocrx_word' id='word_1_271' title='bbox 363 1006 438 1033; x_wconf 89' lang='lat' dir='ltr'><strong>enim</strong></span> <span class='ocrx_word' id='word_1_272' title='bbox 452 1007 598 1040; x_wconf 86' lang='lat' dir='ltr'><strong>exsistens,</strong></span> <span class='ocrx_word' id='word_1_273' title='bbox 612 1012 640 1035; x_wconf 91' lang='lat' dir='ltr'><strong>et</strong></span> <span class='ocrx_word' id='word_1_274' title='bbox 651 1015 684 1035; x_wconf 82' lang='lat' dir='ltr'><strong>ex</strong></span> <span class='ocrx_word' id='word_1_275' title='bbox 691 1008 747 1036; x_wconf 90' lang='lat' dir='ltr'><strong>Deo</strong></span> <span class='ocrx_word' id='word_1_276' title='bbox 757 1009 907 1036; x_wconf 89' lang='lat' dir='ltr'><strong>secundum</strong></span> <span class='ocrx_word' id='word_1_277' title='bbox 926 1017 977 1037; x_wconf 88' lang='lat' dir='ltr'><strong>na-</strong></span> 
     </span>
    </p>
   </div>
   <div class='ocr_carea' id='block_1_35' title="bbox 184 1050 976 1086">
    <p class='ocr_par' dir='ltr' id='par_1_35' title="bbox 184 1050 976 1086">
     <span class='ocr_line' id='line_1_35' title="bbox 184 1050 976 1086; baseline 0.006 -10"><span class='ocrx_word' id='word_1_278' title='bbox 184 1052 275 1076; x_wconf 87' lang='lat' dir='ltr'><strong>turam</strong></span> <span class='ocrx_word' id='word_1_279' title='bbox 289 1050 462 1086; x_wconf 82' lang='lat' dir='ltr'><strong>Unigenitus,</strong></span> <span class='ocrx_word' id='word_1_280' title='bbox 478 1051 566 1079; x_wconf 87' lang='lat' dir='ltr'><strong>factus</strong></span> <span class='ocrx_word' id='word_1_281' title='bbox 579 1057 622 1080; x_wconf 88' lang='lat' dir='ltr'><strong>est</strong></span> <span class='ocrx_word' id='word_1_282' title='bbox 631 1052 724 1085; x_wconf 89' lang='lat' dir='ltr'><strong>homo,</strong></span> <span class='ocrx_word' id='word_1_283' title='bbox 736 1062 745 1078; x_wconf 75' lang='grc' dir='ltr'><strong>ι</strong></span> <span class='ocrx_word' id='word_1_284' title='bbox 762 1058 791 1081; x_wconf 88' lang='lat' dir='ltr'><strong>et</strong></span> <span class='ocrx_word' id='word_1_285' title='bbox 803 1053 938 1081; x_wconf 80' lang='lat' dir='ltr'><strong>habitavit</strong></span> <span class='ocrx_word' id='word_1_286' title='bbox 948 1054 976 1081; x_wconf 90' lang='lat' dir='ltr'><strong>in</strong></span> 
     </span>
    </p>
   </div>
   <div class='ocr_carea' id='block_1_36' title="bbox 183 1095 976 1133">
    <p class='ocr_par' dir='ltr' id='par_1_36' title="bbox 183 1095 976 1133">
     <span class='ocr_line' id='line_1_36' title="bbox 183 1095 976 1133; baseline 0.005 -11"><span class='ocrx_word' id='word_1_287' title='bbox 183 1095 304 1128; x_wconf 70' lang='lat' dir='ltr'><strong>nobis&quot;.</strong></span> <span class='ocrx_word' id='word_1_288' title='bbox 319 1105 328 1122; x_wconf 78' lang='grc' dir='ltr'><strong>ι</strong></span> <span class='ocrx_word' id='word_1_289' title='bbox 348 1096 467 1124; x_wconf 85' lang='lat' dir='ltr'><strong>Vocatus</strong></span> <span class='ocrx_word' id='word_1_290' title='bbox 479 1097 562 1125; x_wconf 87' lang='lat' dir='ltr'><strong>etiam</strong></span> <span class='ocrx_word' id='word_1_291' title='bbox 584 1102 627 1126; x_wconf 90' lang='lat' dir='ltr'><strong>est</strong></span> <span class='ocrx_word' id='word_1_292' title='bbox 645 1097 786 1133; x_wconf 75' lang='lat' dir='ltr'><strong>Apostolus</strong></span> <span class='ocrx_word' id='word_1_293' title='bbox 810 1103 838 1127; x_wconf 87' lang='lat' dir='ltr'><strong>et</strong></span> <span class='ocrx_word' id='word_1_294' title='bbox 852 1098 976 1133; x_wconf 68' lang='lat' dir='ltr'><strong>Pontifex</strong></span> 
     </span>
    </p>
   </div>
   <div class='ocr_carea' id='block_1_37' title="bbox 183 1141 975 1180">
    <p class='ocr_par' dir='ltr' id='par_1_37' title="bbox 183 1141 975 1180">
     <span class='ocr_line' id='line_1_37' title="bbox 183 1141 975 1180; baseline 0.009 -13"><span class='ocrx_word' id='word_1_295' title='bbox 183 1141 312 1174; x_wconf 80' lang='lat' dir='ltr'><strong>noster&quot;,</strong></span> <span class='ocrx_word' id='word_1_296' title='bbox 327 1141 510 1178; x_wconf 86' lang='lat' dir='ltr'><strong>liberavitque</strong></span> <span class='ocrx_word' id='word_1_297' title='bbox 522 1151 573 1172; x_wconf 90' lang='lat' dir='ltr'><strong>nos</strong></span> <span class='ocrx_word' id='word_1_298' title='bbox 584 1151 600 1171; x_wconf 86' lang='lat' dir='ltr'><strong>a</strong></span> <span class='ocrx_word' id='word_1_299' title='bbox 614 1143 784 1176; x_wconf 81' lang='lat' dir='ltr'><strong>baibutiente</strong></span> <span class='ocrx_word' id='word_1_300' title='bbox 796 1144 866 1180; x_wconf 76' lang='lat' dir='ltr'><strong>lege,</strong></span> <span class='ocrx_word' id='word_1_301' title='bbox 883 1149 975 1174; x_wconf 90' lang='lat' dir='ltr'><strong>trans-</strong></span> 
     </span>
    </p>
   </div>
   <div class='ocr_carea' id='block_1_38' title="bbox 184 1187 976 1228">
    <p class='ocr_par' dir='ltr' id='par_1_38' title="bbox 184 1187 976 1228">
     <span class='ocr_line' id='line_1_38' title="bbox 184 1187 976 1228; baseline 0.008 -15"><span class='ocrx_word' id='word_1_302' title='bbox 184 1187 300 1221; x_wconf 91' lang='lat' dir='ltr'><strong>tuiitque</strong></span> <span class='ocrx_word' id='word_1_303' title='bbox 321 1187 354 1215; x_wconf 90' lang='lat' dir='ltr'><strong>ad</strong></span> <span class='ocrx_word' id='word_1_304' title='bbox 377 1189 541 1228; x_wconf 66' lang='lat' dir='ltr'><strong>evangelicae</strong></span> <span class='ocrx_word' id='word_1_305' title='bbox 556 1189 710 1225; x_wconf 73' lang='lat' dir='ltr'><strong>disciplinae</strong></span> <span class='ocrx_word' id='word_1_306' title='bbox 722 1190 888 1218; x_wconf 88' lang='lat' dir='ltr'><strong>concinnum</strong></span> <span class='ocrx_word' id='word_1_307' title='bbox 906 1199 976 1226; x_wconf 81' lang='lat' dir='ltr'><strong>prae-</strong></span> 
     </span>
    </p>
   </div>
   <div class='ocr_carea' id='block_1_39' title="bbox 183 1233 972 1276">
    <p class='ocr_par' dir='ltr' id='par_1_39' title="bbox 183 1233 972 1276">
     <span class='ocr_line' id='line_1_39' title="bbox 183 1233 972 1276; baseline 0.01 -17"><span class='ocrx_word' id='word_1_308' title='bbox 183 1233 303 1260; x_wconf 90' lang='lat' dir='ltr'><strong>conium.</strong></span> <span class='ocrx_word' id='word_1_309' title='bbox 320 1233 415 1276; x_wconf 83' lang='lat' dir='ltr'><strong>Neque</strong></span> <span class='ocrx_word' id='word_1_310' title='bbox 442 1235 471 1262; x_wconf 90' lang='lat' dir='ltr'><strong>id</strong></span> <span class='ocrx_word' id='word_1_311' title='bbox 490 1236 579 1263; x_wconf 87' lang='lat' dir='ltr'><strong>solum</strong></span> <span class='ocrx_word' id='word_1_312' title='bbox 599 1245 605 1263; x_wconf 92' lang='lat'>:</span> <span class='ocrx_word' id='word_1_313' title='bbox 627 1244 723 1264; x_wconf 90' lang='lat' dir='ltr'><strong>verum</strong></span> <span class='ocrx_word' id='word_1_314' title='bbox 735 1237 819 1266; x_wconf 85' lang='lat' dir='ltr'><strong>etiam</strong></span> <span class='ocrx_word' id='word_1_315' title='bbox 836 1245 899 1265; x_wconf 90' lang='lat' dir='ltr'><strong>cum</strong></span> <span class='ocrx_word' id='word_1_316' title='bbox 925 1245 972 1267; x_wconf 86' lang='lat' dir='ltr'><strong>ca-</strong></span> 
     </span>
    </p>
   </div>
   <div class='ocr_carea' id='block_1_40' title="bbox 182 1279 972 1318">
    <p class='ocr_par' dir='ltr' id='par_1_40' title="bbox 182 1279 972 1318">
     <span class='ocr_line' id='line_1_40' title="bbox 182 1279 972 1318; baseline 0.008 -13"><span class='ocrx_word' id='word_1_317' title='bbox 182 1279 251 1314; x_wconf 77' lang='lat' dir='ltr'><strong>ptivi</strong></span> <span class='ocrx_word' id='word_1_318' title='bbox 269 1287 401 1313; x_wconf 84' lang='lat' dir='ltr'><strong>essemus,</strong></span> <span class='ocrx_word' id='word_1_319' title='bbox 411 1280 438 1308; x_wconf 89' lang='lat' dir='ltr'><strong>in</strong></span> <span class='ocrx_word' id='word_1_320' title='bbox 452 1281 609 1309; x_wconf 84' lang='lat' dir='ltr'><strong>libertatem</strong></span> <span class='ocrx_word' id='word_1_321' title='bbox 625 1282 754 1315; x_wconf 87' lang='lat' dir='ltr'><strong>asseruit,</strong></span> <span class='ocrx_word' id='word_1_322' title='bbox 770 1282 879 1310; x_wconf 89' lang='lat' dir='ltr'><strong>devicto</strong></span> <span class='ocrx_word' id='word_1_323' title='bbox 892 1283 972 1318; x_wconf 88' lang='lat' dir='ltr'><strong>prin-</strong></span> 
     </span>
    </p>
   </div>
   <div class='ocr_carea' id='block_1_41' title="bbox 183 1324 975 1364">
    <p class='ocr_par' dir='ltr' id='par_1_41' title="bbox 183 1324 975 1364">
     <span class='ocr_line' id='line_1_41' title="bbox 183 1324 975 1364; baseline 0.006 -13"><span class='ocrx_word' id='word_1_324' title='bbox 183 1324 244 1360; x_wconf 88' lang='lat' dir='ltr'><strong>cipe</strong></span> <span class='ocrx_word' id='word_1_325' title='bbox 269 1324 351 1360; x_wconf 86' lang='lat' dir='ltr'><strong>hujus</strong></span> <span class='ocrx_word' id='word_1_326' title='bbox 363 1326 472 1359; x_wconf 69' lang='lat' dir='ltr'><strong>satcuii,</strong></span> <span class='ocrx_word' id='word_1_327' title='bbox 499 1331 528 1354; x_wconf 92' lang='lat' dir='ltr'><strong>et</strong></span> <span class='ocrx_word' id='word_1_328' title='bbox 548 1335 582 1355; x_wconf 78' lang='lat' dir='ltr'><strong>ex</strong></span> <span class='ocrx_word' id='word_1_329' title='bbox 599 1327 726 1356; x_wconf 77' lang='lat' dir='ltr'><strong>faucibus</strong></span> <span class='ocrx_word' id='word_1_330' title='bbox 751 1328 852 1356; x_wconf 87' lang='lat' dir='ltr'><strong>inferni</strong></span> <span class='ocrx_word' id='word_1_331' title='bbox 872 1329 975 1364; x_wconf 89' lang='lat' dir='ltr'><strong>eripuit</strong></span> 
     </span>
    </p>
   </div>
   <div class='ocr_carea' id='block_1_42' title="bbox 183 1369 975 1410">
    <p class='ocr_par' dir='ltr' id='par_1_42' title="bbox 183 1369 975 1410">
     <span class='ocr_line' id='line_1_42' title="bbox 183 1369 975 1410; baseline 0.008 -14"><span class='ocrx_word' id='word_1_332' title='bbox 183 1369 296 1409; x_wconf 74' lang='lat' dir='ltr'><strong>sopitos,</strong></span> <span class='ocrx_word' id='word_1_333' title='bbox 308 1375 337 1404; x_wconf 74' lang='lat' dir='ltr'><strong>et</strong></span> <span class='ocrx_word' id='word_1_334' title='bbox 353 1370 479 1399; x_wconf 81' lang='lat' dir='ltr'><strong>fundavit</strong></span> <span class='ocrx_word' id='word_1_335' title='bbox 494 1372 606 1407; x_wconf 86' lang='lat' dir='ltr'><strong>quidem</strong></span> <span class='ocrx_word' id='word_1_336' title='bbox 619 1373 780 1406; x_wconf 83' lang='lat' dir='ltr'><strong>Ecclesiam,</strong></span> <span class='ocrx_word' id='word_1_337' title='bbox 792 1374 975 1410; x_wconf 87' lang='lat' dir='ltr'><strong>princepsque</strong></span> 
     </span>
    </p>
   </div>
   <div class='ocr_carea' id='block_1_43' title="bbox 183 1414 975 1452">
    <p class='ocr_par' dir='ltr' id='par_1_43' title="bbox 183 1414 975 1452">
     <span class='ocr_line' id='line_1_43' title="bbox 183 1414 975 1452; baseline 0.006 -11"><span class='ocrx_word' id='word_1_338' title='bbox 183 1414 211 1447; x_wconf 85' lang='lat' dir='ltr'><strong>in</strong></span> <span class='ocrx_word' id='word_1_339' title='bbox 223 1422 273 1442; x_wconf 89' lang='lat' dir='ltr'><strong>nos</strong></span> <span class='ocrx_word' id='word_1_340' title='bbox 285 1415 459 1451; x_wconf 80' lang='lat' dir='ltr'><strong>designatus,</strong></span> <span class='ocrx_word' id='word_1_341' title='bbox 477 1417 628 1449; x_wconf 86' lang='lat' dir='ltr'><strong>transmisit</strong></span> <span class='ocrx_word' id='word_1_342' title='bbox 645 1418 674 1446; x_wconf 91' lang='lat' dir='ltr'><strong>in</strong></span> <span class='ocrx_word' id='word_1_343' title='bbox 688 1418 741 1446; x_wconf 84' lang='lat' dir='ltr'><strong>fide</strong></span> <span class='ocrx_word' id='word_1_344' title='bbox 749 1419 908 1452; x_wconf 73' lang='lat' dir='ltr'><strong>Iordanem,</strong></span> <span class='ocrx_word' id='word_1_345' title='bbox 921 1420 975 1447; x_wconf 92' lang='lat' dir='ltr'><strong>iar-</strong></span> 
     </span>
    </p>
   </div>
   <div class='ocr_carea' id='block_1_44' title="bbox 182 1455 975 1500">
    <p class='ocr_par' dir='ltr' id='par_1_44' title="bbox 182 1455 975 1500">
     <span class='ocr_line' id='line_1_44' title="bbox 182 1455 975 1500; baseline 0.008 -15"><span class='ocrx_word' id='word_1_346' title='bbox 182 1459 308 1500; x_wconf 70' lang='lat' dir='ltr'><strong>gitusque</strong></span> <span class='ocrx_word' id='word_1_347' title='bbox 323 1455 365 1488; x_wconf 85' lang='lat' dir='ltr'><strong>est</strong></span> <span class='ocrx_word' id='word_1_348' title='bbox 383 1461 621 1496; x_wconf 82' lang='lat' dir='ltr'><strong>circumcisionem</strong></span> <span class='ocrx_word' id='word_1_349' title='bbox 636 1462 665 1489; x_wconf 92' lang='lat' dir='ltr'><strong>in</strong></span> <span class='ocrx_word' id='word_1_350' title='bbox 680 1462 789 1498; x_wconf 90' lang='lat' dir='ltr'><strong>spiritu,</strong></span> <span class='ocrx_word' id='word_1_351' title='bbox 805 1468 886 1498; x_wconf 92' lang='lat' dir='ltr'><strong>atque</strong></span> <span class='ocrx_word' id='word_1_352' title='bbox 906 1463 975 1491; x_wconf 90' lang='lat' dir='ltr'><strong>adeo</strong></span> 
     </span>
    </p>
   </div>
   <div class='ocr_carea' id='block_1_45' title="bbox 183 1498 975 1546">
    <p class='ocr_par' dir='ltr' id='par_1_45' title="bbox 183 1498 975 1546">
     <span class='ocr_line' id='line_1_45' title="bbox 183 1498 975 1546; baseline 0.008 -14"><span class='ocrx_word' id='word_1_353' title='bbox 183 1498 211 1532; x_wconf 87' lang='lat' dir='ltr'><strong>in</strong></span> <span class='ocrx_word' id='word_1_354' title='bbox 235 1498 349 1542; x_wconf 52' lang='lat' dir='ltr'><strong>regnum</strong></span> <span class='ocrx_word' id='word_1_355' title='bbox 367 1508 501 1536; x_wconf 66' lang='lat' dir='ltr'><strong>caelorum</strong></span> <span class='ocrx_word' id='word_1_356' title='bbox 529 1509 646 1542; x_wconf 78' lang='lat' dir='ltr'><strong>induxit.</strong></span> <span class='ocrx_word' id='word_1_357' title='bbox 672 1509 751 1543; x_wconf 85' lang='lat' dir='ltr'><strong>Quod</strong></span> <span class='ocrx_word' id='word_1_358' title='bbox 780 1509 873 1546; x_wconf 84' lang='lat' dir='ltr'><strong>itaque</strong></span> <span class='ocrx_word' id='word_1_359' title='bbox 891 1510 975 1538; x_wconf 90' lang='lat' dir='ltr'><strong>homo</strong></span> 
     </span>
    </p>
   </div>
   <div class='ocr_carea' id='block_1_46' title="bbox 182 1547 975 1591">
    <p class='ocr_par' dir='ltr' id='par_1_46' title="bbox 182 1547 975 1591">
     <span class='ocr_line' id='line_1_46' title="bbox 182 1547 975 1591; baseline 0.008 -14"><span class='ocrx_word' id='word_1_360' title='bbox 182 1551 335 1578; x_wconf 86' lang='lat' dir='ltr'><strong>secundum</strong></span> <span class='ocrx_word' id='word_1_361' title='bbox 353 1560 404 1580; x_wconf 90' lang='lat' dir='ltr'><strong>nos</strong></span> <span class='ocrx_word' id='word_1_362' title='bbox 417 1553 506 1581; x_wconf 85' lang='lat' dir='ltr'><strong>factus</strong></span> <span class='ocrx_word' id='word_1_363' title='bbox 529 1554 582 1587; x_wconf 91' lang='lat' dir='ltr'><strong>sit,</strong></span> <span class='ocrx_word' id='word_1_364' title='bbox 594 1547 695 1587; x_wconf 69' lang='lat' dir='ltr'><strong>divini,</strong></span> <span class='ocrx_word' id='word_1_365' title='bbox 706 1555 837 1588; x_wconf 86' lang='lat' dir='ltr'><strong>arbitror,</strong></span> <span class='ocrx_word' id='word_1_366' title='bbox 858 1563 975 1591; x_wconf 81' lang='lat' dir='ltr'><strong>evange-</strong></span> 
     </span>
    </p>
   </div>
   <div class='ocr_carea' id='block_1_47' title="bbox 183 1586 1008 1632">
    <p class='ocr_par' dir='ltr' id='par_1_47' title="bbox 183 1586 1008 1632">
     <span class='ocr_line' id='line_1_47' title="bbox 183 1586 1008 1632; baseline 0.006 -9"><span class='ocrx_word' id='word_1_367' title='bbox 183 1596 253 1624; x_wconf 68' lang='lat' dir='ltr'><strong>lista:</strong></span> <span class='ocrx_word' id='word_1_368' title='bbox 263 1598 450 1625; x_wconf 86' lang='lat' dir='ltr'><strong>testimonium</strong></span> <span class='ocrx_word' id='word_1_369' title='bbox 467 1586 616 1632; x_wconf 80' lang='lat' dir='ltr'><strong>suffecerit,</strong></span> <span class='ocrx_word' id='word_1_370' title='bbox 631 1586 749 1627; x_wconf 83' lang='lat' dir='ltr'><strong>dicentis</strong></span> <span class='ocrx_word' id='word_1_371' title='bbox 764 1609 770 1627; x_wconf 91' lang='lat'><strong>:</strong></span> <span class='ocrx_word' id='word_1_372' title='bbox 788 1586 841 1632; x_wconf 69' lang='lat' dir='ltr'><strong>«Et</strong></span> <span class='ocrx_word' id='word_1_373' title='bbox 851 1586 973 1628; x_wconf 72' lang='lat' dir='ltr'><strong>Verbum</strong></span> <span class='ocrx_word' id='word_1_374' title='bbox 987 1586 1008 1616; x_wconf 65' lang='grc' dir='ltr'><strong>δ’</strong></span> 
     </span>
    </p>
   </div>
   <div class='ocr_carea' id='block_1_48' title="bbox 183 1643 972 1680">
    <p class='ocr_par' dir='ltr' id='par_1_48' title="bbox 183 1643 972 1680">
     <span class='ocr_line' id='line_1_48' title="bbox 183 1643 972 1680; baseline 0.006 -10"><span class='ocrx_word' id='word_1_375' title='bbox 183 1650 247 1670; x_wconf 87' lang='lat' dir='ltr'><strong>caro</strong></span> <span class='ocrx_word' id='word_1_376' title='bbox 260 1643 362 1671; x_wconf 87' lang='lat' dir='ltr'><strong>factum</strong></span> <span class='ocrx_word' id='word_1_377' title='bbox 377 1648 420 1672; x_wconf 86' lang='lat' dir='ltr'><strong>est</strong></span> <span class='ocrx_word' id='word_1_378' title='bbox 432 1665 439 1678; x_wconf 90' lang='lat'><strong>,</strong></span> <span class='ocrx_word' id='word_1_379' title='bbox 460 1649 489 1673; x_wconf 86' lang='lat' dir='ltr'><strong>et</strong></span> <span class='ocrx_word' id='word_1_380' title='bbox 503 1645 638 1673; x_wconf 85' lang='lat' dir='ltr'><strong>habitavit</strong></span> <span class='ocrx_word' id='word_1_381' title='bbox 652 1646 680 1673; x_wconf 88' lang='lat' dir='ltr'><strong>in</strong></span> <span class='ocrx_word' id='word_1_382' title='bbox 696 1647 786 1674; x_wconf 84' lang='lat' dir='ltr'><strong>nobis.</strong></span> <span class='ocrx_word' id='word_1_383' title='bbox 803 1657 811 1673; x_wconf 76' lang='grc'><strong>1</strong></span> <span class='ocrx_word' id='word_1_384' title='bbox 827 1647 905 1680; x_wconf 90' lang='lat' dir='ltr'><strong>Quod</strong></span> <span class='ocrx_word' id='word_1_385' title='bbox 923 1656 972 1680; x_wconf 86' lang='lat' dir='ltr'><strong>au-</strong></span> 
     </span>
    </p>
   </div>
   <div class='ocr_carea' id='block_1_49' title="bbox 184 1690 972 1728">
    <p class='ocr_par' dir='ltr' id='par_1_49' title="bbox 184 1690 972 1728">
     <span class='ocr_line' id='line_1_49' title="bbox 184 1690 972 1728; baseline 0.004 -11"><span class='ocrx_word' id='word_1_386' title='bbox 184 1694 239 1717; x_wconf 88' lang='lat' dir='ltr'><strong>tem</strong></span> <span class='ocrx_word' id='word_1_387' title='bbox 251 1694 352 1718; x_wconf 88' lang='lat' dir='ltr'><strong>unctus</strong></span> <span class='ocrx_word' id='word_1_388' title='bbox 362 1690 398 1718; x_wconf 86' lang='lat' dir='ltr'><strong>sit</strong></span> <span class='ocrx_word' id='word_1_389' title='bbox 413 1691 496 1719; x_wconf 86' lang='lat' dir='ltr'><strong>etiam</strong></span> <span class='ocrx_word' id='word_1_390' title='bbox 513 1691 542 1719; x_wconf 92' lang='lat' dir='ltr'><strong>in</strong></span> <span class='ocrx_word' id='word_1_391' title='bbox 563 1691 735 1720; x_wconf 86' lang='lat' dir='ltr'><strong>sacerdotem</strong></span> <span class='ocrx_word' id='word_1_392' title='bbox 754 1697 783 1720; x_wconf 89' lang='lat' dir='ltr'><strong>et</strong></span> <span class='ocrx_word' id='word_1_393' title='bbox 801 1693 972 1728; x_wconf 86' lang='lat' dir='ltr'><strong>apostolum,</strong></span> 
     </span>
    </p>
   </div>
   <div class='ocr_carea' id='block_1_50' title="bbox 183 1735 974 1772">
    <p class='ocr_par' dir='ltr' id='par_1_50' title="bbox 183 1735 974 1772">
     <span class='ocr_line' id='line_1_50' title="bbox 183 1735 974 1772; baseline 0.005 -10"><span class='ocrx_word' id='word_1_394' title='bbox 183 1735 300 1769; x_wconf 83' lang='lat' dir='ltr'><strong>Aaronis</strong></span> <span class='ocrx_word' id='word_1_395' title='bbox 320 1736 407 1772; x_wconf 82' lang='lat' dir='ltr'><strong>ﬁgura</strong></span> <span class='ocrx_word' id='word_1_396' title='bbox 424 1737 566 1765; x_wconf 85' lang='lat' dir='ltr'><strong>manifeste</strong></span> <span class='ocrx_word' id='word_1_397' title='bbox 579 1738 709 1766; x_wconf 88' lang='lat' dir='ltr'><strong>ostendit.</strong></span> <span class='ocrx_word' id='word_1_398' title='bbox 727 1737 834 1766; x_wconf 88' lang='lat' dir='ltr'><strong>Unctus</strong></span> <span class='ocrx_word' id='word_1_399' title='bbox 846 1738 920 1766; x_wconf 87' lang='lat' dir='ltr'><strong>enim</strong></span> <span class='ocrx_word' id='word_1_400' title='bbox 932 1742 974 1766; x_wconf 87' lang='lat' dir='ltr'><strong>est</strong></span> 
     </span>
    </p>
   </div>
   <div class='ocr_carea' id='block_1_51' title="bbox 184 1781 974 1820">
    <p class='ocr_par' dir='ltr' id='par_1_51' title="bbox 184 1781 974 1820">
     <span class='ocr_line' id='line_1_51' title="bbox 184 1781 974 1820; baseline 0.005 -12"><span class='ocrx_word' id='word_1_401' title='bbox 184 1781 244 1816; x_wconf 87' lang='lat' dir='ltr'><strong>oleo</strong></span> <span class='ocrx_word' id='word_1_402' title='bbox 256 1782 435 1816; x_wconf 78' lang='lat' dir='ltr'><strong>sanctiﬁcata,</strong></span> <span class='ocrx_word' id='word_1_403' title='bbox 445 1787 472 1810; x_wconf 91' lang='lat' dir='ltr'><strong>et</strong></span> <span class='ocrx_word' id='word_1_404' title='bbox 487 1783 652 1812; x_wconf 84' lang='lat' dir='ltr'><strong>constitutus</strong></span> <span class='ocrx_word' id='word_1_405' title='bbox 660 1784 687 1811; x_wconf 95' lang='lat' dir='ltr'><strong>in</strong></span> <span class='ocrx_word' id='word_1_406' title='bbox 707 1783 860 1819; x_wconf 88' lang='lat' dir='ltr'><strong>principem</strong></span> <span class='ocrx_word' id='word_1_407' title='bbox 875 1784 925 1820; x_wconf 81' lang='lat'><strong>51</strong></span> <span class='ocrx_word' id='word_1_408' title='bbox 942 1792 974 1812; x_wconf 89' lang='lat' dir='ltr'><strong>ac</strong></span> 
     </span>
    </p>
   </div>
   <div class='ocr_carea' id='block_1_52' title="bbox 184 1828 973 1865">
    <p class='ocr_par' dir='ltr' id='par_1_52' title="bbox 184 1828 973 1865">
     <span class='ocr_line' id='line_1_52' title="bbox 184 1828 973 1865; baseline 0.004 -10"><span class='ocrx_word' id='word_1_409' title='bbox 184 1828 344 1863; x_wconf 72' lang='lat' dir='ltr'><strong>praefectum</strong></span> <span class='ocrx_word' id='word_1_410' title='bbox 360 1829 535 1862; x_wconf 79' lang='lat' dir='ltr'><strong>sacerdotum</strong></span> <span class='ocrx_word' id='word_1_411' title='bbox 561 1837 593 1857; x_wconf 88' lang='lat' dir='ltr'><strong>ac</strong></span> <span class='ocrx_word' id='word_1_412' title='bbox 613 1829 722 1865; x_wconf 88' lang='lat' dir='ltr'><strong>populi,</strong></span> <span class='ocrx_word' id='word_1_413' title='bbox 737 1838 845 1858; x_wconf 89' lang='lat' dir='ltr'><strong>necnon</strong></span> <span class='ocrx_word' id='word_1_414' title='bbox 867 1838 973 1858; x_wconf 88' lang='lat' dir='ltr'><strong>summa</strong></span> 
     </span>
    </p>
   </div>
   <div class='ocr_carea' id='block_1_53' title="bbox 183 1874 974 1911">
    <p class='ocr_par' dir='ltr' id='par_1_53' title="bbox 183 1874 974 1911">
     <span class='ocr_line' id='line_1_53' title="bbox 183 1874 974 1911; baseline 0.004 -10"><span class='ocrx_word' id='word_1_415' title='bbox 183 1874 274 1902; x_wconf 86' lang='lat' dir='ltr'><strong>fronte</strong></span> <span class='ocrx_word' id='word_1_416' title='bbox 286 1882 395 1908; x_wconf 80' lang='lat' dir='ltr'><strong>auream</strong></span> <span class='ocrx_word' id='word_1_417' title='bbox 408 1875 547 1908; x_wconf 80' lang='lat' dir='ltr'><strong>bracteam</strong></span> <span class='ocrx_word' id='word_1_418' title='bbox 567 1883 614 1903; x_wconf 86' lang='lat' dir='ltr'><strong>seu</strong></span> <span class='ocrx_word' id='word_1_419' title='bbox 640 1876 769 1905; x_wconf 86' lang='lat' dir='ltr'><strong>laminam</strong></span> <span class='ocrx_word' id='word_1_420' title='bbox 781 1876 910 1911; x_wconf 89' lang='lat' dir='ltr'><strong>suscepit,</strong></span> <span class='ocrx_word' id='word_1_421' title='bbox 924 1883 974 1904; x_wconf 88' lang='lat' dir='ltr'><strong>no—</strong></span> 
     </span>
    </p>
   </div>
   <div class='ocr_carea' id='block_1_54' title="bbox 184 1921 973 1962">
    <p class='ocr_par' dir='ltr' id='par_1_54' title="bbox 184 1921 973 1962">
     <span class='ocr_line' id='line_1_54' title="bbox 184 1921 973 1962; baseline 0.001 -14"><span class='ocrx_word' id='word_1_422' title='bbox 184 1928 248 1949; x_wconf 90' lang='lat' dir='ltr'><strong>men</strong></span> <span class='ocrx_word' id='word_1_423' title='bbox 260 1921 369 1949; x_wconf 92' lang='lat' dir='ltr'><strong>Domini</strong></span> <span class='ocrx_word' id='word_1_424' title='bbox 382 1921 545 1962; x_wconf 82' lang='lat' dir='ltr'><strong>inscriptum</strong></span> <span class='ocrx_word' id='word_1_425' title='bbox 559 1921 716 1956; x_wconf 74' lang='lat' dir='ltr'><strong>habentem.</strong></span> <span class='ocrx_word' id='word_1_426' title='bbox 734 1921 792 1949; x_wconf 84' lang='lat' dir='ltr'><strong>Hoc</strong></span> <span class='ocrx_word' id='word_1_427' title='bbox 807 1925 899 1949; x_wconf 88' lang='lat' dir='ltr'><strong>autem</strong></span> <span class='ocrx_word' id='word_1_428' title='bbox 914 1926 973 1949; x_wconf 88' lang='lat' dir='ltr'><strong>erat</strong></span> 
     </span>
    </p>
   </div>
   <div class='ocr_carea' id='block_1_55' title="bbox 184 1966 973 2005">
    <p class='ocr_par' dir='ltr' id='par_1_55' title="bbox 184 1966 973 2005">
     <span class='ocr_line' id='line_1_55' title="bbox 184 1966 973 2005; baseline 0.004 -12"><span class='ocrx_word' id='word_1_429' title='bbox 184 1966 368 2000; x_wconf 80' lang='lat' dir='ltr'><strong>clarissimum</strong></span> <span class='ocrx_word' id='word_1_430' title='bbox 385 1968 534 1996; x_wconf 83' lang='lat' dir='ltr'><strong>Salvatoris</strong></span> <span class='ocrx_word' id='word_1_431' title='bbox 555 1969 644 1996; x_wconf 90' lang='lat' dir='ltr'><strong>nostri</strong></span> <span class='ocrx_word' id='word_1_432' title='bbox 665 1969 737 2004; x_wconf 81' lang='lat' dir='ltr'><strong>regis</strong></span> <span class='ocrx_word' id='word_1_433' title='bbox 755 1969 909 2005; x_wconf 77' lang='lat' dir='ltr'><strong>symbolum</strong></span> <span class='ocrx_word' id='word_1_434' title='bbox 920 1989 928 2002; x_wconf 94' lang='lat'><strong>,</strong></span> <span class='ocrx_word' id='word_1_435' title='bbox 941 1976 973 1996; x_wconf 89' lang='lat' dir='ltr'><strong>ac</strong></span> 
     </span>
    </p>
   </div>
   <div class='ocr_carea' id='block_1_56' title="bbox 184 2012 973 2053">
    <p class='ocr_par' dir='ltr' id='par_1_56' title="bbox 184 2012 973 2053">
     <span class='ocr_line' id='line_1_56' title="bbox 184 2012 973 2053; baseline 0.004 -14"><span class='ocrx_word' id='word_1_436' title='bbox 184 2012 271 2045; x_wconf 81' lang='lat' dir='ltr'><strong>veluti</strong></span> <span class='ocrx_word' id='word_1_437' title='bbox 291 2013 466 2048; x_wconf 89' lang='lat' dir='ltr'><strong>splendidum</strong></span> <span class='ocrx_word' id='word_1_438' title='bbox 496 2018 578 2053; x_wconf 86' lang='lat' dir='ltr'><strong>atque</strong></span> <span class='ocrx_word' id='word_1_439' title='bbox 607 2012 713 2050; x_wconf 61' lang='lat' dir='ltr'><strong>insigne</strong></span> <span class='ocrx_word' id='word_1_440' title='bbox 733 2014 867 2043; x_wconf 88' lang='lat' dir='ltr'><strong>diadema.</strong></span> <span class='ocrx_word' id='word_1_441' title='bbox 894 2014 973 2048; x_wconf 88' lang='lat' dir='ltr'><strong>Quod</strong></span> 
     </span>
    </p>
   </div>
   <div class='ocr_carea' id='block_1_57' title="bbox 185 2059 972 2103">
    <p class='ocr_par' dir='ltr' id='par_1_57' title="bbox 185 2059 972 2103">
     <span class='ocr_line' id='line_1_57' title="bbox 185 2059 972 2103; baseline 0.005 -18"><span class='ocrx_word' id='word_1_442' title='bbox 185 2066 249 2086; x_wconf 91' lang='lat' dir='ltr'><strong>vero</strong></span> <span class='ocrx_word' id='word_1_443' title='bbox 263 2059 436 2098; x_wconf 67' lang='lat' dir='ltr'><strong>praestantior</strong></span> <span class='ocrx_word' id='word_1_444' title='bbox 455 2060 491 2087; x_wconf 90' lang='lat' dir='ltr'><strong>sit</strong></span> <span class='ocrx_word' id='word_1_445' title='bbox 505 2061 581 2091; x_wconf 89' lang='lat' dir='ltr'><strong>cultu</strong></span> <span class='ocrx_word' id='word_1_446' title='bbox 594 2060 692 2095; x_wconf 79' lang='lat' dir='ltr'><strong>legali,</strong></span> <span class='ocrx_word' id='word_1_447' title='bbox 713 2061 804 2088; x_wconf 88' lang='lat' dir='ltr'><strong>cultus</strong></span> <span class='ocrx_word' id='word_1_448' title='bbox 829 2069 879 2103; x_wconf 88' lang='lat' dir='ltr'><strong>per</strong></span> <span class='ocrx_word' id='word_1_449' title='bbox 890 2061 972 2089; x_wconf 91' lang='lat' dir='ltr'><strong>Chri-</strong></span> 
     </span>
    </p>
   </div>
   <div class='ocr_carea' id='block_1_58' title="bbox 185 2105 972 2143">
    <p class='ocr_par' dir='ltr' id='par_1_58' title="bbox 185 2105 972 2143">
     <span class='ocr_line' id='line_1_58' title="bbox 185 2105 972 2143; baseline 0.003 -11"><span class='ocrx_word' id='word_1_450' title='bbox 185 2109 257 2132; x_wconf 86' lang='lat' dir='ltr'><strong>stum</strong></span> <span class='ocrx_word' id='word_1_451' title='bbox 271 2125 278 2138; x_wconf 90' lang='lat'><strong>,</strong></span> <span class='ocrx_word' id='word_1_452' title='bbox 305 2105 405 2133; x_wconf 87' lang='lat' dir='ltr'><strong>viderit</strong></span> <span class='ocrx_word' id='word_1_453' title='bbox 420 2105 481 2141; x_wconf 90' lang='lat' dir='ltr'><strong>quis</strong></span> <span class='ocrx_word' id='word_1_454' title='bbox 498 2105 525 2133; x_wconf 93' lang='lat' dir='ltr'><strong>in</strong></span> <span class='ocrx_word' id='word_1_455' title='bbox 547 2105 653 2140; x_wconf 82' lang='lat' dir='ltr'><strong>Aaron,</strong></span> <span class='ocrx_word' id='word_1_456' title='bbox 661 2106 891 2143; x_wconf 88' lang='lat' dir='ltr'><strong>quemadmodum</strong></span> <span class='ocrx_word' id='word_1_457' title='bbox 915 2107 972 2135; x_wconf 83' lang='lat' dir='ltr'><strong>fere</strong></span> 
     </span>
    </p>
   </div>
   <div class='ocr_carea' id='block_1_59' title="bbox 184 2151 972 2187">
    <p class='ocr_par' dir='ltr' id='par_1_59' title="bbox 184 2151 972 2187">
     <span class='ocr_line' id='line_1_59' title="bbox 184 2151 972 2187; baseline 0.004 -9"><span class='ocrx_word' id='word_1_458' title='bbox 184 2151 267 2179; x_wconf 83' lang='lat' dir='ltr'><strong>etiam</strong></span> <span class='ocrx_word' id='word_1_459' title='bbox 287 2151 315 2178; x_wconf 89' lang='lat' dir='ltr'><strong>in</strong></span> <span class='ocrx_word' id='word_1_460' title='bbox 328 2151 517 2179; x_wconf 83' lang='lat' dir='ltr'><strong>Melehisedec.</strong></span> <span class='ocrx_word' id='word_1_461' title='bbox 536 2151 676 2187; x_wconf 88' lang='lat' dir='ltr'><strong>Siquidem</strong></span> <span class='ocrx_word' id='word_1_462' title='bbox 699 2152 800 2180; x_wconf 68' lang='lat' dir='ltr'><strong>Levitze</strong></span> <span class='ocrx_word' id='word_1_463' title='bbox 814 2152 934 2181; x_wconf 89' lang='lat' dir='ltr'><strong>decimas</strong></span> <span class='ocrx_word' id='word_1_464' title='bbox 957 2161 972 2180; x_wconf 89' lang='lat' dir='ltr'><strong>a</strong></span> 
     </span>
    </p>
   </div>
   <div class='ocr_carea' id='block_1_60' title="bbox 185 2197 971 2233">
    <p class='ocr_par' dir='ltr' id='par_1_60' title="bbox 185 2197 971 2233">
     <span class='ocr_line' id='line_1_60' title="bbox 185 2197 971 2233; baseline 0.004 -9"><span class='ocrx_word' id='word_1_465' title='bbox 185 2197 249 2227; x_wconf 74' lang='lat' dir='ltr'><strong>[iiiis</strong></span> <span class='ocrx_word' id='word_1_466' title='bbox 273 2197 355 2225; x_wconf 82' lang='lat' dir='ltr'><strong>lsrael</strong></span> <span class='ocrx_word' id='word_1_467' title='bbox 379 2198 560 2233; x_wconf 88' lang='lat' dir='ltr'><strong>accipiebant.</strong></span> <span class='ocrx_word' id='word_1_468' title='bbox 584 2197 719 2225; x_wconf 66' lang='lat' dir='ltr'><strong>Caeterum</strong></span> <span class='ocrx_word' id='word_1_469' title='bbox 739 2199 822 2233; x_wconf 86' lang='lat' dir='ltr'><strong>jussit</strong></span> <span class='ocrx_word' id='word_1_470' title='bbox 844 2199 971 2230; x_wconf 84' lang='lat' dir='ltr'><strong>Deus_cx</strong></span> 
     </span>
    </p>
   </div>
   <div class='ocr_carea' id='block_1_61' title="bbox 184 2242 1010 2290">
    <p class='ocr_par' dir='ltr' id='par_1_61' title="bbox 184 2242 1010 2290">
     <span class='ocr_line' id='line_1_61' title="bbox 184 2242 1010 2290; baseline 0.004 -21"><span class='ocrx_word' id='word_1_471' title='bbox 184 2242 341 2270; x_wconf 86' lang='lat' dir='ltr'><strong>Levitarum</strong></span> <span class='ocrx_word' id='word_1_472' title='bbox 356 2242 470 2270; x_wconf 89' lang='lat' dir='ltr'><strong>decimis</strong></span> <span class='ocrx_word' id='word_1_473' title='bbox 495 2243 616 2271; x_wconf 87' lang='lat' dir='ltr'><strong>tribuere</strong></span> <span class='ocrx_word' id='word_1_474' title='bbox 631 2243 764 2271; x_wconf 89' lang='lat' dir='ltr'><strong>decimam</strong></span> <span class='ocrx_word' id='word_1_475' title='bbox 786 2244 898 2277; x_wconf 86' lang='lat' dir='ltr'><strong>Aaroni,</strong></span> <span class='ocrx_word' id='word_1_476' title='bbox 914 2249 973 2272; x_wconf 87' lang='lat' dir='ltr'><strong>tan-</strong></span> <span class='ocrx_word' id='word_1_477' title='bbox 988 2263 1010 2290; x_wconf 70' lang='grc' dir='ltr'>ο</span> 
     </span>
    </p>
   </div>
   <div class='ocr_carea' id='block_1_62' title="bbox 183 2289 971 2328">
    <p class='ocr_par' dir='ltr' id='par_1_62' title="bbox 183 2289 971 2328">
     <span class='ocr_line' id='line_1_62' title="bbox 183 2289 971 2328; baseline 0.004 -13"><span class='ocrx_word' id='word_1_478' title='bbox 183 2295 266 2323; x_wconf 73' lang='lat' dir='ltr'><strong>quam</strong></span> <span class='ocrx_word' id='word_1_479' title='bbox 293 2289 434 2323; x_wconf 74' lang='lat' dir='ltr'><strong>prmi‘ecto,</strong></span> <span class='ocrx_word' id='word_1_480' title='bbox 459 2289 561 2328; x_wconf 87' lang='lat' dir='ltr'><strong>quique</strong></span> <span class='ocrx_word' id='word_1_481' title='bbox 576 2289 612 2316; x_wconf 91' lang='lat' dir='ltr'><strong>ob</strong></span> <span class='ocrx_word' id='word_1_482' title='bbox 635 2290 783 2317; x_wconf 86' lang='lat' dir='ltr'><strong>sacerdotii</strong></span> <span class='ocrx_word' id='word_1_483' title='bbox 803 2290 971 2320; x_wconf 80' lang='lat' dir='ltr'><strong>functionem</strong></span> 
     </span>
    </p>
   </div>
   <div class='ocr_carea' id='block_1_63' title="bbox 185 2334 971 2372">
    <p class='ocr_par' dir='ltr' id='par_1_63' title="bbox 185 2334 971 2372">
     <span class='ocr_line' id='line_1_63' title="bbox 185 2334 971 2372; baseline 0.005 -12"><span class='ocrx_word' id='word_1_484' title='bbox 185 2341 313 2370; x_wconf 83' lang='lat' dir='ltr'><strong>supremo</strong></span> <span class='ocrx_word' id='word_1_485' title='bbox 325 2334 430 2362; x_wconf 88' lang='lat' dir='ltr'><strong>honore</strong></span> <span class='ocrx_word' id='word_1_486' title='bbox 445 2335 576 2370; x_wconf 70' lang='lat' dir='ltr'><strong>praeditus</strong></span> <span class='ocrx_word' id='word_1_487' title='bbox 588 2340 656 2363; x_wconf 88' lang='lat' dir='ltr'><strong>erat.</strong></span> <span class='ocrx_word' id='word_1_488' title='bbox 670 2336 801 2372; x_wconf 74' lang='lat' dir='ltr'><strong>intelligis</strong></span> <span class='ocrx_word' id='word_1_489' title='bbox 814 2336 904 2372; x_wconf 81' lang='lat' dir='ltr'><strong>itaque</strong></span> <span class='ocrx_word' id='word_1_490' title='bbox 917 2345 971 2372; x_wconf 91' lang='lat' dir='ltr'><strong>quo</strong></span> 
     </span>
    </p>
   </div>
   <div class='ocr_carea' id='block_1_64' title="bbox 186 2380 971 2416">
    <p class='ocr_par' dir='ltr' id='par_1_64' title="bbox 186 2380 971 2416">
     <span class='ocr_line' id='line_1_64' title="bbox 186 2380 971 2416; baseline 0.004 -9"><span class='ocrx_word' id='word_1_491' title='bbox 186 2384 263 2415; x_wconf 88' lang='lat' dir='ltr'><strong>pacto</strong></span> <span class='ocrx_word' id='word_1_492' title='bbox 277 2380 361 2414; x_wconf 76' lang='lat' dir='ltr'><strong>etiam</strong></span> <span class='ocrx_word' id='word_1_493' title='bbox 378 2381 405 2408; x_wconf 91' lang='lat' dir='ltr'><strong>in</strong></span> <span class='ocrx_word' id='word_1_494' title='bbox 422 2389 538 2416; x_wconf 88' lang='lat' dir='ltr'><strong>persona</strong></span> <span class='ocrx_word' id='word_1_495' title='bbox 551 2382 641 2409; x_wconf 87' lang='lat' dir='ltr'><strong>Aaron</strong></span> <span class='ocrx_word' id='word_1_496' title='bbox 666 2381 732 2410; x_wconf 87' lang='lat' dir='ltr'><strong>Levi</strong></span> <span class='ocrx_word' id='word_1_497' title='bbox 757 2382 878 2413; x_wconf 88' lang='lat' dir='ltr'><strong>decimas</strong></span> <span class='ocrx_word' id='word_1_498' title='bbox 897 2384 971 2411; x_wconf 89' lang='lat' dir='ltr'><strong>acci-</strong></span> 
     </span>
    </p>
   </div>
   <div class='ocr_carea' id='block_1_65' title="bbox 185 2425 970 2464">
    <p class='ocr_par' dir='ltr' id='par_1_65' title="bbox 185 2425 970 2464">
     <span class='ocr_line' id='line_1_65' title="bbox 185 2425 970 2464; baseline 0.006 -13"><span class='ocrx_word' id='word_1_499' title='bbox 185 2425 272 2460; x_wconf 87' lang='lat' dir='ltr'><strong>piens,</strong></span> <span class='ocrx_word' id='word_1_500' title='bbox 291 2425 442 2453; x_wconf 85' lang='lat' dir='ltr'><strong>decimatus</strong></span> <span class='ocrx_word' id='word_1_501' title='bbox 452 2431 503 2454; x_wconf 87' lang='lat' dir='ltr'><strong>est.</strong></span> <span class='ocrx_word' id='word_1_502' title='bbox 519 2427 608 2454; x_wconf 82' lang='lat' dir='ltr'><strong>Aaron</strong></span> <span class='ocrx_word' id='word_1_503' title='bbox 621 2427 695 2454; x_wconf 87' lang='lat' dir='ltr'><strong>enim</strong></span> <span class='ocrx_word' id='word_1_504' title='bbox 708 2427 810 2455; x_wconf 85' lang='lat' dir='ltr'><strong>Christi</strong></span> <span class='ocrx_word' id='word_1_505' title='bbox 827 2436 970 2464; x_wconf 89' lang='lat' dir='ltr'><strong>personam</strong></span> 
     </span>
    </p>
   </div>
   <div class='ocr_carea' id='block_1_66' title="bbox 184 2470 969 2507">
    <p class='ocr_par' dir='ltr' id='par_1_66' title="bbox 184 2470 969 2507">
     <span class='ocr_line' id='line_1_66' title="bbox 184 2470 969 2507; baseline 0.006 -10"><span class='ocrx_word' id='word_1_506' title='bbox 184 2470 278 2498; x_wconf 87' lang='lat' dir='ltr'><strong>refert.</strong></span> <span class='ocrx_word' id='word_1_507' title='bbox 293 2470 381 2506; x_wconf 87' lang='lat' dir='ltr'><strong>Atque</strong></span> <span class='ocrx_word' id='word_1_508' title='bbox 394 2472 440 2499; x_wconf 90' lang='lat' dir='ltr'><strong>alii</strong></span> <span class='ocrx_word' id='word_1_509' title='bbox 465 2473 575 2507; x_wconf 87' lang='lat' dir='ltr'><strong>quidem</strong></span> <span class='ocrx_word' id='word_1_510' title='bbox 593 2473 694 2500; x_wconf 72' lang='lat' dir='ltr'><strong>Levita:</strong></span> <span class='ocrx_word' id='word_1_511' title='bbox 709 2478 737 2500; x_wconf 90' lang='lat' dir='ltr'><strong>et</strong></span> <span class='ocrx_word' id='word_1_512' title='bbox 755 2474 911 2502; x_wconf 87' lang='lat' dir='ltr'><strong>sacerdotes</strong></span> <span class='ocrx_word' id='word_1_513' title='bbox 929 2475 969 2502; x_wconf 86' lang='lat' dir='ltr'><strong>le—</strong></span> 
     </span>
    </p>
   </div>
   <div class='ocr_carea' id='block_1_67' title="bbox 183 2510 971 2554">
    <p class='ocr_par' dir='ltr' id='par_1_67' title="bbox 183 2510 971 2554">
     <span class='ocr_line' id='line_1_67' title="bbox 183 2510 971 2554; baseline 0.006 -12"><span class='ocrx_word' id='word_1_514' title='bbox 183 2515 252 2550; x_wconf 76' lang='lat' dir='ltr'><strong>galia</strong></span> <span class='ocrx_word' id='word_1_515' title='bbox 274 2517 409 2544; x_wconf 81' lang='lat' dir='ltr'><strong>sacrificia</strong></span> <span class='ocrx_word' id='word_1_516' title='bbox 433 2510 612 2553; x_wconf 83' lang='lat' dir='ltr'><strong>peragebant,</strong></span> <span class='ocrx_word' id='word_1_517' title='bbox 630 2518 657 2546; x_wconf 90' lang='lat' dir='ltr'><strong>in</strong></span> <span class='ocrx_word' id='word_1_518' title='bbox 683 2519 774 2554; x_wconf 91' lang='lat' dir='ltr'><strong>priore</strong></span> <span class='ocrx_word' id='word_1_519' title='bbox 795 2520 971 2547; x_wconf 87' lang='lat' dir='ltr'><strong>tabernaculo</strong></span> 
     </span>
    </p>
   </div>
   <div class='ocr_carea' id='block_1_68' title="bbox 183 2563 973 2594">
    <p class='ocr_par' dir='ltr' id='par_1_68' title="bbox 183 2563 973 2594">
     <span class='ocr_line' id='line_1_68' title="bbox 183 2563 973 2594; baseline 0.008 -6"><span class='ocrx_word' id='word_1_520' title='bbox 183 2569 260 2589; x_wconf 82' lang='lat' dir='ltr'><strong>suam</strong></span> <span class='ocrx_word' id='word_1_521' title='bbox 275 2563 419 2591; x_wconf 86' lang='lat' dir='ltr'><strong>stationem</strong></span> <span class='ocrx_word' id='word_1_522' title='bbox 431 2564 572 2592; x_wconf 88' lang='lat' dir='ltr'><strong>habentes.</strong></span> <span class='ocrx_word' id='word_1_523' title='bbox 586 2565 665 2593; x_wconf 87' lang='lat' dir='ltr'><strong>Solus</strong></span> <span class='ocrx_word' id='word_1_524' title='bbox 682 2571 773 2594; x_wconf 89' lang='lat' dir='ltr'><strong>autem</strong></span> <span class='ocrx_word' id='word_1_525' title='bbox 792 2574 825 2593; x_wconf 84' lang='lat' dir='ltr'><strong>ex</strong></span> <span class='ocrx_word' id='word_1_526' title='bbox 844 2567 973 2594; x_wconf 88' lang='lat' dir='ltr'><strong>omnibus</strong></span> 
     </span>
    </p>
   </div>
   <div class='ocr_carea' id='block_1_69' title="bbox 184 2607 970 2650">
    <p class='ocr_par' dir='ltr' id='par_1_69' title="bbox 184 2607 970 2650">
     <span class='ocr_line' id='line_1_69' title="bbox 184 2607 970 2650; baseline 0.009 -17"><span class='ocrx_word' id='word_1_527' title='bbox 184 2607 294 2635; x_wconf 78' lang='lat' dir='ltr'><strong>divinus</strong></span> <span class='ocrx_word' id='word_1_528' title='bbox 310 2618 318 2634; x_wconf 89' lang='grc'><strong>‹</strong></span> <span class='ocrx_word' id='word_1_529' title='bbox 333 2610 424 2637; x_wconf 88' lang='lat' dir='ltr'><strong>Aaron</strong></span> <span class='ocrx_word' id='word_1_530' title='bbox 437 2611 520 2638; x_wconf 90' lang='lat' dir='ltr'><strong>semel</strong></span> <span class='ocrx_word' id='word_1_531' title='bbox 531 2612 687 2646; x_wconf 82' lang='lat' dir='ltr'><strong>quotannis,</strong></span> <span class='ocrx_word' id='word_1_532' title='bbox 704 2621 713 2637; x_wconf 72' lang='grc' dir='ltr'><strong>ι</strong></span> <span class='ocrx_word' id='word_1_533' title='bbox 728 2616 757 2639; x_wconf 83' lang='grc' dir='ltr'><strong>ιιι</strong></span> <span class='ocrx_word' id='word_1_534' title='bbox 775 2612 907 2650; x_wconf 88' lang='lat' dir='ltr'><strong>scriptum</strong></span> <span class='ocrx_word' id='word_1_535' title='bbox 919 2618 970 2645; x_wconf 84' lang='lat' dir='ltr'><strong>est,</strong></span> 
     </span>
    </p>
   </div>
   <div class='ocr_carea' id='block_1_70' title="bbox 188 2652 971 2693">
    <p class='ocr_par' dir='ltr' id='par_1_70' title="bbox 188 2652 971 2693">
     <span class='ocr_line' id='line_1_70' title="bbox 188 2652 971 2693; baseline 0.008 -14"><span class='ocrx_word' id='word_1_536' title='bbox 188 2661 198 2684; x_wconf 70' lang='grc' dir='ltr'>ς</span> <span class='ocrx_word' id='word_1_537' title='bbox 211 2653 238 2679; x_wconf 90' lang='lat' dir='ltr'><strong>in</strong></span> <span class='ocrx_word' id='word_1_538' title='bbox 249 2652 347 2681; x_wconf 87' lang='lat' dir='ltr'><strong>Sancta</strong></span> <span class='ocrx_word' id='word_1_539' title='bbox 360 2660 514 2683; x_wconf 86' lang='lat' dir='ltr'><strong>sanctorum</strong></span> <span class='ocrx_word' id='word_1_540' title='bbox 531 2656 783 2692; x_wconf 76' lang='lat' dir='ltr'><strong>ingrediebatur“:</strong></span> <span class='ocrx_word' id='word_1_541' title='bbox 799 2667 808 2683; x_wconf 74' lang='grc' dir='ltr'><strong>ι</strong></span> <span class='ocrx_word' id='word_1_542' title='bbox 819 2657 901 2693; x_wconf 87' lang='lat' dir='ltr'><strong>idque</strong></span> <span class='ocrx_word' id='word_1_543' title='bbox 916 2667 971 2686; x_wconf 87' lang='lat' dir='ltr'><strong>non</strong></span> 
     </span>
    </p>
   </div>
   <div class='ocr_carea' id='block_1_71' title="bbox 184 2698 970 2736">
    <p class='ocr_par' dir='ltr' id='par_1_71' title="bbox 184 2698 970 2736">
     <span class='ocr_line' id='line_1_71' title="bbox 184 2698 970 2736; baseline 0.006 -12"><span class='ocrx_word' id='word_1_544' title='bbox 184 2698 243 2725; x_wconf 87' lang='lat' dir='ltr'><strong>sine</strong></span> <span class='ocrx_word' id='word_1_545' title='bbox 258 2699 400 2734; x_wconf 79' lang='lat' dir='ltr'><strong>sanguine,</strong></span> <span class='ocrx_word' id='word_1_546' title='bbox 414 2700 490 2735; x_wconf 76' lang='lat' dir='ltr'><strong>juxta</strong></span> <span class='ocrx_word' id='word_1_547' title='bbox 506 2701 601 2736; x_wconf 77' lang='lat' dir='ltr'><strong>legem.</strong></span> <span class='ocrx_word' id='word_1_548' title='bbox 617 2701 708 2736; x_wconf 84' lang='lat' dir='ltr'><strong>Typus</strong></span> <span class='ocrx_word' id='word_1_549' title='bbox 721 2706 813 2729; x_wconf 88' lang='lat' dir='ltr'><strong>autem</strong></span> <span class='ocrx_word' id='word_1_550' title='bbox 828 2701 879 2729; x_wconf 89' lang='lat' dir='ltr'><strong>fuit</strong></span> <span class='ocrx_word' id='word_1_551' title='bbox 888 2702 970 2729; x_wconf 83' lang='lat' dir='ltr'><strong>etiam</strong></span> 
     </span>
    </p>
   </div>
   <div class='ocr_carea' id='block_1_72' title="bbox 569 2743 574 2755">
    <p class='ocr_par' dir='ltr' id='par_1_72' title="bbox 569 2743 574 2755">
     <span class='ocr_line' id='line_1_72' title="bbox 569 2743 574 2755; baseline 0 0"><span class='ocrx_word' id='word_1_552' title='bbox 569 2743 574 2755; x_wconf 75' lang='grc' dir='ltr'><strong><em>Ι</em></strong></span> 
     </span>
    </p>
   </div>
   <div class='ocr_carea' id='block_1_73' title="bbox 219 2768 475 2803">
    <p class='ocr_par' dir='ltr' id='par_1_73' title="bbox 219 2768 475 2803">
     <span class='ocr_line' id='line_1_73' title="bbox 219 2768 475 2803; baseline 0.012 -8"><span class='ocrx_word' id='word_1_553' title='bbox 219 2769 260 2796; x_wconf 82' lang='lat' dir='ltr'><strong>&quot;i</strong></span> <span class='ocrx_word' id='word_1_554' title='bbox 276 2768 339 2797; x_wconf 89' lang='lat' dir='ltr'><strong>Cor.</strong></span> <span class='ocrx_word' id='word_1_555' title='bbox 358 2778 413 2803; x_wconf 79' lang='lat' dir='ltr'><strong>xm,</strong></span> <span class='ocrx_word' id='word_1_556' title='bbox 435 2771 475 2798; x_wconf 59' lang='lat' dir='ltr'><strong>i2.</strong></span> 
     </span>
    </p>
   </div>
   <div class='ocr_carea' id='block_1_74' title="bbox 220 2839 673 2881">
    <p class='ocr_par' dir='ltr' id='par_1_74' title="bbox 220 2839 673 2881">
     <span class='ocr_line' id='line_1_74' title="bbox 220 2839 673 2881; baseline 0.007 -14"><span class='ocrx_word' id='word_1_557' title='bbox 220 2839 259 2881; x_wconf 72' lang='grc' dir='ltr'><strong>(ί)</strong></span> <span class='ocrx_word' id='word_1_558' title='bbox 275 2840 422 2876; x_wconf 70' lang='lat' dir='ltr'><strong>Aubcrtus,</strong></span> <span class='ocrx_word' id='word_1_559' title='bbox 440 2842 586 2880; x_wconf 76' lang='grc' dir='ltr'>κοτμῶντι.</span> <span class='ocrx_word' id='word_1_560' title='bbox 600 2841 673 2870; x_wconf 83' lang='lat' dir='ltr'><strong>Emr.</strong></span> 
     </span>
    </p>
   </div>
   <div class='ocr_carea' id='block_1_75' title="bbox 1027 962 1819 999">
    <p class='ocr_par' dir='ltr' id='par_1_75' title="bbox 1027 962 1819 999">
     <span class='ocr_line' id='line_1_75' title="bbox 1027 962 1819 999; baseline 0 -10"><span class='ocrx_word' id='word_1_561' title='bbox 1027 963 1082 999; x_wconf 81' lang='grc' dir='ltr'><strong>γὰρ</strong></span> <span class='ocrx_word' id='word_1_562' title='bbox 1096 962 1134 990; x_wconf 88' lang='grc' dir='ltr'>ὢν</span> <span class='ocrx_word' id='word_1_563' title='bbox 1146 963 1192 989; x_wconf 81' lang='grc' dir='ltr'>καὶ</span> <span class='ocrx_word' id='word_1_564' title='bbox 1207 963 1239 990; x_wconf 85' lang='grc' dir='ltr'>ὲκ</span> <span class='ocrx_word' id='word_1_565' title='bbox 1261 963 1327 991; x_wconf 84' lang='grc' dir='ltr'>Θεοῦ</span> <span class='ocrx_word' id='word_1_566' title='bbox 1344 963 1413 990; x_wconf 86' lang='grc' dir='ltr'><strong>κατά</strong></span> <span class='ocrx_word' id='word_1_567' title='bbox 1431 963 1512 998; x_wconf 89' lang='grc' dir='ltr'>φύσιν</span> <span class='ocrx_word' id='word_1_568' title='bbox 1527 965 1541 990; x_wconf 79' lang='grc' dir='ltr'><strong><em>ὁ</em></strong></span> <span class='ocrx_word' id='word_1_569' title='bbox 1558 963 1723 999; x_wconf 84' lang='grc' dir='ltr'>Μονογενὴς,</span> <span class='ocrx_word' id='word_1_570' title='bbox 1737 962 1819 997; x_wconf 83' lang='grc' dir='ltr'>γέγο-</span> 
     </span>
    </p>
   </div>
   <div class='ocr_carea' id='block_1_76' title="bbox 1027 1009 1818 1045">
    <p class='ocr_par' dir='ltr' id='par_1_76' title="bbox 1027 1009 1818 1045">
     <span class='ocr_line' id='line_1_76' title="bbox 1027 1009 1818 1045; baseline -0.003 -9"><span class='ocrx_word' id='word_1_571' title='bbox 1027 1018 1071 1036; x_wconf 90' lang='grc' dir='ltr'><strong>νεν</strong></span> <span class='ocrx_word' id='word_1_572' title='bbox 1083 1009 1236 1045; x_wconf 71' lang='grc' dir='ltr'>ἀνθρωπος,</span> <span class='ocrx_word' id='word_1_573' title='bbox 1259 1019 1269 1035; x_wconf 76' lang='grc' dir='ltr'>ί</span> <span class='ocrx_word' id='word_1_574' title='bbox 1288 1009 1336 1037; x_wconf 76' lang='grc' dir='ltr'>καὶ</span> <span class='ocrx_word' id='word_1_575' title='bbox 1359 1010 1517 1045; x_wconf 80' lang='grc' dir='ltr'>ἐσκήνωσεν</span> <span class='ocrx_word' id='word_1_576' title='bbox 1535 1010 1563 1036; x_wconf 80' lang='grc' dir='ltr'>ὲν</span> <span class='ocrx_word' id='word_1_577' title='bbox 1577 1010 1653 1045; x_wconf 85' lang='grc' dir='ltr'>ἡμῖν.</span> <span class='ocrx_word' id='word_1_578' title='bbox 1676 1019 1686 1035; x_wconf 78' lang='grc' dir='ltr'><strong>ι</strong></span> <span class='ocrx_word' id='word_1_579' title='bbox 1708 1010 1818 1044; x_wconf 80' lang='grc' dir='ltr'>Κεχρη-</span> 
     </span>
    </p>
   </div>
   <div class='ocr_carea' id='block_1_77' title="bbox 1029 1052 1815 1090">
    <p class='ocr_par' dir='ltr' id='par_1_77' title="bbox 1029 1052 1815 1090">
     <span class='ocr_line' id='line_1_77' title="bbox 1029 1052 1815 1090; baseline -0.003 -9"><span class='ocrx_word' id='word_1_580' title='bbox 1029 1054 1127 1090; x_wconf 82' lang='grc' dir='ltr'>μάτικε</span> <span class='ocrx_word' id='word_1_581' title='bbox 1145 1054 1172 1080; x_wconf 78' lang='grc' dir='ltr'>δὲ</span> <span class='ocrx_word' id='word_1_582' title='bbox 1197 1054 1245 1081; x_wconf 79' lang='grc' dir='ltr'><strong>καὶ</strong></span> <span class='ocrx_word' id='word_1_583' title='bbox 1262 1054 1444 1087; x_wconf 71' lang='grc' dir='ltr'>Ἀπὸστολος</span> <span class='ocrx_word' id='word_1_584' title='bbox 1470 1054 1517 1080; x_wconf 74' lang='grc' dir='ltr'><strong>καὶ</strong></span> <span class='ocrx_word' id='word_1_585' title='bbox 1542 1053 1705 1088; x_wconf 84' lang='grc' dir='ltr'>Ἀρχιερεὺς</span> <span class='ocrx_word' id='word_1_586' title='bbox 1723 1052 1815 1088; x_wconf 62' lang='grc' dir='ltr'>ἡμῶν,</span> 
     </span>
    </p>
   </div>
   <div class='ocr_carea' id='block_1_78' title="bbox 1027 1098 1818 1135">
    <p class='ocr_par' dir='ltr' id='par_1_78' title="bbox 1027 1098 1818 1135">
     <span class='ocr_line' id='line_1_78' title="bbox 1027 1098 1818 1135; baseline -0.001 -9"><span class='ocrx_word' id='word_1_587' title='bbox 1027 1100 1074 1126; x_wconf 80' lang='grc' dir='ltr'>καὶ</span> <span class='ocrx_word' id='word_1_588' title='bbox 1092 1099 1246 1135; x_wconf 80' lang='grc' dir='ltr'>ἀπήλλαξεν</span> <span class='ocrx_word' id='word_1_589' title='bbox 1269 1100 1342 1135; x_wconf 81' lang='grc' dir='ltr'>ἡμᾶς</span> <span class='ocrx_word' id='word_1_590' title='bbox 1355 1099 1403 1126; x_wconf 82' lang='grc' dir='ltr'><strong>τοῦ</strong></span> <span class='ocrx_word' id='word_1_591' title='bbox 1420 1098 1630 1135; x_wconf 82' lang='grc' dir='ltr'>βραδυγλὼσσου</span> <span class='ocrx_word' id='word_1_592' title='bbox 1647 1100 1749 1134; x_wconf 85' lang='grc' dir='ltr'>νόμου,</span> <span class='ocrx_word' id='word_1_593' title='bbox 1769 1107 1818 1134; x_wconf 83' lang='grc' dir='ltr'>μει-</span> 
     </span>
    </p>
   </div>
   <div class='ocr_carea' id='block_1_79' title="bbox 1026 1145 1815 1181">
    <p class='ocr_par' dir='ltr' id='par_1_79' title="bbox 1026 1145 1815 1181">
     <span class='ocr_line' id='line_1_79' title="bbox 1026 1145 1815 1181; baseline -0.003 -8"><span class='ocrx_word' id='word_1_594' title='bbox 1026 1146 1167 1173; x_wconf 84' lang='grc' dir='ltr'>τατέθεικε</span> <span class='ocrx_word' id='word_1_595' title='bbox 1186 1145 1214 1172; x_wconf 81' lang='grc' dir='ltr'>δὲ</span> <span class='ocrx_word' id='word_1_596' title='bbox 1229 1145 1275 1172; x_wconf 81' lang='grc' dir='ltr'>καὶ</span> <span class='ocrx_word' id='word_1_597' title='bbox 1291 1146 1332 1177; x_wconf 81' lang='grc' dir='ltr'><strong>είς</strong></span> <span class='ocrx_word' id='word_1_598' title='bbox 1352 1145 1489 1180; x_wconf 83' lang='grc' dir='ltr'>εὐφωνίαν</span> <span class='ocrx_word' id='word_1_599' title='bbox 1510 1145 1681 1181; x_wconf 82' lang='grc' dir='ltr'>μαθημάτων</span> <span class='ocrx_word' id='word_1_600' title='bbox 1698 1145 1815 1179; x_wconf 78' lang='grc' dir='ltr'>εὐαγγε-</span> 
     </span>
    </p>
   </div>
   <div class='ocr_carea' id='block_1_80' title="bbox 1026 1190 1817 1228">
    <p class='ocr_par' dir='ltr' id='par_1_80' title="bbox 1026 1190 1817 1228">
     <span class='ocr_line' id='line_1_80' title="bbox 1026 1190 1817 1228; baseline -0.003 -9"><span class='ocrx_word' id='word_1_601' title='bbox 1026 1192 1119 1220; x_wconf 88' lang='grc' dir='ltr'>λικῶν.</span> <span class='ocrx_word' id='word_1_602' title='bbox 1133 1192 1189 1219; x_wconf 75' lang='grc' dir='ltr'><strong>Καὶ</strong></span> <span class='ocrx_word' id='word_1_603' title='bbox 1207 1191 1267 1228; x_wconf 76' lang='grc' dir='ltr'>οὐχὶ</span> <span class='ocrx_word' id='word_1_604' title='bbox 1283 1191 1362 1219; x_wconf 88' lang='grc' dir='ltr'>τοῦτο</span> <span class='ocrx_word' id='word_1_605' title='bbox 1380 1192 1478 1228; x_wconf 83' lang='grc' dir='ltr'>μόνον,</span> <span class='ocrx_word' id='word_1_606' title='bbox 1492 1191 1561 1219; x_wconf 85' lang='grc' dir='ltr'><strong>ἀλλά</strong></span> <span class='ocrx_word' id='word_1_607' title='bbox 1580 1191 1634 1227; x_wconf 84' lang='grc' dir='ltr'>γὰρ</span> <span class='ocrx_word' id='word_1_608' title='bbox 1667 1190 1715 1218; x_wconf 77' lang='grc' dir='ltr'>καὶ</span> <span class='ocrx_word' id='word_1_609' title='bbox 1734 1191 1817 1226; x_wconf 75' lang='grc' dir='ltr'>αίχμ‹</span> 
     </span>
    </p>
   </div>
   <div class='ocr_carea' id='block_1_81' title="bbox 1026 1236 1817 1273">
    <p class='ocr_par' dir='ltr' id='par_1_81' title="bbox 1026 1236 1817 1273">
     <span class='ocr_line' id='line_1_81' title="bbox 1026 1236 1817 1273; baseline -0.003 -9"><span class='ocrx_word' id='word_1_610' title='bbox 1026 1238 1146 1269; x_wconf 84' lang='grc' dir='ltr'>αλώτους</span> <span class='ocrx_word' id='word_1_611' title='bbox 1162 1237 1242 1269; x_wconf 71' lang='grc' dir='ltr'>ὄντας</span> <span class='ocrx_word' id='word_1_612' title='bbox 1257 1237 1359 1273; x_wconf 78' lang='grc' dir='ltr'>ἀνῆκεν</span> <span class='ocrx_word' id='word_1_613' title='bbox 1379 1238 1470 1272; x_wconf 80' lang='grc' dir='ltr'>ἡμᾶς,</span> <span class='ocrx_word' id='word_1_614' title='bbox 1491 1236 1613 1264; x_wconf 88' lang='grc' dir='ltr'>καθελὼν</span> <span class='ocrx_word' id='word_1_615' title='bbox 1629 1236 1675 1262; x_wconf 76' lang='grc' dir='ltr'>τὸν</span> <span class='ocrx_word' id='word_1_616' title='bbox 1697 1236 1817 1271; x_wconf 77' lang='grc' dir='ltr'>ἄρχοντα</span> 
     </span>
    </p>
   </div>
   <div class='ocr_carea' id='block_1_82' title="bbox 1025 1282 1816 1319">
    <p class='ocr_par' dir='ltr' id='par_1_82' title="bbox 1025 1282 1816 1319">
     <span class='ocr_line' id='line_1_82' title="bbox 1025 1282 1816 1319; baseline -0.001 -9"><span class='ocrx_word' id='word_1_617' title='bbox 1025 1283 1073 1315; x_wconf 77' lang='grc' dir='ltr'><strong>τοῦ</strong></span> <span class='ocrx_word' id='word_1_618' title='bbox 1095 1283 1192 1315; x_wconf 87' lang='grc' dir='ltr'>αίῶνος</span> <span class='ocrx_word' id='word_1_619' title='bbox 1213 1283 1326 1316; x_wconf 84' lang='grc' dir='ltr'>τούτου,</span> <span class='ocrx_word' id='word_1_620' title='bbox 1351 1283 1398 1310; x_wconf 80' lang='grc' dir='ltr'>καὶ</span> <span class='ocrx_word' id='word_1_621' title='bbox 1422 1282 1451 1315; x_wconf 82' lang='grc' dir='ltr'>ἐξ</span> <span class='ocrx_word' id='word_1_622' title='bbox 1474 1283 1538 1319; x_wconf 68' lang='grc' dir='ltr'>ᾄδοι)</span> <span class='ocrx_word' id='word_1_623' title='bbox 1564 1282 1659 1318; x_wconf 84' lang='grc' dir='ltr'>μυχῶν</span> <span class='ocrx_word' id='word_1_624' title='bbox 1680 1282 1816 1318; x_wconf 72' lang='grc' dir='ltr'>ἐρρύσατο</span> 
     </span>
    </p>
   </div>
   <div class='ocr_carea' id='block_1_83' title="bbox 1024 1327 1816 1369">
    <p class='ocr_par' dir='ltr' id='par_1_83' title="bbox 1024 1327 1816 1369">
     <span class='ocr_line' id='line_1_83' title="bbox 1024 1327 1816 1369; baseline -0.003 -13"><span class='ocrx_word' id='word_1_625' title='bbox 1024 1329 1089 1361; x_wconf 85' lang='grc' dir='ltr'>τοὺς</span> <span class='ocrx_word' id='word_1_626' title='bbox 1105 1329 1338 1365; x_wconf 80' lang='grc' dir='ltr'>κεκοιμημένους,</span> <span class='ocrx_word' id='word_1_627' title='bbox 1354 1328 1401 1369; x_wconf 55' lang='grc' dir='ltr'><strong>και</strong></span> <span class='ocrx_word' id='word_1_628' title='bbox 1423 1328 1606 1363; x_wconf 88' lang='grc' dir='ltr'>τεθεμελίωκε</span> <span class='ocrx_word' id='word_1_629' title='bbox 1621 1327 1670 1363; x_wconf 78' lang='grc' dir='ltr'>μὲν</span> <span class='ocrx_word' id='word_1_630' title='bbox 1686 1327 1735 1363; x_wconf 85' lang='grc' dir='ltr'>τὴν</span> <span class='ocrx_word' id='word_1_631' title='bbox 1754 1327 1816 1354; x_wconf 80' lang='grc' dir='ltr'><strong>Ἐκ-</strong></span> 
     </span>
    </p>
   </div>
   <div class='ocr_carea' id='block_1_84' title="bbox 1025 1373 1814 1410">
    <p class='ocr_par' dir='ltr' id='par_1_84' title="bbox 1025 1373 1814 1410">
     <span class='ocr_line' id='line_1_84' title="bbox 1025 1373 1814 1410; baseline -0.001 -9"><span class='ocrx_word' id='word_1_632' title='bbox 1025 1375 1155 1410; x_wconf 83' lang='grc' dir='ltr'>κλησίαν,</span> <span class='ocrx_word' id='word_1_633' title='bbox 1180 1374 1400 1410; x_wconf 85' lang='grc' dir='ltr'>κεχειροτόνηται</span> <span class='ocrx_word' id='word_1_634' title='bbox 1425 1373 1454 1400; x_wconf 81' lang='grc' dir='ltr'>δὲ</span> <span class='ocrx_word' id='word_1_635' title='bbox 1476 1374 1526 1400; x_wconf 72' lang='grc' dir='ltr'>καὶ</span> <span class='ocrx_word' id='word_1_636' title='bbox 1549 1373 1641 1409; x_wconf 68' lang='grc' dir='ltr'>ἅρχων</span> <span class='ocrx_word' id='word_1_637' title='bbox 1665 1373 1708 1408; x_wconf 70' lang='grc' dir='ltr'><strong>ἐφ’</strong></span> <span class='ocrx_word' id='word_1_638' title='bbox 1728 1373 1814 1408; x_wconf 76' lang='grc' dir='ltr'>ἡμᾶς,</span> 
     </span>
    </p>
   </div>
   <div class='ocr_carea' id='block_1_85' title="bbox 1025 1417 1816 1454">
    <p class='ocr_par' dir='ltr' id='par_1_85' title="bbox 1025 1417 1816 1454">
     <span class='ocr_line' id='line_1_85' title="bbox 1025 1417 1816 1454; baseline -0.003 -8"><span class='ocrx_word' id='word_1_639' title='bbox 1025 1420 1073 1447; x_wconf 75' lang='grc' dir='ltr'>καὶ</span> <span class='ocrx_word' id='word_1_640' title='bbox 1086 1419 1223 1446; x_wconf 76' lang='grc' dir='ltr'>διεϐίϐασε</span> <span class='ocrx_word' id='word_1_641' title='bbox 1239 1419 1289 1454; x_wconf 81' lang='grc' dir='ltr'>μὲν</span> <span class='ocrx_word' id='word_1_642' title='bbox 1301 1419 1331 1445; x_wconf 82' lang='grc' dir='ltr'>ὲν</span> <span class='ocrx_word' id='word_1_643' title='bbox 1347 1419 1438 1445; x_wconf 81' lang='grc' dir='ltr'>πίστει</span> <span class='ocrx_word' id='word_1_644' title='bbox 1450 1418 1496 1446; x_wconf 72' lang='grc' dir='ltr'><strong>τὸν</strong></span> <span class='ocrx_word' id='word_1_645' title='bbox 1515 1417 1660 1454; x_wconf 82' lang='grc' dir='ltr'>Ἰορδάνην,</span> <span class='ocrx_word' id='word_1_646' title='bbox 1672 1417 1774 1444; x_wconf 84' lang='grc' dir='ltr'>δέδωκε</span> <span class='ocrx_word' id='word_1_647' title='bbox 1787 1417 1816 1444; x_wconf 76' lang='grc' dir='ltr'>δὲ</span> 
     </span>
    </p>
   </div>
   <div class='ocr_carea' id='block_1_86' title="bbox 1025 1463 1816 1500">
    <p class='ocr_par' dir='ltr' id='par_1_86' title="bbox 1025 1463 1816 1500">
     <span class='ocr_line' id='line_1_86' title="bbox 1025 1463 1816 1500; baseline 0.001 -10"><span class='ocrx_word' id='word_1_648' title='bbox 1025 1464 1075 1500; x_wconf 83' lang='grc' dir='ltr'>τὴν</span> <span class='ocrx_word' id='word_1_649' title='bbox 1088 1464 1119 1490; x_wconf 83' lang='grc' dir='ltr'>ὲν</span> <span class='ocrx_word' id='word_1_650' title='bbox 1135 1464 1271 1500; x_wconf 83' lang='grc' dir='ltr'>πνεύματι</span> <span class='ocrx_word' id='word_1_651' title='bbox 1288 1463 1452 1500; x_wconf 84' lang='grc' dir='ltr'>περιτομὴν,</span> <span class='ocrx_word' id='word_1_652' title='bbox 1468 1463 1516 1490; x_wconf 76' lang='grc' dir='ltr'>καὶ</span> <span class='ocrx_word' id='word_1_653' title='bbox 1534 1464 1575 1495; x_wconf 79' lang='grc' dir='ltr'>εἰς</span> <span class='ocrx_word' id='word_1_654' title='bbox 1596 1464 1647 1498; x_wconf 86' lang='grc' dir='ltr'><strong>τὴν</strong></span> <span class='ocrx_word' id='word_1_655' title='bbox 1666 1463 1719 1490; x_wconf 82' lang='grc' dir='ltr'><strong>τῶν</strong></span> <span class='ocrx_word' id='word_1_656' title='bbox 1733 1463 1816 1499; x_wconf 77' lang='grc' dir='ltr'>οὐρα·-</span> 
     </span>
    </p>
   </div>
   <div class='ocr_carea' id='block_1_87' title="bbox 1026 1508 1817 1545">
    <p class='ocr_par' dir='ltr' id='par_1_87' title="bbox 1026 1508 1817 1545">
     <span class='ocr_line' id='line_1_87' title="bbox 1026 1508 1817 1545; baseline -0.001 -8"><span class='ocrx_word' id='word_1_657' title='bbox 1026 1510 1079 1537; x_wconf 87' lang='grc' dir='ltr'>νῶν</span> <span class='ocrx_word' id='word_1_658' title='bbox 1090 1510 1264 1545; x_wconf 84' lang='grc' dir='ltr'>εἰσκεκόμικε</span> <span class='ocrx_word' id='word_1_659' title='bbox 1282 1509 1431 1545; x_wconf 80' lang='grc' dir='ltr'>βασιλείαν.</span> <span class='ocrx_word' id='word_1_660' title='bbox 1449 1510 1510 1536; x_wconf 89' lang='grc' dir='ltr'><strong>Ὅτι</strong></span> <span class='ocrx_word' id='word_1_661' title='bbox 1525 1510 1574 1545; x_wconf 73' lang='grc' dir='ltr'>μὲν</span> <span class='ocrx_word' id='word_1_662' title='bbox 1583 1508 1630 1537; x_wconf 81' lang='grc' dir='ltr'>οὖν</span> <span class='ocrx_word' id='word_1_663' title='bbox 1643 1509 1739 1544; x_wconf 81' lang='grc' dir='ltr'>γέγονε</span> <span class='ocrx_word' id='word_1_664' title='bbox 1754 1508 1817 1536; x_wconf 72' lang='grc' dir='ltr'>καθ’</span> 
     </span>
    </p>
   </div>
   <div class='ocr_carea' id='block_1_88' title="bbox 1025 1552 1815 1591">
    <p class='ocr_par' dir='ltr' id='par_1_88' title="bbox 1025 1552 1815 1591">
     <span class='ocr_line' id='line_1_88' title="bbox 1025 1552 1815 1591; baseline -0.001 -9"><span class='ocrx_word' id='word_1_665' title='bbox 1025 1556 1100 1591; x_wconf 85' lang='grc' dir='ltr'>ἡμᾶς</span> <span class='ocrx_word' id='word_1_666' title='bbox 1110 1574 1118 1587; x_wconf 92' lang='grc'><strong>,</strong></span> <span class='ocrx_word' id='word_1_667' title='bbox 1134 1555 1301 1590; x_wconf 83' lang='grc' dir='ltr'>ἀποχρήσειν</span> <span class='ocrx_word' id='word_1_668' title='bbox 1323 1552 1400 1590; x_wconf 79' lang='grc' dir='ltr'>οἶμαι</span> <span class='ocrx_word' id='word_1_669' title='bbox 1420 1554 1535 1589; x_wconf 84' lang='grc' dir='ltr'>λέγοντα</span> <span class='ocrx_word' id='word_1_670' title='bbox 1547 1555 1592 1581; x_wconf 82' lang='grc' dir='ltr'>τὸν</span> <span class='ocrx_word' id='word_1_671' title='bbox 1613 1554 1758 1582; x_wconf 85' lang='grc' dir='ltr'>θεσπέσιον</span> <span class='ocrx_word' id='word_1_672' title='bbox 1770 1555 1815 1582; x_wconf 65' lang='lat'><strong>£6-</strong></span> 
     </span>
    </p>
   </div>
   <div class='ocr_carea' id='block_1_89' title="bbox 1025 1600 1814 1637">
    <p class='ocr_par' dir='ltr' id='par_1_89' title="bbox 1025 1600 1814 1637">
     <span class='ocr_line' id='line_1_89' title="bbox 1025 1600 1814 1637; baseline 0 -10"><span class='ocrx_word' id='word_1_673' title='bbox 1025 1601 1201 1636; x_wconf 84' lang='grc' dir='ltr'>αγγελιστὴν,</span> <span class='ocrx_word' id='word_1_674' title='bbox 1218 1610 1227 1627; x_wconf 77' lang='grc' dir='ltr'><strong>ι</strong></span> <span class='ocrx_word' id='word_1_675' title='bbox 1247 1601 1303 1628; x_wconf 79' lang='grc' dir='ltr'><strong>Καὶ</strong></span> <span class='ocrx_word' id='word_1_676' title='bbox 1320 1601 1335 1627; x_wconf 82' lang='grc' dir='ltr'>ὁ</span> <span class='ocrx_word' id='word_1_677' title='bbox 1352 1600 1439 1635; x_wconf 89' lang='grc' dir='ltr'>Λόγος</span> <span class='ocrx_word' id='word_1_678' title='bbox 1454 1600 1523 1636; x_wconf 77' lang='grc' dir='ltr'>σὰρξ</span> <span class='ocrx_word' id='word_1_679' title='bbox 1541 1600 1659 1635; x_wconf 77' lang='grc' dir='ltr'>ἐγένετο,</span> <span class='ocrx_word' id='word_1_680' title='bbox 1672 1601 1719 1628; x_wconf 83' lang='grc' dir='ltr'>καὶ</span> <span class='ocrx_word' id='word_1_681' title='bbox 1731 1601 1814 1637; x_wconf 74' lang='grc' dir='ltr'>ἐσκή-</span> 
     </span>
    </p>
   </div>
   <div class='ocr_carea' id='block_1_90' title="bbox 1024 1646 1816 1682">
    <p class='ocr_par' dir='ltr' id='par_1_90' title="bbox 1024 1646 1816 1682">
     <span class='ocr_line' id='line_1_90' title="bbox 1024 1646 1816 1682; baseline -0.001 -8"><span class='ocrx_word' id='word_1_682' title='bbox 1024 1656 1110 1674; x_wconf 90' lang='grc' dir='ltr'>νωσεν</span> <span class='ocrx_word' id='word_1_683' title='bbox 1130 1647 1160 1673; x_wconf 82' lang='grc' dir='ltr'>ὲν</span> <span class='ocrx_word' id='word_1_684' title='bbox 1178 1647 1255 1682; x_wconf 82' lang='grc' dir='ltr'>ἡμῖν.</span> <span class='ocrx_word' id='word_1_685' title='bbox 1278 1656 1287 1672; x_wconf 75' lang='grc' dir='ltr'><strong>ι</strong></span> <span class='ocrx_word' id='word_1_686' title='bbox 1310 1647 1372 1673; x_wconf 84' lang='grc' dir='ltr'>’Ότι</span> <span class='ocrx_word' id='word_1_687' title='bbox 1399 1646 1427 1673; x_wconf 84' lang='grc' dir='ltr'>δὲ</span> <span class='ocrx_word' id='word_1_688' title='bbox 1442 1647 1585 1682; x_wconf 86' lang='grc' dir='ltr'>κέχρισται</span> <span class='ocrx_word' id='word_1_689' title='bbox 1610 1647 1658 1674; x_wconf 73' lang='grc' dir='ltr'>καὶ</span> <span class='ocrx_word' id='word_1_690' title='bbox 1679 1647 1720 1678; x_wconf 84' lang='grc' dir='ltr'><strong>είς</strong></span> <span class='ocrx_word' id='word_1_691' title='bbox 1738 1646 1816 1682; x_wconf 69' lang='grc' dir='ltr'>ἱερέα</span> 
     </span>
    </p>
   </div>
   <div class='ocr_carea' id='block_1_91' title="bbox 1024 1691 1815 1728">
    <p class='ocr_par' dir='ltr' id='par_1_91' title="bbox 1024 1691 1815 1728">
     <span class='ocr_line' id='line_1_91' title="bbox 1024 1691 1815 1728; baseline 0 -10"><span class='ocrx_word' id='word_1_692' title='bbox 1024 1692 1071 1719; x_wconf 70' lang='lat' dir='ltr'><strong>xui.</strong></span> <span class='ocrx_word' id='word_1_693' title='bbox 1091 1691 1255 1724; x_wconf 78' lang='grc' dir='ltr'>ἀπόστολον,</span> <span class='ocrx_word' id='word_1_694' title='bbox 1279 1692 1301 1728; x_wconf 26' lang='grc' dir='ltr'><strong>ἡ,</strong></span> <span class='ocrx_word' id='word_1_695' title='bbox 1321 1691 1368 1718; x_wconf 86' lang='grc' dir='ltr'><strong>τοῦ</strong></span> <span class='ocrx_word' id='word_1_696' title='bbox 1393 1691 1497 1728; x_wconf 81' lang='grc' dir='ltr'>Ἀαρὼν</span> <span class='ocrx_word' id='word_1_697' title='bbox 1527 1692 1665 1726; x_wconf 77' lang='grc' dir='ltr'>ἀνάδειξις</span> <span class='ocrx_word' id='word_1_698' title='bbox 1688 1692 1815 1728; x_wconf 80' lang='grc' dir='ltr'>ὑπεμφή-</span> 
     </span>
    </p>
   </div>
   <div class='ocr_carea' id='block_1_92' title="bbox 1024 1738 1815 1778">
    <p class='ocr_par' dir='ltr' id='par_1_92' title="bbox 1024 1738 1815 1778">
     <span class='ocr_line' id='line_1_92' title="bbox 1024 1738 1815 1778; baseline 0.001 -14"><span class='ocrx_word' id='word_1_699' title='bbox 1024 1747 1094 1766; x_wconf 83' lang='grc' dir='ltr'>νειεν</span> <span class='ocrx_word' id='word_1_700' title='bbox 1132 1738 1165 1765; x_wconf 79' lang='grc' dir='ltr'>ἂν</span> <span class='ocrx_word' id='word_1_701' title='bbox 1208 1738 1255 1765; x_wconf 75' lang='grc' dir='ltr'>καὶ</span> <span class='ocrx_word' id='word_1_702' title='bbox 1293 1738 1367 1772; x_wconf 82' lang='grc' dir='ltr'>μάλα</span> <span class='ocrx_word' id='word_1_703' title='bbox 1405 1738 1510 1773; x_wconf 82' lang='grc' dir='ltr'>σαφῶς.</span> <span class='ocrx_word' id='word_1_704' title='bbox 1552 1738 1719 1778; x_wconf 83' lang='grc' dir='ltr'>Κατεχρίετο</span> <span class='ocrx_word' id='word_1_705' title='bbox 1760 1738 1815 1775; x_wconf 80' lang='grc' dir='ltr'><strong>γὰρ</strong></span> 
     </span>
    </p>
   </div>
   <div class='ocr_carea' id='block_1_93' title="bbox 1023 1782 1816 1820">
    <p class='ocr_par' dir='ltr' id='par_1_93' title="bbox 1023 1782 1816 1820">
     <span class='ocr_line' id='line_1_93' title="bbox 1023 1782 1816 1820; baseline 0.001 -10"><span class='ocrx_word' id='word_1_706' title='bbox 1023 1783 1106 1819; x_wconf 77' lang='grc' dir='ltr'>ἐλαίῳ</span> <span class='ocrx_word' id='word_1_707' title='bbox 1136 1782 1175 1818; x_wconf 86' lang='grc' dir='ltr'>τῷ</span> <span class='ocrx_word' id='word_1_708' title='bbox 1203 1784 1382 1819; x_wconf 86' lang='grc' dir='ltr'>ἡγιασμένῳ,</span> <span class='ocrx_word' id='word_1_709' title='bbox 1409 1783 1457 1810; x_wconf 76' lang='grc' dir='ltr'>καὶ</span> <span class='ocrx_word' id='word_1_710' title='bbox 1481 1785 1521 1816; x_wconf 82' lang='grc' dir='ltr'><strong>εἰς</strong></span> <span class='ocrx_word' id='word_1_711' title='bbox 1549 1784 1670 1820; x_wconf 80' lang='grc' dir='ltr'>ἄρχοντα</span> <span class='ocrx_word' id='word_1_712' title='bbox 1696 1783 1816 1811; x_wconf 76' lang='grc' dir='ltr'>τέθειται</span> 
     </span>
    </p>
   </div>
   <div class='ocr_carea' id='block_1_94' title="bbox 1024 1825 1816 1865">
    <p class='ocr_par' dir='ltr' id='par_1_94' title="bbox 1024 1825 1816 1865">
     <span class='ocr_line' id='line_1_94' title="bbox 1024 1825 1816 1865; baseline 0 -9"><span class='ocrx_word' id='word_1_713' title='bbox 1024 1830 1071 1857; x_wconf 77' lang='grc' dir='ltr'>καὶ</span> <span class='ocrx_word' id='word_1_714' title='bbox 1086 1829 1235 1865; x_wconf 86' lang='grc' dir='ltr'>ἡγούμενον</span> <span class='ocrx_word' id='word_1_715' title='bbox 1251 1829 1347 1865; x_wconf 79' lang='grc' dir='ltr'>ἱερέων</span> <span class='ocrx_word' id='word_1_716' title='bbox 1362 1830 1410 1856; x_wconf 77' lang='grc' dir='ltr'>καὶ</span> <span class='ocrx_word' id='word_1_717' title='bbox 1429 1829 1507 1863; x_wconf 81' lang='grc' dir='ltr'>λαοῦ,</span> <span class='ocrx_word' id='word_1_718' title='bbox 1523 1830 1570 1856; x_wconf 75' lang='grc' dir='ltr'>καὶ</span> <span class='ocrx_word' id='word_1_719' title='bbox 1591 1829 1645 1865; x_wconf 82' lang='grc' dir='ltr'>μὴν</span> <span class='ocrx_word' id='word_1_720' title='bbox 1667 1830 1714 1857; x_wconf 77' lang='grc' dir='ltr'>καὶ</span> <span class='ocrx_word' id='word_1_721' title='bbox 1729 1825 1816 1865; x_wconf 85' lang='grc' dir='ltr'>μετώ-</span> 
     </span>
    </p>
   </div>
   <div class='ocr_carea' id='block_1_95' title="bbox 1024 1873 1816 1910">
    <p class='ocr_par' dir='ltr' id='par_1_95' title="bbox 1024 1873 1816 1910">
     <span class='ocr_line' id='line_1_95' title="bbox 1024 1873 1816 1910; baseline 0.001 -10"><span class='ocrx_word' id='word_1_722' title='bbox 1024 1882 1085 1906; x_wconf 87' lang='grc' dir='ltr'>ποις</span> <span class='ocrx_word' id='word_1_723' title='bbox 1099 1873 1195 1910; x_wconf 76' lang='grc' dir='ltr'>ἄκροις</span> <span class='ocrx_word' id='word_1_724' title='bbox 1215 1873 1245 1900; x_wconf 81' lang='grc' dir='ltr'><strong>τδ</strong></span> <span class='ocrx_word' id='word_1_725' title='bbox 1261 1874 1369 1910; x_wconf 77' lang='grc' dir='ltr'>ψέλλιον</span> <span class='ocrx_word' id='word_1_726' title='bbox 1386 1874 1494 1909; x_wconf 78' lang='grc' dir='ltr'>ἐδέχετο</span> <span class='ocrx_word' id='word_1_727' title='bbox 1509 1874 1539 1901; x_wconf 84' lang='grc' dir='ltr'><strong>τδ</strong></span> <span class='ocrx_word' id='word_1_728' title='bbox 1555 1875 1683 1909; x_wconf 85' lang='grc' dir='ltr'>χρυσοῦν,</span> <span class='ocrx_word' id='word_1_729' title='bbox 1705 1875 1764 1910; x_wconf 73' lang='grc' dir='ltr'>ἦτοι</span> <span class='ocrx_word' id='word_1_730' title='bbox 1785 1875 1816 1901; x_wconf 85' lang='grc' dir='ltr'>τὸ</span> 
     </span>
    </p>
   </div>
   <div class='ocr_carea' id='block_1_96' title="bbox 1024 1918 1815 1955">
    <p class='ocr_par' dir='ltr' id='par_1_96' title="bbox 1024 1918 1815 1955">
     <span class='ocr_line' id='line_1_96' title="bbox 1024 1918 1815 1955; baseline 0.001 -10"><span class='ocrx_word' id='word_1_731' title='bbox 1024 1919 1149 1952; x_wconf 77' lang='grc' dir='ltr'>πέταλον,</span> <span class='ocrx_word' id='word_1_732' title='bbox 1161 1919 1270 1955; x_wconf 76' lang='grc' dir='ltr'>γραφὴν</span> <span class='ocrx_word' id='word_1_733' title='bbox 1282 1919 1343 1954; x_wconf 73' lang='grc' dir='ltr'>ἔχον</span> <span class='ocrx_word' id='word_1_734' title='bbox 1357 1919 1388 1946; x_wconf 82' lang='grc' dir='ltr'><strong>τὺ</strong></span> <span class='ocrx_word' id='word_1_735' title='bbox 1402 1920 1487 1955; x_wconf 66' lang='grc' dir='ltr'>ὄνομα</span> <span class='ocrx_word' id='word_1_736' title='bbox 1500 1920 1614 1955; x_wconf 82' lang='grc' dir='ltr'>Κυρίου.</span> <span class='ocrx_word' id='word_1_737' title='bbox 1633 1920 1721 1946; x_wconf 86' lang='grc' dir='ltr'>Τοῦτο</span> <span class='ocrx_word' id='word_1_738' title='bbox 1733 1920 1761 1946; x_wconf 81' lang='grc' dir='ltr'>δὲ</span> <span class='ocrx_word' id='word_1_739' title='bbox 1780 1918 1815 1955; x_wconf 75' lang='grc' dir='ltr'>ἦν</span> 
     </span>
    </p>
   </div>
   <div class='ocr_carea' id='block_1_97' title="bbox 1024 1965 1814 2002">
    <p class='ocr_par' dir='ltr' id='par_1_97' title="bbox 1024 1965 1814 2002">
     <span class='ocr_line' id='line_1_97' title="bbox 1024 1965 1814 2002; baseline 0 -11"><span class='ocrx_word' id='word_1_740' title='bbox 1024 1965 1139 2001; x_wconf 81' lang='grc' dir='ltr'>ἐναργὲς</span> <span class='ocrx_word' id='word_1_741' title='bbox 1152 1965 1202 2000; x_wconf 81' lang='grc' dir='ltr'><strong>τῆς</strong></span> <span class='ocrx_word' id='word_1_742' title='bbox 1218 1965 1266 1992; x_wconf 85' lang='grc' dir='ltr'><strong>τοῦ</strong></span> <span class='ocrx_word' id='word_1_743' title='bbox 1281 1965 1407 2002; x_wconf 85' lang='grc' dir='ltr'>Σωτῆρος</span> <span class='ocrx_word' id='word_1_744' title='bbox 1426 1965 1504 2001; x_wconf 83' lang='grc' dir='ltr'>ήμῶν</span> <span class='ocrx_word' id='word_1_745' title='bbox 1520 1965 1653 2001; x_wconf 80' lang='grc' dir='ltr'>βασιλέως</span> <span class='ocrx_word' id='word_1_746' title='bbox 1671 1965 1814 2001; x_wconf 75' lang='grc' dir='ltr'>σύμὸολον,</span> 
     </span>
    </p>
   </div>
   <div class='ocr_carea' id='block_1_98' title="bbox 1023 2010 1815 2047">
    <p class='ocr_par' dir='ltr' id='par_1_98' title="bbox 1023 2010 1815 2047">
     <span class='ocr_line' id='line_1_98' title="bbox 1023 2010 1815 2047; baseline 0 -9"><span class='ocrx_word' id='word_1_747' title='bbox 1023 2011 1072 2038; x_wconf 67' lang='grc' dir='ltr'>καὶ</span> <span class='ocrx_word' id='word_1_748' title='bbox 1085 2011 1165 2038; x_wconf 75' lang='grc' dir='ltr'>οἱονεὶ</span> <span class='ocrx_word' id='word_1_749' title='bbox 1176 2010 1295 2047; x_wconf 85' lang='grc' dir='ltr'>διάδημα</span> <span class='ocrx_word' id='word_1_750' title='bbox 1308 2011 1435 2047; x_wconf 80' lang='grc' dir='ltr'>λαμπρὸν</span> <span class='ocrx_word' id='word_1_751' title='bbox 1452 2012 1499 2039; x_wconf 72' lang='grc' dir='ltr'>καὶ</span> <span class='ocrx_word' id='word_1_752' title='bbox 1520 2012 1677 2047; x_wconf 84' lang='grc' dir='ltr'>περίοπτον.</span> <span class='ocrx_word' id='word_1_753' title='bbox 1702 2012 1764 2040; x_wconf 85' lang='grc' dir='ltr'>Ὅτι</span> <span class='ocrx_word' id='word_1_754' title='bbox 1787 2012 1815 2038; x_wconf 77' lang='grc' dir='ltr'>δὲ</span> 
     </span>
    </p>
   </div>
   <div class='ocr_carea' id='block_1_99' title="bbox 1023 2056 1815 2094">
    <p class='ocr_par' dir='ltr' id='par_1_99' title="bbox 1023 2056 1815 2094">
     <span class='ocr_line' id='line_1_99' title="bbox 1023 2056 1815 2094; baseline 0 -10"><span class='ocrx_word' id='word_1_755' title='bbox 1023 2057 1143 2093; x_wconf 85' lang='grc' dir='ltr'>ἀμείνων</span> <span class='ocrx_word' id='word_1_756' title='bbox 1151 2057 1202 2093; x_wconf 86' lang='grc' dir='ltr'>τῆς</span> <span class='ocrx_word' id='word_1_757' title='bbox 1215 2058 1332 2093; x_wconf 81' lang='grc' dir='ltr'>νομικῆς</span> <span class='ocrx_word' id='word_1_758' title='bbox 1342 2057 1471 2094; x_wconf 80' lang='grc' dir='ltr'>λατρείας</span> <span class='ocrx_word' id='word_1_759' title='bbox 1480 2058 1497 2093; x_wconf 83' lang='grc' dir='ltr'><strong>ή</strong></span> <span class='ocrx_word' id='word_1_760' title='bbox 1510 2057 1553 2084; x_wconf 78' lang='grc' dir='ltr'><strong>διὰ</strong></span> <span class='ocrx_word' id='word_1_761' title='bbox 1568 2056 1698 2092; x_wconf 83' lang='grc' dir='ltr'>Χριστοῦ,</span> <span class='ocrx_word' id='word_1_762' title='bbox 1712 2058 1815 2085; x_wconf 84' lang='grc' dir='ltr'>κατίδοι</span> 
     </span>
    </p>
   </div>
   <div class='ocr_carea' id='block_1_100' title="bbox 1023 2104 1826 2141">
    <p class='ocr_par' dir='ltr' id='par_1_100' title="bbox 1023 2104 1826 2141">
     <span class='ocr_line' id='line_1_100' title="bbox 1023 2104 1826 2141; baseline 0.001 -10"><span class='ocrx_word' id='word_1_763' title='bbox 1023 2113 1065 2136; x_wconf 89' lang='grc' dir='ltr'><strong>τις</strong></span> <span class='ocrx_word' id='word_1_764' title='bbox 1085 2104 1118 2131; x_wconf 78' lang='grc' dir='ltr'><strong>ἃν</strong></span> <span class='ocrx_word' id='word_1_765' title='bbox 1139 2105 1178 2137; x_wconf 87' lang='grc' dir='ltr'>ὡς</span> <span class='ocrx_word' id='word_1_766' title='bbox 1200 2106 1228 2131; x_wconf 79' lang='grc' dir='ltr'>ὲν</span> <span class='ocrx_word' id='word_1_767' title='bbox 1259 2104 1382 2141; x_wconf 85' lang='grc' dir='ltr'>Ἀαρὼν,</span> <span class='ocrx_word' id='word_1_768' title='bbox 1408 2104 1534 2141; x_wconf 84' lang='grc' dir='ltr'>καθάπερ</span> <span class='ocrx_word' id='word_1_769' title='bbox 1554 2105 1651 2141; x_wconf 87' lang='grc' dir='ltr'>ἀμέλει</span> <span class='ocrx_word' id='word_1_770' title='bbox 1672 2105 1717 2132; x_wconf 79' lang='grc' dir='ltr'><strong>καὶ</strong></span> <span class='ocrx_word' id='word_1_771' title='bbox 1733 2106 1761 2132; x_wconf 82' lang='grc' dir='ltr'>ὲν</span> <span class='ocrx_word' id='word_1_772' title='bbox 1776 2104 1826 2140; x_wconf 83' lang='grc' dir='ltr'><strong>τῷ·</strong></span> 
     </span>
    </p>
   </div>
   <div class='ocr_carea' id='block_1_101' title="bbox 1023 2150 1815 2186">
    <p class='ocr_par' dir='ltr' id='par_1_101' title="bbox 1023 2150 1815 2186">
     <span class='ocr_line' id='line_1_101' title="bbox 1023 2150 1815 2186; baseline 0 -9"><span class='ocrx_word' id='word_1_773' title='bbox 1023 2150 1199 2185; x_wconf 80' lang='grc' dir='ltr'>Μελχισεδέκ.</span> <span class='ocrx_word' id='word_1_774' title='bbox 1223 2150 1344 2182; x_wconf 85' lang='grc' dir='ltr'>Δεκάτας</span> <span class='ocrx_word' id='word_1_775' title='bbox 1360 2151 1409 2186; x_wconf 83' lang='grc' dir='ltr'>μὲν</span> <span class='ocrx_word' id='word_1_776' title='bbox 1428 2150 1483 2186; x_wconf 87' lang='grc' dir='ltr'><strong>γὰρ</strong></span> <span class='ocrx_word' id='word_1_777' title='bbox 1501 2152 1525 2178; x_wconf 81' lang='lat' dir='ltr'><strong>oi</strong></span> <span class='ocrx_word' id='word_1_778' title='bbox 1539 2151 1650 2178; x_wconf 80' lang='grc' dir='ltr'>Λευῖται</span> <span class='ocrx_word' id='word_1_779' title='bbox 1666 2151 1740 2186; x_wconf 83' lang='grc' dir='ltr'>παρὰ</span> <span class='ocrx_word' id='word_1_780' title='bbox 1761 2151 1815 2177; x_wconf 83' lang='grc' dir='ltr'>τῶν</span> 
     </span>
    </p>
   </div>
   <div class='ocr_carea' id='block_1_102' title="bbox 1024 2196 1814 2233">
    <p class='ocr_par' dir='ltr' id='par_1_102' title="bbox 1024 2196 1814 2233">
     <span class='ocr_line' id='line_1_102' title="bbox 1024 2196 1814 2233; baseline -0.001 -10"><span class='ocrx_word' id='word_1_781' title='bbox 1024 2197 1089 2223; x_wconf 81' lang='grc' dir='ltr'>υἱῶν</span> <span class='ocrx_word' id='word_1_782' title='bbox 1106 2196 1214 2232; x_wconf 83' lang='grc' dir='ltr'>Ἰσραὴλ</span> <span class='ocrx_word' id='word_1_783' title='bbox 1235 2196 1305 2223; x_wconf 85' lang='grc' dir='ltr'>κατὰ</span> <span class='ocrx_word' id='word_1_784' title='bbox 1324 2196 1423 2232; x_wconf 81' lang='grc' dir='ltr'>νόμους</span> <span class='ocrx_word' id='word_1_785' title='bbox 1439 2196 1570 2232; x_wconf 79' lang='grc' dir='ltr'>ἐδέχοντο.</span> <span class='ocrx_word' id='word_1_786' title='bbox 1591 2197 1665 2233; x_wconf 84' lang='grc' dir='ltr'>Πλὴν</span> <span class='ocrx_word' id='word_1_787' title='bbox 1689 2197 1814 2223; x_wconf 74' lang='grc' dir='ltr'>ἐκέλευσε</span> 
     </span>
    </p>
   </div>
   <div class='ocr_carea' id='block_1_103' title="bbox 1024 2242 1816 2278">
    <p class='ocr_par' dir='ltr' id='par_1_103' title="bbox 1024 2242 1816 2278">
     <span class='ocr_line' id='line_1_103' title="bbox 1024 2242 1816 2278; baseline 0 -10"><span class='ocrx_word' id='word_1_788' title='bbox 1024 2242 1090 2274; x_wconf 81' lang='grc' dir='ltr'>Θεὸς</span> <span class='ocrx_word' id='word_1_789' title='bbox 1104 2243 1136 2268; x_wconf 84' lang='grc' dir='ltr'>ὲκ</span> <span class='ocrx_word' id='word_1_790' title='bbox 1147 2242 1195 2277; x_wconf 82' lang='grc' dir='ltr'>τῆς</span> <span class='ocrx_word' id='word_1_791' title='bbox 1209 2242 1263 2269; x_wconf 87' lang='grc' dir='ltr'>τῶν</span> <span class='ocrx_word' id='word_1_792' title='bbox 1276 2242 1396 2268; x_wconf 84' lang='grc' dir='ltr'>Λευῖτῶν</span> <span class='ocrx_word' id='word_1_793' title='bbox 1411 2242 1527 2278; x_wconf 81' lang='grc' dir='ltr'>δεκάτης</span> <span class='ocrx_word' id='word_1_794' title='bbox 1539 2242 1722 2278; x_wconf 85' lang='grc' dir='ltr'>ἀπονέμεσθαι</span> <span class='ocrx_word' id='word_1_795' title='bbox 1735 2242 1816 2268; x_wconf 77' lang='grc' dir='ltr'>δεκά-</span> 
     </span>
    </p>
   </div>
   <div class='ocr_carea' id='block_1_104' title="bbox 1025 2287 1815 2324">
    <p class='ocr_par' dir='ltr' id='par_1_104' title="bbox 1025 2287 1815 2324">
     <span class='ocr_line' id='line_1_104' title="bbox 1025 2287 1815 2324; baseline -0.001 -9"><span class='ocrx_word' id='word_1_796' title='bbox 1025 2297 1074 2323; x_wconf 79' lang='grc' dir='ltr'><strong>την</strong></span> <span class='ocrx_word' id='word_1_797' title='bbox 1091 2288 1129 2320; x_wconf 87' lang='grc' dir='ltr'>ὡς</span> <span class='ocrx_word' id='word_1_798' title='bbox 1146 2287 1289 2323; x_wconf 78' lang='grc' dir='ltr'>ἡγουμένῳ</span> <span class='ocrx_word' id='word_1_799' title='bbox 1305 2287 1345 2323; x_wconf 84' lang='grc' dir='ltr'>τῷ</span> <span class='ocrx_word' id='word_1_800' title='bbox 1359 2287 1476 2324; x_wconf 85' lang='grc' dir='ltr'>Ἀαρὼν,</span> <span class='ocrx_word' id='word_1_801' title='bbox 1492 2289 1563 2315; x_wconf 86' lang='grc' dir='ltr'>κατά</span> <span class='ocrx_word' id='word_1_802' title='bbox 1577 2297 1607 2314; x_wconf 92' lang='grc' dir='ltr'><strong>τε</strong></span> <span class='ocrx_word' id='word_1_803' title='bbox 1623 2288 1669 2315; x_wconf 80' lang='grc' dir='ltr'><strong>τὸν</strong></span> <span class='ocrx_word' id='word_1_804' title='bbox 1690 2287 1736 2314; x_wconf 83' lang='grc' dir='ltr'><strong>τοῦ</strong></span> <span class='ocrx_word' id='word_1_805' title='bbox 1759 2288 1815 2314; x_wconf 75' lang='grc' dir='ltr'>δεῖν</span> 
     </span>
    </p>
   </div>
   <div class='ocr_carea' id='block_1_105' title="bbox 1025 2333 1814 2369">
    <p class='ocr_par' dir='ltr' id='par_1_105' title="bbox 1025 2333 1814 2369">
     <span class='ocr_line' id='line_1_105' title="bbox 1025 2333 1814 2369; baseline 0.003 -10"><span class='ocrx_word' id='word_1_806' title='bbox 1025 2334 1149 2369; x_wconf 71' lang='grc' dir='ltr'>ἱερᾶσθαι</span> <span class='ocrx_word' id='word_1_807' title='bbox 1161 2335 1261 2369; x_wconf 81' lang='grc' dir='ltr'>τρόπον</span> <span class='ocrx_word' id='word_1_808' title='bbox 1280 2334 1341 2365; x_wconf 83' lang='grc' dir='ltr'>ταῖς</span> <span class='ocrx_word' id='word_1_809' title='bbox 1358 2333 1488 2360; x_wconf 84' lang='grc' dir='ltr'>ἀνωτάτω</span> <span class='ocrx_word' id='word_1_810' title='bbox 1513 2334 1634 2369; x_wconf 86' lang='grc' dir='ltr'>κομῶντι</span> <span class='ocrx_word' id='word_1_811' title='bbox 1651 2334 1688 2369; x_wconf 82' lang='grc'><strong>(1)</strong></span> <span class='ocrx_word' id='word_1_812' title='bbox 1708 2335 1814 2369; x_wconf 83' lang='grc' dir='ltr'>τιμαῖς.</span> 
     </span>
    </p>
   </div>
   <div class='ocr_carea' id='block_1_106' title="bbox 1024 2377 1814 2416">
    <p class='ocr_par' dir='ltr' id='par_1_106' title="bbox 1024 2377 1814 2416">
     <span class='ocr_line' id='line_1_106' title="bbox 1024 2377 1814 2416; baseline 0.001 -10"><span class='ocrx_word' id='word_1_813' title='bbox 1024 2379 1106 2412; x_wconf 87' lang='grc' dir='ltr'>Σύνες</span> <span class='ocrx_word' id='word_1_814' title='bbox 1120 2377 1166 2406; x_wconf 81' lang='grc' dir='ltr'>οὖν</span> <span class='ocrx_word' id='word_1_815' title='bbox 1178 2380 1251 2412; x_wconf 77' lang='grc' dir='ltr'>ὅπως</span> <span class='ocrx_word' id='word_1_816' title='bbox 1265 2380 1312 2406; x_wconf 82' lang='grc' dir='ltr'>καὶ</span> <span class='ocrx_word' id='word_1_817' title='bbox 1328 2381 1356 2406; x_wconf 79' lang='grc' dir='ltr'>ἐν</span> <span class='ocrx_word' id='word_1_818' title='bbox 1373 2379 1509 2415; x_wconf 85' lang='grc' dir='ltr'>προσώπῳ</span> <span class='ocrx_word' id='word_1_819' title='bbox 1523 2380 1571 2406; x_wconf 80' lang='grc' dir='ltr'><strong>τοῦ</strong></span> <span class='ocrx_word' id='word_1_820' title='bbox 1591 2380 1696 2416; x_wconf 82' lang='grc' dir='ltr'>Ἀαρὼν</span> <span class='ocrx_word' id='word_1_821' title='bbox 1711 2381 1725 2407; x_wconf 87' lang='grc' dir='ltr'>ὀ</span> <span class='ocrx_word' id='word_1_822' title='bbox 1736 2380 1814 2407; x_wconf 82' lang='grc' dir='ltr'>δεκά-</span> 
     </span>
    </p>
   </div>
   <div class='ocr_carea' id='block_1_107' title="bbox 1023 2426 1815 2462">
    <p class='ocr_par' dir='ltr' id='par_1_107' title="bbox 1023 2426 1815 2462">
     <span class='ocr_line' id='line_1_107' title="bbox 1023 2426 1815 2462; baseline -0.003 -8"><span class='ocrx_word' id='word_1_823' title='bbox 1023 2435 1073 2459; x_wconf 85' lang='grc' dir='ltr'><strong>τας</strong></span> <span class='ocrx_word' id='word_1_824' title='bbox 1086 2426 1242 2462; x_wconf 77' lang='grc' dir='ltr'>λαμὸάνων,</span> <span class='ocrx_word' id='word_1_825' title='bbox 1259 2426 1323 2453; x_wconf 73' lang='grc' dir='ltr'>Λευϊ</span> <span class='ocrx_word' id='word_1_826' title='bbox 1334 2426 1522 2453; x_wconf 83' lang='grc' dir='ltr'>δεδεκάτωται.</span> <span class='ocrx_word' id='word_1_827' title='bbox 1541 2427 1666 2454; x_wconf 82' lang='grc' dir='ltr'>Τέθειται</span> <span class='ocrx_word' id='word_1_828' title='bbox 1682 2427 1736 2462; x_wconf 76' lang='grc' dir='ltr'><strong>γὰρ</strong></span> <span class='ocrx_word' id='word_1_829' title='bbox 1755 2427 1815 2452; x_wconf 82' lang='grc' dir='ltr'><strong>Ἀα-</strong></span> 
     </span>
    </p>
   </div>
   <div class='ocr_carea' id='block_1_108' title="bbox 1026 2473 1815 2508">
    <p class='ocr_par' dir='ltr' id='par_1_108' title="bbox 1026 2473 1815 2508">
     <span class='ocr_line' id='line_1_108' title="bbox 1026 2473 1815 2508; baseline 0.001 -9"><span class='ocrx_word' id='word_1_830' title='bbox 1026 2473 1080 2508; x_wconf 90' lang='grc' dir='ltr'><strong>ρὼν</strong></span> <span class='ocrx_word' id='word_1_831' title='bbox 1100 2474 1140 2504; x_wconf 82' lang='grc' dir='ltr'><strong>εἰς</strong></span> <span class='ocrx_word' id='word_1_832' title='bbox 1165 2473 1308 2508; x_wconf 87' lang='grc' dir='ltr'>πρόσωπον</span> <span class='ocrx_word' id='word_1_833' title='bbox 1330 2473 1376 2499; x_wconf 88' lang='grc' dir='ltr'><strong>τοῦ</strong></span> <span class='ocrx_word' id='word_1_834' title='bbox 1396 2473 1526 2508; x_wconf 86' lang='grc' dir='ltr'>Χριστοῦ.</span> <span class='ocrx_word' id='word_1_835' title='bbox 1552 2474 1608 2500; x_wconf 74' lang='grc' dir='ltr'>Καὶ</span> <span class='ocrx_word' id='word_1_836' title='bbox 1620 2473 1645 2499; x_wconf 81' lang='grc' dir='ltr'><strong>οι</strong></span> <span class='ocrx_word' id='word_1_837' title='bbox 1670 2474 1719 2508; x_wconf 79' lang='grc' dir='ltr'>μὲν</span> <span class='ocrx_word' id='word_1_838' title='bbox 1740 2473 1815 2500; x_wconf 82' lang='grc' dir='ltr'>ἄλλοι</span> 
     </span>
    </p>
   </div>
   <div class='ocr_carea' id='block_1_109' title="bbox 1025 2518 1814 2554">
    <p class='ocr_par' dir='ltr' id='par_1_109' title="bbox 1025 2518 1814 2554">
     <span class='ocr_line' id='line_1_109' title="bbox 1025 2518 1814 2554; baseline -0.001 -8"><span class='ocrx_word' id='word_1_839' title='bbox 1025 2520 1124 2551; x_wconf 75' lang='grc' dir='ltr'>πάντες</span> <span class='ocrx_word' id='word_1_840' title='bbox 1149 2518 1259 2546; x_wconf 72' lang='grc' dir='ltr'>Λευῖται</span> <span class='ocrx_word' id='word_1_841' title='bbox 1282 2519 1328 2546; x_wconf 76' lang='grc' dir='ltr'>καὶ</span> <span class='ocrx_word' id='word_1_842' title='bbox 1352 2520 1434 2554; x_wconf 79' lang='grc' dir='ltr'>ἱερεῖς</span> <span class='ocrx_word' id='word_1_843' title='bbox 1454 2518 1503 2550; x_wconf 82' lang='grc' dir='ltr'><strong>τὰς</strong></span> <span class='ocrx_word' id='word_1_844' title='bbox 1525 2519 1596 2546; x_wconf 80' lang='grc' dir='ltr'><strong>κατά</strong></span> <span class='ocrx_word' id='word_1_845' title='bbox 1614 2519 1694 2554; x_wconf 89' lang='grc' dir='ltr'>νόμον</span> <span class='ocrx_word' id='word_1_846' title='bbox 1719 2519 1814 2551; x_wconf 82' lang='grc' dir='ltr'>θυσίας</span> 
     </span>
    </p>
   </div>
   <div class='ocr_carea' id='block_1_110' title="bbox 1023 2564 1809 2600">
    <p class='ocr_par' dir='ltr' id='par_1_110' title="bbox 1023 2564 1809 2600">
     <span class='ocr_line' id='line_1_110' title="bbox 1023 2564 1809 2600; baseline 0 -9"><span class='ocrx_word' id='word_1_847' title='bbox 1023 2564 1142 2596; x_wconf 78' lang='grc' dir='ltr'>ἐτέλουν,</span> <span class='ocrx_word' id='word_1_848' title='bbox 1168 2565 1260 2591; x_wconf 80' lang='grc' dir='ltr'>στάσιν</span> <span class='ocrx_word' id='word_1_849' title='bbox 1287 2564 1394 2600; x_wconf 75' lang='grc' dir='ltr'>ἔχοντες</span> <span class='ocrx_word' id='word_1_850' title='bbox 1419 2565 1464 2591; x_wconf 79' lang='grc' dir='ltr'><strong>ἐπὶ</strong></span> <span class='ocrx_word' id='word_1_851' title='bbox 1487 2565 1536 2600; x_wconf 84' lang='grc' dir='ltr'>τὴν</span> <span class='ocrx_word' id='word_1_852' title='bbox 1563 2565 1674 2600; x_wconf 83' lang='grc' dir='ltr'>πρώτην</span> <span class='ocrx_word' id='word_1_853' title='bbox 1699 2566 1809 2599; x_wconf 81' lang='grc' dir='ltr'>σκηνήν.</span> 
     </span>
    </p>
   </div>
   <div class='ocr_carea' id='block_1_111' title="bbox 1023 2608 1814 2643">
    <p class='ocr_par' dir='ltr' id='par_1_111' title="bbox 1023 2608 1814 2643">
     <span class='ocr_line' id='line_1_111' title="bbox 1023 2608 1814 2643; baseline -0.003 -7"><span class='ocrx_word' id='word_1_854' title='bbox 1023 2610 1111 2641; x_wconf 82' lang='grc' dir='ltr'>Μόνος</span> <span class='ocrx_word' id='word_1_855' title='bbox 1121 2609 1149 2636; x_wconf 86' lang='grc' dir='ltr'>δὲ</span> <span class='ocrx_word' id='word_1_856' title='bbox 1161 2609 1207 2636; x_wconf 74' lang='grc' dir='ltr'><strong>καὶ</strong></span> <span class='ocrx_word' id='word_1_857' title='bbox 1221 2609 1253 2635; x_wconf 81' lang='grc' dir='ltr'>ἐκ</span> <span class='ocrx_word' id='word_1_858' title='bbox 1266 2609 1375 2636; x_wconf 83' lang='grc' dir='ltr'>πάντων</span> <span class='ocrx_word' id='word_1_859' title='bbox 1390 2610 1404 2635; x_wconf 85' lang='grc' dir='ltr'><strong>ό</strong></span> <span class='ocrx_word' id='word_1_860' title='bbox 1417 2609 1559 2640; x_wconf 79' lang='grc' dir='ltr'>θεσπέσιος</span> <span class='ocrx_word' id='word_1_861' title='bbox 1575 2618 1584 2634; x_wconf 72' lang='grc' dir='ltr'><strong>ι</strong></span> <span class='ocrx_word' id='word_1_862' title='bbox 1607 2608 1723 2643; x_wconf 77' lang='grc' dir='ltr'>’Λαρὼν,</span> <span class='ocrx_word' id='word_1_863' title='bbox 1741 2608 1814 2640; x_wconf 73' lang='grc' dir='ltr'>ἅπαξ</span> 
     </span>
    </p>
   </div>
   <div class='ocr_carea' id='block_1_112' title="bbox 1022 2654 1812 2691">
    <p class='ocr_par' dir='ltr' id='par_1_112' title="bbox 1022 2654 1812 2691">
     <span class='ocr_line' id='line_1_112' title="bbox 1022 2654 1812 2691; baseline -0.004 -8"><span class='ocrx_word' id='word_1_864' title='bbox 1022 2656 1069 2683; x_wconf 83' lang='grc' dir='ltr'><strong>τοῦ</strong></span> <span class='ocrx_word' id='word_1_865' title='bbox 1083 2655 1217 2687; x_wconf 71' lang='grc' dir='ltr'>ἐνιαυτοῦ,</span> <span class='ocrx_word' id='word_1_866' title='bbox 1234 2665 1243 2680; x_wconf 71' lang='grc' dir='ltr'><strong>ι</strong></span> <span class='ocrx_word' id='word_1_867' title='bbox 1260 2655 1330 2683; x_wconf 82' lang='grc' dir='ltr'>κατὰ</span> <span class='ocrx_word' id='word_1_868' title='bbox 1343 2655 1374 2682; x_wconf 83' lang='grc' dir='ltr'>τὸ</span> <span class='ocrx_word' id='word_1_869' title='bbox 1388 2655 1587 2691; x_wconf 85' lang='grc' dir='ltr'>γεγραμμένον,</span> <span class='ocrx_word' id='word_1_870' title='bbox 1602 2663 1611 2680; x_wconf 80' lang='grc' dir='ltr'><strong>ι</strong></span> <span class='ocrx_word' id='word_1_871' title='bbox 1628 2655 1668 2686; x_wconf 84' lang='grc' dir='ltr'><strong>είς</strong></span> <span class='ocrx_word' id='word_1_872' title='bbox 1680 2654 1713 2681; x_wconf 79' lang='grc' dir='ltr'>τὰ</span> <span class='ocrx_word' id='word_1_873' title='bbox 1729 2654 1812 2687; x_wconf 76' lang='grc' dir='ltr'>’Ἅγια</span> 
     </span>
    </p>
   </div>
   <div class='ocr_carea' id='block_1_113' title="bbox 1022 2700 1814 2738">
    <p class='ocr_par' dir='ltr' id='par_1_113' title="bbox 1022 2700 1814 2738">
     <span class='ocr_line' id='line_1_113' title="bbox 1022 2700 1814 2738; baseline -0.003 -8"><span class='ocrx_word' id='word_1_874' title='bbox 1022 2703 1076 2730; x_wconf 85' lang='grc' dir='ltr'>τῶν</span> <span class='ocrx_word' id='word_1_875' title='bbox 1094 2702 1179 2736; x_wconf 82' lang='grc' dir='ltr'>ἁγίων</span> <span class='ocrx_word' id='word_1_876' title='bbox 1194 2702 1289 2737; x_wconf 77' lang='grc' dir='ltr'>εἰσῄει,</span> <span class='ocrx_word' id='word_1_877' title='bbox 1309 2711 1318 2728; x_wconf 72' lang='grc' dir='ltr'><strong>ι</strong></span> <span class='ocrx_word' id='word_1_878' title='bbox 1336 2702 1383 2730; x_wconf 73' lang='grc' dir='ltr'><strong>καὶ</strong></span> <span class='ocrx_word' id='word_1_879' title='bbox 1395 2702 1424 2728; x_wconf 82' lang='grc' dir='ltr'>οὐ</span> <span class='ocrx_word' id='word_1_880' title='bbox 1440 2701 1522 2738; x_wconf 76' lang='grc' dir='ltr'>χωρὶς</span> <span class='ocrx_word' id='word_1_881' title='bbox 1538 2701 1663 2737; x_wconf 80' lang='grc' dir='ltr'>αἵματος,</span> <span class='ocrx_word' id='word_1_882' title='bbox 1683 2700 1753 2728; x_wconf 74' lang='grc' dir='ltr'>κατὰ</span> <span class='ocrx_word' id='word_1_883' title='bbox 1766 2701 1814 2728; x_wconf 72' lang='grc' dir='ltr'><strong>τὸν</strong></span> 
     </span>
    </p>
   </div>
   <div class='ocr_carea' id='block_1_114' title="bbox 516 2771 1292 2807">
    <p class='ocr_par' dir='ltr' id='par_1_114' title="bbox 516 2771 1292 2807">
     <span class='ocr_line' id='line_1_114' title="bbox 516 2771 1292 2807; baseline 0.003 -9"><span class='ocrx_word' id='word_1_884' title='bbox 516 2771 538 2786; x_wconf 79' lang='grc'><strong>⁷³</strong></span> <span class='ocrx_word' id='word_1_885' title='bbox 555 2771 631 2799; x_wconf 84' lang='lat' dir='ltr'><strong>Joan.</strong></span> <span class='ocrx_word' id='word_1_886' title='bbox 651 2780 668 2803; x_wconf 83' lang='grc' dir='ltr'><strong>ι,</strong></span> <span class='ocrx_word' id='word_1_887' title='bbox 689 2772 729 2799; x_wconf 76' lang='grc' dir='ltr'>Μ.</span> <span class='ocrx_word' id='word_1_888' title='bbox 769 2773 885 2801; x_wconf 73' lang='lat' dir='ltr'><strong>“Hebr.</strong></span> <span class='ocrx_word' id='word_1_889' title='bbox 915 2782 953 2807; x_wconf 87' lang='grc' dir='ltr'>ιιι,</span> <span class='ocrx_word' id='word_1_890' title='bbox 975 2774 986 2801; x_wconf 87' lang='lat' dir='ltr'><strong>i</strong></span> <span class='ocrx_word' id='word_1_891' title='bbox 1039 2775 1060 2791; x_wconf 86' lang='grc'>⁷⁰</span> <span class='ocrx_word' id='word_1_892' title='bbox 1073 2772 1157 2801; x_wconf 84' lang='lat' dir='ltr'><strong>Hebr.</strong></span> <span class='ocrx_word' id='word_1_893' title='bbox 1179 2780 1214 2807; x_wconf 79' lang='lat' dir='ltr'><strong>lx,</strong></span> <span class='ocrx_word' id='word_1_894' title='bbox 1228 2773 1254 2807; x_wconf 82' lang='lat'><strong>6,</strong></span> <span class='ocrx_word' id='word_1_895' title='bbox 1267 2773 1292 2804; x_wconf 87' lang='lat'><strong>&#39;1.</strong></span> 
     </span>
    </p>
   </div>
  </div>
