1990 3046
678 124 939 154 GLAPHYRORUM
957 125 990 153 ἰΝ
1014 125 1164 155 GENESIM
1184 127 1247 156 LIB.
1266 128 1299 156 ῐΙ.

1767 133 1804 163 90

173 182 267 218 νόμον.
290 181 381 214 Τύπος
397 181 419 208 δ’
433 181 467 208 ἂν
483 181 526 217 εἴη
542 181 590 208 καὶ
605 180 663 208 τόδε
677 181 796 217 Χριστοῦ
824 192 833 208 ι
857 182 906 209 τοῦ
923 191 960 209 τε·

1020 183 1072 211 hoc
1083 183 1196 218 Christi,
1217 194 1226 211 ι
1244 185 1291 221 qui
1310 186 1408 214 semel~
1416 191 1540 215 mortuus
1556 193 1598 216 est
1613 196 1663 224 pro
1682 191 1803 225 peccatis

173 228 289 260 ονεᾶκος
301 227 375 261 ἅπαξ
389 227 459 263 ὑπὲρ
472 227 526 254 τῶν
541 227 684 263 ἁμαρτιῶν
699 227 788 263 ἡμῶν,
807 236 816 254 ›
833 227 904 254 κατὰ
918 227 968 260 τὰς

174 273 298 310 Γραφὰς,
312 271 514 304 εἰσελαύνοντος
532 272 560 299 δὲ
576 272 624 299 καὶ
638 273 678 304 είς
690 272 740 308 τὴν
754 273 809 300 ἄνω
822 281 852 299 τε
865 273 913 300 καὶ
929 273 968 299 ἱε-

177 319 301 355 ρωτάτην
319 318 434 354 σκηνήν.
451 317 560 353 Ταύτην
573 317 629 353 γὰρ
642 319 708 354 ἡμῖν
722 318 888 345 ἐνεκαίνισεν
897 318 966 351 ὁδδν,

174 364 296 399 ἁγιάζων
309 372 339 390 τε
359 363 398 398 τῷ
415 363 513 398 αἵματι
528 363 568 401 τῷ
583 363 644 398 ἰδίῳ
653 363 704 398 τὴν
725 362 898 398 Ἐκκλησίαν.
913 363 968 390 Καὶ

173 411 188 436 6
203 410 253 445 μὲν
270 408 414 441 θεσπέσιος
427 409 531 444 Μωσῆς
541 429 549 441 ,
564 409 824 445 προκεχειρισμένος
843 409 884 442 εἰς
897 409 966 436 ἀπο-

174 455 281 490 στολὴν,
291 455 380 482 ἐδέετο
394 454 442 481 τοῦ
455 447 642 490 Θεοῢ,νλέγων·
661 465 670 481 ι
684 456 795 490 Δέομαι,
808 455 905 491 Κύριε,
917 455 966 482 οὐκ

174 500 285 532 εὓλαλός
309 500 366 536 ειμι
387 500 439 536 πρὸ
460 500 510 536 τῆς
533 500 616 535 χθὲς,
635 501 696 527 οὐδὲ
724 501 779 536 πρὸ
798 501 849 536 τῆς
871 501 966 536 τρίτης

177 545 295 582 ἡμέρας,
314 545 375 572 οὐδὲ
391 545 438 580 ἀφ’
451 543 482 573 οὗ
497 545 573 581 ἤρξω
586 545 677 572 λαλεῖν
692 545 732 581 τῷ
745 546 888 581 θεράποντι
905 554 964 579 σου,

175 589 351 627 ἰσχνόφωνος,
374 591 423 618 καὶ
447 590 652 626 βραδύγλωσσος
674 590 730 625 ἐγώ
751 591 820 626 είμι.
841 601 852 617 ι
875 591 965 627 Προσ-

174 638 258 665 ετίθει
278 638 307 665 δὲ
321 638 437 670 τούτοις·
458 647 467 664 ι
481 637 656 674 Προχείρισαι
676 637 756 665 ἄλλον
775 638 921 674 δυνάμενον
934 638 965 666 6v

173 677 346 716 ἀποστελεῖς.
370 693 380 710 ι
406 681 471 710 Εἶτα
491 684 559 719 πρὸς
580 683 662 710 αὐτὸν
684 684 699 710 6
719 683 775 710 τῶν
795 683 863 710 ὅλων
885 683 962 716 Θεός·

176 738 186 756 ι
203 728 269 756 οὔκ”
284 729 340 756 ἰδοὺ
356 729 463 765 ’Δαρὼν
477 730 491 756 6
502 729 615 764 ἁδελφός
628 737 675 756 σου
687 730 701 756 6
711 729 837 766 Λευίτης,
851 729 964 757 ἐπίστα-

174 782 223 810 μαι
236 774 278 801 ὅτι
289 773 377 801 λαλῶν
390 774 499 810 λαλήσει
514 773 596 806 αὐτός
607 782 659 806 σοι,
679 774 726 801 καὶ
744 774 798 801 ίόοὺ
815 774 896 806 αὐτὸς
922 773 964 809 ἐξ·

172 820 310 847 ελεύσεται
322 821 362 852 είς
379 820 541 855 συνάντησιν
557 829 615 848 σου.
626 819 683 846 Καὶ
701 819 762 847 ίδών
771 829 801 847 σε
811 820 961 856 χαρήσεται

1019 229 1120 257 nostris
1131 229 1165 263 7‘,
1184 239 1194 256 ι
1212 231 1364 259 secundum
1385 231 1549 268 Scripturas,
1565 239 1594 262 et
1613 234 1751 270 ingressus
1773 236 1801 264 in

1018 283 1167 312 supernum
1194 277 1261 306 illud
1296 278 1553 314 sanctissimumque
1584 281 1800 310 tabernaculum.

1018 321 1093 350 Hanc
1107 322 1181 350 enim
1198 323 1272 350 viam
1284 323 1364 352 nobis
1379 324 1554 358 instauravit,
1567 325 1801 361 sanctificavitque

1017 369 1128 404 proprio
1144 370 1275 405 sanguine
1284 370 1445 398 Ecclesiam.
1465 370 1548 406 Atqui
1564 371 1675 398 divinus
1689 372 1801 406 quidem

1016 413 1122 450 Moyses
1134 415 1238 444 electus
1249 416 1282 443 ad
1297 416 1465 450 missionem,
1476 417 1564 444 oravit
1577 417 1676 449 Deum,
1685 416 1781 444 dicens
1792 425 1800 444 :

1021 468 1031 485 ι
1049 459 1114 494 Oro,
1126 461 1251 494 Domine,
1262 469 1318 489 non
1330 462 1462 498 eloquens
1476 471 1537 490 sum
1548 467 1612 490 ante
1623 463 1697 495 heri,
1712 470 1802 498 neque

1016 507 1079 531 ante
1090 504 1198 532 tertiam
1210 505 1293 538 diem,
1307 514 1396 541 neque
1407 514 1441 534 ex
1450 514 1505 541 quo
1519 506 1626 542 ccepisti
1637 506 1712 541 loqui
1722 514 1802 534 servo

1017 554 1064 577 tuo
1078 558 1084 576 :
1097 550 1190 585 gracili
1207 559 1274 579 voce
1287 556 1315 579 et
1327 552 1405 580 tarda
1423 552 1517 587 lingua
1533 559 1584 587 ego
1599 559 1660 579 sum
1674 551 1707 577 ".
1723 561 1733 577 ι
1747 551 1802 578 Ad-

1012 595 1079 630 jecit
1090 599 1180 623 autem
1197 596 1255 624 his:
1276 606 1286 622 ι
1304 597 1380 633 Elige
1391 602 1530 633 potentem
1549 597 1632 625 alium
1641 604 1722 632 quem
1735 597 1802 624 mit-

1015 644 1055 667 tes
1065 641 1099 667 ⁷⁸.
1114 650 1123 667 ι
1147 641 1251 670 Deinde
1271 643 1347 670 Deus
1359 643 1396 671 ita
1415 643 1556 678 respondit
1580 652 1586 670 :
1616 652 1625 669 ι
1641 643 1720 670 Non:
1736 650 1802 671 ecce

1013 685 1104 713 Aaron
1116 686 1201 715 frater
1214 691 1279 715 tuus
1296 688 1402 716 Levita.
1417 689 1480 717 Scio
1489 689 1563 724 quod
1573 689 1689 724 loquens
1706 690 1802 724 loque-

1013 733 1058 758 tur
1066 730 1124 766 ipse
1135 732 1203 765 tibi,
1225 737 1254 760 et
1272 741 1336 761 ecce
1356 734 1418 768 ipse
1427 734 1585 770 egredietur
1605 734 1633 761 in
1655 742 1801 762 occursum

1012 774 1078 808 tibi,
1092 781 1122 803 et
1135 776 1232 804 videns
1254 781 1281 805 te
1304 778 1444 806 laetabitur
1459 779 1487 806 in
1503 779 1608 814 seipse,
1629 783 1657 807 et
1677 779 1752 807 dices
1765 779 1801 806 ad

1011 828 1085 852 eum.
1095 826 1125 849 et
1134 821 1212 850 dabis
1223 823 1308 850 verba
1323 831 1384 851 mea
1399 824 1427 852 in
1440 832 1471 852 os
1488 826 1559 860 ejus,
1575 830 1604 853 et
1619 833 1670 861 ego
1681 826 1801 860 aperiam

171 867 201 894 ιν
216 866 306 902 ἑαυτῷ
316 886 324 899 ,
342 866 389 893 καὶ
404 867 477 902 ἐρεῖς
490 866 559 902 πρὸς
575 866 666 899 αὐτὸν,
689 866 736 893 καὶ
754 865 850 898 δώσεις
865 866 900 894 τὰ
914 867 960 902 ῥή-

1015 873 1046 894 os
1061 870 1150 900 tuum,
1161 872 1190 895 et
1201 867 1335 895 instruam
1357 876 1406 897 vos
1425 878 1486 904 quae
1501 870 1623 903 facietis,
1639 874 1668 897 et
1679 871 1737 906 ipse
1758 871 1801 898 lo-

172 912 245 947 ματά
260 920 310 947 μου
325 912 353 938 ὲν
365 911 405 947 τῷ
421 911 535 947 στόματι
549 912 631 940 αὐτοῦ
647 912 694 939 καὶ
708 912 868 947 συμϐιϐάσω
886 913 959 948 ὑμᾶς

169 956 188 984 ι
201 958 338 993 ποιήσετε,
354 957 400 984 καὶ
412 957 523 993 λαλήσει
538 957 619 989 αὑτός
630 966 672 985 σοι
686 958 752 993 πρὸς
766 958 812 985 τὸν
825 958 898 990 λαὸν,
912 958 960 985 καὶ

171 1002 253 1033 αὐτὸς
274 1001 352 1030 ἐσται
371 1010 418 1030 σου
440 1002 537 1038 στόμα.
561 1012 571 1029 ι
598 1003 811 1039 Βραδύγλωσσος
835 1003 884 1039 μὲν
904 1003 960 1039 γὰρ

169 1049 392 1084 ὁμολογουμένως
404 1048 451 1075 καὶ
465 1048 664 1084 εὑστομεῖνζοὺκ
677 1049 753 1080 εἰδὼς
763 1049 778 1075 6
786 1049 869 1076 πάλαι
877 1049 960 1084 νόμος

170 1094 213 1121 διὰ
227 1095 328 1122 κύκλου
344 1094 419 1130 μόλις
436 1094 600 1129 μακροῦ,τοῦ
613 1094 682 1121 κατὰ
695 1094 726 1121 τὸ
739 1095 859 1130 Γράμμα
875 1094 957 1130 φημὶ,

172 1141 313 1176 μονονουχὶ
319 1140 368 1167 καὶ
377 1140 561 1175 ὑποψελλίζων
575 1141 640 1176 ἡμῖν
649 1140 680 1167 16
686 1140 745 1176 Θεῷ
754 1140 859 1167 δοκοῦν⁹
873 1141 959 1176 στόμα

168 1186 198 1213 δὲ
218 1186 342 1219 Μωσέως
362 1187 393 1214 16
414 1187 611 1222 εὐφωνότατον,
633 1186 648 1213 6
670 1186 807 1221 Χριστὸς,
831 1186 959 1222 μεθιστὰς

169 1232 232 1264 τοὺς
247 1231 348 1263 τύπους
360 1233 401 1264 εἰς
410 1231 549 1267 ἀλήθειαν,
566 1232 614 1259 καὶ
629 1231 766 1267 προτιθεὶς
780 1231 891 1267 ἑτοίμην
902 1233 960 1264 τοῖς

171 1275 328 1311 ἅπανταχοῦ
350 1276 407 1303 τῶν
429 1275 587 1310 ἀναγκαίων
608 1275 659 1311 τὴν
682 1276 794 1311 είδησιν.
816 1276 959 1313 Τοιγάρτοι

171 1322 256 1358 φησὶν
270 1322 300 1348 ὲν
314 1322 526 1357 τεσσαρακοστῷ
542 1322 590 1349 καὶ
608 1321 694 1357 ὀγδόῳ
704 1321 821 1358 Ψαλμῷ·
838 1331 848 1348 (
867 1321 960 1349 Ἀκού-

172 1375 237 1394 σατε
255 1367 351 1400 ταῦτα,
368 1368 458 1395 πάντα
474 1367 509 1394 τὰ
529 1367 603 1403 ἔθνη,
623 1367 800 1401 ἐνωτίσασθε,
819 1368 920 1400 πάντες
933 1368 958 1394 οι

171 1413 359 1446 κατοικοῦντες
369 1413 419 1449 τὴν
432 1405 603 1449 οἰκουμένην.
629 1423 639 1440 ι
667 1414 845 1441 ’Δνετυποῦτο
866 1414 898 1450 δὴ
912 1411 959 1442 οὖν

170 1459 207 1491 ὡς
226 1458 256 1484 ἐν
274 1458 378 1496 Ἀαρὼν
391 1460 406 1487 6
417 1459 546 1495 Χριστός.
565 1460 620 1487 Καὶ
637 1460 668 1487 τό
682 1468 715 1494 γε
731 1459 956 1496 παραδοξότερον.

170 1503 216 1539 Μὴ
234 1504 288 1539 γάρ
304 1512 345 1531 τοι
360 1503 522 1541 θαυμάσῃς,
543 1505 568 1531 εί
587 1505 617 1531 ὲν
637 1505 693 1536 τοῖς
712 1504 860 1539 ἐγνωκόσιν
877 1504 957 1531 αὑτὸν

1009 915 1110 945 quetur
1120 919 1170 946 pro
1186 916 1214 940 te
1226 912 1261 940 ad
1270 913 1412 947 populum,
1426 918 1455 941 et
1472 914 1531 948 ipse
1546 915 1601 942 erit
1611 922 1644 942 os
1653 919 1730 942 tuum
1739 916 1772 941 ".
1787 925 1797 941 ι

1009 955 1176 991 Tardiloqua
1197 957 1271 985 enim
1290 966 1386 986 revera
1410 963 1452 986 est
1469 963 1549 987 vetus
1566 960 1620 992 lex,
1634 968 1684 995 per
1706 961 1803 995 longos

1008 1002 1142 1030 circuitus
1158 1011 1230 1038 aegre
1248 1004 1329 1031 nobis
1349 1004 1398 1031 Dei
1418 1004 1587 1032 voluntatem
1606 1005 1735 1033 balbutit.
1748 1005 1801 1032 So-

1008 1055 1107 1076 norum
1116 1053 1208 1077 autem
1217 1050 1317 1086 Moysis
1324 1058 1365 1083 os,
1374 1050 1510 1084 Christus,
1521 1055 1599 1087 typos
1612 1051 1645 1078 ad
1657 1051 1803 1079 veritatem

1009 1094 1197 1128 transferens,
1219 1095 1384 1131 facilemque
1398 1097 1528 1124 omnibus
1555 1096 1646 1124 ubivis
1665 1101 1803 1124 terrarum

1009 1140 1168 1168 constitutis
1182 1148 1278 1169 eorum
1290 1149 1352 1177 quae
1361 1139 1518 1170 necessaria
1528 1146 1603 1174 sunt.
1617 1142 1803 1177 cognitionem

1008 1193 1175 1221 proponens.
1191 1186 1296 1215 Idcirco
1310 1188 1350 1215 sic
1367 1188 1407 1215 ait
1431 1188 1459 1216 in
1475 1188 1686 1224 quadragesimo
1705 1192 1803 1216 octavo

1007 1231 1112 1266 psalmo
1126 1240 1133 1260 :
1155 1241 1165 1258 ‹
1182 1231 1235 1267 52
1245 1233 1346 1261 Audite
1365 1234 1437 1266 haec,
1455 1241 1549 1262 omnes
1564 1239 1677 1270 gentes;
1689 1235 1805 1263 auribus

1008 1275 1152 1310 percipite,
1164 1283 1262 1305 omnes
1284 1277 1440 1307 habitantes
1460 1278 1556 1306 orbem
1576 1278 1610 1306 ⁷⁸.
1628 1289 1638 1305 ι
1657 1279 1804 1315 Figuratus

1009 1320 1101 1355 itaque
1112 1320 1141 1348 in
1151 1321 1260 1350 Aarone
1275 1322 1413 1351 Christus.
1426 1324 1509 1359 Atqui
1523 1324 1577 1352 hoc
1594 1316 1681 1360 magis
1697 1325 1802 1353 miran-

1008 1365 1084 1393 dum.
1104 1366 1198 1402 Neque
1207 1368 1282 1396 enim
1299 1369 1420 1403 mireris,
1439 1371 1463 1398 si
1483 1371 1511 1398 in
1525 1370 1559 1399 iis
1569 1390 1576 1403 ,
1591 1371 1639 1406 qui
1653 1371 1742 1406 ipsum
1757 1379 1804 1399 eo-

1008 1416 1137 1448 gnorunt,
1157 1418 1186 1441 et
1198 1413 1286 1449 legem
1301 1415 1420 1448 callent,
1437 1416 1556 1451 propriae
1567 1418 1803 1446 suaexcellentia:

1008 1454 1225 1491 magnitudinem
1245 1456 1439 1491 adumbravit,
1458 1458 1569 1492 quando
1584 1459 1667 1486 etiam
1693 1459 1722 1486 in
1743 1460 1802 1487 viro

1008 1500 1162 1536 alienigena
1177 1505 1306 1530 ostensus
1328 1507 1370 1530 est
1391 1503 1439 1538 qui
1461 1503 1591 1531 lsraelem
1612 1512 1628 1531 a
1644 1504 1802 1539 captivitate

231 1537 262 1577 έν
273 1537 378 1585 εἰδήσει
394 1537 449 1577 των
568 1551 616 1586 τῆς
634 1550 701 1583 ιδίας
715 1537 851 1587 ὑᾶτεροχῆς
864 1550 958 1577 ὲσκιαυ

1011 1546 1146 1580 liberavit,
1161 1551 1189 1575 et
1201 1551 1324 1575 sanctam
1335 1547 1476 1576 civitatem
1487 1548 1621 1582 fundavit,
1638 1554 1667 1577 et
1677 1537 1802 1585 inexpu-

171 1595 270 1630 γράφει
291 1595 323 1623 τὸ
344 1595 470 1631 μέγεθος·
486 1596 531 1623 ὅτε
554 1597 602 1623 καὶ
622 1596 659 1627 ὡς
683 1596 713 1623 ὲν
735 1596 814 1632 ἀνδρὶ
838 1595 959 1631 πέφηνεν

170 1641 317 1675 ἁλλογενεῖ,
332 1642 380 1669 καὶ
395 1642 582 1678 αἰχμαλωσίας
600 1642 700 1670 ἁνιέντι
716 1642 762 1669 τδν
780 1642 896 1678 Ἰσραὴλ,
912 1641 960 1669 καὶ

170 1687 220 1722 τὴν
237 1688 317 1722 ἁγίαν
341 1688 389 1715 καὶ
407 1687 483 1723 ἱερὰν
507 1687 674 1724 θεμελιοῦντι
696 1688 784 1722 πόλιν,
802 1688 849 1715 καὶ
872 1688 959 1724 ἔχοντι

170 1735 275 1770 ἄμαχον
288 1734 339 1770 τὴν
352 1735 425 1762 κατὰ
434 1722 549 1762 γπάντων
568 1735 654 1770 ἰσχύν.
672 1735 825 1771 Ποιήσομαι
839 1734 868 1761 δὲ
885 1722 961 1769 σαφῆ

170 1779 219 1816 τὴν
230 1781 378 1816 ἀφήγησιν,
395 1780 601 1817 βραχυλογήσας
614 1781 651 1813 ὡς
661 1781 712 1809 ἑνι-

205 1828 236 1851 ε’.
265 1822 355 1852 Ἥκτο
371 1826 420 1861 μὲν
442 1826 615 1862 αἰχμάλωτος
635 1827 652 1861 ἠ
674 1825 789 1854 Ἰουδαία
810 1826 892 1860 ποτὲ,
912 1826 960 1853 καὶ

171 1871 292 1907 μακροὺς
313 1872 343 1899 ἐν
366 1872 506 1899 Βαϐυλῶνι
530 1872 728 1908 κσίτετρύχοντο
748 1872 860 1908 χρόνους
884 1873 908 1899 οί
930 1872 960 1906 ἐξ

176 1917 293 1954 Ἰσραὴλ,
310 1918 416 1954 σκληρᾷ
432 1918 479 1948 καὶ
503 1918 633 1954 βαρϐάρῳ
653 1918 760 1954 δουλείᾳ
774 1917 959 1954 κατηχθισμέ-

169 1973 221 1991 not.
243 1964 318 1990 Ἐπεὶ
332 1964 361 1990 δὲ
377 1964 392 1990 6
403 1964 552 1999 Καμϐύσου
574 1964 666 2000 Κῦρος
678 1964 778 1999 Μήδων
791 1972 821 1990 τε
838 1964 896 1999 ἅμα
913 1963 960 1991 καὶ

171 2009 225 2045 μὴν
241 2010 288 2037 καὶ
308 2009 421 2045 Περσῶν
442 2009 626 2046 ἐξηρτημένος
646 2009 676 2036 τὸ
696 2009 816 2045 κράτος,
842 2010 960 2046 πόλεμον

170 2053 278 2089 αἴρεται
291 2053 358 2089 πρὸς
377 2053 535 2089 Ἀσσυρίους
546 2054 664 2090 ὁμόρους
673 2053 754 2086 ὂντας
765 2054 814 2081 καὶ
823 2055 958 2089 γείτονας,

130 2129 136 2136 _
170 2099 229 2126 τότε
240 2100 272 2136 δὴ
288 2100 349 2126 τότε
371 2100 514 2135 καὶ,.αὺτὴν
529 2100 578 2135 τὴν
592 2100 741 2128 Βαϐυλῶνα
763 2101 834 2128 κατὰ
858 2101 959 2137 κράτος

170 2145 248 2179 ἑλὼν,
261 2145 346 2180 ἀνῆκε
359 2145 423 2177 τοὺς
439 2145 581 2178 Ἰουδαίους
596 2145 646 2181 τὴν
666 2146 816 2182 Ἀσσυρίων
829 2146 959 2182 θρηνοῦν-

170 2199 219 2223 τας
246 2191 413 2223 πλεονεξίαν,
442 2191 490 2218 καὶ
518 2191 569 2218 οὐκ
596 2191 728 2227 ἀδακρυτὶ
754 2191 957 2227 προσθέοντας·
973 2206 996 2234 D

169 2237 424 2272 διαϐεϐαιουμένους
440 2246 470 2264 τε
492 2237 534 2264 ὅτι
553 2237 600 2265 καὶ
622 2238 768 2273 προείρητο
791 2238 867 2273 παρὰ
890 2237 957 2265 Θεοῦ

169 2282 213 2309 διὰ
236 2276 327 2318 φωνῆς
346 2282 441 2317 ἁγίων,
460 2282 501 2309 ὅτι
522 2283 570 2309 καὶ
587 2281 648 2318 ἥξει
670 2275 742 2311 κατὰ
761 2283 891 2318 καιροὺς,
910 2283 958 2310 καὶ

171 2328 311 2364 περιέσται
333 2328 387 2356 τῶν
409 2328 625 2364 ἀνθεστηκότων,
647 2328 695 2355 καὶ⁴
710 2329 791 2360 αὐτὸς
804 2329 899 2364 ἀνήσει
914 2328 959 2355 δε-

172 2374 247 2409 σμῶν
265 2374 329 2407 τοὺς
352 2374 550 2410 ἠδικημένους·
579 2375 625 2401 καὶ
646 2375 686 2401 ὅτι
710 2375 756 2401 τὸν
777 2372 849 2402 οἷκον
868 2375 961 2410 ἐγερεῖ

171 2420 251 2449 πάλιν
265 2420 346 2452 αὐτὸς
359 2421 404 2448 τὸν
418 2421 447 2447 ἐν
465 2420 669 2456 Ἰεροσολύμοις,
678 2420 707 2446 6v
723 2420 860 2456 Ἀσσύριοι
874 2430 957 2450 κατα-

172 2466 349 2502 πιμπρῶντες
361 2487 368 2499 ,
391 2466 554 2493 ὲδυσσέϐουν
567 2468 606 2498 είς
622 2466 698 2493 Θεόν.
713 2465 769 2492 Καὶ
780 2466 958 2501 ψευδοεποῦν-

171 2520 220 2543 τας
239 2513 268 2539 ὲν
284 2511 387 2543 τούτοις
406 2512 468 2544 τοὺς
483 2511 512 2545 ἐξ
534 2512 639 2547 Ἰσραὴλ
657 2513 706 2547 οὐχ
723 2512 886 2548 εὑρήσομεν,
908 2511 959 2544 τὰς

172 2557 225 2583 τῶν
245 2557 332 2591 ἁγίων
355 2556 502 2592 προφητῶν
528 2556 818 2593 πολυπραγμονοῦντες
840 2557 958 2592 γραφάς.

175 2602 246 2638 Ἔφη
259 2603 287 2629 δὲ
304 2602 375 2630 οὕτω
388 2603 454 2635 Θεὸς
468 2603 512 2630 διὰ
523 2603 615 2638 φωνῆς
633 2603 753 2630 Ἡσαΐου·
770 2612 779 2629 ι
799 2603 876 2630 Οὕτω
885 2603 959 2638 λέγει

175 2648 273 2684 Κύριος
288 2650 302 2675 ό
318 2648 498 2684 λυτρούμενός
516 2657 564 2681 σε,
577 2649 624 2675 καὶ
639 2649 654 2675 6
672 2649 799 2676 πλάσσων
812 2658 841 2676 σε
853 2650 884 2676 ὲκ
900 2657 959 2676 κοι-

172 2693 241 2725 λίας·
264 2693 333 2728 Ἐγὼ
354 2694 482 2730 Κύριοςό
499 2694 632 2727 συντελῶν
653 2693 754 2726 ταῦτα,
775 2694 895 2727 ἐξέτεινα
914 2695 959 2721 τὸν

173 2738 285 2775 οὐρανὸν
304 2739 401 2774 μόνος,
425 2740 471 2766 καὶ
493 2738 647 2775 ὲστερέωσα
666 2738 715 2774 τὴν
732 2739 791 2775 γῆν.
808 2739 855 2772 Τίς
866 2739 959 2776 ἕτερος

210 2830 234 2850 ⁷⁸
253 2829 346 2863 chtr.
369 2840 407 2866 ιιι,
425 2832 464 2860 18.
503 2834 526 2849 ⁷⁵
547 2833 632 2862 Exod.
653 2842 688 2868 tv,
706 2834 744 2863 10.
785 2834 808 2852 ἰθ
825 2834 889 2863 Ibid.
917 2834 957 2862 i5.

1008 1593 1111 1629 gnabili
1119 1593 1249 1621 adversus
1261 1601 1357 1621 omnes
1369 1594 1468 1626 robore
1483 1594 1615 1629 praeditus
1629 1600 1698 1623 erat.
1714 1595 1802 1622 Mani-

1008 1638 1105 1667 festam
1129 1644 1221 1667 autem
1245 1642 1274 1667 et
1290 1640 1513 1676 compendiosam
1525 1660 1533 1673 ,
1557 1641 1649 1676 quoad
1665 1641 1726 1678 ejus
1742 1640 1802 1681 fieri

1008 1684 1120 1720 poterit,
1135 1684 1172 1714 de
1178 1692 1212 1714 eo
1222 1686 1409 1715 narrationem
1418 1686 1573 1715 instituam.

1044 1823 1070 1851 5.
1090 1822 1186 1851 Iudaea
1199 1823 1311 1859 quidem
1328 1823 1394 1851 olim
1416 1824 1523 1860 captiva
1541 1823 1623 1852 ducta
1637 1824 1699 1857 fuit,
1715 1829 1744 1852 et
1761 1825 1802 1853 ls-

1009 1869 1113 1897 raelitae
1124 1869 1206 1905 longo
1226 1870 1375 1898 admodum
1400 1874 1524 1905 tempore
1543 1870 1612 1898 dura
1629 1870 1802 1906 barbaraque

1009 1915 1142 1943 servitute
1156 1914 1185 1942 in
1203 1914 1342 1950 Babylone
1361 1916 1485 1950 oppressi
1509 1915 1632 1943 fuerunt.
1652 1916 1800 1951 Postquam

1008 1968 1076 1989 vero
1096 1960 1194 1996 Cyrus,
1219 1960 1362 1996 Cambysis
1388 1961 1472 1993 illius,
1498 1961 1641 1989 Medorum
1666 1962 1749 1990 simul
1773 1966 1801 1990 et

1009 2007 1155 2035 Persarum
1172 2007 1259 2041 copiis
1275 2006 1438 2042 conjunctis,
1454 2007 1558 2034 bellum
1580 2007 1701 2042 Assyriis
1714 2006 1801 2034 finiti~

1009 2053 1062 2080 mis
1075 2060 1108 2080 ac
1129 2052 1229 2083 vicinis
1243 2052 1349 2085 intulit,
1367 2056 1433 2080 tunc
1454 2052 1565 2080 demum
1582 2052 1722 2088 Babylone
1741 2052 1800 2087 ipsa

1009 2097 1037 2124 vi
1054 2100 1142 2132 capta,
1154 2096 1283 2124 liberavit
1301 2096 1410 2124 Judaeos
1430 2096 1604 2133 Assyriorum
1625 2096 1799 2132 tyrannidem

1009 2142 1201 2175 lamentantes,
1217 2150 1307 2178 neque
1331 2143 1434 2178 absque
1455 2142 1584 2178 lacrymis
1605 2147 1796 2175 accurrentes,

1010 2188 1232 2223 atiirmantesque
1249 2188 1410 2223 pmdictum
1431 2195 1491 2216 esse
1515 2196 1531 2216 a
1548 2188 1605 2216 Deo
1628 2196 1678 2223 per
1701 2195 1798 2215 vocem

1010 2238 1180 2267 sanctorum,
1192 2234 1267 2269 quod
1278 2238 1412 2262 venturus
1428 2238 1501 2263 esset
1521 2237 1685 2270 opportune,
1706 2238 1735 2261 et
1751 2234 1800 2261 ad-

1008 2281 1146 2310 versarios
1167 2280 1366 2313 debellaturus,
1381 2285 1464 2315 atque
1479 2280 1537 2315 ipse
1554 2280 1689 2308 liberaret
1705 2287 1720 2308 e
1737 2280 1799 2308 vin-

1008 2328 1078 2357 culis
1088 2334 1242 2363 oppressos,
1255 2326 1382 2362 quodque
1391 2334 1501 2353 rursum
1511 2326 1659 2354 aediﬁcaret
1668 2327 1798 2362 templum

1009 2375 1039 2402 in
1063 2373 1271 2409 Hierosolymis,
1295 2372 1369 2408 quod
1396 2372 1517 2408 Assyrii,
1545 2372 1629 2408 impie
1654 2373 1682 2400 in
1712 2372 1799 2401 Deum

1011 2425 1131 2457 agentes,
1143 2419 1333 2448 incenderant.
1345 2419 1433 2446 Porro
1449 2419 1522 2453 quod
1534 2426 1707 2453 nequaquam
1720 2427 1799 2446 men—

1011 2465 1055 2493 titi
1070 2465 1125 2493 sint
1142 2464 1235 2492 hacin
1251 2472 1280 2491 re
1291 2463 1430 2497 israelitae,
1442 2463 1521 2492 facile
1533 2464 1615 2491 nobis
1631 2464 1797 2496 constiterit,

1011 2511 1035 2540 si
1047 2515 1205 2541 sanctorum
1218 2510 1415 2545 prophetarum
1432 2510 1535 2545 scripta
1553 2510 1734 2545 inquiramus.
1754 2509 1799 2537 Ait

1012 2557 1087 2585 enim
1109 2556 1146 2584 ita
1167 2556 1240 2583 Deus
1255 2563 1305 2590 per
1319 2562 1415 2582 vocem
1435 2555 1511 2583 Isaiae
1527 2564 1534 2582 :
1552 2565 1562 2581 ι
1582 2555 1645 2583 Haec
1663 2555 1730 2582 dicit
1743 2555 1798 2582 Do-

1012 2603 1105 2630 minus
1121 2602 1260 2629 redimens
1281 2604 1317 2634 te,
1338 2605 1365 2628 et
1386 2601 1508 2629 formans
1525 2605 1551 2629 te
1572 2609 1606 2629 ex
1624 2605 1703 2628 utero
1718 2609 1725 2627 :
1742 2601 1798 2635 Ego

1012 2649 1145 2677 Dominus
1165 2649 1305 2684 complens
1327 2648 1394 2681 haec,
1413 2648 1524 2676 extendi
1544 2648 1642 2676 malum
1664 2648 1748 2679 solus,
1768 2650 1798 2673 et

1013 2693 1119 2722 ﬁrmavi
1140 2696 1253 2721 terram.
1272 2693 1340 2727 Quis
1355 2693 1425 2721 alius
1440 2693 1584 2729 dissipabit
1602 2693 1678 2728 signa
1694 2693 1796 2728 Pytho—

1012 2747 1088 2773 num,
1099 2744 1128 2768 et
1142 2739 1328 2768 divinationes
1344 2740 1378 2768 de
1388 2739 1490 2768 corde?
1500 2743 1662 2767 convertens
1675 2737 1797 2774 prudeuv

997 2835 1019 2851 ⁷⁷
1032 2834 1101 2865 lbid.
1116 2834 1202 2865 “~16-
1244 2833 1267 2850 ⁷⁸
1282 2833 1353 2864 Psal.
1367 2841 1456 2867 xtvtu,
1473 2832 1497 2860 1.
