1990 3046
176 150 212 178 95
668 148 695 177 S.
716 148 857 178 CYRILLI’
872 149 1108 178 ALEXANDR‘IN]
1128 149 1287 178 ARClllEP.
1772 151 1806 180 96

175 205 325 233 secundum
337 208 462 232 naturam
476 196 563 232 Deum
573 203 749 232 exsistentem
760 208 965 240 cognoscentes,

1019 202 1142 239 κλησίαν,
1158 204 1196 236 ὡς
1208 204 1255 231 καὶ
1269 204 1362 236 αὐταῖς
1376 203 1571 231 ἀκατάσειστον
1589 201 1658 232 εἶναι
1672 205 1731 238 ταῖς
1743 205 1807 242 ᾄεου

176 251 195 279 ii
208 251 255 286 qui
272 251 337 278 olim
349 255 519 283 erraveraut,
537 249 651 278 dicunt:
670 260 679 276 ‹
694 251 735 278 Tu
746 251 820 278 enim
837 258 866 277 es
893 249 965 277 Deus

176 302 280 330 noster,
292 302 320 325 et
333 297 509 330 nescivimus,
520 302 612 324 etnon
623 297 744 324 cstDeus
756 301 855 332 praeter
868 300 894 323 te
904 294 938 322 ”.
952 304 961 320 ι

176 343 255 371 llunc
271 344 436 376 adorabunt,
453 344 518 371 huic
537 352 565 371 se
579 344 671 371 ﬂectet
688 353 697 368 ι
712 350 792 370 omne
812 349 894 377 genu,
907 349 966 368 om-

176 391 274 425 nisque
304 391 395 425 lingua
419 390 604 422 conﬁtebitur,
635 389 708 424 quod
728 388 861 416 Dominus
885 388 965 416 Jesus

177 435 303 463 Christus
317 436 343 463 in
355 435 442 471 gloria
462 439 505 463 est
520 435 569 463 Dei
586 435 674 463 Patris
684 434 717 461 ⁸³.
734 444 743 460 ι
766 433 835 461 Huic
853 434 964 473 quidam

175 488 210 508 ex
230 481 362 508 lsraelitis
384 481 518 508 obsistere
541 484 606 507 sunt
632 479 739 511 conati;
766 478 874 506 confusi
898 487 965 507 vero

176 530 250 558 sunt,
264 530 292 554 et
303 526 493 557 conciderunt,
504 530 531 552 et
542 529 692 552 retrorsum
704 524 806 556 ierunt,
814 525 890 559 juxta
903 532 966 559 pro-

176 573 267 608 phetas
279 580 383 600 vocem.
395 571 482 606 Cyrus
496 571 597 605 itaque,
608 570 750 606 Cambysis
765 569 848 602 ﬁlius,
866 571 965 598 funda-

176 618 217 644 vit
229 618 360 653 templum
376 617 424 643 Dei
439 617 466 642 in
484 615 681 651 Hierosolymis
698 615 726 642 in
746 620 839 651 typum
850 616 964 644 Christi.

177 663 254 697 Quod
268 671 334 690 vero
358 663 415 696 ipse
436 661 598 689 Emmanuel
618 669 676 689 rem
697 661 768 689 hanc
786 661 966 697 spiritualiter

177 712 250 736 esset
263 708 446 743 perfecturus,
463 715 513 742 per
533 707 614 734 aliam
634 708 726 735 statim
748 708 863 743 ﬁguram
883 709 965 736 intel-

175 755 253 788 liges.
270 754 417 788 Postquam
433 753 506 781 enim
521 753 609 790 Cyrus
627 754 754 782 lsraelem
771 762 786 781 a
801 755 965 790 Babylonica

177 799 310 826 servitute
323 800 459 832 liberavit,
472 800 556 827 duces
573 801 663 828 statim
684 808 715 828 ac
728 801 813 828 veluti
827 801 965 836 principes

177 845 271 879 populi
287 844 422 881 designati
434 850 507 878 sunt,
518 846 669 873 Zorobabel
688 845 760 874 ﬁlius
776 846 916 880 Salathiel,
931 855 965 874 ex

1016 249 1124 282 πύλαις,
1150 250 1199 277 καὶ
1219 250 1354 277 ἀνάλωτον
1375 250 1494 286 ἐχθροῖς.
1522 249 1623 277 Τοῦτον
1651 251 1717 278 ὄντα
1741 252 1808 279 Θεὸν

1015 295 1086 321 κατά
1099 295 1179 328 φύσιν
1187 295 1413 330 ἐπιγινώσκοντες
1430 296 1455 322 οί
1470 295 1551 323 πάλαι
1565 296 1747 332 πλανώμενοι,
1763 298 1808 325 λέ-

1015 348 1105 374 γουσι·
1125 349 1134 365 r
1153 341 1189 368 Σὺ
1211 341 1266 376 γὰρ
1289 339 1315 367 εἷ
1338 341 1404 373 Θεὸς
1421 341 1511 377 ήμῶν,
1537 342 1584 368 καὶ
1609 342 1659 369 οὐκ
1685 343 1806 378 ᾔδειμεν.

1016 387 1070 414 Καὶ
1081 386 1132 413 οὐκ
1144 386 1201 413 ἐστι
1212 386 1279 419 Θεὸς
1291 387 1360 423 πλὴν
1373 387 1431 414 σοῦ.
1447 397 1456 413 ι
1470 388 1564 424 Τούτῳ
1576 389 1807 424 προσκυνήσουσι,

1015 433 1102 469 τοῦτῳ
1117 432 1220 468 κάμψει
1240 443 1250 459 ‹
1268 434 1322 460 πᾶν
1340 433 1414 468 γόνυ,
1430 434 1477 460 καὶ
1493 435 1568 461 πᾶσα
1583 433 1695 468 γλῶσσα
1711 434 1807 469 ἐξομο-

1015 478 1160 514 λογήσεται
1173 480 1214 506 ὅτι
1227 478 1328 514 Κύριος
1345 479 1448 514 Ἰησοῦς
1463 480 1580 516 Χριστὸς
1594 481 1633 512 εἰς
1647 480 1726 513 δόξαν
1740 481 1808 508 Θεοῦ

1016 525 1133 560 Πατρός.
1151 525 1264 560 »Τούτῳ
1277 525 1477 561 τετολμήκασιν
1489 526 1648 561 ἀντιστῆναί
1665 535 1736 558 τινες
1753 526 1809 554 τῶν

1015 570 1045 603 ἐξ
1065 571 1185 606 Ἰσραήλ.
1198 570 1431 606 Κατῃσχύνθησαν
1439 571 1467 598 δὲ
1482 572 1528 598 καὶ
1539 571 1712 604 πεπτώκασι,
1722 572 1768 599 καὶ
1779 573 1809 599 ἐν

1015 617 1103 652 τροπῇ
1126 616 1310 651 πεπόρευνται
1326 617 1397 643 κατά
1414 617 1463 652 τὴν
1477 617 1522 644 τοῦ
1546 618 1686 652 προφήτου
1704 618 1808 654 φωνήν.

1016 659 1107 696 Κῦρος
1119 661 1168 696 μὲν
1179 658 1225 688 οὖν
1237 661 1251 687 6
1259 661 1419 696 Καμϐύσου,
1432 661 1614 697 τεθεμελίωκε
1623 663 1668 688 τὸν
1680 661 1752 690 οἷκον
1761 663 1808 689 τοῦ

1016 705 1084 732 Θεοῦ
1098 706 1145 734 τὸν
1157 707 1185 733 ὲν
1203 707 1408 742 Ἰεροσολύμοις,
1421 708 1460 740 είς
1474 707 1558 735 τύπον
1571 708 1700 744 Χριστοῦ.
1710 709 1770 735 Ὅτι
1780 708 1809 734 δὲ

1016 751 1098 783 αὐτὸς
1113 751 1226 786 ἔμελλεν
1238 752 1253 778 6
1275 751 1448 788 Ἐμμανουήλ
1461 752 1657 788 ἀποπεραίνειν
1669 752 1699 779 τὸ
1714 753 1810 788 χρῆμα

1016 796 1209 831 πνευματικῶς
1223 805 1253 823 τε
1265 797 1312 823 καὶ
1324 797 1488 831 νοητῶς,καὶ
1497 798 1530 824 δι’
1543 798 1638 833 ἐτέρας
1653 799 1733 830 εὐθὺς
1748 799 1811 830 ἁνα-

1018 841 1099 876 μάθοι
1116 849 1158 873 τις
1170 841 1203 868 ἂν
1231 842 1344 874 εἰκόνος.
1366 842 1476 878 Ἐπειδὴ
1492 842 1547 878 γὰρ
1563 843 1612 878 τῆς
1632 844 1660 870 ἐν
1670 843 1810 871 Βαϐυλῶνι

178 890 251 918 tribu
264 891 344 923 Juda,
353 895 380 919 et
391 891 471 919 Jesus
482 891 553 920 ﬁlius
566 892 681 919 Josedec
691 893 819 920 sacerdos
830 901 945 929 magnus
957 902 964 920 :

1018 887 1140 919 δουλείας
1162 887 1262 922 ἀνῆκεν
1281 889 1295 914 6
1314 887 1406 924 Κῦρος
1428 889 1474 915 τὸν
1503 889 1628 924 Ἰσραήλ⁶
1654 889 1810 925 καθηγηταὶ

177 937 357 971 quibus,cum
370 938 585 974 Hierosolymam
598 939 799 975 pervenissent,
810 947 859 974 per
870 947 966 968 vocem

178 983 267 1018 Δείξκί
283 984 423 1019 propheta:
432 986 503 1012 Deus
516 985 613 1012 domus
623 993 678 1014 suae
687 985 860 1013 exstrucndae
872 993 966 1013 curam

179 1028 304 1063 injungit.
323 1029 361 1055 lta
377 1029 450 1056 enim
465 1030 598 1065 scriptum
611 1035 652 1057 est
667 1039 673 1056 :
693 1040 701 1055 ε
715 1031 745 1058 ln
760 1038 832 1059 anno
846 1031 967 1059 secundo

179 1073 254 1101 Darii
277 1075 359 1110 regis,
380 1075 407 1102 in
424 1083 517 1103 mense
531 1081 617 1109 sexto,
634 1076 662 1103 in
676 1076 720 1104 die
732 1084 786 1104 una
801 1077 914 1109 mensis,
930 1077 969 1104 fa—

179 1123 254 1147 ctum
261 1126 303 1148 est
312 1120 425 1147 verbum
434 1121 540 1149 Domini
549 1122 576 1149 in
588 1130 669 1149 manu
677 1122 765 1158 Aggrei
775 1122 969 1158 prophetaa,di—

179 1170 245 1191 cens
256 1173 263 1191 :
277 1164 421 1200 Alloquere
429 1165 590 1198 Zorobabcl,
603 1166 688 1194 lilium
697 1166 839 1199 Salathiel,
849 1175 883 1194 ex
894 1167 968 1195 tribu

178 1208 291 1241 Juda,et
299 1210 402 1242 Jesum,
412 1210 498 1238 tilium
510 1211 636 1244 Josedec,
644 1212 814 1240 sacerdotem
828 1221 968 1249 magnum,

180 1255 276 1283 dicens
301 1265 307 1283 ε
329 1256 393 1284 Haec
422 1257 461 1284 ait
483 1257 618 1286 Dominus
641 1259 816 1294 omnipotens
830 1268 836 1286 :
851 1259 972 1294 Populus

180 1301 233 1330 iste
244 1301 310 1330 dicit
322 1311 328 1329 :
340 1303 468 1330 Nondum
479 1304 555 1332 venit
575 1309 684 1340 tempus
691 1305 843 1334 aediﬁcandi
857 1306 969 1334 domum

179 1347 299 1376 Domini.
320 1348 355 1376 Et
379 1349 482 1376 factum
505 1354 548 1377 est
570 1351 685 1378 verbum
709 1351 816 1378 Domini
838 1352 865 1379 in
886 1360 969 1380 manu

179 1392 340 1428 Aggmi’se
358 1394 511 1429 prophetae,
532 1394 627 1424 dicens
647 1405 653 1423 :
675 1397 745 1424 Num
764 1401 872 1432 tempus
891 1398 969 1426 vobis

179 1443 232 1470 est,
253 1442 284 1465 ιιι
304 1438 434 1467 habitetis
453 1440 482 1467 in
497 1440 626 1469 domibus
646 1442 774 1470 concavis
794 1451 800 1469 :
823 1448 851 1472 at
871 1443 970 1472 domus

180 1483 289 1511 Domini
312 1483 421 1512 deserta
440 1489 483 1513 est
505 1486 567 1513 "‘h
590 1487 624 1514 Et
643 1492 705 1524 post
725 1496 810 1524 pauca
833 1497 943 1516 rursum
960 1498 967 1516 :

183 1538 193 1554 ι
209 1529 243 1556 Et
264 1530 407 1558 suscitavit
431 1531 565 1560 Dominus
588 1532 715 1569 spiritum
744 1532 894 1561 Zorobabel
920 1533 968 1562 filii

180 1574 323 1609 Salathiel,
335 1576 369 1604 de
386 1577 460 1604 tribu
475 1577 556 1611 Juda,
567 1582 596 1606 et
607 1579 734 1614 spiritum
751 1580 816 1609 Jesu
828 1580 876 1607 lilii
890 1581 969 1610 Jose-

179 1620 246 1654 dec,
274 1622 426 1650 sacerdotis
454 1624 567 1658 magni,
588 1627 617 1651 et
647 1625 774 1660 spiritum
797 1627 969 1663 reliquorum

180 1668 271 1695 omnis
287 1669 381 1703 populi
396 1677 403 1695 ε
421 1673 449 1696 et
463 1669 577 1704 ingressi
595 1674 670 1703 sunt,
689 1675 717 1698 et
732 1671 870 1701 faciebant
885 1681 970 1709 opera

181 1713 209 1740 in
229 1713 312 1741 domo
333 1714 442 1742 Domini
462 1715 660 1750 omnipotentis
679 1716 729 1744 Dei
750 1718 793 1745 sui
814 1718 848 1745 ⁹¹.
867 1728 876 1744 ι
901 1719 970 1747 Vide

181 1759 274 1794 itaque
289 1760 392 1795 duplici
407 1764 470 1796 typo
484 1768 516 1788 ac
531 1761 616 1797 ﬁgura
631 1769 790 1797 expressum
803 1763 971 1793 Emmanue-

180 1804 246 1838 lem,
262 1813 354 1842 regem
371 1807 494 1842 quidem,
513 1807 599 1835 veluti
619 1808 646 1836 in
664 1808 826 1846 Zorobabel,
847 1811 894 1846 qui
910 1816 972 1841 erat

181 1858 216 1878 ex
231 1851 302 1878 tribu
315 1852 464 1888 Juda,quaa
479 1857 536 1880 tum
547 1854 679 1889 temporis
689 1854 822 1890 regnabat
835 1855 862 1883 in
875 1856 970 1885 lsrael.

182 1896 327 1925 Summum
343 1905 409 1925 vero
427 1898 596 1934 pontiﬁcem,
611 1903 642 1927 ut
663 1899 691 1928 in
712 1909 811 1937 magno
829 1902 971 1931 sacerdote

182 1943 306 1979 ejusdem
321 1951 383 1973 cum
396 1944 507 1973 Christo
521 1946 650 1979 nominis,
671 1955 779 1975 necnon
807 1948 906 1976 ducem
921 1949 972 1978 vite

184 1988 212 2015 in
230 1993 351 2017 sanctam
367 1990 506 2019 civitatem
522 1998 537 2019 e
554 1995 628 2019 terra
646 1992 870 2028 alienigenarum,
882 1993 971 2030 Baby-

182 2034 322 2076 loniorum
338 2036 461 2072 inquam.
482 2037 549 2066 Vide
562 2038 644 2065 etiam
659 2038 840 2066 architectum
858 2047 890 2068 ac
906 2048 972 2076 pro-

182 2074 339 2108 curatorem
359 2081 446 2109 sancti
460 2082 565 2117 templi.
578 2082 730 2117 Sequentes
741 2083 813 2111 enim
829 2091 879 2118 per
889 2074 972 2112 ﬁdem

183 2124 282 2153 ducem
297 2125 447 2159 Christum,
465 2130 594 2161 tanquam
606 2134 698 2162 regem
712 2131 740 2154 et
754 2135 891 2156 summum
905 2136 973 2164 pon-

183 2170 296 2204 tiﬁcem,
315 2179 348 2199 ex
365 2171 499 2199 diabolica
519 2172 671 2208 tyrannide,
691 2180 724 2201 ac
738 2173 823 2201 veluti
844 2182 877 2201 ex
899 2178 972 2202 terra

1018 934 1188 968 παραχρῆμα
1203 933 1250 959 καὶ
1269 934 1350 960 οἱονεί
1370 942 1428 966 πως
1439 934 1602 970 ἐξάρχοντες
1624 935 1811 962 ἀνεδείκνυντο

1017 978 1063 1005 τοῦ
1077 978 1153 1009 λαοῦ,
1166 979 1319 1014 Ζοροϐάϐελ
1337 981 1351 1006 6
1363 979 1409 1006 τοῦ
1423 980 1557 1016 Σαλαθιήλ
1570 981 1602 1007 ὲκ
1614 980 1700 1016 φυλῆς
1714 981 1810 1014 Ἰοῦδα,

1018 1024 1066 1050 καὶ
1090 1024 1193 1059 Ἰησοῦς
1210 1025 1224 1051 6
1238 1025 1285 1051 τοῦ
1314 1025 1438 1052 Ἰωσεδὲκ
1462 1026 1476 1052 6
1495 1026 1584 1061 ἱερεὺς
1611 1026 1625 1052 6
1645 1026 1742 1060 μέγας.
1762 1024 1811 1058 Οἷς

1017 1070 1065 1097 καὶ
1080 1070 1242 1106 ἀφιγμένοις
1254 1072 1294 1103 είς
1311 1071 1495 1107 Ἰεροσόλυμα,
1509 1071 1554 1098 διὰ
1576 1072 1668 1108 φωνῆς
1682 1072 1809 1107 ’Δγγαίου

1017 1117 1064 1144 τοῦ
1085 1118 1225 1153 προφήτου
1247 1117 1296 1153 τῆς
1315 1118 1354 1149 εἰς
1379 1118 1424 1144 τὸν
1439 1115 1512 1144 οἷκον
1536 1117 1644 1153 ἔχεσθαι
1669 1118 1811 1153 φιλεργίας

1018 1163 1184 1199 ἐπισκήπτει
1207 1163 1282 1195 Θεός.
1309 1164 1465 1199 Γέγραπται
1492 1164 1546 1200 γὰρ
1568 1164 1656 1191 οὕτω·
1676 1173 1685 1190 ι
1708 1165 1752 1190 Ἐν
1771 1164 1811 1199 τῷ

1018 1209 1137 1246 δευτέρῳ
1153 1210 1208 1237 ἔτει
1230 1210 1276 1237 ἐπὶ
1293 1211 1407 1246 Δαρείου
1428 1210 1475 1237 τοῦ
1498 1210 1630 1245 βασιλέως
1644 1212 1674 1238 ὲν
1689 1209 1729 1246 τῷ
1746 1209 1812 1246 μηνὶ

1018 1255 1058 1291 τῷ
1077 1255 1159 1290 ἕκτῳ,
1179 1256 1228 1291 μιᾷ
1246 1255 1294 1282 τοῦ
1315 1256 1409 1292 μηνὸς,
1433 1257 1541 1291 ἐγένετο
1554 1257 1634 1291 λόγος
1659 1256 1762 1292 Κυρίου
1781 1257 1812 1283 ὲν

1019 1300 1091 1336 χειρὶ¹
1119 1301 1248 1335 ’Δγγαίου
1267 1301 1315 1328 τοῦ
1340 1303 1481 1337 προφήτου
1510 1302 1607 1336 λέγων,
1627 1302 1714 1329 Είπῆν
1743 1302 1812 1338 πρὸς

1019 1345 1171 1382 Ζοροϐάϐελ
1193 1346 1239 1373 1?»
1266 1346 1312 1374 106
1329 1347 1463 1382 Σαλαθιήλ
1488 1348 1534 1375 τὸν
1555 1348 1587 1375 ὲκ
1603 1348 1691 1383 φυλῆς
1715 1347 1810 1380 Ἰούδα.

1019 1391 1066 1418 καὶ
1080 1391 1148 1427 πρὸς
1170 1391 1272 1428 Ἰησοῦν
1287 1392 1332 1420 τὸν
1348 1393 1394 1421 τοῦ
1414 1393 1538 1421 Ἰωσεδὲκ
1549 1393 1595 1420 τὸν
1614 1393 1690 1430 ἱερέα
1703 1393 1748 1421 τὸν
1762 1393 1811 1428 μέ-

1018 1445 1080 1472 γαν,
1096 1437 1201 1472 λέγων·
1228 1439 1296 1467 Τάδε
1323 1439 1398 1474 λέγει
1421 1439 1524 1475 Κύριος
1540 1440 1756 1476 παντοκράτωρ·
1783 1439 1814 1468 '0

1019 1483 1082 1515 λαὸς
1097 1480 1174 1516 οὗτος
1187 1484 1327 1519 λέγουσιν’
1349 1486 1405 1521 Οὐχ
1420 1486 1482 1521 ἥκει
1498 1486 1513 1513 6
1535 1486 1629 1521 καιρὸς
1646 1485 1694 1513 τοῦ
1709 1486 1813 1513 οἰκοδο-

1022 1529 1107 1566 μῆσαι
1124 1530 1169 1557 16v
1183 1531 1257 1558 οἷκον
1272 1531 1386 1568 Κυρίου,
1404 1533 1459 1560 Καὶ
1475 1533 1582 1568 ἐγένετο
1599 1533 1678 1568 λόγος
1692 1533 1721 1560 ἐν
1740 1533 1813 1568 χειρὶ

1026 1575 1154 1610 Ἀγγαίου
1168 1575 1214 1602 τοῦ
1229 1577 1381 1613 προφήτου,
1397 1577 1500 1612 λέγων’
1518 1579 1550 1605 El
1570 1578 1666 1613 καιρὸς
1681 1578 1732 1613 μὲν
1749 1579 1813 1614 ὑμῖν

1020 1620 1080 1647 ἐστι
1092 1621 1139 1648 τοῦ
1159 1621 1243 1648 οίκεῖν
1259 1623 1288 1648 ὲν
1310 1622 1397 1655 οἴκοις
1410 1623 1634 1659 κοιλοστάθμοιςο
1659 1625 1673 1650 6
1694 1624 1724 1650 δὲ
1739 1621 1814 1655 οἶκος

1020 1667 1124 1702 Κυρίου
1145 1667 1323 1703 ἐξηρήμωται
1334 1676 1342 1701 ;
1355 1677 1365 1694 ι
1383 1669 1438 1696 Kal
1455 1669 1515 1704 μεθ’
1529 1669 1611 1706 ἕτερα
1627 1669 1718 1702 πάλιν,
1733 1679 1742 1695 ι
1757 1669 1814 1696 Καὶ

1021 1710 1146 1747 ἐξήγειρε
1160 1711 1263 1746 Κύριος
1281 1712 1312 1739 τὸ
1330 1712 1438 1748 πνεῦμα
1449 1714 1602 1750 Ζοροϐάϐελ
1614 1714 1662 1741 τοῦ
1677 1714 1814 1750 Σαλαθιήλ

1021 1756 1054 1784 ἐκ
1073 1756 1159 1791 φυλῆς
1178 1757 1274 1790 Ἰούδα,
1291 1758 1339 1784 καὶ
1352 1759 1383 1785 το
1396 1759 1506 1794 πνεῦμα
1523 1759 1610 1795 Ἰησοῦ
1627 1760 1674 1787 τοῦ
1691 1759 1814 1787 Ἰωσεδὲκ

1021 1802 1068 1830 τοῦ
1083 1802 1178 1838 ἱερέως
1191 1803 1238 1830 τοῦ
1254 1804 1382 1839 μεγάλου,
1395 1805 1444 1831 καὶ
1455 1805 1487 1832 τὸ
1499 1805 1609 1842 πνεῦμα
1620 1806 1674 1833 τῶν
1687 1806 1814 1833 καταλοί-

1022 1856 1081 1875 πων
1093 1848 1193 1880 παντὸς
1204 1848 1252 1876 τοῦ
1273 1849 1351 1877 λαοῦ.
1366 1850 1422 1877 Καὶ
1437 1850 1573 1886 εἰσῆλθον,
1587 1851 1636 1878 καὶ
1649 1851 1758 1879 ἐποίουν
1779 1851 1814 1878 τὰ

1022 1893 1090 1929 ἔργα
1101 1895 1130 1922 ὲν
1141 1893 1180 1930 τῷ
1190 1894 1257 1930 οἴκῳ
1268 1895 1371 1930 Κυρίου
1383 1897 1602 1933 παντοκράτορος
1615 1897 1682 1924 Θεοῦ
1695 1897 1811 1925 αῡτῶνιι

1024 1939 1120 1976 Ἀθρει
1133 1940 1165 1977 δὴ
1183 1939 1230 1968 οὖν
1243 1941 1282 1973 ὡς
1296 1941 1325 1968 ὲν
1337 1940 1414 1977 τύπῳ
1427 1942 1476 1971 καὶ
1493 1943 1578 1970 είκόνι
1589 1943 1669 1979 διπλῇ
1684 1944 1730 1971 τὸν
1747 1944 1814 1979 Ἐμ-

1024 1986 1155 2022 μανουὴλ,
1178 1986 1294 2022 βασιλέα
1322 1987 1383 2023 μὲν,
1395 1988 1433 2020 ὡς
1448 1987 1477 2015 ἔν
1490 1997 1522 2023 γε
1545 1989 1586 2024 τῷ
1600 1989 1768 2026 Ζοροϐάϐελ,
1783 1990 1814 2022 ὅς

1021 2029 1056 2068 ἦν
1070 2032 1103 2060 ὲκ
1127 2033 1214 2068 φυλῆς
1245 2033 1330 2061 Ἰούδα
1345 2034 1396 2070 τῆς
1417 2034 1478 2061 τότε
1497 2037 1609 2070 κρατεῖν
1630 2035 1766 2071 λαχούσης
1783 2036 1813 2062 ὲν

1029 2078 1139 2114 Ἰσραήλ
1157 2086 1164 2094 ·
1180 2079 1311 2115 ἀρχιερέα
1325 2079 1355 2107 δὲ
1375 2077 1408 2107 αὖ
1421 2080 1460 2113 ὡς
1475 2081 1504 2108 ὲν
1516 2081 1706 2118 ὁμωνύμῳ-τῷ
1723 2080 1812 2117 Ἰησοῦ

1023 2123 1061 2159 τῷ
1074 2124 1197 2160 ἀρχιερεῐ
1212 2124 1251 2160 τῷ
1265 2125 1375 2161 μεγάλῳ
1384 2133 1392 2141 ·
1408 2126 1457 2153 καὶ
1477 2126 1530 2162 μὴν
1543 2127 1590 2153 καὶ
1602 2127 1751 2162 ὲξάρχοντα
1762 2126 1813 2162 τῆς

1023 2170 1083 2197 ὁδοῦ
1106 2171 1155 2206 τῆς
1176 2170 1217 2202 εἰς
1235 2170 1285 2206 τὴν
1307 2171 1387 2206 ἁγίαν
1409 2172 1498 2205 πόλιν,
1515 2173 1548 2199 ἐκ
1579 2173 1630 2208 γῆς
1646 2172 1813 2206 ἀλλοφύλων·

182 2216 408 2252 alienigenarum,
426 2225 459 2244 ex
476 2216 572 2244 fraude
590 2217 727 2245 mundana
744 2217 772 2245 in
789 2223 911 2246 sanetam
930 2219 968 2247 ci-

1025 2216 1096 2250 φημὶ
1110 2215 1142 2251 δὴ
1155 2215 1236 2243 πάλιν
1248 2216 1298 2252 τῆς
1310 2216 1498 2246 Βαϐυλωνίων.
1516 2218 1612 2253 ’Λθρει
1625 2217 1672 2244 καὶ
1686 2224 1813 2252 τεχνουρ-

182 2261 295 2288 vitatcm
328 2261 497 2297 ingredimur
526 2261 677 2289 Ecclesiam
704 2262 971 2298 primogenitorum,

182 2312 265 2338 quam
279 2305 396 2340 ipsemet
409 2306 536 2334 Christus
560 2306 647 2341 eriget
664 2307 692 2334 in
712 2306 884 2343 spiritalibus
901 2308 972 2344 lapi-

183 2349 277 2383 dibus;
291 2351 364 2385 quod
379 2356 407 2378 et
417 2352 518 2379 Paulus
536 2356 661 2385 testatur,
674 2353 797 2382 scribens
811 2354 845 2382 iis
863 2355 909 2389 qui
923 2362 973 2390 per

184 2393 266 2421 ﬁdem
282 2395 416 2430 redempti
431 2400 505 2430 sunt,
519 2397 620 2432 quique
642 2397 745 2426 Christi
764 2399 887 2435 vestigiis
907 2399 973 2427 insi-

183 2445 258 2468 stere
272 2441 368 2468 volunt
383 2449 389 2468 :
410 2451 418 2466 ι
433 2442 462 2469 1η
481 2450 535 2477 quo
556 2447 583 2470 et
599 2451 648 2470 vos
668 2443 748 2471 simul
765 2444 890 2472 aediﬁcati
906 2445 973 2474 estis

184 2486 213 2513 in
230 2486 418 2514 habitaculum
436 2487 538 2515 Christi
559 2488 587 2515 in
609 2488 707 2524 spiritu
723 2490 757 2517 ".
775 2499 784 2516 ι
805 2489 884 2523 Quod
904 2498 972 2519 vero

184 2531 263 2566 longe
283 2532 441 2566 prmclarior
457 2533 492 2560 sit
508 2533 595 2568 gloria
619 2534 758 2568 Ecclesiae,
784 2543 866 2571 quam
890 2537 971 2572 primi

186 2577 260 2604 illius
271 2578 364 2613 templi
380 2586 413 2606 ex
430 2579 567 2614 lapidibus
583 2580 656 2613 facti,
675 2581 791 2616 ipsemet
809 2589 858 2616 per
876 2590 972 2610 vocem

188 2623 276 2658 Δίζεωί
290 2623 420 2657 declarat,
442 2624 537 2653 dicens
557 2634 563 2652 :
584 2635 593 2652 ι
606 2625 673 2659 Quis
686 2634 720 2653 ex
739 2626 817 2654 vobis
834 2627 903 2654 vidit
922 2627 973 2654 do-

188 2676 263 2696 mum
279 2669 357 2696 istam
370 2670 397 2697 in
411 2670 497 2705 gloria
512 2678 560 2698 sua
577 2679 630 2706 qua
648 2676 720 2704 ante,
732 2677 760 2700 et
777 2672 914 2707 quomodo
924 2680 973 2700 vos

188 2715 286 2742 videtis
299 2715 386 2750 ipsam
399 2724 473 2744 nunc
487 2716 558 2744 sicut
574 2725 628 2744 non
645 2718 821 2746 exsistentem
845 2719 872 2745 in
901 2726 967 2746 con-

189 2764 283 2797 spectu
296 2761 460 2789 vestro“?i
481 2761 515 2789 Et
530 2761 610 2798 paulo
625 2766 687 2798 post
703 2770 810 2790 rursum
824 2771 830 2789 :
856 2772 865 2788 ι
880 2763 970 2790 Meum

224 2854 247 2870 "'
274 2853 324 2881 lsa.
346 2862 404 2888 xtv,
435 2855 474 2883 15.
514 2855 535 2872 ⁸³
564 2856 661 2892 Philip.
689 2865 716 2891 ιι,
741 2857 780 2885 ll.

831 2859 852 2874 ⁹⁰
874 2858 938 2895 Agg.
960 2867 979 2893 ι,
997 2859 1049 2888 1-4.
1089 2860 1109 2876 ε’
1126 2858 1193 2888 ibid.
1215 2858 1254 2886 Η.
1277 2859 1327 2903 ﬁ"
1347 2858 1446 2894 Ephes.
1463 2866 1491 2893 ιι,
1509 2859 1552 2886 ‘22.
1580 2899 1583 2900 ν

1024 2261 1072 2293 γον
1089 2261 1165 2295 ὅντα,
1182 2261 1229 2288 καὶ
1241 2261 1407 2298 ἐπιμελητὴν
1420 2263 1466 2290 τοῦ
1481 2263 1559 2298 ἁγίου
1575 2262 1651 2290 ναοῦ.
1670 2262 1814 2297 Ἐπόμενοι

1023 2306 1078 2342 γὰρ
1092 2307 1136 2334 διὰ
1155 2307 1273 2340 πίστεως
1288 2310 1431 2345 καθηγητῇ
1451 2309 1490 2344 τῷ
1512 2308 1633 2344 Χριστῷ,
1651 2308 1689 2341 ὡς
1709 2308 1814 2344 βασιλεῖ

1024 2351 1070 2378 καὶ
1089 2352 1223 2387 ἀρχιερεῖ,
1240 2352 1272 2379 ὲκ
1284 2352 1442 2388 διαϐολικῆς
1462 2353 1628 2386 πλεονεξίας,
1649 2354 1696 2380 καὶ
1719 2353 1813 2388 ὥσπερ

1025 2396 1058 2422 ὲκ
1084 2396 1137 2431 γῆς
1159 2397 1325 2432 ἀλλοφύλων,
1347 2398 1377 2430 ἐξ
1407 2399 1515 2435 ἀπάτης
1540 2399 1676 2434 κοσμικῆς
1703 2400 1743 2432 είς
1763 2399 1814 2434 τὴν

1025 2442 1106 2477 ἁγίαν
1126 2443 1232 2479 εἴσιμεν
1250 2445 1338 2478 πόλιν,
1351 2445 1400 2481 τὴν
1423 2445 1477 2472 τῶν
1491 2445 1673 2481 πρωτοτόκων
1698 2445 1814 2480 Ἐκκλη-

1028 2489 1098 2523 σίαν,
1113 2490 1146 2526 ῆν
1165 2491 1246 2523 αὐτὸς
1263 2492 1353 2526 ἐγερεῖ
1367 2491 1484 2527 Χριστὸς
1503 2491 1541 2523 ὡς
1560 2491 1588 2518 ἐν
1604 2501 1636 2526 γε
1659 2492 1742 2524 λίθοις
1759 2493 1814 2523 τοῖς

1026 2537 1139 2571 νοητοῖς.
1155 2537 1211 2563 Kal
1231 2538 1401 2573 μαρτυρήσει
1417 2537 1531 2572 γράφων
1551 2538 1565 2564 6
1585 2537 1689 2569 Παῦλος
1702 2539 1758 2569 τοῖς
1770 2537 1814 2564 διὰ

1026 2581 1144 2614 πίστεως
1163 2582 1408 2619 ὲκλελυτρωμένοις
1427 2584 1474 2610 καὶ
1497 2583 1653 2610 ἀκολουθεῖν
1676 2583 1815 2618 ἑλομένοις

1025 2629 1083 2660 τοῖς
1097 2627 1182 2663 ἴχνεσι
1202 2629 1250 2656 τοῦ
1263 2630 1392 2665 Χριστοῦ·
1411 2639 1421 2656 ε
1446 2630 1489 2658 Ἐν
1504 2626 1526 2664 ᾧ
1538 2630 1586 2656 καὶ
1600 2630 1679 2665 ὑμεῖς
1693 2638 1814 2657 συνοικο-

1024 2673 1148 2708 δομεῖσθε
1156 2675 1195 2706 είς
1203 2676 1410 2711 κατοικητήριον
1420 2677 1467 2702 τοῦ
1476 2676 1593 2711 Χριστοῦ
1606 2677 1634 2702 ὲν
1644 2675 1790 2711 πνεύματι.
1802 2684 1812 2703 ι

1026 2719 1087 2746 Ὀτι
1103 2719 1133 2746 δὲ
1152 2719 1200 2746 καὶ
1221 2720 1340 2756 ἀμείνων
1362 2722 1379 2757 ἡ
1394 2721 1457 2754 δόξα
1478 2721 1527 2757 τῆς
1554 2722 1718 2757 Ἐκκλησίας
1738 2721 1814 2757 παρὰ

1023 2763 1073 2799 τὴν
1096 2763 1208 2801 πρώτην
1228 2766 1276 2793 καὶ
1294 2767 1324 2793 ἐν
1345 2767 1452 2802 ἀρχαῖς,
1469 2767 1517 2801 τὴν
1532 2766 1578 2793 ἐπί
1596 2766 1628 2801 γέ
1642 2774 1713 2802 φημι
1727 2766 1766 2802 τῷ
1781 2767 1815 2794 ἐκ

1604 2858 1627 2875 ⁴³³
1657 2857 1721 2892 Agg.
1738 2864 1772 2889 tr,
1788 2856 1812 2884 4.
