1990 3046
162 150 202 178 .37
683 151 946 180 GLAPIIYRORUM
967 152 1000 179 IN
1020 151 1171 181 GENESHI
1193 152 1259 181 LIB.
1280 154 1312 182 ll.
1767 159 1803 186 98

167 211 249 238 λίθων
265 210 330 246 ναῷ,
348 211 553 247 διαμεμήνυκεν
569 211 653 238 είπὼν
670 211 712 238 διὰ
728 212 819 247 φωνῆς
836 212 951 247 ’Δγγαίοέ

1016 219 1170 250 argentum,
1184 219 1212 241 ct
1228 222 1319 242 meum
1343 221 1452 248 aurum,
1468 215 1535 243 dicit
1556 215 1689 245 Dominus
1711 220 1804 247 omni-

167 255 264 283 πάλιν·
282 266 290 282 ι
309 257 358 288 Τἱς
373 257 403 289 ἐξ
417 257 504 293 ὑμῶν,
517 257 545 288 ὃς
558 255 610 284 εῐόε
628 257 673 284 τὸν
686 256 758 284 οἷκον
772 257 866 284 τοῦτον
883 260 911 285 ὲν
927 260 960 294 τῇ

167 302 231 337 δόξῃ
244 302 326 329 αὐτοῦ
339 304 372 338 τῇ
387 303 552 338 ἔμπροσθεν,
566 303 613 330 καὶ
624 303 683 335 πῶς
695 303 773 339 ὑμεῖς
785 303 897 338 βλέπετε
911 304 961 330 αὐ-

166 348 212 374 τὸν
225 347 272 374 νῦν
287 347 378 380 καθὼς
393 348 442 383 οὐχ
457 347 613 383 ὑπάρχοντα
626 348 740 375 ἐνώπιον
759 348 854 384 ὐμῶνς
874 358 883 373 ι
907 349 960 376 Καὶ

168 393 228 429 μεθ’
254 394 334 429 ἕτερα
357 394 450 420 πάλιν
481 403 490 420 ‹
519 394 599 429 Ἐμὸν
613 393 644 420 τὸ
663 393 804 430 ἀργύριον,
830 395 877 421 καὶ
893 394 960 430 ἐμὸν

165 440 196 465 τὸ
210 440 331 475 χρυσίον,
343 439 415 474 λέγει
430 440 531 475 Κύριος
545 440 754 475 παντοκράτωρ,
768 440 836 467 διότι
852 441 959 476 μεγάλη

165 486 243 511 ἐσται
260 486 276 520 ή
302 485 365 518 δόξα
383 484 430 512 τοῦ
454 485 529 512 οἴκου
554 485 650 512 τούτου
673 487 689 521 ἡ
707 486 808 522 ἐσχάτη
824 487 894 522 ὑπὲρ
910 486 959 521 τὴν

166 531 290 566 πρώτην,
316 531 389 565 λέγει
418 531 520 567 Κύριος
545 532 761 567 παντοκράτωρ·
791 533 838 559 καὶ
863 533 892 558 ὲν
919 531 959 567 τῷ

165 578 242 612 τόπῳ
263 577 350 613 τούτῳ
366 577 444 604 δώσω
463 578 584 613 εἰρήνην.
607 587 616 604 ι
641 577 695 604 Καὶ
709 578 805 613 εἰρήνη
817 578 906 613 ψυχῆς
919 579 960 610 εἰς

166 623 341 658 περιποίησιν
365 623 446 649 παντὶ
467 623 505 658 τῷ
529 622 647 654 κτίζοντι
670 623 717 650 τοῦ
734 623 887 658 ἀναστῆσαι
907 624 953 650 τὸν

166 669 230 696 ναὸν
240 669 344 696 τοῦτον.
362 669 418 696 Καὶ
438 669 566 704 ἀνιδρωτὶ
581 669 630 703 μὲν
653 669 685 696 ἄν
697 677 738 700 τις
753 669 909 702 συλλέξαιτο
923 669 958 696 τὰ

165 716 199 743 δι’
207 713 244 743 ὧν
256 717 321 751 ἡμῖν
332 716 370 747 ὡς
384 715 413 742 ἓν
422 724 454 750 γε
465 716 522 747 τοῖς
535 715 619 742 πάλαι
631 715 749 750 Χριστὸς
758 716 956 751 κατεγράφετο.

166 761 226 787 ’Ὶνα
241 760 269 786 δὲ
286 760 323 796 μὴ
335 759 374 795 τῷ
388 759 486 794 πλήθει
499 759 552 785 τῶν
575 759 805 795 παραδειγμάτων
823 760 958 796 ἀποκομί-

166 805 259 838 ζεσθαι
273 815 319 832 ποι
334 805 381 832 τοῦ
395 805 544 840 πρέποντος
558 805 572 831 ὁ
586 804 664 840 λόγος
674 806 741 841 ἡμῖν
758 805 836 841 δοκῇ,
852 805 956 841 παρέν-

165 860 209 883 τες
220 852 287 883 τέως
299 851 329 878 τὸ
338 852 384 878 καί
397 852 430 878 δι’
445 852 546 888 ἑτέρων
560 852 630 880 ἰέναι
639 852 741 885 λοιπὸν,
753 852 841 879 έκεῖνο
852 852 954 887 φαμένσ

165 899 262 934 Δεήσει
274 898 307 934 δὴ
331 898 440 930 πάντως
459 885 535 934 ἡμῖν,
558 899 631 926 δυοῖν
649 898 757 926 ἑλέσθαι
773 885 899 934 Θάτερονί
921 899 956 926 Ἦ
972 885 993 913 Β

165 945 220 979 γὰρ
243 945 305 976 τοὺς
330 945 364 971 δι’
381 940 419 971 ὧν
434 945 528 972 ἐκεῖνα
543 945 688 980 γεγόνασιν
705 945 821 973 είσάπαν
842 945 956 981 ἀναιρή-

167 999 259 1026 σομεν,
281 989 474 1026 καθορίζοντες
494 991 548 1018 τῶν
564 991 658 1019 τύπων
671 991 702 1018 τὺ
714 992 751 1028 μὴ
765 992 825 1019 λίαν
844 992 955 1028 άπλημ-

165 1036 254 1070 μελὲς,
267 1037 291 1062 εί
310 1037 411 1063 νοοῖντο
424 1036 457 1063 δι’
475 1036 627 1072 ἀνθρώπων
639 1036 693 1064 τῶν
710 1037 771 1064 καθ’
786 1038 860 1073 ἡμᾶς
874 1046 954 1072 γεγο-

164 1081 248 1114 νότες,
265 1081 354 1108 καίτοι
370 1081 439 1108 πολὺ
461 1081 522 1109 λίαν
537 1082 645 1117 ἔχοντες
664 1082 867 1119 τόθεοπρεπὲς·
883 1083 901 1119 ἢ
922 1083 954 1110 τδ

163 1127 275 1162 Πνεῦμα
290 1127 415 1161 λέγοντες
428 1127 472 1153 ἀεὶ
489 1127 659 1162 μορφοῦσθαι
673 1127 742 1163 πρὸς
758 1125 827 1159 εἶδος
840 1127 870 1154 τὸ
891 1127 952 1154 καθ’

163 1174 251 1209 ἡμᾶς,
269 1172 299 1205 ἐξ
309 1173 431 1208 ἀνάγκης
443 1173 648 1209 ὁμολογήσομεν
663 1173 710 1200 καὶ
725 1174 764 1205 είς
781 1172 872 1209 Κῦρον
888 1174 954 1200 αὐτὸ

1013 265 1111 295 potens
1123 281 1131 293 ,
1148 261 1213 295 quia
1227 268 1324 296 magna
1333 261 1387 288 erit
1397 261 1483 296 gloria
1499 262 1598 290 domus
1616 264 1695 291 istius
1710 265 1802 292 novis-

1013 306 1089 333 simae
1099 306 1244 341 plusquam
1256 306 1361 341 primm,
1375 310 1403 334 et
1418 307 1446 334 in
1461 307 1522 334 loco
1539 307 1592 337 isto
1609 308 1681 335 dabo
1695 318 1802 343 pacem,

1013 351 1081 378 dicit
1093 352 1227 380 Dominus
1241 353 1416 388 omnipotens
1427 353 1460 380 ".
1476 364 1485 379 ι
1504 354 1539 381 ΕΙ.
1552 362 1604 389 pax
1618 355 1715 382 animm
1729 356 1803 383 cedit

1014 396 1048 423 in.
1068 397 1267 432 possessionem
1294 399 1369 426 omni
1398 400 1552 427 exstrucnti
1579 401 1711 435 templum
1738 401 1800 429 hoc.

1013 443 1097 470 Multa
1113 449 1246 478 praeterea
1262 444 1315 472 alia
1330 445 1409 473 facile
1430 446 1492 481 quis
1510 446 1660 481 collegerit,
1674 455 1724 482 per
1741 455 1802 482 quae

1012 489 1102 521 nobis,
1123 493 1155 516 ut
1173 490 1200 517 in
1214 490 1365 524 veteribus,
1385 491 1511 520 Christus
1525 492 1742 519 describebatur.
1762 493 1802 520 Ne

1012 542 1078 562 vero
1100 536 1277 564 multitudine
1299 538 1487 572 exemplorum
1505 546 1595 565 sermo
1615 536 1698 573 supra
1718 546 1800 572 quam

1011 588 1061 615 par
1075 585 1117 608 est
1132 587 1272 616 evagetur,
1286 584 1477 617 praetcrmissis
1492 584 1564 616 aliis,
1579 584 1646 610 illud
1665 584 1798 612 dicimus:

1011 626 1158 661 Oportebit
1179 628 1253 654 enim
1274 629 1386 655 omnino
1403 629 1519 657 duorum
1543 630 1659 657 alterum
1679 637 1799 658 sumere.

1010 672 1064 700 Aut
1079 673 1152 700 enim
1168 681 1216 701 cos
1228 681 1278 708 per
1291 682 1359 709 quos
1372 674 1418 701 illa
1429 674 1498 702 facta
1513 681 1586 708 sunt,
1601 676 1628 702 in
1640 676 1799 704 universum

1011 717 1148 750 tollemus,
1173 725 1251 745 suam
1276 719 1347 754 typis
1367 719 1558 746 auctoritatem
1584 719 1758 755 derogantes,
1775 721 1798 748 si

1010 767 1175 790 censeantur
1198 771 1247 798 per
1267 763 1393 792 homines
1408 764 1460 799 57
1483 765 1571 792 nostri
1596 766 1702 796 similes
1723 765 1797 798 facti,

1010 809 1118 836 tametsi
1137 809 1244 837 divinas
1262 817 1307 837 res
1321 810 1349 837 in
1362 817 1391 838 se
1407 811 1582 844 contineant;
1609 815 1657 839 aut
1675 812 1800 840 dicentes

1009 855 1267 890 semperSpiritum
1281 860 1403 883 nostram
1416 856 1531 884 formam
1548 858 1684 892 accipere,
1704 866 1799 885 ncces-

1009 901 1083 928 sario
1101 901 1250 928 fatebimur
1269 901 1402 936 Spiritum
1415 903 1498 929 etiam
1509 903 1537 929 in
1553 902 1653 938 Cyrum
1667 903 1799 930 transfor-

1009 952 1123 980 matum,
1134 947 1181 982 qui
1200 948 1285 975 Deum
1297 955 1352 975 non
1365 953 1489 976 noverat.
1507 949 1616 976 Dictum
1627 949 1701 976 enim
1711 954 1754 976 est
1764 949 1797 976 ad

1007 1000 1089 1020 eum:
1106 1003 1115 1018 ι
1131 993 1172 1020 Τιι
1189 1001 1255 1020 vero
1269 1001 1323 1021 non
1341 994 1525 1029 cognoscebas
1546 1002 1589 1021 me
1600 994 1634 1020 ".
1649 1004 1659 1019 ι
1677 994 1798 1021 Sublatis

1007 1046 1074 1066 vero
1094 1039 1129 1066 iis
1152 1047 1213 1074 quaz
1237 1039 1265 1066 in
1285 1040 1366 1075 typis,
1391 1040 1490 1067 umbra
1508 1039 1620 1075 quidem
1639 1040 1798 1067 censebitur

1006 1085 1097 1113 Aaron
1109 1094 1116 1112 :
1129 1085 1282 1113 Zorobabel
1297 1090 1389 1113 autem
1407 1085 1563 1114 Salathielis
1578 1086 1660 1118 ﬁlius,
1673 1090 1701 1113 et
1718 1086 1798 1114 Jesus

1005 1130 1122 1158 Josedee
1136 1130 1219 1163 ﬁlius,
1232 1131 1360 1158 sacerdos
1372 1138 1497 1167 magnus,
1511 1131 1580 1159 nihil
1599 1136 1699 1167 prater
1715 1132 1796 1160 inane

1006 1179 1034 1202 et
1046 1175 1135 1203 solum
1148 1183 1249 1204 nomen
1265 1175 1417 1203 habebunt.

162 1221 362 1249 δωπεπλᾶσθαι
387 1229 464 1254 ποτε,
491 1221 537 1248 τδν
565 1221 615 1248 οὐκ
642 1221 732 1249 εἰδότα
747 1221 827 1250 Θεόν.
843 1222 958 1258 Εἰρηται
977 1223 1031 1259 γὰρ
1046 1223 1114 1259 πρὸς
1133 1224 1225 1256 αὑτὸν,
1244 1233 1253 1250 ‹
1276 1224 1312 1251 Σὺ
1343 1224 1372 1250 δὲ
1405 1225 1454 1251 οὐκ
1469 1225 1541 1261 ᾔδεις
1559 1234 1604 1260 με.
1622 1234 1632 1251 ι
1655 1225 1796 1260 ’Δναιρου-

164 1268 252 1304 μένων
274 1267 302 1294 δὲ
318 1267 372 1294 τῶν
393 1268 422 1294 ὲν
439 1267 545 1300 τύποις,
564 1267 630 1294 σκιὰ
647 1268 697 1304 μὲν
713 1268 777 1300 ῐσως
804 1268 818 1295 ὁ
840 1268 956 1305 Ἀαρών·
976 1270 1129 1305 Ζοροϐάϐελ
1140 1270 1168 1297 δὲ
1181 1272 1195 1298 6
1206 1270 1253 1297 τοῦ
1265 1271 1408 1307 Σαλαθιήλ,
1424 1272 1471 1299 καὶ
1502 1271 1553 1307 μέν
1581 1280 1620 1299 τοι
1631 1272 1678 1299 καὶ
1693 1271 1795 1308 Ἰησοῦς

161 1317 176 1342 6
190 1314 235 1341 τοῦ
265 1313 388 1340 Ἰωσεδὲκ
412 1314 426 1340 6
443 1313 531 1349 ἱερεὺς
553 1313 568 1340 ό
585 1313 683 1349 μέγας,
705 1314 734 1341 ὲν
751 1313 881 1349 ὀνόμασιν
899 1313 955 1342 εἷεν
973 1315 1007 1342 ἂν
1020 1315 1107 1351 ψιλοῖς
1122 1325 1152 1343 τε
1166 1317 1214 1344 καὶ
1229 1316 1330 1352 μόνοις.

197 1359 230 1392 ζ’.
257 1359 326 1386 Ἀλλ’
342 1357 418 1395 οἴμαι
431 1358 464 1395 δὴ
480 1359 579 1394 μᾶλλον
592 1359 624 1386 ὲκ
636 1358 766 1395 λογισμοῦ
782 1359 829 1386 τοῦ
847 1359 951 1391 εἰκότος

159 1407 418 1442 ἀνα-πεπεισμένους
433 1406 600 1434 συναινέσειν
617 1406 716 1442 ὀρθῶς,
733 1407 771 1439 ὼς
789 1404 824 1442 ἦν
840 1407 890 1443 μὲν
903 1407 951 1435 ἄν·

163 1452 271 1489 θρωπος
282 1453 296 1479 6
308 1452 485 1487 Μελχισεδὲκ,
503 1452 606 1484 πόλεως
623 1452 773 1487 βασιλεύων
786 1452 836 1488 τῆς
847 1453 950 1488 Σαλήμ·

1040 1361 1067 1388 7.
1087 1361 1122 1389 At
1134 1366 1216 1394 ’νει-ο,
1236 1361 1284 1397 qui
1299 1366 1380 1389 recta:
1395 1362 1509 1390 rationis
1519 1363 1653 1398 judicium
1676 1371 1795 1400 sequun-

1004 1411 1060 1440 tur,
1075 1407 1168 1442 potius
1177 1407 1364 1442 probaverint,
1386 1407 1526 1435 hominem
1548 1409 1633 1437 fuisse
1650 1410 1794 1438 Melchise-

1005 1453 1066 1486 dec,
1081 1461 1172 1489 regem
1190 1451 1310 1481 civitatis
1329 1453 1429 1480 Salem.
1442 1454 1522 1481 Hunc
1535 1462 1601 1482 vero
1610 1455 1691 1483 nobis
1704 1456 1732 1482 in
1751 1461 1794 1492 ty-

160 1500 246 1527 τὺπον
269 1498 297 1525 δὲ
315 1499 382 1533 ἡμῖν
402 1498 483 1524 αὑτὸν
513 1498 631 1524 ἐποιεῖτο
650 1498 780 1533 Χριστοῦ,
807 1498 951 1531 λεπτόνους

1005 1507 1071 1534 pum
1080 1498 1182 1526 Christi
1192 1498 1336 1534 proposuit
1348 1498 1462 1531 Paulus,
1472 1498 1582 1526 subtilis
1590 1500 1794 1535 acerrimusque

161 1545 202 1576 ιίς
223 1543 340 1580 θεωρίας
361 1544 549 1578 πνευματικὰς
572 1544 703 1580 ὑπάρχων
726 1545 740 1571 6
761 1543 878 1577 Παῦλος
907 1546 951 1572 ὲν-

163 1589 303 1625 ιστάμενοι
317 1589 345 1615 δὲ
366 1589 436 1624 μετὰ
458 1588 547 1621 τοῦτο,
574 1589 622 1617 καὶ
637 1589 714 1616 οὐδὲν
730 1587 812 1625 ἦττον
829 1589 954 1625 λέγουσιν

161 1635 199 1667 ὥς
209 1635 352 1671 ἄνθρωπος
369 1634 418 1670 μὲν
441 1635 490 1661 οὐκ
502 1632 536 1670 ἦν
550 1634 565 1661 ὁ
589 1634 773 1670 Μελχισεδέκσ
788 1635 819 1662 τὸ
841 1635 953 1671 Πνεῦμα

161 1681 190 1708 δὲ
214 1681 314 1717 μᾶλλον
339 1680 370 1707 τὸ
389 1680 482 1715 ἆγιον·
498 1680 515 1716 ἢ
533 1681 598 1714 γοῦν
620 1681 702 1716 ἑτέρα
715 1690 757 1713 τις
770 1681 882 1717 δύναμις
898 1682 952 1708 τῶν

161 1727 265 1755 ἄνωθεν
291 1727 340 1754 καὶ
364 1725 394 1758 ἐξ
417 1725 544 1761 οὐρανοῦ,
570 1727 621 1762 τὴν
641 1726 831 1762 λειτουργικὴν
854 1727 952 1762 ἔχουσα

161 1773 249 1806 τάξιν·
271 1773 345 1799 δοκεῖ
362 1773 415 1808 γὰρ
433 1770 484 1800 ὦδε
505 1773 614 1808 φρονεῖν
628 1772 744 1807 ἑτέροις,
760 1772 847 1799 ἐκεῖνό
862 1781 952 1808 φαμεν

160 1818 318 1852 ἀναγκαίως
337 1818 378 1845 ὅτι
405 1818 631 1853 πλημμελήσουσι
657 1817 729 1845 κατὰ
754 1817 800 1844 δύο
822 1817 950 1853 τρόπους,

159 1863 209 1890 καὶ
220 1863 270 1899 τὴν
285 1863 360 1890 θείαν
377 1863 423 1890 καὶ
439 1863 558 1899 ἄρρητον
571 1862 618 1889 τοῦ
638 1862 795 1898 Πνεύματος
815 1863 896 1898 φύσιν
911 1864 951 1894 είς

160 1907 206 1934 τὴν
223 1907 260 1943 μὴ
282 1907 420 1942 πρέποντα
442 1908 541 1944 τρόπον
563 1907 632 1942 αὐτῇ
657 1907 875 1943 κατασύροντις,
903 1907 950 1934 καὶ

160 1954 211 1989 τὴν
237 1954 368 1989 γεννητὴν
390 1953 438 1981 καὶ
463 1953 653 1989 πεποιημένην
681 1953 781 1986 κτίσιν,
803 1954 843 1986 εἰς
870 1953 950 1987 δόξαν

161 2000 298 2036 ὑπερτειιῆ
324 1999 472 2035 φληνάφως
497 1999 718 2034 ἀνακομίζοντες.
745 1999 812 2026 Τίνα
848 1999 949 2035 τρόπον

161 2045 226 2081 ἐρῶ.
238 2046 395 2081 Γέγραπται
409 2045 474 2081 περὶ
487 2044 534 2071 τοῦ
545 2045 722 2080 Μελχισεδὲκ,
735 2045 774 2077 ὡς
786 2055 796 2072 ι
812 2043 846 2076 ἣν
860 2045 950 2081 ἱερεὺς

160 2089 297 2120 τοῦ’Θεοῦ
315 2092 437 2127 ὑψίστου.
455 2101 465 2118 ι
490 2091 521 2119 Et
540 2092 568 2119 δὲ
594 2092 626 2128 δὴ
648 2091 678 2118 τὸ
694 2091 806 2128 Πνεῦμα
820 2093 854 2120 τὸ
873 2091 949 2127 ἅγιόν

160 2139 234 2166 ἐστιν
253 2139 267 2164 ό
286 2139 462 2174 Μελχισεδὲκ,
483 2137 667 2173 κατεκομίσθη
684 2137 777 2165 λοιπὸν
799 2139 828 2165 ἐν
843 2139 949 2174 ίεροῡρ-

1004 1544 1186 1580 spiritualium
1206 1543 1467 1579 contemplationum
1491 1544 1634 1580 indagator
1655 1546 1689 1573 “.
1712 1545 1795 1574 Belu-

1003 1593 1108 1617 ctantes
1121 1596 1187 1616 vero
1204 1589 1233 1615 hi
1244 1588 1424 1616 nihilominus
1440 1588 1536 1616 dicunt
1551 1589 1732 1619 Meichisedec
1741 1591 1793 1619 ho-

1002 1636 1105 1663 minem
1125 1643 1181 1663 non
1203 1635 1287 1662 fuisse
1302 1643 1310 1667 ;
1327 1634 1462 1669 Spiritum
1476 1642 1542 1662 vero
1556 1635 1647 1670 potius
1657 1640 1792 1670 sanctum,

1002 1685 1048 1708 aut
1064 1679 1166 1714 alioqui
1189 1679 1270 1706 aliam
1298 1679 1445 1714 quamdam
1464 1684 1625 1714 potestatem
1646 1688 1792 1716 supernam

1002 1730 1083 1761 atque
1094 1726 1244 1757 caelestem,
1261 1723 1424 1751 sacerdotali
1439 1723 1578 1752 functione
1588 1725 1739 1759 praeditam.
1754 1726 1793 1754 lla

1001 1771 1075 1798 enim
1095 1770 1260 1806 quibusdam
1275 1770 1375 1797 sentire
1387 1766 1485 1804 placet,
1498 1770 1546 1805 qui
1560 1771 1671 1805 quidem
1685 1771 1794 1800 duobus

1001 1816 1090 1844 modis
1100 1823 1194 1844 errare
1206 1815 1316 1843 dicendi
1329 1819 1403 1848 sunt,
1419 1823 1482 1843 cum
1492 1816 1614 1844 divinam
1629 1821 1710 1852 atque
1720 1817 1791 1845 inef-

1000 1863 1112 1890 fabilem
1135 1862 1256 1897 Spiritus
1283 1862 1370 1890 sancti
1387 1865 1511 1889 naturam
1535 1863 1569 1890 ad
1586 1871 1629 1895 ea,
1652 1871 1714 1898 qua:
1739 1863 1792 1898 ipsi

1000 1909 1114 1936 minime
1123 1908 1301 1940 conveniunt,
1312 1907 1458 1935 demittant
1470 1917 1476 1934 :
1490 1911 1546 1935 tum
1557 1912 1719 1941 creaturam,
1731 1917 1792 1944 qua

999 1955 1072 1983 facta
1089 1962 1121 1982 ac
1138 1958 1229 1981 creata
1248 1957 1300 1986 est,
1316 1954 1351 1981 ad
1373 1954 1487 1989 gloriam
1503 1954 1583 1989 longe
1597 1954 1655 1989 ipsa
1664 1956 1791 1990 superio—

1000 2008 1059 2030 rem
1074 2000 1173 2028 stolide
1188 1999 1330 2027 extollant.
1342 1999 1466 2032 Quonam
1481 2004 1572 2027 autem
1587 2005 1677 2035 pacto,
1689 2001 1789 2029 dicam.

1000 2046 1138 2081 Scriptum
1153 2050 1196 2073 est
1214 2045 1249 2073 de
1264 2045 1454 2078 Melchisedec,
1468 2045 1542 2080 quod
1565 2055 1574 2071 ι
1587 2051 1646 2073 erat
1662 2048 1789 2076 sacerdos

998 2090 1048 2118 Dei
1070 2090 1196 2118 altissimi
1217 2090 1251 2116 ’7.
1269 2099 1279 2116 ι
1303 2089 1331 2117 Si
1351 2094 1442 2117 autem
1468 2090 1586 2125 Spiritus
1614 2096 1726 2119 sanctus
1747 2097 1790 2120 est

999 2136 1192 2169 Melchisedec,
1213 2135 1333 2163 refertur
1355 2135 1428 2163 inter
1449 2136 1605 2164 sacerdotes
1619 2136 1746 2171 Spiritus,
1761 2142 1789 2165 et

160 2186 217 2220 τοῖς
239 2185 270 2211 τὸ
287 2185 408 2219 Πνεῦμα,
421 2184 469 2211 καὶ
489 2184 679 2219 λειτουργικὴν
700 2183 758 2220 ἔχει
781 2183 832 2219 τὴν
845 2182 947 2219 ὑπουρ-

1004 2181 1162 2210 sacerdotali
1195 2180 1349 2210 ministerio
1374 2180 1506 2216 fungitur.
1538 2181 1674 2208 Laudabit
1697 2182 1789 2217 itaque

159 2231 231 2264 γίαν.
268 2231 398 2266 ’Υμνήσει
422 2230 455 2265 δὴ
471 2227 516 2257 οὗν
541 2229 588 2256 καὶ
609 2229 674 2256 αὐτὸ
699 2228 770 2264 μετὰ
785 2228 841 2256 τῶν
861 2229 948 2264 ἁγίων

161 2276 284 2311 αγγέλων
314 2276 360 2303 τὸν
383 2275 513 2302 ἀνωτάτω
535 2275 612 2302 Θεόν.
638 2274 795 2310 Γέγραπται
815 2275 882 2310 γὰρ,
906 2274 947 2301 ὅτι

163 2323 319 2357 (Εὑλογείτε
327 2322 373 2349 τὸν
383 2322 496 2357 Κύριον,
512 2320 612 2351 πάντες
631 2320 655 2346 οί
667 2319 777 2354 ἄγγελοι
787 2318 882 2351 αὑτοῦ,
896 2318 948 2345 λει-

157 2369 269 2405 τουργοὶ
282 2367 375 2400 αὑτοῦ,
394 2368 419 2394 οἱ
439 2366 579 2398 ποιοῦντες
594 2365 624 2392 τὸ
635 2365 740 2401 θέλημα
754 2365 848 2393 αὑτοῦ.
871 2374 881 2391 ι
895 2364 946 2401 Εἷη

158 2413 212 2450 γὰρ
225 2413 257 2440 ἂν
273 2411 419 2448 οὐδαμόθεν
429 2410 601 2446 ἀσυμφανὲς,
616 2410 654 2442 ὡς
669 2409 698 2441 ὃς
712 2409 798 2445 ἑτέρῳ
812 2418 862 2436 που
875 2409 945 2436 πάν-

157 2468 211 2492 τως
223 2458 368 2494 ίερουργεῖ,
379 2458 425 2484 καὶ
435 2457 484 2492 οὐχ
492 2455 615 2491 ἑαυτῷτδ
629 2454 796 2491 ἱερουργοῦν,
810 2455 946 2490 ἱερουργεῖ

157 2506 186 2532 δὲ
194 2505 232 2540 τῷ
242 2504 313 2540 Θεῷ,
323 2503 361 2540 τῷ
375 2502 530 2539 προῦχοντι.
542 2501 646 2528 Οὐκοῦν
657 2501 683 2527 εἰ
692 2509 782 2536 φαμεν
795 2501 945 2537 ἱερατεύειν

157 2552 187 2578 τὸ
199 2551 321 2586 Πνεῦμα,
332 2550 381 2585 τὴν
394 2548 468 2576 θείαν
485 2557 535 2575 που
551 2547 658 2579 πάντως
671 2546 841 2581 ὐποκάθηται
854 2546 943 2580 φύσιν·

157 2598 229 2624 τελεῖ
248 2597 276 2624 δὲ
303 2595 404 2632 μᾶλλον
427 2595 474 2621 καὶ
490 2595 518 2620 εν
539 2593 673 2629 γενητοῖς,
693 2592 740 2618 καὶ
760 2591 944 2627 προσκυνήσει

159 2644 209 2679 μὲν
224 2642 284 2679 μεθ’
299 2642 384 2678 ἡμῶν.
409 2639 530 2675 Ἀγιάσει
545 2638 574 2665 δὲ
597 2638 706 2669 πάντως
717 2637 767 2672 οὐχ
779 2636 869 2668 ἐαυτδ,
885 2636 946 2663 ἐπεί

156 2698 198 2716 τοι
217 2689 248 2716 τὸ
269 2687 460 2723 ἀγιαζόμενον,
487 2683 620 2721 κρείττονι
646 2692 696 2710 που
717 2683 826 2714 πάντως
843 2682 859 2717 ἢ
883 2681 946 2708 καθ’

157 2735 239 2763 ἑαυτὸ
255 2735 301 2770 τὴν
325 2733 406 2769 φύσιν
425 2731 577 2766 ἁγιάζεται.
601 2728 799 2764 ’Δγιασοήσετο
831 2727 858 2755 δὲ
885 2727 945 2762 μεθ’

158 2781 247 2816 ἡμῶν,
269 2779 330 2810 Πῶς
350 2776 396 2805 οὖν
410 2777 447 2804 ἔτι
463 2777 508 2803 καὶ
527 2775 591 2808 Θεὸς
606 2775 676 2802 κατὰ
692 2774 772 2809 φύειν
787 2779 817 2800 το
834 2772 945 2807 ἁγιαζό-

997 2228 1081 2256 etiam
1096 2228 1155 2263 ipse
1168 2234 1231 2255 cum
1241 2226 1345 2262 angelis
1360 2227 1445 2253 Deum
1462 2226 1634 2254 altissimum.
1650 2226 1788 2262 Scriptum

997 2278 1040 2301 est
1058 2273 1151 2301 enim:
1168 2282 1178 2299 ι
1195 2272 1352 2300 Benedicite
1368 2271 1434 2303 Deo,
1449 2279 1544 2299 omnes
1554 2272 1721 2308 angeliejus,
1734 2273 1788 2300 mi-

997 2319 1077 2347 nistri
1097 2319 1167 2354 ejus,
1178 2318 1309 2346 facientes
1324 2317 1491 2344 voluntatem
1509 2317 1595 2351 ipsius
1611 2317 1644 2344 ".
1663 2327 1672 2343 ι
1692 2317 1787 2353 Neque

996 2372 1062 2392 vero
1073 2364 1189 2392 dubium
1207 2371 1268 2391 esse
1280 2363 1392 2399 poterit,
1407 2362 1472 2397 quin
1486 2362 1533 2397 qui
1551 2363 1631 2390 alteri
1645 2363 1727 2391 alicui
1743 2371 1786 2391 sa-

997 2410 1112 2443 criﬁcat,
1129 2418 1186 2438 non
1202 2409 1254 2437 sibi
1272 2409 1334 2444 ipsi,
1350 2408 1397 2436 sed
1414 2409 1480 2440 Deo,
1493 2413 1524 2436 ut
1537 2408 1684 2443 superiori,
1700 2409 1787 2437 sacri-

999 2455 1071 2484 ﬁcet.
1084 2456 1218 2489 Quocirca
1229 2455 1251 2483 si
1264 2454 1382 2482 dicimus
1395 2454 1527 2489 Spiritum
1536 2454 1691 2482 sacerdotio
1698 2454 1786 2491 fungi,

998 2503 1091 2530 divina
1111 2502 1223 2529 omnino
1246 2504 1344 2528 natura
1366 2499 1479 2527 inferior
1500 2500 1563 2532 erit,
1581 2504 1609 2527 et
1625 2500 1725 2528 creatis
1739 2508 1786 2528 ac-

997 2546 1165 2578 ccnscbitur,
1184 2544 1362 2579 adorabitque
1381 2553 1434 2571 una
1447 2544 1601 2571 nobiscum.
1625 2544 1786 2572 Sanctiﬁca-

998 2592 1038 2619 bit
1050 2598 1115 2619 vero
1131 2598 1186 2618 non
1203 2590 1333 2625 seipsum,
1352 2589 1487 2624 siquidem
1498 2589 1572 2624 quod
1589 2589 1785 2623 sanctiﬁcatur,

997 2635 1181 2672 praestantiori
1199 2635 1292 2668 alicui,
1308 2643 1390 2670 quam
1408 2635 1497 2670 ipsum
1508 2643 1541 2662 ex
1553 2642 1603 2665 sua
1619 2639 1717 2662 natura
1733 2640 1784 2667 est,

996 2680 1190 2710 sanctiﬁcatur.
1210 2680 1430 2719 Sanctiﬁcabitur
1454 2681 1546 2716 itaque
1561 2680 1714 2708 nobiscum.
1726 2681 1785 2714 Quo

996 2732 1076 2762 pacto
1095 2726 1177 2762 igitur
1196 2727 1269 2754 Deus
1284 2727 1434 2754 secundum
1445 2731 1569 2754 naturam
1586 2727 1648 2758 erit,
1665 2726 1693 2754 id
1711 2726 1784 2761 quod

996 2772 1197 2800 sanctiﬁcatum
1217 2772 1279 2800 est?
1289 2772 1386 2799 Annon
1397 2772 1470 2800 enim
1485 2773 1573 2800 omnis
1582 2771 1710 2800 sacerdos
1720 2779 1784 2799 san-

193 2876 216 2892 “
229 2883 296 2911 .igg.
309 2882 338 2907 ιι,
353 2874 380 2909 9,
395 2863 436 2900 1οζ
474 2874 497 2888 “5
513 2873 564 2900 lsa.
578 2879 638 2904 xw,
669 2870 688 2898 l.
731 2870 753 2886 9°
770 2869 853 2905 llebg.
865 2877 911 2902 vu,
934 2868 1035 2903 lscqq.
1072 2869 1094 2885 ’7
1109 2867 1178 2896 Psal.
1196 2867 1284 2901 crx,4.
1322 2865 1431 2903 "_Psal.
1449 2872 1493 2897 eu,
1506 2863 1550 2892 il.
