1990 3046
194 138 228 168 99
693 135 720 163 S.
740 135 878 163 CYRILLI
898 130 1131 162 ALEXANDRINI
1149 130 1304 160 ARCHIEP.

1772 127 1824 155 100

195 197 343 228 ctiﬁcatur,
368 199 450 230 atque
476 195 512 222 ita
529 194 681 230 ingreditur
697 194 731 221 ad
743 201 883 222 sacrorum
897 192 984 220 admi-

1039 200 1136 227 μενονς
1155 189 1193 217 ’11
1208 191 1261 226 γὰρ
1284 190 1314 215 ού
1336 189 1388 221 πᾶς
1402 188 1490 224 ἱερεὺς
1507 187 1659 223 ἁγιάζεται.
1676 187 1772 214 statstat
1793 195 1825 214 τε

195 242 387 270 nistrationem
407 242 418 268 ?
446 250 455 266 ε
469 240 565 275 Neque
590 240 662 267 enim
680 239 824 275 quisquam
840 237 985 266 sumitsibi

198 287 330 315 honorem
344 286 425 322 (sicut
436 286 567 320 scriptum
580 285 643 321 est),
654 285 702 313 sed
711 285 758 320 qui
770 289 883 312 vocatur
891 292 906 310 a
919 284 986 316 Deo,

199 338 328 368 tanquam
352 333 442 359 Aaron
462 332 495 358 θ’.
513 341 522 357 ι
545 331 598 366 58
619 331 726 366 Adjccit
751 334 842 357 autem
866 329 986 356 Paulus:

203 379 271 406 «Sic
292 383 320 406 et
344 377 470 405 Christus
495 384 550 403 non
573 376 750 410 semetipsum
765 374 935 410 gloriﬁcavit,
957 378 988 402 ut

198 425 321 461 pontifex
340 423 427 455 ﬁeret,
445 422 494 450 sed
510 422 557 456 qni
575 421 683 448 locutus
700 425 741 448 est
757 421 791 448 ad
804 428 866 448 eum
880 429 886 447 :
902 419 987 448 Filius

198 477 278 498 meus
296 477 326 496 es
340 473 379 501 tu,
399 476 449 504 ego
462 468 544 495 hodie
557 467 640 502 genui
654 471 689 494 te.
707 465 943 505 Quemadmodum
959 469 988 493 et

197 516 252 543 alio
278 515 306 542 in
327 516 388 542 loco
413 514 482 541 dixit
500 522 506 540 :
526 513 575 540 Tu.
593 520 624 540 es
643 512 772 540 sacerdos
797 512 825 539 in
852 508 985 540 aeternam

197 563 349 592 secundum
360 561 485 589 ordinem
501 560 681 588 Melchisedec
695 560 714 586 '.
730 569 738 585 ι
754 559 899 587 Sciendum
912 559 986 587 enim

197 613 249 642 est,
268 609 341 644 quod
355 615 443 643 neque
466 607 523 642 ipse
541 606 627 634 Filius
646 605 767 633 Verbum
788 614 822 633 ex
840 606 920 634 Patre
941 613 986 634 sa-

198 655 320 682 cerdotio
341 654 415 688 fungi
438 652 556 684 dicatur,
571 655 599 679 et
613 651 641 679 in
660 651 872 679 sacriﬁcantium
889 650 986 678 ordine

197 707 267 731 esse,
283 699 336 726 nisi
354 699 382 726 in
398 702 530 734 quantum
546 697 629 724 homo
643 701 757 732 propter
767 704 819 724 nos
830 700 872 724 est
887 696 984 727 factus.

196 750 225 773 et
246 746 318 773 sicut
334 750 448 773 vocatur
475 744 601 780 propheta
627 748 655 770 et
673 742 806 778 apostolus
829 743 850 775 ‘,
874 747 986 778 propter

197 790 395 818 humanitatem
416 797 498 825 quam
517 788 674 824 assumpsit,
695 788 732 816 ita
750 788 832 816 etiam
851 789 983 816 sacerdos.

195 836 369 864 Conveniunt
384 837 457 863 enim
476 836 570 863 formae
587 835 738 867 servitutis,
755 835 874 862 servilia.
896 834 985 870 Atque

1037 237 1124 269 οὕτως
1148 237 1194 263 ἐπὶ
1216 236 1248 263 τὸ
1263 236 1361 271 χρῆναι
1383 234 1475 262 λοιπον
1501 235 1546 261 καὶ
1567 235 1740 270 ἱερουργεῖν;
1759 243 1768 260 ‹
1786 233 1824 260 Οὐ

1037 283 1091 319 γὰρ
1104 282 1192 318 ἐαυτῷ
1211 291 1252 314 τις
1276 281 1409 316 λαμϐάνει
1427 280 1476 317 τὴν
1489 281 1582 316 τιμὴν,
1605 290 1614 306 ι
1633 280 1704 307 καθά
1724 279 1825 316 γέγρα-

1038 336 1114 360 πται,
1133 337 1142 354 ‹
1161 328 1217 354 ἀλλ’
1233 326 1422 362 ὁκαλούμενος
1437 326 1489 352 ὑπὸ
1518 325 1564 353 τοῦ
1580 325 1659 356 Θεοῦ,
1691 325 1762 352 καθὰ
1778 325 1826 352 καὶ

1024 402 1029 409 ,
1044 373 1162 410 Ἀαρών.
1178 382 1188 399 ι
1201 373 1383 409 Προστέοεικε
1396 373 1423 399 δὲ
1437 374 1450 399 6
1460 372 1575 405 Παῦλος,
1590 373 1630 399 ὅτι
1653 382 1662 398 ι
1680 373 1734 399 Καὶ
1745 373 1826 405 αὐτὸς

1037 421 1051 447 6
1066 420 1183 455 Χριστὸς
1197 420 1246 456 οὐχ
1264 419 1359 447 ἐαυτὸν
1376 419 1485 452 ἐδόξασε
1507 420 1670 456 γεννηθῆναι
1684 420 1824 457 ἀρχιερέα,

1037 465 1094 492 ἀλλ’
1109 467 1123 492 6
1136 465 1253 501 λαλήσας
1269 465 1337 501 προς
1355 465 1446 492 αὐτόν’
1465 464 1529 497 Υἱὸς
1542 473 1593 501 μου
1606 465 1630 492 ei
1647 467 1690 497 σὺ,
1704 465 1760 500 ἐγὼ
1776 467 1827 501 σή-

1038 518 1122 546 μερον
1145 510 1300 546 γεγέννηκά
1314 518 1354 537 σε.
1373 509 1472 542 Καθὼς
1486 511 1534 537 καὶ
1546 511 1575 537 ἐν
1591 509 1675 546 ἑτέρῳ
1688 510 1772 545 λέγει,
1789 511 1826 537 Σίι

1038 557 1127 593 ἱερεὺς
1148 557 1188 589 εἱς
1206 557 1252 584 τὸν
1269 556 1354 584 αἱῶνα
1366 557 1438 584 κατὰ
1457 557 1507 592 τὴν
1522 557 1600 590 τάξιν
1616 557 1792 592 Μελχισεδέκ.
1814 566 1824 584 ι

1037 602 1144 630 Εἱδέναι
1155 604 1208 639 γὰρ
1225 603 1383 637 ἀναγκαῖον,
1395 603 1432 635 ὡς
1445 602 1499 630 οὐδ’
1513 603 1546 630 ἂν
1561 603 1642 635 αὐτὸς
1654 605 1668 630 6
1685 603 1748 635 Υἱὸς
1765 603 1779 630 6
1794 603 1826 630 ἐκ

1036 647 1104 674 Θεοῦ
1118 648 1225 684 Πατρὸς
1238 647 1334 682 Λόγος,
1350 647 1501 684 ἱερατεύειν
1515 647 1633 682 λέγοιτο,
1650 649 1696 675 καὶ
1711 649 1739 675 ὲν
1750 647 1826 681 τάξει

1037 693 1163 728 γενέσθαι
1188 695 1221 730 τῇ
1247 693 1432 730 λειτουργικῇ,
1456 694 1481 721 εἱ
1511 694 1549 730 μὴ
1568 695 1654 721 νοοῖτο
1668 694 1729 721 καθ’
1752 695 1827 729 ἡμᾶς

1037 739 1168 774 γεγονὼς,
1187 741 1235 767 καὶ
1258 740 1352 777 ὥσπερ
1374 741 1505 777 κέκληται
1527 740 1683 775 προφήτης
1702 740 1748 768 καὶ
1773 740 1826 776 μὴν

1037 786 1083 812 καὶ
1095 786 1268 820 ἀπόστολος
1279 787 1323 814 διὰ
1336 787 1365 813 τδ
1380 786 1559 823 ἀνθρώπινον,
1575 787 1646 814 οὓτω
1657 788 1705 814 καὶ
1718 787 1824 821 ἱερεύς.

1037 832 1142 867 Πρέποι
1164 833 1219 868 γὰρ
1245 833 1319 868 αὺτῷ
1343 833 1393 868 τῆς
1417 833 1538 865 δουλείας
1565 834 1696 869 σχήματι,
1717 833 1752 859 τὰ
1766 833 1826 860 δου-

196 884 249 912 hoc
265 887 308 911 est
327 883 486 910 exinanitio.
501 883 552 916 Qui
571 882 672 909 etenim
691 882 804 917 aequalis
822 887 882 909 erat
893 882 983 914 Patri,

1036 878 1158 914 λοπρεπῆ
1172 887 1179 894 ·
1201 879 1246 905 καὶ
1263 878 1341 906 τοῦτό
1357 880 1430 906 ἐστιν
1447 879 1463 914 ἡ
1478 878 1603 910 κένωσις.
1622 879 1652 905 Ὀ
1666 879 1721 915 γὰρ
1738 879 1826 914 ὑπάρ-

195 930 239 958 cui
256 931 340 958 etiam
357 933 474 964 Superna
491 928 634 964 Seraphim
644 929 775 956 assistunt
787 937 793 961 ;
805 929 849 955 cui
862 929 985 956 serviunt

196 975 270 1002 inille
294 975 378 1002 millia
405 974 563 1010 angelorum
590 974 609 1007 ³,
636 978 780 1009 postquam
807 974 983 1008 semetipsum

195 1019 347 1046 exinanivit
363 1019 383 1051 ’⁵,
399 1023 464 1046 tunc
480 1018 590 1045 demum
603 1024 759 1046 sanctorum
774 1023 802 1046 et
817 1019 875 1045 veri
893 1019 984 1046 taber—

196 1064 288 1091 naculi
305 1064 433 1091 sacerdos
442 1064 596 1092 declaratus
608 1064 718 1092 dicitur.
737 1064 815 1092 Tunc
825 1065 907 1092 etiam
920 1073 984 1093 san-

163 1104 173 1107 i
196 1109 331 1137 ctiﬁcatus
352 1114 394 1137 est
414 1110 558 1138 nobiscum
580 1111 602 1138 is
617 1111 663 1146 qui
689 1118 798 1138 omnem
830 1117 984 1139 creaturam

195 1159 325 1190 superat:
344 1166 352 1181 ι
368 1155 419 1189 Qui
435 1156 509 1183 enim
521 1155 682 1188 sanctiﬁcat,
699 1166 708 1182 ι
729 1157 827 1191 inquit,
843 1167 851 1182 ε
866 1161 894 1184 et
904 1157 922 1184 ii
937 1158 984 1192 qui

195 1201 412 1234 sanctiﬁcantur,
431 1209 464 1229 ex
484 1209 540 1228 uno
557 1209 662 1229 omnes.
685 1202 743 1235 Qua
762 1202 796 1229 de
825 1210 905 1231 causa
929 1212 985 1231 non

195 1247 281 1282 pudet
295 1248 383 1282 ipsum
401 1247 499 1275 fratres
513 1255 578 1275 suos
593 1255 701 1281 vocare,
717 1249 812 1276 dicens
827 1259 833 1276 :
848 1250 985 1279 Nuntiabo

195 1300 297 1320 nomen
318 1298 395 1320 tuum
412 1293 543 1321 fratribus
562 1294 631 1321 meis
648 1294 678 1320 ".
696 1303 705 1319 ι
725 1294 903 1323 Sanctiﬁcans
920 1304 985 1332 ergo

195 1339 279 1372 Deus,
301 1339 411 1374 quando
428 1338 517 1366 factus
537 1343 579 1367 est
596 1339 690 1373 homo,
707 1344 735 1368 et
754 1340 885 1368 habitavit
897 1342 925 1369 in
937 1351 986 1370 no-

195 1384 239 1412 bis
260 1385 282 1417 ⁸,
301 1389 470 1420 vocatusque
486 1389 528 1412 est
544 1385 638 1418 frater,
660 1386 812 1414 secundum
831 1387 985 1416 humanita-

196 1434 262 1463 tem,
279 1435 345 1458 tunc
361 1424 445 1457 etiam
460 1431 603 1458 nobiscum
624 1432 789 1460 sanctiﬁcari
806 1433 917 1461 dicitur.
934 1434 984 1462 Sa-

195 1475 319 1503 cerdotio
337 1475 422 1510 igitur
441 1475 529 1511 fungi,
544 1480 572 1503 et
588 1476 733 1504 nobiscum
751 1477 925 1512 sanctiﬁcari,
936 1487 986 1515 per

195 1527 306 1548 carnem
330 1524 498 1555 assumptam
524 1521 575 1556 ipsi
602 1522 725 1550 accidit:
748 1524 985 1560 exinanitionique

195 1565 292 1601 ipsius,
309 1566 391 1594 modo
414 1570 489 1594 recte
504 1567 607 1595 sentire
629 1569 757 1602 velimus,
784 1570 842 1598 haec
863 1572 986 1599 ascribe-
999 1556 1023 1588 ο

195 1619 266 1639 mus.
293 1611 321 1638 Si
345 1619 412 1638 vero
435 1611 568 1646 Spiritum
583 1616 718 1646 sanctum,
738 1621 800 1640 cum
812 1622 986 1650 nequaquam

195 1664 225 1684 se
236 1656 428 1688 exinaniverit,
444 1656 599 1684 sacerdotio
608 1657 732 1685 functum
746 1658 879 1692 dicamus,
893 1660 985 1688 divina

197 1702 285 1736 ipsum
303 1702 389 1737 gloria
409 1701 558 1736 privamus,
578 1708 660 1738 atque
675 1704 704 1730 in
723 1705 757 1732 iis
772 1713 832 1740 qua:
848 1706 904 1733 Deo
915 1706 986 1734 infe-

197 1748 269 1775 riora
286 1751 360 1779 sunt,
375 1747 585 1781 constituemus,
605 1748 677 1776 inter
695 1754 785 1778 creata
799 1751 984 1786 collocantes;

196 1797 245 1821 aut
257 1793 403 1821 ostendant
419 1794 499 1822 nobis
517 1794 650 1829 Spiritum
668 1795 865 1824 humanitatem
878 1805 983 1825 assum-

197 1839 294 1874 psisse,
318 1839 594 1875 imminutionemque
616 1840 709 1868 divino
737 1842 852 1870 consilio
874 1843 986 1871 institu-

198 1889 252 1912 tam
283 1885 463 1918 sustinuisse,
492 1886 723 1921 quemadmodum
752 1888 862 1916 Filium.
891 1889 985 1925 Neque

196 1931 270 1958 enim
295 1939 357 1959 cum
377 1931 618 1961 co'nsubstantialis
632 1934 667 1961 sit
677 1939 771 1962 sancta
786 1943 818 1963 ac
829 1936 985 1964 veneranda

197 1976 329 2010 Trinitas,
353 1977 457 2005 idcirco
473 1978 517 2005 cui
535 1980 650 2014 quisque
666 1981 785 2008 voluerit
800 1989 923 2016 personat
941 1982 985 2009 in-

197 2022 365 2050 carnationis
388 2023 459 2050 ratio
484 2023 628 2050 tribuenda
646 2016 698 2051 est.
713 2024 812 2052 Factus
827 2025 929 2052 etenim
944 2029 986 2053 est

197 2069 289 2100 hortm,
307 2076 362 2096 non
380 2068 438 2103 ipse
458 2068 547 2101 Pater,
565 2077 619 2096 non
639 2069 758 2104 Spiritus
769 2076 898 2098 sanctus:
911 2071 986 2099 solus

196 2121 262 2142 vero
284 2114 379 2142 Pilius.
405 2114 444 2141 Ita
466 2121 519 2141 nos
541 2121 624 2142 sacra:
651 2115 761 2143 Littera:
785 2115 894 2144 docent.
913 2117 984 2150 Quid

196 2159 281 2195 igitur
301 2163 430 2194 torquent
445 2160 598 2192 veritatem,
611 2161 690 2195 eique
702 2161 755 2188 vim
768 2162 935 2195 inferunt,et
945 2163 982 2196 id,

197 2205 269 2240 quod
282 2205 476 2232 exinanitionis
483 2205 654 2233 occasionem
661 2214 715 2234 non
725 2207 830 2240 habuit,
838 2208 983 2244 Spiritum,

197 2250 319 2284 inquam,
334 2252 457 2276 sanctum
474 2249 642 2276 exinanitum
658 2251 836 2284 contendunt,
847 2253 874 2280 in
892 2261 983 2281 sacer-

197 2295 292 2322 dotum
303 2303 447 2322 numerum
456 2302 519 2322 eum
531 2295 699 2324 referentes?
710 2297 837 2326 sacerdos
849 2299 922 2326 enim
932 2299 984 2327 fuit

197 2341 386 2369 Melchisedec.
402 2341 537 2369 Caeterum
562 2342 591 2369 iu
603 2342 746 2376 honorem,
766 2344 852 2377 aiunt,
868 2345 940 2378 Filii,
955 2346 982 2374 in

185 2387 290 2423 'typum
310 2388 395 2416 futuri
413 2389 472 2425 ejus
487 2389 540 2424 59
554 2389 698 2416 sacerdotii
715 2389 772 2424 ipse
787 2398 835 2425 per
852 2398 880 2418 se
892 2395 982 2419 trans-

198 2433 330 2469 ﬁguratus
345 2439 386 2462 est
405 2435 532 2470 Spiritus.
545 2435 627 2471 Ergo,
640 2435 755 2463 dixerim
766 2437 850 2469 enim,
865 2438 983 2473 neglexit

198 2478 317 2513 Spiritus
335 2484 446 2507 sanctus
469 2481 601 2508 honorem
622 2488 798 2517 amoremque
818 2482 846 2510 in
871 2483 980 2516 Filium,

198 2533 364 2560 parvamque
379 2526 460 2561 hujus
471 2527 511 2553 rei
527 2534 619 2553 curam
631 2527 722 2561 gessit.
744 2527 826 2562 Atqui
837 2536 892 2562 quo
904 2534 982 2564 pacto

198 2578 253 2596 non
275 2571 327 2597 hoc
350 2578 450 2597 vanum
470 2571 587 2606 cogitatu
597 2575 625 2598 et
635 2571 708 2598 dictu
723 2571 807 2599 fuerit
820 2573 831 2599 ?
843 2572 983 2601 Gloriﬁcat

198 2616 271 2642 enim
294 2616 392 2643 Filium
409 2616 574 2649 Paracletus,
597 2617 650 2644 hoc
669 2622 720 2650 est,
743 2617 872 2653 Spiritus.
899 2619 933 2646 Et
948 2619 982 2646 de

198 2660 258 2694 ipso
286 2661 375 2696 inquit
395 2671 401 2688 ι
425 2672 434 2688 ‹
447 2662 493 2690 Ille
508 2671 551 2690 me
564 2663 725 2691 clariﬁcabit
750 2651 771 2690 ‘i
787 2674 794 2690 ι
810 2651 870 2697 Ὀιιί
900 2665 982 2700 igitur

197 2704 332 2734 honorare
345 2707 413 2740 vult,
428 2712 508 2743 atque.
521 2709 572 2736 hoc
582 2709 691 2744 quidem
705 2715 848 2745 perpetuo,
863 2718 911 2737 cur
926 2719 979 2737 non

1039 932 1094 958 χων
1117 923 1146 950 ὲν
1165 925 1255 959 μορφῇ
1280 924 1327 950 καὶ
1339 924 1441 959 ἱσότητι
1457 923 1503 950 τοῦ
1520 924 1637 960 Πατρὺς,
1651 920 1673 957 ᾧ
1695 924 1743 950 καὶ
1759 923 1828 950 αὐτὰ

1038 969 1072 996 τὰ
1084 970 1139 997 ἄνω
1153 972 1343 1006 παρεστήκασι
1358 971 1494 1006 Σεραφὶμ,
1540 971 1728 1006 λειτουργοῦσι
1744 970 1829 1006 χίλιαι

1038 1016 1155 1051 χιλιάδες
1182 1017 1322 1052 ἀγγέλων,
1346 1018 1439 1053 ἐπειδὴ
1464 1018 1615 1044 κεκένωκεν
1634 1017 1745 1049 ἑαυτὸν,
1767 1017 1829 1044 τότε

1037 1062 1069 1097 δὴ
1087 1062 1147 1089 τότε
1172 1062 1226 1089 τῶν
1253 1063 1337 1097 ἁγίων
1351 1062 1507 1098 λειτουργὸς
1529 1063 1639 1098 καὶτῆς
1658 1064 1760 1098 σκηνῆς
1779 1063 1828 1098 τῆς

1038 1108 1170 1143 ἀληθινῆς
1193 1108 1384 1144 ἀναδειχθῆναι
1408 1109 1528 1143 λέγεται.
1544 1108 1610 1135 Τότε
1633 1110 1679 1135 καὶ
1699 1109 1829 1144 ἡγίασται

1040 1155 1099 1190 μεθ’
1137 1155 1216 1191 ἡμῶν
1244 1156 1257 1181 6
1281 1155 1351 1190 ὑπὲρ
1378 1156 1468 1182 πᾶσαν
1500 1155 1597 1182 κτίσιν.
1625 1165 1633 1181 ι
1658 1155 1693 1181 ’¹0
1716 1164 1745 1182 τε
1775 1155 1829 1191 γὰρ

1039 1202 1168 1236 ἁγιάζων,
1190 1211 1198 1227 ι
1222 1202 1299 1237 φησὶ,
1318 1211 1327 1226 ‹
1349 1201 1394 1228 καὶ
1416 1202 1439 1228 οἱ
1454 1201 1628 1236 ἁγιαζόμενοι
1645 1201 1674 1234 ἐξ
1686 1201 1745 1233 ἐνὸς
1760 1201 1825 1228 πάνι

1037 1257 1094 1280 τες.
1110 1249 1148 1275 Δι’
1166 1248 1199 1283 ἣν
1215 1248 1303 1275 αἰτίαν
1319 1247 1368 1274 οὐκ
1385 1247 1578 1283 ἐπαισχύνεται
1594 1248 1725 1282 ἀδελφοὺς
1736 1248 1829 1275 καλεῖν

1039 1295 1147 1327 αὐτοὺς,
1161 1294 1259 1328 λέγων,
1274 1293 1436 1328 Ἀπαγγελῶ
1447 1293 1477 1320 τὸ
1491 1293 1577 1329 ὄνομά
1588 1302 1634 1320 σου
1643 1295 1698 1326 τοῖς
1706 1294 1829 1328 ἀδελφοῖς

1040 1349 1100 1376 μου.
1127 1350 1136 1366 ι
1156 1340 1259 1367 Οὐκοῦν
1278 1341 1292 1367 6
1305 1339 1426 1374 ἁγιάζων
1445 1340 1482 1372 ὡς
1501 1339 1577 1372 Θεὸς,
1594 1340 1639 1366 ὅτε
1654 1339 1765 1374 γέγονεν
1780 1340 1829 1367 ἀν-

1039 1386 1157 1421 θρωπος,
1177 1386 1223 1413 καὶ
1240 1386 1393 1422 ἐσκήνωσεν
1410 1386 1439 1412 ἐν
1456 1386 1531 1422 ἡμῖν,
1553 1386 1601 1413 καὶ
1625 1386 1829 1422 κεχρημάτικεν

1039 1429 1152 1465 ἀδελφὸς
1166 1430 1238 1457 κατά
1247 1430 1276 1458 τὺ
1287 1429 1467 1466 ἀνθρώπινον,
1480 1431 1540 1458 τότε
1550 1432 1597 1458 καὶ
1612 1433 1660 1458 σὺν
1673 1433 1738 1467 ἡμῖν
1749 1431 1830 1466 ἅγιά*

1039 1475 1134 1507 ζεσθαι
1151 1476 1270 1511 λέγεται.
1296 1477 1373 1504 Ἔστι
1389 1477 1479 1504 τοίνυν
1500 1478 1547 1504 καὶ
1563 1478 1593 1504 τὸ
1607 1478 1662 1505 δεῖν
1680 1478 1828 1514 ἱερατεύειν

1039 1523 1086 1549 καὶ
1101 1522 1131 1549 τὸ
1142 1522 1303 1557 ἀγιάζεσθαι
1317 1523 1377 1558 μεθ’
1393 1522 1472 1558 ἡμῶν
1489 1523 1539 1559 τῆς
1553 1523 1622 1559 μετὰ
1640 1524 1740 1559 σαρκὸς
1754 1525 1827 1551 οίκοο

1037 1567 1142 1602 νομίας.
1161 1567 1216 1594 Καὶ
1237 1569 1295 1600 τοῖς
1319 1568 1370 1604 τῆς
1396 1568 1535 1601 κενώσεως
1555 1569 1674 1605 μέτροις,
1696 1569 1783 1605 ὀρθῶς
1797 1578 1826 1597 τε

1037 1614 1085 1640 καὶ
1104 1613 1264 1649 ἀμωμήτως
1288 1616 1396 1650 φρονεῖν
1420 1615 1565 1650 ᾑρημένοι,
1581 1617 1616 1642 τὰ
1639 1617 1727 1643 τοιάδε
1743 1625 1827 1653 προσ-

1037 1657 1189 1694 γράψομεν.
1203 1659 1236 1685 Et
1249 1658 1277 1686 δὲ
1293 1659 1324 1694 δὴ
1337 1660 1367 1686 τὸ
1379 1660 1491 1695 Πνεῦμα
1508 1661 1633 1697 μηδαμοῦ
1648 1661 1697 1698 τὴν
1712 1663 1827 1689 κένωσιν

1037 1701 1246 1739 ὑπομεμενηκὺς
1266 1705 1416 1741 ἱερατεύειν
1443 1705 1568 1741 λέγομεν,
1590 1707 1668 1742 δόξης
1694 1708 1761 1734 αὐτὸ
1776 1708 1827 1744 τῆς

1037 1749 1206 1785 θεοπρεποῦς
1220 1750 1371 1786 ἐξοίσομεν,
1391 1752 1439 1778 καὶ
1459 1752 1488 1778 ἐν
1502 1753 1558 1784 τοῖς
1573 1753 1624 1779 ὑπὸ
1641 1752 1706 1780 Θεὸν
1720 1754 1825 1788 λογιού-

1038 1792 1108 1827 μεθά
1130 1802 1192 1825 που,
1216 1794 1315 1830 μέτρον
1327 1795 1402 1831 αὐτῷ
1417 1796 1534 1827 διδόντες
1547 1797 1576 1823 τδ
1592 1799 1730 1833 γεννητόν.
1748 1800 1781 1825 Ἢ
1794 1799 1826 1836 δὴ

1036 1837 1220 1866 δεικνύτωσαν
1243 1840 1309 1874 ἡμῖν
1334 1840 1542 1877 ἐνανθρωπῆσαι
1567 1842 1597 1869 τὸ
1627 1842 1749 1878 Πνεῦμα,
1779 1845 1826 1870 καὶ

1036 1882 1169 1911 ὑπόϐασιν
1193 1885 1366 1921 οἱκονομικὴν
1391 1885 1550 1922 ὑπομεῖναν,
1580 1887 1704 1924 καθάπερ
1730 1890 1825 1925 ἀμέλει

1036 1930 1084 1956 καὶ
1107 1930 1154 1957 τὸν
1169 1930 1243 1958 Υίόν.
1262 1931 1299 1958 Οὐ
1324 1932 1378 1968 γὰρ
1394 1933 1543 1970 ἐπειδήπερ
1561 1935 1635 1962 ἐστὶν
1652 1936 1793 1971 ὸμοούσιος
1807 1939 1823 1973 ἡ

1035 1975 1102 2009 ἁγία
1118 1975 1164 2002 καὶ
1179 1977 1403 2013 προσκυνουμένη
1419 1979 1516 2014 Τριὰς,
1526 1979 1655 2017 ταύτῃτοι
1665 1982 1724 2008 καθ’
1740 1979 1824 2020 οὗπερ

1035 2020 1069 2047 ἃν
1083 2021 1169 2048 ἕλοιτό
1183 2031 1225 2055 τις
1236 2023 1382 2058 προσώπου
1392 2025 1437 2051 τὸν
1451 2026 1500 2061 τῆς
1513 2026 1744 2063 ἐνανθρωπήσεως
1756 2029 1823 2056 καθ-

1035 2067 1105 2102 οριεϊ
1125 2066 1212 2102 λόγον.
1250 2068 1347 2102 Γέγονε
1371 2070 1426 2106 γὰρ
1451 2070 1611 2107 ἄνθρωπος,
1632 2073 1682 2100 οὐκ
1706 2074 1787 2107 αὐτὸς
1808 2076 1823 2102 6

1036 2112 1141 2149 Πατὴρ,
1156 2113 1215 2140 οὐδὲ
1236 2114 1266 2141 τὺ
1287 2115 1400 2152 Πνεῦμα
1416 2117 1445 2143 τὸ
1460 2117 1548 2152 ἅγιον,
1577 2119 1657 2154 μόνος
1670 2120 1699 2147 δὲ
1718 2122 1732 2148 6
1749 2121 1822 2154 Υἱός.

1037 2157 1129 2190 Οὕτως
1151 2160 1224 2195 ἡμᾶς
1237 2161 1265 2187 αἱ
1280 2160 1349 2188 θεῖαι
1368 2165 1637 2199 μεμυσταγωγήκασι
1652 2165 1768 2201 Γραφαί,
1792 2167 1824 2194 Τί

1035 2204 1124 2231 τοίνυν
1139 2205 1353 2240 παραϐιάζονται
1367 2207 1415 2243 τὴν
1430 2208 1568 2244 ἀλήθειαν,
1586 2211 1631 2237 καὶ
1645 2211 1674 2237 τὺ
1689 2212 1823 2247 πρόφασιν

1036 2250 1086 2276 οὐκ
1101 2250 1161 2286 ἔχον
1180 2250 1225 2278 τοῦ
1247 2253 1413 2280 κεκενῶσθαι
1434 2253 1498 2287 δεῖν,
1521 2255 1592 2291 φημὶ
1606 2256 1637 2292 δὴ
1660 2257 1691 2284 τὸ
1712 2258 1824 2294 Πνεῦμα

1036 2296 1066 2322 τὸ
1082 2297 1168 2331 ἅγιον,
1189 2298 1217 2323 ἐν
1231 2299 1287 2330 τοῖς
1308 2298 1357 2334 τῆς
1379 2299 1520 2332 κενώσεως
1539 2303 1751 2338 κατακομίζουσι
1773 2306 1822 2340 μέ-

1036 2349 1125 2377 τροις,
1140 2342 1218 2377 εἴπερ
1233 2343 1307 2370 ἐστὶν
1327 2344 1434 2379 ἀληθῶς
1457 2347 1511 2378 τοῖς
1529 2346 1679 2383 ἱερουργεῖν
1692 2350 1823 2384 τεταγμέ-

1036 2395 1092 2419 νοις
1112 2388 1284 2424 ὲναρίθμιον;
1312 2389 1410 2426 Ἱερεὺς
1435 2391 1485 2426 μὲν
1500 2392 1554 2428 γὰρ
1568 2391 1602 2429 ἦν
1617 2395 1631 2421 6
1646 2395 1820 2432 Μελχισεδέκ.

1043 2431 1112 2458 Ἀλλ’
1128 2434 1167 2465 εἱς
1183 2435 1265 2470 τιμήν
1286 2443 1350 2471 φησι
1372 2435 1418 2462 τοῦ
1439 2436 1504 2463 Υἱοῧ
1523 2438 1591 2474 πρὸς
1603 2439 1686 2467 τύπον
1700 2441 1748 2476 τῆς
1762 2442 1821 2468 κατ’

1035 2479 1118 2507 αὐτδν
1145 2481 1277 2517 ἐσομένης
1299 2484 1448 2519 ἱερωσύνης
1476 2486 1546 2513 κατὰ
1569 2489 1691 2523 καιροὺς,
1708 2489 1773 2516 αὐτὸ
1789 2490 1821 2516 δι’

1036 2526 1132 2553 ἑαυτοῦ
1142 2526 1355 2563 διεμορφοῦτοτὺ
1362 2530 1481 2565 Πνεῦμα,
1493 2532 1605 2565 Οὐκοῦν,
1615 2534 1747 2569 ἐρήσομαι
1756 2535 1821 2570 γὰρ,

1036 2573 1223 2609 κατημέλησεν
1245 2575 1298 2610 ἄρα
1317 2575 1347 2602 τὸ
1363 2576 1474 2613 Πνεῦμα
1494 2578 1523 2604 τὺ
1547 2579 1634 2613 ἅγιον,
1657 2580 1705 2616 τῆς
1716 2583 1755 2612 εἱς
1775 2582 1821 2609 τὸν

1036 2619 1100 2647 Υἱὸν
1118 2621 1199 2656 τιμῆς
1221 2622 1268 2648 καὶ
1287 2622 1405 2658 ἀγάπης,
1431 2624 1477 2650 καὶ
1494 2624 1571 2660 ὀλίγα
1587 2626 1632 2652 τοῦ
1660 2627 1821 2663 πράγματος

1036 2667 1186 2702 φροντίζειν
1211 2668 1294 2700 ἀξιοῖ·
1320 2669 1407 2697 καίτοι
1432 2671 1490 2703 πῶς
1513 2673 1542 2698 οὐ
1566 2672 1648 2708 λῆρος
1675 2675 1726 2710 ἤδη
1743 2675 1821 2701 ταυτὶ

1036 2713 1166 2748 φρονεῖνῆ
1179 2714 1282 2748 λέγειν;
1294 2714 1403 2747 Δοξάξει
1415 2716 1468 2752 γὰρ
1477 2719 1521 2745 τον
1535 2718 1599 2745 Υίὸν
1610 2721 1622 2745 6
1632 2720 1820 2755 Παράκλητος,

249 2808 632 2854 '3"er-.14....zttzid-ﬁ.
643 2810 658 2838 θ
669 2810 741 2854 κει
755 2811 828 2854 ,νεει-
847 2810 903 2854 περ
917 2815 959 2854 ,ςι

1036 2833 1046 2854 ._
1066 2814 1090 2840 4.
1129 2815 1237 2854 ἠρουι.
1251 2824 1326 2854 ξνιιι,
1342 2817 1465 2854 ἱδςγΑοι.
1486 2827 1525 2848 ιιι.
1543 2819 1594 2852 22;
1619 2820 1705 2849 Hebr.
1729 2829 1769 2854 ιιι,
1789 2822 1816 2851 1.

207 2844 284 2874 man.
303 2852 349 2876 vu,
368 2844 409 2871 10.
444 2844 604 2878 ⁵ΡΙιί1ἰρ.ιι,
617 2845 642 2871 7.
681 2846 700 2861 "
714 2845 794 2874 llebr.
811 2854 839 2879 ιι,
855 2847 896 2879 ll,
914 2847 965 2882 l2;

1036 2848 1056 2875 ,l.
1073 2849 1181 2883 κχι,ἳ5.
1201 2852 1231 2895 λ
1250 2844 1327 2879 ,ιοιιιιί
1352 2860 1370 2885 ι,
1385 2844 1439 2881 ⁷η,
1458 2844 1724 2896 ξ’)ὀειῖιῗίξνιῗὶλ.
