1990 3046
148 166 193 193 101

656 160 917 190 (ΗΑΡΗΥΒΟΜΞΜ
935 162 967 190 IN
987 162 1136 192 GENESlM
1157 162 1220 190 LIB.
1241 161 1272 191 ll.

1194 107 1214 124 θ

1726 165 1778 194 liii

145 223 266 251 τουτέστι
278 221 500 258 τὺΠνεΰμα.Καὶ
512 220 577 256 περὶ
586 220 669 247 αὑτοῦ
683 229 775 256 φησιν,
791 230 801 247 ι
820 219 937 253 Ἐκεῖνος

992 223 1080 258 potius
1105 225 1197 250 Aaron
1216 228 1258 250 est
1284 222 1392 250 factus?
1407 228 1453 251 aut
1469 224 1555 260 Cyrus
1579 225 1721 253 Persarum
1743 232 1775 253 ac

146 270 195 305 ἐμὲ
207 267 325 302 δοξάσει.
346 278 356 294 ι
372 268 409 294 Τὸ
423 267 511 294 τοίνυν
534 267 616 302 τιμᾷν
639 266 776 302 ᾑρημένον
793 267 840 293 καὶ
859 266 938 293 τοῦτο

147 314 354 349 ἀκαταλὴκτως,
377 314 404 340 τί
419 313 458 348 μὴ
484 311 584 348 μᾶλλον
601 313 668 340 αὐτὸ
683 313 794 347 γέγονεν
814 312 936 349 Ἀαρών;

147 359 213 386 αὐτὸ
229 359 262 395 δὴ
282 360 330 386 καὶ
346 359 438 394 Κῦρος
458 359 472 385 ό
487 358 601 394 Περσῶν
614 367 644 385 τε
658 358 705 384 καὶ
719 359 820 394 Μήδων
833 359 938 394 κρατή-

148 414 212 438 nec;
234 405 279 432 xui
295 405 347 441 μέν
371 413 413 432 τοι
435 405 483 432 καὶ
501 404 604 440 Ἰησοῦς
619 405 634 431 ὸ
656 404 704 432 τοῦ
735 404 876 438 Ἰωσεδὲκ,
893 404 939 431 καὶ

150 452 199 487 μέν
219 459 260 478 τοι
284 452 332 478 καὶ
345 450 497 486 Ζοροϐάϐελ
517 451 531 477 ό
545 450 592 479 τοῦ
617 449 761 485 Σαλαθιήλ,
779 451 793 477 ὸ
808 451 840 476 ὲκ
854 450 939 486 φυλῆς

155 496 250 529 Ἰούδα,
263 496 279 531 ἢ
297 497 343 524 καὶ
362 497 473 531 Μωσῆς,
492 497 560 532 πρὸς
572 497 603 523 δν
622 496 728 532 εῐρηταί
743 505 795 523 που
808 496 858 532 τὴν
872 497 939 532 Χρι-

151 542 214 569 στοῦ
237 542 374 577 μεσιτείαν
391 542 434 577 ἐφ’
455 541 554 569 ἑαυτοῦ
569 541 739 569 δεικνύοντα·
763 550 773 568 ‹
793 542 939 578 Προφήτην

150 589 296 623 ἀναστήσω
315 588 407 619 αὐτοῖς
419 588 452 615 ἐκ
467 587 521 615 τῶν
533 587 655 622 ἀδελφῶν
667 587 876 624 αὒτῶννῶσπερ
897 597 938 620 σε,

151 635 197 661 καὶ
208 634 287 661 δώσω
306 635 369 666 τοὺς
381 634 475 668 λόγους
491 642 542 669 μου
557 635 585 660 ὲν
599 633 638 669 τῷ
655 633 769 669 στόματι
782 633 875 666 αὐτοῦ,
893 633 940 661 καὶ

152 680 262 715 λαλήσει
281 680 374 711 αὐτοῖς
398 679 467 706 καθὰ
482 680 516 706 ἂν
532 679 692 714 ἐντείλωμαί
705 679 800 714 αὐτῷς
824 688 833 705 ι
852 679 884 706 Τί
903 680 939 716 μὴ

152 726 262 760 γέγονεν
276 725 342 752 αὐτὸ
356 725 404 752 καὶ
420 725 521 760 Ἰησοῦς
539 726 554 752 ό
566 726 613 752 τοῦ
628 725 717 760 Ναυῆ.
732 726 747 752 ὁ
759 725 828 760 μετὰ
839 726 940 752 Μωσέα

154 771 316 807 στρατηγὸς,
339 771 368 803 ὃς
388 771 524 798 διεϐίϐασε
544 770 589 798 τδν
622 770 757 807 Ἰορδάνην
777 771 841 802 τοὺς
866 771 941 802 υἱοὺς

160 818 282 852 Ἰσραὴλ,
297 817 345 844 καὶ
356 817 502 852 περιέτεμε
523 817 671 852 μαχαίραις
684 816 836 852 πετρίναις,
849 816 940 843 eia-xs-

155 863 251 897 κόμικε
269 862 298 889 δὲ
318 862 364 889 καὶ
379 863 419 894 είς
436 861 486 898 τὴν
498 862 549 896 γῆν
561 863 610 897 τῆς
629 861 810 896 ἐπαγγελίαςς
823 862 840 897 ἢ
851 861 901 888 οὐκ
911 862 940 888 ὲν

987 268 1127 296 Medorum
1157 270 1229 296 rex?
1250 269 1291 296 vel
1315 269 1394 297 Jesus
1420 269 1492 297 ﬁlius
1517 270 1640 302 Josedec,
1670 277 1777 298 necnon

987 314 1138 342 Zorobabel
1152 314 1311 342 Salathielis
1328 313 1401 342 ﬁlius
1411 321 1445 341 ex
1456 314 1528 342 tribu
1544 314 1627 347 Juda,
1644 320 1691 342 aut
1703 316 1777 352 Moy-

988 367 1042 392 ses,
1069 359 1103 387 ad
1126 367 1209 394 quem
1230 359 1333 387 Christi
1357 359 1553 387 mediationem
1575 360 1632 387 sive
1646 360 1777 387 intercess

988 407 1093 434 sionem
1113 414 1170 441 prae
1188 414 1218 434 se
1232 406 1364 434 ferentem
1387 406 1491 434 dictum
1506 411 1548 433 est
1562 414 1568 432 :
1591 415 1599 431 ι
1613 405 1778 439 Prophetam

988 452 1128 479 suscitabo
1146 453 1188 479 eis
1203 460 1238 479 ex
1254 451 1387 479 fratribus
1401 458 1508 483 eorum,
1529 451 1600 478 sicut
1619 454 1656 480 te.
1671 454 1699 477 et
1709 450 1779 477 dabo

988 504 1130 525 sermones
1140 505 1215 525 meos
1229 497 1257 525 in
1272 504 1320 524 ore
1336 497 1433 532 ipsius,
1443 501 1472 524 et
1485 497 1614 531 loquetur
1629 496 1670 523 eis
1682 503 1779 531 quem—

988 543 1136 571 admodum
1152 551 1309 579 praecepero
1319 544 1344 571 ei
1360 544 1369 560 '
1384 544 1395 570 ?
1409 553 1418 569 ι
1437 543 1492 570 Aut
1504 551 1552 570 cur
1565 551 1620 570 non
1634 542 1723 570 factus
1738 545 1781 569 est

987 590 1070 617 Josue
1083 610 1090 622 ,
1112 590 1185 617 ﬁlius
1197 590 1282 622 Nave,
1306 589 1354 624 qui
1372 593 1435 624 post
1455 589 1564 624 Moysen
1576 589 1632 616 dux
1642 588 1781 616 exercitus

988 635 1060 663 fuit?
1075 635 1121 670 qui
1142 635 1265 663 traduxit
1283 635 1420 662 lsraelitas
1433 642 1483 670 per
1499 635 1668 662 Jordanem?
1682 639 1710 661 et
1723 634 1779 662 cir-

989 681 1118 709 cumcidit
1131 681 1228 709 cultris
1237 681 1362 716 lapideis,
1379 680 1541 715 induxitque
1554 680 1581 707 in
1597 684 1697 707 terram
1713 686 1780 714 pro-

989 726 1147 754 missionis?
1161 727 1257 754 Nonne
1269 726 1343 754 enim
1360 726 1387 754 in
1402 725 1513 753 Christo
1529 725 1659 760 baptizati
1673 732 1777 757 sumus,

989 775 1018 798 et
1041 770 1196 798 circumcisi
1216 771 1428 798 circumcisione
1454 778 1510 798 non
1538 769 1703 802 manufacta,
1730 777 1779 804 per

990 815 1135 850 Spiritum,
1148 815 1213 843 facti
1229 820 1320 843 autem
1340 822 1436 844 sumus
1450 815 1572 842 heredes
1595 815 1671 850 regni
1693 816 1778 842 coelo-

990 860 1074 887 rum?
1089 859 1172 894 Atqui
1192 867 1247 894 quo
1257 864 1337 894 pacto
1355 867 1410 887 non
1421 859 1595 886 manifestum
1613 859 1666 886 hoc
1674 859 1780 886 fuerit?
1820 864 1825 870 '

153 906 263 942 Χριστῷ
282 906 486 942 βεϐαπτίσμεοα
498 907 545 933 καὶ
559 907 710 942 περιτετμή
716 907 784 941 μεθα
798 907 848 942 μὲν
863 907 939 947 ἀχειξ

992 903 1123 937 Quocirca
1145 903 1169 930 si
1192 903 1323 938 Spiritum
1347 908 1498 931 statuemus
1515 911 1623 938 semper
1635 904 1780 931 formatum

155 954 291 989 ροποιήτῳ
312 955 447 989 περιτομῇ
472 953 517 980 διὰ
542 953 710 988 Πνεύματος.
736 953 888 988 γεγόναμεν
910 953 939 980 δὲ

152 999 316 1035 κληρονόμοι
331 1001 380 1035 τῆς
399 999 454 1026 τῶν
467 999 591 1035 οὐρανῶν
612 999 749 1034 βασιλείας
760 1007 767 1033 ;
780 1000 869 1026 καίτοι
881 999 940 1031 πῶς

151 1045 231 1072 τοῦτο
241 1046 291 1072 οὐκ
307 1045 436 1080 ὲναργὲςς
452 1045 582 1080 υἱικοῦνῆ
595 1045 626 1071 τὸ
643 1045 754 1081 Πνεῦμα
765 1045 885 1081 δώσομεν
897 1045 941 1072 ἀεὶ

154 1090 352 1126 μορφούμενον,
372 1091 424 1117 καὶ-
441 1090 478 1122 ὼς
496 1091 526 1117 ὲν
540 1090 647 1125 ἑκάστῳ
658 1090 713 1117 τῶν
727 1091 940 1126 ὠνομασμένων,

152 1137 195 1163 ινα
212 1138 316 1172 τιμήσῃ
331 1136 377 1163 τὸν
399 1136 472 1168 Υίὺν,
487 1137 571 1171 ἢγουν
595 1135 671 1163 ἔσται
687 1136 780 1163 λοιπὸν
804 1135 906 1172 ἀληθὴς
926 1135 941 1161 ὁ

152 1182 240 1216 λόγος,
252 1182 290 1214 ὡς
302 1182 380 1216 ὀλίγα
390 1181 438 1209 τοῦ
450 1182 603 1218 πρέποντος
618 1183 941 1217 καταφωρᾶταιπεφρον-

991 954 1020 978 et
1036 949 1121 977 veluti
1145 949 1173 976 in
1198 956 1365 984 unoquoque
1386 957 1493 982 eorum,
1509 957 1579 984 quos
1605 949 1734 981 diximus,
1751 954 1782 977 ut

992 996 1110 1023 honoret
1129 995 1239 1027 Filium,
1263 1002 1329 1022 vere
1356 995 1452 1030 utique
1474 995 1582 1022 dicetur
1606 1002 1718 1029 parvam
1732 995 1782 1022 de-

991 1041 1158 1069 corationem
1182 1040 1332 1068 habuisse:
1354 1041 1457 1076 quippe
1481 1042 1528 1075 qui
1553 1045 1679 1068 veterum
1701 1040 1782 1068 alicui

992 1093 1021 1114 se
1036 1086 1181 1114 immiserit
1195 1086 1224 1112 in
1235 1089 1328 1121 typum
1339 1093 1371 1113 ac
1384 1086 1593 1113 similitudinem
1604 1085 1675 1113 Filii.
1690 1086 1783 1120 Apage

991 1132 1076 1167 igitur
1083 1139 1146 1159 cum
1160 1131 1213 1159 ista
1223 1130 1421 1165 cogitationum
1434 1131 1615 1158 absurditate.
1637 1130 1781 1158 Melchise-

992 1179 1043 1206 dec
1058 1178 1150 1213 itaque
1168 1177 1250 1204 homo
1261 1176 1324 1209 fuit,
1334 1184 1390 1204 non
1399 1176 1519 1212 Spiritus
1530 1181 1652 1204 sanctus.

151 1230 237 1261 τικός·
250 1230 336 1265 ἐφῆκε
348 1229 403 1264 γὰρ
416 1229 447 1265 δὴ
460 1229 515 1256 τῶν
525 1229 710 1264 ἀρχαιοτέρων
720 1230 790 1255 τισὶν
800 1230 840 1260 είς
852 1229 936 1255 τύπον
955 1226 1002 1253 καὶ
1035 1225 1164 1260 ὁμοίωσιν
1183 1224 1349 1251 πλάττεσθαι
1367 1223 1415 1251 τοῦ
1437 1224 1502 1252 Υἱοῦ
1514 1232 1520 1238 ·
1546 1225 1637 1258 ἄπαγε
1656 1224 1708 1260 τῆς
1727 1223 1782 1252 τῶν

151 1275 290 1311 λογισμῶν
310 1275 435 1306 ἀτοπίας,
457 1274 562 1301 Οὐκοῦν
582 1275 724 1309 ἄνθρωπος
736 1275 749 1300 δ
761 1274 938 1309 Μελχισεδὲκ,
958 1270 1018 1306 οὐχὶ
1028 1270 1058 1296 τὺ
1067 1269 1180 1304 Πνεῦμα
1190 1269 1221 1295 τὸ
1234 1269 1321 1303 ἅγιον.

188 1322 225 1359 η’.
241 1323 303 1349 Ὅτι
323 1321 351 1348 δὲ
372 1321 427 1348 οὐδ’
437 1320 471 1348 ἂν
492 1319 561 1348 εἶναι
577 1322 662 1347 νοοῖτο
680 1320 795 1355 δύναμις
814 1320 879 1354 ἁγία
894 1320 942 1346 καὶ

152 1367 338 1403 ὴιτοοργικὴ,
351 1367 423 1394 καθὰ
437 1367 545 1402 φρονεῖν
559 1365 633 1398 ἔδοξέ
646 1374 710 1398 τισι,
727 1366 794 1401 φέρε
810 1366 840 1400 δὴ
858 1365 942 1399 λέγω·

155 1422 214 1450 μεν,
227 1413 262 1440 τὰ
276 1413 306 1446 ἐξ
320 1413 433 1440 είκότων
449 1412 622 1446 συλλέγοντες
636 1411 773 1447 λογισμῶν
784 1412 823 1442 είς
833 1410 882 1445 τὴν
893 1410 942 1445 τῆς

153 1460 284 1496 ἀληθείας
298 1459 446 1491 ἀπόδειξιν.
469 1459 598 1490 Ἐκείνοις
623 1457 672 1493 μὲν
695 1457 760 1493 γὰρ,
782 1457 884 1484 τοιόσδε
901 1463 942 1487 τις

154 1507 200 1534 καὶ
223 1506 316 1539 σοφὸς,
333 1504 460 1540 καθάπερ
474 1502 520 1531 οὖν
535 1503 636 1531 οἴονται
657 1503 728 1530 κατὰ
744 1503 816 1537 σφᾶς
831 1501 940 1532 αὐτοὺς,

154 1552 316 1587 συντέθηται
337 1551 426 1585 λόγος.
460 1550 568 1585 Ἐπειδὴ
592 1549 659 1585 γὰρ,
682 1548 761 1583 φησὶ,
786 1548 942 1582 γέγραπται

154 1597 273 1634 περὶτοῦ
281 1596 458 1632 Μελχισεδὲκ,
469 1597 507 1628 ὡς
517 1605 527 1622 ι
543 1597 657 1631 ἀπάτωρ
665 1604 694 1622 τε
705 1593 749 1630 ἦν,
757 1594 804 1622 καὶ
816 1594 942 1629 ἀμήτωρ,

153 1644 200 1670 καὶ
213 1643 266 1678 μὴν
280 1642 327 1669 καὶ
333 1641 575 1676 ἀγενεαλόγητοςί
595 1641 728 1676 εὐλόγηκε
741 1639 770 1666 δὲ
782 1639 872 1665 καίτοι
880 1646 943 1664 τοσ-

153 1689 229 1716 οὖτον
243 1689 308 1715 ὄντα
325 1688 371 1714 τὸν
395 1687 532 1722 Ἀϐραάμ·
551 1697 561 1712 ι
574 1687 733 1720 Εὐλογεῖται
744 1685 773 1712 δὲ
786 1684 818 1711 τὸ
833 1684 942 1710 ἔλαττον

153 1734 206 1761 ὑπὸ
216 1734 264 1762 τοῦ
277 1734 431 1769 κρείττονος
440 1733 488 1759 καὶ
500 1732 634 1767 μείζονος,
648 1741 659 1757 ›
667 1731 775 1766 ἁπάσης
789 1729 943 1764 ἀντιλογίας

151 1781 226 1816 δίχαυ
243 1781 281 1816 μὴ
293 1779 417 1813 νοείσθω,
438 1779 498 1805 καθ’
512 1779 598 1814 ἡμᾶς,
621 1777 679 1805 ἀλλ’
700 1777 771 1804 ἔστω
791 1776 841 1812 τὴν
861 1775 943 1811 φύσιν

153 1826 279 1860 ἄγγελος,
294 1826 388 1860 ήγουν,
403 1824 457 1851 τῶν
468 1825 523 1852 ἀνω
537 1824 679 1860 δυνάμεων
691 1824 737 1850 καὶ
749 1821 943 1858 λειτουργικῶν

156 1871 203 1908 μία
216 1880 260 1904 τις
279 1871 365 1906 σεπτὴ
382 1871 430 1898 καὶ
441 1870 633 1905 δεδοξασμένῃ.
655 1868 726 1904 Ἐγὼ
741 1868 779 1900 δὲ,
794 1867 942 1903 ἀγαπητοὶ,

151 1917 315 1953 τεθαύμακα
337 1916 415 1948 λίαν,
440 1917 463 1942 εί
486 1915 586 1951 τρόπος
612 1914 712 1946 αὐτοὺς
734 1913 875 1945 εὐλαϐείας
893 1913 944 1948 τῆς

154 1963 193 1994 είς
213 1961 259 1988 τὸν
284 1961 428 1988 θεσπέσιον
448 1959 583 1995 ⁷Δ6ραὰμ,
603 1959 654 1994 τῆς
670 1959 717 1986 τοῦ
739 1958 874 1994 χρησίμου
896 1957 943 1984 καὶ

155 2007 304 2043 πρέποντος
316 2007 470 2042 ἀπεκόμισε
485 2006 583 2042 Θήρας,
596 2006 643 2032 καὶ
660 2005 714 2032 τῶν
730 2003 887 2038 ἀναγκαίων
902 2004 943 2035 είς

154 2053 282 2089 ἀληθείας
297 2052 406 2088 εὕρεσιν
417 2051 614 2079 ἁπεὸουκόλισε
626 2050 773 2085 λογισμῶν.
788 2050 834 2081 Είς
843 2048 943 2085 ὁμοίω-

156 2107 197 2125 σιν
206 2098 262 2135 γὰρ
273 2098 306 2134 δὴ
319 2099 366 2124 καὶ
376 2096 515 2124 τύποντοῦ
532 2096 703 2132 Ἐμμανουήλ
714 2094 944 2131 παραδεικνύντες

154 2146 222 2180 ἡμῖν
235 2145 281 2171 τὸν
295 2144 475 2179 Μελχισεδὲκ,
496 2143 546 2169 οὐκ
568 2143 610 2174 είς
625 2143 675 2177 τὴν
690 2141 745 2169 τῶν
771 2141 943 2177 πραγμάτων

1027 1316 1053 1342 8.
1069 1315 1148 1348 Quod
1162 1322 1229 1342 vero
1245 1322 1336 1350 neque
1352 1318 1473 1349 potestas
1485 1314 1576 1349 aliqua
1592 1319 1684 1342 sancta
1693 1319 1721 1342 et
1732 1315 1782 1343 ad-

991 1361 1189 1389 ministratoria
1205 1360 1300 1393 fuerit,
1318 1364 1349 1387 ut
1362 1360 1487 1387 nonnulli
1497 1364 1610 1388 censent
1623 1369 1631 1393 ;
1646 1367 1706 1396 age,
1719 1368 1782 1388 rur-

991 1415 1039 1434 sus
1062 1407 1187 1434 dicamus
1211 1406 1304 1433 ﬁrmas
1321 1406 1442 1434 rationes
1460 1405 1495 1433 ad
1518 1406 1642 1433 veritatis
1666 1406 1782 1433 demon-

990 1453 1152 1480 strationem
1177 1451 1359 1485 conferentes.
1381 1451 1423 1479 [lli
1442 1451 1516 1478 enim
1534 1451 1649 1485 pulchre
1669 1451 1722 1478 sibi
1741 1451 1784 1479 vi-

993 1497 1093 1524 dentur
1113 1496 1270 1532 opinionem
1295 1503 1372 1524 suam
1394 1496 1579 1524 constabilire.
1603 1496 1672 1524 Cum
1695 1496 1781 1530 enirn,

993 1543 1080 1576 aiunt,
1096 1544 1228 1578 scriptum
1239 1543 1277 1570 sit
1291 1543 1326 1570 de
1354 1542 1545 1574 Melchisedec,
1575 1541 1648 1577 quod
1677 1551 1686 1568 ι
1704 1547 1783 1578 patro

992 1597 1024 1617 ac
1032 1593 1119 1617 matre
1128 1589 1258 1621 caruerit,
1269 1588 1397 1624 quodque
1407 1588 1483 1615 nulla
1495 1587 1570 1615 illius
1579 1587 1736 1623 genealogis
1746 1587 1757 1604 '
1769 1597 1779 1613 ι

991 1640 1190 1669 recenseatur;
1215 1635 1356 1663 benedixit
1375 1642 1442 1662 vero
1461 1634 1577 1662 Abrahae
1602 1633 1784 1662 Helchisedec

993 1681 1040 1709 tali
1057 1681 1201 1708 exsistenti
1216 1690 1223 1708 :
1240 1690 1249 1707 ι
1270 1681 1448 1708 Benedicitur
1463 1684 1554 1707 autem
1568 1679 1596 1707 id
1609 1680 1682 1714 quod
1692 1680 1784 1707 minus

992 1731 1034 1755 est
1045 1735 1061 1755 a
1077 1728 1181 1763 majore
1191 1735 1223 1755 ac
1240 1728 1430 1762 praestantiore
1444 1727 1454 1743 ’
1469 1736 1478 1752 ι
1495 1727 1565 1754 citra
1575 1726 1658 1754 ullam
1671 1731 1783 1754 contro-

991 1774 1109 1801 versiam
1124 1782 1131 1806 ;
1149 1780 1322 1808 nequaquam
1336 1773 1510 1800 existimetur
1524 1772 1607 1800 homo
1622 1773 1717 1805 fuisse,
1736 1772 1784 1800 sed

991 1826 1026 1847 ex
1039 1826 1089 1846 sua
1100 1822 1199 1846 natura
1208 1818 1331 1854 angelus,
1345 1822 1392 1845 aut
1407 1817 1510 1852 alioqui
1522 1818 1679 1845 veneranda
1693 1818 1784 1853 aliqua

991 1869 1020 1892 et
1039 1864 1157 1900 gloriosa
1176 1871 1295 1899 superna
1309 1868 1432 1899 potestas
1447 1867 1529 1899 atque
1539 1864 1782 1892 administratoria.

992 1910 1049 1946 Ego
1060 1918 1136 1942 vero,
1146 1910 1238 1943 amici,
1248 1910 1370 1937 demiror
1380 1910 1569 1942 vehementer,
1582 1910 1605 1937 si
1616 1910 1687 1938 forte
1697 1911 1785 1945 pietas

991 1957 1047 1993 eo
1068 1957 1193 1992 quaedam
1216 1964 1248 1984 ac
1272 1957 1427 1983 reverentia
1450 1964 1514 1991 erga
1538 1956 1675 1984 Abraham
1697 1963 1745 1984 eos
1768 1964 1784 1984 a

993 2008 1069 2032 recto
1087 2003 1242 2036 abduxerit,
1261 2007 1290 2033 et
1304 2011 1319 2030 a
1336 2003 1500 2030 necessariis
1512 2003 1546 2030 ad
1561 2003 1704 2030 veritatem
1716 2010 1785 2030 con-

992 2050 1161 2084 sequendam
1183 2048 1396 2084 cogitationibus
1419 2049 1560 2076 avulse'rit.
1584 2048 1652 2076 Cum
1667 2049 1741 2075 enim
1755 2049 1783 2076 in

993 2095 1200 2124 similitudinem
1220 2095 1253 2122 ac
1278 2100 1372 2130 typum
1397 2094 1584 2122 Emmanuelis
1604 2093 1784 2122 Melchisedec

993 2145 1127 2173 statuunt,
1144 2149 1199 2169 non
1216 2148 1310 2168 rerum
1321 2141 1481 2176 qualitatem
1491 2140 1677 2172 considerant,
1694 2147 1783 2175 neque

155 2191 285 2226 ποιότητα
299 2191 454 2224 βλέπουσιν,
465 2189 481 2225 ἢ
494 2189 539 2216 τὸν
547 2189 597 2224 τῆς
608 2188 757 2224 ιερωσύνης
767 2187 941 2223 δοκιμάζουσι

995 2186 1139 2215 sacerdotii
1169 2187 1281 2214 modum
1306 2187 1458 2221 explorant,
1489 2186 1536 2213 sed
1567 2186 1659 2220 potius
1686 2193 1782 2213 eorum

155 2237 254 2272 τρόπον
267 2245 273 2251 ·
289 2237 465 2272 βασανίζουσι
489 2236 518 2262 δὲ
542 2235 642 2270 μᾶλλον
655 2235 709 2261 τῶν
724 2235 764 2265 εἰς
775 2233 855 2260 τοῦτο
869 2241 941 2268 παρ-

155 2281 342 2316 ενηνεγμένων
354 2280 404 2311 τὰς
414 2280 557 2314 φύσεις.Τί
565 2279 619 2314 γὰρ
632 2279 665 2306 ἂν
673 2279 778 2313 γένοιτο
787 2278 817 2304 τὸ
829 2277 941 2310 λυποῦν,

155 2326 221 2362 φαίη
229 2335 269 2357 τις
279 2325 311 2353 ἂν
325 2325 437 2357 εἰκότως
450 2326 552 2358 αὐτοῖς,
569 2324 739 2359 εὐλογεῖσθαι
752 2324 799 2350 τὸν
807 2323 942 2359 Ἁϐραάμ,

154 2372 192 2403 ὡς
211 2371 241 2403 ἐξ
260 2371 405 2407 ἀνθρώπου
421 2371 503 2406 τυχὸν
526 2371 572 2397 τοῦ
590 2370 766 2406 Μελχισεδὲκ,
792 2369 843 2396 κᾶν
861 2369 885 2396 εί
906 2369 943 2404 μὴ

154 2417 240 2442 νοοῖτο
254 2416 385 2450 κρείττων
396 2415 496 2448 αὑτοῦ;
509 2416 545 2442 Οὐ
561 2415 616 2449 γὰρ
631 2416 658 2441 αι
673 2415 767 2449 φύσεις
780 2415 808 2440 ὲν
824 2413 940 2445 τούτοις,

153 2462 210 2488 ἀλλ’
225 2463 239 2488 ό
258 2462 311 2488 τῶν
323 2462 470 2498 δρωμένων
482 2461 658 2496 δοκιμάζεται
669 2460 742 2492 νοῦς,
756 2460 803 2487 καὶ
814 2461 864 2495 τῆς
876 2459 941 2494 ἀλη-

154 2507 230 2538 θείας
242 2508 266 2533 οῖ
280 2507 365 2541 λόγοι,
382 2506 438 2533 τῶν
457 2508 486 2534 ὲν
509 2508 600 2538 σκιαῖς
624 2505 792 2540 αἰνιγμάτων
813 2506 940 2540 ἀμείνους

155 2552 481 2588 προαναφαίνονται.”οτι
489 2553 543 2588 γάρ
554 2553 613 2579 ἐστι
623 2551 677 2578 τῶν
686 2551 746 2578 λίαν
755 2551 940 2583 ἀτοποτάτων,

154 2599 215 2634 οὐχ),
235 2599 269 2626 τὰ
287 2600 321 2625 ἐκ
335 2599 389 2625 τῶν
409 2600 617 2635 σημαινομένων
636 2597 865 2634 ἀντιπαρεξάγειν
886 2599 943 2629 τοῖς

154 2646 184 2672 ὲν
201 2646 302 2677 σκιαῖς,
321 2645 364 2672 ἐπ’
377 2645 462 2677 αὐτὰς
476 2645 504 2672 δὲ
522 2645 622 2681 μᾶλλον
636 2645 703 2672 ίέναι
717 2645 767 2676 τὰς
783 2644 879 2679 φύσεις
889 2643 942 2670 τῶν

153 2693 194 2723 είς
216 2692 297 2727 μέσον
320 2692 518 2727 ὲνηνεγμένων,
540 2692 601 2728 εἷο-ῃ
618 2700 660 2718 τοι
677 2691 833 2718 κάντεῦθεν.
862 2689 942 2717 ’Λπό-

153 2737 249 2770 λεκτος
264 2735 299 2772 ἦν
328 2737 444 2773 Ἀαρὼν,
460 2737 637 2774 προεστηκὼς
654 2737 701 2764 καὶ
723 2736 874 2772 ἡγούμενος
894 2736 943 2771 τῆς

153 2783 236 2818 ἁγίας
260 2783 379 2818 σκηνῆς,
406 2784 467 2816 ταῖς
489 2784 622 2811 ἀνωτάτω
643 2784 737 2818 τιμαῖς
759 2783 787 2809 ὲν
809 2782 942 2817 ἱερωσύνῃ

994 2233 1095 2267 quibus
1111 2233 1139 2260 id
1153 2231 1234 2260 oﬁicii
1252 2241 1338 2268 genus
1350 2232 1471 2259 delatum
1487 2236 1539 2264 est,
1556 2236 1671 2259 naturas
1690 2232 1783 2266 inqui-

993 2283 1068 2305 runt.
1082 2278 1153 2311 Quid
1176 2279 1249 2306 enim
1273 2278 1412 2305 obstiterit
1427 2278 1535 2314 (merito
1557 2277 1619 2312 quis
1645 2277 1677 2304 iis
1698 2277 1782 2314 dicat)

995 2325 1143 2359 quominus
1155 2324 1295 2352 Abraham
1316 2324 1479 2352 benedictus
1499 2325 1535 2352 sit
1554 2332 1570 2351 a
1593 2324 1782 2357 Melebisedec,

994 2369 1125 2397 nimirum
1142 2375 1172 2397 ut
1186 2370 1221 2397 ab
1237 2371 1359 2403 homine,
1377 2370 1484 2398 etiamsi
1497 2370 1570 2397 hunc
1585 2371 1631 2397 illo
1649 2378 1703 2397 non
1726 2378 1782 2398 ma<

992 2416 1081 2451 jorcm
1096 2423 1156 2443 esse
1167 2416 1432 2451 credamus?Neque
1456 2416 1529 2443 enim
1551 2416 1580 2443 in
1602 2417 1646 2444 his
1668 2421 1782 2450 naturae,

995 2461 1043 2488 sed
1061 2469 1157 2489 eorum
1174 2469 1235 2496 quae
1252 2466 1378 2497 aguntur,
1399 2469 1478 2489 mens
1495 2462 1669 2497 expenditur,
1682 2463 1782 2490 verita-

995 2507 1085 2542 tisque
1097 2515 1239 2535 sermones
1248 2507 1343 2543 ﬁguris
1352 2516 1459 2540 eorum,
1470 2516 1531 2543 qua:
1542 2508 1571 2535 in
1585 2507 1691 2535 umbris
1704 2508 1781 2540 ﬁunt,

994 2554 1199 2587 prtestantiores
1227 2558 1385 2582 censentur.
1419 2555 1497 2588 Quod
1525 2555 1598 2582 enim
1621 2554 1784 2582 absurdissi-

995 2605 1069 2625 mum
1092 2598 1138 2631 sit,
1163 2607 1218 2626 non
1239 2607 1270 2627 ea
1285 2608 1345 2635 qua:
1367 2600 1565 2636 signiﬁcantur,
1578 2600 1683 2628 umbris
1697 2607 1782 2635 oppo—

994 2651 1070 2676 nere,
1087 2644 1135 2671 sed
1147 2645 1238 2680 potius
1255 2653 1349 2673 eorum
1364 2654 1425 2681 qua:
1440 2647 1467 2673 in
1487 2647 1606 2673 medium
1621 2646 1782 2678 aﬂ‘eruntur,

993 2693 1108 2717 naturas
1134 2691 1300 2725 explorare,
1328 2693 1412 2720 etiam
1444 2692 1509 2720 hinc
1535 2691 1687 2727 intelligere
1707 2691 1781 2719 licet.

994 2735 1123 2763 Delectus
1134 2737 1207 2764 enim
1220 2741 1279 2765 erat
1300 2739 1401 2771 Aaron,
1414 2746 1446 2765 ac
1456 2738 1602 2773 praefectus
1613 2742 1642 2765 et
1652 2736 1707 2764 dux
1721 2744 1784 2765 san-

994 2783 1031 2810 cli
1046 2782 1227 2817 tabernaculi,
1245 2791 1372 2820 suprema
1384 2783 1545 2812 sacerdotali
1564 2782 1695 2818 dignitate
1714 2781 1782 2811 insi-

191 2872 202 2889 '
217 2873 297 2900 Deut.
316 2880 390 2906 xvm,
414 2871 464 2904 18;
486 2872 545 2899 Art.
559 2881 607 2906 ιιι,
633 2872 677 2900 22.
716 2872 726 2888 ⁸
742 2872 825 2900 Hebr.
841 2880 888 2906 vu,
910 2871 935 2899 5.
973 2872 983 2888 ’
996 2872 1064 2900 Ibid.
1092 2873 1118 2902 7.
