1990 3046
219 166 253 194 79
734 167 762 195 S.
783 164 922 194 CYR-lLLl
940 163 1173 192 ALEXANDRINI
1193 164 1350 193 ARCHIEP.
1808 164 1843 193 80

220 232 281 260 qua!
298 224 427 252 adrcmlos
447 231 532 259 usque
553 224 729 259 pertingeret,
748 223 883 251 aadiﬁcare
897 223 1004 250 omnino

1066 222 1243 258 ’Υπειλήφασι
1252 223 1315 258 γὰρ,
1325 222 1374 248 οὐκ
1386 218 1434 248 οἷδ’
1447 221 1531 255 ὅπως,
1542 221 1629 256 πάντη
1636 229 1665 248 τε
1678 219 1724 248 καὶ
1737 221 1844 254 πάντως

219 279 310 308 posse.
320 271 433 298 Fuerim
447 275 538 298 autem
553 271 592 304 hi,
607 270 635 297 ni
654 270 742 303 fallor,
758 274 837 306 typus
851 269 1007 298 Judreorum

221 316 424 351 imprudentiae,
437 315 485 350 qui
501 323 530 342 se
544 315 693 342 amicitiam
711 323 774 342 cum
790 315 846 341 Deo
860 313 1009 348 inirevpos-

219 369 247 388 se
260 360 490 395 putabant,atque
500 364 609 387 tantum
623 367 678 387 non
689 359 794 386 aditum
811 359 838 385 in
847 358 947 386 coelum
955 357 1007 385 sibi

219 411 355 438 sternere,
369 413 425 433 non
437 413 469 432 ea
491 413 552 441 quat
563 405 615 441 ipsi
629 405 775 440 placebant
788 408 920 439 grataque
928 406 1008 431 erant

218 450 360 483 facientes,
380 459 469 486 neque
482 459 531 486 per
553 450 634 479 [idem
656 450 685 477 in
703 449 866 483 Christum;
883 450 931 478 sed
951 450 1008 477 vel-

219 495 260 522 uti
283 495 380 522 turrim
398 494 544 530 quamdam
561 494 714 529 erigentes,
742 494 844 521 nudam
870 502 902 522 ac
922 494 1007 522 solam

217 546 326 576 patrum
346 548 459 568 suorum
469 540 593 575 gloriam,
607 544 634 567 et
647 539 682 566 ob
703 547 763 567 eam
775 547 880 568 summa
893 548 1007 576 quaeque

219 587 411 622 imprudenter
431 586 485 613 sibi
504 585 676 620 pollicentes.
699 585 803 614 Passim
826 586 899 614 enim
923 586 1008 614 Abra-

218 632 282 660 ham
296 633 480 663 nominantes,
497 635 525 658 et
544 634 716 658 terrenarum
729 638 821 659 rerum
832 631 944 667 gloriam
953 631 1006 660 sibi

217 682 372 706 astruentes
396 678 535 704 videntur.
559 676 697 704 Caeterum
721 677 809 705 iratus
835 682 879 706 est
893 678 933 706 cis
958 679 1006 714 qui

217 725 316 752 turrim
335 723 508 751 aediﬁcabant
524 723 607 756 Deus,
628 727 656 751 et
677 723 705 750 in
722 723 821 751 multas
836 732 884 751 eos
900 724 1007 760 linguas

217 770 320 797 divisit.
353 769 431 803 Quod
464 777 529 797 vero
556 770 610 797 illis
637 770 738 798 accidit
762 774 829 798 tunc
861 772 1004 807 temporis,

215 815 358 850 praedictio
382 815 434 843 fuit
451 823 547 843 eorum
564 823 625 850 qum
642 816 743 844 Iudaeis
753 821 918 844 evenerunt:
939 817 1005 845 sub-

212 861 292 889 limia
307 860 383 889 enim
401 860 550 888 admodum
568 861 733 896 cogitantes,
758 864 787 889 et
804 868 854 896 per
868 869 929 896 qua;
952 861 1005 888 mi-

217 908 291 936 nime
309 911 418 942 oportet
429 906 534 934 aditum
545 906 599 945 1sibi
610 907 646 934 ad
663 907 763 935 coelum
770 913 913 942 parantes,
924 907 1005 935 dissi-
1020 898 1042 926 Β

215 953 271 989 pati
285 953 388 980 suntin
398 952 488 980 varias
500 952 618 988 linguas,
635 952 687 980 hoc
700 956 752 986 est,
774 953 806 980 in
825 960 922 981 omnes
938 961 1005 989 gen-

208 1003 267 1026 .tes.
286 997 408 1033 Dispersi
421 997 495 1025 enim
518 1001 583 1025 sunt
601 1005 650 1026 sua
662 998 784 1033 regione,
810 998 879 1026 urbe
901 1005 934 1025 ac
954 998 1004 1026 do-

215 1045 308 1072 mibus
321 1044 441 1080 expulsi,
461 1048 489 1072 et
509 1043 575 1071 facti
595 1049 662 1072 sunt
683 1043 793 1071 erronei
814 1044 842 1071 in
865 1043 1003 1080 gentibus,

213 1093 291 1127 juxta
304 1091 449 1126 Propheta:
464 1098 558 1118 vocem
574 1090 607 1117 ".
628 1090 764 1118 Caeterum
788 1090 817 1118 in
831 1090 941 1118 Christo
957 1098 1005 1118 va-

215 1137 300 1165 rietas
314 1136 470 1172 linguarum
483 1136 588 1164 bonum
600 1136 709 1171 signum
733 1140 804 1164 erat.
828 1135 1005 1171 Congregatis

214 1183 289 1211 enim
315 1182 458 1217 discipulis
470 1182 515 1210 die
528 1182 704 1210 Pentecostes
723 1181 750 1209 in
767 1189 849 1209 unam
875 1181 1003 1209 domum:

209 1240 229 1256 .‹
240 1230 340 1257 Factus
347 1232 399 1261 est,
415 1239 423 1255 |
440 1228 539 1264 inquit,
559 1237 568 1254 ι
580 1232 692 1264 repente
707 1228 741 1256 de
755 1228 824 1256 coelo
835 1236 920 1256 sonus
942 1232 1004 1256 tan-

214 1282 298 1310 quam
311 1275 415 1310 impetu
430 1273 567 1302 venientis
583 1273 664 1302 ﬂatus
674 1273 856 1306 vehementis,
873 1277 901 1300 et
913 1273 1004 1308 reple-

214 1321 256 1348 vit
269 1325 355 1348 totam
364 1321 478 1348 domum
489 1319 537 1347 ubi
554 1323 634 1347 erant
646 1319 784 1348 sedentes.
808 1319 843 1347 Et
863 1319 929 1347 visae
940 1323 1006 1348 sunt

215 1367 271 1395 illis
287 1367 413 1394 dissectae
439 1366 540 1402 linguae
559 1366 635 1393 velut
654 1366 751 1401 igneae,
764 1365 892 1400 seditque
922 1373 1005 1400 super

209 1411 339 1447 singulos
347 1418 455 1444 eorum,
467 1415 495 1438 et
505 1410 604 1445 repleti
618 1414 682 1438 sunt
697 1417 793 1438 omnes
817 1410 920 1445 Spiritu
944 1418 1006 1437 san-

214 1460 482 1491 o:o,cmperuntque
502 1455 578 1490 loqui
606 1456 668 1483 aliis
682 1455 795 1490 linguis,
813 1460 899 1490 prout
919 1455 1005 1490 Spiri-

209 1505 260 1529 tus
271 1501 355 1529 dabat
363 1501 457 1536 eloqui
473 1500 530 1527 illis
544 1499 577 1526 ⁸⁵.
590 1508 599 1525 ›
628 1499 699 1532 Quid
713 1507 780 1527 vero
799 1499 1004 1534 loquebantur?

213 1547 406 1584 suppeditante
426 1546 494 1581 ipsis
517 1545 621 1581 Spiritu
646 1545 752 1573 aditum
781 1545 816 1572 ad
834 1553 963 1580 superna,
976 1550 1005 1573 et

209 1601 358 1623 ascensum
369 1593 397 1620 in
411 1592 494 1620 coelos
504 1591 532 1619 in
543 1591 653 1619 Christo
663 1599 712 1626 per
721 1590 814 1623 (idem,
826 1591 1004 1626 omniumque

215 1649 265 1676 per
279 1639 439 1667 universum
452 1637 548 1664 orbem
564 1641 698 1664 terrarum
711 1636 875 1672 linguarum,
888 1636 945 1664 sive
956 1644 1005 1672 po-

214 1686 353 1721 pulorum,
365 1684 422 1711 sive
447 1681 609 1717 gentium'in
637 1681 770 1709 unitatem
791 1688 955 1708 concursum
975 1681 1003 1708 in

215 1727 533 1765 Spiritu.Coniltebatur
553 1726 628 1754 enim
650 1727 740 1754 omnis
754 1726 847 1762 lingua
860 1726 1003 1753 hominum

214 1776 335 1807 Christo,
361 1774 502 1810 ipsiusque
521 1773 650 1808 mysteria
673 1772 847 1808 loquebatur.
868 1772 1003 1805 Quocirca

213 1822 333 1850 varietas
344 1820 455 1856 quidem
467 1820 623 1855 linguarum
636 1819 664 1846 in
674 1819 748 1846 turri
760 1819 869 1854 signum
878 1822 936 1846 erat
948 1818 1004 1845 dis-

215 1867 360 1903 sipationis
389 1873 421 1893 ac
445 1864 645 1901 profugationis
667 1865 696 1892 in
727 1872 824 1892 omnes
848 1864 1003 1900 genteszin

214 1902 324 1942 Christo
345 1919 411 1940 vero
432 1912 538 1947 signum
569 1918 718 1939 concursus
747 1911 775 1938 in
795 1909 928 1938 unitatem
953 1917 1004 1945 per

215 1959 363 1994 Spiritum.
376 1961 405 1985 et
413 1957 539 1985 accessus
549 1957 582 1985 ad
601 1957 710 1997 emplum.
725 1956 907 1984 Factusenim
920 1956 1003 1984 nobis

214 2008 258 2032 est
268 2004 394 2032 Christus
405 2013 414 2029 ι
427 2003 512 2030 turris
531 2002 713 2035 fortitudinis,
726 2012 734 2027 ι
753 2003 831 2038 juxta
843 2002 898 2038 43
921 2002 1001 2029 Psal-

214 2050 303 2077 mista:
321 2056 416 2077 vocem
435 2048 468 2080 ⁸⁸,
484 2048 511 2075 in
532 2056 677 2083 supernam
699 2048 838 2075 civitatem
862 2048 1001 2075 transmit-

215 2100 286 2127 tens,
307 2099 334 2122 et
356 2099 514 2122 sanctorum
542 2094 702 2131 angelorum
721 2093 814 2121 choris
832 2093 1000 2129 conjungens

213 2147 262 2168 eos
276 2140 323 2175 qui
335 2140 362 2167 in
382 2140 465 2168 terris
480 2139 592 2175 degunt.

1061 267 1178 303 ἰσχύσειν
1223 268 1270 296 καὶ
1306 268 1386 304 ἄχρις
1406 267 1444 295 ἂν
1466 268 1554 295 αὐτῶν
1585 268 1707 304 οὐρανῶν
1739 268 1784 295 τὸν
1812 269 1845 295 ὲκ

1059 311 1169 339 πλίνθου
1185 321 1214 339 τε
1227 313 1274 339 καὶ
1291 313 1342 348 γῆς
1356 313 1552 348 ἀναδείμασθαι
1568 313 1683 348 πύργον.
1698 311 1759 339 Εἶεν
1773 313 1795 339 δ’
1812 313 1845 340 ἂν

1058 357 1098 389 εἰς
1108 357 1201 390 τύπον,
1211 355 1286 392 οἶμαι
1296 367 1358 391 που,
1371 358 1418 385 καὶ
1431 359 1507 385 αὐτοὶ
1515 358 1546 394 δὴ
1558 358 1638 385 πάλιν
1646 358 1696 393 τῆς
1712 358 1845 385 Ἰουδαίων

1058 405 1215 436 ἀσυνεσίας,
1227 405 1352 440 εὑρήσειν
1368 404 1554 440 ὑπειληφότων
1568 404 1617 439 τὴν
1635 404 1701 439 πρὸς
1722 404 1787 430 Θεὸν
1807 405 1846 430 οξ-

1058 449 1202 484 κειότητα⁸
1224 449 1364 484 μονονουχὶ
1384 449 1412 476 δὲ
1433 449 1480 476 καὶ
1501 449 1585 484 αὐτὴν
1603 449 1653 484 τὴν
1673 449 1713 480 είς
1736 448 1771 475 τὰ
1790 447 1846 474 ἄνω

1058 496 1185 532 πορείαν,
1201 496 1232 523 οὺ
1247 495 1291 523 διὰ
1305 503 1337 530 γε
1354 495 1400 522 τοῦ
1421 495 1486 531 δρᾷν
1503 494 1610 521 ἑλέσθαι
1623 489 1703 530 τυχὸν
1721 494 1755 521 τὰ
1771 493 1846 529 αὐτῷ

1057 542 1186 569 δοκοῦντα
1198 543 1245 569 καὶ
1256 541 1329 577 φίλα,
1340 541 1402 568 οὗτε
1415 541 1467 577 μὴν
1478 540 1523 568 διὰ
1536 541 1652 572 πίστεως
1667 543 1715 577 τῆς
1728 542 1767 573 εἰς
1777 542 1846 576 Χρυ-

1058 588 1130 622 στδν,
1141 589 1198 616 ἀλλ’
1213 589 1308 624 ὥσπερ
1318 587 1379 615 τινὰ
1390 587 1496 623 πύργον
1510 587 1717 620 ὲξανιστάντων,
1732 587 1845 623 ἀμαθῶς

1057 635 1087 662 τὸ
1099 635 1145 662 ἐπὶ
1158 636 1247 671 γυμνῇ
1272 634 1319 661 καὶ
1335 633 1401 670 μόνῃ
1415 635 1447 670 τῇ
1459 633 1513 660 τῶν
1524 633 1650 670 πατέρων
1660 633 1770 669 εὐκλείᾳ
1780 641 1846 669 φρο-

1057 681 1136 717 νῆσαι
1149 681 1182 708 τὰ
1198 680 1297 717 ὑψηλά.
1315 680 1389 707 Ἂνω
1400 688 1430 706 τε
1445 679 1500 715 γὰρ
1510 679 1557 706 καὶ
1571 680 1647 707 κάτω
1657 680 1703 707 τὸν
1720 680 1846 716 ’Δῦραὰμ

1056 726 1251 763 ὀνομάζοντες,
1266 726 1313 753 καὶ
1328 726 1432 762 γηῒνοις
1448 726 1589 761 αὐχήμασι
1601 725 1651 761 τὴν
1667 725 1734 753 ῑδίαν
1751 726 1845 760 ὥσπερ

1056 773 1259 808 οἰκοδομοῦντες
1273 772 1363 806 δόξαν,
1378 772 1421 798 ἀεί
1437 781 1495 803 πως
1508 771 1750 806 κατεγινώσκοντο.
1775 771 1845 798 Ἀλλ’

1056 818 1174 854 ἐπετίμα
1190 818 1239 854 μὲν
1254 819 1310 849 τοῖς
1324 817 1370 845 τὸν
1389 817 1493 853 πύργον
1504 817 1721 853 τεκταινομένοις
1738 818 1752 844 6
1767 817 1844 850 Θεὸς,

1057 865 1103 892 καὶ
1115 865 1154 896 είς
1169 864 1268 897 πολλὰς
1282 865 1380 895 αὐτοὺς
1394 863 1558 900 κατεμέριζε
1574 863 1709 898 γλώσσας.
1726 864 1846 899 Προανα-

1056 910 1177 946 φώνησιν
1188 911 1216 937 δὲ
1234 910 1328 945 ὥσπερ
1339 909 1400 936 τινὰ
1414 908 1540 944 γενέσθαι
1556 909 1656 944 φαμὲν,
1673 908 1704 935 τὸ
1718 909 1761 935 ἐπ’
1774 908 1846 936 ὲκεί-

1056 965 1111 988 νοις
1130 956 1200 989 τότε,
1221 955 1275 982 τῶν
1292 956 1348 987 τοῖς
1369 954 1508 986 Ἰουδαίοις
1532 953 1755 989 συμϐεϐηκότων.
1777 954 1845 989 Φρο-

1056 1001 1168 1034 νοῦντας
1178 1000 1232 1036 γὰρ
1244 1001 1305 1028 λίαν
1315 1001 1350 1027 τὰ
1364 1000 1464 1036 ὑψηλὰ,
1471 1000 1522 1027 οιαὶ
1532 996 1725 1035 δι’-ὦψῆκιστα
1735 999 1787 1035 χρὴ
1794 999 1845 1034 τὴν

1055 1049 1095 1080 είς
1117 1047 1153 1075 τὰ
1173 1049 1229 1076 ἄνω
1252 1048 1400 1084 ζητοῦντας
1427 1047 1557 1083 πορείαν.
1579 1046 1778 1073 κατεσκέδασεν
1803 1047 1845 1078 είς

1055 1093 1270 1128 πολυγλωσσίαν,
1284 1093 1434 1124 τουτέστιν,
1443 1092 1482 1123 είς
1495 1091 1585 1118 πάντα
1594 1091 1629 1118 τὰ
1641 1091 1716 1127 ἔθνη.
1728 1091 1845 1118 Διεσπά-

1057 1148 1141 1176 ρησαν
1155 1139 1209 1174 γὰρ
1223 1137 1315 1174 χώρας
1327 1146 1357 1164 τε
1368 1138 1418 1173 τῆς
1432 1137 1506 1172 σφῶν
1521 1138 1568 1164 καὶ
1578 1137 1692 1170 πόλεως,
1705 1137 1753 1164 καὶ
1763 1138 1845 1164 οἴκων

1054 1185 1147 1220 ἀπηλα
1150 1185 1236 1220 μένοι,
1244 1185 1290 1210 καὶ
1297 1184 1423 1219 γεγόνασι
1430 1183 1564 1218 πλανῆται
1571 1184 1599 1210 ὲν
1605 1185 1661 1215 τοῖς
1667 1183 1725 1210 ἕθνε
1730 1192 1766 1216 σι,
1774 1183 1845 1210 κατὰ

1054 1231 1103 1266 τὴν
1118 1231 1261 1266 Προφήτου
1277 1226 1379 1265 φωνήν.
1401 1229 1470 1256 Ἀλλ’
1484 1230 1513 1256 ὲν
1525 1229 1635 1266 Χριστῷ
1647 1229 1677 1256 τὸ
1688 1229 1845 1264 πολύγλωσ-

1055 1284 1111 1308 σον,
1125 1277 1236 1311 σημεῖον
1248 1273 1282 1312 ἦν
1295 1275 1406 1311 ἀγαθόν.
1422 1275 1604 1310 Συνηγμένων
1618 1275 1672 1311 γὰρ
1684 1275 1739 1303 τῶν
1757 1276 1846 1312 μαθη-

1054 1319 1108 1346 τῶν
1125 1320 1196 1347 κατὰ
1207 1320 1256 1355 τὴν
1268 1320 1376 1356 ἡμέραν
1384 1321 1433 1356 τῆς
1448 1320 1641 1355 Πεντηκοστῆς
1652 1321 1692 1352 είς
1702 1318 1775 1347 οἷκον
1785 1321 1844 1348 ἕνα·

1057 1372 1067 1389 ι
1087 1363 1220 1398 Ἐγένετο,
1245 1373 1255 1391 ι
1280 1365 1373 1400 φησὶν,
1392 1374 1402 1390 ι
1421 1365 1453 1391 ὲκ
1471 1364 1517 1391 τοῦ
1534 1364 1647 1400 οὐρανοῦ
1668 1365 1744 1400 ἄφνω
1767 1364 1844 1402 ἦχος,

1055 1409 1149 1445 ὥσπερ
1164 1410 1316 1446 φερομένης
1331 1411 1415 1446 πνοῆς
1433 1411 1532 1446 βιαίας,
1554 1412 1600 1438 καὶ
1613 1412 1773 1448 ἐπλήρωσεν
1785 1413 1846 1440 ὅλον

1054 1455 1100 1481 τὸν
1118 1453 1192 1481 οἷκον
1213 1452 1244 1482 οὗ
1260 1454 1331 1492 ἦσαν
1351 1457 1511 1492 καθήμενοι.
1527 1458 1583 1485 Καὶ
1604 1457 1734 1492 ὤφθησαν
1753 1459 1846 1490 αὐτοῖς

1054 1499 1279 1536 διαμεριζόμεναι
1295 1501 1415 1536 γλῶσσαι
1438 1502 1503 1530 ὡσεὶ
1519 1503 1615 1539 πυρὸς,
1631 1503 1741 1531 ὲκάθισέ
1756 1513 1784 1531 τε
1801 1505 1845 1539 ἐφ’

1055 1546 1103 1574 ἕνα
1117 1546 1231 1573 ἕκαστον
1246 1547 1347 1580 αὐτῶν,
1367 1548 1415 1575 καὶ
1432 1548 1607 1584 ἐπλήσθησαν
1620 1549 1740 1582 ἅπαντες
1760 1550 1846 1576 Πνεύ-

1058 1601 1142 1628 ματος
1163 1592 1252 1627 ἁγίον,
1275 1593 1322 1620 καὶ
1339 1593 1455 1629 ἤρξαντο
1471 1594 1560 1621 λαλεῖν
1573 1595 1681 1631 ἑτέραις
1696 1595 1843 1630 γλώσσαις,

1056 1637 1146 1671 καθὼς
1162 1638 1193 1665 τὸ
1205 1639 1318 1674 Πνεῦμα
1333 1639 1417 1666 ἐδίδου
1430 1641 1523 1672 αὐτοῖς
1537 1641 1766 1676 ἀποφθέγγεσθαι.
1787 1651 1796 1668 ι
1812 1643 1846 1669 Ἰῖί

1055 1684 1084 1711 δὲ
1098 1684 1130 1720 δὴ
1145 1684 1193 1711 καὶ
1210 1685 1336 1718 ὲλάλουν;
1353 1686 1534 1721 χορηγοῦντος
1554 1687 1601 1714 τοῦ
1618 1688 1776 1723 Πνεύματος
1795 1689 1846 1724 τὴν

1055 1729 1095 1761 είς
1111 1729 1145 1756 τὰ
1165 1729 1221 1756 ἄνω
1237 1729 1367 1765 πορείαν,
1382 1731 1431 1766 τὴν
1452 1732 1492 1762 είς
1508 1732 1640 1767 οὐρανοὺς
1662 1733 1795 1760 ἀνάϐασιν
1815 1734 1845 1761 ἐν

1055 1773 1166 1810 Χριστῷ
1187 1774 1231 1801 διὰ
1256 1775 1388 1806 πίστεως,
1406 1775 1455 1810 τὴν
1473 1776 1602 1803 ἁπάντων
1624 1777 1679 1804 τῶν
1698 1778 1771 1806 κατὰ
1794 1778 1845 1815 τὴν

1055 1820 1216 1856 οἰκουμένην
1229 1821 1359 1854 γλωσσῶν
1370 1841 1377 1852 .
1391 1822 1449 1857 ἦτοι
1464 1822 1536 1850 λαῶν
1547 1823 1563 1859 ἢ
1579 1824 1664 1850 ἐθνῶν
1680 1826 1720 1857 εἰς
1731 1825 1844 1861 ἑνότητα

1056 1865 1208 1901 συνδρομὴν
1228 1865 1258 1892 ἐν
1283 1866 1430 1902 Πνεὺματι.
1455 1867 1665 1903 Ἐξωμολογεῖτο
1680 1871 1734 1905 γὰρ
1749 1871 1844 1898 ἅπασα

1054 1910 1166 1945 γλῶσσα
1183 1911 1286 1947 βροτῶν
1298 1912 1337 1948 τῷ
1350 1913 1470 1949 Χριστῷ,
1485 1914 1531 1941 καὶ
1544 1914 1578 1941 τὰ
1592 1915 1673 1943 αὑτοῦ
1686 1917 1776 1944 ἐλάλει
1793 1926 1844 1952 μιν

1056 1956 1164 1992 στήρια.
1187 1957 1291 1985 Οὐκοῦν
1307 1958 1353 1985 ἐπὶ
1375 1959 1425 1994 μὲν
1439 1959 1485 1986 τοῦ
1506 1960 1610 1997 πύργου
1628 1962 1780 1998 σκεδασμοῦ
1796 1965 1844 1991 καὶ

1055 2002 1215 2038 ἁποδρομῆς
1238 2004 1288 2039 τῆς
1309 2005 1349 2036 είς
1372 2005 1460 2032 πάντα
1484 2005 1518 2032 τὰ
1539 2006 1621 2041 ἔθνη,
1640 2010 1752 2043 σημεῖον
1774 2007 1807 2045 ἧν
1824 2011 1842 2046 ἡ

1053 2048 1254 2082 πολυγλωσσία*
1267 2050 1314 2076 ἐπὶ
1324 2050 1352 2076 δὲ
1366 2051 1411 2077 τοῦ
1422 2052 1552 2087 Χριστοῦ,
1560 2053 1609 2088 τῆς
1619 2055 1660 2086 εἰς
1672 2055 1783 2091 ἑνότητα
1798 2056 1843 2084 διὰ

1054 2093 1213 2129 Πνεύματος
1231 2095 1398 2132 συνδρομῆς,
1411 2098 1458 2124 καὶ
1479 2098 1530 2134 τῆς
1545 2101 1584 2131 εἰς
1600 2100 1633 2127 τὰ
1647 2102 1702 2128 ἄνω
1716 2103 1840 2138 πορείας.

1052 2139 1150 2174 Γέγονε
1164 2141 1217 2176 γὰρ
1232 2142 1297 2176 ἡμῖν
1310 2143 1324 2169 6
1339 2143 1465 2179 Χριστὸς.
1481 2154 1491 2170 ‹
1508 2145 1612 2181 πύργος
1628 2147 1728 2182 ἰσχύος,
1748 2158 1757 2174 ι
1772 2149 1842 2176 κατὰ

213 2188 263 2223 τὴν
281 2187 329 2214 τοῦ
346 2187 501 2219 Ψάλλοντος
517 2187 619 2222 φωνὴν,
637 2187 677 2218 ιίς
691 2186 740 2222 τὴν
758 2186 813 2214 ἅνω
835 2186 1001 2222 διακομίζων
1020 2187 1108 2222 πόλιν,
1128 2189 1174 2216 καὶ
1189 2191 1244 2222 τοῖς
1257 2190 1310 2217 τῶν
1339 2191 1423 2226 ἁγίων
1455 2194 1578 2228 ἀγγέλων
1596 2196 1738 2224 συνάπτων
1752 2200 1842 2234 χοροῖς

214 2236 277 2268 τοὺς
296 2235 342 2262 ἐπὶ
358 2235 408 2271 τῆς
427 2235 488 2271 γῆς.

389 2312 429 2340 Dc
443 2312 578 2340 Abraham
594 2312 624 2339 ἐι
642 2312 820 2340 Melchisedec.

249 2370 276 2396 '1.
295 2368 395 2403 Legem
415 2368 526 2402 quidem
542 2368 569 2395 in
588 2368 726 2395 auxilium
750 2367 827 2395 dedit
854 2368 999 2395 universo-

213 2423 275 2443 rum
290 2414 432 2442 Dominus.
448 2413 489 2440 lta
503 2414 577 2440 enim
596 2413 728 2448 scriptum
745 2418 788 2441 est
805 2413 848 2441 π’.
865 2413 1001 2441 Caeterum

213 2461 288 2497 quod
299 2461 343 2488 lex
353 2459 431 2494 quasi
442 2467 543 2494 pueros
559 2459 686 2491 instruat,
709 2459 810 2486 Christi
844 2466 911 2486 vero
940 2467 1000 2494 my-

213 2507 328 2535 stcrium
360 2505 492 2540 perﬁciat,
506 2512 681 2539 nequaquam
714 2505 823 2532 dillicile
854 2504 936 2532 fuerit
966 2512 1000 2532 ex

214 2552 282 2588 ipsis
297 2550 381 2578 sacris
401 2549 513 2578 Litteris
532 2550 635 2583 videre,
668 2551 782 2586 ejusque
810 2550 999 2586 probationem

213 2596 278 2624 inde
294 2599 427 2630 petentes,
449 2599 476 2622 et
492 2595 635 2623 verissim
660 2596 828 2631 colligentes.
851 2595 1000 2623 Suffecerit

214 2646 318 2672 autem,
333 2645 364 2667 ut
376 2639 507 2673 arbitror,
526 2640 637 2668 divinus
652 2641 763 2674 Paulus,
774 2641 869 2668 dicens
878 2641 912 2669 de
930 2641 999 2668 duo-

220 2688 271 2714 bus
287 2685 469 2712 Testamentis
485 2694 493 2711 :
515 2685 683 2721 «Abrogatio
702 2686 813 2722 quidem
839 2687 875 2714 sit
893 2695 997 2722 praece-

216 2732 308 2761 dentis
316 2731 446 2762 mandati,
461 2731 496 2758 ob
513 2731 700 2760 inﬁrmitatem
712 2734 782 2768 ejus,
801 2738 882 2768 atque
911 2734 996 2761 inuti-

214 2779 328 2807 litatem.
343 2777 417 2805 Nihil
430 2777 504 2805 enim
514 2778 629 2812 perfecit
639 2779 696 2806 lex:
723 2780 930 2814 superinduclio
948 2788 998 2806 au-

1131 2313 1199 2347 Hspl
1218 2314 1271 2341 τοῦ
1291 2313 1415 2349 Ἀϐραὰμ
1430 2315 1479 2342 καὶ
1498 2316 1551 2344 τοῦ
1565 2319 1762 2353 Μελχισεδέκ.

1090 2370 1124 2394 α’.
1146 2368 1237 2403 Νόμον
1260 2369 1308 2404 μὲν
1332 2370 1371 2401 εἰς
1388 2370 1513 2406 βοήθειαν
1529 2372 1644 2400 δέδωκεν
1664 2375 1678 2400 6
1700 2376 1754 2402 τῶν
1773 2377 1842 2404 ὅλων

1055 2413 1136 2445 Θεόςι
1153 2413 1306 2449 γέγραπται
1326 2415 1379 2450 γὰρ
1394 2416 1450 2442 ὡδί.
1469 2417 1542 2453 Πλὴν
1562 2419 1602 2445 ὅτι
1617 2421 1778 2457 παιδοκομεῖ
1792 2424 1841 2458 μὲν

1053 2460 1068 2486 ὸ
1091 2459 1182 2494 νόμος,
1206 2460 1304 2487 τελειοτ
1321 2461 1349 2487 δὲ
1369 2461 1460 2488 λοιπδν
1483 2463 1513 2490 ἰδ
1537 2465 1654 2500 Χριστοῦ
1679 2468 1839 2504 μυστήριον,

1054 2505 1170 2540 χαλεπὸν
1182 2506 1258 2533 οὐδὲν
1278 2506 1308 2539 ἐξ
1323 2508 1413 2535 αὐτῶν
1433 2510 1506 2544 ἡμᾶς
1521 2511 1667 2547 καταϐρεῖν
1687 2514 1741 2541 τῶν
1759 2516 1840 2551 ἱερῶν

1055 2551 1243 2587 Γραμμάτων,
1262 2553 1311 2588 τὴν
1326 2554 1372 2580 ἐπὶ
1390 2554 1457 2590 τῷδε
1473 2556 1563 2584 πίστιν
1579 2559 1786 2595 ἐρανιζομένονς
1808 2560 1838 2590 εὖ

1056 2597 1138 2632 μάλα,
1158 2599 1205 2625 καὶ
1215 2599 1248 2625 τὰ
1261 2599 1347 2634 ἀληθῆ
1366 2601 1541 2635 συλλέγοντας
1551 2611 1557 2618 ·
1573 2604 1679 2640 ἀπόχρη
1699 2605 1737 2637 δὲ,
1750 2604 1836 2641 οἶμαι,

1053 2645 1100 2670 καὶ
1118 2645 1132 2670 6
1155 2644 1296 2676 θεσπέσιος
1313 2646 1399 2680 λέγων
1413 2648 1517 2679 Παῦλος
1532 2650 1595 2685 περὶ
1611 2652 1670 2677 ταῖν
1691 2651 1763 2678 δυοῖν
1783 2654 1839 2680 δια-

1053 2689 1167 2724 θήκαιν’
1191 2698 1200 2714 ι
1232 2689 1371 2726 ’Λθέτησις
1395 2692 1444 2727 μὲν
1463 2692 1517 2728 γὰρ
1535 2693 1638 2728 γίνεται
1665 2698 1838 2733 προαγούσης

1051 2734 1161 2770 ἐντολῆς
1181 2734 1223 2761 διὰ
1241 2735 1271 2761 τὸ
1287 2736 1370 2772 αὐτῆς
1392 2738 1503 2770 ἀσθενὲς
1527 2740 1573 2766 καὶ
1585 2739 1738 2775 ¹ὰνωφελὲς.
1756 2743 1838 2770 esset.

1052 2780 1106 2814 γὰρ
1123 2780 1278 2808 ἐτελείωσεν
1299 2782 1313 2808 ό
1329 2783 1426 2818 νόμο;’
1445 2786 1618 2822 ἐπεισαγωγὴ
1639 2786 1667 2813 δὲ
1684 2788 1837 2823 κρείττονος

248 2867 272 2885 ⁸⁸
294 2869 365 2898 Psal.
387 2871 481 2904 cv,tl.
520 2872 542 2888 "
559 2872 618 2900 Act.
639 2880 666 2905 ιι,
681 2873 741 2900 24.
780 2874 883 2902 "Psal.
899 2881 940 2906 ις,
966 2867 998 2900 4.‘

1057 2874 1065 2883 ‘
1082 2873 1168 2902 Galat.
1184 2883 1222 2910 In,
1241 2876 1285 2903 24.
1331 2871 1337 2874 ’
