1990 3046
111 152 139 182 8i
618 141 878 174 GLAPHYRORUM
897 139 930 168 IN
951 136 1099 167 GENESIM
1120 137 1184 164 LIB.
1206 136 1238 163 II.
1709 127 1746 157 82

113 207 217 241 ἐλπίδος
227 227 234 241 ,
251 207 288 235 δι’
301 204 337 245 ἦς
352 206 499 242 ἐγγίζομεν
517 203 556 239 τῷ
568 202 636 238 Θεῷ.
660 211 669 228 ι
688 199 793 228 Οὐκοῦν
808 200 841 226 ἴοι
860 199 909 234 μὲν
923 210 930 229 λ

982 202 1017 223 em
1041 193 1163 221 melioris
1175 192 1243 228 spei,
1260 199 1308 227 per
1323 197 1405 226 quam
1432 189 1682 225 appropinquamus
1711 187 1744 214 :ul

1062 240 1083 245 ..-
1137 239 1155 245 Α
1213 238 1218 243 ι
1299 237 1310 245 ιι
1344 236 1373 245 ἰγ
1399 244 1404 245 γ
1417 234 1539 245 Λιμμιιμη.
1566 234 1624 245 __!_
1653 232 1738 245 -..ἶριὶ

115 264 153 287 τις
176 254 224 281 καὶ¹
251 253 329 289 μάλα
357 252 457 288 ῥᾳδίως
477 251 517 282 εἰς
535 248 689 283 οἰκειότητα
712 246 762 282 τὴν
779 245 817 277 ὡς
841 244 910 280 πρὸς

116 301 190 334 Θεὸν,
205 300 236 327 οὐ
253 299 302 327 διά
312 308 346 334 γε
361 299 412 333 τῆς
428 296 540 333 πρώτης
559 295 606 322 καὶ
620 292 771 328 Μωσαῖκῆς
789 290 909 326 ἐντολῆς·

117 346 159 373 διὰ
173 346 223 381 τῆς
237 345 392 380 λεγομένης
404 343 433 370 δὲ
449 340 611 377 έπεισῆχθαι
623 339 739 371 ἐλπίδος,
754 338 788 373 ἢν
802 338 861 368 ταῖς
872 336 913 367 εις

119 392 147 418 τὸ
161 390 274 426 ἄμεινον
289 389 392 425 ψήφοις
409 386 557 423 στεφανοῦν
577 386 663 412 ἐδόκει
683 383 722 419 τῷ
740 381 912 419 μυσταγωγῷ

121 437 188 472 πρὸς
201 435 335 471 ἀλήθειαν
349 434 484 470 βλέποντι.
508 429 671 466 Ἦθετῆσθαι
681 429 711 456 δὲ
727 427 820 463 σαφῶς
832 426 867 453 τὰ
883 427 912 453 ἐν

122 482 196 518 νόμῳ
216 482 295 518 φησὶ.
313 481 360 508 καὶ
382 481 432 516 τῆς
455 477 628 515 προαγούσης
651 475 762 510 ἐντολῆς
777 474 807 500 τὺ
830 472 913 509 μηδὲν

124 529 254 557 δύνασθαι
269 528 390 554 τελειοῦν
404 525 574 561 καθαρίζων,
595 522 746 551 ἐπιστέλλει
766 519 913 555 Ἐὃραίοιςι

128 586 137 602 ι
152 576 185 603 Εἰ
203 575 258 610 γὰρ
270 575 288 609 ἡ
304 572 400 610 πρώτη
416 572 506 606 ἐκείνη
523 569 556 606 ἦν
568 570 722 605 ἄμεμπτος,
741 567 792 594 οὐκ
804 566 837 593 ἂν
856 565 915 592 δευ-

125 622 208 658 τέρας
223 621 347 655 ἐζητεῖτο
364 618 457 650 τόπος.
474 616 658 652 Μεμφόμενος
670 614 724 650 γὰρ
739 613 808 647 αὐτῇ
823 610 896 645 λέγει
906 618 914 625 ’

132 655 197 694 Ἰδοὺ
211 665 315 701 ἡμέραι
329 664 463 700 ἔρχονται,
477 662 551 696 λέγει
571 659 673 696 Κύριος
683 679 690 690 ,
703 658 751 685 καὶ
765 655 916 684 συντελέσω

127 713 173 740 ἐπὶ
184 712 232 739 τὸν
250 710 324 738 οἷκον
346 709 464 745 Ἰσραὴλ,
482 708 529 735 καλ⁵
547 707 593 733 ἐπὶ
606 706 651 733 τὸν
663 703 735 732 οἷκον
761 703 846 730 Ἰούδα
859 701 916 728 δια·

128 759 215 795 θήκην
241 757 357 793 καινὴν,
379 756 410 782 οὒ
433 754 503 782 κατὰ
521 753 570 788 τὴν
581 751 715 787 διαθήκην
732 750 765 785 ἢν
789 747 917 782 διεθέμην

127 806 183 837 τοῖς
200 804 337 839 πατράσιν
352 802 442 829 αὐτῶν
457 802 485 828 ἐν
496 800 587 836 ἡμέρᾳ
598 797 793 833 ἐπιλαϐομένου
807 803 857 831 μου
867 794 919 828 τῆς

128 849 218 886 χειρὸς
239 848 330 876 αὐτῶν
342 868 350 881 ,
368 848 512 882 ἐξαγαγεῖν
529 845 628 876 αὐτοὺς
644 844 677 870 ἐκ
696 843 746 878 γῆς
761 840 899 876 Αἰγύπτου
909 845 917 853 ⁸

960 241 1046 269 Deum
1061 240 1095 267 ⁸⁷.
1111 249 1119 264 ι
1135 238 1269 272 Quocirca
1298 236 1378 264 facile
1396 234 1542 263 admodum
1563 234 1626 268 quis
1652 232 1749 260 amici-

962 287 1033 316 tiam
1045 293 1108 313 cum
1119 286 1176 312 Deo
1194 283 1340 314 invenerit,
1358 290 1413 309 non
1439 289 1489 316 per
1506 280 1625 316 primum
1640 280 1706 306 illud
1721 282 1749 306 et

962 331 1110 359 Mosaicum
1138 329 1305 359 mandatum,
1324 326 1372 354 sed
1397 333 1447 361 per
1461 333 1523 353 eam
1538 333 1599 360 qum
1620 324 1748 359 superin-

962 378 1049 406 ductav
1061 376 1164 404 dicitur
1192 381 1288 409 spem:
1304 380 1386 408 quam
1406 371 1518 406 quidem
1534 370 1579 397 ille
1610 376 1750 396 sacrorum

963 421 1303 459 mysterioruminterpres
1312 419 1391 454 plena
1403 417 1599 453 approbatione
1611 416 1756 451 prosequi-

966 474 1010 497 tur
1027 468 1062 495 ad
1077 467 1221 495 veritatem
1236 465 1396 500 respiciens.
1417 462 1526 490 Aholita
1538 465 1630 488 autem
1644 468 1704 487 esse
1721 467 1753 486 ea

964 520 1025 549 quae
1047 512 1077 540 in
1103 512 1163 547 lege
1188 514 1253 538 sunt
1278 508 1423 537 manifeste
1452 507 1509 538 ait,
1536 509 1567 533 et
1595 503 1754 540 praecedens

965 559 1124 587 mandatum
1145 556 1216 584 nihil
1233 555 1365 591 perﬁcere
1377 561 1458 590 posse
1481 551 1627 583 deﬁniens,
1653 550 1686 577 ad
1702 549 1755 577 IIe-

967 606 1055 633 braeos
1072 604 1109 631 ita
1123 602 1221 630 scribit
1233 611 1239 628 :
1260 611 1268 627 ι
1281 601 1350 629 Nam
1363 600 1386 628 si
1401 599 1469 626 illud
1481 598 1559 634 prius
1567 597 1646 631 culpa
1659 603 1754 624 vacas-

967 655 1019 683 set,
1035 657 1092 677 non
1119 648 1216 683 utique
1230 646 1343 675 secundi
1355 646 1433 673 Iocus
1456 643 1655 678 inquireretur.
1676 641 1755 668 Vitu-

967 703 1067 732 perans
1078 695 1151 722 enim
1167 693 1246 726 illud,
1258 691 1363 727 inquit:
1386 691 1457 718 Ecce
1471 690 1531 717 dies
1544 689 1667 720 venient,
1688 687 1757 714 dicit

968 741 1113 772 Dominus,
1137 743 1166 767 et
1177 736 1374 766 consummabo
1389 743 1472 770 super
1487 734 1598 761 domum
1613 732 1708 764 Israel,
1729 736 1757 759 ct

969 793 1052 820 super
1076 785 1188 812 domum
1203 783 1272 811 Juda
1291 785 1486 809 testamentum
1509 787 1624 812 novum,
1640 786 1695 806 non
1711 785 1757 805 sc—

969 832 1091 861 cundum
1112 834 1306 858 testamentum
1331 827 1404 862 quod
1428 826 1489 854 ferii
1521 825 1646 860 patribus
1661 831 1758 852 eorum

129 869 264 923 ἓτιγαύτοὶ
288 869 499 929 οὐίένέμῖειύαν
516 869 745 926 ἐῦ-τῖῇῗ
759 869 820 924 μού,
842 884 920 920 κάγὼ

982 886 1000 905 n
1019 877 1064 904 die
1080 882 1135 911 qua
1150 872 1320 910 apprehendi
1332 878 1443 899 manum
1455 877 1553 898 eorum
1564 874 1595 896 ut
1610 869 1759 896 educerem

982 922 998 929 11
1052 920 1073 929 ιν
1090 924 1160 929 μην.
1187 917 1284 929 ιτ..-..ιε
1297 925 1303 929 .
1327 915 1454 929 ,ηυηιςιι-νι
1486 914 1536 929 ἔπι-ς
1550 921 1605 929 mnu
1628 919 1759 929 mnu-Inan—

129 942 254 977 ἠμέλησα
268 940 370 973 αὐτῶν,
387 940 461 974 λέγει
474 938 587 974 Κύριος.
609 937 671 963 Ὀτι
686 934 755 970 αῦτη
769 934 785 969 ἠ
803 932 920 970 διαθήκη

129 988 163 1023 ἢν
183 988 347 1023 διαθήσομαι
367 986 407 1022 τῷ
426 986 493 1020 οἴκῳ
520 982 629 1020 Ἰσραὴλ
652 981 721 1018 μετὰ
744 979 793 1012 τὰς
815 978 922 1014 ἡμέρας

130 1022 347 1065 intimarat-Eva:
371 1030 491 1065 Κύριος⁹
508 1028 595 1060 διδοὺς
617 1026 717 1062 νόμους
742 1033 792 1060 μου
813 1024 852 1055 είς
873 1022 922 1057 τὴν

130 1075 250 1103 διάνοιαν
273 1075 376 1107 αὐτῶν,
400 1074 447 1102 καὶ
465 1074 512 1100 ἐπὶ
529 1072 644 1108 καρδίας
667 1071 756 1098 αὐτῶν
778 1068 924 1104 ἐπιγράψω

132 1123 231 1154 αὐτούς
241 1131 248 1138 ·
261 1123 310 1149 καὶ
324 1121 422 1156 έσομαι
436 1120 529 1151 αὐτοῖς
544 1119 583 1150 εἰς
594 1118 660 1144 Θεὸν
670 1137 677 1150 ,
691 1117 738 1144 καὶ
754 1117 831 1143 αὐτοὶ
847 1115 923 1142 ἔσον-

132 1169 177 1196 ταί
197 1177 244 1204 μοι
257 1169 297 1199 εἰς
308 1167 382 1194 λαόν.
396 1166 452 1193 Καὶ
466 1165 497 1192 ού
519 1164 557 1200 μὴ
577 1162 728 1195 διδάξουσιν
746 1161 862 1192 ἕκαστος
879 1158 925 1186 τὸν

134 1214 248 1250 πλησίον
266 1213 363 1245 αὐτοῦ,
381 1212 429 1239 καὶ
441 1211 555 1242 ἕκαστος
581 1209 626 1236 τὸν
636 1207 750 1242 ἀδελφὺν
767 1204 861 1238 αὐτοῦ,
880 1204 924 1230 λέ-

133 1269 243 1296 γοντες·
261 1259 349 1286 Γνῶθι
369 1258 415 1285 τὸν
427 1257 538 1292 Κύριον·
558 1256 598 1282 ὃτι
616 1253 716 1284 πάντες
735 1250 873 1287 εἰδήσουσι
889 1258 924 1286 με

134 1307 190 1335 ἀπὸ
206 1306 306 1343 μικροῦ
329 1305 383 1337 ἕως
403 1304 522 1340 μεγάλου
543 1301 651 1334 αὐτῶν,
673 1300 714 1327 ὃτι
728 1299 807 1330 ελεως
826 1297 924 1331 ἔσομαι

135 1355 194 1386 ταῖς
207 1340 358 1389 άμάρτίαις
372 1350 471 1382 αὐτῶν,
483 1348 594 1376 καὶτῶν
605 1345 724 1381 ἀνομιῶν
740 1343 829 1371 αὐτῶν
841 1342 871 1369 οὐ
888 1340 926 1377 μὴ

138 1387 251 1436 μνησθῶ
271 1387 323 1427 ἐτι.
343 1407 352 1424 ι
374 1396 514 1432 Ἐπιφὲρει
529 1394 558 1421 δὲ
572 1392 678 1422 τούτοις
691 1389 770 1421 εὐθύς
780 1397 786 1405 ·
801 1398 811 1415 ι
839 1388 884 1414 Ἐν
897 1387 927 1414 δὲ

137 1432 280 1483 τῷλέγειν
296 1444 394 1479 καινὴν
406 1463 414 1476 ,
433 1440 609 1469 πεπαλαίωκε
625 1438 674 1474 τὴν
694 1435 822 1472 πρώτην·
846 1433 878 1460 τὺ
899 1432 928 1460 δὲ

139 1478 339 1526 παλαιούμενον
356 1478 404 1515 καὶ
413 1486 562 1522 γηράσκον,
574 1484 657 1518 ἐγγὺς
664 1479 829 1518 ἀφανισμοῦ.
836 1489 846 1506 ι
856 1478 929 1506 Οὐκ-

140 1538 187 1564 οῦν
197 1525 315 1571 ἀσθενὴς
325 1535 437 1570 ὁνόμος,
447 1532 494 1560 καὶ
512 1531 580 1558 πολὺ
595 1530 626 1556 τὸ
637 1527 752 1564 ἀδρανὲς
760 1526 821 1562 ἔχον
833 1525 930 1560 ὁρᾶται

141 1583 235 1610 λοιπον
247 1582 316 1618 πρός
328 1590 361 1616 γε
371 1580 402 1608 τὸ
412 1578 541 1606 δύνασθαί
557 1584 628 1612 φημι
646 1573 766 1602 τελειοῦν
781 1573 821 1604 είς
848 1572 931 1605 ἁγια-

143 1629 222 1665 σμόν,
238 1616 300 1655 ’στι
316 1627 345 1654 δὲ
356 1625 475 1661 ἀμείνων
486 1625 503 1660 ἠ
524 1624 553 1651 ἐν
568 1620 679 1657 Χριστῷ
697 1619 838 1649 δικαίωσις
856 1616 904 1643 καὶ
915 1616 932 1651 ἡ

142 1662 267 1709 λατρεία,
284 1670 351 1698 Θεοῦ
366 1668 580 1705 διακεκραγότος
589 1665 693 1701 ἀκούσῃ
706 1663 800 1699 σαφῶς
809 1662 854 1689 διὰ
866 1669 935 1696 προ-

144 1707 239 1755 φητῶν
253 1717 357 1752 φωνῆς,
373 1717 430 1747 τοῖς
442 1715 491 1750 τὴν
501 1714 612 1748 ἔννομον
626 1709 785 1746 τετιμηκόσι
795 1707 934 1743 λατρείαν,

144 1752 193 1793 καὶ
215 1764 298 1791 οἱονεί
320 1771 379 1794 πως
405 1760 491 1797 ἀπρὶξ
516 1759 650 1796 ἡμμένοις
666 1757 715 1792 τῆς
735 1752 936 1787 παλαιωθείσης

145 1811 268 1846 ἐντολῆς,
284 1809 348 1836 ποτὲ
366 1808 425 1844 μὲν,
442 1817 450 1834 ι
470 1805 627 1839 Λούσασθε,
648 1802 764 1838 καθαροὶ
779 1799 904 1837 γένεσθεν
923 1808 933 1826 ι

150 1857 218 1884 ποτὲ
235 1844 270 1883 ’δὲ
283 1856 316 1891 δὴ
333 1852 377 1888 αὖ,
403 1864 412 1881 ι
437 1853 530 1880 Ἔλεον
547 1851 616 1879 θέλω
638 1850 685 1878 καὶ
703 1849 734 1876 οὐ
754 1847 867 1880 θυσίαν,
889 1844 937 1873 καὶ

148 1904 297 1937 ἐπίγνωσιν
309 1889 376 1928 θεοῦ
391 1900 408 1936 ἢ
422 1897 648 1933 ὁλοκαυτώματα.
673 1905 683 1922 ι
703 1892 859 1929 Ἠλεήμεθα
882 1889 937 1926 γὰρ

148 1949 179 1976 ἐν
196 1936 318 1984 Χριστῷ,
337 1946 385 1974 καὶ
397 1947 425 1973 ἐν
443 1943 518 1980 αύτῷ
534 1941 688 1978 τεθεάμεθα
703 1939 805 1976 νοητῶς
822 1937 868 1965 τδν
882 1936 936 1963 Πα-

149 1993 227 2030 τέρα,
243 1993 291 2020 καὶ
307 1992 352 2019 τὸν
367 1991 447 2027 φύσει
463 1989 529 2017 Θεδν
543 1987 714 2023 ἐγνώκαμεν.

189 2127 223 2163 β’.
236 2123 377 2156 Εὐπετοῦς
397 2123 426 2150 δέ
441 2123 512 2157 ἄγαν
535 2121 611 2152 ὄντος
635 2117 720 2155 μυρία
744 2115 793 2152 μὲν
810 2114 862 2141 ὅσα
883 2111 941 2144 τοῖς

154 2159 314 2209 εἰρημένοις
337 2168 516 2204 ἐπισωρεύειν
530 2166 581 2198 ἔτι,
598 2161 829 2200 προσεπενεγκεῖν
842 2159 871 2185 δὲ
886 2166 943 2192 φω-

155 2203 377 2254 νάς-’προφητῶν
397 2203 492 2249 ἁγίων,
509 2213 540 2240 δι’
556 2209 594 2240 ὧν
610 2211 643 2239 ἄν
662 2218 703 2242 τις
723 2209 774 2254 ἴδοι
793 2206 842 2233 καὶ
871 2203 944 2254 μάλα
960 2223 982 2251 D

158 2249 255 2300 σαξρῶς
272 2249 464 2298 άπαράδεκτον
478 2259 517 2295 τῷ
540 2257 600 2293 Θεῷ
623 2257 673 2292 τὴν
697 2253 768 2285 κατὰ
793 2252 874 2300 νόμον
889 2249 944 2300 ¹λοι-

157 2294 263 2346 τρὲιαᾷο
284 2294 381 2343 ἴνα-μὴ
397 2306 445 2334 τοῦ
468 2294 650 2341 προκειμένου
674 2298 777 2327 σκοποῦ
799 2297 845 2324 τὸν
867 2294 946 2329 λόγον

159 2343 364 2391 ἐξελκύσωμεν,
380 2354 427 2380 καὶ
450 2350 550 2387 οἴχοιτό
567 2358 619 2376 που
635 2345 744 2383 μακρὰν
760 2344 789 2371 τὸ
805 2343 942 2391 διήγημα,

160 2387 253 2439 τρίϐον
275 2387 370 2436 ὥσπερ
391 2399 433 2434 ἐφ’
465 2397 561 2433 ἑτέραν
586 2395 639 2427 ἰδν,
661 2393 704 2421 ἐπ’
726 2390 807 2418 αὐτὸν
826 2387 948 2439 ηδηιβα-

162 2433 293 2484 διούμεθα
328 2433 374 2473 τὸν
407 2433 554 2471 θεσπέσιον
587 2439 722 2475 Ἀδραάμ.
754 2436 803 2467 Ὃς
832 2433 949 2477 ἐπείπερ

164 2475 279 2523 ἐπύθετο
289 2493 334 2521 τὸν
349 2490 536 2526 ἀδελφόπαιδα
554 2487 615 2515 Λὼτ
629 2485 768 2519 ἀδοκήτως
780 2475 950 2526 κεκινδυνερ-

165 2542 242 2573 κόσα,
258 2539 377 2575 κατῴκει
393 2523 447 2573 γάρ
462 2537 491 2576 ἐν
508 2534 648 2568 Σοδόμοις,
661 2531 708 2558 καὶ
725 2530 754 2555 ἐν
766 2527 886 2557 οἰκέταις
898 2523 949 2559 ἤδη

165 2585 199 2623 ἦν
215 2571 374 2622 δορίληπτος
396 2571 610 2616 ὧν>,¹ὲξοπλίζει
635 2577 684 2614 μὲν
706 2576 769 2606 τοὺς
791 2571 950 2623 οἰκογενεῖς,

168 2615 216 2660 καὶ
230 2615 338 2667 ἐτέρους
355 2615 431 2659 τινὰς
453 2627 507 2654 τῶν
529 2624 693 2659 συνωμότων
714 2619 825 2656 Ἐσχὸλ,
847 2615 953 2647 Ἅνναν,

169 2678 217 2706 καὶ
237 2662 370 2712 Μαμὸρῆ·
396 2673 540 2707 ἀντεξάγει
562 2671 591 2697 δὲ
616 2670 672 2700 τοῖς
694 2665 881 2700 νενικηκόσιν,
905 2662 956 2689 οὐκ

171 2709 300 2759 ἀγεννῶς,
374 2722 423 2756 τῆς
435 2719 548 2747 ἐκείνων
561 2715 716 2747 πλεονεξίας
732 2711 896 2740 ἀπαλλάττει
911 2709 957 2735 τὸν

171 2755 324 2806 ἄνθρωπον.
340 2755 408 2795 Καὶγ
421 2767 469 2794 σὺν
490 2763 565 2800 αὑτῷ
588 2762 719 2796 πλείστην
735 2759 801 2794 ὅσην
823 2755 958 2788 ἀνασώζει

211 2858 230 2874 "’
243 2860 329 2889 Hebr.
346 2867 393 2891 vu.
408 2858 452 2890 l8,
473 2857 515 2885 19.
555 2855 576 2871 ⁵⁸
591 2853 673 2883 Ilcbr.
686 2859 742 2885 vm,
768 2848 845 2877 7-H.
891 2847 912 2863 "
931 2844 1000 2874 Ibid.
1019 2843 1063 2871 l5.

971 922 1032 950 illos
1044 920 1078 948 de
1090 924 1164 947 terra
1178 917 1303 954 Egypti:
1325 915 1455 951 quoniam
1486 914 1537 949 ipsi
1550 921 1606 940 non
1628 919 1762 947 perman-

972 970 1069 996 serunt
1083 965 1111 993 in
1126 968 1290 993 testamento
1303 969 1374 993 meo,
1390 964 1417 988 et
1427 967 1477 995 ego
1488 957 1596 994 neglexi
1622 965 1680 989 eos,
1694 957 1763 984 dicit

954 1034 958 1037 .
972 1013 1115 1041 Dominus.
1133 1010 1202 1044 Quia
1216 1009 1270 1036 hoc
1287 1012 1332 1035 est
1356 1009 1551 1034 testamentum
1579 1003 1653 1038 quod
1670 1002 1763 1036 dispo-

973 1066 1037 1087 nam
1053 1056 1148 1085 domui
1170 1054 1255 1083 Israel
1267 1058 1330 1089 post
1353 1053 1414 1080 dies
1440 1052 1511 1083 illos,
1533 1049 1600 1077 dicit
1613 1047 1763 1076 Dominus:

974 1103 1128 1138 dansleges
1147 1109 1222 1129 meas
1245 1100 1274 1128 in
1295 1102 1419 1127 mentem
1441 1104 1554 1128 eorum,
1578 1099 1607 1122 et
1630 1094 1657 1121 in
1680 1092 1765 1121 corde

976 1148 1178 1185 superscribam
1193 1154 1251 1179 eas,
1262 1148 1290 1173 et
1300 1152 1349 1173 ero
1362 1144 1402 1171 eis
1412 1143 1440 1170 in
1457 1143 1555 1174 Deum,
1569 1145 1598 1168 et
1613 1139 1666 1175 ipsi
1682 1144 1767 1167 erunt

977 1195 1046 1223 mihi
1058 1194 1087 1222 in
1101 1192 1246 1229 populum,
1259 1194 1288 1218 et
1302 1197 1358 1217 non
1374 1187 1485 1216 docebit
1499 1185 1690 1221 unusquisque
1700 1191 1766 1220 pro-

978 1240 1082 1268 ximum
1108 1245 1200 1271 suum,
1224 1241 1253 1264 et
1265 1234 1456 1269 unusquisque
1477 1233 1590 1260 fratrem
1617 1238 1708 1262 suum,
1725 1229 1768 1260 di-

980 1293 1062 1314 cens:
1076 1284 1217 1320 Cognosce
1226 1281 1392 1313 Dominum;
1409 1279 1540 1315 quoniam
1558 1285 1655 1306 omnes
1677 1276 1768 1304 scient

980 1339 1025 1359 me
1036 1339 1052 1358 a
1069 1330 1178 1358 minore
1192 1335 1280 1363 usque
1299 1327 1334 1355 ad
1351 1327 1483 1362 majorem
1508 1332 1615 1356 eorum,
1631 1322 1694 1358 quia
1706 1330 1770 1357 pro-

981 1376 1066 1412 pitius
1082 1382 1130 1403 ero
1151 1373 1344 1409 iniquitatibus
1357 1379 1464 1403 eorum,
1482 1375 1510 1398 et
1528 1373 1702 1405 peccatorum
1720 1375 1769 1395 eo-

982 1430 1043 1450 rum
1052 1422 1107 1457 jam
1122 1428 1177 1448 non
1185 1419 1358 1447 memorabor
1370 1417 1404 1444 ⁸⁸.
1415 1427 1424 1443 ι
1441 1416 1541 1444 Subdit
1553 1420 1645 1443 autem
1662 1414 1705 1441 his
1716 1418 1770 1441 sta-

981 1467 1047 1495 tim:
1065 1476 1075 1493 ι
1089 1466 1210 1494 Dicendo
1222 1469 1313 1492 autem
1325 1470 1437 1495 novum,
1448 1461 1582 1489 veteravit
1592 1460 1678 1495 prius.
1691 1457 1770 1492 Quod

982 1517 1030 1541 aut
1048 1513 1207 1547 antiquatur
1221 1518 1253 1538 ac
1269 1509 1396 1541 senescit,
1412 1515 1497 1543 prope
1508 1507 1647 1534 interitum
1656 1509 1699 1533 est
1710 1505 1744 1531 ⁵⁸.
1757 1513 1767 1530 ι

982 1558 1121 1587 lmbecilla
1131 1558 1223 1592 itaque
1231 1555 1333 1591 Iex47
1339 1559 1382 1582 est
1390 1560 1542 1588 parumque
1550 1551 1643 1578 valida
1651 1551 1684 1578 ad
1694 1551 1731 1582 id,
1741 1554 1772 1577 ut

982 1604 1116 1640 perﬁcere
1131 1602 1159 1630 in
1170 1600 1415 1634 sanqtiﬁcationem
1427 1599 1524 1633 possit.
1535 1596 1612 1630 Quod
1624 1603 1690 1623 vero
1703 1603 1774 1630 pm:—

983 1650 1099 1679 stantior
1109 1649 1145 1676 sit
1157 1648 1186 1676 in
1195 1647 1306 1675 Christo
1317 1644 1477 1681 justifieatio
1489 1647 1517 1671 et
1526 1643 1627 1673 cultus,
1635 1642 1721 1669 Deum
1734 1640 1774 1675 ip-

984 1704 1045 1724 sum
1056 1703 1105 1731 per
1116 1701 1212 1722 vocem
1221 1692 1419 1728 prophetarum
1436 1693 1530 1725 aperte
1544 1688 1706 1716 clamantem
1724 1693 1774 1713 au-

985 1742 1056 1775 dies,
1074 1741 1108 1769 ad
1119 1748 1177 1773 eos,
1187 1739 1234 1775 qui
1244 1738 1359 1774 legalem
1373 1736 1477 1764 cultum
1489 1733 1735 1769 amplectebantur,
1747 1735 1777 1758 et

985 1788 1072 1817 veteri
1083 1786 1212 1814 mandato
1220 1785 1276 1820 jam
1287 1783 1428 1818 antiquato
1438 1780 1579 1808 mordicus
1588 1777 1776 1808 adhaerebant,

987 1833 1104 1862 subinde
1114 1831 1225 1868 quidem
1237 1839 1244 1857 :
1254 1840 1263 1856 ι
1272 1827 1423 1860 Lavamini,
1434 1826 1529 1854 mundi
1541 1829 1628 1853 estote
1637 1824 1676 1857 ⁸ος
1691 1833 1700 1848 ι
1713 1822 1777 1850 sub-

988 1879 1053 1908 inde
1066 1867 1133 1906 vero
1158 1886 1165 1904 :
1190 1874 1425 1904 «Misericordiam
1443 1872 1518 1904 volo,
1543 1875 1571 1898 et
1596 1878 1652 1897 non
1673 1867 1778 1896 sacriﬁ-

988 1926 1072 1958 cium,
1100 1927 1129 1952 et
1146 1922 1330 1958 cognitionem
1350 1919 1399 1947 Dei
1412 1918 1498 1953 magis
1516 1916 1778 1952 quamvboiocauto-

989 1976 1063 2000 mata
1076 1970 1110 1997 ³¹.
1121 1980 1130 1996 ι
1146 1966 1361 1996 Misericordiam
1374 1964 1450 1992 enim
1467 1963 1496 1990 in
1510 1962 1622 1990 Christo
1637 1959 1779 1988 oonsecuti

990 2025 1095 2050 sumus,
1113 2020 1141 2044 et
1154 2015 1183 2043 in
1198 2015 1258 2050 ipso
1270 2013 1392 2040 vidimus
1415 2009 1578 2046 spiritaliter
1599 2008 1721 2040 Patrem,
1749 2009 1778 2033 et

990 2065 1078 2092 Deum
1090 2067 1189 2091 natura
1201 2060 1377 2089 exsistentem
1391 2055 1579 2093 cognovimus.

1026 2111 1055 2138 ‘2.
1068 2109 1138 2138 Cum
1149 2113 1242 2136 autem
1256 2106 1334 2134 facile
1349 2103 1495 2132 admodum
1514 2102 1550 2129 sit
1572 2097 1782 2128 innumerabilia

993 2158 1038 2186 his
1053 2155 1241 2187 accumulare,
1265 2158 1293 2182 et
1309 2156 1465 2181 sanctorum
1483 2149 1679 2186 prophetarum
1705 2144 1782 2173 testi-

995 2203 1087 2231 monia
1095 2201 1204 2233 afferre,
1221 2207 1272 2235 per
1283 2207 1344 2235 quae
1359 2197 1533 2225 manifestum
1545 2194 1631 2222 cuivis
1644 2199 1704 2220 esse
1719 2199 1783 2227 pos-

998 2249 1044 2281 sit,
1058 2246 1172 2283 legalem
1194 2245 1299 2273 cultum
1315 2245 1371 2272 Deo
1391 2245 1532 2277 acceptum
1553 2247 1609 2267 non
1621 2246 1699 2271 esse,
1716 2245 1751 2265 ne
1770 2245 1786 2264 a

1000 2291 1127 2328 praesenti
1142 2290 1268 2318 instituto
1280 2295 1434 2317 sermonem
1453 2290 1607 2314 avertamus
1618 2305 1625 2317 ,
1649 2291 1718 2311 neve
1727 2283 1788 2310 Ion-

1001 2339 1060 2375 gius
1070 2340 1211 2365 excrescat
1220 2336 1308 2364 oratio
1321 2335 1450 2362 aliorsum
1463 2330 1635 2362 divertendo,
1650 2329 1683 2357 ad
1699 2329 1788 2364 ipsum

1000 2373 1056 2420 iam
1079 2382 1203 2410 divinum
1224 2380 1359 2408 Abraham
1380 2386 1432 2405 nos
1453 2376 1635 2405 conferamus.
1650 2373 1703 2407 Qui
1726 2380 1790 2400 cum

1004 2429 1124 2457 audisset
1136 2431 1264 2463 nepotem
1276 2433 1356 2454 suum
1371 2424 1423 2452 Lot
1444 2424 1472 2451 in
1487 2422 1659 2457 inopinatum
1679 2419 1790 2455 pericu-

1001 2477 1059 2504 lum
1075 2475 1205 2502 incidisse
1220 2472 1373 2509 (habitabat
1389 2470 1463 2498 enim
1484 2470 1511 2496 in
1529 2467 1655 2496 Sodomis
1668 2487 1675 2499 ,
1694 2470 1723 2493 et
1736 2466 1792 2501 jam

1001 2521 1063 2557 jure
1082 2520 1147 2548 belli
1166 2519 1194 2546 in
1208 2518 1328 2546 hostium
1348 2519 1511 2552 potestatem
1522 2512 1657 2548 venerat),
1678 2510 1794 2538 armavit

1005 2566 1167 2594 vernaculos
1192 2572 1273 2596 suos,
1300 2567 1327 2591 et
1347 2563 1415 2590 alios
1436 2561 1569 2597 quosdam
1593 2558 1795 2586 confoederutos

1007 2612 1230 2644 Esehol,Annam
1243 2614 1272 2638 et
1284 2609 1416 2640 Mambre,
1435 2611 1518 2642 atque
1530 2605 1661 2633 adversus
1678 2603 1796 2629 victores

1008 2659 1116 2687 fortiter
1132 2657 1159 2684 in
1175 2656 1261 2684 aciem
1276 2655 1370 2683 educit
1380 2658 1424 2687 ,et
1434 2654 1468 2681 ab
1481 2659 1577 2680 eorum
1591 2649 1733 2686 tyrannide
1747 2648 1796 2674 ho-

1009 2702 1224 2734 minemliberat,
1241 2709 1348 2736 unaque
1358 2708 1420 2728 cum
1435 2707 1468 2726 co
1486 2698 1622 2732 ingentem
1633 2695 1712 2721 aliam
1723 2693 1796 2719 mul—

1011 2750 1156 2780 titudinem
1176 2748 1264 2776 salvat
1282 2746 1421 2774 communi
1443 2745 1547 2772 damno
1563 2745 1591 2769 et
1614 2739 1737 2776 periculo
1754 2737 1797 2765 in-

1116 2841 1138 2858 “
1149 2840 1200 2870 Isa.
1218 2838 1290 2873 1,16.
1340 2837 1360 2853 “
1375 2834 1467 2864 Matth.
1483 2841 1527 2867 ὶιιι,
1541 2833 1567 2860 7.
