1990 3046
211 152 249 182 83
721 152 749 180 S.
770 153 907 182 CYRILLI
925 153 1161 183 ALEXANDle
1177 154 1334 183 ARCHIEP.
1803 153 1837 182 Μ

211 210 344 237 volutum.
367 209 526 237 Revertenti
553 217 620 237 vero
642 210 754 238 domum
783 216 811 239 et
826 211 944 239 illustria
961 211 1000 239 rei

1053 211 1174 246 πληθὺν,
1197 210 1417 247 συνηδικημένην
1443 211 1490 238 καὶ
1511 208 1726 238 κινδυνεύουσαν.
1754 209 1836 237 Ύπο-

211 256 342 290 pratclare
362 255 493 284 adversus
512 256 605 284 hostes
632 261 714 292 gesta:
750 257 867 293 insignia
885 257 998 290 ferenti,

212 301 319 329 obviam
341 302 392 336 ipsi
408 302 516 329 iverunt
531 302 564 335 ii,
579 303 626 338 qui
650 303 737 338 ipsius
753 311 835 338 opera
859 311 891 331 ac
908 303 1000 330 labore

211 347 297 382 adjuti
315 352 403 374 erant.
414 347 453 375 Ita
465 348 538 375 enim
551 348 682 383 scriptum
695 353 737 376 est
750 357 757 376 :
772 358 781 374 ι
800 348 934 383 Egressus
949 354 999 375 au~

212 397 266 420 tem
284 400 332 419 rex
353 392 532 420 Sodomorum
551 394 578 421 in
599 401 745 421 occursum
763 394 837 428 ejus,
856 396 1000 428 postquam

211 446 340 466 reversus
360 442 402 466 est
423 447 439 466 a
453 439 527 466 cmde
548 439 774 471 Chodorlaomor,
800 442 828 466 et
842 446 938 474 regum
952 439 999 474 qui

211 492 274 510 cum
287 492 337 516 eo,
356 484 384 511 in
403 485 472 512 valle
490 485 559 512 Save
575 485 607 511 θ’.
625 494 633 510 ι
653 484 703 511 llic
726 488 786 511 erat
800 492 914 520 campus
929 486 1000 520 regis

211 530 401 558 Melchisedec.
419 540 427 556 ι
436 530 470 558 At
481 539 546 558 vero
556 530 748 562 Melchisedec,
759 539 807 558 rex
821 531 920 563 Salem,
933 538 998 566 pro-

212 577 275 605 tulit
289 577 340 612 ipsi
355 584 440 611 panes
455 581 482 603 et
495 576 600 603 vinum.
616 577 682 604 Erat
697 581 789 604 autem
803 577 932 605 sacerdos
950 577 999 604 Dei

211 623 346 654 alLiSSimi,
363 622 538 649 etbenedixit
552 622 577 650 ei
598 621 790 655 Melchisedec,
805 626 833 650 et
848 623 933 650 dixit:
947 623 998 651 Be-

211 668 337 695 nedictus
348 667 486 695 Abraham
497 667 554 695 Deo
562 668 706 701 altissimo,
717 668 764 703 qui
783 669 887 697 creavit
899 669 999 697 caelum

211 718 239 741 et
253 718 353 740 terram
367 717 413 740 :et
429 713 591 741 benedictus
600 714 672 742 Deus
683 714 843 746 altissimus,
855 714 903 749 qui
914 714 998 741 tradi-

211 759 252 787 dit
263 758 390 789 inimicos
400 763 461 787 tuos
473 760 595 794 captivos
606 760 666 789 tibi.
678 761 712 789 Et
727 761 803 788 dedit
816 760 842 788 ei
860 761 998 791 Abraham

211 804 344 832 decimam
366 812 400 832 ex
422 805 551 833 omnibus
559 806 592 834 ⁸³.
611 816 620 833 ι
632 807 701 835 Vide
714 807 806 842 itaque
821 806 999 842 permotionis

210 858 259 886 per
277 850 417 879 Christum
433 855 512 887 typos
522 852 594 880 clare
605 852 634 880 in
645 852 828 882 Melchisedec
837 853 998 885 emicantes,

211 899 240 923 et
261 895 357 931 legalis
378 897 470 924 cultus
495 905 653 925 mensuram
666 897 834 926 interiorem.
858 897 998 934 Siquidem

211 940 397 971 indubitatum
407 947 449 971 est
462 963 469 975 ,
487 943 561 978 quod
573 943 685 971 omnino
702 943 729 971 id
745 944 819 979 quod
828 944 920 971 minus
934 948 977 972 est
990 963 998 976 ,

211 994 227 1018 ιι
247 988 351 1022 majore
375 995 407 1015 ac
435 989 625 1023 praestantiore
648 989 832 1022 benedicitur,
849 989 906 1026 5.3
923 990 1001 1025 juxta

212 1031 383 1068 Scripturam
394 1034 426 1062 “.
448 1035 535 1062 Radix
552 1039 644 1063 autem
656 1036 857 1070 quodammodo
865 1036 1001 1063 Israelitas

212 1085 273 1105 rum
287 1077 397 1106 divinus
410 1078 547 1106 Abraham
558 1099 566 1112 ,
585 1084 613 1107 et
627 1080 765 1108 excellens
783 1080 812 1107 in
834 1080 893 1115 ipso
918 1080 999 1112 Levi,

212 1123 298 1151 divini
322 1125 469 1153 sacerdotii
484 1126 572 1161 gleria
587 1130 711 1154 ornatus.
733 1135 743 1152 ι
762 1126 899 1154 Caeterum
909 1126 1000 1153 adhuc

213 1168 242 1199 in
256 1168 330 1196 illius
353 1170 455 1198 lumbis
473 1170 651 1199 delitescebat
665 1172 698 1199 ⁸³.
721 1181 730 1198 ι
746 1171 886 1207 Siquidem
903 1171 1001 1199 beatus

214 1211 350 1243 Abraham
371 1222 468 1242 eorum
492 1216 539 1250 qui
566 1224 600 1244 ex
626 1217 685 1252 ipso
702 1224 848 1252 progressu
869 1217 1001 1252 temporis

214 1259 311 1286 orituri
324 1265 421 1293 erant,
441 1262 566 1296 potentia
580 1266 658 1297 pater
679 1266 750 1290 erat.
766 1262 802 1290 At
820 1262 873 1290 hoc
889 1263 1001 1297 quidem

213 1313 275 1333 esse
286 1306 407 1334 arbitror
417 1308 555 1342 sapienter
563 1308 668 1337 dictum
677 1308 712 1336 de
726 1308 803 1336 Levi.
820 1308 917 1336 Adhuc
928 1308 1001 1336 enim

215 1357 275 1380 crat
292 1353 320 1380 in
337 1353 440 1381 lumbis
453 1354 538 1389 patris
559 1354 670 1389 quando
689 1355 729 1382 illi
753 1354 861 1382 obviam
873 1353 923 1381 ivit
934 1354 1002 1382 Mel-

215 1397 352 1428 chisedec.
377 1399 525 1428 Benedicta
543 1399 637 1435 itaque
661 1404 705 1427 est
723 1400 830 1436 justitia
845 1399 940 1435 legalis
953 1407 1003 1434 per

215 1443 319 1472 cultum
336 1445 364 1472 in
391 1444 519 1478 Christo,
544 1446 623 1481 cujus
646 1449 727 1481 typus
745 1450 787 1473 est
809 1444 1000 1473 Melchisedeo.

214 1488 293 1522 Quod
304 1497 369 1516 vero
377 1490 629 1526 incomparabiliter
636 1491 731 1518 utilior
747 1491 784 1518 sit
798 1498 831 1518 ea
844 1490 1002 1518 benedictio

215 1541 276 1569 quae
298 1535 478 1565 henedicendi
504 1536 634 1566 facultate
648 1536 762 1572 praedita
778 1540 821 1564 est
835 1556 843 1569 ,
866 1544 949 1571 quam
970 1544 1001 1564 ea

216 1589 278 1615 quae
302 1581 349 1609 illa
368 1582 471 1610 virtute
484 1587 574 1616 caret,
591 1590 672 1610 nemo
694 1582 806 1617 quidem
824 1582 1001 1610 dubitaverit.

217 1625 271 1656 Sed
283 1627 382 1655 horum
397 1629 510 1663 quidem
531 1633 665 1657 accurata:
682 1628 908 1664 contemplationi
930 1635 1005 1657 nunc

217 1674 471 1713 supersedebimus.

253 1811 280 1838 3.
297 1810 450 1845 Interroget
467 1813 557 1837 autent
573 1809 687 1837 fortasse
712 1813 741 1836 et
757 1817 814 1844 pra:
832 1808 940 1836 creteris
960 1808 1004 1836 di-

219 1857 311 1887 scendi
326 1856 452 1892 cupidus,
464 1856 590 1891 quisnam
605 1855 690 1883 fuerit
705 1854 896 1882 Melchisedec.
908 1854 1005 1882 Varias

218 1902 292 1931 enim
308 1901 451 1937 opiniones
471 1901 505 1928 de
533 1909 566 1928 eo
586 1900 713 1928 nonnulli
738 1900 1003 1933 comminiscuntur,

218 1947 296 1975 vanis
309 1947 390 1982 nugis
405 1946 594 1982 imprudenter
606 1946 689 1981 capti,
705 1950 734 1974 et
745 1945 844 1972 divina:
855 1945 1005 1979 Scriptura:

219 1993 444 2022 consuetudinem
467 2000 522 2020 non
545 1993 615 2020 bene
634 1992 775 2019 callentes.
797 1990 912 2024 Quidam
931 1991 1005 2018 enim

219 2041 248 2068 in
259 2040 364 2067 visione
375 2043 456 2074 atque
473 2039 501 2066 in
515 2039 605 2074 specie
620 2042 736 2069 tantum,
748 2044 809 2072 quae
825 2041 946 2065 nostram
960 2044 1006 2064 re-

219 2086 313 2119 ferret,
322 2085 454 2121 Spiritum
467 2090 591 2113 sanctum
604 2083 759 2113 occurrisse
769 2103 776 2116 ,
790 2083 896 2118 solique
907 2082 1005 2111 victori

218 2133 335 2163 Abrahae
348 2133 439 2160 visum
449 2139 510 2160 esse
522 2131 658 2158 alﬁrmant
671 2139 677 2157 :
690 2130 737 2157 alii
747 2137 813 2157 vero
825 2137 880 2161 non
892 2129 1004 2164 quidem

219 2179 282 2212 hoc,
306 2178 432 2207 deterriti
448 2177 579 2205 nimirum
600 2175 772 2203 absurditate
791 2175 874 2209 hujus
896 2177 1006 2202 sentem

1052 257 1189 284 νοστοῦντι
1207 257 1235 284 δὲ
1251 257 1331 289 οἴκοι,
1355 257 1401 284 καὶ
1415 256 1466 292 τῆς
1487 256 1548 283 κατ’
1569 255 1675 292 ἐχθρῶν
1693 255 1837 290 εὐανδρίας

1052 303 1139 331 σεπτὰ
1155 304 1265 340 φέροντι
1279 303 1313 330 τὰ
1335 303 1523 340 γνωρίσματα,
1543 302 1742 339 προσυπήντων
1763 300 1837 336 αὑτῷ

1051 349 1208 383 ἀναγκαίως
1232 349 1256 375 οἱ
1277 348 1321 375 διὰ
1340 347 1395 382 τῷν
1417 348 1502 374 αὑτοῦ
1528 347 1618 374 πόνων
1655 346 1836 381 ὠφελημένοι.

1051 395 1208 429 Γέγραπται
1223 394 1277 430 γὰρ
1291 394 1388 426 οὕτως·
1407 403 1417 419 ι
1443 393 1554 429 Ἐξῆλθε
1574 393 1603 420 δὲ
1618 392 1744 428 βασιλεὺς
1758 391 1837 418 Σοδόν

1052 449 1109 475 μων
1124 441 1164 472 είς
1179 440 1331 476 ἀπάντησιν
1344 440 1428 475 αὐτῷ,
1448 439 1517 475 μετὰ
1531 439 1561 466 τὸ
1575 438 1745 474 ὑποστρέψαι
1755 437 1837 464 αὑτὸν

1049 487 1103 514 ἀπὸ
1118 486 1168 522 τῆς
1185 486 1271 521 κοπῆς
1289 486 1336 514 τοῦ
1351 486 1538 521 Χοδολογόμορ
1548 504 1555 517 ,
1571 485 1619 512 καὶ
1632 485 1686 512 τῶν
1703 483 1836 519 βασιλέων

1050 532 1105 558 τῶν
1126 532 1184 567 μετ’
1205 531 1299 565 αὑτοῦ,
1311 532 1351 563 εἰς
1370 531 1418 566 τὴν
1433 531 1546 559 κοιλάδα
1557 529 1605 557 τοῦ
1621 531 1704 564 Σαυῆ.
1722 539 1731 555 ι
1749 528 1836 555 Τοῦτο

1050 578 1078 605 δὲ
1100 576 1136 614 ἦν
1163 578 1255 605 πεδίον
1280 577 1421 612 βασιλέως·
1446 577 1615 613 προσεπάγει
1635 575 1663 601 δὲ
1685 575 1727 602 ὅτι
1751 584 1760 600 ι
1782 573 1838 602 Καὶ

1050 622 1227 658 Μελχισεδὲκ,
1242 622 1367 657 βασιλεὺς
1383 621 1488 657 Σαλὴμ,
1497 621 1642 655 ἐξήνεγκεν
1653 620 1727 655 αὐτῷ
1739 620 1837 654 ἄρτους

1050 668 1098 695 καὶ
1116 666 1196 694 οἶνον·
1217 665 1251 703 ἦν
1265 667 1294 694 δὲ
1313 667 1402 703 ἱερεὺς
1424 666 1471 693 τοῦ
1492 666 1559 693 Θεοῦ
1576 665 1623 692 τοῦ
1643 665 1766 700 ὑψίστου.
1781 665 1836 692 Kal.

1050 713 1180 749 εύλόγησε
1211 713 1256 740 τὸν
1287 711 1428 748 Ἀϐραὰμ,
1454 712 1500 739 καὶ
1536 709 1622 738 εἷπεψ
1648 710 1836 746 Εὐλογημένος

1057 759 1182 795 Ἀϐραὰμ
1197 759 1236 795 τῷ
1248 759 1308 795 Θεῷ
1321 759 1360 795 τῷ
1372 759 1477 794 ὑψίστῳ
1486 779 1493 792 ,
1508 759 1538 790 ὃς
1555 758 1645 786 ἔκτισε
1659 757 1705 784 τὸν
1724 756 1837 792 οὐρανὸν

1050 805 1098 832 καὶ
1120 806 1171 841 τὴν
1193 805 1256 840 γῆν.
1280 805 1336 832 Καὶ
1353 805 1500 840 εὐλογητὸς
1518 805 1532 831 ὁ
1553 803 1620 835 Θεὸς
1638 804 1652 830 ὁ
1670 803 1793 838 ὕψιστος,
1808 802 1840 833 ὃς

1051 850 1193 885 παρέδωκε
1210 851 1272 882 τοὺς
1295 850 1410 887 ἐχθρούς
1435 859 1482 877 σου
1507 849 1679 886 ὑποχειρίους
1703 857 1766 881 σου,
1789 847 1838 875 καὶ

1051 896 1151 923 ἔδωκεν
1165 894 1239 930 αὐτῷ
1255 895 1372 930 δεκάτην
1392 894 1447 922 ἀπὸ
1463 895 1582 922 πάντων.
1606 903 1616 920 ι
1636 894 1730 929 ’Ἀθρει
1744 893 1778 928 δὴ
1790 890 1837 920 οὖν

1051 941 1100 976 τῆς
1108 942 1137 968 ὲν
1147 940 1257 976 Χριστῷ
1268 939 1435 972 τελειώσεως
1445 940 1509 971 τοὺς
1523 939 1626 970 τύπους
1637 939 1838 973 ὲναστράπτοναι

1050 996 1100 1019 τας
1121 987 1244 1022 ἐναργῶς
1265 986 1305 1022 τῷ
1325 985 1509 1021 Μελχισεδὲκ,
1527 986 1640 1019 καὶτῆς
1663 984 1734 1011 κατὰ
1756 983 1837 1019 νόμον

1051 1032 1178 1068 λατρείας
1197 1032 1227 1058 τὸ
1243 1032 1341 1068 μέτρον
1356 1033 1385 1058 ὲν
1404 1032 1518 1067 μείοσιν.
1531 1030 1618 1067 Εἴπερ
1638 1030 1712 1057 ἐστὶν
1726 1030 1776 1056 οὐκ
1796 1029 1839 1055 ἔνη

1050 1078 1174 1106 δοιαστδν
1196 1079 1237 1105 ὅτι
1254 1079 1342 1112 πάντη
1363 1086 1392 1104 τε
1413 1078 1458 1105 καὶ
1476 1077 1583 1108 πάντως
1601 1077 1632 1103 τὸ
1655 1077 1765 1103 ἔλαττον
1785 1074 1839 1101 ὑπὸ

1050 1126 1098 1153 τοῦ
1120 1125 1273 1161 κρείττονος
1298 1125 1463 1158 εὐλογεῖται,
1487 1123 1559 1151 κατὰ
1580 1123 1611 1150 τὸ
1632 1121 1836 1158 γεγραμμένον.

1058 1171 1134 1203 Ῥιζα
1163 1171 1192 1198 δὲ
1217 1171 1312 1206 ὥσπερ
1341 1171 1395 1198 τῶν
1430 1169 1460 1203 ἐξ
1497 1169 1623 1205 Ἰσραὴλ,
1650 1170 1664 1195 ὸ
1695 1167 1839 1198 θεσπέσιος

1058 1217 1196 1253 Ἀϐραὰμ,
1218 1217 1264 1244 καὶ
1276 1217 1305 1244 τὸ
1318 1218 1347 1244 ὲν
1362 1216 1436 1252 αὐτῷ
1451 1213 1569 1251 προῦχόν
1581 1224 1611 1242 τε
1628 1215 1675 1242 καὶ
1688 1213 1837 1249 ἐξαίρετον,

1051 1265 1066 1292 ὸ
1087 1263 1169 1296 Λευτ,
1194 1265 1250 1295 τοῖς
1272 1264 1321 1298 τῆς
1346 1263 1422 1295 θείας
1443 1262 1593 1298 ἱερωσύνης
1618 1260 1838 1296 κατεστεμμένος

1052 1310 1219 1345 αὐχήμασιν.
1239 1318 1249 1336 ι
1275 1309 1346 1336 Ἀλλ’
1362 1307 1396 1344 ἦν
1408 1309 1438 1335 ὲν
1453 1308 1534 1342 ὀσφύϊ
1546 1307 1672 1342 κείμενος
1689 1306 1738 1333 ἔτι.
1763 1315 1773 1332 ›
1789 1306 1839 1332 Au-

1052 1356 1132 1391 νάμει
1151 1355 1206 1391 γὰρ
1221 1353 1254 1390 ἧν
1267 1355 1323 1382 τῶν
1337 1354 1367 1387 ἐξ
1378 1354 1461 1381 αὐτοῦ
1481 1353 1553 1382 κατὰ
1575 1353 1687 1388 καιροὺς
1701 1352 1840 1387 ἐσομένων

1052 1401 1143 1436 πατὴρ
1155 1402 1170 1427 ὸ
1183 1401 1318 1437 μακάριος
1336 1400 1470 1436 Ἀϐραάμ.
1486 1399 1538 1427 Καὶ
1550 1399 1639 1432 τοῦτο,
1655 1396 1743 1433 οῐμαι,
1766 1397 1840 1430 εστὶ,

1052 1447 1082 1474 τὸ
1094 1446 1183 1482 σοφῶς
1198 1446 1345 1482 ειρημένον
1360 1446 1424 1481 περὶ
1436 1445 1484 1472 τοῦ
1492 1445 1569 1472 Λευΐ.
1581 1445 1641 1472 Ἔτι
1652 1443 1706 1479 γὰρ
1720 1441 1753 1479 ἧν
1765 1443 1794 1470 ὲν
1805 1444 1838 1479 τῇ

1051 1491 1133 1525 ὀσφύϊ
1148 1491 1195 1519 τοῦ
1215 1492 1328 1528 πατρὸς,
1342 1492 1387 1518 ὅτε
1405 1492 1571 1527 συνήντησεν
1585 1490 1660 1525 αὺτῷ
1675 1490 1689 1516 ὁ
1705 1489 1841 1524 Μελχισε-

1016 1550 1038 1582 c
1053 1537 1110 1566 δέκ.
1135 1537 1291 1573 Εὺλόγηται
1319 1537 1408 1582 τοίνυν
1438 1537 1454 1572 ή
1482 1536 1657 1582 κατὰ-νόμον
1683 1534 1840 1582 δικαιοσύνη

1054 1582 1131 1619 παρὰ
1145 1582 1195 1618 τῆς
1214 1583 1242 1609 ὲν
1261 1582 1372 1618 Χριστῷ
1391 1581 1519 1617 λατρείας
1529 1601 1536 1614 ,
1557 1578 1591 1614 ἧς
1607 1581 1693 1612 τύπος
1708 1580 1723 1606 ὁ
1737 1579 1841 1615 Μελχι-

1054 1627 1143 1654 σεδέκ.
1158 1627 1371 1663 Προφερεστέρα
1383 1627 1412 1654 δὲ
1425 1627 1465 1654 ὅτι
1481 1626 1529 1654 καὶ
1543 1625 1716 1661 ἀσυγχρίτως
1733 1626 1750 1660 ὴ
1766 1625 1842 1652 εὐλο-

1053 1673 1112 1707 γία,
1129 1673 1173 1700 οἵα
1185 1681 1214 1699 τε
1227 1672 1274 1707 τῆς
1288 1673 1336 1708 οὐχ
1358 1669 1410 1699 ὧδε
1429 1671 1544 1707 ἐχούσης
1554 1691 1562 1703 ,
1578 1670 1636 1703 πῶς
1651 1670 1685 1697 ἂν
1697 1669 1843 1698 ἐνδοιάσαι

1053 1726 1111 1751 τις;
1133 1717 1214 1744 Ἀλλὰ
1226 1717 1291 1752 περὶ
1305 1718 1354 1753 μὲν
1365 1717 1419 1745 τῶν
1432 1717 1561 1744 τοιούτων
1574 1716 1673 1752 ίσχνῶς
1684 1717 1731 1745 καὶ
1742 1716 1845 1751 διεσμις

1054 1762 1202 1798 λευμένως,
1217 1762 1267 1789 οὐκ
1281 1763 1321 1794 εἰς
1335 1761 1443 1798 μακρὰν
1458 1761 1643 1797 Θεωρήσομεν.
1659 1792 1665 1795 Α

1089 1811 1124 1842 γ’.
1141 1807 1352 1843 Φιλοπευστήσει
1367 1808 1395 1834 δὲ
1413 1807 1477 1840 ἴσως
1493 1808 1540 1835 καὶ¹
1555 1807 1608 1844 πρὸ
1626 1816 1659 1842 γε
1674 1807 1729 1835 τῶν
1744 1807 1847 1839 ἄλλων,

1054 1855 1068 1881 ὁ
1090 1855 1285 1890 χριστομαχεῖν
1318 1854 1474 1890 ᾑρημένος,
1496 1854 1538 1887 τίς
1561 1855 1593 1890 δὴ
1619 1855 1673 1891 ἆρα
1695 1856 1808 1890 γέγονεν
1829 1856 1844 1882 ὁ

1055 1901 1234 1936 Μελχισεδέκ.
1257 1901 1399 1936 Διαφόροις
1425 1901 1480 1936 γὰρ
1504 1900 1596 1932 δόξαις
1618 1902 1679 1933 ταῖς
1700 1902 1744 1929 ἀπ’
1767 1901 1844 1937 αὑτῷ

1055 1946 1257 1982 καταμεθύουσί
1270 1956 1342 1979 τινες
1352 1967 1360 1980 ,
1377 1947 1466 1978 ὒθλοις
1479 1947 1594 1979 είκαίοις
1610 1947 1749 1980 ἀσυνέτως
1763 1947 1845 1975 ἐνολι-

1058 1994 1218 2030 σθήσαντες,
1239 1993 1286 2020 καὶ
1303 1995 1359 2025 τοῖς
1374 1992 1449 2020 ἔθεσι
1466 1993 1518 2028 τῆς
1540 1992 1719 2020 θεοπνεύστου
1733 1993 1844 2029 Γραφῆς

1055 2040 1086 2071 οὐ
1100 2039 1202 2074 σφόδρα
1215 2039 1445 2075 προσεσχηκὸτες.
1456 2039 1487 2065 Οἱ
1501 2038 1549 2074 μὲν
1562 2039 1615 2074 γὰρ
1629 2039 1667 2070 ὡς
1681 2040 1709 2065 ἐν
1721 2039 1843 2074 φάσματι

1056 2087 1102 2113 καὶ
1121 2086 1188 2113 εἴδει
1208 2085 1281 2121 μόνῳ
1297 2085 1337 2121 τῷ
1362 2085 1423 2112 καθ’
1441 2086 1514 2120 ἡμᾶς
1538 2085 1567 2111 τὸ
1581 2084 1698 2120 Πνεῦμα
1720 2085 1751 2111 τὸ
1766 2085 1842 2119 ἇγιον

1056 2131 1289 2167 ὑπαντῆσαι,¹καὶ
1309 2130 1388 2166 μόνον
1411 2130 1527 2166 ὀφθῆναί
1548 2139 1614 2165 φασι
1636 2130 1789 2166 νενικηκότι
1804 2130 1843 2166 τῷ

1063 2176 1197 2212 Ἀϐραάμ.
1216 2176 1248 2203 Ol
1267 2176 1296 2202 δὲ
1317 2175 1397 2202 τοῦτο
1413 2174 1462 2210 μὲν
1484 2174 1554 2210 οὐχί·
1577 2174 1677 2202 δεδίασι
1690 2172 1844 2210 γὰρ,οἴμαί

219 2225 272 2257 tiae,
287 2225 438 2260 potentiam
453 2231 518 2251 vero
535 2230 595 2251 esse
611 2225 738 2250 asserunt
756 2220 941 2250 multitudinis
956 2227 1001 2248 an-

1059 2232 1112 2250 που
1121 2244 1129 2257 ,
1144 2222 1175 2249 τὺ
1184 2222 1252 2249 πολὺ
1267 2221 1327 2249 λίαν
1335 2221 1513 2253 ἀπονενευκὺς
1527 2222 1567 2252 εἰς
1578 2221 1608 2248 τὸ
1622 2220 1748 2253 ἀκαλλὲς,
1762 2220 1843 2248 δύνα-

218 2271 342 2306 gelorum
357 2271 491 2298 illustrem
511 2274 592 2304 atque
603 2267 740 2295 eximiam.
758 2267 950 2295 Traxitautem
957 2274 1006 2296 eos

219 2317 248 2345 in
257 2317 329 2344 hanc
341 2316 505 2345 sententiam
517 2316 591 2342 iners
602 2321 711 2345 eorum,
726 2317 756 2340 ut
770 2312 890 2345 videtur,
904 2321 937 2341 ac
950 2317 1007 2341 sto-

220 2362 274 2390 lida
286 2370 373 2392 mens.
393 2361 462 2389 Cum
477 2361 550 2388 enim
560 2380 567 2392 ,
585 2359 724 2394 inquiunt,
742 2358 941 2394 interpretetur
955 2358 1005 2386 Sa-

219 2409 272 2438 lcm
286 2417 340 2444 pan:
351 2409 391 2435 “z
408 2416 457 2436 rex
472 2415 538 2434 vero
555 2406 645 2434 Salcm
663 2404 846 2433 Melchisedec
865 2404 1007 2440 cognomi-

220 2459 300 2484 natus
307 2460 359 2486 est.
373 2462 407 2482 ne
422 2457 577 2485 censeatur,
592 2451 731 2485 inquiunt,
745 2450 838 2483 homo,
855 2450 904 2478 sed
916 2449 1004 2485 Spiri-

221 2508 265 2529 tus
295 2500 474 2536 signiﬁcetur.
496 2498 641 2533 Proprium
669 2496 745 2524 enim
767 2500 810 2524 est
844 2503 905 2531 -pax
931 2496 1002 2528 Dei,

220 2548 332 2582 ipseque
345 2546 420 2574 solus
432 2544 506 2579 pacis
519 2548 561 2572 est
580 2548 685 2574 auctor.
700 2542 837 2578 Adjiciunt
855 2550 921 2570 vero
938 2542 982 2570 his
997 2551 1002 2569 :

220 2591 248 2619 Si
276 2598 365 2625 neque
389 2588 555 2625 principium
579 2588 703 2619 dierum,
730 2594 818 2622 neque
845 2587 927 2614 tinem
942 2587 1004 2614 vita:

221 2637 322 2668 habet,
346 2643 401 2670 quo
421 2640 501 2669 pacto
521 2642 574 2661 non
593 2633 737 2661 dementiae
757 2637 948 2668 argumentum
970 2633 1005 2660 sit

221 2681 348 2716 principii
365 2689 396 2708 ac
408 2680 470 2708 ﬁnis
489 2680 636 2707 carentium
654 2679 757 2706 homini
771 2679 912 2706 tribuere?
925 2679 1006 2706 Intel-

223 2728 320 2763 ligatur
332 2727 423 2761 itaque
437 2725 555 2761 Spiritus
570 2733 689 2753 rursum.
706 2725 733 2752 Si
753 2725 825 2752 enim
840 2725 1005 2753 assimilatus

222 2777 264 2801 est
278 2773 346 2800 Filio
363 2773 510 2805 Altissimi,
529 2776 620 2800 manet
638 2777 728 2799 autent
741 2772 824 2799 etiam
839 2771 966 2800 sacerdos
979 2772 1006 2799 in

1058 2278 1103 2306 μιν
1114 2269 1142 2296 δὶ
1152 2267 1223 2296 εἶναι
1234 2268 1446 2304 διῑσχορίζονται
1456 2269 1507 2304 τῆς
1519 2267 1574 2294 τῶν
1586 2267 1710 2302 ἀγγέλων
1723 2266 1844 2303 πληθύος

1057 2315 1196 2352 περιφανῆ
1217 2323 1247 2342 τε
1268 2314 1315 2341 καὶ
1341 2313 1478 2350 ἔκκριτον.
1497 2314 1671 2349 Παρεκόμισι
1692 2313 1722 2340 δὲ
1746 2313 1845 2345 αὐτοὺς

1057 2361 1099 2393 είς
1119 2361 1169 2396 τὴν
1195 2359 1242 2387 ἐπὶ
1265 2359 1354 2395 τούτῳ
1374 2359 1453 2392 δόξαν
1463 2379 1470 2392 ,
1485 2359 1620 2396 ἀδρανὴς,
1638 2358 1676 2391 ὡς
1692 2359 1765 2386 ἔοικε
1775 2380 1782 2392 ,
1797 2358 1845 2385 καὶ

1058 2405 1196 2441 ἀσύφηλος
1221 2404 1293 2437 νοῦς.
1321 2405 1431 2441 Ἐπειδὴ
1453 2405 1526 2441 γὰρ,
1547 2405 1646 2439 φασὶν,
1663 2405 1845 2441 ἑρμηνεύεται

1058 2451 1155 2487 Σαλὴμ
1179 2451 1292 2485 εἰρήνην
1317 2450 1443 2486 βασιλεὺς
1467 2451 1496 2478 δὲ
1523 2451 1619 2487 Σαλὴμ
1641 2452 1655 2478 ὁ
1679 2450 1845 2486 Μελχισεδὲκ

1058 2497 1284 2532 κατωνόμασται.
1303 2497 1340 2532 μὴ
1357 2497 1500 2532 ἄνθρωπος
1520 2496 1644 2529 νοείσθω,
1666 2497 1767 2531 φασὶν,
1786 2495 1845 2522 ἀλλ’

1058 2542 1129 2569 ἔστω
1147 2542 1178 2569 τὸ
1204 2542 1316 2578 Πνεῦμα
1337 2542 1510 2578 δηλούμενον.
1533 2543 1613 2569 ’Ἱδιον
1633 2542 1687 2576 γὰρ
1709 2543 1726 2576 ἡ
1748 2542 1844 2577 εἰρήνη

1059 2588 1138 2620 Θεοῦ,
1154 2587 1202 2614 καὶ
1216 2588 1298 2620 αὐτὸς
1316 2589 1428 2624 εἰρήνης
1449 2588 1579 2624 κατάρξει
1602 2589 1692 2623 μόνος.
1719 2588 1846 2622 Προσεπ-

1059 2633 1189 2668 άγουσιδὲ
1199 2633 1315 2666 τούτοις,
1331 2635 1362 2661 Et
1378 2636 1447 2670 μήτε
1461 2635 1547 2671 ἀρχὴν
1556 2634 1676 2670 ἡμερῶν,
1689 2635 1757 2670 μήτε
1771 2634 1846 2668 ζωῆς

1058 2680 1135 2712 τέλος
1148 2679 1214 2715 ἔχει,
1229 2680 1259 2707 τὸ
1271 2680 1393 2716 ἄναρχόν-
1403 2689 1433 2707 τε
1456 2681 1502 2708 καὶ
1517 2680 1694 2715 ἀτελεύτητον
1709 2680 1846 2715 ἀνθρώπῳ

1059 2726 1242 2761 προσνέμειν,
1264 2726 1324 2758 πῶς
1345 2727 1394 2752 οὐκ
1416 2727 1449 2753 ἂν
1473 2726 1579 2761 γένοιτο
1601 2726 1706 2762 μωρίας
1732 2726 1844 2761 γραφῆς

1060 2771 1183 2799 Nasicam
1202 2771 1233 2807 δὴ
1248 2770 1294 2799 οὖν
1313 2772 1343 2799 τὺ
1362 2771 1474 2808 Πνεῦμα
1493 2773 1584 2799 πάλιν.
1603 2773 1632 2798 Εἰ
1648 2773 1703 2807 γὰρ
1728 2772 1773 2798 καὶ
1792 2772 1841 2806 ἀφ-

257 2864 277 2879 ²²
295 2863 425 2898 Gell..\tv,
449 2865 521 2893 1—17.
561 2865 660 2893 Gi‘Ibid.
684 2866 780 2899 τιὸ-20,
795 2866 876 2894 Ilcht'.
892 2875 937 2900 nr,
955 2866 1001 2894 1-5
1050 2865 1078 2903 ‘l‘
1091 2866 1160 2895 Ibid.
1179 2867 1204 2894 7.
1245 2866 1265 2883 ”
1281 2865 1350 2894 Ibid.
1373 2866 1414 2893 l0.
1453 2865 1474 2881 δε
1490 2863 1562 2895 Ibid,
1578 2863 1604 2893 9..
