1990 3046
204 147 238 176 87
707 152 734 180 S.
751 152 887 182 CYRILLI
906 154 1141 184 ALEXANDRINI
1161 157 1320 186 ARCHlEP.
1800 158 1833 186 88

201 208 274 237 Nihil
296 209 388 245 itaque
408 211 561 246 obstiterit,
576 220 631 248 quo
652 213 744 242 minus
758 221 849 248 recte,
867 219 949 251 atque
964 224 979 243 u

1027 217 1099 251 ,ὑπὸ
1114 218 1164 254 τῆς
1180 219 1308 252 σκοτίας;
1332 219 1349 255 ἢ
1371 218 1429 251 πῶς
1449 218 1557 254 ἐλέγετο
1573 220 1638 256 περὶ
1657 219 1762 254 αὐτῶν,
1784 221 1832 248 καὶ

199 261 250 289 par
260 259 312 288 est,
329 264 490 286 censeamus
505 259 644 287 hominem
657 261 769 296 quidem
784 263 867 290 fuisse
882 262 980 289 Melchi

1047 262 1102 289 τῶν
1120 263 1246 298 ἡγεῖσθαι
1269 264 1425 300 λαχόντων,
1442 274 1451 291 ι
1473 265 1574 300 ’Λφετε
1602 265 1701 297 αὐτοὺς
1712 286 1720 298 ,
1738 264 1833 299 τυφλοί

199 300 291 334 sedeo,
304 306 435 338 certoque
448 307 570 341 tempore
584 313 713 342 regnasse
727 307 755 334 in
767 308 868 340 Salcm,
882 308 980 338 etiams

1044 307 1113 334 είσιν
1125 308 1217 343 ὁδηγοὶ
1228 309 1352 344 τυφλῶν;
1368 319 1377 336 ι
1399 310 1467 337 Ποία
1482 311 1536 346 γὰρ
1551 310 1584 338 ἂν
1597 312 1682 338 νοοῖτο
1698 310 1831 345 τυφλότης

199 345 396 387 interpretetur
408 357 470 384 pax.
583 354 588 356 '

1043 353 1085 385 εἰς
1099 353 1162 381 νοῦν
1181 354 1285 390 ὁρῶντα
1300 355 1366 382 Θεόν
1379 364 1386 390 ;
1400 357 1505 384 Οὐκοῦν
1519 345 1639 392 ἀμαθίας
1659 357 1787 393 ἔμπλεων
1801 356 1830 384 τὸ

196 393 257 422 ταῖς
272 385 412 428 ὀνομάτων
429 396 555 435 ποιότησι
582 397 671 435 πάντη
695 407 725 426 τε
746 399 792 427 καὶ
825 399 935 431 πάντως
953 399 1001 426 καὶ
1020 400 1175 428 αὐτῶντῶν
1197 385 1577 440 ¹ἰτραγμάτωννάπονέμειν’τὸ
1589 385 1697 440 κράτος.
1719 403 1831 438 Ἀπείρ-

197 437 238 468 ξει
253 438 292 471 δὲ,
312 438 402 475 οἶμαι,
418 441 513 469 λοιπὸν
541 444 682 477 παντελῶς
701 445 777 478 οὐδὲν
803 445 892 484 ὀρθῶς
908 446 956 475 καὶ
988 446 1165 482 καθηκόντως
1187 437 1312 476 ὑπονοείν
1331 437 1479 486 ἄνθρωπον.
1496 450 1561 478 ὅντα
1581 437 1626 477 τδν
1650 437 1833 485 Μελχισεδέκ,

198 483 421 523 βεϐασιλευκέναι
444 488 472 514 δὲ
497 489 568 516 κατά
589 490 702 525 καιροὺς
725 491 775 525 τῆς
798 483 909 530 Σαλὴμ,
932 491 983 518 κᾶν
1002 492 1182 528 ἑρμηνεύοιτο
1193 495 1274 530 τυχὸν
1287 483 1403 530 εἰρήνῆ.

231 528 258 556 4.
279 529 516 559 Considerandum
528 537 606 560 estet
616 534 669 561 hoc
679 542 788 570 quoque
798 528 910 564 cum'iis
926 545 986 576 quae

196 574 269 602 dicta
284 580 365 604 sunt:
386 577 479 605 divina
501 579 603 606 etenim
618 580 746 615 mysteria
759 581 841 609 modo
853 590 903 617 per
924 574 987 618 spe-

196 621 289 649 culum
303 627 384 657 atque
406 624 551 659 imaginem
567 625 680 653 vixdum
701 628 839 656 cernimus
857 630 877 645 '“
891 638 898 656 :
910 637 986 657 cum—

195 673 249 701 que
264 667 334 694 nihil
349 668 386 696 sit
402 668 430 695 in
447 669 531 697 rebus
545 671 655 704 creatis,
673 672 747 707 quod
764 673 869 708 integre
884 674 984 702 divina:

194 716 276 751 atque
294 713 426 741 ineffabili
442 719 547 743 natura:
558 716 702 752 adatquare
720 719 867 753 possimus,
878 727 983 756 equam

194 758 321 799 plurimis
335 760 467 795 exemplis
478 768 590 797 quoquo
604 763 687 790 modo
704 763 731 791 id
748 765 829 793 nobis
842 774 985 801 compara-

193 796 264 836 mus,
279 809 310 831 ut
321 804 355 832 de
371 812 404 832 ea
411 805 531 841 cogitare
540 815 572 835 ac
586 808 679 837 dicere
688 810 836 844 possimus,
849 817 983 846 quantum

191 845 306 875 facultas
315 853 408 877 nostra
426 849 490 877 fert.
517 851 701 880 Nihilominus
715 859 807 886 autem
833 845 981 884 obscurum

191 891 339 921 admodum
361 895 449 923 estde
460 895 569 924 Christo
585 898 759 933 mysterium,
776 904 804 927 et
815 900 982 929 incarnatio-

1076 537 1106 564 δ’.
1122 539 1369 576 Προσεπαθρητέον
1386 541 1415 568 δὲ
1437 543 1493 574 τοῖς
1514 542 1671 578 εἰρημένοις
1691 542 1737 569 καὶ
1756 542 1828 570 τάδε’

1040 580 1177 616 βλέπομεν
1197 582 1252 619 γὰρ
1267 583 1329 619 ἄρτι
1343 584 1378 611 δι’
1394 586 1529 621 ἐσόπτρου
1550 587 1597 614 καὶ
1617 586 1779 621 αἰνίγματος
1792 587 1828 613 τὰ

1039 626 1098 653 θεῖα
1115 627 1191 662 μόλις
1211 625 1350 664 μυστήρια
1366 638 1372 646 ·
1390 630 1545 666 ὁλοκλήρως
1561 631 1589 658 δὲ
1607 631 1660 658 τῶν
1676 632 1828 665 γεγονότων

1037 670 1115 698 οὐδὲν
1134 672 1274 707 ἐξομοιοῦν
1298 673 1404 709 ἔχοντες
1418 677 1452 711 τῇ
1469 675 1531 711 θείᾳ
1554 684 1585 702 τε
1608 676 1656 703 καὶ
1676 676 1828 712 ἀπορρήτῳ

1038 716 1135 751 φύσει,
1162 718 1195 744 ἐκ
1220 719 1326 754 μυρίων
1352 720 1422 747 ὅσων
1446 721 1677 756 παραδειγμάτων
1708 721 1828 757 μετρίως

1037 763 1219 799 ἐρανιζόμεθα
1243 765 1274 792 τὸ
1301 765 1433 794 δύνασθαί
1453 776 1480 794 τι
1501 767 1566 803 ’περὶ¹
1586 767 1673 802 αὐτῆς
1689 767 1706 802 ἦ
1724 767 1825 802 νοεῖνῆ

1036 808 1140 843 φράσαι
1161 810 1234 837 κατά
1253 819 1286 845 γε
1307 811 1337 838 τὺ
1353 812 1475 846 ἐφικτόν.
1492 813 1576 839 Οὐδὲν
1591 812 1620 839 δέ
1639 809 1720 848 ἦττον
1735 812 1826 848 ἀσυμ-

1035 854 1120 888 φανὲς
1138 855 1208 890 ἄγαν
1225 857 1284 883 ἐστὶ
1299 857 1331 883 τὸ
1352 857 1400 884 ἐπὶ
1425 857 1544 893 Χριστοῦ
1568 858 1733 894 μυστήριον,
1750 858 1797 886 καὶ
1810 859 1825 885 ό

1034 900 1083 936 τῆς
1105 901 1339 938 ἐνανθρωπήσεως
1355 903 1434 938 λόγος
1456 905 1486 931 οὐ
1503 906 1561 936 τοῖς
1582 904 1710 941 τυχοῦσιν
1725 904 1826 932 ἀλώσι-

191 937 234 965 nis
251 939 321 966 ratio
336 947 392 967 non
411 941 527 969 cuilibet
542 950 558 970 e
572 943 655 978 vulgo
670 944 786 981 intelligi
800 951 899 981 potest.
917 947 982 974 Pro-

1035 955 1095 982 μος.
1116 937 1207 980 Βαθὺς
1221 949 1250 975 δὲ
1261 937 1297 984 δὴ
1317 949 1378 976 λίαν
1391 937 1440 986 τῆς
1459 937 1642 986 οῐκονομίαςγό
1653 951 1741 985 λόγος.
1758 951 1825 983 Θεὸς

189 982 274 1011 funda
291 985 392 1021 quippe
404 987 552 1015 admodum
579 994 622 1017 est
644 990 744 1018 divinae
770 992 982 1027 dispensationis

191 1029 272 1062 ratio.
287 1030 361 1058 Deus
368 1032 442 1059 enim
457 1033 603 1067 exsistens,
617 1039 646 1062 et
656 1043 689 1063 ex
696 1036 752 1064 Deo
762 1038 912 1066 secundum
931 1047 982 1066 na-

189 1077 279 1102 turam
294 1075 466 1111 Unigenitus,
483 1078 571 1106 factus
584 1084 626 1107 est
636 1080 729 1114 homo,
741 1090 750 1106 ι
767 1086 796 1109 et
808 1081 943 1111 habitavit
953 1083 982 1110 in

187 1121 308 1153 nobis".
323 1131 332 1147 ι
353 1122 471 1151 Vocatus
485 1123 567 1152 etiam
589 1129 632 1153 est
649 1125 791 1161 Apostolus
815 1132 842 1155 et
857 1127 981 1163 Pontifex

188 1167 317 1200 noster",
331 1167 515 1204 liberavitque
526 1178 578 1199 nos
589 1179 604 1198 a
619 1171 788 1204 balbutiente
800 1173 870 1209 lege,
887 1179 980 1203 trans-

188 1212 304 1247 tulitque
325 1213 358 1241 ad
380 1215 545 1254 evangelicae
560 1216 714 1253 dlsciplinze
727 1219 893 1251 concinnum
911 1227 981 1255 prae-

186 1258 308 1286 conium.
324 1259 419 1302 Neque
446 1261 474 1289 id
493 1262 583 1290 solum
603 1272 609 1290 :
631 1271 727 1292 verum
739 1265 823 1294 etiam
840 1273 903 1293 cum
930 1274 976 1296 ca-

186 1304 255 1338 ptivi
273 1312 405 1339 essemus,
415 1307 442 1334 in
456 1307 613 1337 libertatem
628 1310 758 1344 asseruit,
774 1311 883 1340 devicto
896 1312 976 1348 prin—

186 1349 247 1385 cipe
272 1350 354 1386 hujus
366 1353 475 1386 saeculi,
503 1358 531 1381 et
551 1363 585 1382 ex
602 1355 729 1384 faucibus
755 1356 856 1384 inferni
877 1358 979 1393 eripuit

186 1394 299 1435 sopitos,
311 1401 340 1430 et
356 1396 482 1425 fundavit
497 1399 608 1434 quidem
623 1400 784 1435 Ecclesiam,
796 1402 979 1439 princepsque

186 1439 214 1473 in
223 1434 276 1468 nos
288 1441 462 1477 designatus,
480 1445 632 1476 transmisit
648 1446 677 1474 in
691 1446 744 1474 fide
753 1434 912 1481 lor—damni,
924 1434 979 1476 lar-

185 1484 311 1528 gitusque
325 1481 368 1514 est
385 1487 623 1522 circumcisionem
639 1490 667 1517 in
682 1491 792 1526 spiritu,
807 1497 889 1526 atque
909 1492 978 1520 adeo

185 1530 214 1558 in
237 1539 351 1567 regnum
369 1534 503 1562 caelorum
531 1535 648 1569 induxit.
674 1537 753 1571 Quod
782 1538 875 1574 itaque
894 1539 977 1567 homo

184 1577 337 1605 secundum
356 1586 406 1606 nos
420 1579 508 1608 factus
531 1574 697 1615 sit,divlni,‘
708 1583 839 1617 arbitror,
859 1592 977 1620 evange-

184 1621 255 1650 lista:
266 1623 452 1652 testimonium
469 1625 619 1660 sulIecerit,
633 1627 751 1656 dicentis
765 1637 772 1656 :
790 1629 842 1662 (Et
853 1616 974 1657 Verbum
989 1616 1010 1645 θ

185 1676 249 1695 caro
261 1669 363 1697 factum
379 1674 422 1698 est
433 1691 441 1704 ,
462 1675 491 1700 et
505 1672 640 1701 habitavit
653 1674 682 1702 in
698 1675 788 1704 nobis.
804 1686 813 1702 ι
829 1676 906 1710 Quod
924 1685 973 1710 au-

186 1719 241 1742 tem
254 1720 353 1743 unctus
364 1716 400 1744 sit
414 1717 497 1745 etiam
515 1718 543 1746 in
565 1719 737 1748 sacerdotem
755 1726 784 1750 et
802 1722 972 1757 apostolum,

185 1760 302 1794 Aaronis
322 1761 408 1798 ﬁgura
425 1764 567 1793 manifeste
579 1766 710 1794 ostendit.
728 1766 834 1795 Unctus
847 1768 920 1795 enim
933 1772 975 1796 est

185 1807 246 1841 oleo
257 1808 436 1842 sanetilicato,
446 1814 473 1837 et
488 1811 688 1840 constitutusin
708 1813 860 1849 principem
875 1813 925 1849 51
942 1822 974 1842 ac

186 1853 345 1889 praefectum
361 1856 535 1889 sacerdotum
561 1865 593 1885 ac
614 1859 722 1893 populi,
737 1867 844 1887 necnon
867 1867 974 1888 summa

184 1899 275 1927 fronte
287 1908 396 1934 auream
409 1902 547 1935 bracteam
567 1911 614 1931 seu
640 1904 768 1933 laminam
780 1906 910 1941 suscepit,
924 1913 973 1934 no-

185 1953 248 1974 men
261 1946 369 1974 Domini
382 1947 545 1983 inscriptum
559 1949 715 1982 habentem.
734 1949 791 1978 Hoc
807 1954 898 1978 autem
913 1956 972 1980 erat

184 1991 368 2021 clarissimum
385 1985 533 2023 Salvatoris
555 1997 643 2024 nostri
664 1997 736 2032 regis
754 1998 907 2033 symbolum
919 2019 927 2031 ,
939 2006 972 2026 ac

184 2037 271 2070 veluti
291 2039 465 2074 splendidum
495 2045 577 2081 atque
606 2040 711 2078 insigne
732 2043 866 2072 diadema.
893 2043 972 2077 Quod

184 2091 249 2110 vero
262 2085 435 2123 praestantior
454 2086 490 2114 sit
504 2088 580 2118 cultu
593 2087 691 2122 legali,
712 2090 803 2117 cultus
828 2098 878 2125 per
889 2091 970 2119 Chri—

184 2134 256 2157 stum
270 2151 277 2163 ,
304 2131 404 2159 viderit
419 2132 480 2168 quis
497 2133 524 2160 in
546 2133 648 2168 Aaron,
660 2129 889 2172 quemadmodum
914 2137 970 2165 fere

183 2176 265 2204 etiam
286 2176 313 2203 in
327 2177 516 2206 Melchisedec.
534 2179 674 2214 Siquidem
697 2180 798 2209 Levita:
812 2181 932 2210 decimas
955 2192 970 2210 a

183 2222 247 2252 ﬁliis
271 2222 353 2251 Israel
378 2224 558 2260 accipiebant.
581 2224 717 2253 Cmterum
737 2227 820 2261 jussit
842 2228 969 2259 Deus-ex

183 2267 339 2296 Levitarum
354 2268 468 2297 decimis
493 2270 614 2298 tribucre
629 2271 762 2299 decimam
784 2273 896 2305 Aaroni,
912 2278 970 2302 tan-
986 2293 1008 2320 Β

181 2321 263 2348 quam
290 2315 431 2350 przel'eeto,
456 2315 558 2351 quique
573 2317 609 2344 ob
633 2317 780 2346 sacerdotii
800 2319 969 2349 iunctionem

182 2368 310 2396 supremo
323 2361 427 2389 honore
442 2362 573 2396 praeditus
586 2367 653 2390 erat.
666 2363 798 2400 lntelligis
811 2365 902 2401 itaque
914 2375 969 2401 quo

183 2410 260 2441 pacto
274 2407 357 2441 etiam
375 2407 403 2434 in
419 2416 534 2442 persona
548 2409 637 2437 Aaron
663 2408 729 2437 Levi
754 2410 875 2439 decimas
893 2413 968 2440 acci-

181 2451 269 2485 piens,
288 2451 438 2480 dccimatus
449 2457 499 2480 est.
514 2453 604 2481 Aaron
617 2455 691 2482 enim
704 2455 807 2483 Christi
824 2465 967 2492 personam

180 2497 274 2524 refert.
289 2497 377 2532 Atque
390 2498 436 2525 alii
461 2499 572 2533 quidem
589 2500 690 2528 Levita:
705 2506 733 2529 et
751 2503 907 2531 sacerdotes
925 2504 966 2531 le—

179 2541 249 2575 galia
271 2543 405 2570 sacriﬁcia
429 2537 608 2580 peragebant,
627 2546 653 2574 in
679 2547 770 2582 priore
791 2549 967 2577 tabernaculo

180 2595 256 2614 suam
270 2589 415 2617 stationem
426 2590 568 2619 habentes.
581 2592 661 2620 Solus
678 2599 768 2621 autem
787 2603 821 2622 ex
839 2596 968 2624 omnibus

179 2632 289 2660 divinus
305 2644 314 2659 ‹
329 2635 419 2663 Aaron
432 2638 515 2665 semel
527 2639 682 2673 quotannis,
700 2649 708 2665 ι
723 2644 753 2668 ut
771 2641 902 2679 scriptum
914 2647 966 2675 est,

183 2687 193 2710 ᾳ
207 2678 233 2705 in
244 2678 342 2707 Sancta
355 2686 509 2709 sanctorum
526 2683 778 2719 ingrediebatur":
795 2695 803 2711 ι
814 2686 896 2722 idque
911 2696 966 2715 non

179 2723 238 2750 sine
253 2725 394 2760 sanguine,
408 2726 485 2761 juxta
500 2727 596 2763 legem.
612 2728 703 2764 Typus
716 2734 807 2757 autem
823 2730 965 2759 fuitetiam

214 2794 255 2822 "l
270 2794 333 2823 Cor.
352 2804 408 2829 xm,
430 2797 469 2824 l2.

214 2865 253 2907 (ι)
269 2867 415 2902 Aubertus,
433 2869 579 2906 κοσμῶντι.
594 2869 667 2898 Enn.

1033 993 1087 1029 γὰρ
1101 993 1139 1020 ὣν
1152 994 1198 1020 καὶ
1212 995 1245 1021 ὲκ
1266 995 1334 1022 Θεοῦ
1350 995 1420 1022 κατὰ
1438 995 1518 1030 φύσιν
1534 997 1548 1023 ό
1565 997 1729 1033 Μονογενὴς,
1743 997 1824 1032 γέγο-

1032 1048 1076 1066 νεν
1088 1039 1241 1076 ἄνθρωπος,
1265 1050 1274 1067 ι
1293 1041 1342 1068 καὶ
1365 1042 1523 1077 ἐσκήνωσεν
1540 1043 1569 1069 ἐν
1583 1043 1658 1078 ἡμῖν.
1681 1052 1691 1069 ›
1713 1044 1824 1078 Κεχρη-

1033 1084 1132 1119 μάτικε
1150 1084 1177 1111 δὲ
1202 1085 1250 1111 καὶ
1267 1085 1450 1119 Ἀπόστολος
1476 1087 1523 1113 καὶ
1547 1087 1710 1121 Ἀρχιερεὺς
1728 1087 1819 1122 ἡμῶν.

1032 1129 1079 1156 καὶ
1097 1129 1251 1165 ἀπήλλαξεν
1274 1131 1349 1166 ἡμᾶς
1361 1131 1408 1158 τοῦ
1425 1131 1634 1167 βραδυγλώσσου
1652 1133 1734 1168 νόμου
1747 1152 1754 1165 ,
1773 1141 1822 1169 μι-

1030 1176 1172 1203 τατέθεικε
1191 1176 1219 1203 δὲ
1233 1176 1280 1203 καὶ
1296 1178 1336 1208 είς
1357 1178 1493 1212 εὐφωνίαν
1514 1178 1685 1214 μαθημάτων
1702 1179 1819 1214 εὐαγγε-

1030 1221 1124 1250 λικῶν.
1138 1223 1194 1250 Καὶ
1211 1223 1272 1258 οὐχὶ
1288 1223 1366 1250 τοῦτο
1385 1224 1482 1259 μόνον,
1495 1224 1565 1252 ἀλλὰ
1584 1225 1639 1260 γὰρ
1671 1225 1719 1251 καὶ
1738 1225 1821 1261 αίχμ-

1030 1267 1151 1299 αλώτους
1167 1268 1246 1300 ὄντας
1261 1268 1363 1304 ἀνῆκεν
1384 1270 1473 1304 ἡμᾶς,
1495 1269 1616 1297 καθελὼν
1633 1270 1678 1296 τὸν
1701 1269 1820 1305 ἄρχοντα

1029 1313 1077 1344 τοῦ
1099 1314 1196 1346 αἰῶνος
1217 1313 1330 1347 τούτου,
1354 1315 1402 1342 καὶ
1425 1314 1455 1348 ἐξ
1477 1315 1541 1351 ᾅδου
1568 1316 1663 1351 μυχῶν
1684 1317 1819 1352 ἐῤῥύσατο

1028 1359 1092 1391 τοὺς
1109 1360 1341 1395 κεκοιμημένους,
1357 1360 1404 1386 καὶ
1426 1360 1609 1396 τεθεμελίωκε
1624 1361 1673 1396 μὲν
1689 1361 1738 1397 τὴν
1757 1361 1820 1389 Ἐκ-

1029 1404 1158 1441 κλησίαν,
1183 1398 1404 1441 κεχειροτόνηταί
1427 1405 1457 1433 δέ
1479 1406 1528 1433 καὶ
1552 1406 1644 1442 ἄρχων
1667 1407 1710 1441 ἐφ’
1731 1407 1816 1443 ἡμᾶς,

1028 1449 1075 1477 καὶ
1089 1449 1226 1476 διεϐίϐασε
1241 1450 1292 1485 μὲν
1304 1450 1334 1477 ἐν
1350 1450 1441 1477 πίστει
1453 1450 1499 1478 τὸν
1517 1450 1662 1487 Ἰορδάνην,
1675 1451 1777 1479 δέδωκε
1789 1451 1818 1479 δέ

1027 1494 1077 1530 τὴν
1090 1495 1121 1520 ἐν
1137 1494 1273 1530 πνεύματι
1290 1495 1454 1531 περιτομὴν,
1471 1495 1519 1522 καὶ
1537 1497 1578 1528 είς
1599 1497 1649 1532 τὴν
1668 1497 1721 1524 τῶν
1736 1497 1818 1533 οὖρα-

1027 1540 1080 1567 νῶν
1091 1540 1266 1576 εἰσκεκόμικε
1283 1541 1433 1576 βασιλείαν.
1450 1542 1512 1569 ’Ότι
1527 1542 1576 1578 μὲν
1586 1541 1632 1570 οὖν
1645 1543 1741 1577 γέγονε
1756 1542 1819 1570 καθ’

1027 1585 1101 1620 ἡμᾶς
1112 1604 1119 1617 ,
1135 1585 1302 1621 ἀποχρήσειν
1324 1583 1402 1621 οἶμαι
1422 1587 1536 1621 λέγοντα.
1549 1587 1594 1614 τὸν
1615 1588 1760 1615 θεσπέσιον
1772 1589 1816 1616 εὒς

1026 1631 1202 1667 αγγελιστὴν,
1219 1641 1228 1658 ι
1248 1632 1304 1659 Καὶ
1321 1633 1336 1658 ό
1354 1633 1441 1667 Λόγος
1455 1633 1524 1669 σὰρξ
1542 1634 1660 1668 ἐγένετο,
1674 1635 1720 1662 καὶ
1732 1635 1816 1671 ἐσκή-

1025 1685 1111 1704 νωσεν
1131 1677 1161 1703 ἐν
1179 1678 1257 1712 ἡμῖν.
1279 1687 1288 1703 ι
1311 1678 1373 1705 Ὅτι
1400 1678 1429 1705 δὲ
1443 1679 1586 1715 κέχρισται
1610 1680 1659 1707 καὶ
1680 1681 1721 1713 είς
1740 1681 1817 1716 ἱερέα

1025 1722 1072 1749 καὶ
1091 1722 1256 1755 ἀπόστολον,
1281 1723 1303 1760 ἡ*
1322 1723 1369 1750 τοῦ
1393 1723 1498 1760 ’Λαρὼν
1527 1725 1665 1758 ἀνάδειξις
1689 1727 1816 1762 ὑπεμφή-

1024 1777 1095 1796 νειεν
1133 1769 1166 1796 ἂν
1209 1769 1256 1796 καὶ
1294 1769 1368 1804 μάλα
1405 1770 1511 1806 σαφῶς.
1552 1771 1720 1811 Κατεχρίετο
1761 1773 1816 1809 γὰρ

1024 1814 1106 1850 ἐλαίῳ
1137 1813 1175 1850 τῷ
1204 1816 1383 1851 ήγιασμένῳ,
1410 1816 1457 1842 καὶ
1481 1817 1521 1848 εἰς
1549 1816 1670 1853 ἄρχοντα.
1696 1818 1816 1846 τέθειται

1024 1860 1071 1887 καὶ
1086 1860 1235 1896 ἡγούμενον
1251 1861 1347 1897 ἱερέων
1362 1862 1410 1889 καὶ
1429 1861 1506 1896 λαοῦ,
1523 1863 1570 1889 καὶ
1591 1862 1645 1898 μὴν
1667 1864 1714 1890 καὶ
1729 1859 1815 1899 μετώ-

1024 1913 1085 1936 ποις
1099 1904 1195 1940 ἄκροις
1215 1904 1245 1932 τὺ
1261 1905 1369 1941 ψέλλιον
1386 1906 1494 1941 ἐδέχετο
1509 1907 1539 1934 τὸ
1555 1908 1683 1942 χρυσοῦν,
1705 1909 1763 1944 ἦτοι
1784 1909 1816 1936 τό

1023 1950 1148 1983 πέταλον,
1161 1950 1270 1986 γραφὴν
1282 1951 1343 1986 ἔχον
1357 1952 1388 1978 τὸ
1401 1952 1486 1987 ὄνομα
1500 1953 1614 1988 Κυρίου.
1633 1953 1720 1980 Τοῦτο
1732 1954 1760 1980 δὲ
1779 1952 1814 1989 ἦν

1023 1995 1138 2032 ἐναργὲς
1151 1996 1201 2030 τῆς
1218 1996 1265 2023 τοῦ
1280 1997 1407 2034 Σωτῆρος
1425 1997 1504 2033 ἡμῶν
1520 1997 1652 2033 βασιλέως
1670 1999 1813 2035 σύμϐολον,

1022 2041 1071 2069 καὶ
1083 2042 1164 2069 οίονεὶ
1175 2041 1294 2078 διάδημα
1307 2042 1434 2079 λαμπρὸν
1451 2044 1498 2071 καὶ
1519 2045 1676 2080 περίοπτον.
1701 2046 1762 2074 ’Ὁτι
1785 2046 1813 2072 δὲ

1022 2088 1141 2124 ἀμείνων
1150 2089 1201 2124 τῆς
1214 2089 1331 2124 νομικῆς
1341 2089 1495 2126 λατρείαςὴ
1509 2090 1552 2117 διὰ
1567 2090 1697 2125 Χριστοῦ,
1711 2092 1814 2120 κατίδοι

1022 2143 1063 2166 τις
1084 2135 1117 2162 ἂν
1137 2136 1176 2168 ὡς
1198 2136 1227 2163 ὲν
1257 2135 1381 2172 Ἀαρὼν,
1406 2137 1533 2174 καθάπερ
1553 2138 1649 2174 ἀμέλει
1670 2139 1715 2165 καὶ
1731 2140 1760 2166 ἐν
1774 2138 1824 2175 τῷ·

1021 2181 1197 2216 Μελχισεδέκ.
1221 2182 1342 2214 Δεκάτας
1358 2182 1407 2218 μὲν
1427 2183 1481 2218 γὰρ
1500 2184 1524 2210 οί
1537 2183 1648 2211 Λευῖται
1665 2185 1739 2220 παρά
1759 2184 1813 2211 τῶν

1022 2227 1086 2253 υίῶν
1103 2227 1212 2262 Ἰσραὴλ
1233 2228 1303 2254 κατὰ
1322 2228 1421 2263 νόμους
1437 2228 1568 2264 ἐδέχοντο.
1589 2230 1663 2266 Πλὴν
1687 2231 1812 2257 ἐκέλευσε

1021 2272 1087 2304 Θεὸς
1102 2274 1133 2299 ἐκ
1144 2273 1193 2308 τῆς
1206 2273 1261 2300 τῶν
1273 2273 1393 2300 Λευῖτῶν
1408 2274 1525 2310 δεκάτης
1537 2275 1720 2311 ἀπονέμεσθαι
1733 2276 1814 2303 δεκά-

1022 2327 1071 2354 την
1088 2319 1126 2350 ὼς
1143 2319 1286 2354 ἡγουμένῳ
1303 2319 1342 2355 τῷ
1357 2319 1473 2356 Ἀαρὼν,
1489 2321 1561 2348 κατά
1575 2330 1605 2348 τε
1621 2321 1667 2348 τὸν
1687 2321 1734 2348 τοῦ
1757 2322 1812 2348 δεῖν

1022 2364 1146 2399 ἱερᾶσθαι
1158 2366 1258 2400 τρόπον
1277 2366 1339 2397 ταῖς
1355 2365 1485 2393 ἀνωτάτω
1510 2367 1631 2402 κομῶντι
1649 2367 1686 2402 (1)
1706 2369 1811 2402 τιμαῖς.

1021 2410 1103 2442 Σύνες
1117 2408 1162 2437 οὖν
1174 2411 1247 2443 ὅπως
1262 2411 1309 2437 καὶ
1324 2412 1352 2438 ἐν
1369 2411 1506 2447 προσώπῳ
1520 2413 1568 2439 τοῦ
1588 2413 1693 2449 Ἀαρὼν
1709 2415 1722 2441 ὁ
1733 2414 1811 2441 δεκά-

1020 2466 1069 2489 τας
1083 2457 1239 2492 λαμσάνων,
1255 2458 1320 2484 Λευῒ
1330 2458 1519 2485 δεδεκάτωται.
1537 2459 1662 2487 meum
1679 2460 1733 2495 γὰρ
1751 2461 1812 2487 ’Λα-

1022 2502 1076 2538 ρὼν
1097 2504 1136 2535 εἰς
1161 2504 1305 2539 πρόσωπον
1326 2505 1372 2531 τοῦ
1392 2505 1523 2540 Χριστοῦ.
1549 2506 1604 2533 Καὶ
1617 2506 1642 2532 oi.
1666 2506 1715 2541 μὲν
1736 2507 1812 2534 ἄλλοι

1021 2550 1120 2581 πάντες
1145 2549 1255 2577 Λευῖται
1277 2551 1324 2577 καὶ
1348 2551 1430 2586 ἱερεῖς
1449 2551 1499 2582 τὰς
1522 2551 1592 2578 κατὰ
1611 2552 1691 2587 νόμον
1715 2552 1811 2585 θυσίας

1019 2595 1138 2626 ἐτέλουν,
1164 2596 1256 2622 στάσιν
1282 2595 1389 2631 ἔχοντες
1415 2597 1460 2623 ἐπὶ
1483 2597 1532 2632 τὴν
1559 2597 1670 2633 πρώτην
1695 2599 1805 2633 σκηνήν.

1018 2640 1106 2671 Μόνος
1116 2640 1144 2666 δὲ
1156 2639 1202 2667 καὶ
1216 2640 1248 2666 ἐκ
1261 2640 1370 2668 πάντων
1385 2641 1400 2667 ὁ
1412 2641 1555 2673 θεσπέσιος
1571 2650 1581 2666 ι
1603 2641 1719 2676 Ἀαρὼν,
1736 2641 1809 2675 ἅπαξ

1017 2686 1063 2713 τοῦ
1079 2686 1212 2718 ἐνιαυτοῦ,
1229 2695 1237 2712 ι
1254 2687 1324 2714 κατὰ
1339 2687 1369 2713 τὸ
1383 2687 1583 2723 γεγραμμένον,
1598 2696 1607 2713 ί
1624 2687 1663 2719 εἰς
1676 2687 1709 2714 τὰ
1725 2687 1808 2720 ’Ἅγια

1017 2733 1070 2760 τῶν
1089 2732 1173 2766 ἁγίων
1188 2733 1283 2768 είσῄει,
1304 2743 1313 2759 ι
1330 2734 1377 2762 καὶ
1390 2734 1419 2760 οὐ
1435 2734 1518 2770 χωρὶς
1534 2733 1658 2769 αἵματος,
1678 2734 1748 2762 κατὰ
1762 2735 1809 2762 τὸν

510 2798 532 2813 ⁷²
549 2798 626 2826 Joan.
645 2808 662 2831 ι,
683 2800 724 2827 Η.
763 2801 879 2830 “llebr.
910 2812 948 2837 lll,
970 2804 980 2830 l
1033 2805 1054 2820 7“
1067 2802 1150 2831 Hebr.
1173 2811 1208 2838 Ix,
1222 2804 1286 2838 6,7.
