1990 3046
182 137 220 167 ω
688 135 949 165 GLAPHYRORUM
967 136 1001 165 IN
1024 136 1174 167 GENESIM
1193 139 1257 167 LIB.
1276 140 1308 168 Π.
1776 144 1814 174 90

183 194 277 230 νόμον.
299 192 391 226 Τόπος
406 192 429 219 δ’
443 192 478 220 ἂν
493 192 536 228 είιη
552 193 599 220 ml.
615 191 673 219 τόδε
687 193 805 228 Χριστοῦ
834 203 843 219 ι
867 193 915 220 τοῦ
933 201 970 220 τε·

1030 194 1082 222 hoc
1094 194 1206 229 Christi,
1226 205 1236 222 ι
1254 197 1301 232 qui
1320 197 1418 226 semel~
1426 202 1550 226 mortuus
1566 204 1608 227 est
1623 208 1672 235 pro
1692 203 1812 236 peccatis

183 240 298 271 Ovet'bro;
311 238 385 272 am:
399 238 469 274 ὑπὲρ
482 238 536 265 τῶν
551 238 694 274 ἁμαρτιῶν
709 239 797 274 ἡμῶν,
816 247 826 265 ›
843 238 914 266 κατά
927 239 978 271 τὰς

184 284 307 321 Γμῳάς,
322 283 525 316 εἰσελαύνοντος
542 283 571 310 δὲ
586 283 635 310 καὶ
648 284 688 316 είς
701 284 750 320 τὴν
763 284 819 312 ἄνω
832 292 861 310 τε
875 285 923 311 καὶ
939 285 978 311 is-

186 330 311 366 ροηάτην
329 329 443 365 σκηνήν.
461 329 570 364 Ταύτην
583 329 639 365 γὰρ
652 330 718 365 ἡμῖν
732 329 898 356 ἐνεκαίνισεν
907 329 976 362 ὁδὸν,

184 375 306 410 ἁγιάζων
318 383 349 401 τε
370 374 409 410 τῷ
425 374 523 409 αἵματι
538 374 577 412 τῷ
594 374 653 410 ἰδίῳ
663 374 714 410 τὴν
735 373 908 410 Ἐκκλησίαν.
923 374 978 401 Καὶ

183 422 197 448 ὁ
213 421 263 456 μὲν
280 420 424 452 θεσπέσιος
437 420 540 455 Μωσῆς
551 440 559 452 ,
574 421 834 456 προκεχειρισμένος
853 421 893 452 εἰς
908 421 976 447 ἀπο-

184 466 290 502 στολὴν,
301 466 390 493 ἐδέετο
404 466 452 492 τοῦ
465 466 543 499 Θεοῦ,
554 465 652 500 λέγων·
670 476 680 492 ι
693 467 805 501 Δέομαι,
818 466 914 502 Κύριε,
926 467 977 494 οὐκ

183 511 294 544 εῠλαλός
319 512 376 547 είμι
397 511 448 547 πρὸ
470 511 520 546 τῆς
543 511 626 546 χθὲς,
645 512 706 538 οὐδὲ
733 512 789 548 πρὸ
808 512 859 547 τῆς
881 512 976 547 τρίτης

186 557 305 593 ἡμέρας,
323 557 385 584 οὐδὲ
401 557 448 591 ἀφ’
460 554 491 584 οὗ
507 556 583 592 ήρξω
596 557 687 584 λαλεῖν
703 556 742 592 τῷ
755 557 898 592 θεράποντι
916 565 974 590 σου,

184 600 361 639 ισχνόφωνος,
383 603 432 629 καὶ
456 601 662 637 βραδύγλωσους
683 601 740 637 ἐγώ
761 603 829 637 εἰμι.
850 612 861 628 ι
885 603 974 638 Προσ-

184 649 268 676 ετίθει
288 650 316 676 δὲ
331 649 447 681 τούτοις·
467 659 477 675 ι
491 649 666 685 Προχείρισαι
686 649 766 676 ἄλλον
785 649 931 684 δυνάμενον
944 649 975 677 δν

183 688 355 727 ἀποστελεῖς.
380 704 390 721 ι
416 693 481 721 Εἶτα
501 695 569 730 πρὸς
590 694 673 722 αὐτὸν
694 695 710 721 ὁ
729 694 785 722 τῶν
805 694 873 721 ὅλων
895 695 972 727 Θεός”

186 750 196 767 ι
213 740 278 767 Οὔκ·
294 740 349 767 ἰδοὺ
366 740 472 776 Ἀαρὼν
487 741 501 767 ό
512 740 626 774 ἀδελφός
638 749 685 767 σου
696 741 711 767 ό
721 740 847 776 Λευῖτης,
861 740 974 768 ἐπίστα-

184 793 233 821 μαι
246 785 287 812 ὅτι
298 785 386 812 λαλῶν
399 785 509 822 λαλήσει
524 785 605 817 αὑτός
618 793 669 817 σοι,
689 785 736 812 καὶ
754 785 808 812 ίδοὺ
825 785 905 818 αὐτὸς
932 785 974 821 ἐξ·

182 831 320 858 ελιύσεται
332 832 372 863 είς
389 832 551 867 συνάντησιν
567 840 625 859 σου.
636 831 693 858 Καὶ
711 830 772 858 ίδών
780 840 811 858 σε
822 832 971 868 χαρήσεται

1028 241 1130 269 nostris
1141 241 1175 274 ⁷⁸,
1194 251 1204 268 ι
1222 243 1374 270 secundum
1394 243 1559 279 Scripturas,
1575 250 1604 273 et
1623 245 1760 281 ingressus
1783 248 1811 275 in

1028 295 1177 323 supernum
1204 289 1271 317 illud
1306 290 1562 326 sanctissimumque
1593 292 1810 321 tabernaculum.

1028 333 1103 361 Hanc
1117 334 1191 361 enim
1208 334 1282 362 viam
1294 335 1374 363 nobis
1389 335 1564 369 instauravit,
1577 336 1811 372 sanctiﬁcavitque

1027 380 1138 415 proprio
1154 381 1285 416 sanguine
1294 381 1454 409 Ecclesiam.
1474 382 1558 417 Atqui
1573 382 1684 410 divinus
1699 383 1811 417 'quidem

1026 425 1132 461 Moyses
1144 426 1248 455 electus
1260 427 1292 455 ad
1307 427 1474 461 missionem,
1486 428 1574 456 oravit
1586 428 1685 461 Deum,
1695 428 1791 456 dicens
1803 437 1810 456 :

1031 479 1040 496 ι
1059 470 1124 505 Oro,
1136 472 1261 505 Domine,
1273 480 1328 500 non
1340 473 1472 509 eloquens
1486 481 1546 502 sum
1558 478 1621 502 ante
1633 474 1707 506 heri,
1721 482 1812 509 neque

1026 518 1089 542 ante
1099 515 1207 543 tertiam
1219 516 1303 550 diem,
1317 525 1406 553 neque
1417 525 1451 545 ex
1459 526 1514 553 quo
1529 518 1635 553 coepisti
1647 517 1723 552 loqui
1732 525 1812 545 servo

1026 565 1074 588 tuo
1087 569 1094 587 ι
1107 562 1200 596 gracili
1217 570 1284 590 voce
1297 567 1325 590 et
1336 563 1414 590 tarda
1432 563 1526 598 lingua
1543 571 1593 598 ego
1609 570 1669 590 sum
1684 563 1717 589 ⁷⁵.
1734 572 1743 588 ι
1757 562 1812 590 Ad-

1021 606 1089 641 jecit
1100 610 1190 634 autem
1208 607 1265 635 his:
1286 617 1296 634 ι
1314 608 1389 644 Elige
1401 613 1540 644 potentem
1559 609 1642 636 alium
1651 616 1733 644 quem
1745 608 1812 636 mit-

1024 655 1066 679 tes
1075 652 1109 679 ⁷⁸.
1124 661 1133 678 ι
1157 653 1260 681 Deinde
1281 654 1357 681 Deus
1368 654 1406 682 ita
1425 654 1566 690 respondit
1590 663 1596 682 :
1626 663 1635 680 ι
1651 654 1730 682 Non:
1746 661 1812 682 ecce

1023 697 1114 725 Aaron
1126 697 1212 726 frater
1225 702 1289 727 tuus
1306 699 1412 728 Levita.
1427 700 1490 728 Seio
1499 700 1573 736 quod
1583 701 1698 735 loquens
1716 701 1812 736 loque-

1024 744 1068 769 tur
1077 742 1134 777 ipse
1145 743 1212 776 tibi,
1235 748 1264 771 et
1282 751 1345 772 ecce
1366 745 1428 780 ipse
1437 746 1595 781 egredietur
1615 745 1643 772 in
1664 753 1811 774 occursum

1022 785 1088 819 tibi,
1103 792 1132 814 et
1144 787 1242 815 videns
1263 792 1291 816 te
1313 789 1453 817 laetabitur
1469 790 1497 817 in
1512 790 1618 825 seipse,
1639 795 1667 818 et
1686 790 1762 818 dices
1776 790 1811 817 ad

1021 839 1094 863 eum,
1105 836 1134 860 et
1144 833 1222 861 dabis
1233 834 1317 862 verba
1332 843 1393 862 mea
1409 835 1439 862 in
1449 843 1481 863 os
1498 837 1568 871 ejus,
1585 841 1614 865 et
1629 844 1679 873 ego
1690 838 1810 871 aperiam

180 878 211 905 ἐν
226 877 316 913 ἐαυτῷ
326 897 334 910 ,
352 877 399 904 ml.
414 878 486 913 ἐρεῖς
500 877 569 913 πρὸς
585 877 676 910 αὑτὸν,
699 877 746 904 ml.
764 876 859 909 δώσεις
875 878 910 905 τὰ
924 878 970 914 ῥή-

1024 885 1056 905 os
1071 881 1161 911 tuum,
1171 883 1200 906 et
1210 879 1345 907 instruam
1366 888 1416 908 vos
1434 889 1495 915 quae
1511 881 1633 914 facietis,
1649 885 1677 909 et
1689 882 1747 917 ipse
1768 882 1810 910 lo-

181 924 255 958 ματά
270 931 320 958 μου
334 923 363 950 ἐν
374 923 414 959 τῷ
431 923 545 959 στόματι
559 924 641 951 αὐτοῦ
657 923 704 950 καὶ
718 923 878 958 συμϐιϐάσω
896 925 969 960 ὑμᾶς

179 968 198 995 ι
211 969 348 1004 ποιήσετε,
363 969 410 995 καὶ
422 968 533 1004 λαλήσει
548 968 629 1000 αὑτός
640 977 682 996 σοι
695 969 762 1005 πρὸς
776 969 821 996 τὸν
835 969 908 1002 λαὸν,
922 970 970 997 ml.

180 1014 263 1045 αὐτὸς
285 1013 362 1041 ἔσται
381 1022 428 1041 σου
450 1014 547 1049 στόμα.
571 1023 581 1040 ι
608 1014 820 1050 Βραδύγλωσσος
845 1015 894 1050 μὲν
913 1015 969 1051 γὰρ

178 1059 402 1095 ὁμολογουμένως
414 1059 460 1087 ml
474 1060 674 1095 εὐστομεῖνςοὺκ
686 1059 764 1091 εἰδὼς
773 1060 788 1086 ὁ
796 1060 880 1087 πάλαι
887 1060 969 1095 νόμος

179 1105 223 1133 διὰ
237 1105 337 1133 κύκλου
354 1106 429 1141 μόλις
446 1105 609 1141 μακροῦ,τοῦ
623 1105 692 1133 κατά
705 1105 735 1132 τὸ
749 1106 868 1141 Γράμμα
885 1105 967 1142 φημὶ,

181 1152 322 1187 μονονουχὶ
330 1151 377 1178 ml.
387 1151 571 1186 ὑποψελλίζων
585 1152 601 1187 ή
605 1152 650 1187 μίν
659 1151 689 1178 τὸ
696 1151 755 1187 Θεῷ
764 1151 868 1179 δοκοῦν-
882 1152 969 1188 στόμα

178 1198 208 1225 δέ
228 1197 352 1230 Μωσέως
372 1198 403 1225 τὺ
424 1198 621 1233 εὐφωνότατον,
644 1197 658 1224 ό
680 1197 817 1232 Χριστὸς,
841 1197 969 1233 μεθιστὰς

179 1243 242 1275 τοὺς
257 1242 358 1275 τύπους
370 1244 410 1275 είς
420 1243 559 1278 ἀλήθειαν,
576 1243 624 1270 ml.
638 1243 776 1278 προτιθεὶς
790 1243 901 1278 ἐτοίμην
912 1245 969 1275 τοῖς

180 1287 338 1323 ἁπανταχοῦ
360 1287 417 1315 τῶν
439 1287 596 1322 ἀναγκαίων
618 1287 668 1322 τὴν
691 1287 804 1323 εῐδησιν.
826 1287 969 1324 Τοιγάρτοι

180 1333 263 1369 φησὶν
280 1333 310 1360 ἐν
324 1333 536 1368 τεσσαρακοστῷ
552 1333 599 1360 καὶ
618 1332 704 1368 ὀγδόῳ
713 1332 831 1369 Ψαλμῷ·
848 1342 858 1360 ι
876 1333 970 1360 Ἀκού-

181 1387 247 1406 σατε
265 1378 361 1411 ταῦτα,
378 1379 467 1406 πάντα
484 1379 520 1406 τά
539 1378 613 1414 ἐθνη,
633 1379 810 1412 ἐνωτίσασθε,
829 1379 929 1411 πάντες
943 1379 968 1406 οί

180 1425 369 1457 κατοικοῦντες
379 1425 429 1460 τὴν
441 1416 613 1460 οἰκουμένην.
639 1434 649 1452 ›
677 1425 855 1452 ’Δνετυποῦτο
876 1425 908 1461 δὴ
922 1423 969 1453 οὖν

179 1470 217 1502 ὼς
236 1469 266 1495 ἐν
284 1470 388 1506 Ἀαρὼν
401 1472 416 1498 ὁ
427 1471 555 1506 Χριστός.
575 1471 630 1498 Καὶ
647 1471 678 1498 τό
692 1479 725 1506 γε
741 1470 966 1507 παραδοξότερον.

179 1514 226 1550 Μὴ
244 1515 299 1551 γάρ
313 1523 356 1542 τοι
370 1515 532 1552 θαυμάσῃς,
554 1516 578 1542 εί
597 1516 626 1542 ἐν
647 1516 702 1547 τοῖς
721 1515 869 1550 ἐγνωκόσιν
886 1515 966 1542 αὐτὸν

1019 926 1120 957 quetur
1129 930 1180 957 pro
1197 928 1224 951 te
1236 923 1271 951 ad
1280 924 1422 959 populum,
1436 929 1465 952 et
1482 925 1541 960 ipse
1556 925 1611 953 erit
1621 933 1655 953 os
1662 930 1740 953 suum
1749 927 1782 953 ⁷⁷.
1797 936 1807 952 ι

1019 966 1185 1002 Tardiloqua
1207 969 1281 996 enim
1300 977 1396 997 revera
1419 974 1462 998 est
1478 974 1559 998 vetus
1576 971 1630 1004 lex,
1645 979 1694 1006 per
1716 971 1813 1006 longos

1018 1013 1152 1041 circuitus
1168 1021 1239 1049 aegre
1258 1015 1339 1043 nobis
1359 1015 1408 1042 Dei
1428 1016 1597 1044 voluntatem
1616 1016 1745 1045 balbutit.
1758 1016 1810 1044 So-

1018 1067 1116 1087 norum
1126 1064 1217 1088 autem
1226 1061 1327 1097 Moysis
1333 1070 1374 1094 os,
1384 1061 1520 1095 Christus,
1531 1066 1609 1098 typos
1622 1062 1655 1089 ad
1667 1063 1812 1090 veritatem

1018 1105 1206 1139 transferens,
1230 1106 1393 1143 facilemque
1408 1108 1538 1135 omnibus
1564 1108 1656 1135 ubivis
1676 1113 1812 1135 terrarum

1018 1152 1178 1179 constitutis
1191 1159 1288 1180 eorum
1300 1161 1362 1188 quae
1371 1150 1528 1181 necessaria
1538 1158 1612 1186 sunt,
1626 1154 1812 1188 cognitionem

1018 1204 1184 1232 proponens.
1200 1198 1306 1226 Idcirco
1319 1199 1360 1226 sic
1377 1199 1416 1226 ait
1441 1199 1469 1227 in
1484 1200 1696 1235 quadragesimo
1715 1204 1813 1227 octavo

1017 1242 1143 1278 psalmo:
1165 1252 1174 1268 ι
1192 1242 1244 1278 52
1255 1244 1355 1272 Audite
1374 1245 1446 1277 haec,
1464 1252 1559 1273 omnes
1574 1250 1668 1281 gentes
1680 1255 1687 1279 ;
1699 1246 1814 1275 auribus

1018 1286 1162 1322 percipite,
1173 1294 1271 1316 omnes
1294 1288 1450 1317 habitantes
1469 1289 1566 1317 orbem
1586 1289 1620 1317 ⁷⁸.
1638 1300 1647 1316 ι
1666 1290 1813 1326 Figuratus

1018 1331 1110 1366 itaque
1122 1332 1150 1360 in
1161 1332 1270 1361 Aarone
1285 1333 1423 1362 Christus.
1435 1335 1520 1370 Atqui
1534 1335 1587 1364 hoc
1604 1326 1691 1372 magis
1707 1337 1812 1364 miran-

1018 1376 1094 1405 dum.
1114 1378 1208 1414 Neque
1217 1379 1292 1407 enim
1309 1381 1430 1414 mireris,
1449 1382 1472 1409 si
1492 1382 1521 1409 in
1535 1382 1586 1415 iis,
1601 1383 1648 1417 qui
1662 1383 1752 1418 ipsum
1766 1391 1814 1410 eo-

1018 1427 1147 1459 gnorunt,
1166 1429 1196 1452 et
1208 1424 1296 1461 legem
1311 1427 1430 1460 callent,
1447 1427 1566 1463 propriae
1577 1429 1812 1456 suasexcellentia:

1018 1465 1235 1501 magnitudinem
1255 1468 1449 1502 adumbravit,
1468 1469 1579 1504 quando
1594 1470 1677 1497 etiam
1702 1470 1731 1498 in
1752 1471 1812 1498 viro

1018 1511 1172 1548 alienigena
1186 1516 1316 1541 ostensus
1337 1518 1380 1542 est
1401 1514 1449 1549 qui
1471 1514 1600 1542 Israelem
1622 1523 1638 1542 a
1653 1515 1811 1550 captivitate

180 1548 228 1588 Kal.
242 1548 273 1588 ἐν
284 1548 388 1596 εἰδήσει
404 1548 458 1588 τῶν
474 1548 564 1597 νόμων
578 1561 626 1596 τῆς
643 1561 711 1594 ίδίας
725 1548 861 1597 ὑπεροχῆς
874 1561 968 1588 ἐσκιαο

1021 1557 1156 1591 liberavit,
1170 1562 1199 1586 et
1211 1563 1334 1586 sanctam
1346 1548 1486 1587 civitatem
1497 1559 1631 1593 fundavit,
1648 1565 1676 1587 et
1687 1548 1811 1596 inexpu—

179 1606 281 1641 γράφει
301 1606 334 1634 τὸ
354 1606 480 1642 μέγεθος·
496 1607 541 1634 ὅτε
564 1607 611 1634 καὶ
632 1607 669 1639 ὡς
693 1607 722 1634 ἐν
745 1607 824 1642 ἀνδρὶ
847 1606 968 1642 πέφηνεν

179 1652 327 1686 ἁλλογενεί,
343 1653 390 1680 ml.
405 1653 591 1688 αἰχμαλωσίας
610 1653 710 1680 ἀνιέντι
726 1653 772 1680 τὸν
790 1653 906 1689 Ἰσραὴλ,
921 1653 969 1680 καὶ

180 1699 230 1733 τὴν
248 1699 328 1733 ἁγίαν
351 1699 399 1726 καὶ
418 1699 493 1735 ἱερὰν
517 1699 684 1735 θεμελιοῦντι
705 1699 794 1733 πόλιν,
811 1699 859 1726 ml.
881 1699 969 1735 ἔχοντι

179 1746 286 1781 ἄμαχον
298 1745 349 1781 τὴν
363 1733 559 1773 κατὰπάντων
578 1747 664 1781 ἰσχύν.
681 1746 834 1782 Ποιήσομαι
848 1745 878 1772 δέ
895 1733 970 1780 σαφῖι

179 1791 229 1827 τὴν
241 1792 388 1827 ἀφήγησιν,
405 1791 610 1828 βραχυλογήσας
624 1792 661 1823 ὡς
671 1792 721 1821 ενι.

215 1839 246 1863 ε’.
275 1833 364 1864 Ἦκτο
381 1837 429 1872 μὲν
451 1837 625 1873 αἰχμάλωτος
644 1838 662 1872 ἡ
684 1837 798 1865 Ἰουδαία
820 1837 902 1871 ποτὲ,
921 1837 969 1864 καὶ

180 1882 302 1918 μακροὺς
323 1883 352 1909 ἐν
376 1882 516 1910 Βαϐυλῶνι
540 1883 738 1919 κσκτετρύχοντο
758 1883 870 1919 χρόνους
893 1884 918 1910 ot
939 1883 969 1917 ἐξ

186 1928 303 1965 Ἰσραὴλ,
320 1929 426 1965 σκληρᾷ
442 1929 489 1958 καὶ
512 1929 643 1966 βαρϐάρῳ
662 1929 769 1965 δουλείᾳ
784 1928 968 1964 κατηχθισμέ-

179 1984 231 2002 νοι.
252 1975 328 2001 Ἐπεὶ
342 1975 370 2002 δέ
387 1975 402 2001 ό
413 1975 562 2011 Καμϐύσου
585 1974 675 2010 Κῦρος
688 1975 787 2010 Μήδων
801 1983 831 2001 τε
847 1975 906 2010 ἃμα
923 1975 970 2001 καὶ

180 2021 234 2056 μὴν
251 2021 298 2048 καὶ
319 2020 431 2056 Περσῶν
452 2020 636 2057 ἐξηρτημένος
656 2020 686 2047 τὸ
706 2020 825 2056 κράτος,
851 2021 970 2056 πόλεμον

179 2064 287 2100 αἴρεται
300 2064 368 2100 πρὸς
387 2064 546 2100 Ἀσσυρίους
556 2065 674 2101 ὁμόρους
683 2064 763 2097 δντας
775 2065 824 2092 καὶ
833 2066 968 2100 γείτονας,

137 2140 144 2147 ν
179 2111 239 2138 τότε
250 2111 282 2147 δὴ
298 2111 359 2138 τότε
381 2111 524 2146 καὶλαύτὴν
539 2111 588 2146 τὴν
602 2111 751 2139 Βαϐυλῶνα
773 2112 844 2139 κατὰ
868 2112 968 2148 κράτος

179 2156 257 2189 ἐλὼν,
272 2156 356 2191 ἀνῆκε
369 2157 432 2188 τοὺς
450 2156 591 2188 Ἰουδαίους
606 2156 655 2192 τὴν
675 2157 828 2193 Ἀσσυρίων
838 2157 969 2194 θρηνοῦν-

179 2211 229 2234 τας
256 2202 423 2235 πλεονεξίαν,
452 2201 500 2229 ml.
528 2202 579 2229 οὐκ
606 2202 737 2238 ἀδακρυτὶ
764 2202 967 2238 προσθέοντας·
983 2217 1006 2245 D

178 2248 434 2284 διαϐεϐαιουμένους
450 2257 480 2275 τε
502 2248 544 2275 ὅτι
563 2248 610 2275 καὶ
631 2249 778 2284 προείρητο
801 2249 877 2284 παρὰ
899 2249 967 2276 Θεοῦ

179 2294 223 2321 διὰ
246 2287 337 2329 φωνῆς
355 2294 451 2328 ἁγίων,
469 2293 510 2320 ὅτι
532 2293 580 2320 καὶ
598 2293 658 2329 ἥξει
681 2292 752 2321 κατὰ
771 2294 901 2328 καιροὺς,
919 2293 968 2321 καὶ

180 2339 321 2375 περιέσται
343 2339 397 2367 τῶν
419 2339 635 2374 ἀνθεστηκότων,
657 2339 705 2366 καὶ
719 2339 801 2371 αὐτὸς
815 2340 909 2374 ἀνήσει
924 2339 969 2366 δε-

181 2385 257 2420 σμῶν
276 2385 339 2417 τοὺς
362 2384 559 2420 ἠδικημένους·
589 2385 635 2412 καὶ
656 2385 697 2412 ὅτι
719 2385 766 2412 τὸν
787 2383 859 2413 οἷκον
878 2385 971 2420 ἐγερεῖ

180 2431 261 2460 πάλιν
275 2431 356 2463 αὐτὸς
369 2431 414 2458 τὸν
428 2432 456 2458 ἐν
475 2431 678 2467 Ἰεροσολύμοις,
688 2431 717 2457 ὃν
734 2431 870 2467 Ἀσσύριοι
884 2440 968 2461 κατα-

181 2477 358 2513 πιμπρῶντες
370 2498 378 2510 ,
401 2477 563 2504 ὲδυσσέϐουν
576 2479 616 2509 εἰς
631 2477 708 2504 Θεόν.
724 2476 779 2503 Καὶ
790 2477 969 2512 ψευδοεποῦν-

180 2532 230 2554 τας
249 2524 278 2550 ἐν
293 2522 397 2554 τούτοις
416 2523 478 2555 τοὺς
492 2523 521 2556 ἐξ
544 2522 649 2559 Ἰσραὴλ
667 2524 716 2558 οὐχ
733 2523 896 2559 εὑρήσομεν,
918 2522 969 2555 τὰς

180 2568 235 2594 τῶν
255 2568 342 2602 ἁγίων
365 2568 512 2603 προφητῶν
538 2567 828 2604 πολυπραγμονοῦντες
849 2568 968 2603 γραφάς.

183 2613 256 2649 ’ἓξφη
269 2614 297 2640 δέ
314 2614 385 2641 οὕτω
398 2614 464 2646 Θεὸς
478 2614 522 2641 διὰ
533 2614 624 2649 φωνῆς
643 2614 763 2641 Ἡσαΐου·
780 2623 789 2640 ι
809 2614 886 2641 Οὕτω
895 2614 969 2648 λέγει

182 2659 283 2695 Κύριος
298 2661 312 2687 ό
328 2660 508 2695 λυτρούμενός
526 2669 556 2686 σε
566 2680 573 2692 ,
587 2659 634 2686 καὶ
649 2660 663 2686 ὁ
682 2659 809 2687 πλάσσων
822 2669 851 2686 σε
863 2661 894 2687 ἐκ
910 2669 969 2687 κοι-

181 2704 250 2736 λίας·
274 2705 344 2739 Ἐγὼ
364 2705 466 2742 Κύριος
478 2706 492 2732 ὀ
509 2705 642 2738 συντελῶν
663 2704 764 2737 ταῦτα,
785 2705 905 2738 ἐξέτεινα
924 2706 969 2733 τὸν

181 2749 295 2786 οὐρανὸν
315 2750 411 2785 μόνος,
435 2751 481 2778 ml.
503 2749 657 2786 ἐστερέωσα
676 2749 724 2785 τὴν
741 2750 801 2786 γῆν.
817 2750 865 2783 Τίς
876 2751 969 2788 ἕτερος

220 2842 243 2862 ⁷⁸
263 2841 357 2874 IPetr.
379 2851 417 2877 ut,
435 2843 474 2871 l8.

1018 1604 1120 1639 gnabili
1128 1604 1260 1632 adversus
1271 1612 1367 1633 omnes
1379 1605 1478 1635 robore
1493 1605 1625 1640 praeditus
1639 1611 1708 1634 erat.
1723 1606 1812 1633 Mani-

1017 1649 1115 1678 festam
1139 1655 1231 1678 autem
1255 1653 1284 1678 et
1300 1651 1524 1687 compendiosam
1535 1671 1543 1685 ,
1567 1652 1658 1687 quoad
1675 1652 1736 1689 ejus
1752 1651 1812 1692 ᾔει-ἰ

1017 1695 1129 1732 poterit,
1145 1696 1182 1725 de
1188 1703 1222 1725 eo
1231 1697 1418 1726 narrationem
1428 1698 1583 1726 instituam.

1053 1834 1080 1862 5.
1100 1833 1196 1862 Iudaea
1209 1833 1321 1870 quidem
1338 1834 1404 1862 olim
1425 1835 1533 1870 captiva
1551 1835 1633 1864 ducta
1646 1835 1709 1868 fuit,
1724 1840 1754 1864 et
1770 1836 1811 1864 ls-

1018 1880 1122 1909 raelitas
1134 1880 1216 1916 longo
1236 1880 1385 1908 admodum
1409 1885 1534 1916 tempore
1553 1881 1622 1908 dura
1639 1881 1811 1917 barbaraque

1019 1925 1194 1954 servitute'in
1213 1925 1352 1961 Babylone
1371 1927 1494 1961 oppressi
1518 1926 1642 1954 fuerunt.
1662 1927 1810 1962 Postquam

1018 1979 1086 2000 vero
1106 1971 1204 2007 Cyrus,
1229 1971 1371 2007 Cambysis
1398 1972 1482 2004 filius,
1508 1972 1651 2000 Medorum
1676 1973 1758 2000 simul
1782 1977 1811 2000 et

1018 2018 1165 2046 Persarum
1181 2017 1270 2052 copiis
1285 2017 1448 2053 conjunctis,
1464 2017 1568 2045 bellum
1590 2018 1710 2054 Assyriis
1724 2017 1810 2045 ﬁniti-

1018 2063 1072 2091 mis
1085 2071 1118 2091 ac
1139 2063 1240 2094 vicinis
1253 2062 1358 2096 intulit,
1377 2067 1443 2091 tunc
1463 2063 1575 2090 demum
1592 2063 1731 2098 Babylone
1751 2063 1810 2097 ipsa

1018 2107 1047 2135 vi
1063 2111 1152 2143 capta,
1164 2107 1292 2135 liberavit
1311 2107 1420 2135 Iudaeos
1440 2107 1614 2143 Assyriorum
1635 2107 1808 2143 tyrannidem

1019 2154 1212 2186 lamentantes,
1226 2161 1317 2189 neque
1341 2154 1444 2189 absque
1464 2153 1594 2189 laerymis
1616 2158 1806 2186 accurrentes,

1020 2199 1242 2233 aﬁirmantesque
1259 2199 1420 2234 praedictum
1441 2206 1501 2227 esse
1525 2207 1541 2226 a
1558 2199 1614 2226 Deo
1637 2206 1687 2234 per
1711 2206 1807 2226 vocem

1020 2249 1190 2278 sanctorum,
1202 2245 1276 2280 quod
1288 2249 1422 2273 venturus
1437 2249 1511 2273 esset
1531 2248 1695 2280 opportune,
1716 2249 1745 2272 et
1760 2245 1810 2272 ad-

1018 2292 1156 2322 versarios
1177 2291 1375 2324 debellaturus,
1391 2296 1474 2326 atque
1489 2291 1547 2326 ipse
1564 2291 1699 2319 liberaret
1714 2298 1730 2318 e
1747 2291 1809 2318 vin-

1018 2339 1088 2367 culis
1098 2345 1252 2373 oppressos,
1264 2337 1391 2372 quodque
1401 2345 1511 2365 rursum
1521 2337 1669 2365 aediﬁcaret
1678 2337 1808 2372 templum

1019 2385 1049 2413 in
1073 2383 1281 2419 Hierosolymis,
1305 2383 1379 2418 quod
1406 2383 1527 2419 Assyrii,
1555 2383 1639 2419 impie
1664 2384 1692 2411 in
1722 2382 1809 2411 Deum

1020 2435 1141 2467 agentes,
1153 2430 1343 2458 incenderant.
1355 2430 1443 2457 Porro
1459 2430 1532 2464 quod
1544 2437 1717 2464 nequaquam
1730 2437 1808 2457 men-

1021 2476 1065 2504 titi
1080 2476 1136 2504 sint
1152 2475 1204 2503 hac
1216 2475 1244 2502 in
1261 2483 1291 2502 re
1301 2474 1440 2508 Israelita,
1452 2474 1531 2503 facile
1543 2475 1625 2502 nobis
1641 2475 1807 2507 constiterit,

1021 2522 1044 2551 si
1057 2526 1215 2551 sanctorum
1228 2521 1425 2556 prophetarum
1442 2521 1545 2556 scripta
1563 2521 1744 2556 inquiramus.
1764 2520 1809 2547 Ait

1022 2568 1097 2596 enim
1119 2567 1157 2594 ita
1177 2567 1251 2594 Deus
1265 2574 1315 2601 per
1328 2573 1425 2593 vocem
1445 2566 1521 2594 Isaiae
1537 2575 1544 2594 :
1563 2575 1572 2592 ι
1591 2566 1655 2593 Haec
1673 2565 1740 2593 dicit
1753 2565 1808 2593 Do-

1023 2614 1115 2642 minus
1131 2613 1271 2641 redimens
1290 2615 1327 2645 te,
1347 2616 1376 2639 ct
1396 2612 1518 2640 formans
1534 2616 1561 2640 te
1581 2620 1616 2640 ex
1634 2616 1735 2639 utero:
1752 2611 1808 2646 Ego

1022 2661 1155 2688 Dominus
1175 2660 1315 2695 complens
1336 2659 1404 2692 hac,
1423 2659 1534 2687 extendi
1554 2659 1653 2686 coelum
1674 2659 1758 2690 solus,
1779 2661 1808 2685 et

1023 2705 1129 2733 ﬁrmavi
1150 2707 1263 2733 terram.
1283 2704 1350 2738 Quis
1364 2704 1435 2732 alius
1450 2704 1595 2739 dissipabit
1612 2704 1688 2739 signa
1705 2704 1806 2738 Pytho-

1022 2759 1098 2784 num,
1109 2756 1138 2779 et
1152 2751 1338 2779 divinationes
1354 2751 1388 2779 de
1398 2750 1499 2778 corde?
1510 2753 1672 2778 convertens
1685 2748 1807 2785 prudeuv

514 2845 535 2860 ⁷³
557 2845 642 2873 Exod.
663 2854 698 2880 ιγ,
715 2845 754 2874 10.
795 2845 818 2863 τ’
835 2845 898 2874 Ibid.
926 2845 967 2874 l5.

1021 2846 1029 2861 ⁷
1043 2844 1111 2876 Ibid.
1126 2844 1212 2878 14-16
1254 2844 1276 2860 ⁷⁸
1291 2843 1362 2874 Psal.
1378 2851 1466 2878 sunt,
1483 2843 1507 2871 I.
