1990 3046
191 119 222 147 91
703 116 732 147 S.
753 116 890 146 CYRILLI
909 115 1146 147 ALEXANDRINI
1164 115 1324 144 ARCHIEP.
1783 112 1822 142 92

194 181 235 204 tes
251 179 411 206 retrorsum,
425 177 453 201 et
469 173 614 203 consilium
627 181 723 202 eorum
735 174 850 204 stultum
864 174 977 207 faciens,

1039 173 1200 201 ῐιασκεδάσει
1215 172 1315 207 causa:
1330 168 1559 206 ιγγαστριμύθων
1568 168 1615 197 καὶ
1627 168 1757 204 μαντείας
1765 169 1821 196 ἀπὸ

193 225 221 249 et
236 225 362 249 statuens
376 220 490 248 verbum
504 220 582 255 pueri
592 220 662 255 ejus,
673 224 702 247 et
713 221 859 249 consilium
873 221 982 256 angelo-

195 275 256 296 rum
267 268 326 303 ejus
339 267 493 298 veriiit-ans,
504 266 598 294 dicens
605 266 755 294 Jerusalem
768 275 774 293 :
787 266 962 294 Habitaberis
973 275 979 292 :

193 318 222 342 ct
241 314 399 342 civitatibus
429 313 539 345 ιυοωτθ,
562 312 778 341 Ᾱίᾱίίιοαὶιίωἱηί
798 321 804 338 2
826 316 856 339 et
875 311 982 339 deserta

194 361 255 396 ejus
267 359 418 388 suscitabo.
438 359 537 386 Dieens
553 359 651 394 abysso
665 368 670 384 ι
687 358 870 390 Desolaberis,
886 363 914 387 et
930 359 982 386 ﬂu-

195 406 269 434 mina
281 409 327 436 tua
336 405 491 433 areiaciam.
504 405 604 432 Dieens
616 404 687 440 Cyro
698 408 729 432 ut
741 404 838 438 sapiat.
848 408 876 432 et
887 412 983 433 omnes

195 450 350 478 voluntates
364 457 438 477 meas
461 450 552 479 faciat.
573 449 672 477 Dicens
685 449 838 478 Jerusalem
858 458 864 476 :
886 449 983 477 didii-

195 496 313 529 caberis,
335 501 364 525 et
384 496 496 524 domum
521 500 642 524 sanctam
667 502 758 523 meam
783 495 914 523 iundabo.
939 496 984 524 Sic

194 541 264 571 dicit
284 541 417 569 Dominus
433 541 507 569 Deus
530 540 637 568 christo
649 548 710 568 meo
728 539 810 576 Cyro,
835 541 914 577 cujus
934 549 983 576 ap-

196 585 330 620 prehendi
343 585 493 618 dexteram,
508 589 538 614 ut
552 585 697 620 subjiciam
711 590 776 614 ante
792 594 856 614 eum
877 591 983 622 gentes,

195 636 224 658 et
234 631 422 661 fortitudinem
434 638 530 666 regum
542 631 708 666 dirumpam.
720 632 771 668 53
783 633 910 668 Aperiam
922 638 985 662 ante

195 683 258 703 cum
273 677 381 711 januas,
399 679 428 705 et
446 681 532 711 porta:
548 685 604 705 non
623 678 795 706 claudentur.
812 679 868 714 Ego
881 684 944 708 ante
958 684 985 708 te

196 721 252 753 ibo,
275 725 303 748 et
318 725 426 750 montes
454 723 646 758 complanabo,
671 728 764 759 portas
780 733 871 754 uineas
889 729 986 754 conte-

196 774 263 798 ram,
274 771 303 794 et
317 771 409 794 vectes
423 767 528 796 ferreos
539 769 722 804 confringam,
733 774 762 797 et
775 770 847 798 dabo
859 771 909 798 tibi
924 771 986 799 the-

195 819 291 840 sauros
303 813 475 846 tenebrosus,
491 814 678 847 absconditos,
694 815 847 844 invisibiles
863 817 986 852 aperiam

196 857 245 884 tibi
260 862 290 885 ut
304 858 385 890 scias,
395 859 460 894 qula
479 867 530 894 ego
550 860 683 888 Dominus
702 861 775 888 Deus
797 865 871 894 tuus,
885 870 988 890 vocans

195 910 296 932 nomen
319 907 407 937 tuum,
426 905 498 933 Deus
512 905 606 933 Israel.
623 906 739 941 Propter
761 915 872 935 servum
895 915 987 935 meum

194 948 291 981 Jacob,
304 954 333 978 et
342 950 423 978 Israel
431 950 551 978 electum
562 959 653 979 meum
661 960 711 988 ego
726 953 830 980 vocabo
839 959 864 982 te
877 954 988 981 nomine

196 1000 254 1027 tuo,
262 995 442 1030 etsuscipiam
452 996 534 1024 te.Tu
541 1001 633 1024 autem
639 1005 694 1024 non
703 998 854 1033 cognovisti
863 998 927 1033 quia
937 1006 988 1034 ego

195 1040 327 1068 Dominus
335 1041 416 1073 Deus,
424 1046 452 1069 et
458 1049 514 1069 non
520 1047 561 1070 est
569 1042 649 1074 alius,
655 1047 733 1070 extra
740 1051 784 1070 me
792 1051 847 1070 non
854 1048 896 1070 est
904 1044 986 1076 Deus,

195 1089 224 1113 et
233 1093 289 1113 non
306 1086 457 1121 cognovisti
466 1094 510 1114 me
522 1087 556 1115 ⁷⁹.
567 1097 576 1113 ι
587 1087 674 1115 Audis
683 1095 738 1122 quo
750 1092 829 1122 pacto
845 1088 989 1116 manifeste

199 1139 273 1160 «non
287 1132 439 1167 cognovisti
457 1140 511 1166 me,
525 1142 534 1159 ι
549 1133 695 1168 ait.neqne
705 1133 777 1161 inter
791 1141 840 1161 eos
847 1134 989 1168 quiDeum

195 1178 435 1206 noruntcol'locare
443 1179 571 1214 dignatur
579 1180 647 1207 adeo
655 1180 829 1215 praclarum,
841 1188 923 1214 quem
932 1181 990 1215 ipse

195 1227 224 1251 et
232 1223 343 1259 regibus
355 1224 537 1259 superiorem,
549 1229 577 1255 et
588 1225 794 1254 innumerarum
807 1226 991 1261 gentium-do-

196 1269 302 1297 minum
311 1270 500 1298 constituerat.
511 1271 655 1304 Qureenim
668 1271 702 1298 de
715 1271 775 1306 ipso
783 1272 924 1304 dicuntur,
935 1272 990 1307 ιγρί

197 1319 277 1342 erant
283 1322 397 1350 operum
405 1323 454 1350 per
460 1315 600 1343 Christum
609 1316 757 1344 editorum.
769 1316 897 1343 Pratdixit
905 1317 990 1348 enim,

197 1360 272 1396 quod
296 1361 355 1396 ipse
379 1361 563 1397 dissipaturus
588 1366 660 1389 esset
677 1362 890 1398 Babyloniorum
909 1360 991 1389 falsas

196 1406 389 1439 divinationes.
403 1412 431 1436 et
449 1408 527 1443 signa
541 1408 703 1444 pylbonum.
714 1408 915 1443 Prophetarum
923 1415 991 1436 vero

195 1459 310 1480 suorum
325 1451 406 1488 (quos
417 1456 445 1480 et
460 1453 572 1487 angelos
585 1452 704 1488 vocavit)
718 1453 832 1480 consilia
848 1453 906 1481 sive
917 1461 990 1488 prae-

196 1496 334 1525 dictiones
345 1504 519 1532 nequaquam
530 1498 676 1525 mendaces
690 1505 751 1525 esse
765 1497 896 1526 declarat.
915 1498 989 1525 Pras-

1031 217 1161 254 καρδίας;
1183 215 1365 251 ἀποστρέφων
1380 214 1529 250 φρονίμους
1546 215 1587 246 είς
1608 213 1643 241 τὰ
1655 213 1759 246 ὀπίσω,
1774 214 1821 240 καὶ

1031 263 1080 299 τὴν
1108 263 1205 299 βουλὴν
1227 261 1317 289 αὐτῶν
1343 262 1499 297 μωραίνων,
1529 261 1577 288 καὶ
1603 260 1685 288 ἱστῶν
1712 261 1822 296 ῥήματα

1032 309 1126 341 παιδὸς
1141 309 1242 341 αὑτοῦ,
1259 308 1306 335 καὶ¹
1328 307 1380 343 τὴν
1401 307 1498 343 βουλὴν
1521 307 1576 334 τῶν
1595 307 1719 342 ἀγγέλων
1739 307 1822 334 αὑτοῦ

1032 355 1183 390 ἀληθεύων.
1223 355 1252 381 ⁸0
1277 354 1365 389 λέγων
1398 354 1595 390 Ἰερουσαλὴμ,
1610 354 1803 390 Κατοικηθήσῃ
1815 362 1822 370 ’

1033 403 1081 428 καὶ
1094 402 1154 433 ταῖς
1164 401 1259 429 πόλεσι
1272 401 1322 436 τῆς
1345 400 1485 432 Ἰουδαίας,
1500 400 1762 435 Οἰκοδομηθήσεσθε,
1777 400 1824 426 καὶ

1032 447 1068 472 τὰ
1074 446 1164 482 ἔρημα
1175 446 1261 481 αὐτῆς
1274 446 1406 473 ἀνατελεῖ.
1415 445 1444 472 '0
1458 446 1544 480 λέγων
1554 447 1588 481 τῇ
1603 445 1725 480 ἁϐύσσῳ,
1745 446 1826 481 Ἔρη-

1036 490 1150 527 μωθήσῃ
1163 510 1171 520 .
1186 491 1234 518 καὶ
1252 491 1316 522 τοὺς
1335 490 1476 526 ποταμούς
1499 499 1546 518 σου
1564 490 1682 525 ξηρανῶ·
1704 490 1719 516 ὸ
1740 490 1826 525 λέγων

1034 536 1119 572 Κύρῳ
1131 538 1248 572 φρονεῖν,
1265 538 1310 564 καὶ
1331 537 1420 564 πάντα
1433 537 1468 564 τὰ
1484 537 1628 572 θιλήματά
1640 545 1692 572 μου
1705 537 1824 571 ποιήσει.

1041 583 1070 608 '0
1085 582 1171 617 λέγων
1193 583 1379 618 Ἰερουσαλὴμ,
1392 583 1614 619 Οἰκοδομηθήσῃ,
1630 583 1677 609 καὶ
1693 583 1738 609 τὸν
1753 581 1826 610 οἷκον

1034 627 1080 655 τὸν
1095 627 1172 661 ἅγιόν
1185 636 1236 662 μου
1249 627 1416 662 Θεμελιώσω.
1436 626 1515 654 Οὕτω
1529 627 1605 661 λέγει
1617 627 1720 662 Κύριος
1735 628 1749 654 ό
1762 627 1828 659 Θεὺς

1035 674 1074 710 τῷ
1088 674 1193 710 χριστῷ
1208 683 1258 710 μου
1274 674 1368 710 Κύρῳ,
1381 670 1412 701 οὗ
1427 674 1569 709 ἐκράτησα
1588 674 1638 709 τῆς
1651 673 1750 707 δεξιᾶς,
1776 674 1828 700 ὲπ-

1036 720 1152 749 ακοῦσαι
1169 720 1323 755 ἔμπροσθεν
1342 720 1426 747 αὑτοῦ
1444 719 1519 754 ἔθνη,
1537 719 1585 746 καὶ
1603 720 1680 754 ἰσχὺν
1698 720 1829 755 βασιλέων

1036 767 1184 804 διαῤῥήξω.
1205 766 1315 799 ’Δνοίξω
1334 765 1490 801 ἔμπροσθεν
1501 765 1585 792 αὑτοῦ
1606 765 1701 801 θύρας,
1715 767 1763 793 καὶ
1779 767 1829 793 πό-

1037 811 1092 843 λιις
1103 812 1134 838 οὐ
1146 811 1416 845 συγκλεισθήσονται·
1431 809 1487 844 ἐγὼ
1503 809 1657 846 ἔμπροσθέν
1670 819 1715 837 σου
1729 810 1829 846 πορεύ-

1003 853 1023 880 Β
1039 865 1132 892 σομαι,
1146 856 1194 883 καὶ
1206 856 1257 891 ὁρη
1271 855 1389 890 ὁμαλιῶ,
1404 855 1491 891 θύρας
1501 856 1605 890 χαλκᾶς
1621 855 1768 891 συντρίψω,
1782 855 1830 884 καὶ¹

1039 901 1156 936 μοχλοὺς
1169 899 1297 938 σιξηροῦς
1310 899 1460 932 συνθλάσω,
1471 900 1519 927 καὶ
1534 900 1612 927 δώσω
1626 909 1666 927 σοι
1676 901 1831 936 θησαυροὺς

1039 945 1209 977 σκοτεινοὺς,
1226 944 1420 980 ἀποκρύφους,
1434 945 1566 980 ἀοράτους
1587 945 1685 977 ἀνοίξω
1711 953 1762 971 σοι·
1787 945 1832 971 ἵνα

1038 991 1109 1027 γνῷς
1117 991 1157 1018 ὅτι
1170 989 1225 1025 ἐγὼ
1231 990 1423 1027 ΚύριοςὸΘεὸς
1429 992 1443 1017 ὀ
1453 990 1540 1017 λαλῶν
1548 990 1578 1017 τὸ
1584 990 1670 1026 ΰνομά
1677 999 1735 1022 σου,
1744 991 1758 1017 ὀ
1765 990 1832 1020 Θεὸς

1045 1036 1164 1072 Ἰσραήλ·
1177 1037 1269 1064 ἕνεκεν
1292 1037 1389 1064 Ἰακὼὸ
1401 1037 1448 1064 τοῦ
1466 1036 1560 1068 παιδός
1576 1045 1639 1072 μου,
1654 1036 1701 1063 καὶ
1723 1035 1832 1072 Ἰσραὴλ

1039 1081 1086 1110 τοῦ
1106 1083 1234 1110 ἐκλεκτοῦ
1249 1091 1315 1118 μου,
1330 1083 1387 1117 ἐγὼ
1408 1083 1517 1110 καλέσω
1535 1091 1565 1110 σε
1581 1082 1620 1117 τῷ
1634 1082 1746 1118 ὀνόματί
1766 1091 1813 1109 σου
1824 1102 1831 1114 ,

1040 1128 1086 1154 καὶ
1100 1128 1282 1164 προσδέξομαί
1294 1137 1336 1155 σε·
1349 1129 1380 1156 σὺ
1392 1129 1420 1156 δὲ
1435 1129 1485 1155 οὐκ
1502 1128 1589 1163 ἔγνως
1600 1129 1641 1155 ὅτι
1661 1127 1717 1163 ἑγὼ
1731 1127 1833 1162 Κύριος

1040 1175 1054 1202 ὁ
1073 1175 1150 1207 Θεός·
1172 1175 1219 1203 καὶ
1232 1175 1283 1202 οὐκ
1298 1175 1370 1202 ἔστιν
1382 1175 1423 1203 ἔτι
1437 1176 1509 1212 πλὴν
1523 1176 1591 1211 ἐμοῦ
1611 1175 1677 1207 Θεὸς
1688 1195 1695 1208 ,
1716 1175 1765 1202 καὶ
1783 1175 1834 1201 οὐκ

1041 1221 1113 1257 ᾕδεις
1129 1230 1173 1257 με.
1195 1231 1204 1247 I
1214 1221 1336 1254 ’Δκούεις
1347 1222 1422 1254 ὅπως
1432 1222 1556 1258 ἐναργῶς
1568 1221 1611 1254 τὸ,
1627 1222 1683 1249 Οὐκ
1699 1221 1772 1257 ᾔδεις
1788 1229 1833 1256 με,

1041 1267 1135 1303 φησίν·
1149 1267 1210 1294 οὐδὲ
1229 1268 1259 1296 ὲν
1273 1269 1331 1300 τοῖς
1348 1267 1432 1294 εἰδόσι
1454 1268 1522 1295 Θεὸν
1537 1269 1582 1295 τὸν
1603 1267 1675 1294 οὓτω
1696 1267 1834 1303 περιφανῆ

1041 1315 1219 1341 κατατάττειν
1240 1313 1336 1347 ἀξιῶν,
1360 1313 1390 1340 ὃν
1409 1313 1491 1346 αὐτὸς
1512 1314 1616 1347 ἐτίθει,
1631 1313 1678 1340 καὶ
1701 1312 1835 1348 βασιλέων

1042 1359 1195 1396 κρείττονα,
1215 1359 1263 1386 καὶ
1279 1357 1384 1394 μυρίων
1398 1358 1469 1385 ὅσων
1484 1358 1570 1386 ὲθνῶν
1585 1357 1732 1393 δεσπότην.
1748 1357 1835 1385 Τύποι

1041 1405 1095 1440 γὰρ
1108 1403 1179 1439 ἦσαν
1192 1404 1227 1431 τὰ
1240 1405 1284 1431 ἐπ’
1297 1403 1371 1439 αύτῷ
1387 1404 1442 1431 τῶν
1457 1404 1502 1430 διὰ
1517 1403 1639 1439 Χριστοῦ
1655 1404 1835 1440 κατορθωμά»

1041 1459 1105 1478 των.
1116 1450 1309 1486 Προηγόρευσε
1327 1450 1377 1485 μὲν
1388 1450 1443 1485 γὰρ
1456 1450 1494 1482 ὠς
1509 1449 1590 1481 αὐτὸς
1602 1449 1773 1476 διασκεδάσει
1784 1449 1836 1482 τὰς

1042 1495 1220 1523 Βαῦυλωνιων
1236 1496 1461 1531 ψευδομαντείας,
1477 1496 1525 1524 καὶ
1537 1495 1571 1522 τὰ
1583 1496 1637 1522 τῶν
1650 1494 1836 1531 ιγγαστριμύ-

197 1543 268 1570 dixit
281 1546 373 1570 autem
389 1531 464 1578 quod
478 1547 507 1570 et
527 1543 652 1571 civitates
667 1543 769 1571 Judtnse
785 1543 944 1576 mdiﬂcabit,
962 1548 988 1572 et

1042 1542 1097 1569 θων
1113 1543 1223 1577 σημεῖα.
1247 1541 1303 1574 Τὰς
1321 1541 1350 1568 δὲ
1371 1541 1426 1569 τῶν
1449 1541 1521 1569 ἰδίων
1542 1541 1701 1578 προφητῶν,
1723 1541 1770 1573 οὓς
1788 1541 1836 1569 καὶ

197 1587 326 1623 abyssum
337 1587 483 1620 desolabit,
491 1587 638 1622 omniaque
649 1589 708 1623 ejus
719 1587 833 1615 ﬂumina
841 1587 989 1616 arefaciet:

197 1634 336 1670 abyssum,
349 1637 380 1661 ut
392 1633 525 1666 arbitror,
537 1633 704 1669 Babylonem
718 1641 833 1666 vocans,
847 1633 883 1661 ob
895 1633 992 1669 ingen-

198 1684 253 1707 tem
264 1679 448 1708 habitantium
461 1681 490 1707 in
498 1687 531 1707 ea
540 1680 747 1708 multitudinem
758 1689 764 1707 :
774 1679 886 1709 ﬂumina
898 1684 991 1710 autem

198 1727 268 1762 ejus,
283 1731 377 1761 gentes
392 1726 576 1761 undequaque
594 1726 628 1754 ad
646 1726 780 1754 auxilium
799 1726 858 1762 ejus
874 1734 992 1754 concur-

199 1777 300 1800 rentes.
320 1772 454 1800 Cacterum
465 1780 525 1807 age.
551 1772 674 1799 dicamus
689 1772 723 1800 de
737 1772 819 1807 Cyro,
840 1780 885 1799 res
900 1772 935 1799 ab
955 1779 989 1800 eo

198 1824 289 1854 gestas
298 1819 438 1855 eleganter
447 1819 481 1847 ad
492 1819 595 1847 Christi
608 1819 769 1855 mysterium
778 1819 988 1847 transferentes.

1042 1589 1176 1624 ἀγγέλους
1189 1588 1325 1623 ὠνόμασε,
1336 1588 1433 1623 βουλὰς
1441 1589 1500 1623 ἦτοι
1509 1587 1731 1624 προαγορεύσεις,
1745 1587 1775 1614 οὐ
1785 1588 1837 1614 διε-

1042 1634 1198 1670 ψευσμένας
1220 1634 1366 1668 ἀποφανεῖ,
1387 1635 1661 1670 Προκαταμεμήνυκε
1676 1633 1705 1660 δὶ
1727 1634 1768 1660 ὅτι
1789 1634 1836 1660 καὶ

1043 1680 1092 1712 τὰς
1106 1680 1156 1715 τῆς
1165 1679 1297 1711 ἰουδαίας
1306 1680 1481 1715 οἰκοδομήσει
1492 1679 1594 1711 πόλεις,
1606 1679 1653 1706 καὶ
1663 1679 1712 1714 τὴν
1719 1679 1836 1707 ἄϐυσσον

1043 1726 1196 1763 ἐρημώσει,
1214 1725 1262 1753 καὶ
1277 1726 1380 1758 πάντας
1397 1726 1484 1761 αὐτῆς
1494 1726 1679 1761 καταξηρανεῖ
1697 1727 1760 1758 τοὺς
1786 1734 1835 1755 πο-

1041 1771 1161 1807 ταμούς·
1184 1771 1313 1805 ἄϐυσσον,
1335 1769 1412 1807 οἶμαί
1426 1780 1491 1804 που,
1516 1771 1567 1808 τὴν
1579 1771 1728 1798 Βαϐυλῶνα
1738 1772 1834 1806 λέγων,

1043 1818 1087 1845 διά
1104 1826 1146 1844 τοι
1161 1817 1193 1844 τὸ
1211 1817 1314 1852 πλῆθος
1325 1817 1380 1844 τῶν
1396 1818 1595 1845 κατοικούντων
1609 1818 1638 1845 ὲν
1657 1819 1736 1854 αὐτῇ·
1751 1826 1834 1844 ποτα-

201 1867 268 1902 μοὺς
283 1866 311 1893 δὲ
325 1866 420 1901 αὐτῆς,
434 1866 468 1893 τὰ
481 1866 545 1902 ἔθνη
555 1866 591 1892 τὰ
607 1866 756 1902 συρρέοντα
767 1865 935 1900 πανταχόθεν
951 1866 991 1897 εἰς
1010 1863 1182 1899 ἐπικουρίαν.
1199 1863 1280 1891 ’Λλλά
1291 1863 1357 1899 φέρε
1371 1864 1495 1900 λέγωμεν
1522 1863 1557 1891 τὰ
1575 1865 1621 1892 ἐπὶ
1636 1864 1721 1900 Κύρῳ
1732 1864 1835 1899 σαφῶς,

201 1914 563 1948 μεταπλάττοντεςιάστείως
578 1914 618 1946 εἰς
638 1914 669 1940 τὸ
685 1913 804 1949 Χριστοῦ
828 1913 988 1949 μυστήριον,
1007 1912 1042 1940 τὰ
1055 1912 1091 1940 δι’
1104 1911 1209 1941 ἐκείνου
1230 1911 1446 1947 κατωρθωμένα.

237 1960 263 1989 6.
286 1960 372 1988 Natus
384 1961 476 1996 itaque
488 1965 529 1989 est
540 1961 637 1997 Cyrus,
654 1966 741 1989 matre
753 1960 865 1996 quidem
880 1960 990 1988 Manda-

1077 1963 1114 1992 ς’.
1135 1959 1233 1994 Γέγονε
1246 1960 1336 1986 τοίνυν
1351 1960 1366 1986 ὁ
1378 1959 1468 1995 Κῦρος
1478 1980 1485 1992 ,
1503 1958 1605 1995 μητρὸς
1627 1959 1677 1994 μὲν
1690 1958 1837 1994 Μανδάνης

199 2012 244 2038 na,
262 2005 318 2032 filia
336 2005 461 2041 Astyagis
474 2005 610 2041 principis
632 2005 783 2038 Medorum,
799 2009 878 2040 patre
896 2009 988 2032 autem

1041 2006 1091 2041 τῆς
1113 2005 1261 2040 Ἀστυάγου
1272 2005 1404 2041 θυγατρὸς
1416 2005 1463 2032 τοῦ
1477 2006 1577 2042 Μήδων
1589 2005 1763 2041 ἐξάρχοντος·
1784 2014 1836 2032 πα-

198 2049 344 2085 Cambyse,
365 2049 477 2077 natione
494 2050 587 2081 Persa,
607 2049 735 2076 humanis
755 2056 821 2076 vero
839 2048 987 2076 admodum

1040 2051 1105 2085 πρὸς
1119 2050 1148 2077 ὁὶ
1165 2050 1314 2086 Καμϐύσου
1327 2071 1334 2083 ,
1357 2051 1463 2085 Πέρσου
1479 2051 1527 2086 μὲν
1547 2050 1578 2078 τὸ
1592 2051 1680 2084 γένος,
1697 2050 1834 2083 ἐπιεικοῦς

199 2096 334 2124 moribus.
347 2095 426 2123 Unde
443 2095 554 2130 quidam
569 2099 694 2123 veterum
709 2095 815 2122 mulum
834 2099 862 2122 et
873 2095 988 2124 diverse

1040 2096 1068 2122 δὲ
1081 2096 1142 2123 λίαν
1160 2097 1223 2129 τοὺς
1235 2097 1362 2132 τρόπους.
1382 2097 1464 2124 Ὅθεν
1475 2097 1548 2129 τινὲς
1563 2096 1617 2123 τῶν
1637 2096 1833 2132 ἀρχαιοτέρων,
1856 2118 1860 2122 .

199 2145 305 2169 naturae
319 2140 420 2177 Cyrum
437 2144 618 2172 vocaverunt,
644 2139 776 2167 nimirum
796 2148 830 2167 ex
849 2140 936 2176 patris
958 2148 988 2168 ac

1040 2142 1152 2177 ἠμίονόν
1162 2151 1191 2169 τε
1203 2143 1251 2170 καὶ
1262 2143 1397 2178 ὲτεροφυᾶ
1407 2143 1454 2170 τὸν
1467 2143 1558 2179 Κῦρον
1567 2143 1718 2178 ὠνόμαζον.
1731 2143 1782 2169 Διά
1792 2151 1834 2177 γε,

199 2189 306 2221 matris,
331 2192 362 2216 ut
380 2194 432 2223 ego
452 2187 564 2222 quidem
583 2186 713 2219 arbitror,
733 2186 762 2213 in
779 2186 891 2214 natione
908 2187 988 2215 diti‘c-

200 2233 289 2261 rentia
302 2242 308 2260 :
322 2233 431 2261 diversa
442 2232 517 2260 enim
534 2239 602 2267 gens
615 2237 680 2260 sunt
693 2233 783 2260 Persae
801 2240 816 2260 a
828 2233 923 2260 Medis.
942 2233 988 2261 V‘i-

200 2281 266 2309 deas
277 2285 368 2308 autem
384 2279 437 2307 tale
450 2278 517 2314 quid
528 2279 612 2306 etiam
632 2278 662 2305 in
678 2278 798 2306 Christo.
814 2279 900 2307 Natus
915 2280 989 2307 enim

200 2330 243 2353 est
254 2334 287 2353 ex
299 2329 386 2352 matre
396 2324 549 2352 secundum
559 2331 672 2352 carnem
681 2329 775 2352 sancta
786 2324 898 2360 Virgine
911 2324 990 2353 nobis

201 2371 303 2404 simili;
323 2370 444 2398 humana
459 2370 591 2397 nimirum
605 2374 704 2398 natura
718 2370 841 2405 praedita.
859 2370 898 2397 Ex
912 2375 989 2405 patre

201 2423 268 2444 vero
275 2415 356 2443 nobis
365 2415 459 2448 simili,
468 2414 588 2447 nemine,
597 2414 655 2447 sed,
669 2419 700 2442 ut
713 2415 751 2442 ita
764 2415 864 2447 dicam,
875 2415 992 2443 diversae

202 2462 283 2498 plane
295 2469 348 2489 nec
358 2461 557 2489 consentientis
568 2465 684 2494 naturas,
692 2469 773 2489 omne
783 2461 856 2496 quod
868 2466 990 2489 creatum

203 2512 246 2535 est
260 2508 339 2544 longe
356 2511 512 2543 superante.
525 2507 632 2535 Idcirco
650 2507 733 2535 etiam
754 2507 792 2535 ait
812 2507 846 2535 ad
871 2507 990 2541 Iudices,

204 2553 393 2580 existimantes
412 2560 475 2580 eum
493 2552 574 2580 nobis
599 2553 716 2580 similem
739 2559 817 2584 esse,
841 2552 991 2588 eademque

204 2598 372 2631 conditione,
387 2606 441 2634 qua
453 2606 514 2632 nos,
523 2603 617 2626 natum
628 2608 634 2626 :
646 2609 655 2625 ε
666 2599 720 2627 Vos
729 2599 762 2627 de
773 2599 903 2627 deorsum
913 2600 991 2631 estis.

204 2652 255 2679 ego
272 2645 306 2672 de
320 2645 448 2680 supernis
459 2653 519 2672 sum
533 2645 566 2672 ⁸ο.
584 2656 592 2671 ι
609 2645 662 2681 54
673 2646 708 2673 At
719 2645 806 2682 Cyrus
821 2646 932 2681 quidem
946 2647 993 2674 do-

206 2689 326 2718 minatus
337 2695 378 2719 est
395 2691 547 2719 innumeris
567 2692 704 2727 gentibus,
726 2695 808 2727 atque
823 2692 914 2720 omnis
931 2693 993 2728 qui-

206 2736 268 2764 dcm
277 2743 340 2764 cum
355 2737 457 2773 recepit
466 2737 573 2766 civitas.
585 2737 697 2774 Accepit
707 2742 799 2766 autem
811 2743 837 2766 et
851 2739 995 2766 thesauros

243 2829 266 2846 "
282 2829 332 2861 Isa,
345 2839 413 2866 xuv,
428 2831 527 2868 21-20;
539 2841 599 2868 xtv,
625 2833 677 2862 1-5.
710 2833 740 2872 γη
768 2833 846 2862 Joan.
862 2841 918 2866 un,
933 2832 978 2860 25.

1040 2185 1128 2223 οἶμαι,
1136 2188 1167 2215 τὺ
1179 2189 1282 2225 πατρὸς
1297 2190 1342 2216 καὶ
1355 2189 1459 2225 μητρὸς
1470 2189 1508 2221 ὼς
1520 2190 1549 2216 ὲν
1561 2188 1601 2224 τῷ
1612 2189 1684 2223 γένει
1697 2188 1833 2224 διάφορον.

1038 2234 1140 2270 Πέρσαι
1157 2234 1211 2271 γὰρ
1233 2235 1265 2270 δὴ
1285 2235 1360 2270 παρὰ
1379 2235 1490 2270 Μήδους
1501 2235 1577 2267 ἔθνος
1591 2235 1693 2271 ἕτερον.
1716 2234 1797 2266 Ἴδοις
1812 2234 1834 2261 δ’

1038 2281 1071 2309 ἂν
1090 2290 1116 2308 τι
1139 2281 1258 2309 τοιοῦτον
1282 2282 1330 2309 καὶ
1350 2282 1402 2320 ἐπὶ,
1415 2280 1545 2316 Χριστοῦ.
1570 2281 1682 2317 Μητρὸς
1705 2281 1761 2316 μὲν»
1779 2280 1834 2316 γὰρ

1038 2328 1132 2362 γέγονε
1148 2327 1218 2354 κατὰ
1236 2328 1325 2364 σάρκα
1340 2328 1390 2363 τῆς
1409 2327 1489 2362 ἁγίας
1508 2327 1647 2363 Παρθένου
1658 2346 1666 2359 ,
1682 2327 1743 2354 καθ’
1761 2327 1834 2363 ἡμᾶς

1038 2382 1070 2400 τε
1088 2373 1171 2408 οὔσης
1187 2373 1234 2399 καὶ
1251 2372 1395 2408 ἀνθρώπου
1416 2372 1467 2408 τὴν
1492 2371 1583 2406 φύσιν·
1605 2370 1709 2406 πατρὸς
1731 2370 1761 2397 δὲ
1781 2369 1835 2396 τῶν

1042 2419 1103 2447 καθ’
1125 2420 1198 2455 ἡμᾶς
1220 2419 1336 2450 οὐδενός
1363 2418 1420 2446 ἄλλ’
1447 2419 1479 2445 ἵν’
1496 2417 1582 2450 οὕτως
1599 2417 1730 2449 εἴπωμεν,
1745 2418 1834 2452 ἑτερο-

1043 2464 1126 2498 φυοῢς
1143 2463 1182 2495 εἰς
1195 2463 1278 2496 ἆπαν,
1291 2462 1338 2490 καὶ
1348 2462 1534 2498 ἀνῳκισμένου
1551 2462 1600 2497 τὴν
1611 2462 1701 2496 φύσιν.
1719 2462 1766 2488 καὶ
1781 2462 1834 2488 πᾶν
1850 2467 1854 2491 r

1028 2516 1031 2517 '
1042 2509 1282 2545 ὑπερθρώσκοντος
1293 2509 1323 2536 τδ
1338 2509 1431 2536 τελοῦν
1439 2510 1467 2535 ἐν
1477 2510 1609 2544 γενητοῖς.
1621 2507 1764 2544 Τοιγάρτοι
1787 2508 1834 2534 καὶ

1042 2556 1145 2590 ἔφασκε
1161 2556 1229 2591 πρὸς
1254 2555 1395 2587 Ἰουδαίους
1408 2555 1546 2590 οἰομένους
1561 2555 1601 2581 ὅτι
1612 2554 1671 2581 καθ’
1681 2555 1754 2589 ἡμᾶς
1765 2554 1833 2586 ἐστι,

1043 2601 1090 2628 καὶ
1098 2600 1191 2635 γέγονε
1203 2600 1263 2627 καθ’
1271 2601 1356 2636 ἡμᾶς·
1370 2609 1379 2626 ‹
1396 2600 1491 2636 Ὑμεῖς
1499 2600 1532 2626 ὲκ
1543 2598 1597 2625 τῶν
1606 2598 1680 2626 κάτω
1694 2597 1763 2629 ἐστὲ,
1779 2596 1836 2631 ἐγὼ

1044 2648 1076 2674 ἐκ
1091 2647 1145 2674 τῶν
1158 2648 1214 2674 ἄνω
1227 2647 1295 2682 εἰμί.
1316 2656 1325 2673 ι
1348 2647 1405 2673 Καὶ
1419 2646 1572 2682 κεκράτηκε
1588 2643 1636 2679 μὲν
1648 2645 1662 2671 ὀ
1680 2643 1770 2679 Κῦρος
1784 2652 1834 2679 μυ-

1047 2693 1111 2728 ρίων
1133 2693 1203 2720 ὅσων
1226 2692 1322 2725 ἐθνῶν,
1343 2693 1389 2720 καὶ
1408 2692 1502 2719 ἅπασα
1520 2690 1569 2726 μὲν
1587 2690 1667 2717 αὐτὸν
1689 2689 1834 2724 ὑπεδέχετο

1047 2740 1132 2772 πόλις.
1149 2739 1247 2767 Ἔλαϐε
1264 2739 1292 2767 δὲ
1308 2740 1354 2768 καὶ
1368 2738 1519 2775 θησαυροὺς
1537 2737 1700 2770 σκοτεινοὺς,
1716 2734 1833 2771 ἀποκρύ-
