1990 3046
179 138 215 165 95
685 133 941 163 GLAPHYRORUM
961 133 977 160 ll

1027 133 1161 161 iENESlM
1177 134 1240 162 LIB.
1261 133 1292 162 ll.
1768 134 1804 164 9b

180 200 268 226 φους,
292 192 443 228 ἀοράτους,
468 192 513 219 καὶ
535 192 643 228 μακρᾶς
669 191 754 222 ἀνῆκε
780 190 900 221 δουλεῖας
925 190 970 217 τὸν

1027 190 1190 223 tenebrosos,
1215 188 1399 223 absconditos,
1426 190 1588 224 invisibiles,
1615 194 1644 219 et
1673 190 1803 219 diuturna

186 237 305 273 Ἰσραήλ.
327 237 507 264 Βεὸασίλευκε
524 237 551 264 δὲ
569 238 617 273 τῆς
640 237 684 263 ὑπ’
700 236 813 272 οὐρανὸν
830 237 844 262 ό
865 236 970 270 Ἐμμα-

181 283 273 318 νουὴλ,
287 283 332 310 καὶ
345 283 382 315 ὡς
396 284 450 310 τῶν
460 284 527 310 ὅλων
541 284 653 318 Σωτῆρα
678 283 725 309 καὶ
738 282 883 317 Λυτρωτὴν
897 282 971 309 πᾶσα

185 330 232 364 μὲν
247 329 327 356 αὑτὸν
344 329 494 365 εἰσδέχεται
512 329 596 360 πόλις·
613 329 716 355 ἀνεῖται
739 328 766 354 δὲ
782 329 832 363 ἤδη
851 327 970 360 δουλείας

183 375 228 401 καὶ
248 374 404 407 πλεονεξίας
418 375 571 409 διαδολικῆς
588 375 641 401 πᾶν
658 375 719 400 ὅσον
736 373 908 404 ὲκόεϐίαστο,
924 373 971 399 καὶ

182 419 228 445 ὑπ’
244 418 316 454 αὑτῷ
332 419 461 454 πράττειν
484 419 640 453 ἠνάγκαστο
654 418 740 452 γένος.
761 418 970 452 Καταφοιτήσας

181 463 210 489 δὲ
223 464 270 490 καὶ
283 464 323 496 εἰς
337 463 399 499 ᾅδου
415 464 551 491 κεκένωκε
563 463 717 499 Θησαυροὺς
731 463 898 496 σκοτεινοὺςι
909 463 970 489 ἀπο-

182 509 313 545 κρύφους,
332 510 474 544 ἀοράτους.
489 519 498 535 ι
520 510 610 545 Θύρας
632 509 734 544 χαλκᾶς
751 508 910 545 συνέτριψε,
923 508 970 536 καὶ

184 557 300 591 μοχλοὺς
314 556 439 592 σιδηροῦς
459 555 632 584 συνέθλασεν.
655 555 727 590 Ἔφη
741 554 796 590 γὰρ
811 556 867 586 τοῖς
886 555 913 581 ὲν
926 554 970 581 δε-

183 603 277 636 σμοῖς·
296 601 434 636 Ἐξέλθετε
445 610 451 616 ·
471 601 517 630 καὶ
530 603 585 633 τοῖς
603 602 631 628 ὲν
648 601 687 636 τῷ
703 601 804 633 σκότει,
820 599 970 627 ’Δνακαλύ-

183 647 445 683 φθητε.»Τοιγάρτοι
461 647 508 674 καὶ
524 647 608 674 πάλαι
623 647 692 682 πρὸς
707 646 765 673 Ἰὼϐ
780 646 832 682 ἔφη
850 646 894 673 τὸν
905 646 971 681 τλη-

183 693 350 720 παθέστατον
371 693 418 720 καὶ
440 693 659 728 ἀκαταγώνιστον
680 691 809 727 ἀθλητήν·
838 701 846 718 ι
870 689 970 723 Ἦλοες

183 737 229 763 ἐπὶ
250 737 341 772 πηγὴν
358 737 513 772 θαλάσσης,
530 738 559 764 ἑν
582 737 609 766 δὲ
629 737 729 772 ἴχνεσιν
750 737 869 764 ἀϐύσσου
894 745 971 771 περι-

183 780 334 814 επάτησας.
357 781 522 815 Ἀνοίγονται
543 782 572 811 δέ
596 791 636 809 σοι
651 783 725 817 φόϐῳ
740 781 823 808 πύλαι
843 781 969 813 θανάτου,

184 825 303 860 πυλωροὶ
318 826 345 852 δὲ
357 825 420 862 ᾅδου
440 826 539 858 ιδόντες
556 835 585 853 σε
608 827 755 862 ἔπτηξαν.)
766 826 970 863 Ἀναγνώσομεν

182 869 236 903 γὰρ
248 858 285 900 ὥς
299 870 327 895 ὲν
339 858 473 905 ἐρωτήσει
487 871 574 897 τουτί’
591 858 816 902 κατὰέεικνύντος
829 858 875 897 τοῦ
890 858 969 906 λόλίου
986 858 1007 886 Β

181 914 215 941 τὰ
228 914 272 941 διὰ
282 915 398 950 Χριστοῦ
413 916 622 952 κατορθώματα,
653 917 700 944 καὶ
711 917 739 944 ὲν
755 917 846 948 αὐτοῖς
864 924 971 951 πεπρα-

181 961 270 995 γμένα
292 963 348 992 τοῖς
361 961 407 988 τοῦ
427 962 489 998 ᾅδου
506 963 610 997 μυχοῖς.
631 963 677 995 Εἰς
694 962 772 990 τοῦτο
787 962 841 997 γὰρ
855 962 971 998 Χριστὸς

182 1005 300 1033 ἀπέθανε
314 1007 359 1033 καὶ
373 1006 480 1042 ἔζησεν,
497 1008 540 1036 ἵνα
554 1008 602 1036 καὶ
620 1008 726 1044 νεκρῶν
741 1009 788 1035 καὶ
803 1008 911 1041 ζώντων
924 1016 973 1034 κυ-

183 1051 289 1089 ριεύσῃ.
304 1053 358 1079 Καὶ
371 1052 462 1088 Κῦρος
478 1053 528 1088 μὲν
549 1053 632 1081 πάλαι
648 1055 775 1090 χρήματα
789 1054 850 1085 δοὺς
861 1075 868 1087 ,
882 1053 928 1080 τὸν
943 1054 972 1080 ὲν

181 1096 383 1132 ἆῐεροσολύμοις
397 1099 580 1134 προστέταχεν
593 1099 789 1134 ἀναδείμασθαι
801 1099 874 1126 ναόν.
889 1098 972 1126 Τεθε-

185 1140 301 1176 μελίωκε
314 1140 342 1166 δὲ
356 1140 404 1176 τὴν
423 1141 584 1177 Ἐκκλησίαν
596 1143 646 1177 τὴν
663 1143 743 1177 ἁγίαν
756 1143 839 1175 ὅντως
855 1142 902 1169 καὶ
916 1143 973 1169 δια-

183 1184 278 1219 ωητον
291 1185 378 1218 πόλιν,
391 1186 406 1212 6
424 1186 608 1222 Ἐμμανουὴλ,
625 1184 670 1214 οἶά
682 1196 743 1214 τινα
757 1187 844 1214 Βαϐυ)
850 1188 907 1214 ὦνα-
924 1196 974 1214 κα-

182 1231 311 1263 τασείσας
327 1232 441 1258 εῑσάπαν
456 1232 505 1268 τὴν
524 1232 643 1265 ἀλαζόνα
664 1234 710 1260 καὶ
724 1233 883 1269 ὑὸρὶστριαν
897 1233 975 1261 είδωο

183 1276 338 1313 λολατρίαν.
353 1278 407 1304 Καὶ
422 1278 486 1315 περὶ
502 1278 550 1313 μὲν
572 1279 665 1314 Κύρου
680 1278 756 1311 Θεὸς,
769 1279 810 1305 ὃτι
830 1279 925 1308 Πάντα
937 1279 972 1306 τὰ

184 1320 325 1357 θελήματά
341 1330 392 1356 μου
408 1322 533 1358 ποιήσει,
551 1323 628 1360 φησί.
643 1323 864 1359 Προσπεφώνηκε
878 1324 907 1351 δέ
922 1333 974 1351 που

183 1366 230 1392 καὶ
245 1368 300 1398 τοῖς
320 1367 452 1394 Ἰουδαίων
465 1367 539 1400 λαοῖς
553 1368 737 1405 ὲξουθενοῦσιν
748 1369 829 1398 αὐτὸν
840 1370 854 1396 ὁ
865 1369 974 1398 πάντων

184 1411 263 1447 ἡμῶν
272 1412 377 1448 Σωτήρ·
390 1422 400 1438 ι
420 1412 514 1449 Ὑμεῖς
522 1413 593 1441 κατὰ
605 1414 655 1449 τὴν
667 1414 756 1450 σάρκα
768 1413 885 1450 κρίνετε.
896 1423 905 1441 ι
920 1415 975 1442 Καὶ

184 1457 299 1494 ἑτέρωθι
313 1467 376 1491 που,
399 1468 408 1485 ‹
428 1459 483 1486 Καὶ
497 1459 545 1487 ἐὰν
562 1459 648 1496 κρίνω
666 1459 731 1494 ἐγὼ,
747 1461 763 1496 ἠ
778 1460 867 1496 κρίσις
887 1461 903 1497 ὴ
921 1460 975 1496 ἐμὴ

185 1503 298 1539 ἀληθινή
316 1505 390 1531 ἐστιν
400 1513 407 1520 ·
425 1505 466 1531 ὅτι
478 1506 508 1531 οὐ
521 1505 596 1541 ζητῶ
607 1505 637 1533 τὸ
655 1505 761 1543 θέλημα
774 1506 806 1533 τὸ
818 1506 893 1541 ἐμὸν,
908 1505 976 1533 ἀλλὰ

184 1548 216 1576 τὸ
227 1549 332 1585 θέλημα
340 1550 388 1577 τοῦ
400 1550 556 1586 πέμψαντός
568 1560 600 1587 με
611 1552 728 1588 Πατρός.
743 1561 752 1578 ι
768 1552 824 1579 Καὶ
833 1552 916 1588 Κύρῳ
928 1552 977 1588 μὲν

186 1595 238 1630 ἔφη
253 1595 328 1627 Θεός·
347 1605 356 1621 ε
380 1596 516 1623 Ἐκάλεσά
530 1605 559 1623 σε
571 1597 611 1633 τῷ
624 1597 737 1634 ὀνόματί
761 1606 823 1633 μου.
841 1606 851 1623 )
876 1598 978 1635 Κύριος

185 1641 215 1667 δὲ
230 1641 336 1676 ἀληθῶς
349 1642 363 1668 6
386 1642 570 1678 Ἑμμανουὴλ,
587 1644 612 1669 εἰ
628 1643 674 1670 καὶ
690 1643 810 1679 πέφηνεν
824 1643 977 1679 ἄνθρωπος.

188 1685 251 1712 Ὀτι
263 1686 292 1713 δὲ
308 1688 348 1719 είς
366 1686 451 1714 τύπον
475 1687 594 1724 Χριστοῦ
612 1688 662 1724 τῆς
682 1688 761 1723 δόξης
776 1688 811 1715 τὰ
831 1689 877 1715 ἐπὶ
895 1688 979 1724 Κύρῳ

186 1731 306 1759 τέθειται
315 1752 322 1765 ,
339 1733 543 1769 πληροφορήσει
557 1733 650 1768 σαφῶς
663 1734 698 1761 τὰ
711 1733 775 1770 ἑξῆς
789 1734 920 1770 εἰρημένα
936 1733 980 1762 διὰ

187 1777 237 1812 τῆς
252 1776 299 1803 τοῦ
320 1779 459 1812 προφήτου
477 1779 579 1813 φωνῆς·
596 1788 606 1805 ι
637 1778 708 1814 Ἐγὼ
726 1779 842 1814 ἐποίησα
862 1780 914 1815 γῆν
932 1779 979 1809 καὶ

188 1823 332 1859 ἄνθρωπον
347 1823 389 1850 ὲπ¹
405 1824 500 1859 αὐτῆς.
529 1824 599 1859 Ἐγὼ
619 1826 652 1861 τῇ
669 1825 740 1860 χειρί
760 1833 810 1860 μου
828 1826 980 1862 ὲστερέωσα

188 1868 234 1896 τὸν
244 1869 366 1904 οὐρανὸν,
379 1870 426 1896 καὶ
436 1871 503 1897 πᾶσι
513 1871 570 1901 τοῖς
581 1870 692 1906 ἄστροις
703 1871 893 1906 ἀνετειλάμην.
911 1870 980 1906 Ἐγὼ

188 1914 288 1951 ῆγειρα
302 1915 383 1942 αὑτὸν
402 1915 472 1943 κατὰ
491 1915 676 1951 δικαιοσύνην,
704 1917 751 1943 καὶ
766 1917 852 1944 πᾶσαι
876 1916 905 1944 αἱ
926 1917 982 1944 ὁδοὶ

190 1960 273 1987 αὑτοῦ
296 1960 409 1988 εὐθεῖαι.
438 1957 522 1993 Οὗτος
549 1961 723 1997 οἰκοδομήσει
737 1961 786 1997 τὴν
808 1961 887 1988 πόλιν
910 1970 980 1998 μου,

191 2005 238 2032 καὶ
263 2005 312 2041 τὴν
344 2006 533 2042 αἰχμαλωσίαν
563 2006 610 2033 τοῦ
634 2006 699 2033 λαοῦ
724 2015 775 2042 μου
805 2007 981 2042 ἐπιστρέψει,

190 2050 221 2076 οὐ
252 2050 320 2085 μετὰ
347 2051 464 2087 λύτρων,
489 2051 551 2078 οὐδὲ
582 2051 651 2086 μετὰ
676 2050 778 2087 δώρων,
803 2048 863 2078 εἷπε
880 2051 983 2088 Κύριος

192 2095 317 2124 Σαεαώθ.
345 2096 438 2129 Οὕτως
470 2097 546 2131 λέγει
572 2097 690 2132 Κύριος·
712 2097 872 2125 Ἐκοπίασεν
902 2097 984 2132 Αίγύ-

194 2147 271 2174 πτος,
293 2143 340 2169 καὶ
361 2142 490 2178 ἐμπορίαι
513 2142 662 2175 Αἰθιόπων,
680 2143 728 2170 καὶ
746 2143 771 2170 οι
797 2142 919 2179 Σασαεὶμ
935 2143 983 2171 ἀν-

193 2187 256 2223 δρες
285 2188 383 2223 ὑψηλοὶ
403 2189 450 2215 ἐπὶ
475 2189 505 2219 σὲ
520 2189 714 2225 διαῦήσονται,
745 2190 793 2217 καί
815 2198 856 2216 σοι
877 2190 986 2218 ἔσονται

194 2221 292 2267 δοῦλοι,
309 2221 364 2262 ’καὶ
391 2234 478 2262 ὀπίσω
495 2243 542 2262 σου
566 2221 777 2272 ἀκολουθήσουσι
804 2235 937 2271 δεδεμένοι
955 2237 984 2264 ἐν
999 2221 1023 2252 D

195 2283 376 2319 χειροπέδαις,
387 2284 436 2310 καὶ
446 2283 664 2320 προσκυνήσουσί
681 2292 732 2318 σοι,
748 2283 794 2311 καὶ
804 2284 833 2311 έν
849 2285 889 2311 σοὶ
901 2293 985 2320 προσ-

195 2328 328 2362 ιὺξονται,
348 2329 388 2356 ὅτι
404 2330 432 2356 ὲν
449 2330 489 2356 σον¹
506 2330 520 2355 6
533 2329 598 2361 Θεὸς
615 2330 698 2362 ἐστιν,
722 2329 768 2356 καὶ
783 2329 833 2356 οὐκ
848 2329 905 2359 ἔστι
919 2329 985 2361 Θεὸς

197 2374 267 2410 ⁴ιτλὴν
280 2374 337 2401 σοῦ.
354 2375 391 2401 Σὺ
415 2374 469 2410 γὰρ
486 2371 510 2401 εἴ
525 2374 600 2407 Θεὸς,
617 2375 664 2401 καὶ
677 2375 727 2401 οὐκ
749 2374 869 2410 ᾔδειμεν,
883 2375 897 2401 6
920 2374 986 2409 Θεὸς

195 2420 244 2447 τοῦ
265 2420 372 2456 Ἰσραὴλ
382 2421 487 2456 Σωτήρ.
500 2421 728 2456 Αίσχυνθήσονται
741 2421 788 2447 καὶ
802 2421 984 2456 ἐντραπήσον-

197 2474 242 2493 ται
261 2466 360 2498 πάντες
375 2468 399 2493 οἱ
418 2467 599 2502 ἀντικείμενοι
611 2466 695 2502 αὐτῷ,
711 2467 757 2494 καὶ
768 2467 944 2501 πορεύσονται
957 2468 985 2494 ὲν

198 2513 323 2549 αἰσχύνῃ,
347 2522 357 2538 ι
378 2513 407 2539 '0
422 2513 476 2549 γὰρ
493 2513 608 2548 ποιήσας
632 2513 680 2548 τὴν
697 2511 758 2547 γῆν,
779 2513 826 2539 καὶ
844 2512 986 2548 ἄνθρωπον

198 2560 241 2585 ἐπ’
257 2560 353 2594 αὐτῆς,
371 2560 384 2586 6
401 2559 587 2594 διακοσμήσας
606 2560 662 2590 τοῖς
680 2558 788 2594 ἄστροις
802 2559 846 2585 τὸν
862 2558 985 2594 οὐρανὸν,

199 2604 310 2638 ἤγειρεν
323 2605 388 2638 ἡμῖν
401 2603 573 2641 δικαιοσύνην
589 2603 634 2631 τὸν
656 2603 758 2639 Ἰησοῦν
775 2603 987 2639 ἑχλυτρούμενον

199 2649 314 2684 δωρεάν·
346 2659 354 2674 ε
373 2649 575 2685 Δεδικαιὼμεοα
599 2649 653 2685 γὰρ
674 2650 702 2677 ὲν
728 2649 827 2683 πίστει,
850 2659 858 2675 ι
882 2650 988 2685 δεσμῶν

172 2699 179 2725 Ι
201 2695 310 2722 ἀνιέντα
323 2697 370 2722 καὶ
383 2696 579 2731 αἰχμαλωσίας,
596 2695 783 2730 οἰκοδομοῦντα
798 2695 989 2731 πνευματικῶς

199 2741 252 2776 τὴν
274 2741 372 2777 νοητὴν
398 2741 583 2778 Ἰερουσαλὴμ,
603 2742 648 2768 καὶ
666 2741 841 2776 θεμελιοῦντα
861 2742 908 2777 τὴν
929 2742 990 2768 Ἐκ-

237 2802 259 2816 ³¹¹
281 2802 331 2828 lsa.
351 2809 410 2829 xu.
424 2801 454 2831 El;
473 2801 607 2831 Psal.(;v1,
628 2801 669 2827 lii.

200 2843 231 2872 γ,
246 2837 292 2866 50.

722 2799 743 2815 ¹³²
759 2800 807 2827 lsa.
826 2808 894 2831 \ux,
914 2801 939 2827 9.

330 2837 353 2851 “5
372 2837 421 2866 [5a.
433 2845 490 2869 xu,
514 2836 554 2869 lii,
570 2837 610 2864 Ιϋ,
649 2835 669 2850 ’Π
684 2836 763 2865 [\om.
785 2835 846 2867 \‘,l.

1007 2799 1030 2815 ⁸³
1047 2799 1109 2828 Job.
1130 2807 1236 2832 xxxvnl,
1251 2799 1339 2826 16-17.

1021 236 1152 263 servitute
1165 235 1291 263 Israclcm
1303 235 1414 262 exemit.
1429 236 1617 271 Regnavitquc
1630 244 1680 271 per
1693 237 1801 264 univer-

1021 289 1078 310 sam
1102 286 1203 309 terram
1220 281 1392 314 Ennnanucl,
1408 286 1436 308 ct
1453 286 1582 316 tanquam
1600 282 1722 309 omnium
1743 281 1802 309 Sal-

1020 331 1141 354 vatorem
1157 335 1189 355 ac
1201 326 1411 360 Redemptorcm
1426 330 1482 354 tota
1497 326 1608 361 quidem
1627 326 1724 353 civitas
1740 334 1803 353 eum

1021 372 1151 407 suscepit,
1162 376 1190 399 et
1205 376 1290 399 totum
1307 379 1393 407 genus
1407 371 1557 399 humanum
1570 371 1626 406 jam
1642 378 1657 397 a
1672 371 1805 398 servitute

1020 424 1051 444 ac
1067 418 1209 453 tyrannide
1223 417 1356 444 diabolica
1368 417 1514 444 liberatum
1525 421 1576 448 est,
1592 415 1698 451 ipsique
1712 414 1806 442 subdi-

1021 466 1078 489 tum
1094 472 1099 488 :
1116 462 1283 490 descendens
1299 466 1390 490 autem
1410 462 1439 489 in
1459 462 1596 490 infernum
1616 461 1729 488 abstulit
1744 460 1805 487 the-

1020 516 1116 536 sauros
1132 509 1300 541 tenebrosos,
1314 508 1500 542 absconditos,
1517 507 1679 535 invisibiles.
1692 516 1701 532 ι
1710 507 1806 534 Portas

1020 562 1110 583 teneas
1130 556 1270 589 contrivit,
1291 559 1318 583 et
1338 559 1431 583 vectes
1450 555 1554 582 ferreos
1572 553 1707 589 confregit
1718 552 1751 586 3‘;
1772 553 1807 581 iis

1021 601 1068 636 qui
1091 601 1120 628 in
1140 602 1258 629 vinculis
1279 605 1369 633 erant,
1386 601 1499 629 dicens:
1515 600 1605 632 Exite,
1619 604 1648 627 et
1665 599 1700 626 iis
1713 599 1760 634 qui
1777 598 1806 625 in

1021 647 1142 674 tenebris
1151 647 1331 674 versabantur
1344 655 1350 674 :
1364 646 1533 674 Revelamini
1544 645 1578 674 ⁸¹.
1588 655 1597 672 ›
1608 645 1714 673 Idcirco
1724 644 1806 672 etiam

1021 691 1086 718 olim
1110 691 1144 719 ad
1165 691 1393 726 patientissimum
1415 695 1496 726 atque
1523 691 1656 718 invictum
1676 690 1807 718 athletam

1020 736 1070 764 Job
1088 736 1124 763 ita
1137 736 1176 763 ait
1192 745 1198 763 :
1219 745 1228 762 ι
1241 736 1346 764 Venisti
1364 736 1397 763 ad
1412 736 1515 763 fontem
1528 736 1623 768 maris,
1642 735 1671 762 in
1685 735 1808 771 vestigiis

1021 784 1111 808 autem
1125 781 1214 816 abyssi
1226 781 1389 814 ambulasti;
1404 785 1559 816 apertaeque
1570 781 1620 809 tibi
1634 785 1699 809 sunt
1710 781 1808 808 timore

1021 831 1107 861 porta:
1126 827 1234 859 inertis,
1253 827 1388 862 ianitores
1405 831 1498 854 autem
1514 826 1616 854 inferni
1636 826 1762 854 videntes
1781 830 1808 853 te

1020 875 1189 906 expaverunt
1205 870 1241 897 ⁸³.
1256 880 1265 896 ι
1282 871 1417 906 Legemus
1433 872 1506 900 enim
1523 871 1607 899 veluti
1622 879 1672 906 per
1688 872 1807 899 interro-

1021 916 1158 951 gationem
1170 916 1238 949 haec,
1254 915 1461 944 demonstrante
1482 916 1613 943 nimirum
1632 923 1757 943 sermone
1775 923 1809 942 ea

1021 968 1082 995 qum
1093 968 1142 996 per
1151 960 1290 989 Christum
1303 961 1332 988 in
1346 961 1413 997 ipsis
1426 961 1525 989 inferni
1541 961 1729 996 penetralibus
1741 968 1810 995 pra:-

1022 1004 1095 1034 clare
1112 1009 1187 1041 gesta
1200 1009 1274 1034 sunt.
1295 1006 1359 1034 ldco
1378 1006 1453 1034 enim
1469 1005 1596 1034 Christus
1615 1009 1741 1032 mortuus
1756 1008 1808 1037 est,

1022 1055 1050 1079 et
1062 1051 1138 1084 vixit,
1152 1055 1182 1078 ut
1196 1055 1224 1079 et
1239 1056 1411 1079 mortuorum
1423 1055 1451 1079 et
1468 1051 1619 1079 viventium
1642 1051 1809 1078 dominetur.

1022 1096 1056 1126 Et
1069 1097 1156 1133 Cyrus
1170 1097 1280 1132 quidem
1294 1097 1360 1125 olim
1375 1097 1446 1124 datis
1459 1097 1585 1132 pecuniis
1600 1097 1731 1132 templum
1744 1096 1810 1124 Hie-

1022 1141 1168 1177 rosolymis
1184 1141 1343 1170 reaediticari
1356 1142 1448 1178 jussit.
1462 1142 1597 1170 Fundavit
1611 1147 1704 1169 autem
1715 1142 1813 1169 Eccle‘

1023 1186 1102 1219 siam,
1128 1191 1250 1215 sanctam
1274 1195 1369 1215 revera
1396 1192 1424 1215 et
1448 1187 1655 1215 celeberrimam
1673 1186 1811 1215 civitatem

1023 1231 1196 1265 Emmanuel,
1216 1236 1346 1268 tanquam
1363 1232 1502 1270 Babylona
1518 1233 1664 1268 quamdam
1684 1236 1814 1260 evertens

1024 1277 1172 1314 superbam
1194 1282 1223 1305 et
1246 1278 1471 1306 contumeliosam
1494 1277 1688 1305 idololatriam.
1715 1277 1754 1304 Ac
1778 1277 1817 1305 de

1023 1321 1094 1358 Cyro
1103 1322 1213 1357 quidem
1226 1322 1308 1355 Deus,
1316 1323 1389 1358 quod
1400 1322 1496 1351 Omnia
1507 1322 1707 1358 quaevoluerim
1719 1322 1815 1355 faciet,

1025 1366 1103 1395 dixit.
1113 1367 1240 1395 Omnium
1252 1376 1316 1396 vero
1329 1372 1457 1404 nostrum
1470 1368 1593 1396 Salvator
1607 1367 1641 1395 ad
1656 1368 1813 1396 Jndmorum

1025 1414 1142 1449 populos
1155 1414 1245 1450 ipsum
1256 1414 1336 1442 nihili
1347 1414 1508 1449 pendentes,
1528 1414 1566 1441 ita
1583 1414 1650 1441 alibi
1665 1414 1720 1441 ait:
1738 1423 1747 1440 ι
1759 1413 1814 1442 Vos

1026 1460 1178 1487 secundum
1192 1467 1302 1488 carnem
1315 1460 1446 1496 judicatis
1458 1459 1492 1487 ³⁸.
1508 1470 1517 1486 ›
1532 1460 1566 1487 Et
1576 1468 1686 1488 rursum
1700 1468 1707 1487 :
1721 1469 1729 1486 ‹
1742 1460 1776 1487 Ει
1786 1461 1814 1493 si

1025 1506 1119 1542 judico
1137 1514 1198 1542 ego,
1218 1507 1354 1542 judicium
1369 1514 1461 1534 meum
1476 1507 1581 1542 justum
1599 1510 1657 1540 est;
1672 1507 1737 1541 quia
1759 1513 1815 1534 non

1028 1559 1121 1588 quaero
1135 1553 1304 1581 voluntatem
1325 1560 1424 1584 meam,
1446 1552 1493 1580 sed
1509 1553 1677 1581 voluntatem
1692 1552 1752 1587 ejus
1767 1551 1816 1587 qui

1027 1598 1103 1626 misit
1121 1606 1165 1626 me
1179 1599 1268 1627 Patris
1282 1598 1317 1627 ".
1333 1608 1342 1625 ι
1362 1599 1401 1626 Ac
1417 1598 1487 1634 Cyro
1504 1598 1614 1633 quidem
1633 1598 1701 1626 dixit
1720 1599 1791 1626 Deus
1806 1607 1813 1624 :

1032 1653 1041 1670 ι
1051 1644 1153 1672 Vocavi
1177 1649 1202 1672 tc
1223 1645 1334 1673 nomine
1347 1653 1419 1672 meo.
1435 1655 1444 1671 ι
1461 1645 1594 1672 Dominus
1613 1649 1704 1672 autem
1720 1653 1817 1674 revera

1028 1694 1070 1719 est
1081 1690 1252 1722 Emmanuel,
1264 1690 1371 1718 tametsi
1383 1691 1509 1726 apparuit
1520 1691 1612 1718 homo.
1622 1690 1700 1724 Quod
1712 1698 1776 1718 vero
1788 1691 1817 1719 in

1029 1740 1123 1771 typum
1135 1736 1228 1771 gloria:
1239 1735 1351 1769 Christi,
1363 1744 1395 1763 ea
1411 1744 1471 1771 quae.
1484 1736 1517 1763 de
1532 1735 1602 1772 Cyro
1622 1735 1751 1763 dicuntur
1768 1743 1818 1771 po-

1030 1781 1083 1809 sita
1094 1781 1160 1814 sint,
1173 1789 1206 1809 ex
1221 1781 1255 1810 iis
1265 1789 1325 1816 qua:
1341 1781 1471 1818 deinceps
1484 1789 1498 1809 a
1511 1782 1644 1819 propheta
1658 1785 1816 1815 narrantur,

1029 1827 1205 1855 manifestum
1222 1826 1278 1854 ﬂet.
1300 1836 1309 1853 (
1320 1827 1376 1862 Ego
1388 1827 1440 1854 feci
1455 1831 1558 1855 terram
1574 1831 1601 1854 et
1615 1827 1753 1855 hominem
1768 1835 1817 1855 su—

1030 1881 1080 1910 per
1092 1880 1162 1900 eam.
1176 1872 1233 1907 Ego
1244 1880 1326 1900 manu
1339 1881 1398 1900 mea
1410 1872 1516 1900 firmavi
1529 1873 1640 1906 caelum,
1650 1877 1678 1900 et
1690 1873 1818 1900 omnibus

1031 1919 1118 1947 stellis
1134 1918 1271 1946 mandavi.
1287 1918 1344 1953 Ego
1355 1918 1485 1946 suscitavi
1499 1926 1562 1946 eum
1583 1927 1645 1946 cum
1661 1919 1777 1955 justitia,
1789 1922 1819 1947 et

1031 1973 1128 1994 omnes
1139 1964 1191 1993 vim
1216 1965 1275 2000 ejus
1301 1966 1392 1991 rectae.
1419 1963 1480 1998 Ipse
1505 1963 1653 1991 aediﬁcabit
1679 1964 1817 1992 civitatem

1032 2019 1132 2045 meam,
1152 2014 1180 2039 et
1195 2011 1380 2047 captivitatem
1400 2009 1495 2045 populi
1516 2009 1571 2037 mei
1596 2015 1746 2043 convertet,
1762 2018 1819 2038 non

1033 2066 1096 2086 cum
1116 2057 1216 2094 pretio,
1233 2064 1324 2092 neque
1340 2063 1401 2083 cum
1419 2055 1592 2088 muneribus,
1612 2055 1681 2083 dixit
1695 2055 1747 2090 55
1763 2056 1817 2083 Do-

1033 2104 1126 2132 minus
1151 2102 1282 2131 Sabaoth.
1309 2102 1373 2129 Haec
1398 2101 1466 2130 dicit
1488 2101 1620 2129 Dominus
1642 2110 1648 2127 :
1673 2098 1820 2129 Laboravit

1033 2149 1175 2187 Egyptus,
1189 2149 1338 2185 negotiatio
1349 2148 1519 2184 Ethiopum,
1544 2151 1574 2176 et
1587 2146 1687 2175 Sabain
1704 2147 1756 2175 viri
1770 2154 1820 2174 exn

1035 2197 1101 2225 celsi
1114 2196 1148 2223 ad
1163 2199 1189 2224 te
1204 2194 1371 2227 transibunt,
1385 2197 1413 2221 et
1426 2193 1476 2221 tibi
1485 2196 1568 2220 erunt
1576 2191 1647 2219 servi
1660 2201 1666 2218 :
1679 2195 1706 2219 et
1718 2195 1780 2226 post
1792 2195 1820 2218 te

1036 2245 1187 2278 sequentur
1206 2240 1292 2268 vincti
1315 2239 1441 2271 manicis,
1458 2242 1485 2266 et
1502 2237 1656 2265 adorabunt
1671 2241 1707 2269 te,
1724 2240 1752 2263 et
1770 2235 1820 2262 dc-

1035 2286 1231 2324 precahuntur,
1246 2285 1309 2321 quia
1327 2285 1355 2312 in
1374 2288 1401 2312 te
1418 2284 1490 2312 Deus
1508 2287 1560 2315 est,
1573 2285 1602 2309 et
1616 2289 1672 2309 non
1691 2285 1734 2309 est
1749 2281 1821 2309 Deus

1036 2337 1135 2371 praeter
1153 2336 1190 2359 te.
1208 2331 1250 2359 Tu
1265 2331 1340 2359 enim
1359 2338 1389 2358 es
1404 2330 1487 2362 Deus,
1499 2333 1528 2357 et
1549 2328 1732 2360 nescivimus;
1748 2327 1825 2354 Deus

1037 2377 1120 2406 lsrael
1135 2377 1269 2404 Salvator.
1284 2375 1494 2404 Confundentur
1510 2377 1538 2402 et
1555 2377 1714 2401 avertentur
1728 2378 1825 2399 omnes

1038 2424 1215 2452 adversantes
1237 2422 1273 2455 ei,
1293 2425 1320 2449 et
1335 2421 1515 2449 ambulabunt
1539 2420 1567 2447 in
1582 2418 1742 2449 confusioue
1760 2416 1794 2446 ⁸⁸.
1808 2426 1819 2444 ι

1039 2469 1090 2503 Qui
1105 2469 1178 2496 enim
1194 2467 1298 2495 creavit
1310 2471 1421 2499 terram,
1443 2471 1472 2494 et
1490 2465 1629 2493 hominem
1650 2472 1732 2500 super
1750 2471 1828 2495 eamk

1039 2515 1141 2550 quique
1158 2513 1257 2542 cmlum
1270 2512 1355 2540 stellis
1370 2512 1486 2544 ornavit,
1501 2511 1631 2539 excitavit
1644 2510 1725 2541 nobis
1740 2509 1823 2545 justi~

1040 2561 1104 2588 tiam
1117 2550 1219 2591 Jesum,
1233 2558 1412 2586 redimentcm
1427 2558 1510 2593 gratis
1525 2567 1531 2584 ε
1549 2567 1557 2584 ‹
1572 2556 1715 2587 Justiﬁcati
1730 2562 1828 2585 sumus

1040 2614 1089 2643 per
1106 2605 1186 2632 ﬁdem
1199 2604 1234 2637 ⁸⁷,
1252 2614 1260 2629 ι
1277 2604 1439 2631 liberantcm
1451 2611 1466 2635 a
1480 2602 1597 2630 vinculis
1611 2606 1639 2629 et
1654 2601 1827 2636 captivitate,

1041 2651 1219 2678 aediﬁcantem
1243 2649 1421 2685 spiritualitcr
1437 2648 1646 2676 intellectualem
1663 2646 1831 2677 Jerusalem.

1042 2701 1069 2724 et
1079 2696 1237 2723 fundantem
1247 2696 1407 2728 Ecclesium,
1425 2703 1485 2731 qua:
1498 2695 1532 2722 ab
1548 2693 1613 2729 ipsis
1629 2692 1725 2720 inferni
1737 2689 1829 2726 portis

1043 2742 1207 2769 commoveri
1224 2749 1278 2768 non
1295 2741 1389 2776 possit,
1405 2749 1455 2768 nec
1468 2740 1502 2767 ab
1516 2739 1635 2767 inimicis
1646 2737 1727 2765 vinci.
1746 2736 1829 2763 llunc

1406 2798 1428 2814 3‘
1442 2798 1518 2826 Joan.
1543 2804 1597 2828 vin,
1615 2795 1657 2823 15.
1710 2797 1732 2814 ﬂ
1747 2793 1832 2822 Joam.
