1990 3046
175 133 211 160 95
667 131 695 160 S.
716 132 856 161 CYRILLI
872 131 1108 160 ALEXANDRlNl
1128 122 1287 160 ARClllEP.
1770 133 1805 162 96

174 187 324 215 secundum
336 190 461 214 naturam
476 178 562 214 Deum
572 186 749 214 exsistentem
759 190 965 222 cognoscentes,

1018 184 1143 221 κλησίαν,
1159 186 1196 218 ὡς
1208 185 1254 212 καὶ
1270 185 1362 218 αὑταῖς
1376 185 1570 213 ἁκατάσειστον
1587 183 1657 214 εἶναι
1670 188 1729 220 ταῖς
1741 187 1806 224 ᾅδου

174 233 193 260 ii
206 233 253 268 qui
270 233 335 260 olim
348 237 518 265 erraverant,
536 231 650 260 dicunt:
669 242 678 257 ‹
693 232 734 259 Tu
745 233 819 259 enim
836 239 866 259 es
892 231 965 258 Deus

174 284 278 311 noster,
291 283 319 306 et
331 278 508 311 nescivimus,
519 283 547 306 et
557 286 611 305 non
622 283 664 305 cst
671 278 743 305 Deus
756 282 854 313 praater
868 281 893 304 te
904 275 938 303 ⁸³.
951 286 961 302 ι

174 325 253 353 llunc
270 325 435 357 adorabunt,
451 325 517 352 huic
535 333 563 352 se
578 325 670 352 ﬂectet
687 334 696 349 ι
710 331 791 351 omne
811 331 894 358 genu,
907 331 966 350 om-

174 372 272 407 nisque
302 372 394 407 lingua
417 371 603 403 conﬁtebitur,
634 370 707 405 quod
728 370 860 397 Dominus
885 370 964 398 Jesus

175 417 302 445 Christus
315 417 342 444 in
353 417 441 452 gloria
461 421 503 444 est
518 417 567 444 Dei
585 417 673 444 Patris
683 415 716 443 ".
733 426 742 442 ι
766 416 835 443 Huic
852 416 963 455 quidam

174 470 209 490 ex
228 463 361 490 lsraelitis
382 463 517 490 obsistere
539 465 605 488 sunt
631 461 738 494 conati;
766 461 873 489 confusi
898 469 964 489 vero

175 512 249 540 sunt,
263 512 290 535 et
301 508 491 539 conciderunt,
502 511 530 534 et
541 511 691 534 retrorsum
703 506 888 542 ierunt,juxta
901 514 964 541 pro-

175 555 265 590 phetae
277 562 382 581 vocem.
393 553 480 589 Cyrus
495 553 596 587 itaque,
608 552 749 588 Cambysis
765 552 846 585 ﬁlius,
864 553 963 580 funda-

175 600 216 626 vit
227 599 359 634 templum
374 599 422 626 Dei
437 599 465 625 in
483 598 680 634 Hierosolymis
696 598 724 625 in
744 602 837 634 typum
848 598 961 625 Christi.

176 645 253 679 Quod
267 652 332 672 vero
356 645 414 679 ipse
436 644 597 671 Emmanuel
617 652 675 671 rem
695 644 766 671 hanc
785 643 963 679 spiritualiter

175 694 249 718 esset
262 690 445 725 perfecturus,
462 698 512 725 per
533 690 613 717 aliam
632 690 723 717 statim
746 690 859 725 ﬁguram
880 690 963 717 intel-

175 737 253 770 liges.
269 737 417 771 Postquam
432 736 505 764 enim
521 736 608 772 Cyrus
625 736 752 764 lsraelem
769 744 784 763 a
799 736 963 772 Babylonica

176 782 309 809 servitute
322 782 458 815 liberavit,
471 783 555 810 duces
571 783 661 810 statim
681 790 713 810 ae
726 783 811 810 veluti
824 782 964 818 principes

176 827 271 862 populi
287 827 421 864 designati
433 833 506 860 sunt,
517 828 667 855 Zorobabel
685 827 757 855 ﬁlius
773 828 914 861 Salathiel,
929 836 963 856 ex

1016 231 1124 264 πύλαις,
1150 231 1198 259 καὶ
1218 232 1352 259 ἀνάλωτον
1374 232 1492 267 ἐχθροῖς.
1520 231 1621 259 Τοῦτον
1649 233 1715 261 ὄντα
1739 234 1807 262 Θεὸν

1015 277 1086 303 κατά
1099 277 1179 310 φύσιν
1186 277 1411 312 ἐπιγινώσκοντες
1429 279 1453 304 ot
1468 277 1549 305 πάλαι
1563 278 1745 314 πλανώμενοι,
1761 280 1806 307 λέ-

1015 330 1105 356 γουσι·
1124 331 1133 348 ‹
1152 323 1188 350 Σὺ
1210 323 1264 358 γὰρ
1288 321 1313 349 εῐ
1336 323 1402 355 Θεὸς
1420 323 1509 359 ήμῶν,
1535 324 1582 351 καὶ
1607 324 1657 351 οὐκ
1683 325 1804 361 ⁴ᾔδειμεν.

1015 369 1069 395 Kal
1081 369 1131 395 οὐκ
1143 369 1199 395 ἔστι
1211 368 1277 401 Θεὸς
1289 369 1358 405 πλὴν
1371 369 1428 396 σοῦ.
1445 379 1454 395 ›
1468 369 1562 406 Τούτῳ
1574 372 1805 406 προσκυνήσουσι,

1014 414 1100 451 τοῦτῳ
1116 415 1218 450 κάμψει
1238 424 1248 441 ‹
1266 416 1320 442 πᾶν
1337 415 1412 450 γόνυ,
1429 415 1476 442 καὶ
1491 416 1566 443 πᾶσα
1581 416 1692 450 γλῶσσα
1709 416 1805 451 ἐξομο-

1013 460 1157 496 λογήσεται
1171 461 1211 488 ὅτι
1225 460 1326 496 Κύριος
1343 461 1446 496 Ἰησοῦς
1461 462 1578 497 Χριστὸς
1592 463 1631 494 είς
1645 462 1724 495 δόξαν
1738 463 1806 489 Θεοῦ

1014 506 1130 541 Πατρός.
1148 516 1157 532 ι
1168 506 1261 542 Τούτῳ
1274 506 1475 542 τετολμήκασιν
1487 508 1646 543 ἀντιστῆναι
1663 517 1734 540 τινες
1751 508 1807 536 τῶν

1013 552 1043 585 ἐξ
1063 552 1182 588 Ἰσραήλ.
1196 552 1429 588 Κατῃσχύνθησαν
1438 552 1466 579 δὲ
1480 553 1526 579 καὶ
1538 553 1710 586 πεπτώκασι,
1720 554 1767 581 καὶ
1777 555 1807 581 ἐν

1013 598 1101 633 τροπῇ
1123 598 1308 633 πεπόρευνται
1324 598 1395 625 κατὰ
1412 599 1462 634 τὴν
1475 598 1520 626 τοῦ
1545 599 1684 634 προφήτου
1703 600 1806 635 φωνήν.

1013 641 1105 678 Κῦρος
1117 642 1165 677 μὲν
1177 640 1223 669 οὖν
1234 642 1249 668 ὁ
1257 642 1417 678 Καμϐύσου,
1430 643 1613 678 τεθεμελίωκε
1621 644 1666 670 τὸν
1678 643 1750 671 οἷκον
1759 644 1806 671 τοῦ

1013 687 1082 714 Θεοῦ
1096 687 1142 715 τὸν
1155 688 1183 715 ἑν
1201 688 1406 724 Ἰεροσολύμοις,
1419 690 1458 721 είς
1471 689 1556 716 τύπον
1569 690 1698 726 Χριστοῦ,
1708 690 1768 717 Ὅτι
1779 690 1807 717 δὲ

1014 732 1095 764 αὐτὸς
1111 732 1223 768 ἔμελλεν
1236 734 1250 759 6
1273 733 1446 770 Ἐμμανουήλ
1459 734 1654 769 ἀποπεραίνειν
1667 734 1696 761 τὸ
1711 734 1807 770 χρῆμα

1014 778 1207 813 πνευματικῶς
1221 787 1252 804 τε
1263 779 1310 805 καὶ
1322 779 1486 813 νοητῶς,καὶ
1495 780 1528 806 δι’
1540 779 1636 815 ἐτέρας
1650 780 1731 812 εὐθὺς
1746 781 1808 812 ἀνα-

1016 822 1097 857 μάθοι
1114 831 1155 855 τις
1168 823 1201 850 ἂν
1229 823 1342 855 εἰκόνος.
1364 823 1475 860 Ἐπειδὴ
1489 824 1544 860 γὰρ
1560 825 1610 860 τῆς
1629 826 1658 852 ὲν
1668 825 1808 853 Βαϐυλῶνι

177 873 250 900 tribu
262 873 343 906 Juda,
351 878 379 901 et
390 874 469 902 Jcsus
480 874 551 901 ﬁlius
564 874 678 901 Josedec
688 874 817 901 sacerdos
827 882 943 910 magnus
955 883 962 902 :

1017 868 1138 901 δουλείας
1159 869 1260 904 ἀνῆκεν
1279 871 1293 896 6
1311 869 1403 905 Κῦρος
1426 870 1472 897 τὸν
1500 871 1626 906 Ἰσραήλ’
1652 871 1808 907 καθηγηταὶ

176 919 355 953 quibus,cum
369 921 583 956 Hierosolymam
596 920 796 957 pervenissent,
807 928 856 955 per
868 928 964 949 vocem

176 965 266 1001 Aggaei
281 967 422 1001 propheta:
430 968 501 994 Deus
514 967 611 994 domus
621 974 675 994 sum
684 966 858 994 exstruenda:
869 975 964 995 curam

177 1010 303 1046 injungit.
321 1011 360 1038 lta
375 1012 448 1039 enim
463 1012 595 1046 scriptum
608 1016 650 1039 est
665 1020 670 1038 :
690 1021 699 1037 ι
713 1011 743 1039 In
758 1020 829 1041 anno
843 1013 965 1041 secundo

177 1056 253 1083 Darii
276 1057 357 1092 regis,
378 1057 405 1084 in
422 1065 515 1085 mense
529 1062 615 1090 sexto,
631 1058 659 1085 in
674 1057 718 1086 die
730 1066 785 1085 una
799 1058 911 1091 mensis,
928 1059 966 1086 fa-

178 1106 252 1130 ctum
260 1108 301 1130 est
310 1102 423 1129 verbum
432 1103 537 1130 Domini
546 1103 572 1130 in
585 1112 666 1131 manu
674 1104 763 1139 Aggaei
772 1104 966 1139 prophetaa,di-

177 1153 243 1174 cens
255 1155 261 1173 :
274 1147 418 1182 Alloquere
426 1147 588 1179 Zorobabel,
600 1147 685 1175 ﬁlium
695 1148 837 1181 Salathiel,
846 1156 880 1176 ex
892 1148 965 1176 tribu

177 1191 399 1224 Juda,etJesum,
409 1192 495 1219 tilium
507 1193 633 1226 Josedcc,
641 1194 812 1222 sacerdotem
825 1202 965 1231 magnum,

178 1237 274 1266 dicens
299 1246 305 1265 :
327 1238 389 1265 Haec
419 1239 458 1266 ait
480 1239 615 1267 Dominus
639 1240 969 1276 omnipotens:Populus

178 1283 231 1311 iste
242 1283 308 1312 dicit
319 1293 325 1311 ε
338 1284 465 1312 Nondum
476 1285 553 1313 venit
572 1291 682 1321 tempus
689 1287 840 1315 aediﬁcandi
855 1287 967 1316 domum

178 1329 296 1357 Domini.
318 1330 352 1358 Et
376 1329 479 1357 factum
502 1335 545 1358 est
567 1332 682 1359 verbum
705 1333 813 1360 Domini
835 1334 863 1360 in
884 1341 966 1362 manu

177 1374 267 1410 Δίζῃί
283 1374 337 1410 56
355 1375 508 1410 prophetas,
529 1376 624 1405 dicens
644 1387 650 1404 :
672 1378 743 1405 Num
761 1383 869 1414 tempus
888 1379 967 1408 vobis

177 1424 229 1452 est,
251 1424 281 1447 ut
301 1420 431 1448 habitetis
450 1421 479 1448 in
495 1421 623 1450 domibus
643 1424 771 1451 concavis
791 1433 797 1450 :
820 1428 848 1453 at
867 1424 967 1453 domus

177 1465 286 1493 Domini
309 1465 418 1494 deserta
438 1471 480 1494 est
502 1468 564 1495 ⁸⁸⁸1)
587 1469 622 1496 Et
640 1473 702 1505 post
721 1477 808 1505 pauca
831 1478 940 1498 rursum
957 1480 964 1498 :

181 1520 191 1536 ι
207 1511 241 1538 Et
261 1511 404 1540 suscitavit
429 1513 562 1542 Dominus
585 1514 712 1551 spiritum
741 1514 892 1542 Zorobabcl
917 1515 966 1543 ﬁlii

178 1556 320 1591 Salathiel,
333 1558 367 1586 de
383 1559 457 1586 tribu
472 1559 553 1593 Juda,
565 1563 593 1587 et
604 1560 732 1596 spiritum
748 1561 813 1591 Jesu
825 1562 873 1588 ﬁlii
887 1562 966 1592 Iose-

177 1602 244 1636 dec,
272 1604 424 1632 sacerdotis
451 1605 565 1641 magni,
585 1609 614 1633 et
644 1607 772 1642 spiritum
794 1609 967 1645 reliquorum

178 1650 268 1677 omnis
285 1651 379 1686 populi
394 1659 400 1677 :
418 1655 446 1678 et
460 1651 575 1687 ingressi
593 1656 667 1686 sunt,
686 1657 714 1680 et
729 1653 867 1683 faciebant
883 1663 967 1691 opera

179 1696 207 1723 in
227 1696 309 1724 domo
330 1697 440 1724 Domini
460 1697 656 1733 omnipotentis
677 1699 726 1727 Dei
747 1700 791 1727 sui
812 1701 845 1728 ³⁸.
864 1710 874 1727 ›
899 1701 967 1729 Vide

179 1742 271 1777 itaque
287 1743 390 1778 duplici
404 1747 467 1779 typo
481 1751 514 1771 ac
527 1743 613 1779 ﬁgura
629 1752 788 1780 expressum
801 1746 969 1775 Emmanue-

178 1787 244 1820 lcm,
260 1796 352 1824 regem
369 1789 492 1824 quidem,
510 1790 596 1818 veluti
616 1790 644 1818 in
661 1790 824 1829 Zorohabel,
844 1793 892 1829 qui
908 1797 969 1823 erat

179 1841 214 1861 ex
229 1833 300 1861 tribu
311 1834 392 1867 Juda,
401 1843 462 1870 quae
476 1839 533 1862 tum
545 1836 677 1871 temporis
687 1837 819 1872 regnabat
832 1838 860 1865 in
872 1838 967 1867 Israel.

180 1879 324 1907 Summum
341 1888 406 1908 vero
425 1881 593 1916 pontiﬁcem,
609 1885 640 1910 ut
660 1882 688 1910 in
709 1891 808 1920 magno
826 1884 968 1913 sacerdote

180 1926 304 1961 ejusdem
318 1934 381 1956 cum
394 1926 504 1956 Christo
519 1928 648 1962 nominis,
669 1937 776 1957 necnon
804 1930 903 1958 ducem
918 1931 970 1961 via:

182 1970 210 1997 in
228 1975 348 1999 sanctam
365 1972 503 2001 civitatem
520 1981 535 2001 e
552 1978 626 2002 terra
643 1974 868 2010 alienigenarum,
879 1975 968 2012 Baby-

180 2016 320 2058 loniorum
335 2018 458 2053 inquam.
479 2019 547 2048 Vide
559 2020 641 2047 etiam
656 2021 837 2049 architectum
855 2029 888 2050 ac
903 2030 968 2058 pro-

180 2056 337 2090 curatorem
357 2063 443 2091 sancti
458 2064 562 2099 templi.
575 2064 728 2100 Sequentes
738 2064 811 2092 enim
827 2073 876 2100 per
887 2056 969 2094 ﬁdem

181 2106 279 2135 ducem
294 2107 444 2141 Christum,
462 2112 592 2144 tanquam
604 2116 696 2144 regem
710 2113 738 2136 et
752 2117 888 2137 summum
902 2118 970 2146 pon—

181 2152 293 2186 tiﬁcem,
312 2161 346 2181 ex
362 2154 497 2181 diabolica
516 2154 669 2189 tyrannide,
689 2162 721 2183 ac
735 2155 821 2183 veluti
842 2163 875 2183 ex
897 2160 969 2184 terra

1016 915 1186 950 παραχρῆμα
1200 915 1247 941 καὶ
1267 915 1348 942 οἱονεί
1368 924 1425 948 πως
1437 916 1599 952 ἐξάρχοντες
1621 918 1808 944 ἀνεδείκνυντο

1015 959 1061 986 τοῦ
1075 959 1151 991 λαοῦ.
1164 960 1316 996 Ζοροὸἀϐελ
1334 962 1349 987 6
1361 961 1407 988 τοῦ
1420 962 1555 997 Σαλαθιήλ
1568 963 1599 989 ὲκ
1611 962 1698 998 φυλῆς
1711 963 1808 996 Ἰοῦδα,

1015 1006 1063 1032 καὶ
1088 1005 1190 1041 Ἰησοῦς
1207 1007 1221 1033 6
1236 1006 1283 1033 τοῦ
1312 1007 1435 1034 Ἰωσεδὲκ
1459 1008 1473 1034 6
1492 1008 1582 1043 ἱερεὺς
1608 1008 1622 1034 6
1642 1008 1739 1042 μέγας.
1759 1006 1808 1040 Οἷς

1015 1052 1063 1079 καὶ
1078 1052 1239 1088 ἀφιγμένοις
1252 1054 1291 1084 είς
1308 1053 1492 1089 Ἰεροσόλυμα,
1507 1054 1552 1080 διὰ
1573 1054 1665 1090 φωνῆς
1679 1054 1807 1089 ’Λγγαίου

1014 1098 1062 1126 τοῦ
1083 1099 1222 1135 προφήτου
1244 1099 1293 1135 τῆς
1312 1100 1352 1131 είς
1376 1100 1421 1126 τὸν
1437 1097 1510 1126 οἷκον
1533 1099 1641 1135 ἔχεσθαι
1666 1100 1808 1135 φιλεργίας

1015 1145 1182 1181 ἐπισκήπτει
1204 1145 1279 1177 Θεός.
1306 1145 1462 1181 Γέγραπται
1489 1146 1544 1181 γὰρ
1565 1146 1653 1172 οὕτω·
1673 1156 1682 1172 ι
1704 1147 1749 1173 Ἐν
1769 1145 1809 1181 τῷ

1015 1191 1135 1227 δευτέρῳ
1150 1191 1206 1218 ἔτει
1227 1192 1273 1218 ἐπὶ
1290 1192 1404 1228 Δαρείου
1425 1192 1472 1219 τοῦ
1495 1192 1627 1227 βασιλέως
1642 1193 1671 1220 ὲν
1687 1192 1726 1228 τῷ
1743 1191 1809 1228 μηνὶ

1015 1237 1056 1272 τῷ
1075 1237 1156 1272 ἕκτῳ,
1176 1238 1225 1273 μιᾷ
1243 1237 1290 1264 τοῦ
1312 1237 1406 1273 μηνὸς,
1430 1239 1538 1273 ἐγένετο
1552 1238 1632 1273 λόγος
1656 1238 1759 1274 Κυρίου
1779 1239 1809 1265 ὲν

1016 1281 1088 1317 χειρὶ
1116 1282 1245 1317 ’Δγγαίου
1265 1282 1312 1310 τοῦ
1337 1285 1478 1319 προφήτου
1507 1284 1604 1319 λέγων,
1624 1284 1711 1311 Είπδν
1740 1284 1809 1320 πρὸς

1016 1327 1169 1363 Ζοροϐάϐελ
1190 1328 1236 1355 τὸν
1263 1328 1309 1355 τοῦ
1327 1329 1460 1364 Σαλαθιήλ
1485 1330 1530 1357 τὸν
1552 1331 1584 1357 ἐκ
1601 1329 1688 1365 φυλῆς
1713 1330 1808 1362 Ἰούδα,

1015 1373 1063 1400 καὶ
1078 1373 1145 1408 πρὸς
1167 1373 1269 1409 Ἰησοῦν
1284 1374 1329 1402 τὸν
1344 1375 1391 1403 τοῦ
1411 1375 1534 1403 Ἰωσεδὲκ
1546 1375 1592 1402 τὸν
1612 1375 1688 1412 ίερέα
1700 1375 1745 1403 τὸν
1759 1375 1809 1410 μέ-

1015 1427 1077 1454 γαν,
1093 1419 1198 1454 λέγων’
1225 1420 1294 1449 Τάδε
1319 1421 1394 1455 λέγει
1417 1421 1521 1457 Κύριος
1537 1422 1753 1458 παντοκράτωρ·
1780 1421 1811 1450 '0

1016 1464 1079 1497 λαὸς
1094 1462 1171 1497 οὗτος
1183 1465 1324 1500 λέγουσιν·
1346 1467 1402 1503 οὐχ
1417 1468 1480 1503 ἥκει
1496 1468 1510 1495 6
1532 1468 1627 1503 καιρὸς
1644 1467 1691 1495 τοῦ
1707 1468 1810 1496 οἰκοδο-

1019 1511 1104 1546 μῆσαι
1121 1511 1166 1538 τὸν
1180 1512 1254 1539 οἷκον
1269 1513 1383 1549 Κυρίου.
1400 1514 1456 1541 Καὶ
1471 1515 1579 1549 ἐγένετο
1596 1515 1675 1550 λόγος
1689 1515 1718 1542 ὲν
1737 1515 1810 1550 χειρὶ

1023 1556 1151 1591 Ἀγγαίου
1165 1557 1211 1584 τοῦ
1226 1559 1378 1594 προφήτου,
1394 1559 1496 1594 λέγων·
1515 1561 1547 1587 Et
1567 1560 1663 1595 καιρὸς
1678 1560 1729 1596 μὲν
1745 1561 1810 1596 ὑμῖν

1017 1602 1078 1628 ἐστι
1089 1602 1137 1629 τοῦ
1156 1603 1240 1630 οίκεῖν
1256 1604 1285 1630 ὲν
1308 1604 1394 1637 οἴκοις
1407 1604 1630 1640 κοιλοστάθμοις·
1655 1606 1669 1632 6
1691 1605 1720 1632 δὲ
1737 1603 1811 1637 οἶκος

1017 1648 1121 1683 Κυρίου
1142 1649 1338 1685 ὲξηρήμωται;
1353 1659 1362 1676 ι
1379 1651 1435 1678 Kal
1452 1651 1512 1686 μεθ’
1526 1651 1608 1687 ἕτερα
1623 1651 1715 1684 πάλιν,
1730 1661 1740 1677 ί
1754 1651 1811 1679 Καὶ

1018 1692 1143 1729 ἐξήγειρε
1158 1693 1260 1728 Κύριος
1279 1694 1309 1720 τὸ
1327 1694 1436 1729 πνεῦμα
1446 1696 1598 1732 Ζοροδάὸελ
1611 1696 1658 1723 τοῦ
1674 1696 1811 1732 Σαλαθιήλ

1019 1738 1052 1767 ὲκ
1070 1738 1156 1773 φυλῆς
1175 1739 1271 1772 Ἰούδα,
1288 1740 1336 1766 καὶ
1349 1741 1380 1767 τδ
1394 1741 1503 1776 πνεῦμα
1520 1741 1608 1777 Ἰησοῦ
1624 1741 1671 1769 τοῦ
1688 1741 1811 1768 Ἰωσεδὲκ

1019 1784 1066 1812 τοῦ
1080 1784 1175 1820 ῑερέως
1189 1785 1235 1812 τοῦ
1251 1785 1379 1821 μεγάλου,
1393 1787 1441 1813 καὶ
1453 1787 1484 1814 τδ
1496 1787 1606 1823 πνεῦμα
1617 1788 1671 1815 τῶν
1685 1787 1811 1815 καταλοί-

1019 1838 1078 1856 πων
1091 1830 1190 1862 παντὸς
1201 1830 1249 1857 τοῦ
1270 1831 1348 1858 λαοῦ.
1363 1832 1419 1858 Kal
1434 1832 1570 1868 εἰσῆλθον,
1585 1833 1633 1860 καὶ
1646 1833 1756 1860 ἐποίουν
1777 1833 1811 1860 τὰ

1019 1875 1087 1911 ἔργα
1099 1876 1128 1903 ὲν
1139 1875 1178 1912 τῷ
1187 1876 1254 1912 οἴκῳ
1265 1877 1368 1912 Κυρίου
1381 1878 1599 1914 παντοκράτορος
1612 1879 1679 1906 Θεοῦ
1693 1879 1808 1907 αὐτῶν..

1021 1922 1118 1958 Ἀθρει
1130 1922 1162 1959 δὴ
1181 1921 1227 1950 οὖν
1240 1922 1279 1955 ὡς
1293 1923 1322 1950 ὲν
1334 1922 1412 1959 τύπῳ
1425 1924 1472 1952 καὶ
1490 1924 1574 1952 είκόνι
1587 1925 1666 1961 διπλῇ
1681 1925 1727 1952 τὸν
1744 1926 1812 1960 Ἐμ-

1022 1967 1152 2004 μανουὴλ,
1175 1968 1291 2004 βασιλέα
1319 1969 1380 2005 μὲν,
1393 1970 1430 2002 ὡς
1445 1969 1474 1997 ἐν
1488 1979 1520 2005 γε
1542 1971 1583 2006 τῷ
1597 1971 1765 2007 Ζοροϐάϐελ,
1780 1971 1811 2004 ὃς

1019 2011 1053 2050 ἦν
1067 2014 1100 2042 ἐκ
1125 2014 1212 2050 φυλῆς
1242 2015 1327 2043 Ἰούδα
1343 2016 1393 2052 τῆς
1414 2016 1475 2043 τότε
1495 2018 1606 2052 κρατεῖν
1628 2017 1764 2052 λαχούσης
1780 2017 1810 2044 ὲν

1027 2060 1135 2096 Ἰσραήλ
1154 2068 1162 2076 ⁸
1177 2061 1308 2097 ἀρχιερέα
1323 2061 1352 2088 δὲ
1372 2059 1405 2089 αὖ
1419 2062 1457 2095 ὼς
1472 2063 1501 2090 ὲν
1513 2063 1703 2099 ὁμωνύμῳ.τῷ
1720 2062 1809 2098 Ἰησοῦ

1020 2105 1058 2141 τῷ
1071 2107 1194 2142 ἀρχιερεῖ
1209 2106 1248 2143 τῷ
1262 2107 1372 2143 μεγάλῳ
1381 2115 1390 2124 θ
1405 2108 1454 2135 καὶ
1474 2108 1527 2144 μὴν
1541 2109 1587 2135 καὶ
1599 2109 1748 2144 ἑξάρχοντα
1760 2108 1811 2144 τῆς

1020 2152 1080 2179 ὁδοῦ
1103 2152 1152 2188 τῆς
1173 2153 1214 2184 εἰς
1233 2152 1282 2189 τὴν
1304 2153 1384 2188 ἁγίαν
1407 2154 1495 2187 πόλιν,
1512 2155 1545 2181 ὲκ
1576 2155 1627 2190 γῆς
1643 2154 1810 2188 ἀλλοφύλων·

179 2198 405 2234 alienigenarum,
424 2207 457 2226 ex
473 2199 569 2226 fraude
587 2199 725 2227 mundana
742 2199 770 2227 in
786 2205 908 2228 sanctam
928 2201 966 2229 ci-

1022 2197 1092 2232 φημὶ
1107 2197 1139 2233 δὴ
1152 2197 1233 2226 πάλιν
1245 2198 1294 2234 τῆς
1306 2198 1495 2228 Βαϐυλωνίων.
1513 2199 1609 2235 Ἀθρει
1623 2199 1670 2226 καὶ
1683 2207 1810 2234 τεχνουρ-

180 2243 292 2270 vitalem
325 2243 494 2279 ingredimur
523 2244 674 2271 Ecclesiam
702 2244 969 2280 primogenitorum,

180 2294 262 2321 quam
277 2288 393 2322 ipsemet
407 2288 533 2316 Christus
558 2289 645 2324 eriget
662 2288 690 2316 in
709 2288 881 2326 spiritalibus
898 2290 969 2326 lapi-

180 2332 274 2366 dibus;
288 2333 361 2368 quod
376 2338 404 2361 et
414 2334 516 2362 Paulus
533 2339 659 2367 testatur,
671 2335 795 2365 scribens
809 2335 842 2364 iis
861 2336 907 2371 qui
920 2344 970 2372 per

181 2377 263 2404 ﬁdem
279 2378 413 2413 redempti
429 2382 502 2412 sunt,
517 2379 618 2414 quique
640 2379 743 2408 Christi
762 2381 885 2417 vestigiis
903 2381 970 2409 insi-

181 2428 255 2451 stere
270 2423 365 2450 volunt
380 2432 386 2450 :
407 2434 416 2449 ι
430 2424 460 2451 ln
478 2433 533 2460 quo
553 2430 581 2452 et
597 2433 646 2453 vos
666 2426 746 2453 simul
762 2426 888 2454 aediﬁcati
903 2427 970 2456 estis

182 2469 210 2495 in
227 2469 415 2496 habitaculum
434 2469 536 2497 Christi
555 2470 584 2497 in
606 2471 705 2506 spiritu
720 2472 754 2499 ”.
773 2481 781 2498 ι
803 2471 881 2505 Quod
901 2481 968 2501 vero

181 2513 260 2549 longe
281 2515 438 2549 praeclarior
454 2515 489 2542 sit
506 2515 593 2551 gloria
616 2517 755 2551 Ecclesiae,
781 2525 863 2553 quam
886 2519 969 2553 primi

184 2560 257 2587 illius
268 2561 361 2595 templi
377 2569 411 2588 ex
428 2561 564 2596 lapidibus
581 2563 654 2595 facti,
672 2563 788 2598 ipsemet
806 2571 855 2598 per
874 2572 970 2592 vocem

185 2605 273 2641 Δίςεωί
287 2605 418 2639 declarat,
439 2607 534 2635 dicens
554 2616 561 2635 :
581 2617 590 2634 ‹
603 2608 670 2641 Quis
683 2616 718 2636 ex
736 2608 814 2636 vobis
831 2609 900 2636 vidit
919 2609 970 2636 do-

185 2659 261 2678 mum
277 2652 354 2679 istam
367 2652 394 2679 in
409 2652 495 2688 gloria
509 2661 558 2681 sua
574 2662 627 2689 qua
645 2658 718 2687 ante,
729 2659 757 2682 et
774 2654 911 2690 quomodo
921 2662 970 2682 vos

185 2697 284 2725 videtis
297 2698 383 2733 ipsam
397 2706 470 2726 nunc
485 2699 555 2726 sicut
571 2707 626 2727 non
642 2700 818 2728 exsistentem
842 2701 869 2727 in
898 2708 965 2727 con-

186 2747 281 2780 spectu
294 2744 437 2771 vestro"?
449 2754 458 2770 ι
479 2744 512 2772 Ει
526 2744 607 2780 paulo
622 2749 684 2781 post
700 2753 807 2772 rursum
821 2753 827 2771 ε
853 2754 862 2770 ‹
878 2745 967 2772 Meum

221 2837 244 2853 "‘
271 2836 321 2864 lsa.
343 2845 401 2871 ην,
432 2837 471 2866 15.
511 2837 532 2855 ⁸⁸
561 2838 659 2874 Philip.
686 2847 713 2873 ll,
739 2839 777 2867 ll.

828 2841 850 2857 ⁹⁰
871 2840 935 2877 Agg.
957 2849 976 2876 ι,
994 2841 1047 2870 Μ.
1084 2842 1107 2885 l'
1123 2841 1190 2870 Ibid.
1211 2841 1251 2869 ll.
1273 2841 1324 2886 __“
1344 2841 1443 2877 Ephcs.
1460 2849 1488 2875 ιι,
1507 2841 1550 2868 22.

1021 2243 1069 2275 γὸν
1086 2242 1162 2276 ὅντα,
1180 2244 1226 2270 καὶ
1238 2244 1404 2280 ἐπιμελητήν
1418 2245 1464 2272 τοῦ
1478 2245 1556 2279 ἁγίου
1573 2244 1648 2272 ναοῦ.
1667 2244 1811 2280 Ἐπόμενοι

1020 2288 1075 2324 γὰρ
1089 2289 1134 2316 διὰ
1153 2289 1270 2322 πίστεως
1285 2292 1428 2327 καθηγητῇ
1448 2291 1487 2326 τῷ
1510 2290 1631 2326 Χριστῷ,
1649 2290 1687 2323 ὼς
1707 2290 1812 2325 βασιλεῖ

1021 2332 1067 2360 καὶ
1086 2334 1220 2369 ἀρχιερεῖ,
1237 2334 1269 2361 ἐκ
1281 2334 1439 2370 διαϐολικῆς
1459 2335 1626 2368 πλεονεξίας.
1647 2336 1694 2362 καὶ
1716 2335 1811 2370 ὥσπερ

1022 2378 1055 2405 ὲκ
1081 2378 1134 2413 γῆς
1156 2379 1322 2414 ἀλλοφύλων,
1344 2380 1374 2413 ἐξ
1404 2381 1512 2416 ἀπάτης
1538 2381 1674 2416 κοσμικῆς
1700 2382 1740 2413 είς
1761 2381 1811 2416 τὴν

1022 2425 1103 2459 ἁγίαν
1123 2425 1229 2462 εἴσιμεν
1247 2427 1335 2460 πόλιν,
1348 2427 1397 2464 τὴν
1420 2427 1474 2454 τῶν
1488 2427 1669 2463 πρωτοτόκων
1696 2427 1811 2462 Ἐκκλη-

1025 2471 1095 2505 σίαν,
1110 2473 1143 2508 ἣν
1161 2473 1243 2504 αὐτὸς
1260 2474 1350 2509 ἐγερεῖ
1364 2473 1481 2510 Χριστὸς
1500 2473 1538 2505 ὠς
1557 2473 1585 2500 ἐν
1601 2482 1633 2508 γε
1656 2474 1739 2506 λίθοις
1755 2475 1812 2505 τοῖς

1023 2519 1136 2552 νοητοῖς.
1152 2518 1208 2545 Kal
1228 2520 1398 2555 μαρτυρήσει
1415 2519 1528 2554 γράφων
1548 2520 1563 2546 6
1582 2519 1687 2551 Παῦλος
1699 2521 1755 2551 τοῖς
1767 2519 1811 2546 διὰ

1024 2563 1141 2596 πίστεως
1159 2565 1405 2601 ὲκλελυτρωμὲνοις
1424 2566 1470 2593 καὶ
1494 2565 1650 2592 ἀκολουθεῖν
1673 2565 1812 2601 ἑλομένοις

1022 2611 1079 2641 τοῖς
1094 2610 1178 2644 ἴχνεσι
1199 2611 1246 2637 τοῦ
1260 2612 1390 2647 Χριστοῦ·
1408 2621 1418 2638 ‹
1443 2613 1487 2640 Ἐν
1501 2609 1523 2646 ᾧ
1536 2613 1583 2639 καὶ
1598 2613 1676 2647 ὑμεῖς
1690 2620 1812 2638 συνοικοο

1021 2655 1145 2690 δομεῖσθε
1153 2656 1193 2688 είς
1200 2658 1408 2694 κατοικητήριον
1417 2659 1465 2684 τοῦ
1473 2659 1590 2694 Χριστοῦ
1603 2659 1631 2684 ὲν
1642 2657 1787 2693 πνεύματι.
1798 2666 1809 2685 ι

1023 2700 1084 2727 Ὅτι
1101 2701 1130 2727 δὲ
1149 2702 1197 2728 καὶ
1217 2702 1337 2737 ἀμείνων
1359 2704 1376 2739 ή
1391 2703 1454 2736 δόξα
1475 2703 1525 2740 τῆς
1551 2704 1715 2740 Ἐκκλησίας
1735 2703 1811 2739 παρὰ

1021 2745 1070 2781 τήν
1094 2745 1205 2782 πρώτην
1225 2747 1272 2775 καὶ
1291 2749 1320 2775 ὲν
1341 2749 1449 2784 ἀρχαῖς,
1465 2749 1514 2784 τὴν
1530 2748 1575 2775 ἐπί
1593 2748 1626 2784 γέ
1639 2756 1710 2784 φημι
1724 2748 1763 2784 τῷ
1779 2749 1811 2776 ἐκ

1601 2841 1624 2857 9³
1654 2839 1719 2875 Agg.
1735 2846 1769 2871 ιι»
1785 2838 1809 2866 -l.
