1990 3046
176 155 214 183 .87
698 155 960 185 GLAPllYRORUM
981 156 1014 184 IN
1035 156 1185 186 GENESIM
1208 156 1273 186 LIB.
1294 158 1326 187 ll.
1780 163 1817 191 98

181 215 263 242 λίθων
279 215 345 252 ναῷ,
363 216 567 252 διαμεμήνυκεν
583 215 667 242 εἰπὼν
683 216 726 243 διὰ
742 217 833 252 φωνῆς
849 217 966 251 ’Λγγαίογ

1030 223 1184 254 argentum,
1198 223 1226 246 et
1242 227 1334 246 meum
1357 226 1466 253 aurum,
1482 219 1549 247 dicit
1571 220 1703 250 Dominus
1725 224 1818 251 omni—

182 260 278 288 ’πάλιν⁸
296 271 304 287 ι
324 261 372 294 Τίς
387 262 417 293 ἐξ
431 261 518 297 ὑμῶν,
531 262 558 293 ὃς
573 260 624 288 εἶδε
642 262 687 288 τὸν
699 261 772 289 οἰκον
786 262 880 289 τοῦτον
897 264 925 289 ὲν
941 265 973 299 τῇ

181 307 245 342 δόξῃ
257 307 340 333 αὑτοῦ
354 309 386 342 τῇ
401 307 566 342 ἔμπροσθεν,
581 308 628 334 καὶ
638 308 697 340 πῶς
710 308 788 344 ὑμεῖς
799 308 911 344 βλέπετε
926 309 975 335 οὺ-

181 353 226 379 τὸν
239 352 286 379 νῦν
301 351 392 384 καθὼς
407 353 456 388 οὐχ
471 353 627 388 ὑπάρχοντα
641 353 754 380 ἐνώπιον
774 353 869 389 ὑμῶν;
888 363 897 378 ι
920 353 975 380 Καὶ

183 398 242 434 μεθ’
268 399 348 434 ἕτερα
371 399 464 425 πάλιν·
496 408 505 424 ι
533 399 612 433 Ἐμὸν
627 398 658 425 τὸ
677 398 818 434 ἀργύριον,
844 399 892 425 καὶ
907 399 974 434 ὲμὺν

181 446 211 470 τὸ
224 445 345 480 χρυσίον,
358 444 430 479 λέγει
443 444 545 480 Κύριος
560 445 769 480 παντοκράτωρ,
782 445 850 472 διότι
866 445 973 480 μεγάλη

180 491 257 516 ἔσται
274 491 290 525 ἡ
316 490 379 523 δόξα
398 489 444 516 τοῦ
468 490 543 517 οἴκου
568 489 664 517 τούτου
687 492 703 526 ἡ
721 491 822 526 ἐσχάτη
839 491 908 526 ὑπὲρ
924 491 973 526 τὴν

181 536 304 571 πρώτην,
330 535 403 570 λέγει
432 536 534 571 Κύριος
560 537 775 572 παντοκράτωρ·
805 538 853 563 καὶ
877 538 906 563 ὲν
934 536 973 572 τῷ

179 583 257 617 τόπῳ
277 581 364 618 τούτῳ
381 582 458 608 δώσω
477 583 598 618 εἰρήνην.
621 591 630 608 ›
655 582 709 609 Καὶ
723 583 819 618 εἰρήνη
831 582 921 618 ψυχῆς
933 584 974 614 είς

180 627 355 663 περιποίησιν
380 628 460 654 παντὶ
481 627 519 663 τῷ
543 627 661 659 κτίζοντι
685 627 731 654 τοῦ
749 628 901 663 ἀναστῆσαι
922 628 968 654 τὸν

180 674 244 701 ναὺν
255 674 358 701 τοῦτον.
376 674 432 701 Καὶ
452 673 580 709 ἀνιδρωτὶ
595 674 644 708 μὲν
667 673 699 700 ἄν
711 682 753 705 τις
767 674 923 706 συλλέξαιτο
938 673 972 701 τὰ

179 719 259 748 δι’ὧν
270 721 336 756 ἡμῖν
347 721 384 752 ὡς
399 719 427 746 ἔν
437 729 468 755 γε
479 721 536 752 τοῖς
549 719 633 747 πάλαι
645 720 764 755 Χριστὸς
773 721 970 755 κατεγράφετο.

181 766 241 792 "Iv:
255 765 283 791 δὲ
300 765 338 801 μὴ
350 764 389 799 τῷ
403 764 500 800 πλήθει
513 763 567 790 τῶν
590 763 820 800 παραδειγμάτων
838 765 972 800 ἀποκομί-

181 810 274 844 ζεσθαι
288 820 333 837 ποι
349 810 396 837 τοῦ
410 810 558 845 πρέποντος
572 811 586 836 6
601 809 678 844 λόγος
688 811 755 846 ἡμῖν
773 810 850 846 δοκῇ,
867 810 970 846 παρέν-

179 865 224 888 τες
235 857 302 888 τέως
313 856 344 883 τὸ
352 857 398 883 καὶ
411 857 444 883 δι’
459 857 560 892 ἑτέρων
575 857 644 884 ίέναι
653 857 755 890 λοιπὸν,
767 857 855 884 ἐκεῖνο
866 857 968 892 φαμέν·

179 904 276 939 Δεήσει
289 903 321 939 δὴ
346 903 454 935 πάντως
473 904 549 939 ἡμῖν,
572 903 645 930 δυοῖν
663 903 771 930 ἑλέσθαι
787 903 910 939 Θάτερον.
935 904 970 930 Ἢ

180 950 235 984 γὰρ
258 950 320 982 τοὺς
345 949 379 976 δι’
396 945 433 976 ὧν
449 950 542 976 ἐκεῖνα
558 950 703 985 γεγόνασιν
719 950 836 977 είσάπαν
857 950 971 986 ἀναιρή-

181 1005 274 1031 σομεν,
296 994 487 1031 καοορίζοντες
508 996 562 1023 τῶν
578 996 672 1023 τύπων
686 996 716 1023 τὸ
729 997 766 1033 μὴ
780 996 840 1024 λίαν
859 997 969 1033 ἀπλημα

179 1041 269 1076 μελὲς,
282 1042 305 1067 εἰ
325 1043 426 1068 νοοῖντο
438 1041 471 1068 δι’
489 1042 641 1077 ἀνθρώπων
653 1041 707 1068 τῶν
725 1042 786 1069 καθ’
801 1043 875 1078 ἡμᾶς
889 1051 969 1077 γεγο-

178 1086 262 1119 νότες,
280 1087 368 1113 καίτοι
385 1086 453 1113 πολὺ
476 1086 536 1114 λίαν
551 1087 659 1122 ἔχοντες
679 1087 882 1124 τὺ,θεοπρεπὲς’
898 1088 916 1124 ἢ
937 1087 968 1114 τὸ

178 1132 290 1166 Πνεῦμα
305 1131 429 1165 λέγοντες
443 1131 486 1158 ἀεὶ
503 1131 673 1167 μορφοῦσθαι
687 1132 756 1168 πρὸς
772 1130 841 1164 εἶδος
854 1132 885 1158 τὸ
905 1132 967 1159 καθ’

177 1179 250 1214 ἡμᾶς
259 1198 266 1210 ,
284 1177 314 1210 ἐξ
324 1178 445 1213 ἀνάγκης
458 1178 663 1214 ὁμολογήσομεν
677 1178 725 1204 καὶ
739 1179 779 1209 είς
795 1177 886 1214 Κῦρον
902 1178 968 1205 αὐτὸ

1027 270 1125 299 potens
1138 285 1145 297 ,
1162 265 1227 300 quia
1241 273 1338 301 magna
1348 265 1401 292 erit
1411 265 1497 301 gloria
1513 266 1612 294 domus
1630 268 1709 296 istius
1724 269 1816 297 novis-

1027 310 1103 337 sima:
1114 311 1259 346 plusquam
1270 311 1375 345 primat,
1389 315 1418 338 et
1433 311 1461 338 in
1475 312 1536 338 loco
1553 312 1606 341 isto
1623 312 1695 340 dabo
1709 322 1816 348 pacem,

1027 355 1095 383 dicit
1108 356 1241 384 Dominus
1255 358 1430 392 omnipotens
1441 358 1474 385 ’⁵.
1490 368 1500 383 ι
1519 358 1553 386 Ει
1567 366 1618 393 pax
1632 359 1729 386 animae
1743 360 1817 387 cedit

1028 400 1056 428 in
1082 402 1282 436 possessionem
1308 403 1383 430 omni
1413 404 1566 431 exstruenti
1594 405 1725 439 templum
1752 405 1815 433 hoc.

1027 447 1111 474 Multa
1127 453 1261 483 przeterea
1276 449 1329 476 alia
1344 449 1423 478 facile
1443 451 1506 486 quis
1524 451 1674 486 collegerit,
1688 459 1737 486 per
1755 459 1816 486 qua;

1026 493 1115 526 nobis,
1138 498 1169 521 ut
1187 494 1214 521 in
1228 495 1379 528 veteribus,
1399 496 1526 524 Christus
1539 496 1756 524 describebatur.
1776 497 1816 525 Ne

1026 546 1092 566 vero
1114 540 1291 568 multitudine
1314 542 1501 576 exemplorum
1519 550 1610 569 sermo
1629 540 1712 577 supra
1732 550 1814 577 quam

1026 592 1075 620 par
1089 590 1132 613 est
1147 591 1287 621 evagetur,
1300 587 1492 622 prattermissis
1507 588 1578 620 aliis,
1593 588 1661 615 illud
1679 588 1813 616 dicimus:

1025 631 1172 666 Oportebit
1193 632 1267 659 enim
1288 633 1400 660 omnino
1417 633 1533 661 duorum
1557 635 1674 661 alterum
1693 641 1813 662 sumere.

1024 677 1079 704 Aut
1093 677 1166 704 enim
1183 685 1230 705 eos
1243 686 1292 712 per
1305 687 1374 713 quos
1386 679 1432 706 illa
1442 679 1512 707 facta
1527 685 1600 712 sunt,
1615 680 1642 707 in
1654 680 1813 708 universum

1026 721 1163 754 tollemus,
1188 730 1265 749 suam
1290 723 1361 758 typis
1381 723 1572 751 auctoritatem
1598 724 1772 759 derogantes,
1789 725 1812 752 si

1024 771 1190 795 censeantur
1213 775 1261 803 per
1283 768 1407 796 homines
1423 768 1474 803 57
1498 769 1585 797 nostri
1610 770 1715 800 similes
1737 770 1812 802 facti,

1024 814 1132 841 tametsi
1151 814 1258 842 divinas
1276 822 1321 842 res
1335 814 1363 841 in
1377 822 1406 842 se
1421 815 1597 848 contineant;
1624 819 1671 843 aut
1690 816 1814 844 dicentes

1023 859 1281 894 semperSpiritum
1296 865 1417 887 nostram
1430 860 1546 888 formam
1563 862 1698 897 accipere,
1718 870 1814 890 ncces-

1023 906 1098 933 sario
1116 905 1265 933 fatebimur
1284 906 1417 941 Spiritum
1429 907 1551 934 etiamin
1567 907 1668 942 Cyrum
1682 907 1814 934 transfor-

1024 956 1137 984 matum,
1149 952 1195 987 qui
1214 952 1300 979 Deum
1312 960 1367 979 non
1380 957 1504 980 noverat.
1522 953 1630 980 Dictum
1642 953 1716 980 enim
1726 957 1767 980 est
1779 953 1811 980 ad

1022 1005 1103 1025 eum:
1120 1007 1129 1023 ι
1145 998 1187 1025 Tu
1203 1005 1270 1025 vero
1283 1005 1338 1025 non
1355 998 1539 1033 cognoscebas
1560 1006 1604 1026 me
1615 999 1648 1024 ".
1664 1008 1673 1023 ι
1691 998 1812 1026 Sublatis

1023 1051 1088 1071 vero
1109 1043 1144 1071 iis
1166 1051 1227 1078 qua
1251 1044 1279 1072 in
1299 1044 1381 1080 typis,
1406 1044 1504 1071 umbra
1523 1044 1635 1079 quidem
1653 1044 1812 1071 censebitur

1020 1089 1111 1117 Aaron
1124 1099 1130 1117 :
1143 1090 1296 1117 Zorobabel
1312 1095 1404 1117 autem
1421 1090 1578 1118 Salathielis
1592 1089 1675 1123 ﬁlius,
1688 1094 1716 1117 et
1733 1090 1812 1118 Jesus

1020 1134 1136 1163 Josedec
1151 1135 1233 1168 filius,
1246 1135 1375 1163 sacerdos
1387 1143 1512 1171 magnus,
1526 1136 1595 1163 nihil
1614 1140 1713 1172 praeter
1730 1136 1811 1164 inane

1021 1184 1049 1207 et
1060 1180 1149 1208 solum
1162 1188 1264 1208 nomen
1280 1180 1432 1207 habebunt.

177 1226 376 1254 διαπεπλᾶσθαί
401 1234 478 1260 ποτε,
505 1226 551 1253 τὸν
579 1225 629 1253 οὐκ
657 1226 747 1254 εἰδότα
762 1226 841 1254 Θεόν.
858 1227 973 1262 Εἴρηται
992 1227 1046 1263 γὰρ
1060 1228 1129 1264 πρὸς
1148 1228 1240 1261 αὑτὸν,
1259 1237 1268 1254 ι
1291 1229 1327 1255 Σὺ
1358 1228 1387 1255 δὲ
1419 1229 1469 1256 οὐκ
1483 1229 1556 1265 ᾕδεις
1574 1237 1618 1265 με.
1637 1238 1647 1255 ι
1670 1229 1812 1264 ’Δναιρου-

178 1273 268 1309 μένων
289 1272 317 1299 δὲ
333 1272 387 1300 τῶν
407 1272 437 1299 ἐν
453 1272 559 1306 τύποις,
579 1272 644 1299 σκιὰ
662 1273 712 1309 μὲν
727 1273 792 1305 ἴσως
819 1273 833 1299 ό
855 1273 971 1310 Ἀαρών·
991 1274 1143 1310 Ζοροϐάϐελ
1155 1275 1182 1302 δὲ
1196 1277 1209 1302 6
1221 1275 1268 1302 τοῦ
1279 1275 1423 1311 Σαλαθιὴλ,
1439 1276 1486 1303 καὶ
1517 1276 1567 1311 μέν
1595 1284 1636 1304 τοι
1645 1276 1692 1304 καὶ
1708 1275 1810 1312 Ἰησοῦς

176 1321 191 1348 6
205 1319 250 1346 τοῦ
280 1318 402 1345 Ἰωσεδὲκ
426 1319 440 1344 6
457 1318 545 1354 ίερεὺς
567 1319 582 1344 6
600 1318 698 1354 μέγας,
720 1319 749 1346 ἐν
766 1318 896 1354 ὀνόμασιν
914 1317 969 1347 εἷεν
988 1319 1021 1347 ἂν
1035 1320 1122 1355 ψιλοῖς
1137 1329 1167 1348 τε
1181 1321 1229 1348 καὶ⁸
1244 1320 1344 1356 μόνοις.

212 1364 244 1397 ζ’.
272 1363 341 1391 Ἀλλ’
356 1361 432 1400 οἶμαι
446 1363 478 1399 δὴ
495 1363 594 1399 μᾶλλον
606 1365 639 1390 ὲκ
650 1363 781 1399 λογισμοῦ
797 1363 844 1390 τοῦ
862 1364 966 1396 εἰκότος

174 1412 432 1447 ἀναπεπεισμένους
448 1411 615 1439 συναινέσειν
632 1411 730 1447 ὀρθῶς,
748 1412 786 1443 ὡς
804 1409 839 1448 ἦν
855 1412 905 1448 μὲν
918 1412 966 1440 ἆν-

178 1457 286 1494 θρωπος
297 1458 311 1484 6
323 1457 500 1492 Μελχισεδὲκ,
518 1457 622 1489 πόλεως
638 1457 787 1492 βασιλεύων
801 1457 850 1493 τῆς
862 1458 965 1493 Σαλήμ²

1054 1366 1081 1393 7.
1102 1366 1137 1393 At
1149 1370 1231 1399 ‘t'ero,
1251 1365 1299 1401 qui
1314 1371 1395 1394 rectae
1409 1366 1667 1402 rationisjudicium
1691 1375 1809 1404 sequun-

1019 1415 1075 1445 tur,
1090 1411 1183 1447 potius
1192 1412 1378 1447 probaverint,
1401 1411 1541 1440 hominem
1563 1413 1648 1441 fuisse
1664 1414 1809 1443 Melchise‘

1020 1458 1081 1490 dec,
1096 1465 1187 1493 regem
1205 1454 1325 1485 civitatis
1344 1457 1444 1485 Salem.
1457 1458 1536 1485 Hunc
1550 1467 1616 1486 vero
1625 1459 1705 1487 nobis
1719 1460 1747 1487 in
1766 1465 1809 1496 ty—

175 1505 261 1532 τὺπον
284 1503 312 1530 δὲ
330 1503 396 1538 ἡμῖν
417 1502 497 1529 αὐτὸν
528 1503 645 1529 ἐποιεῖτο
665 1503 795 1538 Χριστοῦ,
822 1502 966 1535 λεπτόνους

1020 1512 1086 1539 pum
1095 1503 1197 1531 Christi
1207 1502 1351 1538 proposuit
1363 1502 1477 1535 Paulus,
1488 1503 1597 1530 subtilis
1605 1504 1809 1540 scen-imusque

176 1550 216 1582 είς
238 1549 354 1585 θεωρίας
376 1549 564 1583 πνευματικὰς
587 1548 718 1584 ὑπάρχων
741 1550 755 1575 6
775 1548 893 1581 Παῦλος
922 1550 966 1577 ὲν-

179 1594 318 1630 ιστάμενοι
331 1594 360 1620 δὲ
381 1594 450 1630 μετᾶ
472 1593 562 1626 τοῦτο,
589 1594 636 1621 καὶ
653 1593 728 1620 οὐδὲν
745 1591 827 1630 ἦττον
843 1594 968 1629 λέγουσιν

175 1640 214 1673 ὡς
224 1640 367 1676 ἄνθρωπος
383 1639 433 1675 μὲν
455 1640 505 1666 οὒκ
517 1637 551 1675 ἦν
565 1639 580 1666 6
604 1639 788 1675 Μελχισεδέκ·
803 1639 834 1666 τὺ
856 1639 968 1676 Πνεῦμα

176 1687 205 1713 δὲ
229 1686 329 1722 μᾶλλον
353 1685 384 1712 τὸ
404 1685 498 1720 ἃγιονο
513 1685 530 1720 ἢ
547 1685 613 1719 γοῦν
635 1685 717 1721 ἑτέρα
731 1694 772 1718 τις
785 1685 897 1722 δύναμις
913 1686 968 1713 τῶν

176 1733 280 1760 ἄνωθεν
307 1732 354 1758 καὶ
378 1730 408 1763 ἐξ
431 1730 558 1766 οὐρανοῦ,
585 1731 636 1767 τὴν
656 1731 846 1766 λειτουργικὴν
869 1732 967 1767 ἔχουσα

175 1778 264 1810 τάξιν·
286 1778 360 1804 δοκεῖ
377 1778 430 1813 γὰρ
447 1775 498 1805 ὦδε
519 1778 629 1813 φρονεῖν
643 1777 759 1812 ἑτέροις,
775 1776 862 1804 ὲκετνό
877 1786 966 1812 φαμεν

175 1823 333 1857 ἀναγκαίως
352 1823 393 1850 ὅτι
420 1822 646 1858 πλημμελήσουσι
673 1822 744 1849 κατὰ
769 1822 815 1849 δύο
837 1822 964 1858 τρόπους,

175 1869 224 1895 καὶ
235 1868 285 1904 τὴν
300 1868 375 1896 θείαν
392 1868 438 1895 καὶ
454 1868 572 1904 ἄρρητον
586 1867 633 1894 τοῦ
653 1867 811 1903 Πνεύματος
830 1867 911 1902 φύσιν
925 1869 966 1898 είς

175 1913 221 1939 τον
238 1913 276 1949 μὴ
297 1913 435 1948 πρέποντα
457 1912 556 1948 τρόπον
579 1912 647 1947 αὐτῇ
672 1912 890 1947 κατασύραντες,
918 1911 966 1939 καὶ¹

175 1959 226 1994 τὴν
252 1959 383 1994 γεννητὴν
405 1958 453 1986 καὶ
478 1959 667 1994 πεποιημένην
696 1958 796 1991 κτίσιν,
818 1959 858 1990 είς
886 1957 965 1992 δόξαν

176 2005 313 2040 ὑπερτενῆ
340 2005 487 2040 φληνάφως
511 2004 733 2039 ἀνακομίζοντες.
760 2004 828 2031 Τίνα
863 2004 964 2040 τρόπον

175 2050 241 2087 ὲρῶ.
253 2051 410 2086 Γέγραπται
425 2050 489 2086 περὶ
502 2049 549 2076 τοῦ
560 2050 737 2085 Μελχισεδὲκ,
751 2050 789 2082 ὼς
801 2060 811 2076 ι
827 2048 861 2080 ἦν
875 2050 965 2086 ίερεὺς

174 2094 312 2125 τοῦ“Θεοῦ
331 2098 452 2132 ὑψίστου.
470 2106 480 2124 ι
505 2096 536 2124 El
555 2097 583 2124 δὲ
609 2097 641 2133 δὴ
663 2097 694 2124 1:6
709 2096 821 2133 Πνεῦμα
835 2098 870 2125 τὸ
888 2096 964 2132 ἅγιόν

175 2143 249 2170 ἐστιν
268 2144 283 2169 6
301 2143 477 2178 Μελχισεδὲκ,
498 2142 682 2178 κατεκομίσθη
699 2142 792 2170 λοιπὸν
814 2143 843 2170 ὲν
858 2144 964 2178 ἱερουρ-

1019 1548 1201 1584 spiritualium
1221 1548 1482 1583 contemplationum
1506 1549 1650 1584 indagator
1669 1550 1704 1576 ⁹⁸.
1727 1550 1810 1579 Rclu-

1018 1598 1123 1621 ctantes
1136 1601 1202 1621 vero
1219 1593 1247 1620 hi
1259 1593 1439 1620 nihilominus
1455 1593 1552 1621 dicunt
1567 1594 1747 1623 Melehisedec
1757 1595 1808 1624 ho-

1017 1640 1120 1668 minem
1140 1647 1196 1668 non
1218 1639 1302 1666 fuisse
1317 1647 1325 1672 ;
1342 1639 1477 1674 Spiritum
1491 1647 1557 1667 vero
1571 1640 1663 1674 potius
1671 1645 1807 1674 sanctum.

1017 1690 1062 1713 aut
1078 1684 1181 1719 alioqui
1204 1683 1284 1711 aliam
1313 1683 1460 1718 quamdam
1479 1688 1640 1718 potestatem
1661 1692 1808 1720 supernam

1017 1735 1098 1765 atque
1109 1730 1259 1762 ccelestem,
1276 1728 1438 1756 sacerdotali
1453 1728 1593 1756 functione
1603 1729 1754 1764 praeditam.
1769 1731 1808 1759 Ita

1016 1776 1090 1803 cnim
1110 1775 1275 1810 quibusdam
1290 1774 1390 1802 sentire
1402 1771 1499 1809 placet,
1513 1775 1560 1809 qui
1575 1775 1685 1810 quidem
1700 1775 1808 1804 duobus

1016 1821 1105 1848 modis
1114 1828 1210 1848 errare
1221 1819 1331 1847 dicendi
1344 1824 1418 1852 sunt,
1434 1827 1496 1847 cum
1507 1820 1628 1848 divinam
1644 1826 1725 1856 atque
1735 1821 1806 1850 inef-

1015 1867 1127 1895 fabilem
1150 1867 1271 1902 Spiritus
1298 1867 1385 1894 sancti
1401 1870 1526 1894 naturam
1550 1867 1584 1894 ad
1601 1875 1644 1900 ea,
1667 1876 1729 1902 qua:
1754 1868 1807 1903 ipsi

1015 1913 1128 1941 minime
1138 1913 1316 1944 conveniunt,
1327 1912 1473 1939 demittant
1485 1921 1491 1939 :
1505 1916 1562 1939 tum
1572 1917 1734 1946 creaturam,
1746 1921 1807 1948 qua

1014 1959 1087 1987 facta
1104 1967 1136 1987 ac
1153 1963 1244 1986 creata
1263 1962 1315 1990 est,
1331 1958 1366 1986 ad
1388 1958 1502 1993 gloriam
1518 1958 1598 1994 longe
1612 1958 1670 1994 ipsa
1679 1961 1806 1994 superio-

1015 2013 1074 2033 rem
1089 2004 1188 2033 stolide
1203 2004 1344 2031 extollant.
1358 2003 1481 2036 Quonam
1496 2008 1587 2031 autem
1602 2009 1692 2039 pacto,
1704 2005 1804 2033 dicam.

1015 2050 1154 2086 Scriptum
1168 2054 1211 2078 est
1229 2050 1264 2077 de
1279 2050 1469 2082 Melchisedec,
1483 2050 1557 2085 quod
1579 2060 1589 2076 ι
1602 2055 1661 2078 erat
1677 2052 1804 2080 sacerdos

1014 2095 1063 2123 Dei
1085 2094 1211 2122 altissimi
1231 2095 1266 2121 9'.
1284 2103 1294 2120 ι
1317 2093 1346 2121 Si
1366 2098 1457 2122 autem
1483 2094 1601 2129 Spiritus
1629 2100 1741 2124 sanctus
1762 2101 1805 2124 est

1014 2141 1207 2173 Melchisedec,
1228 2139 1347 2168 refertur
1370 2140 1443 2167 inter
1464 2140 1620 2168 sacerdotes
1634 2141 1761 2176 Spiritus,
1776 2146 1804 2169 et

174 2191 232 2225 γοϊς
255 2189 286 2216 τὸ
302 2189 424 2225 Πνεῦμα,
436 2189 484 2216 καὶ
504 2188 694 2224 λειτουργικὴν
715 2188 774 2224 ἔχει
796 2188 847 2224 τὴν
861 2187 963 2224 ὑπουρ-

1019 2185 1178 2214 sacerdotali
1210 2185 1364 2214 ministerio
1389 2185 1522 2221 fungitur.
1553 2185 1690 2213 Laudabit
1712 2186 1804 2222 itaque

173 2236 246 2269 γίαν.
283 2235 413 2271 ’Υμνήσει
437 2235 470 2270 δὴ
486 2232 532 2261 οὖν
555 2234 602 2261 καὶ
624 2233 689 2261 αὐτὸ
714 2233 785 2268 μετὰ
800 2233 856 2261 τῶν
876 2233 963 2268 ἁγίων

175 2281 300 2317 αγγέλων
329 2281 375 2308 τὸν
398 2280 528 2307 ἀνωτάτω
551 2279 627 2307 Θεόν.
654 2279 810 2315 Γέγραπται
831 2280 897 2315 γὰρ,
921 2279 962 2306 ὅτι

178 2328 334 2363 ιΕὺλογεῖτε
343 2327 388 2354 τὸν
399 2327 512 2362 Κύριον,
527 2325 627 2356 πάντες
646 2325 670 2351 οί
682 2323 792 2358 ἄγγελοι
802 2323 897 2356 αὑτοῦ,
911 2323 964 2350 λει-

172 2374 285 2410 τουργοὶ
297 2372 391 2405 αὑτοῦ,
410 2373 434 2399 οἱ
455 2371 594 2403 ποιοῦντες
609 2370 639 2397 τὸ
650 2370 756 2406 θέλημα
769 2369 863 2398 αὐτοῦ.
887 2379 896 2396 ι
910 2369 961 2405 Εῖη

173 2419 227 2454 γὰρ
240 2418 273 2445 ἂν
288 2417 435 2453 οὐδαμόθεν
444 2415 616 2451 ἀσυμφανὲς,
632 2415 669 2446 ὼς
684 2414 714 2446 ὃς
727 2414 813 2450 ἑτέρῳ
827 2423 878 2441 που
890 2414 960 2442 πάν-

172 2474 226 2496 ¹τως
238 2463 384 2500 ἱερουργεῖ,
395 2462 440 2489 καὶ
450 2461 499 2497 οὐχ
507 2459 631 2496 ἑαυτῷτὺ
645 2459 811 2496 ἱερουργοῦν,
825 2460 961 2495 ἱερουργεῖ

172 2511 201 2538 δὲ
210 2510 248 2545 τῷ
258 2509 328 2544 Θεῷ,
338 2508 376 2544 τῷ
390 2507 546 2544 προῦχοντι.
558 2505 662 2533 Οὐκοῦν
672 2505 699 2532 εί
708 2514 798 2541 φαμεν
810 2505 960 2542 ἱερατεύειν

172 2557 203 2583 τὸ
215 2556 336 2591 Πνεῦμα,
347 2555 397 2589 τὴν
409 2554 483 2580 Θείαν
500 2561 551 2579 που
567 2551 673 2584 πάντως
686 2551 856 2586 ὑποκάθηται
869 2551 958 2585 φύσιν-

173 2603 245 2629 τελεῖ
264 2602 292 2629 δὲ
318 2601 419 2637 μᾶλλον
443 2600 490 2626 καὶ
505 2600 534 2625 ὲν
555 2598 688 2633 γενητοῖς,
709 2597 756 2623 καὶ
775 2596 959 2632 προσκυνήσει

175 2649 224 2684 μὲν
240 2647 299 2684 μεθ’
315 2647 400 2683 ἡμῶν.
424 2645 546 2680 ’Δγιάσει
561 2643 590 2670 δὲ
613 2643 721 2674 πάντως
733 2642 782 2677 οὐχ
794 2641 884 2673 ἑαυτὸ,
900 2641 961 2668 ἐπεί

171 2703 214 2722 τοι
232 2694 264 2721 τὸ
285 2692 476 2728 ἀγιαζόμενον,
503 2689 635 2725 κρείττονί
661 2697 712 2715 που
733 2688 841 2718 πάντως
858 2687 875 2722 ἢ
899 2686 961 2713 καθ’

173 2740 255 2768 ἑαυτὸ
270 2739 316 2775 τὴν
341 2738 421 2774 φύσιν
440 2736 593 2771 ἁγιάζεται.
616 2733 814 2770 ’Λγιαοϐήσετσ
846 2732 874 2760 δὲ
901 2732 960 2768 μεθ’

174 2785 262 2821 ἡμῶν.
285 2785 345 2816 Πῶς
365 2782 411 2810 οὖν
425 2782 463 2809 ἔτι
479 2782 524 2808 καὶ
542 2780 607 2812 Θεὸς
622 2780 691 2807 κατὰ
707 2779 788 2814 φύσιν
802 2784 833 2805 το
849 2776 960 2812 ἁγιαζό-

1013 2232 1096 2261 etiam
1112 2232 1170 2268 ipse
1183 2239 1245 2260 cum
1256 2231 1360 2266 angelis
1375 2231 1460 2258 Deum
1477 2230 1650 2258 altissimum.
1665 2230 1803 2266 Scriptum

1012 2282 1056 2306 est
1073 2278 1167 2306 enim:
1184 2287 1193 2303 ι
1210 2276 1366 2304 Benedicitc
1383 2276 1450 2308 Deo,
1465 2283 1560 2303 omnes
1569 2276 1656 2312 angeli
1666 2277 1736 2312 ejus,
1749 2277 1803 2305 mi-

1013 2324 1093 2352 nistri
1113 2324 1182 2359 ejus,
1193 2322 1324 2350 facientes
1339 2322 1507 2348 voluntatem
1524 2321 1610 2356 ipsius
1627 2322 1660 2348 ".
1679 2332 1688 2347 ι
1708 2322 1803 2357 Neque

1011 2377 1078 2397 vero
1089 2369 1204 2397 dubium
1222 2376 1283 2396 esse
1295 2367 1407 2403 poterit,
1423 2367 1488 2401 quin
1501 2367 1549 2401 qui
1566 2367 1646 2394 alteri
1661 2367 1742 2395 alicui
1758 2375 1802 2396 sa-

1012 2415 1128 2448 criﬁcat,
1145 2423 1201 2442 non
1217 2414 1270 2442 sibi
1288 2413 1350 2449 ipsi,
1365 2413 1413 2440 sed
1430 2413 1495 2445 Deo,
1509 2418 1540 2440 ut
1553 2413 1701 2448 superiori,
1716 2413 1802 2442 sacri-

1014 2460 1087 2488 ficet.
1099 2460 1233 2494 Quocirca
1244 2460 1267 2488 si
1280 2459 1397 2488 dicimus
1410 2458 1543 2493 Spiritum
1552 2458 1706 2486 sacerdotio
1714 2459 1802 2495 fungi,

1014 2507 1106 2535 divina
1126 2507 1239 2534 omnino
1262 2510 1360 2533 natura
1381 2504 1495 2532 inferior
1516 2504 1578 2537 erit,
1597 2509 1625 2532 et
1640 2505 1740 2532 creatis
1755 2512 1802 2533 ac-

1012 2551 1180 2583 censebitur,
1200 2550 1378 2584 adorabitque
1396 2557 1450 2576 una
1463 2548 1616 2576 nobiscum.
1641 2548 1802 2576 Sanctifica-

1013 2597 1054 2624 bit
1065 2603 1131 2624 vero
1146 2603 1201 2622 non
1218 2595 1349 2630 seipsum,
1368 2594 1502 2629 siquidem
1514 2593 1800 2629 quod’sanctificatur,

1012 2640 1196 2677 praestantiori
1215 2641 1308 2673 alicui,
1324 2648 1405 2675 quam
1424 2640 1512 2675 ipsum
1524 2647 1557 2666 ex
1569 2647 1619 2670 sua
1635 2643 1733 2666 natura
1748 2644 1800 2672 est,

1012 2685 1206 2714 sanctificatur.
1226 2685 1446 2713 Sanctificabitur
1470 2686 1562 2720 itaque
1577 2685 1730 2712 nobiscum.
1742 2685 1802 2718 Quo

1011 2737 1091 2767 pacto
1111 2731 1193 2766 igitur
1212 2732 1284 2758 Deus
1300 2731 1450 2759 secundum
1461 2736 1585 2759 naturam
1602 2731 1664 2762 erit,
1681 2730 1709 2758 id
1727 2730 1800 2765 quod

1012 2777 1212 2805 sanctiﬁcatum
1233 2776 1295 2804 est?
1305 2777 1401 2804 Annon
1412 2777 1485 2804 enim
1500 2777 1589 2804 omnis
1598 2776 1725 2805 sacerdos
1736 2783 1800 2804 san-

208 2881 232 2898 ”
245 2888 353 2916 .1gg.u,
368 2879 395 2915 9,
410 2868 452 2905 1οξ
490 2878 512 2893 ⁵⁵
529 2878 580 2905 lsa.
595 2884 654 2909 XLV,
685 2875 703 2903 Ι.
747 2875 769 2891 ⁹⁶
785 2874 869 2908 llcbr.
881 2881 927 2908 vu,
950 2873 962 2900 1

1019 2880 1051 2907 μι,
1088 2873 1110 2889 ⁸⁷
1125 2872 1194 2901 Psal.
1211 2872 1299 2906 c1x,4.
1337 2869 1447 2908 ".Psal.
1465 2877 1509 2902 Cll,
1521 2868 1566 2896 ει-
