1990 3046
209 138 243 169 99
707 133 735 162 S.
755 133 893 162 CYRlLLl
912 128 1148 160 ALEXANDRI‘NI
1166 128 1320 158 ARCHIEP.

1786 125 1840 153 100

211 198 358 229 ctiﬁcatur,
383 198 464 231 atque
490 195 526 222 ila
543 194 696 230 ingreditur
712 193 745 220 ad
757 200 899 220 sacrorum
913 192 1000 219 admi-

1056 199 1153 227 μενον;
1171 187 1209 216 Ἢ
1224 189 1277 224 γὰρ
1300 188 1329 214 οὗ
1352 188 1404 220 πᾶς
1417 186 1505 223 ἱερεὺς
1521 185 1674 222 ἁγιάζεται,
1691 185 1788 212 είσειςί
1808 193 1840 212 τι

211 244 402 272 nistrationem
422 242 433 268 ?
460 251 469 266 ‹
483 241 580 275 Neque
604 240 676 267 enim
695 239 839 274 quisquam
855 237 1001 266 sumitsibi

213 289 344 316 honorem
358 287 440 323 (sicut
450 286 581 322 scriptum
594 284 658 320 est),
668 285 716 312 scd
726 285 774 320 qui
785 288 899 311 vocatur
908 292 922 311 a
936 283 1002 316 Deo,

214 339 343 369 tanquam
367 334 456 360 Aaron
477 333 509 358 ".
528 341 536 357 ι
559 331 613 366 58
634 330 741 366 Adjccit
767 334 858 357 autem
882 329 1002 356 Paulus:

217 380 286 407 «Sic
307 383 334 406 et
358 378 484 406 Christus
510 384 565 403 non
588 375 766 410 semetipsum
781 374 952 410 gloriﬁcavit,
973 377 1004 401 ut

213 425 336 461 pontifex
354 424 442 456 ﬁeret,
460 423 508 450 sed
525 422 572 457 qui
589 422 699 449 locutus
715 425 757 449 est
774 421 807 448 ad
820 429 883 448 eum
897 429 903 447 ε
918 419 1002 447 Filius

212 478 292 498 meus
310 477 340 497 es
354 473 393 501 tu,
413 476 463 504 ego
476 468 559 495 hodie
572 467 655 502 genui
670 471 705 493 te.
724 465 958 503 Quemadmodum
974 468 1004 492 ct

212 516 267 544 alio
293 515 320 542 in
341 516 402 543 loco
427 514 497 542 dixit
516 523 522 540 :
541 513 591 540 Tu.
609 521 640 540 es
660 511 788 540 sacerdos
813 511 841 538 in
869 506 1000 539 aeternum

211 563 364 592 secundum
375 562 500 589 ordinem
516 560 697 588 Melchisedec
711 560 729 586 ¹.
746 569 754 585 ι
770 558 915 586 Sciendum
927 558 1001 585 enim

211 614 263 642 est,
282 609 356 644 quod
370 616 459 643 neque
482 607 540 642 ipse
557 607 643 634 Filius
662 605 782 634 Verbum
803 613 837 632 ex
855 605 935 632 Patre
956 612 1001 632 sa-

212 655 335 682 cerdotio
357 654 432 689 fungi
455 653 572 685 dicatur,
587 655 615 679 et
629 651 657 678 in
676 649 887 678 sacriﬁcantium
904 649 1001 677 ordine

212 708 283 732 esse,
299 700 353 727 nisi
371 700 399 727 in
414 703 546 735 quantum
562 697 645 724 homo
659 700 772 731 propter
782 703 833 722 nos
845 699 887 722 est
902 694 999 726 factus.

212 751 241 773 et
262 747 334 774 sicut
350 751 464 774 vocatur
491 744 616 780 propheta
642 747 670 770 et
688 741 821 777 apostolus
843 742 864 773 ’,
890 745 1001 776 propter

213 791 411 819 humanitatem
433 798 513 826 quam
533 787 688 823 assumpsit,
710 787 747 814 ita
765 787 847 814 etiam
866 787 999 815 sacerdos.

212 837 386 865 Conveniunt
400 837 472 864 enim
491 836 585 863 forma:
602 833 753 866 servitutis,
770 834 889 861 servilia.
911 833 1000 868 Atque

1054 237 1139 268 οὕτως
1164 236 1210 262 ἐπὶ
1232 236 1263 262 τὸ
1278 235 1376 270 χρῆναι
1398 233 1490 261 λοιπον
1515 234 1562 260 καὶ
1582 233 1754 269 ίερουργεῖνς
1774 242 1783 258 ι
1801 231 1839 259 Οὐ

1054 283 1107 319 γὰρ
1120 281 1207 316 ἑαυτῷ
1226 290 1267 313 τις
1291 280 1424 316 λαμϐάνει
1442 279 1491 316 τὴν
1504 279 1597 315 τιμὴν,
1619 288 1629 304 ›
1649 278 1719 305 καθὰ
1738 278 1840 314 γέγρα-

1054 336 1129 359 πται,
1149 337 1157 353 ι
1176 327 1232 353 ἀλλ’
1247 325 1437 361 ὁκαλούμενος
1451 325 1504 352 ὑπὸ
1533 324 1579 351 τοῦ
1595 324 1674 355 Θεοῦ,
1706 324 1777 350 καθὰ
1793 323 1841 350 καὶ

1039 401 1044 408 η
1060 372 1176 408 Ἀαρών.
1193 382 1202 398 ι
1215 372 1397 408 Προστέθεικε
1411 372 1438 398 δὲ
1451 373 1465 398 ό
1475 370 1590 404 Παῦλος,
1605 371 1645 397 δτι
1667 380 1677 396 ι
1695 372 1749 398 Καὶ
1760 371 1841 403 αὐτὸς

1052 420 1066 446 ό
1082 420 1198 454 Χριστὸς
1211 419 1261 454 οὐχ
1278 418 1374 446 ἑαυτὸν
1391 418 1500 451 ὲδόξασε
1521 418 1685 454 γεννηοῆναι
1699 419 1839 455 ἀρχιερέα,

1052 464 1109 491 ἀλλ’
1124 465 1138 491 ὁ
1151 463 1268 499 λαλήσας
1283 463 1352 500 πρὸς
1369 464 1460 490 αὐτόν·
1479 464 1543 496 Υξὸς
1558 472 1608 499 μου
1621 463 1645 490 εῐ
1663 465 1705 495 σὺ,
1720 463 1775 498 ἐγὼ
1791 465 1841 499 σή-

1053 517 1137 545 μερον
1161 508 1314 544 γεγέννηκά
1329 516 1369 536 σε.
1388 508 1487 541 Καθὼς
1502 509 1549 536 καὶ
1561 510 1590 536 ἐν
1606 507 1690 544 ἑτέρῳ
1703 509 1787 543 λέγει,
1804 509 1841 535 Σὺ

1053 555 1142 591 ἱερεὺς
1163 555 1203 587 είς
1221 554 1267 582 τὸν
1284 554 1369 582 αῑῶνα
1381 555 1453 582 κατὰ
1473 555 1522 591 τὴν
1538 555 1615 589 τάξιν
1631 555 1807 591 Μελχισεδέκ.
1830 565 1839 582 ι

1052 601 1158 628 Είδέναι
1170 602 1223 638 γὰρ
1240 601 1398 636 ἀναγκαῖον,
1410 601 1448 634 ὡς
1460 599 1514 628 οὐδ’
1528 601 1561 628 ἂν
1576 601 1657 633 αὐτὸς
1670 603 1684 628 ὸ
1701 601 1763 634 Υἱὸς
1780 602 1794 628 ὁ
1810 601 1841 628 ὲκ

1051 645 1119 672 Θεοῦ
1133 646 1240 682 Πατρδς
1253 646 1348 680 Λόγος,
1366 646 1516 682 ἱερατεύειν
1531 646 1649 681 λέγοιτο,
1665 647 1712 673 καὶ
1727 647 1755 673 ἐν
1766 645 1841 679 τάξει

1051 691 1178 726 γενέσθαι
1203 694 1236 728 τῇ
1262 692 1447 728 λειτουργικῇ,
1472 693 1496 719 εί
1526 692 1564 728 μὴ
1583 693 1670 719 νοοῖτο
1684 692 1744 719 καθ’
1768 693 1842 728 ἡμᾶς

1052 737 1183 772 γεγονὼς,
1203 739 1250 766 καὶ
1273 739 1367 776 ὥσπερ
1389 740 1520 775 κέκληται
1543 739 1699 774 προφήτης
1718 739 1764 766 καὶ
1788 738 1841 774 μὴν

1052 785 1099 811 καὶ
1111 785 1284 819 ἀπόστολος
1294 785 1338 812 διὰ
1351 785 1380 812 τὸ
1395 784 1575 822 ἀνθρώπινον,
1591 785 1662 812 οὕτω
1673 786 1720 812 καὶ
1733 785 1839 820 ἱερεύς.

1053 830 1157 866 Πρέποι
1179 831 1234 866 γὰρ
1260 831 1334 867 αὺτῷ
1359 832 1409 866 τῆς
1432 832 1553 864 δουλείας
1580 833 1711 867 σχήματι,
1733 832 1767 858 τὰ
1781 831 1842 858 δου-

213 885 266 913 hoc
282 889 324 912 est
343 883 501 911 exinanitio.
516 882 567 915 Qui
586 881 687 908 etenim
706 881 819 916 aequalis
838 885 897 908 erat
908 881 998 913 Patri,

1053 876 1173 913 λοπρεπῆ
1187 885 1194 893 ·
1215 878 1261 904 καὶ
1278 877 1357 905 τοῦτό
1373 878 1446 904 ἐστιν
1462 878 1479 913 ἡ
1494 877 1618 908 κένωσις.
1638 878 1668 904 '0
1683 877 1737 913 γὰρ
1753 877 1842 912 ὑπάρ-

211 931 255 958 cui
272 931 355 958 etiam
372 932 488 964 Superna
506 927 649 963 Seraphim
659 927 790 954 assistunt
802 936 808 960 ;
820 927 864 954 cui
877 928 1000 955 serviunt

211 975 285 1002 mille
309 975 393 1002 millia
420 973 578 1009 angelorum
604 973 624 1006 ’,
651 977 795 1008 postquam
822 973 999 1008 semetipsum

210 1018 361 1046 exinanivit
378 1018 398 1051 ⁵,
414 1022 479 1045 tunc
494 1017 605 1045 demum
618 1023 774 1045 sanctorum
789 1022 817 1045 et
833 1018 891 1045 veri
908 1018 999 1045 taber-

211 1064 303 1091 naculi
320 1064 448 1091 sacerdos
457 1063 612 1091 declaratus
623 1063 734 1091 dicitur.
753 1064 830 1091 Tunc
841 1065 923 1091 etiam
936 1072 1000 1092 san-

179 1103 188 1107 ’
211 1109 347 1137 ctilicatus
368 1113 409 1137 est
429 1109 573 1137 nobiscum
595 1110 618 1137 is
632 1111 679 1145 qui
704 1118 813 1137 omnem
846 1116 1000 1138 creaturam

211 1159 340 1190 superat:
359 1165 367 1181 ι
383 1155 434 1188 Qui
450 1155 523 1182 enim
536 1155 698 1188 sanctiﬁcat,
715 1165 724 1181 ›
745 1156 843 1190 inquit,
859 1166 867 1181 ‹
882 1160 909 1184 et
920 1157 937 1183 ii
953 1157 1000 1191 qui

211 1200 427 1233 sanctiﬁcantur,
446 1208 479 1228 ex
499 1208 555 1228 uno
572 1208 678 1228 omnes.
701 1201 760 1234 Qua
778 1202 812 1229 de
841 1209 922 1230 causa
945 1211 1001 1230 non

211 1246 297 1282 pudet
311 1247 399 1282 ipsum
416 1247 515 1274 fratres
529 1254 594 1274 suos
609 1255 717 1281 vocare,
733 1248 827 1276 dicens
843 1258 849 1275 :
864 1249 1001 1278 Nuntiabo

211 1299 312 1319 nomen
333 1297 410 1319 tuum
427 1292 559 1320 fratribus
578 1293 647 1320 meis
664 1293 694 1320 ".
712 1303 721 1319 ι
741 1293 919 1323 Sanctiﬁcans
936 1303 1001 1331 ergo

210 1338 294 1370 Deus,
317 1338 427 1373 quando
443 1338 533 1366 factus
552 1343 595 1366 est
612 1339 706 1372 homo,
723 1344 752 1367 et
770 1340 901 1368 habitavit
913 1341 941 1368 in
953 1350 1002 1369 no-

212 1383 256 1411 bis
276 1384 298 1417 ⁸,
318 1388 486 1419 vocatusque
501 1388 544 1411 est
560 1384 653 1418 frater,
677 1385 828 1413 secundum
847 1386 1001 1415 humanita-

213 1433 278 1462 tem,
296 1434 361 1457 tunc
376 1424 460 1457 etiam
476 1429 620 1457 nobiscum
641 1431 805 1459 sanctiﬁcari
822 1432 933 1460 dicitur.
950 1433 1000 1461 Sa-

211 1474 335 1502 cerdotio
353 1474 438 1509 igitur
458 1474 544 1510 fungi,
560 1478 588 1502 et
604 1475 750 1504 nobiscum
767 1477 941 1510 sanctiﬁcari,
953 1486 1002 1513 per

212 1526 323 1547 carnem
347 1523 515 1554 assumptam
540 1520 591 1555 ipsi
618 1521 741 1548 accidit:
765 1523 1001 1559 exinanitionique

212 1565 309 1601 ipsius,
326 1566 408 1593 modo
431 1570 506 1593 recte
521 1566 624 1594 sentire
645 1568 773 1602 velimus,
800 1569 858 1597 haec
880 1570 1002 1598 ascribe-
1015 1555 1038 1587 ο

213 1618 283 1638 mus.
309 1610 337 1638 Si
361 1618 428 1637 vero
451 1610 584 1645 Spiritum
600 1616 734 1645 sanctum,
755 1620 817 1640 cum
829 1621 1002 1650 nequaquam

212 1663 241 1683 se
252 1655 444 1688 exinaniverit,
461 1655 615 1683 sacerdotio
625 1656 748 1684 functum
762 1658 895 1692 dicamus,
909 1660 1001 1687 divina

213 1702 302 1736 ipsum
320 1702 406 1736 gloria
425 1701 575 1736 privamus,
595 1707 676 1737 atque
692 1703 720 1730 in
740 1704 774 1731 iis
789 1712 849 1739 qua:
864 1705 921 1733 Deo
931 1705 1002 1734 infe-

213 1748 286 1774 riora
302 1750 376 1779 sunt,
392 1747 602 1780 constituemus,
622 1748 694 1775 inter
711 1754 802 1777 creata
816 1751 1000 1785 collocantes;

213 1797 262 1820 aut
273 1788 420 1820 ostendant
435 1793 516 1820 nobis
534 1793 667 1828 Spiritum
684 1794 881 1823 humanitatem
895 1804 999 1825 assumn

213 1839 311 1874 psisse,
335 1839 611 1875 imminutionemque
633 1839 726 1867 divino
754 1842 868 1869 consilio
890 1842 1002 1871 institu-

213 1889 269 1912 tam
300 1885 480 1918 sustinuisse,
509 1886 740 1920 quemadmodum
769 1887 879 1915 Filium.
907 1889 1002 1924 Neque

213 1931 287 1958 enim
312 1939 374 1958 cum
393 1924 635 1960 consubstantialis
649 1933 685 1960 sit
695 1938 787 1961 sancta
803 1942 834 1962 ac
846 1935 1002 1963 veneranda

213 1976 346 2010 Trinitas,
370 1976 473 2005 idcirco
489 1978 534 2005 cui
551 1978 667 2013 quisque
683 1979 801 2019 voluerit
817 1987 940 2015 persona:
957 1981 1001 2008 in-

214 2021 381 2049 carnationis
404 2022 475 2049 ratio
500 2022 645 2049 tribuenda
663 2027 715 2050 est.
730 2023 829 2051 Factus
844 2023 945 2051 etenim
960 2027 1002 2051 est

213 2069 306 2100 homo,
324 2075 379 2094 non
397 2067 455 2102 ipse
474 2068 563 2101 Pater,
581 2076 636 2095 non
656 2068 775 2103 Spiritus
786 2075 914 2097 sanctus:
928 2070 1002 2098 solus

213 2120 279 2141 vero
300 2113 396 2140 I‘ilius.
422 2113 461 2140 Ita
483 2121 536 2140 nos
558 2120 641 2141 sacra!
668 2114 778 2142 Litterae
803 2114 911 2143 docent.
930 2115 1000 2149 Quid

213 2158 298 2194 igitur
318 2161 447 2193 torquent
462 2159 615 2192 veritatem,
627 2160 707 2194 eique
719 2160 772 2187 vim
785 2161 916 2194 inferunt,
924 2166 951 2189 et
962 2162 999 2195 id,

213 2205 287 2240 quod
299 2204 493 2232 exinanitionis
501 2204 671 2232 occasionem
677 2213 732 2233 non
742 2207 847 2240 habuit,
855 2207 999 2243 Spiritum,

213 2249 336 2284 inquam,
351 2252 474 2275 sanctum
490 2248 658 2276 exinanitum
676 2251 853 2284 contendunt,
864 2252 892 2278 in
909 2260 1000 2280 sacer-

213 2295 309 2322 dctum
320 2302 464 2322 numerum
473 2301 536 2322 eum
549 2295 716 2324 referentes?
727 2297 854 2325 sacerdos
867 2299 939 2325 enim
949 2299 1000 2326 fuit

213 2341 403 2369 Melchisedec.
420 2341 554 2369 Caeterum
580 2342 608 2369 in
621 2342 763 2375 honorem,
783 2343 869 2376 aiunt,
886 2343 958 2377 Filii,
972 2345 999 2373 in

213 2393 307 2423 typum
327 2388 412 2416 futuri
430 2389 489 2424 ejus
504 2388 558 2423 59
571 2388 714 2416 sacerdotii
732 2389 789 2424 ipse
804 2397 853 2424 per
869 2397 898 2417 se
910 2394 1000 2418 trans‘

214 2433 347 2470 ﬁguratus
361 2439 403 2462 est
422 2435 549 2470 Spiritus.
563 2435 644 2470 Ergo,
657 2435 772 2462 dixerim
783 2436 867 2468 enim,
882 2437 1001 2472 neglexit

215 2479 334 2514 Spiritus
352 2483 463 2507 sanctus
487 2480 618 2507 honorem
639 2487 815 2516 amoremque
836 2481 864 2509 in
888 2482 998 2515 Filium,

214 2533 380 2560 parvamque
395 2526 477 2561 hujus
489 2526 528 2553 rei
545 2533 637 2553 curam
649 2526 740 2561 gessit.
761 2526 843 2562 Atqui
855 2535 909 2562 quo
922 2533 999 2562 pacto

215 2578 270 2597 non
292 2571 344 2597 hoc
366 2578 467 2597 vanum
487 2571 605 2605 cogitatu
615 2575 642 2597 et
653 2570 725 2598 dictu
741 2570 825 2598 fuerit
837 2572 849 2598 ?
861 2571 1000 2600 Glorilicnt

215 2616 288 2643 enim
310 2616 409 2644 Filium
425 2616 592 2648 Paracletus,
615 2616 667 2644 hoc
687 2621 738 2649 est,
761 2616 889 2651 Spiritus.
917 2618 950 2645 Et
966 2617 999 2645 de

215 2661 274 2696 ipso
302 2662 391 2697 inquit
412 2671 418 2689 :
442 2662 511 2690 «Ille
525 2671 568 2690 me
582 2662 743 2690 clariﬁcabit
767 2664 788 2689 θ.
804 2673 812 2688 ι
827 2651 887 2696 ⁸ριιί
917 2664 999 2699 igitur

214 2706 348 2735 honorare
361 2708 429 2741 vult,
445 2712 525 2744 atque.
538 2708 590 2736 hoc
600 2708 709 2743 quidem
723 2714 865 2744 perpetuo,
880 2717 929 2736 cur
944 2718 997 2737 non

1054 931 1109 957 χων
1132 922 1161 949 ἐν
1181 924 1271 958 μορφῇ
1296 923 1342 949 καὶ
1355 923 1457 958 ίσότητι
1472 922 1520 949 τοῦ
1536 923 1653 959 Πατρὸς,
1667 919 1689 956 ᾧ
1711 922 1758 948 καὶ
1774 921 1844 948 αὐτὰ.

1054 969 1088 995 τὰ
1099 969 1155 996 ἄνω
1169 970 1359 1005 παρεστήκασι
1374 970 1511 1005 Σεραφὶμ,
1556 969 1744 1005 λειτουργοῦσι
1760 969 1844 1005 χίλιαι

1054 1015 1171 1050 χιλιάδες
1198 1016 1338 1050 ἀγγέλων,
1361 1016 1455 1052 ἐπειδὴ
1481 1016 1631 1043 κεκένωκεν
1650 1015 1761 1048 ἑαυτὸν,
1783 1016 1844 1043 τότε

1053 1061 1085 1096 δὴ
1103 1061 1163 1088 τότε
1187 1061 1242 1088 τῶν
1268 1061 1354 1096 ἁγίων
1368 1061 1523 1097 λειτουργὸς
1544 1061 1655 1096 καὶτῆς
1674 1063 1775 1097 σκηνῆς
1795 1061 1843 1097 τῆς

1054 1107 1186 1142 ἀληθινῆς
1209 1107 1400 1142 ἀναδειχθῆναι
1423 1108 1544 1142 λέγεται.
1559 1107 1626 1134 Τότε
1648 1109 1694 1134 καὶ
1715 1107 1844 1142 ἡγίασται

1056 1154 1116 1189 μεθ’
1153 1154 1232 1190 ἡμῶν
1259 1155 1273 1180 ό
1296 1154 1366 1189 ὑπὲρ
1393 1155 1483 1180 πᾶσαν
1515 1154 1613 1180 κτίσιν.
1641 1163 1649 1179 ι
1673 1154 1708 1180 "0
1732 1162 1761 1180 τε
1791 1153 1844 1189 γὰρ

1054 1201 1184 1235 ἁγιάζων,
1206 1210 1214 1226 ι
1238 1201 1314 1236 φησὶ,
1334 1209 1342 1226 ι
1364 1200 1410 1227 καὶ
1431 1201 1455 1226 οι
1469 1199 1644 1234 ἁγιαζόμενοι
1660 1200 1689 1232 ἐξ
1702 1199 1761 1232 ἐνὸς
1775 1200 1840 1226 πάν-

1053 1256 1109 1279 τες.
1126 1248 1164 1274 Δι’
1181 1247 1215 1282 ἢν
1230 1247 1319 1274 αἰτίαν
1335 1247 1384 1273 οὐκ
1401 1246 1594 1281 ἐπαισχύνεται
1610 1246 1740 1281 ἀδελφοὺς
1752 1246 1844 1273 καλεῖν

1055 1294 1163 1325 αὐτοὺς,
1177 1293 1275 1327 λέγων,
1290 1292 1452 1327 ’Λπαγγελῶ
1462 1292 1492 1318 τὸ
1507 1291 1593 1328 ὄνομά
1604 1301 1650 1318 σου
1659 1293 1714 1324 τοῖς
1721 1292 1844 1327 ἀδελφοῖς

1056 1348 1116 1375 μου.
1143 1349 1152 1366 ›
1172 1339 1275 1366 Οὐκοῦν
1294 1340 1308 1365 ὁ
1321 1338 1442 1373 ἁγιάζων
1461 1339 1498 1370 ὡς
1517 1338 1593 1371 Θεὸς,
1610 1339 1655 1365 ὅτε
1669 1338 1780 1373 γέγονεν
1796 1339 1844 1365 ἆν-

1055 1385 1173 1420 θρωπος,
1193 1385 1239 1412 καὶ
1256 1385 1409 1421 ἐσκήνωσεν
1426 1385 1455 1411 ἐν
1472 1385 1548 1420 ἡμῖν,
1570 1385 1616 1411 καὶ
1641 1384 1845 1421 κεχρημάτικεν

1055 1428 1168 1464 ἀδελφὸς
1182 1429 1254 1456 κατὰ
1263 1429 1292 1456 τὸ
1304 1428 1483 1465 ἀνθρώπινον,
1497 1430 1556 1456 τότε
1567 1430 1613 1456 καὶ
1628 1431 1676 1456 σὺν
1689 1431 1753 1465 ἡμῖν
1765 1430 1845 1464 ἁγιά-

1055 1474 1150 1506 ξεσθαι
1167 1475 1285 1510 λέγεται.
1312 1476 1390 1503 Ἔστι
1405 1476 1495 1502 τοίνυν
1516 1476 1563 1503 καὶ
1579 1477 1610 1503 τὸ
1623 1477 1678 1503 δεῖν
1695 1477 1844 1512 ἱερατεύειν

1055 1521 1102 1548 καὶ
1117 1521 1146 1548 τὺ
1158 1521 1319 1556 ἁγιάζεσθαι
1333 1521 1393 1557 μεθ’
1409 1522 1488 1556 ἡμῶν
1505 1521 1555 1557 τῆς
1569 1521 1638 1558 μετά
1656 1522 1756 1558 σαρκὸς
1770 1523 1843 1550 οἶκοι

1053 1566 1158 1602 νομίας.
1177 1567 1232 1593 Καὶ
1253 1568 1311 1598 τοῖς
1335 1567 1386 1602 τῆς
1412 1567 1551 1600 κενώσεως
1571 1567 1690 1603 μέτροις,
1712 1568 1799 1604 ὀρθῶς
1813 1576 1843 1595 τε

1053 1612 1101 1639 καὶ
1120 1612 1280 1648 ἀμωμήτως
1304 1614 1412 1649 φρονεῖν
1435 1614 1581 1649 ᾑρημένοι,
1596 1615 1632 1641 τὰ
1654 1615 1743 1642 τοιάδε
1759 1624 1844 1651 προσ-

1053 1656 1205 1692 γράψομεν.
1219 1658 1251 1684 Εἰ
1265 1657 1293 1684 δὲ
1309 1658 1340 1693 δὴ
1353 1658 1384 1684 τὸ
1395 1658 1507 1694 Πνεῦμα
1523 1659 1649 1695 μηδαμοῦ
1665 1660 1714 1696 τὴν
1728 1661 1844 1687 κένωσιν

1053 1701 1262 1738 ὑπομεμενηκὺς
1281 1703 1432 1739 ἱερατεύειν
1459 1703 1584 1739 λέγομεν,
1606 1705 1684 1740 δόξης
1711 1706 1777 1732 αὐτὸ
1792 1706 1844 1742 τῆς

1053 1748 1222 1784 θεοπρεποῦς
1236 1749 1387 1785 ἐξοίσομεν,
1407 1751 1455 1777 καὶ
1476 1751 1504 1777 ὲν
1518 1752 1574 1782 τοῖς
1588 1751 1640 1777 ὑπὸ
1656 1751 1722 1779 Θεὸν
1737 1752 1842 1786 λογιού-

1054 1792 1124 1827 μεθά
1146 1801 1208 1824 που,
1233 1793 1331 1829 μέτρον
1343 1793 1418 1829 αὐτῷ
1433 1794 1550 1826 διδόντες
1562 1795 1592 1822 τὺ
1608 1797 1747 1832 γεννητόν.
1764 1798 1797 1823 Ἢ
1811 1797 1842 1834 δὴ

1052 1837 1236 1864 δεικνύτωσαν
1259 1839 1324 1873 ἡμῖν
1350 1839 1558 1875 ὲνανθρωπῆσαι
1583 1839 1613 1867 τὸ
1644 1841 1765 1876 Πνεῦμα,
1795 1843 1842 1868 καὶ

1052 1882 1185 1910 ὑπόϐασιν
1209 1884 1383 1920 οἰκονομικὴν
1407 1885 1566 1920 ὑπομεῖναν,
1595 1885 1720 1922 καθάπερ
1746 1888 1841 1924 ἀμέλει

1052 1929 1100 1955 καὶ
1124 1929 1170 1956 τὺν
1185 1929 1259 1957 Υῐόν.
1278 1930 1316 1957 Οὐ
1340 1931 1394 1966 γὰρ
1411 1931 1559 1968 ἐπειδήπερ
1577 1933 1651 1960 ἐστὶν
1668 1935 1810 1969 ὁμοούσιος
1823 1937 1840 1972 ἡ

1052 1973 1118 2008 ἁγία
1133 1975 1180 2001 καὶ
1196 1976 1419 2012 προσκυνουμένη
1435 1977 1532 2013 Τριὰς,
1542 1978 1671 2016 ταύτῃτοι
1681 1980 1741 2007 καθ’
1756 1978 1841 2018 οὗπερ

1052 2019 1086 2046 ἂν
1100 2020 1185 2047 ἓλοιτό
1199 2029 1242 2053 τις
1252 2022 1399 2057 προσώπου
1408 2023 1454 2050 τὸν
1467 2025 1516 2060 τῆς
1529 2025 1761 2062 ἐνανθρωπήσεως
1773 2027 1840 2054 καθ-

1051 2065 1121 2100 οριεῖ
1141 2065 1228 2100 λόγον.
1266 2067 1364 2101 Γέγονε
1388 2069 1442 2105 γὰρ
1468 2069 1627 2106 ἅνθρωπος,
1649 2071 1698 2099 ούκ
1722 2072 1804 2105 αὐτὸς
1825 2075 1839 2100 ό

1052 2111 1158 2148 Πατὴρ,
1172 2112 1232 2139 οὐδὲ
1252 2113 1283 2140 τὸ
1304 2114 1417 2151 Πνεῦμα
1433 2115 1461 2142 τὸ
1477 2116 1564 2151 ἆγιον,
1593 2118 1673 2153 μόνος
1687 2119 1715 2145 δὲ
1735 2121 1749 2147 ὀ
1765 2120 1839 2153 Υἱός.

1053 2156 1146 2189 οὕτως
1168 2158 1240 2193 ἡμᾶς
1254 2159 1281 2186 αῖ
1297 2158 1365 2187 θεῖαι
1384 2163 1654 2198 μεμυσταγωγήκασι
1668 2164 1785 2200 Γραφαί.
1808 2166 1840 2192 Τί

1052 2203 1141 2230 τοίνυν
1156 2204 1369 2239 παραϐιάζονται
1384 2206 1432 2242 τὴν
1446 2206 1584 2243 ἀλήθειαν,
1602 2209 1647 2235 καὶ
1662 2209 1690 2235 τὸ
1706 2211 1840 2245 πρόφασιν

1053 2249 1103 2275 οὐκ
1117 2249 1178 2285 ἔχον
1197 2249 1242 2276 τοῦ
1263 2251 1430 2279 κεκενῶσθαι
1450 2253 1515 2286 δεῖν,
1537 2254 1608 2290 φημὶ
1622 2255 1654 2291 δὴ
1677 2256 1707 2282 τὸ
1729 2257 1840 2293 Πνεῦμα

1053 2295 1083 2321 τὸ
1099 2296 1185 2330 ἅγιον,
1206 2296 1234 2323 ὲν
1248 2298 1305 2329 τοῖς
1325 2298 1374 2332 τῆς
1396 2297 1537 2331 κενώσεως
1556 2302 1768 2337 κατακομίζουσι
1790 2305 1839 2339 μέ·

1053 2349 1142 2376 τροις,
1158 2341 1235 2377 εἴπερ
1251 2342 1324 2368 ἐστὶν
1344 2343 1451 2378 ἀληθῶς
1474 2345 1528 2376 τοῖς
1546 2345 1696 2382 ἱερουργεῖν
1709 2349 1840 2382 τεταγμέ-

1053 2395 1109 2418 νοις
1130 2387 1301 2423 ὲναρίθμιονς
1329 2388 1427 2424 Ὶερεὺς
1452 2389 1502 2425 μὲν
1517 2391 1570 2427 γὰρ
1585 2389 1619 2428 ἦν
1633 2394 1646 2419 ό
1663 2393 1836 2430 Μελχισεδέκ.

1059 2430 1129 2457 Ἂλλ⁹
1145 2434 1185 2464 εἰς
1201 2435 1282 2469 τιμήν
1303 2442 1367 2470 φησι
1390 2434 1435 2461 τοῦ
1456 2435 1521 2462 Υίοῦ
1540 2436 1607 2472 πρὸς
1619 2437 1703 2465 τύπον
1716 2438 1764 2474 τῆς
1779 2440 1838 2466 κατ’

1053 2478 1135 2506 αὐτὸν
1162 2481 1294 2516 ἐσομένης
1316 2482 1465 2518 ἱερωσύνης
1493 2485 1562 2511 κατά
1586 2488 1707 2521 καιροὺς,
1724 2488 1789 2514 αὐτὸ
1805 2488 1837 2514 δι’

1054 2525 1149 2552 ἑαυτοῦ
1160 2525 1336 2562 διεμορφοῦτο
1342 2528 1372 2554 rb
1379 2529 1446 2555 Πνεῦ
1452 2538 1498 2564 μα.
1509 2530 1622 2563 Οὐκοῦν,
1631 2532 1763 2567 ἐρήσομαι
1773 2533 1836 2570 γὰρ,

1053 2572 1241 2608 κατημέλησεν
1262 2573 1315 2609 ἄρα
1335 2574 1364 2600 τὸ
1380 2575 1492 2611 Πνεῦμα
1511 2576 1540 2602 τὸ
1563 2577 1651 2611 ἅγιον,
1673 2579 1722 2614 τῆς
1733 2581 1771 2610 είς
1792 2581 1837 2607 τὸν

1053 2618 1117 2645 Υίὸν
1136 2620 1217 2654 τιμῆς
1238 2620 1285 2646 καὶ
1304 2621 1422 2656 ἀγάπης,
1448 2622 1494 2649 καὶ
1510 2622 1587 2658 όλίγα
1604 2624 1649 2650 τοῦ
1677 2626 1837 2662 πράγματος

1054 2665 1204 2700 φροντίζειν
1228 2666 1312 2698 ἀξιοῖ·
1337 2668 1424 2695 καίτοι
1449 2669 1507 2701 πῶς
1530 2671 1559 2696 οὐ
1584 2671 1665 2706 λῆρος
1692 2673 1742 2708 ἤδη
1760 2673 1838 2700 ταυτὶ

1054 2711 1184 2746 φρονεῖνῆ
1197 2712 1299 2746 λέγειν;
1311 2713 1421 2746 Δοξάξει
1432 2715 1485 2751 γὰρ
1494 2717 1538 2743 τὸν
1552 2716 1616 2743 Υὲὸν
1627 2719 1640 2744 ὀ
1649 2718 1836 2754 Παράκ).ητος,

266 2809 290 2853 ’ξ
303 2809 428 2853 Hebr-3;.
437 2810 469 2853 4v.
481 2810 510 2853 -1
522 2809 598 2853 uid-7
660 2810 759 2853 6:..01-
772 2811 846 2853 .Psal-
864 2810 920 2853 ιξιτ
935 2815 977 2853 ,ςι

1053 2833 1063 2853 ,1
1083 2812 1108 2840 4.
1147 2814 1255 2853 "petit.
1270 2816 1482 2853 xvlu,15;rAct.
1504 2826 1542 2846 ιιι.
1560 2817 1611 2850 22;
1637 2819 1722 2848 Hebr.
1747 2828 1787 2853 In.
1807 2821 1833 2850 l.

224 2845 302 2875 lDan.
321 2852 366 2876 vu,
387 2845 426 2872 10.
461 2845 580 2879 ‘Philip.
593 2852 621 2878 η,
635 2846 660 2871 7.
698 2846 718 2861 δ’
732 2845 812 2874 Hebr.
830 2854 857 2879 ιι,
873 2846 914 2879 ll,
932 2846 983 2881 l2;

1053 2848 1074 2874 ι1.
1091 2847 1199 2883 ωιῃῖιᾶ
1219 2850 1249 2894 λ
1268 2845 1345 2878 Joan.
1370 2845 1456 2884 1/“.
1478 2853 1496 2895 Δ⁶
1514 2845 1591 2889 ,ιοεηιξ
1606 2845 1741 2888 ’ἦῆ-Π.
