1990 3046
147 169 196 196 101

658 163 918 194 GLAPHYRORUM
936 165 968 193 IN
987 165 1136 195 GENESIM
1158 165 1221 192 LIB.
1241 164 1273 194 ll.

1195 110 1214 127 ἡ

1727 168 1779 198 432

146 226 269 254 τουτέστι
281 225 308 252 τὺ
317 224 501 261 Πνεῦμα.Καὶ
513 223 578 259 περὶ
587 223 670 250 αὑτοῦ
684 231 777 259 φησιν,
792 233 802 250 ι
821 223 938 256 Ἐκεῖνος

993 226 1082 261 potius
1106 227 1197 254 Aaron
1217 231 1259 254 est
1285 225 1393 254 factus?
1408 232 1454 254 aut
1469 227 1557 263 Cyrus
1580 228 1722 256 Persarum
1744 235 1777 256 ac

147 273 198 308 ἐμὲ
210 271 326 305 δοξάσει.
347 281 357 297 ι
373 271 410 297 Τὸ
423 270 512 297 τοίνυν
535 270 617 306 τιμᾷν
641 269 778 305 ᾑρημένον
795 270 841 296 καὶ
860 269 939 296 τοῦτο

148 317 356 352 ἀκαταλήκτως,
379 317 406 343 τί
419 316 459 351 μὴ
485 314 585 350 μᾶλλον
602 316 670 342 αὐτὸ
684 316 795 350 γέγονεν
816 315 937 351 ’Δαρὼν;

146 362 215 389 αὐτὸ
232 363 265 398 δὴ
284 363 332 389 καὶ
347 361 439 398 Κῦρος
459 362 473 387 6
487 361 602 396 Περσῶν
615 369 645 387 τε
659 361 707 388 καὶ
721 361 822 397 Μήδων
834 362 939 397 κρατή-

150 417 214 441 σαςς
237 409 281 435 καὶ
297 408 349 444 μέν
372 416 414 435 τοι
436 407 484 435 καὶ
503 407 606 443 Ἰησοῦς
620 408 635 434 6
657 407 705 434 τοῦ
736 404 877 440 Ἰωσεδὲκ,
894 407 940 434 καὶ

151 455 202 490 μέν
221 462 262 481 τοι
286 455 333 481 καὶ
346 453 498 488 Ζοροὸάὸελ
518 454 533 480 6
546 453 593 481 τοῦ
618 453 762 488 Σαλαθιήλ,
780 454 794 480 6
809 454 841 480 ὲκ
855 453 940 488 φυλῆς

156 499 252 532 Ἰούδα,
265 499 282 534 ἢ
298 500 344 526 καὶ
363 500 475 534 Μωσῆς,
493 499 562 535 πρὸς
573 499 604 526 ὃν
623 499 729 536 εἴρηταί
744 508 796 526 που
809 499 859 535 τὴν
873 500 940 535 Χρι-

151 545 216 572 στοῦ
238 545 375 580 μεσιτείαν
392 545 435 580 ἐφ’
457 544 555 571 ἑαυτοῦ
570 544 740 572 δεικνύοντα·
764 553 774 570 ι
795 545 940 581 Προφήτην

151 592 297 626 ἀναστήσω
316 591 408 622 αὐτοῖς
420 590 453 618 ὲκ
468 590 523 618 τῶν
534 590 657 625 ἀδελφῶν
668 590 877 627 αὐτῶνῶσπερ
898 599 939 623 σε,

151 638 199 664 καὶ
209 637 288 664 δώσω
307 637 370 669 τοὺς
382 637 477 671 λόγους
492 645 542 672 μου
558 637 587 663 ὲν
600 636 640 672 τῷ
655 636 770 672 στόματι
783 636 876 669 αὑτοῦ,
894 636 942 664 καὶ

153 683 263 718 λαλήσει
283 682 375 714 αὐτοῖς
399 682 468 709 καθά
483 682 517 709 ἂν
533 682 693 717 ἐντείλωμαί
706 681 802 717 αὺτῷ;
825 691 835 708 ι
853 682 885 709 Τί
904 682 940 719 μὴ

153 729 264 763 γέγονεν
277 728 344 754 αὐτὸ
358 728 405 754 καὶ
421 728 523 763 Ἰησοῦς
541 729 555 755 6
567 728 615 755 τοῦ
629 727 719 762 Ναυῆ.
733 729 748 755 6
760 727 829 763 μετά
840 728 942 755 Μωσέα

155 774 317 810 στρατηγὸς,
340 774 370 806 ὃς
389 773 526 801 διεϐίὸασε
545 773 591 801 τὸν
623 773 758 809 Ἰορδάνην
779 774 843 805 τοὺς
867 773 942 805 υἱοὺς

161 821 284 856 Ἰσραὴλ,
299 820 346 846 καὶ
358 819 503 855 περιέτεμε
524 819 673 855 μαχαίραις
685 819 837 854 πετρίναις.
850 819 940 846 atm-

156 866 252 900 κόμικὶ
271 865 299 892 δὲ
320 865 366 892 καὶ
380 866 420 897 είς
437 865 487 900 τὴν
499 865 550 899 γῆν
562 866 611 900 τῆς
630 864 811 899 ἐπαγγελίας;
824 865 841 900 ἢ
852 864 902 892 οὐκ
912 865 942 891 ὲν

988 271 1128 299 Medorum
1158 272 1230 299 rex?
1251 271 1292 299 vel
1316 272 1395 299 Jesus
1421 272 1493 300 ﬁlius
1518 273 1641 305 Josedec,
1671 280 1778 301 necnon

989 317 1139 345 Zorobabel
1153 317 1312 345 Salathielis
1329 316 1402 345 ﬁlius
1412 324 1446 344 ex
1457 317 1530 345 tribu
1545 317 1628 350 Juda,
1645 323 1692 345 aut
1704 318 1778 354 Moy-

989 370 1043 395 ses,
1070 362 1105 390 ad
1127 370 1210 397 quem
1231 362 1334 390 Christi
1358 363 1554 390 mediutionem
1576 363 1633 390 sive
1647 363 1778 390 interces-

988 410 1094 437 sionem
1114 417 1171 444 ρεαδ
1190 417 1219 436 se
1233 408 1365 436 ferentem
1388 409 1492 437 dictum
1507 414 1549 436 est
1563 418 1569 435 :
1592 418 1600 434 ι
1615 408 1779 443 Prophetam

989 455 1128 482 suscitabo
1147 455 1188 482 eis
1205 462 1239 482 ex
1255 454 1388 482 fratribus
1402 461 1510 486 eorum,
1529 453 1602 481 sicut
1620 457 1658 484 te.
1672 457 1700 480 et
1710 453 1780 480 dabo

989 507 1130 528 sermones
1141 508 1216 528 meos
1230 500 1258 528 in
1273 507 1322 528 ore
1337 500 1434 535 ipsius,
1444 503 1473 527 et
1486 500 1615 534 loquetur
1630 499 1671 526 eis
1683 506 1780 534 quem-

989 546 1137 574 admodum
1153 554 1310 582 prmcepero
1320 547 1345 574 ei
1361 547 1371 563 "
1385 546 1396 573 ?
1411 556 1420 572 ι
1438 545 1493 573 Aut
1505 553 1554 573 cur
1566 553 1621 573 non
1635 545 1724 572 factus
1739 548 1782 572 est

987 592 1071 620 Iosue
1084 613 1091 624 ,
1112 592 1186 620 ﬁlius
1198 593 1283 625 Nave,
1307 592 1355 627 qui
1374 595 1436 627 post
1456 592 1565 627 Moysen
1577 591 1632 618 dux
1643 591 1782 619 exercitus

990 638 1062 665 fuit?
1076 638 1122 673 qui
1143 638 1266 665 traduxit
1284 638 1421 666 Israelitas
1435 645 1484 673 per
1501 637 1670 665 Jordanem?
1684 641 1712 664 et
1724 637 1780 665 cir-

990 684 1120 712 cumcidit
1131 684 1229 712 cultris
1239 684 1363 718 lapideis,
1381 683 1542 718 induxitque
1555 683 1583 710 in
1598 687 1698 710 terram
1715 689 1781 717 pro-

990 729 1148 757 missionis?
1163 729 1258 756 Nonne
1270 729 1344 756 cnim
1361 729 1389 756 in
1403 729 1514 756 Christo
1530 728 1660 763 baptizati
1674 735 1778 760 sumus,

989 778 1019 801 et
1043 773 1198 801 circumcisi
1218 774 1429 801 circumcisione
1455 781 1511 800 non
1539 772 1704 804 manufacta,
1731 780 1781 807 per

992 818 1136 853 Spiritum,
1149 818 1214 846 facti
1229 823 1321 846 autem
1341 825 1437 847 sumus
1451 818 1573 845 baeredes
1596 818 1672 853 regni
1695 819 1779 845 coelo-

991 863 1075 890 rum?
1090 862 1173 897 Atqui
1193 870 1248 897 quo
1258 867 1338 897 pacto
1356 870 1412 890 non
1423 863 1597 889 manifestum
1614 862 1667 889 hoc
1675 862 1782 889 fuerit?
1821 867 1826 873 '

154 909 265 945 Χριστῷ
284 909 486 944 βεϐαπτίσμεοα
499 910 546 936 καὶ
560 910 785 945 περιτετμήμεθα
799 909 849 945 μὲν
864 910 940 950 qu;

993 906 1124 940 Quocirca
1147 906 1169 933 si
1193 906 1325 941 Spiritum
1347 911 1499 934 statuemus
1516 914 1623 941 semper
1636 907 1782 934 formatum

156 957 291 993 ροποιὴτῳ
313 958 447 992 περιτομῇ
473 955 518 983 διά
542 955 712 991 Πνεῦματος.
737 956 890 991 γεγόναμεν
911 956 940 982 δὲ

153 1002 317 1038 κληρονόμοι
332 1004 382 1038 τῆς
400 1002 455 1029 τῶν
468 1002 592 1038 οὐρανῶν
613 1002 768 1037 βασιλείας;
781 1003 870 1029 καίτοι
882 1002 941 1034 πῶς

153 1047 233 1075 τοῦτο
243 1049 292 1074 οὐκ
308 1048 438 1083 ἑναργέςς
453 1047 557 1074 Οὐκοῦν
567 1047 584 1083 ἢ
596 1047 627 1074 τὸ
643 1048 755 1083 Πνεῦμα
766 1047 887 1084 δώσομεν
898 1048 942 1075 ἀεὶ

155 1093 354 1129 μορφούμενον,
373 1094 425 1120 καὶ·
441 1093 479 1124 ὼς
497 1094 527 1120 ὲν
541 1093 648 1128 ἑκάστῳ
659 1093 714 1120 τῶν
728 1093 941 1129 ὠνομασμένων,

154 1139 197 1166 ινα
214 1141 317 1175 τιμήσῃ
332 1139 378 1166 τὸν
400 1139 473 1171 Υὶὸν,
488 1139 572 1174 ήγουν
596 1138 672 1166 ἔσται
688 1139 781 1166 λοιπὸν
805 1138 907 1174 ἀληθὴς
927 1139 942 1164 ό

153 1185 241 1219 λόγος,
253 1185 291 1216 ὡς
303 1185 381 1219 ὀλίγα
391 1185 438 1212 τοῦ
451 1185 605 1220 πρέποντος
619 1186 942 1220 καταφωρᾶταιίιτεφρον-

991 957 1021 981 et
1037 952 1122 980 veluti
1147 952 1175 979 in
1199 959 1366 987 unoquoque
1387 959 1494 984 eorum,
1510 960 1580 986 quos
1606 951 1735 983 diximus,
1753 957 1783 980 ut

993 998 1111 1026 honoret
1130 997 1240 1030 Filium,
1265 1005 1331 1025 vere
1357 998 1453 1032 utique
1475 998 1583 1025 dicetur
1608 1005 1719 1032 parvam
1733 997 1783 1025 de-

992 1044 1160 1071 corationem
1183 1043 1333 1070 habuisse:
1356 1043 1458 1078 quippe
1481 1045 1528 1078 qui
1553 1048 1680 1071 veterum
1702 1043 1783 1070 alicui

993 1096 1022 1117 se
1037 1089 1183 1116 immiserit
1196 1089 1225 1115 in
1237 1092 1329 1124 typum
1340 1095 1372 1116 ac
1385 1089 1594 1116 similitudinem
1605 1089 1676 1116 Filii.
1691 1088 1784 1123 Apage

992 1135 1077 1170 igitur
1084 1142 1147 1162 cum
1161 1135 1214 1162 ista
1224 1133 1423 1168 cogitationum
1435 1134 1616 1161 absurditate.
1639 1133 1782 1161 Melchise-

993 1182 1044 1209 dec
1059 1181 1151 1215 itaque
1169 1180 1252 1207 homo
1262 1179 1325 1212 fait,
1335 1187 1391 1207 non
1401 1179 1520 1214 Spiritus
1531 1184 1653 1207 sanctus.

152 1233 238 1264 τικός·
251 1233 337 1268 ἐφῆκε
350 1232 404 1267 γὰρ
417 1232 448 1268 δὴ
461 1231 516 1258 τῶν
526 1232 711 1267 ἀρχαιοτέρων
721 1233 791 1258 τισὶν
801 1234 841 1263 είς
853 1232 938 1258 τύπον
956 1229 1004 1256 καὶ
1036 1228 1165 1263 ὁμοίωσιν
1184 1227 1350 1254 πλάττεσθαι
1368 1227 1417 1254 τοῦ
1438 1227 1503 1254 Υῑοῡ
1515 1234 1521 1242 ⁸
1547 1227 1638 1262 ἄπαγε
1657 1227 1709 1263 τῆς
1728 1226 1783 1255 τῶν

152 1279 291 1314 λογισμῶν
311 1278 436 1309 ἀτοπίας.
458 1277 562 1304 οὐκοῦν
583 1277 726 1312 ἄνθρωπος
737 1278 750 1303 6
762 1277 940 1311 Μελχισεδὲκ,
959 1273 1019 1308 οὐχὶ
1029 1273 1059 1299 τὸ
1069 1272 1181 1306 Πνεῦμα
1192 1271 1222 1298 τὺ
1235 1272 1322 1306 ἅγιον.

190 1325 227 1362 η’.
242 1326 304 1352 ’Ότι
323 1324 352 1351 δὲ
373 1324 428 1352 οὐδ’
438 1323 471 1351 ἃν
493 1322 562 1350 εἶναι
578 1325 664 1350 νοοῖτο
681 1322 796 1358 δύναμις
815 1323 880 1357 ἁγία
895 1322 942 1349 καὶ

153 1370 339 1406 λειτουργικὴ,
352 1369 424 1396 καθά
438 1370 546 1406 φρονεῖν
561 1368 634 1401 ἔδοξέ
647 1377 712 1400 τισι,
728 1369 795 1403 φέρε
811 1369 841 1403 δὴ
859 1367 943 1402 λέγω·

155 1425 216 1453 μεν,
228 1417 263 1443 τὰ
277 1416 307 1449 ἐξ
321 1416 434 1444 είκάτων
450 1415 623 1449 συλλέγοντες
637 1414 774 1450 λογισμῶν
785 1414 824 1445 είς
834 1413 883 1448 τὴν
894 1412 943 1448 τῆς

154 1463 285 1499 ἀληθείας
299 1462 447 1494 ἀπόδειξιν.
470 1462 600 1493 Ἐκείνοις
624 1460 674 1496 μὲν
696 1459 761 1495 γὰρ,
784 1459 885 1486 τοιόσδε
902 1466 943 1489 τις

155 1510 202 1536 καὶ
225 1509 317 1542 σοφὸς,
334 1507 461 1543 καθάπερ
475 1505 522 1534 οὖν
536 1506 638 1533 οἴονται
659 1505 729 1533 κατά
746 1506 817 1540 σιρᾶς
832 1503 942 1535 αὐτοὺς,

155 1555 317 1590 συντέοηται
338 1554 427 1588 λόγος.
461 1553 569 1588 Ἐπειδὴ
594 1552 660 1588 γὰρ,
683 1551 762 1586 φησι,
788 1550 943 1585 γέγραπται

155 1600 274 1636 περὶτοῦ
282 1600 459 1636 Μελχισεδὲκ,
470 1600 508 1631 ὡς
518 1608 528 1625 ι
544 1599 658 1634 ἀπάτωρ
666 1606 695 1625 τε
706 1596 750 1634 ἦν,
758 1597 806 1624 καὶ
817 1597 943 1632 ἀμήτωρ,

154 1647 202 1673 καὶ
215 1646 268 1682 μὴν
282 1646 328 1672 καὶ
334 1645 576 1679 ἀγενεαλόγητος)
595 1643 729 1678 εὑλόγηκε
743 1642 771 1668 δὲ
783 1642 872 1668 καίτοι
882 1648 944 1667 τοσ-

154 1692 231 1719 οῦτον
245 1691 310 1718 ὄντα
326 1691 372 1717 τὸν
396 1690 533 1725 1Δὸριιάμ·
552 1699 562 1715 ι
575 1689 734 1723 Εὐλογεῖται
745 1688 774 1715 δὲ
787 1687 819 1714 τὸ
834 1687 944 1714 ἔλαττον

155 1736 208 1764 ὑπὸ
217 1737 265 1764 τοῦ
278 1736 432 1772 κρείττονος
441 1736 489 1762 καὶ
501 1735 635 1770 μείζονος,
649 1744 659 1760 ι
667 1734 775 1769 ἀπάσης
789 1731 944 1767 ἀντιλογίας

152 1785 227 1819 δίχα·
245 1784 282 1819 μὴ
295 1782 419 1816 νοείσθω,
439 1782 500 1809 καθ’
513 1782 599 1817 ἡμᾶς,
622 1780 681 1808 ἀλλ’
700 1780 772 1807 ἔστω
792 1779 842 1815 τὴν
862 1778 944 1814 φύσιν

154 1829 280 1864 ἄγγελος,
295 1829 389 1863 ἧγουν,
404 1827 458 1854 τῶν
469 1827 524 1855 ἀνω
538 1827 680 1862 δυνάμεων
692 1827 738 1853 καὶ
751 1824 944 1860 λειτουργικῶν

157 1874 204 1911 μία
217 1883 261 1907 τις
281 1873 366 1909 can-rh
384 1873 431 1900 καὶ
442 1873 634 1908 δεδοξασμένη.
655 1871 727 1907 Ἐγὼ
742 1871 781 1903 δὲ,
795 1870 943 1906 ἀγαπητοὶ,

153 1920 316 1956 τεθαύμακα
338 1919 416 1952 λίαν,
440 1920 465 1946 εἰ
487 1919 586 1954 τρόπος
613 1917 713 1949 αὐτοὺς
735 1916 877 1947 εὐλαϐείας
895 1916 945 1951 τῆς

155 1965 195 1997 τίς
214 1964 261 1991 τὸν
286 1963 428 1991 θεσπέσιον
449 1963 584 1998 Ἀϐραὰμ,
604 1962 655 1998 τῆς
671 1962 718 1989 τοῦ
740 1961 875 1997 χρησίμου
896 1960 945 1987 καὶ

156 2011 306 2046 πρέποντος
317 2010 470 2045 ἀπεκόμισε
486 2009 584 2045 θήρας,
597 2009 644 2035 καὶ
661 2007 715 2034 τῶν
731 2006 888 2041 ἀναγκαίων
903 2007 944 2038 είς

156 2056 283 2092 ἀληθείας
298 2055 407 2092 εὕρεσιν
419 2054 615 2082 ὰπεὸουκόλισε
626 2052 774 2088 λογισμῶν.
788 2053 835 2084 Εἰς
844 2051 944 2088 ὁμοίω-

157 2110 199 2128 σιν
208 2101 264 2138 γὰρ
274 2101 308 2137 δὴ
320 2102 368 2127 καὶ
378 2100 463 2127 τύπον
469 2099 516 2127 τοῦ
533 2099 704 2135 Ἐμμανουήλ
715 2096 944 2134 παραδεικνύντες

155 2149 223 2182 ἡμῖν
236 2148 282 2174 τὸν
296 2147 476 2182 Μελχισεδὲκ,
497 2146 547 2172 οὐκ
569 2146 610 2177 είς
625 2145 675 2180 τὴν
691 2145 746 2172 τῶν
772 2144 944 2180 πραγμάτων

155 2194 286 2229 ποιότητα
301 2193 455 2228 βλέπουσιν,
466 2193 483 2227 ἢ
495 2193 540 2219 τὸν
547 2192 598 2227 τῆς
609 2191 758 2227 ιερωσύνης
767 2190 943 2225 δοκιμάζουσι
958 2204 982 2234 D

156 2240 256 2275 τρόπον
268 2248 275 2254 ·
290 2240 467 2275 βασανίζουσι
490 2238 519 2265 δὲ
543 2238 642 2273 μᾶλλον
656 2238 710 2264 τῶν
725 2238 765 2268 εἰς
776 2236 856 2263 τοῦτο
870 2244 942 2271 παρ-

156 2284 344 2319 ενηνεγμένων
355 2283 405 2314 τὰς
415 2283 558 2317 quidam.“
566 2282 620 2317 γὰρ
633 2282 666 2309 ἄν
674 2282 779 2316 γένοιτο
788 2281 818 2307 τδ
830 2280 943 2312 λυποῦν,

156 2329 222 2364 φαίη
230 2337 271 2360 τις
280 2328 313 2355 ἂν
327 2329 439 2360 εἰκότως
451 2329 554 2361 αὐτοῖς,
570 2327 740 2362 εὐλογεῑσθαι
753 2327 800 2354 τὸν
808 2326 943 2362 Ἁϐραάμ,

155 2375 194 2406 ὡς
212 2374 242 2406 ἐξ
262 2374 406 2409 ἀνθρώπου
422 2374 504 2409 τυχὸν
527 2373 573 2400 τοῦ
591 2373 767 2408 Μελχισεδὲκ,
793 2372 844 2400 κᾶν
862 2373 885 2398 εί
907 2371 944 2407 μὴ

155 2420 241 2445 νοοῖτο
255 2419 386 2453 κρείττων
397 2419 497 2451 αὑτοῦ;
510 2419 546 2445 Οὐ
562 2418 617 2452 γὰρ
632 2419 659 2444 αί
674 2417 768 2452 φύσεις
781 2418 809 2444 ἐν
825 2417 941 2448 τούτοις,

155 2465 211 2491 ἀλλ’
226 2466 240 2491 6
259 2464 313 2491 τῶν
324 2465 471 2500 δρωμένων
483 2464 659 2499 δοκιμάζεται
670 2463 743 2496 νοῦς,
757 2463 804 2490 καὶ
815 2464 864 2498 τῆς
877 2463 942 2498 ἀλη-

156 2509 231 2542 θείας
244 2511 268 2536 οί
282 2510 366 2544 λόγοι,
384 2509 438 2536 τῶν
459 2511 487 2537 ὲν
511 2511 601 2542 σκιαῖς
625 2509 793 2544 αἰνιγμάτων
815 2509 941 2544 ἀμείνους

156 2555 481 2590 προαναφαίνονται.”οτι
489 2555 545 2591 γάρ
555 2556 614 2582 ἐστι
624 2554 678 2581 τῶν
687 2554 747 2581 λίαν
757 2554 941 2586 ἀτοποτάτων,

156 2602 216 2637 οὐχὶ
237 2602 271 2629 τὰ
289 2603 323 2628 ὲκ
336 2601 391 2628 τῶν
410 2603 618 2638 σημαινομένων
637 2601 865 2637 ἀντιπαρεξάγειν
886 2602 943 2633 τοῖς

156 2649 186 2675 ὲν
203 2649 304 2680 σκιαῖς.
322 2648 366 2675 ἐπ’
378 2648 464 2680 αὑτὰς
477 2648 505 2675 δὲ
523 2648 623 2684 μᾶλλον
637 2648 705 2675 ἰέναι
718 2648 768 2679 τὰς
784 2647 880 2682 φύσεις
890 2646 943 2673 τῶν

155 2696 196 2726 εἰς
218 2694 299 2730 μέσον
321 2695 519 2730 ὲνηνεγμὲνων,
541 2695 602 2731 εἷο-ῃ
620 2703 662 2721 τοι
679 2693 834 2721 κάντεῦθεν.
863 2693 943 2720 Ἀπό-

155 2740 251 2772 λεκτος
266 2738 301 2775 ἦν
329 2740 445 2776 Ἀαρὼν,
461 2740 638 2777 προεστηκὼς
654 2740 702 2767 καὶ
724 2739 875 2775 ἡγούμενος
895 2739 944 2774 τῆς

155 2786 238 2820 ἁγίας
261 2785 381 2821 σκηνῆς,
408 2787 468 2819 ταῖς
491 2787 623 2814 ἀνωτάτω
645 2787 738 2820 τιμαῖς
760 2787 788 2812 ὲν
810 2785 943 2820 ἱερωσύνῃ

192 2875 204 2892 ⁷
219 2875 298 2903 Deut.
318 2883 392 2908 xvm,
417 2875 466 2907 18;
488 2875 546 2902 Art.
560 2883 587 2903 in
601 2896 608 2909 ,
634 2875 678 2903 22.
717 2875 726 2891 ⁸
743 2875 826 2903 Hebr.
842 2883 889 2909 vn,
911 2874 936 2902 5.

1028 1318 1054 1345 8.
1070 1318 1148 1351 Quod
1164 1325 1230 1345 vero
1246 1325 1337 1352 neque
1353 1321 1475 1352 potestas
1485 1317 1577 1352 aliqua
1593 1322 1685 1345 sancta
1693 1322 1722 1345 et
1733 1318 1783 1346 ad-

992 1364 1190 1392 ministratoria
1207 1363 1301 1396 fuerit,
1320 1367 1350 1390 ut
1363 1363 1488 1390 nonnulli
1498 1367 1610 1390 censent
1624 1371 1632 1396 ;
1647 1371 1708 1399 age,
1720 1371 1783 1391 rur-

993 1418 1040 1437 sus
1063 1410 1188 1437 dicamus
1211 1409 1305 1436 ﬁrmas
1322 1409 1443 1436 rationes
1462 1408 1496 1436 ad
1519 1408 1644 1436 veritatis
1667 1409 1783 1436 demon-

991 1455 1153 1482 strationem
1178 1455 1360 1488 contemnas.
1382 1454 1423 1482 llli
1443 1454 1517 1482 enim
1534 1454 1650 1488 pulchre
1670 1454 1724 1482 sibi
1743 1454 1784 1482 vi-

993 1499 1094 1527 dentur
1114 1499 1271 1534 opinionem
1296 1507 1373 1527 suam
1395 1499 1580 1526 constabilire.
1604 1499 1673 1527 Cum
1696 1499 1782 1533 enim,

994 1546 1081 1579 aiunt,
1097 1546 1230 1581 scriptum
1240 1546 1278 1573 sit
1293 1545 1327 1573 de
1355 1545 1546 1577 Melchisedec,
1575 1545 1649 1580 quod
1678 1554 1688 1571 ι
1705 1550 1784 1581 patre

993 1600 1026 1620 ac
1033 1596 1120 1620 matre
1129 1592 1259 1625 caruerit,
1270 1591 1398 1626 quodque
1409 1591 1484 1618 nulla
1497 1591 1571 1618 illius
1580 1590 1737 1626 genealogia
1747 1590 1758 1607 ⁸
1770 1600 1780 1617 ι

993 1643 1192 1672 reoenseatur;
1216 1638 1357 1666 benedixit
1376 1645 1443 1665 vero
1462 1637 1579 1665 Abrahae
1604 1637 1785 1665 Melchisedec

994 1685 1041 1712 tali
1058 1684 1202 1712 exsistenti
1217 1693 1224 1711 ς
1242 1693 1251 1710 ι
1271 1684 1450 1711 Benedicitur
1465 1687 1556 1710 autem
1569 1683 1597 1710 id
1609 1683 1683 1717 quod
1693 1683 1785 1711 minus

993 1734 1035 1759 est
1046 1738 1062 1758 ο
1078 1731 1182 1766 majore
1192 1738 1224 1758 ac
1241 1731 1431 1765 praestantiore
1445 1731 1455 1746 '
1470 1739 1479 1756 ι
1497 1730 1566 1757 citra
1576 1729 1659 1757 ullam
1672 1734 1784 1757 contro-

992 1777 1110 1804 versiam
1125 1785 1133 1810 ;
1150 1783 1323 1811 nequaquam
1337 1776 1512 1804 existimetur
1525 1776 1608 1803 homo
1623 1775 1719 1808 fuisse,
1736 1776 1784 1803 sed

991 1829 1028 1850 ex
1041 1829 1090 1850 sua
1101 1825 1201 1849 natura
1209 1821 1332 1857 angelus,
1345 1825 1393 1848 aut
1408 1821 1511 1855 alioqui
1523 1821 1680 1848 veneranda
1694 1821 1785 1856 aliqua

992 1872 1022 1895 et
1040 1867 1159 1903 gloriosa
1177 1874 1296 1902 superna
1311 1871 1433 1902 potestas
1448 1871 1530 1902 atque
1540 1867 1783 1895 administratoria.

992 1913 1050 1950 Ego
1060 1921 1137 1946 vero,
1147 1913 1239 1946 amici,
1249 1913 1372 1940 demiror
1380 1913 1570 1946 vehementer,
1583 1913 1606 1940 si
1617 1913 1688 1941 forte
1698 1914 1785 1948 pietas

991 1960 1048 1996 eo
1069 1960 1194 1995 quaedam
1217 1967 1249 1987 ac
1273 1960 1428 1986 reverentia
1451 1967 1514 1995 erga
1539 1959 1676 1987 Abraham
1698 1966 1746 1987 eos
1769 1967 1785 1987 a

994 2011 1070 2035 recto
1088 2006 1242 2039 abduxerit,
1263 2010 1291 2034 et
1305 2013 1320 2033 a
1337 2006 1501 2033 necessariis
1513 2005 1547 2033 ad
1561 2006 1706 2033 veritatem
1717 2013 1785 2033 con-

994 2053 1162 2087 sequendam
1184 2051 1397 2087 cogitationibus
1420 2052 1561 2079 avulserit.
1585 2052 1653 2079 Cum
1668 2051 1741 2079 enim
1756 2052 1784 2079 in

994 2098 1201 2126 similitudinem
1222 2098 1254 2125 ac
1279 2103 1373 2133 typum
1398 2097 1585 2124 Emmanuelis
1605 2096 1785 2125 Melchisedec

994 2148 1128 2176 statuunt,
1145 2152 1200 2172 non
1217 2152 1310 2171 rerum
1321 2144 1482 2179 qualitatem
1492 2143 1678 2175 considerant,
1695 2151 1784 2178 neque

996 2189 1141 2218 sacerdotii
1170 2189 1282 2217 modum
1307 2190 1460 2224 explorant,
1490 2189 1538 2216 sed
1569 2189 1660 2224 potius
1687 2197 1783 2216 eorum

995 2236 1096 2270 quibus
1113 2236 1140 2263 id
1154 2234 1234 2262 oﬁieii
1254 2243 1339 2271 genus
1352 2235 1472 2262 delatum
1488 2239 1540 2267 cst,
1558 2239 1672 2262 naturas
1691 2235 1784 2270 inqui-

995 2286 1068 2308 runt.
1083 2281 1154 2314 Quid
1177 2281 1250 2309 enim
1274 2281 1413 2308 obstiterit
1428 2281 1536 2316 (merito
1558 2281 1620 2315 quis
1646 2280 1678 2307 iis
1699 2280 1783 2316 dicat)

995 2327 1144 2362 quominus
1156 2327 1296 2355 Abraham
1317 2327 1481 2355 benedictus
1499 2328 1536 2355 sit
1555 2336 1571 2354 a
1594 2327 1783 2360 Melchisedec,

994 2373 1126 2400 nimirum
1142 2377 1173 2400 ut
1187 2373 1222 2400 ab
1239 2373 1360 2406 homine,
1378 2374 1485 2401 etiamsi
1498 2373 1571 2401 hunc
1587 2374 1633 2400 illo
1650 2381 1705 2400 non
1727 2381 1783 2401 ma.

993 2419 1082 2454 jorcm
1097 2426 1157 2446 esse
1168 2419 1434 2454 credamus?Neque
1456 2419 1530 2447 enim
1552 2419 1581 2446 in
1603 2420 1646 2447 bis
1669 2425 1783 2453 naturae,

995 2464 1044 2491 sed
1062 2472 1158 2492 eorum
1175 2472 1236 2500 qua:
1252 2470 1379 2500 aguntur,
1400 2473 1479 2493 mens
1496 2466 1670 2500 expenditur,
1683 2466 1784 2493 verita-

996 2511 1086 2545 tisque
1098 2518 1241 2538 sermones
1250 2511 1344 2546 ﬁguris
1353 2519 1460 2544 eorum,
1471 2519 1532 2546 quae
1543 2512 1572 2538 in
1586 2511 1692 2539 umbris
1705 2511 1782 2544 ﬁunt,

995 2557 1200 2590 pmstantiores
1229 2562 1387 2585 censentur.
1420 2558 1498 2591 Quod
1527 2558 1600 2585 enim
1621 2558 1785 2586 absurdissi-

996 2609 1070 2629 mum
1094 2602 1139 2635 sit,
1164 2611 1220 2630 non
1239 2610 1272 2631 ea
1286 2611 1346 2639 qua:
1369 2603 1566 2639 signiﬁcantur,
1579 2603 1684 2631 umbris
1698 2611 1784 2639 oppo-

995 2655 1072 2680 nere,
1088 2648 1135 2675 sed
1148 2649 1240 2683 potius
1256 2657 1351 2677 eorum
1365 2658 1427 2685 qua:
1441 2650 1468 2676 in
1488 2650 1608 2676 medium
1622 2649 1783 2682 aﬁ‘eruntur,

995 2697 1109 2720 naturas
1135 2694 1301 2728 explorare,
1330 2696 1413 2723 etiam
1445 2695 1510 2723 hinc
1537 2695 1688 2730 intelligere
1708 2694 1782 2722 licet.

995 2739 1124 2766 Delectus
1135 2740 1208 2766 enim
1221 2745 1280 2768 erat
1301 2742 1402 2774 Aaron,
1415 2749 1447 2769 ac
1457 2741 1603 2776 pmfectus
1614 2745 1643 2768 et
1653 2739 1708 2767 dux
1722 2747 1785 2768 san-

995 2786 1032 2812 cti
1047 2785 1228 2819 tabernaculi,
1246 2794 1372 2822 suprema
1385 2787 1546 2815 sacerdotali
1565 2786 1696 2822 dignitate
1715 2784 1783 2814 insi'

974 2875 984 2891 ³
997 2875 1065 2902 lbid.
1093 2876 1119 2905 7.
