1990 3046
762 94 782 115 ﬂ

221 153 274 183 103

726 151 757 180 ’δ-
780 151 916 180 CYlllLLl
936 149 1170 179 ΑιΕλΑΝοιιιΝι
1189 150 1347 180 ARCHlEP.

1801 151 1857 183 4'04

223 210 325 246 gnitns.
341 207 400 241 Quo
418 212 497 244 pacto
518 209 602 245 igitur
619 210 804 238 sanctiﬁcatus
817 211 880 238 est?
897 215 1011 238 mactato

1065 211 1298 247 κατεστεμμένος.
1312 210 1373 242 Πῶς
1385 207 1430 237 οὖν
1441 210 1569 245 ἡγιάζετο
1580 209 1613 245 ;ἢ
1624 210 1700 246 κριὸς
1708 211 1855 246 ἐσφάζετο,

223 256 320 285 ariete.
344 260 425 290 atque
439 256 596 284 summitate
615 256 718 284 dextrae
729 257 816 292 ipsius
831 257 971 288 auriculaa,
986 261 1014 283 et

224 309 322 328 manus
335 301 467 336 ac-pedis,
478 302 611 337 sanguine
631 302 782 337 perunctis,
807 306 889 336 atque
910 301 947 328 ita
970 308 1013 328 sa-

225 346 348 374 cerdotio
371 346 495 374 initiatus
517 348 581 375 est?
594 347 677 383 Atqui
690 348 804 375 dixerim
824 347 1014 382 hujuscemodi

223 393 393 426 hominibus,
427 393 451 421 si
474 394 580 422 naturis
595 401 692 421 eorum
712 401 772 428 quae
788 391 968 424 sanctiﬁcant,
986 397 1015 420 et

222 446 319 466 eorum
342 447 402 474 quae
428 439 643 472 sanetilicantur,
665 439 805 466 adhaerere
832 438 934 465 bonum
951 442 1012 471 est;

222 493 313 520 neque
327 485 420 520 potius
433 485 518 512 veluti
529 492 561 512 ex
576 489 640 520 typo
660 489 688 511 et
704 484 802 511 umbra
815 484 849 511 ad
864 483 951 519 ipsam
964 491 1013 511 ve—

223 530 313 557 ritatis
335 530 568 565 pulchritudinem
593 538 622 558 se
645 530 779 562 conferre,
794 538 849 566 quo
867 534 945 565 pacto
956 530 1013 565 jam

223 576 314 604 minus
328 584 343 603 a
364 576 553 611 pmstantiore
566 575 762 603 benedieitur?
776 576 842 611 quid
862 584 928 603 vero
942 583 1013 611 ptat-

222 621 340 649 stantius
361 629 395 648 ex
413 621 457 648 his
475 621 520 652 sit,
541 621 592 656 ipsi
614 621 716 648 dicant.
739 622 824 649 Porro
838 621 861 649 si
877 622 1012 649 Aaronem

221 668 307 695 ariete
328 667 487 694 inferiorem
505 668 663 700 statuimus,
681 671 709 696 et
723 667 758 695 ab
774 667 886 695 animali
900 667 1012 695 rationis

222 718 335 748 experte
356 713 530 741 benedicitur
548 714 575 741 id
590 715 664 750 quod
682 715 787 743 ratione
802 715 945 750 pneditum
959 718 1011 747 est,

222 758 249 785 id
272 759 346 793 quod
369 758 404 786 ad
427 759 611 788 sacerdotium
634 760 770 788 delectum
795 765 864 793 erat,
881 759 1013 795 sanguine

221 803 298 830 nullo
315 803 516 831 sanctiﬁcatum
534 805 668 838 dicemus,
689 809 718 833 et
734 805 804 833 cinis
818 805 896 832 vituli
909 804 1013 832 aﬂ'usus

220 853 279 880 eos,
298 849 345 884 qui
365 849 513 885 participes
524 850 589 878 iacti
601 851 666 883 sint,
680 850 863 878 sanctiﬁcabit
874 850 908 877 ad
922 849 1013 877 carnis

1064 256 1111 283 καὶ
1133 256 1170 292 τῷ
1195 257 1292 292 αἵματι
1308 256 1468 291 κατεχρίετο
1491 256 1522 282 τὸ
1538 256 1623 292 ἀκρον
1643 257 1690 284 τοῦ
1714 257 1784 290 ὠτὸς
1806 259 1856 285 τοῦ

1064 300 1162 334 δεξιοῦ,
1179 301 1226 328 καλ⁴
1243 301 1297 336 μὴν
1323 301 1370 327 καὶ
1385 301 1476 336 χειρὸς
1492 301 1650 333 καὶποδός·
1669 302 1817 329 ἐτελειοῦτο
1824 302 1857 329 δὲ
1874 317 1879 328 ι

1064 347 1145 379 οὕτω,
1161 346 1230 382 πρὸς
1247 345 1419 382 ίερουργίαν;
1436 346 1505 380 ἀλλ’,
1523 343 1545 373 ὦ
1561 346 1709 381 βέλτιστοι,
1724 348 1807 384 φαίην
1820 348 1856 376 ἃν

1065 392 1167 426 αὐτοῖς,
1183 393 1207 418 ει
1220 393 1284 424 ταῖς
1298 391 1395 426 φύσεσι
1405 392 1459 420 τῶν
1476 391 1644 426 ἀγιαζόντων
1655 393 1701 419 καὶ
1714 393 1767 420 τῶν
1776 394 1856 428 ἁγια-

1064 438 1187 475 ζομένων
1204 438 1384 474 προσκεῖσθαι
1397 438 1493 466 καλόν·
1512 439 1559 465 καὶ
1571 439 1633 474 οὐχὶ
1647 435 1680 474 δὴ
1699 439 1799 474 μᾶλλον
1814 439 1856 470 ὠς

1064 486 1097 511 ἐκ
1117 485 1203 512 τύπου
1228 485 1276 512 καὶ
1297 485 1376 517 σκιᾶς
1389 485 1432 512 ἐπ’
1446 485 1512 512 αὐτὸ
1532 485 1582 520 τῆς
1599 484 1728 520 ἀληθείας
1745 485 1811 512 ἰέναι
1823 485 1857 512 τὸ

1064 531 1173 563 κάλλος,
1185 531 1243 563 πῶς
1255 531 1294 558 ἐτι
1309 531 1340 558 τὸ
1359 531 1468 558 ἔλαττον
1483 531 1535 558 ὑπὸ
1549 531 1597 558 τοῦ
1613 532 1766 567 κρείττονος
1779 531 1857 558 εὐλο-

1063 579 1153 612 γεῖται
1163 585 1171 611 ;
1183 577 1215 604 Τί
1231 575 1262 604 τὸ
1276 578 1388 613 ἄμεινον
1396 578 1425 604 ἐν
1437 577 1552 610 τούτοις,
1569 577 1727 612 φραζόντων
1743 578 1854 603 ἐκεῖνοι.

1063 621 1137 659 Ἀρα
1162 623 1210 650 καὶ
1226 623 1305 659 κριοῦ
1330 623 1445 654 κατόπιν
1467 623 1513 650 τὸν
1536 623 1641 659 Ἀαρὼν
1665 623 1801 658 θήσομενς
1824 623 1856 648 ἐν

1063 668 1153 703 ἀλόγῳ
1171 667 1233 704 ζώῳ
1247 668 1398 696 τελειοῦται
1413 668 1444 695 τὸ
1457 669 1574 703 λογικόν.
1591 668 1691 703 Αἴματι
1708 667 1856 703 προϐάτων

1063 714 1110 741 τὸν
1125 713 1276 741 ἀπόλεκτον
1287 715 1328 745 είς
1342 713 1493 750 ἱερωσύνην
1511 713 1644 749 ἡγιᾶσθαι
1659 714 1791 748 φήσομεν,
1805 713 1855 740 καὶ

1064 759 1161 792 σποδὸς
1181 759 1327 795 δαμάλεως
1351 759 1532 794 ραντίζουσα,-
1547 760 1611 791 τοὺς
1636 759 1855 794 κεκοινωμένους

1063 805 1182 840 ἁγιάζει,
1205 806 1274 842 πρὸς
1290 806 1339 841 τὴν
1356 805 1406 840 τῆς
1425 806 1526 841 σαρκὸς
1543 805 1732 842 καθαρότητα·
1755 804 1782 831 τι
1805 802 1856 832 οὖν

1064 850 1119 886 ἀρα.
1130 850 1162 877 τὸ
1183 850 1296 886 χρῆμα;
1319 849 1346 876 τί
1359 849 1414 876 τῶν
1432 849 1576 885 νοημάτων
1598 850 1628 876 τδ
1644 849 1743 884 βάθοςς
1766 850 1853 877 Τύποι

220 894 378 929 puritatem.
392 895 464 929 Quid
474 896 558 931 igitur
569 897 627 924 hac
638 904 683 924 res
704 896 758 924 sibi
779 896 857 923 vult?
874 901 921 924 aut
939 903 1011 931 qua:-

1063 894 1109 921 xa‘t
1134 894 1238 926 εἰκόνες
1258 893 1292 921 τά
1317 894 1452 929 δρώμενα,
1472 893 1520 920 καὶ
1544 893 1579 920 ἵν’
1604 893 1692 926 οὕτως
1717 894 1851 929 εἴπωμεν,

220 947 285 967 nam
309 940 407 968 horum
421 948 553 969 sensuum
577 941 693 969 altitudo
708 941 720 968 τ
736 941 804 977 Typi
818 945 883 969 sunt
900 945 928 969 et
942 941 1011 969 ima-

220 987 307 1022 gines,
318 991 412 1022 atque,
425 992 456 1014 ut
469 988 507 1014 ita
521 987 656 1019 dicamus,
665 977 934 1022 praemonstrationes
947 993 1011 1014 san-

220 1032 393 1060 ctiﬁcationis
403 1040 452 1067 per
462 1032 612 1060 Christum.
629 1032 722 1068 Typus
736 1040 804 1060 vero
816 1032 845 1060 in
860 1032 943 1059 rebus
956 1039 1012 1059 non

220 1078 452 1106 sanctiﬁcantium
472 1082 521 1105 aut
541 1078 774 1106 sanctiﬁcatorum
794 1083 892 1106 natura
914 1078 1012 1114 depre-

220 1124 370 1151 henditur:
386 1124 624 1159 quandoquidem,
649 1127 681 1151 ut
703 1124 784 1152 modo
809 1124 876 1156 dixi,
890 1124 918 1151 id
936 1124 1010 1159 quod

220 1170 396 1204 praestantius
418 1174 460 1196 est
483 1169 519 1197 ab
544 1169 676 1197 inferiore
697 1169 877 1201 benedicitur,
891 1168 915 1196 si
929 1168 1011 1196 modo

221 1215 394 1250 praestantior
402 1219 445 1242 est
452 1215 572 1243 hominis
582 1218 679 1242 natura
689 1222 772 1250 quam
782 1213 861 1241 vituli
869 1218 897 1241 et
906 1213 1008 1241 arietis.

221 1261 261 1288 Ne
280 1261 363 1297 igitur
378 1269 426 1289 eos
444 1261 557 1296 pudeat,
578 1260 687 1289 etiamsi
708 1260 847 1287 Abraham
861 1259 947 1287 multo
959 1267 1010 1295 po-

222 1307 276 1334 tior
298 1315 330 1334 ac
356 1307 454 1335 melior
473 1307 610 1334 exsistens
626 1313 709 1341 quam
725 1305 915 1338 Melchisedec,
931 1306 966 1333 ab
977 1313 1010 1333 eo

222 1351 385 1380 benedictus
404 1352 521 1380 dicatur.
539 1352 631 1388 Typus
647 1351 721 1379 enim
734 1355 794 1379 erat
810 1351 936 1384 vincens,
954 1358 1011 1379 non

204 1400 314 1424 -autcm
334 1397 524 1425 benedicentis
542 1400 650 1424 natura.
666 1395 722 1432 31
745 1395 829 1423 Miror
843 1403 908 1423 vero
925 1396 1010 1431 quod,

222 1450 284 1470 cum
299 1442 387 1477 ipsum
400 1446 521 1470 statuant
533 1441 562 1468 in
571 1441 781 1469 similitudinem
791 1449 823 1469 ac
836 1446 929 1477 typum
937 1441 1009 1475 Filii,

222 1493 308 1517 matre
323 1496 355 1516 ac
369 1492 446 1524 patre
459 1494 553 1515 carere
568 1487 736 1514 contendant
749 1490 780 1514 ut
796 1487 932 1522 angelum,
947 1494 1010 1515 cum

222 1540 340 1571 utroque
349 1538 464 1570 parente
476 1533 605 1562 Christus
619 1533 822 1569 quodammodo
833 1533 938 1562 ﬂoreat.
952 1534 1010 1561 Ma-

223 1585 266 1609 ter
279 1581 351 1608 enim
370 1580 456 1615 ipsius
470 1580 498 1607 in
509 1580 591 1607 terris
603 1579 656 1607 fuit
672 1584 765 1608 sancta
782 1579 873 1615 Virgo.
884 1580 950 1608 Erat
960 1587 1012 1608 au-

223 1631 278 1654 tem
288 1628 314 1654 ei
323 1630 352 1653 et
363 1629 406 1653 est
422 1626 450 1653 in
460 1625 537 1653 caelis
548 1625 630 1652 Pater
644 1625 725 1652 Deus.
737 1624 870 1660 Oportere
884 1632 951 1652 vero
966 1632 1012 1652 ar-

222 1667 310 1700 bitror
324 1671 455 1706 imagines
470 1671 504 1698 ad
514 1671 661 1706 archetypa
671 1670 792 1706 depingi.
801 1670 936 1703 Quoniam
946 1678 1013 1698 vero

223 1719 332 1747 divinus
346 1717 457 1750 Paulus,
478 1727 487 1742 ι
507 1717 602 1752 Neque
612 1716 780 1751 principium
791 1716 910 1748 dierum,
922 1723 1012 1751 neque

223 1766 305 1792 linem
321 1764 383 1791 vitae
400 1763 502 1790 habere
524 1762 714 1793 Melchisedec,
732 1771 741 1788 ι
766 1762 836 1790 dixit
852 1762 895 1795 ‘°;
911 1762 1012 1790 idcirco

223 1818 287 1837 eum
300 1813 462 1844 potestatem
477 1807 639 1835 rationalem
648 1811 677 1835 et
689 1807 859 1835 sacerdotem
874 1814 934 1834 esse
949 1815 1013 1834 con-

225 1855 352 1888 tendunt,
365 1862 421 1882 non
436 1854 620 1889 intelligentes
629 1853 702 1888 quod
717 1852 819 1888 aliquid
832 1860 939 1884 eorum,
952 1860 1013 1887 qua:

223 1901 377 1928 necessaria
395 1904 469 1932 sunt,
485 1907 535 1927 eos
548 1903 702 1934 praetereat.
725 1898 797 1926 Nihil
819 1898 893 1925 enim
916 1904 1012 1925 eorum

224 1954 285 1981 qua:
313 1949 404 1973 creata
428 1950 503 1978 sunt,
532 1944 661 1981 principii
684 1951 781 1979 expers
804 1943 887 1971 fuerit
907 1943 1013 1970 ratione

225 1992 356 2027 temporis
370 2001 376 2018 :
387 1991 435 2019 sed
451 1991 586 2026 quidquid
596 1991 625 2018 in
638 1991 797 2018 universum
809 1989 957 2017 essentiam
966 1996 1012 2016 ac-

224 2039 307 2073 cepit,
333 2038 385 2065 hoc
399 2037 482 2064 etiam
496 2037 663 2072 principium
680 2036 763 2063 habet
773 2035 835 2062 vitae
849 2042 881 2062 ac
894 2035 1011 2062 dierum.

225 2084 356 2118 Quisnam
375 2084 468 2119 itaque
487 2083 560 2111 beati
581 2083 658 2110 Pauli
675 2089 774 2117 scopus
795 2081 870 2109 fuit?
892 2085 940 2109 aut
958 2089 1013 2116 quo

224 2134 304 2165 pacto
322 2139 330 2156 I
346 2130 372 2157 in
389 2128 594 2157 similitudinem
616 2135 648 2155 ac
666 2133 758 2163 typum
771 2126 872 2154 Christi
887 2126 907 2141 ¹¹
922 2135 932 2152 ι
947 2126 1013 2154 Mel—

225 2175 353 2203 cliisedec
372 2174 489 2202 statuit?
507 2173 562 2208 Age
583 2172 677 2208 igitur,
698 2171 817 2199 abducto
827 2171 966 2198 intellectu
978 2170 1013 2198 ab

1062 939 1199 975 ἀγιασμοῦ
1215 939 1404 975 προανάδειξις
1425 937 1460 974 ἦν
1475 939 1522 966 τοῦ
1545 939 1614 967 κατὰ
1629 940 1756 975 Χριστόν.
1777 940 1806 966 '0
1820 940 1851 967 δὲ

1061 985 1146 1017 τύπος
1162 985 1192 1012 ἐν
1214 985 1391 1021 πράγμασιν,
1412 985 1463 1012 οὐκ
1485 985 1515 1012 ὲν
1535 986 1569 1021 τῇ
1586 985 1641 1012 τῶν
1665 986 1849 1020 ἀγιαζόντων,

1061 1031 1144 1066 ἦγουν
1152 1030 1208 1058 τῶν
1226 1031 1416 1066 ἁγιαζομένων
1436 1032 1633 1067 καταφωρᾶται
1649 1031 1739 1066 φύσει.
1761 1032 1849 1064 Ἐπεὶ,

1061 1076 1187 1112 καθάπερ
1196 1076 1264 1112 ἔφην
1273 1077 1384 1112 ἀρτίως,
1400 1077 1429 1104 τὸ
1443 1078 1566 1113 κρεῖττον
1580 1078 1634 1104 ὑπὸ
1647 1077 1695 1104 τοῦ
1709 1078 1851 1110 ἐλάττονος

1061 1122 1231 1156 εὐλογεῖται,
1257 1122 1338 1158 εἴπερ
1363 1122 1439 1149 ἐστὶν
1456 1123 1485 1149 ἐν
1507 1123 1646 1158 ἀμείνοσιν
1669 1123 1686 1158 ἠ
1706 1123 1850 1159 ἀνθρώπου

1061 1168 1142 1203 φύσις
1155 1168 1300 1204 δαμάλεως
1309 1169 1357 1195 καὶ
1365 1168 1455 1204 κριοῦ.
1469 1168 1516 1204 Μὴ
1529 1169 1620 1196 τοίνυν
1633 1169 1848 1205 ἐρυθριάτωσαν,

1060 1214 1113 1241 κᾶν
1126 1215 1150 1241 εί
1165 1214 1232 1241 πολὺ
1245 1214 1379 1250 κρείττων
1398 1214 1530 1250 ὑπάρχων
1544 1215 1559 1241 ὸ
1576 1214 1701 1250 ’Δόραάμ
1716 1214 1764 1242 τοῦ
1781 1215 1851 1243 Μελ-

1060 1259 1179 1295 χισεδὲκ,
1210 1259 1380 1294 εὐλογεῖσθαι
1407 1260 1518 1296 λέγηται
1540 1261 1605 1296 παρ’
1622 1261 1716 1288 αὑτοῦ.
1744 1261 1773 1288 '0
1794 1262 1849 1298 γὰρ

1060 1305 1144 1338 τύπος
1151 1303 1186 1342 ἦν
1197 1307 1212 1333 ὁ
1226 1305 1320 1338 νικῶν,
1332 1306 1380 1333 καὶ
1391 1306 1451 1342 οὐχὶ
1458 1306 1490 1342 δὴ
1506 1306 1606 1341 μᾶλλον
1618 1308 1635 1342 ή
1648 1306 1695 1334 τοῦ
1707 1307 1850 1342 εὐλογοῦν-

1059 1360 1106 1383 τος
1120 1351 1210 1386 φύσις.
1226 1351 1366 1387 Θαυμάζω
1377 1351 1407 1378 δὲ
1417 1352 1459 1379 ὅτι
1473 1352 1521 1379 καὶ
1536 1353 1576 1384 εἰς
1587 1353 1717 1388 ὁμοίωσιν
1736 1353 1784 1380 καὶ
1802 1352 1849 1380 τύ-

1061 1405 1110 1425 πον
1125 1397 1338 1433 διαμορφοῦντες
1350 1397 1430 1425 αὐτὸν
1440 1397 1487 1426 τοῦ
1502 1397 1579 1432 Υἱοῦ,
1591 1399 1718 1435 ἀμήτορά
1731 1407 1760 1426 τε
1780 1398 1851 1427 εἶναι

1060 1443 1108 1471 καὶ
1122 1444 1249 1479 ἀπάτορα
1261 1452 1345 1479 φασιν
1364 1443 1402 1476 ὡς
1416 1444 1541 1478 ἄγγελον,
1564 1444 1653 1472 καίτοι
1676 1445 1777 1481 τρόπον
1788 1445 1848 1472 τινά

1060 1489 1108 1516 καὶ
1125 1489 1296 1525 ἀμφὶθαλοῦς
1316 1489 1393 1519 ιντος
1417 1489 1548 1526 Χριστοῦ.
1573 1490 1674 1525 Γέγονε
1699 1490 1754 1526 γὰρ
1774 1491 1849 1526 αὐτῷ

1063 1533 1154 1569 μήτηρ
1172 1533 1221 1568 μὲν
1243 1533 1290 1560 ἐπὶ
1316 1533 1378 1569 γῆς,
1395 1534 1411 1569 ή
1434 1534 1499 1569 ἁγία
1513 1534 1661 1571 Παρθένος.
1678 1533 1733 1562 Ἦν
1754 1535 1782 1562 δὲ
1804 1537 1850 1562 καὶ

1062 1579 1135 1606 ἔστιν
1155 1579 1184 1606 ὲν
1206 1578 1314 1614 οὐρανῷ
1335 1579 1441 1615 Πατὴρ,
1459 1580 1474 1606 ὁ
1488 1580 1557 1612 Θεός
1592 1581 1651 1608 Δεῖν
1667 1581 1695 1607 δὲ
1712 1579 1788 1617 οἶμαι
1801 1581 1850 1613 τὰς

1063 1624 1171 1656 εἰκόνας
1189 1624 1354 1660 γράφεσθαι,
1373 1625 1442 1661 πρὸς
1462 1626 1497 1653 τὰ
1513 1626 1667 1662 ἀρχέτυπα.
1689 1627 1796 1663 Ἐπειδὴ
1810 1628 1849 1661 δὲ,

1066 1679 1074 1695 ι
1098 1669 1172 1705 Μήτε
1186 1670 1274 1705 ἀρχὴν
1292 1670 1416 1706 ἡμερῶν,
1434 1672 1503 1707 μήτε
1517 1671 1590 1707 ζωῆς
1613 1673 1685 1708 ἔχειν
1708 1673 1785 1706 τέλος
1804 1673 1850 1700 τὸν

1062 1715 1229 1750 Μελχισεδὲκ
1247 1725 1257 1741 ι
1272 1716 1287 1743 ὁ
1303 1716 1447 1749 θεσπέσιος
1460 1717 1512 1753 ἔφη
1528 1719 1645 1751 Παῦλος,
1661 1721 1790 1755 ταύτῃτοι
1803 1721 1850 1746 καὶ

1062 1759 1176 1794 δύναμιν
1192 1759 1306 1795 λογικὴν
1318 1760 1366 1786 καὶ
1379 1761 1520 1796 ἱερουργδν
1533 1762 1666 1798 ὑπάρχειν
1683 1763 1774 1794 αὐτὸν,
1789 1762 1850 1790 δια-

1062 1804 1195 1831 τείνονταί
1210 1813 1239 1831 τε
1263 1805 1311 1832 καὶ
1325 1805 1451 1840 λέγουσιν
1463 1814 1469 1821 ·
1488 1807 1538 1834 οὐκ
1553 1807 1718 1840 ἐννοοῦντες,
1742 1807 1783 1834 ὅτι
1799 1815 1851 1834 πα-

1064 1850 1190 1886 ρατρέχει
1202 1859 1228 1877 τι
1247 1850 1301 1878 τῶν
1321 1851 1478 1886 ἀναγκαίων
1497 1852 1604 1884 αὺτούς.
1629 1853 1711 1880 Οὐδὲν
1727 1853 1780 1889 γὰρ
1795 1853 1850 1880 τῶν

1062 1896 1211 1923 τελούντων
1225 1897 1253 1923 ἐν
1266 1898 1399 1932 γενητοῖς,
1419 1897 1536 1933 ἄναρχον
1549 1898 1626 1925 ἔσται
1640 1899 1710 1925 κατὰ
1727 1899 1773 1926 τὸν
1783 1899 1848 1936 χρό-

1063 1950 1118 1969 νον.
1141 1941 1210 1968 Ἀλλ¹
1243 1943 1349 1978 εἷτιπερ
1370 1943 1438 1975 ὅλως
1462 1944 1603 1979 παρῆκται
1627 1944 1696 1981 πρὸς
1722 1945 1847 1980 ὓπαρξιν,

1063 1986 1142 2014 τοῦτο
1157 1987 1205 2014 καὶ
1216 1987 1303 2023 ἀρχὴν
1317 1988 1374 2023 ἔχει
1389 1988 1463 2024 ζωῆς
1479 1989 1527 2016 καὶ
1544 1989 1665 2026 ἡμερῶν.
1682 1990 1730 2022 Τίς
1743 1989 1790 2018 οὖν
1797 1991 1849 2026 ἄρα

1063 2033 1102 2069 τῷ
1113 2033 1243 2069 μακαρίῳ
1257 2033 1355 2074 Παύλῳ
1369 2034 1464 2068 γέγονε
1475 2035 1576 2067 σκοπὸς
1586 2036 1633 2062 τοῦ
1645 2036 1725 2071 λόγου
1736 2045 1744 2070 ;
1762 2037 1778 2072 ἢ
1791 2037 1850 2068 cui»;

1066 2089 1076 2105 τ
1097 2080 1137 2112 είς
1152 2080 1237 2106 τύπον
1252 2081 1300 2107 καὶ
1320 2081 1449 2116 ὁμοίωσιν
1467 2082 1515 2108 τοῦ
1531 2082 1648 2118 Χριστοῦ
1674 2093 1684 2109 ι
1707 2083 1847 2118 παρέδειξε

1063 2125 1109 2152 τὸν
1124 2125 1306 2161 Μελχισεδέκ;
1320 2126 1380 2153 Τῶν
1393 2127 1423 2160 ἐξ
1434 2127 1601 2164 εἰκαιότητος
1620 2126 1667 2156 οὖν
1680 2128 1790 2156 ἐννοιῶν
1803 2129 1848 2156 τὸν

1064 2172 1126 2199 νοῦν
1138 2172 1351 2208 ἀποστήσαντες,
1363 2173 1429 2210 φέρε
1440 2174 1472 2210 δὴ
1486 2174 1554 2211 φέρε
1568 2174 1791 2211 διασκεψώμεθα,
1803 2176 1848 2202 καὶ

225 2221 276 2248 hac
298 2221 467 2248 absurditate
488 2218 658 2254 opinionum,
687 2217 714 2245 id
739 2217 956 2250 consideremus,
985 2221 1011 2244 et

1063 2217 1101 2249 ὡς
1115 2218 1155 2246 ἔνι
1169 2218 1302 2254 λέγωμεν.

224 2266 314 2300 quoad
328 2266 387 2292 fieri
400 2265 501 2300 poterit
517 2264 649 2292 dicamus.

259 2311 286 2338 9.
306 2311 515 2344 Paulusitaque,
532 2314 629 2344 utpote
648 2309 695 2344 qui
712 2310 799 2345 legem
812 2310 914 2345 optime
934 2309 1015 2337 calle-

224 2356 280 2388 bat,
297 2363 352 2383 non
371 2355 542 2390 simplicibus
555 2355 723 2391 argumentis
747 2363 808 2383 cum
824 2354 926 2383 Judaais
950 2363 1014 2390 age-

227 2407 287 2434 Jat;
308 2401 355 2428 scd
377 2401 487 2437 scriptis
510 2401 644 2433 Mosaicis,
668 2401 770 2436 quibus
792 2401 940 2428 verisimile
955 2405 1014 2428 erat

226 2448 298 2483 ipsos
312 2447 393 2474 etiam
413 2448 539 2474 nolentes
562 2455 699 2479 cessuros,
728 2447 775 2482 qui
796 2447 905 2474 veritati
925 2455 1008 2482 repu—

224 2501 306 2528 gnare
324 2498 432 2520 norant.
449 2492 549 2520 Statuit
568 2492 661 2527 itaque
683 2493 866 2520 Melchisech
888 2492 915 2519 in
930 2492 1008 2520 simi-

224 2538 368 2566 litudinem
379 2546 410 2566 ac
426 2542 518 2574 typum
531 2536 642 2571 Christi,
657 2544 801 2574 propterea
817 2538 890 2574 quod
903 2538 1009 2565 dicatur

228 2594 238 2611 ι
260 2585 425 2620 rexjustitia:
439 2585 548 2619 etpacis
563 2586 594 2612 ".
615 2595 625 2611 ι
646 2585 781 2612 Convenit
795 2585 868 2613 enim
890 2585 944 2612 hoc
957 2584 1008 2612 soli

223 2631 336 2667 mystica
349 2631 453 2658 ratione
470 2631 649 2658 Emmanueli.
666 2631 782 2659 Justitit'e
796 2631 868 2658 enim
887 2638 919 2658 ac
935 2630 1009 2665 pacis

224 2679 319 2703 auctor
332 2679 413 2710 atque
439 2675 551 2710 largitor
564 2676 678 2703 eﬂ‘cctus
690 2680 732 2703 est
746 2675 918 2703 mortalibus.
936 2684 945 2700 ι
959 2675 1008 2702 Ju-

223 2721 333 2749 stiticati
344 2721 479 2756 siquidem
491 2729 586 2749 sumus
595 2730 644 2757 per
656 2723 745 2757 ipsiim
759 2722 805 2754 ¹³,ι
815 2729 930 2749 excusso
944 2728 1008 2756 pec-

223 2768 275 2796 cati
289 2768 364 2804 jugo.
382 2767 528 2796 Consecuti
542 2768 624 2796 etiam
642 2776 737 2796 sumus
752 2775 846 2802 pacem
857 2767 891 2794 ad
904 2771 1009 2802 patrem

1099 2306 1130 2334 θ’.
1148 2306 1315 2343 Νομομαθὴς
1329 2307 1463 2342 ὣνκᾶγαν,
1478 2308 1528 2335 οὐκ
1540 2307 1570 2341 ἐξ
1580 2308 1673 2336 ἁπλῶν
1684 2308 1794 2336 ἐννοιῶν
1805 2307 1850 2336 τδν

1064 2353 1132 2389 πρὸς
1150 2353 1294 2385 Ἰουδαίους
1314 2355 1432 2381 ποιεῖται
1449 2354 1538 2388 λόγον,
1557 2355 1614 2382 ἀλλ’
1630 2356 1663 2382 ἐκ
1678 2355 1848 2390 γραμμάτιον

1062 2398 1227 2431 Μωσαῖκῶν,
1236 2396 1276 2431 οἷς
1290 2396 1324 2434 ἦν
1336 2399 1409 2431 εἰκὸς
1420 2401 1466 2427 καὶ
1487 2401 1536 2436 οὐχ
1549 2401 1661 2433 ἑκόντας
1676 2402 1848 2437 παραχωρεῖν

1062 2445 1125 2476 τοὺς
1139 2446 1172 2480 τῇ
1186 2445 1301 2481 ἀληθείᾳ
1315 2445 1444 2480 πολεμεϊν
1457 2446 1622 2480 ἐγνωκότας.
1634 2447 1747 2482 Δέχεται
1761 2446 1848 2473 τοίνυν

1062 2490 1108 2517 τὸν
1131 2490 1297 2526 Μελχισεδὲκ
1320 2491 1360 2522 είς
1376 2491 1506 2526 ὁμοίωσιν
1531 2493 1592 2519 τότε
1607 2493 1653 2520 καὶ
1675 2493 1848 2519 ὑποτύπωσιν

1063 2535 1110 2563 τοῦ
1122 2536 1253 2572 Χριστοῦ,
1269 2537 1313 2564 διά
1326 2545 1368 2563 τοι
1381 2537 1411 2564 τὸ
1426 2538 1554 2573 λέγεσθαι
1567 2547 1576 2564 ι
1590 2538 1700 2574 βασιλέα
1713 2538 1847 2566 δικαιοσύ-

1063 2589 1122 2616 νης,
1138 2582 1185 2608 καὶ
1201 2582 1254 2618 μὴν
1270 2582 1318 2610 καὶ
1330 2583 1451 2619 εἰρήνης.
1470 2593 1480 2610 ι
1504 2584 1608 2619 Πρέποι
1622 2583 1677 2619 γὰρ
1698 2583 1740 2617 ἂν,
1757 2581 1844 2619 οἶμαι,

1062 2628 1140 2655 ταυτὶ
1155 2628 1187 2663 δὴ
1206 2629 1280 2664 μόνῳ
1294 2628 1365 2656 κατὰ
1378 2629 1456 2664 λόγον
1470 2630 1515 2657 τὸν
1530 2630 1669 2665 μυστικὸν,
1683 2630 1722 2665 τῷ
1744 2630 1845 2664 Ἐμμα-

1062 2676 1152 2710 νουήλ.
1172 2676 1351 2713 Δικαιοσύνης
1369 2676 1424 2712 γὰρ
1443 2677 1490 2703 καὶ
1503 2677 1614 2713 εἰρήνης
1635 2677 1767 2713 πρύτανις
1799 2677 1844 2702 ἀν-

1062 2721 1171 2757 εδείχθη
1198 2723 1254 2754 τοῖς
1277 2722 1323 2749 ἐπὶ
1342 2723 1405 2758 γῆς.
1432 2732 1442 2749 ι
1469 2724 1524 2750 Καὶ
1543 2723 1740 2759 δεδικαιώμεθα
1756 2723 1805 2758 μὲν
1818 2723 1846 2748 ἐν

1063 2767 1148 2803 αύτῷ,
1180 2777 1190 2794 ι
1214 2768 1244 2794 τὸ
1267 2768 1315 2804 τῆς
1339 2768 1475 2805 ἁμαρτιας
1505 2769 1586 2806 ἄχθος
1607 2769 1844 2806 ἁποπεμψάμενοι.

255 2857 276 2875 ‘°
292 2857 375 2886 Hebr.
395 2866 441 2892 vn,
454 2858 480 2885 5.
521 2859 538 2874 ¹¹
558 2858 626 2886 Ibid.
667 2859 687 2874 ”
701 2858 769 2886 Ibid.
787 2858 812 2884 2.
846 2858 868 2874 ’³
880 2858 958 2886 Rom.
978 2868 1010 2894 ν,
1026 2859 1054 2894 l;
1069 2859 1151 2888 lCor.
1174 2867 1210 2894 Vl,
1231 2859 1276 2888 2h
