1990 3046
140 165 192 194 D5

654 164 913 192 CLAPHYRORUM
932 164 965 191 IN
984 163 1133 199 GENE$lM
1156 165 1219 191 LIB.
1241 165 1273 192 ll.

1715 168 1765 196 106

146 223 321 259 Ἐσχήκαμεν
335 223 364 250 δὲ
387 224 434 251 καὶ
453 224 565 259 εἰρήνην
586 223 636 259 τὴν
659 223 727 259 πρὸς
748 223 794 250 τὸν
818 223 927 259 Πατέρα

979 229 1011 249 ac
1024 222 1109 249 Deum
1119 222 1154 249 ab
1167 222 1340 250 immunditia
1353 229 1470 255 morum,
1485 231 1546 258 qum
1559 232 1608 252 nos
1621 225 1654 252 ab
1670 233 1703 253 eo
1722 225 1764 253 di-

143 269 190 295 καὶ
204 268 281 301 Θεὸν,
296 269 347 303 τὴν
363 269 568 304 μεσολαῦοὗσάν
582 278 611 297 τε
629 270 676 296 καὶ
695 270 841 297 διιστῶσαν
855 270 928 305 ἡμᾶς

142 315 196 342 τῶν
206 315 314 350 τρόπων
333 315 504 352 ἀκαθαρσίαν
523 316 730 351 ἀπονιψάμενοι,
747 317 884 352 ἑνούμενοί
898 324 927 343 τε

145 359 238 395 ὥσπερ
258 360 333 395 αὑτῴ
352 359 398 387 διὰ
414 360 587 395 πνεύματος·
609 370 619 386 ‹
641 361 671 387 '0
688 360 742 396 γὰρ
761 361 929 396 κολλώμενος

146 405 181 440 τῷ
198 405 303 441 Κυρίῳ,
325 415 335 431 ι
353 407 474 441 φησὶν,,‹
489 406 518 432 ἓν
529 406 638 442 πνεῦμά
654 408 738 434 ἐστιν.
755 416 764 432 ι
785 408 862 433 Ἔστι
875 407 927 433 τοῖ-

144 458 190 476 νυν
204 450 276 477 κατά
286 459 318 484 γε
332 451 381 486 τήν
396 451 509 478 Ἐλλάδα
522 452 622 488 φωνὴν,
641 453 728 488 Μελχὶ
741 453 800 488 μὲν,
811 455 827 480 ὀ
837 453 928 485 ,βασι-

143 495 213 527 λεύς
223 502 230 508 ⁸
245 495 327 521 Σεδὲκ
338 496 377 527 δὲ,
390 496 638 532 δικαιοσύτ·η.Καὶ
650 498 699 525 ἴδοι
708 507 749 530 τις
764 498 797 525 ἂν
807 499 929 525 τὸνΜελ-

143 540 259 575 χισεδὲκ,
275 541 313 572 ὠς
328 542 356 567 ὲν
377 541 432 578 ἰδίᾳ
447 542 542 578 κλήσει
562 544 780 578 πεπλουτηκότα,
804 544 874 570 κατά
896 552 928 578 γε

142 585 191 620 τὴν
211 587 244 612 ὲκ
261 586 314 614 τῶν
334 589 541 623 σημαινομένων
560 589 690 624 δύναμιν,
720 590 760 623 τὸ,
778 589 927 623 ﬂuuntcf);

142 632 350 667 δικαιοσύνης.
367 634 411 660 Ἐν
423 635 451 660 δὲ
461 635 510 670 τῷ.
518 636 670 669 ,ϐασιλεὺς
680 635 926 672 εἱρῆσθαιΣαηκιὴμ,

142 679 290 712 βασιλεὺς
313 679 446 714 εἰρήνης.
471 681 594 717 ’Ἦρμοσε
617 681 648 718 δὴ
674 680 720 709 οὖν
745 683 759 708 ὁ
787 682 926 713 Θεσπέσιος

143 724 258 756 Παῦλος,
275 725 313 757 ὠς
330 725 358 759 ἐξ
372 725 528 761 ὁμοιώσεως
540 727 590 762 ἥδη
611 726 712 761 σαφοῦς
725 735 755 753 τε
771 726 818 753 καὶ
837 727 927 760 ἐμφα-

142 770 202 802 νοῦς
215 771 260 797 τοῦ
281 771 458 806 Μελχισεδὲκ,
472 772 507 799 τὰ
519 773 610 799 τοιάδε
628 772 748 808 Χριστῷ.
768 772 881 806 Δέχεται
900 771 927 798 δὲ

143 814 191 849 τῆς
201 815 269 850 ὑπὲρ
278 815 358 850 νόμον
372 815 520 852 ἱερωσύνης
530 815 673 851 σύμὸολον,
685 816 715 843 τὸ
729 816 927 851 κατευλογῆσαι

141 860 187 886 τὸν
209 861 345 896 Ἀϐραὰμ,
363 859 433 889 οἶνόν
448 870 477 888 τε
497 862 543 889 καὶ
556 862 655 897 ἄρτους
672 861 746 897 αὐτῷ
763 863 924 898 παρασχεῖν.

143 905 334 940 Εὑλογούμεθα
354 907 409 943 γὰρ
429 907 479 942 οὐχ
500 908 601 942 ἑτέρως
627 907 703 944 παρὰ
729 907 858 943 Χριστοῦ,
880 907 926 934 τοῦ

143 951 261 986 μεγάλου
271 961 300 977 τε
315 952 362 978 καὶ
371 952 487 988 ἀληθοῦς
502 953 605 988 ἱερέως,
619 953 809 989 Εὐλογούμεθα
818 953 845 980 δὲ
857 953 928 981 κατὰ

141 995 185 1022 τὸν
199 995 341 1023 Θεσπέσιον
362 998 498 1033 ’Δὸραὰμ,
521 998 720 1026 εὑσθενέστατα
737 999 928 1033 καταγωνισά-

143 1049 217 1076 μενοι
236 1042 298 1073 τοὺς
309 1043 442 1077 ἄρχοντας
459 1044 505 1070 τοῦ
516 1044 614 1077 αἰῶνος
627 1045 733 1077 τούτου,
752 1045 857 1080 καὶτῆς
873 1045 928 1072 τῶν

142 1087 277 1122 πολεμίων
291 1089 380 1123 χειρὸς
397 1089 524 1123 ἀμείνους
538 1090 770 1125 ἀναδεικνύμενοι,
797 1091 843 1117 καὶ¹
862 1090 928 1125 μηδ-

141 1133 198 1164 ενὸς
216 1132 270 1159 τῶν
291 1134 321 1159 ἐν
340 1134 435 1169 κόσμῳ
447 1134 618 1170 δεδεημένοι·
643 1135 757 1162 πλοῦτον
778 1135 807 1162 δὲ
828 1136 927 1170 μᾶλλον

140 1178 286 1213 ἡγούμενοι
299 1179 394 1215 νοητὸν
409 1180 443 1207 τὰ
455 1181 530 1216 παρὰ
544 1180 624 1213 Θεοῦ,
642 1182 689 1208 καὶ
704 1181 753 1217 τὴν
766 1181 866 1208 εὐκλεᾶ
881 1182 927 1208 καὶ

141 1225 297 1261 ἀμάραντον
309 1225 363 1252 τῶν
372 1226 475 1253 ἄνωθεν
481 1227 658 1262 χαρισμάτων
669 1227 811 1263 διανομήν.
828 1227 928 1254 Ἐννύει

140 1269 194 1304 γὰρ
207 1270 249 1297 ὅτι
261 1271 422 1306 νενικηκότα
436 1271 482 1298 τὸν
507 1271 644 1308 ’Λὸραὰμ,
659 1273 707 1300 καὶ
724 1272 928 1308 ὑποστρέφοντα

145 1316 193 1350 μὲν
208 1317 241 1342 ὲκ
261 1316 311 1351 τῆς
329 1318 414 1352 κοπῆς
434 1316 489 1344 τῶν
507 1317 651 1352 βασιλέων,
669 1317 741 1344 καθὰ
762 1317 926 1352 γέγραπται,

145 1362 194 1388 οὐκ
206 1361 361 1394 ἀξιώσαντα
374 1362 402 1389 δέ
416 1371 442 1389 τι
455 1362 529 1398 παρὰ
544 1363 591 1389 τοῦ
605 1362 729 1398 Σοδόμων
743 1362 873 1398 ἄρχοντος
887 1363 927 1393 εἰς

144 1407 211 1434 ιδιαν
223 1407 320 1443 κτῆσιν
336 1408 416 1440 ἑλεῖν,
430 1408 560 1443 εὐλόγησε
572 1409 618 1436 τὸν
632 1408 808 1444 Μελχισεδέκ.
835 1407 863 1434 ’0
879 1407 928 1443 μὲν

142 1451 196 1487 γὰρ
211 1452 361 1488 Σοδομιτῶν
373 1451 578 1488 ἡγούμενος,ώ;
589 1453 743 1487 νενικηκότι
754 1452 792 1487 τῷ
800 1452 929 1487 Ἀϐραὰμ

144 1497 258 1532 ἔφασκεο
284 1507 294 1524 ι
311 1499 361 1530 Δός
376 1507 421 1534 μοι
441 1499 504 1530 τοὺς
524 1499 633 1535 ἄνδρας,
651 1498 699 1534 τὴν
715 1499 744 1526 δὲ
763 1499 845 1525 ἵππον
861 1498 927 1525 λάϐε

979 267 1094 295 rimebat
1108 271 1189 302 atque
1200 267 1369 302 sejungebat,
1391 268 1476 295 abluti
1499 273 1526 295 et
1545 270 1613 297 uniti
1632 271 1764 305 quodam-

979 312 1060 339 modo
1073 313 1125 347 ipsi
1135 320 1184 347 per
1197 313 1323 347 spiritum
1345 321 1352 340 :
1371 322 1379 338 ι
1395 313 1462 346 Qui»
1473 313 1546 341 enim
1563 325 1571 340 ι
1584 315 1699 342 Domino
1716 316 1765 343 ad-

979 358 1072 389 hmret,
1091 367 1100 383 ι
1117 357 1206 393 inquit
1217 358 1300 390 idem,
1317 368 1325 384 (
1344 367 1415 386 unus
1427 359 1540 393 spiritus
1548 364 1589 386 est
1601 361 1631 388 ιδ.
1645 370 1653 383 ι
1670 361 1765 388 lllclchi

978 405 1070 440 igitur,
1085 405 1108 433 si
1131 406 1224 433 Grzece
1246 406 1363 438 reddas,
1387 414 1474 441 regem
1506 407 1650 442 significat,
1679 407 1767 434 Sedcc

978 458 1045 477 vero
1055 451 1201 486 justitiam.
1227 451 1372 486 Facileque
1389 451 1451 486 quis
1478 452 1677 479 animadvertat
1701 460 1766 487 pro-

977 496 1065 530 priam
1083 504 1158 523 suam
1179 497 1389 532 appellationem
1406 502 1534 530 nactum,
1551 499 1627 533 juxta
1643 498 1699 525 vim
1718 505 1765 525 eo-

978 549 1039 568 rum
1059 549 1119 576 quae
1140 542 1345 577 signiﬁcantur,
1369 551 1415 570 rex
1426 543 1538 578 justitiw
1555 552 1563 570 :
1584 544 1611 571 in
1628 551 1661 571 eo
1674 548 1765 571 autem

978 586 1051 620 quod
1072 586 1163 614 dictus
1187 588 1223 614 sit
1237 596 1283 614 rex
1306 587 1406 621 Salcm,
1440 597 1487 615 rex
1509 589 1580 624 pacis
1597 590 1628 616 η.
1655 590 1766 625 Aptavit

977 631 1070 666 itaque
1087 632 1196 659 divinus
1216 633 1316 660 Paulus
1332 634 1389 661 inec
1407 641 1439 661 ex
1452 634 1630 662 similitudine
1647 635 1719 662 clara
1734 642 1765 661 ac

978 678 1121 705 manifesta
1134 678 1312 706 Melchisedcc
1325 679 1444 707 Christo.
1463 680 1563 708 Statuit
1583 685 1674 708 autem
1694 688 1766 717 sym-

977 723 1070 750 bolum
1090 724 1146 751 sive
1172 728 1265 760 typum
1283 725 1427 752 sacerdotii
1452 727 1659 760 praestantioris,
1683 735 1764 762 quam

977 773 1019 796 est
1033 769 1127 804 legale,
1139 770 1359 797 benedictionem
1375 770 1490 799 Abralne
1505 773 1613 804 factam,
1626 773 1679 808 62
1693 773 1764 800 vini-

978 821 1032 847 que
1043 819 1070 840 et
1085 821 1185 848 panum
1195 815 1370 842 oblationem.
1390 816 1483 850 Neque
1499 815 1571 844 enim
1588 818 1640 845 alia
1659 818 1765 846 ratione

978 859 1114 886 benedicti
1126 868 1220 887 sumus
1231 868 1245 887 a
1253 860 1372 892 Christo.
1388 869 1484 896 magno
1494 869 1524 889 ac
1536 871 1600 890 vero
1612 864 1763 891 sacerdote.

943 892 966 922 Β
978 905 1117 932 Benedicti
1130 913 1196 933 vero
1210 913 1305 933 sumus
1312 906 1424 940 perinde
1434 892 1517 942 atque
1531 908 1677 941 Abraham,
1690 909 1766 944 prin-

978 950 1085 985 cipibus
1101 951 1192 978 saeculi
1204 951 1285 986 hujus
1295 951 1441 979 fortissime
1458 952 1611 986 debellatis,
1626 958 1653 981 ct
1671 954 1767 982 adver-

978 997 1059 1024 sariis
1074 997 1229 1033 superiores
1246 996 1386 1029 declarati,
1404 998 1561 1032 nulliusque
1580 1006 1686 1031 eorum,
1706 1007 1766 1034 qua:

978 1042 1005 1069 in
1027 1043 1131 1070 mundo
1143 1047 1217 1075 sunt,
1240 1047 1361 1078 egentes,
1383 1048 1410 1071 at
1422 1051 1487 1071 vero
1516 1045 1608 1079 potius
1628 1045 1766 1080 spiritales

978 1089 1088 1116 divitias
1103 1093 1246 1116 censentes
1276 1097 1308 1116 ea
1322 1094 1393 1124 ‘quaa
1412 1090 1460 1117 Dei
1475 1095 1550 1122 sunt,
1571 1095 1599 1118 et
1621 1092 1766 1126 gloriosam

978 1138 1058 1170 atque
1074 1135 1328 1162 immarcescibilem
1340 1143 1521 1170 supernorum
1538 1137 1672 1164 donorum
1683 1137 1765 1174 largi-

978 1181 1089 1208 tionem.
1110 1180 1300 1208 Animadverte
1318 1181 1391 1208 enim
1402 1181 1476 1216 quod
1500 1182 1596 1209 victori
1616 1182 1764 1215 Abraham,

977 1231 1006 1254 et
1016 1226 1140 1253 re‘deunti
1154 1234 1168 1253 a
1184 1226 1258 1254 cazde
1272 1233 1377 1261 regum,
1392 1226 1462 1254 sicut
1484 1228 1616 1262 scriptum
1632 1232 1673 1256 est
1687 1229 1717 1261 ‘°,
1739 1233 1766 1257 et

978 1272 1134 1307 dedignanti
1146 1271 1294 1307 quidquam
1313 1280 1328 1299 a
1341 1272 1464 1307 principe
1481 1273 1660 1300 Sodomorum
1677 1275 1765 1309 possi-

978 1317 1097 1346 dendum
1111 1319 1246 1359 accipere,
1262 1318 1403 1345 benedixit
1419 1317 1608 1346 Melchisedec.
1621 1319 1678 1346 Rex
1692 1320 1765 1347 enim

979 1364 1161 1392 Sodomorum
1183 1364 1282 1392 victori
1306 1364 1422 1392 Abrahae
1442 1365 1530 1392 dixit:
1548 1375 1556 1390 ε
1573 1366 1611 1392 Da
1625 1366 1692 1393 mihi
1709 1367 1768 1393 ani-

978 1417 1047 1443 mas,
1059 1411 1211 1445 equitatum
1224 1418 1289 1437 vero
1307 1410 1355 1437 tibi
1377 1410 1470 1445 accipe
1482 1410 1513 1436 ¹⁷.
1533 1420 1541 1435 ι
1553 1411 1612 1445 ipse
1622 1419 1688 1438 vero
1698 1411 1767 1438 nihil

979 1464 1074 1484 eorum
1087 1463 1148 1490 qua:
1163 1456 1235 1491 regis
1249 1455 1430 1483 Sodomorum
1440 1459 1529 1488 erant,
1543 1455 1594 1483 sibi
1607 1456 1765 1484 vindicans:

983 1511 993 1527 ‹
1021 1502 1189 1533 Extendam,
1224 1502 1329 1536 inquit,
1365 1509 1475 1528 manum
1500 1510 1589 1529 meam
1615 1502 1647 1529 ad
1680 1503 1765 1530 Deum

142 1542 247 1578 σεαυτῷ
260 1551 283 1568 Ἰ
300 1544 314 1569 ό
333 1543 361 1570 δὲ
382 1544 495 1578 μηδενὸς
518 1543 572 1571 τῶν
593 1543 698 1571 ἐκείνου
723 1542 928 1578 μεταποιεῖσθαι

979 1546 1152 1577 altissimum,
1169 1546 1215 1581 qui
1237 1546 1339 1573 cicavit
1354 1545 1452 1572 ctelum
1473 1553 1504 1572 ac
1517 1549 1628 1577 terram,
1648 1545 1671 1573 si
1692 1554 1707 1573 a
1722 1547 1767 1573 {ilo

141 1589 314 1624 διεγνωκὼς,
347 1599 357 1615 ‹
388 1589 523 1622 Ἐκτενῶ,
562 1589 645 1625 φησὶ,
678 1588 727 1624 τὴν
761 1589 841 1624 χεῖρά
876 1596 926 1623 μου

141 1636 210 1671 πρὸς
222 1636 267 1662 τὸν
278 1636 344 1662 Θεὸν
354 1636 400 1662 τὸν
411 1635 572 1671 ﬁdis-roma;
588 1636 678 1662 ἔκτισε
692 1634 738 1662 τὸν
751 1634 865 1670 οὐρανὸν
880 1634 928 1661 καὶ

141 1682 190 1718 τὴν
202 1683 264 1718 γῆν,
282 1684 305 1709 εἰ
323 1682 377 1709 ἀπὸ
394 1682 526 1718 σπαρτίου
545 1681 598 1713 ’ἐως
622 1681 812 1717 σφαιρωτῆρος
831 1680 928 1716 ὑποδή-

144 1737 227 1762 ματος
242 1728 361 1763 λήψομαι
376 1728 429 1754 ἀπὸ
447 1728 555 1754 πάντων
575 1727 629 1753 τῶν
644 1727 708 1759 σῶν,
723 1726 766 1753 ῐνσ.
780 1726 818 1762 μὴ
835 1725 926 1761 εἴπῃς*

149 1772 220 1806 Ἐγὼ
248 1771 396 1798 ὲπλούτισα
411 1771 456 1798 τὸν
478 1771 614 1806 ’Δῦραάμ.
628 1780 637 1796 ι
648 1771 760 1806 Χαίρειν
769 1770 824 1805 γὰρ
842 1770 928 1804 ἁγίοις

143 1817 202 1849 ἔθος
220 1818 271 1844 οὐκ
292 1818 338 1844 ἐπὶ
347 1817 453 1852 πλούτῳ
467 1817 602 1852 κοσμικῷ.
617 1817 825 1852 Κεκρατηκότες
839 1816 928 1843 τοίνυν

143 1862 248 1898 ὁρατῶν
260 1871 290 1889 τε
303 1863 350 1890 καὶ
359 1863 480 1898 ἀοράτων
490 1862 605 1899 ἐχθρῶν,
620 1863 666 1889 καὶ
675 1862 751 1888 οὐδὲν
761 1862 815 1889 ἀπὸ
824 1861 927 1898 κόσμου

144 1907 291 1943 δεχόμενοι,
312 1907 443 1943 τιμῶντες
460 1908 488 1934 δὲ
507 1908 606 1943 μᾶλλον
622 1908 667 1935 τὸν
683 1907 785 1934 ἄνωθεν
804 1908 928 1941 πλοῦτον,

144 1953 328 1988 εὖλογούμεθα
342 1953 385 1980 διὰ
392 1952 522 1988 Χριστοῦ,
537 1953 584 1980 τοῦ
594 1953 644 1988 τῆς
660 1953 771 1988 εἰρήνης
787 1953 927 1988 βασιλέως.

145 1997 336 2032 Εὑλογούμεθα
359 1998 397 2030 δὲ,
420 1997 504 2029 ξένιον
523 1997 617 2033 ὥσπερ
637 1997 763 2032 οὐρανοῦ,
787 1998 835 2024 καὶ
856 1997 929 2033 ζωῆς

144 2043 249 2077 ἑφόδιον
263 2043 401 2078 δεχόμενοι
410 2043 444 2069 τὰ
462 2043 591 2078 μυστικά.
607 2043 765 2078 Σεσιγήσθω
778 2043 833 2078 γὰρ
849 2043 929 2074 τέως,

145 2089 168 2114 st
185 2087 272 2114 δοκεῖ·
293 2087 478 2122 εὐλογούμεθα
493 2087 522 2114 δὲ
538 2087 614 2123 παρὰ
641 2087 760 2123 Χριστοῦ
791 2088 839 2114 καὶ
861 2096 930 2124 πρε-

147 2134 249 2165 σὸείαις
262 2135 321 2166 ταῖς
333 2134 404 2169 ὑπὲρ
415 2133 492 2169 ἡμῶν
507 2134 574 2169 πρὸς
589 2134 634 2160 τὸν
648 2134 767 2170 Πατέρα.
775 2134 804 2160 Ὀ
815 2133 865 2169 μὲν
876 2133 930 2167 γὰρ

145 2179 312 2214 Μελχισεδὲκ
343 2179 447 2213 εὐλόγει
474 2179 519 2206 τὸν
551 2179 693 2215 Ἀϐραὰμ,
727 2179 798 2206 οὕτω
824 2179 929 2214 λέγων·

980 1591 1160 1626 subtegminis
1176 1598 1263 1625 usque
1279 1590 1311 1617 ad
1329 1590 1472 1624 corrigiam
1493 1589 1577 1617 calcei
1589 1598 1720 1625 accepero
1733 1599 1767 1618 cx

980 1635 1108 1663 omnibus
1120 1636 1184 1668 tuis,
1198 1640 1230 1663 ut
1240 1643 1292 1663 non
1305 1635 1394 1662 dicas:
1405 1635 1461 1670 Ego
1473 1635 1558 1662 ditavi
1568 1635 1707 1663 Abraham
1716 1635 1763 1663 ⁸⁸.»

979 1681 1074 1716 Neque
1098 1681 1172 1709 enim
1198 1685 1361 1715 sanctorum,
1373 1681 1542 1708 consuetudo
1565 1684 1608 1708 est
1623 1682 1768 1709 mundanis

980 1727 1084 1754 divitiis
1099 1727 1226 1762 gaudere.
1251 1727 1374 1754 Victores
1387 1727 1480 1762 itaque
1495 1727 1644 1754 visibilium
1664 1729 1770 1763 pariter

980 1777 1008 1800 et
1020 1773 1198 1800 invisibilium
1216 1772 1399 1803 inimicorum,
1416 1779 1505 1807 neque
1516 1772 1665 1807 quidquam
1686 1781 1767 1800 mun—

981 1818 1082 1845 danum
1098 1817 1282 1849 admittentes,
1298 1822 1326 1844 at
1341 1817 1431 1852 potius
1445 1825 1578 1852 supernas
1595 1818 1704 1846 divitias
1724 1826 1771 1846 su-

981 1863 1140 1898 spicientes,
1161 1863 1351 1890 benedicimur
1370 1870 1385 1890 a
1400 1862 1509 1890 Christo
1534 1864 1609 1898 pacis
1625 1872 1699 1900 rege.
1716 1865 1769 1892 Be-

981 1908 1135 1935 nedicimur
1149 1911 1251 1939 autem,
1269 1912 1397 1941 tanquam
1409 1907 1511 1934 donum
1520 1908 1580 1935 eceli
1597 1912 1625 1935 et
1637 1909 1767 1936 viaticum

981 1953 1044 1980 vita:
1068 1953 1249 1988 suscipientes
1270 1960 1302 1979 ea
1328 1960 1389 1987 qua:
1419 1953 1533 1987 mystica
1560 1957 1643 1988 atque
1669 1962 1768 1982 arcana

982 2002 1056 2026 sunt.
1073 1998 1217 2030 Taceatur,
1232 1998 1255 2025 si
1274 1997 1400 2029 videtur,
1417 1998 1559 2032 tantisper.
1577 1997 1769 2026 Benedicimur

981 2051 1047 2071 vero
1060 2051 1075 2070 a
1089 2041 1199 2071 Christo
1216 2047 1245 2070 et
1258 2042 1495 2077 deprecationibus
1504 2050 1554 2077 pro
1569 2042 1648 2069 nobis
1668 2043 1700 2070 ad
1720 2044 1771 2070 Pa-

984 2093 1062 2116 trem.
1090 2089 1271 2117 Melchisedec
1294 2089 1368 2116 enim
1400 2088 1540 2116 benedixit
1561 2088 1691 2121 Abrahae,
1716 2088 1769 2116 hoc

982 2139 1082 2170 pacto:
1105 2145 1114 2161 ‹
1129 2135 1293 2163 Benedictus
1312 2136 1385 2162 Deus
1403 2134 1566 2166 altissimus,
1588 2134 1635 2169 qui
1657 2135 1766 2162 tradidit

984 2180 1110 2208 inimicos
1118 2184 1179 2208 tuos
1193 2180 1316 2215 captivos
1331 2180 1380 2207 tibi
1397 2180 1429 2206 ι’.
1450 2189 1459 2205 ι
1477 2179 1610 2206 Dominus
1625 2187 1690 2206 vero
1715 2186 1765 2206 no-

149 2235 158 2251 ‹
178 2225 329 2260 Εὐλογητὸς
344 2226 358 2252 ὁ
372 2225 438 2257 Θεὸς
449 2226 463 2251 ὁ
473 2225 594 2260 ὕψιστος,
606 2226 635 2257 ὃς
649 2225 733 2252 ἔδωκε
744 2227 807 2257 τοὺς
817 2225 928 2261 ἐχθρούς

983 2231 1040 2254 sier
1056 2227 1135 2254 Jesus
1162 2226 1300 2259 Christus,
1335 2226 1458 2253 omnium
1491 2231 1614 2252 nostrum
1637 2225 1770 2260 propitia--

146 2279 192 2297 σου
215 2271 386 2306 ὑποχειρίους
406 2279 457 2297 σοι.
477 2281 487 2297 ι
511 2271 540 2297 Ὀ
558 2271 586 2297 δὲ
601 2270 702 2305 Κύριος
721 2271 801 2306 ἡμῶν
828 2271 931 2306 Ἰησοῦς

145 2315 271 2350 Χριστὸς,
283 2314 313 2341 τὸ
326 2314 434 2341 πάντων
452 2314 529 2350 ἡμῶν
550 2315 718 2350 ἱλαστήριον,
729 2325 738 2341 ι
751 2316 842 2352 Πάτερ
859 2316 932 2350 ἇγιε,

146 2362 222 2395 φησὶ,
248 2363 368 2398 τήρησον
390 2362 487 2393 αὐτοὺς
505 2361 534 2388 ὲν
551 2362 584 2396 τῇ
603 2361 719 2397 ἀληθείᾳ
732 2370 789 2389 σου.
807 2371 816 2388 ›
829 2362 933 2389 Οὐκοῦν

145 2407 191 2433 καὶ
206 2408 239 2434 ἐκ
251 2407 299 2442 τῆς
310 2407 364 2433 τῶν
376 2407 514 2442 ὀνομάτων
527 2407 675 2442 ἑρμηνείας
686 2408 804 2443 ἁρπάζει
819 2407 849 2434 τὸ
865 2408 934 2443 χρή-

147 2463 235 2490 σιμον,
247 2455 286 2486 εἰς
300 2454 474 2481 ὑποτύπωσιν
488 2453 535 2480 τοῦ
545 2454 674 2489 Χριστοῦ.
687 2454 742 2480 Καὶ¹
755 2454 835 2480 αὑτὸν
846 2454 874 2480 δὲ
884 2454 933 2488 τῆς

146 2499 296 2535 ἱερωσύνης
311 2500 356 2526 τὸν
371 2500 478 2535 τρόπον,
489 2500 528 2531 εἰς
538 2499 695 2534 παράδειξιν
709 2499 756 2525 τοῦ
772 2499 933 2534 πράγματος

147 2546 265 2572 ἐποιεῖτο
278 2545 363 2580 σαφῆ.
383 2554 392 2570 ι
415 2545 532 2580 ’Ἄρτους
552 2545 606 2581 γὰρ
625 2545 673 2572 καὶ
688 2543 760 2572 οἶνον
777 2544 934 2579 ἐξεκόμιζεν

145 2590 159 2616 ὁ
173 2590 352 2624 Μελχισεδέκ.
371 2598 380 2615 ι
395 2590 455 2616 ’Ότι
465 2590 493 2616 δὲ
505 2590 622 2624 ἀπάτωρ
636 2590 778 2625 ἢάμήτωρ
789 2587 834 2624 ἦν,
851 2590 935 2624 ἡγουν

146 2635 369 2670 ἀγενεαλόγητος,
389 2635 406 2670 ἦ
422 2635 508 2671 ἀρχὴν
530 2635 651 2670 ἡμερῶν,
671 2635 687 2670 ἣ
706 2636 782 2667 τέλος
799 2635 871 2669 ζωῆς
882 2635 933 2661 οὐκ

145 2681 215 2717 ἔχων
226 2683 240 2708 ὁ
254 2682 430 2716 Μελχισεδὲκ,
439 2682 556 2717 οὐδαμοῦ
567 2682 754 2717 διαμεμήννκε
772 2681 802 2708 τὸ
813 2681 933 2716 Γράμμα

144 2727 176 2755 τὸ
195 2727 279 2764 ἱερόν.
298 2728 484 2763 Πεφενάκικεν
500 2725 545 2754 οῦν
563 2727 626 2763 ἄρα,
643 2728 709 2763 φαίη
725 2736 766 2759 τις
780 2727 812 2753 ἂν
830 2726 905 2758 ἴσως,
918 2726 932 2752 6

181 2826 204 2842 ⁸⁸
216 2825 227 2853 Ι
241 2825 305 2853 Cor.
325 2833 362 2857 vr,
378 2825 419 2852 l'i.

145 2867 211 2894 XVII,
228 2861 272 2888 ll.
312 2861 334 2876 ’ί
351 2861 420 2888 Gen.
437 2869 490 2893 xw,
508 2861 555 2893 lS;
574 2861 656 2888 Hebr.
685 2868 731 2893 vn,
749 2859 802 2887 1-5.

267 2907 406 2937 ΡΑτιιοῐη
429 2907 487 2937 Gn.
508 2908 611 2938 LXIX.

457 2826 477 2841 ”
492 2826 574 2853 Hebr.
595 2834 641 2859 vn,
661 2826 688 2853 2.
723 2825 745 2840 ¹¹
763 2824 831 2851 Gen.
850 2832 903 2856 xw,
923 2823 964 2850 l7.
995 2823 1013 2838 ¹⁷
1027 2822 1095 2850 ibid.
1112 2823 1156 2849 21.

984 2273 1031 2304 tio,
1056 2282 1064 2298 ι
1083 2273 1162 2300 Pater
1184 2276 1287 2304 sancte,
1315 2271 1413 2307 inquit,
1438 2279 1516 2299 serva
1539 2279 1587 2299 eos
1607 2271 1636 2298 in
1654 2271 1769 2298 veritate

983 2323 1029 2345 tua
1041 2319 1074 2344 ¹⁰.
1097 2328 1106 2343 ι
1130 2318 1169 2346 Ex
1181 2318 1239 2352 ipsa
1269 2317 1352 2352 igitur
1373 2316 1514 2344 nominum
1541 2316 1768 2352 interpretatione

983 2364 1054 2398 rapit
1068 2363 1096 2391 id
1112 2363 1187 2398 quod
1212 2363 1246 2390 ad
1258 2362 1428 2398 ﬁgurandum
1436 2361 1575 2389 Christum
1587 2362 1661 2389 facit.
1678 2362 1769 2397 ipsum

982 2409 1064 2436 etiam
1080 2409 1225 2436 sacerdotii
1240 2408 1351 2436 modum
1367 2408 1394 2435 in
1403 2407 1557 2442 exemplum
1568 2407 1607 2434 rei
1626 2407 1769 2434 manifeste

983 2454 1019 2481 ob
1031 2454 1125 2481 oculos
1145 2453 1245 2489 posuit.
1271 2462 1281 2478 ι
1297 2453 1384 2481 Panes
1398 2452 1471 2479 enim
1496 2456 1524 2479 et
1549 2452 1642 2479 vinum
1670 2452 1771 2479 obtulit

984 2498 1202 2527 Melchisedec".
1217 2508 1226 2524 I
1246 2497 1324 2531 Quod
1337 2505 1402 2524 vero
1418 2501 1495 2532 patre
1510 2505 1542 2524 ac
1554 2501 1640 2524 matre
1651 2500 1768 2527 careret.

984 2544 1099 2579 ejusque
1120 2544 1278 2579 genealogia
1294 2544 1483 2578 ignoraretur,
1505 2543 1549 2570 vel
1564 2543 1637 2577 quod
1664 2543 1769 2577 princi-

985 2590 1061 2624 pium
1073 2589 1192 2621 dierum,
1201 2593 1248 2616 aut
1264 2590 1326 2616 vitae
1336 2589 1418 2616 ﬁnem
1432 2596 1487 2615 non
1503 2588 1616 2616 haberet
1627 2588 1771 2615 Melchise—

986 2635 1047 2668 dec,
1062 2643 1140 2663 sacra
1158 2636 1300 2671 Scriptura
1321 2643 1456 2670 nusquam
1470 2639 1594 2663 testatur.
1613 2634 1709 2661 Falsus
1722 2634 1771 2661 ita-

985 2687 1040 2714 que
1055 2683 1098 2707 est
1112 2680 1195 2715 (dicat
1207 2679 1321 2707 fortasse
1338 2680 1447 2715 aliquis)
1465 2679 1576 2707 divinus
1586 2679 1696 2706 Paulus.
1710 2678 1769 2705 Non

984 2727 1039 2762 63
1058 2726 1110 2753 hoc
1124 2726 1240 2754 dicimus
1253 2735 1259 2753 ε
1272 2725 1359 2753 absit!
1380 2726 1528 2753 Veritatem
1540 2725 1613 2752 enim
1637 2724 1768 2758 loquitur.

1198 2824 1217 2839 ¹⁸
1229 2823 1296 2851 lbid.
1312 2823 1355 2855 ⁵22,
1373 2823 1416 2850 9.5.
1456 2822 1476 2838 ”
1489 2821 1558 2849 Ibid.
1572 2820 1615 2848 20.
1654 2820 1676 2836 ’⁸
1688 2820 1765 2848 Joan.

1573 2901 1588 2933 4
