1990 3046
218 165 267 193 107

723 164 751 192 S.
772 164 908 192 CYRILLI
929 162 1162 190 ALEXANDRLVI
1181 162 1338 190 AHCHiEP.

1786 166 1835 193 108

215 225 249 252 At
265 223 366 258 potius,
379 222 544 252 artiﬁciosus
565 223 711 251 admodum
728 231 869 251 sacrorum
898 227 998 258 myste-

1052 222 1193 253 θεσπέσιος
1211 221 1327 253 Παῦλος.
1345 222 1381 248 Οὑ
1396 221 1474 248 τοῦτό
1494 231 1592 258 φαμεν,
1612 223 1648 259 μὴ
1664 224 1778 257 γένοιτο·
1790 223 1836 250 λα-

1030 282 1033 285 ι
1051 268 1092 294 λεῖ
1105 268 1160 304 γὰρ
1178 267 1322 303 ἀλήθειαν·
1337 268 1443 303 δέχεται
1458 269 1486 295 δὲ
1509 269 1607 304 μᾶλλον
1624 271 1638 296 ό
1659 269 1837 304 μυσταγωγὸς

216 270 318 297 riorum
336 269 480 304 interpres,
493 270 587 298 statuit
598 269 680 297 etiam
694 269 889 297 meonomicam
900 268 998 295 horum

215 315 399 343 narrationem
420 315 448 343 in
471 320 563 351 typum
583 315 676 350 gloriae
700 314 896 342 Emmanuelis.
921 313 1000 346 Quod

214 361 287 388 enim
303 361 431 389 sacerdos
448 361 535 388 solum
552 360 812 391 cratMelcbisedee,
828 367 905 387 sacra
921 359 1000 386 nobis

215 405 356 439 Scriptura
367 404 496 436 declarat,
507 412 593 440 genus
608 412 662 431 non
674 411 829 440 recensens,
848 411 937 438 neque
946 411 1000 439 quo

213 455 290 484 patre
301 453 350 475 aut
368 455 455 476 matre
467 454 548 476 natus
572 450 617 481 sit,
638 449 685 476 sed
701 456 791 483 neque
819 448 853 475 ad
867 452 1000 483 quantum

213 502 346 522 annorum
357 502 503 522 numerum
516 495 686 530 pervenerit,
702 499 750 521 aut
763 494 858 529 quales
872 494 1000 522 habuerit

213 539 359 566 sacerdotii
372 537 568 572 successiones,
585 544 758 567 cnarrantem
771 539 902 566 invenias.
918 539 1000 573 Figu-

215 589 272 612 rate
288 585 378 620 itaque
393 586 473 614 nobis
482 585 605 621 depingit
616 585 714 612 horum
731 584 850 612 narratio
859 584 998 619 perpetui-

215 635 297 659 tatem
317 636 345 660 et
364 632 493 668 principii
510 632 659 659 carentiam
677 632 704 659 in
717 631 836 663 Christo,
852 639 905 666 qua
927 631 1000 658 Deus

212 682 256 705 est
271 687 278 705 ;
299 678 448 705 carcntiam
469 682 572 710 autem,
589 678 710 713 inquam,
726 677 854 712 principii
872 677 899 704 in
913 684 1000 712 quan-

216 723 445 755 titate,nimirum
467 723 617 751 secundum
638 727 755 757 tempus.
780 723 839 758 Ipse
864 723 937 750 enim
960 727 1001 750 est

212 768 299 797 factor
312 769 483 797 saeculorum.
496 768 634 805 Significat
647 774 737 796 autem
764 772 894 803 pneterca
917 769 1000 795 etiam

214 814 424 842 indesinentiam
437 815 592 842 sacerdotii.
615 825 623 840 ι
645 814 760 847 idcirco,
780 825 789 840 ι
808 814 895 849 inquit
905 814 1001 841 beatus

212 861 314 888 Paulus
336 860 370 888 de
393 860 583 893 Mclcbiscdec,
609 870 618 886 ι
636 860 708 895 quod
723 869 812 895 neque
834 860 999 895 principium

1050 314 1186 350 τεχνίτης,
1201 314 1309 348 ἀνάγων
1317 315 1356 346 εἰς
1368 314 1451 341 τύπον
1459 314 1508 349 τῆς
1520 315 1598 350 δόξης
1605 315 1651 341 τοῦ
1664 315 1836 350 Ἐμμανουήλ

1051 362 1098 388 καὶ
1113 361 1162 396 τὴν
1182 361 1229 387 ἐπὶ
1247 361 1351 394 τούτοις
1374 362 1466 393 αὐτοῖς
1489 362 1663 398 οἰκονομικὴν
1688 363 1835 398 ἀφήγησιν,

1051 408 1113 434 Ὅτι
1127 407 1180 443 γὰρ
1191 408 1269 442 μόνον
1279 406 1311 443 ἧν
1326 409 1415 444 ἱερεὺς
1428 409 1442 435 ὁ
1451 408 1626 443 Μελχισεδὲκ,
1637 409 1837 444 ήθεόπνευστος

1051 455 1117 489 ἡμῖν
1132 454 1254 488 ὑπέφηνε
1270 454 1375 490 Γραφὴ,
1392 454 1468 488 γένος
1483 455 1532 480 οὐκ
1552 454 1718 489 ὀνομάσασα,
1734 454 1750 489 ἢ
1765 454 1835 486 τίνος

1050 499 1132 535 ὲξέςρυ
1155 501 1258 535 πατρὸς
1275 501 1291 535 ἢ
1311 500 1429 535 μητρός·
1448 500 1506 527 ἀλλ’
1525 500 1584 527 οὐδὲ
1605 501 1645 532 είς
1662 501 1744 527 πόσον
1766 499 1835 526 ὲτῶν

1050 547 1196 582 κατέληξεν
1218 545 1342 581 ἀριθμὸν,
1368 546 1384 582 ἢ
1410 547 1490 578 ποίας
1512 546 1582 581 ἔχων
1604 547 1760 582 εὑρίσκεται
1785 545 1834 580 τῆς

1051 593 1199 628 ἱερωσύνης
1232 593 1285 624 τὰς
1311 592 1437 627 διαδοχὰς
1470 592 1634 627 προσθεῖσαν
1661 591 1832 627 εὑρίσκομεν.

1055 638 1273 665 ’Υποπλάττεται
1281 638 1393 674 τοίνυνη
1403 638 1456 665 τῶν
1465 637 1598 664 τοσούτων
1609 638 1673 672 ἡμῖν
1686 638 1834 672 ἀφήγησις,

1049 684 1129 711 οἱονεί
1143 692 1201 715 πως
1209 683 1238 710 τὺ
1249 684 1372 719 διηνεκὲς
1385 684 1431 710 καὶ
1445 683 1561 718 ἄναρχον
1569 683 1617 709 τοῦ
1631 683 1760 719 Χριστοῦ,
1769 683 1834 710 καθὸ

1049 730 1148 756 νοεῖται
1164 729 1240 760 Θεός.
1262 729 1396 764 ’Λναρχον
1411 728 1437 754 δέ
1455 737 1535 763 φημι,
1552 728 1582 754 τὸ
1594 728 1631 760 ὡς
1649 729 1677 753 ἐν
1695 727 1834 762 ποσότητι,

1050 774 1171 810 δηλονότι
1183 775 1216 809 τῇ
1228 774 1299 800 κατὰ
1310 774 1416 809 χρόνον.
1426 773 1510 803 Αὐτὸς
1525 773 1578 808 γάρ
1593 774 1650 799 ἐστι
1666 772 1720 798 τῶν
1731 771 1835 799 αἰώνων

1049 822 1063 848 ό
1075 821 1200 856 ποιητής.
1224 821 1405 856 Ὑπεμιραίνει
1420 820 1448 847 δὲ
1463 819 1529 854 πρὸς
1547 819 1635 854 τούτῳ
1665 819 1710 846 καὶ
1725 818 1756 845 τὸ
1766 819 1835 846 ἀκα-

1049 867 1183 902 τάληκτον
1205 866 1254 901 τῆς
1271 866 1428 902 ἱερωσύνης.
1445 875 1453 891 ι
1472 865 1522 892 Διὰ
1537 865 1614 892 τοῦτό
1632 875 1641 891 ι
1660 873 1740 900 φησιν
1756 865 1770 891 ὁ
1786 873 1836 900 μα-

213 906 330 939 dierum,
346 914 434 941 neque
445 906 595 934 vitmiincm
616 906 732 938 habens,
753 906 918 934 assimilatus
931 914 997 933 vero

1052 913 1142 948 κάριος
1169 912 1274 944 Παῦλος
1296 911 1360 947 περὶ
1382 911 1429 938 τοῦ
1451 911 1628 946 Μελχισεδὲκ,
1658 911 1699 937 ὅτι
1728 920 1745 942 «τ
1766 913 1835 946 μήτε

214 952 283 979 Filio
297 952 354 985 Dei,
369 957 460 979 manet
472 951 600 979 sacerdos
622 951 648 978 in
663 956 826 986 perpetuum
838 953 870 978 ".
889 962 897 977 ι
918 951 999 978 Vide-

214 1003 258 1025 tur
269 1002 359 1024 autem
379 997 461 1024 etiam
488 997 562 1024 aliud
577 997 642 1032 quid
657 1005 711 1024 non
735 997 845 1032 vulgare
873 997 998 1024 snbindi-

213 1050 287 1077 care,
300 1043 373 1080 quod
390 1043 499 1079 quidem
510 1044 589 1079 quale
606 1043 641 1071 sit
654 1043 791 1079 explicare
803 1043 932 1070 conabor.

249 1181 291 1210 l0.
320 1180 497 1210 Obsiste'bant
521 1181 608 1209 ιιιᾱωὶ
621 1180 723 1208 Christi
740 1180 927 1216 predieationi
941 1201 948 1214 ,
971 1185 1000 1209 et

213 1227 362 1264 apostolica
373 1227 464 1255 studia
482 1226 647 1259 irridebant,
664 1227 719 1254 duo
740 1227 798 1254 haec
811 1232 997 1262 opponentes:

215 1283 300 1303 unum
315 1274 437 1310 quidem,
455 1273 528 1308 quod
551 1273 720 1308 impossibile
743 1277 816 1301 esset
840 1273 999 1301 mandatum

191 1354 193 1356 _
214 1320 338 1357 patribus
348 1327 362 1346 a
373 1319 463 1355 Moyse
478 1319 667 1354 priescriptum
681 1319 824 1354 antiquare
857 1319 1000 1355 legemque

213 1367 356 1401 abrogare,
368 1364 422 1391 alio
438 1363 547 1391 vivendi
558 1370 657 1398 genere
672 1363 741 1390 nulli
756 1367 878 1390 veterum
893 1363 1001 1398 cognito

215 1416 313 1448 praeter
324 1404 480 1445 opinionem
496 1409 608 1436 inducto
620 1417 626 1441 ;
640 1409 755 1436 alterum
770 1417 835 1436 vero
845 1409 1000 1444 huiusmodi

214 1461 274 1485 erat
290 1466 296 1483 :
316 1455 521 1483 contendebant
533 1455 606 1482 enim
627 1455 773 1482 sacerdotii
788 1455 900 1490 gloriam
922 1463 937 1482 a
954 1454 1002 1482 de-

213 1503 284 1530 lecta
300 1501 382 1533 tribu,
398 1501 518 1528 Levitica
528 1501 670 1532 nimirum,
687 1500 786 1527 auferri
804 1508 858 1528 non
875 1500 975 1528 debere
992 1509 998 1526 :

214 1556 247 1575 eo
258 1547 332 1583 quod
345 1547 445 1582 passim
460 1554 474 1573 a
491 1546 645 1573 ministerio
659 1547 751 1581 templi
766 1547 838 1574 Deus
847 1553 894 1574 eos
907 1549 1001 1573 arceat

215 1594 261 1629 qui
275 1601 309 1620 ex
320 1601 352 1620 ea
368 1600 423 1619 non
440 1595 514 1623 sunt,
534 1596 737 1626 extremamque
748 1592 902 1626 huiusmodi
918 1597 1002 1619 teme-
1015 1582 1035 1610 (ἶ

215 1639 290 1666 ritati
302 1647 410 1674 [uenam
432 1638 544 1672 irroget.
561 1637 682 1665 Conatur
707 1638 798 1672 itaque
811 1639 922 1670 Paullus,
935 1638 1002 1672 legis

215 1684 317 1719 optime
332 1683 447 1719 peritus,
463 1683 656 1710 verisimilibus
668 1683 820 1710 rationibus
838 1683 918 1718 plane
929 1691 1003 1710 com—

215 1730 343 1766 probare,
358 1733 438 1764 atque
449 1728 517 1756 adco
534 1737 568 1755 ex
581 1729 639 1763 ipsa
654 1728 736 1756 etiam
751 1729 892 1764 Scriptura
913 1737 1001 1761 sacra,

216 1779 289 1814 quod
308 1783 336 1806 et
352 1777 418 1813 legis
433 1776 549 1809 novitas,
562 1780 590 1804 et
600 1776 745 1804 sacerdotii
758 1776 843 1810 ipsius
864 1776 1002 1803 translatio

216 1825 346 1861 praedicta
362 1823 416 1856 sit,
430 1821 558 1857 quodque
573 1822 717 1856 utriusque
738 1821 899 1856 signiﬁcatio
914 1822 941 1849 in
959 1826 1002 1857 ty-

218 1870 260 1905 pis
277 1872 482 1904 prmmonstrata
496 1867 587 1893 fuerit.
605 1866 806 1900 Statuititaque
822 1866 1003 1893 Mclebisedec

217 1923 272 1943 non
300 1922 333 1942 ex
354 1913 427 1941 tribu
448 1912 577 1940 Levitica.
592 1911 695 1939 Deinde
728 1911 848 1939 ostendit
874 1911 1002 1939 sacerdo-

215 1965 269 1987 tem
280 1959 391 1994 quidem
407 1957 491 1985 l‘uisse
508 1957 632 1984 altissimi
639 1957 696 1990 Dei,
709 1957 867 1984 oll'erentem
877 1965 943 1984 vero
954 1965 1001 1992 pa-

215 2013 266 2033 nes
281 2009 310 2032 et
322 2005 414 2032 vinum
426 2023 434 2036 ,
462 2008 544 2038 atque
561 2003 598 2030 ita
616 2003 650 2031 de
664 2003 722 2038 ipso
740 2003 777 2030 ait
795 2012 802 2030 :
825 2013 834 2029 ι
855 2003 1001 2031 intuemini

216 2056 307 2079 autem
318 2054 437 2086 quantus
451 2049 496 2076 hic
509 2050 554 2081 sit,
567 2050 611 2077 cui
626 2054 654 2076 et
669 2049 789 2076 decimas
803 2049 878 2076 dedit
888 2049 921 2077 dc
934 2057 1002 2084 prae-

217 2097 306 2132 cipuis
332 2096 468 2124 Abraham
491 2095 654 2130 patriarcha.
676 2095 711 2123 Et
740 2094 851 2130 quidem
879 2095 913 2122 de
939 2094 1003 2122 (iliis

217 2143 282 2170 Levi
301 2141 485 2169 sacerdotium
509 2141 685 2175 accipientes.
713 2141 873 2168 mandatum
901 2141 1003 2168 habent

217 2187 273 2224 65
287 2187 408 2214 decimas
423 2194 531 2214 sumere
542 2194 557 2213 a
571 2187 672 2221 populo
683 2186 834 2214 secundum
852 2187 950 2222 legem,
974 2186 1002 2213 id

217 2239 270 2266 est,
286 2241 300 2260 a
319 2233 450 2261 fratribus
475 2232 542 2264 suis,
557 2241 713 2267 quanquam
729 2237 756 2260 et
767 2233 818 2268 ipsi
838 2234 953 2261 exierint
968 2234 1002 2262 de

218 2279 319 2306 lumbis
333 2278 480 2306 Abraham.
496 2277 580 2312 Cujus
589 2282 679 2305 autem
695 2279 834 2312 generatio
846 2286 900 2306 non
912 2287 1002 2306 annu-

216 2329 337 2351 meratur
360 2323 387 2350 in
407 2322 456 2354 eis,
472 2322 592 2350 decimas
613 2323 729 2357 sumpsit
747 2324 782 2350 ab
806 2324 954 2357 Abraham,
975 2329 1003 2352 et

216 2370 290 2396 hunc
310 2369 357 2404 qui
381 2369 500 2396 habebat
518 2368 746 2403 repromissiones
770 2369 920 2397 benedixit.
937 2369 1002 2398 Sine

218 2415 272 2442 ulla
295 2420 386 2442 autem
397 2413 625 2446 contradictione,
641 2414 714 2448 quod
734 2415 825 2442 minus
847 2420 890 2444 est
905 2424 921 2444 a
943 2424 1002 2444 meo

216 2461 284 2488 liore
302 2459 514 2488 benedicitur".
535 2469 544 2486 ι
569 2459 703 2487 Caeterum
725 2468 781 2488 non
797 2461 825 2489 in
840 2466 938 2490 natura
952 2471 1002 2491 ex-

215 2505 370 2534 cellentiam
400 2505 598 2538 Melchisedec,
622 2506 669 2533 sed
683 2506 711 2533 in
736 2507 842 2536 ratione
857 2510 1002 2538 sacerdotii

215 2551 306 2579 inesse
316 2550 450 2578 dicimus:
463 2558 518 2578 non
537 2556 669 2579 renuente
683 2553 838 2587 patriarcha
854 2554 1001 2589 Abraham,

213 2596 507 2632 sedprzecminentiam
516 2597 567 2631 ipsi
578 2597 725 2631 tribuente,
742 2603 823 2634 atque
837 2600 939 2627 ideirco
951 2601 1003 2628 ho-

216 2651 310 2671 norem
324 2643 473 2675 deferente,
485 2643 624 2671 oﬂ'crendo
635 2644 763 2672 decimas.
777 2645 917 2673 Decimant
928 2647 1002 2674 enim

215 2689 246 2721 ii,
259 2689 305 2724 qui
332 2696 366 2716 ex
383 2689 513 2723 sanguine
534 2689 598 2716 Levi
620 2695 699 2723 sunt,
724 2691 865 2725 populum,
896 2692 1001 2720 etiamsi

213 2734 314 2761 fratres
324 2733 388 2760 sint.
403 2734 429 2760 Is
439 2741 505 2760 vero
521 2734 597 2768 cujus
613 2736 752 2769 generatio
767 2736 833 2770 ipsis
848 2744 902 2764 non
917 2745 1003 2764 annu-

211 2782 346 2811 meratur,
359 2778 411 2806 hoc
423 2783 481 2812 est,
499 2778 678 2806 Melchisedcc
695 2779 794 2814 (neque
809 2781 882 2807 enim
898 2786 957 2809 erat
969 2789 1003 2809 ex

271 2867 386 2897 “Hebr.
402 2876 449 2902 vn,
461 2869 487 2896 5.
524 2869 548 2884 ’³
567 2868 637 2897 ibid.
652 2869 711 2897 4-7.

1019 2253 1040 2279 li

1050 959 1135 994 ἀρχὴν
1147 958 1257 994 ἡμερῶν
1272 959 1338 993 μήτε
1351 957 1423 992 ζωῆς
1438 957 1515 988 τέλος
1526 957 1605 992 ἔχων,
1621 956 1835 992 ἀφωμοιωμένος

1048 1005 1076 1031 δὲ
1087 1004 1126 1040 τῷ
1142 1004 1199 1039 Υἰῷ
1218 1003 1264 1030 τοῦ
1277 1003 1345 1030 Θεοῦ
1367 1003 1441 1038 μένει
1455 1003 1493 1034 εἰς
1507 1003 1536 1029 τὸ
1557 1002 1680 1037 διηνεκὲς
1700 1001 1798 1037 ἱερεύς.
1823 1009 1832 1026 ι

1051 1051 1144 1077 Ἐοικε
1164 1051 1191 1077 δὲ
1211 1050 1257 1077 καὶ
1275 1050 1367 1085 ἕτερόν
1382 1058 1409 1076 τι
1430 1049 1512 1083 σοφὸν
1534 1047 1728 1084 βεϐουλεῦσθαι
1744 1047 1834 1074 πάλιν·

1050 1096 1096 1123 καὶ
1114 1096 1141 1123 τί
1160 1096 1191 1132 δὴ
1213 1095 1294 1122 τοῦτό
1318 1096 1402 1128 ἐστιν,
1426 1095 1464 1126 ὡς
1488 1094 1520 1121 ἂν
1544 1091 1599 1126 οἶός
1624 1103 1654 1120 τε
1673 1091 1705 1126 ὣ,
1723 1093 1836 1120 διειπεῖν

1049 1143 1227 1178 πειράσομαι.

1088 1189 1113 1217 ι’.
1137 1188 1330 1224 ’Δντέπραττον
1350 1187 1374 1214 oi
1400 1187 1520 1214 Ἰουδαῖοι
1545 1187 1602 1218 τοῖς
1628 1185 1692 1222 περὶ
1717 1183 1835 1220 Χριστοῦ

1050 1235 1218 1270 κηρύγμασι,
1253 1235 1298 1261 καὶ
1329 1234 1382 1260 τῶν
1409 1231 1594 1260 ἀποπολικιῦν
1622 1230 1836 1266 σπουδασμάτων

1051 1280 1191 1315 μονονουχὶ
1207 1278 1384 1314 καταμειδιᾷν
1408 1278 1539 1313 ἐτόλμων,
1556 1277 1602 1304 δύο
1620 1276 1707 1304 ταῦτα
1732 1274 1837 1311 προτεί-

1050 1333 1154 1356 νοντες·
1171 1324 1199 1350 ἓν
1219 1324 1278 1360 μὲν,
1292 1324 1330 1356 ὼς
1345 1324 1388 1359 εἴη
1407 1323 1460 1349 τῶν
1483 1323 1631 1358 ἀμηχάνων
1645 1322 1694 1357 τὴν
1708 1324 1764 1353 τοῖς
1785 1329 1838 1348 πα-

1050 1372 1128 1407 τράσι
1139 1371 1318 1407 διωρισμένην
1331 1370 1375 1396 διὰ
1392 1370 1484 1404 φωνῆς
1497 1369 1542 1396 τοῦ
1563 1369 1700 1403 πανοόςου
1716 1366 1837 1399 Μωσέως

1051 1419 1203 1453 ἀπρακτεῖν
1224 1416 1343 1451 ἐντολὴν,
1360 1416 1407 1441 καὶ
1421 1414 1574 1442 ἀθετεῖσθαι
1594 1414 1638 1440 τὸν
1653 1413 1744 1448 νόμον,
1762 1412 1838 1439 πολι-

1049 1463 1124 1494 τείας
1143 1463 1248 1498 ἑτέρας,
1269 1462 1318 1496 τῆς
1341 1461 1428 1487 οὐδενὶ
1449 1461 1502 1487 τῶν
1522 1461 1604 1487 πάλαι
1625 1458 1835 1494 διεγνωσμένης,

1050 1509 1187 1544 ἀδοκήτως
1210 1507 1424 1543 είσκρινομένης·
1453 1507 1545 1542 ἕτερον
1564 1505 1591 1532 δὲ
1607 1503 1656 1533 αὖ·
1676 1505 1723 1539 Μὴ
1739 1504 1793 1540 γὰρ
1805 1504 1836 1540 δὴ

1052 1555 1150 1589 χρῆναι
1169 1553 1366 1588 διισχυρίξοντο
1382 1553 1430 1587 τῆς
1448 1551 1598 1587 ἱερωσύνης
1618 1551 1668 1586 τὴν
1692 1550 1770 1582 δόξαν
1785 1549 1837 1582 ἔξω

1053 1601 1101 1634 τῆς
1122 1599 1270 1626 ἀπολὲχτου
1299 1598 1429 1633 φέρεσθαι
1450 1597 1545 1632 φυλῆς,
1562 1596 1694 1629 τουτέστι,
1720 1595 1768 1631 τῆς
1791 1593 1838 1621 τοῦ

1052 1646 1129 1672 Λευῖ.
1147 1646 1219 1671 Ἀνω
1238 1652 1266 1670 τε
1290 1644 1336 1670 καὶ
1361 1644 1434 1670 κάτω
1459 1643 1508 1677 τῆς
1536 1644 1564 1669 ἐν
1582 1642 1647 1677 ἱερῷ
1668 1641 1839 1676 λειτουργίας

1053 1691 1249 1721 ἀποσοϐοῦντος
1262 1689 1329 1716 Θεοῦ
1346 1689 1409 1721 τοὺς
1425 1689 1475 1715 οὐκ
1491 1688 1569 1719 ὄντας
1588 1687 1685 1722 αὐτῆς,
1698 1687 1743 1714 καὶ
1759 1685 1837 1720 δίκην

1053 1737 1132 1768 εὐθὺς
1146 1736 1185 1771 τῷ
1199 1735 1293 1771 τοιῷδε
1305 1735 1461 1770 τολμήματι
1478 1734 1666 1768 καθορίζοντος
1686 1733 1734 1768 τὴν
1755 1731 1838 1766 ἰσχά-

1052 1792 1112 1819 την.
1133 1781 1308 1816 ’Δγωνίζεται
1333 1781 1422 1807 τοίνυν
1444 1780 1602 1815 νομομαθὴς
1621 1779 1658 1805 ὢν
1686 1779 1700 1805 ὁ
1722 1777 1837 1811 Παῦλος,

1053 1829 1099 1856 καὶ
1115 1829 1241 1864 πειρᾶται
1259 1828 1449 1862 πληροφορεῖν,
1467 1826 1520 1853 ἀπό
1541 1834 1570 1852 τε
1594 1825 1640 1852 τοῦ
1662 1825 1774 1856 εἰκότος,
1792 1823 1840 1850 καὶ

1055 1874 1144 1909 μέντοι
1173 1874 1220 1900 καὶ
1233 1873 1263 1905 ἐξ
1276 1872 1360 1907 αὐτῆς
1373 1872 1422 1907 τῆς
1448 1871 1626 1898 θεοπνεύστου
1654 1869 1774 1906 Γραφῆς,
1797 1871 1839 1897 ὅτι

1053 1921 1098 1947 καὶ
1112 1920 1193 1955 νόμου
1210 1919 1345 1954 καινότης,
1362 1919 1408 1945 καὶ
1424 1918 1571 1953 ἱερωσύνης
1584 1917 1667 1952 αὐτῆς
1680 1925 1838 1952 προανεφω-

1053 1968 1122 1993 vafro
1135 1965 1289 2001 μετάθεσις·
1311 1965 1359 1991 καὶ
1373 1964 1580 1999 προανέλαμψεν
1591 1964 1618 1990 ὲν
1631 1963 1726 1994 τύποις
1742 1963 1758 1998 ὴ
1774 1963 1840 1989 ἐκα-

1053 2010 1131 2045 τέρου
1152 2009 1276 2045 δήλωσις.
1294 2009 1405 2043 Δέχεται
1421 2008 1451 2043 δὴ
1467 2006 1512 2035 οὖν
1533 2008 1581 2035 οὐκ
1607 2009 1639 2034 ὲκ
1662 2007 1749 2042 φυλῆς
1775 2006 1839 2033 ὅντα

1053 2055 1197 2090 Λευῖτικῆς
1211 2054 1256 2080 τὸν
1278 2054 1456 2089 Μελχισεδὲκ,
1471 2051 1530 2080 εἶτα
1551 2053 1685 2080 δείκνυσιν
1699 2052 1774 2088 ἱερέα
1790 2052 1840 2088 μὲν

1052 2101 1117 2128 ὄντα
1137 2100 1183 2127 τοῦ
1206 2100 1316 2135 ὑψίστου
1340 2099 1418 2132 Θεοῦ,
1443 2099 1614 2134 προσάγοντα
1636 2098 1663 2125 δὲ
1679 2098 1725 2125 καὶ
1741 2099 1838 2131 ἄρτους

1053 2145 1100 2172 καὶ
1116 2143 1196 2176 οἶνον,
1222 2145 1273 2180 ἔφη
1288 2153 1317 2170 τε
1340 2144 1412 2171 οὕτω
1431 2144 1494 2177 περὶ
1522 2142 1616 2170 αὑτοῦ·
1635 2142 1786 2177 «Θεωρεῖτε
1811 2141 1840 2168 δὲ

1054 2191 1168 2226 πηλίκος
1183 2187 1268 2222 οὗτος,
1340 2190 1387 2217 καὶ
1409 2190 1526 2223 δεκάτην
1542 2189 1668 2224 Ἀϐραὰμ
1688 2188 1786 2215 ἔδωκεν
1807 2188 1839 2214 ὲκ

1053 2235 1108 2262 τῶν
1129 2235 1289 2271 ἀκροθινίων
1311 2235 1326 2261 ὀ
1355 2235 1537 2271 πατριάρχης.
1553 2234 1608 2260 Καὶ
1629 2234 1653 2260 oi
1672 2233 1721 2268 μὲν
1736 2233 1766 2259 ὲκ
1786 2232 1839 2259 τῶν

1054 2281 1119 2308 υίῶν
1133 2281 1198 2307 Δευῒ
1215 2281 1262 2317 τὴν
1278 2280 1412 2316 ἱερατείαν
1427 2280 1620 2314 λαμϐάνοντες,
1634 2278 1743 2314 ἐντολὴν
1764 2278 1840 2313 ἔχου-

1054 2335 1096 2353 σιν
1107 2325 1289 2352 ἁποδεκατοῦν
1305 2325 1350 2352 τὸν
1366 2325 1429 2351 λαὸν
1449 2324 1518 2351 κατὰ
1533 2324 1578 2351 τὸν
1597 2325 1688 2359 νόμον,
1706 2324 1838 2355 τουτέστι,

1052 2372 1116 2403 τοὺς
1138 2372 1269 2406 ἀδελφοὺς
1292 2370 1390 2402 αὐτῶν,
1408 2370 1509 2406 καίπερ
1532 2369 1724 2405 ἐξεληλυθότας
1736 2369 1768 2394 ἐκ
1791 2368 1841 2403 τῆς

1053 2417 1153 2452 ὀσφύος
1174 2417 1307 2454 Ἀϐραάμ.
1329 2417 1358 2442 '0
1375 2416 1402 2443 δὲ
1418 2416 1455 2451 μὴ
1469 2414 1712 2450 γενεαλογούμενος
1739 2413 1768 2445 ἐξ
1790 2413 1841 2439 αὐ-

1054 2463 1119 2496 τῶν,
1135 2462 1302 2489 δεδεκάτωκε
1317 2461 1363 2488 τὸν
1382 2461 1519 2496 Ἀϐραὰμ,
1536 2461 1584 2487 καὶ
1606 2460 1652 2486 τὸν
1671 2460 1767 2495 ἔχοντα
1791 2458 1841 2490 τὰς

1055 2509 1222 2542 ἐπαγγελίας
1243 2508 1304 2534 εῦλό
1309 2515 1374 2543 γηκε
1384 2515 1390 2522 ·
1408 2507 1493 2542 χωρὶς
1519 2506 1547 2533 δὲ
1573 2506 1663 2541 πάσης
1689 2504 1842 2538 ἀντιλογίας

1055 2554 1087 2581 τδ
1112 2554 1221 2581 ἔλαττον
1250 2554 1301 2580 ὑπὸ
1318 2553 1363 2579 τοῦ
1384 2553 1537 2588 κρείττονος
1559 2551 1740 2585 εὐλογεῖται.»
1771 2549 1840 2576 Ἀλλ’

1056 2600 1106 2626 οὐκ
1120 2599 1148 2625 ὲν
1161 2600 1194 2634 τῇ
1211 2597 1290 2633 φύσει
1301 2598 1349 2633 τὴν
1363 2596 1498 2632 ὑπεροχὴν
1510 2596 1548 2631 τῷ
1558 2593 1732 2629 Μελχισεδὲκ,
1741 2592 1798 2619 ἀλλ’
1812 2592 1842 2618 ἐν

1056 2653 1087 2679 γε
1104 2644 1143 2679 τῷ
1157 2644 1249 2680 τρόπῳ
1263 2644 1310 2678 τῆς
1321 2642 1467 2678 ίερωσύνης
1479 2640 1578 2668 ὲνεῖναί
1591 2648 1690 2675 φαμεν,
1707 2639 1757 2665 οὐκ
1777 2638 1843 2664 ἀνα-

1056 2690 1178 2722 νεύοντος
1199 2690 1246 2717 τοῦ
1267 2689 1439 2725 προπάτορος
1465 2687 1598 2723 Ἀϐραὰμ,
1616 2685 1798 2720 ἀπονέμοντος
1813 2683 1842 2710 δὲ

1056 2737 1150 2772 ὥσπερ
1167 2737 1198 2763 τὸ
1219 2736 1347 2772 προῦχειν
1371 2735 1455 2771 αὐτῷ,
1477 2735 1509 2761 δι’
1530 2730 1566 2760 ὧν
1591 2732 1662 2766 ἔγνω
1684 2730 1777 2766 τιμᾷν,
1793 2728 1842 2755 καὶ

1056 2783 1150 2814 αὐταῖς
1175 2784 1235 2814 ταῖς
1259 2782 1312 2810 τῶν
1333 2781 1452 2809 δεκατῶν
1473 2778 1673 2816 προσαγωγαῖς,
1696 2775 1844 2804 ’Δποδεκα-
