1990 3046
191 137 240 166 109

698 133 957 162 GLAPHYRORUM
978 133 1011 160 IN
1031 133 1181 161 GENESIM
1200 133 1264 161 LIB.
1287 134 1317 162 11.

1766 137 1816 166 Hi)

188 197 265 224 τοῦσι
281 195 331 228 μὲν
345 195 401 232 γὰρ
415 196 439 223 oi
460 194 490 227 ἐξ
512 195 628 230 αἵματος
651 193 716 220 Acut
730 194 774 219 τὸν
790 192 864 225 λαὸν,
879 192 972 227 καίπερ

1032 193 1106 220 tribu
1123 193 1211 229 Levi),
1226 194 1373 221 decimavit
1392 195 1576 223 Abrahamum
1587 217 1593 229 ,
1612 203 1640 225 et
1666 198 1816 227 benedixit.

188 244 268 275 ὄντας
284 241 430 276 ἁδελφούςο
448 241 462 267 ὁ
474 241 502 267 δὲ
519 240 556 275 μὴ
579 239 822 274 γενεαλογούμενος
836 238 865 271 ἐξ
878 238 978 270 αὐτῶν,

188 289 334 319 τουτέστιν.
348 289 362 314 ὁ
378 286 551 322 Μελχισεδὲκ
568 286 608 322 (οὐ
623 285 677 321 γὰρ
692 284 725 321 ἦν
738 286 769 312 ἐκ
787 285 872 319 φυλῆς
891 283 978 318 Aeni),

190 336 358 364 δεδεκάτωκε
380 334 426 361 τὸν
445 333 582 368 Ἀϐραὰμ,
601 332 648 359 καὶ
665 331 807 365 εὐλόγηκε.
831 331 885 357 Καὶ
899 329 913 355 ὁ
930 330 978 364 μὲν

188 382 282 413 τύπος,
309 381 339 407 ὲν
364 379 479 410 τούτοις.
497 378 613 414 Χριστὸς
640 377 668 404 δὲ
696 378 728 411 δὴ
747 374 791 409 αὖ,
806 378 819 404 ὁ
845 377 874 403 ὲν
889 377 979 407 σκιαῖς

188 427 370 463 γραφόμενος,
393 424 607 460 ἀγενεαλόγητος
640 423 687 457 ῶν,
720 424 776 455 τοῖς
798 423 868 462 κατά
896 422 978 457 νόμον

189 473 312 508 ἱερᾶσθαι
329 470 506 506 τεταγμένοις
529 466 707 506 (άνατέταλκε
733 469 785 504 γάρ
800 469 832 494 ὲκ
845 469 895 502 τῆς
913 467 978 493 Ίού‹

186 520 219 546 δα
234 519 329 554 φυλῆς,
343 518 382 549 είς
396 518 429 553 ἢν
442 517 518 543 οὐδὲν
535 517 599 552 περὶ
615 515 709 552 ἱερέων
719 515 821 550 Μωσῆς
840 513 979 548 ὲλάλησε),

186 565 351 592 δεδεκάτωκε
379 563 442 594 τοὺς
468 562 542 594 υἱοὺς
573 562 647 596 Λευῒ,
668 561 802 593 τουτέστι,
829 561 879 595 τὴν
908 559 979 586 κατὰ

187 612 268 645 νόμον
299 609 457 645 ἱερωσύνην.
490 608 663 635 Δεδεκάτωκε
694 608 722 635 δὲ
755 607 840 634 πάλαι
874 607 923 642 μὲν
947 607 976 633 ἐν

1031 239 1113 275 Atqui
1128 244 1207 276 typus
1219 241 1330 276 quidem
1347 241 1374 267 in
1396 241 1439 268 his
1458 242 1592 270 consistit.
1610 243 1737 272 Christus
1753 253 1818 273 vero

1031 293 1138 314 rursum
1152 285 1178 312 in
1193 285 1299 313 umbris
1313 285 1478 320 descriptus,
1502 288 1581 322 cujus
1605 290 1744 323 generatio
1764 299 1818 318 non

1030 336 1225 359 annumeratur
1237 332 1282 364 iis,
1297 331 1344 366 qui
1357 332 1507 360 secundum
1521 333 1607 368 legem
1623 334 1656 361 ad
1672 336 1817 365 sacerdotii

1029 377 1197 405 iunctionem
1212 379 1354 406 constituti
1366 385 1445 407 erant
1456 379 1546 415 (natus
1557 380 1629 407 enim
1642 385 1684 408 est
1699 389 1732 408 ex
1746 383 1817 411 tribu

1030 423 1109 456 Juda,
1118 424 1161 450 cui
1171 424 1275 459 Moyses
1283 425 1352 451 nihil
1363 424 1396 451 de
1408 425 1599 452 sacerdotibus
1609 426 1761 462 praecepit),
1769 428 1818 456 de-

1032 468 1143 495 cimavit
1151 469 1220 495 ﬁlios
1227 469 1364 501 Levi,'hoc
1375 473 1426 501 est,
1441 469 1625 497 sacerdotium
1639 470 1819 507 legale.Dcci-

1032 513 1215 541 mavitautem
1227 513 1291 540 olim
1299 514 1410 548 quidem
1425 515 1453 541 in
1464 515 1654 548 Mclchisedcc,
1682 517 1819 551 posterius

1032 567 1098 587 vero
1111 560 1193 587 etiam
1202 559 1229 586 in
1236 560 1335 587 Aaron.
1346 560 1578 588 Decimavitenim
1590 561 1672 588 etiam
1686 561 1741 596 ipse
1750 561 1819 590 ﬁlios

1031 606 1106 637 Levi,
1119 609 1209 641 typum
1218 605 1320 633 Christi
1336 614 1392 642 pne
1404 614 1431 634 se
1441 607 1542 638 ferens,
1552 613 1582 634 ut
1596 608 1677 635 modo
1689 608 1817 635 diximus.

188 656 370 692 Μελχισεδέκ·
395 656 508 691 ὕστερον
532 655 560 681 δὲ
587 655 634 680 καὶ
654 656 682 681 ὲν
705 653 820 690 ’Λαρών.
842 652 1024 680 Ἀπεδεκάτου
1038 651 1091 687 γὰρ
1108 652 1154 678 καὶ
1176 652 1256 684 αὐτὸς
1278 653 1342 684 τοὺς
1362 653 1436 685 υἱοὺς
1452 653 1526 686 Λευῖ,
1542 653 1625 680 τύπον
1644 654 1750 689 ἐπέχων
1769 655 1818 690 τῆς

189 699 337 737 ἱερωσύνης
352 701 482 737 Χριστοῦ,
500 700 625 735 καθάπερ
639 700 689 735 ἤδη
705 700 883 735 προείπομεν.

223 750 267 774 ια’.
285 745 486 773 ’Λποδέδεικται
507 745 597 772 τοίνυν
620 746 648 772 ὲν
671 745 720 780 μὲν
741 743 779 780 τῷ
797 744 975 780 Μελχισεδὲκ,

186 796 226 821 ὅτι
245 793 444 829 μεταστήτεταί
471 800 538 818 ποτε
567 792 616 826 τῆς
640 790 790 826 ἱερωσύνης
819 790 849 816 τὸ
871 790 974 825 χρῆμα,

187 841 235 876 τῆς
251 839 320 866 κατὰ
341 839 423 874 νόμον
441 837 635 874 ἱερατευούσης
661 837 761 872 φυλῆς·
779 836 826 862 καὶ
847 836 910 872 μὴν,
934 837 975 862 ὅτι

187 888 233 913 καὶ
245 886 338 921 ἕτερος
353 885 508 921 ἱερουργίας
523 883 677 918 ἀναλάμψει
702 883 802 918 τρόπος
820 891 848 910 τε
869 881 916 909 καὶ
933 883 975 909 νό-

188 942 247 968 μος.
264 929 319 958 Ἦν
331 932 385 968 γάρ
405 940 462 963 πως
477 931 582 966 ἀνάγκη
598 929 831 965 συμμεθίστασθαι
844 929 893 956 καὶ
908 929 976 956 ἀπο-

187 980 281 1014 φοιτᾷν
296 980 356 1010 ταῖς
375 977 542 1013 ἱερουργίαις
565 976 612 1004 καὶ
635 976 715 1003 αὐτὸν
740 976 785 1002 τὸν
801 975 893 1011 νόμον.
915 976 978 1001 Τοι-

187 1025 281 1060 γάρτοι
300 1025 347 1050 καὶ
359 1025 373 1050 ὁ
391 1024 533 1054 θεσπέσιος
550 1022 656 1054 Παῦλος
672 1022 814 1057 φιλοσοφεῖ
831 1022 865 1048 τὰ
877 1021 975 1053 τοιάδε,

186 1071 232 1097 καί
253 1077 351 1106 φησιν⁸
369 1079 378 1096 ι
393 1070 423 1096 Εἰ
446 1069 494 1105 μὲν
519 1066 565 1095 οὖν
587 1069 728 1100 τελείωσις
745 1069 788 1095 διὰ
801 1068 850 1104 τῆς
874 1069 977 1094 Λευῖτι-

187 1113 236 1151 κῆς
258 1114 408 1151 ἱερωσύνης
421 1113 455 1150 ἦν
488 1115 511 1149 (ὁ
526 1114 590 1146 λαὸς
617 1114 671 1150 γάρ
693 1114 736 1141 ἐπ’
756 1114 840 1149 αὐτῆς
865 1122 975 1149 νενομο-

187 1160 320 1196 θέτηται),
334 1161 374 1193 τίς
393 1161 432 1187 ἐτι
446 1159 526 1196 χρεία
541 1160 611 1186 κατὰ
624 1160 673 1195 τὴν
694 1160 769 1192 τάξιν
783 1159 829 1186 τοῦ
847 1159 976 1194 Μελχισε-

185 1206 232 1233 δὲκ
246 1206 337 1240 ἕτερον
358 1204 517 1232 ἀνίστασθαι
534 1204 619 1240 ἱερέα,
634 1205 680 1231 καὶ
703 1204 733 1230 οὐ
750 1203 820 1231 κατὰ
833 1203 882 1238 τὴν
899 1203 975 1235 τάξιν

192 1251 297 1287 Ἀαρὼν
313 1250 458 1285 λέγεσθαι;
483 1250 709 1285 Μετατιθεμὲνης
734 1249 789 1285 γὰρ
799 1250 849 1285 τῆς
865 1249 975 1285 ἱερωσύ-

186 1307 244 1334 νης,
264 1298 294 1329 ἐξ
319 1297 441 1332 ἀνάγκης
467 1297 514 1323 καὶ
547 1296 630 1332 νόμου
658 1296 804 1331 μετάθεσις
831 1296 970 1329 γίνεται.ι

187 1343 241 1370 Καὶ
251 1343 331 1370 πάλιν
343 1351 351 1359 ·
371 1353 379 1368 ι
394 1343 449 1369 Καὶ
462 1343 655 1378 περισσότερον
670 1342 710 1369 ἔτι
721 1342 872 1378 κατάδηλόν
889 1343 973 1374 ἐστιν,

185 1390 209 1416 εί
226 1389 296 1417 κατὰ
306 1389 354 1425 τὴν
371 1389 448 1421 τάξιν
472 1389 638 1424 Μελχισεδὲκ
653 1389 795 1416 ἀνίσταται
810 1389 900 1425 ἱερεὺς
917 1389 975 1415 ἕτε-

186 1445 242 1470 ρος,
260 1436 290 1467 ὃς
314 1436 345 1462 οὐ
366 1435 435 1462 κατά
457 1435 538 1470 νόμον
562 1435 672 1470 ἐντολῆς
692 1434 824 1470 σαρκίνης
851 1435 973 1469 γέγονεν,

187 1481 254 1508 ἀλλὰ
269 1483 339 1509 κατὰ
353 1482 467 1517 δύναμιν
489 1481 561 1517 ζωῆς
582 1481 765 1508 ἀκαταλύτου.
785 1482 974 1516 Μαρτυρεῖται

185 1528 250 1564 τὰρ,
266 1528 327 1555 ’Ότι
346 1528 377 1555 σὺ
391 1528 479 1564 ἱερεὺς
503 1528 542 1559 εἰς
565 1528 609 1554 τὸν
630 1527 717 1554 αἰῶνα
730 1526 801 1553 κατὰ
824 1526 873 1562 τὴν
896 1525 973 1558 τάξιν

1067 743 1109 770 Η.
1143 736 1380 771 ῡοηιοηςιι·οιιιηι’
1398 745 1489 779 itaque
1524 745 1609 772 estin
1637 745 1817 773 Melchisech

1029 789 1249 817 transferendum
1271 798 1330 817 esse
1347 790 1529 818 sacerdotium
1542 799 1557 818 a
1573 791 1646 818 tribu
1666 788 1816 819 secundum

1029 835 1116 870 legem
1130 835 1156 862 id
1170 840 1325 867 exercente,
1338 840 1365 862 ct
1377 836 1489 863 alterius
1500 836 1646 863 sacerdotii
1663 836 1773 864 modum
1785 845 1817 864 ac

1028 881 1116 916 legem
1128 882 1241 909 exoriri.
1265 882 1380 909 Necesse
1393 882 1466 909 enim
1490 886 1549 910 erat
1564 883 1650 918 legem
1672 884 1753 910 etiam
1774 884 1815 918 ip~

1029 936 1085 955 sam
1101 936 1153 955 una
1178 935 1241 955 cum
1265 927 1427 955 sacerdotiis
1450 928 1590 955 transferri
1611 933 1692 963 atque
1704 930 1814 956 mutari.

1029 972 1133 1000 Idcirco
1146 973 1255 1000 divinus
1275 973 1384 1005 Paulus,
1411 972 1445 999 de
1464 972 1506 999 his
1520 972 1603 1000 rebus
1629 977 1759 1004 tractans,
1780 973 1816 1000 ita

1028 1018 1065 1045 ait
1082 1027 1087 1044 :
1106 1028 1114 1043 ι
1129 1018 1156 1045 Si
1170 1026 1234 1053 ergo
1245 1018 1445 1045 consummatio
1458 1026 1509 1059 per
1521 1017 1702 1044 sacerdotium
1717 1017 1817 1044 Leviti-

1028 1072 1089 1091 cum
1106 1069 1166 1091 erat
1188 1064 1316 1099 (populus
1337 1064 1410 1090 enim
1433 1064 1484 1090 sub
1506 1063 1565 1098 ipso
1585 1064 1671 1098 legem
1688 1063 1814 1099 accepit),

1027 1110 1093 1144 quid
1106 1111 1195 1137 adhuc
1224 1110 1410 1137 necessarium
1434 1109 1486 1137 fuit
1513 1110 1665 1137 secundum
1691 1110 1816 1138 ordinem

1027 1154 1209 1183 Melchisedec
1228 1155 1312 1182 alium
1327 1163 1438 1190 surgere
1458 1154 1640 1188 sacerdotem,
1656 1160 1683 1183 et
1704 1164 1758 1183 non
1772 1164 1815 1183 se-

1027 1200 1147 1227 cundum
1168 1200 1293 1227 ordinem
1311 1199 1402 1227 Aaron
1423 1200 1477 1228 dici
1490 1201 1501 1227 ?
1513 1201 1657 1229 Translato
1674 1202 1748 1229 enim
1770 1209 1814 1229 sa-

1027 1245 1161 1277 cerdotio,
1174 1253 1286 1273 necesse
1303 1250 1345 1273 cst
1362 1250 1431 1274 utet
1443 1246 1512 1282 legis
1529 1247 1670 1275 translatio
1689 1248 1775 1276 ﬁat".
1802 1257 1811 1273 ι

1028 1291 1059 1319 Et
1074 1300 1183 1319 rursum
1200 1301 1206 1318 :
1226 1301 1234 1317 ι
1250 1292 1285 1319 Ει
1297 1292 1414 1328 amplius
1427 1292 1517 1320 adhuc
1532 1293 1707 1321 manifestum
1724 1298 1775 1325 est,
1792 1294 1814 1321 si

1025 1337 1177 1365 secundum
1189 1338 1314 1365 ordinem
1334 1338 1514 1366 Mélchisedec
1536 1334 1670 1375 exsurgat.
1686 1341 1756 1368 alius
1773 1348 1815 1368 sa-

1025 1383 1131 1415 cerdos,
1145 1382 1192 1418 qui
1206 1391 1260 1410 non
1283 1383 1433 1411 secundum
1451 1383 1538 1418 legem
1561 1385 1680 1412 mandati
1697 1386 1815 1413 carnalis

1024 1428 1112 1456 factus
1125 1433 1176 1461 est,
1193 1429 1240 1456 scd
1259 1429 1411 1456 secundum
1430 1429 1559 1456 virtutem
1575 1430 1638 1457 vitm
1648 1430 1810 1458 insolubilis.

1024 1474 1200 1502 Contestatur
1215 1475 1304 1502 enim:
1316 1475 1450 1508 Quoniam
1469 1479 1497 1503 tu
1508 1483 1538 1502 es
1549 1476 1676 1504 sacerdos
1689 1477 1716 1503 in
1733 1481 1812 1504 {eter-

1024 1527 1089 1546 num
1117 1519 1267 1547 secundum
1297 1519 1421 1547 ordinem
1444 1520 1668 1550 Mclchisedec”.
1693 1532 1701 1548 ι
1730 1523 1812 1551 Vides

186 1573 361 1609 Μελχισεδέκ.
377 1583 386 1599 ι
406 1574 487 1609 Ὀρᾷς
508 1573 581 1604 ὅπως
596 1573 625 1600 τδ
644 1573 727 1608 μηδὲν
746 1572 875 1599 δύνασθαι
887 1572 972 1598 τελει-

1026 1573 1081 1600 quo
1096 1569 1176 1600 pacto
1197 1565 1307 1592 damnet
1327 1566 1512 1593 sacerdotium
1529 1566 1623 1602 legale,
1643 1567 1696 1604 65
1717 1573 1811 1605 utpote

185 1618 231 1646 οὖν
243 1620 291 1655 τῆς
310 1620 381 1647 κατὰ
399 1619 480 1655 νόμον
497 1620 647 1655 ἱερωσύνης
667 1618 897 1654 καταψηιριζεται,
911 1627 975 1653 χρη-

186 1665 342 1700 σιμωτάτην
366 1665 528 1697 ἀποδεικνὺς
548 1665 598 1700 τῆς
627 1664 780 1701 κρείττονος
799 1664 911 1698 ἐντολῆς
924 1663 972 1698 τὴν

185 1710 364 1746 ὲπεισφοράν.
387 1711 418 1737 El
439 1710 494 1746 γὰρ
513 1708 547 1746 ἦν
569 1711 597 1736 ὲν
618 1709 709 1745 ἐκείνῃ
724 1710 754 1735 τὺ
770 1710 928 1743 ἀναγκαῖον,
947 1708 974 1734 τί

187 1757 224 1792 μὴ
241 1757 350 1793 μᾶλλον,
375 1758 453 1792 φησὶ,
482 1756 553 1784 κατὰ
577 1756 626 1791 τὴν
652 1755 728 1789 τάξιν
754 1755 856 1790 Ἀαρὼν
885 1755 973 1790 ἱερεὺς

184 1803 277 1838 ἕτερος
292 1804 492 1835 ἀναδείκνυται,
512 1803 559 1830 καὶ
573 1803 602 1829 οὺ
618 1802 690 1829 κατὰ
707 1801 754 1837 τὴν
776 1801 852 1834 τάξιν
870 1802 972 1836 Μελχι-

185 1849 263 1877 σεδὲκ
277 1870 284 1882 ,
305 1849 334 1881 ὃς
351 1847 384 1885 ἦν
399 1849 528 1884 ὁμοίωσις
547 1849 595 1876 καὶ
612 1849 696 1881 τύπος
711 1844 852 1883 Χριστοῦ,
871 1848 973 1883 ἥκιστα

186 1894 236 1930 μὲν
260 1894 399 1930 σαρκικῶς
425 1894 609 1930 ἱερατεύοντος
631 1893 682 1926 ἔτι,
707 1893 778 1920 κατὰ
801 1893 916 1928 δύναμιν
941 1892 971 1919 δὲ

186 1939 286 1974 μᾶλλον
309 1938 480 1968 ἀκατάλύτου
508 1939 603 1974 ζωῆς;
629 1939 731 1975 Τρέφει
757 1938 812 1974 γὰρ
838 1939 911 1974 ἡμᾶς
931 1939 971 1970 είς

184 1986 342 2022 ἀμάραντον
358 1986 430 2020 ζωὴν
456 1986 516 2018 ταῖς
529 1986 673 2021 μυστικαῖς
687 1985 864 2021 ἱερουργίαις,
880 1984 969 2011 καίτοι

185 2031 321 2067 σαρκικῶς
345 2030 529 2067 ίερατεύοντος
554 2030 668 2066 Ἀαρών.
692 2030 835 2057 Βουθυσίαι
855 2037 893 2056 ’τε
915 2029 970 2065 γὰρ

183 2078 215 2105 δι’
230 2078 323 2109 αὑτοῦ,
346 2078 394 2105 καὶ
417 2077 559 2113 προϐάτων
578 2075 647 2112 ἦσαν
665 2077 777 2112 σφαγαὶ,
803 2076 850 2104 καὶ
873 2077 970 2108 σποδδς

183 2122 325 2158 δαμάλεων
355 2123 517 2158 ῥαντίζουσα
556 2123 619 2154 τοὺς
648 2123 872 2158 κεκοινωμένους,
902 2123 969 2158 πρὸς

182 2169 230 2204 τὴν
246 2170 294 2205 τῆς
317 2170 417 2204 σαρκὸς
440 2169 627 2205 καθαρότητα·
650 2169 697 2196 καὶ
716 2169 798 2204 ἕτερα
816 2169 884 2196 ἄττα
901 2168 969 2204 πρὸς

182 2216 296 2248 τούτοις,
323 2217 354 2242 οὐ
376 2216 531 2243 τελειοῦντα
557 2215 628 2242 κατὰ
653 2215 805 2250 συνείδησιν
830 2215 892 2246 τοὺς
919 2214 966 2241 λα-

1025 1621 1098 1656 quod
1113 1621 1181 1648 nihil
1209 1621 1342 1656 perﬁcere
1363 1623 1466 1655 valeat;
1493 1623 1666 1652 utilissimam
1687 1633 1751 1653 vero
1764 1626 1812 1654 de.

1025 1670 1159 1694 monstrat
1173 1674 1232 1694 esse
1254 1667 1375 1694 melioris
1401 1668 1522 1695 mandati
1549 1669 1710 1699 illationem.
1743 1672 1809 1700 Nam

1025 1710 1048 1737 si
1067 1710 1094 1737 in
1107 1710 1163 1743 illo,
1180 1711 1279 1745 inquit,
1296 1711 1400 1738 utilitas
1414 1711 1465 1738 sita
1475 1716 1549 1744 erat,
1575 1720 1624 1740 cur
1644 1722 1700 1741 non
1720 1715 1812 1750 potius

1024 1755 1304 1784 secundumordimm
1311 1756 1402 1784 Aaron
1414 1758 1542 1785 sacerdos
1554 1758 1624 1786 alius
1638 1759 1810 1788 demonstra-

1024 1806 1078 1834 tur,
1092 1806 1188 1830 etnon
1214 1803 1365 1830 secundum
1387 1803 1514 1831 ordinem
1536 1805 1734 1839 Melchisedec,
1762 1807 1810 1842 qui

1022 1852 1082 1874 erat
1095 1847 1246 1876 similitudo
1271 1856 1303 1876 ac
1321 1852 1401 1885 typus
1416 1849 1529 1883 Christi,
1547 1859 1602 1878 non
1617 1852 1727 1886 quidem
1749 1860 1810 1880 car,-

1022 1894 1120 1921 naliter
1138 1887 1320 1922 sacerdotium
1335 1895 1568 1929 administrantis,
1591 1898 1639 1925 sed
1658 1898 1809 1926 secundum

1022 1940 1149 1967 virtutem
1166 1940 1228 1968 vitae
1241 1940 1450 1969 indissolubilis?
1464 1943 1557 1970 Nutrit
1569 1943 1642 1970 enim
1654 1951 1705 1971 nos
1719 1944 1747 1972 in
1756 1944 1816 1972 imp.

1021 1986 1236 2013 marcescibilem
1247 1986 1330 2013 vitam
1342 1986 1464 2021 mysticis
1482 1987 1640 2021 sacriﬁciis,
1655 1989 1705 2016 etsi
1718 1990 1809 2018 Aaron

1021 2031 1167 2058 carnaliter
1181 2031 1336 2059 sacerdotio
1344 2031 1483 2067 fungatur.
1496 2033 1581 2060 Boum
1599 2034 1734 2070 siquidem
1747 2043 1807 2063 rna-

1021 2077 1153 2104 ctationes
1165 2084 1214 2112 per
1225 2077 1323 2112 ipsum,
1337 2081 1365 2104 et
1379 2077 1471 2104 ovium
1484 2077 1684 2107 immolationes
1693 2088 1806 2108 exerce-

1020 2121 1132 2154 bantur,
1147 2125 1176 2149 et
1190 2122 1259 2149 cinis
1268 2121 1418 2149 vitulorum
1434 2130 1582 2158 aspergens
1600 2131 1649 2150 eos
1664 2124 1711 2159 qui
1733 2133 1808 2152 corn,-

1020 2167 1198 2195 municabant
1213 2167 1247 2194 ad
1262 2168 1352 2195 carnis
1372 2164 1533 2203 puritatem,
1553 2169 1660 2203 aliaque
1674 2174 1806 2205 praeterea

1019 2221 1074 2240 non
1086 2213 1254 2249 perﬁcientia
1281 2214 1433 2241 secundum
1456 2215 1650 2243 conscientiam
1673 2217 1804 2244 cultores.

181 2262 335 2298 τρεύοντας.
355 2272 365 2288 (
381 2262 523 2289 Ἀδύνατον
546 2263 600 2298 γὰρ
624 2259 693 2297 αἷμα
708 2262 827 2298 ταύρων,
843 2262 969 2296 ἀφαιρεῖν

1025 2269 1033 2285 ι
1048 2259 1218 2294 Impossibile
1227 2260 1301 2287 enim
1314 2264 1357 2287 est
1375 2262 1534 2296 sanguinem
1552 2266 1692 2290 taurorum
1710 2263 1805 2291 tollere

181 2309 327 2343 ἁμαρτίας.
343 2318 352 2334 ι
375 2309 439 2335 Ὅτε
459 2308 548 2335 τοίνυν
572 2309 619 2335 καὶ
642 2309 735 2343 ἔτερος
755 2309 820 2344 ἡμῖν
844 2307 967 2335 είσκεκό-

181 2361 274 2387 μισται
288 2353 388 2389 τρόπος
405 2352 559 2388 ἱερουργίας
578 2353 694 2387 ἀφιστὰς
709 2353 763 2380 τῶν
785 2352 900 2388 πρώτων
920 2352 967 2379 καὶ

179 2399 363 2434 ἀρχαιοτέρων
379 2399 458 2431 ἐθῶν,
472 2399 564 2435 ἕτερός
590 2407 641 2426 που
665 2399 775 2431 πάντως
795 2399 843 2426 καὶ
865 2398 964 2434 ίερεύς.

179 2445 234 2472 Καὶ
249 2446 273 2472 εί
288 2445 382 2480 καινὴν
401 2445 567 2480 ἐπήγγελται
583 2445 713 2481 διαθήκην
724 2446 738 2472 ὁ
753 2445 828 2476 Θεὸς,
846 2444 966 2472 παλαιω-

178 2491 271 2526 Οείσης
286 2491 336 2526 τῆς
355 2490 476 2527 πρώτης,
493 2492 506 2517 ό
523 2491 594 2518 κατὰ
623 2491 672 2527 τὴν
695 2490 771 2524 τάξιν
797 2490 963 2526 Μελχισεδὲκ

178 2537 277 2572 ἱερεὺς,
294 2536 336 2571 ἐφ’
350 2535 380 2564 οὗ
397 2537 496 2573 πρέποι
514 2536 546 2563 ἃν
561 2537 607 2563 καὶ
626 2537 655 2563 τι
671 2537 711 2569 είς
732 2537 817 2564 αἰῶνα
832 2536 962 2564 νοεῖσθαι·

145 2607 150 2611 .
176 2583 263 2615 οὐδεὶς
279 2583 311 2610 ἂν
325 2583 417 2618 ἔτερος
433 2583 475 2618 εἴη
495 2583 568 2618 παρὰ
589 2582 633 2609 τὸν
645 2583 747 2618 Κύριον
761 2582 840 2619 ἡμῶν
861 2583 964 2619 Ἰησοῦν

176 2628 303 2664 Χριστὸν,
313 2628 346 2655 δι’
358 2626 388 2655 οὗ
397 2629 444 2655 καὶ
455 2629 513 2664 μεθ’
529 2626 559 2655 οὗ
573 2628 611 2663 τῷ
617 2628 675 2664 Θεῷ
685 2629 730 2656 καὶ
747 2629 830 2663 Πατρὶ
839 2629 901 2662 δόξα
916 2629 963 2656 σὺν

175 2673 246 2709 ἁγίῳ
262 2673 411 2709 Πνεύματι,
425 2674 464 2705 είς
480 2673 541 2705 τοὺς
556 2669 657 2705 αἰῶνας
671 2673 724 2700 τῶν
735 2673 850 2701 αἰώνων.
866 2675 962 2709 Ἀμήν.

211 2753 232 2768 ¹”·
249 2752 335 2780 Ilebr.
348 2761 396 2786 vn,
414 2751 514 2786 “,12.
553 2746 575 2769 ’⁸
676 2752 772 2786 15-Π;
786 2752 857 2781 Psal.
876 2761 929 2787 cn,
947 2754 973 2781 4.

1019 2309 1131 2340 peccata
1141 2305 1174 2334 “.
1190 2315 1198 2331 ι
1213 2305 1326 2339 Quando
1339 2305 1421 2341 igitur
1433 2307 1502 2334 alius
1515 2307 1596 2334 etiam
1609 2308 1689 2336 nobis
1700 2309 1805 2337 sacriﬁ-

1020 2351 1054 2378 cii
1067 2351 1165 2378 modus
1178 2355 1220 2379 est
1230 2351 1368 2385 inductus,
1380 2359 1394 2378 a
1406 2352 1502 2386 primis
1512 2360 1544 2380 ac
1563 2353 1702 2381 veteribus
1722 2355 1806 2382 mori.

1020 2397 1071 2424 bus
1083 2397 1239 2430 abducens,
1254 2397 1324 2426 alius
1334 2397 1417 2425 etiam
1434 2398 1547 2426 omnino
1561 2403 1603 2427 est
1617 2400 1754 2428 sacerdos.
1770 2402 1805 2429 Et

1019 2444 1041 2470 si
1058 2451 1157 2470 novum
1169 2447 1363 2470 testamentum
1382 2445 1554 2472 annuntiavit
1566 2446 1648 2478 Deus,
1662 2447 1804 2482 antiquata

1019 2489 1121 2524 priore,
1144 2488 1271 2516 sacerdos
1293 2489 1445 2517 secundum
1469 2491 1595 2520 ordinem
1610 2492 1803 2525 Melchisedec,

1012 2540 1094 2570 quem
1103 2539 1266 2570 perpetuum
1279 2535 1337 2563 fore
1357 2536 1564 2572 intelligendum
1573 2542 1625 2571 est,
1643 2546 1723 2566 nemo
1733 2538 1804 2566 alius

1013 2581 1106 2613 fuerit,
1120 2585 1302 2616 praeterquam
1318 2582 1451 2610 Dominus
1469 2588 1562 2611 noster
1575 2585 1654 2612 .lesus
1665 2584 1803 2618 Christus,

1013 2635 1062 2662 per.
1087 2634 1168 2662 Quem
1191 2631 1298 2655 etcum
1322 2636 1377 2664 quo
1399 2629 1456 2657 Deo
1483 2634 1512 2658 et
1525 2631 1599 2658 Patri
1628 2631 1715 2665 gloria
1739 2637 1800 2658 cum

1014 2678 1107 2713 sancto
1123 2673 1226 2709 Spiritu
1243 2675 1269 2702 in
1282 2675 1380 2704 saecula
1391 2676 1562 2704 szeculorum.
1576 2677 1672 2706 Amen.

1013 2755 1036 2769 ἐ
1055 2754 1137 2782 Ilebr.
1156 2763 1189 2788 κ,
1208 2755 1233 2783 4.
