1990 3046
170 103 218 134 Ill

687 100 714 128 S.
735 99 870 128 CYRILIJ
893 99 1126 127 ALEXANDRINI
1148 99 1304 127 ARCIHEP.

1743 99 1796 129 ἱλῖ

199 207 1784 227 W

419 288 815 349 ΓΛΑΦΥΡΩΝ
846 287 968 344 ΕΙΣ
1003 287 1161 343 ΤΗΝ
1196 288 1518 346 ΓΕΝΕΣΙΝ

819 399 1038 445 ΒΙΒΛΙΟΝ
1075 397 1133 444 Γ¹ι

299 553 759 604 GLAPHYBOBUM
791 555 852 600 IN
876 554 1140 600 GENESIM
1170 554 1351 602 LIBER
1388 555 1671 602 TERTIUS.

171 712 210 741 [Ia
228 711 370 751 Abraham,
386 714 411 736 ιιι
429 709 461 751 de
481 710 665 751 ρνοιηὶδείοιιε⁸
676 718 726 751 per
746 710 834 751 Isaac,
854 715 879 740 et
893 711 962 746 quod

1015 710 1084 751 Hep'l
1100 709 1154 751 τοᾷ
1176 708 1310 751 ᾉϐραὰμε
1327 706 1375 751 κέιὶ
1390 707 1449 751 τῆς.
1464 707 1647 751 latam-alme
1660 709 1715 744 τῆς
1728 712 1802 751 κατὰ

241 754 288 776 per
299 746 367 781 ipsos
383 745 584 781 pmﬁguratum
600 746 633 772 sit
647 745 709 779 ﬁdei
728 747 890 782 mysterium.

208 836 234 864 1.
247 835 408 864 Pontiﬁcem
424 840 450 863 ct
461 836 612 871 apostolum
624 835 804 864 confessionis
813 841 910 864 nostra:
923 837 963 864 fa-

168 884 245 911 ctum
256 890 315 910 esse
323 881 463 910 Christum
476 881 586 909 divinus
604 882 705 910 Paulus
720 883 844 910 scribit“
859 893 864 910 ε
877 883 963 918 quod—

170 936 224 963 que
239 928 326 955 veleri
340 927 386 955 illo
402 932 429 955 ct
441 927 559 954 ltlosaico
570 927 697 954 mandato
713 927 964 963 incomparabiliter

171 975 270 1003 melius
281 979 362 1009 atque
375 974 480 1005 utilius,
492 973 678 1007 evangelicum
690 974 832 1006 nimirum,
842 974 964 1002 melioris

170 1020 226 1056 66
241 1026 359 1054 sponsor
380 1019 536 1045 testamenti
559 1018 705 1045 tradiderit
732 1019 877 1047 manifeste
896 1027 963 1046 con-

171 1065 270 1093 ﬁrmat.
285 1065 319 1093 Et
330 1071 411 1092 verus
425 1067 466 1090 est
485 1071 575 1096 sermo
585 1084 592 1096 ,
604 1063 741 1098 siquidem
760 1064 804 1091 lex
817 1064 884 1091 iram
897 1072 963 1099 ope-

172 1115 258 1143 ratur,
272 1114 300 1138 et
313 1113 456 1145 peccatum
471 1108 645 1142 manifestat;
659 1109 790 1145 justiﬁeat
806 1114 896 1137 autent
914 1118 965 1138 nos

171 1156 268 1191 gratia,
293 1154 442 1183 Salvatoris
465 1155 553 1183 nostri
575 1155 744 1190 benignitate
763 1155 961 1183 administrata.

170 1201 406 1237 Quemadmodum
425 1201 498 1228 enim
515 1201 573 1235 ipse
590 1200 692 1227 alicubi
710 1202 747 1228 ait
762 1221 768 1233 ,
800 1210 855 1228 non
889 1202 964 1229 venit

171 1247 316 1284 utjudicet
333 1247 477 1279 mundum,
502 1248 549 1274 sed
575 1250 604 1273 ut
628 1247 747 1274 salvetur
773 1248 892 1275 mundus
916 1256 964 1283 per

173 1295 261 1330 ipsum
275 1292 308 1320 ’⁸.
322 1293 412 1326 ,ριιοά
428 1293 522 1328 igitur,
553 1294 660 1320 etiamsi
688 1301 742 1320 non
760 1293 795 1320 sit
818 1298 904 1326 ortus,
922 1302 964 1321 se-

171 1340 292 1367 cundum
310 1347 430 1371 carnem,
452 1346 487 1365 ex
505 1338 578 1366 tribu
603 1338 678 1371 Levi,
694 1343 805 1366 vocatus
819 1344 908 1366 autem
922 1344 964 1367 est

1048 742 1102 772 τὸν
1124 744 1237 776 Ἰσαὰκ,
1260 744 1307 771 καὶ
1336 742 1382 771 ὅτι
1413 742 1449 771 δι’
1471 742 1570 772 αὐτῶν
1599 742 1803 779 προετιῖποῐτο

1048 780 1104 815 τῆς
1121 780 1250 813 πίστεως
1265 780 1298 807 τὸ
1307 780 1487 814 μυστήριον.

1048 841 1084 865 α’.
1107 837 1251 873 Ἀρχιερέα
1271 836 1320 864 καὶ
1341 837 1490 864 ἀπόστολον
1503 836 1552 872 τῆς
1568 836 1712 872 ὁμολογίας
1725 837 1802 872 ἡμῶν

1013 883 1139 918 γενέσθαι
1156 883 1282 919 Χριστὸν,
1299 883 1313 909 ὀ
1328 882 1470 914 θεσπέσιος
1488 881 1589 916 γράφει
1612 882 1734 914 Παῦλος·
1756 882 1803 909 καὶ

1016 930 1079 966 μὴν,
1098 929 1139 956 ὅτι
1151 929 1200 964 τῆς
1217 928 1332 965 ἀρχαίας
1347 928 1394 956 καὶ
1414 927 1458 954 διὰ
1483 928 1605 960 Μωσέως
1629 928 1739 964 ἐντολῆς
1754 929 1803 964 τὴν

1014 976 1185 1012 ἀσυγκρίτως
1200 975 1304 1009 ἀμείνω
1325 974 1372 1000 καὶ
1388 974 1608 1010 προφερεστέραν
1623 974 1690 1010 ἡμῖν
1711 975 1802 1000 εισκε-

1016 1021 1145 1058 κομικὼς,
1161 1021 1231 1056 φημὶ
1246 1020 1277 1056 δὴ
1293 1021 1342 1056 τὴν
1357 1019 1546 1055 εὑαγγελικὴν,
1571 1020 1725 1055 κρείττονος
1745 1020 1801 1047 δια-

1014 1068 1100 1104 θήκης
1124 1067 1235 1102 γέγονεν
1251 1066 1397 1101 ἐγγυητὴς,
1418 1065 1603 1092 διεϐεϐαιοῦτο
1621 1066 1727 1101 σαφῶς.
1745 1066 1800 1092 Καὶ

1015 1114 1116 1150 ἀληθὴς
1133 1115 1147 1140 ὁ
1167 1113 1245 1147 λόγος
1257 1121 1263 1127 ·
1281 1113 1360 1146 εἴπερ
1375 1113 1388 1138 ὁ
1403 1112 1452 1147 μὲν
1474 1112 1556 1147 νόμος
1570 1111 1654 1147 ὀργὴν
1666 1113 1804 1148 κατεργά-

1014 1160 1100 1193 ζεται,
1118 1160 1164 1186 καὶ
1178 1158 1313 1195 ἁμαρτίας
1329 1158 1403 1184 ἐστὶν
1421 1157 1643 1193 παραδεικτικὺς,
1660 1158 1760 1184 δικαιοῖ
1773 1157 1802 1184 δὲ

1014 1205 1087 1241 ἡμᾶς
1100 1205 1115 1240 ή
1132 1204 1175 1231 διὰ
1198 1203 1248 1238 τῆς
1262 1203 1308 1229 τοῦ
1329 1203 1453 1238 Σωτῆρος
1472 1203 1550 1238 ἡμῶν
1563 1203 1730 1238 ἡμερότητος
1744 1203 1802 1230 δια-

1014 1249 1163 1285 κονουμένη
1179 1249 1269 1284 χάρις.
1293 1248 1337 1280 Ὠς
1362 1248 1417 1284 γὰρ
1442 1248 1523 1279 αὑτός
1552 1248 1603 1274 πού
1627 1256 1720 1284 φησιν,
1752 1248 1802 1275 οὐκ

1013 1294 1094 1331 ἦλθεν
1106 1295 1149 1322 ἴνα
1165 1294 1244 1330 κρίνῃ
1255 1294 1300 1320 τὸν
1316 1294 1428 1329 κόσμον,
1450 1294 1507 1321 ἀλλ’
1522 1294 1565 1320 ἵνα
1581 1293 1654 1330 σωθῇ
1672 1295 1686 1321 ὁ
1700 1294 1802 1330 κόσμος

1013 1340 1045 1367 δι’
1066 1340 1158 1367 αὑτοῦ.
1191 1340 1252 1367 ’Ὁτι
1280 1339 1380 1372 τοίνυν,
1398 1339 1449 1366 κᾶν
1472 1340 1495 1366 εί
1521 1339 1557 1375 μὴ
1571 1339 1667 1374 γέγονε
1687 1339 1717 1366 τὺ
1731 1340 1802 1366 κατά

172 1389 248 1413 etest
261 1384 388 1412 sacerdos
398 1385 426 1411 in
439 1389 571 1412 aeternum
588 1385 738 1412 secundum
754 1385 878 1412 ordinem
895 1386 961 1413 Mel-

1015 1386 1105 1421 σάρκα
1119 1385 1199 1420 τυχὸν
1210 1385 1242 1411 ὲκ
1257 1385 1343 1420 φυλῆς
1353 1384 1399 1411 τοῦ
1415 1384 1492 1417 Λευῒ,
1509 1385 1696 1421 κεχρημάτικέ
1710 1394 1740 1412 τε
1755 1385 1802 1412 καὶ

172 1430 309 1462 dtiscdec,
326 1430 434 1457 abunde
459 1430 525 1457 satis
542 1438 557 1457 a
571 1430 650 1457 nobis
667 1430 882 1458 demonstratum
909 1436 961 1459 est.

171 1475 249 1510 Quod
265 1483 331 1503 vero
347 1476 508 1511 mysterium
521 1475 722 1511 justiﬁcationis
736 1483 786 1511 per
798 1475 878 1503 ﬁdem
890 1477 962 1503 anti-

171 1521 305 1557 quiorem,
321 1529 402 1557 quam
415 1521 587 1548 circumcisio
602 1521 735 1556 originem
748 1521 856 1553 habeat,
874 1522 962 1557 quod-

172 1574 226 1603 que
233 1566 365 1594 lsraelitis
378 1566 406 1594 in
418 1571 482 1602 typo
496 1573 529 1593 ac
541 1566 626 1601 ﬁgura
640 1565 855 1600 praenuntiatum
867 1566 961 1599 fuerit,

171 1620 220 1640 eos
229 1620 284 1640 non
293 1612 346 1639 alia
366 1612 471 1639 ratione
484 1619 603 1646 unquam
614 1611 711 1639 salvari
722 1618 811 1646 posse,
823 1619 904 1646 quam
913 1619 963 1647 per

172 1658 311 1686 Christum
321 1658 515 1694 justiﬁeantcm
526 1657 650 1692 impium,
660 1660 688 1684 et
701 1657 886 1684 remittentem
896 1664 962 1691 pec-

172 1708 233 1732 cata
251 1712 258 1731 :
271 1708 402 1739 praeterea
425 1703 498 1738 quod
515 1702 638 1730 baeredes
650 1702 709 1734 Dei,
722 1706 804 1737 atque
819 1702 889 1729 inter
903 1709 962 1729 ma-

173 1751 245 1778 xime
256 1750 394 1786 legitimos
411 1749 482 1777 ﬁlios
502 1749 654 1777 collocandi
670 1749 725 1776 sint
739 1748 758 1776 ii
779 1749 827 1783 qui
842 1756 876 1776 ex
896 1756 962 1784 pro-

174 1797 304 1825 missione
319 1800 384 1824 sunt
400 1796 428 1823 in
442 1795 518 1823 lsaac
533 1795 603 1823 facta
615 1794 649 1822 ad
674 1794 784 1822 beatum
807 1793 960 1827 Abraham;

174 1850 235 1878 age,
244 1842 378 1874 dicamus,
389 1848 422 1868 ex
437 1841 504 1876 ipsis
515 1840 599 1868 sacris
613 1840 725 1868 Litteris
737 1840 921 1873 desumentes,
935 1844 963 1867 et

174 1888 390 1925 uniuscujusque
421 1887 461 1914 rei
497 1891 652 1914 accuratam
690 1886 883 1922 probationem
912 1893 962 1922 pe-

175 1937 274 1962 tentes.
355 1935 365 1939 ‘

1013 1430 1085 1456 ἔστιν
1108 1430 1253 1466 ἀρχιερεὺς
1269 1429 1309 1461 εις
1329 1429 1374 1456 τὸν
1398 1429 1484 1456 αίῶνα
1511 1430 1581 1456 κατά
1598 1429 1647 1465 τὴν
1662 1429 1738 1462 τάξιν
1752 1431 1802 1462 τῆς
1834 1452 1840 1456 .

1013 1475 1164 1511 ἱερωσύνης
1188 1474 1366 1509 Μελχισεδὲκ,
1384 1473 1570 1510 ἀποχρώντως
1598 1475 1664 1510 ἡμῖν
1689 1474 1740 1510 ἥδη
1763 1474 1802 1501 δι-

1013 1519 1113 1552 έδειξεν
1128 1521 1142 1546 ὁ
1158 1519 1247 1553 λόγος.
1265 1519 1327 1545 ’Ότι
1341 1519 1370 1546 δὲ
1394 1519 1444 1554 τῆς
1473 1520 1501 1546 ὲν
1525 1519 1615 1546 πίστει
1629 1519 1802 1554 δικαιοσύνης

1012 1567 1042 1594 τὺ
1060 1567 1210 1603 μυστήριον
1226 1566 1276 1602 τῆς
1297 1567 1326 1593 ἐν
1353 1567 1427 1602 νόμῳ
1448 1566 1599 1601 περιτομῆς
1615 1566 1802 1603 πρεσϐυτέραν

1013 1612 1068 1648 ἔχει
1095 1612 1144 1647 τὴν
1173 1612 1390 1647 προανὰῤῥησιν,
1414 1612 1461 1639 καὶ
1488 1613 1529 1639 ὅτι
1557 1611 1801 1647 προκατεγράφετο

1011 1659 1068 1690 τοῖς
1080 1658 1110 1690 ἐξ
1130 1658 1237 1694 Ἰσραὴλ
1255 1659 1269 1684 ὀ
1283 1658 1368 1690 τύπος
1384 1657 1443 1691 τοῦ,
1459 1658 1496 1693 μὴ
1511 1658 1544 1685 ἂν
1561 1658 1662 1693 ἑτέρως
1673 1657 1800 1685 δύνασθαι

1014 1703 1133 1739 σωθῆναί
1157 1712 1232 1737 ποτε,
1251 1704 1320 1739 πλὴν
1332 1704 1374 1731 ὅτι
1400 1703 1445 1730 διὰ
1463 1704 1544 1739 μόνου
1566 1703 1684 1740 Χριστοῦ
1699 1703 1746 1730 τοῦ
1760 1703 1800 1730 δι-

1013 1749 1153 1781 καιοῦντος
1174 1749 1217 1776 τὸν
1234 1749 1330 1785 ἀσεϐῆ,
1355 1750 1402 1776 καὶ
1430 1750 1551 1782 ἀνιέντος
1563 1750 1731 1786 ἐγκλήματα.
1747 1749 1802 1777 Καὶ

1013 1795 1080 1830 πρός
1096 1803 1127 1829 γε
1142 1795 1174 1830 δὴ
1188 1795 1301 1827 τούτοις,
1312 1795 1353 1822 ὅτι
1368 1794 1435 1822 Θεοῦ
1451 1795 1623 1831 κληρονόμοι,
1638 1795 1685 1822 καὶ
1704 1796 1733 1822 ὲν
1746 1797 1802 1827 τοῖς

1012 1842 1053 1869 ὅτι
1061 1842 1178 1877 μάλιστα
1187 1842 1309 1876 γνησίοις
1323 1841 1551 1875 κατατετάξονται
1561 1841 1666 1873 τέκνοις
1680 1842 1704 1868 οἱ
1716 1841 1802 1876 ὲκτῆς

1012 1888 1187 1923 ἐπαγγελίας,
1195 1888 1243 1924 τῆς
1252 1889 1280 1915 ὲν
1288 1887 1381 1916 Ἰσαὰκ
1389 1887 1575 1924 γεγενημένης
1585 1888 1653 1923 πρὸς
1661 1888 1706 1914 τὸν
1715 1887 1804 1924 μακά-

1014 1943 1070 1970 ριον
1078 1934 1214 1970 Ἀϐραὰμ,
1228 1934 1295 1970 φέρε
1306 1933 1338 1969 δὴ
1345 1933 1477 1969 λέγωμεν,
1491 1933 1521 1966 ἐξ
1532 1933 1622 1960 αὐτῶν
1630 1933 1735 1964 ἑλόντες
1748 1932 1802 1959 τῶν

1012 1980 1093 2016 ἱερῶν
1114 1980 1299 2015 Γραμμάτων,
1314 1979 1362 2006 καὶ
1379 1979 1430 2010 τὰς
1453 1979 1495 2011 ἐφ’
1510 1979 1618 2015 ἑκάστῳ
1645 1977 1801 2014 ποιούμενοι

1013 2025 1121 2056 πίστεις
1133 2025 1239 2056 λεπτως
1251 2026 1298 2051 καὶ
1313 2024 1520 2060 ὲξητασμένῶς.

208 2073 236 2101 2.
254 2073 354 2100 Paulus
365 2072 456 2106 itaque
473 2070 506 2098 ad
522 2069 659 2097 Romanos
679 2068 716 2095 ita
733 2068 828 2096 scribit
843 2077 851 2096 :
868 2077 876 2094 ι
891 2067 962 2101 Quid

1053 2071 1087 2107 β’.
1105 2072 1209 2108 Γράφει
1227 2072 1316 2098 τοίνυν
1335 2070 1481 2106 Ῥωμαίοις
1495 2071 1509 2097 ὁ
1523 2069 1668 2106 ἱερώτατος
1684 2069 1800 2101 Παῦλοςο

175 2119 259 2156 igitur
271 2119 395 2146 dicemus
412 2116 547 2144 invenisse
563 2114 700 2142 Abraham
717 2120 822 2149 patrem
837 2119 962 2142 nostrum

176 2165 326 2193 secundum
339 2163 468 2191 carnem?
489 2162 517 2190 Si
538 2162 612 2188 enim
630 2160 766 2188 Abraham
779 2169 812 2188 ex
833 2161 963 2196 operibus

177 2211 243 2247 legis
256 2210 420 2246 justillcatus
442 2213 494 2239 est,
511 2207 594 2234 habet
610 2207 735 2242 gloriam,
757 2207 805 2234 sed
822 2215 877 2234 non
892 2207 964 2242 apud

176 2256 272 2284 Deum.
284 2254 355 2288 Quid
369 2254 442 2281 enim
451 2252 813 2287 dicitScriptura?Credidit
827 2252 964 2279 Abraham

177 2301 242 2333 Deo,
256 2305 285 2328 ct
296 2302 452 2334 reputatum
463 2302 505 2325 est
519 2297 558 2324 illi
569 2297 601 2324 ad
612 2297 756 2332 justitiam.
772 2297 802 2324 Ei
814 2302 904 2325 autem
917 2297 964 2332 qui

176 2349 315 2381 operatur,
327 2351 433 2371 merces
446 2350 500 2369 non
513 2343 663 2377 imputatur
673 2342 823 2369 secundum
837 2343 962 2378 gratiam,

176 2391 223 2419 sed
239 2390 389 2418 secundum
403 2389 535 2416 debitum.
554 2388 585 2415 Ei
597 2396 662 2416 vero
685 2388 733 2423 qui
752 2397 806 2415 non
823 2393 962 2424 operatur,

176 2437 299 2465 credenti
311 2441 402 2464 autem
420 2436 448 2463 in
463 2443 525 2462 eum
541 2434 727 2469 quijustiﬁcat
739 2435 863 2470 impium,
880 2443 964 2470 repu-

179 2487 250 2510 tatur
268 2481 334 2509 ﬁdes
347 2481 406 2516 ejus
420 2480 453 2508 ad
470 2480 615 2516 justitiam,
631 2480 781 2507 secundum
794 2481 964 2515 propositum

177 2528 270 2563 gratiae
284 2527 342 2555 Dei.
366 2526 443 2554 Sicut
463 2530 490 2553 et
505 2526 589 2553 David
609 2525 676 2553 dicit
695 2525 894 2553 beatitudinem
912 2526 963 2553 ho-

173 2571 269 2603 minis,
277 2570 321 2598 cui
333 2571 406 2597 Deus
417 2574 529 2604 accepto
539 2569 741 2605 fertjustitiam,
750 2571 810 2597 sine
817 2571 962 2605 operibus:

178 2617 253 2644 Beati
265 2623 382 2651 quorum
398 2615 518 2643 remissae
535 2619 599 2643 sunt
623 2616 792 2651 iniquitates,
807 2621 835 2644 et
846 2625 963 2652 quorum

179 2666 249 2690 tecta
264 2666 329 2689 sunt
338 2666 464 2696 peccata.
490 2661 589 2689 Beatus
612 2662 655 2688 uir
668 2662 713 2689 cui
739 2670 794 2688 non
820 2662 964 2696 imputavit

175 2707 310 2736 Dominus
317 2711 459 2742 peccatum
465 2707 509 2734 ‘5'.
519 2706 662 2735 Beatitudo
668 2714 732 2743 ergo
740 2707 798 2735 haec
808 2707 835 2734 in
843 2707 963 2735 circum-

215 2795 339 2825 αιιειπ.
358 2805 398 2831 tu,
415 2796 440 2824 Ι.
478 2797 501 2814 ⁸⁸
522 2797 600 2825 Joan.
623 2805 670 2830 xu,
689 2797 714 2825 4.
755 2796 790 2813 ’⁸⁸
805 2797 876 2826 Psal.
892 2798 1002 2832 “31,1.

1014 2118 1047 2145 Τί
1064 2115 1110 2145 οὖν
1135 2117 1251 2153 ἐροῦμεν
1275 2117 1421 2152 εὑρηκέναι
1438 2115 1564 2152 Ἀϐραὰμ
1584 2115 1628 2142 τὸν
1643 2115 1801 2151 προπάτορα

1014 2163 1092 2200 ἡμῶν
1109 2164 1179 2190 κατὰ
1204 2162 1309 2198 σάρκα;
1323 2162 1420 2197 Εἰγάρ
1439 2161 1564 2198 Ἀϐραὰμ
1585 2161 1614 2194 ἐξ
1638 2160 1726 2196 ἔργων
1747 2160 1800 2187 ἐδι-

1015 2209 1131 2244 καιώθη,
1149 2208 1206 2244 ἔχει
1228 2209 1369 2243 καύχημα,
1387 2207 1443 2234 ἀλλ’
1458 2207 1488 2234 οὐ
1512 2207 1579 2242 πρὸς
1602 2207 1677 2233 Θεόν.
1699 2205 1731 2232 Τί
1746 2206 1800 2242 γὰρ

1015 2255 1031 2288 ή
1044 2253 1236 2289 Γραφὴλέγει;
1259 2253 1418 2280 Ἐπίστευσε
1433 2253 1462 2280 δὲ
1484 2251 1610 2287 Ἀϐραὰμ
1617 2251 1655 2287 τῷ
1669 2251 1738 2287 Θεῷ.
1754 2251 1801 2278 καὶ

1015 2299 1140 2335 ἐλογίσθη
1163 2298 1237 2334 αὑτῴ
1260 2299 1299 2330 εἰς
1318 2297 1501 2334 δικαιοσύνην.
1520 2298 1564 2333 Τῷ
1579 2298 1608 2324 δὲ
1625 2297 1802 2333 ἐργαζομένῳ

1015 2346 1028 2372 ὁ
1047 2345 1140 2381 μισθὸς
1155 2345 1185 2371 οὐ
1200 2344 1336 2379 λογίζεται
1352 2345 1421 2371 κατὰ
1436 2345 1525 2380 χάριν,
1542 2344 1609 2371 ἀλλὰ
1634 2343 1705 2370 κατὰ
1728 2343 1802 2377 ὀφεί-

1015 2391 1099 2427 λημα.
1116 2391 1161 2426 Τῷ
1174 2390 1202 2417 δὲ
1219 2391 1256 2426 μὴ
1270 2390 1455 2426 ἐργαζομένῳ,
1468 2389 1622 2416 πιστεύοντι
1645 2389 1674 2415 δὲ
1696 2389 1740 2416 ἐπὶ
1756 2388 1801 2416 τὸν

1014 2436 1169 2464 δικαιοῦντα
1184 2435 1229 2462 τὸν
1251 2436 1349 2471 ἀσεϐῆ,
1367 2436 1502 2470 λογίζεται
1523 2437 1539 2471 ἠ
1560 2436 1651 2467 πίστις
1667 2434 1749 2461 αὑτοῦ
1762 2434 1800 2465 είς

1014 2481 1198 2516 δικαιοσύνην.
1222 2481 1357 2515 Καθάπερ
1377 2481 1424 2507 καὶ
1449 2481 1530 2507 Δαοιδ
1557 2480 1631 2515 λέγει
1649 2480 1693 2507 τὸν
1712 2487 1800 2514 μακα-

1017 2527 1113 2562 ρισμὸν
1125 2527 1170 2553 τοῦ
1184 2527 1338 2562 ἀνθρώπου,
1359 2523 1380 2560 ᾧ
1395 2527 1409 2552 ὁ
1424 2526 1490 2558 Θεὸς
1507 2526 1642 2560 λογίζεται
1663 2524 1801 2552 δικαιοσύ-

1014 2581 1073 2608 νην,
1090 2572 1174 2608 χωρὶς
1198 2571 1296 2607 ἔργων·
1313 2571 1452 2607 Μακάριοι
1471 2567 1508 2598 ὦν
1528 2570 1667 2605 ἀφέθησαν
1683 2570 1711 2596 αἱ
1737 2569 1801 2596 ἀνο-

1016 2619 1086 2653 μίαι,
1099 2618 1146 2644 καὶ
1161 2614 1198 2644 ὧν
1217 2617 1446 2652 ἐπεκαλύφῧησοιν
1461 2617 1488 2644 αἱ
1505 2615 1652 2652 ἁμαρτίαι·
1665 2615 1800 2650 μακάριος

1014 2663 1094 2698 ἀνὴρ,
1111 2659 1133 2697 ᾧ
1151 2663 1185 2689 οὐ
1213 2663 1249 2698 μὴ
1264 2663 1403 2698 λογίσηται
1415 2663 1515 2696 Κύριος
1530 2662 1676 2697 ἁμαρτίαν.
1699 2661 1729 2688 ’0
1746 2668 1800 2696 μα-

1014 2710 1149 2745 καρισμὸς
1171 2706 1217 2737 οὗν
1232 2705 1319 2742 οὗτος,
1333 2708 1378 2735 ἐπὶ
1395 2709 1444 2745 τὴν
1463 2708 1624 2744 περιτομὴν,
1642 2707 1659 2742 ἢ
1680 2707 1726 2734 καὶ
1751 2705 1798 2734 ἐπὶ
