1990 3046
163 198 212 226 Ηδ

649 195 909 226 GLAPHYRORUM
928 195 961 222 IN
982 195 1131 223 GENESIM
1151 196 1215 222 LIB.
1236 195 1279 222 Ill.

1736 199 1791 228 HI

161 259 210 294 τὴν
239 257 440 294 ἁκροΰυοτίανς
466 257 588 294 Λέγομεν
611 256 675 293 γὰρ,
702 258 743 284 ὅτι
767 255 894 291 ἐλογίσθη
907 255 946 291 τῷ

1005 255 1100 282 :isione
1111 257 1213 282 tantum
1223 259 1324 286 manet,
1339 262 1373 281 an
1383 254 1501 282 etiamin
1512 256 1659 291 praeputio?
1667 257 1792 287 Dicimus-

167 304 333 342 ’Δῦραὰμνή
360 303 449 336 πίστις
475 305 514 336 εις
543 302 728 338 δικαιοσύνην.
747 303 809 334 Πῶς
830 300 876 329 οὖν
891 302 949 328 ἑλοι

161 349 261 384 meq;
281 349 310 375 ἂν
331 350 468 385 περιτομῇ
489 347 588 383 δντι,ῆ
613 348 641 375 ὲν
655 346 838 382 ἀκροϐυστίας
852 345 909 372 Οὐκ
921 346 949 372 ὲν

163 394 316 430 περιτομῇ,
352 393 446 429 φησιν,
468 393 525 420 ἀλλ’
549 394 578 420 ὲν
606 392 784 428 ἀκροϐυστίᾳ.
815 390 871 419 Καὶ
902 399 950 426 ση-

164 441 239 474 μεῖον
266 439 346 465 ἔλασε
369 439 530 475 περιτομῆς,
544 439 678 474 σφραγῖδα
707 438 756 474 τῆς
779 436 950 471 δικαιοσύνης

163 485 212 519 τῆς
230 485 349 516 πίστεως
366 484 417 519 τῆς
431 485 461 511 ὲν
472 485 504 519 τῇ
521 483 698 520 ἀκροὸυστίᾳ,
713 484 752 516 εἰς
767 484 797 510 τὸ
810 480 879 509 εἶναι
902 482 951 508 αὖ,

164 531 211 557 τὸν
228 530 336 566 πατέρα
363 530 472 558 πάντων
498 531 552 557 τῶν
578 531 759 557 πιστευόντων
779 528 813 555 δι’
833 527 951 564 ἀκροϐυ-

165 575 253 606 στίας,
274 576 314 606 εἰς
330 574 360 601 τὸ
374 574 533 610 λογισθῆναι
548 575 638 606 αὺτοῖς
654 576 693 606 είς
709 573 892 608 δικαιοσύνην,
906 572 952 599 καὶ

166 620 272 655 πατέρα
293 619 444 656 περιτομῆς
470 622 527 652 τοῖς
555 621 605 647 οὐκ
629 622 662 647 ἐκ
692 620 847 654 περιτομῆς
861 618 950 654 μόνον,

165 665 234 692 ἀλλὰ
246 667 293 692 καὶ
307 668 362 698 τοις
383 665 516 702 στοιχοῦσι
531 668 586 698 τοῖς
610 667 696 701 ἴχνεσι
720 666 769 701 τῆς
795 667 824 692 ὲν
837 665 952 700 ἀκροϐυ-

167 711 230 746 στίᾳ
257 711 373 744 πίστεως
401 711 448 738 τοῦ
470 711 573 746 πατρὸς
605 711 682 747 ἡμῶν
707 711 845 746 Ἁϐραάμ.
861 720 871 736 ›
897 710 952 737 Καὶ

166 757 235 792 πρὸς
245 757 277 793 δὴ
293 757 408 789 τούτοις,
426 758 583 794 ἰσχνοτέραν
598 758 638 785 ἔτι
654 759 771 784 ποιεῖται
786 757 832 784 τοῦ
849 764 952 792 μυστη-

168 802 226 838 ρίου
249 803 298 838 τὴν
319 803 444 838 βάσανον.
470 802 548 830 Οὕτω
560 803 589 830 τέ
606 811 702 839 φησιν·
718 803 774 830 (οὺ
790 804 843 839 γὰρ
855 803 898 829 διὰ
911 802 953 828 νό-

168 857 219 884 μου
243 849 260 884 ἡ
284 848 435 884 ἐπαγγελία
457 849 497 884 τῷ
516 849 651 885 Ἀϐραὰμ,
670 849 738 885 ἥτῷ
751 849 889 884 σπέρματι
905 848 953 874 αὺ-

165 893 225 928 τοῦ,
241 895 272 922 τδ
290 895 459 931 κληρονόμον
481 895 562 922 αὑτὸν
586 893 656 922 εἶναι
679 893 726 922 τοῦ
753 894 867 929 κόσμου,
886 894 953 921 ἀλλὰ

165 938 211 966 διὰ
238 938 412 975 δικαιοσύνης
431 939 559 972 πίστεως.
576 939 608 966 El
622 939 677 975 γὰρ
692 940 717 966 οἱ
737 939 770 966 lx
792 939 875 974 νόμου
891 939 952 974 κλη-
970 933 990 959 Β

168 984 286 1020 ρονόμοι,
301 985 379 1021 φησι,
397 985 578 1012 ὲκκεκένωται
595 985 610 1018 ἡ
637 984 739 1017 πίστις,
752 983 798 1011 καὶ
811 984 951 1018 κατήργη-

165 1039 210 1058 ¹ται
227 1031 243 1066 ὴ
257 1031 415 1066 ἐπαγγελία.
439 1031 469 1058 '0
483 1026 539 1066 γὰρ
550 1030 631 1066 νόμος
643 1030 727 1066 ὀργὴν
742 1029 950 1064 κατεργάζεται.

167 1073 205 1104 οὗ
224 1077 280 1113 γὰρ
293 1077 344 1104 οὐκ
363 1077 421 1103 ἐστι
438 1076 531 1112 νόμος,
552 1075 613 1102 οὐδὲ
631 1074 797 1111 παράϐασις.
811 1075 860 1101 Διὰ
874 1075 952 1101 τοῦτο

167 1124 200 1150 ιιι
213 1123 341 1155 πίστεως,
351 1123 394 1149 ἴνα
411 1123 482 1150 κατὰ
503 1122 582 1158 χάριν
595 1122 634 1153 είς
650 1121 681 1148 τὸ
696 1119 765 1148 εῐναι
778 1121 889 1157 βεϐαίαν
902 1121 952 1157 τὴν

168 1169 336 1204 ιπαγγελίαν
354 1169 435 1195 παντὶ
453 1167 492 1204 τῷ
515 1168 664 1203 σπέρματι,
685 1167 715 1194 οὐ
735 1167 774 1203 τῷ
794 1168 826 1194 ὲκ
842 1166 889 1194 τοῦ
909 1167 952 1194 νό-

169 1223 219 1250 μου
236 1216 326 1250 μόνον.
352 1215 420 1242 ἀλλὰ
441 1215 488 1242 καὶ
513 1213 553 1250 τῷ
575 1215 607 1240 ὲκ
635 1213 754 1246 πίστεως
772 1213 906 1250 Ἁϐραάμ,
922 1213 950 1245 ὃς

168 1262 226 1288 ἐστι
251 1261 342 1297 πατὴρ
364 1261 472 1288 πάντων
491 1260 569 1296 ἡμῶν
595 1259 678 1295 (καθὰ
704 1261 877 1296 γέγραπται,
908 1260 951 1287 ὄτι

167 1307 276 1342 Πατέρα
297 1307 401 1334 πολλῶν
428 1306 513 1334 ἐθνῶν
537 1305 648 1333 τέθεικά
679 1305 732 1339 σε),
751 1305 893 1333 κατέναντι
920 1302 950 1334 οὖ

167 1353 310 1380 έπίστευσε
337 1351 416 1385 Θεοῦ,
442 1351 488 1379 τοῦ
518 1351 712 1384 ζωοποιοῦντος
736 1353 798 1384 τοὺς
826 1353 950 1389 νεκροὺς,

168 1400 214 1426 καὶ
228 1398 373 1431 καλοῦντος
393 1398 429 1425 τὰ
443 1399 480 1435 μὴ
502 1397 565 1425 ὄντα
581 1397 618 1430 ὡς
634 1397 706 1425 ὄντα.
718 1407 727 1424 ι
751 1397 873 1430 Ἀκούεις
895 1398 951 1426 ἄνω

167 1452 196 1472 τε
221 1444 268 1471 καὶ
298 1444 373 1472 κάτω
399 1443 637 1479 διαϐεϐαιουμένου
671 1443 718 1470 καὶ
741 1442 876 1478 λέγοντος,
903 1443 951 1479 οὐχ

167 1490 387 1526 ύπεσταλμὲνως,
403 1489 441 1521 ὡς
460 1489 536 1516 οὔπω
552 1489 601 1524 μὲν
618 1488 707 1524 έχοντι
729 1488 778 1525 τὴν
789 1489 948 1525 περιτομὴν,

168 1538 197 1563 ἐν
213 1536 378 1572 ἀκροϐυστίᾳ
399 1536 427 1563 δὲ
443 1535 542 1572 μᾶλλον
564 1535 604 1562 ἔτι
616 1535 777 1570 τυγχάνοντι
793 1535 896 1562 δέδοται
913 1534 952 1570 τῷ

175 1581 298 1617 Ἀϐραὰμ
312 1583 328 1618 ἡ
341 1582 383 1608 διὰ
398 1582 515 1614 πίστεως
529 1581 609 1608 αὐτὸν
631 1580 773 1608 δικαιοῦσα
794 1581 873 1616 χάρις
883 1601 891 1614 ,
905 1582 952 1608 καὶ

171 1628 222 1664 μὴν
236 1629 277 1655 ὅτι
291 1628 452 1664 κληρονόμοι
469 1627 602 1654 τέθεινται
614 1627 667 1653 τῶν
683 1627 758 1662 παρὰ
780 1626 847 1653 Θεοῦ
878 1635 953 1662 χαρι-

171 1668 280 1708 σμάτων
296 1674 320 1700 οἱ
340 1674 490 1709 ίχνηλατεῖν
513 1673 649 1704 ἐθέλοντες
661 1674 709 1708 τῆς
739 1674 767 1699 ὲν
787 1672 953 1709 ἀκροϐυστία

170 1719 288 1751 πίστεως
320 1720 367 1747 τοῦ
397 1718 569 1754 προπάτορος
598 1718 724 1753 Ἀϐραὰμ
751 1717 801 1754 τὴν
826 1718 952 1754 μίμησιν,

173 1766 221 1793 καὶ
236 1765 294 1792 οὔτι
311 1774 363 1792 που
387 1765 495 1797 πάντως
507 1766 531 1791 οί
554 1765 625 1800 μέγα
641 1765 750 1800 φρονεῖν
767 1764 892 1797 είωυότες
908 1765 954 1791 ἐπὶ

170 1813 202 1846 τῇ
219 1811 263 1837 διὰ
285 1811 406 1842 Μωσέως
427 1809 623 1846 διακονουμένῃ
647 1810 721 1845 σκιᾷ,
747 1810 794 1836 καὶ
823 1810 954 1846 σαρκικον

171 1856 316 1890 αὐχοῦντες
339 1856 445 1891 πατέρα
471 1855 517 1882 τὸν
538 1854 675 1890 Ἀϐραὰμ,
696 1855 725 1887 ὃς
756 1864 765 1880 ι
780 1855 888 1882 Πολλῶν
911 1855 955 1882 ἐθ-

170 1901 224 1929 νῶν
238 1911 247 1928 ›
260 1902 415 1937 ὠνόμασται
444 1911 453 1926 ι
466 1900 565 1940 πατὴρ,
575 1909 585 1926 ›
603 1900 691 1927 καίτοι
708 1899 754 1927 τοῦ
778 1900 884 1936 Ἰσραὴλ
897 1900 955 1932 ἑνὸς

171 1947 263 1978 ἔθνους
275 1947 359 1978 ὁντος,
373 1947 424 1973 κᾶν
440 1947 464 1973 εἰ
485 1945 631 1972 ὲκτείνοιτο
648 1945 728 1982 τυχὸν
748 1946 789 1978 εἰς
806 1946 909 1981 πληθὺν
924 1946 954 1973 οὐ

173 1993 394 2028 μεμετρημένην,
410 1993 450 2019 ὅτι
466 1992 520 2020 τῶν
538 1992 567 2018 ἐν
587 1991 677 2018 πίστει
697 1991 791 2026 γέγονε
809 1992 910 2028 πατὴρ,
930 1992 955 2019 οἳ

171 2039 201 2070 ἐξ
217 2038 335 2074 ἁπάσης,
360 2039 398 2070 ὡς
420 2037 485 2069 ἔπος
513 2037 609 2070 εἰπεῖν,
639 2037 742 2069 πόλεώς
759 2046 788 2064 τε
806 2038 851 2064 καὶ
863 2037 955 2073 χώρας

172 2083 383 2119 συνειλεγμένοι,
401 2083 538 2118 σύσσωμοι
555 2082 698 2117 γεγόνασιν
720 2083 748 2109 έν
771 2082 892 2118 Χριστῷ,
909 2082 956 2110 καὶ

171 2130 211 2161 είς
238 2129 406 2165 ἀδελφότητα
442 2128 586 2164 κέκληνται
611 2129 810 2164 πνευματικήν.
829 2129 956 2164 Γεγένηνο

170 2184 214 2202 ται
231 2175 280 2210 μὲν
298 2175 353 2210 γὰρ
366 2175 394 2208 ἐξ
414 2174 540 2211 Ἀϐραὰμ
560 2175 690 2202 Ἰουδαῖοι.
710 2175 783 2210 Πλὴν
806 2175 836 2201 οὒ
855 2175 955 2207 πάντες

170 2222 193 2247 oi
208 2219 238 2252 ἐξ
260 2219 380 2256 Ἰσραὴλ,
400 2216 473 2246 οὗτοι
491 2219 608 2256 Ἰσραὴλ,
630 2220 690 2247 οὐδὲ
709 2221 751 2247 ὅτι
776 2220 828 2247 elei
845 2220 956 2256 σπέρμα

1001 301 1074 327 enim
1089 300 1152 336 quia
1164 304 1288 336 reputata
1305 304 1348 328 est
1373 300 1488 328 Abrahae
1509 300 1576 328 ﬁdos
1596 301 1630 328 ad
1642 302 1786 337 justitiam.

1002 344 1144 378 Quomodo
1158 352 1223 380 ergo
1234 350 1359 380 reputata
1372 345 1432 372 est?
1448 345 1476 372 in
1485 345 1704 380 circumcisione,
1716 356 1750 375 an
1760 348 1787 375 in

1003 391 1154 426 praeputio?
1171 391 1230 419 Non
1259 391 1287 419 in
1314 391 1532 424 circumcisione,
1561 392 1658 427 inquit,
1685 393 1733 420 sed
1760 394 1790 421 in

1003 437 1146 472 praeputio.
1174 438 1207 465 Et
1219 438 1326 473 signum
1342 438 1449 473 accepit
1458 438 1685 471 circumcisionis,
1697 439 1788 474 signa-

1004 482 1094 509 culum
1106 483 1217 518 justitiae
1228 483 1301 516 ﬂdei,
1315 492 1373 518 quae
1385 484 1463 511 estin
1477 483 1620 519 praeputio,
1654 488 1684 512 ut
1695 484 1728 512 sil
1741 493 1790 520 pa-

1005 532 1048 556 ter
1063 529 1185 556 omnium
1206 529 1376 557 credentium
1396 537 1446 565 per
1467 531 1641 565 praeputium,
1657 534 1687 558 ut
1706 538 1790 566 repu-

1005 577 1079 602 tetur
1093 575 1146 610 67
1160 575 1214 603 illis
1230 575 1263 602 ad
1280 575 1413 611 justitiam
1433 586 1439 603 ι
1454 581 1481 603 ct
1496 576 1531 603 sit
1550 580 1628 611 pater
1644 576 1789 604 circumci-

1006 620 1091 647 sionis
1105 628 1159 647 non
1186 621 1220 648 iis
1244 625 1348 648 tantum
1368 622 1414 656 qui
1437 625 1500 650 sunt
1516 630 1548 649 ex
1568 622 1787 654 circumcisione.

1005 665 1054 692 sed
1068 665 1144 692 etiis
1165 665 1212 700 qui
1230 670 1369 693 sectantur
1387 667 1500 701 vestigia
1527 667 1601 700 ﬁdei,
1617 675 1678 702 qua:
1696 672 1737 695 cst
1762 668 1790 694 in

1006 711 1139 747 praeputio
1150 711 1235 746 patris
1258 713 1343 739 nostri
1365 710 1480 740 Abrahzc
1493 713 1526 739 ’°.
1547 723 1556 739 ι
1575 713 1708 740 Praeterea
1726 713 1791 740 sub-

1006 757 1124 784 tiliorem
1144 757 1224 793 hujus
1238 757 1359 793 mysterii
1378 758 1566 793 probationem
1593 759 1683 792 addit;
1709 763 1791 794 atque

1007 804 1043 831 ita
1057 803 1095 830 ait
1111 812 1117 829 :
1131 813 1140 829 (
1165 803 1224 831 Non
1240 804 1312 830 enim
1332 811 1382 838 per
1400 805 1487 840 legem
1502 804 1646 839 promissio
1663 805 1792 837 Abraluc,

1006 853 1053 877 aut.
1081 848 1179 876 semini
1202 849 1272 884 ejus,
1299 854 1330 876 ut
1352 849 1439 876 haeres
1462 854 1535 876 esset
1563 849 1669 882 mundi,
1683 849 1730 877 sed
1742 857 1791 884 per

1004 895 1135 931 justitiam
1146 895 1218 922 ﬁdei.
1230 894 1258 922 Si
1278 895 1350 922 enim
1363 895 1410 929 qui
1436 902 1468 922 ex
1482 895 1552 930 lege,
1568 895 1690 922 ha-redes
1715 900 1788 926 sunt,

1003 941 1141 969 exinanita
1161 945 1203 968 est
1228 940 1305 973 ﬁdes,
1328 944 1356 968 et
1371 939 1472 968 abolita
1496 946 1540 968 est
1558 940 1714 975 promissio.
1736 940 1791 968 Lex

1003 988 1076 1015 enim
1100 988 1169 1014 iram
1186 991 1324 1022 operatur.
1354 986 1406 1014 Ubi
1432 985 1506 1013 enim
1530 993 1586 1014 non
1612 990 1654 1013 est
1669 985 1724 1017 lex,
1740 993 1791 1012 nec

1002 1033 1200 1069 pnevaricatio.
1219 1032 1283 1060 Ideo
1307 1039 1339 1060 ex
1367 1032 1429 1064 ﬁde,
1453 1036 1484 1059 ut
1507 1031 1657 1059 secundum
1676 1031 1791 1067 gratiam

1003 1079 1080 1106 ﬁrma
1091 1079 1128 1107 sit
1138 1078 1284 1114 promissio
1299 1077 1374 1105 omni
1387 1077 1496 1110 semini,
1508 1085 1563 1104 non
1582 1077 1607 1105 ei
1621 1077 1667 1113 qui
1687 1085 1721 1104 ex
1732 1077 1792 1114 lege

1002 1129 1043 1153 est
1057 1125 1156 1157 solum,
1174 1123 1221 1152 sed
1236 1129 1263 1152 et
1273 1124 1298 1151 ei
1316 1123 1362 1159 qui
1374 1131 1407 1151 ex
1420 1122 1472 1150 ﬁde
1484 1127 1526 1150 est
1536 1122 1663 1156 Abraha,
1675 1124 1723 1158 qui
1743 1131 1791 1158 pa—

1002 1175 1044 1198 ter
1059 1175 1102 1198 cst
1114 1170 1236 1197 omnium
1253 1174 1376 1197 nostrum
1392 1169 1474 1205 (sicut
1491 1168 1624 1204 scriptum
1644 1173 1698 1201 est,
1727 1170 1792 1204 quia

1002 1222 1106 1253 patrem
1122 1216 1270 1243 multarum
1285 1215 1407 1251 gentium
1423 1215 1501 1250 posui
1513 1215 1560 1251 te),
1576 1219 1639 1243 ante
1651 1215 1736 1243 Deum
1747 1217 1792 1243 cui

1001 1260 1129 1294 credidit,
1148 1260 1194 1296 qui
1210 1260 1330 1287 viviﬁcat
1356 1263 1490 1292 mortuos,
1523 1263 1551 1287 et
1576 1263 1655 1287 vocat
1681 1268 1712 1287 ea
1732 1268 1793 1295 qua:

1001 1314 1057 1334 non
1083 1311 1157 1339 sunt,
1181 1309 1310 1340 tanquam
1330 1312 1362 1332 ea
1389 1313 1450 1340 quae
1473 1309 1536 1332 sunt
1549 1305 1581 1332 ³ο.
1602 1315 1611 1331 ι
1633 1305 1719 1333 Audis
1738 1314 1795 1341 quo

1001 1356 1080 1388 pacto
1104 1353 1205 1387 passim
1232 1350 1376 1379 conﬁrmet
1401 1358 1433 1378 ac
1454 1350 1537 1383 dicat,
1554 1351 1635 1386 idque
1649 1351 1792 1384 acerrime,

1001 1398 1074 1433 quod
1096 1397 1211 1424 Abrahae
1227 1397 1348 1425 nondum
1363 1396 1536 1429 circumciso,
1559 1396 1606 1424 sed
1620 1397 1710 1424 adhuc
1722 1405 1792 1432 pra:-

1002 1443 1107 1479 putium
1121 1443 1236 1471 habenti
1248 1443 1310 1470 data
1325 1443 1360 1470 sit
1375 1442 1461 1478 gratia
1476 1442 1630 1477 justiﬁeans
1642 1442 1730 1478 ipsum
1745 1451 1793 1478 per

1002 1489 1082 1517 ﬁdem
1093 1509 1100 1522 ,
1110 1489 1238 1524 quodque
1255 1488 1379 1516 intercch
1390 1487 1520 1516 declarati
1530 1488 1586 1515 sint
1597 1487 1792 1516 beneﬁciorum

1001 1534 1060 1566 Dei,
1080 1535 1099 1562 ii
1113 1534 1162 1569 qui
1184 1534 1297 1569 vestigia
1311 1534 1409 1561 sectari
1422 1534 1561 1562 voluerint
1581 1533 1652 1566 ﬁdei,
1671 1542 1732 1570 quae
1751 1539 1794 1563 est

966 1599 989 1630 C
1005 1579 1032 1607 in
1049 1579 1182 1630 praeputio
1194 1579 1319 1607 Abrahae.
1350 1579 1412 1607 Non
1431 1583 1523 1607 autem
1548 1580 1673 1608 Mosaici's
1689 1581 1794 1610 umbris

1006 1624 1206 1660 gloriabuntur,
1236 1633 1326 1660 neque
1350 1625 1486 1652 carnalem
1522 1630 1626 1660 patrem
1656 1627 1792 1654 Abraham

1004 1671 1160 1707 jactabunt;
1181 1671 1228 1705 qui
1252 1681 1261 1696 ι
1275 1671 1423 1698 multarum
1445 1671 1566 1706 gentium
1586 1675 1662 1706 pater
1677 1681 1685 1697 ι
1703 1673 1792 1700 nomi-

1006 1720 1086 1743 natus
1106 1720 1148 1743 cst
1164 1716 1196 1748 ³¹,
1215 1723 1277 1744 cum
1304 1715 1390 1743 Israel
1417 1715 1497 1743 unica
1526 1724 1591 1751 gens
1610 1716 1655 1749 sit,
1685 1716 1794 1745 etiamsi

1007 1763 1077 1790 forte
1096 1762 1124 1790 in
1138 1762 1389 1790 immensurabilem
1403 1762 1606 1790 multitudinem
1620 1767 1732 1791 extensa
1747 1763 1799 1797 sit,

1007 1809 1071 1844 quia
1096 1808 1183 1836 factus
1203 1812 1245 1836 est
1259 1812 1338 1843 pater
1351 1808 1532 1840 credentium,
1551 1809 1596 1843 qui
1608 1817 1642 1836 ex
1656 1809 1798 1843 omnibus,

1008 1859 1038 1883 ut
1055 1855 1092 1882 ita
1114 1854 1213 1886 dicam,
1241 1853 1356 1881 urbibus
1380 1861 1411 1881 ac
1427 1854 1583 1889 regionibus
1596 1860 1660 1882 sunt
1676 1855 1799 1888 collecti,

1008 1905 1244 1933 concorporesque
1262 1897 1325 1925 facti
1354 1898 1381 1925 in
1402 1897 1521 1931 Christo,
1542 1903 1569 1926 et
1584 1899 1610 1926 in
1625 1899 1795 1934 Spiritualem

1008 1944 1206 1972 fraternitatem
1229 1943 1329 1970 vocati.
1348 1943 1407 1971 Orti
1420 1945 1494 1971 enim
1520 1950 1583 1973 sunt
1598 1953 1631 1972 ex
1657 1945 1794 1973 Abraham

1007 1989 1252 2019 Juda:i.C:eterum
1280 1997 1335 2017 non
1363 1998 1460 2018 omnes
1483 1992 1530 2027 qui
1551 1999 1584 2019 ex
1609 1992 1701 2025 lsrael,
1730 1996 1795 2019 sunt

1008 2036 1148 2064 lsraelitae.
1163 2035 1257 2071 Neque
1269 2043 1334 2063 vero
1352 2043 1385 2063 eo
1400 2036 1473 2072 quod
1491 2037 1545 2064 sint
1560 2045 1653 2065 semen
1667 2037 1795 2071 Abrahm,

1008 2081 1057 2109 ﬁlii
1071 2082 1160 2109 statim
1173 2089 1268 2109 omnes
1277 2085 1339 2109 sunt
1349 2082 1490 2110 censendi.
1503 2083 1715 2118 Propinquiores
1729 2091 1795 2111 vero

1008 2128 1033 2156 ei
1053 2128 1119 2156 facit
1132 2127 1199 2156 ﬁdes
1211 2135 1258 2157 eos
1280 2128 1327 2163 qui
1343 2128 1370 2155 in
1388 2129 1522 2164 prceputio
1543 2128 1729 2156 crediderunt.
1743 2129 1794 2156 Fa-

1009 2178 1051 2202 cta
1066 2173 1139 2200 enim
1153 2178 1195 2201 est
1222 2173 1377 2209 promissio,
1394 2174 1511 2209 dataque
1527 2178 1567 2202 est
1591 2173 1679 2209 gratia
1693 2174 1795 2210 justiti-

1008 2228 1073 2247 cans
1088 2219 1202 2247 Abrahae
1218 2220 1339 2247 nondum
1356 2220 1466 2254 quidem
1481 2220 1651 2253 circumciso,
1673 2220 1728 2248 imo
1744 2228 1794 2256 po-

177 2265 312 2301 ’Δόραὰμ,
330 2265 430 2297 πάντες
452 2265 543 2292 τέκνα.
575 2266 743 2302 Προσοικειοῖ
765 2265 793 2293 δὲ
821 2266 919 2302 μᾶλλον
938 2267 954 2302 ὴ

1007 2268 1063 2297 tius
1073 2266 1162 2294 adhuc
1177 2266 1341 2302 praeputium
1354 2267 1478 2300 habenti,
1492 2271 1574 2302 prout
1588 2275 1670 2295 sacra:
1685 2267 1796 2296 Littera!

171 2311 262 2343 πίστις
275 2308 351 2344 αὐτῷ
372 2311 436 2342 τοὺς
450 2312 479 2338 ὲν
490 2311 657 2347 ἀκροϐυστία
677 2311 887 2344 πιστεύσαντας.
903 2313 956 2339 Πε-

988 2331 992 2339 .
1010 2316 1155 2342 testantur.

170 2359 278 2395 ποίηται
292 2359 346 2394 γὰρ
357 2359 374 2394 ἡ
389 2359 544 2394 ὑπόσχεσις,
556 2358 660 2385 δέδοται
677 2358 705 2385 δὲ
720 2358 766 2385 καὶ
778 2359 795 2394 ἡ
809 2359 949 2386 δικαιοῦσα
967 2361 1058 2396 χάρις,
1088 2359 1165 2386 οΰπω
1182 2359 1231 2394 μὲν
1249 2358 1336 2394 ἔχοντι
1355 2358 1403 2395 τὴν
1437 2358 1586 2395 περιτομὴν
1603 2358 1642 2394 τῷ
1659 2358 1795 2396 Ἀϐραὰμ,

168 2407 225 2433 ὗντι
243 2406 381 2442 δὲμᾶλλον
399 2406 428 2433 έν
446 2406 625 2442 ἀκροϐυστίᾳ,
646 2406 718 2433 γλιτά
741 2415 772 2441 γε
795 2407 846 2442 τὴν
863 2408 954 2435 πίστιν
972 2409 1026 2436 τῶν
1044 2408 1122 2444 ἱερῶν
1136 2408 1320 2443 Γραμμάτων.

199 2453 234 2486 τ.
249 2451 311 2478 Ὀτι
322 2451 350 2478 δὲ
369 2451 419 2486 τῆς
432 2452 460 2478 ὲν
476 2451 567 2478 πίστει
580 2450 755 2482 δικαιοσύνης
766 2451 797 2478 τὸ
807 2451 894 2486 δῶρον
904 2453 954 2479 οὐκ

167 2497 215 2524 ἐπὶ
232 2496 311 2532 μόνον
323 2496 356 2523 ἂν
368 2496 403 2522 ἴοι
417 2497 463 2523 τδν
483 2496 617 2532 Ἀϐραὰμ,
638 2497 663 2523 εί
676 2497 722 2523 καὶ
742 2497 769 2523 ὲν
787 2497 860 2533 αὐτῷ
873 2498 954 2532 γέγο-

167 2552 212 2571 νεν
229 2544 246 2578 ἡ
270 2543 426 2578 ὑπόσχεσις,
456 2543 640 2577 ὲκπεφοίτηκε
671 2543 700 2569 δὲ
722 2542 817 2579 ὥσπερ
842 2543 888 2569 καὶ
914 2544 955 2574 είς

168 2589 272 2620 πάντας
293 2588 386 2615 λοιπὸν
409 2589 472 2620 τοὺς
497 2588 728 2620 πεπιστευκότας,
749 2588 862 2624 ἐμπεδοἰ
874 2588 954 2616 πάλιν

167 2635 240 2669 ἡμᾶς
253 2635 267 2660 ὁ
284 2633 439 2668 σοφώτατος
453 2633 569 2665 Παῦλος,
581 2632 621 2665 οἷς
633 2634 745 2669 ἔναγχος
756 2633 824 2670 ἔφην
842 2643 953 2670 προστι-

167 2680 237 2710 θείς·
257 2689 267 2705 ι
294 2680 352 2706 Οὐκ
379 2679 486 2715 ἐγράφη
513 2680 541 2706 δὲ
566 2680 600 2706 δι’
622 2680 702 2706 αὑτὸν
724 2680 815 2716 μόνον,
836 2681 876 2707 ὄτι
894 2681 952 2708 ἐλο-

165 2725 246 2761 γίσοη
262 2725 337 2760 αὐτῷ
349 2726 416 2761 πρὸς
428 2725 610 2760 δικαιοσύνην,
624 2725 690 2752 ἀλλὰ
705 2726 751 2752 καὶ
763 2726 795 2752 δι’
812 2727 897 2761 ἡμᾶς.
913 2724 953 2759 οἷς

167 2770 258 2806 μέλλει
273 2770 428 2804 λογίζεσοαι
441 2771 496 2802 τοῖς
507 2771 678 2797 πιστεύουσιν
696 2771 740 2796 ἐπὶ
753 2771 798 2797 τὸν
810 2771 953 2807 ἐγείραντα

172 2813 276 2848 Ἰησοῦν
293 2813 339 2840 τον
350 2813 455 2849 Κύριον
472 2813 550 2849 ἡμῶν
567 2814 600 2840 ὲκ
621 2814 742 2850 νεκρῶν·
767 2814 796 2846 ὃς
817 2815 952 2850 παρεδόθη

201 2902 223 2916 "
242 2901 321 2928 Rom.
347 2909 388 2934 IV,
403 2901 475 2928 Ι-ΙΞ.
511 2903 532 2918 ³⁸
549 2902 722 2930 ibid.15~l7.
763 2904 783 2919 “
805 2905 883 2931 Rom.
898 2912 933 2933 tv.
958 2905 1001 2930 ικ.

1041 2453 1067 2480 5.
1078 2451 1155 2485 Quod
1166 2459 1231 2479 vero
1245 2452 1347 2479 donum
1357 2451 1469 2487 iustitiae
1481 2460 1529 2487 per
1541 2452 1622 2480 ﬁdem
1637 2461 1692 2480 non
1704 2453 1736 2481 ad
1753 2461 1796 2481 so-

1005 2497 1062 2523 lum
1076 2496 1212 2528 Abraham
1235 2497 1396 2532 pertineret,
1420 2498 1532 2526 tametsi
1543 2498 1570 2526 in
1590 2499 1649 2534 ipso
1666 2499 1736 2527 facta
1760 2499 1797 2527 sit

1005 2542 1161 2577 promissio,
1174 2542 1225 2570 sed
1243 2542 1270 2570 in
1282 2550 1377 2570 omnes
1388 2543 1588 2579 quodammodo
1600 2544 1743 2572 credentes
1761 2545 1796 2572 sit

1006 2593 1202 2623 propagatum,
1229 2588 1448 2624 sapientissimus
1469 2591 1525 2626 63
1557 2591 1657 2618 Paulus
1684 2598 1795 2618 rursum

1006 2633 1158 2666 conﬁrmat,
1177 2633 1210 2661 iis
1240 2642 1303 2669 quae
1327 2635 1407 2662 modo
1440 2635 1499 2663 dixi
1524 2635 1656 2671 adjiciens
1677 2645 1682 2663 :
1709 2645 1718 2662 ι
1736 2636 1794 2663 Non

1007 2683 1047 2706 est
1062 2683 1153 2706 autem
1168 2680 1300 2715 scriptum
1314 2685 1425 2716 propter
1444 2681 1531 2717 ipsum
1546 2687 1660 2714 tantum,
1675 2681 1739 2716 quia
1751 2689 1795 2708 re-

1007 2730 1130 2760 putatum
1154 2729 1197 2753 est
1219 2726 1258 2754 illi
1280 2726 1313 2754 ad
1332 2728 1487 2763 justitiam:
1511 2728 1559 2756 sed
1571 2733 1598 2755 et
1608 2732 1719 2762 propter
1733 2735 1794 2759 nos,

1007 2772 1108 2806 quibus
1123 2773 1296 2808 reputabitur
1309 2775 1483 2802 credentibus
1499 2775 1525 2802 in
1550 2783 1624 2807 eum,
1639 2775 1685 2810 qui
1706 2774 1794 2802 susci-

1008 2818 1075 2844 tavit
1087 2818 1180 2846 Jcsuln
1199 2819 1338 2847 Christum
1355 2820 1499 2851 Dominum
1527 2825 1649 2847 uoslrum
1679 2829 1694 2848 τι
1718 2827 1794 2848 mor-
