1990 3046
190 178 251 212 ,ΗΞ

709 185 738 213 -S.
760 186 895 213 Ci'iilLLl
915 185 1148 214 ALEXANBRIM
1164 187 1322 215 ARCHIEP.

1770 184 1818 214 HG

200 239 264 270 tuis,
281 240 327 274 qui
341 241 458 270 traditus
476 248 517 270 est
535 248 646 279 propter
662 245 761 273 delicta
778 251 881 278 nostra,
894 250 922 273 et
942 253 975 273 rei

1037 247 1080 273 διὰ
1097 247 1129 274 τὰ
1150 245 1361 282 παραπτώματα
1375 245 1463 281 ὴμῶν,
1479 246 1524 272 καὶ
1538 245 1640 281 ἠγέρθη
1658 245 1701 271 διὰ
1715 244 1764 279 τὴν
1778 244 1819 270 δι-

213 283 318 311 urrexit
334 291 445 321 propter
458 287 681 323 justiﬁcationem
701 294 822 318 nostram
839 290 870 317 ³¹.
891 301 900 316 ›
921 290 983 318 ϐω-

197 331 265 356 leste
283 330 365 366 igitur
391 329 494 361 donum
522 334 621 363 divinae
646 336 832 371 benignitatis,
860 337 981 371 inquam,

196 375 348 410 justiﬁeans
362 385 412 405 nos
427 386 476 413 per
500 379 592 413 ﬁdem,
608 388 660 408 non
677 382 764 408 solum
782 381 851 409 ﬁlios
867 382 983 410 Abrahae

198 422 415 456 comprehendit,
433 425 480 459 qui
509 433 543 452 ex
560 426 618 461 ipso
635 427 786 454 secundum
798 435 908 455 carnem
929 428 982 455 orti

197 470 270 498 sunt,
282 467 328 494 sed
346 468 393 502 qui
410 470 531 497 eamdem
547 479 608 498 cum
618 478 651 498 eo
665 471 781 498 fortnam
795 476 822 498 et
833 471 982 500 fraternum

197 511 318 539 animum
330 514 412 544 nacti.
427 516 542 543 credunt
553 516 580 542 in
595 516 741 544 Dominum
756 522 879 545 nostrum
889 519 981 546 Jesum

196 556 352 592 Christum;
378 560 406 587 hi
435 562 517 588 etiam
542 562 741 590 beneﬁciorum
771 564 819 591 Dei
835 564 982 599 participes

196 607 260 630 sunt
290 604 386 638 futuri,
415 608 525 642 rejceto,
552 608 587 635 ob
619 609 848 643 incredulitatem,
878 611 980 638 carnali

196 649 303 678 lsracle.
324 651 400 684 Quod
416 652 526 686 quidem
553 654 695 683 manifeste
712 655 858 684 admodum
874 656 901 683 in
925 665 981 692 my-

195 696 278 723 sterio
288 697 360 725 lsaae
375 698 454 725 nobis
469 698 637 735 descriptum
653 706 703 728 est.
713 701 860 735 Caeterum,
871 711 930 738 age,
941 703 980 730 di-

195 748 288 768 camus
298 742 387 776 quoad
401 744 460 778 ejus
469 744 527 772 ﬁeri
539 746 649 780 poterit,
661 747 717 781 ipsa
730 747 828 782 Moysis
837 748 937 782 scripta
952 748 979 775 in

195 785 315 813 medium
328 787 483 817 aﬁ‘erentes.
502 790 541 818 Ita
563 799 628 818 vero
643 792 744 820 habent
763 802 769 819 :
791 803 799 819 ι
819 794 882 821 Post
897 794 980 820 verba

194 834 284 858 autem
302 833 369 866 haec,
386 843 395 860 ι
416 836 516 870 inquit,
538 847 546 862 ι
571 837 671 865 factum
689 843 730 866 est
744 839 858 866 verbum
871 840 979 868 Domini

193 876 226 902 ad
235 877 368 905 Abraham
376 879 403 906 in
415 881 528 914 visione,
536 883 631 910 dicens
643 885 694 911 :Ne
711 884 816 917 timeas,
826 886 976 913 Abraham:

1035 293 1182 327 καιοσύνην
1193 292 1281 328 ἡμῶν.
1301 301 1310 318 ι
1329 292 1434 319 Οὐκοῦν
1449 291 1534 324 ξένιον
1544 291 1659 327 οὖρανοῦ
1672 291 1717 318 καὶ
1735 290 1820 325 δῶρον

1034 339 1202 374 ἡμερότητος
1210 339 1259 374 τῆς
1270 338 1383 369 ἄνωθεν,
1395 338 1451 373 ήὲκ
1463 338 1580 369 πίστεως
1592 335 1820 373 ὴμᾶς.δικαιοῦσα

1034 385 1122 420 χάρις’
1140 384 1186 411 καὶ
1209 385 1237 411 ὲν
1254 385 1361 416 τέκνοις
1387 383 1513 420 Ἀϐραὰμ
1535 383 1754 417 καταλογισθεῖεν
1774 381 1816 415 ἂν,

1032 431 1091 465 οὐχὶ
1104 431 1136 466 δὴ
1152 431 1261 462 πάντως
1280 432 1303 457 οἱ
1326 430 1356 463 ἐξ
1374 430 1456 457 αὑτοῦ
1473 430 1544 457 κατὰ
1561 429 1650 465 σάρκα
1664 428 1817 463 γεγονότες,

1032 476 1089 503 ἀλλ’
1115 477 1173 504 ὅσοι
1193 477 1243 512 τὴν
1270 476 1337 511 πρὸς
1360 476 1441 502 αὐτὴν
1461 475 1666 510 πεπλουτήκασι
1695 481 1817 508 συμμορ-

1033 523 1105 557 φιαν,
1129 522 1178 548 καὶ
1201 521 1310 556 ἀδελφοὶ
1336 521 1496 556 φρονοῦντες
1519 519 1693 546 πιστεύουσιν
1715 519 1755 550 εἰς
1773 518 1818 544 τὸν

1032 567 1134 603 Κύριον
1150 567 1228 603 ἡμῶν
1251 567 1351 603 Ἰησοῦν
1374 566 1501 602 Χριστόν.
1521 563 1601 593 Οὗτοι
1615 566 1663 592 καὶ
1678 564 1732 591 τῶν
1744 563 1818 599 παρὰ

1031 611 1099 639 Θεοῦ
1129 612 1307 648 χαρισμάτων
1333 611 1439 638 ἔσονται
1459 611 1631 646 κληρονόμοι,
1647 609 1817 645 παρωθέντος

1030 658 1060 691 ἐξ
1074 659 1201 689 ἀπιστίας
1213 658 1259 684 τοῦ
1273 657 1341 685 κατὰ
1353 658 1442 691 σάρκα
1459 657 1574 693 Ἰσραήλ.
1590 656 1767 683 Διεπλάττετο
1777 654 1815 686 δὲ,

1031 704 1076 729 καὶ
1095 703 1165 738 μάλα
1181 702 1283 737 σαφῶς,
1297 702 1434 729 καὶτοῦτο
1452 703 1518 737 ἡμῖν
1531 704 1559 728 ὲν
1575 701 1614 736 τῷ
1635 701 1706 728 κατὰ
1726 700 1818 726 Ἰσαὰκ

1032 748 1182 784 μυστηρίῳ.
1194 747 1275 775 Ἀλλὰ
1290 748 1355 784 φέρε
1368 748 1491 782 λέγωμεν
1503 747 1540 779 ὡς
1551 747 1590 774 ἔνι
1599 747 1631 783 δὴ
1642 747 1731 778 πάλιν,
1749 746 1817 773 αὐτὰ

1031 795 1198 830 παραθέντες
1213 795 1252 826 εἰς
1264 795 1368 829 εἴδησιν
1384 794 1418 821 τὰ
1430 794 1552 825 Μωσέως
1567 793 1729 829 γράμματα.
1741 793 1818 826 Ἔχει

1029 840 1057 867 δὲ
1070 839 1182 872 οὓτως-ι
1196 840 1273 867 Μετὰ
1285 840 1312 866 δὲ
1326 839 1360 867 τὰ
1369 840 1479 875 ῥήματα
1494 839 1607 870 rat-3:41,)
1618 838 1710 874 φησὶν,
1724 847 1734 863 ‹
1752 838 1814 871 ἐγε-

1029 886 1096 921 νήθη
1110 886 1185 920 ῥῆμα
1198 885 1300 921 Κυρίου
1315 885 1382 921 πρὸς
1396 885 1522 921 Ἀϐραὰμ
1531 886 1559 911 ὲν
1572 885 1701 920 ὁράματι,
1715 884 1796 918 λέγον
1809 892 1816 900 ο

193 930 243 957 ego
259 928 396 960 protegam
407 931 431 954 te
447 936 453 953 :
472 936 578 956 merces
589 933 635 956 tua
645 931 729 958 multa
741 932 793 958 erit
804 932 894 959 nimis.
910 933 975 960 Dicil

1030 933 1075 968 Μὴ
1088 931 1171 966 φοϐοῦ
1189 931 1325 967 Ἁϐραάμ,
1341 931 1397 965 ἐγὼ
1410 931 1590 966 ὑπερασπίσω
1602 938 1659 957 σου.
1675 930 1704 956 ’0
1722 928 1818 964 μισθός

193 973 282 996 autem
292 970 426 999 Abraham
438 974 573 1006 :Domiue,
582 975 881 1012 quidmihidabis?Ego
888 982 979 1006 autem

192 1013 316 1043 dimittor
334 1017 392 1044 sine
411 1018 634 1048 liberisAtﬁlius
645 1021 732 1049 Masec
746 1023 899 1050 vernaculas
914 1031 980 1052 meae

192 1059 237 1087 hic
258 1061 405 1090 Damascus
430 1063 545 1091 Eliezer.
561 1066 594 1092 Et
609 1066 648 1092 ait
669 1066 826 1095 Abraham:
846 1067 978 1100 Quoniam

192 1105 258 1132 mihi
269 1114 323 1133 non
341 1107 439 1136 dedisti
454 1110 548 1142 ﬁlium,
562 1116 589 1138 at
606 1112 770 1140 vernaculus
780 1113 978 1141 meushmredi-

193 1150 260 1177 tahit
270 1159 320 1179 me.
332 1153 364 1180 Et
375 1155 466 1180 statim
480 1163 530 1182 vox
541 1156 588 1183 Dei
601 1156 670 1184 facta
678 1161 719 1184 est
732 1157 763 1185 ad
777 1165 851 1191 eum,
867 1158 977 1186 dicens:

191 1195 248 1222 Non
262 1197 432 1226 haereditabit
445 1204 468 1227 te
482 1201 536 1233 hic,
547 1202 593 1229 sed
616 1203 662 1237 qui
673 1203 829 1238 egredietur
838 1204 871 1231 de
888 1209 925 1236 te,
935 1205 979 1232 hic

191 1241 363 1271 lueredilahit
373 1249 408 1272 te.
421 1245 616 1274 Eduxit-autem
628 1256 690 1275 eum
700 1248 782 1281 foras,
792 1253 819 1276 et
828 1249 896 1276 dixit
907 1250 976 1284 ipsi:

190 1287 304 1322 Respice
314 1290 340 1316 in
349 1290 458 1325 ctelum,
469 1296 497 1319 et
507 1301 621 1321 numera
630 1294 731 1328 stellas,
741 1296 762 1322 si
769 1296 871 1330 poteris
881 1304 978 1324 nume-

190 1339 250 1359 rare
263 1333 342 1369 ipsas.
355 1335 478 1364 Etdixit:
494 1338 539 1365 Sic
550 1340 603 1366 erit
619 1347 711 1367 semen
724 1342 978 1370 tuum.Etcredidit

190 1378 325 1407 Abraham
335 1381 400 1415 Deo,
417 1387 444 1410 et
463 1389 618 1419 rcputatum
628 1391 669 1413 est
684 1387 722 1413 illi
737 1387 912 1422 adjustitiam
927 1389 973 1415 ³³.»

189 1425 253 1453 Erat
270 1427 342 1455 enim
354 1429 404 1464 ipsi
420 1430 542 1465 legitimo
553 1433 727 1460 matrimonio
735 1434 880 1469 conjuncta
898 1435 976 1462 beata

188 1470 264 1504 Sara,
271 1481 331 1507 qum
340 1473 534 1510 interpretatur
544 1476 716 1510 dominatrix,
726 1479 976 1518 mulieLforlnosis-

188 1517 264 1544 sima.
275 1518 313 1545 lla
328 1520 401 1546 enim
420 1520 562 1556 Scriptura
577 1526 701 1550 testatur.
716 1517 868 1559 Conjuueta
884 1530 975 1552 autem

187 1564 302 1599 eratipsi
317 1567 437 1594 secundo
451 1568 651 1602 quodammodo
664 1573 745 1604 atque
757 1569 898 1605 illegitimo
907 1579 973 1598 con-

187 1609 261 1644 jugio
275 1612 432 1644 vernacula,
448 1613 500 1640 hoc
514 1618 570 1646 est,
598 1614 679 1649 Agar,
698 1623 758 1650 quae
775 1616 973 1651 interpretatur

189 1656 377 1689 peregrinatio.
398 1657 481 1692 Atqui
499 1658 576 1690 Sara,
589 1666 649 1693 qum
667 1668 806 1695 nunquam
824 1661 971 1696 legitimam

187 1699 293 1733 prolem
311 1707 486 1736 conceperat,
503 1702 614 1738 lugebat
633 1712 708 1732 suam
725 1705 882 1732 orbltalem.
903 1707 974 1741 Agar

187 1749 277 1772 autem
287 1747 550 1781 peperitlsmaelem.
561 1749 655 1777 Rebus
663 1750 745 1785 igitur
754 1752 791 1778 ita
800 1751 955 1779 constitutis
964 1772 971 1784 .

186 1789 294 1818 locutus
306 1796 347 1818 est
360 1792 432 1819 Deus
453 1793 485 1820 ad
510 1794 658 1827 Abraham,
679 1795 773 1823 dicens
792 1805 797 1822 :
813 1807 822 1821 ι
839 1797 895 1832 Ego
907 1805 972 1831 pro-

189 1840 275 1870 tegam
292 1840 334 1863 te:
357 1845 462 1865 merces
478 1842 522 1865 tua
537 1839 621 1866 multa
637 1841 689 1867 erit
703 1841 793 1868 nimis.
815 1851 823 1867 ›
841 1842 889 1869 Hic
909 1851 973 1870 vero

187 1878 252 1912 quid
272 1879 305 1906 ad
325 1880 401 1907 haec?
417 1891 424 1906 ι
442 1881 565 1915 Domine,
576 1884 641 1918 quid
657 1885 723 1912 mihi
736 1885 832 1912 dabis?
849 1886 905 1922 Ego
919 1887 973 1922 69

188 1927 278 1949 autem
306 1924 437 1962 dimittor}
451 1927 510 1955 sine
537 1928 651 1957 liberis:
680 1930 753 1958 ﬁlius
778 1936 868 1958 autem
885 1932 974 1960 Masec

186 1968 338 1996 vernacula
349 1977 416 1997 mea:
425 1971 469 1999 hic
480 1973 627 2002 Damascus
636 1975 751 2002 Eliezer.
759 1986 767 2001 ι
780 1976 972 2004 Animadverte

186 2014 320 2041 sermonis
335 2016 540 2049 perfectionem.
557 2029 565 2044 ι
580 2020 650 2052 Quid
668 2021 734 2047 mihi
748 2021 851 2054 dabis,»
871 2022 971 2057 inquit,

189 2059 336 2087 «Domine?
349 2072 358 2086 ι
370 2061 501 2098 lutelligis
510 2073 564 2099 quo
579 2070 658 2100 pacto
670 2067 744 2094 nulla
759 2067 863 2095 ratione
878 2076 905 2095 se
919 2073 973 2095 ter-

186 2105 259 2133 renis
288 2106 464 2136 facultatibus
494 2110 619 2146 indigere
645 2112 717 2139 dieat
735 2133 741 2144 ,
767 2113 916 2148 quinetiam
949 2115 972 2142 si

185 2152 270 2179 multo
285 2153 362 2188 plura
371 2163 433 2181 eum
446 2156 586 2190 possidere
595 2158 742 2193 contingat,
756 2167 927 2194 nequaquam
943 2168 971 2188 se

184 2198 218 2225 iis
233 2198 432 2228 oblcctaturum
451 2201 548 2236 inquit,
566 2203 617 2231 nisi
632 2204 783 2239 legitimum
799 2205 899 2232 habeat
916 2206 971 2234 ha:-

184 2245 288 2278 redem,
305 2254 338 2274 ex
364 2248 451 2275 libero
467 2250 641 2277 matrimonio
665 2256 758 2278 natum
783 2259 846 2278 vere
873 2252 970 2279 ﬁlium.

183 2290 250 2318 Vide
258 2295 348 2319 autem
359 2301 476 2327 quonam
487 2294 567 2322 modo
578 2299 674 2322 natura
686 2296 718 2323 ad
728 2296 867 2323 sciendum
879 2302 971 2332 aperte

184 2336 210 2363 id
238 2338 310 2372 quod
338 2339 403 2367 utile
424 2345 476 2373 est,
490 2349 539 2368 sua
563 2345 658 2376 sponte
686 2346 714 2369 et
736 2342 838 2377 absque
865 2344 970 2379 legibus

183 2382 292 2416 scriptis
309 2383 420 2411 feratur.
433 2385 500 2413 Cum
515 2386 587 2413 enim
600 2386 684 2414 ﬁlium
693 2387 815 2419 haberet,
828 2388 967 2416 lsmaelem

183 2426 304 2462 inquam,
321 2430 419 2457 orbum
440 2439 468 2458 se
482 2432 589 2459 vocavit
607 2432 716 2459 divinus
729 2433 875 2461 Abraham.
888 2434 969 2461 Novit

183 2473 284 2507 itaque,
300 2479 328 2501 et
341 2475 450 2510 quidem
466 2481 567 2511 aperte,
582 2483 689 2511 natura,
709 2479 781 2514 quod
795 2488 883 2515 neque
896 2481 968 2508 ﬁlius

183 2519 210 2545 iu
228 2520 384 2547 universum
403 2523 500 2549 merito
517 2523 607 2550 vocari
623 2524 717 2558 possit,
735 2525 823 2559 quiex
834 2526 967 2553 adulteri-

185 2565 228 2593 nis
245 2574 276 2593 ae
293 2567 392 2602 spuriis
406 2569 508 2603 nuptiis
519 2574 560 2596 est
572 2574 661 2597 natus.
682 2580 690 2595 ι
703 2571 795 2605 Neque
806 2572 878 2598 enim
893 2572 968 2599 dabit

181 2610 300 2638 radicem
316 2613 342 2639 in
350 2613 544 2647 profunditate,
563 2624 572 2640 ι
592 2616 819 2650 quemadmodum
835 2617 965 2651 scriptum

180 2660 222 2683 est
236 2657 267 2683 ³³.
279 2656 356 2690 Quod
369 2666 433 2685 vero
445 2659 550 2687 etiamsi
572 2661 734 2695 quibusdam
754 2661 825 2689 ﬁlius
841 2670 873 2689 ex
888 2670 965 2689 serva

180 2707 317 2734 nascatur,
333 2702 429 2738 frigida
442 2712 473 2731 ac
484 2713 551 2732 vana
562 2714 605 2732 res
620 2705 664 2738 sit,
681 2714 768 2741 neque
780 2707 873 2733 libera:
890 2706 966 2734 dele-

180 2747 292 2774 ctationi
306 2749 477 2782 ascribenda,
490 2752 609 2778 ostendit
624 2752 718 2779 dicens
733 2762 738 2779 2
757 2763 764 2777 ι
776 2753 859 2780 Filius
874 2758 964 2781 autem

179 2792 268 2821 Masee
282 2796 434 2823 vernacula:
447 2805 524 2831 more,
539 2798 582 2826 hic
598 2799 744 2826 Damascus
759 2799 872 2826 Eliozer.
885 2810 892 2825 ε
910 2800 964 2827 Hoc

1031 987 1077 1005 σου
1094 978 1176 1010 πολὺς
1190 978 1264 1004 ἔσται
1282 978 1393 1013 σφόδρα.
1409 977 1488 1011 Λέγει
1508 977 1536 1003 δὲ
1560 976 1696 1012 Ἀϐραάμ
1713 975 1816 1001 Δέσπο-

1030 1031 1074 1055 τα,
1087 1024 1113 1049 τί
1133 1023 1297 1058 μοιδὼσεις;
1312 1022 1383 1057 Ἐγὼ
1394 1022 1421 1049 δὲ
1434 1021 1586 1057 ἀπολύομαι
1600 1021 1721 1051 ἄτεκνος.
1743 1021 1771 1046 '0
1788 1020 1817 1046 δὲ

1031 1069 1087 1100 υἱὸς
1118 1069 1213 1096 Μεισὲκ
1235 1068 1285 1103 τῆς
1307 1068 1459 1101 οἰκογενοῦς
1486 1076 1548 1102 μου,
1573 1063 1649 1098 οὗτος
1672 1065 1817 1101 Δαμασκδς

1036 1114 1166 1148 Ἐλιέζερ.
1179 1115 1234 1141 Καὶ
1249 1113 1326 1140 εἶπεν
1343 1113 1478 1149 Ἀϐραάμ·
1496 1112 1604 1146 Ἐπειδὴ
1617 1111 1679 1147 ἐμοὶ
1687 1111 1736 1138 οὐκ
1753 1110 1816 1137 ἔδω-

1031 1169 1079 1191 κας
1095 1160 1214 1196 σπέρμα,
1241 1160 1255 1186 ὁ
1275 1160 1303 1186 δὲ
1320 1159 1462 1194 οἰκογενής
1483 1166 1534 1193 μου
1552 1157 1752 1192 κληρονομήσει
1771 1164 1814 1191 με.

1029 1207 1084 1232 Καὶ
1100 1205 1180 1236 εὐθὺς
1198 1205 1274 1241 φωνὴ
1288 1205 1391 1240 Κυρίου
1405 1204 1514 1238 ἐγένετο
1529 1203 1596 1238 πρὸς
1615 1202 1706 1233 αὐτὴν,
1723 1201 1816 1235 λέγου-

1031 1259 1078 1278 σα-
1093 1251 1130 1277 Οὐ
1146 1251 1345 1286 κληρονομήσει
1365 1259 1395 1276 σε
1418 1246 1504 1282 οὗτος,
1524 1249 1581 1275 ἀλλ’
1602 1248 1631 1280 ὃς
1646 1247 1815 1281 ὲξελεύσεται

1029 1297 1061 1323 ὲκ
1078 1296 1140 1328 σοῦ,
1161 1294 1238 1328 οὗτος
1256 1295 1454 1330 κληρονομήσει
1473 1303 1512 1322 σε.
1539 1294 1671 1328 Ἐξήγαγε
1689 1293 1717 1319 δὲ
1734 1292 1816 1319 αὑτὸν

1029 1341 1097 1375 ἔξω,
1114 1341 1160 1368 καὶ
1176 1339 1252 1367 εἶπεν
1272 1340 1360 1376 αὐτῷ·
1387 1340 1548 1373 Ἀνάϐλεψον
1565 1339 1597 1373 δὴ
1616 1339 1655 1370 εἰς
1670 1337 1715 1364 τὴν
1734 1338 1816 1372 οὐρα-

1028 1387 1083 1418 νδν,
1093 1387 1206 1422 καὶάρίθ
1212 1395 1297 1422 μησον
1310 1387 1373 1418 τοὺς
1387 1386 1514 1421 ἀστέρας,
1524 1386 1547 1411 εἰ
1557 1384 1656 1420 δυνήσῃ
1665 1383 1814 1419 ἐξαριθμῆ-

1029 1443 1073 1460 σαι
1086 1433 1194 1465 αὐτούς.
1210 1433 1264 1459 Καὶ
1278 1431 1369 1459 εἶπεν·
1387 1432 1481 1462 Uiro);
1490 1431 1565 1457 ἔσται
1579 1430 1608 1456 τὺ
1629 1430 1738 1464 σπέρμα
1755 1438 1812 1456 σου.

1028 1481 1082 1506 Καὶ
1098 1479 1256 1506 ἐπίστευσεν
1279 1478 1404 1514 Ἀϐραὰμ
1422 1478 1460 1512 τῷ
1479 1477 1549 1512 Θεῷ,
1565 1477 1612 1504 καὶ
1625 1476 1751 1511 ἐλογίσθη
1765 1476 1812 1503 αὖ·

1027 1525 1065 1560 τῷ
1089 1526 1128 1556 εἰς
1153 1524 1335 1559 δικαιοσύνην.
1355 1533 1365 1549 ι
1382 1524 1506 1558 Συνῆτιτο
1529 1524 1577 1558 μὲν
1598 1523 1652 1558 γὰρ
1670 1522 1744 1558 αὑτῷ
1766 1522 1814 1549 καὶ

1028 1570 1164 1601 συνέστιος
1188 1567 1222 1605 ἦν
1247 1570 1263 1605 ἡ
1283 1569 1405 1604 μακαρία
1422 1569 1514 1604 Σάρρα
1532 1568 1560 1604 (ἢ
1581 1568 1812 1604 διερμηνευομένη

1024 1615 1131 1650 λέγεται
1141 1615 1301 1650 ἄρχουσα),
1311 1614 1379 1650 γυνὴ
1393 1614 1441 1650 τὴν
1458 1613 1533 1649 ὥραν
1541 1613 1748 1649 ἐκπρεπεστάτη
1766 1613 1814 1640 καὶ

1024 1661 1084 1688 λίαν
1117 1661 1312 1696 εὐπρόσωπος’
1348 1659 1544 1695 μεμαρτύρηκε
1582 1660 1637 1694 γὰρ
1668 1659 1754 1690 οὕτως
1782 1659 1813 1686 τὸ

1024 1707 1144 1742 Γρὰμμα
1157 1707 1186 1733 τὸ
1199 1707 1280 1741 ἱερόν.
1298 1706 1453 1742 Παρείπετο
1467 1705 1495 1731 δὲ
1511 1705 1647 1740 δευτέροις
1660 1704 1752 1740 ὥσπερ
1766 1704 1812 1731 καὶ

1024 1752 1110 1784 νόθοις
1131 1752 1305 1787 ὑπηρετοῦσα
1321 1752 1420 1786 γάμοις
1441 1751 1457 1786 ὴ
1484 1750 1624 1785 οἰκογενὴς
1636 1771 1643 1784 ,
1661 1750 1811 1782 τουτέστιν,

1025 1799 1043 1834 ὴ
1063 1799 1154 1833 ’Ἅγαρ
1175 1797 1232 1833 (καὶ
1251 1798 1321 1833 αὐτὴ
1334 1798 1361 1824 δὲ
1380 1797 1560 1831 impolitum;
1580 1796 1810 1832 ὲρμηνευομένη).

1029 1844 1098 1871 Ἀλλ’
1115 1844 1131 1879 ἡ
1145 1843 1194 1878 μὲν
1213 1843 1317 1879 Σάρρα,
1334 1843 1436 1869 τέκνων
1450 1842 1525 1870 οὔπω
1544 1843 1662 1878 γνησίων
1674 1842 1755 1869 ὠδῖνα
1769 1841 1812 1868 λα-

1023 1889 1118 1920 6οὖσα,
1133 1886 1294 1923 κατεθρήνει
1311 1887 1360 1923 τὴν
1369 1887 1506 1914 ἀπαιδίαν.
1526 1888 1559 1914 'ﬂ
1576 1887 1604 1913 δὲ
1617 1888 1706 1922 Ἀεεαρ
1721 1886 1811 1913 ἔτικτε

1021 1935 1066 1961 τὸν
1084 1935 1202 1970 Ίσμαήλ.
1212 1934 1342 1969 Ἐχὸντων
1356 1934 1383 1960 δὲ
1395 1931 1443 1960 ὧδε
1454 1933 1508 1959 τῶν
1521 1934 1549 1960 ὲν
1560 1933 1664 1968 ἱστορίᾳ
1685 1932 1812 1968 πραγμά-

1023 1989 1087 2012 των,
1116 1979 1277 2015 προσελάλει
1297 1979 1364 2011 Θεὸς
1381 1979 1419 2014 τῷ
1441 1978 1567 2014 Ἀϐραὰμ
1585 1978 1687 2012 λέγων·
1711 1987 1719 2004 ι
1739 1977 1810 2012 Ἐγὼ

1023 2026 1203 2060 ὑπερασπίσω
1222 2034 1279 2057 σου,
1293 2027 1307 2052 ὁ
1324 2025 1420 2060 μισθός
1432 2034 1477 2051 σου
1494 2025 1575 2056 πολὺς
1586 2024 1663 2050 ἔσται
1680 2024 1806 2059 σφόδρα.»

1029 2070 1056 2096 '0
1068 2070 1106 2101 δὲ,
1120 2071 1146 2096 τί
1165 2071 1233 2105 πρὸς
1255 2070 1341 2098 ταῦτά
1361 2079 1441 2106 φησις
1466 2080 1475 2096 ι
1503 2070 1636 2101 Δέσποτα,
1655 2069 1680 2096 τι
1697 2078 1742 2104 μοι
1756 2068 1808 2096 δώ-

1022 2125 1094 2150 σεις;
1119 2116 1188 2150 Ἐγὼ
1205 2116 1234 2142 δὲ
1255 2116 1409 2152 ἀπολύομαι
1426 2117 1556 2148 ἄτεκνος·
1573 2117 1586 2143 ὁ
1597 2116 1625 2142 δὲ
1639 2115 1695 2148 υἱὸς
1712 2116 1809 2142 Μασὲκ

1021 2163 1070 2197 τῆς
1099 2162 1254 2197 οὶκογενεῢς
1283 2172 1343 2197 μου,
1373 2159 1451 2194 οὗτος
1475 2163 1621 2197 Δαμασκὸς
1643 2162 1774 2196 Ἐλιέζερ.
1796 2171 1805 2188 ι

1028 2209 1168 2244 Ἐπιτήρει
1191 2208 1239 2235 τοῦ
1259 2209 1338 2243 λόγου
1359 2209 1390 2236 τὸ
1409 2209 1534 2243 ἀκριϐές.
1551 2218 1560 2234 ι
1576 2209 1608 2234 Τί
1631 2216 1675 2242 μοι
1688 2208 1742 2242 γὰρ
1758 2206 1808 2234 δὼ-

1024 2263 1089 2286 σεις,
1103 2255 1194 2290 φησὶν,
1213 2252 1235 2282 ὧ
1253 2255 1391 2288 Δέσποτα;
1418 2266 1426 2280 ι
1445 2255 1542 2290 Συνίης
1558 2255 1632 2286 ὅπως
1651 2253 1757 2284 οὐδενὸς
1777 2252 1807 2279 τὸ

1023 2301 1152 2334 παράπαν
1174 2299 1213 2326 ἔτι
1231 2299 1334 2326 δεῖσθαί
1353 2307 1418 2333 φησι
1431 2299 1486 2325 τῶν
1503 2298 1629 2332 ἐπιγείων
1645 2298 1806 2332 κτημάτων,

1020 2344 1076 2371 ἀλλ’
1090 2345 1143 2371 οὐδ’
1153 2343 1186 2370 ἂν
1200 2345 1223 2370 εἰ
1238 2344 1341 2378 γένοιτο
1355 2344 1401 2370 καὶ
1412 2343 1450 2370 ἔτι
1466 2343 1595 2370 πλειόνων
1603 2343 1746 2377 δεσπότης,
1759 2342 1807 2367 θυ-

1021 2390 1117 2425 μηδίαν
1139 2390 1264 2425 ἠγεῖσοαι
1281 2389 1311 2416 τὺ
1331 2389 1425 2425 χρῆμά
1439 2397 1532 2423 φησιν,
1544 2388 1616 2423 εἰμὴ
1629 2388 1738 2423 γνήσιον
1749 2387 1806 2421 ἔχοι

1019 2435 1063 2461 τὸν
1077 2434 1244 2470 κληρονόμον
1262 2434 1291 2467 ἐξ
1311 2433 1461 2469 ἐλευθέρων
1481 2433 1621 2467 ἀναφύντα
1639 2432 1745 2467 γάμων,
1760 2432 1806 2458 τὸν

1018 2480 1125 2515 ἀληθῶς
1144 2481 1210 2506 υἱόν.
1229 2479 1374 2515 ’Λθρειδὲ,
1395 2479 1435 2523 ὅτι
1456 2479 1525 2514 πρὸς
1543 2479 1574 2505 τὸ
1594 2478 1692 2504 εἰδέναι
1713 2477 1805 2511 σαφῶς

1020 2526 1050 2552 τὸ
1064 2526 1210 2558 λυσιτελὲς,
1228 2526 1243 2561 ἡ
1258 2524 1336 2559 φύσις
1354 2524 1501 2560 αὐτόμολος
1514 2525 1561 2551 καὶ
1577 2524 1638 2559 δίχα
1654 2524 1744 2559 νόμων
1757 2532 1804 2557 γε-

1020 2571 1196 2607 γραμμένων,
1214 2571 1309 2598 Καίτοι
1320 2570 1373 2606 γὰρ
1389 2570 1463 2602 ὄντος
1475 2570 1544 2603 υἱοῦ,
1561 2569 1632 2604 φημὶ
1646 2569 1676 2605 δὴ
1693 2568 1739 2595 τοῦ
1754 2569 1804 2595 Ἰσ-

1021 2616 1102 2652 μαὴλ,
1116 2616 1227 2643 ἄτεκνον
1235 2616 1330 2642 ἑαυτὸν
1338 2616 1477 2651 ὠνόμαζεν
1485 2617 1498 2642 ὁ
1508 2615 1649 2646 θεσπέσιος
1666 2614 1800 2649 Ἀὖραάμ.

1019 2661 1093 2689 Οἶδεν
1112 2660 1158 2688 οὖν
1185 2662 1238 2696 ἄρα
1258 2662 1305 2688 καὶ
1332 2662 1403 2697 μάλα
1427 2662 1519 2695 and);
1536 2662 1551 2696 ἡ
1576 2659 1719 2694 φύσις,ὅτι
1736 2660 1802 2695 μηδὲ

1019 2709 1074 2740 υἱὸς
1082 2708 1149 2739 ὅλως
1159 2707 1315 2742 ὀνομάζοιτο
1324 2707 1356 2734 ἂν
1369 2707 1489 2738 εἰκότως,
1499 2708 1513 2732 ο
1524 2707 1554 2732 ὲκ
1566 2705 1699 2740 κιὸδὴλων
1711 2713 1740 2731 τε
1755 2704 1801 2731 καὶ

1017 2754 1102 2781 νόθων
1114 2754 1218 2788 dvas-Lg
1234 2753 1445 2788 νυμφευμάτων.
1470 2762 1478 2776 ι
1500 2752 1536 2778 Οὐ
1550 2752 1604 2785 γὰρ
1624 2751 1704 2777 δώσει
1724 2749 1801 2785 ῥίζαν

1017 2801 1055 2831 εἰς
1071 2799 1161 2835 βάθος,
1182 2809 1190 2825 ι
1210 2799 1281 2825 κατὰ.
1302 2799 1331 2825 τὸ
1345 2797 1548 2833 γεγραμμένον.
1573 2798 1632 2824 "Ott
1653 2797 1691 2828 δὲ,
1710 2795 1760 2822 κᾶν
1775 2795 1801 2822 ιι

215 2882 236 2898 ⁸¹
252 2885 328 2912 Rom.
350 2894 385 2920 tv,
403 2885 446 2918 9.3,
462 2886 505 2913 οι.
545 2887 566 2902 ⁵³
579 2887 644 2914 Gen.
665 2896 707 2919 λγ,
737 2888 788 2915 1-6.
827 2888 847 2902 "‘
862 2889 924 2923 δίῳ.
940 2897 974 2919 l\',
989 2888 1015 2914 ὅ.
