1990 3046
187 129 241 157 li'l

698 132 958 161 GLAPHYRORUM
977 133 1010 161 lN
1031 133 1180 162 GENESIM
1200 134 1262 162 LIB.
1284 135 1333 162 ιιι..

1766 141 1825 171 Ηῢ

186 187 293 221 γένοιτό
316 195 380 214 ποτε
395 187 488 214 τέκνον
505 187 536 214 ἐκ
552 187 719 224 θεραπαίνης
737 190 791 215 τισὶ
802 209 810 222 ,
826 189 928 225 ψυχρόν
950 198 974 216 τε

1030 195 1082 224 est,
1100 190 1144 218 ﬁet
1158 191 1224 218 mihi
1241 190 1372 225 deinceps
1385 194 1465 218 natus
1483 198 1517 218 ex
1529 199 1606 219 serva
1624 194 1762 230 sanguinis
1774 203 1818 224 so-

189 232 236 258 ιιαὶ
259 231 342 258 ἕωλον
363 232 393 258 τὸ
412 233 506 267 χρῆμά
523 242 573 259 που
587 233 693 266 πάντως
705 254 711 265 ,
728 235 774 261 καὶ
792 235 842 261 οὐκ
856 235 889 261 ἂν
905 235 979 261 ἐλευ-

188 276 279 312 θέροις
295 277 499 312 καταγράφοιτο
513 278 656 314 θυμηδίας,
670 280 864 314 προσαπέδειξε
876 280 977 314 λέγων·

193 332 200 347 ι
221 322 249 348 '0
262 322 356 354 δὲυεὸς
376 323 473 350 Μασὲκ
493 324 543 358 τῆς
565 324 720 359 οίκογενοῦς
741 334 802 361 μου,
823 323 899 358 οὗτος
925 327 977 353 Δα-

189 367 293 402 μασκδς
312 368 441 404 Ἐλιέζερ.
460 378 470 394 ι
497 369 636 402 Τουτέστι,
654 371 804 406 Γενήσεταί
820 381 863 407 μοι
883 372 977 399 λοιπὸν

188 413 201 438 6
221 413 255 440 ἐκ
270 414 320 448 τῆς
341 414 507 448 οίκογενοῦς,
530 414 645 450 αἳματος
668 416 782 452 φίλημα.
808 417 894 444 Τοῦτο
923 417 977 452 γάρ

187 459 247 485 ἐστι
258 459 300 493 τὸ,
319 461 746 498 Δαμασκός.Καταλο”γισθήσεται
758 463 784 490 δὲ
798 465 843 490 καὶ
857 465 896 496 εἰς
904 464 977 491 ἀντί-

187 504 268 539 ληψιν
280 505 325 531 καὶ
336 506 496 541 ἐπικουρίαν
512 507 560 542 τὴν
576 508 650 543 παρὰ
661 508 738 535 Θεοῦ.
754 509 838 536 Τοῦτο
854 510 908 545 γὰρ
922 510 975 536 πά-

187 551 228 577 λιν
244 551 275 578 τὸ
290 550 408 587 Ελιέζερ.
424 553 536 588 Ὅμοιον
548 551 594 580 οὗν
604 553 642 585 ὡς
652 555 676 580 εί
691 554 764 588 λέγει
781 555 884 589 σαφῶς·
905 556 975 582 Ἀνθ⁹

189 596 304 631 αἵματος
314 597 360 624 τοῦ
375 598 486 633 γνησίου
504 599 550 625 καὶ
561 599 670 635 ἀγάπης
684 600 753 635 τῆς*
769 601 844 631 αὐτὸ.
859 602 976 637 αἵματος

189 641 294 676 φίλημα
317 642 363 669 καὶ
390 642 532 678 ἀντίληψις
558 644 574 678 ἡ
597 644 674 678 παρὰ
699 644 766 671 Θεοῦ
795 646 920 682 καθάπερ
947 647 975 679 ἐξ

189 688 309 723 ἀνάγκης
331 689 345 714 ὁ
365 689 505 723 οἰκογενής
525 697 575 723 μου
595 690 755 723 γενήσεται·
775 690 851 717 ἔσται
874 691 902 718 δέ
924 701 974 727 μου

189 733 235 759 καὶ
249 733 425 769 κληρονόμος.
443 743 452 759 ε
471 734 503 760 Τί
519 733 564 760 οὖν
584 743 628 769 μοι
641 734 753 768 Music;
776 745 783 761 ι
806 737 837 762 Ei
856 737 893 772 μὴ
908 739 973 773 γνή-

188 786 245 805 σιον
257 778 347 813 ἔχοιμι
357 779 402 805 τὸν
414 779 610 814 διαδεξόμενον,
626 781 678 806 ὑπὸ
688 781 782 816 μῶμον
798 782 873 809 ἔσται
887 783 974 820 πάντῃ

187 832 216 850 τε
235 824 282 851 καὶ
298 824 406 856 πάντως
428 825 442 850 ὁ
457 825 502 857 σὸς
522 825 658 861 Ἀδραὰμ,
675 823 697 853 ὧ
713 827 850 854 Δέσποτα.
864 828 973 855 Τέχνων

187 871 242 906 γὰρ
258 870 361 906 ἕρημος
373 872 575 908 ἀπαλλάττεται
588 872 642 898 τῶν
655 873 789 908 ἀληθινῶν
800 875 846 900 καὶ
859 875 887 907 ἐξ
902 874 977 901 ὲλευ-

187 916 279 951 θέρας.
304 917 372 943 Ἀλλ’
396 917 426 943 οὐ
447 917 541 952 μακρὰ
554 917 697 945 λυπεῖσθαι
717 919 762 945 τὸν
784 918 888 946 δίκαιον
903 920 978 955 ἠφίει

187 963 264 994 Θεός.
281 963 395 998 Σπέρμα
416 963 471 998 γὰρ
491 963 571 995 εὐθὺς
587 965 740 999 ὲπήγγελτο
753 965 781 991 τδ
795 966 824 992 ἐν
848 966 950 997 Ἰσαὰκ,
965 967 977 993 ὃ

187 1008 234 1036 va‘:
250 1008 392 1044 ἰσάριθμον
405 1008 515 1035 ἔσεσθαί
531 1018 596 1044 φησι
611 1010 644 1045 τῇ
662 1009 715 1035 τῶν
727 1010 849 1045 ἀστέρων
861 1011 978 1046 ἀμετρή-

187 1063 241 1081 των
256 1054 365 1090 πληθύῖ.
379 1055 565 1081 Διεϐεὸαιοῦτο
579 1054 619 1086 δὲ,
631 1055 671 1081 ὃτι
686 1055 790 1090 μυρίων
805 1056 875 1082 ὅσων
893 1056 977 1083 ἐθνῶν

187 1100 352 1136 κληθήσεται
369 1100 475 1137 πατὴρ,
491 1101 579 1128 καίτοι
601 1102 657 1133 τοῖς
678 1102 718 1133 εἰς
734 1101 860 1128 ἀπαιδίαν
879 1103 977 1137 ἐπτοη-

189 1145 268 1179 μένος
282 1146 401 1181 δεῐμασι.
418 1155 427 1171 ι
446 1146 616 1173 Πεπὶστευχε
630 1147 668 1179 δὲ,
686 1149 780 1182 φησιν,
799 1147 923 1183 Ἀϐραὰμ
938 1148 976 1183 τῷ

187 1191 257 1226 θεῷ,
276 1192 322 1218 καὶ
340 1192 465 1227 ἐλογίσθη
485 1192 560 1228 αὐτῷ
586 1193 625 1224 είς
654 1193 836 1229 δικαιοσύνην.
859 1203 867 1219 ι
891 1195 976 1229 Γέρας

186 1234 234 1263 οὖν
256 1237 312 1272 ἔχει
333 1237 382 1273 τὴν
404 1238 591 1272 δικαιοσύνην,
617 1240 631 1266 ὁ
655 1239 744 1265 πίστει
761 1240 847 1274 τιμῶν
860 1240 906 1267 τὸν
922 1240 976 1267 τῶν

188 1283 258 1310 ὅλων
271 1284 419 1320 Δεσπότην.
447 1283 651 1320 Μεμαρτύρηκε
677 1284 731 1320 γὰρ
752 1285 794 1312 διὰ
815 1285 928 1319 τούτου,
945 1286 976 1313 τὸ

188 1328 277 1355 πάντα
290 1328 419 1355 δύνασθαι
429 1329 577 1364 κατορθοῦν
589 1329 673 1365 αὐτῷ·
690 1330 703 1356 ὁ
714 1330 741 1356 δὲ
756 1329 869 1363 ἄπιστός
883 1340 913 1357 τε
929 1332 975 1358 καὶ

188 1374 338 1410 ἁμελητὴς,
355 1374 462 1407 ἀλαζὼν
479 1375 554 1401 ἔσται
576 1375 624 1402 καὶ
644 1375 784 1411 ὑϐριστής.
802 1377 929 1403 Πεσεῖται
943 1377 974 1412 δὴ

188 1418 233 1447 οὖν
246 1419 374 1457 ταύτῃτοι
389 1420 481 1447 λοιπὸν
497 1421 544 1447 καὶ
558 1421 611 1447 ὑπὸ
625 1421 702 1456 δίκην
716 1422 762 1449 καὶ
775 1422 878 1456 λόγους.
900 1431 909 1448 ‹
924 1423 974 1449 Πε-

188 1466 333 1493 πίστευκεν
353 1465 398 1494 οὖν
420 1465 547 1503 Ἀὗραὰμ
570 1467 609 1502 τῷ
626 1467 700 1502 Θεῷ,
727 1467 774 1494 καὶ
801 1468 974 1495 δεδικαίωται

188 1513 253 1548 παρ’
266 1512 351 1548 αὐτῷ.
373 1522 382 1539 ι
403 1513 587 1549 Προσαπαιτεῖ
602 1513 630 1540 δὲ
644 1515 756 1549 σημεῖον
773 1514 812 1545 είς
830 1514 974 1549 βεὸαίωσιν

188 1559 234 1585 καὶ
248 1558 374 1593 ἀλήθειαν
381 1558 485 1592 simil);
494 1558 611 1590 ἔσονται,
625 1559 899 1594 προεπηγγελμένων.
911 1558 976 1586 Εἶτα

145 1617 150 1620 -
187 1604 253 1635 Θεὸς
270 1604 448 1639 οἰκονομικῶς
465 1604 615 1639 σκήπτεται
631 1603 661 1631 τὸ
676 1605 811 1639 ἐνώμοτον
825 1605 976 1632 καταδονετ-

189 1650 249 1677 σθαί
273 1658 331 1681 πως
355 1650 424 1686 πρὸς
441 1650 568 1685 διψυχίαν
589 1650 638 1676 οὐκ
662 1651 751 1685 ἀφιεὶς
770 1651 815 1677 τὸν
831 1659 976 1677 πεπιστευ-

188 1695 263 1722 κότα.
286 1695 442 1730 Γέγραπται
458 1695 512 1730 γὰρ
523 1694 619 1727 οὕτως·
637 1705 645 1720 ι
663 1693 731 1722 Εἶπε
746 1696 774 1722 δὲ
794 1696 861 1732 πρὸς
875 1697 956 1723 αὐτόν
967 1705 974 1712 ο

194 1742 265 1776 Ἐγὼ
277 1743 291 1769 ό
303 1742 368 1773 Θεὸς
383 1743 397 1769 ὁ
409 1741 551 1776 ἐξαγαγών
566 1751 594 1769 σε
609 1743 641 1769 ἐκ
657 1742 748 1778 χώρας
761 1742 911 1776 Χαλδαίων,
922 1743 976 1770 ῶσ-

187 1797 216 1814 τε
227 1787 319 1814 δοῦναί
335 1796 375 1814 σοι
394 1787 443 1822 τὴν
464 1788 516 1822 γῆν
536 1787 637 1823 ταύτην
657 1787 859 1823 κληρονομῆσαι
878 1789 973 1824 αὐτήν.

187 1831 255 1860 Eine
266 1833 304 1860 δέ·
320 1834 441 1860 Δέσποτα
457 1833 553 1869 Κύριε,
571 1833 643 1860 κατὰ
651 1833 677 1860 τί
692 1833 832 1869 γνώσομαι
850 1835 889 1861 ὅτι
909 1835 975 1870 κλη-

189 1880 332 1915 ρονομήσω
347 1880 448 1914 αὖτήνς
468 1877 535 1906 Eine
560 1880 588 1906 δὲ
610 1879 694 1914 αὐτῷ’
708 1879 784 1906 Λάϐε
798 1888 841 1915 μοι
859 1879 974 1915 δάμαλιν

187 1924 382 1960 τριετίζουσαν,
395 1926 442 1951 καὶ
449 1925 525 1961 κριὸν
541 1925 719 1961 τριετίζοντα,
734 1925 779 1952 καὶ
792 1926 919 1960 τρυγόνα,
929 1927 975 1952 καὶ

187 1971 362 2006 περιστεράν.
392 1970 492 1997 Ἐλαὸε
512 1971 541 1997 δὲ
570 1970 659 2006 ἐαυτῷ
684 1971 769 1998 ταῦτα
802 1972 905 2003 πάντα,
929 1972 975 1998 καὶ

185 2016 282 2043 διεῖλεν
299 2016 368 2044 αὐτὰ
378 2017 457 2052 μέσα,
468 2017 514 2043 καὶ
523 2016 620 2052 ἔθηκεν
631 2017 826 2053 ἀντιπρόσωπα
837 2017 972 2052 αλλήλοις.

185 2062 226 2088 Τὰ
233 2061 346 2098 δεδρνεα
355 2062 481 2089 οὑδιεῐλε.
497 2061 607 2097 Κατέὗη
616 2062 644 2088 δὲ
658 2062 738 2098 ὄρνεα
751 2063 796 2088 ἐπὶ
805 2063 838 2089 τὰ
848 2063 973 2098 σώματα,

185 2108 232 2134 ἐπὶ
242 2107 275 2135 τὰ
284 2107 412 2143 διχοτομή
418 2116 490 2143 ματα
506 2108 611 2135 αὑτῶΨ
629 2108 675 2135 καὶ
692 2108 868 2135 συνεκάθισεν
882 2108 974 2140 αὐτοῖς

191 2153 327 2189 Ἀϐραάμ.
338 2154 405 2190 Περὶ⁸
416 2155 444 2182 δὲ
456 2155 531 2190 ἡλίου
548 2154 664 2190 δυσμὰς,
676 2153 803 2186 ἔκστασις
818 2155 914 2181 ἔπεσεν
929 2155 974 2181 ἐπὶ

185 2199 231 2226 τὸν
256 2200 392 2236 Ἀϐραὰμ,
406 2200 452 2227 καὶ
470 2201 524 2227 ἰδοὺ
542 2201 623 2235 φόβος
633 2200 768 2232 σκοτεινὸς
784 2201 972 2236 μέγαςὲπιπί-
988 2220 1011 2249 D

185 2253 249 2272 πτει
271 2245 354 2281 αὐτῷ.
379 2246 434 2272 Καὶ
453 2245 552 2282 ἐρρέθη
571 2246 639 2280 πρὸς
661 2245 798 2282 Ἁϐραάμ·
826 2246 972 2273 Γινώσκων

184 2291 338 2326 γνώσῃ,ὃτι
355 2291 485 2327 πάροικον
496 2292 572 2318 ἔσται
590 2292 620 2318 τὸ
635 2292 745 2328 σπέρμα
765 2300 811 2318 σου
826 2293 855 2319 ἐν
869 2294 905 2328 γῇ
921 2293 971 2319 οὐκ

186 2337 249 2372 ἰδίᾳ,
260 2337 306 2363 καὶ
315 2337 492 2364 δουλώσουσιν
504 2337 611 2370 αὐτοὺς,
624 2339 671 2365 καὶ
686 2338 856 2366 κακώσουσιν
870 2339 970 2371 αὐτοὺς

183 2383 231 2418 ἔτη
246 2383 418 2418 τετρακόσια.
438 2384 474 2410 Τὸ
490 2384 518 2410 δὲ
532 2384 608 2416 ἔθνος
622 2381 644 2419 ᾧ
661 2385 709 2411 ἐὰν
724 2385 896 2417 δουλεύσωσι,
911 2394 971 2420 κρι-

183 2429 221 2454 vi)
234 2428 298 2462 ἐγώ.
313 2429 390 2456 Μετὰ
406 2429 434 2455 δὲ
453 2429 539 2456 ταῦτα
554 2429 740 2462 ἐξελεύσονται
756 2428 806 2458 ὦδε
824 2432 892 2466 μετὰ
903 2432 970 2458 ἀπο-

184 2474 284 2509 σκευῆς
300 2474 410 2510 πολλῆς.
425 2476 460 2502 Σὺ
476 2476 504 2502 δὲ
521 2476 660 2512 ἀπελεὺσῃ
682 2477 749 2512 πρὸς
765 2477 830 2509 τοὺς
850 2477 971 2513 πατέρας

184 2529 231 2547 σου
251 2521 309 2555 μετ’
326 2522 448 2557 εἰρήνης,
465 2522 580 2557 τραφεὶς
597 2523 625 2549 ἐν
645 2524 724 2558 γήρει
747 2523 832 2559 καλῷ.
847 2524 970 2559 Τετάρτῃ

182 2565 211 2591 δὲ
231 2566 322 2600 γενεᾷ,
343 2566 600 2602 ἀποστραφήσονται
619 2566 679 2594 ὦδε.
703 2566 785 2593 Οὔπω
804 2568 857 2603 γὰρ
874 2568 972 2594 ἀναπε-

184 2611 340 2647 πλήρωνται
368 2612 397 2639 αἱ
420 2613 554 2648 ἁμαρτίαι
576 2613 629 2640 τῶν
653 2614 824 2649 Ἀμορραίων
851 2614 902 2645 ἕως
922 2614 968 2640 τοῦ

183 2656 241 2683 νῦν.
261 2657 371 2693 Ἐπειδὴ
392 2658 420 2684 δὲ
440 2658 549 2693 ἐγένετο
564 2660 578 2686 ὁ
594 2659 670 2694 ἣλιος
688 2659 755 2695 πρὸς
771 2659 885 2694 δυσμὰς,
903 2659 968 2694 φλὸξ

183 2701 301 2735 ἐγένετο.
317 2703 373 2736 Καὶ
391 2703 445 2730 ἰδοὺ
460 2703 586 2736 κλίϐανος
602 2705 809 2740 καπνιζόμενος,
831 2705 877 2731 καὶ
897 2705 968 2740 λαμ-

183 2747 267 2779 πάδες
283 2748 380 2784 πυρὸς,
396 2748 425 2774 αἳ
454 2748 560 2784 διῆλθον
583 2749 634 2777 ἀνὰ
655 2750 738 2785 μέσον
758 2750 811 2777 τῶν
827 2750 968 2786 διχοτομη-

219 2836 244 2853 “
255 2835 324 2864 Gen.
343 2845 386 2869 xv,
404 2839 479 2866 7—l8.

995 861 1013 888 Β

988 1536 1009 1563 C

1031 235 1136 263 latium.
1148 236 1206 263 Hoc
1219 236 1292 264 enim
1301 239 1342 263 est
1360 236 1516 263 Damascus.
1532 237 1712 272 Reputabitur
1726 245 1822 269 autem

1030 282 1057 308 in
1072 282 1321 309 remunerationem
1349 286 1377 310 et
1396 283 1527 310 auxilium
1552 291 1567 310 a
1586 283 1650 310 Deo.
1669 283 1724 312 Hoc
1744 286 1822 313 enim

1029 336 1139 355 rursum
1155 333 1197 355 est
1215 329 1330 356 Eliezer.
1353 329 1470 356 Perinde
1487 329 1569 364 igitur
1590 335 1643 362 est,
1657 338 1688 357 ac
1709 331 1731 357 si
1746 331 1821 359 dicat

1028 377 1121 408 aperte
1136 383 1142 400 :
1156 374 1208 401 Pro
1223 374 1353 410 sanguine
1363 374 1484 409 legitimo
1497 379 1525 402 et
1551 382 1654 406 amore,
1671 374 1717 409 qui
1731 376 1755 402 ei
1773 376 1820 404 dc-

1028 419 1118 452 betur,
1150 420 1276 447 solatium
1300 420 1440 455 sanguinis
1464 424 1491 447 et
1514 420 1699 447 remuneratio
1723 428 1737 447 a
1762 421 1821 448 Deo

1027 464 1181 491 necessario
1192 465 1258 492 mihi
1268 464 1313 492 ﬁet
1325 465 1498 496 vernaculus,
1512 471 1643 499 meusque
1656 464 1744 492 haeres
1754 464 1818 492 erit.

1031 519 1039 536 ι
1055 509 1124 543 Quid
1142 510 1224 545 igitur
1239 510 1317 537 dabis
1338 510 1422 537 mihi?
1435 520 1444 535 ι
1465 509 1523 537 Nisi
1534 509 1688 544 legitimum
1702 509 1818 538 habeam

1027 562 1221 586 successorem,
1231 554 1522 589 despicabilisomnino
1533 555 1585 581 erit
1596 558 1658 582 tuus
1670 554 1820 588 Abraham,

1026 600 1150 627 Domine.
1159 599 1248 627 Orbus
1256 600 1329 627 enim
1340 600 1468 635 legitimis
1484 608 1516 627 ex
1529 600 1615 628 libera
1625 600 1688 628 ﬁliis
1699 600 1816 628 decedit.

1026 644 1160 671 Cmterum
1182 644 1253 672 Deus
1272 652 1327 672 non
1351 645 1396 672 diu
1420 645 1522 680 justum
1547 653 1662 673 mmrere
1682 646 1816 680 permisit.

1027 689 1121 717 Statim
1139 690 1212 717 enim
1235 698 1327 717 semen
1338 691 1463 726 promisit
1476 691 1502 718 in
1518 690 1602 724 Isaae,
1617 691 1690 726 quod
1707 694 1734 718 et
1752 692 1818 719 stel-

1026 736 1112 762 larum
1129 735 1322 762 innumerabili
1334 736 1501 763 [multitudini
1519 745 1567 771 par
1580 737 1637 764 fore
1652 736 1698 763 ait.
1712 736 1821 764 Conﬁro

1025 787 1080 808 mat
1093 786 1184 808 autem
1203 781 1276 816 quod
1288 781 1492 809 innumerarum
1510 782 1630 817 gentium
1646 788 1724 817 pater
1745 787 1819 810 esset

1026 826 1174 858 vocandus,
1203 826 1309 853 etiamsi
1338 827 1465 854 orbitatis
1481 831 1554 854 metu
1572 828 1716 862 perculsus
1733 832 1816 856 esset.

1033 882 1041 898 ι
1054 872 1176 900 Credidit
1190 878 1292 904 autem,
1315 872 1413 907 inquit,
1427 872 1564 903 Abraham
1584 874 1648 906 Deo,
1666 878 1692 901 et
1707 880 1816 909 reputa-

1029 924 1087 945 tum
1098 923 1141 947 est
1152 919 1177 945 ei
1189 918 1222 945 ad
1244 911 1404 953 justitiam}
1414 919 1558 946 Prtemium
1572 919 1661 953 itaque
1671 919 1759 947 aufert
1771 920 1818 955 ju-

1029 965 1143 997 stitiam,
1158 964 1210 991 ﬁde
1225 965 1414 991 universorum
1428 964 1571 991 Dominum
1582 964 1817 992 eolens.Testatus

1027 1010 1101 1037 enim
1127 1015 1168 1038 est
1194 1017 1242 1045 per
1269 1011 1320 1037 hoc
1346 1010 1446 1044 ipsum,
1470 1010 1560 1037 omnia
1584 1015 1712 1045 praestare
1736 1015 1817 1045 atque

1027 1056 1133 1084 cﬁicere
1145 1064 1233 1091 posse.
1255 1055 1413 1083 lnercdulus
1423 1064 1488 1084 vero
1502 1060 1529 1083 et
1547 1060 1719 1091 contemptor
1742 1064 1818 1083 arro-

1027 1109 1093 1137 gans
1106 1101 1189 1128 fuerit
1202 1109 1232 1128 ac
1243 1101 1473 1134 contumeliosus;
1491 1101 1588 1128 merito
1601 1102 1691 1136 itaque
1708 1109 1817 1136 pmnam

1027 1156 1059 1175 ac
1075 1147 1239 1183 supplicium
1259 1148 1390 1175 incurret.
1414 1157 1422 1172 ι
1444 1147 1566 1175 Credidit
1584 1148 1667 1183 igitur
1680 1147 1817 1175 Abraham

1027 1194 1092 1226 Deo,
1105 1199 1132 1221 et
1143 1193 1305 1229 justiﬁcatus
1317 1198 1359 1221 est
1370 1193 1403 1220 ab
1412 1201 1453 1221 eo.
1466 1204 1474 1219 ι
1485 1193 1593 1228 Repetit
1606 1197 1696 1220 autem
1709 1193 1817 1229 signum

1027 1240 1054 1267 in
1068 1239 1303 1267 conlirmationem
1324 1247 1355 1266 ac
1373 1239 1515 1267 veritatem
1537 1239 1590 1274 7o
1607 1239 1816 1274 promissorum.

1026 1287 1098 1314 Deus
1110 1295 1174 1322 ergo
1195 1286 1326 1322 singulari
1351 1286 1465 1313 consilio
1485 1286 1669 1321 juramentum
1694 1285 1816 1316 adhibet,

1027 1341 1061 1360 ne
1081 1333 1114 1365 is,
1125 1333 1233 1367 quijam
1245 1332 1409 1364 crediderat,
1424 1331 1515 1358 animo
1526 1331 1675 1358 vacillaret.
1692 1331 1730 1358 lta
1743 1331 1817 1358 enim

1026 1377 1158 1411 scriptum
1172 1380 1213 1403 est
1227 1386 1233 1403 ι
1252 1386 1261 1400 ί
1277 1376 1349 1403 Dixit
1368 1380 1458 1403 autem
1472 1376 1505 1403 ad
1522 1383 1584 1403 eum
1599 1385 1604 1403 :
1619 1376 1673 1411 Ege
1685 1376 1757 1402 Deus
1770 1375 1817 1410 qui

1025 1422 1107 1451 eduxi
1127 1427 1152 1450 te
1168 1422 1201 1450 de
1217 1421 1254 1450 Ur
1272 1422 1380 1458 regione
1393 1421 1592 1454 Chaldaeorum,
1607 1426 1636 1449 ut
1649 1422 1742 1449 darem
1767 1421 1818 1449 tibi

1026 1474 1127 1497 terram
1149 1469 1220 1496 hanc
1252 1468 1424 1496 haereditare.
1446 1467 1490 1495 Ait
1522 1472 1612 1495 autem
1630 1477 1637 1495 :
1658 1468 1817 1495 Dominator

1026 1515 1140 1542 Domine
1157 1515 1238 1546 Deus,
1259 1514 1409 1542 secundum
1423 1514 1488 1548 quid
1509 1514 1593 1541 sciam
1611 1513 1684 1548 quod
1697 1513 1816 1541 haeredi-

1027 1559 1090 1587 tabo
1103 1560 1182 1588 eam?
1194 1560 1265 1586 Dixit
1277 1564 1367 1586 autem
1376 1559 1399 1587 ei
1410 1569 1414 1585 :
1424 1559 1521 1594 Accipe
1530 1559 1597 1586 mihi
1609 1559 1722 1586 vitulum
1733 1558 1817 1587 trien-

1027 1613 1100 1638 nem,
1118 1611 1146 1633 et
1166 1613 1277 1641 caprum
1297 1605 1441 1637 triennem,
1460 1610 1487 1632 et
1507 1605 1620 1632 arietem
1643 1603 1764 1637 trimum,
1788 1607 1816 1631 et

1027 1654 1161 1678 turturem
1177 1655 1204 1678 et
1216 1650 1379 1678 columbam.
1395 1649 1428 1676 Et
1441 1650 1546 1684 accepit
1560 1649 1613 1676 sibi
1634 1647 1724 1676 omnia
1738 1649 1814 1677 haec:

1026 1701 1052 1724 ct
1062 1696 1157 1731 divisit
1169 1705 1200 1724 ea
1209 1696 1307 1728 media,
1317 1700 1344 1723 et
1353 1695 1444 1730 posuit
1455 1703 1485 1722 ea
1498 1695 1635 1722 contraria
1645 1694 1678 1722 ad
1688 1694 1814 1723 invicem.

1025 1742 1059 1770 At
1074 1751 1137 1770 aves
1157 1751 1210 1770 non
1228 1742 1330 1770 divisit.
1353 1741 1559 1769 Descenderunt
1575 1745 1665 1768 autem
1691 1740 1816 1768 volucres

1026 1797 1107 1825 supra
1123 1797 1237 1824 corpora
1260 1793 1288 1815 et
1303 1787 1452 1815 divisiones
1464 1795 1570 1819 eorum,
1585 1787 1692 1814 etsedit
1705 1794 1766 1813 cum
1776 1786 1815 1814 eis

1025 1836 1172 1863 Abraham.
1187 1834 1265 1862 Circa
1284 1838 1375 1861 autem
1391 1833 1457 1861 solis
1470 1841 1594 1860 occasum
1616 1832 1731 1860 exstasis
1743 1832 1816 1860 ceci-

1025 1881 1066 1908 dit
1079 1888 1160 1915 supra
1181 1879 1328 1912 Abraham,
1348 1883 1375 1905 et
1388 1886 1451 1906 ecce
1468 1878 1555 1913 caligo
1576 1877 1720 1905 tenebrosa
1736 1877 1815 1905 irruit

1025 1926 1052 1952 in
1069 1933 1147 1958 eum;
1171 1929 1198 1952 et
1222 1925 1324 1952 dictum
1345 1928 1387 1952 est
1411 1923 1444 1951 ad
1472 1924 1608 1950 Abraham
1624 1933 1629 1950 2
1643 1923 1815 1958 Cognoscens

1024 1971 1103 2003 scies,
1119 1970 1191 2006 quod
1214 1970 1388 2005 peregrinum
1409 1969 1462 1996 erit
1484 1977 1576 1996 semen
1595 1973 1671 1995 tuum
1690 1969 1717 1996 in
1742 1973 1814 1997 terra

1024 2026 1078 2045 non
1092 2025 1151 2048 sua,
1167 2021 1194 2044 et
1213 2016 1360 2052 suhjicient
1373 2015 1499 2043 servituti
1520 2023 1577 2046 eos,
1591 2019 1619 2042 et
1633 2014 1762 2050 aﬂligent,
1786 2020 1815 2042 et

1024 2063 1206 2091 humiliabunt
1220 2062 1298 2089 annis
1306 2061 1512 2097 quadringentis
1524 2069 1530 2087 :
1540 2065 1566 2088 et
1574 2064 1692 2095 gentem,
1703 2061 1746 2088 cui
1755 2068 1814 2088 ser-

1024 2109 1109 2142 vient,
1132 2116 1182 2144 ego
1205 2107 1343 2144 iudicabo.
1364 2107 1427 2134 Post
1453 2106 1509 2134 haec
1523 2110 1614 2133 autem
1639 2105 1814 2141 egredientur

1025 2156 1078 2183 huc
1093 2162 1155 2182 cum
1167 2153 1330 2189 supellectili
1342 2153 1436 2180 multa.
1451 2152 1491 2179 Tu
1507 2156 1597 2179 autem
1612 2151 1663 2179 ibis
1676 2151 1708 2178 ad
1722 2156 1814 2186 patres

1026 2206 1086 2229 tuos
1098 2208 1160 2228 cum
1177 2208 1254 2235 pace,
1271 2199 1394 2234 sepultus
1413 2199 1440 2226 in
1457 2202 1597 2226 senectute
1615 2198 1696 2225 bona.
1711 2197 1813 2232 Quarta

1024 2252 1114 2275 autem
1130 2245 1305 2281 generatione
1322 2248 1494 2272 revertentur
1514 2244 1577 2271 huc.
1592 2244 1718 2271 Nondum
1739 2243 1811 2271 enim

1023 2292 1164 2327 completa:
1172 2295 1236 2319 sunt
1244 2290 1628 2326 iniquitatesAmorrhreorum
1638 2297 1722 2324 usque.
1729 2297 1812 2316 nunc.

1023 2339 1168 2372 Postquam
1190 2341 1282 2364 autem
1303 2337 1358 2372 jam
1371 2336 1421 2363 ruit
1434 2336 1473 2363 sol
1496 2335 1528 2362 ad
1548 2342 1686 2367 occasum,
1705 2335 1813 2362 ﬂamma

1022 2381 1091 2408 facta
1112 2385 1162 2408 est.
1176 2381 1209 2408 Et
1223 2388 1286 2407 ecce
1301 2379 1425 2408 clibanus
1435 2379 1551 2412 fumans,
1563 2384 1591 2407 et
1603 2379 1813 2406 reneruntlam—

1021 2427 1105 2462 pades
1119 2427 1198 2462 ignis,
1209 2425 1441 2461 quaetransierunt
1452 2433 1501 2460 per
1517 2425 1637 2452 medium
1647 2425 1810 2452 divisionum

1022 2471 1136 2498 istarum
1152 2471 1183 2498 ”.
1199 2481 1208 2496 ι
1224 2470 1358 2497 Creterum
1372 2477 1495 2504 quamam
1513 2470 1548 2497 sit
1559 2477 1653 2497 eorum
1668 2478 1727 2505 qua:
1740 2469 1809 2497 facta

1021 2522 1085 2545 sunt
1106 2517 1184 2549 ratio,
1207 2517 1322 2544 studiosi
1347 2516 1571 2548 considerabunt,
1593 2520 1621 2544 et
1632 2516 1809 2551 jurisjurandi

1021 2563 1132 2591 modum
1142 2567 1269 2590 accurate
1281 2562 1429 2597 inquirent,
1440 2562 1505 2597 quid
1516 2562 1567 2589 sibi
1578 2562 1663 2589 frusta
1674 2562 1730 2589 sive
1739 2561 1808 2588 diri-

1021 2609 1112 2637 siones
1130 2609 1225 2640 velint,
1242 2609 1448 2643 interrogantes,
1467 2607 1533 2642 quid
1552 2607 1633 2634 etiam
1655 2607 1745 2634 avium
1761 2615 1810 2634 vo-

1022 2657 1094 2683 latus
1103 2659 1131 2682 et
1145 2656 1172 2682 in
1183 2655 1255 2690 ipsas
1266 2662 1426 2686 concursus,
1438 2654 1504 2689 quid
1515 2662 1580 2681 vero
1588 2653 1660 2689 quod
1673 2652 1806 2681 Abraham

1023 2710 1084 2730 eum
1097 2702 1137 2729 eis
1152 2701 1254 2733 sedeat,
1266 2701 1332 2736 quid
1344 2701 1426 2728 etiam
1442 2700 1548 2728 ﬂamma
1568 2708 1616 2735 per
1633 2700 1754 2728 medium
1766 2699 1808 2728 dl-

1023 2749 1158 2776 vistonum
1173 2748 1317 2776 transiens.
1333 2747 1506 2782 Explicemus
1521 2746 1621 2780 itaque.
