1990 3046
114 171 164 200 {2|
623 176 885 204 .GLAPIIYRORUM
904 176 938 204 IN

149 235 180 258 δ’.
204 232 446 267 οίκονομικώτατα
461 233 550 260 τοίνυν
561 233 697 270 ἐνώμοτον
713 235 763 269 τὴν
779 236 898 269 ὲπαγγε-
914 239 935 266 Α

115 276 174 302 λίαν
188 277 307 303 ἐποιεῖτο
318 277 393 310 Θεὸς,
411 277 499 304 καίτοι
514 278 672 312 ψευδοεπεῖν
686 279 821 311 οὐκείδώς
832 288 839 295 ·
856 279 901 313 ἵν’,

116 320 153 353 ὡς
165 321 180 347 6
194 321 339 354 θεσπέσιος
354 324 452 359 γράφει
468 324 587 357 Παῦλος,
605 325 716 361 ἰσχυρὰν
731 325 837 360 ἔχωμεν
852 326 902 360 τὴν

117 367 299 402 παράκλησιν,
312 369 352 395 ὅτι
367 369 434 404 πρὸς
447 369 532 405 πέρας
546 370 693 406 ἐκϐήσεται
711 371 797 406 πάντη
811 380 841 398 τε
856 372 903 398 καὶ

118 412 225 444 πάντως
246 413 296 440 οὐκ
318 414 500 446 ὲνόοιάζοντες
522 415 572 442 ἔτι.
601 416 705 442 (laxo-3v
730 416 827 451 (βραχὺ
848 417 902 452 γὰρ

117 459 212 487 ὰνόπιν
223 461 382 496 ἀνακομίσω
392 461 438 488 τὸν
449 461 538 496 λόγον)
553 463 581 489 ὲν
594 462 686 488 ὠδῖσιν
700 463 739 489 ἔτι
753 463 801 497 τῆς
813 463 902 498 ’Ἅγαρ

117 505 233 541 ἐχούσης
247 506 424 542 τδνΊσμαὴλ,
438 506 665 543 δεδυσιρόρηκενὴ
682 507 786 543 Σάρρα,
800 508 849 543 τῆς
863 509 902 534 οι-

117 552 246 585 κογενοῦς
268 553 317 579 οὐκ
344 553 493 586 ἐνεγκοῦσα
520 553 591 588 τάχα
617 562 669 580 που
695 553 729 580 τὰ
746 554 792 580 ἐπί
810 563 841 588 γε
863 555 901 590 τῷ

117 599 261 632 κυοφορεῖν
289 598 443 632 αὐχήματα,
469 598 515 624 καὶ
535 598 584 633 τὴν
604 598 636 624 οὺ
660 598 772 633 μετρίαν
805 599 899 634 ὀφρύν.

118 641 183 669 Εἶτα
212 643 263 677 τῆς
285 643 377 675 ἑστίας
392 644 508 676 ἐλαύνει,
537 644 585 670 καὶ
603 642 688 680 οὗπερ
705 644 738 672 ἂν
754 645 839 672 ἕλοιτο
853 645 901 680 βα-

117 689 198 721 δίζειν
211 689 346 723 ἐκέλευεν,
369 690 481 725 ἐφέντος
504 690 573 726 αὐτῇ
586 691 665 717 τοῦτο
685 691 750 726 δρᾷν
769 690 816 717 τοῦ
833 691 902 718 κατὰ

117 733 199 768 νόμον
223 735 430 769 συνῳκηκότος,
452 736 524 771 φημὶ
542 736 573 771 δὴ
599 735 646 762 τοῦ
676 736 811 772 Ἀϐραάμ.
832 737 901 763 Ἀλλ’

117 779 154 811 ὡς
170 779 200 805 τὺ
219 780 339 815 Γράμμα
354 781 420 815 φησὶ
439 781 471 807 τὸ
485 781 566 816 ἱερὸν,
589 791 598 807 ι
618 777 704 818 Εὗρεν
719 782 802 818 αὐτὴν
817 783 901 817 ἄγγε-

117 825 161 856 λος
173 825 277 860 Κυρίου
306 825 353 852 τοῦ
370 825 436 852 Θεοῦ
453 827 500 852 ἐπὶ
521 827 570 861 τῆς
586 828 676 863 πηγῆς
692 828 740 854 τοῦ
761 829 856 860 ὕδατος
872 829 901 855 ὲν

116 872 148 905 τῇ
163 871 259 906 ἐρήμῳ
273 871 300 898 ὲν
316 873 348 906 τῇ
364 871 415 906 ὀδῷ
432 871 511 906 Σούρ.
525 872 578 898 Καὶ
592 871 668 898 εἶπεν
679 873 747 909 αὐτῇ
761 875 774 900 6
787 874 901 908 ἄγγελος

117 915 233 950 Κυρίου·
255 917 344 952 Ἀγαρ
360 917 488 952 παιδίσκη
513 917 636 953 mea“,
658 917 740 945 πόθεν
755 918 837 955 ἔρχῃς
855 920 901 946 καὶ
918 911 937 937 Β

117 959 168 986 ποῦ
183 960 300 996 πορεύῃ;
313 961 365 987 Καὶ
379 959 465 987 εἶπεν·
482 962 547 988 Ἀπδ
563 962 710 997 προσώπου
727 963 835 998 Σάρρας
850 963 900 998 τῆς

117 1005 212 1040 κυρίας
230 1014 281 1040 μου
297 1006 353 1039 ἐγὼ
365 1006 565 1041 ἀποδιδράσκω.
582 1005 649 1033 Eius
664 1007 692 1033 δὲ
707 1007 776 1043 αὐτῇ
789 1009 802 1034 ὁ
820 1007 902 1042 ἄγγε-

116 1051 160 1083 λος
175 1051 288 1086 Κυρίου·
309 1052 512 1087 Ἀποστράφηθι
530 1053 597 1088 πρὸς
610 1053 660 1088 τὴν
670 1053 768 1089 κυρίαν
779 1062 837 1085 σου,
855 1054 902 1081 καὶ

115 1096 297 1132 ταπεινώθητι
312 1097 364 1123 ὑπὸ
380 1097 428 1129 τὰς
442 1099 535 1133 χεῖρας
546 1098 657 1134 αὐτῆς.»
669 1099 723 1125 Καὶ
736 1099 902 1134 ὑπενόστησε

117 1143 165 1178 μὲν
187 1144 203 1178 ή
225 1143 323 1178 Ἀγαρ,
349 1144 396 1170 καὶ
421 1144 466 1170 τὸν
489 1144 538 1179 τῆς
564 1144 685 1177 δουλείας
703 1145 787 1172 ὑπέδυ
809 1145 901 1179 ζυγόν.

122 1187 290 1222 Ἦνομοθέτει
314 1188 342 1215 δὲ
373 1188 417 1215 καὶ
445 1188 510 1220 Θεὸς
533 1188 582 1224 ἤδη
613 1188 662 1224 τὴν
687 1189 840 1224 περιτομὴν
862 1189 901 1225 τῷ

122 1235 257 1270 Ἀϐραὰμ.
277 1235 373 1269 λέγων’
398 1244 406 1261 ι
428 1235 464 1262 Σὺ
481 1235 510 1262 δὲ
527 1235 576 1271 τὴν
595 1235 727 1272 διαθήκην
745 1246 795 1272 μου
808 1237 902 1273 διατη-

116 1282 219 1317 ρήσεις,
232 1282 264 1308 σὺ
281 1282 328 1309 καὶ
339 1282 368 1308 τὸ
384 1281 493 1317 σπέρμα
508 1290 554 1308 σου
567 1282 636 1317 μετά
651 1283 679 1308 σὲ
692 1284 732 1314 είς
743 1283 792 1315 τὰς
805 1283 902 1317 γενεὰς

115 1327 213 1354 αὐτῶν.
226 1327 279 1354 Καὶ
294 1326 362 1362 αὓτη
376 1328 392 1362 ἠ
409 1327 524 1363 διαθήκη
540 1328 574 1363 ἦν
589 1327 771 1363 διατηρήσεις,
788 1329 840 1355 ἀνὰ
853 1329 901 1363 μέ-

115 1382 160 1400 σον
178 1373 245 1408 ἐμοῦ
269 1373 315 1400 καὶ
333 1373 421 1408 ὑμῶν,
439 1373 486 1400 καὶ
505 1372 558 1400 ἀνὰ
574 1373 656 1408 μέσον
679 1373 725 1400 τοῦ
744 1374 901 1410 σπέρματός

115 1428 162 1445 σου
183 1420 224 1450 εἰς
244 1418 295 1451 τὰς
318 1419 415 1454 γενεὰς
436 1418 536 1446 αὐτῶν.
562 1419 800 1456 Περιτμηθήσεται
824 1420 901 1455 ὑμῶν

115 1465 170 1491 πᾶν
188 1464 342 1500 ἀρσενικὸν,
359 1464 406 1491 καὶ
427 1464 664 1500 περιτμηθήσεσθε
686 1465 735 1500 τὴν
750 1465 838 1501 σάρκα
851 1466 900 1501 τῆς

109 1509 295 1546 ,ἀκροϐυστίας
309 1509 397 1544 ὑμῶν,
415 1510 462 1536 καὶ
485 1508 561 1535 ἔσται
583 1510 622 1540 είς
640 1510 752 1544 σημεῖον
768 1510 901 1545 διαθήκης

114 1556 166 1582 ἀνᾶ
182 1556 264 1591 μέσον
280 1555 347 1591 ὲμοῦ
363 1555 410 1582 καὶ
426 1555 513 1591 ὑμῶν,
530 1555 584 1582 Καὶ
606 1556 711 1582 παιδίον
731 1555 900 1592 ὀκταήμερον

115 1601 349 1637 περιτμηθήσεται
366 1602 440 1637 ὑμῖν,
461 1602 514 1628 πᾶν
530 1601 672 1637 ἀρσενικὸν
684 1603 723 1634 είς
739 1601 788 1633 τὰς
803 1602 899 1636 γενεὰς

115 1648 202 1683 ὑμῶν.
225 1649 254 1674 '0
275 1648 417 1683 οἰκογενὴς
442 1648 489 1674 καὶ
507 1648 520 1674 ὁ
539 1647 744 1684 ἀργυρώνητος,
763 1648 816 1675 ἀπὸ
833 1657 901 1675 παν-

114 1695 159 1726 τὸς
179 1693 236 1720 υἱοῦ
254 1693 405 1729 ἀλλοτρίου,
427 1693 456 1725 ὃς
475 1694 525 1720 οὐκ
543 1694 617 1721 ἐστιν
631 1695 663 1721 ὲκ
680 1694 727 1721 τοῦ
744 1694 901 1730 σπέρματός

117 1749 175 1774 σου,
197 1741 332 1775 περιτομῇ
350 1739 594 1775 περιτμηθήσεται,
610 1741 624 1766 6
640 1740 781 1776 οἰκογενὴς
798 1741 847 1777 τῆς
863 1741 901 1767 οι-

115 1785 175 1817 κίας
190 1794 235 1811 σου
252 1785 300 1812 καὶ
323 1785 337 1812 ὁ
351 1784 551 1820 ἀργυρώνητος.
569 1786 624 1812 Καὶ
648 1785 723 1812 ἔσται
745 1787 762 1822 ἡ
785 1786 900 1822 διαθήκη

118 1840 167 1867 μου
191 1831 238 1858 ἐπὶ
260 1831 310 1866 τῆς
334 1831 436 1868 σαρκὸς
457 1831 544 1867 ὑμῶν,
563 1833 602 1864 εἰς
627 1831 759 1868 διαθήκην
781 1832 899 1861 αἰώνιον.

116 1877 170 1904 Καὶ
188 1877 374 1912 ἀπερίτμητος
394 1876 490 1912 ἄρσην,
505 1877 534 1908 ὃς
549 1877 579 1904 οὐ
598 1877 834 1914 περιτμηθήσεται
851 1879 901 1913 τὴν

116 1922 205 1958 σάρκα
223 1923 272 1958 τῆς
287 1922 469 1958 ἀκροϐυστίας
488 1922 582 1955 αὐτοϋ,
602 1924 636 1957 τῇ
655 1923 747 1958 ἡμέρᾳ
756 1925 788 1959 τῇ
807 1923 899 1960 ὀγδόῃ,

114 1967 369 2004 ὲξολοθρευοήσεται
390 1968 406 2003 ὴ
425 1967 498 2003 ψυχὴ
517 1968 608 2003 ἐκείνη
629 1969 661 1994 ἐκ
676 1968 724 1995 τοῦ
739 1969 830 2003 γένους
850 1969 901 1995 αὑ-

114 2015 173 2048 τῆς,
195 2014 236 2040 ὃτι
258 2013 308 2049 τὴν
329 2013 460 2050 διαθήκην
482 2023 531 2048 μου
554 2014 736 2045 διεσκέδασεν.
759 2024 768 2040 ι
791 2015 899 2050 Ἐπειδὴ

113 2060 141 2086 δὲ
158 2058 193 2095 ἦν
207 2061 354 2094 ἀναγκαῖον
369 2061 424 2091 τοῖς
438 2050 520 2091 θείοις
547 2060 670 2087 ὑπείκειν
687 2061 790 2096 νόμοις,
822 2069 900 2097 περι-

114 2105 219 2140 ετμήθη
241 2105 289 2140 μὲν
300 2106 314 2131 6
330 2105 472 2137 θεσπέσιος
480 2105 604 2140 ’Δὸραὰμ
616 2106 736 2133 πανοικί.
750 2106 900 2142 Περιέτεμε

113 2151 140 2177 δὲ
154 2151 270 2182 καὶτοῖς
285 2151 376 2182 ἄλλοις
394 2151 462 2186 ὁμοῦ
482 2151 527 2178 τὸν
562 2152 681 2188 Ἰσμαήλ.
705 2152 853 2187 Γεγένηται
871 2153 900 2180 δὲ

113 2197 204 2223 λοιπὸν
217 2197 231 2223 ὁ
247 2197 280 2223 ὲκ
296 2196 346 2232 τῆς
367 2197 521 2233 ἐλευθέρας,
536 2197 676 2224 τουτέστιν
690 2197 704 2223 ὁ
725 2198 827 2226 Ἰσαάκ.
845 2199 900 2226 Καὶ

112 2243 138 2269 τί
149 2242 180 2269 τδ
196 2242 264 2278 μετὰ
276 2241 371 2276 τοῦτο;
385 2243 422 2270 Οὐ
437 2243 554 2279 φορητὸς
563 2241 597 2280 ἦν
615 2243 655 2270 ἔτι
672 2244 686 2271 6
699 2244 776 2276 νόθος
790 2245 899 2281 ἀθύρων

113 2289 168 2321 υἱὸς
180 2288 251 2315 κατὰ
259 2288 405 2324 τὴνέστίαν
413 2289 427 2315 6
438 2289 553 2324 Ισμαὴλ,
563 2290 611 2316 καὶ
620 2290 648 2316 ὲν
658 2290 708 2325 ἴσῳ
718 2288 769 2317 που
779 2291 849 2326 τάχα
859 2291 898 2326 τῷ

118 2334 211 2361 Ἰσαὰκ
229 2333 394 2370 τιμώμενος.
404 2343 413 2360 ι
429 2331 489 2360 Εἶδε
501 2335 567 2370 γὰρ,
583 2336 662 2371 φησὶ,
679 2336 772 2372 Σάρρα
786 2336 830 2363 τὸν
841 2337 898 2364 υἱὸν

114 2381 202 2415 Ἅγαρ
214 2380 264 2415 τῆς
282 2379 444 2414 Αἰγυπτίας,
461 2379 490 2411 ὕς
509 2381 618 2414 ἐγένετο
630 2381 668 2416 τῷ
684 2380 822 2416 Ἀϐραὰμ,
834 2381 898 2409 παί-

112 2425 193 2457 ζοντα
205 2425 275 2460 μετὰ
293 2425 386 2452 Ἰσαὰκ
400 2424 447 2451 τοῦ
464 2425 521 2452 υἱοῦ
537 2426 633 2461 αὐτῆς.
661 2436 670 2453 ›
688 2425 755 2454 Εἶτα
773 2427 898 2462 πρόσεισι

111 2470 308 2506 δεδακρυμένη,
322 2471 392 2497 κατᾶ
400 2470 430 2498 τὺ
444 2471 526 2504 εἰκὸς,
543 2471 589 2498 καὶ
606 2472 732 2506 λέγουσα·
750 2482 760 2498 ι
778 2473 897 2499 Ἔκϐαλε

111 2517 159 2551 τὴν
175 2516 322 2551 παιδίσκην
337 2516 450 2552 ταύτην,
476 2518 522 2544 καὶ
538 2518 584 2544 τὸν
603 2518 660 2544 υἱὸν
680 2519 774 2553 αὐτῆς.
791 2520 828 2545 Οὐ
843 2519 897 2555 γὰρ

113 2562 149 2597 μὴ
165 2562 367 2598 κληρονομήσει
381 2564 395 2589 ὁ
414 2563 470 2594 υἱὸς
485 2563 536 2598 τῆς
554 2564 699 2600 παιδίσκης
710 2564 812 2600 ταύτης
830 2566 898 2601 μετὰ.

109 2606 156 2633 τοῦ
176 2606 234 2633 υἱοῦ
253 2616 304 2642 μου
325 2607 429 2634 Ἰσαὰκ.
448 2608 568 2643 Σκληρὸν
586 2608 632 2640 δὲ,
650 2610 743 2643 φησὶν,
764 2611 850 2646 ἐφάνη
868 2611 898 2637 τὸ

110 2653 185 2686 ῥῆμα
199 2652 301 2686 σφόδρα
314 2652 435 2679 ἐναντίον
455 2653 578 2688 Ἀϐραὰμ
598 2654 662 2689 περὶ
674 2654 719 2680 τοῦ
732 2654 790 2681 υἱοῦ
801 2656 894 2683 αὑτοῦ.

109 2694 176 2731 μῖπε
194 2697 222 2724 δὲ
240 2698 254 2724 6
271 2697 339 2728 Θεὸς
356 2697 395 2732 τῷ
418 2697 552 2733 Ἀὅραάμσ
570 2699 616 2733 Μὴ
641 2699 757 2735 σκληρὸν
775 2700 844 2728 ἔστω
867 2702 897 2728 τὸ

111 2741 184 2776 ῥῆμα
204 2742 326 2769 ἐναντίον
349 2750 396 2768 σου
416 2743 478 2778 περὶ
498 2742 545 2769 τοῦ
567 2743 672 2769 παιδίου
701 2745 747 2771 καὶ
764 2746 828 2780 περὶ
848 2746 898 2781 τῆς

109 2787 261 2824 παιδίσκης.
285 2788 381 2815 Πάντα
404 2789 453 2814 ὅσα
475 2788 523 2815 ἐὰν
546 2790 610 2825 εἴπῃ
633 2798 672 2816 σοι
696 2790 801 2826 Σάρρα,
817 2792 899 2819 ἄκουε

160 2877 279 2908 “Hebr.
294 2887 332 2912 vt,
350 2878 443 2906 I5-18.
482 2880 503 2895 "
528 2880 596 2908 Gen.
616 2889 670 2916 xu,
695 2881 752 2910 1-6.
792 2883 813 2898 ⁵⁰
835 2882 903 2910 Ibid.
921 2883 943 2911 7-

138 2924 148 2938 4

954 176 1102 204 GENESIM
1123 176 1187 204 LIB.
1207 176 1249 204 IIl.
1690 177 1742 206 I22

968 235 1020 269 72
1027 235 1052 262 5.
1062 235 1317 270 Prudentissimeigi
1322 240 1365 262 tur
1371 235 1444 263 Deus
1450 235 1657 269 promissionem
1663 235 1740 270 jure-

950 285 1068 321 jurando
1085 285 1265 318 conﬁrmavit,
1285 292 1347 312 eum
1368 285 1470 319 alioqui
1492 284 1602 312 mentiri
1625 285 1740 316 nesciat,

953 338 993 366 ut,
1004 334 1234 369 quemadmodum
1246 334 1356 362 divinus
1367 333 1468 361 Paulus
1482 334 1578 361 scribit
1588 334 1620 365 ⁸⁸,
1633 333 1741 360 ﬁrmum

952 383 1079 411 solatium
1101 383 1250 412 habeamus
1264 384 1352 419 ipsum
1375 385 1478 419 absque
1503 384 1558 411 ullo
1580 383 1664 411 dubio
1681 391 1743 413 nro-

952 434 1096 461 missiones
1110 442 1173 462 suas
1184 435 1216 461 ad
1232 435 1312 462 ﬁnem
1330 435 1537 470 perducturum.
1551 434 1684 468 Quocirca
1698 434 1743 468 (li-

953 483 1000 510 bet
1012 483 1085 510 enim
1098 485 1180 519 paulo
1187 485 1268 512 altius
1275 492 1428 512 sermonem
1439 483 1573 520 repetere)
1587 483 1744 511 cumadhuc

952 534 1023 569 Agar
1042 534 1182 562 lsmaelem
1199 540 1278 563 utero
1308 540 1437 571 gestaret,
1458 536 1570 564 moleste
1590 535 1653 563 tulit
1665 534 1742 566 Sara,

952 599 1008 618 non
1032 591 1122 620 ferens
1143 593 1273 621 nimirum
1290 602 1376 622 servae
1391 594 1426 621 ob
1449 594 1644 622 fecunditatem
1663 599 1742 619 arro-

952 643 1072 678 gantiam
1095 649 1123 672 et
1139 645 1241 679 grande
1259 645 1446 680 supercilium.
1462 645 1564 672 Deinde
1585 644 1666 671 domo
1691 643 1743 679 eji-

952 693 999 725 cit,
1013 698 1041 720 et
1052 701 1106 728 quo
1119 693 1237 721 voluerit
1250 694 1289 721 ire
1299 695 1387 729 jubet,
1401 694 1547 722 mandante
1557 693 1686 721 nimirum
1703 693 1743 720 illi

952 747 983 770 ut
996 743 1047 770 hoc
1061 743 1164 772 faceret
1189 744 1310 779 legitimo
1328 753 1377 772 suo
1393 745 1500 777 marito,
1518 744 1654 771 Abraham
1668 742 1742 770 scili-

952 790 1040 816 cet“.
1057 789 1202 822 Caeterum,
1227 794 1257 817 ut
1270 798 1345 817 sacra
1377 790 1516 825 Scriptura
1532 790 1589 822 ait,
1613 799 1622 815 ι
1636 789 1742 816 Invenit

952 843 1012 864 eam
1027 837 1139 871 angelus
1156 836 1264 864 Domini
1281 837 1358 871 juxta
1375 836 1476 863 fontem
1497 843 1573 870 aqua:
1593 835 1621 862 in
1634 834 1742 862 deserto

952 880 980 907 in
994 880 1038 908 via
1051 880 1114 908 Sur.
1135 881 1170 908 Et
1182 880 1251 908 dixit
1267 881 1305 908 illi
1327 881 1439 915 angelus
1456 880 1563 907 Domini
1581 889 1587 906 :
1604 879 1675 914 Agar
1696 886 1743 905 an-

954 927 1016 954 cilla
1025 926 1108 959 Saraa,
1125 926 1197 953 unde
1210 926 1287 953 venis
1297 946 1303 958 ,
1316 930 1344 953 et
1355 933 1409 960 quo
1420 925 1511 952 vadis?
1524 925 1557 951 Et
1569 925 1607 951 ait
1620 933 1626 950 :
1640 924 1663 950 Α
1674 923 1742 950 facie

953 973 1027 1000 Sam
1047 973 1165 1000 domina:
1181 980 1248 1000 meae
1268 972 1351 1008 fugio.
1375 971 1448 998 Dixit
1460 975 1550 998 autem
1569 970 1593 997 ei
1609 969 1742 1003 angelus:

952 1019 1102 1046 Revertere
1117 1018 1149 1045 ad
1170 1018 1308 1045 dominam
1322 1022 1412 1049 tuam,
1423 1021 1451 1043 et
1465 1015 1609 1042 humiliore
1621 1014 1672 1041 sub
1686 1021 1744 1040 ma-

952 1063 1035 1090 nibus
1049 1063 1108 1098 ejus
1121 1063 1153 1089 ".
1171 1072 1179 1088 ι
1199 1063 1234 1090 Ει
1251 1069 1361 1089 reversa
1388 1065 1430 1088 est
1451 1060 1532 1095 Agar,
1552 1063 1580 1086 et
1605 1057 1745 1085 servitutis

950 1109 1045 1144 jugum
1063 1108 1159 1137 subiit.
1177 1108 1348 1143 Pratseripsit
1364 1110 1455 1134 autem
1481 1105 1612 1133 Dominus
1631 1102 1746 1131 Abrahae

952 1155 1203 1187 eireumeisionem,
1213 1154 1308 1182 dicens
1322 1162 1328 1180 :
1347 1163 1356 1178 ι
1371 1153 1412 1180 Tu
1424 1156 1515 1179 autem
1530 1153 1640 1186 pactum
1653 1152 1745 1175 meum

951 1201 1102 1233 custodies,
1119 1204 1147 1227 tu
1159 1204 1187 1228 et
1208 1208 1301 1228 semen
1311 1204 1389 1226 tuum
1401 1199 1468 1234 post
1477 1197 1546 1229 te,in
1556 1194 1746 1231 generationes

951 1254 1023 1274 suas.
1039 1247 1074 1274 Et
1094 1246 1147 1273 hoc
1167 1250 1277 1281 pactum
1298 1244 1371 1279 quod
1392 1242 1551 1271 observabis
1574 1241 1645 1268 inter
1661 1246 1704 1267 me
1718 1243 1747 1266 et

951 1300 1010 1324 vos,
1026 1296 1054 1319 et
1067 1292 1139 1319 inter
1151 1299 1243 1319 semen
1263 1295 1340 1318 tuum
1354 1290 1380 1317 in
1394 1288 1584 1325 generationes
1598 1293 1670 1314 suas.
1684 1284 1746 1312 Cir-

951 1337 1123 1365 cumcidetnr
1131 1338 1209 1365 vobis
1222 1345 1302 1364 omne
1316 1336 1508 1366 masculinum,
1522 1338 1549 1361 ct
1568 1330 1749 1361 circumcide-

951 1384 987 1411 tis
999 1391 1108 1411 carnem
1118 1383 1243 1419 pmputii
1254 1383 1350 1415 vestri,
1362 1385 1389 1409 et
1400 1381 1454 1409 erit
1473 1381 1500 1407 in
1514 1380 1620 1415 signum
1635 1377 1748 1405 ftederis

951 1431 1024 1458 inter
1037 1437 1080 1456 me
1094 1433 1122 1456 et
1134 1437 1192 1457 vos.
1214 1429 1247 1456 Et
1261 1428 1350 1455 infans
1366 1432 1427 1454 octo
1442 1426 1553 1453 dierum
1565 1421 1747 1452 circumcide-

952 1478 999 1501 tur
1010 1474 1099 1507 vobis,
1112 1482 1192 1502 omne
1201 1473 1383 1500 masculinum
1391 1471 1419 1498 in
1431 1470 1621 1506 generationes
1632 1471 1745 1495 vestras.

950 1520 1122 1547 Vemaculus
1148 1520 1246 1547 domus
1260 1525 1324 1550 tute,
1344 1522 1371 1546 et
1386 1517 1527 1552 emptitius
1543 1523 1575 1542 ex
1591 1514 1665 1541 omni
1692 1512 1748 1540 ﬁlio

952 1566 1052 1598 alieno,
1074 1566 1122 1601 qui
1144 1574 1198 1593 non
1224 1571 1266 1593 est
1281 1565 1315 1592 de
1339 1565 1442 1592 semine
1467 1568 1523 1595 tuo,
1539 1559 1748 1589 circumcisione

951 1612 1174 1644 circumeidetur,
1190 1610 1355 1638 vernaculus
1371 1609 1469 1637 domus
1481 1613 1533 1636 tum
1548 1612 1575 1634 et
1589 1605 1745 1641 emptitius:

951 1663 978 1685 et
1000 1658 1053 1686 erit
1069 1664 1178 1693 pactum
1208 1665 1300 1684 meum
1331 1656 1359 1683 in
1382 1663 1464 1683 carne
1482 1659 1584 1684 vestra.
1605 1652 1633 1679 in
1659 1651 1749 1679 foedus

950 1708 1094 1731 aetemum.
1115 1703 1149 1730 Et
1162 1702 1372 1730 incircumcisus
1392 1700 1538 1732 masculus,
1554 1698 1601 1734 qui
1620 1705 1676 1725 non
1693 1697 1748 1724 cir-

951 1749 1123 1777 cumcidetur
1143 1756 1252 1776 carnem
1273 1748 1399 1783 praeputii
1423 1748 1464 1775 sui
1480 1747 1507 1774 in
1524 1746 1568 1774 die
1578 1751 1685 1777 octava,
1701 1752 1749 1771 ex-

952 1794 1146 1829 terminabitur
1159 1799 1187 1822 et
1201 1794 1339 1821 delebitur
1359 1793 1450 1820 anima
1470 1792 1517 1819 illa
1532 1791 1565 1819 de
1575 1786 1674 1827 gen‘ere
1686 1797 1746 1822 suo,

951 1843 1014 1877 quia
1032 1846 1141 1876 pactum
1160 1848 1251 1868 meum
1265 1839 1447 1875 dissipavit“.
1468 1849 1477 1864 ›
1498 1838 1567 1866 Cum
1586 1837 1679 1872 itaque
1696 1843 1746 1863 ne-

951 1888 1100 1915 cessarium
1111 1892 1183 1915 esset
1195 1886 1296 1914 divinis
1304 1886 1411 1921 legibus
1421 1885 1619 1919 obtemperare,
1630 1883 1748 1910 circum-

951 1934 1025 1961 cisus
1050 1933 1160 1968 quidem
1179 1937 1221 1959 est
1244 1931 1381 1958 Abraham
1412 1938 1474 1958 cum
1490 1929 1616 1956 universa
1634 1927 1745 1954 familia.

950 1977 1129 2005 Circumcidit
1147 1981 1237 2004 autem
1256 1984 1308 2003 una
1325 1980 1387 2002 cum
1411 1974 1472 2001 aliis
1493 1973 1575 2000 etiam
1592 1970 1746 1999 lsmaelem.

950 2024 1036 2051 Natus
1052 2027 1143 2050 autem
1152 2027 1194 2049 est
1206 2025 1300 2057 postea
1310 2020 1382 2047 ﬁlius
1393 2019 1532 2050 exlibera,
1544 2018 1596 2044 hoc
1610 2021 1652 2044 est
1662 2017 1746 2043 Isaac.

951 2069 1021 2101 Quid
1036 2068 1069 2096 ad
1085 2068 1160 2095 haec?
1177 2067 1271 2102 Neque
1289 2074 1353 2093 vero
1367 2067 1421 2101 jam
1442 2063 1591 2092 tolerabilis
1608 2066 1665 2090 erat
1683 2069 1749 2096 spu-

951 2116 1008 2143 rius
1024 2115 1097 2143 [ilius
1121 2115 1219 2142 ludens
1235 2114 1263 2141 in
1279 2113 1361 2141 domo
1382 2112 1434 2148 73
1451 2111 1557 2143 lsmael,
1579 2110 1622 2137 cui
1643 2113 1748 2136 tantum

950 2160 1008 2189 fere
1024 2162 1137 2189 honoris
1152 2161 1327 2189 deferebatur
1340 2164 1421 2194 atque
1444 2159 1527 2185 Isaae.
1550 2167 1557 2182 ι
1572 2156 1646 2184 Vidit
1663 2154 1747 2187 enim,

952 2205 1051 2241 inquit,
1067 2206 1133 2233 Sara
1154 2205 1240 2233 ﬁlium
1271 2205 1342 2240 Agar
1362 2203 1502 2239 Egyptian,
1516 2202 1563 2237 qui
1585 2205 1665 2228 natus
1688 2203 1749 2227 erat

916 2263 938 2292 υ
950 2253 1076 2284 Abrahae,
1096 2251 1237 2279 ludentem
1249 2258 1311 2278 cum
1334 2249 1408 2277 Isaac
1422 2249 1478 2276 ﬁlio
1505 2255 1555 2275 suo
1571 2247 1602 2273 δ’.
1618 2256 1626 2271 ι
1645 2244 1748 2292 Deinde

950 2294 1142 2334 proditiﬁens,
1158 2301 1189 2324 ut
1210 2296 1360 2324 verisimile
1382 2300 1433 2327 est,
1453 2301 1485 2321 ac
1510 2293 1625 2320 dicens:
1641 2300 1650 2316 ι
1673 2289 1749 2325 Ejiee

950 2344 1076 2372 ancillam
1095 2343 1165 2371 hanc
1178 2347 1207 2370 et
1220 2342 1305 2369 ﬁlium
1325 2342 1393 2376 ejus.
1406 2340 1466 2368 Non
1485 2339 1558 2367 enim
1578 2335 1750 2365 hiereditabit

952 2389 1024 2416 filius
1042 2389 1148 2416 ancilla-
1171 2389 1255 2424 hujus
1271 2395 1332 2414 eum
1346 2387 1401 2414 ﬁlio
1413 2394 1474 2413 meo
1487 2385 1570 2412 Isaae.
1585 2385 1690 2411 Durum
1701 2391 1749 2416 aue

951 2437 1017 2465 tem,
1029 2433 1127 2468 inquit,
1135 2433 1225 2459 visum
1235 2437 1277 2459 est
1287 2431 1401 2459 verbum
1413 2431 1465 2457 hoc
1474 2430 1649 2456 vehementer
1657 2435 1748 2455 coram

951 2478 1088 2506 Abraham
1097 2479 1130 2505 de
1146 2478 1203 2505 ﬁlio
1216 2486 1275 2505 suo.
1288 2477 1362 2504 Dixit
1373 2481 1463 2504 autem
1481 2474 1676 2503 DeusAbraha:
1692 2484 1698 2500 :
1710 2474 1748 2501 Ne

951 2525 1050 2552 durum
1071 2525 1106 2552 sit
1125 2533 1218 2552 coram
1237 2529 1262 2551 te
1285 2524 1318 2551 de
1341 2523 1397 2550 ﬁlio
1418 2528 1446 2551 et
1469 2523 1502 2550 de
1521 2522 1629 2549 ancilla.
1652 2520 1748 2548 Omnia

951 2578 1012 2605 quae
1030 2570 1130 2597 dixerit
1153 2570 1201 2596 tibi
1225 2569 1302 2602 Sara,
1331 2569 1394 2597 audi
1412 2577 1507 2596 vocem
1542 2569 1610 2603 ejus,
1636 2567 1700 2602 quia
1721 2567 1747 2593 in

951 2615 1026 2643 Isaac
1041 2615 1183 2642 vocabitur
1196 2615 1245 2642 tibi
1264 2623 1373 2649 semen;
1391 2616 1477 2642 ﬁlium
1500 2614 1582 2641 etiam
1599 2613 1705 2640 ancill-.e
1722 2613 1749 2639 in

949 2666 1058 2696 gentem
1075 2668 1200 2695 magnam
1212 2660 1318 2694 faciam,
1333 2661 1397 2696 quia
1416 2669 1509 2688 semen
1529 2665 1605 2687 tuum
1620 2663 1670 2691 est,
1684 2659 1750 2686 Sur—

951 2707 1021 2734 rexit
1041 2711 1132 2734 autem
1157 2706 1293 2734 Abraham
1317 2715 1406 2739 mane,
1433 2711 1460 2734 et
1484 2706 1589 2741 accepit
1613 2711 1698 2740 panes
1721 2708 1750 2730 et

953 2756 1041 2779 utrem
1068 2759 1154 2786 aqum,
1178 2756 1206 2779 et
1228 2751 1304 2779 dedit
1327 2752 1407 2787 Agar,
1433 2756 1459 2780 et
1477 2751 1608 2787 imposuit
1631 2755 1748 2785 puerum

954 2804 1035 2831 super
1053 2796 1182 2824 humeros
1195 2797 1264 2832 ejus,
1289 2801 1315 2824 et
1332 2795 1437 2823 dimisit
1448 2803 1518 2822 eam.
1538 2793 1639 2821 Abiens
1658 2797 1681 2816 a‘
1695 2797 1748 2819 tetu

946 2884 978 2912 -9.
1018 2886 1037 2900 “
1056 2885 1124 2913 Gen.
1146 2886 1294 2918 xvu,9--H.
1332 2887 1352 2901 "
1370 2885 1438 2912 Gen.
1454 2893 1506 2910 ττι.
1520 2883 1546 2908 9.
