1990 3046
223 143 280 172 193

731 141 766 170 ‘S.
789 142 926 170 CYRILLI
947 143 1182 170 ALEXANDBINI
1202 142 1360 171 ARCIIIEP.

1807 141 1858 168 PN

226 199 336 228 errabat
350 207 398 234 per
410 197 631 232 desertumjuxta
645 198 927 232 puteumJuramenti.
940 199 1018 227 Defe-

1078 199 1119 234 τῆς
1138 199 1229 234 φωνῆς
1257 200 1360 234 αὐτῆς,
1383 200 1423 225 ὅτι
1446 199 1474 225 ὲν
1507 197 1598 225 Ἰσαὰκ
1626 197 1790 232 κληθήσεταί
1816 206 1858 224 σοι

206 245 264 280 ⁸(ιὶ1.
285 249 373 272 autem
399 251 468 278 aqua
491 244 569 275 utris,
594 248 622 270 et
643 244 758 278 projecit
779 252 895 279 puerum
923 245 1017 273 subter

228 298 310 317 unam
332 289 461 321 abietem,
484 292 512 316 et
529 288 624 315 abiens
646 289 716 316 sedit
730 297 745 317 e
767 290 875 324 regione
904 291 963 325 ejus
984 290 1017 317 de

227 336 316 370 longe,
332 334 409 369 quasi
425 342 504 361 arcus
519 334 631 369 jactum.
646 334 716 362 Dixit
733 335 805 362 enim
823 344 828 361 ε
842 334 901 362 Non
920 335 1018 363 videbo

227 385 343 408 mortem
360 380 406 407 ﬁlii
425 381 489 412 mei,
510 385 538 407 et
551 380 620 407 sedit
634 387 667 406 ex
685 380 808 408 adverso.
828 381 953 409 Clamans
968 390 1017 408 au-

227 431 282 454 tem
303 435 370 462 puer
389 426 472 453 ﬂevit.
489 426 522 453 Et
537 425 676 453 exaudivit
694 426 765 454 Deus
780 434 894 461 puerum
909 427 942 455 de
959 427 1018 455 loco

227 472 275 499 ubi
289 477 359 499 erat.
371 471 404 499 Et
419 471 526 499 vocavit
545 471 658 506 angelus
673 471 780 498 Domini
796 472 865 507 Agar
885 472 918 499 de
938 473 1017 504 coelo,

226 521 255 544 et
273 517 342 543 dixit
360 516 386 543 ei
402 525 408 542 :
422 515 493 549 Quid
520 520 571 548 est,
590 516 675 551 Agar?
696 524 730 543 ne
753 517 859 549 timeas,
880 517 1020 545 exaudivit

226 562 300 588 enim
318 562 390 589 Deus
404 569 498 589 vocem
517 561 595 595 pueri
610 561 643 588 de
657 562 717 588 loco
732 561 778 588 ubi
796 566 846 589 est.
860 561 957 597 Surge,
976 570 1020 589 ac-

226 607 287 641 cipe
311 614 438 641 puerum,
458 609 486 633 et
514 610 575 633 tene
595 613 676 633 manu
692 611 738 633 tua
758 614 832 633 eum.
854 606 888 633 Et
913 607 1021 641 aperuit

227 652 299 680 Deus
317 652 412 680 oculos
431 652 512 684 illius,
532 655 560 679 ct
576 651 645 678 vidit
661 656 773 686 puteum
801 659 878 686 aqum
894 652 971 684 vivae,
993 657 1021 680 et

227 697 305 729 abiit,
324 702 350 724 et
360 697 482 732 implevit
500 700 587 723 utrem
599 703 678 730 aqua,
690 700 718 722 et
732 695 807 722 dedit
824 701 918 730 potum
934 703 1020 730 puero

227 751 287 770 suo.
308 743 342 770 Et
358 742 410 770 fuit
428 743 500 769 Deus
519 749 580 768 cum
596 748 692 776 puero.
713 741 746 768 Et
763 741 851 768 crevit
869 741 900 768 ⁸³.
917 751 925 766 ι
945 742 1020 769 Divi-

227 797 280 816 nus
288 789 361 816 enim
373 788 510 815 Abraham
528 784 591 822 lege
606 791 720 819 naturae,
745 795 805 822 quae
825 787 905 814 nobis
921 788 1022 815 libero—

229 843 289 862 rum
301 842 422 862 amorem
437 833 545 865 indidit,
555 833 644 860 victus
658 833 779 860 Ismaelis
793 841 885 860 curam
898 833 1019 869 gerebat.

1069 244 1188 280 σπέρμα.
1203 245 1256 270 Καὶ
1272 244 1317 271 τὸν
1337 245 1393 271 υίὸν
1407 244 1436 270 δὲ
1453 244 1499 279 τῆς
1518 243 1662 278 παιδίσκης
1677 242 1794 277 ταύτης,
1815 243 1857 273 είς

1067 289 1143 320 ἔθνος
1173 289 1243 324 μέγα
1266 289 1371 324 ποιήσω
1394 289 1484 320 αὑτὸν,
1509 289 1549 315 ὃτι
1572 287 1683 322 σπέρμα
1700 288 1746 313 σού
1770 287 1855 313 ἐστιν.

1075 335 1186 370 Ἀνέστη
1210 335 1238 361 δὲ
1263 334 1388 371 Ἀδραάμ
1409 335 1439 361 τὸ
1457 333 1540 370 πρωῒ,
1559 334 1606 361 καὶ
1627 333 1726 360 ἐλαϐεν
1756 332 1856 367 ἄρτους

1068 381 1114 407 καὶ
1128 380 1211 407 ἀσκὸν
1228 379 1332 412 ὓδατος,
1357 380 1403 406 καὶ
1418 378 1517 406 ἔδωκεν
1534 379 1632 414 Ἅγαρ,
1651 379 1698 405 καὶ
1720 377 1857 412 ἐπέθηκεν

1069 423 1112 450 ἐπὶ
1125 423 1170 450 τδν
1182 421 1258 458 ὦμον
1278 424 1324 450 καὶ
1340 424 1369 450 τὸ
1385 423 1501 456 παιδίον,
1517 423 1564 450 καὶ
1581 423 1740 450 ἀπέστειλεν
1759 422 1854 456 αὑτήν.

1076 468 1241 496 ’Δπελθοῦσα
1251 468 1278 494 δὲ
1301 468 1433 496 ἐπλανᾶτο
1444 469 1493 504 τὴν
1512 468 1624 504 ἔρημον,
1640 467 1710 494 κατὰ
1725 467 1755 493 τὸ
1767 466 1857 502 φρέαρ

1069 513 1115 541 τοῦ
1132 514 1245 549 Ὅρκου.
1265 513 1386 546 Ἐξέλιπε
1395 513 1423 540 δὲ
1436 514 1465 540 τὸ
1483 513 1554 549 ὕδωρ
1577 513 1612 539 ὲκ
1631 513 1677 539 τοῦ
1694 511 1789 543 ἀσκοῦ,
1808 511 1854 539 καὶ

1070 560 1164 595 ερριψε
1178 559 1208 586 τὸ
1231 559 1336 586 παιδίον
1349 559 1478 586 ὑποκάτω
1496 560 1560 594 μιᾶς
1570 559 1678 591 ἐλάτης.
1688 555 1855 584 ’Δπελθιιῦσα

1069 606 1108 636 δὲ.
1127 606 1245 640 ἐκάθητο
1268 605 1398 633 ἀπέναντι
1415 604 1496 631 αὑτοῦ
1526 604 1674 640 μακρόθεν,
1698 602 1763 629 ὡσεὶ
1778 601 1856 634 τόξου

1071 650 1161 686 βολήν.
1178 649 1244 677 Εἷπε
1260 651 1314 687 γάρ
1328 659 1335 666 ⁶
1355 651 1391 677 υὺ
1417 650 1454 686 μὴ
1469 650 1515 676 ἴδω
1531 649 1576 676 τὸν
1600 649 1712 676 Θάνατον
1728 647 1774 674 τοῦ
1793 655 1857 673 παι-

1070 697 1126 723 δίου
1148 705 1208 732 μου,
1223 697 1269 723 καὶ
1287 696 1413 723 ἐκάθισεν
1428 696 1558 722 ἀπέναντι
1573 694 1666 722 αὑτοῦ.
1691 693 1859 728 Ἀναὸοῆσαν

1070 743 1097 769 δὲ
1123 743 1153 770 τὺ
1179 743 1285 770 παιδίον
1311 742 1452 769 ἔκλαυσεν.
1478 742 1628 776 Είσήκουσε
1649 740 1677 766 δὲ
1693 741 1706 765 ὁ
1721 739 1786 769 Θεὸς
1808 737 1860 771 τῆς

1071 787 1164 822 φωνῆς
1178 788 1225 814 τοῦ
1243 788 1349 814 παιδίου
1368 789 1400 814 ἐκ
1419 787 1467 814 τοῦ
1489 787 1573 813 τόπου
1589 785 1619 814 οὗ
1631 784 1676 821 ἧν.
1695 785 1748 811 Καὶ
1764 783 1858 810 ὲκάλε-

1072 840 1118 858 σεν
1132 833 1246 866 ἄγγελος
1262 832 1307 858 τοῦ
1321 832 1389 858 Θεοῦ
1404 832 1452 867 τὴν
1466 832 1555 866 Ἀγαρ
1568 832 1599 857 ἐκ
1610 831 1657 857 τοῦ
1672 829 1796 866 οὐρανοῦ,
1811 827 1860 854 καὶ

228 881 373 914 Postquam
393 886 458 906 vero
474 878 565 906 divino
591 877 703 905 oraculo
721 878 842 905 monitus
856 883 907 910 est,
922 883 952 906 ut
969 879 1019 905 soli

1078 877 1146 904 εἶπεν
1161 878 1242 914 αὐτῇ·
1259 878 1291 905 Τί
1307 880 1392 908 ἐστιν,
1412 879 1518 913 Ἀγαρ;
1541 878 1578 913 μὴ
1598 876 1681 912 φοϐοῦ
1695 884 1700 892 -
1718 875 1860 909 ἑπακήκοε

228 926 302 953 Isaac
314 926 475 957 adhaereret,
489 929 582 959 utpote
594 924 627 951 ad
644 931 724 959 quem
738 924 882 959 promissio
901 925 1020 959 pertine-

228 971 283 1004 bat,
295 971 399 998 dimisit
415 971 526 1006 quidem
540 970 618 1005 Agar,
637 974 663 997 et
675 978 727 996 una
747 978 808 997 cum
821 970 923 998 infante
940 971 1018 999 herili

227 1017 308 1044 domo
331 1017 462 1045 excedere
480 1016 570 1052 jussit,
587 1016 689 1043 Christi
708 1016 839 1044 nimirum
859 1018 1018 1052 mysterium

228 1062 306 1097 legali
319 1067 381 1098 typo
396 1065 630 1097 praemonstrante.

1072 925 1126 960 γὰρ
1139 925 1153 952 ὸ
1167 924 1232 956 Θεὸς
1247 926 1296 960 τῆς
1309 925 1403 960 φωνῆς
1419 925 1466 951 τοῦ
1480 925 1585 951 παιδίου
1601 933 1647 951 σου
1661 924 1693 950 ὲκ
1712 922 1759 949 τοῦ
1771 923 1856 948 τόπου

1072 969 1102 998 οὗ
1113 971 1194 998 ἔστιν.
1220 971 1362 1007 ’Δνάστηθι
1380 972 1427 998 καὶ
1441 971 1506 998 λάϐε
1518 971 1548 997 τὺ
1565 970 1679 1002 παιδίον,
1690 970 1737 996 καὶ
1755 968 1858 1004 κράτη·

1074 1026 1119 1044 σον
1134 1019 1166 1053 τῇ
1189 1017 1260 1053 χειρί
1287 1026 1333 1044 σου
1356 1018 1434 1045 αὑτό.
1462 1018 1517 1044 Καὶ
1541 1016 1656 1052 ἀνέῳξεν
1677 1017 1691 1042 ὁ
1713 1015 1777 1046 Θείας
1797 1014 1861 1045 τοὺς

1072 1064 1227 1099 ὀφθαλμοὺς
1253 1065 1356 1100 αὐτῆς,
1382 1065 1429 1091 καὶ
1451 1062 1504 1090 εἶδε
1531 1064 1619 1098 φρέαρ
1634 1063 1729 1093 ὕδατος
1749 1061 1859 1093 ζῶντος,

228 1111 275 1137 καὶ
300 1110 434 1145 ἐπορεύθη
447 1131 454 1142 ,
476 1110 523 1137 καὶ
548 1109 648 1145 ἔπλησε
676 1109 720 1136 τὸν
740 1109 823 1136 ἀσκὸν
843 1109 949 1143 ὕδατος,
973 1111 1019 1138 καὶ
1040 1113 1148 1139 Ethice
1163 1112 1193 1139 τὸ
1210 1112 1393 1139 παιδίον.Καὶ
1411 1110 1444 1147 ἦν
1458 1111 1546 1143 ὸΘεδς
1580 1111 1647 1146 μετὰ
1678 1110 1725 1136 τοῦ
1743 1108 1860 1140 παιδίου,

229 1158 275 1184 καὶ
295 1157 409 1193 ηὐξήθη.
428 1167 436 1183 ι
459 1158 488 1183 Ὀ
502 1157 551 1192 μὲν
568 1157 621 1191 γὰρ
654 1157 795 1189 θεσπέσιος
818 1157 954 1194 Ἀϐραὰμ,
971 1161 1025 1191 τοῖς
1044 1160 1093 1194 τῆς
1125 1160 1296 1194 φιλοπαιδίας
1319 1160 1476 1195 ἡττώμενος
1495 1159 1597 1194 νόμοις,
1628 1159 1796 1192 μετεποιεῖτο
1813 1155 1861 1182 τοῦ

234 1202 356 1240 Ἶσμαήλ.
381 1203 490 1238 Ἐπειδὴ
509 1203 536 1229 δὲ
550 1203 580 1229 τὸ
601 1202 672 1228 θεῖον
684 1203 765 1229 αὑτὸν
783 1204 875 1230 ἐκάλει
888 1204 1079 1240 χρησμῲδημα
1109 1205 1177 1240 πρὸς
1196 1214 1228 1239 γε
1251 1205 1281 1231 τὸ
1304 1205 1403 1240 χρῆναι
1430 1205 1502 1240 μόνῳ
1514 1202 1692 1239 προσκεῖσθαι
1716 1202 1754 1237 τῷ
1769 1202 1862 1229 Ἰσαὰκ

227 1248 265 1281 ὡς
284 1250 326 1276 ἐπ’
343 1249 417 1284 αἱ)τῷ
440 1248 589 1284 γενομένης
615 1248 663 1282 τῆς
692 1248 867 1282 ἐπαγγελίας,
889 1250 963 1284 ἠφίει
981 1251 1030 1285 τὴν
1043 1252 1143 1287 Ἀγαρ,
1165 1252 1212 1278 καὶ
1240 1251 1308 1286 ὁμοῦ
1332 1251 1372 1286 τῷ
1405 1250 1500 1286 βρέφει
1520 1250 1568 1285 τῆς
1590 1249 1750 1284 δεσποτικῆς
1771 1248 1862 1279 ἑστίας

231 1296 360 1331 ἀπαίρειν
378 1295 497 1327 ἐκέλευε,
515 1294 563 1321 τοῦ
591 1295 662 1321 κατὰ
680 1295 796 1330 Χριστὸν
813 1297 962 1332 μυστηρίου
983 1297 1028 1324 τὸν
1047 1298 1131 1324 τύπον
1143 1298 1190 1324 τοῦ
1205 1297 1288 1332 νόμου
1304 1296 1562 1332 προαναφαίνοντος.

264 1343 291 1370 6.
308 1342 468 1369 Referamus
481 1342 572 1376 itaque
588 1349 742 1369 sermonem
753 1351 767 1370 α
778 1343 866 1378 capite
882 1353 888 1370 :
903 1345 939 1371 ita
950 1345 1024 1372 enim

229 1386 450 1415 manifestissime
472 1387 533 1421 quis
552 1387 653 1419 videat,
674 1387 746 1422 quod
772 1389 815 1420 iis,
835 1397 896 1423 qua:
913 1389 940 1416 in
966 1390 1025 1425 lege

229 1439 304 1466 sunt,
318 1433 474 1468 antiquiora
485 1433 538 1460 sint
554 1440 585 1460 ea
599 1441 659 1468 quae
667 1441 715 1468 per
729 1433 868 1461 Christum
881 1444 887 1461 :
898 1435 1026 1470 quodque

229 1483 292 1507 ante
309 1478 547 1506 circumcisionem
574 1478 628 1514 74
642 1479 803 1514 jnstilicatio
827 1487 876 1514 per
893 1480 973 1508 [idem
992 1481 1028 1508 sit

229 1529 348 1552 ostensa.
369 1525 483 1560 Signum
497 1524 571 1551 enim
586 1524 679 1552 datum
698 1529 741 1552 est
763 1524 880 1552 Abrahae
909 1525 1028 1553 circum-

1114 1345 1151 1378 ς’.
1169 1345 1223 1372 Καὶ
1238 1344 1269 1380 δὴ
1285 1344 1331 1371 καὶ
1346 1344 1470 1378 λέγωμεν
1482 1342 1693 1377 ἀνακομίζοντες
1707 1341 1864 1374 ἀναγκαίως

1078 1391 1117 1422 είς
1131 1390 1161 1417 τὸ
1175 1391 1203 1417 ὲν
1223 1391 1321 1425 ἀρχαῖς
1338 1389 1382 1416 τδν
1397 1388 1485 1423 λόγον,
1503 1387 1727 1414 Εὑσυνοπῖότατα
1741 1385 1794 1420 γὰρ
1815 1385 1863 1412 ὡδὶ

1079 1437 1236 1471 καταθεῷτὸ
1254 1445 1292 1468 τις
1312 1436 1359 1467 ἂν,
1377 1435 1418 1462 ὅτι
1441 1433 1614 1471 πρεσϐύτερα
1629 1433 1681 1460 τῶν
1699 1434 1727 1459 ὲν
1740 1432 1814 1467 νόμῳ
1831 1432 1864 1458 τὰ

1079 1482 1124 1509 διὰ
1140 1482 1268 1518 Χριστοῦ·
1285 1482 1332 1508 καὶ
1348 1481 1398 1516 τῆς
1410 1482 1438 1507 ἐν
1458 1480 1540 1516 σαρκὶ
1557 1480 1722 1514 περιτομῆς,
1740 1479 1756 1513 ἡ
1770 1480 1799 1504 ἐν
1819 1477 1865 1504 πί-

1082 1538 1139 1556 στει
1159 1529 1310 1561 δικαίωσις,
1324 1527 1504 1564 ἀρχαιοτέραν
1522 1527 1577 1562 ἔχει
1601 1526 1650 1561 τὴν
1665 1524 1864 1561 προανάδειξιν.

229 1571 298 1599 cisio
323 1572 351 1598 in
370 1571 504 1606 przeputio
527 1570 600 1603 ﬁdei,
624 1571 701 1606 juxta
727 1570 922 1605 sapientissimi
951 1572 1024 1600 Pauli

1079 1576 1195 1611 Σημεϊον
1209 1574 1263 1610 γὰρ
1279 1574 1382 1600 δέδοται
1402 1573 1441 1609 τῷ
1464 1572 1589 1608 Ἀϐραὰμ
1610 1572 1626 1607 ἡ
1644 1571 1779 1606 περιτομὴ
1791 1591 1797 1601 ,
1815 1570 1866 1604 τῆς

230 1623 336 1644 vocem.
367 1616 474 1644 Acerbe
503 1616 595 1656 itaque
617 1616 724 1644 ferebat
756 1616 855 1644 beatus
878 1616 1027 1649 Abraham,

230 1662 304 1697 quod
318 1669 373 1689 non
396 1666 468 1689 esset
492 1665 568 1697 pater
591 1661 640 1688 ﬁlii
654 1662 745 1694 liberi,
766 1662 925 1697 habensque
944 1663 1028 1690 [iliqu

231 1715 265 1735 ex
284 1707 420 1743 Egyptia,
440 1707 521 1743 Agar,
549 1707 671 1742 inquam,
688 1708 881 1735 maestissimus
903 1708 1028 1743 degebat,

233 1753 317 1780 lnstar
327 1752 453 1780 orbitatis
468 1760 528 1779 esse
543 1760 658 1780 censens
681 1761 775 1780 semen
786 1753 910 1788 spurium
929 1759 957 1781 et
975 1762 1029 1782 non

232 1797 361 1826 liberum.
390 1798 536 1832 Postquam
557 1806 622 1825 vero
641 1799 839 1834 promissiones
856 1800 889 1827 de
909 1800 1029 1835 legitimo

234 1842 289 1870 tilio
304 1843 420 1877 accepit,
436 1843 567 1870 nimirum
583 1844 668 1876 Isaae,
682 1845 808 1880 clareque
827 1845 941 1876 audivit,
957 1845 1029 1880 quod

233 1896 282 1923 per
300 1888 388 1923 ipsum
402 1888 511 1916 futurus
525 1893 598 1916 esset
612 1894 690 1924 pater
708 1890 876 1917 infinitarum
891 1895 972 1926 atque
987 1891 1030 1918 in—

233 1932 587 1968 numerabilium'gcntium,
596 1934 763 1970 justificatus
770 1940 812 1962 est
820 1935 944 1963 credens.
952 1936 1030 1969 Quod

234 1985 325 2007 autem
336 1988 515 2015 possessurus
526 1985 599 2008 esset
616 1985 717 2009 terram
730 1990 746 2009 a
759 1982 814 2010 Deo
830 1982 881 2017 ipsi
897 1988 1032 2010 monstra-

236 2030 300 2059 tam,
317 2036 326 2051 ι
339 2025 400 2053 Tibi
410 2026 495 2059 enim,
507 2036 516 2052 ι
534 2026 634 2062 inquit,
650 2037 659 2053 (
677 2027 748 2055 dabo
764 2031 865 2056 terram
885 2028 956 2056 hanc
970 2029 1002 2062 “,
1018 2039 1027 2054 ι

235 2076 265 2098 ut
278 2071 379 2098 certior
399 2071 477 2099 ﬁeret
494 2072 608 2107 rogavit,
625 2073 738 2100 dicens:
762 2082 770 2098 ι
789 2074 913 2107 Domine,
934 2083 1032 2103 secun-

235 2117 299 2144 dum
309 2117 376 2152 quid
386 2118 470 2145 sciam
488 2118 560 2152 quod
572 2119 740 2146 lizereditabo
752 2120 794 2147 ‘5?
809 2130 817 2146 ι
841 2121 947 2149 Idcirco
959 2122 1032 2150 Deus

235 2166 266 2189 ul
279 2161 427 2190 divisiones
444 2163 581 2198 acciperet
600 2164 692 2198 jussit,
710 2165 824 2192 vitulam
844 2166 989 2200 triennem,
1004 2172 1032 2195 et

235 2215 355 2242 capram,
367 2212 395 2234 et
414 2208 539 2240 arietem,
554 2213 582 2236 et
602 2213 737 2237 turturem
760 2215 788 2238 et
806 2211 971 2241 columbam.
998 2214 1032 2242 Et

1079 1622 1107 1647 ὲν
1136 1620 1304 1656 ἀκροὸυστίᾳ
1327 1620 1461 1650 πίστεως,
1480 1617 1551 1645 κατὰ
1571 1617 1620 1652 τὴν
1643 1617 1690 1643 τοῦ
1710 1615 1865 1650 σοφωτάτου

1078 1665 1183 1692 Παύλου
1211 1666 1311 1701 φωνήν.
1346 1664 1535 1700 Δεδυσφόρηκε
1567 1663 1658 1689 τοίνυν
1684 1662 1698 1688 ὁ
1727 1661 1866 1697 μακάριος

1077 1711 1218 1747 Ἀϐραὰμ,
1235 1712 1276 1737 ὅτι
1296 1710 1332 1746 μὴ
1350 1711 1447 1737 τέκνου
1470 1710 1581 1744 γέγονεν
1603 1708 1746 1743 ἐλευθέρου
1763 1707 1864 1742 πατήρ.

1079 1757 1134 1783 Καὶ
1150 1757 1196 1784 τὸν
1213 1757 1245 1783 ὲκ
1261 1757 1311 1791 τῆς
1333 1756 1484 1791 Αἰγυπτίας
1505 1755 1573 1790 ἔχων
1589 1755 1663 1785 υἱὸν,
1679 1753 1750 1789 φημὶ
1763 1752 1795 1787 δὴ
1816 1753 1866 1787 τῆς

1081 1804 1188 1838 Ἅγαρ,
1209 1802 1375 1838 ἀθυμὼτατα
1396 1801 1527 1832 διετέλει,
1548 1801 1576 1826 ἐν
1599 1799 1648 1834 ῐσῳ
1668 1799 1717 1833 τῆς
1740 1797 1867 1828 ἀπαιδίας

1079 1850 1163 1881 τιθεὶς
1181 1850 1292 1885 σπέρμα
1310 1849 1340 1875 τὸ
1358 1849 1435 1876 νὸοον
1456 1849 1503 1875 καὶ
1519 1847 1569 1874 οὐκ
1583 1846 1737 1881 ἐλεύθερον.
1757 1843 1866 1879 Ἐπειδὴ

1079 1897 1107 1923 δὲ
1130 1896 1178 1927 τὰς
1204 1895 1371 1929 ἐπαγγελίας
1398 1894 1504 1929 ἐδέχετο
1526 1893 1573 1924 τὰς
1589 1892 1635 1919 ὲπί
1655 1899 1686 1925 γε
1701 1890 1740 1926 τῷ
1763 1889 1866 1924 γνησίῳ

1081 1941 1173 1973 παιδὶ,
1198 1940 1269 1976 φημὶ
1286 1940 1318 1975 δὴ
1347 1939 1386 1974 τῷ
1407 1939 1509 1970 Ἰσαὰκ,
1536 1937 1619 1972 ήκουέ
1643 1945 1671 1963 τε
1695 1935 1808 1969 σαφῶς,
1830 1933 1867 1965 ὡς

1080 1987 1156 2013 ἔσται
1173 1985 1264 2022 πατὴρ
1283 1987 1311 2012 ὲν
1323 1984 1395 2020 αὑτῷ
1410 1985 1514 2019 μυρίων
1528 1991 1557 2010 τε
1570 1983 1639 2009 ὅσων
1654 1982 1701 2008 καὶ
1713 1979 1866 2016 ἀναριθμή-

1080 2041 1134 2059 των
1157 2031 1259 2063 ὲονῶν,
1277 2030 1430 2058 ὲδικαιοῦτο
1456 2029 1602 2056 πιστεύων.
1627 2029 1688 2054 Ὅτι
1713 2027 1741 2053 δὲ
1766 2025 1812 2052 καὶ
1839 2026 1867 2051 ὲν

1081 2077 1244 2112 κατασχέσει
1259 2077 1404 2112 γενήσεται
1419 2075 1468 2110 τῆς
1483 2073 1682 2109 ἑπιδειχθείσης
1697 2070 1771 2105 αὑτῷ
1793 2070 1866 2104 παρὰ

1081 2121 1149 2148 Θεοῦ
1164 2122 1225 2156 γῆς,
1237 2130 1245 2146 ι
1260 2121 1306 2147 Σοὶ
1316 2121 1381 2156 γὰρ,
1398 2118 1597 2154 ἔφασκε,δώσω
1611 2118 1661 2152 τὴν
1675 2117 1728 2151 γῆν
1739 2115 1841 2150 ταύτην
1855 2123 1864 2139 ι

1082 2166 1313 2203 πληροφορεῖσθαι
1327 2164 1476 2200 παρεκάλει
1489 2163 1586 2197 λέγων⁸
1601 2171 1609 2188 ι
1622 2161 1754 2192 Δέσποτα,
1763 2158 1834 2185 κατὰ
1843 2157 1867 2183 τί

1082 2211 1221 2246 γνώσομαι
1229 2210 1322 2243 τοῦτο,
1338 2210 1377 2236 ὃτι
1398 2208 1596 2244 κληρονομήσω
1609 2206 1713 2241 αὐτήν;
1728 2214 1737 2230 ›
1758 2203 1868 2238 Ταύτης

234 2253 423 2288 quadrupedia
441 2254 554 2289 quidem
576 2255 725 2283 animantia
752 2257 862 2285 discidit
884 2258 1020 2286 Abraham

1086 2266 1125 2284 τοι
1138 2258 1204 2288 Θεὸς
1217 2250 1366 2292 λαμϐάνειν
1380 2255 1488 2282 ἐκέλευε
1508 2254 1543 2280 τὰ
1556 2252 1770 2288 διχοτομήματα,
1783 2249 1868 2283 δάμα-

234 2302 262 2324 et
273 2299 409 2326 contraria
426 2299 459 2326 ad
472 2307 500 2327 se
516 2300 633 2328 invicem
648 2302 750 2336 posuit,
770 2303 822 2330 hoc
839 2308 890 2336 est,
911 2305 1033 2332 seriatim

235 2343 398 2371 collocavit:
419 2353 483 2372 aves
493 2353 559 2373 vero
574 2354 631 2373 non
648 2347 759 2381 divisit;
774 2348 865 2384 abegit
883 2354 974 2377 autem
988 2358 1035 2378 vo-

236 2388 325 2415 lucres
350 2389 481 2416 damnum
501 2390 603 2418 inferre
629 2392 782 2427 cupientes.
807 2393 868 2421 Sole
891 2399 982 2422 autem
999 2396 1034 2423 ad

212 2433 218 2440 ‘
235 2441 361 2460 occasum
377 2440 516 2470 vergente,
538 2436 610 2464 Deus
637 2437 664 2463 in
684 2438 774 2472 specie
793 2438 864 2473 ignis
885 2439 1035 2468 divisiones

237 2477 296 2505 illas
313 2480 470 2513 pertransiit
483 2481 515 2508 “.
537 2491 545 2507 ι
565 2481 658 2514 Qualis
679 2483 771 2518 itaque
792 2484 943 2519 spiritu-alis
962 2486 1032 2513 ratio

238 2523 294 2551 sive
312 2532 408 2552 sensus
427 2525 469 2553 his
492 2528 740 2556 accommodandus
753 2529 799 2562 sit,
817 2538 866 2565 pro
891 2531 965 2558 virili
986 2531 1030 2559 di-

237 2577 340 2597 ('lIIIIIIS.

1084 2304 1125 2330 λιν
1138 2302 1338 2339 τριετίζουσαν,
1355 2300 1422 2336 αἷγά
1440 2309 1469 2328 τε
1486 2299 1565 2336 ὁμοῦ,
1580 2299 1626 2326 καὶ
1644 2298 1696 2333 μὴν
1714 2296 1762 2323 καὶ
1781 2295 1866 2330 κριὸν,

1084 2349 1203 2385 τρυγόνα
1216 2357 1245 2375 τε
1264 2348 1310 2374 καὶ
1333 2346 1507 2382 περιστεράν.
1523 2345 1576 2372 Καὶ
1598 2344 1633 2370 τὰ
1652 2343 1701 2378 μὲν
1718 2340 1866 2376 τετράποδα

1084 2395 1138 2421 τῶν
1162 2393 1239 2426 ζώων
1267 2393 1477 2428 δεδιχοτόμηκεν
1507 2390 1649 2425 Ἀϐραὰμ,
1674 2386 1869 2423 ἀντιπρόσωπα

1084 2440 1113 2467 δὲ
1135 2440 1276 2476 ἀλλήλοις,
1297 2439 1439 2471 τουτέστι,
1457 2436 1594 2472 στοιχηδὸν
1617 2434 1760 2462 συνετίθει.
1779 2432 1820 2458 Τὰ
1843 2431 1869 2457 δὲ

1085 2487 1168 2521 ὄρνεα
1184 2487 1214 2513 οὺ
1234 2486 1341 2512 διεῖλεν.
1366 2483 1507 2510 Ἐπεσόϐει
1525 2483 1553 2509 δὲ
1568 2482 1614 2508 καὶ
1630 2481 1664 2507 τὰ
1678 2477 1869 2512 καταφθείρειν

1083 2532 1210 2559 ἐθέλοντα
1234 2532 1288 2558 τῶν
1313 2530 1431 2566 πτηνῶν.
1459 2529 1549 2555 Ἡλίου
1572 2529 1600 2554 δὲ
1614 2527 1663 2562 ἤδη
1685 2524 1753 2560 πρὸς
1775 2523 1870 2552 αὑταῖς

1083 2577 1259 2613 καταίροντος
1280 2577 1340 2608 ταῖς
1364 2577 1403 2607 εἰς
1428 2575 1546 2611 ἑσπέραν
1572 2573 1728 2608 ἐσχατιαῖς,
1755 2570 1784 2595 ἐν
1806 2567 1868 2594 εῖδει

237 2616 323 2653 πυρὸς
343 2616 425 2643 διέθει
449 2617 483 2644 τὰ
497 2617 703 2657 δ,ικοτομήματα
717 2620 793 2653 Θεός.
823 2622 902 2648 Ποῖον
931 2621 977 2649 οὖν
1009 2623 1063 2659 ἄρα
1082 2624 1161 2659 λόγον
1183 2624 1392 2659 ὲφαρμόσαιμεν
1413 2622 1446 2648 ἂν
1467 2622 1522 2651 τοῖς
1541 2618 1653 2646 τοιοῖσδε
1676 2613 1868 2650 πνευματικὸν,

237 2663 354 2699 εροῦμεν
373 2665 409 2696 ὡς
425 2665 473 2692 ἔνι.

273 2710 298 2736 ’1.
313 2709 418 2737 l’rirnus
426 2711 497 2738 enim
509 2711 710 2746 quodammodo
731 2711 803 2742 {ilius
814 2715 897 2742 totius
908 2715 1028 2742 universi

239 2755 293 2782 Deo
316 2755 366 2782 l‘uit
384 2757 534 2784 secundum
556 2765 665 2785 carnem
684 2759 775 2786 Israel.
798 2769 807 2786 ι
830 2760 915 2787 Filius
943 2761 1027 2793 enim,

276 2847 298 2863 “
317 2848 384 2876 Cen.
401 2858 453 2883 xxi,
476 2849 565 2876 l2-2l.
605 2849 704 2877 “Gen.
722 2857 784 2882 xm,
804 2849 829 2876 8.

869 2850 889 2866 λ’
906 2849 973 2877 Gen.
987 2858 1028 2882 xv,
1046 2848 1085 2876 l8.

1118 2713 1150 2745 ζ’.
1167 2712 1264 2746 Γέγονε
1287 2711 1335 2747 μὲν
1357 2710 1411 2746 γὰρ
1431 2708 1538 2744 πρῶτος
1560 2707 1654 2742 ὥσπερ
1675 2706 1732 2738 υίὸς
1755 2706 1793 2741 τῷ
1815 2706 1868 2732 τῶν

1083 2759 1150 2786 ὅλων
1165 2757 1223 2793 Θίῷ
1238 2758 1251 2784 ὁ
1267 2757 1335 2783 κατὰ
1354 2755 1443 2791 σάρκα
1468 2753 1584 2789 Ἰσραήλ.
1609 2762 1617 2777 ι
1635 2752 1698 2784 Tib;
1711 2752 1774 2786 γὰρ,
1791 2752 1867 2787 φησὶ,

1141 2848 1163 2863 ⁵⁸
1175 2847 1245 2874 Ibid.
1258 2846 1336 2874 9-1“.
