1990 3046
129 144 184 173 19:5

642 145 900 184 GLAPll‘YRORUM
920 157 951 183 ΙΝ
972 156 1120 184 GE‘NESIM
1139 156 1202 184 LIB.
1224 157 1269 184 lll.

1713 159 1761 187 l‘26

129 205 310 238 ιεριιντότοκός
320 215 372 243 μου
386 209 501 245 Ἰσραήλ·
518 219 526 235 ι
541 210 611 246 πλὴν
625 212 663 244 ὡς
677 213 708 240 ὲκ
723 213 819 248 δούλης
835 214 882 240 καὶ
892 214 912 245 ἐξ

975 214 1073 249 inquit,
1097 215 1298 250 primogenitus
1336 223 1414 244 meus
1442 217 1569 244 Israel".
1598 226 1606 242 ι
1627 217 1761 245 Ca-terum

129 249 272 284 Αἰγύπτου
285 252 501 290 λελυτρωμένος.
526 257 594 283 Ἀλλ’
614 258 644 284 ἐν
657 258 762 290 τέκνοις
776 259 857 286 αὑτὸν
873 260 922 286 οὐκ

131 295 210 329 ἠξίου
236 297 304 329 Θεὸς
326 300 552 335 καταλογίζεσθαι
578 303 661 330 ποθεν
681 303 707 340 (ὴ
733 305 922 340 φιλελεύθερος

129 342 188 376 γὰρ
211 343 259 370 καὶ
279 344 441 380 φιλογνησία
462 346 565 384 φύσι;)·
600 347 692 384 ἐζήτει
713 350 742 376 δὲ
764 350 863 385 μᾶλλον
876 350 921 377 τὸν

130 388 280 416 ἁνδάνοντα
300 391 381 423 λαὸν,
395 393 536 425 τουτέστι,
552 394 597 421 τδν
615 395 660 421 διὰ
681 395 798 428 πίστεως
821 398 870 432 τῆς
892 398 921 423 ὲν

131 435 244 470 Χριστῷ
258 438 317 463 κατ’
331 439 507 473 ἐπαγγελίαν,
522 431 585 474 ὲν²ᾧ
600 441 646 467 καὶ
660 442 778 477 πατέρες
792 443 920 476 γεγόνασι

130 480 239 509 πολλῶν
252 482 338 510 ὲθνῶν
348 503 354 514 ,
367 485 391 510 οἱ
407 485 479 520 ἀμφὶ
492 485 539 512 τὸν
552 485 696 514 θεσπέσιον
716 487 850 523 Ἀϐραάμ.
865 489 920 514 Κε-

129 525 356 562 κληρονομήκασι
371 529 426 564 γὰρ
440 530 488 564 τὴν
505 530 551 556 ἐπὶ
565 530 632 566 τῷδε
654 532 734 566 δόξαν
744 553 751 564 ,
769 533 818 560 οὐκ
836 534 865 560 ὲν
881 533 920 568 τῷ

130 572 205 597 κατὰ
227 573 317 607 σάρκα
338 574 446 610 Ἰσραὴλ
456 595 462 606 ,
476 575 533 602 ἀλλ’
549 578 577 603 ἐν
595 578 653 609 τοῖς
669 578 697 610 es
713 577 797 605 ἐθνῶν
816 578 860 605 διὰ
876 579 920 605 πί-

131 625 218 648 στεως
235 618 479 655 ἀνασεσωσμένας.
501 623 557 649 Καὶ
579 624 751 660 μαρτυρήσει
770 624 882 660 γράφων
906 626 920 652 ὁ

130 663 250 695 Παῦλος.
263 665 300 692 Οὐ
313 665 367 700 γὰρ
383 665 428 693 διὰ
441 667 523 702 νόμου
539 669 555 703 ή
575 669 726 702 ἐπαγγελία
739 669 777 704 τῷ
794 670 920 705 Ἀϐραὰμ

129 708 171 739 εἰς
185 708 216 734 τὸ
230 709 397 746 κληρονόμον
414 712 496 738 αὐτὸν
511 711 578 740 εἶναι
599 714 701 749 κόσμου
712 734 720 747 ,
735 715 802 742 ἀλλὰ
819 715 863 742 διὰ
882 715 919 741 δι-

130 754 281 789 καιοσύνης
315 756 443 790 πίστεως.
474 759 699 795 Ἐπιγραφόμεθα
723 760 778 796 γὰρ
813 761 919 795 πατέρα

128 798 176 826 τὸν
200 800 341 837 ’Δὸραὰμ,
363 804 388 829 οἱ
406 804 435 830 ὲν
455 805 622 841 ἀκροϐυστίᾳ
639 806 851 839 πιστεύσαντες,
872 807 918 833 καὶ

128 846 190 873 καθ’
201 848 346 883 ὁμοιότητα
369 849 417 885 τὴν
436 851 518 878 αὐτοῦ
533 852 608 887 παρὰ
631 852 700 879 Θεοῦ
721 852 916 887 δικαιούμενοι.

127 892 261 926 Σιφηνιεῖ
273 894 302 921 δὲ
317 895 421 932 σφόδρα
440 896 471 923 τὸ
485 896 555 923 θεῖον
570 898 635 933 ἡμῖν
649 916 651 918 -
657 899 805 933 μυστήριον
832 906 913 932 νομο-
932 895 951 922 Β

128 938 218 973 μαθὴς
232 938 269 966 ὢν
280 941 295 966 ὁ
311 941 427 974 Παῦλος.
453 943 619 970 Ἑπιστέλλει
636 942 690 979 γὰρ
710 944 757 970 ὡδὶ
778 943 846 979 μετὰ
859 943 909 978 τὴν

78 1020 81 1021 ν
124 984 156 1009 ἐν
169 984 282 1020 Χριστῷ
298 985 447 1020 τελείωσιν,
469 988 564 1015 ἁνόπιν
579 987 672 1024 ὥσπερ
690 988 758 1015 ἰοῦσι
778 988 912 1020 Γαλάταις

126 1031 272 1066 ἐπιτιμῶν·
292 1042 300 1058 ι
323 1033 424 1068 Δέγετέ
437 1043 481 1070 μοι
494 1036 518 1061 οἱ
533 1036 584 1062 ὑπὸ
599 1035 680 1070 νόμον
693 1035 815 1066 θέλοντες
832 1033 911 1068 εἶναι,

125 1075 171 1102 τὸν
183 1076 265 1111 νόμον
278 1078 328 1104 οὑκ
341 1079 472 1112 ἀκούετες
490 1081 645 1117 Γέγραπται
659 1080 713 1116 γὰρ
728 1080 767 1107 ὅτι
788 1080 914 1116 Ἀϐραὰμ

125 1120 173 1148 δύο
194 1123 270 1155 υἱοὺς
287 1123 375 1159 ἔσχεν,
392 1125 440 1152 ἕνα
460 1127 491 1153 ἐκ
507 1128 556 1162 τῆς
574 1127 736 1162 παιδίσκης,
753 1127 799 1154 καὶ
816 1127 864 1153 ἕνα
881 1128 913 1153 ὲκ

125 1167 174 1202 τῆς
193 1168 347 1205 ἐλευθέρας.
369 1171 437 1198 Ἀλλ’
452 1173 466 1199 δ
482 1173 530 1207 μὲν
545 1174 577 1200 ὲκ
596 1173 645 1208 τῆς
666 1173 827 1207 παιδίσκης,
843 1173 913 1199 κατὰ

125 1214 217 1249 σάρκα
238 1217 395 1252 γεγένηται·
411 1219 425 1244 ὁ
438 1218 467 1245 δὲ
485 1219 517 1245 ἐκ
533 1219 582 1254 τῆς
603 1219 746 1254 ὲλευοέρας
757 1239 764 1250 ,
776 1219 808 1245 δι’
823 1220 912 1253 ἐπαγ-

126 1261 228 1294 γελίας.
255 1262 353 1290 Ἀτινά
378 1264 453 1291 ἐστιν
488 1264 721 1300 ἀλληγορούμενα.
749 1264 833 1292 Αὒται
857 1266 911 1301 γάρ

125 1307 193 1333 είσιν
207 1309 236 1334 αἱ
250 1309 297 1335 δύο
312 1309 449 1345 διαθῆκαι·
469 1311 517 1346 μία
537 1311 597 1346 μὲν,
612 1312 666 1338 ἀπὸ
685 1312 765 1347 ὅρους
780 1312 854 1343 Σινᾶ,
871 1313 911 1344 εἰς

125 1353 249 1381 δουλείαν
269 1356 404 1390 γεννῶσα,
419 1357 479 1391 ἥτις
495 1357 569 1383 ἐστὶν
591 1357 693 1394 Ἅγαρ.
711 1358 748 1384 Τὺ
761 1358 816 1394 γὰρ
836 1359 910 1392 Σινᾶ,

125 1399 186 1435 δρας
197 1401 272 1428 ἐστὶν
286 1402 315 1428 ὲν
335 1403 367 1437 τῇ
397 1403 519 1439 Ἀραόίᾳ-
538 1406 674 1439 συστοιχεῖ
693 1405 721 1431 δὲ
741 1406 772 1440 τῇ
790 1404 838 1432 νῦν
862 1406 911 1432 Ὶι-

127 1447 242 1482 ρουσαλὴ
249 1457 278 1483 μ,
295 1448 415 1476 δουλεύει
434 1450 462 1476 δὲ
481 1450 549 1485 μετὰ
569 1450 623 1477 τῶν
638 1451 742 1477 τέκνων
760 1451 857 1486 αὐτῆς.
879 1452 910 1478 Ἡ

123 1491 152 1517 δὲ
164 1492 221 1519 ἄνω
236 1493 423 1529 Ἰερουσαλὴμ,
437 1494 567 1530 ἐλευθέρα
581 1496 666 1527 ἐστὶν,
678 1496 739 1531 ἥτις
749 1495 807 1521 ἐστὶ
821 1496 911 1531 μήτηρ

125 1536 212 1572 ἡμῶν.
235 1538 393 1573 Γέγραπται
417 1540 480 1576 γάρ·
504 1540 678 1576 Εὐφράνθητι
712 1542 805 1576 στεῖρα
832 1541 849 1576 ἡ
879 1541 910 1567 οὐ

973 260 1057 287 veluti
1074 269 1107 287 ex
1120 268 1206 294 serva,
1221 265 1249 288 et
1263 269 1295 288 ex
1308 261 1423 297 {Egypto
1443 262 1610 296 redemptus.
1628 262 1681 289 Sed
1693 262 1762 291 inter

972 305 1042 333 ﬁlios
1070 306 1206 342 legitimos
1237 315 1408 342 nequaquam
1430 315 1492 334 eum
1519 307 1590 334 Deus
1618 311 1763 335 numerare

971 352 1096 387 dignatus
1111 357 1153 380 est
1172 352 1279 389 (natura
1300 354 1373 380 enim
1396 358 1437 381 est
1453 353 1539 380 libera
1551 372 1557 384 ,
1577 357 1606 380 et
1618 361 1712 381 amans
1722 354 1762 381 le-

971 398 1087 434 gitima)
1106 399 1251 434 :quaesivit
1272 405 1362 427 autem
1379 399 1471 434 potius
1491 399 1622 433 populum
1642 399 1688 433 qui
1706 399 1763 433 pla-

971 449 1054 476 ceret,
1066 445 1119 472 hoc
1128 449 1180 478 est,
1190 453 1238 480 per
1250 445 1330 473 ﬁdem
1345 446 1374 472 in
1382 445 1522 473 Christum
1533 444 1682 472 secundum
1697 451 1762 478 pro-

970 490 1138 522 missionem,
1156 491 1184 518 in
1204 499 1258 526 quo
1268 491 1350 518 etiam
1364 494 1441 526 pater
1458 490 1546 518 factus
1558 495 1600 517 est
1613 489 1761 516 multarum

970 535 1091 570 gentium
1107 536 1253 564 Abraham.
1279 537 1355 564 Hanc
1375 536 1448 563 enim
1465 536 1579 571 gloriam
1602 535 1761 563 haereditate

969 580 1060 615 adepti
1073 585 1136 608 sunt
1146 582 1257 616 posteri,
1265 590 1319 609 non
1331 583 1357 609 in
1368 582 1467 609 lsraele
1479 581 1629 609 secundum
1639 588 1759 613 carnem,

968 626 1015 653 sed
1032 626 1060 652 in
1073 626 1105 653 iis
1115 627 1162 661 qui
1177 634 1210 653 ex
1225 627 1353 662 gentibus
1363 627 1459 654 salvati
1475 630 1548 659 sunt,
1562 626 1634 660 quod
1646 629 1674 652 et
1689 626 1760 652 Pau-

969 672 1011 699 lus
1022 675 1147 705 testatur,
1166 672 1260 700 dicens
1276 681 1282 698 :
1301 682 1310 698 ι
1329 673 1423 707 Neque
1444 673 1517 699 enim
1532 680 1581 706 per
1594 671 1680 706 legem
1694 678 1760 706 pro-

969 717 1062 744 missio
1072 718 1196 750 Abraha,
1212 722 1242 745 ut
1256 718 1344 746 haeres
1355 722 1427 745 esset
1440 717 1545 749 mundi,
1560 717 1607 744 sed
1617 725 1665 752 per
1678 717 1760 752 justi-

970 763 1034 790 tiam
1047 763 1109 791 ﬁdei
1119 764 1150 790 “‘.
1171 773 1179 789 ι
1193 764 1272 791 Patre
1281 764 1354 790 enim
1367 764 1503 791 Abraham
1515 763 1635 798 insigniti
1653 771 1758 795 sumus,

969 810 1016 845 qui
1031 810 1057 836 in
1071 810 1205 845 praeputio
1220 810 1367 842 credimus,
1382 815 1410 837 et
1422 809 1454 837 ad
1471 811 1530 844 ejus
1552 809 1759 836 similitudinem

968 864 983 883 a
997 856 1052 883 Deo
1062 856 1203 891 justiﬁcati
1218 863 1322 883 sumus.
1341 855 1466 882 Declarat
1478 859 1568 882 autem
1581 854 1661 881 nobis
1675 854 1759 881 vehe-

965 905 1070 929 menter
1083 901 1205 928 divinum
1226 900 1385 936 mysterium
1404 900 1504 927 Paulus
1516 899 1584 934 legis
1592 899 1707 934 peritus.
1719 898 1760 926 lta

966 946 1040 974 enim
1048 946 1166 978 Galatas,
1175 950 1318 980 postquam
1327 945 1436 972 Christo
1451 944 1548 971 initiati
1562 947 1662 975 essent,
1674 948 1760 970 retro-

967 991 1095 1019 cedentes
1109 992 1160 1026 75
1181 992 1303 1026 increpat
1324 1000 1330 1017 :
1351 1001 1359 1016 (
1375 991 1462 1018 Dicite
1477 989 1556 1022 mihi,
1575 990 1622 1024 qui
1637 989 1688 1016 sub
1699 990 1759 1024 lege

966 1038 1050 1067 vultis
1060 1045 1129 1070 esse,
1149 1038 1237 1073 legem
1251 1045 1305 1065 non
1325 1036 1442 1064 auditis?
1460 1036 1596 1071 Scriptum
1617 1039 1658 1062 est
1674 1036 1758 1066 enim.

966 1084 1094 1119 quoniam
1109 1084 1245 1111 Abraham
1265 1083 1334 1110 duos
1349 1083 1418 1110 ﬁlios
1435 1083 1549 1110 habuit:
1562 1090 1646 1109 unum
1662 1081 1696 1108 de
1710 1089 1759 1108 an-

966 1129 1037 1161 cilla,
1051 1133 1078 1156 et
1096 1136 1179 1156 unum
1191 1128 1224 1155 de
1235 1129 1331 1156 libera.
1358 1128 1411 1155 Sed
1423 1127 1469 1162 qui
1488 1127 1521 1155 de
1539 1127 1646 1158 ancilla,
1661 1134 1759 1154 secun-

966 1174 1030 1201 dum
1051 1182 1162 1201 carnem
1179 1179 1259 1201 natus
1281 1178 1322 1201 est
1338 1182 1344 1200 :
1361 1174 1406 1208 qui
1431 1177 1521 1200 autem
1540 1172 1573 1200 de
1597 1172 1692 1204 libera,
1711 1179 1759 1206 per

966 1219 1208 1253 repromissionem
1230 1226 1311 1254 :qua‘:
1340 1222 1403 1246 sunt
1422 1226 1471 1253 per
1492 1217 1649 1252 allegoriam
1673 1217 1755 1244 dicta.

965 1266 1028 1292 Haec
1044 1266 1116 1293 enim
1136 1269 1200 1293 sunt
1214 1265 1269 1293 duo
1285 1269 1447 1292 testamenta
1466 1274 1472 1291 :
1489 1272 1573 1291 unum
1599 1258 1708 1298 quidem
1730 1264 1757 1290 in

966 1316 1057 1340 monte
1069 1312 1143 1345 Sina,
1157 1312 1184 1339 in
1195 1312 1356 1339 servitutem
1372 1319 1516 1346 generans,
1535 1318 1595 1345 quae
1610 1315 1652 1337 est
1666 1309 1737 1344 Agar
1749 1318 1756 1336 :

965 1357 1030 1385 Sina
1044 1362 1137 1385 autem
1152 1365 1230 1385 mons
1243 1361 1285 1384 est
1303 1358 1330 1384 in
1343 1357 1452 1389 Arabia,
1471 1356 1517 1391 qui
1531 1356 1693 1391 conjunctus
1715 1358 1756 1382 est

964 1405 988 1431 ei
1013 1412 1073 1439 quae
1083 1412 1157 1431 nunc
1173 1409 1214 1431 est
1230 1403 1426 1445 Jerusalem,et
1438 1403 1523 1430 servit
1534 1410 1595 1430 cum
1608 1402 1670 1428 ﬁliis
1689 1401 1755 1429 suis.

964 1450 1012 1477 illa
1020 1453 1111 1477 autem
1121 1458 1181 1484 qua:
1190 1457 1298 1477 sursum
1311 1454 1352 1476 est
1363 1449 1525 1481 Jerusalem,
1536 1448 1622 1475 libera
1633 1451 1684 1479 est,
1695 1454 1757 1482 quae

963 1500 1006 1523 est
1015 1500 1102 1523 mater
1112 1501 1215 1523 nostra.
1233 1495 1372 1530 Scriptum
1381 1499 1423 1522 est
1437 1495 1538 1521 etenim
1553 1503 1559 1520 :
1574 1494 1688 1526 Laatare,
1699 1499 1757 1522 ste-

964 1540 1022 1567 rilis
1041 1548 1102 1575 quae
1127 1548 1182 1568 non
1200 1540 1432 1575 pariszerumpe,
1453 1544 1481 1567 et
1502 1540 1598 1571 clama,
1625 1548 1685 1574 quae
1702 1547 1756 1567 non

123 1581 263 1616 τίκτουσα,
287 1584 368 1619 ῥῆξον
391 1586 438 1612 καὶ
465 1585 562 1621 βόησον
580 1587 597 1621 ἡ
623 1587 674 1613 οὐκ
696 1586 844 1618 ὠδίνουσα,
868 1586 909 1613 ὅτι

963 1586 1082 1620 parturis
1094 1595 1101 1612 ι
1114 1586 1179 1621 quia
1197 1585 1276 1613 multi
1296 1585 1343 1613 ﬁlii
1363 1586 1480 1613 deserta
1497 1585 1585 1620 magis
1600 1593 1681 1620 quam
1697 1586 1757 1620 ejus

125 1629 209 1656 πολλὰ
225 1630 259 1657 τὰ
269 1631 353 1658 τέκνα
368 1632 418 1667 τῆς
434 1633 538 1668 ἐρήμου
557 1633 657 1668 μᾶλλον
667 1652 675 1665 ,
689 1633 706 1668 ἢ
726 1634 775 1668 τ’ής
796 1632 911 1668 ἐχούσης

123 1674 168 1702 τδν
182 1676 276 1712 ἄνδρα.
302 1677 398 1712 Ἡμεῖς
412 1678 440 1705 δὲ
450 1699 458 1711 ,
474 1678 598 1712 ἀδελφοὶ,
612 1679 683 1706 κατὰ
712 1678 803 1705 Ἰσαὰκ
823 1679 910 1713 ἑπαγ-

124 1720 214 1754 γελίας
232 1722 315 1748 τέκνα
331 1723 424 1758 ἐσμέν.
446 1723 514 1750 ’Δλλ’
527 1723 621 1760 ὥσπερ
638 1724 699 1750 τότε
710 1725 724 1750 ὁ
737 1723 808 1749 κατὰ
821 1723 909 1758 σάρκα

124 1767 261 1802 γεννηθεὶς
276 1767 371 1795 ἐδίωκε
385 1768 430 1796 τὸν
447 1770 518 1796 κατὰ
539 1769 662 1805 πνεῦμα,
685 1769 771 1800 οὕτως
787 1769 834 1795 καὶ
852 1768 908 1795 νῦν.

131 1811 208 1839 Ἀλλὰ
221 1813 246 1839 τί
260 1813 334 1847 λέγει
347 1815 364 1850 ἠ
380 1815 486 1851 Γραφής
505 1815 624 1842 Ἔκϐαλε
637 1815 687 1850 τὴν
701 1815 847 1850 παιδίσκην
861 1815 908 1841 καὶ

123 1856 167 1883 τὸν
184 1857 241 1884 υἱὸν
255 1858 340 1894 αὐτῆς
351 1866 357 1873 ·
375 1859 404 1885 οὺ
426 1859 481 1895 γὰρ
496 1860 532 1895 μὴ
547 1860 739 1895 κληρονομήσῃ
757 1860 770 1886 ὁ
786 1860 843 1891 υἱὸς
860 1860 910 1895 τῆς

124 1901 268 1937 παιδίσκης
293 1902 362 1937 μετὰ
385 1903 431 1930 τοῦ
446 1905 505 1931 υίοῦ
517 1905 566 1940 τῆς
586 1905 742 1940 ἐλευθέρας.
763 1905 858 1940 Ἡμεῖς
870 1905 908 1939 δὲ,

123 1947 241 1982 ἀδελφοὶ,
255 1948 305 1975 οὐκ
326 1949 408 1984 ἐσμὲν
423 1951 571 1986 παιδίσκης
585 1951 677 1983 τέκνα,
692 1951 762 1977 ἀλλὰ
775 1952 824 1986 τῆς
838 1952 911 1978 ἑλευσ

124 1993 219 2028 δέρας,
237 1995 269 2029 τῇ
293 1994 436 2031 ἐλευθερίᾳ
496 1998 572 2032 ἡμᾶς
590 1997 709 2033 Χριστὸς
723 1997 907 2032 ἠλευθέρωσε.

123 2038 239 2073 Στήκετε
250 2037 308 2070 οὖν,
319 2040 366 2066 καὶ
381 2040 418 2075 μὴ
430 2041 510 2068 πάλιν
526 2041 600 2077 ζυγῷ
612 2042 734 2074 δουλείας
747 2043 881 2078 ἐνέχεσθε.
896 2053 906 2069 ι

123 2083 218 2118 Συνίης
228 2081 285 2117 οὖν,
307 2085 381 2116 ὅπως
395 2085 448 2112 τῶν
462 2085 509 2113 δύο
527 2087 664 2124 διαθηκῶν
683 2096 767 2124 φησιν
785 2088 909 2124 ἐναργῶς

122 2131 236 2162 εἰκόνας.
257 2131 349 2166 Ἀγαρ
364 2140 394 2158 τε
409 2133 456 2159 καὶ
471 2133 589 2169 Σάρραν.
609 2134 664 2161 Καὶ
682 2135 845 2170 παρεικάζει
859 2135 908 2170 μὲν

122 2175 150 2201 τὸ
162 2175 363 2210 θεραπαινίδιον
382 2178 415 2211 τῇ
441 2177 495 2204 τῶν
515 2178 651 2206 Ἰουδαίων
665 2180 763 2215 μητρὶ,
773 2180 906 2211 τουτέστι,

122 2223 151 2257 τῇ
166 2223 213 2248 ἐπὶ
224 2223 276 2257 γῆς
298 2223 487 2260 Ἰερουσαλὴμ,
505 2225 565 2251 ἐπεί
576 2233 616 2252 τοι
630 2225 752 2257 δουλείας
766 2225 907 2262 ὑπέστρω-

959 1639 1020 1666 qute
1029 1632 1112 1659 habet
1119 1633 1218 1659 virum.
1229 1632 1284 1660 Nos
1297 1636 1398 1664 autem,
1410 1632 1517 1664 fratres,
1525 1631 1673 1659 secundum
1683 1631 1757 1659 lsaac

960 1678 1152 1713 promissionis
1171 1678 1218 1705 ﬁlii
1237 1685 1342 1705 sumus.
1357 1677 1409 1705 Sed
1421 1677 1559 1713 quomodo
1579 1682 1644 1704 tunc
1665 1677 1688 1704 is
1708 1678 1756 1712 qui

960 1723 1112 1751 secundum
1127 1731 1238 1752 carnem
1257 1728 1337 1752 natus
1352 1724 1450 1756 fuerat,
1461 1723 1678 1759 persequebatur
1692 1731 1756 1750 eum

960 1769 1006 1803 qui
1018 1769 1169 1796 secundum
1189 1768 1327 1803 spiritum.
1340 1768 1376 1794 ita
1389 1772 1417 1795 et
1431 1775 1513 1794 nunc.
1538 1766 1590 1794 Sed
1603 1767 1668 1801 quid
1690 1767 1757 1794 dicit

960 1813 1117 1848 Scriptura?
1133 1813 1206 1846 Ejice
1221 1814 1347 1841 ancillam
1367 1819 1394 1840 et
1416 1812 1502 1840 ﬁlium
1517 1813 1587 1848 ejus.
1601 1812 1660 1839 Non
1682 1811 1755 1838 enim

959 1859 1047 1887 haeres
1062 1860 1116 1887 erit
1124 1860 1197 1888 ﬁlius
1207 1860 1312 1887 ancilla:
1322 1867 1384 1887 cum
1399 1859 1455 1886 ﬁlio
1470 1859 1572 1886 liberte.
1584 1859 1639 1885 Nos
1649 1863 1752 1889 autent,

958 1901 1066 1937 fratres,
1087 1913 1142 1932 non
1156 1912 1252 1932 sumus
1269 1904 1375 1931 ancillae
1388 1903 1447 1936 ﬁlii,
1464 1903 1513 1930 sed
1531 1903 1636 1935 liberae,
1657 1911 1711 1938 qua
1725 1903 1758 1930 li-

958 1949 1064 1977 bertate
1073 1949 1200 1977 Christus
1213 1957 1264 1976 nos
1275 1949 1411 1976 liberavit.
1429 1948 1505 1975 State
1523 1947 1615 1983 igitur,
1626 1952 1653 1974 et
1668 1948 1754 1974 nolite

959 1996 1132 2031 iterumjugo
1143 1995 1285 2023 servitutis
1293 1994 1428 2022 contineri
1440 1994 1472 2020 ⁵³.
1494 2003 1503 2019 ι
1520 1994 1653 2028 lntelligis
1663 1994 1755 2028 itaque

958 2049 1014 2076 quo
1028 2045 1108 2076 pacto
1130 2040 1274 2068 manifeste
1297 2039 1414 2066 duorum
1433 2042 1658 2066 testamentorum
1679 2043 1756 2074 typos

956 2094 1017 2114 esse
1032 2087 1105 2114 dicat
1122 2086 1192 2122 Agar
1210 2089 1239 2113 et
1260 2085 1366 2113 Saram.
1400 2085 1435 2112 Et
1458 2084 1616 2111 ancillulam
1644 2085 1754 2119 quidem

959 2136 1099 2167 comparat
1118 2132 1274 2159 Iudaeorum
1291 2131 1383 2163 matri,
1397 2130 1450 2157 hoc
1464 2134 1515 2162 est,
1536 2129 1661 2157 terrestri
1674 2129 1754 2157 Jeru-

958 2178 1042 2205 salem
1053 2187 1059 2204 :
1071 2177 1205 2212 siquidem
1215 2177 1356 2204 servitutis
1366 2175 1474 2211 legibus
1484 2174 1593 2201 subdita
1604 2178 1656 2206 est,
1664 2181 1754 2208 neque

960 2223 1048 2251 libero
1064 2223 1162 2258 spiritu
1177 2222 1301 2257 praedita.
1318 2221 1438 2249 Primam
1451 2227 1555 2248 veroac
1568 2219 1694 2251 liberam,
1710 2219 1755 2246 ni-

122 2276 164 2294 ται
179 2269 287 2303 νόμοις,
311 2270 359 2296 καὶ
378 2270 428 2297 οὐκ
448 2270 583 2306 ἐλευθέρῳ
598 2271 743 2307 διαπρέπει
759 2272 904 2307 πνεύματι.

963 2269 1062 2296 mirum
1072 2269 1166 2296 Saram
1200 2268 1290 2304 (cujus
1307 2268 1390 2295 etiam
1404 2273 1504 2294 nomen
1522 2265 1624 2292 idcirco
1633 2265 1754 2292 domina-

122 2314 174 2349 Τὴν
191 2314 221 2341 δέ
235 2323 266 2348 γε
281 2315 394 2351 πρώτην
407 2316 454 2343 και
472 2316 625 2352 ⁷ελευοέραν.
639 2317 711 2352 φημὶ
725 2317 755 2352 δὴ
773 2318 822 2353 τὴν
837 2317 906 2353 Σάρ-

123 2361 180 2395 ραν,
198 2361 215 2396 ἢ
227 2361 274 2387 καὶ
289 2361 428 2396 ἄρχουσα
439 2362 566 2399 ταύτῃτοι
583 2363 631 2389 καὶ
646 2363 836 2398 ἑρμηνεύεται,
857 2365 907 2398 τῆς

123 2405 187 2440 ὑψοῦ
202 2415 233 2433 τε
254 2408 302 2434 καὶ
317 2407 374 2434 ἄνω
401 2408 484 2443 φησὶν
509 2408 686 2444 Ἰερουσαλὴμ
710 2409 828 2444 ἅνῆφθαι
844 2409 908 2441 τοὺς

121 2451 229 2485 τύπους,
243 2453 406 2489 γεγενῆσθαί
417 2463 447 2480 τε
468 2455 575 2490 μητέρα
589 2454 793 2482 διαϐεϐαιοῦται
814 2455 906 2489 σαφῶς

122 2498 173 2525 τῶν
194 2499 224 2525 ἐν
251 2500 342 2526 πίστει
363 2499 596 2535 δεδικαιωμένων,
621 2501 668 2528 καὶ
690 2501 720 2533 ἐξ
742 2501 907 2535 ἐπαγγελίας

123 2544 185 2570 Θεοῦ
201 2544 397 2580 κεκλημένων,
418 2546 457 2577 είς
471 2546 502 2572 σὺ
515 2543 585 2573 εἶναι
599 2546 682 2573 τέκνα
701 2546 748 2572 τοῦ
771 2546 905 2581 Ἀϐραάμ.

125 2599 133 2615 ι
155 2591 249 2626 Ἡμεῖς
268 2591 338 2626 γὰρ,
361 2599 369 2617 ι
394 2591 470 2626 φησι,
496 2601 505 2617 ‹
529 2592 599 2618 κατὰ
625 2592 718 2619 Ἰσαὰκ
739 2592 906 2626 ἐπαγγελίας

121 2633 198 2662 τέκνα
216 2635 309 2670 ἐσμέν.
332 2646 341 2662 ι
365 2637 591 2672 Ἦλευοερώμεθα
605 2637 659 2673 γὰρ
673 2638 701 2664 ὲν
724 2638 849 2673 Χριστῷ,
870 2638 902 2664 δι’

121 2678 148 2707 οὗ
163 2681 209 2707 καὶ
233 2682 262 2707 ἐν
279 2678 347 2715 ᾦατὸ
363 2682 434 2709 θεῖον
454 2683 503 2709 καὶ
527 2683 629 2710 ἄνωθεν
652 2683 903 2715 καταπλιουτοῦντες

123 2725 234 2760 πνεῦμα,
248 2728 477 2762 κατατετάγμεοα
495 2729 542 2763 μὲν
559 2729 587 2755 ὲν
607 2729 713 2761 τέκνοις
732 2729 811 2762 Θεοῦ,
826 2729 902 2763 Κρά-

120 2771 200 2806 ζὶλμεν
212 2772 253 2805 δὲ,
268 2772 351 2801 Ἀϐεᾶ
362 2775 378 2800 ὀ
392 2775 502 2809 Πατὴρ,
516 2775 561 2801 καὶ
574 2775 737 2810 κληρονόμοι
751 2775 901 2810 γεγόναμεν

958 2316 1012 2342 trix
1037 2313 1256 2350 interpretatur),
1282 2313 1410 2341 sublimis
1431 2312 1505 2339 illius
1532 2315 1613 2346 atque
1630 2318 1755 2346 Superum

958 2360 1110 2387 Jerusalem
1120 2364 1212 2395 typum
1227 2366 1283 2394 prae
1293 2366 1322 2386 se
1333 2358 1407 2385 ferre
1420 2356 1468 2388 ait,
1481 2360 1652 2391 matremque
1661 2361 1755 2390 aperte

957 2405 1056 2433 factam
1066 2413 1127 2433 esse
1137 2405 1280 2433 conﬁrmat
1303 2411 1399 2432 eorum
1416 2403 1464 2438 qui
1489 2410 1539 2437 per
1553 2402 1636 2429 ﬁdem
1652 2401 1752 2437 justiﬁ-

958 2451 1012 2478 cati
1025 2455 1098 2483 sunt,
1114 2454 1141 2478 et
1162 2458 1196 2477 ex
1215 2449 1398 2485 promissione
1413 2448 1461 2476 Dei
1489 2446 1588 2479 vocati,
1611 2451 1641 2481 ut
1662 2451 1755 2473 essent
1771 2441 1775 2444 ’

958 2497 1006 2524 ﬁlii
1028 2497 1155 2524 Abrahae.
1181 2505 1189 2521 ι
1212 2495 1268 2522 Nos
1294 2495 1379 2527 enim,
1403 2505 1412 2520 ι
1440 2494 1539 2530 inquit,
1572 2502 1581 2519 ι
1602 2492 1754 2520 secundum

955 2542 1030 2569 lsaac
1044 2540 1235 2577 promissionis
1247 2540 1296 2567 ﬁlii
1311 2548 1406 2567 sumus
1420 2540 1454 2573 ³ο,
1477 2549 1485 2565 ι
1501 2540 1655 2567 libertatem
1666 2537 1753 2574 siqui-

955 2588 1017 2614 dem
1040 2585 1183 2615 consecuti
1205 2593 1301 2613 sumus
1317 2593 1366 2620 per
1380 2585 1531 2617 Christum,
1560 2593 1609 2619 per
1626 2592 1707 2619 quem
1725 2589 1752 2612 et

957 2634 985 2661 in
1005 2641 1060 2668 quo
1079 2633 1201 2660 divinum
1217 2640 1249 2659 ac
1264 2632 1402 2660 cmlestem
1423 2633 1549 2667 spiritum
1565 2632 1667 2666 adepti,
1681 2632 1752 2658 inter

957 2681 1028 2708 ﬁlios
1042 2681 1089 2708 Dei
1106 2681 1246 2709 constituti
1266 2688 1379 2712 sumus;
1397 2680 1543 2707 clamamus
1564 2685 1655 2707 autem
1667 2681 1748 2714 Abba,

959 2728 1052 2759 Pater,
1060 2732 1087 2754 ct
1096 2726 1219 2753 hmredes
1227 2726 1290 2753 facti
1297 2734 1392 2753 sumus
1402 2725 1536 2752 bonorum
1544 2726 1565 2741 “
1577 2732 1638 2759 quin
1650 2725 1751 2751 sanctis

956 2774 1172 2809 suntpromissa,
1187 2775 1298 2809 jurantc
1317 2778 1423 2800 tantum
1437 2780 1490 2800 non
1506 2781 1554 2807 per
1570 2771 1747 2806 semetipsum

168 2830 188 2844 "
204 2829 339 2863 Exoduv,
353 2831 396 2858 2‘2.
433 2831 455 2848 “
469 2833 548 2860 Rom.
571 2841 605 2866 ιγ,
627 2833 670 2860 15.
710 2833 731 2848 ⁵³
747 2832 834 2861 Galat.
851 2841 887 2865 Iv,
906 2833 1001 2859 ιιι-δι.
1041 2833 1064 2849 ⁸ο
1077 2833 1155 2861 Rom,
1171 2832 1248 2865 Ix,8;
1263 2832 1349 2858 Calai.
1363 2839 1397 2862 Iv,
1412 2830 1455 2856 €28.
1495 2831 1513 2845 "
1531 2830 1607 2856 Rom.
1625 2837 1680 2860 \‘lll,
1697 2829 1745 2856 lii:

120 2864 201 2892 Galat.
225 2873 264 2897 ιιι,
284 2867 311 2892 ti.
