1990 3046
247 154 300 182 ην

764 154 791 183 S.
812 154 948 183 CYRlLLl
969 153 1202 182 ALEXANDRINI
1221 154 1380 182 AﬁClilEP.

1824 151 1877 179 428

247 212 313 239 Deo.
331 210 494 239 Contlnctur
516 211 590 239 enim
611 211 638 239 in
662 211 818 247 juramento
838 213 926 239 Patris
943 212 1027 239 Filius

1092 212 1146 238 τῶν
1171 211 1384 247 ἐπηγγελμένων
1402 211 1458 243 τοῖς
1478 209 1571 245 ἁγίοις·
1585 209 1711 245 ἀγαθῶν,
1736 200 1879 245 μονονουῇ

247 257 305 283 sive
319 257 380 292 ejus
403 257 574 292 mysterium.
590 255 739 284 Consuevit
757 257 831 284 enim
847 257 926 284 Pater
947 257 1040 292 jurare

248 310 297 338 per
308 302 445 337 propriam
461 303 590 329 virtutem
600 302 671 330 Filii.
683 302 770 337 Atque
782 303 834 329 hoc
840 302 982 337 estjurare
991 309 1040 337 per

247 349 435 384 semetipsum.
453 348 594 383 Siquidem
609 357 663 376 non
681 349 751 376 alius
770 348 804 375 ab
819 347 878 383 ipso
891 353 932 376 est
944 349 1038 382 Filius,

249 394 303 428 76
316 394 466 422 secundum
488 395 614 422 essentiae
635 394 778 426 rationem,
797 393 918 428 inquam,
933 399 960 421 et
978 395 1042 422 Dei-

249 440 314 468 tatis
341 441 521 468 identitatem.
538 441 641 468 ldcirco
666 440 776 468 divinus
793 441 908 476 Moyses,
931 441 1040 476 quando

250 485 329 513 nobis
348 486 484 520 jurantem
511 487 596 513 Deum
615 486 745 518 ostendit,
770 486 907 514 dicentem
922 487 995 520 facit,
1013 492 1041 515 et

249 529 361 563 quidem
379 529 542 557 manifeste:
560 539 569 555 ‹
590 529 658 562 Quia
683 530 749 558 tollo
765 531 793 557 in
812 532 911 558 caelum
928 538 1039 559 manum

249 581 348 606 meam,
362 579 389 601 ct
399 575 463 609 juro
472 582 521 609 per
528 574 668 602 dexteram
681 583 768 603 meam
783 577 830 603 τ’.»
842 577 956 605 Dextera
965 579 1039 605 enim

249 620 298 647 Dei
312 628 344 648 ac
361 621 449 648 Patris
464 626 506 648 est
525 621 620 654 Filius,
634 630 683 657 per
700 630 781 658 quem
803 623 940 651 universis
951 624 1039 652 domi-

249 669 340 697 natur,
362 667 524 700 cunctisque
542 666 658 702 imperat
679 671 707 694 et
723 668 814 695 divine
832 674 972 704 operatur,
989 678 1039 698 vo-

249 717 314 737 cans
324 718 355 738 ea
366 719 426 745 quae
439 719 495 739 non
509 717 574 740 sunt
593 713 626 740 ad
640 717 742 746 ortum,
760 719 787 742 et
806 714 839 742 iis
852 723 912 750 quae
925 715 981 750 jam
996 724 1040 757 qr-

249 761 306 784 tum
327 761 503 792 acceperunt,
531 763 562 786 ut
590 763 664 786 recte
694 767 723 787 se
749 759 878 791 habeant.
904 760 1037 788 tribuens.

248 801 381 834 Quocirca
396 803 574 837 jurejurando
598 804 758 839 interposito
772 804 806 832 ad
825 805 1038 834 conﬁrmandam

249 847 405 876 haeredibus
414 849 603 883 promissionis
624 850 714 883 ﬁdem,
727 851 874 879 Salvatoris
885 853 971 880 nostri
980 861 1038 888 my-

1091 257 1334 292 xat,6p.wpox6'co;
1361 256 1422 284 καθ’
1441 256 1537 284 ἑαυτοῦ
1553 255 1600 283 τοῦ
1615 255 1692 282 Θεοῦ.
1711 254 1877 290 Παρελήφθη

1090 301 1145 337 γὰρ
1156 302 1194 334 ὡς
1210 304 1239 329 ἐν
1252 303 1325 339 ὅρκῳ
1339 302 1387 330 τοῦ
1404 303 1509 338 Πατρδς
1522 303 1536 328 6
1547 302 1612 334 υίὸς,
1629 301 1688 337 ἦτοι
1702 301 1733 328 τὸ
1747 301 1790 328 ἐπ’
1801 300 1878 336 αὐτῷ

1092 349 1251 385 μυστήριον.
1269 349 1351 381 Ἔθος
1367 348 1420 384 γὰρ
1439 348 1553 384 ὀμνύναι
1573 347 1612 383 τῷ
1632 347 1720 383 Πατρὶ
1740 346 1778 379 ὡς
1803 346 1878 374 κατὰ

1092 393 1159 425 ίδίας
1173 393 1314 429 δυνάμεως
1329 395 1375 421 τοῦ
1395 393 1472 428 Υίοῦ,
1489 393 1536 421 καὶ
1552 393 1630 420 τοῦτό
1647 393 1705 420 ἐστι
1717 393 1747 419 τὺ
1760 392 1877 428 ὀμνύναι

1090 439 1151 466 καθ’
1177 439 1283 467 ἑαυτοῦ.
1315 440 1445 476 Ἐπείπερ
1467 440 1516 475 οὐχ
1540 439 1633 475 ἔτερος
1665 439 1732 474 παρ’
1759 438 1841 465 αὑτὸν
1861 438 1878 464 6

1090 485 1165 517 Υἱὸς,
1187 486 1258 513 κατά
1270 494 1313 520 γε,
1331 486 1414 521 φημὶ,
1428 486 1476 521 τῆς
1494 485 1586 518 οὐσίας
1607 485 1653 512 τὸν
1672 485 1761 518 λόγον,
1779 484 1826 511 καὶ
1844 485 1876 510 τδ

1089 531 1187 558 ταυτὸν
1202 532 1252 567 τῆς
1274 531 1412 566 θεότητος.
1430 531 1485 558 Καὶ
1499 531 1564 566 γοῦν
1586 531 1600 557 ὁ
1615 530 1757 561 θεσπέσιος
1772 529 1876 563 Μωσῆς

1090 576 1135 603 ὅτε
1149 576 1268 611 δέδειχεν
1287 577 1352 612 ἡμῖν
1370 576 1492 611 ὀμνύντα
1505 576 1582 608 Θεὸν,
1601 575 1810 611 παρακεκόμικε
1831 574 1876 600 λέ-

1090 630 1172 655 γοντα
1187 623 1234 649 καὶ
1252 622 1326 656 μάλα
1343 622 1448 656 σαφῶς,
1461 622 1501 648 δτι
1524 631 1534 647 ι
1559 621 1586 647 Ἀ
1593 620 1631 655 ρῶ
1648 621 1687 652 είς
1702 619 1747 646 τὸν
1761 618 1876 654 οὐρανὸν

1089 668 1139 703 τὴν
1156 668 1235 703 χεῖρά
1253 677 1319 703 μου,
1336 668 1384 694 καὶ
1399 667 1520 703 ὀμοῦμαι
1539 668 1572 702 τῇ
1583 665 1660 701 δεξιᾷ
1679 674 1740 701 μου.
1762 675 1771 690 ι
1793 663 1875 696 Δεξιὰ

1089 714 1145 749 γὰρ
1158 714 1204 741 τοῦ
1221 714 1290 741 Θεοῦ
1311 715 1358 742 καὶ
1378 715 1494 750 Πατρδς,
1511 715 1524 741 ὁ
1542 714 1615 746 Υίδς,
1630 713 1664 739 δι’
1685 710 1719 749 ἦς
1733 712 1787 738 τῶν
1805 712 1875 738 ὅλων

1089 762 1276 796 κατακρατεϊ,
1292 761 1339 788 καὶ
1355 761 1437 788 οἱονεὶ
1456 760 1503 787 τοῦ
1526 760 1626 792 παντὸς
1646 758 1874 794 καταδράσσεται,

1089 806 1136 833 καὶ
1150 806 1309 842 θεοπρεπῶς
1331 806 1478 842 ἐργάζεται
1501 806 1592 833 καλῶν
1611 805 1646 832 τὰ
1661 805 1711 832 οὐκ
1724 804 1787 831 ὂντα
1807 802 1876 839 πρὸς

1089 851 1206 885 γένεσιν,
1224 852 1271 878 καὶ
1288 853 1343 884 τοῖς
1369 852 1420 887 ἤδη
1440 851 1576 886 γεγονόσι,
1591 850 1622 877 τὺ
1645 847 1674 877 εὖ
1698 848 1769 876 εἶναι
1785 847 1876 875 διανέ-

248 893 362 921 sterium
372 895 540 927 continetur,
555 895 741 931 flguratusque
756 901 798 924 est
814 897 898 925 veluti
910 897 937 925 in
952 898 1027 926 vituli

1091 904 1159 930 μων.
1185 896 1290 923 Οὐκοῦν
1319 896 1357 928 ὡς
1380 897 1409 923 ὲν
1432 897 1513 932 ὅρκου
1538 896 1618 931 χρείᾳ
1641 893 1812 930 βεϐαιοῦντος
1834 893 1875 924 είς

247 938 383 972 Christus,
398 940 466 967 etin
484 948 564 975 capra
580 945 608 968 et
625 942 720 974 ariete,
735 950 768 970 ac
787 943 872 971 veluti
883 943 911 970 in
929 943 1036 972 duabus

247 984 354 1016 nvibus,
368 989 485 1017 turture,
500 986 621 1021 inquam,
636 991 663 1014 et
684 988 820 1015 columba.
839 987 967 1021 Quaenam
985 996 1035 1016 au-

249 1033 302 1055 tem
314 1029 396 1057 etiam
413 1030 496 1066 hujus
509 1031 548 1058 rei
566 1031 637 1059 ratio
658 1032 704 1065 sit,
719 1033 808 1068 quoad
823 1038 928 1068 potero,
946 1033 1034 1069 expli-

247 1075 325 1104 cabo.

280 1212 306 1240 8.
326 1214 527 1250 Nonnunquam
540 1215 612 1243 enim
632 1216 667 1244 ob
689 1217 826 1252 ingentem
843 1217 1032 1246 fortitudinem

243 1263 328 1294 atque
346 1260 532 1295 insuperabile
557 1262 652 1294 robur,
663 1262 788 1290 divinum
813 1272 929 1299 nempe,
950 1265 1032 1292 vitulo

244 1311 434 1340 comparatur;
453 1315 649 1342 nonnunquam
661 1316 727 1335 vero
746 1314 858 1344 propter
875 1310 1031 1338 humanita-

245 1355 310 1383 tem,
324 1356 352 1378 et
367 1352 440 1386 quod
454 1352 542 1380 factus
556 1353 592 1380 sit
603 1353 654 1380 sub
667 1354 735 1389 lege,
748 1355 832 1382 vitula
843 1361 964 1383 vocatur.
984 1357 1032 1384 Mi-

243 1405 296 1425 nus
308 1398 381 1424 enim
393 1406 500 1433 semper
510 1402 552 1426 est
563 1404 643 1434 atque
656 1400 770 1427 inferius
780 1401 887 1429 femella
899 1403 1029 1436 masculo,

243 1443 284 1470 vel
290 1443 328 1470 uti
341 1443 481 1477 superiore
493 1451 523 1470 ac
535 1445 734 1478 praestantiore.
746 1445 860 1473 Omnem
872 1447 945 1474 enim
956 1455 1031 1476 crea-

244 1492 333 1514 turam
355 1492 466 1522 superat
488 1488 582 1520 Filius,
597 1493 625 1516 et
646 1489 852 1525 incomparabili
869 1492 1030 1521 excellentia

240 1537 397 1560 creatorum
412 1539 539 1562 naturam
557 1536 704 1568 antecedit,
717 1537 836 1564 radicem
855 1537 961 1566 habens
980 1547 1028 1566 su-

242 1586 366 1613 premum
377 1579 500 1606 omnium
510 1580 629 1612 Patrem,
641 1580 737 1613 Deum,
749 1581 871 1616 inquam.
882 1583 1028 1618 Postquam

242 1633 307 1653 vero
320 1626 480 1653 incarnatus
492 1630 544 1657 est,
563 1625 614 1653 sub
630 1627 688 1661 lege
704 1631 747 1654 est
762 1627 860 1655 factus.
882 1627 986 1656 Idcirco
999 1633 1028 1656 et

239 1672 279 1699 ait
300 1681 306 1698 :
333 1682 341 1696 ι
356 1671 415 1699 Non
436 1672 499 1699 veni
521 1672 629 1699 solvere
652 1673 750 1707 legem,
768 1673 815 1700 sed
836 1673 948 1708 implere
967 1675 1000 1701 ⁸³.
1014 1684 1023 1701 ι

243 1717 409 1745 Tribuemus
428 1723 520 1745 autem
537 1718 574 1751 id,
589 1719 611 1746 si
634 1724 708 1746 recte
723 1720 825 1747 sentire
838 1720 964 1753 velimus,
978 1730 1026 1748 ex-

241 1763 400 1790 lnauitioni.
424 1763 529 1791 Idcirco
554 1764 638 1791 vitula
665 1765 766 1792 dicitur
782 1765 918 1797 Christus,
935 1767 1026 1802 Moyse

241 1809 309 1844 legis
325 1809 422 1836 faciem
443 1810 619 1845 adimplente,
630 1811 674 1838 vel
685 1810 798 1838 deﬁnita
812 1819 861 1846 per
878 1819 940 1839 eum
956 1813 1024 1848 lege.

241 1854 416 1882 Assimilatur
427 1859 518 1882 autem
532 1855 614 1883 etiam
626 1864 723 1892 caprea.
737 1855 796 1889 Qua
807 1857 841 1884 de
855 1858 956 1885 causa?
969 1857 1025 1885 Ob-

241 1900 302 1927 tulit
317 1900 391 1928 enim
407 1901 526 1937 scipsum
540 1909 590 1936 pro
607 1901 726 1936 peccatis
743 1903 859 1934 nostris,
875 1904 1024 1930 secundum

239 1945 406 1984 Scripturas.
421 1947 519 1974 Hircus
527 1951 619 1974 autem
632 1947 660 1974 in
674 1947 734 1982 lege
745 1947 909 1976 sacriﬁcium
920 1954 963 1977 est
974 1957 1025 1985 pro

237 1996 360 2030 peccato.
375 1992 554 2027 Comparatur
573 2001 638 2021 vero
660 1993 742 2020 etiam
758 1994 845 2026 arieti,
866 1994 928 2022 ideo
950 1996 1022 2030 quod

238 2028 379 2065 rationalis
392 2038 480 2073 gregis
492 2038 527 2066 sit
537 2039 601 2066 dux.
613 2039 716 2067 Unicus
726 2040 799 2066 enim
811 2039 866 2067 dux
880 2044 973 2068 noster
981 2045 1024 2069 est

236 2082 373 2115 Christus,
386 2087 415 2111 et
437 2091 487 2111 nos
500 2084 611 2118 quidem
631 2093 640 2109 ι
656 2084 774 2119 populus
790 2093 897 2120 pascuzc
916 2086 975 2121 ejus
995 2091 1023 2114 et

235 2134 301 2154 oves
317 2130 413 2154 m'anus
427 2128 486 2163 ejus
499 2129 544 2161 δν,
559 2138 568 2154 ι
587 2129 658 2156 sicut
670 2130 803 2164 scriptum
815 2134 865 2157 est.
875 2131 1021 2166 Postquam

233 2181 301 2212 vero
320 2173 486 2201 assimilatus
504 2177 546 2202 est
564 2182 613 2209 per
634 2174 725 2202 omnia
737 2175 878 2208 fratribus,
899 2176 951 2204 hoc
967 2181 1018 2210 est,

1087 941 1179 967 πίστιν
1198 941 1249 976 τῆς
1272 941 1439 976 ἐπαγγελίας
1459 941 1522 973 τοὺς
1547 940 1749 975 κληρονόμους,
1771 937 1802 964 τὸ
1824 935 1873 964 τοῦ

1086 986 1211 1022 Σωτῆρος
1233 986 1311 1022 ἡμῶν
1334 987 1494 1024 παρελήφθη
1522 986 1679 1022 μυστήριον.
1702 984 1756 1011 Καὶ
1774 984 1872 1010 ἀνετυ-

1086 1032 1168 1060 mito
1181 1033 1213 1068 δὴ
1230 1033 1328 1069 μᾶλλον
1343 1033 1380 1065 ὡς
1390 1034 1418 1060 ὲν
1432 1033 1544 1068 δαμάλει
1558 1031 1685 1067 Χριστὸς,
1700 1031 1746 1057 καὶ
1758 1030 1811 1066 μὴν
1823 1029 1872 1056 καὶ

1085 1077 1153 1111 αίγὶ,
1171 1077 1218 1104 καὶ
1234 1077 1313 1113 κριῷ,
1331 1078 1377 1104 καὶ
1391 1077 1429 1109 ὡς
1445 1078 1473 1104 ἐν
1489 1077 1561 1103 δυοῖν
1584 1075 1745 1111 στρουθίοιν,
1760 1074 1870 1109 τρυγόνι

1083 1130 1124 1154 τε,
1141 1123 1222 1158 φημὶ,
1238 1123 1283 1150 καὶ
1305 1124 1463 1159 περιστερᾷ.
1484 1123 1538 1150 Καὶ
1548 1123 1589 1154 τίς
1598 1122 1629 1149 ἂν
1647 1123 1661 1149 6
1675 1121 1768 1148 τούτου
1785 1121 1871 1148 νοοῖτο

1083 1166 1172 1201 λόγος,
1183 1168 1254 1195 κατὰ
1270 1169 1299 1195 τὸ
1309 1169 1446 1204 ἐγχωροῦν
1460 1169 1647 1204 ἀφηγήσομαι.

1118 1215 1153 1250 η’.
1172 1215 1240 1242 Ποτὲ
1257 1215 1307 1249 μὲν
1320 1215 1374 1250 γὰρ
1387 1215 1431 1242 διὰ
1445 1215 1475 1242 τὸ
1488 1215 1557 1249 ἄγαν
1572 1213 1697 1245 εὐσθενὲς
1711 1213 1757 1240 καὶ
1771 1213 1870 1240 ἀκατα-

1082 1260 1213 1295 γώνιστον
1240 1261 1280 1292 είς
1307 1260 1403 1296 ἀλκὴν,
1426 1261 1504 1296 δῆλον
1526 1260 1555 1286 δὲ
1579 1260 1619 1286 ὅτι
1642 1259 1690 1294 τὴν
1718 1258 1867 1293 θεοπρεπῆ,

1079 1307 1186 1342 μόσχῳ
1201 1307 1407 1342 παρεικάξεται.
1428 1306 1497 1333 Ποτὲ
1512 1306 1540 1332 δὲ
1560 1303 1604 1336 αὖ,
1620 1304 1665 1332 διὰ
1683 1304 1713 1330 τὺ
1731 1303 1869 1338 ἀνθρώπι-

1082 1362 1136 1385 νον,
1157 1354 1204 1381 καὶ
1218 1353 1279 1382 ἐπεί
1292 1361 1334 1380 τοι
1356 1352 1468 1388 γέγονεν
1482 1352 1534 1379 ὑπὸ
1544 1352 1628 1388 νόμον
1639 1371 1646 1383 ,
1665 1351 1793 1385 δάμαλις
1807 1349 1868 1376 ὀνο-

1083 1399 1209 1435 μάζεται.
1229 1398 1353 1425 Κατόπιν
1372 1399 1426 1434 γάρ
1447 1406 1506 1430 πως
1533 1398 1577 1424 ἀεὶ
1602 1397 1649 1424 καὶ
1679 1397 1707 1423 ἐν
1732 1396 1868 1432 μείων-,εδ

1081 1445 1147 1480 θῆλυ
1174 1444 1221 1471 τοῦ
1245 1444 1360 1480 ἄρρενος
1383 1444 1421 1476 ὡς
1446 1442 1597 1479 ἡγουμένου
1622 1443 1669 1469 καὶ
1693 1441 1866 1477 προῦχοντος.

1086 1489 1208 1524 ’Λπάσης
1232 1489 1285 1524 μὲν
1307 1489 1364 1523 γὰρ
1391 1488 1520 1515 ἐπέκεινα
1542 1488 1656 1519 κτίσεως
1676 1488 1690 1514 6
1713 1487 1794 1519 Υἱὸς,
1820 1486 1868 1514 καὶ

1079 1534 1255 1570 ἀσυγκρίτοις
1270 1534 1417 1570 ὑπεροχαῖς
1433 1534 1481 1569 τὴν
1513 1534 1567 1561 τῶν
1580 1533 1700 1569 γενητῶν
1717 1533 1866 1569 ὑπερφέρει

1079 1581 1159 1615 φύσιν
1172 1589 1202 1607 τε
1223 1580 1270 1608 καὶ
1286 1579 1365 1612 δόξαν
1375 1600 1382 1612 ,
1402 1580 1477 1616 ῥίζαν
1491 1580 1562 1614 ἔχων
1578 1580 1627 1614 τὴν
1644 1579 1784 1613 ἀνωτάτην
1794 1599 1802 1610 ,
1820 1579 1865 1605 τὸν

1077 1626 1132 1653 τῶν
1152 1626 1220 1653 ὅλων
1241 1627 1353 1662 Πατέρα
1388 1626 1461 1662 φημὶ
1484 1626 1515 1662 δὴ
1538 1626 1585 1652 καὶ
1607 1625 1683 1652 Θεόν.
1705 1625 1813 1660 Ἐπειδὴ
1836 1624 1865 1652 δὲ

1078 1671 1184 1707 πέφυκε
1197 1672 1257 1699 καθ’
1269 1673 1353 1708 ἡμᾶς,
1366 1672 1570 1708 κεχρημάτικεν
1583 1671 1634 1698 ὑπὸ
1647 1671 1728 1707 νόμον
1738 1671 1775 1703 ὡς
1787 1670 1865 1705 ἠγού-

1079 1727 1169 1753 μενον.
1177 1717 1320 1753 Τοιγάρτοι
1338 1718 1385 1745 καὶ
1401 1718 1545 1752 Εφασκεν·‹
1557 1717 1613 1744 Οὐκ
1625 1715 1705 1752 ἦλθον
1715 1715 1864 1744 καταλῦσαι

1076 1764 1122 1791 τὸν
1138 1764 1237 1800 νόμον,
1256 1764 1323 1791 ἀλλὰ
1349 1764 1504 1799 πληρῶσαι.
1521 1773 1532 1790 ι
1552 1762 1737 1798 Ἀναθήσομεν
1758 1762 1786 1789 δὲ
1817 1762 1864 1791 καὶ

1075 1809 1154 1836 τοῦτο
1167 1811 1223 1841 τοῖς
1234 1811 1283 1844 τῆς
1298 1809 1439 1841 κενώσεως
1458 1809 1578 1845 μέτροις,
1595 1807 1662 1843 ὀρθὰ
1677 1808 1784 1842 φρονεῖν
1795 1808 1860 1842 ᾑρηι

1078 1855 1162 1890 μένοι.
1180 1855 1229 1881 Διὰ
1243 1854 1322 1881 τοῦτο
1337 1854 1464 1889 δάμαλις
1477 1854 1491 1880 ό
1504 1853 1622 1889 Χριστος
1633 1873 1640 1883 ,
1659 1852 1690 1879 τδ
1707 1852 1754 1879 τοῦ
1778 1851 1862 1887 νόμου

1075 1901 1222 1936 ’πρόσωπον
1247 1899 1466 1936 ὰναπληροῦντος
1489 1899 1626 1931 Μωσέως,
1647 1899 1706 1934 ἤτοι
1730 1897 1778 1925 τοῦ
1802 1898 1861 1924 κατ’

1075 1947 1155 1974 αὑτὸν
1169 1947 1324 1983 ὁρισθέντος
1340 1947 1434 1982 νόμου.
1465 1945 1658 1981 Ἀφομοιοῦται
1683 1944 1710 1971 δὲ
1727 1945 1775 1971 καὶ
1787 1944 1859 1979 alrl.

1074 1993 1123 2020 Διὰ
1140 1993 1220 2020 ποίαν
1241 1993 1347 2025 αίτίαν;
1373 1991 1580 2027 Προσκεκόμικε
1599 1990 1653 2026 γὰρ
1676 1989 1772 2017 ἑαυτὸν
1789 1989 1861 2026 ὑπὲρ

1072 2039 1127 2066 τῶν
1139 2039 1279 2075 ἁμαρτιῶν
1293 2039 1386 2075 ἡμῶν,
1399 2039 1469 2066 κατὰ
1489 2037 1540 2070 τὰς
1556 2038 1678 2073 Γραφάς.
1694 2038 1819 2074 Χίμαρος
1830 2038 1859 2064 δὲ

1072 2085 1102 2112 τὸ
1119 2086 1188 2121 ὑπὲρ
1211 2085 1348 2120 ἁμαρτίας
1371 2084 1445 2120 θῦμα
1458 2084 1529 2111 κατὰ
1545 2084 1590 2111 τὸν
1604 2084 1694 2119 νόμον.
1712 2083 1859 2119 Παραϐάλ-

1072 2131 1147 2158 λεται
1159 2131 1186 2158 δὲ
1206 2131 1255 2158 καὶ
1268 2131 1350 2165 κριῷ,
1363 2130 1407 2158 διὰ
1420 2131 1450 2158 τὸ
1463 2131 1517 2158 τῶν
1529 2130 1648 2165 λογικῶν
1663 2130 1789 2165 ἡγεῖσθαι
1803 2139 1858 2157 ποι-

1074 2177 1168 2212 μνίων.
1186 2173 1234 2208 Εἷς
1254 2175 1309 2212 γὰρ
1333 2175 1412 2210 ἡμῶν
1433 2176 1491 2202 ἐστι
1514 2175 1673 2210 καθηγητὴς
1696 2175 1710 2201 6
1731 2174 1856 2210 Χριστός.

235 2219 323 2251 nobis,
336 2219 484 2248 demittens
497 2220 617 2255 seipsum
629 2220 662 2247 ad
678 2221 901 2254 cxinanitionem,
915 2222 1019 2249 descri-

1079 2223 1127 2250 Καὶ
1137 2223 1217 2258 ἡμεῖς
1235 2222 1285 2257 μὲν
1302 2221 1365 2253 λαὸς
1379 2221 1466 2256 νομῆς
1483 2221 1566 2248 αὑτοῦ
1590 2221 1638 2247 καὶ
1660 2220 1785 2256 πρόϐατα
1800 2229 1857 2256 χει-

234 2263 309 2291 bitur
321 2264 433 2299 quidem
448 2265 476 2292 in
495 2266 586 2298 ‘m’ete,
602 2266 817 2302 intelligiturque
832 2262 979 2302 perfectus’
987 2276 1019 2296 ac

233 2309 298 2337 dux.
314 2311 419 2339 Arietes
438 2311 511 2338 enim
533 2319 641 2346 semper
660 2317 724 2339 sunt
744 2320 857 2348 gregum
878 2313 1016 2341 ductores.

232 2354 305 2382 Idem
326 2355 417 2390 itaque
435 2360 463 2383 et
478 2356 561 2383 vitula
576 2361 629 2389 est,
647 2364 680 2385 eo
696 2358 768 2393 quod
788 2358 839 2386 sub
856 2359 916 2394 lege
928 2359 974 2391 sit,
990 2364 1018 2387 et

231 2400 312 2427 etiam
330 2401 415 2428 veluti
428 2409 521 2436 capra,
541 2402 650 2430 victima
670 2411 720 2438 pro
737 2408 866 2438 peccato;
885 2409 1016 2439 praeterea

231 2446 299 2472 aries
317 2449 347 2472 ut
356 2445 421 2473 dux.
434 2446 518 2482 Cujus
533 2449 654 2484 vestigiis
667 2449 794 2476 insistere
808 2450 960 2484 cupientes,
973 2455 1016 2477 at-

230 2499 283 2526 que
299 2492 505 2524 contendentes,
522 2485 558 2520 ‘in
580 2494 660 2521 bonis
684 2494 803 2529 pascuis,
828 2499 857 2522 et
877 2505 885 2521 ι
901 2495 929 2522 in
953 2496 1014 2523 loco

231 2537 324 2572 pingui
345 2538 449 2565 erimus
469 2539 610 2566 constituti
623 2540 657 2572 ",
672 2550 681 2566 ι
703 2541 756 2575 77
777 2542 853 2576 juxta
875 2542 1014 2577 prophetae

229 2590 334 2615 vocem,
348 2587 376 2610 et
390 2583 418 2610 in
431 2585 516 2612 sacris
528 2585 643 2612 stabulis
663 2585 873 2613 diversahimur.
892 2587 1014 2615 Deducet

227 2628 300 2654 enim
314 2636 364 2655 nos
383 2629 410 2656 in
431 2630 557 2658 caelestes
580 2632 735 2659 mansiones
756 2633 813 2667 ipse
836 2639 864 2660 et
885 2633 967 2664 aries,
986 2639 1015 2661 ct

226 2680 351 2702 summus
364 2679 466 2709 pastor,
485 2680 512 2703 et
532 2677 616 2704 veluti
633 2686 705 2705 unus
726 2687 759 2706 ex
779 2679 859 2706 nobis
878 2680 929 2706 sub
943 2679 1012 2714 lege,

226 2723 308 2753 atque
320 2727 403 2755 supra
415 2721 512 2756 legem,
526 2725 556 2748 ut
570 2722 641 2750 Deus
653 2723 710 2758 ipse
730 2723 819 2751 omnis
841 2723 1012 2759 justiﬁcatio,

226 2765 332 2793 tametsi
353 2775 362 2791 ι
376 2766 448 2794 inter
461 2767 569 2803 iniquos
585 2772 726 2804 reputatus
739 2770 826 2802 est",
841 2780 849 2796 ι
863 2774 891 2798 et
905 2778 954 2805 pro
965 2777 1014 2797 no-

1072 2269 1116 2304 ρος
1129 2268 1223 2299 αὑτοῦ,
1237 2268 1308 2294 κατὰ
1321 2267 1352 2293 τὸ
1363 2267 1567 2302 γεγραμμένον.
1585 2266 1694 2301 Ἐπειδὴ
1709 2266 1736 2292 δὲ
1748 2265 1855 2301 ὡμοιὼν

1069 2314 1102 2349 θη
1113 2314 1184 2340 κατὰ.
1196 2313 1284 2341 πάντα
1297 2314 1353 2345 τοῖς
1370 2313 1503 2347 ἀδελφοῖς,
1514 2312 1652 2339 τουτέστιν
1666 2312 1742 2348 ἡμῖν,
1761 2311 1855 2344 καθεὶς

1068 2360 1162 2387 ἑαυτὸν
1180 2361 1220 2391 είς
1235 2359 1365 2392 κένωσιν,
1380 2359 1516 2394 γράφεται
1536 2358 1586 2394 μὲν
1608 2358 1637 2384 ἐν
1650 2356 1722 2392 κριῷ
1732 2379 1739 2389 ,
1754 2357 1854 2384 νοεῖται

1067 2414 1099 2440 γε
1122 2406 1174 2441 μὴν
1199 2405 1360 2441 ἡγούμενος.
1384 2404 1465 2441 Κριοὶ
1488 2404 1543 2440 γὰρ
1567 2404 1610 2431 ἀεὶ
1632 2403 1683 2439 τῆς
1704 2403 1803 2438 ἀγέλης
1829 2403 1854 2430 οι

1067 2450 1239 2486 προῦχον-τες.
1266 2450 1295 2477 '0
1314 2449 1394 2481 αὐτὸς
1409 2447 1456 2476 οὖν
1471 2449 1525 2484 ἄρα
1540 2448 1585 2476 καὶ
1598 2448 1740 2483 δάμαλις,
1755 2447 1799 2474 διὰ
1812 2455 1852 2473 τοι

1066 2497 1097 2524 τὸ
1110 2497 1165 2523 ὑπὸ
1186 2496 1283 2532 νόμον,
1304 2496 1350 2522 καὶ
1369 2495 1422 2531 μὴν
1441 2495 1487 2522 καὶ
1506 2495 1544 2526 ὡς
1558 2494 1609 2526 αἲξ
1623 2515 1630 2526 ,
1645 2494 1759 2529 σφάγιον
1782 2493 1851 2528 ὑπὲρ

1067 2542 1214 2578 ἁμαρτίας.
1241 2541 1297 2568 Καὶ
1322 2541 1434 2578 προσέτι
1452 2540 1553 2575 κριὸς,
1573 2540 1610 2572 ὡς
1632 2539 1792 2575 ἡγούμενος.
1813 2537 1851 2565 οὗ

1065 2591 1122 2621 τοῖς
1139 2589 1239 2623 ἴχνεσιν
1253 2588 1367 2615 ἕπεσθαι
1388 2588 1442 2615 δεῖν
1457 2587 1599 2623 ᾑρημένοι,
1619 2586 1665 2612 καὶ
1679 2585 1851 2613 διασπεὺδον-

1065 2642 1120 2666 τες,
1140 2643 1148 2659 ι
1177 2634 1222 2661 Ἐν
1245 2634 1313 2668 νομῇ
1331 2632 1431 2668 ἀγαθῇ,
1443 2632 1491 2659 καὶ
1506 2633 1535 2659 ἐν
1553 2631 1629 2667 τόπῳ
1650 2631 1734 2663 πίονι,
1753 2640 1762 2657 ›
1780 2630 1850 2657 κατὰ

1064 2679 1113 2715 τὴν
1127 2679 1174 2706 τοῦ
1194 2680 1335 2714 προφήτου
1361 2677 1470 2713 φωνὴν,
1486 2677 1605 2711 ἐσόμεθα
1617 2698 1624 2709 ,
1642 2677 1689 2703 κώ.
1709 2677 1739 2703 ἐν
1755 2675 1850 2706 αὐλαῖς

1064 2724 1151 2759 ἱεραῖς
1175 2722 1373 2758 καταλύσομεν.
1398 2722 1524 2749 Ἐνοικιεῖ
1544 2720 1598 2756 γὰρ
1621 2721 1695 2756 ἡμᾶς
1718 2721 1776 2753 ταῖς
1793 2720 1849 2746 ἂνω

1065 2770 1168 2804 μοναῐς,
1187 2768 1267 2799 αὐτὸς
1280 2767 1317 2795 ὢν
1331 2768 1378 2796 καὶ
1392 2767 1468 2804 κριὸς
1482 2767 1529 2794 καὶ
1549 2767 1736 2803 ἀρχιποίμην,
1750 2765 1796 2792 καὶ
1810 2763 1847 2795 ὡς

259 2853 283 2869 ⁸*
297 2853 375 2882 Deut.
394 2864 474 2888 χχχιι,
488 2856 530 2883 40.
569 2856 591 2872 ⁸³
605 2857 697 2884 Matth.
718 2867 743 2890 ν,
767 2858 807 2885 l7.
847 2858 879 2876 ⁸³·
898 2858 966 2887 Psal.
989 2867 1027 2887 1.x:

1079 2867 1096 2892 ι,
1117 2859 1158 2887 15.
1197 2858 1219 2875 ⁸³
1240 2859 1338 2888 Ezech.
1363 2867 1452 2893 xxxiv,
1473 2859 1514 2887 U.
1554 2859 1576 2874 "
1596 2859 1646 2886 lca.
1675 2866 1729 2885 un.
1752 2857 1792 2883 l2.

1397 2961 1418 2980 ο
