1990 3046
92 159 138 187 l29

598 156 856 184 GLAPHYRORUM
877 157 910 184 IN
929 157 1078 186 GENESIM
1096 158 1160 186 LIB.
1182 158 1227 186 ιιι.

1670 160 1723 190 630

90 214 126 248 ιῖς
141 215 169 248 EE
194 215 279 250 ἡμῶν
294 215 347 242 ὑπὸ
363 215 456 250 νόμον,
470 214 517 241 καὶ
538 215 610 250 ὑπὲρ
632 214 726 250 νόμον,
749 214 785 247 ὡς
812 214 878 247 Θεὸς

934 215 972 244 bis
987 220 1132 244 mactatus.
1148 216 1294 252 Figuratus
1311 223 1377 245 vero
1397 225 1508 245 rursum
1530 221 1573 245 est
1593 219 1677 246 veluti
1693 219 1720 247 in

89 260 167 292 αὑτὸς
185 261 203 296 ἠ
227 262 304 288 πᾶσα
323 260 482 292 δικαίωσις,
497 260 521 287 εί
538 259 585 287 καὶ
600 269 609 286 ι
638 261 682 287 Ἐν
695 262 752 292 τοῖς
767 261 879 295 ἀνόμοις

90 307 225 341 ἐλογίσθη,
247 316 258 333 ι
275 307 321 334 καί
333 306 383 341 τὴν
394 306 427 333 δι’
444 307 518 342 ἡμᾶς
533 306 664 341 ὑπέμεινε
680 306 798 341 σφαγήν.
808 307 880 341 Μορ-

91 352 185 388 φοῦται
196 353 225 380 δὲ
239 351 274 380 αὖ
293 354 339 380 καὶ
349 352 386 384 ὡς
400 353 430 379 ἐν
442 352 554 388 τρυγόνι
571 352 621 379 καὶ
641 353 802 388 περιστερᾷ.
826 352 880 379 Αὑ-

90 398 133 430 16;
151 398 206 433 γὰρ
226 398 243 432 ἡ
270 397 338 432 μόνη
363 397 446 432 νοητὴ
468 398 515 424 καὶ
537 397 685 431 λαλιστάτη
708 395 834 432 τρυγὼν,
850 397 879 424 τὸ

91 441 219 476 εὔστομον
233 441 341 476 ἀληθῶς
357 441 512 476 στρουθίον,
527 443 541 469 6
560 441 590 474 ἐξ
607 441 723 478 οὐρανοῦ
748 442 795 468 καὶ
811 441 881 469 ἄνω·

92 488 149 520 Θεν,
173 487 204 518 ὃς
222 488 281 518 τοῖς
302 487 492 521 εὖαγγελικοῖς
517 487 680 523 κηρύγμασι
709 486 879 522 κατεκήλησε

92 534 138 568 τήν
159 534 206 560 ὑπ’
228 533 355 569 οὐρανόν·
380 530 402 567 ᾧ
427 534 474 560 καὶ
499 533 568 569 αὑτὴ
600 533 837 569 προσπεφώνηκεν
862 533 879 568 ἡ

93 579 181 614 νύμφη
193 600 200 611 ,
212 578 355 606 τουτέστιν
365 599 372 611 ,
393 579 410 614 ἡ
425 579 456 611 ἐξ
471 579 556 606 ὶθνῶν
581 578 740 614 Ἐκκλησία·
761 588 770 604 ι
789 578 880 610 Δείξόν

95 633 137 659 μοι
150 624 199 660 τὴν
214 624 279 659 ὄψιν
297 633 356 657 σου,
375 624 423 651 καὶ
435 624 580 652 ἀκούτισόν
595 633 641 660 μοι
656 625 706 660 τὴν
719 624 810 659 φωνήν
821 631 878 650 σου·

92 671 156 705 ἃτιὴ
173 671 249 705 φωνή
268 679 314 697 σου
335 670 427 705 ἡδεῖα.
443 670 492 697 καὶ
506 671 523 705 η
543 670 606 706 ὄψις
629 678 676 696 σοι)
695 670 794 706 ὡραία.
820 679 829 696 ι
851 670 880 696 '0

94 715 169 747 αὐτὸς
182 716 199 751 ἡ
212 716 287 751 ἁπλῆ
303 716 351 742 καὶ
365 715 538 751 ἁκάκουργος
565 715 613 742 καὶ
626 715 702 742 δόλον
716 715 767 742 οὑχ
781 714 880 750 ἔχουσα

94 761 261 797 περιστερά.
285 762 322 788 Οὐ
337 762 391 797 γὰρ
405 762 507 797 εὑρέθη
533 770 542 788 ι
569 761 645 793 δόλος
665 763 694 788 ἐν
707 761 746 797 τῷ
766 762 880 796 στόματι

94 807 189 839 αὐτοῦ,
212 816 221 833 ι
245 807 318 834 κατὰ
340 807 370 834 τὸ
391 806 596 843 γεγραμμένον.
616 807 794 842 Τριετίζουσα
817 807 846 833 δὲ
859 806 879 840 ἠ

93 852 215 887 δάμαλις
225 873 233 885 ,
250 854 298 880 καὶ
316 853 368 888 μὴν
383 853 432 880 καὶ
453 852 488 880 τὰ
502 853 585 888 ἕτερα
599 852 653 880 τῶν
669 853 788 888 κτηνῶν.
810 853 881 880 Παν-

94 884 260 934 τέλειος
277 899 292 925 6
314 884 426 934 ίίιίριος.
449 899 505 934 Τῆς
521 884 577 925 τῶν
595 899 704 934 κτηνῶν
715 884 832 934 ’ἡλικίας
847 897 879 925 τδ
896 884 917 911 Β

94 944 129 976 ὡς
141 945 168 971 ὲν
182 944 297 980 Θεὸτητι
314 944 416 971 τέλειον
430 944 478 971 τοῦ
494 944 662 979 Μονογενοῦς
677 944 880 980 ὑποφαινούσης

95 991 216 1022 ἀστείως.
232 991 288 1017 Καὶ
300 990 499 1018 δια-πτύσσεται
515 991 564 1026 μὲν
582 990 616 1017 τὰ
630 991 728 1026 κτήνη·
748 991 879 1026 δεδιχοτὸ·

96 1044 191 1071 μηνται
205 1035 272 1071 γάρ.
288 1036 435 1071 Μεμένηκε
445 1035 474 1062 δὲ
486 1035 541 1063 τῶν
553 1035 702 1071 στρουθίων
719 1036 880 1073 ἁδιχοτόμη-

94 1090 136 1113 τος
159 1082 176 1117 ἡ
198 1081 276 1113 δυάς.
297 1083 351 1108 Καὶ
373 1082 415 1113 τίς
433 1081 552 1115 ὁλόγος;
571 1077 609 1118 ᾟ
635 1081 684 1116 μὲν
707 1081 761 1117 γὰρ
783 1082 879 1116 γέγονε

96 1126 160 1162 σὰρξ
179 1128 193 1153 ὁ
211 1127 360 1163 μονογενὴς
376 1127 424 1154 τοῦ
439 1126 507 1154 Θεοῦ
520 1127 616 1161 Λόγος,
634 1127 715 1154 οἱονεί
734 1136 792 1159 πως
809 1128 879 1154 δεδι-

95 1173 252 1208 χοτόμηται,
273 1174 320 1200 καὶ
333 1173 373 1204 είς
391 1172 508 1209 θεωρίαν
519 1173 662 1208 εὐρύνεται
682 1173 732 1208 τὴν
753 1173 851 1209 διπλῆν
865 1174 880 1200 6

95 1218 136 1244 ἰπ⁵
155 1218 230 1253 αὑτῷ
255 1218 344 1253 λόγος.
363 1218 423 1245 Ὀτὲ
448 1217 497 1253 μὶν
519 1218 585 1253 γὰρ,
602 1218 652 1254 τὴν
670 1218 707 1250 ὡς
725 1218 756 1245 ὲκ
773 1218 878 1253 [ἰατρὸς

95 1264 174 1291 αὑτοῦ
199 1264 277 1292 θείαν
298 1265 346 1291 καὶ
368 1264 523 1300 ἀπόρρητον
542 1263 657 1299 νοοῦμεν
672 1264 813 1299 γέννησιν·
834 1264 879 1291 ὁτὲ

95 1308 121 1335 δὲ
134 1306 177 1340 αὖ,
191 1309 223 1336 τὸ
243 1309 294 1345 τῆς
315 1308 548 1346 ἑνανθρωπήσεως
565 1308 699 1345 λαλοῦμεν
716 1310 878 1345 μυστήριον,

95 1354 124 1381 16
144 1354 212 1389 βαθὺ
237 1355 288 1390 τῆς
311 1355 467 1390 οἰκονομίας
499 1356 641 1391 μονονουχὶ
668 1355 880 1387 διαπτύσσοντες

96 1400 140 1426 καὶ
157 1399 308 1432 ἀπλοῦντες
332 1400 371 1431 είς
400 1400 505 1435 εἴδησιν
529 1403 585 1431 τοῖς
607 1400 657 1427 οὐκ
680 1399 779 1426 εἰδόσιν
801 1399 877 1426 αὐτό.

101 1445 167 1472 Ἀλλ’
184 1446 208 1472 εί
230 1445 279 1472 καὶ
299 1445 394 1480 γέγονε
413 1445 501 1477 διττδς
523 1444 605 1472 οἱονεί
626 1453 684 1476 πως
703 1446 717 1472 6
737 1445 781 1471 ἐπ’
804 1445 878 1480 αὐτῷ

95 1490 180 1525 λόγος,
196 1490 256 1517 ἀλλ’
269 1487 309 1521 εἷς
327 1499 378 1517 που
400 1490 508 1523 πάντως
523 1491 570 1518 καὶ
582 1491 596 1517 6
610 1490 701 1523 αὐτὸς,
714 1491 745 1517 οὐ
760 1490 879 1526 διαιρού-

98 1545 174 1586 μενος
184 1537 227 1586 είς
239 1537 298 1586 διξο,
309 1537 386 1586 μετὰ
404 1537 454 1573 τὴν
469 1537 537 1572 πρὸς
559 1537 649 1586 «seu
672 1536 790 1565 σύνοδον.
809 1537 879 1564 οὔτε
895 1558 916 1586 c

99 1579 150 1615 μὴν
168 1580 208 1612 εις
223 1580 291 1606 υίῶν
306 1580 390 1608 δυάδα
403 1582 578 1617 τεμνόμενος·
597 1579 637 1612 εἷς
652 1581 706 1617 γὰρ
720 1582 766 1608 καὶ
783 1582 881 1618 ἀμέρι-

97 1633 156 1657 στος
170 1626 185 1652 6
201 1626 330 1662 Χριστός.
353 1626 443 1658 Τύπος
463 1627 485 1653 δ’
499 1627 532 1654 ἂν
552 1627 657 1662 γένοιτο
674 1628 721 1655 καὶ
736 1628 813 1654 τοῦδε
832 1636 883 1655 σα-

97 1670 156 1706 φὴς,
173 1670 204 1698 τὸ
229 1671 395 1707 ἀδιάτμητον
417 1671 470 1699 τῶν
491 1672 649 1708 στρουθίων·
668 1683 677 1700 ι
697 1673 738 1701 Τὰ
758 1673 813 1709 γὰρ
836 1673 882 1709 δρ-

98 1724 158 1747 νεα,
197 1717 301 1752 φησὶν,
336 1717 366 1743 οὐ
400 1717 492 1744 διεῖλε.
517 1727 527 1743 ›
551 1719 606 1745 Καὶ
645 1718 809 1754 ἐσημαίνετο
834 1719 884 1754 μὲν

96 1759 132 1791 ὼς
147 1759 200 1787 ἀπὸ
227 1761 276 1796 τῆς
297 1760 350 1796 γῆς
370 1760 414 1787 διὰ
436 1761 466 1787 1:6
492 1760 673 1797 ἀνθρώπινον,
691 1762 729 1794 ὡς
753 1762 781 1788 ἐν
797 1771 828 1797 γε
845 1762 884 1797 τῷ

99 1804 199 1840 μόσχῳ,
220 1805 266 1832 καὶ
279 1805 333 1841 μὴν
345 1805 392 1831 καὶ
407 1805 466 1840 αίγὶ
481 1805 528 1833 καὶ
543 1806 623 1842 κριῷ.
635 1807 744 1835 Νοεῖται
760 1808 787 1834 δὲ
803 1808 884 1835 πάλιν

97 1849 132 1882 ὡς
150 1849 181 1883 ἐξ
203 1851 322 1886 οὐρανοῦ
337 1851 384 1878 καὶ
398 1851 512 1885 ἄνωθεν,
528 1852 570 1878 διά
583 1861 625 1879 τοι
637 1852 666 1879 τὸ
683 1851 754 1880 εἶναι
778 1854 803 1880 6'
818 1853 884 1886 Θεὸς

96 1895 137 1922 διὰ
150 1895 209 1922 τῶν
232 1896 391 1932 στρουθίων.
408 1897 468 1924 Ὅτι
483 1896 512 1924 δὲ
534 1896 623 1923 καίτοι
647 1898 696 1932 τὴν
713 1898 784 1933 ὑπὲρ
805 1898 884 1934 ἡμῶν

97 1941 221 1968 ἑκούσιον
237 1942 434 1976 ὑπομείναντος
453 1943 570 1978 σφαγὴν,
583 1952 591 1967 ι
604 1942 635 1969 Ἥ
651 1942 718 1978 σὰρξ
737 1943 820 1970 αὐτοῦ
835 1943 885 1971 οὐκ

97 1983 159 2019 εἶδε,
171 1996 180 2012 ι
198 1987 270 2013 κατὰ
281 1986 312 2014 τὸ
326 1987 527 2023 γεγραμμένον,
547 1998 556 2014 ι
575 1987 732 2024 διαφθοράψ
753 1998 763 2015 ι
777 1989 825 2016 καὶ
843 1989 884 2016 ὅτι

97 2033 165 2059 κατὰ
186 2032 239 2068 τὴν
260 2032 307 2059 τοῦ
331 2033 489 2064 Ψάλλοντος
512 2033 614 2068 φωνὴν,
631 2043 640 2059 ι
667 2034 724 2060 Οὐκ
748 2033 884 2069 ὠφελήσει

98 2079 193 2114 ἐχθρὸς
210 2080 239 2106 ἐν
253 2078 339 2114 αὐτῷ,
352 2079 399 2106 καὶ
414 2079 472 2110 υίὸς
492 2078 608 2114 ἀνομίας
625 2079 656 2106 οὺ
670 2079 820 2114 προσθήσει
837 2079 884 2106 τοῦ

99 2124 226 2151 κακῶσαι
246 2125 337 2152 αὐτόν.
355 2133 364 2150 ι
381 2124 572 2159 Παραδείξειεν
587 2123 620 2151 ἂν
635 2125 682 2151 καὶ
698 2124 771 2159 μάλα
792 2124 885 2159 σαφῶς

97 2170 132 2201 ὡς
147 2171 175 2196 έν
185 2169 266 2205 τύπῳ
279 2169 312 2205 δὴ
328 2169 407 2196 πάλιν
417 2170 430 2196 6
443 2169 586 2200 θεσπέσιος
601 2168 743 2204 ”Α6ροιὰμ,
757 2168 792 2195 τὰ
804 2176 886 2195 κατα-

933 266 1038 290 turture
1056 265 1084 289 et
1095 263 1231 290 columba.
1245 263 1306 298 Ipse
1319 263 1395 290 enim
1412 267 1454 290 est
1466 264 1564 290 unicus
1576 264 1622 291 ille
1637 265 1720 299 spiri-

931 307 1013 335 tualis
1035 316 1066 335 ac
1092 316 1208 335 sonorus
1231 309 1365 343 imprimis
1381 313 1480 341 turtur,
1502 316 1601 336 canora
1627 317 1722 337 revera

930 353 998 385 avis,
1011 353 1058 388 qui
1069 361 1103 380 ex
1116 353 1186 381 coelo
1204 361 1236 380 ac
1257 361 1374 388 superne
1397 354 1564 389 evangelicis
1591 355 1722 389 praedica-

932 398 1054 426 tionibus
1073 398 1234 426 universum
1255 391 1392 426 terrarum
1407 400 1503 427 orbem
1521 404 1649 434 personat
1665 408 1671 425 :
1686 400 1721 427 ad

930 451 1011 478 quem
1024 444 1081 478 ipsa
1093 451 1202 479 sponsa,
1218 445 1271 472 hoc
1287 449 1330 471 est
1347 445 1480 477 Ecclesia,
1495 452 1529 472 ex
1539 444 1667 480 gentibus
1684 444 1722 472 ita

930 488 1066 516 exclamat
1083 497 1089 515 z
1112 497 1121 514 ι
1135 488 1257 516 Ostende
1275 488 1342 515 mihi
1359 488 1458 516 faciem
1480 494 1565 521 tuam,
1579 493 1607 517 et
1624 488 1721 516 audire

931 541 973 561 me
990 534 1033 561 fac
1047 542 1144 562 vocem
1157 539 1248 568 tuam;
1262 534 1327 570 quia
1342 542 1396 561 vox
1413 539 1458 562 tua
1471 534 1572 566 suavis,
1586 539 1615 561 et
1636 534 1721 561 facies

931 582 978 607 tua
998 580 1112 614 pulchra
1130 581 1166 606 ⁵⁸.
1185 589 1194 606 ι
1215 581 1274 615 Ipse
1290 581 1373 608 etiam
1389 585 1431 608 est
1451 580 1566 616 simplex
1580 571 1662 615 atque
1679 580 1720 607 in-

930 633 1042 658 nocens,
1055 626 1198 661 omnisque
1215 626 1269 653 doli
1280 634 1379 661 expers
1387 626 1517 654 columba.
1532 626 1626 661 Neque
1644 627 1719 654 enim

931 671 1059 698 inventus
1070 675 1112 698 est
1128 681 1136 696 ι
1149 671 1177 698 in
1190 679 1237 699 ore
1251 672 1311 707 ejus
1327 672 1407 699 dolus
1420 672 1455 704 ⁸⁷,
1468 681 1477 697 ι
1500 672 1570 699 sicut
1587 671 1718 706 scriptum

930 723 982 745 est.
1001 717 1086 745 Vitula
1103 722 1195 745 autem
1214 717 1339 749 triennis,
1358 721 1388 744 ut
1404 722 1432 744 et
1449 717 1554 751 reliqua
1576 716 1717 743 animalia.

931 762 1074 790 Perfectus
1091 763 1166 790 enim
1180 766 1222 790 est
1240 770 1274 789 ex
1298 762 1373 789 omni
1394 766 1470 797 parte
1490 762 1632 789 Dominus.
1650 761 1718 789 Ani-

932 808 1067 835 mantium
1084 807 1219 842 siquidem
1235 807 1323 835 aetatis
1337 807 1442 842 integra
1454 812 1558 834 statura
1573 807 1720 842 perfectio-

931 860 995 880 nem
1018 853 1133 880 Deitatis
1153 853 1181 880 in
1197 853 1344 888 Unigenito
1361 853 1499 888 eleganter
1520 853 1662 888 signiﬁcat.
1679 853 1718 881 Ac

932 898 1093 926 dividuntur
1107 898 1218 933 quidem
1238 899 1365 926 animalia
1392 899 1519 934 (dissecta
1536 899 1610 925 enim
1631 898 1718 934 sunt).

931 944 1029 971 Avium
1043 951 1109 971 vero
1126 952 1175 979 par
1195 944 1344 971 indivisum
1362 944 1471 971 mansit.
1496 943 1562 977 Qua:
1586 951 1654 970 vero
1676 944 1717 971 rei

932 990 1016 1026 hujus
1033 991 1123 1018 ratio?
1141 990 1282 1023 Quatenus
1299 991 1373 1018 enim
1390 989 1547 1024 unigenitus
1565 989 1614 1017 Dei
1635 990 1720 1017 Filius

931 1044 996 1064 caro
1010 1040 1052 1064 est
1063 1036 1160 1068 factus,
1172 1036 1278 1063 divisus
1292 1040 1334 1064 est
1348 1034 1560 1071 quodammodo,
1576 1038 1603 1062 et
1620 1034 1648 1062 in
1666 1034 1718 1062 du-

931 1082 1030 1117 plicem
1039 1081 1286 1109 considerationem
1300 1088 1391 1109 sermo
1407 1080 1440 1107 de
1453 1088 1486 1108 eo
1500 1079 1639 1107 dilatatur.
1650 1079 1718 1106 Nam

932 1128 1070 1155 interdum
1082 1127 1166 1155 veluti
1181 1127 1301 1155 divinam
1321 1132 1403 1162 atque
1418 1125 1586 1154 ineﬁabilem
1607 1126 1667 1160 ejus
1685 1132 1720 1152 ex

931 1174 1010 1202 Patre
1035 1175 1240 1210 generationem
1264 1172 1444 1207 intelligimus
1469 1180 1476 1199 :
1500 1171 1639 1200 interdum
1653 1178 1719 1198 vero

931 1218 1128 1247 incarnationis
1138 1219 1223 1254 ipsius
1230 1218 1388 1254 mysterium
1398 1217 1548 1252 loquimur,
1556 1216 1719 1252 profundam

931 1265 1030 1293 divinae
1043 1264 1290 1292 administrationis
1303 1264 1437 1291 rationem
1450 1267 1555 1291 tantum
1569 1271 1621 1290 non
1633 1263 1720 1298 expli-

931 1315 1024 1338 cantes
1041 1315 1123 1345 atque
1140 1310 1326 1345 expendentes
1341 1309 1375 1336 ad
1394 1316 1501 1341 eorum,
1521 1309 1568 1344 qui
1588 1308 1614 1335 id
1637 1308 1718 1343 igno-

931 1359 1003 1388 rant,
1018 1355 1197 1383 intellectum.
1209 1355 1344 1383 Caeterum
1354 1354 1462 1381 tametsi
1477 1354 1565 1381 factus
1573 1353 1609 1381 sit
1618 1352 1719 1387 duplex

931 1400 1132 1435 quodammodo
1146 1399 1180 1427 de
1194 1407 1227 1427 eo
1237 1407 1338 1431 sermo,
1352 1406 1423 1426 unus
1434 1402 1524 1425 tamen
1539 1398 1651 1425 omnino
1665 1401 1718 1429 est.

932 1454 1021 1482 neque
1033 1446 1138 1474 divisus
1151 1446 1179 1472 in
1194 1445 1259 1477 duo,
1275 1448 1336 1479 post
1351 1448 1517 1478 assumptam
1531 1451 1651 1470 carnem.
1664 1443 1719 1470 Ne-

932 1500 985 1528 que
996 1500 1062 1520 vero
1080 1492 1107 1519 in
1125 1491 1243 1518 ﬁliorum
1262 1490 1421 1517 dualitatem
1435 1489 1569 1516 dissectus
1581 1492 1633 1519 est,
1649 1496 1720 1515 unus

933 1538 1068 1573 siquidem
1081 1541 1162 1571 atque
1177 1535 1311 1563 indivisus
1321 1539 1362 1562 est
1376 1534 1511 1562 Christus.
1526 1533 1617 1568 Typus
1629 1538 1720 1560 autem

934 1584 1016 1619 hujus
1040 1582 1080 1610 rei
1104 1582 1273 1609 clarissimus
1296 1580 1389 1612 fuerit,
1415 1588 1480 1607 aves
1505 1587 1560 1606 non
1585 1579 1718 1606 dissectac.

938 1639 946 1654 ι
960 1629 1030 1665 Aves
1056 1628 1140 1659 enim,
1161 1627 1259 1662 inquit,
1281 1633 1336 1652 non
1359 1625 1461 1652 divisit.
1477 1624 1531 1651 »Ει
1553 1624 1720 1659 signiﬁcatus

933 1673 1045 1709 quidem
1064 1672 1116 1700 fuit
1139 1677 1266 1700 terrenus
1289 1671 1324 1698 ob
1343 1670 1557 1702 humanitatem,
1579 1670 1664 1697 veluti
1688 1670 1717 1697 in

934 1720 1030 1751 vitulo,
1051 1726 1134 1754 capra
1153 1722 1181 1746 et
1202 1718 1308 1744 ariete:
1329 1717 1490 1751 intelligitur
1508 1720 1602 1742 autem
1626 1723 1723 1742 rursus

934 1764 1054 1792 caelestis
1070 1771 1102 1791 ac
1115 1770 1261 1798 supernus,
1274 1762 1336 1789 ideo
1349 1761 1423 1796 quod
1439 1762 1512 1788 Deus
1523 1761 1569 1793 sit,
1583 1768 1632 1795 per
1647 1768 1720 1787 aves.

934 1810 1012 1844 Quod
1026 1817 1103 1842 vero,
1114 1808 1222 1836 etiamsi
1239 1807 1421 1835 voluntariam
1439 1813 1490 1842 pro
1509 1806 1588 1836 nobis
1607 1810 1721 1832 mortem

934 1856 1059 1888 subierit,
1078 1864 1087 1881 ‹
1101 1862 1164 1882 caro
1181 1854 1268 1889 ipsius
1280 1861 1336 1880 non
1351 1852 1421 1880 vidit
1436 1852 1641 1887 corruptionem
1660 1851 1694 1883 ⁵⁸,
1709 1860 1718 1876 ι

932 1903 1008 1938 juxta
1017 1902 1187 1936 Scripturam
1198 1910 1204 1928 :
1214 1899 1353 1935 quodque,
1361 1899 1438 1934 juxta
1449 1898 1600 1926 Psalmista:
1613 1903 1719 1927 vocem,

939 1947 1162 1984 «Nonjuvabitur
1172 1946 1301 1973 inimicus
1309 1946 1336 1972 in
1348 1953 1391 1976 eo,
1400 1943 1564 1978 et78tilius
1571 1942 1722 1976 iniquitatis

934 2002 989 2022 non
1001 1997 1119 2029 apponet
1127 2000 1225 2020 nocere
1234 1992 1261 2019 ei
1270 1992 1303 2024 “;
1311 2002 1319 2016 ι
1333 1990 1478 2018 manifesto
1488 1996 1594 2016 rursum
1607 1993 1669 2023 typo
1678 1987 1719 2014 di-

935 2038 1016 2066 vinus
1030 2038 1167 2065 Abraham
1181 2037 1317 2071 ﬁguravit,
1333 2043 1428 2063 arcens
1439 2042 1454 2061 a
1471 2034 1648 2060 cadaveribus
1661 2033 1721 2060 ani~

935 2083 1048 2111 malium
1065 2083 1248 2110 dissectorum
1269 2088 1333 2108 aves
1355 2079 1484 2107 damnum
1502 2079 1632 2105 illaturas.
1649 2078 1722 2104 Prae-

935 2129 1059 2156 nuntiata
1080 2135 1146 2155 vero
1171 2127 1289 2155 Abrahae
1313 2126 1476 2156 vexatione,
1508 2131 1561 2159 qua
1594 2123 1723 2157 temporis

935 2180 1063 2200 successu
1089 2171 1193 2207 posteri
1217 2171 1314 2207 ipsius,
1332 2171 1384 2197 hoc
1405 2174 1448 2197 est
1464 2169 1606 2199 lsraelitm,
1629 2167 1723 2202 oppri-

100 2214 222 2250 φθείρειν
237 2214 363 2241 ἐθέλοντα
377 2214 433 2241 τῶν
446 2214 565 2250 πτηνῶν,
580 2214 697 2248 ἀφιστὰς
716 2214 770 2240 τῶν
783 2213 884 2249 διχοτο-

937 2218 1029 2245 mendi
1047 2222 1157 2251 essent,
1181 2222 1209 2244 et
1229 2215 1390 2243 admiranda
1412 2222 1508 2242 eorum
1526 2213 1722 2247 redemptione,

100 2261 248 2296 μηιιάτων.
272 2261 551 2297 Προαπαγγελθείσης
574 2260 603 2286 δὲ
627 2260 667 2295 τῷ
692 2259 818 2295 Ἀϐραὰμ
834 2259 885 2294 τῆς

99 2308 231 2343 ἐσομένης
244 2308 316 2334 κατὰ
331 2307 442 2342 καιροὺς
459 2308 486 2334 ἐν
501 2306 632 2341 Αἰγύπτῳ
648 2305 803 2338 πλεονεξίας
815 2305 885 2332 κατὰ

99 2354 152 2380 τῶν
171 2354 203 2386 ἐξ
221 2353 337 2387 αἵματος
358 2352 440 2380 αὐτοῦ
451 2372 459 2385 ,
482 2352 622 2384 τουτέστι,
639 2351 687 2378 τοῦ
717 2351 824 2387 Ἰσραὴλ
840 2351 886 2377 καὶ

99 2397 147 2432 τῆς
164 2397 319 2432 παραδόξου
333 2397 508 2432 λυτρώσεως,
525 2407 534 2423 ι
549 2397 618 2433 Περὶ
636 2397 686 2428 τὰς
700 2396 792 2432 ἡλίου,
807 2397 884 2431 φησι,

100 2443 205 2478 δυσμὰς
219 2443 345 2474 κλίϐανος
358 2443 442 2478 πυρὸς
460 2442 667 2478 καωιζόμενος,
685 2442 732 2468 καὶ
747 2441 886 2477 λαμπάδες

102 2490 197 2525 πυρὸς,
209 2488 252 2516 διὰ
266 2489 357 2524 μέσων
369 2488 453 2524 ᾔεσαν
464 2488 519 2514 τῶν
534 2487 770 2524 διχοτομημάτων.
792 2496 801 2512 ›
817 2488 887 2522 Προ-

101 2536 219 2562 ανέτειλε
237 2536 288 2570 μὶν
302 2534 357 2571 γὰρ
373 2535 428 2561 τῶν
443 2535 472 2568 ἐξ
483 2533 649 2569 ἐπαγγελίας
669 2535 683 2560 ὁ
701 2533 746 2560 διὰ
764 2533 887 2564 Μωσέως

100 2581 196 2616 νόμος,
213 2581 337 2613 δουλείας
357 2589 388 2607 τε
407 2580 471 2616 πέρι
492 2580 546 2606 τῶν
567 2579 596 2613 ἐξ
622 2579 742 2616 Ἰσραὴλ,
764 2579 810 2606 καὶ
835 2578 886 2614 μὴν

101 2628 147 2654 καὶ
162 2627 343 2664 λυτρώσεως.
360 2627 457 2663 μακρὰ
470 2627 526 2658 τοῖς
545 2626 730 2662 ἀκροωμένοις
752 2625 886 2660 εἰσφέρων

101 2674 134 2701 τὰ
146 2674 303 2710 διηγήματα
314 2694 322 2701 .
346 2673 390 2700 Ἐν
405 2673 528 2708 ἐσχάτοις
540 2671 568 2698 δὲ
590 2671 636 2698 τοῦ
654 2671 750 2703 αἰῶνος
769 2671 887 2706 καιροῖς,

102 2720 148 2747 καὶ
164 2720 244 2746 οἱονεὶ
261 2719 332 2755 πρὸς
351 2718 480 2754 ἑσπέραν,
501 2727 509 2743 ι
526 2717 622 2752 Γέγονε
642 2716 710 2752 σὰρξ
733 2717 746 2743 6
760 2716 854 2750 Λόγος.
876 2724 884 2740 ι

101 2765 151 2803 Εῐη
162 2766 223 2803 γὰρ,
235 2763 329 2801 οἶμαι,
339 2766 427 2797 τουτὶ,
435 2764 481 2790 mh
493 2764 585 2798 ἕτερον
594 2763 679 2796 οὐδὲν,
691 2762 730 2796 τὸ,
741 2762 777 2794 ὡς
787 2762 815 2789 ὲν
823 2761 888 2788 εῖδει

138 2858 160 2874 ⁸⁸
178 2859 258 2889 Cant.
278 2867 310 2894 ιι,
328 2858 374 2885 14.
411 2857 433 2873 ⁸⁷
451 2857 501 2884 lsa.
517 2864 572 2890 un,
583 2856 609 2884 9.

941 2273 950 2289 ι
963 2263 1015 2291 sub
1031 2270 1158 2290 occasum
1172 2263 1247 2293 solis,
1264 2271 1273 2287 ›
1291 2262 1391 2296 inquit,
1408 2270 1416 2286 I
1428 2260 1552 2287 clibanus
1563 2259 1679 2291 fumans,
1696 2262 1722 2285 et

937 2308 1076 2343 lampades
1084 2308 1162 2343 ignis,
1173 2307 1341 2334 transierunt
1347 2314 1395 2342 per
1403 2305 1522 2333 medium
1532 2303 1705 2331 divisionum.
1712 2313 1720 2328 ι

938 2355 1067 2382 Ρηθίιικὶι
1078 2355 1151 2382 enim
1164 2353 1209 2386 iis,
1225 2353 1271 2388 qui
1287 2361 1321 2380 ex
1332 2351 1514 2387 promissione
1526 2354 1599 2382 sunt,
1617 2349 1660 2376 lex
1675 2357 1725 2384 per

939 2400 1059 2436 Moysen,
1077 2400 1183 2436 longam
1198 2399 1373 2427 auditoribus
1391 2399 1424 2426 de
1442 2397 1573 2425 servitute
1587 2396 1724 2423 Israelita-

940 2452 1000 2471 rum
1032 2452 1082 2472 nec
1114 2452 1169 2472 non
1194 2452 1290 2472 eorum
1315 2443 1504 2478 redemptione
1540 2442 1724 2470 narrationem

940 2490 1094 2518 continens.
1111 2490 1141 2517 In
1158 2489 1262 2517 ultimis
1282 2493 1372 2516 autem
1393 2487 1484 2515 szeculi
1501 2486 1681 2526 temporibus,
1698 2490 1727 2513 et

940 2535 1142 2571 quodammodo
1159 2535 1193 2562 ad
1209 2541 1365 2569 vesperum,
1387 2543 1396 2558 ι
1410 2532 1530 2560 Verbum
1545 2539 1609 2558 caro
1624 2531 1725 2558 factum

940 2584 992 2607 est.
1005 2591 1014 2606 ι
1036 2580 1094 2607 Hoc
1111 2580 1184 2607 enim
1211 2579 1355 2615 signiﬁcat,
1375 2585 1464 2613 neque
1484 2577 1558 2604 aliud
1577 2576 1726 2611 quidquam

940 2625 1059 2653 divinam
1073 2630 1154 2660 atque
1170 2625 1336 2652 ineﬁ‘abilcm
1354 2629 1489 2656 naturam,
1499 2623 1583 2650 veluti
1599 2623 1626 2650 in
1637 2622 1727 2657 specie

941 2672 1011 2707 ignis
1025 2671 1175 2698 divisiones
1186 2671 1338 2698 transiisse.
1354 2670 1490 2698 Czeterum
1508 2679 1517 2695 ‹
1531 2669 1606 2701 Erat,
1625 2667 1726 2702 inquit,

941 2717 1048 2745 ﬂamma
1071 2717 1141 2752 ignis
1162 2721 1190 2744 et
1206 2717 1331 2744 clibanus
1348 2717 1466 2749 fumans,
1484 2720 1512 2743 et
1532 2713 1673 2749 lampades
1687 2712 1726 2746 ig-

942 2770 1009 2789 nem.
1025 2773 1034 2788 ι
1053 2763 1166 2790 Factum
1181 2762 1256 2789 enim
1269 2766 1311 2788 est
1326 2769 1422 2789 revera
1438 2758 1623 2788 venerandum
1635 2757 1726 2785 incar-

664 2855 687 2873 ⁵⁸
701 2855 772 2884 Psal.
791 2863 834 2892 xv,
851 2853 901 2888 10;
919 2854 978 2881 Act.
995 2860 1024 2884 tt,
1036 2851 1080 2879 3|.
1119 2850 1232 2887 "_Psal.
1250 2857 1376 2884 Lxxxvm,
1388 2849 1433 2878 25.
