1990 3046
273 145 318 174 451

779 143 806 169 S.
827 140 965 170 CYBlLLl
985 140 1220 168 ALEXANDRINI
1239 140 1398 168 ARCHIEP.

1843 141 1893 169 135

270 204 389 232 nationis
404 205 574 239 mysterium,
589 202 630 229 eis
651 200 697 236 qui
719 199 834 227 credere
851 199 1011 229 noluerunt,
1026 204 1042 224 e

1107 198 1192 234 πυρὸς
1207 198 1255 232 τὴν
1272 198 1347 224 θείαν
1361 206 1391 224 τε
1415 197 1462 225 καὶ
1475 197 1629 233 antpch
1644 197 1739 231 φύσιν,
1760 197 1803 223 ἐπ’
1823 198 1892 224 αὐτὰ

270 249 443 277 refractarios
459 255 518 275 sese
536 247 727 282 prtebuerunt,
745 245 870 272 clibanus
886 249 914 271 et
933 243 1053 275 ﬂamma,

269 299 296 322 et
320 294 442 321 omnium
463 293 579 320 maxime
600 291 772 319 intolerabile
796 294 879 325 atque
899 293 1054 317 extremum

268 339 441 374 supplicium.
453 339 569 373 Ideoque
582 337 615 364 de
626 337 768 368 lsraelitis,
781 335 828 370 qui
840 335 943 363 Christi
956 338 1056 369 myste—

269 385 340 411 rium
360 389 463 411 temere
477 383 642 424 contumelia
655 382 804 410 allicientes
818 381 934 416 improbi
946 389 978 408 ac
991 388 1056 408 con-

269 434 390 458 tumaces
401 436 465 457 sunt
476 430 651 465 deprehensi,
663 429 748 456 David
761 429 797 456 ita
812 428 851 456 ait
863 428 897 456 ad
911 428 1054 455 universo-

268 483 328 502 rum
345 475 452 503 Patrem
477 483 509 502 ac
532 476 618 502 Deum
642 483 648 501 :
677 475 786 502 «Panes
802 481 850 501 eos
870 478 901 500 ut
916 473 1053 500 clibanum

268 521 338 556 ignis
351 522 378 548 in
395 526 518 556 tempore
534 521 627 548 vultus
640 521 692 547 tui.
704 520 830 551 Domine,
842 519 868 546 in
878 519 918 546 ira
931 522 977 545 tua
990 526 1056 545 con-

269 567 391 594 turbabis
405 574 462 598 eos,
487 570 514 593 et
535 566 660 593 absumet
682 573 730 593 eos
754 566 824 600 ignis
836 565 869 590 ‘°.
899 573 907 589 ν
935 563 1055 598 Tempus

267 617 358 639 autem
379 612 455 646 [aciei
476 612 563 639 Patris
591 612 689 639 merito
703 619 762 638 esse
784 614 927 637 censeatur
948 613 1055 643 tempus

268 657 475 690 incarnationis,
501 658 635 693 siquidem
658 655 741 684 facies
760 660 841 690 atque
862 655 950 690 imago
966 655 1055 682 Patris

267 708 309 730 est
323 702 416 729 Filius.
430 703 528 739 Ingens
546 703 637 738 itaque
654 702 761 729 ﬂamma
776 705 803 728 et
820 701 944 728 clibanus
963 704 1055 727 manet

267 754 315 773 eos
337 747 383 781 qui
408 748 565 782 mysterium
589 746 788 774 incarnationis
823 744 960 780 Uuigeniti
988 744 1054 779 reji-—

266 792 365 819 ciunt:
386 793 419 820 iis
440 801 506 820 vero
525 792 571 827 qui
592 793 739 819 adventum
765 791 850 826 ipsius
871 795 1052 826 agnoverunt,

265 836 337 864 sicut
350 837 480 871 scriptum
496 841 548 868 est,
570 846 578 861 ι
594 836 718 863 Lucerna
731 835 759 862 in
780 835 903 862 tenebris
918 834 1022 866 lucens,
1040 844 1049 860 ι

1106 244 1223 280 διᾴττειν
1239 244 1273 271 τὰ
1286 244 1503 279 διχοτομήματα.
1532 243 1602 270 Ἀλλ’
1619 253 1627 268 ι
1645 241 1710 275 Ἦν,
1725 243 1809 278 φησὶ,
1827 244 1892 278 cibi

1106 291 1209 326 πυρὸς,
1228 291 1275 318 καὶ
1291 290 1417 322 κλίϐανος
1437 290 1536 325 πυρὸς,
1553 290 1599 316 καὶ
1613 289 1753 325 λαμπάδες
1766 290 1862 326 πυρός.
1880 299 1889 315 ι

1106 336 1204 370 Γέγονε
1219 335 1273 370 γὰρ
1293 335 1400 370 ἀληθῶς
1423 334 1454 361 τὸ
1476 334 1575 360 σεπτὸν
1591 334 1640 369 τῆς
1661 333 1892 369 ἐνανθρωπήσεως

1107 381 1268 416 μυστήριον,
1284 382 1340 412 τοῖς
1359 380 1407 415 μὲν
1427 379 1550 406 ἀπειθεῖν
1565 379 1716 414 ᾑρημένοις
1731 379 1778 405 καὶ
1792 380 1892 406 ἀπονε-

1105 427 1213 453 νευκόσι
1227 426 1295 462 πρὸς
1309 426 1340 453 τὸ
1354 426 1459 462 ἐξήνιον
1469 445 1476 456 ,
1493 425 1620 456 κ).ί6ανός
1643 433 1673 450 τε
1688 425 1736 451 καὶ
1751 425 1828 460 φλὸξ,
1844 425 1893 451 καὶ

1104 472 1120 506 ἡ
1137 471 1231 498 πασῶν
1251 472 1387 507 ἀφόρητος
1400 471 1447 498 καὶ
1468 471 1569 506 ἐσχάτη
1583 470 1656 505 δίκη.
1677 470 1733 497 Καὶ
1747 470 1813 504 γοῦν
1828 471 1893 506 περὶ

1103 517 1158 544 τῶν
1170 517 1201 549 ἐξ
1223 517 1346 553 Ἰσραὴλ,
1360 517 1385 544 οἳ
1399 517 1430 545 τὸ
1444 516 1562 552 Χριστοῦ
1583 516 1732 552 μυστήριον
1752 517 1893 548 ἀσυνέτως

1105 562 1327 598 περιυδρίζοντες
1345 561 1470 589 κακόνοοί
1489 570 1518 588 τε
1532 562 1579 588 καὶ
1597 561 1726 594 ἀλαζόνες
1737 561 1891 597 ἡλίσκοντο,

1105 608 1187 642 φησὶν
1201 608 1215 634 6
1229 607 1312 634 Δαϐὶδ
1330 606 1397 642 πρὸς
1415 606 1460 633 τὸν
1474 606 1528 633 τῶν
1544 606 1613 632 ὅλων
1626 606 1737 642 Πατέρα
1751 607 1799 633 καὶ
1813 606 1891 633 Θεόν·

1107 663 1116 680 ι
1133 653 1232 688 Θήσεις
1245 653 1345 684 αὐτοὺς
1358 652 1396 684 ὡς
1417 652 1544 678 κλίϐανον
1560 652 1659 685 πυρὸς,
1676 653 1716 684 είς
1733 652 1830 687 καιρὸν
1844 651 1892 678 τοῦ

1106 697 1255 732 προσώπου
1272 705 1328 724 σου·
1351 697 1439 732 Κύριε
1451 716 1458 728 ,
1472 697 1501 722 ἐν
1514 698 1546 732 τῇ
1565 698 1633 732 ὀργῇ
1651 705 1697 723 σου
1715 697 1892 733 συνταράξεις

1104 745 1213 776 αὐτοὺς,
1235 745 1283 771 καὶ
1304 743 1493 778 καταφάγεται
1517 743 1616 775 αὐτοὺς
1637 742 1703 778 πῦρ.
1721 752 1730 768 ι
1749 742 1850 778 Καιρὸς
1862 742 1892 769 δὲ

1104 791 1267 825 προσώπου
1297 789 1350 817 τοῦ
1373 789 1507 824 Πατρός,
1531 790 1545 816 6
1570 790 1620 823 τῆς
1656 788 1892 824 ὲνανθρωπήσεως

1103 838 1191 864 νοοῖτο
1214 836 1250 863 ἂν
1277 835 1399 867 εἰκότως·
1425 836 1504 871 εἴπερ
1525 836 1583 862 ἐστὶ
1608 835 1656 862 καὶ
1677 835 1822 871 πρόσωπον
1843 834 1892 860 καὶ

265 887 293 910 et
309 883 450 910 diabolica:
465 881 588 916 caliginis
601 881 765 909 densitatem
778 881 924 915 dissipans,
936 884 964 907 et
975 887 1044 906 scan

1104 883 1186 910 εἰκὼν
1209 882 1256 910 τοῦ
1281 882 1349 909 Θεοῦ
1365 881 1412 909 καὶ
1431 881 1548 916 Πατρὺς,
1566 881 1666 913 ὸΥἱὸς.
1693 881 1798 908 οὐκοῦν
1824 879 1892 914 φλὸξ

265 927 343 959 dalis,
356 935 415 962 qua:
427 934 486 954 sese
497 927 627 959 oderunt,
637 928 758 954 cultores
769 926 870 953 oﬂ'endi
881 933 936 953 non
947 925 1048 953 sitiens.

263 973 302 1000 tta
322 973 401 1000 nobis
420 973 526 1000 vocavit
543 973 641 1000 Filium
659 973 732 999 Deus
749 980 782 999 ac
798 973 879 999 Pater
896 971 978 998 etiam
1001 979 1051 1006 per

263 1025 357 1045 vocem
371 1018 456 1050 Isaiae,
473 1018 567 1045 dicens
581 1027 587 1044 :
606 1028 614 1043 ι
630 1019 745 1052 Propter
755 1018 820 1044 Sion
834 1024 888 1044 non
904 1017 1010 1050 tacebo,
1024 1022 1052 1044 et

265 1067 377 1098 propter
389 1063 539 1091 Jerusalem
551 1071 606 1090 non
618 1064 758 1095 desistam,
772 1063 860 1091 donec
877 1067 966 1095 exeat,
980 1063 1052 1091 sicut

262 1110 365 1142 lumen,
375 1110 481 1145 justitia
493 1118 562 1138 mea.
579 1110 702 1138 Salutare
715 1116 806 1138 autem
819 1117 909 1137 meum
927 1110 999 1137 sicut
1011 1109 1056 1136 lu-.

262 1163 352 1183 cerna:
364 1156 514 1184 ardebit“.
528 1167 536 1182 ι
549 1157 674 1184 Salutare
686 1156 759 1184 enim
771 1160 798 1183 et
809 1155 916 1192 justitia
926 1163 942 1182 a
952 1156 1009 1182 Deo
1018 1162 1051 1183 ac

262 1201 341 1228 Patre
353 1201 380 1228 in
399 1209 450 1228 nos
459 1201 546 1228 factus
562 1205 603 1229 est
615 1202 700 1228 Filius
716 1210 723 1228 :
738 1201 793 1236 79
806 1201 941 1236 siquidem
955 1208 1052 1228 verum

262 1251 313 1278 est,
329 1246 401 1282 quod
425 1254 473 1282 per
489 1246 578 1281 ipsum
595 1246 788 1281 iustiﬁcamur,
807 1251 979 1280 mortemque
997 1247 1052 1281 jam

261 1293 326 1320 olim
340 1293 367 1319 in
382 1301 433 1320 nos
444 1293 590 1327 imperium
604 1297 778 1320 exercentem
791 1292 942 1323 vincentes,
956 1298 1052 1318 rursus

261 1337 294 1364 ad
319 1338 552 1372 incorruptionem
578 1338 778 1370 transferimur,
807 1341 835 1365 et
857 1337 890 1364 ad
915 1337 953 1369 id,
978 1337 1051 1371 quod

261 1383 339 1410 initia
359 1387 417 1410 erat
430 1387 537 1415 natura,
556 1383 750 1410 reformamur.

1102 929 1186 965 ἀγρία
1203 929 1250 955 καὶ
1265 928 1468 961 κλίϐανος,τοῖς
1482 927 1602 954 ἀπωθεῖν
1617 927 1739 954 ἐθέλουσι
1754 927 1804 962 τῆς
1815 927 1892 953 ἐναν-

1103 975 1269 1010 Θρωπήσεως
1294 974 1342 1000 τοῦ
1363 973 1533 1007 Μονογενοῦς
1549 973 1579 999 τὸ
1599 973 1756 1008 μυστήριον.
1773 973 1836 1004 Τοῖς
1858 980 1890 1006 γε

1105 1021 1157 1056 μὴν
1182 1019 1350 1054 ἐπεγνωκόσι
1374 1020 1423 1054 τὴν
1449 1019 1613 1053 ἐπιφάνειαν
1635 1017 1731 1050 tab-toﬁ,
1749 1017 1822 1044 καθὰ
1844 1017 1890 1052 γέ-

1101 1075 1236 1102 γραπται,
1253 1075 1263 1091 ‹
1281 1064 1399 1100 Λαμπὰς
1412 1066 1442 1091 ἐν
1458 1064 1546 1100 σκότῳ
1562 1064 1728 1098 φωτίζουσα,
1750 1072 1759 1089 ›
1780 1063 1828 1090 καὶ
1842 1063 1891 1097 τῆς

1105 1115 1260 1149 διαδολικῆς
1285 1113 1385 1149 ἀχλύος
1407 1113 1438 1140 τὸ
1466 1114 1552 1148 πάχος
1578 1112 1818 1144 ἁπολεπτύνουσα,
1843 1111 1890 1138 καὶ

1103 1162 1159 1192 τοῖς
1171 1159 1215 1186 διὰ
1228 1160 1308 1195 μέσον
1321 1159 1502 1195 προσπταίειν
1517 1157 1674 1189 σκανδάλοις
1685 1157 1734 1192 τὴν
1747 1157 1801 1184 τῶν
1814 1157 1890 1183 σεϐο⁴

1104 1206 1194 1241 μένων
1212 1205 1293 1232 αὐτὸν
1307 1205 1358 1231 οὐκ
1375 1205 1482 1238 ἐφιεῖσα
1497 1204 1611 1238 πληθύν.
1629 1203 1722 1234 Οὕτως
1740 1203 1807 1238 ἡμῖν
1820 1202 1890 1229 ὠνό-

1104 1251 1173 1287 μαζε
1188 1250 1238 1280 τὸν
1260 1250 1323 1277 Υἱὸν
1347 1250 1361 1276 ὁ
1379 1250 1445 1282 Θεὸς
1464 1250 1511 1277 καὶ
1531 1249 1643 1285 Πατὴρ.
1660 1249 1707 1276 καὶ
1729 1249 1773 1275 διὰ
1797 1249 1890 1283 φωνῆς

1108 1297 1230 1328 Ἰισαῖου,
1249 1296 1344 1330 λέγων·
1365 1305 1375 1321 ι
1390 1295 1438 1322 Διὰ
1453 1295 1521 1323 Σιὼν
1531 1295 1562 1321 οὐ
1578 1295 1764 1330 σιωπήσομαι,
1780 1295 1827 1321 καὶ
1845 1294 1889 1321 διὰ

1107 1341 1286 1378 Ἰερουσαλὴμ
1305 1342 1355 1368 οὐκ
1375 1342 1477 1376 ἀνήσω,
1503 1341 1555 1373 ἓως
1579 1340 1612 1368 ἂν
1630 1340 1724 1376 ἐξέλθῃ
1738 1341 1776 1372 ὡς
1798 1339 1855 1375 φῶς
1871 1341 1888 1376 ἡ

1101 1388 1258 1422 δικαιοσύνη
1283 1395 1345 1422 μου.
1362 1386 1399 1412 Τὸ
1412 1386 1440 1413 δέ
1455 1385 1587 1421 σωτήριόν
1609 1394 1658 1420 μου
1668 1406 1675 1417 ,
1689 1385 1727 1417 ὡς
1748 1385 1889 1420 λαμπάδες

261 1438 438 1474 καυθήσεται,
464 1448 473 1464 ι
507 1439 644 1474 Σωτήρων
673 1439 729 1473 γὰρ
752 1438 798 1465 καὶ
821 1437 978 1472 δικαιοσύνη
1001 1435 1077 1472 παρὰ
1096 1434 1143 1461 τοῦ
1166 1433 1234 1460 Θεοῦ
1264 1433 1311 1460 καὶ
1337 1433 1443 1468 Πατρὸς
1466 1432 1506 1464 είς
1538 1432 1612 1467 ἡμᾶς
1637 1431 1749 1465 γέγονεν
1775 1432 1790 1457 δ
1813 1431 1887 1462 Υἱόςο

263 1486 345 1520 εἴπερ
360 1486 433 1512 ἐστὶν
444 1486 543 1522 ἀληθὲς
556 1486 592 1517 ὡς
608 1487 636 1512 ἐν
652 1485 726 1520 αὺτῷ
754 1485 933 1520 δικαιούμεθα
945 1505 951 1516 ,
968 1485 1014 1512 καὶ
1040 1484 1086 1511 τὸν
1105 1482 1188 1509 πάλαι
1210 1481 1270 1508 καθ’
1291 1480 1370 1516 ἡμῶν
1387 1479 1593 1516 τυραννήσαντα
1615 1478 1744 1510 νικῶντες
1762 1478 1887 1511 θάνατον,

260 1532 496 1568 πα).ινδρομοῦμεν
513 1533 552 1564 εἰς
564 1532 730 1568 ἀφθαρσίαν,
749 1533 796 1559 καὶ
810 1533 850 1564 εἰς
866 1533 934 1567 ὅπερ
947 1529 982 1567 ἦν
997 1533 1025 1558 ἐν
1045 1530 1142 1566 ἀρχαῖς
1158 1531 1174 1564 ἡ
1194 1529 1275 1563 φύσις
1287 1526 1530 1563 ὰναμορφούμεοα.

293 1580 319 1607 9.
340 1579 416 1613 Quod
435 1587 500 1606 vero
518 1579 702 1607 necessarium
721 1584 791 1612 erat,
811 1587 871 1607 cum
888 1580 944 1615 jam
961 1587 1044 1614 appa-

1132 1577 1165 1604 θ’.
1177 1577 1239 1602 ’Ὁτι
1256 1575 1284 1602 δὲ
1297 1573 1330 1610 ἦν
1348 1575 1495 1609 ἀναγκαῖον
1510 1573 1661 1609 πεφηνότος
1683 1572 1732 1609 ἤδη
1750 1572 1797 1599 τοῦ
1820 1573 1888 1608 Ἐμς

259 1625 359 1652 ruisset
381 1625 559 1656 Emmanuel,
588 1624 802 1660 mysteriumquc
828 1624 914 1659 ipsius
941 1624 1044 1651 mundo

259 1669 458 1698 manifestatum
471 1674 552 1702 esset,
564 1669 672 1696 Mosaici
687 1670 778 1697 cultus
790 1673 867 1705 typos
879 1669 1043 1705 evangelicm

257 1714 408 1749 disciplina:
435 1714 531 1749 subjici
553 1722 585 1741 ac
608 1714 720 1746 cedere,
747 1718 841 1749 utpote
861 1714 1043 1749 przcstantiori

257 1759 470 1794 perfectioriquc
487 1758 632 1790 mandato,
652 1759 736 1786 veluti
755 1759 817 1786 rudi
838 1759 955 1793 quodam
979 1762 1043 1794 typo

258 1812 354 1831 rursus
367 1803 559 1831 adumbratam
573 1809 624 1830 est.
642 1803 771 1836 Quisnam
793 1811 859 1831 vero
877 1804 922 1837 sit,
942 1804 1040 1831 dicam.

256 1849 323 1877 Cum
336 1849 409 1876 enim
427 1848 494 1876 Sara
514 1848 614 1876 sterilis
624 1852 706 1881 esset,
732 1848 803 1884 Agar
817 1857 883 1876 vero
899 1849 1041 1875 Ismaelem

256 1895 419 1930 peperisset,
445 1895 514 1922 elata
534 1899 576 1921 est
598 1898 624 1921 et
648 1900 795 1922 contumax
819 1894 950 1922 adversus
971 1894 1041 1921 libe-

255 1948 313 1968 ram
329 1940 408 1968 facta.
427 1936 491 1968 Sitra
506 1944 596 1967 autem
617 1939 690 1968 illius
703 1940 902 1968 contumaciam
914 1947 1042 1975 arrogan-

257 1986 375 2021 tiamque
391 1986 532 2021 aegerrime
553 1986 626 2018 tulit,
642 1991 670 2013 et
688 1986 783 2013 atllixit
797 1985 959 2021 [Egi-ptiam.
979 1985 1041 2013 Haec

254 2040 320 2059 vero
338 2032 419 2059 domo
437 2032 552 2067 aufugit,
570 2036 597 2059 et
613 2040 661 2067 per
676 2032 851 2059 solitudinem
867 2031 978 2059 erravit.
995 2031 1040 2058 In—

255 2078 402 2113 terrogavit
422 2083 513 2105 autem
535 2085 594 2105 eam
618 2077 731 2112 angelus
763 2085 796 2104 ex
818 2077 898 2110 caelo,
920 2085 1039 2112 quonam

254 2124 322 2156 iret,
347 2128 374 2151 et
399 2124 471 2151 unde
492 2123 608 2151 veniret.
636 2122 701 2156 Qua:
724 2123 885 2158 respondit:
903 2133 911 2148 ι
926 2124 948 2150 Α
969 2123 1038 2150 facie

254 2170 328 2198 Sara:
351 2169 468 2197 domina:
490 2176 557 2196 mem
583 2168 667 2203 fugio.
693 2178 701 2194 ι
726 2168 796 2201 Quid
824 2168 907 2204 igitur
928 2168 1040 2196 divinus

252 2214 384 2250 angelus?
404 2223 412 2239 ι
428 2214 587 2245 Revertere,
607 2213 707 2247 inquit,
730 2213 762 2240 ad
785 2213 925 2241 dominam
951 2218 1037 2247 tuam,

1099 1622 1236 1658 μανουὴλ,
1251 1620 1299 1648 καὶ
1318 1619 1364 1647 τοῦ
1397 1620 1457 1647 κατ’
1475 1620 1557 1646 αὑτὸν
1577 1619 1728 1654 μυστηρίου
1754 1619 1888 1654 παραδει-

1095 1666 1205 1702 χθέντος
1222 1667 1251 1692 ἐν
1266 1666 1372 1700 κὸτμῳ,
1390 1665 1439 1700 τῆς
1454 1664 1605 1698 Μωσαῑκῆς
1622 1663 1748 1699 λατρείας
1762 1663 1825 1695 τοὺς
1840 1663 1887 1690 τύ-

1095 1721 1163 1743 πους
1186 1712 1241 1742 τοῖς
1271 1710 1463 1744 εὐαγγε).ικοῖς’
1481 1709 1663 1745 παιδεύμασιν
1688 1708 1883 1744 ὑποφέρεσθαι,

1094 1759 1141 1785 καὶ
1164 1758 1286 1784 ὑπείκειν
1303 1757 1397 1791 ὥσπερ
1413 1757 1473 1788 ταῖς
1498 1755 1622 1790 ἀμείνοσι
1640 1755 1686 1782 καὶ
1705 1755 1885 1790 τελεωτέραις

1094 1803 1224 1836 ἐντολαῖς,
1239 1803 1451 1838 ἐσκιαγραφεῖτο
1468 1801 1547 1828 πάλιν
1560 1801 1598 1832 ὼς
1613 1801 1643 1828 ἐν
1658 1801 1735 1836 τύπῳ
1747 1800 1776 1827 τὸ
1789 1800 1884 1836 χρῆμα

1094 1851 1185 1885 παχεῖ.
1210 1849 1265 1876 Καὶ
1290 1849 1331 1880 τίς
1354 1849 1386 1884 δὴ
1409 1845 1501 1881 οὗτος,
1527 1847 1592 1884 ἐρῶ.
1625 1847 1733 1882 Ἐπειδὴ
1757 1847 1812 1883 γὰρ
1833 1847 1883 1874 οὐκ

1093 1895 1181 1922 ἔτικτε
1201 1895 1250 1930 μὲν
1264 1895 1280 1930 ἡ
1296 1895 1403 1930 Σάρρα,
1419 1893 1607 1928 κεκυοφόρηκε
1625 1893 1653 1919 δὲ
1669 1892 1714 1919 τὸν
1737 1892 1849 1928 Ἰσμαὴλ
1865 1892 1882 1928 ἡ

1094 1941 1195 1976 Ἀγαρ,
1213 1940 1297 1976 ὀφρὺν
1316 1939 1492 1966 ἀνατείνουσα
1509 1939 1578 1965 κατὰ
1592 1939 1640 1973 τῆς
1653 1937 1796 1973 ἐλευθέρας
1809 1938 1881 1972 ἐφω-

1092 1987 1157 2022 ρᾶτο
1170 1986 1272 2013 λοιπόν.
1289 1985 1381 2021 Σάρρα
1390 1985 1418 2011 δὲ
1429 1985 1478 2011 οὐκ
1493 1984 1584 2019 ὀϊστὴν
1600 1984 1716 2010 ἐποιεῖτο
1732 1983 1780 2018 τὴν
1796 1984 1880 2019 ὑπερ-

1091 2032 1181 2067 οψίαν,
1201 2032 1247 2059 καὶ
1256 2031 1287 2067 δὴ
1305 2032 1351 2058 καὶ
1368 2032 1466 2058 ἐκάκου
1483 2031 1532 2066 τὴν
1549 2030 1709 2065 Αἰγυπτίαν.
1737 2030 1767 2056 'll
1785 2030 1814 2057 δὲ
1830 2029 1880 2065 τῆς

1091 2079 1182 2111 ἑστίας
1208 2079 1328 2114 ἀπέδρα,
1356 2078 1403 2105 καὶ
1427 2078 1560 2104 ἐπλανᾶτο
1589 2076 1659 2103 κατὰ
1686 2075 1736 2111 τὴν
1764 2075 1877 2111 ἔρημον.

1092 2124 1193 2159 Ἥρετο
1205 2123 1232 2150 δὲ
1246 2123 1329 2158 αὐτὴν
1343 2122 1457 2156 ἄγγελος
1473 2121 1502 2154 ἐξ
1516 2121 1642 2157 οὒμνοῦ,
1658 2121 1718 2148 ὅποι
1730 2129 1756 2147 τε
1771 2120 1806 2147 τοι
1830 2121 1877 2147 καὶ

1089 2169 1150 2196 ὅθεν
1170 2169 1223 2195 ἵκοι
1243 2169 1335 2196 πάλιν.
1359 2169 1390 2195 Ἠ
1409 2168 1438 2195 δὲ
1459 2168 1526 2204 πρὸς
1542 2167 1628 2194 ταῦτα
1653 2175 1744 2203 φησιν’
1774 2176 1784 2193 ι
1810 2167 1877 2193 Ἀπὸ
1920 2168 1927 2172 ”

1090 2215 1236 2250 προσώπου
1247 2215 1354 2250 Σάρρας
1364 2213 1413 2250 τῆς
1421 2215 1516 2250 κυρίας
1528 2223 1578 2249 μου
1589 2212 1643 2248 ἐγὼ
1652 2213 1851 2249 ἀποδιδράσκω).
1865 2223 1874 2239 ι

252 2266 280 2289 et
295 2260 438 2288 humiliare
456 2259 507 2287 sub
525 2267 607 2286 manu
625 2259 692 2293 ejus.
710 2268 718 2284 ι
738 2258 817 2286 Prior
837 2259 911 2286 enim
927 2264 1037 2288 ostensa

1098 2261 1123 2287 Γί
1138 2259 1184 2287 οὖν
1202 2261 1215 2287 ὁ
1230 2261 1372 2292 θεσπέσιος
1386 2260 1501 2294 ἄγγελος
1514 2269 1520 2293 ;
1544 2269 1552 2285 t
1566 2260 1594 2286 Ἀ
1601 2259 1780 2295 ποστράφηοι,
1799 2259 1875 2294 φησὶ,

251 2312 293 2334 est
309 2307 403 2341 legalis
415 2305 557 2340 disciplina
569 2304 695 2331 lsraelcm
711 2305 876 2339 parturiens.
888 2304 956 2332 Cum
971 2314 1037 2333 vero

251 2359 330 2378 serra
347 2355 420 2378 esset
438 2350 537 2385 (neque
556 2349 629 2376 enim
647 2354 706 2377 erat
723 2349 750 2376 in
770 2357 801 2376 ea
818 2350 930 2384 spiritus
950 2351 1036 2378 liber-

252 2396 338 2430 tatis),
354 2396 430 2431 prius
442 2399 547 2422 tantum
559 2402 613 2422 non
628 2395 734 2430 peperit
749 2395 880 2430 populum
894 2395 1034 2431 {Egyptia-

250 2450 312 2470 cum
326 2449 407 2477 quam
428 2448 527 2468 novam
551 2444 632 2475 atque
648 2440 832 2475 evangelicam
850 2441 1034 2476 disciplinam.

249 2487 353 2516 Idcirco
364 2487 434 2514 elata
446 2491 486 2514 est
499 2487 600 2518 animo,
609 2491 636 2514 et
646 2491 788 2521 persecuta
799 2490 842 2514 est
852 2486 1033 2520 Christianos,

248 2537 276 2561 et
289 2533 421 2560 adversus
436 2532 591 2567 evangelica
609 2537 742 2567 praecepta
758 2532 812 2559 alte
832 2532 976 2567 supercilia
992 2537 1033 2560 at-

249 2579 357 2610 tollens,
379 2578 472 2605 multis
495 2577 584 2605 modis
605 2582 647 2604 est
666 2577 848 2612 deprehensa.
872 2578 1034 2613 lncrepabat

247 2624 320 2653 enim
339 2629 448 2651 sanctos
462 2623 599 2658 apostolos
606 2623 761 2650 Iudaeorum
775 2622 925 2658 Synagnga,
939 2629 1032 2658 aperte

247 2670 360 2698 dicens:
379 2679 388 2695 ι
405 2669 545 2704 Praecepto
561 2669 740 2704 prmeepimus
753 2668 831 2695 vobis
846 2676 879 2695 ne
897 2668 1038 2706 doceretis‘

247 2717 274 2744 in
287 2717 396 2743 nomine
404 2716 466 2748 hoc,
475 2721 503 2743 et
511 2724 573 2744 ecce
583 2715 736 2751 replevistis
744 2715 895 2743 Jerusalem
907 2715 1031 2743 doctrina

246 2767 335 2790 vestra
350 2762 382 2789 ".
398 2772 408 2788 ι
427 2761 508 2789 Vides
531 2768 586 2795 quo
609 2765 688 2796 pacto
706 2760 820 2787 insultat
839 2760 912 2788 Sara:
930 2760 1030 2796 Egyp-

279 2853 302 2871 ⁵⁵
323 2853 392 2881 Psal.
419 2861 464 2887 xx,
489 2851 532 2879 10.
571 2850 593 2867 ⁶¹
619 2850 670 2878 lsa.
696 2858 759 2883 Lxu,
778 2850 805 2877 Ι.
845 2849 988 2883 ⁸Ἀςῐ.ιν,
1006 2851 1029 2877 l.

1091 2307 1158 2342 πρὸς
1174 2306 1222 2342 τὴν
1238 2306 1334 2343 κυρίαν
1351 2314 1409 2335 σου.
1429 2306 1476 2332 καὶ
1493 2305 1674 2340 ταπεινώθητι
1691 2305 1742 2332 ὑπὸ
1756 2306 1805 2337 τὰς
1821 2307 1876 2340 χεῖ-

1092 2361 1140 2388 ρας
1161 2352 1256 2387 αὐτῆς.
1277 2361 1285 2378 ι
1310 2351 1507 2387 Προανεδείχθη
1533 2351 1582 2386 μὲν
1607 2350 1660 2385 γὰρ
1681 2351 1812 2377 ὠδίνουσα
1829 2351 1875 2377 τον

1096 2398 1203 2434 Ἰσραὴλ
1226 2399 1242 2433 ἡ
1267 2397 1338 2425 κατὰ
1371 2397 1453 2432 νόμον
1479 2397 1603 2433 λατρεία.
1633 2396 1742 2427 Οἱκέτις
1762 2396 1790 2422 δὲ
1808 2394 1874 2422 οὖσα

1091 2444 1210 2479 (πνεῦμα
1228 2444 1282 2480 γὰρ
1301 2443 1441 2478 ἐλεύθερον
1462 2443 1512 2470 οὐκ
1529 2441 1563 2478 ἦν
1582 2444 1611 2469 ἐν
1624 2442 1714 2478 αὐτῇ),
1732 2442 1874 2478 μονονουχὶ

1089 2491 1310 2526 προεκυοφόρησε
1332 2490 1381 2525 τῆς
1399 2490 1461 2521 νέας
1481 2489 1528 2516 καὶ
1558 2489 1740 2524 εὖαγγελικῆς
1763 2488 1874 2514 παιδεύ-

1088 2544 1155 2568 σεως
1175 2536 1219 2563 τὸν
1237 2535 1266 2568 ἐξ
1282 2535 1420 2570 Αἰγύπτου
1439 2535 1514 2562 λαόν.
1543 2535 1688 2569 Τοιγάρτοι
1705 2535 1752 2561 καὶ
1772 2535 1874 2570 πεφρό-

1087 2589 1152 2616 νηκε
1169 2581 1249 2616 μέγα,
1266 2582 1312 2608 καί¹
1323 2581 1417 2608 ἐδίωκε
1429 2582 1492 2612 τοὺς
1503 2582 1532 2607 ἐν
1547 2581 1665 2616 Χριστῷ,
1677 2581 1724 2607 καὶ
1739 2580 1810 2606 κατὰ
1819 2580 1874 2606 τῶν

1087 2627 1273 2661 εὖαγγελικῶν
1305 2626 1498 2662 Θεσπισμάτων
1538 2627 1644 2662 ὑψηλὴν
1675 2627 1792 2662 αἴρουσα
1823 2625 1872 2661 τὴν

1085 2671 1186 2707 ὀφρὺν,
1215 2671 1389 2706 πολυτρόπως
1414 2672 1549 2707 ἡλίσκετο.
1581 2671 1714 2706 Ἐπετίμα
1739 2671 1793 2706 γὰρ
1816 2671 1872 2701 τοῖς

1085 2716 1173 2750 ἁγίοις
1205 2717 1392 2752 ἀποστόλοιςή
1406 2716 1460 2743 τῶν
1481 2716 1612 2743 Ἰουδαίων
1628 2716 1786 2751 Συναγωγὴ,
1798 2716 1872 2751 Stap-

1085 2761 1168 2797 ρήδην
1176 2761 1254 2796 λέγου
1260 2762 1498 2798 σαοιῐῐαραγγελίᾳ
1510 2762 1735 2798 παρηγγείλαμεν
1745 2762 1818 2796 ὑμῖν,
1833 2760 1870 2796 μὴ
