1990 3046
119 122 171 150 I53

640 125 900 153 GLAPHYRORUM
920 125 954 153 IN
970 125 1119 154 GENESIM
1142 128 1205 155 LIB.
1226 128 1270 156 Ill.

1706 134 1766 162 436v

119 179 256 206 διδάσκειν
273 180 324 207 ὲπδ.
338 181 377 216 τῷ
391 181 503 217 ὀνόματι
514 181 610 217 τούτῳ,
620 183 666 209 καὶ
677 183 731 209 ί.ὁηῦ
743 183 913 219 ἐπληρώσατε

973 183 1019 215 tia,
1031 190 1059 212 et
1072 185 1200 213 ancillula
1212 186 1305 214 liberae
1318 192 1359 214 est
1369 193 1526 216 contumax.
1540 189 1673 219 Caeterum
1686 193 1756 221 vieta

123 226 171 261 ¹τὴν
186 226 368 262 Ἰερουσαλὴμ
377 227 425 262 τῆς
435 227 544 262 διδαχῆς
554 227 640 263 ὑμῶν.
655 237 665 253 ι
685 229 765 264 Ὁρᾷς
773 229 846 259 ὅπως
856 237 918 255 κατ-

123 272 266 308 επαίρεται
274 274 324 308 τῆς
330 274 439 309 Σάρρας
446 275 462 309 ἡ
471 273 617 307 Αἰγυπτία,
625 274 672 300 καὶ
682 274 769 300 καταο
774 274 917 309 ρασύνεται

123 317 172 353 τῆς
185 318 330 353 ἐλευθέρας
340 319 370 345 τὸ
380 319 591 355 θεραπαινίδιον.
612 319 681 345 Ἀλλ’
692 320 800 346 ἐνικᾶτο
807 320 846 355 τῷ
858 321 919 356 χρό·

125 373 173 398 νῳ,
183 365 229 390 καὶ
244 364 438 400 ἀποδιδράσκει
458 365 560 400 τρόπον
574 365 634 391 τινὰ
643 365 751 400 τιμῶσα
761 367 790 392 τὸ
801 366 916 401 ὲξήνιον,

127 411 323 444 προστάττεται
337 411 366 437 δὲ
379 411 413 437 δι’
424 411 541 446 ἀγγέλου
555 412 655 446 φωνῆς,
668 412 705 447 μὴ
723 413 918 448 παραιτεῖσθαι

126 455 174 490 τὴν
193 455 355 492 ἐλευθέραν,
374 458 513 490 τουτέστι,
531 459 579 494 τὴν
599 460 638 491 εἰς
653 459 794 496 ἐλεύθερον
809 460 917 496 ἀξίωμα

126 501 261 528 καλοῦσαν
291 503 446 534 παίδευσιν,
476 505 668 531 ταπεινοῦσθαι
696 506 724 532 δὲ
749 507 848 542 μᾶλλον
865 507 917 534 ὑπὸ

125 546 176 577 τὰς
197 548 291 583 χεῖρας
313 549 409 583 αὐτῆς.
440 549 472 576 Ἦ
497 549 552 585 γὰρ
571 550 614 577 διὰ
633 551 714 586 νόμου
730 551 852 586 λατρεία,
874 552 918 580 διὰ

129 593 276 628 σχημάτων
300 593 376 620 ἰοῦσα
399 595 445 622 καὶ
463 595 574 627 τύπων,
598 596 716 623 δουλεύει
735 598 834 633 τρόπον
856 598 918 624 τινέσ⁷

128 641 184 670 τοῖς
208 639 397 674 εὐαγγελικοῖς
424 640 622 676 παιδεύμασιν,
644 643 764 678 ἀμυδρὸν
786 643 835 677 τῆς
850 643 915 678 ἁλη-

128 684 203 716 θείας
223 685 254 711 τὸ
280 685 376 717 κάλλος
401 686 442 720 ἐφ’
468 687 550 722 ἑαυτῇ
573 687 742 715 δεικνύουσα.
769 689 807 714 Δι’
834 690 916 723 ἀγγέ-

127 730 181 756 λων
199 730 288 756 τοίνυν
308 731 322 756 6
339 731 421 757 πάλαι
435 731 478 757 διὰ
497 732 617 764 Μωσέως
633 732 747 768 ὡρίζετο
764 733 857 767 νόμος,
871 734 916 760 καὶ

127 775 173 802 διὰ
194 777 287 810 φωνῆς
310 776 428 810 ἀγγέλου
451 778 507 808 τοῖς
529 777 572 804 διὰ
595 777 713 812 Χριστοῦ
738 778 916 814 θεσπίσμασιν

127 821 274 856 ὑποφέρειν
303 821 396 858 ὥσπερ
423 822 622 857 προστάσσεται
647 823 691 849 τὸν
722 823 838 858 αὐχένα,
870 824 916 851 καὶ

129 868 319 895 ὐποκλίνεσθαι
334 870 367 904 τῇ
383 869 522 904 ἐλευθέρᾳ,
539 869 585 895 καὶ
602 869 649 904 οὐχ
666 869 765 896 ἑκοῦσα
786 878 913 905 παραχω-

129 916 194 949 ρεῖν.
211 914 297 941 Τοῦτο
311 915 374 950 γὰρ,
391 913 477 949 οἶμαι,
503 914 606 950 νοητῶς
627 916 684 942 ἐστι
709 917 750 948 τὸ,
775 916 826 942 ὑπὸ
836 918 914 951 χεῖρα

127 960 176 994 τῆς
194 960 304 995 Σάρρας
334 960 461 994 γενέσθαι
490 961 539 996 τὴν
563 961 662 996 Ἅγαρ.
697 962 859 997 Μεμνῆσοαι
886 961 913 988 δὲ

127 1004 273 1038 ἀναγκαῖον
282 1025 288 1035 .
307 1005 345 1037 ὡς
358 1005 494 1040 διαθηκῶν
507 1005 590 1032 δυάδα
605 1006 725 1033 τέθεικεν
744 1007 828 1039 αὐτὰς
842 1007 888 1033 καὶ
900 1008 914 1033 ὁ

128 1050 270 1082 θεσπέσιος
292 1051 396 1083 Παῦλος
409 1071 415 1082 ,
437 1051 485 1087 τὴν
503 1052 550 1087 μὲν
566 1052 606 1084 είς
624 1053 744 1079 δουλείαν
758 1053 912 1087 γεννῶσαν,

129 1095 268 1131 σύστοιχόν
283 1104 311 1122 τε
326 1097 360 1131 τῇ
375 1096 422 1122 νῦν
442 1096 619 1132 Ἰερουσαλήμ
632 1105 639 1112 ·
654 1097 702 1132 τὴν
717 1098 745 1124 δὲ
758 1098 797 1129 εἰς
808 1097 914 1124 ἐλευθε-

130 1139 187 1174 ρίας
199 1140 319 1175 ἀξίωμα,
331 1141 402 1177 φημξι
414 1140 445 1174 δὴ
457 1140 505 1176 τὴν
517 1141 634 1177 Σάρραν.
652 1141 713 1168 Ὅτι
725 1141 752 1167 δὲ
764 1142 913 1176 πεφηνότος

129 1185 178 1220 ήδη
192 1185 309 1220 Χριστοῦ
324 1173 495 1212 συναῦατελεῖ
504 1185 535 1221 δὴ
551 1188 659 1218 πάντως
675 1187 722 1221 τῆς
736 1188 764 1213 ὲν
780 1187 913 1222 πνεύματι

129 1233 277 1267 περιτομῆς
293 1232 307 1257 6
323 1232 427 1267 καιρὸς,
453 1232 606 1259 ὲδιδάσκετο
629 1233 722 1268 σαφῶς
744 1234 757 1260 6
780 1234 913 1269 μακάριος

135 1277 268 1312 Ἀϐραάμ.
291 1277 480 1313 Ἐθεσμοθέτει
497 1279 550 1314 γὰρ
563 1279 577 1305 6
592 1278 668 1311 Θεὸς,
685 1279 715 1306 τὸ
731 1280 828 1314 χρῆναι
846 1279 913 1314 πλη-

131 1321 191 1357 ροῦν
204 1322 255 1356 τὴν
269 1322 428 1358 περιτομὴν,
446 1323 490 1350 διὰ
505 1324 652 1359 σαρκικῶν,
665 1321 753 1358 οἶμαι,
764 1325 913 1360 παραδειγ-

130 1368 222 1401 μάτων
253 1369 463 1403 προαναφαῐνων
479 1369 513 1396 τὰ
529 1369 619 1404 νοητά.
639 1379 648 1395 ι
676 1370 912 1406 Περι-τμηθήσεται

128 1413 181 1448 γάρ
195 1422 252 1445 σου,
270 1414 346 1449 φησι,
360 1415 413 1441 πᾶν
425 1415 577 1451 ἀρσενικόν.
597 1425 607 1441 ι
630 1415 685 1442 Καὶ
703 1417 762 1447 ταῖς
777 1417 817 1447 εἰς
835 1416 914 1442 τοῦτο

128 1458 281 1493 ρᾳστώναις
309 1459 418 1495 ὄλεθρον
434 1461 481 1486 καὶ
495 1460 633 1487 ἀπώλειαν
652 1461 799 1496 ὲπεμέτρει
812 1461 861 1496 τὴν
875 1461 914 1488 δί-

129 1513 188 1541 κην·
201 1505 253 1541 ἔφη
269 1506 334 1541 γὰρ,
349 1506 389 1532 ὅτι
404 1506 450 1532 καὶ
462 1506 647 1541 ἀπερίτμητος
663 1506 761 1542 ἄρσην,
778 1507 805 1538 ὃς
819 1507 848 1533 οὒ
865 1516 911 1533 πε-

129 1551 324 1586 ριτμηθήσεται
341 1551 390 1587 τὴν
405 1551 493 1587 σάρκα
509 1552 558 1586 τῆς
574 1551 756 1587 ἀκροϐυστίας
769 1553 852 1579 αὑτοῦ
879 1554 911 1588 τῇ

125 1597 218 1635 ἡμέρᾳ
233 1600 266 1634 τῇ
280 1599 372 1634 ὀγδόῃ,
386 1599 639 1634 ὲξολοθρευθήσεται
655 1600 671 1635 ἡ
685 1599 756 1635 ψυχὴ
776 1600 867 1635 ἐκείνη
881 1600 913 1625 ὲκ

127 1643 173 1670 τοῦ
185 1644 278 1678 γένους
292 1645 387 1680 αὐτῆς,
401 1646 441 1672 ὅτι
453 1645 502 1680 τὴν
521 1645 652 1680 διαθήκην
668 1654 720 1680 μου
731 1645 911 1672 διεσκέδασεν.

133 1689 213 1724 Ὁρᾷς
232 1690 272 1716 ὃτι
289 1690 338 1725 τῆς
356 1692 384 1717 ὲν
402 1691 537 1726 πνεύματι
560 1691 606 1717 καὶ
627 1691 742 1727 ἀληθείᾳ
762 1691 912 1727 περιτομῆς

127 1736 208 1767 τύπος
223 1735 318 1772 ὥσπερ
338 1745 379 1767 τις
397 1737 426 1762 ὲν
441 1737 523 1770 σαρκὶ
545 1736 743 1771 προεδείκνυτο.
761 1737 913 1772 Πράττεται

128 1783 180 1818 γὰρ
195 1784 228 1818 τῇ
243 1782 333 1818 ὀγδόῃ,
358 1783 419 1810 καθ’
436 1783 468 1819 ἣν
490 1784 521 1810 ὲκ
543 1784 648 1820 νεκρῶν
666 1784 766 1810 ἀνεϐίω
785 1783 910 1819 Χριστός.

128 1829 180 1855 Καὶ
191 1829 286 1865 καιρὸς
300 1827 334 1864 ἦν
348 1829 398 1865 ἠδη
415 1829 462 1856 τοῦ
478 1830 639 1866 μταλαχεῖν
653 1830 731 1865 ἁγίου
744 1830 911 1865 Πνεύματος,

127 1874 173 1900 καὶ
188 1874 236 1909 τὴν
256 1875 284 1900 ὲν
299 1874 374 1909 αὐτῷ
390 1874 514 1909 δέχεσθαι
528 1875 694 1911 περιτομὴν,
711 1875 741 1902 οὑ
759 1876 847 1911 σάρκα
868 1875 914 1901 λυ-

125 1919 254 1951 ποῦντος,
270 1920 336 1946 ἀλλὰ
354 1920 463 1955 πνεῦμα
484 1920 678 1955 καθαίροντοςπ
698 1920 728 1946 οὺ
749 1921 912 1955 σωματικῶν

125 1964 340 1997 arande-caveo;
357 1965 459 2000 ῥὺπων,
480 1965 548 1992 ἀλλὰ
563 1966 686 2000 ψυχικῶν
704 1966 776 2000 ἡμᾶς
793 1965 912 2000 νοσημά-

124 2020 178 2038 των
194 2011 369 2043 ἀπολύοντος.
387 2011 450 2038 Ὅτε
465 2011 519 2046 γὰρ
535 2012 634 2038 ἀνεὸίω
650 2011 778 2046 Χριστὸς,
794 2010 912 2036 καταλύ-

127 2065 174 2089 σας
183 2057 230 2084 τοῦ
243 2057 358 2085 θανάτου
371 2058 402 2084 τὸ
412 2058 521 2092 κράτος.
531 2058 591 2084 τότε
604 2057 645 2092 δὴ,
654 2057 714 2083 τότε
728 2055 774 2083 καὶ
784 2057 912 2091 ἀπαρχὴν

127 2093 216 2139 ὥσπερ
228 2103 288 2130 τινὰ
299 2103 346 2130 τοῦ
360 2104 438 2137 ἁγίου
451 2103 609 2138 Πνεύματος
631 2104 687 2134 τοῖς
701 2102 788 2137 ἁγίοις
800 2102 912 2136 ἐνέθηκε

127 2150 270 2185 μαθηταῖς.
290 2149 456 2185 Ἐνεφύσησε
469 2149 534 2185 γὰρ,
548 2149 640 2184 φησὶν,
654 2149 693 2180 εἰς
705 2148 803 2180 αὐτοὺς
812 2148 909 2182 λέγων’

969 233 1011 256 est
1023 234 1158 265 tempore,
1170 232 1292 267 fugitque
1302 233 1503 267 quodammodo
1514 238 1691 265 contumaciae
1701 244 1757 266 suae

968 282 1064 309 pcenas
1080 276 1167 303 luens.
1181 277 1307 304 Monetur
1328 282 1419 306 autem
1431 287 1481 314 per
1494 287 1588 308 vocem
1604 283 1704 317 angeli,
1721 292 1756 311 ne

968 321 1103 356 despiciat
1113 322 1238 355 liberam,
1250 323 1302 350 hoc
1313 327 1355 351 est
1381 324 1565 358 disciplinam,
1578 326 1611 354 ad
1622 327 1757 355 libertatis

968 366 1129 401 dignitatem
1151 373 1307 400 vocantem,
1323 373 1351 395 at
1370 369 1462 403 potius
1481 373 1512 396 ut
1529 369 1690 399 humilietur
1704 373 1755 400 sub

968 419 1050 438 manu
1063 413 1131 448 ejus.
1146 413 1241 441 Cultus
1258 414 1330 441 enim
1345 414 1439 449 legalis
1457 423 1506 449 per
1521 415 1620 450 ﬁguras
1632 424 1664 444 ac
1678 423 1754 453 typrs

967 455 1095 484 incedens
1108 457 1193 484 servit
1208 458 1409 492 quodammodo
1426 459 1592 493 evangelica:
1609 460 1752 495 doctrinas,

967 501 1110 529 obscuram
1123 503 1268 538 quamdam
1279 504 1403 531 veritatis
1412 505 1647 539 pulchritudinem
1660 515 1715 541 pra:
1725 515 1754 535 se

966 547 1067 576 ferens.
1079 549 1131 576 Per
1148 549 1358 585 angelositaque
1369 555 1448 577 vetus
1460 551 1558 586 Moysis
1577 552 1619 579 lex
1632 553 1685 580 lata
1702 557 1752 584 est,

966 597 994 620 et
1010 601 1058 628 per
1073 602 1167 622 vocem
1188 595 1279 630 angeli
1296 596 1440 630 praaecptis
1454 603 1502 630 per
1517 595 1657 623 Christum
1670 597 1754 625 editis

967 641 1100 668 cervicem
1113 641 1314 676 quodammodo
1325 643 1487 669 submittere
1499 643 1623 677 jubetur,
1633 648 1661 671 et
1673 644 1754 671 subdi

966 686 1021 720 80
1037 686 1141 718 liberm.
1160 688 1268 715 etiamsi
1284 688 1382 715 cedere
1401 689 1476 716 nolit.
1498 689 1556 716 lloc
1575 690 1649 716 enim
1670 690 1752 725 spiri-

967 732 1077 759 tualiter
1089 732 1243 767 signiﬁcare
1255 733 1394 761 arbitror:
1415 744 1422 759 ι
1438 735 1520 769 Agar.
1536 735 1681 763 humiliare
1702 736 1754 763 sub

966 784 1048 803 manu
1063 776 1137 803 Sane
1158 777 1188 803 ⁵³.
1212 787 1220 803 ›
1236 778 1329 812 Neque
1342 785 1406 805 vero
1419 778 1528 805 silentio
1541 779 1753 812 praetermitten—

967 821 1032 848 dum
1052 829 1113 849 esse
1129 830 1239 854 censeo,
1263 823 1336 857 quod
1354 828 1381 850 et
1403 823 1514 850 divinus
1535 824 1635 851 Paulus
1655 832 1702 851 eas
1727 824 1753 851 in

935 854 953 881 Β
967 866 1084 893 duorum
1105 854 1330 894 testamentorum
1348 868 1502 903 exemplum
1520 870 1660 903 posuerit;
1679 870 1752 896 illam

967 912 1078 947 quidem
1101 913 1256 948 gignentem
1283 913 1310 940 in
1331 914 1503 946 servitutem,
1523 919 1550 941 et
1571 914 1704 942 confinem
1727 915 1753 942 ei

945 975 947 980 ν
967 967 1028 994 qua:
1044 967 1117 986 nunc
1128 964 1170 986 est
1186 959 1348 991 Jerusalem,
1363 959 1434 986 hanc
1451 967 1515 986 vero
1528 960 1555 986 in
1568 960 1752 987 libertatisdi—

967 1005 1116 1039 gnitatem,
1143 1005 1239 1032 Saram
1271 1005 1393 1040 inquam.
1416 1005 1494 1038 Quod
1508 1013 1584 1038 vero,
1609 1010 1752 1041 postquam

967 1050 1125 1084 apparuerit
1136 1050 1273 1083 Christus,
1289 1059 1342 1077 una
1355 1051 1494 1078 exorietur
1508 1055 1616 1085 tempus
1634 1051 1754 1078 circum-

967 1095 1079 1123 cisionis
1104 1096 1132 1123 in
1161 1096 1269 1131 spiritu,
1293 1096 1407 1124 edoctus
1428 1101 1469 1124 est
1493 1097 1635 1124 manifeste
1657 1097 1755 1126 beatus

966 1141 1114 1169 Abraham.
1127 1142 1260 1177 Przecepit
1273 1143 1346 1170 enim
1363 1143 1418 1178 jam
1431 1143 1503 1170 Deus
1514 1143 1753 1172 circumcisionem

967 1188 1133 1222 implendam
1145 1195 1216 1220 esse,
1230 1196 1279 1223 per
1296 1189 1428 1218 carnalia,
1441 1193 1471 1216 ut
1487 1189 1617 1221 arbitror,
1632 1190 1754 1225 exempla

966 1231 1180 1267 przcsignilieans
1202 1232 1365 1267 spiritualia.
1394 1242 1402 1258 ι
1419 1232 1639 1260 Circumcidetur
1664 1233 1752 1264 enim,

967 1279 1068 1313 inquit,
1089 1285 1170 1305 omne
1193 1278 1356 1315 masculum,
1372 1288 1381 1304 ›
1402 1278 1629 1314 negligentiaeque
1651 1278 1702 1306 hac
1725 1279 1754 1306 in

966 1329 1044 1358 parte
1057 1325 1173 1359 capitale
1187 1325 1352 1360 supplicium
1369 1324 1507 1360 proponit.
1519 1324 1564 1352 Ait
1579 1324 1663 1356 enim,
1680 1324 1754 1360 quod

971 1369 1206 1397 cincirenmcisus
1233 1370 1386 1402 masculus,
1415 1370 1461 1404 qui
1490 1377 1545 1396 non
1575 1369 1754 1397 circumcisus

967 1413 1050 1441 fuerit
1067 1422 1178 1442 carnem
1195 1415 1322 1450 prteputii
1338 1415 1380 1443 sui
1397 1420 1491 1442 octava
1506 1415 1561 1446 die,
1580 1415 1754 1449 disperdetur

967 1459 1058 1486 anima
1071 1459 1115 1486 illa
1129 1467 1164 1487 ex
1177 1460 1354 1494 generatione
1370 1467 1429 1492 sua,
1447 1460 1511 1495 quia
1531 1464 1640 1494 pactum
1661 1467 1753 1487 meum

967 1503 1112 1538 dissipavit
1124 1504 1171 1530 ⁵⁸.)
1183 1504 1266 1531 Vides
1282 1504 1355 1540 quod
1372 1504 1546 1532 circumcisio
1558 1505 1587 1531 in
1600 1512 1681 1532 carne
1695 1505 1753 1535 vel-

965 1549 1004 1576 uti
1026 1553 1106 1585 typus
1117 1550 1228 1585 quidam
1241 1551 1467 1585 praemonstra‘tus
1485 1551 1521 1578 sit
1536 1551 1755 1578 circumcisiouis

964 1595 992 1622 in
1005 1596 1103 1630 spiritu
1130 1600 1158 1623 et
1179 1596 1305 1623 veritate.
1331 1596 1374 1623 Fit
1399 1596 1473 1623 enim
1498 1600 1594 1623 octavo
1619 1596 1674 1628 die,
1698 1604 1753 1631 quo

963 1640 1091 1669 Christus
1115 1649 1131 1669 a
1151 1642 1269 1669 mortuis
1296 1641 1416 1673 revixit;
1434 1645 1462 1668 et
1481 1645 1589 1676 tempus
1611 1645 1669 1668 erat
1687 1642 1752 1676 jam,

963 1692 994 1715 ut
1011 1687 1128 1722 Spiritus
1145 1688 1230 1715 sancti
1249 1687 1397 1722 participes
1410 1687 1592 1719 etliceremur,
1607 1687 1752 1718 circumci—

963 1732 1122 1768 sioncmque
1141 1733 1168 1759 in
1181 1732 1241 1767 ipso
1254 1733 1469 1767 susciperemus,
1483 1740 1547 1767 quae
1568 1740 1622 1759 non
1643 1740 1753 1760 carnem

963 1778 1092 1811 alliceret,
1103 1779 1150 1806 sed
1165 1779 1290 1814 spiritum
1305 1782 1446 1814 purgaret,
1461 1787 1515 1806 non
1533 1787 1548 1806 a
1564 1780 1755 1817 corporalibus

963 1824 1090 1852 sordibus
1105 1824 1247 1856 liberaret,
1271 1825 1319 1852 sed
1340 1825 1424 1851 animi
1447 1825 1559 1852 morbos
1580 1824 1751 1852 dissolveret.

963 1868 1076 1902 Quando
1099 1869 1172 1896 enim
1197 1868 1325 1896 Christus
1348 1869 1457 1901 revixit,
1479 1868 1614 1896 dissoluto
1637 1869 1755 1905 imperio

962 1915 1069 1948 mortis,
1085 1920 1150 1943 tunc
1168 1915 1278 1942 demqu
1292 1914 1378 1942 veluti
1391 1915 1527 1949 primitias
1538 1915 1671 1949 quasdam
1690 1914 1752 1949 Spi-

962 1961 1032 1988 ritus
1049 1961 1135 1988 sancti
1157 1960 1300 1995 discipulis
1319 1960 1443 1987 immisit.
1463 1960 1612 1988 [nsuﬂlavit
1630 1961 1703 1987 enim
1723 1961 1752 1988 in

961 2005 1036 2041 ipsos
1052 2005 1160 2038 dicens,
1176 2015 1185 2031 ι
1200 2005 1323 2040 Accipite
1338 2004 1469 2040 Spiritum
1484 2008 1608 2031 sanctum
1621 2005 1653 2030 ⁸⁵.
1671 2015 1679 2029 ι
1695 2004 1750 2032 Ca-

958 2052 1005 2087 jus
1034 2052 1118 2079 etiam
1144 2051 1287 2079 sententia
1311 2055 1353 2078 est
1377 2050 1596 2085 sapientissimus
1621 2050 1750 2082 Joannes,

962 2098 1058 2126 dicens
1070 2107 1076 2125 :
1091 2108 1100 2123 ε
1111 2098 1237 2125 Nondum
1251 2098 1324 2125 enim
1336 2102 1396 2124 erat
1407 2097 1526 2132 Spiritus
1539 2100 1649 2123 sanctus
1659 2096 1750 2128 datus.

963 2143 1026 2179 quia
1036 2143 1115 2171 Iesus
1127 2143 1249 2171 nondum
1261 2147 1321 2170 erat
1333 2141 1500 2178 gloriﬁcatus
1512 2141 1544 2167 ⁸⁸.
1555 2150 1563 2166 ›
1578 2140 1750 2168 Glorilieatus

126 2205 136 2221 ε
161 2196 266 2222 Λάϐετε
284 2195 396 2230 Πνεῦμα
411 2195 498 2228 ἆγιον,
528 2204 537 2221 ι
556 2194 724 2229 Συλλὴψεται
739 2194 767 2220 δὲ
786 2193 824 2228 τῷ
840 2193 911 2228 λόγῳ

964 2189 1099 2224 siquidem
1114 2192 1166 2221 est,
1180 2196 1242 2215 cum
1258 2187 1408 2215 resurrexit
1421 2194 1436 2213 a
1451 2186 1566 2214 mortuis
1583 2191 1680 2215 octavo
1693 2186 1748 2213 die.

125 2240 170 2267 καὶ
183 2241 198 2266 ὁ
213 2242 368 2275 σοφώτατος
390 2240 526 2274 Ἰωάννης,
539 2240 625 2273 λέγων
635 2247 641 2254 ·
659 2250 668 2265 ι
683 2239 797 2266 υύδέπω
810 2238 864 2274 γὰρ
876 2236 910 2274 ἦν

125 2286 235 2321 Πνεῦμα
253 2287 338 2320 ἆγιον,
352 2286 393 2313 ὃτι
413 2286 516 2320 Ἰησοῦς
529 2285 635 2312 οὐδέπω
650 2283 791 2320 ἐδοξάσθη.
809 2294 818 2310 ι
834 2283 911 2310 Δεδό-

124 2332 219 2365 ξασται
236 2332 285 2367 μὲν
306 2331 371 2367 γὰρ,
386 2331 571 2367 ἐγηγερμένος
587 2332 619 2357 ὲκ
639 2330 761 2366 νεκρῶν,
778 2329 848 2356 κατὰ
861 2330 910 2365 τὴν

122 2377 228 2412 ἀγδόην.
246 2377 390 2412 Τοιγάρτοι
405 2378 451 2404 καὶ
471 2378 511 2409 εἱς
526 2377 600 2411 ἡμᾶς
618 2376 719 2411 ἠνέχθη
742 2375 772 2402 τὺ
791 2375 909 2410 πνεῦμα,

123 2422 168 2449 καὶ
193 2423 222 2449 ὲν
236 2422 310 2452 αὺτῷ
324 2421 547 2457 περιτετμήμεθα
563 2422 696 2456 περιτομῇ
712 2420 910 2455 ἀχειροποιήτῳ

122 2468 168 2494 καὶ
181 2468 275 2502 νοητῇ.
298 2467 418 2494 Ἀνδάνει
436 2466 490 2502 γὰρ
506 2462 583 2496 οὗτος
599 2465 658 2500 Θεῷ
669 2466 718 2500 τῆς
733 2466 883 2500 περιτομῆς
896 2466 910 2491 6

120 2513 230 2548 τρόπος.
243 2513 299 2539 Καὶ
309 2512 374 2547 γοῦν
386 2513 400 2539 6
413 2512 554 2543 θεσπέσιος
568 2511 675 2542 Παῦλος
696 2508 746 2538 ὦδέ
761 2511 798 2546 πή
816 2519 907 2545 φησιν·

123 2568 132 2584 ι
151 2560 188 2586 Οὔ
206 2559 259 2594 γὰρ
276 2560 290 2586 6
303 2561 331 2586 ἐν
343 2558 383 2594 τῷ
395 2558 504 2594 φανερῷ
524 2557 648 2588 Ἰουδαῖός
664 2558 746 2584 ἐστιν.
771 2557 831 2583 οὐδὲ
847 2557 863 2591 ἠ
881 2558 910 2582 ὲν

963 2235 1068 2262 Idcirco
1084 2234 1166 2262 etiam
1187 2234 1215 2261 in
1237 2242 1288 2261 nos
1309 2234 1457 2261 translatus
1475 2237 1517 2260 est
1532 2232 1661 2267 Spiritus,
1677 2238 1704 2260 et
1720 2233 1748 2261 in

963 2281 1022 2316 ipso
1030 2280 1185 2308 circumcisi
1196 2287 1291 2307 sumus
1298 2278 1568 2306 circumcisionenon
1575 2286 1656 2304 manu
1667 2278 1747 2310 laeta,

963 2327 1010 2354 sed
1024 2326 1171 2361 spirituali.
1189 2325 1238 2353 Hic
1250 2325 1323 2352 enim
1344 2323 1562 2351 circumcisionis
1581 2324 1678 2351 modus
1692 2325 1750 2352 Deo

963 2373 1061 2408 placet.
1070 2371 1152 2406 Atqui
1165 2371 1274 2398 divinus
1284 2370 1383 2397 Paulus
1395 2369 1458 2397 alibi
1473 2369 1510 2396 ita
1525 2369 1563 2396 ait
1575 2377 1597 2395 ί(
1606 2369 1665 2396 Non
1674 2369 1748 2399 enim

963 2418 1010 2453 qui
1019 2418 1047 2444 in
1056 2416 1201 2444 manifesto
1208 2415 1318 2443 Judzeus
1332 2419 1382 2447 est,
1394 2422 1482 2449 neque
1496 2423 1556 2449 quae
1569 2415 1594 2441 in
1604 2415 1748 2442 manifesto

960 2465 988 2492 in
995 2471 1076 2491 carne
1085 2468 1127 2490 est
1135 2461 1317 2493 circumcisio;
1327 2460 1374 2487 sed
1383 2460 1429 2495 qui
1438 2460 1464 2486 in
1472 2459 1631 2487 abscondito
1638 2459 1749 2487 Iudaeus

962 2514 1005 2538 est
1013 2507 1222 2537 etcircumeisio
1234 2506 1324 2534 cordis
1335 2506 1361 2533 in
1373 2505 1481 2540 spiritu,
1491 2513 1546 2531 non
1555 2505 1749 2541 litterazcujus

961 2556 1020 2584 laus
1039 2563 1094 2582 non
1111 2562 1144 2582 ex
1159 2553 1329 2584 hominibus,
1344 2551 1391 2579 sed
1415 2560 1449 2579 ex
1469 2551 1524 2578 Deo
1537 2555 1579 2578 est
1589 2551 1623 2578 ⁸⁷.
1640 2560 1649 2576 ι

119 2604 158 2639 τῷ
174 2605 283 2640 φανερῷ
296 2606 326 2631 ὲν
340 2605 422 2640 σαρκὶ
436 2604 581 2640 περιτομὴ,
596 2603 653 2630 ἀλλ’
668 2604 682 2630 6
697 2604 725 2629 ὲν
758 2602 797 2638 τῷ
830 2603 944 2638 κρυπτῷ
970 2603 1104 2634 Ἰουδαῖος,
1123 2600 1169 2628 καὶ
1191 2598 1325 2634 περιτομὴ
1351 2597 1464 2634 καρδίας
1489 2599 1517 2624 ὲν
1541 2596 1692 2632 πνεύματι,
1717 2596 1747 2626 οὐ

119 2650 271 2685 γράμματι.
291 2646 329 2676 Οῦ
344 2651 358 2676 6
377 2649 485 2681 ἔπαινος
501 2650 552 2676 οὐκ
576 2649 606 2681 ἐξ
622 2648 783 2684 ἀνθρώπων,
801 2649 859 2674 ἀλλ’
874 2649 907 2675 ὲκ
925 2648 974 2675 τοῦ
988 2647 1065 2674 Θεοῦ.
1087 2656 1096 2671 ι

155 2694 181 2722 ι’.
199 2695 409 2731 ’Δπρακτούσης
419 2695 448 2721 δὲ
463 2695 502 2721 ὅτι
515 2695 563 2729 τῆς
577 2695 605 2721 ὲν
619 2694 694 2730 νόμῳ
708 2694 846 2730 λατρείας,
861 2693 909 2720 καὶ

118 2739 344 2778 κατακρατούσης
357 2740 407 2775 ἤδη
421 2741 469 2776 τῆς
484 2740 546 2773 νέας
559 2740 605 2767 καὶ
617 2741 646 2766 ἐν
658 2739 780 2775 Χριστῷ,
794 2739 839 2766 καὶ
855 2739 910 2766 τῶν

164 2828 269 2865 ⁶⁸,(ὶοιι.
284 2827 382 2861 “1,9.
438 2828 459 2844 ’δ
469 2827 536 2856 Gen.
550 2835 614 2861 xvu,
636 2827 678 2854 Η.

737 2827 759 2844 ⁶¹
775 2827 852 2855 Joan.
865 2835 910 2860 xx,
926 2826 972 2852 2L

998 2693 1041 2720 10.
1062 2691 1140 2725 Quod
1154 2698 1218 2718 vero
1232 2695 1354 2718 cessante
1369 2689 1445 2716 cultu
1457 2687 1545 2723 legali,
1559 2691 1587 2714 et
1600 2686 1746 2724 imperium

962 2739 1103 2767 obtinente
1120 2744 1191 2764 novo
1209 2728 1258 2771 per
1275 2735 1427 2767 Christum,
1443 2733 1622 2768 fidelibusque
1638 2731 1746 2768 populis

966 2785 975 2798 \

1010 2825 1032 2841 “
1047 2824 1123 2852 Joan.
1136 2831 1184 2856 vn,
1197 2823 1240 2850 59.
1280 2822 1302 2838 ⁸⁷
1319 2822 1397 2850 Rom.
1411 2829 1440 2854 ιι,
1450 2820 1495 2848 28.
