1990 3046
219 121 270 149 135

711 118 741 145 S.
763 117 901 146 CYRILLI
920 115 1154 144 ALEXANDRINI
1175 117 1333 145 ARClllEP.

1799 118 1850 146 156

215 178 270 212 jam
279 175 392 208 exortis,
400 175 446 211 qui
463 176 535 203 inter
549 175 651 203 liberos
659 175 711 211 81
725 175 796 203 ﬁlios
805 174 946 202 constituti
956 181 1006 201 ue-

1059 174 1087 202 ὲν
1108 175 1198 201 πίστει
1217 174 1291 202 λαῶν
1308 174 1552 210 ἀναδεδειγμένων,
1577 175 1601 201 οἳ
1615 175 1661 202 καὶ
1681 175 1710 202 ὲν
1725 177 1780 207 τοῖς
1801 177 1850 212 τῆς

216 230 270 257 que
277 222 403 258 spiritum
413 223 539 250 servilem
547 222 681 250 habentes
687 222 815 253 clamant,
824 221 906 252 Abba,
918 220 1007 253 Pater,

218 273 324 304 tempus
342 274 401 296 erat
411 270 466 304 jam
485 274 515 296 ut
534 268 691 296 Judaeorum
710 268 849 303 Synagoga
869 266 1010 301 ablegare-

218 319 272 346 tur,
286 317 314 340 et
325 314 448 341 exhatres
462 313 665 349 quodammodo
678 311 867 347 promissionis
879 311 1007 346 populus,

217 360 264 394 qui
289 368 322 387 ex
345 360 379 388 iis
403 360 533 392 oriretur,
560 359 646 386 ﬁeret.
672 359 758 386 Porro
783 357 856 392 quod
878 364 1008 384 successu

218 405 350 439 temporis
360 405 396 432 sit
417 411 590 436 reversurus,
608 407 636 430 et
660 407 790 436 acceptus
810 402 866 429 Deo
887 401 1006 434 futurus,

217 450 345 485 quodque
362 457 508 485 supernam
521 448 642 476 caelestis
657 447 749 475 Patris
764 446 959 481 benignitatem
973 448 1009 474 sit

217 500 390 531 expcrturus,
402 499 428 522 et
440 494 609 522 Salvatorem
623 501 655 520 ac
666 493 879 527 Redemptorcm
896 492 1008 520 univer-

218 549 312 569 sorum
338 541 508 576 cogniturus,
529 547 607 566 sacra
632 538 774 573 Scriptura
796 546 905 565 rursum
928 538 1008 565 nobis

219 587 365 622 signiﬁcat.
381 586 525 613 Ludebant
539 585 614 612 enim
627 584 699 611 inter
715 591 743 611 se
759 584 921 612 insultantes
934 584 1008 611 invi-

218 641 277 660 cem
302 632 392 668 pueri,
414 632 489 658 lsaac
514 631 644 658 nimirum
665 634 693 657 et
716 630 823 657 Ismael.
849 630 1008 657 Persecutio

217 684 318 710 autem,
333 682 362 705 ut
376 678 506 709 arbitror,
521 680 580 704 erat
597 684 683 712 genus
698 675 767 708 ludi,
782 681 863 710 atque
878 676 1007 711 inseque-

217 725 298 752 batur
309 723 418 759 quidem
433 724 545 756 Ismael;
562 722 682 758 fugiebat
693 726 782 750 autem
794 722 879 749 Isaac.
894 722 1007 758 lndigne

217 775 308 799 autem
333 771 387 798 hoc
410 769 515 797 ferebat
539 769 633 796 libera:
657 776 745 800 mens,
779 768 855 795 Sara:
882 768 1004 802 inquam,

217 817 341 852 dixitque
367 817 401 843 ad
425 815 548 843 divinum
571 804 730 842 Ablraham:
756 824 764 839 ι
781 814 855 848 Ejice
879 814 1005 841 ancillam

1060 219 1206 255 ἐλευθέρας
1231 220 1365 247 τέθεινται
1394 220 1500 253 τέκνοις
1529 220 1560 247 τὸ
1590 220 1773 256 δουλοπρεπὲς
1799 222 1850 249 οὒκ

1060 264 1167 300 ἔχοντες
1177 265 1284 300 πνεῦμα
1293 265 1501 301 (διακεκράγασι
1516 266 1579 302 γάρ·
1589 266 1682 300 Ἇεϐᾶ,
1694 268 1710 293 o'
1725 266 1848 301 Πατὴρ),

1059 310 1154 346 καιρὸς
1174 308 1208 346 ἦν
1237 311 1306 347 ἤδη,
1330 311 1378 347 τὴν
1395 311 1449 338 τῶν
1478 311 1611 339 Ἰουδαίων
1637 312 1849 348 ἀποπέμπεσθαι

1060 357 1204 383 συναυλίαν
1216 357 1262 384 καὶ
1274 358 1449 392 Συναγωγὴν,
1467 357 1514 384 καὶ
1525 357 1679 394 ἀπόκληρον
1692 357 1785 394 ὥσπερ
1799 359 1850 394 τῆς

1059 402 1226 437 ἐπαγγελίας
1248 402 1294 429 τὸν
1307 402 1337 435 ἐξ
1350 403 1437 438 αὐτῆς
1451 403 1577 437 γενέσθαι
1593 403 1666 430 λαόν.
1681 404 1735 430 Καὶ
1746 403 1798 439 μὴν
1808 403 1849 431 ὅτι

1059 449 1105 476 καὶ
1117 448 1275 484 ἐπιστρέψει
1295 448 1365 475 κατὰ
1382 450 1504 484 καιροὺς,
1520 448 1566 475 καὶ¹
1586 448 1663 475 ἔσται
1679 450 1771 484 δεκτὴ.
1786 450 1848 477 τεύ-

1059 494 1133 527 ξεται
1143 493 1171 520 δὲ
1182 494 1229 520 καὶ
1240 494 1289 529 τῆς
1300 493 1401 521 ἄνωθεν
1413 494 1460 521 καὶ
1469 494 1544 530 παρὰ
1555 495 1661 530 Πατρδς
1670 495 1848 530 ἡμερότητος,

1058 540 1103 567 τὸν
1118 540 1171 566 τῶν
1185 540 1253 567 ὅλων
1269 540 1383 576 Σωτῆρα
1397 540 1443 566 καὶ
1452 539 1600 575 Λυτρωτὴν
1613 540 1846 574 ἐπιγινώσκουσα,

1060 585 1185 621 σημαίνει
1198 585 1229 621 δὴ
1242 585 1322 612 πάλιν
1334 588 1364 612 τὸ
1376 586 1494 622 Γράμμα
1503 586 1533 612 τὸ
1547 586 1629 622 ἱερόν.
1647 587 1778 619 Ἐπαιζον
1797 581 1850 623 μὲν

1058 631 1112 666 γὰρ
1137 631 1262 666 ἀλλήλοιν
1288 631 1494 666 ὲπιθρώσκοντα
1517 632 1551 658 τὰ
1573 632 1722 668 μειράκια,
1753 633 1848 659 Ἰσαὰκ

1057 675 1187 711 δηλονότι,
1206 676 1253 703 καὶ
1280 677 1371 712 μέντοι
1386 677 1433 704 καὶ
1455 677 1577 712 Ἱσμαήλ.
1599 677 1694 709 Δίωξις
1706 678 1751 709 δὲ,
1772 676 1849 713 οἶμαί

1058 731 1120 754 που,
1136 722 1185 756 τῆς
1197 723 1306 754 παιδιᾶς
1316 720 1350 758 ἦν
1362 724 1376 749 6
1389 723 1499 758 τρόπος·
1516 723 1563 749 καὶ
1576 723 1668 749 εἶπετο
1683 723 1731 758 μὲν
1742 722 1848 750 διώκων

1056 769 1070 795 ὁ
1093 768 1214 803 Ἰσμαὴλ.
1231 770 1409 804 κατεφωρᾶτο
1430 769 1458 795 δὲ
1479 769 1588 803 φεύγων
1612 770 1625 795 ό
1650 769 1752 796 Ἰσαάκ.
1779 769 1847 795 Ἀλλ’

1057 813 1207 847 ἠγανάκτει
1224 813 1292 848 πρὸς
1303 814 1381 841 τοῦτο
1396 814 1444 850 τῆς
1459 814 1606 849 ἐλευθέρας
1620 814 1634 840 ὁ
1649 814 1719 846 νοῦς,
1733 814 1804 850 φημὶ
1816 814 1848 848 δὴ

217 848 339 895 hang-et
357 862 443 889 ﬁlium
457 862 525 896 ejus.
539 861 633 896 Neque
653 861 726 887 enim
746 859 917 887 hrcrcditabit
933 859 1006 886 ﬁlius

1058 858 1107 893 τῆς
1126 858 1244 894 Σάρρας.
1264 860 1318 886 Καὶ
1333 859 1364 894 δὴ
1384 848 1431 886 και
1445 859 1548 894 ἔφασκε
1558 848 1629 895 πρὸς
1645 859 1691 886 τὸν
1706 848 1849 886 θεσπέσιον

218 908 324 936 ancilla:
338 908 420 943 hujus
450 915 510 934 cum
528 906 583 933 ﬁlio
598 914 660 933 meo
673 906 747 933 Isaac
759 906 790 932 “.
806 915 814 930 ι
830 905 923 940 Neque
939 913 1006 932 vero

215 954 355 989 jucundus
378 953 429 980 fuit
451 953 546 980 auditu
566 952 612 979 hic
627 959 717 979 sermo
738 951 864 978 Abrahae.
887 951 1006 979 Monitus

217 1002 308 1025 autem
325 1001 367 1028 est
381 1006 396 1024 a
408 997 463 1024 Deo
473 996 719 1032 obtemperandum
734 1003 794 1023 esse
811 996 931 1023 sermoni
956 996 1006 1023 Sa-

218 1051 264 1070 m.
283 1043 351 1070 Dato
371 1043 463 1078 itaque
485 1042 556 1077 Agar
577 1042 677 1069 viatico
701 1041 779 1076 panis
798 1046 925 1076 etaquat,
951 1049 1006 1068 una

217 1097 279 1116 cum
293 1089 348 1116 ﬁlio
370 1089 404 1116 ab
428 1088 508 1115 herili
521 1088 602 1115 domo
614 1087 756 1115 discedere
767 1087 857 1122 jussit.
871 1087 936 1120 Qum
946 1087 1007 1122 qui-

218 1134 280 1162 dem
305 1134 373 1161 abiit
393 1137 489 1161 mmsta
510 1140 542 1160 ac
566 1132 643 1160 ﬁens.
668 1132 803 1160 Caeterum
826 1132 936 1159 errabat
956 1140 1007 1167 per

219 1180 406 1208 solitudinem.
429 1179 604 1207 Periclitaute
638 1187 705 1206 \ero
728 1178 784 1206 ﬁlio
807 1186 838 1205 ac
864 1179 1004 1213 plorante,

223 1234 231 1250 ι
244 1224 367 1259 Aperuit,
383 1223 480 1258 inquit,
496 1224 566 1250 Deus
580 1224 674 1250 oculos
687 1223 768 1258 Agar,
782 1227 809 1251 et
821 1223 890 1250 vidit
902 1224 1005 1251 fontem

220 1278 297 1304 aqua:
313 1269 440 1301 viventis,
459 1273 486 1296 et
504 1268 580 1295 dedit
599 1268 626 1295 ei
647 1273 742 1303 potum
759 1268 792 1294 θ’.
808 1278 816 1294 ι
831 1268 899 1296 Vide
922 1269 1006 1303 igitur

217 1323 272 1350 quo
284 1319 363 1350 pacto
376 1315 409 1342 ad
423 1313 546 1350 mysterii
564 1314 734 1341 intellectum
763 1313 821 1348 ipse
838 1314 921 1341 etiam
938 1321 1005 1348 pue-

218 1367 312 1386 rorum
330 1359 412 1386 ludus
427 1366 483 1386 non
503 1362 545 1386 est
560 1358 673 1386 inutilis.
691 1358 857 1385 Persecutus
874 1358 948 1385 enim
963 1362 1006 1385 est

217 1404 313 1431 Ismael
325 1404 408 1431 Isaac.
417 1403 551 1431 Caeterum
563 1403 636 1438 quod
646 1402 775 1430 successu
791 1402 922 1437 temporis
934 1403 1006 1430 [ilius

217 1449 333 1481 ancilla,
351 1449 403 1477 hoc
417 1453 460 1476 est
477 1449 582 1480 Ismael,
602 1448 689 1475 ﬁlium
710 1448 813 1480 liberae,
826 1448 884 1475 sive
897 1448 1005 1476 ﬁdelem

1063 904 1197 940 Ἀὁραάμ’
1219 914 1227 930 t
1247 904 1364 932 Ἔκϐαλε
1379 905 1428 940 τὴν
1444 905 1589 940 παιδίσκην
1605 905 1707 941 ταύτην
1736 906 1783 931 καὶ
1803 905 1849 931 τὲν

1056 950 1114 977 υίὸν
1130 951 1214 986 αὐτῆς
1224 959 1232 967 α
1246 951 1275 977 οὑ
1294 951 1348 986 γὰρ
1364 951 1401 986 μὴ
1415 951 1615 986 κληρονομήσει
1628 952 1643 977 ὁ
1653 951 1711 983 υίδς
1722 951 1773 986 τῆς
1785 960 1848 977 παι-

1056 996 1152 1032 δίσκης
1164 997 1267 1031 ταύτης
1285 996 1353 1031 μετὰ
1370 996 1416 1023 τοῦ
1435 996 1493 1023 υἱοῦ
1511 1005 1560 1031 μου
1580 997 1683 1024 Ἰσαάκ.
1700 1006 1709 1023 ι
1727 997 1782 1023 Καὶ
1798 997 1849 1023 οὐκ

1056 1042 1193 1078 ἀτάραχος
1207 1042 1255 1077 μὲν
1272 1043 1286 1068 ὁ
1300 1042 1378 1076 λόγος
1394 1039 1428 1078 ἧν
1443 1042 1471 1068 ἐν
1487 1042 1553 1069 ὠσὶν
1574 1043 1710 1079 ’Λὸραάμ.
1727 1043 1847 1069 Ἤκουσε

1055 1087 1084 1114 δὲ
1095 1088 1172 1123 παρὰ
1186 1087 1253 1114 Θεοῦ
1266 1108 1273 1120 ,
1292 1087 1322 1114 τὸ
1342 1088 1438 1123 χρῆναι
1451 1089 1508 1120 τοῖς
1526 1088 1575 1123 τῆς
1592 1089 1700 1124 mpm;
1716 1089 1848 1116 καταπεί-

1056 1133 1150 1160 θεσθαι
1165 1133 1264 1168 λόγοις.
1277 1133 1332 1160 Καὶ
1342 1133 1374 1169 δὴ
1389 1134 1434 1160 καὶ
1447 1133 1537 1170 ἄρτοις
1549 1134 1595 1160 καὶ
1608 1134 1685 1160 ὕδασι
1697 1134 1745 1170 τὴν
1758 1135 1848 1170 Ἅγαρ

1056 1179 1216 1213 ὲφοδιάσας,
1234 1178 1302 1214 όμοῦ
1325 1178 1363 1214 τῷ
1389 1179 1465 1205 παιδὶ
1492 1179 1543 1214 τῆς
1567 1179 1731 1215 δεσποτικῆς
1755 1180 1848 1212 ἑστίας

1056 1224 1181 1250 ἀπελθεῖν
1204 1224 1339 1250 ἐκέλευεν.
1371 1225 1403 1251 Ἡ
1428 1225 1455 1251 δὲ
1477 1224 1563 1260 ᾤχετο
1587 1225 1636 1260 μὲν
1659 1225 1779 1253 ἁλύουσα
1800 1226 1848 1254 καὶ

1055 1270 1241 1305 δεδακρυμένη
1251 1278 1259 1285 ·
1276 1269 1345 1305 πλὴν
1361 1269 1495 1296 ἐπλανᾶτο
1512 1271 1582 1298 κατὰ
1598 1271 1646 1306 τὴν
1655 1271 1766 1307 ἔρημον.
1781 1272 1848 1299 Κιν-

1055 1315 1210 1347 δυνεύοντος
1239 1315 1268 1342 δὲ
1301 1314 1349 1342 τοῦ
1392 1315 1499 1342 παιδίου
1539 1316 1586 1342 καὶ
1612 1316 1845 1352 κατοιμώζοντος,

1059 1371 1068 1387 ‹
1088 1360 1217 1397 Διήνοιξε,
1229 1361 1322 1395 φησὶν,
1336 1362 1350 1387 6
1361 1360 1427 1392 Θεὸς
1438 1361 1500 1392 τοὺς
1512 1360 1668 1396 ὀφθαλμοὺς
1678 1361 1730 1396 τῆς
1745 1362 1845 1398 Ἀγαρ,

1057 1407 1103 1433 καὶ
1116 1405 1169 1433 εἶδε
1186 1406 1277 1443 πηγὴν
1296 1406 1390 1438 ὓδατος
1408 1406 1518 1438 ζῶντος,
1535 1407 1582 1433 καί
1600 1407 1725 1433 ἐπότισεν
1739 1407 1815 1434 αὑτό.
1835 1415 1844 1430 ι

1059 1451 1153 1488 Ἀθρει
1164 1452 1196 1488 δὴ
1210 1450 1257 1480 οὖν
1273 1453 1346 1484 ὅπως
1359 1452 1428 1488 πρὸς
1444 1452 1494 1487 τὴν
1514 1451 1561 1478 τοῦ
1581 1452 1731 1488 μυστηρίου
1746 1452 1847 1487 γνῶσιν

217 1502 249 1522 ac
259 1494 449 1522 Christianum
465 1494 608 1529 populum,
623 1494 799 1521 insecuturus
817 1498 900 1526 esset,
917 1493 1006 1521 decla-

1058 1497 1106 1523 οῦκ
1129 1494 1273 1528 ἀσυντελὲς
1294 1497 1354 1523 οὑδὲ
1374 1496 1440 1523 αὐτό
1462 1504 1514 1522 ¹που
1531 1497 1600 1531 τάχα
1620 1497 1674 1523 τῶν
1693 1497 1800 1534 νηπίων
1817 1497 1848 1524 τὸ

218 1541 289 1568 ravit
298 1540 393 1568 dicens
406 1540 504 1568 beatus
516 1540 617 1567 Paulus
631 1540 664 1567 de
679 1539 793 1567 lsmaele
804 1545 832 1567 et
850 1539 934 1571 Isaae,
953 1539 1006 1568 hoc

217 1590 297 1621 pacto
311 1594 317 1612 :
335 1595 343 1610 ι
358 1585 411 1613 Sed
437 1584 575 1620 quomodo
591 1590 657 1612 tunc
669 1584 692 1611 is
707 1585 754 1619 qui
770 1584 922 1611 secundum
947 1591 1012 1610 car-

217 1638 280 1657 nem
293 1634 373 1657 natus
385 1629 484 1662 fuerat,
496 1629 711 1664 persequebatur
721 1636 784 1655 eum
795 1628 841 1662 qui
854 1627 1005 1655 secundum

217 1675 366 1710 spiritum:
388 1676 425 1702 ita
446 1679 475 1702 et
493 1682 567 1702 nunc
583 1674 616 1700 7°.
634 1683 642 1699 ι
666 1674 813 1708 Postquam
835 1681 902 1700 vero
924 1681 1007 1707 repu-

218 1722 310 1756 gnavit
326 1721 422 1748 Ismael
448 1721 482 1748 iis
499 1720 545 1755 qui
561 1728 595 1747 ex
611 1719 699 1747 libera
714 1719 772 1746 nati
790 1723 880 1751 erant,
894 1718 1005 1754 ejieitur

217 1765 347 1801 deinceps
362 1766 518 1793 Iudaeorum
539 1765 692 1800 Synagoga,
712 1768 796 1791 tenue
811 1768 894 1798 atque
912 1763 1004 1798 exigui

218 1813 291 1841 succi
306 1812 435 1847 viaticum
460 1811 577 1844 habens,
600 1817 699 1845 panem
717 1809 847 1837 nimirum
865 1814 893 1836 et
907 1817 1005 1844 aquam

219 1859 282 1894 (hoc
297 1862 339 1886 est
361 1865 516 1885 sermonem
542 1856 575 1884 de
599 1855 756 1892 cognitione
777 1863 809 1882 ac
831 1854 933 1889 pietate
954 1862 1006 1890 pro

219 1905 341 1940 ipsorum
353 1902 487 1938 modulo),
500 1910 549 1937 per
559 1910 619 1937 qua:
631 1909 679 1936 par
688 1905 748 1928 erat
759 1901 832 1935 ipsos
843 1907 898 1926 non
910 1899 936 1926 in
946 1899 1008 1927 uni—

218 1958 329 1979 versum
342 1950 490 1985 perituros.
507 1948 580 1976 Deus
597 1948 670 1975 enim
687 1946 787 1974 alicubi
804 1946 907 1980 inquit,
920 1946 1006 1973 veluti

219 1997 343 2031 reliquiis
360 1994 522 2031 quibusdam
545 1999 626 2028 atque
645 1993 745 2028 exiguo
764 1991 882 2026 quodam
902 1991 1006 2019 semine

219 2043 312 2078 legalis
324 2042 433 2077 pietatis
452 2041 479 2068 in
499 2040 599 2067 lsraele
614 2039 716 2066 relictis
731 2047 737 2065 :
756 2047 764 2063 ι
778 2038 812 2064 Et
828 2045 877 2064 ero
894 2037 960 2072 ipsis
977 2037 1006 2064 in

220 2086 528 2120 sanctiﬁcationen182
542 2092 654 2120 parvam
666 2084 693 2111 in
712 2083 873 2119 regionibus
897 2082 924 2109 in
938 2090 1007 2117 quas

222 2133 335 2169 ingressi
360 2132 461 2159 fuerint
473 2132 538 2158 illuc
552 2131 585 2157 “.
605 2139 613 2155 ι
629 2129 761 2156 Modicam
781 2134 872 2156 autem
884 2127 1006 2155 sanctiﬁ-

1056 1542 1176 1577 ἄθυρμα.
1210 1542 1320 1568 Ἐδίωκε
1347 1542 1395 1576 μὲν
1419 1541 1474 1576 γὰρ
1498 1542 1513 1567 ὁ
1532 1542 1645 1578 Ἰσμαὴλ
1669 1542 1715 1569 τὸν
1743 1543 1845 1571 Ἰσαάκ.

1063 1587 1131 1613 Ἀλλ’
1147 1586 1188 1612 ὅτι
1202 1586 1292 1618 διώξει
1308 1586 1378 1613 κατὰ
1389 1587 1502 1622 καιροὺς
1517 1588 1531 1613 ὁ
1547 1588 1580 1613 ἑκ
1596 1589 1645 1622 τῆς
1669 1587 1846 1623 θεραπαίνης,

1056 1632 1193 1659 τουτέστιν
1206 1652 1213 1663 ,
1229 1632 1243 1658 ὁ
1264 1632 1385 1668 Ἰσμαὴλ,
1404 1632 1449 1658 τὸν
1466 1633 1498 1659 ὲκ
1512 1633 1562 1668 τῆς
1584 1633 1738 1668 ἐλευθέρας,
1763 1634 1847 1669 ἤγουν

1055 1677 1100 1703 τὸν
1116 1677 1145 1704 ὲν
1158 1677 1248 1703 πίστει
1264 1676 1310 1703 καὶ
1325 1678 1354 1703 ἐν
1374 1677 1485 1712 Χριστῷ
1499 1676 1573 1709 λαὸν,
1589 1677 1710 1712 διεσάφει
1730 1678 1817 1712 λέγων
1833 1679 1848 1705 ό

1058 1723 1193 1758 μακάριος
1203 1722 1319 1754 Παῦλος,
1336 1721 1382 1748 ὲπί
1396 1731 1425 1749 τε
1442 1722 1489 1749 τοῦ
1505 1723 1617 1758 Ἰσμαὴλ
1628 1724 1676 1750 καὶ
1689 1723 1735 1750 τοῦ
1753 1724 1848 1751 Ἰσαὰκ

1056 1768 1126 1795 οὕτω
1142 1768 1229 1802 λέγων
1239 1775 1245 1782 ·
1264 1777 1274 1793 ί
1301 1768 1372 1794 Ἀλλ’
1387 1768 1482 1803 ὥσπερ
1494 1769 1555 1795 τότε
1570 1770 1584 1796 ό
1599 1768 1671 1795 κατὰ
1686 1769 1776 1806 σάρκα
1790 1778 1849 1804 γεν-

1056 1811 1147 1847 νηθεὶς
1172 1811 1267 1838 ἐδίωκε
1291 1811 1337 1838 τὸν
1364 1811 1435 1838 κατὰ
1447 1812 1566 1856 ϐπνεῦμα
1579 1833 1586 1845 ,
1602 1812 1673 1840 οὕτω
1687 1815 1734 1841 καὶ
1755 1814 1812 1842 νῦν.
1834 1824 1845 1841 ι

1063 1857 1171 1893 Ἐπειδὴ
1184 1858 1211 1884 δὲ
1229 1858 1405 1894 πεπολέμηκε
1419 1860 1475 1889 τοῖς
1491 1858 1521 1890 ἐξ
1533 1859 1679 1895 ἐλευθέρας
1690 1861 1705 1886 ὀ
1723 1861 1845 1896 Ἰσμαὴλ,

1057 1904 1228 1939 ἐκπέμπεται
1242 1904 1334 1930 λοιπὸν
1350 1905 1367 1939 ἡ
1379 1904 1434 1931 τῶν
1455 1904 1590 1931 Ἰουδαίων
1605 1905 1764 1942 Συναγωγὴ,
1784 1915 1846 1933 στυ-

1057 1950 1120 1984 γνὸν
1135 1950 1180 1976 καὶ
1190 1950 1321 1985 ἀλιπαρὲς
1332 1950 1437 1983 ἑφόδιον
1449 1949 1557 1985 ἔχουσα,
1572 1951 1654 1986 ἄρτον
1664 1961 1694 1978 τε
1705 1953 1752 1980 καὶ
1764 1953 1845 1990 ὕδωρ.

1058 1995 1219 2028 Τουτέστιν,
1237 1994 1457 2030 ὲπιμετρηθέντα
1474 1995 1574 2030 τρόπον
1590 1996 1651 2022 τινὰ
1671 1996 1797 2029 γνώσεώς
1816 2005 1846 2024 τε

1058 2039 1105 2066 καὶ
1121 2039 1260 2071 εὐσεῦείας
1279 2040 1368 2074 λόγον,
1385 2040 1418 2066 δι’
1443 2036 1480 2067 ὧν
1504 2038 1539 2076 ἦν
1559 2041 1632 2072 εἰκὸς
1656 2041 1706 2068 οὐκ
1731 2043 1846 2069 είσάπαν

1057 2085 1214 2121 οἰχήσεσθαι
1237 2086 1305 2120 πρὸς
1322 2085 1352 2112 τὸ
1368 2085 1526 2112 ὲκτεθνάναι
1548 2086 1613 2114 δεῖν.
1629 2087 1701 2122 Ἔφη
1717 2087 1770 2123 γάρ
1795 2096 1845 2114 που

1059 2132 1134 2164 Θεὸς,
1144 2131 1269 2166 λείψανον
1281 2131 1376 2166 ὥσπερ
1388 2140 1413 2157 τι
1433 2131 1480 2158 καὶ
1492 2131 1604 2168 σπέρμα
1615 2132 1702 2168 βραχὺ
1717 2132 1766 2167 τῆς
1774 2133 1846 2161 κατὰ

219 2179 355 2208 cationem
376 2177 505 2204 lsraelitis
530 2175 588 2203 fore
609 2175 657 2206 ait,
678 2178 740 2209 post
759 2174 958 2209 dispersionem
980 2173 1006 2200 in

1058 2177 1139 2212 νόμον
1153 2176 1299 2209 ἐπιεικείας
1313 2176 1514 2208 καταλελοιπὼς
1529 2178 1558 2203 ὲν
1573 2177 1611 2212 τῷ
1630 2178 1745 2213 Ἰσραήλ·
1765 2188 1774 2204 ι
1791 2179 1865 2206 Καὶν

220 2227 325 2257 gentes,
340 2221 402 2248 ideo
421 2220 493 2255 quod
508 2228 563 2247 non
577 2218 724 2246 admodum
746 2218 831 2246 fortes
850 2226 882 2245 ac
901 2217 1006 2245 strenui

220 2267 275 2294 sint
291 2267 389 2298 Judazi,
403 2274 436 2293 ne
451 2265 484 2292 ad
503 2265 589 2299 ipsam
605 2264 716 2299 quidem
730 2272 745 2291 a
765 2264 856 2300 Moyse
879 2265 1007 2299 praescri-

220 2317 293 2347 ptam
309 2313 395 2347 legem
407 2310 583 2346 implendam,
594 2310 723 2345 quodque
737 2317 834 2344 parutn
858 2309 1007 2337 admodum

221 2365 252 2385 ac
265 2365 299 2384 ne
313 2358 358 2384 vix
377 2357 488 2391 quidem
509 2356 688 2383 observarent
711 2355 950 2383 circumcisionem
979 2356 1006 2383 in

221 2422 302 2442 carne
329 2418 357 2441 et
378 2413 545 2440 vacationem
568 2412 602 2439 ab
622 2415 712 2448 opere
725 2412 753 2439 in
774 2412 903 2439 Sabbato.
927 2412 1010 2440 Panis

222 2461 313 2494 itaque
326 2463 354 2486 et
367 2466 435 2493 aqua
445 2459 491 2485 vix
501 2458 581 2485 datur
593 2459 619 2485 in
631 2459 757 2486 viaticum
772 2458 796 2485 ei
809 2466 871 2493 qua:
883 2459 909 2485 in
921 2458 1009 2486 servi-

223 2511 309 2533 tutem
323 2509 385 2532 nata
396 2508 464 2536 erat,
479 2505 531 2531 hoc
539 2508 579 2531 est
587 2504 743 2532 Judteorum
756 2504 1007 2540 Synagogae.Atque

222 2559 293 2587 σιεγε
302 2549 411 2586 quidem
421 2549 483 2577 tulit
493 2549 629 2576 Abraham
640 2549 701 2584 ejici
713 2549 792 2584 Agar,
802 2549 905 2576 dimisit
916 2553 1006 2576 tamen

223 2597 398 2632 prmcipiente
411 2595 476 2622 Deo.
492 2594 592 2622 Afllixit
605 2588 677 2621 enim
696 2602 791 2622 revera
811 2599 918 2621 sanctos
940 2602 1007 2628 apo-

223 2643 308 2671 stolos
317 2646 345 2669 et
356 2640 535 2675 evangelistas
546 2639 674 2667 excideris
684 2640 775 2667 Israel.
787 2640 920 2668 Cteterum
931 2647 1008 2675 sepa-

223 2689 275 2717 rati
288 2692 352 2715 sunt
368 2688 403 2714 ab
416 2695 459 2719 eo,
471 2686 552 2714 etiam
572 2691 670 2720 praeter
687 2694 763 2713 suam
777 2686 956 2717 voluntatem,
971 2685 1007 2712 ob

224 2735 390 2763 voluntatem
403 2733 450 2772 Dei
472 2737 499 2760 et
512 2739 637 2766 amorem
651 2739 715 2767 erga
727 2731 877 2759 Christum.
892 2731 968 2759 Unde
980 2734 1009 2758 et

1060 2222 1155 2257 ἔσομαι
1172 2222 1263 2253 αὐτοῖς
1281 2223 1320 2254 εἰς
1342 2222 1464 2257 ἁγίασμα
1487 2222 1585 2258 μικρὸν
1604 2224 1633 2249 ὲν
1651 2225 1711 2256 ταῖς
1730 2223 1843 2259 χώραις,

1059 2266 1090 2295 οὒ
1109 2268 1155 2295 ἐὰν
1179 2267 1334 2294 εἰσέλθωσιν
1356 2269 1548 2304 ὲκεϊρΜικρὸν
1573 2269 1602 2296 δέ
1624 2278 1707 2304 φησιν
1723 2270 1846 2306 άγίασμα

1059 2313 1224 2349 γενήσεσθαι
1248 2314 1303 2345 τοῖς
1324 2313 1353 2345 ἐξ
1378 2315 1503 2349 Ἰσραὴλ,
1533 2315 1602 2350 μετά
1624 2324 1655 2349 γε
1678 2316 1728 2351 τὴν
1746 2317 1775 2342 ἐν
1790 2318 1845 2348 τοῖς

1060 2359 1149 2386 ἔθνεσι
1163 2358 1376 2395 διασποράν,διά
1391 2368 1430 2385 τοι
1445 2359 1476 2386 τὸ
1495 2359 1532 2395 μὴ
1550 2360 1619 2394 ἄγαν
1633 2361 1687 2387 τῶν
1712 2361 1845 2388 Ἰουδαίων

1060 2405 1184 2436 εὐσθενὲς
1206 2405 1245 2436 είς
1268 2404 1299 2431 τὸ
1317 2405 1455 2438 δύνασθαι,
1477 2406 1560 2441 φημὶ,
1583 2406 1634 2433 κᾶν
1656 2406 1721 2438 γοῦν
1741 2407 1787 2434 τὸν
1801 2407 1846 2434 διὰ

1058 2451 1179 2482 Μωσέως
1193 2451 1386 2486 ἀποπεραίνειν
1406 2451 1501 2486 νόμον,
1516 2452 1638 2485 ὀλίγιστα
1657 2452 1684 2478 δὲ
1704 2453 1751 2480 καὶ
1769 2453 1845 2488 μόλις

1058 2498 1214 2532 ἐπιτηρεῖν,
1230 2497 1279 2533 τὴν
1293 2497 1322 2523 ἐν
1343 2497 1424 2532 σαρκί
1447 2505 1499 2524 που
1523 2498 1594 2533 τάχα
1610 2498 1776 2533 περιτομὴν,
1795 2500 1844 2526 καὶ

1057 2543 1156 2579 ἀργίαν
1171 2543 1220 2579 τὴν
1243 2545 1272 2570 ὲν
1298 2543 1436 2578 Σαϐϐάτῳ.
1458 2543 1555 2570 ’Ύδατι
1577 2544 1666 2570 τοίνυν
1686 2545 1733 2570 καὶ
1751 2543 1844 2579 ἄρτοις

1060 2589 1228 2624 ἐφοδιάζεται
1245 2589 1318 2624 μόλις
1332 2591 1348 2624 ἡ
1361 2590 1398 2621 εἰς
1412 2589 1533 2616 δουλείαν
1546 2590 1679 2624 γεννῶσα,
1693 2591 1842 2622 τουτέστιν,

1059 2637 1075 2671 ὴ
1094 2636 1148 2663 τῶν
1177 2635 1310 2662 Ἰουδαίων
1335 2635 1491 2670 Συναγωγή.
1514 2636 1567 2661 Καὶ
1589 2635 1771 2670 δεδυσςρόρηκε
1794 2636 1843 2671 μὲν

1067 2682 1191 2717 ’Δῆραὰμ
1215 2680 1418 2715 άποτρεχούσης
1443 2681 1493 2715 τῆς
1518 2681 1624 2716 Ἅγαρ,
1653 2681 1728 2715 ὴφίει
1749 2681 1772 2707 δ’
1796 2679 1842 2708 οὖν

1060 2728 1133 2763 ὅμως
1148 2727 1215 2754 Θεοῦ
1236 2727 1457 2762 προστάττοντος.
1488 2725 1597 2752 Ἐλύπει
1615 2726 1664 2761 μὲν
1677 2726 1730 2761 γὰρ
1746 2724 1843 2761 ὁμολο-

261 2823 283 2839 ⁶³
294 2822 362 2852 Gen.
373 2831 427 2856 xxi,
440 2822 486 2856 10;
507 2821 594 2850 Galat.
621 2829 658 2855 tv,
675 2820 718 2849 50.
757 2821 779 2837 "
790 2820 858 2850 Gen.
877 2828 933 2855 xxi,
954 2821 996 2850 l9.
1033 2821 1057 2840 ὀ
1073 2820 1159 2850 Galat.
1177 2828 1212 2853 tv,
1228 2820 1272 2850 ἲς).
1311 2819 1443 2849 "Ezech.
1462 2827 1498 2850 xl.
1518 2819 1561 2848 16.
