1990 3046
149 174 198 199 157

148 275 289 302 ἐκπίπτων
314 274 328 299 ὁ
357 273 476 309 Ἰσραήλ.
500 272 573 308 Πλὴν
595 273 805 307 ἁπενοσφιζοντο
822 273 870 300 καὶ
885 273 934 309 οὐχ

148 321 257 352 ἑκόντες
270 319 364 351 αὑτοῦ,
382 320 425 346 διά
438 328 478 346 τοι
491 319 522 346 τὸ
538 319 575 354 τῷ
592 319 651 354 Θεῷ
666 319 761 346 δοκοῦν
773 319 821 346 καὶ
832 320 880 355 τὴν
895 321 935 351 εἰς

149 366 266 402 Χριστὸν
276 366 423 400 ἀγάπησιν.
434 365 488 391 Καὶ
498 364 563 399 γοῦν
576 365 590 391 ὀ
601 365 741 398 θεσπέσιος
751 366 851 402 γράφει
861 366 935 393 Παῦ-

148 412 203 444 λος,
221 421 230 437 ι
251 412 311 438 Ὅτι
332 411 402 445 λύπη
426 411 471 445 μοί
485 412 542 437 ἐστι
564 411 680 446 μεγάλη,
699 411 745 438 καλ⁸
766 411 934 443 ἀδιάλειπτος

147 456 227 492 ὀδύνη
239 457 271 491 τῇ
289 455 386 491 καρδίᾳ
404 464 465 490 μου.
489 456 619 491 Ηὺχόμην
635 456 688 491 γὰρ
702 456 783 488 αὐτὸς
797 456 852 491 ἐγὼ
869 457 935 484 ἀνά-

148 502 220 536 θεμα
236 499 304 528 εἶναι
317 500 370 527 ἀπὸ
382 499 512 535 Χριστοῦ,
523 500 592 535 ὑπὲρ
604 501 657 526 τῶν
673 501 793 536 ἀδελφῶν
805 502 858 528 τῶν
871 510 934 536 συγ-

147 547 236 581 γενῶν
251 555 300 581 μου
316 546 370 572 τῶν
395 545 466 572 κατὰ
480 546 579 581 σάρκα,
600 546 695 577 οἵτινές
714 548 782 573 εἰσιν
800 547 933 582 Ἰσραηλῖ-

147 601 201 619 ται.
215 601 226 618 ι
245 592 436 626 Ἀπόπεμπτος
447 591 475 617 δὲ
482 591 615 626 γενομένη
631 593 647 626 ἡ
661 591 717 618 τῶν
733 592 866 619 Ἰουδαίων
882 593 934 628 μή-

148 647 210 673 τηρ,
236 638 358 672 μακροὺς
375 637 509 663 ἐπλανᾶτο
528 636 656 672 χρόνους⁸
672 638 719 664 καὶ
744 638 933 665 κεκινδύνευκε

149 684 200 718 μὲν
208 683 355 710 ἀπολέσθαι
375 682 466 708 λοιπὸν
487 682 527 713 είς
541 682 570 708 τὸ
583 683 726 715 παντελές.
740 683 796 710 ἀλλ’
809 684 833 710 εἰ
849 693 934 720 κραυ-

148 728 260 762 γάσειαν
276 727 443 758 ἀναϐοῶντες
460 727 529 753 κατὰ
548 728 659 762 καιροὺς
675 727 741 762 πρὸς
754 728 830 761 Θεὸν,
846 728 932 763 πάντη

149 783 179 800 τε
201 775 247 800 καὶ
267 774 374 805 πάντως
394 773 595 808 ἐλεηθήσονται.
620 774 751 806 Διανοίξει
773 774 826 809 γὰρ
844 774 933 801 αὐτῶν

147 820 195 854 τῆς
211 819 326 850 διανοίας
341 820 404 850 τοὺς
419 818 584 854 ὀφθαλμοὺς,
600 819 647 846 καὶ
666 819 776 854 ὄψονται
794 819 841 846 καὶ
858 820 934 846 αὐτοὶ

147 865 196 901 τὴν
218 865 308 900 πηγὴν
323 864 370 891 τοῦ
391 864 491 897 ζῶντος
512 864 623 899 ὓδατος,
639 864 777 897 τουτέστι,
795 865 911 901 Χριστόν
925 874 931 880 ·

147 912 194 938 καὶ
204 911 235 946 δὴ
248 911 294 937 καὶ
305 911 421 942 πιόντες,
435 912 463 937 ὲν
474 910 547 945 αὐτῷ
559 910 697 946 ζήσονται.
721 910 889 946 Λουσὰμενοί
903 920 932 937 τε

142 957 196 983 -καὶ
218 957 332 991 καθαροὶ
351 957 525 991 γενήσονται,
552 956 623 983 κατὰ
644 957 694 992 τὴν
717 956 763 983 τοῦ
792 957 931 992 προφήτου

148 1003 250 1037 ςωνήν.
267 1002 325 1028 Ὀτι
338 1001 366 1028 δέ
381 1002 439 1027 ἐστι
453 1001 528 1036 πηγὴ
548 1001 620 1036 ζωῆς
633 1002 647 1026 ὁ
663 1001 788 1036 Χριστὸς,
806 1002 932 1035 σαφηνιΞί

146 1047 232 1081 λέγων
246 1049 261 1073 ὁ
271 1047 422 1082 Ψαλμῳδὸς
439 1048 507 1082 πρὸς
523 1046 568 1072 τὸν
585 1047 614 1072 ὲν
624 1046 747 1081 οὐρανοῖς
762 1045 871 1081 Πατέρα
885 1045 932 1072 καὶ

147 1094 228 1120 Θεόνε
257 1103 267 1119 ι
293 1094 336 1124 Ὠς
355 1093 507 1128 ὲπλήθυνας
526 1092 557 1118 τὸ
574 1092 646 1123 ἔλεός
662 1100 708 1118 σου
725 1093 738 1118 ὸ
759 1091 839 1123 Θεύςί
857 1091 882 1117 οἱ
903 1091 932 1117 δὲ

146 1129 199 1165 υἱοὶ
222 1139 276 1165 τῶν
299 1137 460 1173 ἀνθρώπων,
485 1138 513 1164 ἐν
537 1137 626 1173 σκέπῃ
642 1137 696 1164 τῶν
718 1136 860 1172 πτερύγων
885 1144 931 1162 σου

147 1183 284 1210 ὲλπιοῧσι·
299 1183 510 1218 μεθυσοὴσονται
524 1182 578 1208 ἀπὸ
590 1181 715 1216 πιότητος
729 1181 803 1207 οἴκου
817 1189 873 1214 σου,
885 1180 932 1207 καὶΙ

145 1230 191 1257 τὸν
205 1230 372 1265 χειμάρρουν
387 1230 436 1263 τῆς
453 1228 559 1264 τρυφῆς
574 1236 621 1254 σου
643 1229 745 1258 ποτιείς
764 1227 877 1260 αὐτοὺς,
891 1227 932 1254 ὅτι

657 173 916 199 ιιιΑΡιιιιιυκυΜ
934 173 967 199 ΙΝ
988 172 1137 199 GENESIM
1157 172 1220 200 LIB.
1241 173 1284 201 ill.

89 233 95 239 '
147 227 288 264 γουμένως
303 229 365 259 τοὺς
379 227 474 261 ἁγίους
495 227 660 259 ἀποστόλους
679 227 727 254 καὶ
743 227 932 262 εὐαγγελιστὰς

985 227 1094 256 divinus
1107 229 1207 257 Paulus
1222 230 1259 257 ita
1272 230 1366 257 scribit
1379 239 1384 257 :
1403 241 1411 256 ι
1427 231 1558 264 Quoniam
1577 233 1686 261 tristitia
1699 235 1766 262 mihi

1715 175 1766 204 458

985 281 1081 308 magna
1097 279 1148 306 est,
1161 279 1189 301 et
1203 274 1349 302 continuus
1365 274 1442 302 dolor
1458 276 1533 302 cordi
1550 284 1619 304 meo.
1634 278 1766 312 Optabam

984 318 1057 345 enim
1076 326 1125 353 ego
1142 318 1199 354 ipse
1215 319 1360 346 anathema
1377 327 1436 347 esse
1451 328 1466 347 a
1481 319 1590 348 Christo
1608 330 1658 356 pro
1673 322 1766 350 fratri-

984 363 1036 391 bus
1048 364 1127 396 meis,
1142 364 1188 399 qui
1205 369 1268 392 sunt
1287 366 1393 400 cognati
1410 366 1463 393 mei
1479 366 1629 394 secundum
1645 375 1766 402 carnem,

984 410 1031 444 qui
1044 414 1107 437 sunt
1118 410 1247 438 lsraclitae
1257 411 1289 437 “9.
1308 421 1316 437 ι
1331 411 1422 446 Ejecta
1434 411 1525 446 itaque
1541 412 1696 441 Iudaeorum
1709 423 1768 442 ma-

984 459 1026 481 ter
1048 454 1135 481 multo
1164 458 1285 490 tempore
1304 455 1415 487 erravit,
1436 461 1463 483 et
1483 457 1634 491 periclitata
1657 459 1767 493 quidem

983 502 1035 530 est,
1052 506 1086 525 ne
1102 499 1129 525 in
1145 499 1302 526 universum
1320 499 1433 534 periret.
1449 500 1583 529 Caeterum
1603 503 1625 529 si
1643 503 1772 538 ploravee

984 544 1040 570 rint
1049 544 1196 572 clamantes
1206 553 1335 573 successu
1347 548 1478 582 temporis
1496 548 1530 574 ad
1547 548 1643 581 Deum,
1661 550 1769 577 miseri—

983 590 1103 617 cordiam
1115 591 1227 617 omnino
1242 592 1575 628 consequentur;Aperiet
1585 594 1658 621 enim
1671 602 1767 622 eorum

983 636 1083 663 mentis
1098 637 1203 669 oculos,
1212 636 1399 672 videbuntque
1412 640 1494 665 etiam
1511 639 1563 674 ipsi
1575 640 1678 668 fontem
1690 649 1768 676 aquae.

983 681 1111 713 viventis,
1121 681 1173 709 hoc
1185 687 1227 709 est
1235 682 1384 715 Christum,
1404 688 1431 711 et
1442 684 1567 712 bibentes
1577 685 1604 713 in
1612 693 1645 714 eo
1655 687 1766 720 vivent,

984 726 1124 761 ablutique
1136 727 1230 754 mundi
1243 727 1407 761 etIicientur,
1416 730 1492 764 juxta
1506 731 1646 765 propheta:
1660 740 1772 760 vocem—

984 770 1061 805 Quod
1069 780 1135 799 vero
1151 773 1187 799 sit
1198 772 1258 800 fons
1271 774 1334 800 vitae
1346 774 1471 801 Christus
1483 775 1602 803 declarat
1611 777 1766 809 Psalmista,

985 817 1079 844 dicens
1092 818 1125 844 ad
1138 818 1245 845 Patrem
1259 819 1396 846 cmlestem
1409 827 1440 846 ac
1454 820 1553 847 Deum:
1567 830 1575 846 ι
1585 820 1766 853 Quemadmo-

984 861 1050 889 dum
1068 863 1255 898 multiplicasti
1271 864 1485 892 misericordiam
1497 869 1582 898 tuam,
1601 866 1673 894 Deus
1692 876 1698 894 :
1718 867 1766 895 ﬁlii

983 911 1075 934 autem
1088 907 1231 934 hominum
1248 908 1275 934 in
1290 908 1409 942 tegmine
1426 909 1531 936 alarum
1546 913 1654 937 tuarum
1672 919 1766 946 spera—

984 952 1063 980 bunt.
1076 953 1289 980 lncbriabuntur
1301 954 1335 981 ab
1353 955 1478 982 ubertate
1490 956 1587 983 domus
1601 960 1654 983 tuae
1665 961 1693 984 et
1711 961 1767 984 tor-

985 1002 1064 1025 rente
1089 998 1239 1033 voluptatis
1252 1003 1305 1026 tum
1320 1000 1427 1034 potabis
1443 1008 1500 1033 eos,
1517 1001 1581 1035 quia
1595 1002 1667 1036 apud
1684 1006 1710 1030 te
1726 1008 1768 1030 est

983 1044 1044 1071 fons
1057 1044 1120 1071 vitae
1137 1044 1169 1070 ⁸ο.
1185 1053 1194 1069 ›
1213 1044 1309 1072 Nullus
1322 1049 1413 1072 autem
1425 1050 1525 1080 praeter
1542 1047 1616 1074 hunc
1632 1052 1672 1074 cst
1685 1055 1767 1082 quam

983 1089 1120 1122 Christus,
1133 1098 1182 1125 per
1198 1098 1279 1125 quem
1294 1094 1395 1118 etcum
1409 1099 1464 1126 quo
1475 1092 1529 1119 Deo
1544 1100 1575 1119 ac
1590 1093 1663 1120 Patri
1682 1094 1767 1128 gloria

983 1139 1011 1162 et
1024 1136 1147 1170 potentia
1161 1143 1223 1162 cum
1237 1140 1340 1169 sancto,
1355 1141 1383 1164 et
1395 1137 1620 1165 consubstantiali
1635 1139 1767 1174 ipsius.“

984 1180 1138 1208 viviﬁcante
1158 1181 1262 1216 Spiritu
1279 1182 1307 1208 in
1324 1182 1416 1210 omnia
1435 1191 1467 1210 ac
1483 1183 1649 1218 sempiterna
1670 1186 1767 1212 saecula

984 1227 1157 1255 saeculorum.
1174 1227 1271 1255 Amen.

146 1277 222 1311 παρὰ
235 1277 276 1302 σοὶ
289 1275 364 1311 πηγὴ
379 1274 461 1310 ζωῆς)
479 1285 488 1301 ι
509 1275 564 1310 Ούχ
576 1275 669 1309 ἕτερος
681 1274 709 1300 δὲ
726 1274 801 1309 παρὰ
816 1273 929 1308 ταύτην,
947 1272 964 1308 ἢ
978 1273 992 1300 ὁ
1008 1273 1133 1308 Χριστός.
1154 1274 1192 1300 Δι’
1225 1271 1255 1301 οὗ
1289 1276 1335 1302 καὶ
1354 1275 1412 1311 μεθ’
1429 1272 1459 1303 οὗ
1474 1276 1513 1312 τῷ
1537 1277 1597 1312 Θεῷ
1612 1277 1659 1304 καλ⁸
1680 1277 1768 1313 Πατρὶ

145 1322 164 1357 ἡ
183 1322 247 1354 δόξα
269 1322 315 1348 καὶ
345 1321 374 1347 τὸ
404 1321 520 1355 κράτος,
542 1321 590 1347 σὺν
609 1320 647 1355 τῷ
671 1320 740 1355 ἁγίῳ
763 1320 810 1347 καὶ
829 1313 964 1356 ὁμόουσίῳ
982 1320 1063 1348 αὑτοῦ
1080 1321 1127 1348 καὶ
1149 1321 1273 1355 ζωοποιῷ
1297 1322 1453 1357 Πνεύματι,
1476 1324 1515 1357 εἰς
1531 1324 1594 1359 τοὺς
1611 1324 1768 1359 σύμπαντας

145 1370 193 1398 καλ
207 1370 400 1405 ἁτελευτήτους
418 1368 518 1401 αἰῶνας
537 1367 591 1395 τῶν
609 1367 721 1394 αἰώνων.
746 1367 840 1403 Ἀμήν.

251 1436 323 1470 Περὶ
344 1435 397 1462 τοῦ
423 1434 546 1469 Ἀϐραὰμ
566 1434 614 1461 καὶ
638 1433 690 1460 τοῦ
714 1432 826 1460 Ἰσαάκ.

182 1508 217 1533 α’.
235 1514 244 1530 ι
263 1504 318 1532 Καὶ
334 1504 442 1538 ἐγένετο
461 1502 528 1538 μετὰ
543 1502 577 1529 τὰ
593 1502 702 1537 ῥήματα
716 1501 818 1534 ταῦτα,
836 1500 851 1527 ὀ
867 1500 932 1532 Θεὸς

146 1549 276 1586 ὲπείραζε
308 1549 353 1576 τὸν
384 1547 525 1583 Ἀϐραὰμ,
557 1547 604 1573 καὶ
635 1543 696 1573 εἷπε
730 1546 798 1582 πρὸς
828 1545 930 1572 αὐτόν·

154 1596 288 1631 ’Δὸραὰμ,
305 1594 438 1629 Ἀϐραάμ.
453 1593 481 1619 ὐ
490 1593 517 1619 δὲ
525 1589 613 1619 εἶπεν·
634 1591 698 1618 Ἰδοὺ
710 1590 764 1625 ἐγώ
773 1611 780 1617 .
793 1591 848 1617 Καὶ
860 1588 931 1616 εἷπον

146 1641 219 1669 Δάὅε
236 1641 281 1667 τὸν
295 1640 352 1666 υἱόν
372 1648 418 1665 σου
438 1639 483 1665 τὸν
495 1637 650 1673 ἀγαπητὸν,
666 1637 696 1664 ὃν
710 1636 871 1672 ἠγάπησας,
887 1635 932 1662 τὸν

154 1687 255 1720 Ἰσαὰκ,
270 1686 317 1713 καὶ
335 1685 481 1720 πορεύθητι
497 1685 535 1716 εις
551 1685 600 1720 τὴν
615 1684 667 1719 γῆν
680 1684 729 1718 τὴν
749 1682 853 1718 ὑψηλὴν
863 1702 870 1713 ,
886 1682 933 1708 καὶ

147 1733 276 1767 ἀνένεγκε
298 1731 380 1759 αὐτὸν
404 1732 444 1763 εὶς
464 1731 651 1766 ὀλοκάρπωσιν
670 1729 713 1764 ἐφ’
727 1729 755 1755 ἓν
775 1729 829 1755 τῶν
847 1728 932 1764 ὀρέων

146 1776 183 1806 ὧν
197 1779 229 1806 ἄν
243 1788 284 1806 σοι
299 1778 378 1805 εἴπω.
395 1787 405 1804 ι
418 1777 534 1804 Τοιαῦτα
547 1777 596 1813 μὲν
608 1777 639 1812 δὴ
654 1776 688 1803 τὰ
701 1775 792 1802 θεόθεν
808 1775 932 1810 διηγγελ-

149 1825 227 1859 μένα.
240 1824 320 1860 Ἀμε)
326 1823 409 1860 [that
417 1821 463 1850 οὖν
475 1825 488 1849 ὸ
497 1823 598 1854 δίκαιος
607 1822 737 1855 ἐπισάξας
754 1821 803 1856 τὴν
813 1821 871 1847 ὄνον
885 1821 932 1847 αὺ-

146 1870 204 1902 τοῦ,
213 1870 284 1897 καθὰ
296 1868 460 1905 γέγραπται,
468 1869 538 1895 δυοῖν
547 1868 574 1894 δὲ
587 1867 677 1903 μόνοιν
691 1867 809 1894 οζκέταιν
817 1865 931 1893 ἕπεσθαι

146 1916 266 1947 διειπὼν,
290 1915 398 1942 καὶτὸν
421 1913 561 1948 ἀγαπητὸν
584 1913 711 1948 ἁρπάσας
728 1913 794 1944 υἱὸν,
819 1912 865 1938 ἐπὶ
883 1911 930 1947 τὴν

146 1961 242 1988 θυσίαν
255 1961 349 1996 ᾣχετο.
369 1959 477 1994 Ἐπειδὴ
487 1959 515 1985 δὲ
527 1959 566 1990 είς
578 1958 623 1984 τὸν
636 1958 706 1993 ἱερὸν
719 1958 820 1984 ἐκεῖνον
834 1958 931 1991 ἀφῖκτο

146 2008 235 2043 χῶρον
251 2007 329 2042 τρίτῃ
353 2005 428 2041 μόλις
450 2004 541 2040 ἡμέρᾳ
553 2024 560 2036 ,
579 2014 588 2030 ι
607 2003 744 2030 Καθίσατε
761 2002 843 2029 αύτοῦ
862 2001 931 2037 μετὰ

145 2053 197 2088 τῆς
211 2053 281 2085 ὖνου,
297 2062 306 2078 ι
317 2053 371 2083 τοῖς
389 2050 508 2082 οἰκέταις
524 2049 636 2084 φησιν’(
648 2048 702 2082 ἐγὼ
717 2049 745 2075 δὲ
755 2049 801 2075 καὶ
820 2048 850 2074 τὸ
869 2057 932 2075 παι-

144 2099 236 2134 δάριον
260 2096 451 2131 διελευσόμεθα
470 2095 522 2127 ἓως
546 2092 612 2126 ὦδε,
631 2095 677 2121 καὶ
695 2095 931 2130 προσκυνήσαντες

145 2144 348 2180 ἀναστρέφομεν
361 2142 429 2178 πρὸς
443 2142 524 2177 ὑμᾶς.
542 2151 552 2167 ι
574 2141 765 2177 Ἐπιφορτίσας
776 2140 803 2166 δὲ
818 2140 862 2166 τὸν
874 2140 930 2166 υἱὸν

144 2192 200 2222 τοῖς
214 2191 253 2222 εἰς
266 2190 453 2224 ὁλοκάρπωσιν
466 2187 563 2220 ξύλοις,
576 2187 622 2213 καὶ
636 2186 756 2221 βαδίζειν
770 2186 855 2217 οὕτως
867 2186 931 2212 ἀνα-

142 2237 241 2268 πείσας
252 2255 260 2268 ,
274 2233 424 2270 ἠκολούθει.
447 2233 555 2268 Ἐπειδὴ
568 2233 596 2259 δὲ
611 2233 642 2259 τὸ
659 2232 802 2267 παιδάριον
817 2232 932 2257 ἀνεπυν-

146 2283 241 2309 θάνετο
253 2281 299 2307 τοῦ
316 2279 428 2314 πατρὸς,
441 2279 517 2313 λέγον
528 2287 535 2294 θ
548 2287 557 2304 ι
570 2278 634 2305 Ἰδοὺ
647 2278 676 2304 τὸ
689 2277 744 2314 πῦρ
757 2278 803 2304 καὶ
814 2277 847 2304 τὰ
856 2277 930 2309 ξύλα,
949 2295 970 2322 D

145 2327 197 2354 ποῦ
220 2326 278 2353 ἐστι
301 2325 330 2352 τὸ
352 2325 486 2361 πρόϐατον
511 2325 550 2355 εὶς
569 2324 774 2359 ὁλοκάρπωσιν;
804 2323 833 2349 ’0
853 2322 929 2354 Θεὸς,

145 2373 238 2408 φησὶν,
268 2371 362 2406 ὕψεται
392 2369 478 2405 ἐαυτῷ
505 2368 640 2403 πρόϐατον
667 2369 707 2400 εἰς
732 2368 929 2403 ὁλοκάρπωσιν,

142 2419 266 2446 τέκνον.»
284 2416 509 2452 Ἀναδειμάμενος
522 2415 588 2442 δὲτὸ
603 2415 672 2440 Θεῖον
686 2415 774 2441 ἐκεῖνο
787 2413 931 2448 θυσιαστή-

146 2473 219 2500 ριον,
242 2462 406 2498 ὲπισωρεύει
422 2462 456 2488 τὰ
471 2460 547 2494 ξύλα.
569 2460 775 2495 Συμποδίσαντα
796 2459 826 2486 δὲ
839 2460 886 2486 καὶ
901 2458 931 2485 τὸ

146 2509 289 2544 μειράκιον
306 2508 349 2534 ἐπ’
363 2505 524 2538 αὐτοῖςκαὶ
537 2505 569 2540 δὴ
584 2505 631 2532 καὶ
643 2503 693 2540 τῆς
710 2504 847 2539 μαχαίρας
859 2504 932 2530 ἐπειρ

143 2556 301 2591 λημμένον,
316 2552 433 2588 ἀγγέλου
454 2551 596 2578 διακωλύει
612 2550 698 2586 φωνὴ,
721 2550 758 2585 μὴ
776 2549 808 2584 δὴ
832 2549 930 2584 χρῆναι

144 2601 261 2636 λέγουσα
275 2599 306 2627 τὸ
321 2599 462 2634 παιδάριον
473 2597 655 2631 ἀποσφάττειν
671 2595 750 2622 αὐτόν
763 2615 770 2622 .
783 2595 931 2629 ἐγνωκέναι

144 2648 200 2682 γὰρ
210 2648 256 2673 τὸν
270 2646 336 2673 Θεὸν
357 2645 407 2681 ἤδη
421 2644 470 2680 τὴν
491 2643 696 2678 ἐνυπάρχουσαν
712 2641 786 2676 αὐτῷ
803 2640 930 2676 πρόθεσιν

144 2692 261 2728 ἀγαθήν.
283 2690 350 2718 Εἶτα
371 2690 447 2726 κριὸν
469 2689 523 2715 τῶν
547 2688 677 2724 κεράτων·
696 2686 879 2722 ἐξηρτημένον
902 2686 931 2712 ἐν

145 2738 222 2774 φυτῷ
243 2737 331 2764 Σαεὲκ
352 2735 468 2763 κατιδὼν
483 2735 497 2761 ὁ
512 2734 613 2765 δίκαιος
624 2752 630 2763 ,
649 2732 800 2767 ἀναπληροῖ
813 2731 862 2768 τὴν
883 2732 930 2758 θυ-

145 2785 222 2817 σίαν,
237 2783 299 2810 ἀντὶ
318 2781 366 2809 τοῦ
387 2780 480 2812 παιδὸς
497 2780 638 2815 ἀναφέρων
662 2778 751 2806 αὐτόν.
771 2778 883 2805 Κάτεισι
902 2777 930 2804 δὲ

1217 1430 1255 1458 De
1267 1431 1400 1459 Abraham
1414 1437 1438 1459 et
1451 1432 1538 1462 Isaac.

1019 1498 1045 1524 1.
1065 1498 1122 1525 «Et
1147 1498 1247 1525 factum
1266 1501 1307 1526 est
1328 1503 1390 1533 post
1399 1499 1481 1526 verba
1490 1499 1558 1532 haec,
1570 1501 1642 1529 Deus
1655 1503 1769 1531 tentavit

983 1544 1131 1577 Abraham,
1144 1548 1171 1571 et
1181 1544 1296 1571 dixitei:
1310 1544 1456 1578 Abraham,
1471 1546 1618 1574 Abraham.
1629 1547 1663 1575 Et
1676 1548 1745 1576 dixit
1759 1558 1766 1576 :

983 1590 1053 1618 Ecce
1066 1598 1133 1625 ego;
1153 1590 1208 1626 83
1227 1594 1254 1617 et
1271 1590 1358 1617 dixit:
1371 1591 1470 1626 Accipe
1494 1592 1581 1619 tilium
1603 1597 1679 1621 tuum
1699 1595 1769 1622 dile-

984 1639 1069 1667 ctum,
1089 1642 1172 1669 quem
1195 1635 1326 1667 dilexisti,
1348 1635 1432 1668 Isaac,
1447 1640 1475 1663 et
1487 1636 1554 1664 vade
1568 1638 1596 1665 in
1610 1642 1710 1666 terram
1720 1647 1769 1666 ex—

985 1681 1095 1712 celsam,
1109 1684 1136 1708 et
1146 1680 1214 1708 oﬂ‘er
1227 1688 1289 1707 eum
1299 1681 1336 1707 ibi
1347 1681 1375 1708 in
1389 1681 1578 1709 holocaustum
1592 1691 1674 1719 super
1684 1692 1769 1712 unum

984 1726 1128 1758 montium,
1147 1734 1216 1761 quos
1232 1726 1281 1753 tibi
1294 1726 1388 1754 dixero
1404 1727 1436 1754 “.
1454 1737 1462 1752 ι
1484 1727 1572 1763 Atque
1588 1729 1646 1757 haec
1659 1730 1769 1764 quidem

985 1771 1119 1798 divinitus
1140 1771 1277 1799 mandata.
1303 1772 1398 1800 Justus
1421 1780 1487 1800 vero
1512 1774 1649 1802 Abraham
1674 1776 1769 1803 incun-

984 1821 1089 1844 ctanter
1101 1821 1186 1844 strato
1197 1816 1274 1844 asino
1291 1825 1349 1850 suo,
1362 1824 1392 1845 ut
1403 1817 1442 1845 ibi
1455 1819 1587 1854 scriptum
1597 1825 1647 1853 est,
1661 1821 1770 1855 duobus

984 1865 1090 1889 tantum
1109 1861 1218 1890 famulis
1231 1869 1324 1889 secum
1342 1864 1498 1898 assumptis,
1516 1869 1681 1900 acceptoque
1700 1867 1770 1894 dile-

984 1915 1028 1937 cto
1041 1908 1096 1937 ﬁlio
1105 1917 1155 1937 suo
1168 1909 1251 1942 Isaac,
1264 1909 1297 1937 ad
1307 1909 1468 1936 sacriﬁcium
1479 1910 1606 1938 ducebat.
1624 1912 1769 1947 Postquam

983 1963 1049 1982 vero
1072 1955 1107 1983 ad
1136 1960 1259 1983 sanctum
1283 1955 1358 1981 illum
1383 1955 1472 1981 locum
1493 1957 1672 1990 pervenisset,
1689 1958 1769 1985 tertia

987 2001 1097 2029 vixdum
1120 2002 1164 2029 die
1184 2001 1252 2028 dixit
1269 2001 1378 2029 famulis
1393 2002 1470 2029 suis:
1490 2012 1498 2027 ι
1517 2002 1615 2030 Sedete
1637 2003 1682 2031 hic
1707 2012 1769 2032 cum

984 2048 1070 2075 asino.
1093 2047 1149 2083 Ego
1169 2052 1260 2075 autem
1279 2051 1307 2075 et
1329 2055 1398 2082 puer
1412 2048 1589 2076 transibimus
1601 2057 1688 2084 usque
1704 2051 1767 2083 huc,

984 2099 1012 2121 et
1038 2098 1180 2128 postquam
1204 2093 1425 2126 adoraverirnus,
1453 2098 1623 2122 revertemur
1648 2096 1682 2122 ad
1709 2104 1768 2124 vos.

984 2139 1107 2173 Cumque
1128 2142 1268 2166 onerasset
1290 2138 1377 2165 ﬁlium
1398 2139 1478 2174 lignis
1505 2139 1539 2167 ad
1561 2141 1768 2169 sacrificandum

984 2182 1156 2215 necessariis,
1180 2187 1262 2218 atque
1286 2184 1323 2211 ita
1336 2181 1463 2211 incedere
1480 2184 1615 2219 jussisset,
1633 2186 1768 2220 sequeba—

986 2232 1030 2256 tur
1043 2229 1110 2263 ipse.
1128 2228 1197 2257 Cum
1209 2234 1300 2256 autem
1318 2236 1387 2264 puer
1402 2233 1506 2263 patrem
1524 2238 1602 2257 suum
1625 2236 1769 2265 perconta—

986 2279 1071 2306 retur,
1087 2275 1181 2302 dicens
1193 2284 1199 2301 :
1220 2284 1229 2301 ι
1243 2274 1313 2302 Ecce
1324 2275 1395 2310 ignis
1406 2280 1434 2303 et
1447 2275 1518 2310 ligna
1532 2283 1539 2308 ;
1560 2275 1607 2303 ubi
1617 2281 1659 2303 est
1671 2277 1729 2304 ovis
1739 2278 1767 2304 in

983 2319 1173 2348 holocaustum
1185 2320 1196 2347 ?
1206 2320 1289 2353 Deus,
1305 2320 1404 2355 inquit,
1415 2320 1570 2356 providebit
1583 2321 1635 2348 sibi
1648 2329 1726 2350 ovem
1739 2323 1766 2349 in

982 2365 1181 2399 holocaustum,
1200 2366 1248 2394 ﬁli.
1266 2376 1275 2392 ι
1290 2365 1435 2394 Exstructo
1453 2370 1544 2393 autem
1573 2367 1666 2394 divino
1687 2367 1765 2395 altari

982 2412 1119 2448 congessit
1134 2412 1224 2448 ligna;
1244 2417 1272 2440 et
1287 2412 1440 2448 colligatum
1458 2412 1543 2440 tilium
1568 2413 1699 2448 imposuit
1715 2414 1765 2443 eis.

982 2457 1216 2493 accipientemque
1232 2466 1326 2486 ensem
1342 2458 1434 2493 angeli
1450 2466 1503 2486 vox
1515 2458 1655 2494 prohibet,
1673 2459 1767 2487 dicens

982 2511 1018 2531 ne
1041 2507 1142 2531 mactet
1163 2502 1263 2536 tilium,
1284 2504 1442 2538 cognovisse
1461 2504 1534 2531 enim
1559 2505 1645 2531 Deum
1666 2505 1766 2532 bonam

983 2549 1069 2584 ipsius
1086 2549 1265 2576 intentionem
1288 2556 1342 2583 qua
1362 2546 1491 2584 prmditus
1503 2553 1570 2576 erat.
1589 2550 1653 2577 Viso
1668 2549 1766 2577 deinde

983 2595 1079 2627 ariete,
1103 2594 1150 2630 qui
1170 2593 1298 2621 cornibus
1321 2593 1394 2622 inter
1409 2602 1507 2629 vepres
1529 2595 1616 2622 Sabec
1635 2595 1765 2626 haerebat,

983 2641 1026 2668 vir
1053 2641 1143 2676 justus
1166 2639 1273 2676 peragit
1296 2639 1470 2673 sacriﬁcium,
1495 2640 1607 2668 arietem
1633 2648 1682 2676 pro
1711 2640 1767 2668 tilio

983 2686 1120 2719 offerens;
1134 2691 1216 2721 atque
1230 2686 1266 2713 ita
1289 2686 1322 2714 ad
1347 2686 1464 2714 famulos
1481 2694 1545 2714 suos
1561 2686 1642 2719 redit,
1661 2687 1765 2714 salvum

984 2731 1050 2767 ipsis
1073 2732 1195 2760 referens
1218 2730 1304 2760 ﬁlium
1320 2732 1353 2758 θ’.
1373 2741 1381 2758 ι
1408 2731 1533 2759 Historia:
1556 2731 1639 2767 igitur
1653 2732 1765 2767 prolixi-

983 2782 1066 2805 tatem
1086 2778 1273 2813 praecidentes,
1292 2785 1323 2805 ac
1349 2777 1433 2805 veluti
1456 2778 1482 2805 in
1504 2785 1635 2806 summam
1659 2780 1770 2804 contra-

179 2876 202 2892 "
218 2874 297 2902 Rom.
314 2871 408 2904 “.23.
446 2870 469 2886 “
483 2869 680 2900 Psal.xxxv,8.
721 2869 741 2885 "
753 2868 895 2900 Gemuit,
912 2867 974 2901 με.
1014 2867 1036 2884 "
1047 2867 1115 2895 ibid.
1132 2868 1208 2895 5-19.

303 2922 441 2952 PATROL.
464 2918 521 2949 Gn.
545 2917 647 2947 LXIX.

1551 2912 1571 2942 δ
