1990 3050
211 171 261 199 139

724 167 752 194 S.
772 165 908 193 Ci’lilLLl
927 164 1159 191 ALEXANDRINI
1180 165 1338 193 ARCIIIEI‘.

1784 167 1832 194 HD

209 232 306 260 hentes
317 237 349 257 ea
376 237 436 265 quae
458 227 605 256 convenire
631 227 798 254 videbuntur
819 226 852 253 ad
880 226 993 252 demon-

1047 225 1130 257 οὕτως
1155 226 1220 260 πρὸς
1244 226 1306 256 τοὺς
1328 224 1454 258 οξκέτας,
1476 225 1538 259 ὑγιᾶ
1563 225 1652 260 φέρων
1675 223 1765 254 αὐτοῖς
1789 224 1835 251 τὸν

209 277 351 306 strandum
361 275 508 303 Salvatoris
521 274 607 302 nostri
622 273 780 310 mysterium
796 279 844 307 per
855 271 911 298 haec
925 278 995 305 prte-

210 323 355 359 ﬁguratum
370 329 439 353 esse,
452 329 502 356 pro
517 320 590 347 virili
601 320 736 354 explicare
746 325 780 344 ne
792 324 944 352 gravemur.
966 315 995 344 Si

210 377 274 397 vero
294 377 350 396 non
369 368 460 396 omnia
481 374 542 402 qua:
557 366 583 393 in
606 365 721 392 historia
740 363 925 394 continentur,
939 362 995 397 spi—

209 415 302 443 rituali
318 412 541 448 contemplationi
565 411 741 441 conveniunt,
766 415 848 434 nemo
873 407 995 435 damnet.

207 461 276 489 Nam
301 461 330 488 in
355 458 543 495 praestantiore
565 456 687 484 historiae
709 458 786 489 parte
808 460 996 488 saepenumero

207 508 274 535 latet
307 507 457 542 spiritualis
486 505 657 535 intcileetus,
683 500 915 536 quemadmodum
937 499 995 527 fere

208 553 392 582 odoratissimi
412 553 440 580 in
471 550 559 578 hortis
584 549 675 580 ﬂores,
701 546 995 583 superﬂuisexterius

207 600 280 628 foliis
293 604 451 630 onerantur,
466 603 526 632 qua:
541 595 564 623 si
574 594 635 630 quis
646 594 747 626 demat,
755 593 860 620 nudum
871 592 995 619 inveniet

208 646 235 672 id
265 645 339 680 quod
369 644 485 671 delectat
502 644 530 669 et
553 641 639 676 juvat.
657 640 698 667 Ad
717 639 892 674 allegoricum
911 637 995 673 igitur

207 700 316 720 sensum
329 699 418 719 sermo
431 689 620 717 transleratur.

1047 272 1111 298 υἱον.
1128 271 1164 297 Τὸ
1179 271 1227 306 μὲν
1242 269 1288 298 οὖν
1307 271 1356 306 τῆς
1377 271 1497 306 ίστορίας
1521 270 1696 306 ὲπιτεμὸντες
1723 269 1834 301 πλάτος,

1043 318 1092 346 καὶ
1110 317 1147 349 ὡς
1165 318 1193 344 ἐν
1211 317 1306 353 βραχεῖ
1322 317 1525 352 συνενεγκόντες
1546 317 1617 352 λόγῳ
1632 316 1662 343 τδ
1679 315 1835 343 λυσιτελοῦν

1046 361 1084 391 εἰς
1099 359 1234 392 ἀπόδειξιν
1248 360 1307 393 τοῦ,
1330 360 1374 387 διὰ
1390 360 1491 387 τούτων
1513 360 1542 387 τὸ
1562 361 1624 396 περὶ
1643 360 1691 387 τοῦ
1709 360 1834 396 Σωτῆρος

1043 405 1123 440 ἡμῶν
1153 405 1409 440 προανατυποῦσθαι
1442 406 1599 441 μυστήριον,
1619 407 1690 432 κατὰ
1719 405 1834 440 δύναμιν

1044 451 1128 478 πάλιν
1148 451 1198 487 τὴν
1214 451 1318 478 ἑαυτῶν
1330 451 1514 485 λαμϐάνοντες
1527 472 1534 484 ,
1550 453 1669 485 ἐξειπεῖν
1686 451 1736 478 οὐκ
1751 451 1832 486 ὀκνή-

1046 507 1139 534 σομεν.
1161 499 1191 525 Εί
1211 498 1238 525 δὲ
1254 499 1285 534 δὴ
1302 499 1339 533 μὴ
1361 499 1451 525 πάντα
1470 498 1562 525 ἕποιτο
1581 498 1655 533 λόγῳ
1675 498 1710 524 τὰ
1730 499 1759 524 ὲν
1774 498 1834 529 ταῖς

1047 544 1179 580 ἱστορίαις
1199 544 1323 579 κείμενα,
1338 543 1524 570 καταιτιάσθω
1540 543 1643 578 μηδείς.
1666 543 1711 569 Ἑν
1725 542 1780 578 γὰρ
1795 542 1834 578 τῷ

1046 590 1164 626 περιττῷ
1186 591 1234 625 τῆς
1253 590 1371 625 ἱστορίας
1388 589 1517 621 πολλάκις
1534 589 1685 625 κρύπτεται
1700 590 1732 616 τὸ
1751 598 1834 615 πνευ-

1049 638 1180 673 ματικόν·
1197 637 1290 672 ὥσπερ
1306 634 1352 663 οὖν
1368 636 1462 671 ἀμέλει
1480 636 1573 662 καὶτὰ
1587 636 1647 662 λίαν
1664 635 1835 670 εὐοσμότατα

1045 684 1099 710 τῶν
1125 684 1152 710 ὲν
1178 683 1307 718 λειμῶσιν
1333 682 1435 709 ἀνθέων
1460 682 1573 713 είκαίοις
1599 680 1698 713 ἔξωθεν
1725 681 1835 716 φύλλοις

207 737 449 773 περιχλαινίζεται,
468 737 539 772 ὅιπερ
558 736 640 767 εἴτις
659 735 807 769 ἀποτέμοι,
823 733 924 769 γυμνὸν
947 732 1057 768 εὑρήσει
1073 731 1103 758 τὸ
1117 729 1238 765 ὠφελοῦν
1250 739 1278 756 τε
1296 729 1344 756 καὶ
1371 731 1515 765 χρήσιμον.
1552 727 1652 755 Είσίτω
1681 728 1714 764 δὴ
1745 729 1835 755 τοίνυν

207 786 271 819 ἡμῖν
289 784 338 818 τῆς
353 783 515 818 ἀλληγορίας
534 783 547 808 6
567 782 654 816 λόγος.

240 830 266 856 2.
279 829 357 863 Quod
372 829 464 864 itaque
476 832 596 856 tentatus
613 827 696 854 fuerit
709 827 858 859 Abraham,
869 830 897 853 et
908 826 995 853 ﬁlium

1083 823 1115 859 β’.
1132 822 1168 849 Τδ
1180 822 1228 857 μὲν
1239 819 1285 848 οὖν
1298 820 1477 857 πειράζεσθαι
1486 820 1530 846 τὸν
1543 820 1679 856 μακάριον
1698 820 1834 857 Ἀσραὰμ,

207 883 287 903 suum
307 874 437 901 dilectum
458 873 601 900 immolare
625 873 661 899 sit
676 873 779 908 jussus,
807 871 945 906 quodque,
967 873 998 897 ut

206 919 353 948 verisimile
370 923 422 951 est,
443 927 497 945 non
516 918 619 952 absque
636 925 734 953 magno
754 917 838 943 animi
857 916 951 943 dolore
969 915 997 942 id

207 966 288 994 fuerit
306 972 450 1000 aggressus
470 969 500 990 ut
520 968 608 999 pater,
630 968 657 990 et
682 963 816 990 acerrimo
829 966 934 989 natura:
948 961 997 988 sti—

206 1013 280 1039 mulo
298 1011 330 1038 ad
350 1018 470 1038 amorem
481 1017 545 1044 erga
559 1009 644 1035 [ilium
662 1009 825 1039 concitatus,
838 1006 894 1043 84
907 1006 996 1042 potio-

204 1066 264 1086 rem
273 1062 364 1085 tamen
382 1063 475 1084 curam
491 1055 620 1082 habuerit
630 1054 695 1082 boni
710 1054 782 1089 quod
793 1062 824 1081 ea
839 1061 872 1080 ex
885 1061 914 1080 rc
930 1061 997 1080 con-

205 1108 382 1139 sequeretur,
400 1103 452 1130 hoc
470 1102 557 1137 ipsum
575 1100 726 1136 etquidem
745 1105 838 1136 aperte
850 1099 997 1127 admodum

206 1149 285 1176 nobis
305 1147 443 1183 signiﬁcat
466 1146 534 1174 illud
554 1154 569 1173 a
592 1146 733 1174 Salvatore
753 1151 847 1173 nostro
870 1145 995 1172 dictum:

210 1205 217 1221 ι
234 1195 272 1221 lta
282 1194 377 1221 dilexit
388 1193 461 1220 Deus
476 1191 621 1223 mundum,
640 1195 670 1218 ut
684 1191 785 1218 Filium
804 1198 884 1217 suum
898 1189 997 1224 unige—

206 1241 293 1267 uitum
309 1238 426 1271 dederit,
454 1243 483 1264 ut
505 1237 594 1265 omnis
616 1237 664 1272 qui
688 1237 775 1264 credit
803 1237 830 1263 in
858 1243 921 1264 eum
942 1243 997 1262 non

206 1290 309 1321 pereat,
332 1285 380 1312 sed
400 1284 501 1311 habeat
524 1283 608 1310 vitam
625 1286 755 1309 mternam
781 1282 814 1308 ⁸³.
836 1292 845 1307 ι
871 1281 899 1309 Si
923 1281 996 1308 enim

205 1335 313 1367 oportet
323 1330 406 1358 etiam
417 1329 568 1356 humanum
581 1327 647 1362 quid
661 1327 764 1359 dicere,
777 1326 811 1354 ad
824 1326 996 1353 manifestam

203 1384 301 1404 sensus
313 1374 588 1405 demonstrationem,
606 1372 780 1400 remordebat
796 1371 996 1406 quodammodo

204 1424 290 1450 Deum
302 1429 334 1449 ac
355 1422 474 1453 Patrem,
487 1427 550 1446 cum
564 1419 664 1446 Filium
680 1423 792 1454 propter
808 1426 858 1445 nos
876 1418 910 1444 ad
922 1425 996 1444 mor-

204 1473 259 1496 tem
288 1467 419 1498 mitteret,
445 1464 553 1492 tametsi
574 1463 677 1491 sciebat
704 1464 782 1490 illum
809 1463 878 1489 nihil
903 1463 994 1490 damni

1048 870 1096 896 καὶ
1112 869 1185 895 θύειν
1201 868 1392 895 ἐπιτάττεσθαι
1407 866 1452 892 τὸν
1465 866 1522 892 υἱὸν
1540 866 1585 892 τὸν
1602 867 1754 902 ἀγαπητὸν,
1771 868 1834 894 δυσ-

1048 914 1182 950 φοροῦντα
1198 914 1256 949 μὲν,
1278 913 1349 940 κατὰ
1376 912 1406 939 τὸ
1430 912 1513 943 είκδς,
1531 912 1568 943 ὡς
1593 913 1760 948 γεννήτορα,
1787 913 1835 940 καὶ

1048 959 1142 995 θερμῷ
1153 959 1202 994 τῆς
1217 959 1324 994 φύσεως
1340 958 1444 993 κέντρῳ
1459 957 1527 992 πρὸς
1539 956 1728 992 φιλοστοργίαν
1743 958 1836 984 νυσσό-

1049 1014 1140 1041 μενον,
1153 1005 1329 1040 προτιμῶ-κτα
1341 1004 1363 1030 δ’
1378 1001 1424 1030 οὖν
1438 1004 1512 1038 ὅμως
1525 1004 1554 1030 τὺ
1569 1003 1600 1029 ἐκ
1611 1002 1657 1030 τοῦ
1671 1003 1834 1038 πράγματος

1049 1051 1160 1086 ἀγαθὸν,
1178 1051 1243 1078 αὐτὸ
1255 1050 1286 1086 δὴ
1300 1050 1381 1077 πάλιν
1396 1050 1462 1085 ἡμῖν
1472 1050 1519 1076 καὶ
1531 1049 1734 1085 σφόδρασαφῶς
1747 1051 1835 1076 ὲκεῖνο

1047 1097 1122 1132 δηλοῖ
1137 1096 1167 1123 τὸ
1185 1096 1259 1131 παρὰ
1272 1095 1319 1122 τοῦ
1332 1095 1458 1130 Σωτῆρος
1473 1095 1616 1130 είρημένον
1628 1115 1636 1127 ,
1656 1104 1664 1120 ι
1689 1095 1766 1122 Οὕτω
1780 1095 1834 1131 γὰρ

1048 1143 1190 1178 ἠγάπησεν
1201 1143 1214 1168 6
1227 1141 1293 1173 Θεὸς
1307 1141 1353 1168 τὸν
1372 1141 1484 1176 κόσμον,
1498 1141 1534 1172 ὡς
1545 1141 1590 1167 τὸν
1606 1140 1669 1168 Υἱὺν
1687 1141 1767 1168 αὑτοῦ
1789 1141 1834 1168 τὸν

1050 1187 1180 1223 μονογενῆ
1194 1186 1303 1219 ἔδωκεν,
1317 1186 1360 1213 ῐνα
1379 1187 1433 1217 πᾶς
1452 1187 1465 1212 6
1478 1185 1614 1212 πιστεύων
1627 1186 1666 1217 είς
1685 1186 1777 1220 αὐτὸν,
1795 1187 1833 1222 μὴ

1047 1233 1190 1268 ἀπόληται,
1205 1232 1263 1258 ἀλλ’
1285 1231 1340 1267 ἔχει
1359 1231 1430 1267 ζωὴν
1451 1231 1568 1258 αἰώνιον.
1589 1241 1598 1256 ι
1620 1231 1718 1267 Εῑγὰρ
1734 1232 1786 1267 χρή
1807 1240 1833 1258 τι

1048 1279 1094 1306 καὶ
1119 1278 1287 1314 ἀνθρώπινον
1306 1279 1393 1305 είπεῖν
1415 1279 1454 1310 εἰς
1477 1277 1614 1310 ἀπόδειξιν
1635 1277 1681 1304 τοῦ
1700 1279 1834 1313 νοήματος

1048 1326 1160 1361 ἐναργῆ,
1171 1325 1348 1352 κατεδάκνετο
1362 1325 1460 1360 τρόπον
1471 1325 1533 1351 τινὰ
1546 1324 1661 1360 πέμπων
1670 1325 1708 1356 είς
1719 1324 1836 1352 Θάνατον

1047 1373 1080 1398 δι’
1096 1373 1169 1407 ἡμᾶς
1183 1372 1227 1398 τὸν
1240 1371 1301 1398 Υἱὸν
1320 1372 1333 1398 6
1348 1371 1414 1402 Θεὸς
1429 1371 1476 1398 καὶ
1492 1371 1594 1407 Πατὴρ,
1609 1371 1632 1397 εἰ
1643 1370 1689 1396 καὶ
1702 1370 1761 1405 ᾔδει
1776 1377 1835 1396 πει-

1049 1419 1162 1452 σόμενον
1186 1417 1239 1444 τῶν
1263 1417 1421 1444 λυπούντων
1439 1417 1517 1444 οὐδὲν
1531 1437 1538 1449 ,
1556 1418 1616 1443 ἐπεὶ
1637 1417 1684 1443 καὶ
1705 1416 1784 1447 αὐτὸς
1800 1413 1835 1451 ἦν

1048 1463 1157 1499 ἀπαθὴς
1172 1463 1209 1494 ὼς
1228 1463 1304 1494 Θεός.
1326 1463 1421 1498 Ὅμως
1442 1463 1463 1489 δ’
1484 1461 1530 1489 οὖν
1551 1463 1580 1489 τὸ
1600 1463 1632 1489 ὲκ
1650 1462 1698 1489 τοῦ
1719 1462 1834 1490 θανάτου

203 1520 358 1549 passurum,
380 1510 602 1546 quandoquidem
619 1509 702 1537 etiam
718 1510 776 1544 ipse
789 1513 848 1536 erat
865 1509 993 1543 impossi-

1047 1510 1181 1545 χρήσιμον
1197 1509 1306 1541 ἐννοῶν,
1323 1510 1371 1543 τὴν
1387 1509 1524 1542 ἁπάντων,
1540 1508 1623 1544 φημὶ,
1641 1508 1776 1544 σωτηρίαν
1788 1511 1836 1536 καὶ

203 1559 268 1586 bilis
290 1563 321 1585 ιιι
341 1559 423 1585 Deus.
448 1557 645 1584 Verumtamen
662 1563 723 1582 cum
741 1550 995 1590 intelligeretutili-

205 1609 286 1631 tatem
306 1611 366 1638 qua:
387 1611 420 1630 ex
432 1603 491 1638 ejus
505 1606 591 1629 morte
608 1605 740 1633 manaret,
760 1601 882 1628 omnium
897 1609 996 1636 nempe

204 1650 277 1677 salus
295 1658 326 1676 ac
349 1650 413 1682 vita,
433 1648 642 1683 indulgentiam,
657 1655 717 1682 quso
732 1647 805 1674 Patri
820 1648 958 1679 convenit,
970 1647 996 1674 ei

206 1695 373 1730 posthabuit.
399 1694 533 1727 Quocirca
549 1694 631 1721 etiam
655 1693 754 1720 Paulus
774 1694 862 1728 ipsum
877 1692 995 1719 admira-

207 1748 250 1769 tus
270 1746 323 1774 est,
349 1741 462 1768 dicens:
478 1751 486 1765 ι
500 1740 551 1773 Qui
569 1740 681 1775 proprio
703 1740 771 1767 Filio
791 1747 845 1766 non
861 1739 994 1774 pepercit,

203 1787 255 1814 sed
281 1794 330 1821 pro
353 1786 433 1813 nobis
461 1785 590 1812 ominibus
621 1785 733 1812 tradidit
750 1785 826 1811 illum
851 1785 883 1811 ⁸⁵.
905 1795 914 1810 ι
938 1784 996 1817 Qua

205 1833 278 1860 enim
301 1833 330 1860 in
353 1840 382 1860 re
401 1832 531 1859 consistat
551 1832 712 1858 miraculum
732 1831 842 1862 amoris.
856 1839 911 1866 quo
925 1831 998 1858 Deus

205 1887 237 1906 ac
252 1879 331 1906 Pater
343 1886 392 1906 nos
402 1883 443 1906 est
454 1882 626 1913 prosecutus,
642 1878 693 1905 nisi
706 1877 779 1913 quod
791 1877 901 1912 aliquod
914 1877 996 1904 etiam

206 1930 304 1960 pneter
318 1924 487 1957 voluntatem
499 1924 661 1951 sustinuisse
678 1924 753 1951 visus
765 1924 810 1955 sit,
824 1923 934 1950 tradens
947 1931 997 1957 pro

207 1970 285 1996 nobis
302 1969 401 1996 Filium
421 1969 523 1996 suum?
547 1969 611 1996 Tale
625 1966 698 1996 enim
719 1969 785 2003 quid
806 1969 885 1995 nobis
907 1967 997 1994 innuit

206 2016 307 2044 Paulus
321 2016 416 2043 dicens
427 2016 493 2043 illud
511 2024 517 2042 :
533 2025 541 2041 I
558 2016 616 2042 Non
631 2015 764 2050 pepercit,
782 2025 790 2040 ›
808 2015 880 2049 quod
893 2023 996 2049 nequa-

207 2071 288 2099 quam
308 2063 342 2090 de
367 2063 401 2090 iis
420 2071 481 2098 quze
501 2062 614 2090 fortuito
632 2061 759 2088 aeeiduut
769 2060 885 2092 dicatur,
905 2060 951 2087 sed
963 2060 995 2087 de

207 2109 241 2136 iis
274 2113 391 2140 tantum,
418 2108 464 2142 qui
494 2115 619 2142 magnam
646 2107 764 2140 aliquam
793 2113 849 2132 rem
876 2109 993 2140 patrant,

207 2154 438 2190 quemadmodum
453 2154 480 2180 in
504 2153 550 2180 illo
563 2162 568 2178 :
593 2163 600 2177 ι
617 2151 757 2178 ΡΙἨΞίΟΠάὲ
771 2151 908 2178 funiculos
923 2156 994 2182 tuos,

206 2206 234 2228 et
253 2201 344 2228 clavos
368 2205 429 2227 tuos
449 2199 596 2226 corrobora
612 2207 617 2224 :
637 2198 726 2224 adhuc
745 2197 771 2224 in
796 2197 916 2224 dexteris
928 2201 955 2223 et
968 2197 995 2223 in

207 2245 329 2274 sinistris
355 2245 438 2272 dilata
454 2245 487 2270 Μ.
509 2253 517 2269 ι
538 2243 652 2271 Itidem:
674 2253 682 2268 ι
710 2243 784 2277 Fige,
806 2250 840 2269 ne
855 2250 960 2277 parcas.
983 2251 991 2266 ι

208 2293 240 2319 Et
257 2299 366 2318 rursum
381 2300 386 2317 :
410 2301 418 2316 ι
435 2290 514 2317 Salva
531 2289 627 2316 ductos
643 2289 675 2315 ad
693 2293 818 2320 mortem,
837 2294 864 2316 et
875 2289 922 2323 qui
939 2293 996 2316 tra-

208 2339 311 2364 huntur
323 2337 356 2364 ad
369 2335 651 2367 interitum,liberare
668 2343 702 2362 ne
719 2343 809 2362 cesses
821 2335 852 2361 ⁸⁸.
872 2344 880 2360 ι
907 2334 996 2369 Atque

208 2384 264 2410 haec
290 2378 401 2417 quidem
424 2381 505 2408 nobis
533 2381 560 2408 in
583 2381 659 2414 illud,
687 2391 695 2406 ι
709 2381 808 2416 Accipe
828 2380 913 2407 ﬁlium
926 2380 995 2407 dile-

207 2432 281 2454 ctum
308 2427 341 2459 ‘7,
361 2437 370 2452 ›
401 2427 471 2454 dicta
494 2427 556 2454 sint.
573 2426 624 2459 Qui
644 2435 709 2454 vero
726 2435 818 2454 senem
833 2427 996 2453 comitantur

208 2473 302 2500 t'ainuli
313 2473 369 2500 duo
380 2477 461 2508 atque
473 2473 506 2500 ad
520 2473 626 2500 tertiam
641 2473 712 2500 diem
723 2481 819 2508 usque.
838 2477 917 2508 typus
934 2477 997 2499 sunt

208 2519 325 2546 duorqu
346 2519 509 2553 populorum
531 2523 689 2546 vocatorum
715 2519 747 2546 ad
775 2519 934 2546 servitutem
948 2527 996 2554 per

209 2564 306 2599 legem.
322 2564 403 2591 lsrael
428 2564 558 2591 nimirum
579 2569 605 2591 et
627 2565 695 2592 Juda
713 2574 718 2591 :
743 2565 788 2599 qui
810 2565 867 2592 sola
891 2565 938 2592 Dei
966 2573 996 2591 ac

209 2609 297 2636 Patris
318 2614 453 2645 pratcepta
468 2610 606 2645 sequenda
622 2618 681 2638 esse
700 2611 842 2646 putabant,
867 2610 998 2645 quemad—

210 2655 321 2682 modum
343 2655 392 2688 illi,
415 2656 572 2689 Abraham;
592 2656 713 2684 nondum
734 2662 930 2692 cognoscentes
953 2656 998 2683 Fi-

208 2701 286 2733 litun,
305 2709 354 2736 per
369 2709 450 2736 quem
466 2703 568 2744 omnia,
585 2711 674 2738 neque
688 2703 776 2730 Patris
791 2702 938 2735 haeredem,
953 2711 1000 2730 eu-

208 2747 252 2781 jus
273 2746 486 2781 pulcherrimam
508 2748 653 2783 imaginem
671 2757 726 2784 prae
743 2756 771 2775 se
789 2748 840 2775 fert
858 2749 998 2783 parvulus,

209 2795 236 2818 et
252 2792 341 2820 adhuc
359 2792 385 2819 in
397 2793 458 2819 sinu
477 2794 561 2828 patris
572 2794 614 2820 sui
628 2794 721 2829 jacens
734 2795 817 2825 Isaac,
842 2794 998 2828 nequedum

247 2847 269 2864 “'
282 2849 357 2875 Joan.
371 2857 409 2879 Ill,
424 2850 464 2884 l6;
487 2852 494 2878 l
511 2852 587 2879 Joan.
606 2860 640 2883 tv,
663 2852 687 2878 9.

210 2883 231 2898 “
248 2883 315 2911 Gen.
332 2893 398 2917 nu,
419 2885 444 2915 2.

728 2850 749 2866 6“
774 2851 852 2878 Rom.
873 2859 927 2881 vui.
949 2851 998 2878 32;

1046 1556 1129 1592 ζωὴν,
1151 1556 1199 1591 τῆς
1222 1556 1307 1590 πατρὶ
1327 1555 1487 1590 πρεπούσης
1513 1555 1703 1590 φιλοστοργίας
1727 1555 1833 1590 ἠμέλει.

1046 1602 1090 1628 Διὸ
1103 1602 1135 1637 δὴ
1154 1601 1199 1628 καὶ
1214 1601 1319 1632 Παῦλος
1333 1600 1414 1627 αὑτὸν
1427 1599 1617 1635 ἀπεθαύμαζε,
1633 1599 1720 1633 λέγων
1733 1607 1740 1614 ο
1758 1609 1767 1625 ι
1785 1599 1835 1631 ’ος

1046 1656 1076 1682 γε
1090 1647 1136 1673 τοῦ
1150 1647 1213 1673 ίδίου
1230 1647 1295 1673 Υίοῦ
1307 1647 1356 1672 οὐκ
1370 1646 1507 1681 ἐφείσατο,
1521 1645 1577 1672 ἀλλ’
1593 1646 1662 1681 ὑπὲρ
1675 1646 1753 1681 ἡμῶν
1768 1644 1837 1671 πάν-

1046 1702 1100 1720 των
1117 1693 1275 1728 παρέδωκεν
1299 1692 1390 1719 αὐτόν.
1412 1702 1420 1718 ι
1441 1693 1504 1719 Ἐπὶ
1518 1693 1570 1719 τίνι
1584 1693 1606 1719 δ’
1622 1692 1654 1719 ἂν
1671 1693 1775 1726 γένοιτο
1793 1692 1834 1719 δι-

1047 1739 1131 1770 καίως
1146 1739 1175 1765 τὸ
1191 1738 1284 1774 θαῦμα
1297 1740 1346 1774 τῆς
1360 1740 1398 1770 είς
1414 1739 1486 1774 ἡμᾶς
1508 1739 1618 1773 ἀγάπης
1640 1738 1686 1764 τοῦ
1707 1738 1772 1764 Θεοῦ
1788 1737 1835 1764 καὶΙ

1047 1785 1164 1820 Πατρος.
1175 1786 1198 1811 εί
1211 1785 1247 1820 μή
1260 1793 1287 1811 τι
1301 1785 1348 1811 καὶ
1356 1785 1409 1811 τῶν
1421 1785 1576 1820 ἀϐουλήτων
1590 1784 1678 1817 ἔδοξεν
1689 1785 1835 1820 ὑπομένειν

1048 1829 1185 1865 παραδοὺς
1207 1829 1277 1865 ὑπὲρ
1292 1829 1370 1864 ἡμῶν
1385 1829 1429 1855 τὸν
1448 1829 1511 1856 ίδιον
1525 1829 1608 1862 Υἱόνς
1630 1829 1754 1856 Τοιοῦτον
1777 1829 1834 1866 γάρ

1046 1885 1087 1902 τοι
1103 1877 1253 1911 νοεῖνὴμᾶς
1266 1876 1406 1902 ἀναπείθει
1421 1876 1460 1907 τὸ,
1477 1885 1485 1901 ι
1502 1876 1558 1902 υύκ
1573 1876 1711 1910 ἐφείσατο,
1730 1875 1835 1909 »λέγων

1046 1924 1060 1950 6
1075 1921 1191 1954 Παῦλος.
1201 1922 1290 1957 Ὅπερ
1302 1921 1351 1948 οὐκ
1366 1921 1397 1948 ἂν
1413 1921 1458 1947 ἐπὶ
1468 1923 1522 1953 τοῖς
1535 1921 1644 1956 τυχοῦσι
1656 1921 1750 1957 ῥηθείη
1759 1921 1834 1953 ποτὲ,

1047 1968 1104 1994 ἀλλ’
1117 1969 1163 1994 ἐπὶ
1179 1968 1269 2003 μόνοις
1288 1969 1344 2000 τοῖς
1365 1967 1483 2003 μεγάλου
1497 1968 1568 1998 τινος
1589 1967 1836 2002 κατανεανιευομέ-

1047 2023 1102 2046 νοις
1125 2014 1303 2049 πράγματος,
1319 2014 1356 2045 ὠς
1373 2014 1400 2039 ὲν
1421 2013 1470 2048 τῷ,
1489 2023 1497 2039 ι
1524 2013 1662 2039 Πλάτυνον
1688 2014 1721 2040 τὰ
1737 2014 1836 2048 σχοινί-

1048 2060 1138 2095 σματά
1156 2068 1213 2091 σου,
1230 2059 1352 2090 καὶτοὺς
1373 2059 1529 2090 πασσάλους
1544 2068 1591 2085 σου
1604 2059 1778 2094 κατίσχυσαν,
1796 2059 1835 2086 ἔτι

1047 2107 1086 2136 εἰς
1106 2105 1140 2132 τὰ
1162 2104 1238 2138 δεξιὰ
1258 2105 1305 2132 καὶ
1328 2105 1366 2137 εἰς
1383 2105 1416 2131 τὰ
1429 2106 1563 2141 ,ἀριστερὰ
1579 2106 1744 2133 ἑκπέτασον·
1766 2116 1776 2132 ι
1796 2106 1836 2133 ἔτι

1046 2151 1084 2184 δὲ,
1103 2151 1144 2177 ὃτι
1162 2161 1169 2176 ι
1197 2150 1296 2185 Πῆξον,
1317 2150 1353 2185 μὴ
1374 2150 1464 2185 φείσῃ.
1490 2160 1498 2175 ι
1521 2151 1576 2177 Καὶ
1593 2151 1683 2183 πάλιν,
1703 2161 1712 2177 ι
1741 2151 1836 2178 Ῥὖσαι

1048 2197 1198 2231 ἀγομένους
1213 2196 1253 2227 εἰς
1267 2196 1391 2227 θάνατον,
1400 2196 1446 2222 καὶ
1459 2195 1572 2231 ἐκπρίου
1586 2196 1786 2231 κτεινομένους,
1799 2197 1836 2232 μὴ

1048 2242 1138 2277 φείσῃ.
1157 2251 1166 2267 ι
1184 2242 1238 2268 Καὶ
1253 2241 1338 2268 ταῦτα
1353 2241 1401 2276 μὲν
1420 2242 1484 2276 ἡμῖν
1503 2242 1542 2272 εἰς
1558 2241 1598 2274 τὸ,
1613 2251 1621 2267 ι
1636 2242 1708 2268 Λάϐε
1720 2242 1764 2268 τὺν
1781 2242 1837 2267 υἱόν

1049 2297 1094 2315 σου
1118 2288 1163 2315 τὸν
1185 2289 1338 2324 ἀγαπητὸν,
1350 2298 1358 2314 ι
1375 2289 1524 2324 εἰρήσεται.
1544 2289 1574 2314 Οἱ
1592 2288 1620 2314 δὲ
1641 2288 1679 2323 τῷ
1697 2288 1836 2324 πρεσϐύτῃ

1049 2334 1379 2372 συμπαρομαρτυροῦντες
1393 2336 1440 2362 καὶ
1461 2335 1700 2372 συμπαραθέοντες
1731 2335 1835 2362 οίκέται

1047 2381 1092 2407 δύο
1105 2380 1149 2407 καὶ
1164 2380 1245 2415 μέχρι
1262 2380 1310 2415 τῆς
1331 2379 1424 2415 τρίτης
1436 2379 1554 2416 ἡμέρας,
1571 2381 1655 2412 τύπος
1672 2380 1704 2407 ἃν
1717 2377 1772 2407 εἶεν
1782 2381 1836 2407 τῶν

1048 2428 1086 2458 εἰς
1098 2426 1219 2453 δουλείαν
1231 2426 1406 2460 κεκλημένων
1418 2426 1462 2452 διὰ
1478 2427 1524 2452 τοῦ
1540 2427 1622 2461 νόμου
1632 2427 1679 2453 δύο
1693 2424 1776 2458 λαῶν,
1788 2426 1835 2452 τοῦ

1047 2480 1076 2497 τε
1099 2470 1207 2506 Ἰσραὴλ
1222 2470 1323 2497 καὶτοῦ
1344 2470 1439 2503 Ἰούδα,
1455 2471 1536 2506 φημί.
1557 2472 1588 2498 Οἳ
1607 2472 1653 2498 καὶ
1667 2473 1758 2507 μόνοις
1769 2472 1835 2508 χρῆ-

1048 2519 1157 2548 ναιτοίς
1167 2517 1214 2543 τοῦ
1233 2517 1300 2543 Θεοῦ
1322 2517 1369 2543 καὶ
1389 2518 1493 2552 Πατρὸς
1516 2517 1670 2544 ἀκολουθεῖν
1685 2519 1767 2553 ᾤοντο
1780 2519 1835 2544 δια-

1048 2565 1196 2599 τάγμασιν,
1211 2563 1305 2598 ὥσπερ
1320 2563 1418 2589 ἐκεῖνοι
1438 2563 1477 2598 τῷ
1499 2563 1632 2599 ’Λὸραὰμ,
1648 2564 1724 2591 οὓπω
1735 2564 1780 2591 τὸν
1796 2565 1835 2591 δι’

1049 2609 1084 2638 οὗ
1098 2611 1186 2637 πάντα
1200 2609 1322 2641 νοοῦντες
1338 2610 1411 2641 Υἱδν,
1422 2609 1482 2636 οὐδὲ
1496 2610 1541 2636 τὸν
1554 2610 1601 2636 τοῦ
1617 2610 1723 2645 Πατρὸς
1737 2610 1835 2646 κληρο-

1049 2655 1129 2691 νόμον
1151 2654 1390 2689 ἐπιγινώσκοντες,
1412 2650 1496 2689 οἷπερ
1512 2654 1544 2680 ἂν
1555 2655 1674 2690 εἰσφέροι
1691 2654 1835 2690 καλλίστην

1049 2703 1114 2737 ἡμῖν
1122 2701 1171 2736 τὴν
1178 2700 1284 2734 είκόνα,
1300 2700 1397 2735 μικρὸς
1411 2701 1457 2726 καὶ
1466 2701 1493 2726 ἐν
1507 2700 1615 2732 κόλποις
1627 2701 1666 2727 ἔτι
1677 2701 1723 2727 τοῦ
1736 2700 1835 2727 οἰκείου

1049 2747 1151 2782 πατρὸς
1165 2747 1179 2772 ὁ
1196 2745 1288 2773 Ἰσαὰκ
1309 2747 1445 2781 κείμενος,
1462 2746 1508 2773 καὶ
1521 2747 1569 2782 τὴν
1584 2747 1702 2783 δεσπότῃ
1716 2747 1835 2783 πρέπου-

1051 2803 1099 2820 σαν
1115 2793 1189 2819 οὔπω
1211 2792 1302 2828 φορῶν
1325 2792 1458 2824 ἐξουσίαν.
1481 2791 1534 2819 Ἦν
1555 2794 1604 2829 μὲν
1620 2794 1674 2829 γὰρ
1694 2794 1740 2820 καὶ
1765 2794 1835 2819 ἔστιν

1032 2853 1053 2867 ⁸³⁵
1077 2852 1191 2884 Isa.LIv,
1218 2851 1244 2878 2.
1286 2851 1307 2866 ⁵⁵
1325 2852 1405 2879 Prov.
1431 2854 1506 2883 xxxv,
1526 2853 1554 2879 11
1570 2861 1576 2886 ;
1592 2853 1662 2881 Psal.
1688 2860 1776 2885 Lxxxt,
1808 2853 1835 2879 ι.
