1990 3050
169 172 213 199 Nl
665 163 924 194 GLAPHYRORUM
944 162 976 188 IN
997 161 1145 188 umesm
1166 161 1221 186 Lm
1241 161 1284 187 In.

1742 162 1792 190 ΗΞ

167 227 209 253 ἀεὶ
232 226 331 261 Κύρος
351 227 397 253 καὶ
419 226 485 256 Θεὸς
509 224 664 254 παντέλειος
681 223 695 249 ό
709 222 781 252 Υἱός.
805 221 850 256 Τῷ
870 219 898 246 δὲ
916 218 953 254 μὴ

1013 215 1211 244 :onvenientem
1222 214 1332 243 Christo
1340 219 1503 249 potestatem
1514 223 1619 251 gerens.
1634 217 1791 250 Eratenim,

169 274 250 300 πᾶσιν
261 274 394 307 ὑπάρχειν
407 270 575 306 καταφανὴς,
587 270 634 297 καὶ
645 268 761 304 μάλιστα
771 268 826 298 τοῖς
839 265 954 296 ἀνοσίοις

172 319 311 350 Ἰουδαίοις
326 319 368 351 είς
391 319 476 353 μόνην
490 317 574 352 ὁρῶσι
595 316 643 350 τὴν
668 314 768 350 σάρκα,
794 313 891 348 μικρός
914 319 954 342 τις

169 364 239 393 εἶναι
257 365 304 391 καὶ
324 366 338 391 ὁ
359 353 448 399 >τυχὼν
466 362 615 398 ἐνομίζετο.
636 360 838 395 Συμμετρεῖται
853 357 882 384 δέ
897 365 955 388 πως

169 411 308 445 ἀναλόγως
326 410 374 437 καὶ
393 411 454 441 ταῖς
469 408 595 435 ἁπάντων
609 405 738 437 διανοίαις
751 406 767 439 ἡ
788 404 853 439 περὶ
873 402 955 429 αὑτοῦ

169 457 281 493 γνῶσις.
301 456 356 482 Καὶ
370 454 456 491 μικρὰ
474 454 522 490 μὲν
539 454 568 480 ὲν
585 453 704 488 μικροῖς,
722 450 826 487 μεγάλη
842 449 869 476 δὲ
881 446 914 476 αὖ
927 449 956 474 ὲν

172 503 303 538 μεγαλοις
316 503 485 536 εὑρίσκεται.
501 500 557 527 Καὶ
574 499 639 533 γοῦν
652 499 677 524 οἱ
692 497 742 533 μὲν
761 495 898 531 προφῆται
911 503 957 528 φα-

171 559 226 582 σιν,
247 549 289 575 ὅτι
304 557 314 573 ι
326 548 422 582 Μέγας
439 547 486 573 καὶ
504 545 618 580 φοϐερός
629 545 703 570 ὲστιν
721 543 766 570 ἐπὶ
781 542 884 572 πάντας
895 541 957 571 τοὺς

171 593 329 630 περικύκλῳ
341 591 435 625 αὑτοῦ,
451 601 460 618 ι
480 590 616 622 τουτέστι,
628 589 691 620 τοὺς
710 587 792 622 ἐγγὺς
811 585 893 614 αὑτοῦ
910 594 957 620 γε-

169 639 285 674 γονότας
294 638 338 665 διὰ
355 637 455 672 πολλὴν
469 637 539 670 ἄγαν
552 636 703 670 ἀγχίνοιαν.
727 633 822 660 Ὠδίνει
836 632 863 659 δὲ
882 631 929 658 καὶ¹
944 632 958 657 ὁ

172 685 276 717 Παῦλος
288 694 374 717 τινας,
396 693 405 710 ί
431 684 528 718 Ἀχρις
541 680 571 709 οὗ
584 681 714 717 μορφωθῇ
726 679 843 716 Χριστὸς
862 679 890 704 ὲν
908 677 956 704 αὺ-

171 734 237 764 τοῖς.
259 742 268 758 ι
286 731 440 762 Τουτέστιν,
452 730 532 765 ἄχρις
547 729 579 756 ἂν
592 729 616 755 οἱ
629 726 741 762 μεγάλοι
753 726 800 752 καὶ
811 724 959 759 ὑπερφυεῖς

172 779 221 813 τῆς
247 777 373 812 θεότητος
401 775 485 803 αὐτοῦ
513 774 686 810 χαρακτῆρες
713 774 753 804 είς
775 771 821 798 τὸν
846 770 959 796 ἐκείνων

175 824 266 859 ἡρέμα
295 822 499 849 διαπλαττοιντο
521 820 593 847 νοῦν.
612 820 648 845 Τὸ
662 819 689 845 δὲ
709 815 888 851 ἀκολουθῆσαι
911 814 960 849 μὲν

173 869 234 899 τοὺς
250 868 358 899 οἰκέτας
387 868 433 893 καὶ
464 867 546 902 μέχρι
572 865 667 900 τρίτης
691 863 808 899 ἠμέρας,
840 861 877 898 μὴ
908 860 960 896 μὴν

1005 267 1034 290 et
1056 266 1107 294 est,
1129 269 1236 296 semper
1254 261 1386 288 Dominus
1403 269 1434 288 ac
1455 261 1527 288 Deus
1545 262 1681 296 perfectus
1697 263 1792 291 Filius.

1006 308 1070 336 Ideo
1090 315 1157 335 vero
1180 307 1254 342 quod
1279 315 1334 334 non
1361 306 1489 334 omnibus
1508 307 1673 342 conspicuus
1698 309 1744 341 sit,
1766 315 1795 337 et

1007 354 1124 382 maxime
1143 353 1234 388 impiis
1249 352 1350 380 ludatis
1368 352 1401 379 ad
1415 352 1500 379 solam
1516 360 1627 380 carnem
1645 354 1794 388 respicien-

1007 401 1090 432 tibus,
1106 400 1236 435 parvulus
1252 399 1386 434 quispiam
1409 398 1567 434 putabatur.
1586 399 1711 434 Cognitio
1729 408 1796 427 vero

1007 446 1095 481 ipsius
1117 446 1240 473 omnium
1266 445 1416 472 intellectui
1431 445 1573 480 :equaliter
1590 446 1794 480 correspondet,

1007 496 1034 519 et
1055 499 1137 527 parva
1159 491 1213 526 85
1235 490 1346 525 quidem
1369 495 1411 518 est
1428 490 1455 517 in
1472 498 1565 525 parvo,
1578 498 1673 526 magna
1687 499 1753 518 vero
1769 492 1796 519 in

1007 538 1122 572 magnis.
1138 536 1220 571 Atqui
1235 536 1377 571 propheta:
1386 536 1496 571 quidem
1507 536 1612 569 dicunt,
1625 537 1698 571 quod
1715 546 1723 562 ι
1738 545 1797 564 ma-

1008 590 1078 618 gnus
1090 590 1122 610 ac
1132 582 1264 609 terribilis
1278 587 1320 609 est
1344 590 1426 616 super
1446 589 1542 609 omnes
1559 582 1605 617 qui
1631 582 1658 610 in
1678 583 1797 610 circuitu

1009 627 1135 663 ipsius“,
1151 638 1159 654 ›
1171 628 1223 655 hoc
1234 633 1285 660 est,
1298 628 1346 663 qui
1359 629 1431 656 circa
1444 629 1533 663 ipsum
1544 633 1608 656 sunt
1622 636 1672 663 per
1683 629 1797 656 multam

1010 676 1193 710 sagacitatem.
1212 676 1334 703 Parturit
1344 680 1435 703 autent
1450 676 1532 703 etiam
1546 677 1647 703 Paulus
1663 677 1796 711 quosdam

1014 730 1022 746 ι
1043 721 1130 748 donec
1159 720 1293 748 formetur
1312 721 1438 748 Christus
1457 721 1484 748 in
1505 721 1571 756 ipsis
1589 722 1622 754 ⁵⁵,
1639 731 1648 747 ι
1670 722 1724 750 hoc
1743 727 1795 756 est,

1010 766 1098 795 donec
1120 767 1210 802 magni
1231 771 1314 802 atque
1331 767 1457 794 immensi
1483 767 1636 795 divinitatis
1658 769 1718 803 ejus
1731 769 1798 796 cha-

1011 815 1132 839 racteres
1147 813 1276 847 paulatim
1288 813 1316 839 in
1333 820 1429 839 eorum
1442 813 1582 841 mentibus
1595 814 1797 849 imprimantur.

1011 857 1090 890 Quod
1102 866 1168 886 vero
1183 858 1269 886 secuti
1282 858 1336 886 sint
1346 858 1439 885 famuli
1451 867 1537 894 usque
1550 860 1583 886 ad
1596 861 1705 888 tertium
1713 861 1796 894 diem,

173 915 220 941 καὶ
241 913 439 949 ἐπιτετράφθαι
457 911 525 947 πρὸς
543 911 593 946 τὴν
609 907 893 945 γῆνάνακομίζεσθαι
911 905 960 940 τὴν

1013 911 1100 938 neque
1125 911 1285 931 concessum
1304 904 1338 931 iis
1356 903 1449 936 fuerit,
1463 908 1493 931 ut
1505 905 1538 932 ad
1548 906 1682 933 excelsam
1696 912 1724 934 et
1734 915 1798 934 san-

175 960 278 995 ὑᾲηλήν
303 968 332 986 τε
357 959 404 985 καὶ
426 957 521 994 ἱερὰν,
539 956 660 988 καθίζειν
687 955 715 981 δὲ
741 953 841 988 μᾶλλον
869 952 960 982 αὐτοῖς

175 1004 372 1040 προστετάχθαι
397 1004 467 1038 μετὰ
487 1002 536 1037 τῆς
561 1001 633 1031 ὄνου,
656 1000 706 1035 τὴν
730 999 772 1025 διὰ
790 998 872 1031 νόμου
893 996 960 1032 πρὸς

175 1051 238 1078 Θεὸν
251 1049 429 1084 ἀκολούθησιν
447 1048 500 1075 τῶν
515 1047 561 1073 δύο
575 1046 647 1072 λαῶν
664 1045 802 1079 ὑποδηλοῖ,
820 1043 867 1070 καὶ
880 1042 961 1078 μέχρι

174 1096 220 1123 τοῦ
239 1096 330 1132 τρίτου
348 1094 550 1130 παρατείνασαν
573 1092 680 1127 χρόνου,
699 1090 831 1122 τουτέστι,
855 1088 902 1115 τοῦ
916 1096 961 1115 τε-

175 1141 307 1173 λευταίου,
324 1140 383 1167 καθ’
395 1140 424 1166 ὄν
441 1141 505 1174 ἡμῖν
514 1139 636 1172 ἐπεφάνη
648 1137 774 1172 Χριστός.
788 1135 869 1169 Τρισὶ
879 1134 932 1169 γὰρ
948 1134 961 1159 ὁ

175 1187 283 1222 σύμπας
290 1186 356 1213 αἰὼν
367 1187 540 1221 ἐκμετρεῖται
550 1183 663 1218 καιροῖς,
675 1182 862 1218 παρῳχηκότι,
878 1180 960 1215 φημὶ,

176 1233 222 1258 καὶ
241 1232 379 1262 ἐνεστῶτι.
394 1231 441 1257 καὶ
464 1230 597 1265 μέλλοντι.
614 1228 717 1255 Οὐκοῦν
730 1228 759 1254 ὲν
772 1227 856 1263 τρίτῳ
873 1226 902 1252 τὸ
918 1227 962 1252 τὲ-

174 1278 228 1309 ).ος.
252 1277 435 1312 Ἐπιδημῆσαί
457 1285 488 1309 γε
505 1275 557 1311 μὴν
574 1275 619 1301 τὸν
639 1274 756 1310 Χριστὸν
782 1275 811 1299 ὲν
839 1273 961 1308 ἐσχάτοις

175 1322 221 1348 τοῦ
236 1322 333 1353 αίὼνος
349 1323 464 1356 καιροῖς,
481 1323 495 1356 ἡ
509 1321 567 1346 θεία
582 1319 656 1353 λέγει
666 1319 771 1354 Γραφή.
789 1317 962 1344 Κατακολου-

176 1367 261 1404 θήσας
275 1367 389 1394 τοίνυνὸ
402 1366 509 1401 Ἰσραὴλ
521 1366 564 1392 διὰ
578 1365 662 1400 νόμου
679 1365 718 1399 τῷ
736 1363 805 1399 Θεῷ,
821 1364 867 1390 καὶ¹
883 1363 962 1398 μέχρι

175 1413 228 1439 τῶν
242 1413 345 1448 χρόνων
362 1413 410 1446 τῆς
430 1411 476 1437 τοῦ
495 1411 620 1445 Σωτῆρος
636 1409 713 1444 ἡμῶν
734 1408 891 1443 ἐπιδημίας.
912 1408 962 1434 οὐκ

174 1458 289 1494 ἠθέλησε
305 1457 348 1483 διὰ
368 1457 417 1490 τῆς
435 1456 553 1485 πίστεως
567 1453 746 1489 ἀκολουθῆσαι
763 1451 884 1488 Χριστῷ,
895 1451 962 1486 πρὶς

174 1504 222 1530 τὸν
243 1504 314 1538 ὑπὲρ
338 1502 446 1528 πάντων
472 1500 644 1528 ἀναϐαίνοντι
668 1499 793 1528 θάνατον.
811 1497 910 1532 μᾶλλον
935 1496 962 1522 δὲ

177 1550 224 1576 καὶ
244 1549 396 1575 κεκώλυται
411 1543 455 1574 διὰ
479 1547 579 1576 πολλὰς
599 1545 746 1581 ἁμαρτίας.
762 1544 893 1578 Πώριυσις
908 1542 963 1577 γὰρ

176 1597 230 1623 ἀπὸ
253 1596 353 1631 μέρους
368 1595 464 1628 γέγονε
484 1593 524 1628 τῷ
549 1593 674 1628 Ἰσραήλ·
699 1591 759 1626 ἥτις
774 1590 818 1616 διὰ
833 1590 882 1624 τῆς
902 1590 962 1616 ὄνου

1015 1598 1091 1621 num,
1110 1590 1157 1624 qui
1170 1590 1278 1616 famulis
1292 1589 1397 1616 aderat.
1419 1590 1559 1625 Siquidem
1571 1592 1666 1619 asinus
1675 1597 1802 1620 extremm
1846 1623 1851 1628 ,

177 1641 337 1676 σημαίνεται
347 1640 395 1675 τῆς
405 1641 460 1670 τοῖς
470 1639 590 1668 οἰκέταις
606 1635 739 1670 συνούσης
750 1635 820 1662 τότε.
840 1635 963 1668 Ἀλογῐας

176 1688 230 1723 γὰρ
249 1687 335 1722 ὴὸνος
344 1687 392 1720 τῆς
407 1685 524 1720 ἐσχάτης
545 1682 626 1710 εἰκών
636 1691 642 1698 ·
663 1682 774 1716 ἀλογίας
788 1681 816 1707 δὲ
836 1681 930 1707 τέκνον
947 1681 963 1715 ἡ

176 1731 314 1767 πώρωσις.
336 1731 373 1756 Τὸ
395 1731 435 1763 δὲ,
453 1729 507 1756 τῶν
528 1729 641 1756 οἰκετῶν
662 1726 890 1761 ἀπονοσξίξεσθαι
915 1726 964 1761 μὲν

177 1779 224 1805 καὶ
245 1778 397 1813 ἀναχωρεῖν
420 1777 478 1812 ἅμα
495 1776 534 1812 τῷ
554 1775 604 1811 υἰῷ
625 1775 671 1801 τὸν
687 1774 803 1809 πατέρα,
823 1773 860 1804 ὡς
876 1772 904 1798 δὲ
919 1772 964 1798 καὶ

174 1825 216 1856 είς
231 1821 308 1854 αὖθις
326 1822 456 1857 ἐπανήξει
473 1822 563 1856 λέγειν
576 1830 582 1836 ·
601 1822 631 1856 (ι
644 1820 714 1854 Ἐγὼ
734 1819 797 1854 γὰρ,
820 1818 896 1853 φησι,
919 1817 965 1844 καὶ

175 1868 207 1894 τὸ
224 1867 366 1902 παιδάριον
387 1866 579 1901 διελευσόμεθα
596 1866 647 1896 ἕως
667 1862 729 1896 ὦδε,
744 1864 789 1890 καὶ
811 1863 966 1898 προσκυνή-

177 1922 274 1945 σαντες
295 1913 500 1948 ἀναστρέφομεν
527 1912 596 1947 πρὺς
621 1911 714 1946 ὑμᾶς,)
732 1920 740 1936 ι
765 1909 893 1945 σημαίνει
916 1908 965 1943 τὴν

177 1960 346 1996 πρόσκαιρον
367 1959 539 1995 ἀναχώρησιν
558 1958 604 1985 τοῦ
625 1957 692 1984 θεοῦ
716 1956 764 1992 τὴν
778 1957 809 1982 ὲκ
824 1955 878 1982 τῶν
901 1954 965 1980 υἱῶν

184 2005 303 2042 Ἰσραὴλ,
320 2005 366 2031 καὶ
382 2005 431 2040 τὴν
453 2005 499 2031 ἐπὶ
512 2004 583 2031 τέλει
604 2003 658 2030 τῶν
679 2002 784 2030 αίώνων
807 2002 849 2028 ἐπ’
867 2000 965 2031 αὐτοὺς

177 2051 312 2086 ἐσομένην
332 2051 517 2085 ὑποστροφὴν,
534 2050 578 2076 διὰ
593 2050 643 2084 τῆς
660 2050 699 2080 εἰς
714 2048 830 2084 Χριστὺν
848 2047 966 2076 πίστεως

177 2097 400 2132 ἐπιτελουμένην.
418 2098 502 2123 ’Ὁταν
521 2097 576 2132 γὰρ
595 2096 624 2122 τὸ
646 2095 783 2130 πλήρωμα
801 2094 855 2120 τῶν
881 2092 965 2120 ἐθνῶν

177 2144 298 2180 εισέλθῃ,
313 2143 374 2170 ’τότε
398 2143 451 2174 πᾶς
472 2142 580 2177 Ἰσραὴλ
597 2142 758 2177 σωθήσεται,
774 2141 810 2166 Τὸ
823 2140 851 2166 δὲ
870 2140 907 2175 μὴ
921 2139 966 2165 λέ-

177 2198 237 2224 γειν
256 2189 305 2224 μὲν
322 2188 446 2224 ἐναργῶς
462 2188 508 2214 τὸν
524 2188 656 2223 μακάριον
676 2186 810 2223 Ἀϐραὰμ,
823 2186 864 2211 ὅτι
877 2185 966 2211 θύσων

176 2237 265 2263 ἄνεισι
280 2235 325 2262 τὸν
349 2235 418 2265 υἱὸν,
436 2234 573 2270 πρόιρασιν
590 2234 617 2260 δὲ
630 2233 724 2267 ὥσπερ
741 2233 781 2265 τὸ,
799 2242 807 2257 ι
828 2232 901 2263 Ἕως
914 2229 964 2257 ὧδε

175 2278 381 2313 διελευσόμεθα.
401 2288 410 2304 ι
423 2277 525 2308 λαϐεῖν,
538 2279 650 2312 σημεῖον
662 2276 694 2304 ἂν
705 2277 809 2311 γένοιτο
824 2276 908 2308 σαφὲς
919 2274 965 2301 τοῦ

179 2325 218 2361 μὴ
230 2325 408 2352 πεπιστεῠθαι
422 2325 477 2356 τοῖς
495 2323 629 2350 Ἰουδαίων
645 2322 719 2353 λαοῖς
735 2322 765 2348 τὸ
778 2320 896 2356 Χριστοῦ
914 2328 965 2355 μυ-

179 2372 299 2407 στήριον.
319 2371 374 2398 Καὶ
392 2369 494 2406 ἀληθὴς
510 2370 575 2405 ἡμῖν
588 2366 612 2395 ’ό
633 2368 698 2404 περὶ
723 2367 817 2394 τούτου
842 2367 965 2400 φανεῖται

176 2417 269 2451 λόγος,
292 2418 356 2444 ὅταν
374 2417 473 2451 ἴδωμεν
495 2415 540 2442 τὸν
560 2414 662 2450 Ἰησοῦν
687 2412 890 2449 προσλαλοῦντα
917 2411 965 2446 μὲν

185 2463 321 2494 Ἰουδαίοις
338 2463 374 2494 ὡς
399 2463 427 2488 ὲν
454 2461 621 2496 παραϐολαῖς
650 2460 697 2486 καὶ
727 2459 759 2485 δι’
787 2457 966 2492 αἰνιγμάτων,

177 2508 295 2542 λέγοντα
315 2508 344 2533 δὲ
358 2507 405 2533 καὶ
423 2507 490 2541 πρὸς
507 2506 568 2536 τοὺς
583 2504 678 2530 ἑαυτοῦ
696 2503 817 2539 μαθητάς
828 2511 834 2518 ο
854 2511 863 2528 ι
890 2501 967 2536 Ὑμῖν

178 2553 283 2580 δέδοται
299 2552 399 2587 γνῶναι
413 2553 446 2578 τὰ
461 2551 597 2586 μυστήρια
611 2550 660 2585 τῆς
677 2548 815 2583 βασιλείας
825 2547 872 2573 τοῦ
887 2547 966 2578 Θεοῦ,

177 2600 236 2630 τοῖς
252 2598 279 2625 δὲ
296 2598 401 2629 λοιποῖς
412 2598 439 2623 ἐν
457 2595 635 2631 παραϐολαῖς.
655 2604 663 2620 I
682 2594 718 2620 Τὸ
732 2594 760 2620 δέ
772 2602 803 2627 γε
814 2592 967 2627 παιδάριον,

179 2645 330 2676 τουτέστιν,
349 2644 363 2669 ὁ
384 2642 486 2672 Ἰσαὰκ,
504 2643 560 2673 τοῖς
577 2641 627 2675 τῆς
646 2640 854 2670 ὁλοκαυτώσεως
880 2638 968 2671 ξύλοις

179 2688 391 2725 κατεφορτίξετο
409 2689 454 2715 διὰ
469 2688 558 2723 χειρὸς
576 2687 622 2714 τοῦ
637 2687 749 2721 πατρὸς,
762 2687 807 2712 καὶ
822 2685 903 2720 μέχρι
915 2685 968 2710 τῶν

178 2736 229 2771 τῆς
251 2735 346 2766 θυσίας
363 2734 517 2768 ἀφικνεῖται
536 2733 636 2759 τόπων,
657 2730 827 2765 Ἐπωμάδιον
846 2730 901 2765 γὰρ
923 2731 968 2755 τὸν

178 2784 279 2809 οἰκεῖον
301 2781 394 2816 φέρων
424 2780 549 2815 σταυρὸν,
575 2778 628 2811 ἔξω
654 2777 704 2812 τῆς
736 2777 822 2812 πύλης
839 2775 938 2802 ἔπαθεν
954 2777 968 2802 ὁ

195 2840 220 2855 ί·
240 2839 309 2866 Pal.
333 2846 460 2869 |.K\‘-\‘\'lll,
475 2837 500 2863 8.
540 2837 562 2852 ⁶⁹
579 2835 666 2863 Galat.
682 2843 718 2866 tv,
741 2834 782 2862 l9.

823 2834 846 2850 το
861 2833 928 2860 Gen.
946 2834 1051 2867 “11,5.
1073 2834 1094 2849 ⁷·
1111 2834 1190 2867 Rom,
1204 2843 1240 2867 χι,
1253 2835 1298 2863 26.

1011 953 1082 976 ctam
1101 953 1202 976 terram
1231 948 1466 981 conscenderent,
1487 953 1515 976 at
1536 950 1628 984 potius
1651 951 1720 986 jussi
1744 951 1799 979 sint

1011 999 1107 1026 sedere
1124 998 1161 1024 ibi
1174 1005 1235 1024 eum
1249 997 1337 1029 asino,
1348 997 1418 1024 duos
1429 997 1543 1032 populos
1552 1005 1601 1032 per
1617 998 1703 1033 legem
1713 999 1799 1026 Deum

1011 1048 1156 1079 sequentes
1170 1043 1312 1078 signiﬁcat,
1331 1044 1364 1070 ad
1382 1043 1493 1070 tertium
1511 1047 1619 1078 tempus
1629 1052 1726 1079 usque,
1748 1046 1800 1074 hoc

1011 1094 1062 1122 est,
1078 1095 1258 1124 postremum,
1284 1089 1312 1116 in
1334 1097 1390 1124 quo
1414 1089 1494 1117 nobis
1511 1090 1638 1124 apparuit
1663 1090 1799 1119 Christus.

1012 1136 1113 1163 Tribus
1133 1136 1206 1162 enim
1224 1136 1394 1170 temporibus
1408 1136 1568 1163 universum
1591 1137 1720 1164 sacculum
1742 1145 1800 1165 me-

1012 1182 1107 1214 timur,
1133 1181 1281 1216 prazterito,
1310 1182 1431 1216 inquam,
1455 1182 1592 1217 praesenti,
1611 1186 1639 1209 et
1652 1182 1755 1210 futuro.
1771 1183 1800 1210 in

1013 1227 1094 1254 tertio
1114 1227 1198 1262 igitur
1219 1232 1340 1262 tempore
1359 1228 1421 1254 finis
1433 1227 1613 1262 signiﬁcatur.
1628 1228 1742 1256 Venisse
1754 1237 1802 1256 au-

1013 1278 1067 1300 tem
1086 1273 1224 1300 Christum
1240 1273 1268 1299 in
1286 1273 1390 1300 ultimis
1405 1273 1497 1300 smeuli
1515 1273 1686 1308 temporibus
1710 1274 1801 1301 divina

1013 1319 1155 1354 Scriptura
1176 1320 1223 1346 ait.
1241 1319 1358 1346 Secutus
1371 1327 1436 1354 ergo
1450 1319 1532 1347 Israel
1549 1320 1634 1347 Deum
1653 1328 1702 1354 per
1715 1321 1800 1356 legem

1013 1365 1095 1391 etiam
1114 1372 1201 1399 usque
1213 1364 1247 1391 ad
1261 1368 1381 1398 tempora
1395 1364 1527 1392 adventus
1542 1365 1629 1391 nostri
1643 1364 1800 1397 Salvatoris,

1013 1410 1102 1437 noluit
1124 1417 1173 1444 per
1193 1408 1273 1435 fidem
1292 1409 1369 1444 sequi
1389 1409 1539 1442 Christum,
1566 1410 1599 1437 ad
1616 1413 1734 1437 mortem
1752 1418 1801 1445 pro

1015 1455 1143 1482 omnibus
1170 1454 1339 1481 subeundam
1365 1454 1528 1486 venientem,
1552 1455 1607 1481 imo
1623 1463 1690 1482 vero
1706 1455 1801 1490 prohi-

1014 1499 1089 1526 bitus
1109 1503 1151 1526 cst
1164 1499 1198 1526 ob
1215 1503 1390 1533 peccatorum
1411 1492 1625 1528 multitudinem.
1655 1501 1802 1529 lnduratus

1014 1546 1088 1573 enim
1103 1549 1144 1573 est
1155 1553 1186 1572 ex
1205 1550 1280 1580 parte
1303 1545 1384 1572 lsrael
1398 1555 1404 1571 :
1417 1546 1490 1580 quod
1503 1546 1671 1581 significatur
1685 1555 1734 1582 per
1746 1548 1802 1575 asi-

1016 1635 1232 1663 irrationalitatis
1246 1640 1288 1662 est
1303 1639 1390 1669 typus.
1412 1636 1629 1664 lrrationalitatis
1646 1645 1712 1664 vero
1731 1638 1803 1666 fetus

1014 1686 1057 1709 est
1076 1681 1230 1708 obduratio.
1250 1681 1328 1714 Quod
1349 1690 1414 1709 vero
1438 1690 1453 1709 a
1476 1682 1586 1710 famulis
1608 1688 1761 1718 separetur,
1775 1689 1804 1712 et

1015 1736 1070 1755 una
1087 1735 1153 1755 cum-
1167 1727 1222 1754 ﬁlio
1244 1727 1373 1755 succedat
1389 1733 1476 1762 pater,
1498 1728 1627 1764 quodque
1649 1737 1745 1757 rursus
1758 1738 1802 1758 re-

1014 1782 1158 1801 versurum
1175 1781 1203 1800 se
1216 1773 1288 1800 dicat
1303 1783 1309 1800 :
1333 1774 1402 1809 «Ego
1413 1774 1496 1805 enim,
1508 1783 1517 1799 ι
1536 1774 1636 1809 inquit,
1656 1784 1665 1800 ‹
1679 1779 1708 1803 et
1724 1783 1803 1810 puer.

1016 1820 1193 1851 transibimus
1208 1828 1294 1855 usque
1310 1820 1375 1852 huc,
1388 1825 1415 1848 et
1430 1825 1575 1855 postquam
1585 1822 1802 1855 adoraverimus,

1015 1865 1166 1892 redibimus
1186 1865 1220 1892 ad
1244 1873 1292 1892 vos
1312 1865 1345 1897 7°,
1364 1875 1372 1890 ι
1395 1865 1530 1901 signiﬁcat
1546 1868 1737 1902 temporariam
1756 1868 1805 1896 Dei

1016 1918 1031 1936 a
1048 1909 1109 1937 ﬁliis
1125 1910 1207 1937 Israel
1224 1911 1435 1945 scparationem,
1461 1915 1489 1938 et
1513 1912 1541 1938 in
1569 1913 1805 1942 consummatione

1016 1955 1177 1990 saeculorum
1197 1955 1315 1982 reditum
1336 1955 1370 1982 ad
1388 1956 1460 1990 ipsos
1478 1957 1600 1984 futurum
1617 1965 1666 1992 per
1678 1958 1760 1986 ﬁdem
1777 1960 1805 1987 in

1016 2002 1165 2030 Christum.
1190 2001 1303 2034 Quando
1331 2001 1405 2029 enim
1435 2003 1598 2037 «plenitudo
1618 2004 1741 2038 gentium
1761 2006 1805 2033 in-

1016 2056 1109 2084 gressa
1132 2047 1228 2080 fuerit,
1257 2051 1322 2075 tunc
1346 2048 1437 2075 omnis
1462 2048 1545 2076 Israel
1565 2049 1716 2077 salvabitur
1739 2051 1772 2076 '“.
1792 2059 1801 2076 )

1016 2093 1093 2127 Quod
1105 2101 1171 2121 vero
1183 2093 1279 2120 beatus
1291 2093 1429 2121 Abraham
1441 2101 1497 2120 non
1509 2097 1602 2128 aperte
1621 2094 1704 2127 dicat,
1724 2103 1754 2122 se
1771 2096 1804 2123 ad

1017 2139 1225 2167 sacriﬁcandum
1242 2139 1327 2166 filium
1348 2148 1427 2167 suum
1446 2140 1643 2172 conscendere,
1660 2141 1707 2168 sed
1723 2149 1804 2169 occa—

1017 2186 1121 2213 sionem
1146 2189 1277 2220 praetexat
1299 2195 1304 2212 :
1337 2195 1346 2211 ‹
1367 2186 1555 2214 Transibimus
1583 2194 1669 2221 usque
1694 2187 1747 2215 huc
1766 2189 1800 2220 ;ἰ

1019 2231 1161 2258 manifeste
1178 2229 1313 2264 signiﬁcat
1327 2231 1482 2259 Iudaeorum
1496 2232 1611 2267 populos
1628 2231 1731 2259 Christi
1745 2240 1804 2268 my-

1019 2278 1104 2304 sterio
1121 2277 1202 2305 ﬁdem
1220 2286 1275 2305 non
1292 2277 1459 2305 adhibuisse.
1477 2277 1511 2304 Et
1526 2286 1608 2305 verus
1624 2278 1734 2313 quidem
1753 2279 1805 2306 hac

1019 2324 1052 2350 de
1071 2331 1100 2350 re
1116 2331 1207 2351 sermo
1226 2324 1306 2351 nobis
1317 2323 1465 2356 videbitur,
1479 2331 1541 2350 cum
1557 2323 1699 2352 videamus
1711 2324 1804 2352 Jesum

1018 2369 1136 2401 Judzeos,
1161 2369 1247 2396 veluti
1273 2370 1300 2396 in
1325 2369 1472 2404 parabolis,
1496 2369 1761 2406 alloquentem,86
1777 2376 1805 2398 et

1020 2421 1068 2448 per
1093 2414 1194 2449 ﬁguras
1209 2423 1217 2447 ς
1236 2414 1270 2441 ad
1293 2414 1444 2449 discipulos
1461 2419 1553 2441 autem
1568 2423 1633 2442 suos
1646 2416 1802 2444 dicentem:

1021 2469 1029 2485 ι
1047 2459 1131 2486 Vobis
1146 2460 1239 2486 datum
1254 2464 1295 2486 est
1310 2467 1390 2487 nosse
1413 2460 1542 2496 mysteria
1562 2462 1638 2496 regni
1658 2462 1717 2494 Dei,
1739 2462 1805 2490 reli-

1016 2506 1079 2540 quis
1101 2513 1167 2532 vero
1194 2506 1222 2532 in
1244 2505 1382 2540 parabolis
1402 2507 1435 2533 ⁷².
1454 2516 1463 2532 ι
1492 2506 1563 2534 Puer
1587 2515 1662 2540 vero,
1685 2508 1737 2536 hoc
1751 2513 1804 2541 est,

1017 2550 1102 2582 lsaae,
1121 2551 1204 2586 lignis
1222 2551 1255 2578 ad
1272 2550 1438 2578 sacrificium
1450 2552 1616 2579 onerabatur
1629 2561 1678 2588 per
1693 2562 1803 2581 manum

1018 2596 1113 2630 patris,
1132 2603 1160 2624 et
1178 2604 1264 2631 usque
1279 2596 1312 2623 ad
1331 2597 1420 2624 locum
1437 2598 1563 2626 sacriﬁcii
1578 2599 1711 2634 procedit.
1723 2600 1804 2627 Chri-

1020 2645 1078 2668 stus
1096 2642 1169 2668 enim
1190 2641 1328 2676 propriam
1350 2649 1458 2670 crucem
1472 2644 1595 2672 humeris
1611 2649 1720 2680 gestans
1729 2651 1805 2673 extra

1019 2691 1124 2722 portam
1150 2695 1246 2721 passus
1269 2692 1320 2719 cst,
1343 2695 1397 2715 non
1420 2688 1540 2717 humana
1558 2690 1585 2717 vi
1600 2691 1634 2717 ad
1650 2690 1804 2725 passionem

1019 2737 1139 2763 coactus,
1164 2732 1211 2759 sed
1235 2741 1268 2759 ex
1289 2733 1398 2767 propria
1427 2734 1566 2762 voluntate
1583 2740 1611 2762 et
1629 2735 1739 2762 decreto
1757 2735 1804 2762 Dei

1019 2784 1051 2804 ac
1076 2777 1174 2809 Patris,
1193 2778 1270 2813 juxta
1291 2777 1317 2804 id
1338 2778 1410 2813 quod
1428 2779 1485 2814 ipse
1501 2780 1599 2807 Pontio
1617 2780 1703 2810 Pilato
1718 2779 1803 2809 dixit:

1339 2837 1360 2851 τ’
1373 2836 1467 2863 Matth.
1480 2844 1536 2869 xm,
1550 2837 1579 2863 il
