1990 3050
167 123 227 151 “'5'

682 123 710 151 S.
731 123 869 152 CYR‘HLI
888 121 1124 151 ALEXANDNNI
1144 121 1304 151 ARCHIEP.

1750 126 1800 154 Hb

170 191 179 207 ι
200 181 261 209 Νοιι
279 181 395 209 haberes
411 181 544 210 adversns
561 189 604 209 me
621 186 784 218 potestatem
797 183 889 215 ultam,
906 182 958 210 nisi

1018 181 1138 217 Κριστδς,
1152 181 1202 208 οὐκ
1221 181 1250 214 ἐξ
1265 180 1440 216 ἀνθρωπίνης
1462 179 1551 216 ἰσχύος
1565 180 1744 217 βεϐιασμένος
1760 183 1800 215 είς

168 228 230 255 data
246 227 296 255 tibi
312 232 386 256 esset
396 228 515 264 desuper
529 229 563 255 ”.
578 238 587 254 ι
606 228 754 264 lmpositus
768 233 859 256 autem
878 228 960 264 lignis

168 274 252 307 lsaac,
273 281 288 302 a
300 280 396 302 -morte
417 280 445 303 ct
463 275 589 310 passione
607 275 747 302 eximitur.
766 275 844 302 Aries
864 282 930 303 vero
945 282 960 301 a

169 320 224 347 Deo
248 319 329 348 datus
351 321 380 348 in
402 321 569 348 sacriﬁcium
594 320 727 348 ascendit.
748 321 814 348 Erat
828 320 902 348 enim
915 328 960 348 re—

168 373 231 393 vera
257 366 331 401 quod
357 374 391 394 ex
412 367 531 395 essentia
554 367 603 394 Dei
625 374 657 394 ac
678 367 767 394 Patris
786 370 876 394 ortum
901 370 961 395 erat

168 411 290 439 Verbum
299 412 327 439 in
336 412 447 447 proprio
461 413 571 448 templo,
583 412 655 448 quod
664 420 697 440 ex
705 412 826 448 Virgine,
837 413 959 448 inquam,

168 457 250 484 ctiam
269 457 344 492 ligno
365 457 453 485 aﬂixo.
477 458 617 486 Exsistens
630 465 695 485 vero
708 462 738 485 ut
756 458 838 492 Deus,
852 458 962 494 impati-

162 502 231 532 bilis
245 507 273 531 ct
293 504 466 543 immortalis,
493 512 508 532 a
533 508 623 531 morte
642 508 670 531 ct
690 504 816 540 passione
839 505 961 541 scipsum

167 549 278 577 exemit.
300 549 435 577 Ascendit
457 554 548 577 autem
569 550 597 577 in
619 550 732 578 odorem
750 551 892 579 suavitatis
906 552 962 580 Deo

162 602 200 622 ac
213 595 287 622 Patri
301 603 350 630 per
364 596 508 630 proprium
528 603 640 631 corpus,
659 596 733 632 quod
748 597 806 632 ipse
823 598 962 633 accepisse

162 641 270 669 dicitur
295 650 310 668 a
331 642 420 673 Patre,
443 643 520 678 juxta
538 642 565 670 id
583 643 657 678 quod
678 643 706 670 in
724 643 839 671 Psalmis
857 644 962 672 dictum

167 691 219 720 est,
237 688 322 715 veluti
336 688 370 715 ab
385 689 444 724 ipso
458 698 464 715 :
482 699 491 714 ι
509 689 679 717 Sacriﬁcium
690 694 718 718 et
732 690 899 719 oblationem
911 699 961 718 no-

168 733 242 760 luisti
256 741 262 759 :
278 740 378 768 corpus
397 737 488 761 autem
506 734 645 769 perfecisti
662 735 741 768 mihi,
763 736 922 764 holocausta
935 740 963 764 et

168 787 218 813 pro
231 783 343 814 peccato
358 788 413 807 non
431 781 586 816 postulasti.
604 781 681 809 Tunc
696 782 751 810 dixi
765 791 770 809 :
787 783 857 810 Ecce
870 783 960 810 venio.

168 826 197 852 ln
217 826 305 861 capite
320 826 384 854 libri
401 827 535 862 scriptum
548 832 591 855 est
605 828 639 856 de
656 836 710 862 me,
724 829 760 857 Ut
779 829 898 857 facerem
914 837 962 857 vo-

168 871 300 899 luntatem
316 878 401 905 tuam,
420 873 493 900 Deus
508 881 597 906 meus,
614 874 689 901 volui
712 875 744 901 ⁷⁸.
763 884 772 900 ›
795 874 874 908 Quod
895 883 962 903 vero
979 866 999 893 Β

166 923 229 952 qua:
241 917 268 944 in
287 917 413 950 historia,
427 926 509 954 quam
524 927 581 954 prae
592 920 721 947 manibus
731 919 876 953 habemus,
894 928 961 948 con-

170 963 302 996 tinentur,
323 964 437 999 pulchre
456 965 603 993 admodum
628 965 662 993 ad
677 965 818 994 Christum
838 965 962 994 referan-

171 1015 225 1042 tur,
252 1009 404 1037 testabatur
426 1011 485 1046 ipse
511 1011 606 1038 dicens
620 1020 627 1038 :
645 1021 654 1037 ι
668 1011 698 1039 ln
713 1012 802 1047 capite
818 1012 882 1040 libri
893 1013 963 1040 scri-

171 1060 247 1091 ptum
264 1059 307 1083 est
326 1055 359 1084 de
377 1063 446 1084 me.»
466 1057 566 1084 Totum
585 1057 658 1085 enim
677 1058 776 1093 Moysis
791 1058 919 1086 volumen
935 1059 963 1087 in

170 1103 291 1138 quinque
311 1103 397 1131 libros
415 1108 457 1131 est
468 1104 610 1139 partitum.
624 1104 712 1139 Caput
725 1108 816 1133 autem
828 1105 964 1140 quodam-

170 1149 252 1177 modo
272 1153 299 1177 ct
318 1149 484 1185 principium
506 1150 590 1177 totius
607 1150 755 1178 voluminis
779 1156 821 1179 est
847 1152 963 1185 Genesis,

171 1195 198 1222 in
223 1203 276 1230 qua
293 1195 351 1223 haec
366 1196 400 1223 de
418 1204 452 1223 eo
471 1196 572 1231 scripta
590 1200 663 1224 sunt.
679 1195 758 1230 Quod
773 1205 839 1225 vero
854 1205 963 1225 rursum

170 1245 260 1276 caput,
281 1241 309 1268 in
329 1241 414 1268 sacris
430 1240 524 1270 Libris
539 1242 706 1277 principium
723 1243 868 1278 signiﬁcet,
884 1244 964 1272 facile

172 1287 328 1315 constiterit
344 1288 381 1320 ei,
396 1288 444 1323 qui
460 1287 526 1315 illud
542 1296 557 1315 a
571 1288 656 1316 Paulo
669 1288 774 1316 dictum
787 1289 963 1318 intellexerit:

176 1342 184 1356 ι
205 1332 273 1366 Quia
286 1333 376 1360 omnis
395 1333 447 1360 viri
470 1337 553 1368 caput
569 1337 611 1360 est
623 1332 761 1366 Christus,
777 1339 860 1369 caput
873 1339 964 1363 autem

172 1379 297 1407 mulieris
316 1380 372 1412 vir,
390 1385 473 1415 caput
491 1383 583 1406 autem
599 1379 712 1412 Christi,
730 1380 802 1408 Deus
814 1381 847 1407 "'.
862 1390 870 1406 ι
887 1381 966 1408 Prin-

171 1425 274 1460 cipium
297 1425 371 1453 enim
397 1425 450 1452 viri
472 1430 514 1452 est
538 1423 675 1456 Christus,
690 1424 791 1460 quippe
810 1425 856 1460 qui
873 1433 936 1452 eum
950 1432 966 1452 a

172 1478 227 1498 non
249 1478 310 1498 esse
322 1471 356 1498 ad
380 1478 441 1498 esse
456 1469 626 1506 perduxerit.
641 1469 809 1504 Principium
822 1478 889 1497 vero
903 1478 966 1497 rur-

172 1525 220 1545 sus
244 1517 367 1545 mulieris
388 1517 440 1551 vir,
469 1520 580 1552 propter
603 1515 631 1542 id
656 1515 730 1550 quod
753 1515 856 1543 dictum
871 1520 922 1549 est,
938 1521 966 1544 et

171 1571 237 1591 vere
252 1563 354 1591 factum
367 1572 373 1590 :
389 1573 398 1588 ι
413 1562 474 1598 Ipsa
484 1561 628 1589 vocabitur
644 1561 753 1594 mulier,
772 1562 835 1596 quia
854 1570 888 1589 ex
906 1561 967 1589 viro

1010 227 1042 254 τὸ
1056 226 1164 259 παθεῖν,
1176 227 1233 254 ἀλλ’
1249 227 1281 253 ὲκ
1297 226 1449 262 θελήματος
1463 227 1574 260 οἰκείου,
1587 226 1635 253 καὶ
1645 227 1742 261 βουλῆς
1754 227 1800 255 τοῦ

1011 273 1078 300 Θεοῦ
1096 274 1144 300 καὶ
1162 274 1280 310 Πατρὸς,
1299 273 1369 300 κατὰ
1380 273 1411 300 τὸ
1426 273 1570 309 εἰρημένον
1588 274 1653 309 παρ’
1668 273 1751 302 αὑτοῦ
1763 274 1802 309 τῷ

1012 319 1117 356 Ποντίῳ
1130 320 1248 356 Πιλάτῳ,
1268 329 1277 346 ι
1298 319 1355 346 Οὐκ
1372 319 1444 355 ἔχεις
1457 320 1518 346 κατ’
1531 319 1599 355 ἐμοῦ
1614 319 1738 352 ἐξουσίαν
1754 320 1802 346 οὒ-

1010 366 1118 402 δεμίαν,
1131 367 1155 392 εί
1172 365 1210 401 μὴ
1219 364 1253 401 ἦν
1265 365 1407 401 δεδομένον
1423 374 1464 401 σοι
1487 365 1600 393 ἄνωθεν.
1620 375 1628 391 ι
1651 366 1802 398 Ἐπιτεθεὶς

1010 412 1038 438 δὲ
1047 413 1104 443 τοῖς
1117 411 1207 445 ξύλοις
1220 411 1235 438 6
1258 410 1361 445 Ἰσαὰκ,
1378 411 1425 438 καὶ
1436 410 1484 438 τοῦ
1503 411 1619 438 θανάτου
1631 412 1678 439 καὶ
1690 411 1737 439 τοῦ
1750 420 1803 438 πα-

1011 458 1068 485 θεῖν
1079 458 1292 485 ὕποκλέπτεται.
1306 457 1392 493 Κριὸς
1402 457 1431 484 δὲ
1442 457 1483 490 είς
1493 457 1543 493 τὴν
1556 457 1651 484 θυσίαν
1661 457 1802 485 ἀναϐαίνει

1011 503 1161 536 θεόσδοτος.
1180 503 1236 531 Kal
1257 503 1312 539 γὰρ
1328 501 1362 539 ἦν
1386 503 1435 538 μὲν
1455 504 1539 535 ὅντως
1554 505 1568 530 ὀ
1589 504 1620 530 ὲκ
1639 503 1690 539 τῆς
1708 504 1803 535 οὐσίας

1010 549 1057 576 τοῦ
1081 550 1148 577 Θεοῦ
1169 550 1216 577 καὶ
1237 549 1344 585 Πατρὸς
1362 549 1525 584 ἀναλάμψας
1540 549 1625 584 Λόγος
1642 550 1672 577 ὲν
1690 549 1730 585 τῷ
1747 549 1805 584 ίδεῳ

1011 596 1078 632 ναῷ,
1101 596 1140 631 τῷ
1156 597 1188 623 ὲκ
1199 596 1351 631 Παρθένου,
1370 597 1453 631 φημὶ,
1478 596 1524 622 καὶ
1546 595 1748 631 προσηλωθέντι
1765 595 1805 630 τῷ

1013 643 1095 679 ξύλῳ.
1118 643 1269 678 ’Υπάρχων
1286 642 1315 669 δὲ
1328 642 1367 674 ὼς
1382 642 1449 674 Θεὸς
1464 641 1573 678 ἀπαθὴς
1594 642 1641 669 καὶ
1659 642 1803 675 ἀθάνατος,

1011 690 1059 717 καὶ
1074 689 1190 717 θανάτου
1203 689 1250 716 καὶ
1265 688 1369 720 πάθους
1381 689 1477 716 ἑαυτὸν
1491 688 1633 723 ὑπεξάγει.
1652 688 1804 715 ’Δναϐαίνει

1011 736 1039 763 δὲ
1057 737 1095 768 είς
1107 736 1196 772 ὀσμὴν
1208 736 1322 767 εὐωδίας
1340 735 1380 770 τῷ
1390 735 1449 771 Θεῷ
1461 736 1508 762 καὶ
1525 735 1613 770 Harp).
1624 734 1669 762 διὰ
1677 735 1723 761 τοῦ
1740 735 1804 762 ἰδίου

1013 781 1151 818 σώματος,
1172 783 1241 818 ὅπερ
1265 781 1346 814 αὐτὸς
1370 781 1509 817 εἰληφέναι
1533 781 1642 816 λέγεται
1666 781 1742 817 παρὰ
1757 781 1805 809 τοῦ

1013 829 1130 864 Πατρὸς,
1146 829 1217 856 κατὰ
1230 828 1260 856 τὸ
1274 829 1303 863 ἐν
1320 829 1447 865 Ψαλμοῖς
1462 829 1606 864 εἰρημένον
1619 828 1658 860 ὡς
1677 830 1742 865 παρ’
1754 829 1805 856 αὒ-

1013 874 1075 902 τοῦ·
1093 884 1102 901 ι
1121 875 1223 902 Θυσίαν
1234 875 1281 902 καὶ
1299 876 1458 911 προσφορὰν
1478 875 1529 902 οὐκ
1550 874 1697 910 ἠθέλησας,
1725 875 1806 911 σῶμα

1013 921 1041 948 δὲ
1056 921 1214 957 κατηρτίσω
1224 930 1280 956 μοι,
1295 921 1519 957 ὁλοκαυτώματα,
1529 921 1577 948 καὶ
1591 922 1655 957 περὶ
1667 922 1806 957 ἁμαρτίας

1013 967 1063 994 οὐκ
1079 967 1238 1002 εὐδόκησας.
1251 966 1318 994 τότε
1334 964 1421 993 εἷπον·
1442 966 1510 994 Ἰδοὺ
1523 967 1593 1002 ἥκω.
1617 967 1661 994 Ἐν
1681 967 1806 1002 κεφαλίδι

1015 1013 1119 1049 βιϐλίου
1133 1013 1290 1048 γέγραπται
1299 1013 1364 1048 περὶ
1375 1013 1441 1048 ἐμοῦ
1451 1021 1458 1028 ·
1470 1012 1523 1039 Τοῦ
1536 1013 1649 1048 ποιῆσαι
1659 1013 1689 1040 τὸ
1697 1013 1803 1049 θέλημά

1015 1068 1062 1086 σου
1083 1058 1248 1095 ἠϐουλήθην.
1276 1068 1285 1085 ι
1310 1059 1371 1086 Ὅτι
1388 1059 1416 1085 δὲ
1444 1058 1478 1085 τὰ
1500 1059 1531 1085 ὲκ
1555 1059 1606 1094 τῆς
1628 1059 1806 1096 προτεθείσης

1014 1105 1080 1141 ἡμῖν
1096 1105 1216 1140 ἱστορίας
1228 1104 1319 1136 καλῶς
1333 1105 1365 1139 δὴ
1380 1104 1441 1130 λίαν
1456 1105 1496 1135 εἰς
1513 1103 1630 1139 Χριστὸν
1647 1104 1808 1140 ἁνοισθήσε-

1014 1159 1070 1183 ται,
1083 1150 1256 1186 μαρτυρήσει
1267 1150 1348 1177 πάλιν
1362 1150 1442 1181 αὐτός
1459 1158 1508 1176 που
1520 1149 1607 1184 λέγων
1620 1159 1624 1164 ·
1644 1160 1652 1175 ι
1671 1149 1716 1177 Ἐν
1726 1159 1808 1185 κεφα-

1014 1196 1066 1223 λίδι
1089 1195 1192 1232 βιϐλίου
1219 1196 1375 1232 γέγραπται
1400 1196 1465 1232 περὶ
1486 1195 1563 1231 ἐμοῦ.
1593 1205 1602 1222 ι
1627 1196 1733 1223 Βιϐλίον
1752 1196 1807 1232 γὰρ

1015 1241 1185 1277 πενταμερὲς
1209 1241 1269 1268 ὅλον
1287 1241 1344 1268 ἐστὶ
1362 1241 1393 1268 τὸ
1416 1241 1541 1273 Μωσέως
1562 1241 1718 1276 σοφώτατον
1740 1241 1806 1276 σύγ-

1015 1295 1142 1322 γραμμα.
1173 1287 1287 1323 Κεφαλὴ
1306 1287 1333 1314 δὲ
1355 1287 1449 1324 ὥσπερ
1468 1288 1515 1314 καὶ
1540 1287 1612 1324 ἀρχὴ
1627 1287 1676 1314 τοῦ
1702 1287 1807 1323 βιϐλίου

1015 1333 1127 1366 παντὸς,
1145 1333 1160 1368 ἡ
1178 1333 1294 1368 ἐπίκλην
1315 1333 1452 1367 Γένεσις,
1470 1335 1500 1361 ὲν
1513 1331 1630 1372 ᾖταῦτα
1650 1335 1807 1371 γέγραπται

1016 1378 1080 1414 περὶ
1103 1378 1234 1414 Χριστοῦ.
1257 1379 1318 1406 Ὂτι
1340 1379 1368 1406 δὲ
1385 1379 1467 1406 πάλιν
1482 1379 1498 1416 ή
1517 1379 1635 1415 κεφαλὴ
1653 1379 1702 1416 τὴν
1720 1380 1808 1416 ἀρχὴν

1017 1424 1092 1460 παρὰ
1107 1425 1167 1456 ταῖς
1180 1424 1267 1457 θείαις
1281 1425 1409 1461 σημαίνει
1423 1425 1556 1461 Γραφαῖς,
1574 1426 1808 1464 πληροφορηθήσῃ

1017 1470 1119 1503 καλῶς,
1127 1471 1214 1498 ἐκεῖνο
1226 1471 1411 1507 συνιεὶς,ὅπερ
1421 1471 1547 1504 ὀΠαῦλος
1559 1480 1642 1507 φησιν
1654 1481 1660 1488 ·
1677 1482 1685 1497 ι
1693 1464 1808 1508 Ὂτιᾶιερ

1018 1517 1120 1549 παντὸς
1139 1517 1234 1553 ἀνδρὸς
1245 1518 1261 1554 ή
1274 1518 1392 1553 κεφαλὴ,
1405 1518 1418 1544 6
1427 1518 1549 1554 Χριστὸς
1563 1518 1767 1554 summm-zeum
1780 1519 1808 1545 δὲ

1021 1563 1163 1599 γυναικὸς,
1172 1564 1271 1600 ὀάνήρ.
1284 1564 1398 1598 Κεφαλή
1408 1564 1436 1591 δὲ
1450 1564 1581 1600 Χριστοῦ,
1592 1564 1705 1597 ὀΘεός.»
1724 1565 1808 1600 Ἀρχὴ

173 1609 260 1644 ipsius
279 1612 418 1643 assumpta
433 1612 475 1634 est
492 1607 525 1633 ⁷⁸.
544 1616 553 1632 ι
575 1606 677 1634 Christi
694 1611 785 1634 autem
800 1607 965 1642 principium

1022 1609 1072 1645 μὲν
1089 1609 1143 1645 γὰρ
1153 1609 1200 1636 τοῦ
1221 1608 1317 1645 ἀνδρὸς
1331 1610 1345 1636 6
1360 1610 1477 1645 Χριστος
1487 1630 1494 1643 ,
1510 1609 1548 1641 ὡς
1567 1610 1600 1637 ἐκ
1615 1611 1661 1638 τοῦ
1680 1611 1718 1647 μὴ
1732 1611 1809 1643 ὗντος

169 1655 260 1682 .Deum
273 1654 361 1689 ipsum
377 1661 438 1680 esse
460 1652 515 1685 ait;
536 1652 672 1687 siquidem
690 1659 724 1679 ex
736 1652 796 1686 ipso
813 1652 965 1679 secundum

1020 1655 1060 1687 εἰς
1077 1655 1107 1681 τὸ
1125 1651 1195 1682 εἶναι
1211 1654 1399 1690 παρενεγκών.
1421 1654 1506 1690 ’Λρχὴ
1525 1654 1553 1681 δὲ
1569 1655 1650 1683 πάλιν
1671 1656 1744 1682 ἐστὶν
1759 1655 1808 1690 τῆς

175 1704 301 1727 naturam
327 1704 369 1726 est
393 1698 488 1731 Filius,
512 1702 540 1725 et
561 1697 726 1733 principium
751 1698 835 1725 habet
858 1698 965 1725 Patrem

1024 1700 1155 1735 γυναικος
1179 1701 1193 1727 6
1214 1700 1294 1736 ἀνὴρ,
1313 1700 1356 1727 διὰ
1373 1701 1403 1727 τὸ
1426 1701 1571 1737 εἰρημένον
1588 1709 1617 1727 τε
1630 1701 1676 1728 καὶ
1700 1701 1809 1737 ἀληθῶς

172 1746 312 1781 principio
330 1748 480 1777 carentem,
505 1744 560 1779 87
586 1743 753 1778 sempiterne
779 1743 881 1778 alioqui
905 1751 965 1771 cum

1024 1746 1231 1782 πεπραγμένον·
1256 1755 1265 1772 ι
1283 1745 1356 1782 Δῦτη
1380 1746 1548 1781 κληθήσεται
1568 1746 1647 1782 γυνὴ,
1660 1747 1701 1773 ὅτι
1714 1747 1746 1772 ὲκ
1761 1745 1808 1773 τοῦ

175 1793 237 1826 ipso
246 1791 428 1819 oocxsistens.

1022 1791 1118 1827 ἀνδρὸς
1140 1792 1225 1828 αὐτῆς
1249 1791 1364 1828 ἐλήφθη.
1381 1801 1391 1818 ι
1417 1792 1538 1828 Χριστοῦ
1555 1793 1585 1820 δὲ
1609 1793 1706 1828 ἀρχὴν,
1729 1791 1809 1819 αὐτὸν

176 1836 247 1865 εἷναί
259 1847 326 1872 φησι
348 1837 394 1864 τὸν
413 1836 491 1870 Θεὸν,
511 1836 627 1872 ἐπείπερ
644 1837 674 1870 ἐξ
694 1836 776 1864 αὐτοῦ
793 1836 865 1864 κατὰ
886 1836 966 1872 φύσιν
985 1837 1059 1864 ἐστὶν
1084 1839 1099 1865 6
1125 1838 1198 1871 Υἱὸς,
1217 1839 1263 1866 καὶ
1274 1839 1361 1875 ἀρχὴν
1372 1839 1488 1875 ἄναρχος
1503 1839 1558 1875 ἔχει
1573 1839 1618 1866 τὸν
1632 1839 1809 1876 γεννήσαντα,

178 1887 246 1923 μετὰ
259 1886 306 1913 καὶ
324 1885 370 1912 τοῦ
388 1885 570 1921 συνυπάρχειν
585 1885 679 1917 ἀῖδίως
697 1885 781 1921 αὐτῷ.

212 1934 238 1961 5.
259 1932 366 1969 Optime
395 1924 488 1969 igitur,
504 1940 563 1960 mea
590 1933 702 1968 quidem
729 1934 882 1966 sententia,
904 1934 970 1961 huic

178 1979 299 2009 historia:
318 1979 421 2007 Christi
445 1979 604 2014 mysterium
632 1979 892 2007 accommodabitur.
913 1981 969 2016 Ego

177 2035 244 2055 vero
258 2034 358 2054 censeo
375 2026 498 2053 divinum
512 2025 648 2053 Abraham
663 2033 769 2053 summe
785 2026 865 2053 nobis
880 2027 969 2054 admi-

179 2073 314 2105 randum,
343 2072 513 2106 summisque
540 2071 667 2098 laudibus
697 2071 867 2099 evehendum
894 2081 967 2106 esse;

1058 1936 1092 1967 γ’.
1113 1932 1229 1969 Ἀριστα
1245 1932 1293 1968 μὲν
1318 1930 1382 1964 οῦν,
1411 1932 1538 1967 καθάπερ
1552 1927 1669 1967 ἐγῷμαι,
1691 1932 1746 1964 τοῖς
1763 1932 1811 1967 τῆς

1024 1978 1143 2014 ίστορίας
1162 1978 1252 2012 λόγοις
1279 1978 1450 2014 ὲφήρμοσται
1473 1977 1503 2004 τὸ
1520 1978 1679 2013 μυστήριον.
1699 1976 1759 2013 Χρὴ
1771 1977 1810 2010 δὲ,

1023 2023 1111 2060 οἶμαι,
1124 2024 1215 2052 λοιπὸν
1231 2024 1342 2060 ἐξαισίῳ
1358 2023 1476 2060 θαύματι
1487 2022 1812 2059 κατακαλλύνεσθαιπρὸς

1023 2072 1102 2107 ἡμῶν
1126 2071 1171 2098 τὸν
1190 2071 1334 2098 θεσπέσιον
1366 2070 1507 2106 Ἁϐραάμ,
1523 2070 1570 2097 καὶ
1589 2071 1645 2102 τοῖς
1668 2070 1708 2102 είς
1728 2069 1812 2105 ἀκρον

181 2124 311 2155 praeterea
321 2118 406 2146 divini
420 2117 528 2145 artilicii
541 2117 754 2152 profunditatem
766 2123 892 2146 accurate
903 2126 965 2146 con-

1023 2117 1145 2149 ὲπαίνοις
1161 2117 1261 2143 εὐκλεᾶ
1275 2117 1331 2148 τοῖς
1350 2116 1505 2152 ἁπανταχοῦ
1521 2116 1569 2143 καὶ
1583 2115 1732 2152 περίοπτον
1747 2116 1813 2142 ἀνα-

180 2164 364 2193 siderandam.
377 2163 547 2191 Tentabatur
555 2163 628 2190 enim
639 2163 749 2190 divinus
758 2163 906 2197 Abraham,
915 2173 969 2192 non

181 2212 323 2247 ignorante
338 2210 393 2237 Deo
405 2213 533 2237 eventum
552 2208 590 2235 rei
608 2217 614 2234 :
630 2216 719 2243 neque
735 2209 807 2235 enim
821 2209 970 2244 quidquam

181 2258 264 2284 lateat
289 2260 408 2282 mentem
435 2254 558 2282 omnium
584 2253 731 2280 consciam.
759 2254 863 2282 idcirco
887 2254 970 2282 etiam

182 2303 254 2329 Deus
267 2300 336 2328 dixit
347 2309 359 2326 -:
378 2309 387 2324 ι
403 2299 470 2332 Quis
485 2303 528 2326 est
542 2298 598 2330 hic,
613 2298 660 2333 qui
674 2299 744 2326 celat
758 2307 801 2326 me
815 2300 969 2333 consilium,

183 2345 328 2374 continens
338 2349 428 2372 autem
441 2344 525 2372 verba
538 2343 565 2370 in
576 2344 658 2371 corde
668 2352 711 2371 me
722 2348 799 2379 putat
812 2345 896 2373 latere
906 2346 947 2373 77?
958 2356 967 2372 ι

183 2393 218 2420 Et
233 2400 282 2427 per
297 2398 391 2418 vocem
407 2391 481 2418 lsaiae
498 2397 607 2417 rursum
622 2398 628 2416 :
648 2399 656 2415 ι
671 2389 739 2423 Quia
752 2398 801 2426 ego
815 2399 874 2418 sum
888 2391 969 2424 Deus,

183 2443 211 2466 ct.
233 2445 288 2466 non
309 2440 352 2465 est
371 2437 441 2463 alius
459 2441 559 2471 praeter
581 2444 624 2463 mc
640 2435 675 2469 ⁷⁸,
705 2437 872 2464 annuntians
895 2438 971 2473 prius

183 2483 329 2512 novissima
339 2482 496 2517 priusquam
506 2481 580 2513 ﬁant,
592 2481 708 2509 etsimul
723 2483 856 2518 completa
873 2489 946 2511 sunt.
960 2494 968 2509 ι

183 2529 340 2558 Absurdum
361 2528 451 2563 itaque
469 2528 496 2555 in
515 2528 612 2562 primis
625 2527 804 2563 judicandum
820 2529 912 2562 fuerit,
931 2538 974 2557 ar—

184 2576 281 2604 bitrari
296 2575 383 2603 Deum
398 2575 483 2603 totius
498 2574 617 2601 universi
635 2573 725 2601 futura
743 2574 880 2610 ignorare,
896 2576 972 2604 ideo-

185 2630 239 2658 que
263 2626 368 2649 tentare
388 2621 535 2649 Abraham.
558 2620 691 2648 Caeterum
710 2621 895 2649 necessarium
915 2626 975 2659 erat

185 2676 241 2695 non
255 2668 282 2695 in
294 2667 351 2695 sola
365 2666 413 2694 Dei
427 2666 582 2702 cognitione
592 2666 658 2701 justi
676 2670 757 2702 caput.
769 2667 912 2699 illustrari,
926 2667 973 2694 sed

185 2714 272 2749 ipsius
290 2713 409 2746 laudem,
427 2711 642 2748 praeclarissimis
663 2712 745 2740 rebus
768 2718 892 2740 testatam
914 2721 973 2740 om—

186 2760 262 2787 nium
280 2759 434 2795 cognitione
451 2758 702 2794 approbationequc
721 2758 865 2786 celebrari.
886 2758 973 2795 Opor-

1023 2162 1190 2189 δείκνυσθαι.
1216 2162 1271 2189 Καὶ
1295 2161 1363 2197 πρὸς
1381 2170 1413 2195 γε
1435 2161 1467 2197 δὴ
1493 2161 1581 2195 τούτῳ
1605 2160 1814 2197 περιαθρεῖσθαι

1025 2209 1118 2244 σαφῶς
1131 2209 1181 2244 τῆς
1203 2208 1277 2240 θείας
1293 2207 1433 2243 εὐτεχνίας
1447 2207 1513 2242 ἡμῖν
1527 2207 1556 2233 τὺ
1571 2206 1665 2242 βάθος.
1686 2206 1814 2242 Ἐπειρά-

1024 2254 1086 2287 ζετο
1101 2256 1155 2291 γὰρ
1167 2255 1181 2281 6
1194 2253 1338 2285 θεσπέσιος
1356 2252 1492 2288 Ἀϐραὰμ,
1502 2252 1552 2279 οὐκ
1565 2252 1731 2288 ὴγνοηκότος
1745 2251 1813 2279 Θεοῦ

1024 2300 1054 2327 τὸ
1074 2300 1213 2335 ἐσόμενον.
1236 2298 1320 2326 Λάθοι
1341 2297 1396 2333 γὰρ
1416 2297 1448 2324 ἂν
1463 2297 1539 2324 οὐδὲν
1552 2297 1597 2323 τὸν
1613 2296 1703 2324 πάντα
1725 2296 1813 2323 suam

1028 2346 1099 2373 νοῦν.
1119 2345 1263 2381 Τοιγάρτοι
1278 2345 1326 2371 καὶ
1341 2344 1458 2378 ἔφασκε·
1479 2352 1488 2368 ι
1507 2342 1555 2374 Τίς
1569 2339 1646 2373 οὗτος
1657 2343 1671 2368 ὁ
1685 2342 1814 2378 κρύπτων

1028 2401 1060 2428 με
1076 2392 1183 2427 βουλήν,
1199 2392 1319 2426 συνέχων
1334 2390 1362 2417 δὲ
1377 2391 1486 2426 ῥήματα
1502 2389 1531 2414 ὲν
1543 2388 1652 2423 καρδίᾳ,
1665 2388 1715 2423 ἐμὲ
1729 2387 1814 2414 οἴεται

1028 2437 1175 2473 κρύπτεινς
1197 2447 1206 2463 ι
1230 2437 1276 2463 καὶ
1294 2435 1338 2462 διὰ
1359 2434 1451 2469 φωνῆς
1472 2433 1583 2460 Ἡσαΐου
1601 2433 1681 2460 πάλιν
1697 2441 1703 2449 '
1725 2442 1734 2459 ι
1753 2433 1814 2460 Ὀτι

1026 2483 1081 2518 ἐγώ
1093 2485 1151 2518 ειμι
1163 2485 1176 2509 6
1191 2483 1266 2514 Θεὸς,
1278 2482 1325 2508 καὶ
1338 2481 1388 2508 οὐχ
1402 2480 1474 2506 ἔστιν
1488 2479 1527 2505 ἔτι
1539 2479 1608 2514 πλὴν
1620 2479 1698 2515 ἐμοῦ.
1720 2479 1815 2514 ’Δναγ-

1026 2529 1128 2565 γέλλων
1148 2529 1279 2565 πρότερον
1306 2528 1339 2554 τὰ
1361 2526 1463 2562 ἔσχατα
1487 2525 1552 2561 πρὶν
1572 2525 1642 2552 αὐτὰ
1665 2525 1813 2560 γενέσθαι,

1027 2575 1074 2602 καὶ
1087 2575 1145 2611 ἅμα
1160 2573 1372 2601 συντετέλεσται.
1388 2582 1396 2598 ι
1406 2571 1508 2598 Οὐκοῦν
1521 2571 1695 2606 ἀπόπληκτον
1705 2571 1814 2606 κομιδῇ,

1027 2622 1074 2649 καὶ
1087 2623 1116 2648 ἐν
1129 2623 1185 2653 τοῖς
1198 2621 1268 2655 ἄγαν
1283 2619 1483 2654 ἀπηχεστάτοις
1502 2617 1740 2655 καταλογιούμεθα
1753 2625 1817 2652 φρο·

1028 2667 1135 2698 νοῦντες
1149 2666 1247 2702 ὀρθῶς,
1260 2666 1290 2692 τὺ
1299 2664 1462 2700 ἠγνοηκέναι
1475 2664 1524 2699 μὲν
1537 2663 1641 2690 οἴεσθαι
1651 2663 1686 2690 τὰ
1699 2663 1815 2698 ἐσόμενα

1028 2714 1073 2741 τὸν
1094 2713 1148 2740 τῶν
1177 2713 1245 2740 ὅλων
1275 2711 1354 2752 ρεδν.
1379 2710 1520 2745 πειράζειν
1546 2710 1573 2736 δὲ
1600 2709 1645 2737 διὰ
1670 2708 1749 2737 τοῦτο
1771 2709 1817 2734 τὸν

1036 2760 1170 2799 Ἀϐραάμ.
1193 2759 1261 2785 ‘AD.’
1277 2757 1310 2794 ἦν
1336 2758 1484 2793 ἀναγκαῖον
1496 2778 1503 2790 ,
1527 2756 1564 2792 μὴ
1580 2757 1608 2782 ὲν
1632 2756 1731 2791 είδήσει
1749 2755 1816 2790 μόνῃ

225 2819 331 2848 "Joan.
352 2829 406 2855 λιιι,
420 2820 462 2847 ll.
502 2819 524 2835 ⁷⁵
541 2819 716 2855 Ρειιιηκιικιῐ,
733 2819 768 2852 9;
787 2821 871 2847 Hebr.
890 2829 914 2853 κ,
932 2821 957 2849 ’1.

1041 2821 1050 2847 l
1067 2820 1129 2848 Cor.
1151 2828 1188 2853 tu,
1201 2819 1233 2852 ὃς
1248 2819 1347 2855 Ephcs.
1361 2828 1387 2852 v,
1400 2819 1444 2846 Ἥ).
1482 2817 1505 2833 ⁷⁸
1517 2816 1584 2844 Gen.
1610 2825 1638 2850 ll,
1650 2815 1694 2843 25.
1733 2812 1818 2843 "10b

191 2856 336 2889 XXXVIII,2.
377 2852 400 2872 ⁷⁸
424 2856 474 2883 lsa.
502 2863 560 2882 xu;
596 2854 680 2881 αξξ-ιλ)
