1990 3050
158 171 211 201 ηε

666 166 926 198 GLAPIIYRORUM
945 167 978 196 IN
997 167 1147 196 GENESIM
1166 168 1229 196 LIB.
1250 169 1294 196 III.

1732 168 1783 196 NB

159 233 194 268 τῇ
217 231 291 266 παρὰ
314 230 374 265 Θεῷ
399 229 449 266 τὴν
473 229 519 256 106
548 228 653 256 δικαίου
671 228 948 265 καταλαμπρὺνεσθαι

1009 227 1074 255 ebat
1099 227 1181 255 etiam
1205 235 1344 255 sacrarum
1365 227 1530 255 Litterarum
1552 228 1686 262 praeconio
1707 236 1783 256 sum-

160 276 297 312 κεφαλήν·
321 275 520 311 εὐκλεεστάτην
549 275 577 302 δὲ
603 275 704 311 μᾶλλον
728 274 948 309 καταπλουτῆσαι

160 323 211 359 τὴν
226 321 364 354 εὔκλειαν,
382 322 428 349 καὶ
441 322 469 348 ἐν
482 322 541 353 ταῖς
558 321 687 348 ἁπάντων
701 321 819 355 γνώσεσι
834 320 877 346 διὰ
890 320 949 346 πεί-

165 377 216 405 ρας
229 368 314 404 αὐτῆς
329 369 372 403 ἐφ’
385 368 470 396 ἅπασι
485 369 539 399 τοῖς
549 367 670 402 ἀρίστοις
685 366 947 403 μεμαρτυρημένην·

163 414 237 441 Ἔδει
246 414 289 441 καὶ
298 413 342 440 διὰ
349 413 401 440 τῶν
411 413 490 449 ἱερῶν
499 413 609 448 βοᾶσθαι
620 413 808 448 Γραμμάτων,
821 413 861 439 ὅτι
876 412 951 438 πλεῖ-

163 467 225 485 στον
240 459 302 485 ὅσον
315 459 344 485 ἐν
357 458 431 493 αὐτῷ
452 458 482 485 τὸ
495 458 611 493 εὐήνιον,
631 458 742 484 καὶτῶν
758 457 950 493 θεσπισμάτων

162 503 249 535 πολὺς
264 501 298 538 ἦν
318 504 332 529 ὁ
354 502 449 536 λόγος,
470 502 569 538 μᾶλλον
586 502 615 528 δέ
629 502 660 528 τὸ
680 501 844 537 ὺπερτεροῦν
863 501 948 528 οὐδέν.

164 546 236 576 ’Ἡκε
250 549 278 575 δέ
293 549 334 580 είς
347 548 426 574 τοῦτο
443 548 555 583 γνώμης
566 556 594 574 τε
609 548 657 574 καὶ
673 547 842 583 προθυμίας,
854 548 891 578 ὡς
905 547 951 573 καὶ

163 596 247 630 αὐτῆς
263 595 394 630 ἁλογῆσαι
409 595 458 629 τῆς
475 595 515 626 είς
533 595 628 621 τέκνον
645 594 766 630 ἀγάπης,
779 594 828 621 καὶ
839 594 889 629 τὴν
903 594 951 629 τῆς

166 637 356 670 παιδοκτονίας
374 637 412 673 μὴ
427 638 583 665 καταδεῖσαι
598 638 719 674 γραφήν.
738 638 793 665 Καὶ
808 638 839 664 τό
852 647 883 672 γε
900 647 952 664 πα-

165 684 346 719 ραδοξότερον,
371 685 400 711 ἐν
422 684 495 719 αὐτῷ
514 684 701 720 προσεδόκησε
733 683 823 720 πατὴρ
844 684 952 711 ἔσεσθαι

167 730 273 757 πολλῶν
286 730 382 757 ἐθνῶν.
403 730 472 756 Ἀλλ’
486 730 545 765 ᾔδει
557 730 603 757 καὶ
614 730 782 765 άψευδοῦντα
794 730 867 766 πρὸς
875 730 953 757 τοῦτο

165 776 241 803 Θεόν,
253 774 320 802 Εἶτα
330 775 526 812 προσεκόμιζεν
537 777 576 808 είς
589 776 684 803 Θυσίαν
699 776 730 803 τὸ
741 776 892 811 παιδάριον,
904 776 953 802 οὐκ

167 823 195 848 ἐν
216 820 369 855 ἀπογνώσει
394 820 514 856 γεγονὼς
544 821 597 848 τῶν
626 821 854 856 ἐπηγγελμένων,
886 821 953 847 ἀλλὰ

167 866 226 897 ταῖς
241 865 288 892 τοῦ
313 865 448 892 Δεσπότου
473 865 619 900 δυνάμεσιν
637 866 762 897 ἀναθεὶς,
779 865 809 892 τὸ
831 866 904 897 ὅπως
920 865 953 892 ἂν

166 912 250 948 είδείη
273 910 393 947 πληροῦν
416 911 446 938 τὸ
467 910 638 946 ὠμοσμένον.
653 912 709 938 Καὶ
724 912 774 938 οὐκ
795 911 908 947 ἀκερδὲς
924 911 955 938 τὸ
972 903 991 931 Β

167 957 262 993 χρῆμα
272 957 357 993 αὐτῷ,
366 958 454 984 καίτοι
465 957 509 984 διὰ
521 958 619 993 πείρας
629 958 692 984 ίόντι
703 959 751 993 τῆς
761 957 830 984 οὕτω
842 958 953 993 πικρᾶς.

174 1004 346 1031 Ἐδιδάσκετο
364 1003 419 1039 γὰρ
433 1004 472 1036 ὡς
486 1004 540 1030 ἀπό
557 1012 588 1038 γε
613 1003 660 1030 106
677 1004 820 1039 μέλλοντος
837 1004 954 1039 συμϐαί-

168 1057 234 1080 νειν,
252 1049 302 1084 τῆς
323 1050 355 1075 ἐκ
376 1049 481 1084 νεκρῶν
501 1049 675 1081 ἀναστάσεως
701 1049 732 1076 16
754 1049 833 1084 λόγου
855 1050 955 1081 παντὸς

169 1093 239 1129 πέρα
249 1094 297 1120 καὶ
309 1092 489 1127 άξιάκουστον
500 1092 592 1128 θαῦμα
602 1114 608 1125 ,
623 1093 670 1120 καὶ
684 1093 797 1129 προσέτι
809 1094 840 1120 τὸ
854 1093 953 1120 σεπτὸν

168 1138 215 1165 καὶ
233 1138 305 1174 μέγα
325 1139 374 1174 τῆς
398 1138 630 1173 ἐνανθρωπήσεως
652 1138 697 1165 τοῦ
717 1138 886 1173 Μονογενοῦς
904 1147 955 1172 μυ-

169 1183 287 1219 στήριον.
305 1183 362 1209 Καὶ
383 1183 449 1218 γοῦν
473 1185 487 1210 ὀ
505 1183 648 1215 θεσπέσιος
671 1183 789 1216 Παῦλος,
807 1193 817 1210 ι
843 1185 954 1215 Πίστει,

169 1229 254 1265 φησὶ,
279 1229 479 1265 προσενήνοχεν
507 1229 634 1265 Ἀϐραὰμ
649 1229 694 1257 τὸν
720 1230 814 1258 Ἰσαὰκ
828 1229 956 1266 πειραζό-

170 1284 264 1312 μενος,
283 1275 331 1303 καὶ
345 1276 392 1302 τὸν
408 1275 540 1311 μονογενῆ
557 1275 726 1311 προσέφερεν
741 1276 756 1303 6
769 1275 819 1308 τὰς
838 1276 956 1310 ἐπαγγε-

168 1320 226 1353 λίας
242 1321 446 1357 ἀναδεξάμενος.
463 1320 533 1356 Πρὸς
544 1320 574 1347 ὃν
584 1321 710 1357 ἐλαλήθη·
721 1321 765 1348 Ἐν
786 1321 879 1348 Ἰσαὰκ
891 1320 957 1356 κλη-

170 1364 281 1399 θήσεταί
297 1373 338 1391 σοι
356 1365 467 1400 σπέρμα
477 1373 483 1380 ·
499 1364 679 1400 λογισάμενος
694 1366 735 1392 ὅτι
748 1366 794 1393 καὶ
808 1367 841 1392 ἐκ
852 1365 956 1401 νεκρῶν

170 1410 275 1445 ἐγεῖραι
291 1410 403 1442 δυνατὸς
419 1411 432 1437 ὁ
447 1409 525 1442 Θεὸς,
540 1410 602 1437 ὅθεν
615 1411 694 1438 αὑτὸν
709 1412 757 1438 καὶ
774 1413 802 1438 ἐν
814 1412 956 1448 παραδολῇ

170 1456 326 1492 ἐκομίσατο.
353 1466 361 1484 I
394 1457 502 1493 Ἐπειδὴ
526 1457 580 1493 γὰρ
600 1456 694 1493 1ἔμελλε
716 1458 787 1485 κατὰ
811 1459 923 1494 καιροὺς
943 1459 958 1486 ὁ

170 1503 237 1535 Θεὸς
258 1504 305 1530 καὶ
326 1503 438 1540 Πατὴρ,
458 1503 535 1539 ῥίζαν
561 1504 656 1540 ὥσπερ
679 1504 760 1532 αὑτὸν
778 1505 826 1532 καὶ
850 1505 958 1540 γένεσιν

173 1549 276 1586 μυρίων
290 1550 360 1576 ὅσων
375 1550 536 1584 ἀποφαίνειν
552 1549 652 1582 ἐθνῶν,
672 1550 818 1581 τεθνεῶτος
833 1550 902 1585 ὑπὲρ
911 1550 956 1576 106

172 1595 273 1631 κόσμου
288 1595 336 1622 τοῦ
358 1595 531 1631 Ἐμμανουήλ
543 1615 550 1622 .
563 1595 690 1631 ταύτῃτοι
706 1595 749 1622 διὰ
764 1595 862 1630 πείρας
873 1596 957 1630 αὐτῆς

172 1640 314 1676 χρησίμως
327 1641 342 1667 ὁ
355 1641 459 1673 δίκαιος
477 1641 631 1668 ἐδιδάσκετο
644 1639 691 1667 τοῦ
708 1641 776 1667 Θεοῦ
790 1641 836 1667 καὶ
851 1641 958 1677 Πατρὸς

172 1685 220 1721 τὴν
235 1686 364 1721 ὑπερφυᾶ
384 1686 432 1714 καὶ
449 1687 587 1723 ἄφραστον
607 1687 647 1717 εἰς
663 1687 736 1722 ἡμᾶς
755 1687 910 1722 ἀγάπησινο
930 1687 959 1718 ὃς

173 1740 204 1766 γε
235 1741 244 1758 ι
257 1732 304 1759 106
322 1733 387 1760 ἰδίου
412 1732 476 1759 Υἱοῦ
499 1733 548 1760 οὐκ
567 1733 709 1767 ἐφείσατο,
730 1742 739 1758 ι
762 1732 889 1768 καθάπερ
905 1733 956 1768 ήδη

173 1777 340 1813 προείπομεν
353 1798 360 1810 ,
378 1788 388 1804 ς
408 1778 466 1805 ἀλλ’
484 1778 554 1813 ὑπὲρ
570 1778 650 1813 ἡμῶν
668 1778 776 1804 πάντων
800 1778 959 1814 παρέδωκεν

173 1823 254 1850 αὑτὸν
270 1832 279 1849 I
297 1823 351 1851 τῶν
366 1823 395 1850 ἐν
409 1824 500 1850 πίστει
514 1823 746 1859 δεδικαιωμένων,
764 1823 811 1850 καὶ
825 1824 864 1855 είς
877 1823 960 1851 τέκνα

173 1869 372 1904 λελογισμένων
392 1869 439 1896 τοῦ
462 1870 634 1905 προπάτορος
663 1869 796 1906 ’Δὸραάμ.
821 1869 852 1895 Et
867 1869 920 1904 γάρ
935 1878 961 1897 τι

173 1914 226 1950 χρὴ
239 1916 286 1941 καὶ⁸
298 1914 352 1941 τῶν
364 1915 540 1950 ἀνθρωπίνων
552 1914 785 1950 διατεκμήρασθαι
799 1934 807 1948 ,
828 1914 912 1949 φαίην
925 1914 962 1941 ’ἄν

174 1961 215 1987 ὅτι
236 1961 362 1995 φορτικόν
382 1969 412 1987 τε
427 1960 474 1987 καὶ
490 1960 629 1987 δύσοιστον
644 1960 684 1995 τῷ
705 1960 839 1995 μακαρίῳὶ
852 1960 963 1994 γέγονεν

181 2006 307 2042 Ἀϐραὰμ
321 2007 352 2033 τὸ
371 2006 521 2042 προστάξαι
538 2007 604 2033 Θεὸν
625 2005 772 2033 καταθύειν
785 2005 830 2032 τὸν
858 2005 960 2032 Ἰσαάκ.

175 2051 239 2083 Πῶς
255 2053 309 2088 γὰρ
322 2051 374 2078 οῐει
391 2051 542 2079 διακεῖσθαι
561 2051 621 2078 τότε
634 2051 680 2078 τὸν
694 2050 773 2077 τοῦτο
788 2050 855 2086 δρᾷν
871 2051 963 2077 ἐπιτε-

175 2096 324 2131 ταγμένον;
345 2096 426 2132 Ἀνὴρ
440 2097 480 2128 είς
494 2096 583 2132 γῆρας
595 2095 735 2131 ἐληλακὼς
752 2095 831 2130 βαθὺ,
849 2095 899 2122 Eva
915 2095 962 2122 καὶ

176 2142 286 2177 ἀψιγενῆ
300 2142 453 2177 πλουτήσας
469 2141 526 2168 υἱὸν
539 2162 546 2174 ,
561 2142 756 2179 παρῃρημένος
767 2140 807 2177 τῷ
828 2141 916 2177 χρόνῳ
934 2141 964 2168 τὸ

177 2187 225 2214 καὶ
237 2187 337 2223 ἐτέρων
353 2188 481 2214 δύνασθαι
497 2187 622 2222 γενέσθαι
638 2188 738 2223 πατὴρ,
752 2186 961 2224 ἀφηλ[ι]κεστέ-

178 2233 266 2268 ρανδέ
274 2234 321 2260 καὶ
333 2233 416 2269 αὐτὴν
427 2233 494 2269 ἔχων
507 2233 555 2269 τὴν
566 2233 771 2269 συνῳκισμένην
791 2231 836 2269 (ἦν
846 2234 900 2270 γὰρ
917 2235 964 2261 καὶ

177 2279 246 2314 αὑτὴ
263 2278 410 2314 πρεσϐύτις
422 2279 438 2314 ἡ
450 2279 564 2314 Σάρρα),
579 2279 625 2305 τὸν
637 2277 708 2305 οὕτω
719 2278 883 2314 τριπόθητον
894 2279 961 2305 ἀπο-

179 2325 309 2359 σφάττειν
318 2325 375 2351 υίὸν
385 2324 541 2360 άμελ[λ]ητὶ
554 2325 760 2360 προσετάττετο,
770 2324 816 2351 τὸν
831 2324 963 2359 μονογενῆ

177 2372 226 2398 καὶ
242 2371 416 2398 πολύευκτον.
440 2371 508 2406 Ποίᾳ
526 2371 580 2406 γὰρ
599 2371 729 2398 δύνασθαι
747 2371 819 2406 χειρὶ
836 2370 965 2405 προσεδό-

179 2425 264 2452 κησεν
277 2418 291 2444 ὁ
305 2417 470 2453 πρεσϐύτης,
485 2416 642 2452 κατωθῆσαι
656 2417 704 2453 μὲν
716 2417 763 2444 τοῦ
777 2417 919 2453 μειρακίου
935 2417 966 2444 τὸ

180 2462 271 2497 ξίφος,
287 2462 337 2498 τὴν
352 2463 381 2490 δέ
395 2463 482 2495 οὕτως
504 2462 623 2498 ἐλεεινὴν
637 2462 709 2489 κατὰ
724 2462 771 2489 τοῦ
788 2462 854 2489 ίδίου
868 2462 965 2497 γεννή-

181 2516 267 2543 ματος
282 2508 415 2544 τολμῆσαι
436 2509 560 2544 σφαγήν;
579 2507 642 2544 Ἆρ’
657 2503 705 2535 οὖν
722 2508 772 2535 οὐκ
787 2509 887 2535 ἐννοεῖν
901 2507 966 2534 ἀκό-

179 2554 287 2586 λουθον,
301 2554 342 2581 ὅτι
358 2554 456 2589 πικρὸς
470 2554 515 2580 καὶ
529 2554 627 2590 δριμὺς
647 2553 756 2580 ἐννοιῶν
767 2553 844 2589 ὄχλος
858 2553 907 2589 τὴν
915 2553 962 2580 τοῦ

180 2599 286 2626 δικαίου
300 2599 388 2635 ψυχὴν
403 2600 546 2635 άφορήτως
565 2599 753 2634 κατεληῒζετο;
772 2600 825 2626 Καὶ
836 2599 901 2626 ποτέ
918 2599 967 2634 μὲν

180 2646 198 2680 ὴ
215 2645 295 2680 φύσις
316 2647 356 2677 είς
374 2645 564 2682 φιλοστοργίαν
586 2645 762 2678 κατεϐιάξετο
774 2654 781 2661 ·
803 2645 869 2672 ποτέ
891 2645 919 2672 δὲ
938 2644 968 2671 τὸ

182 2691 256 2718 θεῖον
280 2691 414 2718 ἐδυσώπει
430 2691 638 2727 χρησμίβημα,
660 2692 708 2718 καὶ
728 2691 800 2727 τάχα
827 2700 879 2718 που
900 2690 969 2726 πρὸς

183 2736 335 2773 ἀδούλητον
356 2736 512 2764 εὐπείθειαν
527 2737 565 2768 ὡς
582 2736 610 2770 ἐξ
628 2736 751 2772 ἀνάγκης
771 2736 872 2764 ἐκάλει.
890 2736 969 2770 Μέγα

182 2782 215 2818 δὴ
231 2780 278 2810 οὖν
299 2783 406 2819 ἀληθῶς
425 2783 456 2810 τὸ
480 2783 524 2810 τοῦ
544 2783 649 2810 δικαίου
671 2783 779 2818 θαῦμα,
802 2783 847 2809 καὶ
871 2782 970 2814 παντὸς

221 2869 245 2886 ⁷⁹
269 2869 353 2898 Hebr.
382 2879 419 2903 ιι,
438 2871 526 2898 17-20.
564 2871 586 2886 ⁸ο
609 2872 686 2898 Rom.
712 2879 768 2904 γιιι,
784 2871 827 2898 52.

999 280 1070 300 mam
1089 273 1148 308 ejus
1166 272 1350 300 obedientiam
1368 272 1517 305 decantari,
1531 272 1658 307 quodque
1674 272 1783 301 divino-

1000 326 1060 346 rum
1076 322 1272 353 praeceptorum
1289 325 1412 352 magnam
1426 317 1560 344 rationem
1574 317 1710 349 habuerit,
1729 318 1784 345 imo

999 364 1072 399 quod
1090 363 1158 391 nihil
1175 364 1252 399 prius
1266 363 1318 390 illis
1333 362 1442 390 dixerit.
1459 362 1498 389 lta
1512 362 1585 389 enim
1598 362 1712 389 aﬂ'ectus
1723 362 1785 394 fuit,

1001 409 1123 444 adeoque
1143 413 1270 443 prompto
1291 408 1392 440 animo,
1413 411 1443 434 ut
1461 409 1550 442 ipsum
1568 407 1651 434 etiam
1671 415 1734 443 erga
1754 408 1786 435 ﬁ-

1000 454 1066 482 lium
1080 463 1199 482 amorem
1215 454 1374 490 neglexerit,
1392 459 1476 489 utque
1492 453 1539 480 ﬁlii
1557 453 1600 481 sui
1615 454 1717 482 caedem
1733 461 1790 481 non

1000 503 1154 526 vereretur.
1171 499 1205 526 Et
1215 499 1289 534 quod
1304 499 1389 534 magis
1402 498 1566 530 mirandum,
1578 498 1606 525 in
1621 498 1680 534 ipso
1695 506 1787 533 spera—

1001 545 1048 572 bat
1063 548 1141 579 pater
1156 544 1215 571 ﬁeri
1231 545 1378 572 multarum
1393 545 1524 579 gentium.
1539 544 1674 572 Caeterum
1685 544 1789 572 sciebat

1002 592 1088 619 Deum
1105 591 1215 619 mentiri
1231 599 1286 618 non
1298 599 1388 626 posse.
1407 591 1510 619 Deinde
1526 591 1638 618 adduxit
1654 591 1740 619 ﬁlium
1755 591 1799 618 ad’

1002 631 1176 669 sacriﬁcium,
1194 645 1250 664 non
1261 637 1294 665 de
1304 637 1494 672 promissionis
1500 637 1624 665 “veritate
1637 637 1787 672 ambigens,

1003 682 1050 708 sed
1066 681 1100 708 ad
1111 681 1218 708 Domini
1232 685 1395 716 potestatem
1410 681 1541 714 referens,
1553 690 1670 717 quanam
1684 681 1790 709 ratione

1001 727 1173 763 jurijurando
1187 734 1237 755 suo
1259 731 1353 755 staret.
1371 727 1465 762 Neque
1481 735 1547 755 vero
1567 727 1726 763 infrngit‘era
1747 735 1791 754 res

1003 773 1028 800 ei
1048 773 1109 806 fuit,
1123 773 1236 801 tentatio
1262 780 1323 800 cum
1351 777 1426 801 tanta
1461 773 1610 801 acerbitate
1633 774 1788 809 conjuncta.

1004 819 1124 846 Edoctus
1134 818 1207 845 enim
1219 821 1270 851 est,
1281 818 1366 845 veluti
1378 825 1411 845 ex
1421 825 1454 845 eo
1465 818 1538 853 quod
1547 821 1710 845 eventurum
1720 821 1788 848 erat,

1005 863 1214 891 resurrectionis
1236 871 1251 890 a
1273 863 1388 890 mortuis
1417 870 1525 890 omnem
1550 863 1684 891 rationem
1707 871 1789 898 supe—

1005 917 1069 937 rans
1087 913 1169 944 atque
1186 909 1349 943 stupendum
1365 908 1526 936 miraculum
1542 917 1547 934 :
1563 913 1694 943 praeterea
1706 916 1790 935 vene-

1006 955 1122 984 randum
1138 959 1218 990 atque
1231 955 1326 990 ingens
1339 954 1534 982 incarnationis
1545 954 1683 989 Unigeniti
1693 958 1790 989 myste-

1006 1002 1086 1028 rium.
1111 1000 1189 1029 Unde
1210 1004 1238 1027 et
1263 1000 1372 1028 divinus
1397 1000 1498 1027 Paulus
1521 1007 1527 1025 :
1557 1009 1566 1024 ‹
1594 998 1669 1031 Fide,
1692 999 1790 1034 inquit,

1006 1048 1107 1076 obtulit
1125 1047 1263 1075 Abraham
1281 1046 1356 1074 Isaac
1367 1053 1430 1074 cum
1447 1049 1608 1078 tentaretur,
1625 1048 1652 1072 et
1666 1044 1791 1079 unigeni—

1006 1097 1064 1120 tum
1087 1092 1229 1124 otl'erebat,
1253 1092 1281 1119 in
1303 1099 1357 1126 quo
1386 1093 1544 1126 susceperat
1567 1089 1793 1125 repromissioncs

1007 1138 1052 1175 (ad
1071 1146 1153 1173 quem
1171 1137 1274 1165 dictant
1287 1140 1329 1164 est
1341 1146 1351 1163 ετ
1365 1136 1434 1170 Quia
1452 1136 1480 1163 in
1493 1135 1567 1163 Isaac
1582 1135 1638 1170 88
1650 1133 1794 1161 vocabitur

1006 1184 1057 1212 tibi
1077 1183 1192 1219 semen),
1216 1183 1354 1210 arbitrans
1368 1181 1432 1217 quia
1447 1185 1475 1209 et
1494 1189 1508 1208 a
1525 1179 1642 1208 mortuis
1662 1179 1793 1207 suscitare

1006 1234 1104 1266 potens
1123 1232 1165 1257 est
1183 1230 1266 1261 Deus,
1283 1228 1356 1256 unde
1373 1235 1435 1255 eum
1453 1230 1481 1254 et
1498 1227 1528 1254 in
1544 1226 1700 1261 parabolam
1715 1233 1792 1253 acce-

1006 1275 1048 1311 pit
1060 1276 1095 1302 "°.
1112 1284 1121 1300 »
1140 1274 1209 1302 Cum
1228 1273 1301 1301 enim
1323 1280 1451 1301 successu
1464 1272 1596 1306 temporis
1608 1271 1681 1299 Deus
1697 1278 1728 1298 ac
1741 1271 1793 1298 Pa-

1007 1326 1049 1349 ter
1061 1322 1150 1357 ipsum
1164 1320 1249 1348 veluti
1268 1319 1388 1347 radicem
1406 1326 1438 1346 ac
1452 1317 1618 1353 principium
1635 1318 1794 1345 innumera-

1007 1375 1068 1395 rum
1087 1367 1209 1402 gentium
1225 1370 1387 1393 ostensurus
1403 1368 1484 1395 esset,
1501 1368 1609 1390 mortuo
1624 1370 1675 1398 pro
1692 1362 1794 1389 mundo

1008 1413 1196 1445 Emmanuele,
1214 1412 1319 1440 idcirco
1336 1418 1385 1446 per
1399 1411 1470 1438 hanc
1487 1408 1676 1440 tentationem,
1692 1407 1795 1435 utiliter

1008 1459 1105 1487 doctus
1115 1462 1157 1486 est
1164 1459 1255 1494 justus
1270 1456 1408 1484 Abraham
1421 1455 1585 1482 immensum
1605 1457 1686 1488 atque
1699 1452 1794 1480 ineﬁ'a-

1009 1506 1092 1534 bilem
1106 1505 1153 1533 Dei
1169 1512 1200 1532 ac
1212 1504 1300 1531 Patris
1313 1511 1377 1538 erga
1395 1509 1446 1529 nos
1460 1507 1579 1528 amorem
1589 1508 1596 1532 ;
1606 1498 1653 1533 qui
1665 1498 1795 1533 (proprio

1010 1553 1079 1580 Filio
1094 1559 1148 1579 non
1163 1550 1310 1586 pepercit,I
1328 1547 1556 1584 quemadmodum
1570 1553 1651 1580 supra
1665 1543 1793 1574 diximus.

1013 1609 1022 1625 ι
1037 1598 1085 1626 sed
1100 1597 1211 1625 tradidit
1221 1604 1283 1624 eum
1296 1604 1346 1631 pro
1357 1594 1485 1622 omnibus
1498 1592 1578 1620 nobis
1587 1591 1611 1608 ⁸ο
1627 1600 1635 1617 I
1653 1598 1702 1625 per
1714 1589 1794 1617 ﬁdem

1007 1642 1171 1679 justiﬁeatis,
1188 1645 1215 1668 et
1236 1640 1265 1667 in
1288 1639 1357 1667 ﬁlios
1372 1637 1458 1674 patris
1477 1636 1593 1664 Abrahae
1613 1633 1748 1669 ascriptis.
1767 1632 1794 1661 Si

1009 1689 1082 1717 enim
1097 1691 1206 1723 oportet
1225 1686 1306 1714 etiam
1330 1685 1450 1712 humano
1471 1690 1546 1711 more
1566 1681 1652 1716 loqui,
1669 1679 1796 1715 equidem

1010 1735 1126 1765 dixerim
1141 1741 1222 1769 grave
1235 1732 1381 1760 admodum
1395 1735 1477 1765 atque
1492 1728 1608 1756 arduum
1623 1728 1702 1754 beato
1713 1726 1796 1753 Abrav

1010 1783 1052 1809 liae
1071 1781 1155 1809 fuisse
1171 1779 1219 1807 Dei
1239 1779 1272 1806 de
1290 1776 1467 1806 sacriﬁcando
1482 1775 1538 1802 ﬁlio
1554 1782 1603 1802 suo
1619 1776 1795 1809 praeceptum.

1010 1827 1069 1861 Quo
1086 1831 1166 1862 pacto
1181 1825 1254 1853 enim
1271 1829 1350 1859 putas
1364 1822 1491 1850 affectum
1508 1820 1601 1852 fuisse,
1617 1826 1679 1847 cum
1692 1818 1744 1844 hoc
1759 1817 1797 1844 illi

1011 1874 1173 1908 imperatum
1191 1870 1280 1897 esset?
1299 1868 1347 1895 Vir
1360 1867 1434 1895 enim
1449 1869 1507 1894 erat
1522 1865 1619 1892 aﬁ‘ecla
1634 1868 1722 1895 atate,
1738 1862 1799 1890 uni—

1011 1907 1073 1945 cum
1092 1917 1197 1944 habens
1212 1919 1240 1942 et
1256 1913 1366 1948 quidem
1385 1912 1414 1939 in
1435 1913 1575 1939 senectute
1593 1917 1643 1937 sua
1657 1912 1752 1936 natum
1765 1907 1797 1934 ﬁ—

1012 1964 1089 1995 lium,
1110 1962 1155 1990 cui
1181 1964 1310 1996 praeterea
1337 1962 1403 1985 mtas
1434 1964 1543 1984 omnem
1568 1955 1696 1990 gignendi
1722 1961 1798 1988 spem

1012 2009 1161 2040 ademerat,
1171 2006 1307 2034 seniorem
1317 2004 1398 2032 etiam
1410 2002 1515 2030 habens
1523 2007 1636 2028 uxorem
1645 1999 1714 2035 (erat
1725 1998 1799 2026 enim

1011 2055 1095 2082 etiam
1112 2053 1178 2082 Sara
1203 2051 1292 2088 gravis
1316 2048 1415 2085 annis).
1432 2048 1457 2075 ls
1471 2047 1562 2082 itaque
1578 2045 1663 2072 ﬁlium
1678 2044 1800 2079 impense

1014 2101 1129 2129 charum
1150 2098 1252 2133 absque
1272 2095 1327 2124 ulla
1347 2093 1521 2122 cunctatione
1541 2090 1667 2118 occidere
1687 2089 1799 2125 jubetur

1014 2145 1195 2181 unigenitum,
1213 2142 1361 2176 multisque
1383 2139 1455 2167 votis
1478 2140 1611 2174 optatum.
1626 2134 1709 2181 Quali
1734 2141 1800 2181 vero

1015 2178 1098 2216 manu
1109 2187 1221 2223 putabat
1235 2193 1317 2213 senex
1329 2191 1422 2212 ensem
1433 2183 1460 2210 in
1470 2181 1549 2217 pueri
1557 2179 1682 2216 jugulum
1697 2178 1799 2205 immit-

1016 2238 1085 2265 tere,
1098 2232 1221 2266 adeoque
1235 2229 1417 2258 miserandam
1434 2227 1482 2254 ﬁlii
1501 2226 1602 2254 caedem
1618 2223 1745 2260 patrare?
1759 2223 1801 2249 An

1016 2287 1072 2307 non
1096 2274 1188 2313 itaque
1211 2280 1425 2304 consentaneum
1445 2272 1545 2300 rationi
1572 2270 1656 2298 fuerit
1675 2269 1800 2297 acerbam

1016 2324 1211 2361 cogitationum
1229 2322 1337 2350 turbam
1352 2327 1414 2348 cum
1427 2318 1494 2355 justi
1510 2316 1601 2345 animo
1618 2323 1678 2344 esse
1698 2315 1800 2350 impor-

1017 2359 1083 2399 tune
1101 2368 1292 2398 colluctatam?
1311 2365 1429 2394 subinde
1453 2363 1564 2399 quidem
1579 2365 1677 2390 natura
1691 2367 1753 2387 eum
1769 2359 1800 2386 ad

1017 2423 1149 2448 amorem,
1169 2414 1217 2449 qui
1233 2413 1297 2440 ﬁliis
1312 2411 1438 2442 debetur,
1453 2408 1611 2444 impellente
1626 2415 1632 2434 :
1650 2410 1678 2434 at
1694 2412 1801 2433 rursum
1829 2421 1836 2446 (

1017 2462 1110 2490 divino
1126 2462 1263 2496 praecepto
1281 2464 1402 2486 amorem
1422 2456 1499 2482 illum
1516 2452 1699 2488 restingente,
1717 2455 1746 2478 et
1769 2450 1802 2477 ad

1018 2506 1204 2536 obedientiam
1218 2504 1305 2532 veluti
1319 2511 1352 2530 ex
1366 2501 1528 2530 necessitate
1540 2498 1658 2534 quadam
1670 2497 1801 2533 rapiente.

1019 2554 1144 2590 Magnum
1166 2553 1257 2587 itaque
1277 2557 1373 2578 revera
1387 2551 1429 2576 est
1442 2546 1508 2583 justi
1527 2544 1700 2575 miraculum,
1714 2542 1803 2570 omni-

1020 2588 1074 2635 que
1090 2598 1170 2626 laude
1183 2596 1308 2632 superior
1321 2595 1417 2630 pictas.
1434 2592 1539 2621 Obtulit
1554 2591 1628 2619 enim
1644 2588 1803 2617 rationalem

1021 2634 1169 2676 victimam,
1182 2647 1287 2670 naturae
1298 2641 1403 2677 legibus
1415 2638 1580 2669 valedicens,
1593 2641 1621 2664 et
1634 2634 1805 2663 inevitabiles

1022 2690 1122 2718 amoris
1138 2696 1201 2724 erga
1214 2688 1317 2715 liberos
1333 2685 1459 2714 stimulos
1476 2683 1647 2719 proculcans,
1660 2680 1805 2714 omniaque

1024 2742 1131 2765 terrena
1143 2734 1228 2762 amori
1242 2742 1306 2769 erga
1319 2734 1403 2760 Deum
1417 2735 1592 2767 postponens.
1608 2727 1710 2755 Idcirco
1722 2725 1803 2769 etiam

1024 2779 1107 2816 gloria
1121 2779 1236 2807 atiectus
1248 2768 1299 2811 est,
1312 2781 1338 2806 et
1351 2777 1453 2804 amicus
1464 2778 1575 2802 voca-tus
1587 2772 1645 2804 Dei,
1655 2775 1682 2798 et
1695 2768 1809 2797 tandem
