1990 3050
179 174 226 198 M'l
688 169 716 197 S.
737 170 874 198 CYRlLLl
894 147 1133 198 ALEXANDRlNl‘
1151 150 1309 200 ARCIllEP.

1756 173 1807 210 us

176 229 249 266 quod
269 230 390 265 speravit
407 238 490 265 supra
510 238 585 265 spem
606 230 707 257 evenit.
726 230 825 258 Factus
839 231 911 258 enim
927 237 962 259 esr

1021 232 1132 258 ἐπαίνου
1149 232 1241 259 λοιπὸν
1258 233 1288 259 τὸ
1306 233 1438 268 θεοφιλές.
1455 233 1641 269 ιῐροσεκόμιζε
1659 233 1711 268 γὰρ
1724 235 1753 259 τὸ
1765 233 1806 260 λο‹

176 276 324 303 multarum
339 279 420 311 atque
437 276 505 304 adeo
521 275 762 303 innumerabilium
777 277 898 312 gentium
916 284 964 311 pa-

177 325 218 348 ter
238 321 266 348 in
285 320 406 354 Christo,
423 329 472 356 per
484 329 565 356 quem
583 325 611 349 et
631 329 692 348 cum
709 329 764 356 quo
779 322 834 348 Deo
848 329 879 349 ac
890 321 964 348 Patri

175 366 261 401 gloria
287 375 349 395 cum
374 372 468 395 sancto
493 367 596 403 Spiritu
621 368 648 394 in
672 367 770 395 szeeula
790 368 962 394 saeculorum.

175 411 273 439 Amen.

1019 277 1095 312 γικὸν
1109 278 1215 314 ἱερεῖον,
1232 279 1278 305 καὶ
1298 280 1354 310 τοῖς
1368 279 1416 314 τῆς
1433 279 1538 314 φύσεως
1556 279 1648 314 νόμοις
1669 279 1806 315 ὲρρὦοαι

1019 324 1134 359 φράσας,
1151 324 1198 351 καὶ
1211 325 1260 359 τῆς
1273 325 1460 360 ἀπαραιτήτου
1476 325 1668 360 φιλοστοργίας
1682 325 1806 359 πατήσας

1017 369 1047 396 τὸ
1062 369 1184 405 κέντρον,
1197 371 1309 397 καὶτῶν
1325 371 1454 405 ἐπιγείων
1468 371 1543 398 οὐδὲν
1555 373 1587 406 τῇ
1603 373 1642 402 εἰς
1656 371 1720 397 Θεὸν
1736 370 1806 397 ἀντι-

1018 414 1182 450 παρεξάγων
1198 415 1303 452 ἀγάπῃ.
1326 417 1470 452 Τοιγάρτοι
1494 419 1540 444 καὶ
1558 417 1733 449 δεδόξασται,
1757 417 1804 443 καὶ

176 456 252 491 φίλος
267 458 368 493 ἐκλήθη
386 458 463 485 Θεοῦ.
480 459 535 485 Καὶ
551 459 590 489 εἰς
605 458 690 492 πέρας
710 456 784 492 αὐτῷ
804 457 834 483 τὸ
850 457 1044 494 προσδοκηϐὲν,
1060 460 1095 486 τὰ
1124 461 1172 495 τῆς
1187 461 1293 493 ἐλπίδος
1311 462 1456 497 ἐκὸἐὸηκε.
1494 463 1591 497 Γέγονε
1613 464 1666 499 γὰρ
1699 462 1804 489 πολλῶν

175 505 223 532 καὶ
236 504 429 540 ἀναριθμήτων
440 504 523 531 ἐθνῶν
537 504 628 538 πατὴρ
642 505 670 529 ὲν
685 503 806 538 Χριστῷ.
817 503 854 529 Δι’
871 500 901 529 οὗ
913 504 959 530 καὶ
979 506 1039 540 μεθ’
1072 503 1102 532 οὗ
1139 506 1177 542 τῷ
1197 507 1255 542 Θεῷ
1272 508 1318 535 καὶ
1334 509 1421 544 [largi
1440 509 1456 543 ἡ
1480 509 1543 542 δόξα
1564 509 1611 535 σὺν
1631 509 1701 543 ἁγίῳ
1721 506 1806 534 Ilvati-

177 559 242 586 ματι
257 552 297 582 εἰς
311 550 373 582 τοὺς
388 550 488 582 αἰῶνας
505 550 559 577 τῶν
575 549 692 576 αἰώνων.
717 549 814 584 Ἀμήν.

368 616 424 651 89
442 615 480 642 De
499 615 576 643 Isaac
595 621 618 643 et
637 616 761 643 Rebecca.

210 699 236 724 l.
256 696 417 726 Justiﬁcatis
439 705 488 732 per
511 696 665 728 Christum,
690 696 878 730 unitatemque
901 703 963 722 cum

175 744 234 778 ipso
258 751 308 778 per
328 742 565 778 participationem
586 742 703 777 Spiritus
724 741 810 769 sancti
831 742 859 769 in
881 741 966 768 bene-

173 789 274 824 placito
286 788 375 816 Patris
387 788 553 820 consecutis,
567 788 676 822 sapiens
685 787 786 815 Paulus
802 787 839 814 ita
851 787 965 814 scribit:

177 845 185 860 ι
207 834 347 870 Despondi
371 834 445 861 enim
468 841 518 861 vos
545 834 591 861 uni
618 833 676 860 viro
704 833 837 868 virginem
863 837 966 860 castam

172 881 303 908 exhibere
325 879 481 908 Christo".
503 890 512 906 ι
541 879 617 907 Beati
642 881 715 907 enim
740 879 856 914 apostoli
881 879 966 907 veluti

1122 618 1193 652 Περὶ
1206 600 1266 645 τοῦ.
1279 619 1381 646 Ἰσαὰκ
1397 618 1446 646 καὶ
1459 618 1515 653 τῆς
1531 619 1697 652 Ῥεϐέκκας.

1051 690 1084 713 a.'.
1106 687 1168 719 Τοῖς
1185 688 1213 713 ἐν
1233 687 1343 723 Χριστῷ
1363 688 1594 723 δεδικαιωμένοις,
1610 688 1656 714 καὶ
1672 689 1720 724 τὴν
1738 689 1805 725 πρὸς

1016 732 1095 759 αὑτὸν
1117 732 1229 768 ἑνότητα
1251 733 1295 759 διὰ
1310 733 1357 759 τοῦ
1376 733 1536 769 μεταλαχεῖν
1553 734 1631 768 ἁγίου
1649 734 1805 769 ῐΙνεὺματος

1017 779 1045 805 ὲν
1062 778 1171 814 εὐδοκία
1191 779 1298 815 Πατρὸς
1315 780 1580 815 ὲκπεπλουτηκόσιν,
1609 781 1622 806 ὁ
1646 780 1726 815 σοφὸς
1748 781 1806 806 ἑπι-

1018 824 1120 850 στέλλει
1143 824 1268 864 Παῦλοςς
1286 835 1294 850 ι
1320 825 1498 861 Ἡρμοσάμην
1516 825 1569 860 γὰρ
1587 826 1658 861 ὑμᾶς
1675 827 1714 852 ἐνὶ
1729 827 1805 862 ἀνδρὶ

1016 870 1150 906 παρθένον
1166 870 1250 906 ἁγνὴν
1265 873 1438 906 παραστῆσαι
1450 871 1488 906 τῷ
1501 871 1621 906 Χριστῷ.
1641 882 1649 897 ι
1667 872 1804 907 κλήτορες

173 927 290 962 pronubi
305 927 480 958 exstiterunt,
498 930 525 953 et
540 934 587 953 eos
602 926 648 961 qui
663 926 760 953 remoti
776 929 864 957 erant,
878 932 962 960 prope

1015 915 1068 951 γὰρ
1088 915 1181 947 ὥσπερ
1200 916 1247 942 καὶ
1272 916 1452 951 νυμφαγωγοὶ
1467 916 1609 950 γεγόνασιν
1625 917 1649 942 οἰ
1666 917 1797 952 μακάριοι

172 976 326 1000 statuerunt
342 976 447 999 tantum
465 979 520 999 non
538 972 756 1007 conglutinantes
772 971 893 1003 Christo,
907 971 963 1005 spi-

173 1017 296 1052 ritusque
310 1018 415 1045 unitate
429 1017 600 1052 colligantes.
612 1018 646 1044 Et
658 1017 774 1044 asciscet
788 1017 898 1052 quidem
912 1016 964 1043 sibi

172 1063 224 1098 ipsi
239 1063 388 1090 Ecclesiam
406 1062 543 1094 Christus,
564 1063 685 1098 erigente
701 1063 797 1097 ipsam,
813 1069 844 1088 ac
858 1065 963 1088 tantum

170 1115 227 1135 non
238 1107 371 1136 offerente
385 1108 440 1134 Deo
452 1115 483 1134 ac
496 1108 574 1134 Patre
590 1107 754 1142 proprioque
765 1106 835 1133 Filio
847 1107 965 1141 despon-

171 1153 263 1180 dente.
288 1153 423 1180 Caaterum
448 1152 522 1187 quod
545 1152 730 1180 mediantibus
752 1152 864 1184 sanctis,
883 1160 964 1179 nemo

171 1199 347 1226 dubitaverit.
365 1199 505 1234 Siquidem
523 1198 633 1225 divinus
649 1198 733 1225 David
751 1198 902 1233 prrecinens
915 1206 965 1224 no-

171 1244 214 1272 bis
231 1244 403 1280 mysterium,
424 1244 458 1271 ad
479 1244 565 1279 ipsam
578 1244 678 1271 alicubi
696 1244 735 1271 ait
751 1253 757 1270 :
779 1254 786 1268 ι
802 1243 883 1275 Audi,
898 1243 962 1276 ﬁlia,

170 1294 199 1317 et
209 1289 281 1321 vide,
295 1293 323 1316 et
336 1289 436 1317 inclina
452 1297 547 1316 aurem
561 1293 644 1321 tuam,
656 1293 684 1316 et
698 1289 860 1316 obliviscere
875 1297 963 1323 popu-

171 1336 227 1363 lum
244 1339 333 1367 tuum,
351 1341 379 1363 et
393 1336 504 1363 domum
519 1336 604 1370 patris
618 1337 668 1368 tui,
684 1336 814 1370 quoniam
831 1335 962 1370 concupi—

170 1380 210 1407 vit
226 1388 274 1408 rex
286 1380 519 1415 pulchritudinem
542 1385 617 1407 tuam
633 1389 639 1414 ;
662 1381 725 1415 quia
746 1381 803 1415 ipse
819 1385 861 1408 est
874 1380 964 1407 Domi-

171 1433 224 1453 nus
246 1431 319 1457 tuus,
335 1431 362 1453 et
384 1426 488 1453 servies
507 1426 532 1453 ei
551 1427 583 1452 δ’.
603 1436 612 1452 ι
645 1426 772 1453 Testatus
802 1430 844 1452 est
872 1430 962 1452 autem

171 1471 255 1499 etiam
270 1472 379 1503 Paulus,
392 1476 422 1498 ut
434 1472 514 1498 modo
528 1471 595 1504 dixi,
607 1472 692 1499 veluti
705 1482 712 1496 ι
728 1480 854 1506 sponsam
869 1479 964 1505 quam—

172 1518 234 1546 dam
248 1517 372 1545 exhiberi
386 1517 495 1544 Christo
505 1517 527 1533 ⁸³
542 1528 551 1543 ι
566 1517 670 1545 ﬁdeles.
683 1518 765 1552 Atqui
777 1517 962 1544 venerandum

172 1564 240 1591 adeo
267 1567 349 1598 atque
376 1563 568 1591 admirandum
595 1564 756 1599 mysterium
784 1563 962 1590 nihilominus

171 1617 253 1644 quam
264 1609 292 1636 in
305 1609 386 1636 nobis
400 1609 483 1636 etiam
495 1609 523 1635 in
539 1609 591 1636 hoc
602 1617 697 1636 rursus
711 1609 845 1643 quispiam
860 1609 960 1635 videat.

173 1655 310 1690 Scriptum
329 1660 370 1682 est
388 1655 461 1682 enim
476 1664 482 1681 :
503 1664 511 1680 ι
530 1655 596 1682 Erat
609 1659 700 1682 autem
716 1654 852 1681 Abraham
871 1654 963 1681 senior

170 1704 316 1735 provectus
325 1699 433 1731 diebus,
441 1703 467 1725 et
478 1699 610 1725 Dominus
622 1698 760 1726 benedixit
768 1698 904 1725 Abraham
914 1707 962 1733 per

170 1745 271 1771 omnia.
290 1744 324 1771 Et
345 1743 414 1770 dixit
429 1743 566 1770 Abraham
585 1751 663 1770 servo
683 1751 733 1770 suo
749 1742 850 1769 seniori
865 1743 962 1770 domus

171 1798 236 1821 suae,
246 1790 362 1825 principi
370 1798 481 1817 suorum
491 1790 613 1816 omnium
622 1799 627 1816 :
636 1790 708 1816 Pone
718 1797 827 1816 manum
835 1795 907 1816 tuam
915 1797 962 1816 su-

171 1843 221 1869 per
230 1835 319 1862 femur
329 1843 431 1867 meum,
442 1840 469 1862 et
481 1835 614 1869 adjurabo
627 1840 652 1862 te
663 1843 711 1869 per
719 1835 864 1863 Dominum
877 1835 962 1861 Deum

171 1881 244 1914 cmli,
254 1882 373 1909 etDeum
387 1887 475 1913 teme,
485 1885 515 1908 ul
524 1890 577 1908 non
587 1882 705 1916 accipias
713 1890 825 1909 uxorem
838 1881 892 1908 lilio
901 1889 962 1908 meo

172 1929 246 1956 Isaae
255 1928 289 1955 de
300 1928 408 1955 ﬁliabus
417 1928 643 1960 Chananazorum,
659 1936 721 1955 cum
735 1928 835 1963 quibus
851 1936 901 1962 ego
915 1928 963 1954 ha-

171 1975 228 2003 bito
244 1975 316 2002 inter
327 1976 414 2010 ipsos;
429 1974 475 2002 sed
490 1975 517 2001 in
532 1979 632 2001 terram
641 1982 739 2006 meam,
751 1974 796 2001 ubi
807 1979 886 2001 natus
901 1982 960 2001 sum

171 2028 230 2055 ego,
242 2020 306 2053 ibis,
317 2026 344 2048 et
354 2021 382 2047 in
392 2020 493 2048 tribum
505 2028 603 2052 meam,
613 2024 640 2047 et
651 2020 767 2054 accipies
776 2027 885 2046 uxorem
905 2019 960 2047 lilio

170 2073 232 2094 meo
247 2066 333 2099 Isaac,
348 2066 410 2093 inde
423 2065 455 2093 ⁸³.
475 2076 483 2091 ι
506 2066 575 2093 Cum
597 2065 687 2099 itaque
707 2065 766 2092 hzec
787 2065 961 2099 prmccpisset

129 2128 131 2132 -
170 2112 320 2145 Abraham,
333 2113 434 2148 juravit
456 2111 566 2147 quidem
586 2111 676 2138 statim
694 2119 799 2143 servus,
818 2111 961 2145 imponens

171 2166 282 2185 manum
302 2157 401 2185 femori
419 2158 524 2185 domini
542 2158 594 2185 sui.
609 2158 646 2185 Er
659 2166 713 2192 quo
726 2158 875 2192 intelligere
896 2158 960 2185 licet

171 2204 261 2238 ipsum
283 2203 332 2231 toti
355 2204 535 2239 generationi,
549 2211 610 2238 qua:
627 2211 660 2230 ex
678 2203 737 2238 ipso
756 2204 859 2231 oritura
876 2208 958 2236 esset,

1017 961 1148 996 μαθηταὶ,
1165 961 1225 992 τοὺς
1244 961 1283 987 ἔτι
1302 961 1410 996 μακρὰν
1425 961 1564 993 ποιοῦντες
1581 962 1677 996 ἐγγὺς,
1692 962 1738 988 καὶ
1757 971 1805 996 μο-

1015 1006 1121 1041 νονουχὶ
1138 1005 1287 1037 κολλῶν-τες
1309 1006 1439 1040 Χριστῷ,
1463 1006 1510 1032 καὶ
1530 1008 1563 1042 τῇ
1584 1006 1630 1033 τοῦ
1651 1006 1805 1040 πνεύματος

1015 1051 1109 1078 ὲνώσει
1136 1052 1300 1082 συνδέοντες.
1322 1051 1375 1077 Καὶ
1399 1052 1569 1086 παραστήσει
1588 1051 1637 1086 μὲν
1654 1051 1741 1086 ἑαυτῷ
1755 1052 1805 1086 τὴν

1021 1097 1184 1132 Ἐκκλησίαν
1200 1097 1317 1132 Χριστός
1329 1105 1335 1111 ⁸
1354 1097 1540 1128 διανιστάντος
1555 1097 1651 1132 αὐτὴν,
1665 1097 1806 1132 μονονουχὶ

1014 1144 1041 1170 δὲ
1066 1143 1113 1170 καὶ
1131 1143 1327 1179 προσάγοντος,
1341 1143 1388 1168 τοῦ
1408 1142 1474 1168 Θεοῦ
1495 1143 1541 1169 καὶ
1559 1144 1677 1178 Πατρὶς,
1701 1143 1748 1169 καὶ
1767 1142 1805 1178 τῷ

1016 1189 1074 1225 ἰδίῳ
1083 1189 1286 1222 κατεγγυῶντος
1301 1189 1368 1224 Υἱῷ,
1383 1189 1452 1224 πλὴν
1464 1189 1503 1215 ὃτι
1514 1190 1707 1224 μεσιτευὸντων
1721 1190 1805 1224 ἁγίων

1015 1236 1066 1262 οὐκ
1085 1235 1117 1262 ἂν
1139 1234 1288 1261 ὲνδοιάσειέ
1305 1243 1356 1266 τις.
1381 1234 1409 1261 '0
1426 1235 1475 1269 μὲν
1494 1234 1549 1270 γὰρ
1567 1234 1709 1266 θεσπέσιος
1723 1235 1805 1261 Δαεὶδ

1015 1281 1219 1317 προαναφωνῶν
1242 1282 1308 1316 ἡμῖν
1322 1281 1352 1307 τὺ
1376 1281 1534 1316 μυστήριον,
1558 1281 1626 1316 πρὸς
1646 1281 1729 1316 αὑτήν
1752 1281 1803 1308 πού

1015 1336 1110 1363 φησιν·
1130 1337 1138 1353 ι
1162 1327 1307 1358 ΙἌκουσον,
1325 1327 1455 1362 Θύγατερ,
1474 1327 1520 1353 καὶ
1538 1326 1585 1358 ἴδε,
1604 1328 1650 1354 καὶ
1663 1328 1754 1354 κλῖνον
1770 1327 1803 1354 τὺ

1014 1372 1059 1405 οὖς
1075 1382 1132 1405 σου,
1146 1373 1192 1400 καὶ
1203 1372 1332 1399 ἐπιλάθου
1343 1373 1389 1399 τοῦ
1403 1372 1466 1399 λαοῦ
1484 1381 1530 1399 σου
1553 1373 1600 1398 καὶ
1613 1372 1659 1399 τοῦ
1669 1373 1743 1400 οἴκου
1755 1373 1802 1400 τοῦ

1014 1420 1121 1455 Πατρός
1142 1427 1188 1445 σου
1204 1428 1210 1434 ·
1233 1419 1274 1445 ὅτι
1290 1419 1462 1453 ἐπεθύμησεν
1479 1419 1492 1444 ὀ
1510 1418 1636 1453 βασιλεὺς
1661 1419 1708 1445 τοῦ
1736 1419 1802 1446 κάλ-

1016 1466 1077 1497 λους
1094 1475 1140 1492 σου
1153 1475 1159 1481 ·
1173 1467 1214 1492 ὅτι
1230 1465 1312 1497 αὑτός
1329 1466 1385 1492 ἐστι
1398 1465 1500 1500 Κύριός
1517 1474 1575 1498 σου,
1589 1465 1635 1492 καὶ
1651 1466 1804 1501 προσκυνή-

1015 1521 1072 1544 σεις
1098 1512 1181 1547 αὐτῷ.
1202 1522 1211 1538 ι
1225 1511 1416 1547 Διωμολόγηκε
1438 1511 1465 1537 δὲ
1488 1511 1534 1538 καὶ
1548 1512 1561 1537 ὁ
1580 1511 1695 1543 Παῦλος,
1719 1511 1804 1538 καθά-

1015 1567 1067 1594 περ
1083 1558 1150 1593 ἔφην
1177 1558 1279 1593 ἀρτίως
1291 1578 1297 1589 ,
1323 1555 1366 1584 οἶὰ
1392 1566 1452 1583 τινα
1471 1558 1579 1592 νύμφην
1598 1557 1804 1592 παρασταοῆναι

1014 1603 1124 1639 Χριστῷ
1151 1604 1214 1635 τοὺς
1234 1603 1461 1634 πεπιστευκότας.
1483 1603 1562 1629 Ἀλλὰ
1575 1602 1604 1628 τὸ
1615 1602 1686 1628 οὕτω
1708 1602 1804 1629 σεπτὸν

1014 1650 1060 1676 καὶ
1079 1649 1256 1682 ἀξιὰκουστον
1276 1649 1383 1683 ἀληθῶς
1411 1649 1559 1683 μυστήριον
1587 1649 1690 1674 κατίδοι
1710 1657 1752 1679 τις
1773 1647 1804 1674 ἂν

1014 1695 1089 1721 οὐδὲν
1116 1692 1196 1730 ἧττον
1220 1694 1298 1729 ἡμῶν
1322 1695 1368 1720 καὶ
1394 1694 1461 1729 τῷδε
1482 1694 1513 1728 δὴ
1534 1694 1622 1721 πάλιν.
1647 1694 1804 1728 Γέγραπται

1015 1741 1066 1775 γὰρ
1081 1761 1087 1771 ,
1104 1740 1145 1766 ὅτι
1161 1741 1207 1766 καί
1233 1749 1242 1765 ι
1267 1740 1396 1775 Ἀϐραὰμ
1413 1738 1446 1775 ἦν
1461 1740 1645 1776 πρεσϐύτερος
1667 1740 1804 1774 προϐεϐη-

1014 1786 1068 1818 κὼς
1083 1786 1204 1822 ἡμερῶν,
1220 1786 1266 1813 καὶ
1276 1786 1376 1822 Κύριος
1390 1786 1520 1821 εὑλόγησε
1531 1786 1575 1813 τὸν
1594 1786 1718 1821 Ἀϐραὰμ
1734 1786 1803 1812 κατὰ

1014 1832 1110 1858 πάντα.
1134 1832 1188 1858 Καὶ
1202 1830 1278 1858 εἶπεν
1300 1832 1425 1867 ’Λεραὰμ
1437 1832 1475 1867 τῷ
1493 1832 1568 1858 παιδὶ
1584 1831 1665 1858 αὑτοῦ
1679 1832 1716 1866 τῷ
1737 1840 1802 1866 πρε-

1015 1877 1137 1913 σὸυῖέρῳ
1151 1878 1199 1912 τῆς
1213 1878 1302 1908 οἰκίας
1317 1877 1416 1910 αὐτοῦ,
1435 1878 1473 1912 τῷ
1496 1879 1606 1913 ἄρχοντι
1624 1878 1732 1905 πάντων
1749 1877 1803 1903 τῶν

1013 1923 1096 1950 αὐτοῦ
1109 1932 1116 1939 ”
1131 1923 1182 1954 Θὲς
1201 1923 1250 1958 τὴν
1266 1924 1344 1959 χεῖρὰ
1358 1932 1404 1950 σου
1425 1925 1470 1950 ἐπὶ
1489 1924 1535 1950 τὸν
1561 1924 1646 1959 μηρόν
1664 1933 1715 1958 μου
1728 1945 1735 1955 ,
1756 1924 1803 1950 καὶ

1014 1969 1131 2005 ὲξορκιῶ
1146 1978 1174 1995 σε
1190 1970 1293 2004 Κύριον
1313 1969 1357 1996 τὸν
1381 1970 1447 1995 (θεὸν
1468 1969 1514 1996 τοῦ
1527 1969 1660 2005 οὐρανοῦ,
1678 1971 1726 1996 καὶ
1754 1970 1800 1996 τὸν

1014 2016 1079 2042 Θεὸν
1102 2015 1150 2050 τῆς
1164 2016 1233 2050 γῆς,
1258 2016 1302 2043 ἵνα
1321 2016 1358 2051 μὴ
1374 2016 1459 2051 λάϐῃς
1481 2017 1600 2050 γυναῖκα
1621 2015 1660 2051 τῷ
1675 2016 1724 2051 υἱῷ
1750 2024 1802 2051 μου

1020 2061 1111 2088 Ἰσαὰκ
1123 2062 1176 2088 ἀπὸ
1189 2062 1242 2088 τῶν
1257 2062 1415 2098 θυγατέρων
1429 2063 1483 2089 τῶν
1498 2062 1670 2095 Χαναναίων,
1685 2062 1744 2097 μεθ’
1764 2058 1802 2089 ὧν

1013 2107 1068 2142 ἐγὼ
1081 2107 1147 2134 οἰκῶ
1163 2109 1190 2134 ἐν
1205 2109 1306 2140 αὐτοῖς.
1336 2108 1405 2134 Ἀλλ’
1418 2110 1458 2140 εἰς
1475 2108 1523 2143 τὴν
1536 2109 1598 2143 γῆν,
1614 2104 1644 2135 οὗ
1657 2109 1800 2143 ἐγενόμην,

1012 2152 1133 2190 πορεύσῇ
1151 2153 1197 2180 καὶ
1218 2155 1256 2185 εἰς
1269 2154 1317 2189 τὴν
1336 2154 1422 2188 φυλήν
1442 2163 1505 2189 μου.
1520 2155 1575 2180 Καὶ
1593 2154 1664 2189 λήψῃ
1684 2155 1801 2188 γυναῖκα

1011 2200 1049 2235 τῷ
1063 2200 1112 2235 υἱῷ
1125 2208 1174 2235 μου
1190 2200 1282 2226 Ἰσαὰκ
1308 2199 1421 2226 ἐκεῖθεν.
1440 2209 1449 2226 ι
1463 2199 1555 2226 Ταῦτα
1565 2199 1708 2234 τοιγαροῦν
1723 2207 1801 2234 προσ-

168 2250 355 2284 juramentum
372 2249 542 2284 praestitisse.
557 2249 684 2276 Oneratis
697 2249 788 2284 itaque
802 2250 895 2277 decem
913 2258 959 2277 ca-

1015 2245 1155 2280 τεταχότος
1184 2246 1231 2271 τοῦ
1259 2245 1406 2280 Ἀδραὰμ,
1435 2245 1570 2280 διώμνυτο
1589 2245 1638 2279 μὲν
1659 2245 1673 2270 ὁ
1691 2244 1800 2279 οἰκέτης

171 2294 252 2322 melis
271 2295 367 2322 multis
385 2294 490 2322 divitiis
515 2295 663 2327 Abraham,
683 2295 751 2322 abiit
774 2296 906 2323 velociter
931 2295 958 2322 in

172 2339 405 2374 Mesopotamiam,
426 2340 557 2374 venitque
575 2340 602 2367 in
616 2340 753 2368 civitatem
773 2341 891 2373 Nacbor,
906 2341 961 2376 90

172 2389 200 2411 et
213 2385 356 2420 quiescere
372 2385 437 2413 fecit
448 2386 566 2413 camelos
580 2390 657 2413 extra
671 2387 808 2414 civitatem
823 2388 895 2422 apud
909 2396 960 2423 pu-

173 2435 248 2458 teum
262 2439 349 2466 aquas,
370 2431 404 2459 de
418 2439 531 2467 vespere
550 2433 661 2467 quando
681 2433 858 2469 egrediuntur
875 2442 960 2469 aqua-

173 2477 266 2504 trices.
280 2476 348 2504 Cum
364 2477 447 2513 igitur
467 2485 500 2505 eo
516 2477 697 2512 pervenisset,
718 2480 806 2507 oravit
825 2480 911 2507 Deum
931 2485 962 2508 ut

173 2521 227 2556 ipsi
234 2521 307 2549 viam
318 2523 447 2557 aperiret,
456 2523 667 2559 ostenderetque
675 2524 808 2560 virginem
817 2526 961 2560 pulchram

173 2571 255 2601 atque
274 2567 446 2602 hospitalem,
466 2576 582 2603 qumque
603 2569 717 2605 impigra
735 2575 808 2598 esset
829 2571 862 2598 ad
884 2579 960 2599 amo—

174 2619 232 2638 rem
248 2612 448 2640 exhibendum.
474 2623 483 2638 ‹
502 2614 563 2641 Erit
581 2614 664 2647 enim,
684 2615 783 2650 inquit,
809 2616 885 2651 virgo
915 2617 961 2644 cui

173 2664 224 2693 ego
244 2657 339 2685 dixero
354 2667 361 2685 :
376 2658 479 2686 Inclina
506 2659 630 2695 bydriam
660 2664 733 2688 tuam
751 2665 780 2688 ut
804 2661 906 2694 bibam,
933 2666 962 2689 et

174 2702 275 2730 dixerit
290 2703 358 2730 mihi
374 2711 380 2729 :
394 2702 470 2735 Bibe,
487 2706 515 2731 et
535 2704 655 2732 camelos
671 2709 732 2732 tuos
751 2706 860 2740 potabo,
874 2706 962 2733 donec

175 2748 269 2783 utique
286 2752 394 2776 cessent
408 2748 543 2782 bibentes,
560 2750 631 2778 hanc
645 2751 801 2785 pneparasti
821 2759 900 2778 servo
914 2756 960 2778 tuo

175 2793 248 2821 Isaac
262 2794 294 2820 ⁸⁸.
312 2803 321 2819 ι
339 2793 417 2821 Venit
431 2793 521 2829 itaque
534 2795 625 2822 statim
639 2795 726 2829 puella
739 2794 837 2822 decora
849 2800 960 2830 aspectu

212 2888 231 2901 "‘
252 2885 272 2912 ΙΙ
286 2887 350 2915 Cor.
372 2898 404 2921 ιι,
423 2890 448 2916 2.
489 2889 510 2905 ἠ
524 2889 594 2916 Psal.
617 2897 685 2921 xuv,
704 2888 745 2921 ll,
759 2889 800 2916 l2.

840 2888 860 2903 ‘“
872 2889 892 2915 ll
904 2889 965 2916 (Zor.
979 2897 1013 2921 XI,
1026 2889 1051 2914 ‘2.
1074 2887 1095 2902 "“
1112 2888 1179 2915 Cen.
1201 2896 1270 2919 xxiv,
1287 2888 1341 2914 l4.

1013 2292 1184 2326 παραχρῆμα
1197 2311 1205 2323 ,
1226 2291 1265 2326 τῷ
1284 2291 1364 2326 μηρῷ
1384 2291 1514 2317 δεσπότου
1537 2291 1586 2327 τὴν
1611 2292 1689 2326 χεῖρα.
1713 2291 1800 2317 ὲπιτι-

1013 2337 1079 2369 θείς.
1092 2339 1129 2364 Δι’
1145 2334 1175 2363 οὗ
1191 2337 1326 2372 παρέσται
1340 2338 1409 2364 νοεῖν
1420 2337 1449 2363 τὸ
1465 2337 1608 2372 μονονουχὶ
1625 2336 1694 2363 κατὰ
1709 2336 1799 2371 πάσης

1011 2384 1061 2420 τῆς
1074 2383 1207 2419 ἐσομένης
1227 2383 1256 2416 ἐξ
1275 2383 1358 2410 αὑτοῦ
1376 2385 1456 2418 γονῆς
1469 2383 1635 2419 πεποιῆσθαι
1647 2382 1697 2418 τὴν
1712 2384 1799 2418 ὁρκω-

1014 2430 1121 2466 μοσιαν.
1142 2429 1360 2465 Ἐπαναοέμενος
1375 2429 1404 2454 δὲ
1418 2430 1552 2464 καμήλοις
1563 2429 1629 2456 δέκα
1642 2428 1728 2455 πολλὰ
1746 2427 1799 2454 τῶν

1019 2477 1143 2512 Ἀὁραὰμ
1155 2475 1276 2510 ἀγαθῶν,
1288 2475 1443 2509 ἀφικνεῖται
1456 2475 1584 2510 δρομαῖος
1596 2476 1635 2506 εὶς
1647 2474 1695 2509 τὴν
1714 2474 1799 2509 μέσην

1011 2522 1065 2549 τῶν
1079 2521 1218 2556 ποταμῶν.
1236 2521 1291 2549 Καὶ
1308 2521 1433 2557 καταίρει
1457 2521 1505 2556 μὲν
1524 2522 1564 2553 εἰς
1587 2520 1663 2547 πόλιν
1677 2519 1796 2555 Ναχώρ·

1011 2568 1120 2601 ὀκλάζει
1142 2568 1171 2595 δὲ
1187 2568 1236 2600 τὰς
1253 2568 1392 2603 καμήλους
1415 2567 1466 2599 ἔξω
1482 2568 1532 2601 τῆς
1548 2567 1651 2598 πόλεως
1671 2568 1746 2601 παρὰ
1769 2565 1798 2592 τὸ

1012 2615 1101 2650 φρέαρ
1115 2614 1161 2640 τοῦ
1180 2614 1287 2646 ὕδατος,
1309 2614 1338 2640 τὸ
1358 2614 1480 2649 προσοψὲ
1502 2614 1583 2649 ἡνίκα
1601 2612 1798 2648 ἐκπορεύονται

1012 2661 1040 2687 αἱ
1063 2660 1252 2695 ὑδρευόμεναι.
1284 2660 1460 2694 Ἀφικόμενος
1484 2659 1515 2694 δὴ
1540 2657 1585 2685 οὖν
1607 2660 1708 2691 ἐκεῖσε,
1732 2658 1798 2685 Θεὸν

1013 2695 1136 2740 ἐλιπάρει
1150 2705 1242 2732 λοιπον
1256 2705 1405 2741 ἀνευρῦναι
1422 2704 1470 2739 τὴν
1486 2704 1554 2734 ὁδὸν,
1575 2704 1620 2730 καὶ
1640 2703 1797 2735 καταδεῖξαι

1013 2750 1148 2784 παρθένον
1162 2750 1277 2785 εὺδρανῆ
1290 2750 1337 2777 καὶ
1356 2748 1510 2783 φιλόξενον,
1523 2749 1570 2775 καὶ
1583 2749 1664 2775 ὄκνου
1680 2748 1726 2775 τοῦ
1738 2747 1798 2783 βλέ·

1014 2804 1110 2827 ποντος
1123 2797 1161 2827 εις
1172 2795 1283 2831 ἀγάπην
1297 2795 1448 2831 κρείττονα.
1467 2804 1475 2820 ι
1490 2795 1658 2829 Ἔσταιγὰρ,
1674 2794 1764 2829 φησιν,
1783 2794 1800 2826 ἡ

1381 2888 1402 2902 ⁸⁵
1421 2887 1488 2914 ibid.
1510 2887 1549 2914 H.
