1990 3050
171 138 225 166 159

685 139 944 168 GLAPHYRORUM
964 139 997 167 IN
1016 139 1164 167 CENESUI
1185 139 1248 166 LIB.
1270 139 1314 166 111.

1759 140 1814 166 na-

172 197 320 233 παρθένος,
333 194 350 235 ᾖ
363 198 409 226 ἐὰν
420 198 474 233 ἐγὼ
487 197 566 231 εἴπω,
591 197 743 225 Ἑπίκλινον
755 198 803 233 τὴν
814 198 905 234 ὑδρίαν
921 206 963 224 σοι

1020 197 1259 234 pulcherrimaque
1284 197 1378 231 virgo,
1405 195 1539 228 Rebecca,
1562 196 1682 231 inquam.
1701 196 1806 224 Potenti

175 245 222 272 ἱνα
236 245 290 272 πίω
302 265 308 276 ,
326 245 372 271 καὶ
389 243 467 281 εἴπῃ,
484 245 534 271 Πίε
545 266 551 278 ,
572 244 679 277 καὶτὰς
693 245 833 280 καμήλους
854 253 899 271 σου
918 253 966 270 πο-

172 289 235 323 τιῶ,
253 290 306 322 ἕως
322 290 355 318 ἂν
371 290 529 318 παύσωνται
547 291 684 323 πίνουσαι,
698 290 800 327 ταύτην
815 291 966 326 ἡτοίμασας

173 337 213 372 τῷ
230 336 304 363 παιδί
318 345 366 363 σου
388 336 490 365 Ἰσαάκ.
508 347 517 363 ι
542 336 612 364 Ἀλλ’
626 334 693 372 ἧκεν
706 336 755 363 οὒκ
771 338 811 368 εἰς
829 336 965 372 μακρὰνὴ

175 382 246 419 καλὴ
258 382 296 418 τῷ
310 383 376 410 εῖδει
393 383 438 410 καὶ
448 383 656 419 εὐπρεπεστάτη
675 382 819 419 παρθένος,
833 383 905 418 φημι
921 382 963 418 δὴ,

180 429 324 456 Ῥεϐέκκα.
344 429 509 463 Ἐξαιτοῦντι
524 430 553 456 δὲ
570 431 660 462 πιεῖν,
681 430 818 466 προσῆγεν
837 429 964 464 ἑτοίμως.

181 476 380 511 Ἐπηγγέλλετο
401 477 429 504 δὲ
449 477 496 503 καὶ
516 477 602 508 αὑτὰς
616 477 718 503 ποτιεῖν
735 475 785 507 τὰς
805 475 945 511 καμήλους
957 495 964 508 ,

175 522 222 548 καὶ
239 523 279 554 εὶς
297 522 376 558 ἔργον
400 522 482 558 ἤγετο
499 523 532 550 τὰ
548 522 752 558 ἐπηγγελμένα.
769 521 923 557 Συμὸἀλλει
934 521 966 557 δὴ

174 565 221 594 οὖν
235 568 250 594 ὁ
265 567 374 603 οἰκέτης
389 568 523 601 ἐντεῦθεν,
540 568 578 600 ὡς
595 568 665 603 αὕτη
680 568 772 594 λοιπὸν
789 568 843 602 εἴη,
858 562 904 594 καὶ
918 567 966 603 οὐχ

174 613 265 648 ἑτέρα.
280 612 424 648 Τοιγάρτοι
438 612 534 647 ψέλλιά
548 621 578 639 τε
594 613 640 639 καὶ
654 612 750 639 ἐνώτια
765 611 865 643 λαϐὼν,
880 620 966 648 προση

174 657 286 692 εκόμιζε
300 658 332 693 τῇ
353 658 467 685 νεάνιδι.
502 658 534 684 'H
549 657 576 684 δὲ
593 658 661 684 οἴκοι
679 657 834 693 παρελθεῖν,
853 656 966 683 ἕπεσθαί

173 711 205 729 τε
222 703 292 739 αὐτῇ
319 704 492 738 παραχρῆμα
520 702 714 738 προσέταττεν.
739 698 776 729 Οὗ
805 701 964 736 γεγονότος,

175 748 309 781 ξενίζεται
325 749 374 784 μὲν
389 749 472 776 αὑτοῦ
485 769 492 780 ,
507 749 635 784 λαμπρὰν
651 749 679 775 δὲ
698 749 822 784 διήγησιν
838 747 883 774 τοῦ
899 747 965 773 ἰδίου

174 794 304 820 δεσπότου
317 794 362 821 τὸν
376 794 491 822 πλοῦτον
503 796 630 821 ποιεῖται.
644 793 802 829 Προσετίθει
812 793 852 826 δὲ,
864 794 904 820 ὅτι
918 793 964 819 ἕνα

175 841 220 867 καὶ
235 841 377 876 ἀγαπητὸν
392 841 461 876 ἔχων
473 841 530 868 υίὸν
544 841 590 868 τὺν
612 841 720 874 Ἰσαὰκ,
743 840 833 867 πάντα
849 840 965 866 δέδωκεν

1016 251 1082 270 vero
1098 248 1202 278 potum,
1225 242 1426 277 promptissime
1446 241 1536 274 dedit;
1553 241 1679 276 promisit
1698 249 1762 269 vero
1779 238 1814 268 se'

1016 289 1098 317 etiam
1113 289 1223 316 camelis
1239 292 1334 324 potum
1357 288 1492 320 daturam,
1513 287 1658 322 statimque
1673 288 1806 322 promissa

1017 335 1186 370 exsequitur.
1198 333 1307 369 Colligit
1318 341 1384 361 vero
1392 341 1425 360 ex
1441 333 1484 360 his
1494 332 1604 360 indiciis
1615 340 1710 360 servus
1721 333 1806 367 ipsam

1016 388 1087 412 esse,
1104 387 1194 415 neque
1218 379 1309 407 aliam.
1330 378 1457 414 Acceptis
1480 378 1564 414 igitur
1585 378 1699 405 armillis
1719 382 1747 405 et
1763 378 1808 404 in-

1016 425 1141 457 auribus,
1156 425 1232 452 dedit
1251 425 1359 460 puellae.
1384 425 1432 452 Illa
1455 432 1521 452 vero
1547 427 1577 451 ut
1596 423 1707 450 domum
1729 431 1806 450 suam

1016 476 1069 504 eat,
1087 472 1228 507 ipsamque
1242 476 1382 507 sequatur,
1396 475 1498 499 monet.
1517 471 1577 505 Quo
1589 470 1660 498 facto
1671 471 1807 506 excipitur

1017 517 1054 545 ibi
1070 518 1200 553 hospitio,
1216 523 1244 546 et
1255 518 1388 554 insignem
1403 519 1436 546 de
1451 518 1555 545 domini
1568 518 1610 545 sui
1626 517 1730 545 divitiis
1744 525 1807 544 nar—

1016 564 1150 591 rationem
1168 564 1296 592 instituit.
1313 565 1420 600 Adjeeit
1438 573 1504 592 vero
1515 565 1600 600 quod,
1616 573 1678 592 cum
1695 564 1807 591 unicum

1015 612 1044 636 et
1061 609 1175 636 charum
1190 610 1325 645 imprimis
1340 610 1453 638 haberet
1471 610 1556 637 ﬁlium
1575 610 1658 642 Isaae,
1678 610 1729 645 ipsi
1747 617 1810 637 om-

1016 654 1062 682 nia
1072 654 1188 688 dederit,
1198 656 1325 691 quodque
1335 656 1395 692 ejus
1405 656 1527 683 omnium
1537 655 1571 683 sit
1579 656 1715 684 dominus.
1728 656 1807 683 Post-

1016 709 1099 735 quam
1122 708 1189 729 vero
1215 702 1358 736 pronubus
1382 702 1523 730 discedere
1548 703 1636 730 voluit
1660 711 1713 730 una
1744 710 1807 730 eum

1016 746 1118 781 puella,
1135 746 1305 782 interrogant
1326 747 1488 780 Rebeceam,
1505 756 1539 776 an
1555 756 1617 780 cum
1632 757 1664 776 eo
1679 748 1717 776 ire
1731 748 1806 779 velit,

1016 796 1044 819 et
1057 800 1090 819 an
1106 792 1225 820 libenter
1240 793 1373 821 discedat.
1391 795 1452 829 Ipsa
1471 802 1537 822 vero
1554 799 1680 830 prompte
1699 794 1806 822 annuit.

1016 838 1092 865 Isaac
1106 843 1197 866 autem
1214 839 1248 866 ad
1261 847 1290 867 se
1307 840 1452 868 adductam
1468 841 1496 867 in
1512 840 1623 868 domum
1639 849 1716 868 suam
1730 841 1808 868 laetus

174 886 260 921 αὐτῷ.
273 887 320 913 καὶ
333 887 458 920 δεσπόζει
482 886 536 914 τῶν
550 886 618 913 ὅλων
637 887 651 913 ὁ
672 886 788 918 νεανίας.
817 885 924 921 Ἐπειδὴ
939 885 963 912 δὲ

1019 883 1134 915 inducit,
1149 885 1360 920 consolatusque
1374 891 1416 913 cst
1429 887 1615 920 vehementer,
1628 886 1735 915 etiamsi
1749 895 1807 914 ma-

174 933 333 968 ἀποτρέχειν
359 933 453 968 ἢθελεν
472 932 539 968 ὁμοῦ
556 934 589 969 τῇ
608 932 708 961 νεάνιδι
721 933 816 959 λοιπὸν
843 934 856 959 ὁ
876 941 964 968 νυμφ-

174 977 455 1013 αγωγὸς,διερωτῶσι
476 977 624 1005 Ῥεϐέκκαν
652 979 677 1005 εί
706 977 894 1013 συμϐαδιεῖται
925 976 965 1012 τῷ

176 1023 332 1058 κεκληκότι,
347 1025 393 1050 καὶ
407 1024 551 1060 ἀσπαστὴν
570 1026 714 1061 ποιήσεται
729 1024 778 1059 τὴν
796 1023 963 1058 ἀποδρομήν.

1020 934 1062 957 ter
1079 930 1165 965 ipsius
1179 935 1287 958 mortua
1300 931 1391 959 fuerit.
1408 932 1517 968 Longus
1532 933 1624 968 itaque
1635 938 1677 960 est
1688 933 1809 961 historiae

1016 983 1117 1003 sermo.
1137 975 1273 1003 therum
1292 985 1342 1004 nos
1360 985 1422 1004 cum
1441 977 1467 1004 in
1490 985 1624 1004 summam
1644 978 1808 1013 redigentes,

1017 1022 1090 1056 quod
1110 1022 1177 1049 satis
1195 1027 1239 1049 est
1258 1023 1387 1050 diximus.
1409 1023 1586 1058 Spiritualem
1601 1024 1684 1058 igitur
1698 1032 1808 1051 sensum

156 1066 168 1076 ⁸
181 1069 213 1095 ’11
236 1069 265 1096 δὲ
284 1070 428 1096 κατανεύει
449 1070 607 1106 προθύμως.
630 1070 796 1105 Ἀιριγμένην
817 1069 844 1096 δὲ
867 1069 963 1102 οὕτως,

1017 1066 1166 1096 artiﬁciose
1193 1068 1381 1103 inquiramus,
1403 1074 1430 1096 et
1458 1069 1580 1105 mysterii
1606 1073 1699 1105 typum
1725 1070 1808 1098 veluti

173 1114 347 1146 εἶσοικίζεται
361 1115 410 1149 μὲν
421 1114 564 1150 ἐθελοντὴς
576 1115 626 1150 ἤδη
643 1117 656 1141 ὁ
677 1114 769 1140 Ἰσαάκ
781 1121 788 1127 '
804 1112 963 1148 παρεκλήθη

1016 1112 1142 1140 obscuris
1160 1113 1324 1148 quibusdam
1344 1114 1450 1142 umbris
1467 1115 1620 1142 involutum
1638 1115 1808 1151 indagemus,

171 1159 200 1186 δὲ
211 1159 297 1192 οὕτως
309 1160 421 1196 σφόδρα,
435 1160 522 1187 καίτοι
539 1160 690 1195 τεθνεώσης
704 1159 778 1195 αὑτῴ
789 1159 838 1194 τῆς
852 1157 963 1194 μητρός.

1016 1158 1216 1194 veritatemque
1233 1168 1373 1188 eruamus.

172 1207 285 1243 Μικρὸς
307 1207 356 1241 μὲν
380 1205 426 1234 οὖν
449 1207 496 1234 καὶ
519 1207 602 1239 πολὺς
626 1207 675 1242 τῆς
695 1206 814 1242 ἱστορίας
839 1207 852 1232 ὁ
875 1205 962 1239 λόγος.
983 1204 1241 1240 Πλὴνὲπιτεμὸντες
1255 1207 1293 1239 ὡς
1320 1207 1360 1235 ἔνι
1372 1207 1484 1245 ταύτην,
1513 1210 1632 1246 διαρκῶς
1646 1211 1807 1246 εἰρήκαμεν.

179 1251 285 1278 Ὶῐκέτω
301 1252 330 1278 δὲ
353 1249 400 1279 οὖν
415 1252 465 1287 τῆς
483 1252 600 1287 θεωρίας
615 1254 631 1288 ὴ
652 1252 767 1287 δύναμις
787 1252 832 1277 ἐπὶ
853 1251 883 1277 τὸ
901 1251 961 1277 λίαν
981 1250 1116 1285 εὐτεχνὲς,
1133 1251 1181 1278 καὶ
1196 1253 1241 1279 τὸν
1257 1252 1304 1279 τοῦ
1339 1255 1489 1291 μυστηρίου
1508 1257 1593 1284 τύπον
1625 1256 1809 1285 ἀναδεικνιῦτω

171 1298 264 1327 πάλιν.
276 1298 313 1330 ὡς
324 1299 352 1324 έν
368 1299 502 1334 ἀμυδραῖς
517 1299 566 1335 μὲν
580 1299 620 1325 ἔτι
635 1299 734 1331 σκιαῖς,
753 1298 821 1334 πλὴν
836 1299 964 1326 ὠδίνοντα
983 1297 1032 1332 τὴν
1047 1297 1185 1333 ἀλήθειαν.

209 1343 242 1378 β’.
261 1343 318 1370 Οὐκ
337 1343 451 1379 ἠξίωσεν
472 1343 599 1380 Ἀϐραὰμ
619 1344 718 1371 ἐκτῶν
735 1344 894 1379 θυγατέρων
909 1343 963 1369 Χα-

1048 1341 1074 1368 2.
1096 1342 1264 1378 Dedignatus
1277 1347 1318 1372 est
1330 1345 1467 1373 Abraham
1484 1346 1585 1374 dilecto
1596 1347 1652 1374 ﬁlio
1665 1356 1724 1381 suo,
1734 1348 1809 1377 lsaac

171 1389 238 1416 ναὰν
253 1389 372 1425 ἁρμόσαι
388 1391 504 1424 γυναῖκα
518 1389 557 1424 τῷ
573 1389 746 1424 ἠγαπημένῳ
757 1409 764 1420 ,
780 1389 850 1424 φημὶ
865 1388 906 1423 δὴ,
925 1387 963 1423 τῷ

1015 1388 1154 1421 nimirum,
1178 1398 1291 1417 uxorem
1313 1399 1346 1418 ex
1370 1391 1479 1418 ﬁliabus
1495 1392 1711 1421 Chauanaeorum
1732 1396 1807 1427 dare,

177 1436 271 1464 Ἰσαάκ
284 1445 290 1451 ⁸
309 1436 366 1463 ἀλλ’
386 1437 426 1468 είς
445 1436 494 1471 τὴν
514 1436 567 1463 τῶν
584 1435 852 1471 είδωλολατρούντων
873 1435 962 1471 χώραν

1015 1433 1060 1461 sed
1077 1434 1105 1461 in
1120 1436 1258 1470 regionem
1275 1436 1482 1464 idololatrarum
1497 1439 1639 1474 preprium
1655 1448 1734 1467 suum
1750 1449 1806 1468 scr-

168 1483 217 1509 τὺν
226 1483 338 1518 γνήσιον
349 1482 511 1518 ἀποτρέχειν
520 1482 645 1508 ἐκέλευεν
655 1482 774 1517 οίκέτην,
785 1481 963 1517 φροντιοῦντσι

1015 1486 1076 1506 vum
1101 1480 1202 1511 emisit,
1215 1481 1263 1516 qui
1280 1489 1393 1508 uxorem
1409 1483 1526 1510 maxime
1540 1483 1580 1510 illi
1595 1485 1806 1512 convenientem

171 1528 301 1562 γυναικὸς
315 1528 367 1562 τῆς
388 1528 429 1555 ὅτι
447 1527 563 1563 μάλιστα
578 1527 806 1562 πρεπωδεστάτης
821 1527 906 1561 αὐτῷ.
924 1526 960 1552 Οὐ

1015 1528 1158 1558 quaereret.
1171 1526 1266 1561 Neque
1279 1527 1353 1554 enim
1367 1527 1454 1555 voluit
1468 1528 1540 1555 Deus
1551 1536 1582 1556 ac
1595 1530 1685 1563 Pater,
1701 1531 1808 1559 Judan-

171 1575 227 1610 γὰρ
246 1574 379 1610 ἠθέλησεν
393 1575 407 1601 ὁ
423 1574 488 1605 Θεὸς
505 1574 552 1600 καὶ
572 1573 667 1609 Πατὴρ
682 1572 730 1608 τὴν
745 1572 799 1598 τῶν
826 1572 960 1598 Ἰουδαίων

171 1619 337 1656 Συναγωγὴν
355 1619 473 1654 συνάψαι
489 1619 610 1655 Χριστῷ,
625 1619 654 1650 ὃς
668 1620 696 1645 ἐν
724 1618 816 1644 Ἰσαὰκ
830 1618 961 1653 σημαίνε-

170 1675 225 1693 ται.
250 1665 393 1701 Ὀψιγενὴς
420 1666 474 1701 γὰρ
499 1666 513 1692 ὁ
541 1665 634 1692 Ἰσαὰκ
657 1664 704 1691 καὶ
727 1664 879 1699 ἀγαπητός.
908 1663 961 1690 Πέ-

171 1721 240 1748 φηνε
254 1713 282 1739 δὲ
298 1713 345 1739 καὶ
357 1713 385 1739 ὲν
399 1712 524 1747 ἐσχάτοις
539 1713 644 1747 καιροῖς
660 1711 674 1737 ὁ
686 1711 814 1746 Χριστὸς,
829 1711 875 1738 καὶ
888 1710 962 1737 ἔστιν

169 1759 365 1794 ἡγαπημένος,
389 1758 495 1792 τέρψις
517 1766 547 1784 τε
572 1758 619 1784 καὶ
641 1758 853 1792 ἁγαλλίασμα·
876 1757 962 1792 ἑρμη-

170 1803 279 1830 νεύεται
304 1803 359 1838 γὰρ
384 1803 471 1835 οὕτως
496 1805 510 1830 ὁ
539 1803 641 1830 Ἰσαάκ.
673 1802 736 1829 Ὅτι
760 1802 787 1829 δὲ
814 1803 962 1829 Χαναναῖοι

169 1851 255 1882 τύπος
267 1850 300 1878 ἂν
317 1851 418 1878 νοοῖντο
432 1850 485 1877 τῶν
503 1850 532 1884 ἐξ
553 1850 671 1885 Ἰσραὴλ,
692 1849 776 1883 cates;
793 1849 826 1875 ἂν
840 1848 943 1883 γένοιτο
954 1868 961 1880 .

170 1898 220 1925 καὶ
236 1897 310 1933 μάλα
324 1896 479 1933 ρᾳδίως,ὡς
496 1895 549 1923 ἀπό
560 1904 591 1929 γε
602 1897 651 1931 τῆς
668 1894 714 1921 τοῦ
729 1895 858 1930 ὀνόματος
877 1895 962 1929 ἑρμη-

170 1943 254 1974 νείας.
262 1943 408 1969 Χαναναῖοι
419 1942 483 1976 γὰρ,
494 1941 605 1975 ἕτοιμοι
616 1939 689 1973 πρὸς
698 1940 888 1966 ταπείνωσιν.
900 1940 962 1965 Τίσι

168 1989 192 2015 δ’
209 1988 242 2015 ἂν
260 1988 361 2023 πρέποι
377 1987 408 2013 τδ
422 1985 531 2022 μέλλειν
547 1985 633 2011 ἐλθεῖν
649 1986 689 2016 είς
700 1985 875 2017 ταπείνωσιν,
896 1984 962 2018 μᾶλ-

169 2033 217 2060 λον
234 2033 263 2060 δὲ
279 2033 329 2070 ἤδη
347 2032 394 2059 καὶ
409 2032 498 2067 ἥκειν,
516 2032 585 2066 πλὴν
605 2031 646 2057 ὅτι
661 2031 717 2062 τοῖς
740 2030 893 2063 Ἰουδαίοιςς
910 2030 961 2056 Τεκ

169 2079 352 2106 ταπείνωνται
366 2078 430 2114 γὰρ.
445 2078 493 2112 τῆς
507 2078 536 2103 ὲν
548 2075 657 2112 Χριστῷ
674 2075 752 2111 δόξης
768 2075 960 2111 ὼλισθηκὸτες,

171 2123 219 2150 καὶ
246 2124 285 2154 εἰς
308 2123 361 2149 πᾶν
389 2122 478 2149 ὁτιοῦν
501 2121 554 2147 τῶν
580 2121 702 2147 ἐκτόπων
733 2119 960 2156 κατεῤῥιμμένοι.

170 2169 276 2196 Οὐκοῦν
295 2170 345 2196 οὐκ
362 2169 394 2196 ὲκ
416 2168 538 2200 Χαναὰν,
564 2167 622 2194 ἀλλ’
644 2168 676 2194 ὲκ
697 2167 784 2202 μέσης
808 2165 862 2193 τῶν
877 2175 961 2193 ποτα-

1014 1578 1075 1597 rum
1093 1570 1262 1607 Synagogam
1277 1572 1387 1601 Christo
1405 1574 1544 1609 copulare,
1564 1575 1611 1610 qui
1628 1575 1655 1602 in
1676 1577 1750 1604 Isaac
1769 1578 1807 1604 si~

1013 1616 1168 1651 gniﬁcatur.
1190 1617 1258 1645 Sero
1280 1618 1355 1646 enim
1379 1624 1460 1647 natus
1477 1624 1505 1648 et
1523 1621 1640 1649 dilectus
1659 1627 1701 1650 est
1722 1623 1806 1651 Isaac.

1013 1661 1147 1696 Apparuit
1163 1667 1256 1690 autem
1274 1664 1356 1692 etiam
1375 1665 1403 1692 in
1420 1665 1525 1693 ultimis
1541 1667 1711 1702 temporibus
1727 1668 1806 1696 Chri—

1013 1711 1084 1740 stus,
1097 1712 1175 1736 etest
1189 1709 1315 1742 dilectus,
1335 1720 1343 1736 (
1358 1710 1558 1747 delectatioque
1573 1717 1600 1740 et
1614 1714 1773 1747 exsultatio;
1794 1724 1803 1741 θ

1013 1752 1066 1780 hoc
1082 1754 1156 1782 enim
1170 1754 1368 1790 interpretatur
1385 1756 1470 1785 Isaac.
1485 1757 1563 1791 Quod
1581 1767 1647 1786 vero
1661 1759 1806 1788 Cliananzei

1012 1799 1065 1835 91
1087 1804 1167 1836 typus
1185 1802 1240 1829 sint
1259 1803 1455 1836 Israelitarum,
1471 1801 1645 1832 manifestum
1666 1806 1759 1839 fuerit,
1780 1812 1807 1834 et

1014 1846 1125 1881 quidem
1138 1847 1218 1876 facile
1229 1848 1378 1876 admodum
1389 1857 1422 1877 ex
1437 1850 1555 1878 nominis
1569 1851 1806 1887 interpretatione.

1012 1891 1159 1922 Chananaei
1176 1894 1249 1922 enim
1278 1896 1369 1930 parati
1393 1896 1428 1922 ad
1454 1895 1674 1925 humiliatiourm.
1702 1898 1807 1932 Quibus

1013 1939 1087 1966 enim
1112 1941 1257 1968 conveniat
1277 1941 1311 1968 ad
1333 1941 1553 1969 humiliationem
1578 1943 1628 1975 ire,
1649 1948 1696 1970 aut
1716 1944 1808 1979 potius

1013 1986 1167 2020 pervenire,
1184 1994 1265 2022 quam
1284 1987 1406 2014 Judaeis?
1426 1987 1566 2015 llumiliati
1590 1989 1726 2023 siquidem
1744 1995 1808 2017 sunt

1012 2032 1171 2060 excidentes
1190 2041 1205 2061 a
1223 2033 1308 2068 gloria
1324 2033 1382 2064 Dei,
1402 2037 1430 2060 et
1449 2032 1476 2060 in
1494 2034 1596 2068 quaevis
1610 2034 1806 2063 absurdissima

1013 2078 1144 2113 prolapsi.
1161 2078 1296 2111 Quocirca
1311 2086 1366 2106 non
1382 2087 1414 2106 ex
1424 2079 1564 2113 Chanaan,
1578 2080 1625 2108 sed
1638 2089 1672 2108 ex
1682 2080 1805 2117 Mesopo-

1014 2124 1107 2156 tamia,
1127 2132 1226 2159 sponsa
1247 2125 1332 2152 Isaac.
1351 2125 1430 2158 Nam,
1453 2130 1483 2153 ut
1498 2126 1565 2158 dixi,
1581 2134 1636 2154 non
1654 2135 1688 2154 ex
1706 2127 1807 2155 Jud:ei.<

1014 2170 1062 2196 sed
1082 2177 1115 2197 ex
1135 2170 1264 2205 gentibus
1287 2170 1408 2198 Ecclesia
1433 2171 1612 2206 spiritualiter
1632 2172 1743 2200 Christo
1767 2180 1807 2201 est

171 2216 232 2252 μῶν
255 2215 378 2250 Ἰσαὰκὴ
407 2215 510 2250 νύμφη.
534 2215 577 2246 Ὠς
597 2214 650 2249 γὰρ
669 2213 747 2250 ἔφην,
772 2214 822 2240 οὐκ
843 2213 872 2246 ἐξ
896 2214 961 2240 ’1ου-

1015 2216 1150 2251 copulata.
1166 2215 1302 2244 Caeterum
1316 2225 1365 2251 per
1378 2217 1547 2244 voluntatem
1567 2218 1666 2250 Patris,
1688 2219 1805 2247 interce-

169 2262 264 2293 δαίων,
287 2261 343 2288 ἀλλ’
364 2261 394 2294 ἐξ
413 2261 497 2288 ἐθνῶν
564 2260 775 2295 συνηρμοσμένη
801 2259 840 2294 τῷ
857 2261 963 2294 Σωτῆρι

170 2306 282 2343 Χριστῷ
297 2306 489 2343 πνευματικῶς
517 2305 675 2342 Ἐκκλησία.
699 2305 783 2340 Πλὴν,
801 2304 844 2331 διὰ
867 2304 963 2339 βουλῆς

169 2353 218 2380 τοῦ
233 2353 350 2389 Πατρὺς,
363 2352 584 2388 μεσολαϐούντων
598 2351 711 2378 οἰκετῶν
724 2351 778 2377 τῶν
789 2351 830 2378 ὅτι
846 2350 963 2385 μάλιστα

170 2399 277 2426 πιστῶν
295 2399 343 2426 καὶ
361 2400 491 2434 γνησίων,
512 2399 556 2425 ἴνα
573 2398 678 2433 νοῶμεν
696 2397 759 2429 τοὺς
777 2396 916 2432 μαθητὰς,
937 2396 962 2423 οἳ

171 2445 220 2472 καὶ
241 2445 339 2480 ταμίαι
367 2444 495 2479 γεγόνασι
524 2444 571 2470 καὶ
598 2442 736 2478 οἰκονόμοι
765 2441 820 2468 τῶν
844 2441 962 2477 Χριστοῦ

169 2491 219 2518 τοῦ
249 2491 318 2518 Θεοῦ
349 2491 521 2527 μυστηρίων·
541 2491 683 2526 μονονουχὶ
704 2490 733 2517 δὲ
755 2490 802 2516 καὶ
821 2490 850 2516 ἐν
869 2488 962 2524 χερσὶν

170 2538 280 2572 ἔχοντες
301 2537 390 2565 πάντα
405 2538 439 2564 τὰ
459 2538 488 2563 ὲν
503 2537 542 2572 τῷ
555 2537 622 2572 οἴκῳ
640 2536 732 2563 αὐτοῦ.
753 2533 832 2563 Οὗτοι
849 2535 962 2562 καταλε-

171 2584 296 2615 λοιπότες
316 2584 365 2619 τὴν
388 2583 527 2615 Ἰουδαίαν,
549 2583 674 2619 καθάπερ
695 2582 791 2617 ἀμέλει
812 2581 858 2608 καὶ
877 2582 892 2607 ὁ
915 2580 962 2607 τοῦ

178 2629 306 2665 Ἀϐραὰμ
321 2629 431 2664 οίκέτης
453 2630 501 2666 τὴν
515 2630 682 2659 Χαναναίαν.
697 2628 801 2664 εἰςιτὴν
817 2627 871 2654 τῶν
885 2627 963 2654 εἰδω-

171 2676 376 2712 λολατρούντων
396 2676 488 2713 χώραν
507 2677 677 2709 κατέὸαινον,
691 2676 850 2711 ἀναθέμενοι
864 2675 963 2711 τρόπον

171 2723 234 2750 τινὰ
257 2723 291 2750 τὰ
305 2724 337 2751 ἐκ
351 2723 400 2750 τοῦ
415 2723 482 2750 Θεοῦ
509 2724 555 2750 καί¹
571 2723 676 2759 Πατρδς
691 2723 794 2758 ἀγαθὰ,
812 2723 858 2750 καὶ
875 2722 964 2758 πλήρη

173 2769 224 2804 μὲν
239 2768 347 2804 ἔχοντες
366 2769 412 2796 τὸν
427 2770 488 2797 νοῦν
508 2770 602 2805 σοφίας
619 2770 667 2805 τῆς
689 2769 803 2801 ἄνωθεν,
823 2769 965 2805 ὲπίμεστοι

220 2859 265 2887 ⁸⁸1
282 2859 348 2887 Cor.
365 2868 400 2892 Iv,
418 2860 441 2887 1.

1015 2262 1144 2290 dentibus
1160 2263 1269 2290 interim
1285 2263 1371 2290 servis
1388 2264 1504 2291 maxime
1518 2263 1662 2297 ﬁdelibus,
1680 2270 1708 2292 ut
1725 2266 1806 2294 intel-

1014 2308 1130 2342 ligamus
1149 2309 1309 2344 discipulos,
1330 2309 1376 2344 qui
1398 2319 1407 2334 ‹
1429 2309 1630 2344 dispensatores
1651 2315 1733 2346 atque
1756 2313 1804 2340 ad-

1015 2353 1215 2381 ministratores
1236 2353 1348 2381 fuerunt
1367 2354 1559 2389 mysteriorum
1581 2355 1682 2383 Christi
1698 2357 1730 2389 “,
1753 2368 1760 2384 ›
1779 2358 1804 2386 ἱιι

1015 2407 1132 2434 quorum
1145 2408 1226 2428 manu
1239 2404 1343 2427 tantum
1359 2408 1413 2427 non
1427 2405 1492 2428 sunt
1505 2401 1608 2433 omnia,
1625 2410 1686 2436 qua:
1700 2403 1726 2430 in
1739 2405 1805 2432 :edi-
1829 2411 1833 2428 ἰ

1017 2446 1068 2473 bus
1089 2445 1185 2481 ipsius.
1205 2446 1238 2473 [li
1260 2446 1355 2474 relicta
1374 2446 1478 2480 Iudaea,
1498 2448 1729 2482 quemadmodum
1751 2450 1806 2479 fere

1016 2491 1133 2519 Abrahae
1157 2500 1252 2519 servus
1273 2492 1385 2527 regione
1403 2492 1620 2522 Chananasorum
1635 2516 1643 2528 ,
1659 2495 1692 2523 ad
1717 2496 1806 2524 idolo-

1016 2537 1099 2564 latras
1117 2544 1176 2564 sese
1188 2537 1373 2569 contulerunt,
1388 2541 1526 2573 gestantes
1540 2539 1742 2573 quodammodo
1759 2541 1805 2568 Dei

1016 2590 1048 2610 ac
1059 2583 1149 2611 Patris
1162 2583 1244 2616 bona,
1260 2591 1292 2611 ac
1311 2584 1416 2612 caelesti
1433 2584 1568 2619 sapientia
1583 2589 1702 2612 mentem
1720 2586 1805 2614 refer—

1015 2636 1071 2660 tam
1088 2629 1231 2663 habentes,
1243 2637 1274 2657 ac
1285 2629 1404 2665 Spiritus
1420 2630 1506 2658 sancti
1520 2630 1600 2658 donis
1611 2631 1695 2666 pleni.
1709 2632 1805 2660 Anim-

1016 2677 1129 2704 adverte
1147 2680 1238 2704 autem
1257 2684 1312 2711 quo
1330 2680 1409 2711 pacto
1423 2675 1495 2704 servi
1509 2676 1625 2705 Abrahae
1639 2685 1738 2706 nomen
1752 2686 1804 2704 non

1016 2722 1190 2758 exprimitur,
1212 2727 1243 2750 ut
1261 2722 1288 2749 in
1307 2730 1402 2750 omnes
1422 2722 1516 2750 ﬁdeles
1531 2730 1563 2751 ac
1576 2723 1706 2758 probatos
1723 2723 1799 2751 disci-

1018 2769 1097 2804 pulos
1116 2768 1263 2797 ministerii
1283 2772 1363 2804 typus
1380 2769 1555 2797 extendatur.
1572 2769 1606 2796 Ει
1622 2768 1725 2804 quievit
1746 2769 1802 2804 quir
