1990 3050
172 115 218 142 ιδι

679 119 708 146 S.
728 119 864 148 CYHlLLl
885 119 1119 148 ALEXANDRINI
1139 101 1298 149 ARCHIEP.

1745 121 1795 148 £53

171 175 232 201 dem
254 173 298 202 ille
314 174 347 201 ad
362 179 474 210 puteum
488 183 565 211 aqua!
582 177 632 204 sub
648 185 801 213 vesperum,
814 178 952 214 precibus-

1007 178 1035 205 δὲ
1047 178 1224 215 χαρισμάτων
1238 179 1291 206 τῶν
1304 177 1350 205 διὰ
1364 177 1409 205 τοῦ
1423 177 1589 214 Πνεῦματος.
1612 176 1751 214 Ἐπιτήρει
1767 178 1794 204 δι

171 227 224 254 que
242 220 289 247 Dei
306 220 437 248 auxilium
453 221 600 255 invocavit,
617 228 644 250 et
659 223 692 250 ad
707 232 805 259 aquam
822 224 955 260 virginem

172 267 289 301 probare
306 267 401 296 voluit.
418 268 559 296 Venerunt
571 274 660 296 autem
675 270 757 297 etiam
773 270 858 297 sancti
872 269 956 297 disci-

171 312 226 346 puli
242 312 276 339 ad
293 313 415 347 gentium
430 314 555 348 regiones
569 315 620 342 sub
630 323 785 350 vesperum,
795 315 847 342 hoc
860 319 911 348 est,
927 315 956 343 in

171 357 274 384 ultimis
289 358 381 386 saeculi
401 359 581 394 temporibus,
592 364 619 387 et
637 360 670 387 ad
689 368 773 395 aquas
786 360 955 395 spiritualem

170 403 301 438 virginem
323 404 487 439 probarunt.
506 405 797 433 Accommodatissima
812 406 886 433 enim
902 411 953 439 est,

169 449 325 484 optimeque
351 454 507 485 comparata
526 450 647 478 Ecclesia
662 450 694 477 ad
710 450 891 478 hauriendum
912 451 954 478 vi—

169 495 325 524 viﬁcantem
345 504 501 524 sermonem
514 504 547 523 ex
561 496 683 523 fontibus
703 496 860 530 Salvatoris,
884 498 955 525 sicut

168 542 300 578 scriptum
322 548 363 571 est
385 543 419 570 ⁸⁷.
443 543 531 570 Habet
553 547 645 570 autem
668 543 806 571 uberrime
827 544 900 579 quod
919 544 954 572 ad

168 588 268 616 mentis
282 588 449 616 habilitatem
464 588 594 623 pertinet,
606 588 640 616 ad
654 590 882 624 suppeditandum
894 591 954 618 aliis

167 640 228 668 quae
244 634 328 661 vitam
355 634 488 670 praebent.
507 635 588 662 Dedit
608 636 682 662 enim
712 636 836 664 Rebecca
860 642 954 672 potum

166 679 219 714 ipsi
230 687 308 707 servo
321 684 348 707 et
365 680 485 707 camelis.
502 681 541 708 Ac
553 689 648 708 servus
659 681 769 716 quidem
783 685 862 718 typus
873 683 955 712 fuerit

167 733 240 752 nunc
261 725 456 754 lsraelitarum.
478 726 607 755 Homines
624 728 697 755 enim
717 728 803 763 legem
823 729 954 757 habentes

166 771 342 807 paedagogum
353 771 511 808 Christique
524 774 686 809 mysterium
701 774 790 802 adhuc
806 774 833 802 in
848 775 954 803 umbris

166 817 252 844 latens
262 817 294 850 ³³,
306 825 361 846 non
372 819 484 846 omnino
492 824 582 847 tamen
596 820 739 855 disciplina
750 828 888 849 sacrorum
906 821 953 849 de-

166 862 257 891 stituti
278 868 342 892 sunt
358 873 364 891 :
383 869 477 900 gentes
489 873 566 899 vero,
583 866 651 893 nihil
663 867 820 901 ajumentis
838 868 952 895 rationis

165 908 324 943 expertibus
353 909 526 943 diﬂ'erentes,
550 911 648 938 merito
667 913 777 940 camelis
790 919 952 948 comparatae

166 959 239 983 sunt.
261 956 434 984 lmmundum
453 957 527 984 enim
548 958 699 985 secundum
717 959 803 994 legem
820 960 872 987 hoc
891 960 951 986 ani-

167 1003 288 1031 malest.
312 1003 366 1038 92
392 1004 553 1039 llujusmodi
578 1013 644 1032 vero
673 1006 784 1033 omnino
810 1010 884 1039 sunt,
904 1007 951 1041 qui

166 1049 252 1076 Deum
272 1050 432 1077 naturaliter
447 1058 479 1077 ac
499 1058 563 1078 vere
584 1050 760 1078 exsistentem
777 1059 831 1078 non
850 1059 950 1087 cogno-

165 1098 256 1121 scunt.
274 1094 390 1122 Abunde
407 1095 489 1130 igitur
503 1095 632 1123 Ecclesiae
648 1097 769 1132 suppetit
786 1096 819 1123 ad
836 1097 951 1131 irrigan-

165 1139 230 1166 dum
252 1140 338 1167 sacris
358 1148 389 1167 ac
412 1140 514 1168 divinis
536 1141 646 1169 ﬂuentis
664 1149 721 1175 eos,
737 1142 783 1177 qui
801 1150 834 1170 ex
849 1142 951 1170 Judrcis

164 1185 217 1212 orti
237 1190 311 1217 sunt,
326 1186 360 1213 ad
377 1194 498 1214 amorem
517 1187 544 1214 in
564 1187 703 1215 Christum
720 1189 950 1224 amplectendum,

166 1236 222 1257 tum
246 1239 293 1259 eos
313 1231 360 1266 qui
386 1240 419 1259 ex
443 1233 570 1267 gentibus
591 1233 680 1260 vocali
706 1238 779 1261 sunt.
799 1234 868 1262 Cum
886 1242 951 1262 vero

165 1277 291 1312 discipuli
305 1278 437 1313 virginem
453 1278 533 1305 talem
553 1283 616 1305 sunt
634 1279 793 1314 conspicati,
810 1280 951 1308 inauribus

165 1323 256 1350 statim
274 1323 449 1355 decorarunt,
464 1327 492 1350 et
504 1323 614 1358 quidem
631 1324 744 1351 auribus
760 1329 885 1352 ornatum
900 1325 950 1353 ad—

165 1369 310 1402 diderunt,
333 1369 386 1396 hoc
416 1373 474 1401 est,
500 1369 669 1404 splendidam
694 1370 950 1406 oruatissimamque

165 1414 328 1442 obedientiae
345 1414 430 1450 gloria
444 1414 604 1442 etl‘ecerunt.
618 1414 736 1443 Ornatus
745 1416 817 1443 enim
829 1416 949 1450 auditus,

165 1460 349 1488 obedientiam
374 1460 518 1496 signiﬁcat.
540 1460 719 1496 Conspicuam
746 1465 839 1489 autem
862 1462 950 1490 videri

165 1507 248 1534 etiam
266 1514 396 1533 manuum
411 1506 542 1541 operibus
556 1510 696 1539 curarunt,
713 1506 766 1534 hoc
779 1507 852 1534 enim
867 1507 951 1543 signi-
965 1525 985 1553 Ο

167 1553 247 1580 ﬁcare
277 1553 396 1580 arbitror
426 1547 698 1579 armillas-manibus
724 1551 839 1579 additas.
866 1553 952 1580 Porro

166 1606 263 1626 servus
279 1598 395 1625 Abrahae
414 1597 646 1625 commemorabat
665 1597 699 1625 iis
717 1598 764 1633 qui
786 1598 814 1625 in
833 1598 950 1631 Charan,

167 1644 276 1671 divitias
290 1644 393 1671 domini
409 1644 462 1677 sui,
478 1644 606 1679 quodque
625 1643 737 1671 unicum
753 1652 871 1680 eumque
886 1645 951 1672 cha—

168 1689 304 1717 rissimum
323 1689 437 1716 haberet
453 1689 599 1717 hatredem.
618 1689 776 1717 Docuerunt
789 1697 855 1716 vero
870 1690 952 1717 etiam

167 1735 294 1770 discipuli
309 1739 402 1770 gentes
420 1735 469 1762 Dei
488 1743 520 1763 ac
536 1735 625 1763 Patris
640 1735 758 1768 divitias,
772 1736 953 1770 prtedicantcs

168 1789 254 1816 spem,
279 1782 372 1813 vitam,
399 1781 652 1814 sanctiﬁcationem,
675 1781 802 1816 quodque
824 1790 895 1810 unus
921 1790 953 1810 ac

167 1827 242 1855 solus
259 1827 343 1854 Filius
359 1827 509 1855 secundum
527 1832 652 1856 naturam
674 1836 706 1856 ac
728 1836 794 1856 vere
816 1828 852 1856 sit
875 1828 954 1856 Chri-

168 1878 237 1906 stus,
256 1873 302 1908 qui
319 1873 509 1901 universorum
527 1873 614 1901 haeres
629 1874 664 1902 sit
680 1874 842 1906 declaratus,
861 1879 953 1910 aperte

168 1919 375 1946 annuntiarunt.
390 1919 472 1955 Atqui
493 1919 678 1955 interrogatur
693 1920 770 1955 virgo
786 1920 907 1955 quidem,
919 1929 953 1948 an

168 1963 285 1991 iibentcr
308 1972 371 1991 cum
388 1972 467 1992 servo
492 1964 528 1992 sit
552 1965 669 1992 abitura.
689 1966 749 2000 Ipsa
772 1973 837 1992 vero
861 1967 953 1993 statim

167 2011 273 2038 annuit.
298 2010 505 2045 Promptissima
525 2011 599 2047 enim
615 2015 655 2038 est
674 2011 794 2038 Ecclesia
812 2019 844 2038 ex
864 2012 952 2046 genti-

168 2057 229 2088 bus,
243 2063 274 2083 ac
291 2060 396 2084 tantum
407 2064 461 2083 non
472 2056 580 2083 fervens
595 2056 628 2083 ad
643 2056 817 2084 dilectionem
831 2057 931 2084 Christi
945 2067 951 2084 :

168 2101 240 2136 quod
260 2105 288 2129 et
307 2101 417 2130 divinus
437 2102 523 2129 David
546 2105 661 2128 testatur
682 2101 716 2128 de
733 2102 854 2137 gentium
872 2110 953 2137 grege

169 2147 204 2174 ita
221 2147 315 2173 dicens
329 2156 334 2173 :
350 2156 359 2172 ι
375 2145 515 2173 Alacritati
537 2145 628 2173 cordis
645 2145 767 2180 ipsorum
785 2146 886 2173 inclina
903 2154 952 2173 au-

1007 226 1047 252 ὄτι
1062 227 1109 253 καὶ
1128 226 1271 260 ἀνώνυμος
1285 227 1300 252 6
1313 225 1422 260 οἰκέτης
1437 224 1483 251 τοῦ
1504 223 1628 260 ’Δϐραὰμ
1639 245 1646 256 ,
1665 223 1710 250 ἵνα
1725 223 1794 250 κατὰ

1006 272 1106 303 παντὸς
1121 272 1236 307 φέρηται
1253 270 1375 307 μαθητοῦ
1389 270 1484 298 πιστοῦ
1497 279 1526 297 τε
1540 271 1586 297 καὶ
1600 269 1794 304 δεδοκιμασμέ-

1005 325 1063 347 νου,
1077 316 1126 351 τῆς
1140 316 1277 348 διακονίας
1289 317 1302 343 6
1316 315 1410 348 τύπος.
1422 316 1477 343 Καὶ
1488 315 1620 342 κατέλυσε
1633 314 1681 350 μὲν
1692 315 1794 346 ἐκεῖνος

1006 363 1075 397 πρὸς
1089 362 1127 398 τῷ
1137 362 1234 398 φρέατι
1249 362 1296 389 τοῦ
1311 362 1407 394 ὕδατος
1417 361 1485 398 πρὸς
1496 361 1625 397 ἑσπέραν,
1643 360 1794 396 παρεκάλει

1005 408 1033 436 δὲ
1046 408 1078 435 δι’
1095 409 1177 444 εὐχῆς
1193 408 1258 435 Θεὸν
1269 407 1395 443 γενέσθαι
1412 407 1594 443 συλλήπτορα,
1609 407 1656 434 καὶ
1670 407 1712 441 ἐφ’
1728 406 1792 433 ὕδα-

1005 463 1050 486 τος
1070 454 1119 490 τὴν
1144 453 1279 490 παρθένον
1297 453 1375 490 ἤθελε
1397 454 1564 488 δοκιμάζειν.
1594 452 1794 488 Ἐπεφοίτησαν

1005 500 1033 526 δὲ
1054 500 1100 526 καὶ
1114 501 1138 527 οἱ
1153 500 1291 527 θεσπέσιοι
1309 500 1447 535 μαθηταὶ,
1463 500 1586 534 καθάπερ
1599 499 1666 535 ἔφην
1680 499 1792 535 ἀρτίως,

1005 546 1064 576 ταῖς
1078 545 1132 571 τῶν
1146 544 1232 571 ἐθνῶν
1245 544 1347 580 χώραις
1368 545 1399 572 τὸ
1417 545 1483 580 πρὸς
1497 545 1627 580 ἑσπέραν,
1642 544 1791 576 τουτέστιν,

1005 591 1034 618 έν
1053 592 1175 627 ἐσχάτοις
1196 591 1243 618 τοῦ
1261 592 1358 624 αἰῶνος
1372 593 1493 628 καιροῖς,
1508 592 1556 618 καὶ
1571 592 1635 626 παρ’
1651 590 1728 617 ὕδασι
1743 591 1792 625 τὴν

1005 637 1102 673 νοητὴν
1131 638 1291 673 ἐδοκίμαζον
1317 638 1460 674 παρθένον.
1491 636 1711 673 Ἐπιτηδειοτάτη
1738 636 1812 672 γὰρΔ

1005 683 1065 710 λίαν
1083 684 1098 719 ἡ
1120 684 1278 720 Ἐκκλησία,
1294 684 1341 711 καὶ
1362 684 1505 720 εὐρώστως
1520 683 1619 719 ἔχουσα
1634 683 1702 718 πρός
1717 691 1748 717 γε
1763 675 1811 709 τδ’

1005 729 1144 762 δύνασθαι,
1161 731 1243 765 φημὶ,
1261 730 1306 757 τὸν
1331 730 1461 762 ζωοποιὺν
1485 729 1636 766 ἀρύσασθαι
1651 729 1740 763 λόγον,
1762 729 1794 755 ὲκ

1004 775 1058 801 τῶν
1085 775 1180 809 πηγῶν
1201 775 1247 802 τοῦ
1266 776 1422 811 Σωτηρίου,
1439 776 1512 802 κατά
1531 775 1562 801 τὺ
1586 774 1792 810 γεγραμμένον.

1007 820 1084 856 Ἔχει
1104 821 1132 847 δὲ
1151 821 1197 848 καὶ
1213 821 1263 848 οὐκ
1283 821 1429 853 ἀνικάνως,
1442 821 1472 848 τό
1491 830 1522 855 γε
1542 818 1609 857 ἧκον
1626 821 1666 852 είς
1680 820 1725 846 νοῦ
1744 820 1792 847 καὶ

1005 867 1102 903 φρενὸς
1118 868 1323 903 ἐπιτηδειότητα
1344 867 1422 903 πρὸς,
1438 867 1468 894 τὺ
1482 867 1529 894 καὶ
1540 867 1641 903 ἑτέροις
1661 865 1792 894 δύνασθαι

1004 914 1132 948 χορηγεῖν
1154 913 1188 940 τὰ
1206 913 1334 940 τελοῦντα
1359 913 1426 948 πρὸς
1450 913 1534 948 ζωήν.
1557 912 1680 944 Ἑπότιζε
1696 912 1751 948 γὰρ
1772 912 1790 946 ἡ

1011 959 1140 986 Ῥεϐέκκα
1155 959 1235 986 αὐτόν
1256 967 1285 985 τε
1308 958 1353 985 τὸν
1372 959 1482 994 οἰκέτην
1504 958 1550 985 καὶ
1572 958 1621 989 τὰς
1637 957 1789 993 καμήλους.

1003 1005 1059 1031 Καὶ
1078 1005 1092 1031 6
1114 1005 1164 1040 μὲν
1191 1004 1310 1039 οἰκέτης,
1335 1004 1417 1036 τύπος
1436 1004 1469 1031 ἂν
1491 1005 1576 1030 νοοῖτο
1601 1003 1659 1030 νυνὶ
1681 1002 1736 1029 τῶν
1761 1002 1792 1035 ἐξ

1004 1049 1123 1084 Ἰσραήλ.
1143 1049 1298 1084 ’Ἄνθρωποι
1311 1049 1364 1086 γὰρ
1378 1050 1401 1076 οἱ
1412 1049 1493 1084 νόμον
1514 1049 1620 1084 ἔχοντες
1636 1049 1686 1085 ἠδη
1713 1049 1792 1076 παιδ-

1003 1096 1123 1130 αγωγὸν,
1139 1097 1186 1123 καὶ
1198 1095 1234 1127 ὡς
1245 1097 1273 1122 έν
1290 1098 1379 1127 σκιαῖς
1397 1096 1447 1131 μὲν
1459 1095 1499 1122 ἔτι
1514 1096 1543 1122 τὸ
1551 1095 1669 1130 Χριστοῦ
1685 1094 1790 1130 μυστή-

1005 1150 1070 1178 ριον,
1084 1141 1153 1177 πλὴν
1165 1141 1214 1168 οὐκ
1230 1141 1462 1177 ἀμυσταγὼγητοι
1476 1141 1624 1172 παντελῶς.
1636 1140 1750 1176 Κτηνῶν
1762 1140 1791 1167 δὲ

1003 1188 1107 1222 ἀλόγων
1129 1188 1204 1214 οὐδὲν
1224 1188 1397 1223 διαφέροντες
1416 1188 1440 1214 oi
1461 1187 1489 1220 ἐξ
1510 1188 1605 1217 ἐθνῶν.
1625 1187 1650 1214 οἳ
1671 1187 1718 1214 καὶ
1730 1187 1791 1218 ταῖς

1003 1234 1137 1269 καμήλοις
1149 1233 1381 1270 παρεικάζο[ι]ντο
1405 1233 1438 1260 ἂν
1449 1234 1570 1265 εἰκότως.
1589 1234 1709 1269 ’Δνίερον
1733 1232 1789 1268 γὰρ

1003 1279 1074 1306 κατά
1085 1279 1182 1315 νόμους
1199 1280 1229 1306 τὸ
1247 1279 1326 1312 ζῶον.
1347 1279 1448 1306 Τοιοίδε
1463 1279 1571 1310 πάντως
1589 1279 1614 1304 οἱ
1627 1279 1709 1313 μήπω
1723 1277 1789 1304 Θεδν

1003 1325 1102 1355 εἰδότες
1115 1325 1161 1351 τὸν
1175 1325 1254 1359 φύσει
1271 1334 1299 1351 τε
1317 1326 1364 1352 καὶ
1380 1325 1499 1360 ἀληθῶς.
1521 1324 1684 1359 Ίκανωτάτη
1699 1324 1731 1359 δὴ
1742 1322 1789 1350 οὖν

1003 1370 1144 1406 κατάρδειν
1159 1371 1174 1406 ὴ
1196 1370 1343 1405 Ἐκκλησία
1365 1372 1421 1402 τοῖς
1441 1371 1522 1406 ἱεροῖς
1535 1378 1565 1396 τε
1581 1370 1627 1396 καὶ
1648 1369 1728 1400 θείοις
1741 1369 1790 1396 να-

1004 1423 1081 1450 μασι,
1096 1414 1159 1446 τοὺς
1171 1424 1200 1441 τε
1220 1414 1249 1448 ἐξ
1271 1415 1403 1442 Ἰουδαίων
1420 1415 1537 1450 ἥκοντας
1553 1414 1600 1440 ἐπὶ
1616 1413 1647 1440 τὸ
1662 1413 1716 1440 δεῖν
1730 1413 1789 1439 ἐλέ-

1003 1460 1065 1488 σθαι
1083 1461 1132 1497 τὴν
1148 1463 1188 1493 είς
1205 1461 1322 1496 Χριστὸν
1342 1461 1452 1496 ἀγάπην
1465 1469 1471 1475 ·
1491 1460 1538 1487 καὶ
1565 1461 1629 1491 τοὺς
1648 1459 1678 1492 ἐξ
1704 1460 1789 1485 ἐθνῶν

1003 1507 1197 1542 κεκλημένους.
1215 1507 1325 1542 Ἐπειδὴ
1342 1507 1370 1533 δὲ
1386 1506 1513 1541 τοιαύτην
1529 1504 1615 1533 οὖσαν
1629 1506 1653 1532 οἱ
1669 1506 1789 1541 μαθηταὶ

1001 1553 1143 1581 τεθέανται
1164 1553 1215 1588 τὴν
1241 1553 1383 1589 παρθένον,
1407 1552 1525 1587 ψελλίοις
1556 1561 1586 1579 τε
1614 1552 1698 1587 αὐτὴν
1723 1560 1789 1578 κατ-

1001 1598 1130 1634 ηγλάῖζον
1150 1599 1262 1632 εὐθέως,
1278 1599 1324 1626 καὶ
1340 1599 1431 1634 μέντοι
1443 1599 1489 1626 τὸν
1501 1600 1529 1626 έν
1542 1599 1593 1625 ὠσὶ
1620 1598 1789 1634 προσέθεσαν

1003 1644 1113 1679 κόσμον·
1132 1643 1265 1676 τουτέστι,
1280 1643 1411 1679 λαμπρὰν
1423 1643 1570 1671 ἀπετέλουν
1587 1642 1635 1670 καὶ
1652 1643 1789 1677 ἐκπρεπε-

1004 1689 1104 1724 στάτην
1124 1689 1180 1720 τοῖς
1199 1689 1240 1720 είς
1262 1688 1390 1723 εὑηκοῖαν
1412 1689 1561 1723 αὐχήμασι.
1586 1687 1789 1722 Κεκοσμηρένη

1002 1734 1056 1770 γὰρ
1069 1734 1137 1768 ἀκοὴ
1151 1753 1158 1765 ,
1173 1732 1396 1770 παραδηλώσειεν
1410 1733 1443 1760 διν
1461 1733 1491 1760 τὸ
1507 1733 1629 1768 εὐήκοον.
1650 1732 1789 1767 Περιφανῆ

1002 1778 1030 1805 δὲ
1052 1779 1146 1814 ὥσπερ
1157 1778 1271 1814 ὁρᾶσθαι
1293 1777 1497 1814 παρεσκεύαζον
1509 1778 1555 1806 καὶ
1574 1779 1631 1808 τοῖς
1646 1777 1675 1810 ἐξ
1689 1777 1787 1813 ἔργων,

1003 1824 1061 1859 ἤτοι
1078 1824 1176 1860 χειρῶν
1189 1823 1398 1860 κατορθώμασιν
1430 1821 1513 1858 Οἶμαι
1527 1823 1582 1860 γὰρ
1595 1825 1679 1857 τουτὶ,
1696 1824 1727 1850 τὸ
1742 1823 1790 1850 καὶ

1003 1870 1098 1901 αὑταῖς
1115 1870 1213 1897 ἐνιέναι
1232 1870 1311 1906 χερσὶ
1320 1870 1354 1897 τὰ
1364 1869 1469 1905 ψέλλια.
1491 1869 1546 1896 Καὶ
1560 1871 1573 1896 6
1589 1869 1638 1905 μὲν
1651 1869 1758 1905 οίκέτης
1774 1871 1789 1896 6

1003 1914 1049 1941 τοῦ
1068 1915 1193 1950 Ἀϐραὰμ
1205 1916 1336 1951 ἀφηγεῖτο
1352 1916 1407 1947 τοῖς
1424 1915 1453 1942 ἐν
1468 1915 1572 1951 Χαρὰν,
1591 1914 1636 1941 τοῦ
1661 1914 1725 1941 ίδίου
1746 1915 1790 1941 δε-

1005 1961 1103 1987 σπότου
1119 1961 1164 1987 τὸν
1185 1961 1309 1993 πλοῦτον,
1325 1961 1373 1987 καὶ
1393 1961 1434 1987 ὄτι
1457 1961 1537 1996 μόνον
1552 1961 1600 1988 ἕνα
1617 1961 1664 1987 καλ¹
1678 1962 1789 1996 ἠγαπη-

1006 2007 1084 2042 μένον
1096 2006 1151 2041 ἔχει
1167 2007 1214 2033 τὸν
1228 2006 1405 2042 κληρονόμον.
1421 2006 1698 2041 Μεμυσταγωγήκασι
1715 2006 1743 2032 δὲ
1756 2006 1790 2032 τὶ

1003 2052 1066 2088 ἔθνη
1088 2052 1134 2079 καὶ
1154 2053 1178 2078 οἱ
1197 2052 1336 2079 θεσπέσιοι
1358 2052 1494 2088 μαθηταὶ,
1519 2051 1564 2079 τὸν
1587 2051 1634 2078 τοῦ
1653 2051 1720 2077 Θεοῦ
1742 2051 1790 2077 καὶ

1003 2098 1109 2134 Πατρδς
1130 2098 1362 2134 ἀνακηρύττοντες
1386 2098 1509 2129 πλοῦτον,
1537 2098 1587 2133 τὴν
1611 2097 1716 2130 ἐλπίδα,
1739 2098 1789 2133 τὴν

1004 2143 1085 2179 ζωὴν,
1099 2142 1143 2169 τδν
1159 2143 1302 2178 ἁγιασμόν·
1319 2141 1360 2175 είς
1377 2143 1405 2169 δὲ
1420 2144 1460 2170 δτι
1476 2143 1523 2169 καὶ
1543 2143 1623 2178 μόνος
1640 2143 1703 2174 Υἱὸς
1717 2143 1789 2170 κατὰ

169 2200 225 2218 rem
245 2195 318 2218 tuam
335 2190 369 2218 ⁸ο.
388 2201 396 2217 ι
418 2191 562 2225 Postquam
578 2197 644 2218 vero
663 2191 805 2225 copulatus
820 2195 860 2218 est
877 2191 951 2218 Isaac

1004 2188 1084 2223 φύσιν
1100 2188 1146 2215 καὶ
1162 2188 1270 2224 ἀληθῶς
1283 2189 1297 2216 6
1312 2189 1438 2224 Χριστὸς,
1454 2189 1483 2221 ὃς
1498 2189 1546 2215 καὶ
1558 2188 1612 2216 τῶν
1624 2188 1692 2214 ὅλων
1704 2188 1789 2214 τέθει-

167 2237 308 2268 Rehcccaz,
324 2245 332 2262 ι
343 2235 499 2264 consolatus
513 2240 563 2267 est,
575 2235 675 2269 inquit,
686 2243 768 2270 super
778 2241 862 2263 matre
873 2244 946 2264 sua.)

168 2283 207 2308 Ex
226 2282 278 2309 hoc
293 2281 383 2316 itaque
402 2281 480 2308 facile
500 2280 613 2315 intelligi
630 2285 729 2315 potest,
746 2281 819 2316 quod
834 2282 952 2309 doluerit

168 2327 278 2361 quidem
300 2326 427 2354 Christus
450 2330 565 2353 mortem
588 2327 789 2361 quodammodo
808 2327 953 2369 Synagogaz

167 2372 323 2399 .ludzeorum
344 2371 380 2398 ob
403 2372 634 2404 incredulitalem,
650 2381 683 2399 ex
704 2380 757 2407 qua
777 2373 834 2408 ipse
854 2380 953 2400 secun-

168 2418 233 2444 dum
254 2425 364 2444 carnem
395 2422 475 2445 natus
499 2422 566 2445 erat.
590 2419 736 2453 Postquam
754 2427 820 2446 vero
839 2427 954 2454 sponsus

169 2462 296 2490 Ecclesia;
317 2463 438 2498 gentium
463 2467 505 2490 est
526 2463 650 2495 effectus,
674 2463 799 2498 deposuit
820 2464 953 2499 quodam-

168 2507 250 2535 modo
273 2515 434 2540 mterorem,
452 2516 534 2543 quem
553 2516 586 2536 ea
607 2509 641 2536 dc
663 2517 692 2536 re
714 2513 885 2544 conceperat.
908 2510 954 2536 Di-

168 2557 243 2580 ctum
259 2552 333 2580 enim
351 2556 393 2580 est
411 2553 511 2580 alicubi
528 2561 577 2588 per
592 2560 687 2580 vocem
705 2554 843 2588 prophetat
855 2554 888 2581 ad
904 2554 953 2582 Ec-

169 2597 279 2624 clesiam
293 2606 299 2624 :
324 2608 333 2622 ‹
354 2597 387 2625 Et
398 2598 466 2631 erit,
478 2597 709 2633 quemadmodum
723 2598 859 2625 laetabitur
869 2606 952 2633 spon-

169 2649 216 2669 sus
247 2649 329 2676 super
354 2650 466 2677 sponsa,
492 2642 531 2670 sic
551 2642 688 2669 laetabitur
714 2643 843 2670 Dominus
870 2651 952 2677 super

170 2690 196 2714 te
212 2685 246 2713 '°.
267 2695 276 2712 ι
289 2687 340 2714 Per
349 2694 429 2721 quem
452 2690 480 2714 et
496 2695 557 2715 cum
574 2695 629 2722 quo
654 2687 710 2714 Deo
730 2695 762 2714 ac
781 2688 851 2714 Patri
867 2687 951 2723 gloria

169 2739 231 2759 cum
251 2737 344 2760 sancto
365 2733 466 2768 Spiritu
491 2733 518 2761 in
545 2733 643 2761 saecula
665 2733 835 2760 smculorum.
855 2734 949 2761 Amen.

227 2821 247 2835 ¹⁷
265 2820 314 2847 lsa.
333 2829 377 2851 xu.
393 2821 420 2848 5.
470 2821 492 2837 ⁸⁸
509 2821 595 2849 Galut.
613 2831 652 2853 nt.
665 2822 709 2849 Ἡ.

1005 2244 1050 2263 ται
1069 2235 1245 2270 κληρονόμος,
1261 2235 1432 2271 ἀπήγγελλον
1448 2235 1581 2271 ἐναργῶς.
1597 2235 1651 2262 Καὶ
1664 2235 1789 2269 ἡρωτᾶτο

1007 2281 1056 2316 μὲν
1071 2282 1093 2316 ,ἡ
1112 2281 1261 2316 παρθένος,
1279 2281 1303 2307 εί
1318 2281 1507 2316 συμϐαδιεῖται
1524 2280 1563 2315 τῷ
1579 2281 1671 2318 οἰκέτῃ
1688 2280 1788 2315 προθύ-

1005 2334 1073 2362 μως·
1092 2327 1108 2361 ή
1126 2326 1155 2353 δὲ
1174 2326 1317 2352 κατένευεν
1339 2325 1429 2358 εὐθύς.
1459 2326 1635 2360 Ἑτοιμοτάτη
1653 2326 1707 2361 γὰρ
1728 2325 1788 2352 λίαν

1003 2370 1021 2406 ἡ
1035 2369 1064 2402 ἐξ
1077 2369 1162 2396 ὲθνῶν
1185 2369 1332 2404 Ἐκκλησία
1341 2389 1349 2401 ,
1364 2371 1504 2405 μονονουχὶ
1514 2369 1542 2396 δὲ
1556 2370 1603 2397 καὶ
1617 2370 1705 2405 θερμὴ
1720 2370 1788 2405 πρὸς

1003 2415 1114 2449 ἀγάπην
1131 2413 1179 2450 τὴν
1197 2415 1244 2441 ἐπὶ
1265 2414 1386 2450 Χριστῷ.
1414 2415 1469 2441 Καὶ
1490 2415 1657 2450 μαρτυρήσει
1672 2415 1759 2449 λέγων
1773 2416 1788 2441 6

1004 2460 1147 2492 θεσπέσιος
1157 2460 1239 2487 Δαϐὶδ
1251 2460 1315 2494 περὶ
1329 2460 1378 2495 τῆς
1390 2460 1420 2493 ἐξ
1431 2460 1515 2487 ἐθνῶν
1527 2460 1636 2495 ἀγέλης·
1654 2461 1707 2496 «Τῇ
1722 2461 1787 2486 ἑτοι-

1004 2505 1089 2541 μασίᾳ
1103 2505 1153 2540 τῆς
1176 2505 1290 2540 καρδίας
1312 2505 1401 2532 αὐτῶν
1419 2505 1555 2541 προσέσχε
1573 2505 1603 2531 τὸ
1628 2502 1673 2536 οὖς
1693 2513 1749 2531 σου.
1773 2513 1783 2530 ι

1008 2551 1084 2577 Ἐπεὶ
1109 2551 1137 2577 δὲ
1159 2551 1282 2587 συνήφθη
1307 2551 1399 2577 λοιπὸν
1420 2552 1434 2578 6
1461 2551 1556 2578 Ἰσαὰκ
1573 2551 1605 2586 τῇ
1639 2550 1784 2585 Ῥεϐέκκα,

1005 2606 1014 2622 ι
1034 2597 1205 2633 Παρεκλήθη,
1222 2597 1305 2632 φησὶ.
1319 2598 1383 2632 περὶ
1397 2599 1445 2633 τῆς
1460 2597 1560 2633 μητρὸς
1579 2597 1674 2624 αὑτοῦ,
1698 2607 1708 2623 ι
1727 2597 1784 2623 Πά-

1004 2651 1076 2678 ρεστι
1093 2643 1123 2678 δὴ
1138 2640 1184 2669 οὖν
1194 2643 1241 2669 καὶ
1254 2643 1298 2670 διὰ
1309 2643 1385 2670 τοῦδε
1400 2644 1479 2675 νοεῖν,
1489 2643 1530 2669 ὅτι
1541 2642 1688 2677 λελύπηται
1707 2643 1756 2678 μὲν
1770 2642 1785 2669 6

1001 2688 1116 2724 Χριστὸς
1132 2689 1272 2724 μονονουχὶ
1293 2688 1446 2724 τεθνεώσης
1461 2689 1506 2716 διά
1521 2688 1572 2723 τῆς
1591 2688 1719 2720 ἀπιστίας
1734 2687 1786 2723 ,τῆς

1008 2734 1140 2762 Ἰουδαίων
1157 2735 1337 2771 Συναγωγῆς,
1356 2735 1385 2767 ἐξ
1399 2732 1432 2770 ἧς
1447 2735 1493 2762 καὶ
1513 2734 1593 2766 αὐτὸς
1610 2734 1680 2761 κατὰ
1698 2733 1784 2769 σάρκα

765 2821 787 2836 ⁴⁹
803 2822 871 2849 Psal.
892 2831 926 2853 ix.
952 2823 995 2849 56.
1011 2823 1033 2838 ⁹⁰
1062 2823 1111 2850 lsa.
1136 2831 1198 2855 Lxu,
1217 2823 1242 2850 5.
