1990 3050
244 154 295 182 155

756 156 784 185 S.
806 156 942 185 CYRILLI
963 157 1198 186 ALEXANDRINI
1220 158 1368 187 ARCHIEP

1821 150 1872 186 iss

244 209 311 246 legis
322 218 396 245 sunt,
410 213 460 241 sub
479 214 625 242 maledicto
641 219 714 243 sunt.
728 215 866 250 Scriptum
878 221 921 243 est
935 215 1009 243 enim

1088 215 1162 251 ἔθνη.
1181 217 1264 244 Ὥστε
1276 218 1300 244 οἱ
1313 219 1344 243 ὲκ
1357 217 1473 248 πίστεως
1487 215 1660 249 εὐλογοῦνται
1672 216 1719 243 σὺν
1735 215 1773 250 τῷ
1785 215 1873 251 πιστῷ

245 258 406 287 Maledictus
419 261 508 288 omnis
520 261 567 296 qui
579 269 633 288 non
651 262 833 296 permanserit
857 262 884 289 in
906 261 1034 288 omnibus

244 311 306 337 quae
319 305 421 340 scripta
434 311 499 334 sunt
515 307 543 334 in
554 307 626 334 libro
648 308 725 342 legis,
745 312 774 334 ut
800 307 881 335 faciat
895 315 936 334 ea.
958 307 1033 340 Quo-

245 349 318 376 niam
333 356 424 379 autem
437 352 464 379 in
478 353 536 388 lege
562 361 642 380 nemo
656 353 821 389 justiﬁcatur
835 354 908 388 apud
936 354 1032 386 Deum,

245 396 419 424 manifestum
430 402 482 430 est,
500 398 664 433 quiajustus
677 407 709 426 ex
721 399 772 425 ﬁde
789 399 872 426 vivet.
897 399 954 426 Lex
981 407 1031 427 au-

244 445 299 469 tem
311 450 365 470 non
378 446 419 470 est
431 451 464 470 ex
479 443 541 475 ﬁde,
560 444 606 471 sed
628 445 675 478 qui
690 444 837 476 feceritea,
857 445 931 472 vivet
947 445 976 472 in
999 445 1031 472 il-

243 487 276 514 lis
293 487 326 515 “.
339 498 348 514 )
363 489 563 516 Promissiones
579 489 661 524 igitur
675 490 793 524 impletae
806 495 880 522 sunt,
891 498 947 518 non
971 498 1031 518 om—

243 533 309 560 nino
320 542 369 568 per
385 542 443 566 eos,
459 534 506 569 qui
519 535 545 561 in
556 535 614 569 lege
627 535 744 562 instituti
763 541 837 568 sunt,
851 537 899 564 sed
921 545 971 572 per
984 546 1032 565 eos

243 579 290 614 qui
302 587 351 614 per
363 580 443 606 ﬁdem
459 580 600 615 justiﬁcati
617 585 691 608 sunt.
717 581 872 617 lngrcssum
885 588 927 610 est
939 588 1031 611 autem

241 625 335 652 divino
351 626 467 653 consilio
493 627 650 654 mandatum
668 635 717 662 per
741 628 850 664 Moysen
864 637 919 656 non
936 631 1030 666 negle-

241 676 284 698 cta
295 672 486 705 promissione,
499 673 548 699 sed
570 677 600 699 ut
618 674 748 707 instruat,
773 679 801 702 et
829 675 959 710 paulatim
980 676 1029 703 de-

241 715 323 743 ducat
338 717 371 744 ad
395 719 567 745 vocationem
581 727 629 753 per
649 719 729 747 ﬁdem
751 730 758 747 :
788 729 905 756 cumque
921 730 1027 754 eorum,

239 762 351 797 quijam
362 767 440 791 antea
456 764 572 800 ingressi
587 769 661 798 sunt,
676 766 891 794 imbecillitatem
911 772 1006 803 arguat
1020 777 1026 794 :

238 815 293 842 quo
313 813 392 843 pacto
406 810 576 838 demonstrat
587 812 718 848 deinceps
734 814 859 848 gratiam,
883 823 965 850 quam
979 823 1028 850 per

239 853 320 882 ﬁdem
340 857 544 891 consequimur,
569 858 849 895 justiﬁeationemque
873 861 902 888 in
917 861 1027 888 Christo

239 899 412 928 utilissimam
427 910 488 930 esse
505 911 537 931 ac
551 904 734 932 necessariam
746 906 899 936 omnibus?
912 906 1027 934 Divinus

237 951 328 973 autem
339 946 439 974 Paulus
452 948 489 975 ita
504 957 614 976 rursum
632 950 670 977 ait
685 959 691 977 :
714 960 723 975 ι
740 950 851 978 Fratres
865 951 1028 987 (secundum

237 989 377 1018 hominem
388 991 472 1027 dico),
494 997 584 1019 tamen
603 993 724 1021 hominis
736 994 926 1022 conﬁrmatum
942 999 1028 1022 testa-

237 1040 361 1064 mentum
375 1045 457 1064 nemo
477 1039 582 1072 spernit
608 1043 655 1066 aut
683 1040 885 1074 superordinat.
910 1040 1028 1068 Abraha:

237 1082 317 1110 dicta:
329 1087 394 1110 sunt
405 1084 612 1118 promissiones,
628 1090 655 1112 et
668 1086 766 1113 semini
777 1087 848 1122 ejus.
866 1086 925 1113 Non
947 1087 1024 1119 dicit,

235 1128 269 1156 Et
279 1129 441 1162 seminibus,
453 1130 532 1165 quasi
556 1131 584 1158 in
602 1131 711 1164 multis;
728 1131 775 1158 sed
803 1132 881 1166 quasi
910 1132 938 1159 in
952 1140 1025 1160 uno:

234 1173 270 1200 Et
286 1173 385 1201 semini
402 1178 460 1207 tuo,
484 1175 531 1210 qui
549 1180 591 1203 est
613 1176 751 1204 Christus.
775 1177 833 1205 Hoc
849 1182 941 1205 autem
963 1178 1026 1206 dico

236 1223 430 1248 testamentum
451 1221 644 1250 conﬁrmatum
661 1231 676 1250 a
691 1223 757 1255 Deo,
784 1232 846 1258 qum
867 1229 929 1258 post
955 1232 1024 1259 qua-

235 1266 395 1302 dringentos
411 1272 438 1294 et
453 1267 564 1302 triginta
579 1276 666 1295 annos
681 1269 750 1296 facta
764 1274 805 1295 est
824 1269 877 1301 lex,
894 1278 948 1297 non
964 1270 1026 1296 irri-

235 1315 293 1338 tum
306 1311 372 1339 facit
380 1311 419 1339 ad
439 1312 624 1340 evacuandam
637 1314 856 1348 promissionem.
875 1315 942 1341 Nam
957 1315 978 1342 si
991 1323 1025 1342 ex

234 1357 292 1392 lege
321 1357 478 1390 haereditas,
503 1359 557 1394 jam
571 1367 626 1386 non
640 1367 674 1387 ex
697 1361 888 1394 promissione,
907 1360 1024 1388 Abraha:

233 1408 324 1431 autem
338 1412 387 1439 per
405 1406 645 1439 repromissionem
675 1407 786 1434 donavit
803 1408 875 1434 Deus
892 1408 924 1434 θ’.
942 1417 951 1433 ι
968 1407 1024 1434 Ad—

233 1448 292 1484 jicit
311 1456 377 1476 vero
403 1449 496 1476 statim
518 1451 654 1478 rationem
683 1459 732 1478 cur
749 1452 793 1478 lex
817 1453 895 1486 prius
912 1452 1023 1483 inducta

231 1494 277 1526 sit,
296 1495 332 1522 ita
356 1495 470 1522 dicens:
496 1505 504 1520 ι
518 1496 588 1529 Quid
605 1497 688 1532 igitur
715 1497 907 1532 lex?propter
933 1502 1021 1526 trans-

231 1540 385 1575 gressiones
400 1540 489 1575 posita
502 1545 554 1574 est,
570 1541 659 1570 donec
669 1543 777 1570 veniret
790 1543 941 1575 semen,cui
956 1552 1021 1579 pro—

232 1586 354 1617 miserat,
371 1585 498 1613 ordinata
510 1594 559 1621 per
572 1587 685 1621 angelos
705 1587 732 1614 in
746 1595 829 1614 manu
848 1588 1019 1615 mediatoris.

234 1632 366 1659 Mediator
377 1636 469 1659 autem
500 1633 582 1659 unius
608 1641 662 1659 non
677 1637 728 1660 est.
747 1633 819 1660 Deus
835 1638 925 1660 autem
952 1642 1023 1661 unus

231 1681 284 1704 est.
297 1677 350 1712 95
363 1677 419 1704 Lex
430 1685 495 1712 ergo
506 1677 639 1704 adversus
653 1678 786 1712 promissa
797 1678 867 1705 Dei?
887 1679 976 1706 Absit.
994 1679 1022 1706 Si

233 1722 306 1749 enim
323 1722 385 1749 data
401 1723 525 1749 essetlex
541 1730 602 1757 qum
624 1728 716 1758 posset
733 1723 882 1755 viviﬁcare,
909 1732 973 1751 vere
989 1732 1022 1752 ex

233 1767 292 1802 lege
307 1771 379 1794 esset
393 1767 509 1802 iustitia.
527 1767 579 1795 Sed
605 1769 742 1796 conclusit
767 1770 905 1804 scriptura
930 1771 1022 1798 omnia

233 1813 284 1839 sub
303 1817 424 1847 peccato,
437 1814 623 1848 utpromissio
647 1823 680 1842 ex
698 1815 750 1842 ﬁde
769 1816 832 1843 Jesu
853 1816 955 1844 Christi
976 1817 1024 1844 da-

234 1861 310 1885 retur
326 1858 512 1885 credentibus.
534 1859 613 1886 Prius
624 1865 715 1887 autent
732 1869 812 1895 qnam
826 1861 932 1888 veniret
944 1863 1021 1895 ﬁdes,

232 1903 284 1930 sub
297 1904 356 1938 lege
372 1904 595 1932 custodiebamur
607 1907 728 1933 conclusi
745 1907 772 1933 in
784 1915 844 1934 eam
858 1907 949 1940 ﬁdem,
961 1916 1023 1943 qua:

232 1949 379 1976 revelanda
399 1945 468 1977 erat;
492 1950 586 1985 itaque
602 1951 645 1978 lex
675 1952 836 1987 paedagogus
863 1957 957 1979 noster
972 1953 1022 1980 fuit

234 1995 262 2023 in
281 1995 403 2028 Christo,
422 2000 453 2024 ut
469 2005 502 2024 ex
517 1997 569 2024 ﬁde
582 1998 777 2033 justiﬁcemur.
792 1998 826 2025 At
842 1998 888 2026 ubi
906 1999 979 2026 venit
990 1999 1021 2026 ﬁ-

231 2042 290 2073 des,
301 2042 357 2077 jam
373 2051 427 2070 non
449 2051 544 2070 sumus
567 2044 618 2070 sub
643 2044 797 2079 padagogo.
820 2045 922 2072 Omnes
946 2046 1020 2073 enim

231 2086 279 2114 ﬁlii
297 2088 345 2115 Dei
358 2088 424 2116 estis
441 2097 490 2124 per
508 2089 589 2116 ﬁdem
606 2094 718 2124 quaeest
730 2090 756 2117 in
772 2088 882 2118 Christo
893 2091 957 2118 Jesu
968 2092 1017 2118 9‘.»

231 2132 317 2161 Nemo
333 2132 426 2168 itaque
444 2133 612 2161 dubitaverit
632 2134 718 2168 legem
735 2142 795 2161 esse
823 2137 1020 2164 aceusatricem

230 2183 336 2208 eorum,
351 2177 399 2212 qui
411 2177 528 2205 instituti
540 2181 604 2205 sunt
626 2178 832 2211 imbecillitatis,
849 2183 877 2207 et
892 2180 1019 2216 lapsuum

230 2226 461 2258 peccatorumque
500 2228 657 2254 nostrorum
690 2224 892 2259 jmliealricom.

229 2267 313 2299 enim,
329 2267 428 2303 inquit,
452 2276 506 2295 non
519 2273 561 2295 cst
585 2269 639 2300 lex,
653 2277 741 2304 neque
756 2271 944 2305 praevaricatio
955 2272 988 2299 9“.
1004 2283 1012 2298 ι

228 2313 262 2340 Ει
277 2321 390 2341 rursus:
411 2323 419 2339 ‹
432 2314 576 2342 Peccatum
588 2322 642 2341 non
657 2315 719 2342 novi
736 2316 788 2343 nisi
806 2325 855 2351 per
869 2318 955 2352 legem
979 2319 1013 2346 97.

229 2358 263 2390 Et
279 2359 407 2386 veniente
419 2359 559 2391 mandato,
575 2360 674 2395 inquit,
684 2366 826 2396 peccaturi)
843 2363 952 2396 revixit,
964 2372 1015 2399 ego

227 2412 294 2431 vero
310 2410 436 2432 mortuus
447 2413 508 2432 sum
524 2405 558 2433 °“.
572 2416 580 2431 ι
597 2406 630 2433 Et
654 2407 753 2434 iterum
772 2416 778 2434 :
793 2417 807 2432 .ι
823 2408 912 2443 Usque
927 2409 959 2436 ad
973 2410 1014 2436 le-

227 2460 286 2487 gem
305 2457 364 2479 erat
385 2457 526 2487 peccatum
544 2453 571 2480 in
584 2453 696 2480 mundo.
709 2454 855 2482 Peccatum
865 2456 939 2482 enim
958 2464 1014 2483 non

228 2497 416 2532 impntabatur
430 2506 484 2525 non
511 2498 660 2526 exsistente
686 2500 744 2535 lege
760 2500 795 2532 ’9,
816 2501 859 2527 lex
879 2501 1014 2536 siquidem

227 2541 297 2569 iram
323 2547 452 2576 operatur
465 2543 483 2570 '.
504 2553 513 2568 ι
528 2543 584 2570 Lex
607 2544 690 2579 igitur
710 2553 792 2572 manu
812 2546 1015 2581 quodatnmodo

228 2589 304 2617 ducit
316 2589 350 2616 ad
364 2589 514 2622 Christum,
539 2598 657 2625 arguens
674 2595 885 2627 trangrcssorcs,
900 2594 1015 2629 ipseque

227 2633 415 2668 experimento
428 2634 529 2662 docens
543 2636 684 2667 mortales,
697 2637 770 2671 quod
795 2638 963 2673 impossibile
979 2639 1016 2666 sit

227 2680 400 2715 proclivitate
415 2680 448 2707 ad
462 2686 604 2716 peccatum
617 2682 774 2710 laborantes
787 2684 909 2720 eﬁ'ugere
929 2693 1014 2713 accu-

227 2726 360 2753 sationem
373 2735 406 2754 ex
420 2727 489 2762 lege,
505 2727 552 2754 sed
567 2728 679 2755 omnino
701 2730 787 2757 salute
803 2738 851 2765 per
874 2730 1014 2759 Christum

229 2773 422 2813 indiget‘e,_qui
436 2774 566 2809 justiticat
581 2775 607 2801 in
624 2774 675 2802 ﬁde.
689 2780 715 2802 et
727 2776 960 2804 miserationibus.

263 2829 384 2858 “Calal.
404 2840 440 2863 tu,
457 2831 529 2858 8-12.
588 2833 609 2847 ~""
631 2833 696 2859 ibid.
720 2835 810 2860 tfinis‘.

229 2865 252 2882 "
269 2865 384 2899 Rom.v,
404 2867 443 2893 15.
486 2868 492 2882 ¹
516 2867 593 2894 ltum.
620 2876 653 2899 ιτ,
673 2869 711 2894 lii.

939 2227 1016 2277 (ΛΡΜ
1034 2248 1056 2277 D

869 2837 890 2851 θλ
909 2836 975 2862 iliid.
996 2836 1082 2863 19126.

1085 262 1221 298 ’Λόραάμ.
1234 264 1310 290 Ὅσοι
1321 264 1374 299 γὰρ
1387 263 1416 295 ἐξ
1431 262 1518 298 ἔργων
1533 262 1616 298 νόμου
1629 262 1708 293 εἰσὶν,
1724 262 1776 289 ὑπὸ
1788 262 1872 288 κατὰ·

1086 316 1136 343 ραν
1150 309 1213 334 εἰσί.
1237 309 1394 344 Γέγραπται
1410 308 1474 343 γὰρ,
1490 308 1531 334 ὅτι
1546 308 1762 344 Ἐπικατάρατος
1774 309 1827 338 πᾶς
1843 307 1872 339 ὃς

1083 354 1134 379 οὐκ
1149 353 1264 388 ἐμμένει
1280 354 1308 380 ὲν
1322 354 1388 380 πᾶσι
1399 355 1455 384 τοῖς
1469 353 1671 388 γεγραμμένοις
1683 353 1712 379 ὲν
1726 353 1764 387 τῷ
1779 352 1871 387 βιϐλίῳ

1083 399 1130 425 τοῦ
1143 399 1226 433 νόμου
1243 399 1289 426 τοῦ
1307 399 1419 434 ποιῆσαι
1434 399 1511 426 αὐτὰ.
1529 399 1590 425 Ὅτι
1608 399 1636 425 δὲ
1653 400 1682 426 ἐν
1695 400 1770 434 νόμῳ
1784 399 1870 430 οὐδεὶς

1083 445 1232 472 δικαιοῦται
1247 445 1322 480 παρὰ
1334 445 1411 477 Θεοῦ,
1424 444 1502 479 δῆλον
1513 444 1553 471 ὅτι
1564 445 1578 470 6
1592 444 1694 475 δίκαιος
1708 445 1740 470 ὲκ
1753 444 1871 474 πίστεως

1083 491 1204 525 ζήσεται.
1227 491 1255 517 Ὀ
1271 491 1299 517 δὲ
1315 490 1396 526 νόμος
1417 491 1467 517 οὐκ
1488 491 1562 517 ἐστιν
1583 492 1615 517 ἐκ
1632 491 1760 521 πίστεως.
1777 489 1834 516 ἀλλ’
1857 490 1872 516 6

1082 536 1197 571 ποιήσας
1210 536 1279 563 αὐτὰ
1289 556 1296 568 ,
1312 535 1424 571 ζήσεται
1441 537 1470 562 ἐν
1486 536 1587 567 αὐτοῖς.
1605 545 1614 561 ι
1636 535 1756 570 Ἀραρεν
1770 533 1816 561 οὖν
1830 535 1870 561 ὅτι

1081 583 1114 610 τὰ
1129 582 1321 618 ἐπηγγελμένα
1339 582 1533 618 διεπεραίνετο·
1560 582 1608 608 καὶ
1628 581 1688 616 οὐχὶ
1709 580 1742 616 δὴ
1763 581 1870 612 πάντως

1081 628 1124 655 διὰ
1139 628 1192 654 τῶν
1217 630 1246 655 ὲν
1269 628 1343 663 νόμῳ
1370 627 1645 662 παιδαγωγουμένων,
1669 625 1738 655 ἀλλὰ
1762 626 1816 652 τῶν
1842 627 1870 652 ἐν

1081 673 1171 700 πίστει
1191 673 1416 708 δεδικαιωμένων.
1440 674 1589 709 Παρεισέδυ
1603 674 1631 700 δὲ
1649 673 1828 709 οἰκονομικῶς
1853 674 1870 707 ἠ

1079 719 1123 746 διὰ
1135 719 1256 751 Μωσέως
1268 719 1372 754 ἐντολὴ,
1387 719 1436 746 οὐκ
1449 719 1624 754 ὴμελημένης
1637 720 1685 754 τῆς
1694 719 1868 753 ἐπαγγελίας,

1079 766 1136 793 ἀλλ’
1152 765 1195 792 ἵνα
1209 766 1366 800 παιδαγωγῇ
1384 765 1430 792 καὶ
1445 764 1598 802 ἀνακομίζῃ
1611 765 1681 792 κατὰ
1697 765 1785 800 βραχὺ
1802 764 1870 799 πρὸς

1078 810 1128 846 τὴν
1147 810 1190 837 διὰ
1215 810 1332 842 πίστεως
1346 810 1440 844 κλῆσιν
1457 817 1464 824 ·
1481 811 1528 840 καὶ
1542 810 1596 836 τῶν
1619 809 1669 844 ἥδη
1690 808 1868 845 προεισϐεεη-

1079 857 1165 883 κὸτων
1174 856 1320 890 ἐλέγχουσα
1332 855 1379 891 τὴν
1390 855 1543 886 ἀσθένειαν,
1556 854 1772 890 χρειωδεστάτην
1783 854 1869 881 ἆπασι

1079 903 1126 929 καὶ
1150 902 1302 936 ἀναγκαίαν
1327 902 1377 937 ήδη
1410 910 1468 933 πως
1493 901 1620 936 ἀποδείξῃ
1637 900 1729 927 λοιπὸν
1752 899 1802 935 τὴν
1826 899 1870 926 διὰ

1079 949 1197 980 πίστεως
1219 948 1298 983 χάριν
1318 947 1366 974 καλ⁸
1384 947 1432 983 τὴν
1452 948 1481 974 ὲν
1494 946 1606 981 Χριστῷ
1621 945 1779 973 δικαίωσιν·
1794 945 1868 980 Ἔφη

1077 991 1105 1018 δὲ
1122 991 1192 1018 οὕτω
1205 992 1286 1018 πάλιν
1299 993 1313 1018 6
1330 991 1472 1022 θεσπέσιος
1486 990 1600 1022 Παῦλος·
1618 999 1626 1015 ι
1653 990 1785 1024 Ἀδελφοὶ,
1798 989 1869 1016 κατὰ

1077 1035 1218 1071 ἄνθρωπον
1237 1035 1308 1069 λέγω
1320 1055 1326 1066 ,
1341 1036 1416 1070 ὅμως
1431 1033 1575 1070 ἀνθρώπου
1590 1034 1724 1069 διαθήκην
1742 1042 1867 1069 κεκυρω-

1078 1081 1161 1117 μένην
1171 1080 1257 1112 οὐδεὶς
1267 1081 1368 1113 ἀθετεῖ,
1378 1080 1394 1115 ἦ
1406 1080 1636 1106 ἐπιδιατάσσεται.
1650 1079 1695 1114 Τῷ
1704 1079 1732 1106 δὲ
1743 1079 1869 1114 Ἀϐραὰμ

1077 1127 1228 1163 ἐρρέθησαν
1255 1127 1281 1154 αἱ
1307 1127 1468 1161 ἐπαγγελίαι
1493 1126 1596 1161 καὶτῷ
1619 1126 1756 1161 σπέρματι
1772 1125 1866 1152 αὐτοῦ.

1076 1175 1113 1202 Οὐ
1127 1174 1210 1208 λέγει,
1221 1174 1276 1200 Καὶ
1285 1175 1340 1205 τοῖς
1354 1174 1519 1208 σπέρμασιν,
1530 1173 1566 1204 ὡς
1579 1173 1625 1198 ἐπὶ
1635 1173 1750 1204 πολλῶν,
1762 1171 1818 1198 ἀλλ’
1830 1171 1867 1204 ὡς

1076 1219 1117 1254 ἐφ’
1144 1219 1211 1250 ἐνὸς.
1231 1219 1284 1245 Καὶ
1309 1218 1348 1252 τῷ
1369 1218 1507 1254 σπέρματί
1531 1226 1588 1250 σου,
1613 1217 1642 1249 ὃς
1663 1218 1721 1244 ἐστι
1738 1217 1865 1253 Χριστός.

1077 1265 1162 1292 Τοῦτο
1176 1265 1204 1291 δὲ
1222 1265 1295 1298 λέγω
1309 1264 1441 1298 διαθήκην
1460 1262 1656 1298 κεκυρωμένην
1671 1262 1722 1289 ὐπδ
1737 1262 1814 1290 Θεοῦ.
1838 1262 1867 1287 '0

1079 1310 1148 1345 μετὰ
1163 1309 1325 1345 τετρακόσια
1341 1309 1387 1334 καὶ
1409 1308 1556 1343 τριάκοντα
1572 1308 1618 1344 ἐτη
1633 1307 1752 1342 γεγονὼς
1767 1307 1848 1343 νόμος
1859 1327 1865 1337 ,

1075 1357 1124 1382 οὐκ
1143 1356 1241 1390 ἀκυροῖ
1266 1356 1305 1386 είς
1327 1354 1357 1380 τὸ
1378 1354 1552 1389 καταργῆσαι
1568 1353 1618 1389 τὴν
1633 1353 1809 1387 ἐπαγγελίαν.
1835 1353 1866 1379 Εἰ

1074 1401 1129 1437 γὰρ
1146 1402 1176 1428 ἐκ
1189 1402 1272 1436 νόμου
1287 1402 1303 1436 ἡ
1328 1399 1506 1436 κληρονομία,
1530 1400 1622 1426 οὐκέτι
1638 1401 1666 1432 ἐξ
1682 1399 1865 1434 ἐπαγγελίας,

1073 1448 1112 1482 τῷ
1130 1448 1157 1474 δὲ
1179 1448 1305 1482 ’Λΰραὶιμ
1320 1447 1352 1473 δι¹
1371 1446 1535 1481 ἐπαγγελίας
1551 1447 1710 1481 κεχάρισται
1726 1447 1739 1472 6
1760 1446 1836 1477 Θεός.
1854 1455 1864 1471 ι

1074 1494 1250 1530 Προσεπάγει
1263 1494 1290 1519 δὲ
1306 1493 1410 1524 τούτοις
1426 1494 1473 1520 καὶ
1489 1493 1538 1528 τὴν
1553 1492 1641 1519 αἰτίαν
1656 1491 1737 1524 εὐθὺς
1754 1491 1803 1527 τῆς
1817 1491 1863 1518 τοῦ

1073 1540 1156 1575 νόμου
1172 1539 1362 1575 προεισὸολῆς,
1379 1539 1449 1566 οὕτω
1464 1539 1550 1572 λέγων
1565 1548 1572 1555 ·
1587 1549 1597 1565 ι
1620 1539 1652 1566 Τί
1670 1537 1716 1566 οὖν
1731 1541 1745 1566 6
1762 1539 1844 1574 νόμος
1857 1560 1864 1571 ,

1074 1586 1128 1612 τῶν
1145 1586 1327 1618 παραϐάσεων
1341 1585 1421 1620 χάριν
1444 1584 1595 1619 προσετέθη
1614 1584 1693 1620 ἄχρις
1708 1581 1738 1610 οῦ
1755 1584 1817 1620 ἔλθῃ
1836 1584 1867 1612 τὸ

1076 1633 1185 1668 σπέρμα
1198 1633 1212 1658 ὃ
1225 1632 1402 1667 ἐπήγγελται.
1415 1631 1552 1665 διαταγεὶς
1565 1630 1598 1657 δι’
1613 1630 1737 1665 ἀγγέλων
1752 1631 1779 1656 ὲν
1795 1631 1866 1666 χειρὶ

1076 1679 1196 1714 μεσίτου.
1219 1679 1248 1704 Ὀ
1261 1678 1287 1704 δὲ
1301 1677 1415 1712 μεσίτης
1427 1676 1486 1708 ἑνὸς
1499 1677 1548 1703 οὐκ
1561 1676 1644 1703 ἔστιν.
1664 1677 1693 1702 '0
1708 1676 1736 1702 δὲ
1749 1676 1814 1707 Θεὸς
1825 1673 1865 1707 εἷς

1074 1725 1156 1750 ἐστιν·
1171 1721 1236 1750 ὁοῦν
1248 1723 1328 1757 νόμος
1339 1722 1409 1749 κατὰ
1422 1722 1470 1757 τὴν
1484 1720 1649 1755 ἐπαγγελίαν
1664 1721 1710 1747 τοῦ
1725 1720 1792 1746 Θεοῦ
1805 1729 1811 1752 ;
1828 1719 1865 1755 μὴ

1074 1769 1186 1803 γένοιτο.
1207 1769 1237 1794 Εἰ
1251 1768 1304 1802 γὰρ
1321 1767 1397 1802 ἐδόοη
1409 1767 1489 1802 νόμος
1500 1767 1513 1792 6
1524 1766 1672 1801 δυνάμενος
1686 1766 1864 1800 ζωογονῆσαι,

1073 1814 1156 1845 ὅντως
1171 1814 1203 1840 ὲκ
1216 1814 1300 1848 νόμου
1317 1813 1350 1839 ἂν
1364 1814 1380 1848 ὴ
1394 1811 1552 1847 δικαιοσύνη
1566 1809 1609 1847 ἦν.
1633 1811 1714 1838 Ἀλλὰ
1727 1811 1865 1838 συνέκλει-

1073 1868 1118 1886 σεν
1134 1848 1257 1895 ἧΓραφὴ
1275 1859 1308 1885 τὰ
1329 1859 1417 1886 πάντα
1436 1858 1488 1884 ὑπὸ
1514 1858 1662 1893 ἁμαρτίαν,
1683 1857 1726 1884 ἴνα
1743 1858 1758 1892 ἡ
1777 1859 1864 1891 ἑπαγ-

1072 1905 1149 1938 γελία
1171 1905 1203 1931 ὲκ
1232 1904 1350 1936 πίστεως
1384 1903 1472 1938 Ἰησοῦ
1501 1902 1619 1938 Χριστοῦ
1648 1902 1711 1938 δοθῇ
1737 1904 1794 1934 τοῖς
1821 1911 1865 1928 πι-

1073 1950 1208 1977 στεύουσι·
1229 1950 1281 1986 πρὸ
1303 1950 1330 1976 δὲ
1356 1949 1402 1976 τοῦ
1423 1949 1510 1975 ἐλθεῖν
1524 1949 1574 1984 τὴν
1591 1949 1692 1979 πίστιν,
1711 1948 1763 1975 ὑπὸ
1781 1949 1864 1982 νόμον

1072 1996 1289 2032 ὲῳρουρούμεθα,
1299 1995 1505 2031 συγκλειόμενοι
1518 1996 1557 2026 εἰς
1564 1995 1614 2029 τὴν
1627 1993 1776 2029 μέλλουσαν
1786 1995 1864 2028 δόξαν

1071 2042 1309 2077 ἀποκαλυφθῆναι.
1335 2042 1417 2068 Ὥστε
1440 2043 1454 2068 6
1481 2041 1562 2077 νόμος
1584 2041 1761 2076 παιδαγωγὸς
1785 2041 1864 2076 ἡμῶν

1071 2089 1182 2123 γέγονεν
1198 2089 1237 2120 εἰς
1256 2087 1384 2123 Χριστὸν.
1405 2088 1449 2114 ἵνα
1466 2087 1498 2113 ἐκ
1520 2087 1639 2119 πίστεως
1660 2086 1862 2121 δικαιωθῶμεν.

1077 2133 1222 2168 Ἐλθούσης
1243 2134 1271 2160 δὲ
1285 2133 1335 2168 τῆς
1355 2133 1481 2165 πίστεως,
1498 2132 1548 2159 οὑκ
1563 2132 1603 2159 ἔτι
1621 2133 1674 2158 ὑπὸ
1689 2132 1863 2171 παιδαγωγόν

1070 2181 1163 2215 ἐσμεν.
1190 2180 1293 2210 Πάντες
1315 2178 1370 2214 γὰρ
1384 2179 1437 2205 υἱοὶ
1451 2178 1518 2205 Θεοῦ
1540 2179 1601 2204 ἐστε
1625 2178 1669 2205 διὰ
1684 2178 1800 2210 πίστεως
1815 2178 1863 2212 τῆς

1070 2228 1098 2254 ἐν
1117 2225 1227 2261 Χριστῷ
1250 2225 1347 2260 Ἰησοῦ.
1365 2234 1374 2250 ι
1395 2224 1500 2251 Οὐκοῦν
1521 2224 1622 2259 ἥκιστα
1638 2224 1688 2259 μὲν
1716 2223 1865 2250 ὲνδοιάσει;

1071 2282 1110 2304 τις
1125 2272 1168 2303 ἂν,
1183 2272 1221 2303 ὡς
1240 2272 1350 2306 ἔλεγχος
1365 2268 1400 2306 ἦν
1414 2271 1428 2296 6
1444 2270 1525 2305 νόμος
1538 2271 1586 2305 τῆς
1604 2270 1659 2296 τῶν
1677 2270 1866 2304 παιδαγωγουτ

1068 2319 1157 2355 μένων
1169 2317 1325 2348 ἀσθενείας,
1341 2315 1552 2352 παραδεικτικὸς
1567 2315 1594 2341 δὲ
1610 2315 1712 2350 μᾶλλον
1725 2314 1864 2350 πταισμά-

1065 2374 1119 2393 των
1135 2365 1182 2391 sui.
1196 2363 1343 2398 ἁμαρτίας.
1363 2372 1371 2388 ι
1393 2359 1430 2389 Οὖ
1447 2362 1518 2396 γὰρ,
1547 2362 1639 2396 φησιν,
1661 2362 1710 2388 οὐκ
1737 2361 1794 2387 ἐστι
1819 2361 1862 2387 νό-

1068 2421 1127 2447 μος,
1144 2411 1205 2437 οὐδὲ
1227 2409 1393 2444 παρὰδασις.
1416 2418 1424 2431 ι
1445 2408 1499 2434 Καὶ
1515 2407 1605 2435 πάλιν
1626 2417 1635 2433 ‹
1649 2407 1704 2442 Τὴν
1724 2407 1752 2433 δὲ
1769 2407 1860 2442 ἁμαρ-

1065 2458 1124 2484 τίαν
1140 2457 1190 2484 οὐκ
1201 2455 1285 2491 ᾔδειν,
1303 2455 1326 2480 εἰ
1349 2454 1385 2489 μὴ
1407 2454 1452 2480 διὰ
1467 2454 1561 2489 νόμον.
1590 2453 1645 2480 Καὶ
1664 2453 1796 2488 ἐλθούσης
1811 2453 1860 2487 τῆς

1065 2501 1293 2538 ὲντολῆς,·φησὶν,
1307 2502 1323 2535 ἡ
1342 2500 1464 2536 ἁμαρτία
1479 2499 1620 2534 ἀνέζησεν·
1644 2498 1700 2533 ἐγὼ
1711 2498 1739 2525 δὲ
1757 2497 1860 2525 ἀπέθα-

1066 2557 1120 2575 νον.
1138 2558 1146 2573 ι
1160 2547 1215 2574 Καὶ
1239 2546 1329 2573 πάλιψ
1351 2555 1360 2571 ι
1381 2545 1462 2580 ’Ἄχρι
1480 2545 1526 2571 τοῦ
1552 2544 1636 2579 νόμου
1653 2542 1686 2580 ἦν
1697 2543 1819 2579 ἁμαρτία
1831 2543 1859 2568 ἐν

1066 2594 1171 2630 κόσμῳ·
1189 2592 1311 2628 ἁμαρτία
1326 2591 1380 2627 γὰρ
1396 2592 1446 2618 οὐκ
1459 2591 1610 2625 ὲλλογεῖται
1626 2590 1663 2626 μὴ
1677 2590 1752 2622 ὄντος
1765 2590 1856 2624 νόμου.

1072 2640 1100 2666 Ὀ
1114 2639 1167 2675 γὰρ
1180 2639 1261 2674 νόμος
1274 2638 1358 2674 ὀργὴν
1369 2637 1579 2673 κατεργάζεται.
1596 2646 1605 2662 ι
1621 2636 1856 2670 [iamiam-(drmit:

1065 2685 1153 2712 τοίνυν
1168 2685 1182 2711 ὁ
1195 2684 1276 2718 νόμος
1292 2683 1336 2710 ἐπὶ
1352 2683 1480 2718 Χριστὸν,
1502 2682 1622 2717 ἐλέγχων
1642 2682 1706 2714 τοὺς
1721 2681 1857 2716 παραϐαί-

1065 2739 1170 2764 νοντας,
1188 2731 1234 2758 καὶ
1251 2731 1318 2766 αὐτῇ
1337 2731 1419 2766 πείρᾳ
1431 2729 1566 2756 διδάσκων
1579 2729 1642 2761 τοὺς
1658 2729 1704 2755 ἐπὶ
1724 2729 1773 2763 τῆς
1794 2728 1856 2763 γῆς,

1056 2777 1092 2810 ὡς
1113 2777 1185 2804 ἔστιν
1207 2778 1348 2813 ἀμήχανον
1364 2777 1413 2812 τὴν
1432 2778 1463 2803 ἐκ
1479 2776 1561 2811 νόμον
1584 2776 1726 2811 διαδρᾶναι
1749 2775 1857 2810 γραφὴν

1692 2831 1714 2848 θ’
1734 2831 1799 2859 illiti.
1828 2831 1854 2858 9.

1135 2836 1247 2862 “llum.
1268 2843 1304 2866 IV,
1321 2835 1361 2861 lii.
1401 2835 1422 2850 θ’
1446 2835 1524 2861 Rom.
1547 2841 1591 2865 \n,
1612 2833 1638 2859 7.
