1990 3050
256 134 304 164 ιω

765 133 793 162 S.
814 134 952 162 CYRILL]
972 134 1206 163 ALEXANDRINI
1226 134 1386 163 ARCHIEP.

1836 131 1892 160 ιω

252 189 279 222 la
290 196 396 226 :ientes,
411 193 558 229 reportetis
575 194 790 229 promissionem
803 195 825 221 '.
840 204 848 220 ι
868 194 938 222 Vide
955 194 1046 230 itaque

1099 195 1247 230 πέφηνενή
1265 194 1399 230 ὑπομονὴ.
1425 192 1504 230 Ίεροὶ
1529 192 1584 229 γὰρ
1606 191 1699 223 αὐτοῖς
1723 199 1886 227 προσπεφωη

255 241 407 268 llebeecam
439 240 516 268 tarde
535 240 646 275 quidem
670 245 753 276 atque
768 248 839 276 :cgre
865 245 975 268 uterum
1002 241 1043 269 fe-

254 293 358 314 rentem
374 286 454 322 (anus
473 287 546 314 enim
568 285 650 320 erat),
661 293 722 321 qua!
739 290 830 313 tamen
847 286 883 314 ob
908 294 1044 314 summam

253 331 301 358 Dei
335 339 399 366 erga
432 330 507 358 Isaac
545 330 762 358 muniﬁcentiam
797 335 889 364 atque
921 337 1045 357 amorem

252 376 413 411 pepererit:
437 375 509 402 Esau
538 375 650 410 quidem
684 375 910 410 primogenitum,
936 375 1045 402 statim-

252 430 305 456 que
332 426 394 457 post
424 422 498 449 hunc
530 421 635 454 Jacob,
671 420 725 455 97
750 428 800 456 per
833 428 902 455 quos
943 421 1046 455 optime

253 466 363 501 quidem
395 466 476 493 nobis
513 473 624 493 rursum
651 464 707 492 duo
736 464 852 499 populi,
882 463 1047 491 lsraelitieus

253 512 384 539 nimirum
402 517 431 540 et
453 512 580 548 gentilis,
608 511 807 545 exprimantur.
836 509 919 544 Atqui
944 510 1048 544 primo-

252 558 361 594 genitus
376 558 487 597 quidem
516 558 599 585 Israel
621 558 642 573 ‘°
661 566 668 584 :
690 558 764 593 prior
779 558 853 585 enim
876 561 988 584 vocatus
1006 561 1048 585 est

253 612 303 639 per
333 604 420 639 legem
437 613 443 630 :
465 603 603 631 secundus
621 610 686 630 vero
706 608 769 638 post
785 603 873 635 illum,
889 604 935 638 qui
951 603 979 630 in
995 602 1047 630 ﬁde

254 658 304 685 per
321 649 472 677 Christum.
486 649 584 677 Videat
604 653 694 676 autem
711 649 774 683 quis
791 649 909 677 duorum
930 649 1046 683 populo-

255 704 316 723 rum
329 696 356 723 in
370 695 481 731 ingenio
499 703 530 722 ac
546 695 669 722 moribus
679 695 875 726 differentiam,
889 699 917 722 et
929 702 962 721 ex
980 693 1048 729 ipsis

255 740 424 772 nominibus,
443 740 543 775 quibus
561 744 676 774 uterque
696 741 854 772 vocabatur,
877 743 905 767 et
933 747 967 766 ex
991 741 1048 774 ipsa

255 794 401 822 corporum
410 785 497 813 forma
511 785 568 813 sive
579 785 786 813 constitutione.
798 785 869 813 Esau
878 785 952 813 enim
964 785 1049 812 inter-

255 836 379 868 pretatur
393 840 514 867 quercus,
529 831 582 858 hoc
601 836 652 863 est,
675 831 750 858 dirus
767 836 848 866 atque
870 831 984 867 rigidus.
1000 831 1047 858 Di-

255 884 330 906 ctum
343 883 385 906 est
404 882 495 905 autem
513 877 613 904 alicubi
633 877 666 903 ad
687 877 817 904 lsraclem
833 885 848 904 a
868 877 923 904 Deo
939 886 945 904 :
967 887 976 902 ‹
993 877 1046 905 Co-
1062 874 1082 902 ll

255 931 357 959 guosco
370 932 420 959 ego
430 923 504 958 quod
518 923 606 950 durus
616 930 646 950 es
664 928 692 950 et
704 929 805 949 nervus
824 923 932 950 ferreus
953 922 1046 950 cervix

256 975 302 997 tua
317 974 345 997 et
356 969 432 996 frons
453 974 499 997 tua
515 977 590 996 :enea
605 969 646 996 ”'.
662 969 746 996 Jacob
765 976 832 996 vero
845 968 1045 1004 supplantator,

255 1016 308 1044 hoc
322 1019 373 1048 est,
390 1015 502 1048 artifex,
521 1015 578 1042 sive
594 1014 723 1042 vincendi
749 1015 864 1049 peritus.
886 1014 1048 1049 Supplantat

254 1062 329 1090 enim
337 1062 399 1097 quis
410 1069 473 1088 eum
482 1069 563 1096 quem
579 1060 686 1088 vicerit.
704 1060 795 1088 Vincit
816 1064 908 1088 autem
935 1060 1048 1088 omnino

256 1115 311 1136 non
324 1107 441 1142 populus
454 1107 482 1133 in
499 1106 569 1141 lege,
586 1105 634 1133 sed
650 1106 698 1140 qui
721 1106 748 1132 in
763 1105 873 1133 Christo
886 1113 936 1140 per
954 1105 1046 1137 ﬁdem,

255 1153 360 1188 quique
385 1152 491 1188 peccati
518 1151 721 1179 accusationem
744 1151 880 1186 effugerit,
898 1151 1048 1185 mortisque

256 1197 402 1234 imperium
417 1196 565 1224 obtuderit.
579 1196 663 1223 Porro
674 1196 745 1223 Esau
765 1205 773 1221 ι
783 1195 860 1223 rufus
871 1200 929 1222 erat
940 1200 1022 1228 totus,
1035 1205 1044 1221 ι

256 1245 295 1273 ita
319 1245 393 1272 enim
406 1244 539 1279 scriptum
555 1247 608 1276 est,
625 1253 634 1268 ε
647 1247 674 1270 et
691 1243 764 1270 velut
781 1243 859 1278 pellis
879 1243 1019 1276 hirsutus;
1035 1253 1044 1269 I

256 1291 340 1320 Iacob
364 1295 455 1318 autem
471 1290 514 1317 vir
532 1289 625 1325 glaber
643 1289 703 1316 sive
718 1289 794 1316 laevis
810 1289 840 1316 “.
859 1289 988 1316 Flavities
1006 1293 1048 1326 ty—

255 1345 308 1373 pus
317 1341 360 1365 est
368 1337 477 1365 ferocize
492 1340 573 1371 atque
586 1335 634 1362 ira:
646 1355 653 1367 ,
673 1335 809 1370 siquidem
824 1343 921 1362 verum
935 1339 987 1367 est,
1001 1343 1049 1361 ru-

257 1383 404 1412 bicundam
414 1383 442 1410 in
460 1382 500 1409 ira
510 1381 622 1417 percitis
633 1385 723 1408 cutem
740 1380 808 1408 ﬁeri.
823 1380 901 1413 Quod
916 1388 982 1407 vero
991 1380 1049 1407 hir-

256 1431 350 1455 sutum
362 1435 393 1454 ac
412 1426 531 1461 pilosum
544 1433 615 1457 esse,
635 1425 754 1452 ferinum
766 1425 812 1457 sit,
826 1433 881 1460 quo
896 1429 977 1460 pacto
989 1426 1051 1460 quis

257 1471 451 1499 dubitaverit?
465 1471 554 1505 Atque
575 1470 732 1505 hujusmodi
750 1470 830 1504 plane
847 1471 971 1498 moribus
979 1479 1050 1506 pne-

256 1518 344 1547 ditum
351 1517 479 1544 lsraelem
491 1516 569 1544 facile
577 1516 639 1550 quis
647 1516 855 1548 animadvertat,
863 1516 955 1543 animo
966 1516 1050 1543 nimi—

257 1570 319 1589 rum
328 1561 373 1589 vel
381 1561 521 1589 intellectu
532 1560 902 1594 convenienticonstitulum,
914 1561 962 1588 sed
971 1562 1050 1590 valde
1063 1550 1087 1580 (ἶ

257 1612 428 1640 renuentem,
440 1607 508 1634 etad
519 1606 647 1634 ferociam
663 1606 910 1642 crudelitatemque
921 1615 1048 1642 pronum.

257 1653 424 1680 Deciderunt
437 1652 511 1679 enim
530 1656 639 1679 sanctos
651 1652 799 1686 prophetas
810 1672 817 1683 ,
836 1656 917 1687 atque
930 1653 999 1681 adeo
1021 1653 1050 1681 in

260 1700 347 1734 ipsum
367 1698 475 1726 tandem
495 1698 701 1725 Emmanuelem
722 1698 805 1732 impie
820 1703 946 1734 egerunt.
967 1699 1049 1726 Leni-

260 1750 300 1773 tas
316 1752 382 1772 vero
397 1744 539 1779 proprium
556 1743 683 1771 humanae
699 1743 793 1771 forma:
809 1748 852 1772 est
867 1744 983 1780 signum.
999 1746 1050 1773 Mi-

259 1791 295 1818 tis
306 1795 397 1818 autem
413 1790 590 1818 vehementer
607 1793 634 1817 et
654 1797 760 1817 summe
775 1795 934 1818 mansuetus
945 1795 987 1818 est
998 1799 1050 1819 no-

260 1844 311 1865 vus
324 1840 352 1863 et
362 1844 411 1870 per
421 1835 502 1862 ﬁdem
516 1834 643 1870 populus.
663 1834 726 1862 Oris
743 1835 817 1862 enim
835 1836 969 1871 elegantia
991 1836 1050 1863 evi-

260 1881 328 1909 dens
344 1884 536 1916 argumentum
557 1883 599 1907 est
621 1879 816 1907 intellectualis
833 1880 890 1907 sive
912 1880 1051 1908 interioris

261 1923 487 1963 pulchritudinis;
503 1925 731 1961 quemadmodum
752 1927 780 1953 in
796 1926 867 1953 Esau
879 1926 996 1954 feritatis
1014 1927 1052 1954 si-

260 1982 343 2010 gnum
353 1982 414 2002 esse
425 1973 544 2000 diximus
557 1973 696 2000 hirsutum
713 1981 745 2000 ac
758 1972 859 2004 ﬂavum
875 1981 946 2000 esse.
961 1973 1050 2002 Caete-

261 2029 322 2048 rum
335 2020 445 2055 utrique
471 2028 525 2047 una
548 2023 608 2047 erat
639 2023 734 2051 mater,
758 2019 888 2046 nimirum
915 2020 1048 2048 Rebecca.

261 2066 393 2101 Adjunxit
412 2070 502 2093 autem
518 2063 784 2099 sibiipsiEcclesiam
804 2064 935 2093 Dominus
955 2069 1050 2093 noster

260 2112 341 2140 Jcsus
351 2111 477 2139 Christus
488 2110 620 2145 virginem
633 2116 734 2137 castam
743 2110 907 2137 servientem
917 2111 1049 2146 quodam-

262 2156 344 2184 modo
363 2156 390 2183 in
407 2155 642 2191 regenerationem
667 2154 839 2190 spiritualem
857 2156 975 2183 duorum
998 2164 1048 2192 po-

262 2203 400 2238 pulorum.
415 2202 551 2235 Quantum
569 2201 643 2228 enim
657 2201 756 2229 attinet
767 2201 801 2228 ad
815 2202 900 2237 ipsius
917 2203 1050 2232 adventus
1061 2209 1088 2240 ο

261 2255 375 2283 scopum
386 2268 393 2279 ,
421 2246 549 2274 formavit
561 2253 609 2273 eos
626 2246 654 2273 in
674 2254 759 2273 unum
773 2255 875 2274 novum
900 2248 1050 2283 hominem,

263 2293 432 2320 constituens
451 2298 556 2326 pacem,
574 2295 601 2317 et
627 2290 777 2318 concilians
796 2295 926 2326 utrosque
946 2293 975 2320 in
997 2302 1052 2322 uno

262 2338 371 2372 spiritu,
396 2337 468 2364 sicut
485 2336 617 2371 scriptum
636 2340 678 2363 est
690 2336 720 2363 ".
735 2336 869 2364 Caeterum
880 2343 939 2366 erat
948 2339 1054 2367 discors

262 2382 345 2410 Israel
358 2390 373 2409 a
391 2389 461 2409 novo
472 2382 593 2416 populo,
613 2382 750 2409 exsistens
769 2383 920 2411 secundum
945 2388 1053 2420 tempus

261 2429 318 2464 98
331 2427 538 2463 primogenitus.
557 2427 614 2455 Hoc
626 2428 712 2460 enim,
732 2434 762 2456 ut
788 2429 917 2462 arbitror,
946 2431 1050 2466 signiﬁ-

263 2478 307 2501 cat
318 2474 389 2500 fetus
402 2473 428 2500 in
445 2477 524 2500 utero
540 2473 705 2505 subsultare,
717 2473 837 2501 futuram
849 2475 1052 2510 quodammodo

263 2517 434 2545 inimicitiam
464 2516 658 2552 signiﬁcantes.
686 2518 763 2551 Quod
789 2527 855 2546 vero
880 2521 1052 2554 praestantior

263 2567 336 2590 esset
343 2563 451 2590 futurus
462 2570 548 2589 novus
560 2583 567 2594 ,
583 2562 723 2598 multoque
743 2563 920 2592 celebriorem
938 2565 1050 2600 gloriam

264 2611 461 2635 consecuturus
474 2615 556 2641 quam
568 2607 648 2634 lsracl
660 2608 869 2643 primogenitus,
887 2609 1051 2645 signiﬁcavit

265 2653 357 2681 statim
370 2652 392 2679 is
405 2652 449 2680 cui
460 2653 551 2679 omnia
567 2656 631 2679 sunt
645 2653 793 2687 explorata,
807 2654 844 2681 ita
857 2653 954 2682 dicens
971 2663 977 2682 :
994 2664 1004 2681 ‹
1018 2655 1052 2682 Et

266 2697 382 2733 populus
394 2697 524 2731 populum
541 2697 691 2731 superabit.
703 2703 730 2724 et
743 2699 829 2732 major
841 2699 943 2726 serviet
961 2699 1051 2726 mino-

266 2743 289 2770 ri
305 2743 335 2769 ".
353 2751 361 2768 ι
375 2742 537 2770 Praedictum
555 2743 628 2769 enim
644 2742 733 2770 estde
752 2743 874 2778 utrisque
891 2744 1051 2779 mysterium

303 2805 312 2820 '
326 2804 408 2832 Hebr.
422 2812 448 2836 ι,
459 2805 502 2831 56.
544 2806 565 2820 ’θ
580 2805 663 2832 Exod.
681 2813 716 2837 tv,
735 2805 778 2832 2'2.
820 2805 849 2820 "“
864 2805 914 2832 lsa.
929 2813 1016 2838 XLVIII,
1031 2807 1054 2833 ι.
1097 2809 1114 2823 “
1131 2808 1198 2835 Gen.
1214 2815 1271 2838 ur,
1286 2806 1328 2832 ‘23.

271 2840 349 2868 Rom.
366 2848 401 2871 Ix,
418 2839 458 2866 f0.

1095 242 1192 278 νήκασι
1204 242 1287 277 λόγοι,
1298 241 1362 268 ποτὲ
1374 241 1431 277 μὲν,
1441 241 1481 268 ὃτι
1496 249 1505 266 ι
1516 240 1598 275 Ἐντῇ
1605 239 1726 274 ὑπομονῇ
1738 238 1814 274 ὑμῶν
1824 238 1886 273 κτή-

1095 288 1178 314 σασοε
1195 288 1245 320 τὰς
1258 288 1347 323 ψυχὰς
1371 286 1461 322 ὑμῶν·
1476 295 1484 312 ι
1510 285 1576 312 ποτὲ
1590 285 1619 312 δὲ
1632 284 1664 312 αὖ
1675 293 1682 300 ·
1703 294 1713 310 ι
1733 283 1886 319 ’Υπομονῆς

1094 333 1148 368 γὰρ
1167 333 1242 369 ἔχετε
1258 333 1363 368 χρείαν,
1385 333 1428 359 ἵνα
1443 331 1473 358 τὸ
1489 331 1594 366 θέλημα
1611 330 1658 357 τοῦ
1676 329 1744 356 Θεοῦ
1757 329 1888 364 ποιήσαν-

1094 378 1161 413 τες),
1186 377 1335 413 κομίσησθε
1355 377 1404 413 τὴν
1431 376 1606 410 ἐπαγγελίαν.
1620 385 1629 401 ›
1651 375 1721 410 Ὅρα
1738 374 1826 401 τοίνυν
1837 373 1890 408 τὴν

1101 424 1248 451 Ῥεὸέκκαν
1260 424 1308 459 ὀψὲ
1328 423 1376 459 μὲν
1396 422 1442 450 καὶ
1459 422 1533 458 μόλις
1547 421 1692 448 ὠδίνουσαν
1715 421 1820 455 (στεῖρα
1832 419 1889 455 γὰρ

1095 468 1139 506 ἦν,
1163 469 1350 498 ἀποτεκοῦσαν
1371 469 1392 495 δ’
1410 467 1456 496 οὖν
1474 469 1548 504 ὅμως
1571 469 1604 494 ὲκ
1626 467 1782 502 φιλοτιμίας
1806 465 1888 498 Θεοῦ,

1097 517 1143 543 καὶ
1167 516 1195 549 ἐξ
1216 516 1380 550 ἀγαπήσεως
1395 513 1507 545 Ἰσαὰκ,
1524 514 1569 540 τόν
1595 522 1625 540 τε
1645 513 1730 539 Ἠσαῦ
1753 512 1798 539 τὸν
1813 521 1890 548 πρω-

1097 563 1218 594 τότοκον,
1230 562 1277 589 καὶ
1290 561 1370 592 εὐθὺς
1381 561 1495 587 κατόπιν
1516 560 1588 586 ἰόντα
1605 559 1652 585 τὸν
1672 558 1778 585 Ἰακώϐ.
1793 558 1832 584 Δι’
1849 554 1889 584 ὥν

1101 605 1131 634 εὖ
1151 608 1223 643 μάλα
1250 607 1332 634 πάλιν
1357 607 1422 641 ἡμῖν
1446 605 1651 638 ὲξεικονισθεῖεν
1667 604 1700 631 ἂν
1716 604 1740 630 οἱ
1756 603 1802 630 δύο
1815 603 1888 634 λαοὶ.

1100 655 1113 681 ὃ
1127 662 1157 680 τε
1177 653 1294 688 Ἰσραὴλ,
1313 652 1360 679 ml.
1381 651 1473 687 μέντοι
1491 651 1538 677 καὶ
1554 650 1584 682 ἐξ
1598 649 1693 676 ἐθνῶν.
1708 648 1762 675 Kal.
1779 648 1793 674 6
1814 656 1893 680 πρω-

1097 700 1208 731 τότοκος
1224 699 1274 734 μὲν
1293 700 1307 725 ὁ
1332 697 1450 734 Ἰσραὴλ,
1462 696 1703 733 (προεισκέκληται
1715 694 1771 730 γὰρ
1787 694 1832 721 διὰ
1845 704 1891 720 vn—

1101 748 1176 782 μου)·
1193 746 1317 781 δεύτερος
1329 745 1357 771 δὲ
1376 744 1423 771 καὶ
1447 744 1504 779 μετ’
1517 744 1629 775 ἐκεῖνον,
1649 743 1664 769 6
1686 742 1715 768 ὲν
1730 742 1821 772 πίστει
1846 741 1891 766 δια

1099 792 1227 828 Χριστοῦ.
1246 792 1310 818 Ἰδοι
1325 791 1347 817 δ’
1357 790 1389 817 ἄν
1403 798 1445 821 τις
1456 788 1509 816 τῶν
1520 788 1567 815 δύο
1576 787 1648 814 λαῶν
1660 787 1708 823 τὴν
1728 787 1765 818 ὡς
1777 788 1805 812 ὲν
1819 783 1890 819 γνὼ-

1102 847 1139 874 μῃ
1161 839 1208 865 καὶ
1227 838 1338 874 τρόποις
1353 835 1492 871 διαφορὰν,
1505 835 1552 862 καὶ
1562 834 1590 866 ἐξ
1610 833 1710 865 αὐτῶν,
1729 831 1806 868 οἶμαι
1822 840 1888 863 που,

1097 885 1150 912 τῶν
1164 885 1303 919 ὀνομάτων
1318 883 1335 910 ἃ
1348 881 1381 919 ἦν
1394 884 1422 910 ὲν
1441 883 1553 918 ἀμφοῖν,
1572 881 1619 908 καὶ
1634 881 1666 906 ἐκ
1686 881 1736 914 τῆς
1759 879 1813 906 τῶν
1835 886 1890 904 σω-

1103 931 1195 966 μάτων
1222 930 1304 963 ίδέας,
1320 930 1378 965 ἦτοι
1406 928 1587 962 κατασκευῆς.
1615 927 1644 953 '0
1660 926 1710 962 μὲν
1732 926 1786 960 γὰρ
1801 923 1889 951 Ἦσαῦ

1096 975 1302 1011 διερμηνεύεται
1314 974 1397 1008 δρῦς,
1414 973 1563 1003 τουτέστιν,
1575 971 1683 1006 ἀπηνής
1694 979 1723 998 τε
1735 970 1782 997 καὶ
1798 971 1889 1005 ἀκαμ-

1098 1022 1162 1054 πής.
1189 1021 1304 1056 Εἴρηται
1330 1020 1358 1047 δέ
1374 1028 1424 1046 που
1447 1019 1515 1054 πρὸς
1540 1018 1586 1044 τδν
1613 1016 1722 1053 Ἰσραὴλ
1743 1015 1819 1051 παρὰ
1840 1014 1888 1042 τοῦ

1097 1067 1164 1093 Θεοῦ
1183 1075 1193 1092 ι
1206 1065 1334 1092 Γινώσκω
1345 1065 1398 1100 ἐγὼ
1406 1065 1446 1092 ὅτι
1461 1064 1577 1099 σκληρὸς
1591 1061 1625 1095 εἴ,
1640 1063 1686 1089 καὶ
1702 1063 1796 1098 νεῦρον
1811 1060 1888 1096 σιδη-

1099 1112 1161 1148 ροῦν
1177 1113 1190 1139 ὀ
1204 1111 1337 1147 τράχηλός
1347 1119 1403 1143 σου,
1426 1111 1472 1138 καὶ
1484 1110 1515 1136 τὸ
1533 1109 1657 1145 μέτωπόν
1674 1117 1720 1135 σοι)
1736 1106 1881 1143 χαλκοῦν.»

1099 1157 1284 1191 Πτερνιστὴς
1305 1157 1333 1183 δὲ
1350 1156 1364 1182 ὸ
1388 1155 1494 1188 Ἰακὼϐ,
1515 1154 1647 1186 τουτέστι,
1674 1153 1807 1189 τεχνίτης,
1828 1151 1888 1186 ἦτοι

1099 1204 1176 1238 νικᾷν
1186 1202 1272 1234 εἰδώς.
1283 1203 1408 1237 Πτερνιεϊ
1421 1201 1476 1236 γάρ
1491 1209 1532 1232 τις
1548 1200 1577 1226 ὃν
1593 1199 1625 1226 ἆν
1635 1199 1751 1234 ἡττήσῃ.
1769 1197 1841 1233 Νικᾷ
1859 1197 1888 1224 δὲ

1099 1248 1131 1283 δὴ
1144 1248 1262 1281 πάντως,
1279 1247 1328 1283 οὐχ
1342 1249 1356 1274 6
1371 1248 1399 1273 ὲν
1409 1247 1482 1282 νόμῳ
1495 1246 1568 1278 λαὸς,
1581 1245 1637 1272 ἀλλ’
1651 1247 1665 1272 ὁ
1680 1246 1709 1272 ὲν
1722 1243 1831 1279 Χριστῷ
1843 1243 1888 1270 διὰ

1099 1294 1226 1326 πίστεως,
1240 1294 1333 1320 καὶτὰ
1348 1293 1380 1320 ἐκ
1395 1293 1444 1327 τῆς
1466 1291 1602 1328 ἁμαρτίας
1615 1289 1770 1326 διαδραμὼν
1789 1289 1888 1324 ἐγκλή-

1102 1348 1185 1375 ματα,
1202 1340 1248 1366 καὶ
1263 1339 1331 1366 αὐτὸ
1343 1338 1540 1374 καταμσλύνων
1548 1337 1596 1364 τοῦ
1609 1337 1724 1364 θανάτου
1735 1336 1765 1363 τὸ
1775 1335 1885 1371 κράτος.

1100 1385 1154 1410 Καὶ
1168 1385 1182 1411 6
1200 1383 1249 1418 μὲν
1270 1382 1356 1410 Ἦσαῦ
1373 1383 1538 1418 ιπυρῤάκης
1560 1379 1594 1417 ἦν
1619 1381 1712 1413 ὅλο;”ι
1733 1380 1887 1416 γέγραπται
1923 1377 1928 1380 ’

1100 1429 1154 1464 γὰρ
1165 1428 1223 1460 ὡδὶ,
1243 1437 1252 1454 ί
1267 1429 1320 1454 Καὶ
1344 1427 1410 1454 ὡσεὶ
1426 1427 1492 1462 δορὰ
1512 1426 1595 1458 δασύς
1606 1434 1612 1441 ·
1625 1435 1634 1452 ι
1661 1425 1730 1461 ἀνὴρ
1747 1425 1775 1451 δὲ
1788 1424 1858 1456 λεῖος
1873 1424 1888 1450 6

1106 1474 1211 1502 Ἰακώϐ.
1226 1474 1343 1509 an-(91
1356 1473 1387 1509 δὴ
1408 1471 1454 1500 οὖν
1469 1474 1485 1508 ἡ
1504 1472 1654 1508 πυρρὀτης,
1672 1471 1758 1505 Θυμοΰ
1775 1471 1822 1497 καὶ
1837 1472 1884 1506 ὁρ-

1101 1522 1163 1557 γῆς·
1180 1521 1258 1557 εἴπερ
1286 1519 1359 1547 ἐστὶν
1388 1519 1495 1554 ἀληθῶς
1519 1519 1556 1550 ὼς
1579 1518 1693 1554 ἐρυθρὸν
1719 1517 1760 1544 ἀεί
1785 1516 1888 1548 πωςτδ

1101 1567 1201 1604 χρῶμα
1210 1568 1266 1598 τοῖς
1279 1567 1307 1592 ὲν
1322 1566 1426 1602 ὀργαῖς.
1444 1565 1635 1601 Θηριοπρεπὲς
1650 1563 1679 1590 δὲ
1699 1563 1781 1590 ὅτιτὸ
1794 1562 1886 1589 λασιὸ-

1100 1621 1192 1649 τριχον
1209 1614 1256 1640 καὶ
1271 1612 1349 1644 δασὺ,
1368 1611 1426 1644 πῶς
1447 1611 1480 1638 ἂν
1503 1610 1649 1638 ἐνδοιάσειέ
1666 1618 1722 1642 ru;
1741 1608 1850 1636 Κατιδοι
1863 1608 1887 1635 δ’

1100 1659 1143 1690 ἂν,
1158 1656 1244 1693 οἶμαι,
1267 1658 1319 1689 πᾶς
1328 1666 1370 1689 τις
1382 1658 1410 1684 ὲν
1425 1658 1480 1689 τοῖς
1495 1656 1624 1688 τοιούτοις
1638 1656 1702 1682 ὄντα
1720 1654 1829 1691 τρόποις
1842 1653 1887 1680 τὸν

1106 1703 1229 1739 Ίσραήλ’
1258 1704 1305 1730 xa‘t
1323 1703 1402 1738 Θυμῷ
1425 1703 1474 1738 μὲν
1496 1703 1512 1738 ἢ
1532 1696 1654 1737 λογισμῷ
1678 1701 1717 1736 τῷ
1743 1701 1888 1736 καθήκοντι

1099 1749 1295 1785 διοικούμενον
1320 1749 1518 1776 ἀπονενευκότα
1542 1748 1570 1774 δὲ
1593 1747 1653 1774 λίαν
1686 1748 1725 1778 εἰς
1750 1745 1886 1781 τὺ”θρασὺ

1100 1795 1147 1822 καὶ
1161 1796 1310 1831 ἀνήμερον.
1327 1795 1471 1829 Τοιγάρτοι
1484 1794 1531 1820 κα¹ι
1548 1793 1712 1821 ἀπεκτόνασι
1728 1792 1776 1827 μὲν
1793 1791 1886 1826 ἁγίους

1100 1842 1241 1877 προφήτας
1251 1860 1258 1871 ,
1277 1840 1488 1875 δεδυσσεὸήκασι
1501 1840 1529 1866 δὲ
1543 1840 1591 1866 καὶ
1605 1840 1645 1870 εἰς
1664 1838 1744 1865 αὑτὸν
1763 1838 1791 1864 ὲν
1805 1839 1889 1872 ἐσλὰ-

1099 1894 1155 1915 τοις
1168 1886 1212 1912 τον
1231 1885 1412 1920 Ἐμμανουήλ.
1436 1885 1468 1911 Ἥ
1479 1884 1508 1910 δέ
1521 1893 1553 1918 γε
1562 1883 1678 1920 λειότης,
1694 1883 1885 1918 ἁνθρωποπρε-

1101 1931 1168 1963 ποῦς
1188 1931 1260 1963 ἰδέας
1280 1931 1394 1966 μήνυσις
1409 1931 1536 1966 ἐναργής.
1557 1930 1656 1960 Ἦπιος
1668 1929 1696 1955 δὲ
1709 1928 1823 1963 σφόδρα,
1838 1929 1885 1955 καὶ

1101 1978 1167 2004 πολὺ
1191 1977 1223 2013 δὴ
1241 1977 1300 2004 λίαν
1323 1976 1430 2012 βλέπων
1445 1976 1490 2002 ἐπὶ
1506 1976 1538 2001 τὸ
1549 1976 1663 2011 ἥμερον,
1682 1975 1696 2000 6
1714 1974 1773 2006 νέος
1793 1982 1821 2000 τε
1841 1974 1885 2000 καὶ

1099 2023 1129 2049 ὲν
1141 2022 1231 2049 πίστει
1245 2022 1318 2054 λαός.
1341 2021 1373 2048 Ἠ
1389 2021 1442 2057 γὰρ
1458 2020 1505 2047 τοῦ
1527 2021 1660 2056 στόματος
1676 2019 1827 2054 ἀστειότης.
1846 2020 1884 2050 εἰς

1101 2068 1259 2105 παράδειξιν
1285 2067 1361 2095 ἔσται
1387 2067 1460 2102 σαφῆ
1481 2066 1528 2094 τοῦ
1545 2066 1640 2102 νοητοῦ
1667 2074 1696 2092 τε
1715 2066 1762 2092 καὶ
1786 2064 1886 2091 ἔσωθεν

1099 2114 1224 2146 κάλλους.
1236 2113 1366 2148 Καθάπερ
1382 2113 1479 2148 ἀμέλει
1497 2112 1544 2138 καὶ
1555 2113 1585 2138 ὲν
1604 2110 1704 2143 Ἡσαῦ,
1722 2110 1884 2146 ἀγριότητος

1102 2159 1172 2187 εἶναι
1193 2160 1304 2195 σημεῖον
1328 2158 1484 2194 δεδώκαμεν
1509 2158 1539 2184 τὸ
1556 2157 1622 2184 δασύ
1647 2165 1676 2183 τε
1700 2157 1746 2183 καὶ
1763 2155 1883 2191 ἐρυθρόν.

1103 2206 1176 2242 Πλὴν
1190 2206 1290 2241 ἀμφοῖν
1304 2206 1394 2240 μήτηρ
1406 2202 1441 2240 ἦν
1457 2203 1516 2239 μία,
1537 2203 1688 2235 τουτέστιν,
1703 2203 1719 2238 ἡ
1741 2201 1882 2228 Ῥεϐέκκα.

1100 2253 1259 2288 Παρέστησε
1270 2251 1298 2278 δὲ
1310 2251 1399 2286 ἑαυτῷ
1410 2251 1459 2286 τὴν
1484 2249 1648 2285 Ἐκκλησίαν
1659 2249 1674 2275 6
1688 2248 1789 2284 Κύριος
1808 2247 1885 2283 ἡμῶν

1107 2298 1209 2335 Ἰησοῦς
1251 2297 1368 2334 Χριστὸς
1401 2296 1535 2332 παρθένον
1574 2295 1658 2330 ἁγνὴν
1698 2294 1885 2329 ὑπηρετοῦσαν

1100 2344 1194 2379 ὥσπερ
1215 2344 1254 2375 εἰς
1285 2343 1461 2377 ἁναγέννησιν
1482 2341 1530 2377 τὴν
1555 2339 1742 2375 πνευματικὴν
1761 2339 1816 2365 τῶν
1841 2338 1885 2364 δύο

1100 2390 1182 2417 λαῶν.
1203 2390 1284 2416 Ὅσον
1293 2388 1347 2424 γὰρ
1359 2385 1426 2423 ἧκεν
1439 2388 1479 2419 εἰς
1489 2387 1535 2413 τὸν
1550 2386 1600 2420 τῆς
1614 2385 1762 2421 ἐπιδημίας
1774 2384 1883 2415 σκοπὸν,

1101 2436 1207 2462 ἔκτισεν
1221 2435 1320 2466 αὐτοὺς
1333 2435 1373 2465 είς
1387 2434 1435 2460 ἕνα
1457 2433 1549 2460 καινὸν
1572 2432 1726 2467 ἄνθρωπον,
1741 2430 1827 2457 ποιῶν
1848 2431 1884 2456 εί-

1102 2482 1204 2517 ρήνην,
1229 2481 1276 2507 καὶ
1302 2479 1550 2507 ἀποκαταλλάσσων
1570 2479 1633 2509 τοὺς
1661 2477 1833 2512 ἀμφοτέρους
1856 2477 1882 2501 ὲν

1100 2527 1141 2554 ὲν).
1163 2526 1296 2562 πνεύματι
1326 2525 1396 2552 κατὰ
1413 2525 1442 2552 τὸ
1469 2524 1672 2560 γεγραμμένον.
1694 2522 1764 2549 Ἀλλ’
1788 2520 1821 2557 ἦν
1842 2521 1884 2553 ὲξ‹

1101 2572 1176 2606 ήνιος
1194 2571 1209 2597 ὁ
1231 2570 1339 2606 Ἰσραὴλ
1352 2570 1399 2596 καὶ
1418 2568 1581 2603 ἀσύμφωνος
1597 2568 1636 2602 τῷ
1660 2567 1714 2602 νέῳ
1729 2566 1797 2601 λαῷ,
1815 2566 1882 2592 κατὰ

1101 2616 1195 2652 χρόνον
1217 2615 1254 2641 ὢν
1268 2614 1448 2650 πρωτότοκος.
1467 2612 1546 2647 Δηλοῐ
1560 2612 1623 2647 γὰρ,
1632 2610 1707 2647 οἶμαί
1721 2611 1770 2638 πού
1787 2619 1821 2642 τι,
1838 2611 1882 2637 καὶ

1100 2662 1132 2689 τὸ
1148 2663 1177 2688 ὲν
1192 2662 1260 2696 αὐτῇ
1276 2661 1308 2696 τῇ
1322 2659 1398 2694 νηδύϊ
1419 2659 1585 2694 ἀνασκιρτᾷν
1600 2658 1634 2684 τὰ
1648 2657 1747 2693 βρέφη,
1759 2657 1806 2691 τὴν
1828 2658 1882 2682 ἐσο-

1104 2707 1187 2743 μένην
1206 2706 1300 2741 ὥσπερ
1315 2705 1413 2740 ἔχθραν
1435 2704 1665 2739 ὑποσημαίνΟντα.
1682 2703 1743 2730 Ὅτι
1759 2702 1787 2729 δὲ
1808 2701 1879 2735 ἀμεί-

1103 2760 1155 2779 νων
1175 2753 1188 2778 ὁ
1207 2751 1265 2782 νέος
1286 2751 1373 2781 ἔσται,
1393 2750 1439 2776 καὶ
1459 2750 1487 2775 ὲν
1506 2749 1616 2784 εὐκλείᾳ
1633 2750 1667 2783 τῇ
1682 2747 1881 2784 προφερεοτέρᾳ

1370 2807 1389 2821 ¹²
1403 2805 1502 2840 Ephes.
1517 2813 1545 2838 ιι,
1565 2805 1604 2832 16.
1645 2805 1665 2820 ’³
1680 2805 1747 2832 Gen.
1761 2803 1882 2837 “v.23;
