1990 3050
96 164 142 201 {Si
613 163 873 194 GLAPHYRORUM
893 163 927 191 ΙΝ
946 160 1095 190 GENESIM
1118 159 1181 186 ΗΒ.
1204 158 1248 186 lli.
1678 156 1729 184 {63

96 228 170 264 παρὰ
191 226 238 253 τὸν
266 223 377 262 Ἰσραὴλ
403 222 448 250 τὸν
481 224 663 259 πρωτότοκον,
698 222 882 257 κατεσήμανει

941 219 1021 248 etiam
1038 226 1086 254 per
1095 225 1190 245 vocem
1203 221 1361 247 sanctorum
1372 235 1379 247 ,
1391 213 1519 250 quodque
1533 213 1615 242 lsrael
1640 214 1727 249 genti-

97 259 174 304 εὐθὺς
191 272 205 298 6
221 259 313 298 πάντα
322 259 410 302 είδὼς,
424 268 495 295 οὕτω
506 267 608 302 λέγων·
631 268 701 294 «Καὶ
718 267 732 292 6
746 266 809 298 λαὸς
822 265 883 292 λαοί

941 266 993 293 bus
1007 272 1022 291 a
1035 268 1111 299 tergo
1130 261 1272 298 ponendus
1280 266 1363 293 esset,
1378 259 1554 288 multifariam
1568 259 1650 287 nobis
1657 267 1727 294 pra:-

97 316 234 353 ὑπερέξει,
262 316 312 342 καὶ
338 316 353 342 ὁ
376 314 479 350 μείζων
507 312 645 340 δουλεύσει
667 311 706 347 τῷ
727 311 883 338 adsumta

942 311 1094 338 nuntiatum
1112 314 1163 342 est,
1181 309 1237 336 Deo
1248 315 1305 335 rem
1324 307 1351 334 in
1363 307 1422 342 ipso
1437 306 1519 334 etiam
1542 309 1623 340 partu
1635 309 1728 332 osten-

98 351 322 399 Προεκηρύττετο
345 360 395 396 μὲν
418 360 472 395 γὰρ
495 358 527 385 τὸ
544 359 588 384 ἐπ’
615 358 716 394 ἀμφοῖν
743 357 884 392 μυστήριοι

941 356 1033 384 dente.
1053 355 1131 383 Prior
1146 355 1219 382 enim
1235 354 1263 382 in
1282 354 1371 381 lucem
1383 353 1485 388 prodiit
1498 360 1531 379 ex
1545 356 1622 380 utero
1645 351 1727 382 Esau,

99 396 144 435 καὶ
164 396 213 434 sui
238 406 332 442 φωνῆς
356 405 460 439 ἁγίωνο
487 403 534 431 καὶ
564 403 605 430 ὅτι
628 402 743 429 κατόπιν
759 402 819 437 ἥξει
839 401 885 428 τῶι

943 407 1052 430 secutus
1067 406 1158 429 autem
1177 405 1219 428 est
1234 400 1328 433 Iacob,
1342 400 1407 435 quia
1425 397 1611 434 supplantabit
1628 401 1656 424 et
1670 396 1729 422 vin-

98 453 182 479 ἐθνῶν
193 453 207 479 6
227 451 348 488 Ἰσραὴλ,
362 449 536 485 πολυτρόπως
552 449 619 484 ἡμῖν
634 447 872 484 προετπιγγέλλετο

943 452 986 475 cet
1005 447 1132 480 fratrem,
1150 447 1222 482 quod
1246 454 1295 482 per
1314 445 1435 474 calcanei
1452 445 1511 480 ejus
1531 441 1729 479 apprehensio—

98 497 164 524 Θεοῦ
183 497 212 524 δὲ
228 497 260 524 τὸ
274 496 369 532 χρῆμα
382 495 430 522 καὶ
442 496 470 521 ὲν
483 494 558 529 αὐτῷ
574 493 613 529 τῷ
630 493 701 528 τόκῳ
715 493 884 525 δεικνύοντος

410 495 430 521 ι).
442 496 470 521 ὲν
483 494 558 529 αὐτῷ
574 493 613 529 τῷ
630 493 701 528 τόκῳ
715 493 894 526 δεικνύοντος,
943 501 1006 520 nem
1019 493 1196 528 signiﬁcatur.

99 544 283 580 προεξέπιπτε
308 543 357 579 μὲν
378 542 428 577 τῆς
447 541 542 577 νηδύος
560 542 575 567 ὁ
599 540 695 573 Ἡσαῦ,
717 540 809 567 εἵπετο
829 540 857 567 δὲ
875 542 888 567 ὁ
910 541 1026 574 Ἰακὼὸ,
1059 541 1099 568 ὅτι
1122 541 1243 576 πτερνιεῐ
1263 541 1310 568 καὶ
1327 540 1438 575 ’νικήσει
1462 539 1508 565 τὸν
1539 537 1670 572 ἀδελφὺν,
1686 536 1731 563 διὰ

99 591 144 617 τοῦ
158 591 208 625 τῆς
221 589 341 625 πτέρνης
355 587 519 622 ἐπειλῆφθαι
533 586 719 618 καταδεικνΰς.

133 640 167 670 γ’.
184 636 239 662 Καὶ
252 635 332 662 ταυτί¹
347 634 396 670 μὲν
412 633 543 670 εἰρήσθω,
556 632 625 668 πρὸς
637 632 669 658 τὸ
684 632 771 667 παρὸν
791 632 837 658 τοῦ
851 631 894 659 λό-

977 634 1003 661 5.
1013 633 1101 668 Atque
1112 633 1171 660 haec
1185 631 1296 667 quidem
1322 629 1558 666 inpraesentiarum
1588 628 1661 655 dicta
1677 626 1731 654 sint

99 690 146 716 γου
169 681 217 712 τὰς
235 680 367 715 ἀφορμὰς
383 679 437 706 ἀπό
460 687 491 705 τε
515 679 564 712 τῆς
585 677 639 703 τῶν
669 677 803 713 σωμάτων
822 677 885 707 ἰδέας

945 682 1051 714 arrepta
1066 678 1210 705 occasione
1230 685 1245 704 a
1263 683 1409 711 corporum
1425 675 1511 710 ﬁgura
1524 678 1606 708 atque
1623 680 1658 700 ex
1672 673 1731 706 ipso

100 728 146 754 καὶ
161 726 245 753 αὑτοῦ
258 726 306 753 τοῦ
321 726 401 752 τόκου
421 724 616 760 λαμὸἀνοντος.
632 724 686 749 Καὶ
701 723 735 749 δι’
746 723 847 758 ἑτέρων
865 722 886 749 δε

946 730 1032 762 partu.
1045 726 1097 753 Per
1112 725 1178 752 alias
1194 731 1260 751 vero
1273 722 1452 750 nihilominus
1466 720 1647 755 cogitationes
1665 726 1732 745 eun-

101 773 175 800 οὑὸὲν
188 770 270 808 ἦττον
289 771 373 802 ίόντες
397 770 516 802 ὲννοιῶν,
533 770 600 805 φέρε
621 769 745 804 λέγωμεν
762 769 798 801 ὡς
812 769 887 796 Evr-rd

945 776 984 800 tes
1005 772 1038 799 de
1055 771 1179 805 utrisque
1201 769 1292 804 quoad
1310 769 1370 804 ejus
1397 767 1455 795 ﬁeri
1480 771 1579 802 potest,
1597 765 1731 793 dicamus.

101 820 142 846 ἐπ’
161 819 271 854 ἀμφοῖν.
295 818 420 853 Μήνυσις
433 817 488 852 γὰρ
508 816 584 842 ἔσται
604 815 654 850 τῆς
674 815 804 851 ἐκατέρου
822 815 887 849 γνώι

945 818 1009 845 Nam
1022 817 1080 851 ipse
1096 816 1178 843 etiam
1192 822 1288 842 eorum
1304 814 1367 841 vitae
1376 812 1484 844 modus,
1496 811 1639 846 utriusque
1655 818 1731 838 men-

103 872 168 899 μης,
179 863 227 889 καὶ
236 862 317 893 αὐτὸς
330 863 344 888 6
357 861 405 888 τοῦ
420 861 478 896 βίου
499 860 608 896 τρόπος.
629 860 761 896 Ἰσήλικες
776 861 825 895 μὲν
838 860 889 896 γὰρ

948 863 983 890 tis
1005 861 1087 889 index
1109 861 1203 888 fuerit.
1229 859 1367 888 Coaetanei
1387 858 1462 885 enim
1478 857 1551 884 inter
1580 863 1609 884 se
1620 856 1734 891 juvenes

103 908 228 943 ἀλλήλοιν
239 908 262 934 οι
279 907 393 939 νεανίαι,
410 906 480 942 πλὴν
497 906 547 932 οὐκ
571 905 763 940 ίσογνώμονες,
782 905 842 931 οὐδὲ
863 906 889 931 ὲν

947 913 1035 940 erant,
1045 907 1092 935 sed
1108 915 1163 934 non
1180 901 1303 942 eiusdem
1318 904 1402 932 animi
1421 908 1503 938 atque
1527 903 1679 930 sententim.
1690 901 1733 928 Si-

105 954 213 989 βουλαῑς
238 951 472 987 ἀπαραλλάκτως.
499 949 529 976 '0
551 949 601 984 μὲν
625 949 678 984 γὰρ
702 948 785 975 ’11σαῦ
801 947 850 979 τὰς
865 948 891 974 ὲν

948 955 1056 990 quidem
1077 954 1148 981 Esau
1163 953 1191 980 in
1210 952 1283 987 agris
1292 951 1463 982 versabatur,
1479 953 1507 977 et
1525 948 1669 976 venatione
1685 947 1734 974 de-

104 999 198 1033 ἀγροῖς
213 997 260 1023 κα“ι
277 996 374 1031 θήραις
392 995 488 1029 ἠγάπα
511 994 669 1030 διατριϐάς·
685 994 699 1020 ὁ
713 992 741 1020 δὲ
760 990 795 1028 ἦν
813 993 890 1019 ἀστι-

947 999 1114 1027 lectabatur:
1132 998 1178 1025 hic
1192 1005 1258 1025 vero
1274 1000 1333 1024 erat
1348 996 1470 1023 urbanus
1482 1015 1489 1027 ,
1507 993 1632 1029 placidus
1652 992 1733 1019 nimi-

105 1044 162 1075 κὸς,
184 1042 346 1078 εὐπρόσιτος
367 1041 488 1077 δηλονότι
511 1040 558 1067 καὶ
577 1039 745 1071 κοινωνικὸς,
762 1039 809 1066 καὶ
823 1038 891 1073 ἀνὴρ

950 1051 1009 1072 rum
1022 1047 1050 1070 et
1062 1042 1201 1070 societatis
1210 1040 1359 1072 studiosus,
1380 1044 1408 1067 et
1421 1039 1463 1067 vir
1483 1038 1599 1073 simplex
1610 1037 1736 1064 habitans

105 1090 241 1121 ἄπλαστος
265 1088 347 1115 οίκῶν
371 1087 470 1114 οἰκίαν.
490 1087 545 1113 Καὶ
565 1087 579 1112 ό
608 1086 657 1122 μὲν
679 1086 830 1117 ἀκάθεκτος
854 1084 891 1115 εἰς

950 1089 1070 1117 domum.
1091 1087 1181 1122 Atque
1201 1086 1247 1114 ille
1278 1085 1390 1120 quidem
1411 1083 1566 1111 carnalibus
1593 1080 1736 1109 desideriis

106 1135 252 1171 ἐπιθυμίας
270 1134 414 1170 σαρκικὰς,
428 1134 474 1160 καὶ
488 1133 542 1160 τῶν
565 1133 634 1166 ἄγαν
647 1131 847 1158 εὐτελεστάτων
861 1129 892 1156 τὰ

951 1135 1058 1163 deditus
1076 1139 1146 1166 erat,
1171 1136 1200 1160 et
1220 1131 1361 1160 vilissimis
1388 1130 1472 1157 rebus
1498 1126 1737 1164 praestantissimis

106 1181 238 1208 κάλλιστα
253 1180 309 1206 τῶν
328 1179 400 1206 ίδίων
420 1178 509 1215 γερῶν
526 1179 641 1205 κατόπιν
658 1178 752 1215 ὥσπερ
768 1177 828 1209 ἱεὶς,
849 1176 892 1203 καὶ

950 1189 1011 1210 suas
1020 1182 1098 1209 dotes
1116 1178 1308 1215 postponebat,
1328 1176 1480 1210 frivolaque
1495 1178 1524 1202 et
1533 1172 1622 1201 facilia
1641 1176 1736 1207 paratu

105 1227 139 1254 τὰ
153 1226 246 1262 ψυχρά
260 1234 290 1252 τε
304 1226 349 1252 καἱ
372 1213 461 1251 elimat
475 1224 529 1251 τῶν
551 1213 710 1258 ἀναγκαίων
722 1221 840 1249 ἀντωνού
845 1229 891 1257 με-

950 1236 1011 1256 cum
1037 1227 1071 1254 iis
1096 1233 1157 1262 quae
1177 1223 1331 1252 necessaria
1350 1225 1444 1254 erant,
1463 1219 1599 1255 imprimis
1617 1225 1736 1246 commu-

106 1282 160 1305 νος.
179 1273 210 1299 ’0
229 1273 258 1299 δὲ
277 1272 332 1298 τῶν
355 1270 473 1306 ἀρίστων
488 1270 626 1306 ἄπληστος
645 1268 773 1304 ἐραστὴς,
791 1267 838 1294 καὶ
862 1266 892 1293 τὰ

950 1273 1033 1301 tabat.
1045 1272 1095 1299 llic
1108 1278 1174 1298 vero
1186 1269 1355 1304 optimorum
1374 1265 1539 1294 insatiabilis
1561 1268 1666 1292 amator
1679 1284 1686 1296 ,
1704 1263 1736 1290 ad

106 1320 139 1346 δι’
156 1316 194 1346 ὧν
213 1318 246 1345 ἂν
267 1317 373 1353 γένοιτο
397 1317 522 1352 λαμπρὸς
546 1315 714 1350 πανταχόθεν
742 1313 892 1349 ἀναζητῶν.

954 1325 981 1345 ea
997 1325 1047 1352 per
1061 1315 1250 1351 quaeillustris
1258 1313 1397 1344 evaderet,
1407 1318 1512 1339 summa
1525 1310 1608 1338 animi
1628 1313 1740 1336 conten-

113 1365 274 1400 Ἐξεπρίατο
294 1364 352 1399 γὰρ
381 1362 427 1396 τὰ,
446 1362 616 1398 πρωτοτόκια
643 1360 897 1396 παραῤῥιπτοῦντος

951 1364 1024 1391 tione
1033 1361 1199 1390 enitebatur.
1214 1360 1287 1387 Emit
1299 1359 1372 1386 enim
1388 1356 1579 1393 primogenita,
1599 1355 1737 1391 rejiciente

107 1411 176 1438 αὑτά
198 1409 246 1436 τοῦ
268 1409 362 1441 Ἠσαῦ,
386 1408 434 1435 καὶ¹
457 1408 504 1434 τὸν
527 1407 576 1442 τῆς
596 1406 715 1441 γαστρὸς
736 1405 817 1440 κόρον
843 1404 893 1432 τῶν

953 1417 982 1437 ea
996 1409 1066 1436 Esau
1077 1428 1085 1440 ,
1107 1411 1136 1434 et
1151 1406 1255 1434 ventris
1277 1405 1430 1432 satietatem
1446 1402 1562 1438 propriae
1579 1409 1635 1429 suae
1650 1400 1739 1436 digni-

109 1457 182 1484 ίδίων
196 1456 360 1490 ἀξιωμάτων
376 1453 520 1490 ἀτημελῶς
536 1452 777 1488 προτετιμηκότος.
791 1450 895 1486 Ταύτῃ-

952 1455 999 1483 tati
1012 1453 1191 1481 anteferente.
1211 1451 1315 1479 Idcirco
1326 1453 1453 1477 vocatum
1464 1453 1506 1475 est
1521 1446 1619 1474 exinde
1640 1453 1738 1473 nomen

109 1512 150 1529 τοι
160 1502 254 1529 λοιπὸν
270 1500 373 1536 ἐκλήθη
390 1499 421 1526 τὸ
436 1499 521 1534 ὖνομα
536 1498 618 1525 αὑτοῦ
640 1497 737 1532 Ἐδὼμ.
761 1495 895 1528 τουτέστι,

952 1501 1010 1535 ejus
1025 1499 1120 1529 Edam,
1141 1498 1193 1524 hoc
1203 1501 1256 1528 est,
1269 1500 1399 1522 terrenus.
1418 1493 1533 1520 Terreni
1554 1491 1628 1519 enim
1645 1498 1738 1518 revera

109 1549 224 1585 τήῖνος.
237 1547 334 1582 Γηῖνου
352 1546 407 1581 γὰρ
421 1545 528 1581 ἀληθῶς
543 1544 590 1571 καὶ
605 1543 817 1579 χθαμλωτάτου
831 1550 895 1577 φρο-

952 1545 1103 1581 abjcetique
1129 1542 1214 1570 animi
1239 1544 1429 1576 argumentum
1460 1542 1520 1566 erat
1543 1537 1669 1573 gloriam,
1686 1544 1738 1571 qua

110 1582 231 1632 νήματος
249 1593 359 1627 ἐλεγχος
378 1591 508 1627 ἐναργὴς,
531 1589 561 1617 τὸ
588 1589 722 1624 ἀλογῆσαι
742 1587 792 1623 μὲν
819 1586 896 1620 δόξης

951 1590 1081 1627 praeditus
1098 1593 1168 1620 erat,
1195 1586 1376 1622 vilipendere,
1401 1588 1429 1612 et
1456 1583 1678 1619 primogenitum
1697 1582 1737 1608 di-

182 1640 295 1674 ὲνούσης
322 1637 406 1672 αὐτῷ,
426 1637 473 1662 καὶ
497 1635 530 1662 τὰ
545 1634 594 1669 τῆς
616 1633 742 1668 γνώσεως
766 1631 895 1667 πρεσϐεῖα

952 1636 1080 1672 gnitatem
1094 1635 1173 1662 nihili
1189 1633 1290 1664 facere,
1304 1635 1332 1659 et
1351 1630 1546 1665 temporariam
1569 1628 1738 1663 voluptatem

110 1673 173 1723 παρ’
193 1673 421 1713 οὐδὲνγποιεϊσθαι
435 1681 587 1714 παντελῶς,
606 1679 765 1708 ἀνθελέσθαι
784 1677 812 1704 δὲ
828 1676 896 1712 μᾶλ-

953 1681 1085 1717 potiorem
1114 1678 1396 1715 pmstabilioremque
1418 1675 1534 1707 dueere,
1562 1673 1646 1701 etiam
1677 1680 1739 1700 cum

111 1719 157 1759 λον
168 1732 206 1763 ὡς
220 1729 323 1766 ἀμείνω
347 1728 395 1755 καὶ
419 1727 639 1764 προφερεστὲραν
662 1724 711 1759 τὴν
733 1723 897 1758 πρόσκαιρον

954 1728 1048 1756 damno
1064 1726 1247 1761 coniunctam.
1272 1723 1378 1751 Idcirco
1399 1722 1483 1750 etiam
1511 1720 1621 1748 divinus
1641 1719 1740 1747 Paulus

110 1778 218 1814 ἡδονὴν,
238 1777 286 1803 καὶ
302 1775 332 1802 τὸ
353 1774 510 1809 παραυτίκα
524 1772 639 1808 τερπνὸν
655 1771 737 1805 ψήφῳ
750 1767 896 1803 στεφανοῦν

958 1773 1144 1801 'ornicatorem
1157 1774 1186 1798 et
1199 1770 1344 1805 profanum
1362 1776 1425 1796 eum
1443 1767 1492 1803 qui
1507 1767 1576 1794 adeo
1590 1770 1671 1801 turpe
1682 1766 1744 1793 vita

112 1811 144 1859 τῇ
160 1811 307 1859 κρείττονι,
333 1821 381 1847 καὶ
399 1820 423 1846 εἰ
452 1818 553 1854 πολλὴν
570 1817 627 1852 ἔχοι
643 1818 692 1850 τὴν
706 1814 819 1851 ζημίαν.
835 1813 898 1840 Τοι-

955 1818 1106 1846 institutum
1129 1815 1255 1851 elegerit,
1283 1814 1384 1842 merito
1402 1813 1529 1840 vocavit:
1546 1817 1639 1847 typum
1659 1811 1741 1838 veluti

113 1857 209 1905 γάρτοι
224 1868 271 1895 καὶ
284 1869 298 1894 6
312 1866 456 1897 θεσπέσιος
470 1863 590 1896 Παῦλος,
603 1862 701 1897 πόρνον
716 1869 745 1887 τε
758 1860 804 1886 καὶ
820 1859 899 1894 βέϐη-

954 1863 1096 1899 quemdam
1112 1869 1219 1893 eorum,
1235 1860 1282 1896 qui
1297 1860 1324 1887 in
1337 1860 1409 1887 hanc
1420 1858 1571 1894 nequitiam
1583 1857 1651 1892 lapsi
1666 1861 1740 1887 sunt,

113 1901 158 1942 iiva
177 1915 222 1940 τὸν
239 1913 326 1944 οὕτως
346 1910 467 1946 αἰσχρῶς
486 1908 608 1936 διαὸιοῦν
624 1907 771 1943 ᾑρημένον,
788 1905 899 1936 εἰκότως

954 1914 1075 1938 statuens
1093 1909 1175 1936 Esau.
1191 1907 1246 1942 99
1263 1905 1345 1940 Atqui
1360 1905 1492 1933 eﬁ‘renem
1504 1903 1636 1939 impetum
1653 1902 1687 1929 ad
1698 1901 1740 1929 de-

113 1959 256 1987 ἀπεκάλει.
285 1958 376 1984 Τύπον
400 1956 495 1991 ὥσπερ
524 1955 585 1982 τινὰ
605 1954 659 1980 τῶν
676 1954 716 1984 είς
737 1951 817 1978 τοῦτο
830 1959 899 1985 φαυ-

953 1956 1051 1984 sideria
1065 1954 1183 1982 carnalia
1204 1952 1333 1979 nimirum
1348 1955 1430 1986 atque
1441 1955 1549 1978 terrena
1566 1949 1684 1981 incusat,
1700 1948 1739 1975 di-

113 2007 224 2042 λάτητος
262 2002 506 2038 κατωλισθηκότων
538 2000 699 2036 παρατιθεὶς
723 1998 769 2025 τὸν
803 1995 899 2029 Ἠσαῦ,

955 2009 1016 2029 cens
1033 2010 1039 2027 ι
1057 2010 1065 2025 ι
1079 2000 1118 2027 Ne
1144 1999 1207 2034 quis
1222 1997 1372 2026 fornicator
1395 2000 1443 2023 aut
1461 1995 1591 2030 profanus
1623 1998 1653 2021 ut
1671 1994 1741 2021 Esau

115 2052 162 2078 καὶ
169 2040 234 2085 γοῦν
240 2049 272 2076 τὸ
279 2049 405 2084 ἀχάλινον
418 2049 457 2079 είς
465 2046 545 2073 ἐπιθυ
550 2045 624 2082 μίας,
635 2043 768 2079 σαρκικάς
780 2041 901 2076 δηλονότι

955 2047 999 2082 qui
1024 2053 1136 2082 propter
1168 2052 1250 2072 unam
1271 2050 1362 2071 escam
1396 2041 1522 2069 vendidit
1542 2040 1741 2076 primogenitu-

115 2098 162 2124 καὶ
170 2096 368 2131 γεωδεστέρας,
380 2094 520 2130 ἐπίκλημα
534 2092 581 2119 καὶ
591 2090 700 2127 γραφὴν
716 2089 843 2120 ἐποιεῖτο,
858 2087 901 2113 λέ-

956 2100 1012 2120 ram
1031 2093 1062 2119 “.
1085 2101 1094 2117 ι
1111 2090 1293 2124 Quamobrem
1314 2088 1337 2116 si
1355 2089 1453 2115 horum
1465 2087 1596 2122 juvenum
1619 2085 1742 2112 moribus

117 2152 172 2176 γων
184 2149 191 2156 ⁸
209 2152 219 2168 ι
239 2142 285 2177 Μή
302 2149 345 2172 τις
359 2140 458 2176 πόρνος
476 2139 492 2174 ἢ
506 2138 620 2173 βέϐηλος
633 2137 670 2168 ὡς
686 2134 782 2166 Ἠσαῦ,
801 2134 830 2166 ὃς
842 2133 902 2160 ἀντὶ

955 2145 1144 2173 comparemus
1175 2136 1295 2165 Iudaicae
1323 2135 1386 2162 vita:
1409 2132 1537 2161 tenebras
1563 2136 1591 2159 et
1620 2131 1741 2167 gentium

118 2188 246 2224 βρώσεως
259 2188 323 2223 μιᾶς
344 2186 459 2213 ἀπέδοτο
476 2185 509 2211 τὰ
524 2183 695 2220 πρωτοτόκια
706 2180 815 2208 αὐτοῦ.)
833 2179 903 2206 Οὐκ-

956 2184 1140 2214 multitudinis
1161 2183 1309 2219 puritatem
1334 2185 1416 2215 atque
1438 2178 1645 2215 ingenuitatem,
1668 2182 1741 2204 recte

117 2235 165 2261 οὖν
187 2235 244 2266 τοῖς
270 2233 324 2260 τῶν
342 2232 490 2258 νεανίσκων
513 2229 625 2265 τρόποις
643 2226 903 2262 ἀντιπαρεξάγοντες

955 2231 1116 2260 dixerimus.
1135 2230 1202 2257 Erat
1225 2227 1299 2256 enim
1324 2226 1407 2255 Israel
1425 2224 1556 2261 agrestis,
1585 2227 1612 2251 et
1635 2227 1741 2250 terrena

119 2279 239 2315 ἀκριὸῶς
256 2279 302 2305 καὶ
327 2279 376 2313 τῆς
394 2276 544 2310 Ἰουδαϊκῆς
568 2273 705 2305 πολιτείας
728 2272 773 2300 τὸν
800 2272 905 2304 σκότον,

956 2282 1048 2306 mente
1072 2276 1212 2311 praeditus,
1238 2273 1437 2310 superbusque,
1463 2276 1492 2299 et
1511 2270 1688 2298 dissidiorum
1710 2276 1741 2296 ac

119 2327 167 2353 καὶ
183 2326 232 2360 τῆς
248 2325 277 2357 ἐξ
294 2324 378 2351 ἐθνῶν
393 2322 511 2358 πληθύος
529 2321 559 2348 τὸ
579 2320 724 2356 εἰλικρινὲς
737 2319 785 2346 καὶ
799 2318 905 2345 ἐλεύθε-

956 2323 1024 2352 belli
1048 2322 1198 2354 studiosus,
1220 2325 1303 2355 atque
1335 2319 1368 2346 ad
1391 2317 1560 2345 fundendum
1585 2315 1741 2351 sanguinem

122 2380 179 2407 ρον,
194 2372 229 2398 τὰ
249 2370 344 2397 εἰκότα
369 2369 502 2405 λέγωμεν.
530 2366 585 2394 Ἦν
610 2367 658 2402 μὲν
681 2366 735 2401 γὰρ
757 2367 771 2392 6
801 2364 908 2401 Ἰσραὴλ

971 2376 1063 2396 ιτοιιυε
1081 2367 1209 2399 maxime,
1236 2363 1464 2401 quemadmodum
1489 2362 1609 2390 ferarum
1637 2360 1743 2388 occisor

121 2405 249 2454 ἀγροικός
262 2425 292 2443 τε
305 2417 352 2443 καί
361 2415 547 2450 γεωδεστέραν
557 2413 626 2449 ἔχων
641 2413 690 2448 τὴν
703 2412 799 2447 φρένα,
809 2410 907 2446 γαῦρός

959 2414 1043 2441 Esau.
1051 2412 1129 2440 Unde
1138 2411 1221 2438 etiam
1231 2409 1365 2446 prepheta
1373 2408 1440 2444 ipsis
1449 2407 1578 2434 inclamat
1587 2415 1592 2432 :
1606 2415 1614 2431 ι
1620 2405 1743 2440 Laqueus

121 2451 151 2490 τε
159 2451 210 2490 ’καὶ
222 2462 415 2498 φιλοπόλεμος,
430 2461 478 2488 καὶ
490 2460 558 2486 πολὺ
575 2459 634 2486 λίαν
656 2458 856 2493 ἀνεπτοημένος
873 2457 907 2488 εἰς

960 2464 1114 2496 posuerunt
1139 2459 1173 2486 ad
1194 2455 1411 2491 corrumpendos
1431 2454 1507 2482 viros
1524 2453 1556 2480 ".
1578 2462 1589 2478 ι
1618 2451 1744 2480 Christus

124 2497 289 2544 μιαιφονίας,
309 2507 381 2535 κατά
402 2507 448 2533 τὸν
467 2505 596 2540 ἄγροικόν
617 2512 646 2530 τε
670 2503 717 2530 καὶ
740 2501 910 2538 θηριοκτόνον

960 2514 1026 2534 vero
1039 2505 1140 2533 alicubi
1157 2504 1191 2532 de
1209 2502 1294 2538 ipsis:
1308 2511 1317 2527 ι
1337 2501 1472 2535 Quoniam
1489 2500 1573 2535 gratis
1590 2497 1743 2526 absconde-

129 2542 223 2582 Ἡσαῦ.
252 2555 306 2581 Καὶ
329 2553 394 2589 γοῦν
409 2551 577 2588 προφητικδς
602 2550 652 2585 μὲν
676 2550 767 2581 αὐτοῖς
790 2548 912 2575 ὲνεκάλει

960 2555 1026 2579 runt
1033 2549 1101 2577 mihi
1109 2549 1249 2576 interitum
1260 2545 1351 2580 laquei
1360 2545 1413 2577 sui,
1421 2551 1588 2580 supervacue
1597 2542 1745 2578 exprobra-

123 2601 212 2635 λόγος,
227 2601 269 2627 ὅτι
287 2609 297 2626 ‹
316 2587 436 2634 Ila-{laus
452 2598 569 2632 ἔστησαν
588 2595 743 2631 διαφθεῖραι
765 2595 875 2630 ἀνδρας.
899 2603 909 2620 ι

962 2599 1028 2623 runt
1042 2594 1160 2622 animam
1174 2590 1375 2619 meam.Veniat
1386 2590 1440 2617 illis
1452 2590 1566 2624 laqueus
1580 2595 1662 2623 quem
1670 2587 1744 2623 igno-

123 2632 208 2679 Αὐτὸς
222 2647 252 2674 δὲ
273 2647 288 2674 ὁ
306 2632 425 2681 Χριστὸς
447 2644 569 2679 ἐπηρᾶτο
591 2643 689 2676 λέγων,
712 2642 752 2668 ὅτι
771 2650 780 2666 ι
806 2642 909 2676 Δωρεάι

963 2645 1035 2673 rant,
1045 2644 1103 2668 rete
1116 2638 1189 2674 quod
1210 2637 1416 2666 abseonderunt
1428 2634 1616 2671 apprehendat
1632 2640 1680 2660 eos
1694 2632 1741 2659 ¹⁸.ι

124 2693 246 2728 ἔκρυψαν
261 2701 306 2728 μοι
320 2678 470 2726 διαφθορὰν
487 2678 602 2723 παγίδος
613 2688 713 2719 αὐτῶν,
732 2688 820 2723 μάτην
837 2686 910 2714 ὠνεί-

963 2682 1098 2714 Miserum
1107 2684 1180 2712 enim
1193 2683 1325 2719 quosdam
1342 2682 1551 2712 Pharisaeorum,
1564 2687 1626 2707 eum
1645 2679 1678 2706 iis
1698 2678 1743 2713 qui

123 2726 370 2774 Gtoav-rhv'tpuxﬁv
391 2745 455 2771 μου.
479 2735 595 2762 Ἐλθέτω
610 2735 702 2766 αὐτοῖς
726 2734 809 2767 παγίς
828 2733 862 2768 ἢν
883 2732 909 2759 oi

962 2736 1096 2760 vocantur
1115 2729 1277 2762 Herodiani;
1301 2729 1330 2756 hi
1345 2736 1412 2756 vero
1430 2731 1495 2756 sunt
1512 2726 1676 2754 tributorum
1698 2731 1745 2751 eo-

125 2769 292 2818 γινώσκουσί
439 2781 509 2817 θήρα
532 2781 566 2817 ἣν
594 2780 733 2816 ἔκρυψαν,
761 2778 911 2806 συλλαϐέτω

964 2783 1080 2810 actores,
1089 2781 1226 2805 tentantes
1234 2783 1265 2803 ac
1272 2776 1394 2803 dicentes
1404 2784 1410 2802 :
1421 2784 1429 2800 ι
1435 2774 1463 2802 Si
1471 2773 1535 2802 licet
1541 2772 1674 2800 tributum
1682 2769 1747 2798 dam

178 2875 200 2890 “
212 2873 296 2901 llebr.
314 2880 362 2903 xu,
382 2871 429 2903 16,
463 2871 529 2898 Gen.
541 2879 602 2902 xxv,
616 2870 660 2897 53.
718 2869 738 2884 ¹⁸
750 2868 850 2896 Jercm.
881 2876 907 2900 ν,
925 2867 969 2894 26.
1027 2862 1233 2896 “Psaluxxxtv,
1249 2863 1304 2897 7,8.
