1990 3050
266 152 317 178 I53

785 151 812 178 S.
833 149 969 178 CYRILLI
986 147 1218 176 ALEXANDRINI
1239 146 1394 174 ARCIIIEP.

1842 144 1889 171 IBt

265 208 366 236 Caesari
380 208 400 224 ’⁷
411 208 435 234 ’ίι
448 206 549 236 Nonne
565 208 646 243 igitur
657 213 771 235 venator
790 216 885 235 revera
902 213 943 235 est
956 207 1048 234 Israel.

1101 204 1209 236 αὐτούς.
1224 214 1232 229 ι
1247 204 1416 239 ’Πεπόμφασι
1431 203 1484 238 γὰρ
1500 203 1554 229 τῶν
1567 202 1720 237 ιἰδαρισιιιὶων
1733 201 1807 232 τινὰς
1822 202 1890 236 μετὰ

266 254 357 281 Novus
373 257 464 281 autem
488 262 536 289 per
556 254 635 280 tidem
662 254 795 288 populus,
823 253 1052 288 quemadmodum

265 299 376 327 divinus
388 299 482 333 Jacob,
492 300 614 328 urbanus
626 304 654 327 et
663 300 841 327 domesticam
852 299 935 326 vitam
948 305 1052 330 amans,

265 344 324 372 miti
335 353 366 373 ac
385 346 479 373 sedato
493 346 596 379 animo,
624 346 749 380 simpiex,
771 346 940 380 minimeque
960 352 1054 372 versu-

264 396 320 423 tus,
335 400 344 418 ι
363 391 619 423 habitansdomum,
634 401 643 417 ι
661 395 690 418 ut
715 391 844 425 scriptum
870 395 912 418 est
926 391 957 417 “‘.
985 391 1054 418 Vere

264 437 336 464 enim
353 437 407 464 dici
421 442 521 472 potest,
533 438 605 472 quod
619 439 726 469 eorum,
737 437 783 470 qui
794 444 842 471 per
857 436 937 463 Iidem
950 435 1052 471 justifi-

263 481 317 508 eati
331 485 404 513 sunt,
417 482 636 509 mansuetissima
648 481 805 511 multitudo,
819 481 955 508 civitatem
968 481 1052 508 veluti

263 527 409 561 quamdam
424 527 593 561 splendidam
610 527 767 562 optimaque
779 527 874 562 politia
891 528 1053 555 instructam

264 572 407 598 constituit
422 572 578 604 Ecclesiam,
594 572 831 607 lirmissimamquc
845 572 966 604 domum,
979 579 1053 606 qua:-

263 621 315 651 que
329 626 344 644 a
357 618 525 644 tentantibus
533 617 656 644 subverti
664 626 719 644 non
729 618 823 652 possit,
840 618 922 646 vitam
934 618 962 644 in
971 617 1051 645 Chri-

263 666 304 688 sto
315 663 438 697 perfecit.
461 663 500 689 Ae
518 663 634 698 simplex
654 663 766 698 quidem
788 664 854 699 ipsis
870 668 912 691 est
923 671 1010 695 mens,
1023 666 1052 690 et

263 708 298 734 ab
315 709 388 735 omni
399 709 560 743 duplicitate
570 710 669 737 aliena.
681 709 813 738 Odiosum
828 710 901 737 enim
912 710 945 738 iis
956 709 1052 744 praeci-

263 761 315 787 pue
328 759 369 781 est
386 754 508 782 [ietiliam
523 759 652 787 mentem,
665 763 696 782 ac
706 756 847 783 simulatos
857 763 947 783 mores
958 763 1013 790 pra:
1022 762 1052 783 se

261 799 344 831 ferre,
355 799 388 826 de
405 801 507 835 quibus
517 801 625 828 divinus
642 802 728 828 David
743 802 843 829 alicubi
857 802 895 829 ita
905 801 1028 836 loquitur
1042 810 1050 829 :

265 855 274 870 ί
297 846 430 874 Dominus
450 847 575 874 habitare
597 848 678 875 faciet
692 848 836 875 unanimes
851 848 878 875 in
895 848 976 875 domo
989 849 1019 875 ’³.
1037 857 1045 873 ι

1104 251 1158 277 τῶν
1180 250 1354 285 καλουμένων
1374 249 1545 285 Ἥρωδιανῶν
1562 248 1735 283 (δασμολόγοι
1747 249 1775 275 δὲ
1794 245 1888 283 οὗτοι),

1104 295 1279 331 πειράζοντες
1296 295 1342 322 καὶ
1355 295 1493 329 λέγοντες·
1514 295 1560 320 «Εἰ
1574 294 1661 325 ἔξεστι
1677 293 1776 329 φόρους
1798 293 1890 320 δοῦναι

1107 342 1238 376 Καίσαρι.
1256 341 1271 376 ἢ
1292 340 1340 373 οὕς
1358 350 1366 366 ι
1382 340 1521 376 Θηρευτὴς
1535 338 1581 366 οὖν
1599 340 1652 375 ἄρα
1665 339 1712 366 καὶ
1728 340 1742 366 ὁ
1761 339 1888 374 Ἰσραήλ.

1110 388 1138 413 '0
1151 387 1179 413 δέ
1193 396 1222 413 τε
1237 387 1297 418 νέος
1313 387 1361 414 καὶ
1377 387 1405 412 ἐν
1413 386 1502 413 πίστει
1514 385 1587 418 λαὸς,
1604 386 1674 412 κατὰ
1685 385 1730 412 τὸν
1747 385 1890 412 Θεσπέσιον

1110 432 1217 464 Ἰακὼϐ,
1237 432 1346 463 ἀστικὸς
1363 432 1410 458 καὶ
1427 431 1573 466 φιλέστιος,
1587 431 1674 465 πρᾶος
1695 431 1742 456 καὶ
1757 429 1891 463 καθεστη-

1104 477 1169 509 κὼς,
1186 477 1288 507 ἁπλοῦς
1299 477 1346 503 καὶ
1360 477 1543 512 ἀκάκουργος,
1555 486 1564 502 ι
1581 475 1664 502 οἰκῶν
1678 475 1777 507 οὶκίαν,
1793 483 1802 500 ι
1820 474 1891 501 κατὰ

1102 523 1133 550 τὸ
1156 523 1359 559 γεγραμμένον.
1396 522 1506 558 Ἀληθὲς
1524 521 1578 557 γὰρ
1604 522 1701 553 είπεῖν,
1715 521 1755 547 ὅτι
1782 520 1838 546 τῶν
1861 520 1890 546 ὲν

1103 569 1193 596 πίστει
1217 568 1434 603 δεδικαιωμένων
1455 569 1471 603 ή
1493 567 1633 603 πραοτάτη
1660 566 1784 602 πληθὺς,
1812 566 1891 593 πόλιν

1102 614 1196 650 ὥσπερ
1209 615 1270 642 τινὰ
1283 614 1412 650 λαμπρὰν
1427 614 1475 641 καὶ
1491 613 1693 649 εὐνομουμένην
1712 612 1891 648 ἀπεγράψατο

1101 661 1152 698 τὴν
1182 661 1357 697 Ἐκκλησίαν,
1383 661 1430 687 καὶ
1446 658 1519 687 οἶκον
1542 659 1747 695 ὲρηρεισμένον,
1765 658 1812 686 καὶ
1833 659 1890 690 τοῖς

1103 707 1280 744 πειράζουσιν
1298 707 1508 739 ἀκατάσειστον,
1520 706 1569 741 τὴν
1586 707 1614 732 ὲν
1630 704 1739 740 Χριστῷ
1752 704 1891 731 πολιτείαν

1102 754 1149 781 καὶ
1164 753 1236 788 ζωὴν
1249 753 1408 788 ἐποιήσατο.
1422 752 1477 779 Καὶ
1492 751 1594 782 ἁπλοῦς
1609 752 1657 786 μὲν
1676 752 1768 782 αὐτοῖς
1783 750 1797 776 ὁ
1816 750 1888 781 νοῦς,

1102 800 1149 826 καὶ
1163 799 1327 834 δυστροπίας
1350 798 1459 832 ἁπάσης
1474 797 1692 832 ἀπηλλαγμένος.
1717 796 1891 832 ’Δπηχθημέ-

1103 854 1147 872 νον
1172 846 1201 872 δὲ
1220 846 1323 881 σφόδρα
1338 845 1488 877 ποιοῦνται,
1506 844 1535 870 τὸ
1559 844 1597 875 ὼς
1619 845 1647 870 ὲν
1669 843 1765 879 γνώμῃ
1789 851 1820 869 τε
1842 843 1891 869 καὶ

262 892 404 919 Unanimis
423 893 496 920 enim
509 898 552 921 est
566 894 681 928 simplex
693 894 721 921 in
736 894 846 922 Christo
861 895 908 929 qui
928 895 1010 922 etiam
1023 895 1048 922 in

1101 892 1211 927 τρόποις
1219 891 1373 918 πεπλᾶσθαι
1388 891 1487 917 δοκεῖν.
1499 890 1552 916 Καὶ
1564 890 1629 925 περὶ
1645 889 1735 915 αὐτῶν
1748 889 1824 924 οἶμαί
1836 897 1889 915 που

261 937 343 964 domo
356 938 471 969 habitat,
487 939 650 967 inclamante
664 940 757 967 Israeli
768 940 886 975 quodam
901 948 935 968 ex
949 940 1050 968 sanctis

261 983 402 1017 prophetis
421 992 427 1010 :
449 993 457 1009 ι
481 984 510 1011 In
528 985 704 1013 multitudine
722 985 829 1012 viarum
846 989 954 1013 tuarum
976 986 1051 1013 labo-

261 1029 327 1056 rasti
341 1030 374 1056 ²⁰.
396 1039 405 1055 ι
418 1030 547 1058 Habitant
567 1032 651 1067 igitur
663 1032 710 1067 qui
734 1033 761 1060 in
779 1033 897 1065 Christo,
921 1036 1049 1067 tanquam

261 1074 372 1102 domum
398 1077 426 1103 in
455 1077 555 1111 pietate
583 1082 611 1105 et
637 1079 817 1106 sanctimonia
843 1079 941 1111 vitam;
967 1085 1048 1112 quam

261 1120 371 1154 quidem
383 1122 467 1148 veluti
488 1130 617 1150 coronam
636 1124 782 1158 quamdam
796 1124 854 1151 suis
869 1124 990 1158 ipsorum
1003 1132 1049 1151 ca-

261 1166 364 1200 pitibus
378 1167 531 1202 imponunt,
545 1176 576 1195 ac
587 1176 637 1204 pro
656 1176 762 1196 summa
782 1169 912 1197 felicitate
934 1170 1047 1197 ducunt.

261 1213 364 1240 Idcirco
387 1214 514 1249 inquiunt
536 1215 652 1244 subinde
673 1217 805 1251 quidem:
825 1227 833 1242 (
849 1217 968 1246 Laetatus
988 1224 1049 1244 sum

260 1257 288 1284 in
302 1258 345 1285 his
357 1267 417 1293 qua:
434 1259 506 1286 dicta
526 1261 676 1293 suntmihi,
697 1261 726 1288 In
740 1262 852 1289 domum
869 1262 975 1289 Domini
996 1262 1048 1288 ιὶιὶο

260 1304 367 1337 nnis“;
385 1313 393 1329 ι
412 1305 527 1332 subinde
542 1314 608 1333 vero
623 1315 629 1332 :
649 1316 658 1331 ‹
676 1307 763 1334 Unam
779 1308 858 1342 100
875 1307 944 1342 petii
963 1315 978 1334 a
998 1308 1050 1334 Do-

260 1350 345 1382 mino,
359 1351 428 1378 hanc
440 1352 576 1386 requirant
589 1353 622 1379 ¹¹.
639 1362 648 1378 ι
667 1353 803 1386 Quidnam
814 1358 906 1380 autem
919 1353 988 1388 petit
999 1354 1010 1380 ’ἶ
1021 1357 1049 1381 et

259 1394 333 1429 quod
347 1403 429 1422 unum
447 1396 611 1424 beneﬁcium
630 1398 792 1432 exspectat?
806 1408 815 1423 ι
838 1399 872 1426 Ut
886 1399 1006 1426 habitem
1021 1400 1048 1427 in

259 1441 342 1468 domo
364 1441 481 1474 Domini,
501 1442 607 1476 inquit,
623 1443 751 1470 omnibus
774 1444 872 1471 diebus
891 1444 953 1472 vita:
969 1453 1046 1478 meae,

259 1490 290 1513 ut
305 1487 410 1514 videam
423 1489 589 1522 voluptatem
609 1489 727 1521 Domini,
740 1494 767 1517 et
788 1489 895 1517 visitem
915 1491 1047 1525 templum

258 1537 383 1559 sanctum
396 1534 497 1568 ejus".
516 1543 524 1558 ι
549 1533 635 1561 Audis
659 1541 714 1569 quo
744 1540 823 1568 pacto
843 1535 927 1562 instar
948 1537 1047 1563 summi

260 1577 387 1604 beneficii
401 1578 481 1605 ducat
500 1579 625 1606 habitare
646 1579 673 1606 in
692 1579 773 1606 domo
791 1581 909 1612 Domini,
923 1585 951 1608 et
965 1582 991 1608 in
1005 1582 1048 1609 di-

259 1622 323 1648 vina
332 1623 392 1648 aula
404 1623 507 1649 versari
520 1623 531 1649 ?
549 1624 686 1650 Ilabitatio
698 1629 789 1650 autem
804 1625 862 1652 haec
874 1633 929 1652 non
943 1631 985 1653 est
1005 1626 1048 1653 in-

258 1667 403 1702 telligenda
415 1668 573 1702 corporalis,
587 1668 634 1695 sed
646 1669 673 1695 in
686 1669 835 1696 stabilitate
846 1671 945 1698 mentis
957 1676 984 1698 et
998 1672 1049 1706 pia:

258 1713 331 1740 vitm.
358 1713 492 1740 Caeterum
509 1724 518 1739 ε
536 1714 642 1745 dilexit,
664 1715 763 1750 inquit,
785 1715 859 1742 Isaac
880 1717 963 1748 Esau,
985 1717 1049 1751 quia

258 1759 369 1786 venatio
389 1760 449 1794 ejus
464 1760 543 1787 cibus
566 1761 591 1787 ei
615 1765 674 1787 erat
685 1762 717 1787 ’³.
731 1771 740 1787 ›
756 1762 858 1796 Dignus
884 1762 993 1789 habitus
1007 1768 1049 1790 est

259 1804 352 1831 divino
366 1812 459 1831 amore
474 1805 673 1840 primogenitus
685 1806 776 1838 Israel,
794 1806 857 1841 quia
870 1807 964 1842 legalis
985 1808 1048 1835 vita;

258 1850 454 1884 perfectionem
470 1851 643 1886 laboresque,
655 1852 702 1886 qui
717 1851 750 1878 ad
762 1852 814 1878 hoc
827 1853 989 1886 subeuntur,
999 1861 1047 1881 ve-

258 1896 308 1922 luti
330 1896 421 1923 cibum
443 1897 589 1931 quemdam
615 1898 715 1924 obtulit
736 1898 802 1925 Deo.
829 1898 951 1926 Fuerunt
973 1900 1046 1927 enim

258 1940 339 1967 etiam
356 1941 442 1968 sancti
453 1942 480 1968 i'n
494 1942 588 1974 Israel,
602 1942 694 1977 piique
711 1947 739 1970 et
750 1943 855 1970 strenui
867 1944 934 1978 legis
950 1944 1047 1971 obser-

258 1990 375 2012 vatores.
390 1985 495 2013 Idcirco
513 1986 647 2021 propheta
660 1986 744 2014 Isaias
765 1987 847 2015 deﬂet
862 1988 946 2015 veluti
959 1988 1047 2015 forni-

258 2036 344 2058 catam
365 2031 528 2059 Jerusalem.
549 2033 620 2060 Dicit
637 2037 728 2060 autem
749 2033 822 2068 quod
849 2043 857 2059 ι
871 2034 976 2069 justitia
998 2035 1047 2062 ali—

257 2078 367 2112 quando
379 2079 507 2106 recubuit
520 2079 547 2105 in
559 2086 591 2106 ea
603 2080 636 2111 ’⁵,
654 2089 662 2104 ›
681 2079 734 2106 hoc
753 2084 805 2110 est,
819 2081 955 2114 requievit
965 2084 992 2108 et
1005 2081 1047 2108 di-

253 2128 364 2151 versata
377 2128 429 2156 est,
443 2124 505 2151 ideo
519 2124 592 2158 quod
604 2124 631 2150 in
647 2132 678 2151 ea
691 2125 769 2152 multi
781 2126 936 2153 exstiterint
951 2127 1046 2161 legalis

257 2166 318 2193 vitm
346 2167 432 2202 gloria
453 2167 583 2194 illustres.
609 2168 673 2195 Erat
700 2169 784 2203 igitur
800 2170 827 2196 in
843 2170 947 2198 honore
973 2171 1045 2206 apud

255 2213 340 2240 Deum
355 2213 552 2249 primogenitus
564 2214 646 2241 Israel
658 2235 664 2246 ,
688 2219 816 2243 caeterum
835 2224 890 2243 non
910 2222 1044 2252 perpetuo
1059 2228 1080 2256 ι)

255 2261 429 2287 conservavit
446 2261 578 2289 honorem
592 2261 816 2297 primogenitum
826 2263 878 2298 ipsi
900 2264 1043 2292 tributum.

255 2304 343 2331 Cessit
362 2305 434 2332 enim
455 2306 656 2340 quodammodo
680 2315 751 2334 novo
771 2315 803 2334 ac
814 2308 952 2343 posterius
978 2313 1043 2337 nato

255 2350 366 2385 populo,
383 2351 435 2378 hoc
446 2355 497 2384 est,
510 2352 614 2386 gentili,
627 2353 818 2388 primogenita,
830 2354 909 2389 longe
933 2355 966 2382 ad
980 2363 1041 2382 car-

255 2395 326 2422 nalia
338 2401 365 2423 et
375 2396 512 2424 mundana
531 2397 687 2425 deﬂectens.
698 2398 783 2425 Porro
792 2419 799 2431 ,
812 2400 1041 2434 quemadmodum

256 2439 284 2466 in
296 2441 459 2475 evangelieis
469 2442 607 2476 parabolis
618 2442 728 2477 legitur,
744 2453 753 2468 ι
768 2443 924 2471 Celebravit
933 2453 981 2472 rex
992 2454 1042 2472 nu-

255 2485 326 2520 ptias
338 2485 393 2512 ﬁlio
405 2494 455 2513 suo
463 2487 494 2513 ’⁸.
513 2497 522 2512 ι
539 2487 673 2515 Praeterea
695 2489 809 2516 aderant
824 2490 871 2524 qui
890 2491 924 2518 ad
935 2499 1041 2519 coenam

257 2532 398 2564 vocabant,
411 2533 531 2561 convivis
538 2534 585 2561 Dei
595 2539 758 2570 praeceptum
774 2537 976 2569 annuntiantes,
990 2538 1043 2565 hoc

256 2578 378 2611 scilicet,
397 2588 406 2603 ι
423 2579 492 2606 Ecce
512 2580 658 2614 prandium
680 2588 771 2607 meum
794 2582 938 2616 apparavi,
971 2583 1041 2609 tauri

255 2623 308 2650 mei
321 2629 349 2650 et
359 2624 443 2652 altilia
456 2625 556 2657 occisa,
569 2629 597 2652 ct
607 2626 698 2653 omnia
711 2631 816 2660 parata,
833 2628 923 2654 venite
940 2628 974 2655 ad
989 2636 1041 2655 nu-

255 2669 335 2702 ptias.
351 2670 391 2696 Illi
401 2675 491 2698 autem
504 2671 652 2698 noluerunt
662 2672 766 2704 venire,
777 2682 785 2698 ι
802 2673 901 2707 inquit,
916 2674 962 2701 sed
976 2674 1037 2701 uni-

252 2714 352 2750 cuique
366 2716 393 2742 in
415 2721 541 2752 promptu
569 2722 627 2744 erat
650 2719 789 2746 excusatio
807 2727 857 2754 pro
870 2720 958 2747 libito.
987 2721 1037 2748 llic

290 2817 310 2833 ¹⁷
319 2818 414 2845 Matth.
428 2827 492 2851 xxn,
511 2819 556 2851 l7;
568 2819 635 2848 Lue.
651 2829 694 2852 xx,
710 2821 753 2847 2‘2.
793 2821 814 2836 “‘
829 2820 896 2848 Gen.
909 2830 970 2853 xxv,
984 2821 1028 2848 27.

255 2853 277 2868 ”
288 2853 356 2880 Psal.
371 2862 442 2886 xxvi,
460 2856 485 2882 4.
524 2855 546 2869 ’³
562 2855 627 2882 ibid.
667 2856 690 2872 “
704 2855 770 2883 Gen.
789 2864 849 2888 xxv,
862 2856 905 2884 ‘28.

963 2857 984 2872 ιθ
1000 2857 1050 2884 Isa.
1064 2865 1082 2890 I,
1097 2858 1140 2884 '2l.

1100 937 1147 963 τὸν
1172 937 1318 964 θεσπέσιον
1347 937 1430 971 φάναι
1458 936 1556 962 Δαϐίδ·
1577 945 1586 961 ι
1607 935 1709 970 Κύριος
1738 935 1889 967 κατοικίζει

1102 983 1284 1018 μονοτρόπους
1302 984 1331 1010 ὲν
1343 983 1421 1018 οἴκῳ,
1440 992 1449 1007 ι
1463 982 1635 1017 Μονότροπος
1648 981 1703 1016 γὰρ
1719 982 1732 1007 ὁ
1747 980 1848 1012 ἁπλοῦς
1860 982 1889 1007 ἐν

1100 1029 1220 1064 Χριστῷ,
1245 1029 1274 1060 ὂς
1295 1029 1342 1055 καὶ
1363 1029 1390 1055 ἐν
1416 1029 1482 1063 οἴκῳ
1507 1027 1702 1059 κατοικίζεται.
1726 1026 1822 1052 Καίτοι
1849 1026 1888 1060 τῷ

1107 1075 1214 1110 Ἰσραὴλ
1236 1074 1436 1108 mammam;
1455 1082 1527 1105 τινος
1546 1073 1600 1100 τῶν
1619 1073 1704 1106 ἁγίων
1727 1072 1886 1107 προφητῶν,

1100 1122 1141 1148 ὅτι
1163 1131 1172 1146 ι
1199 1121 1264 1152 Ταῖς
1290 1121 1442 1152 πολυοδῑαις
1471 1128 1518 1146 σου
1549 1119 1709 1150 ὲκοπίασας.
1740 1128 1748 1144 ι
1782 1118 1888 1145 Οὐκοῦν

1099 1168 1284 1200 ἐναυλίζονται
1311 1168 1361 1207 μὲν
1378 1168 1402 1193 οἱ
1423 1168 1451 1193 ὲν
1474 1166 1595 1201 Χριστῷ,
1616 1166 1742 1201 καθάπερ
1758 1166 1798 1197 εἰς
1814 1163 1887 1192 οἷκον

1099 1214 1148 1249 τὴν
1163 1215 1190 1240 ὲν
1210 1213 1330 1248 ὁσιότητι
1347 1213 1393 1239 καὶ
1419 1212 1548 1246 ἁγιασμῷ
1568 1211 1705 1238 πολιτείαν
1731 1212 1778 1238 καὶ
1802 1211 1886 1246 ζωήν.

1099 1260 1181 1286 Αὐτοὶ
1195 1259 1223 1286 δὲ
1238 1259 1268 1286 τὺ
1283 1259 1378 1294 χρῆμα
1391 1261 1450 1290 ταῖς
1465 1259 1540 1292 σφῶν
1554 1258 1684 1292 κεφαλαῖς
1692 1255 1736 1284 οἷά
1752 1267 1812 1285 τινα
1828 1258 1887 1285 στέ-

1100 1313 1183 1339 φανον
1203 1304 1403 1336 ἁναπλέκοντες
1421 1304 1511 1330 ἁλοῖεν
1525 1303 1568 1334 ἂν,
1590 1304 1636 1329 καὶ
1656 1304 1709 1338 μὴν
1723 1304 1769 1330 καὶ
1786 1304 1888 1338 εὐημε-

1102 1351 1162 1386 ρίας
1184 1351 1423 1386 καταλογιζόμενοι
1440 1351 1551 1385 τρόπον.
1567 1350 1701 1385 Ταύτῃτοί
1715 1359 1798 1385 φασι,
1822 1351 1886 1377 ποτὲ

1101 1398 1160 1433 μὲν,
1171 1399 1212 1424 ὅτι
1226 1407 1234 1423 ι
1248 1398 1413 1433 Ηὺφράνθην
1430 1398 1477 1424 ἐπὶ
1487 1398 1542 1428 τοῖς
1555 1396 1678 1432 εἶρηκόσι
1693 1405 1746 1431 μοι·
1757 1397 1802 1428 Εἰς
1813 1395 1887 1423 οἷκον

1101 1444 1204 1479 Κυρίου
1223 1443 1447 1478 πορευτώμεθαη
1466 1443 1529 1469 ποτὲ
1548 1443 1575 1469 δὲ
1595 1441 1638 1474 αὖ,
1659 1453 1668 1469 ε
1689 1443 1760 1469 Μίαν
1782 1443 1887 1478 ᾐτησά-

1101 1497 1155 1524 μην
1174 1489 1249 1524 παρὰ
1266 1489 1378 1524 Κυρίου,
1401 1489 1503 1523 ταύτην
1521 1488 1641 1524 ζητήσω.
1663 1498 1671 1514 ι
1691 1489 1744 1515 Καὶ
1760 1489 1785 1514 τί
1799 1489 1829 1515 τὸ
1844 1489 1883 1515 αῖ-

1099 1543 1193 1569 τημα;
1210 1534 1272 1560 ποία
1286 1534 1314 1560 δὲ
1332 1534 1377 1560 καὶ
1395 1535 1411 1569 ἡ
1440 1534 1488 1569 μία
1503 1534 1598 1568 xerth
1618 1542 1627 1558 ε
1649 1533 1685 1559 Τὸ
1700 1535 1837 1560 κατοικεῖν
1853 1541 1885 1568 με

1099 1580 1128 1606 ἐν
1141 1579 1208 1613 οἴκῳ
1225 1579 1337 1614 Κυρίου,
1359 1579 1435 1614 φησι,
1452 1579 1542 1610 πάσας
1555 1579 1604 1610 τὰς
1618 1578 1724 1614 ἡμέρας
1745 1579 1794 1613 τῆς
1813 1578 1887 1613 ζωῆς

1101 1633 1164 1660 μου,
1187 1624 1232 1651 τοῦ
1252 1625 1363 1660 θεωρεῖν
1379 1633 1413 1660 με
1436 1624 1485 1659 τὴν
1506 1624 1676 1659 τερπνότητα
1698 1624 1810 1659 Κυρίου,
1839 1624 1887 1650 καὶ

1099 1670 1311 1697 ἐπισκέπτεσθαι
1326 1670 1372 1697 τὸν
1385 1670 1448 1696 ναὸν
1463 1670 1508 1696 τὸν
1527 1670 1604 1704 ἅγιον
1618 1669 1710 1696 αὑτοῦ.
1735 1680 1744 1696 ι
1766 1670 1886 1701 ’Λκούεις

1099 1716 1173 1747 ὅπως
1187 1716 1215 1742 ἐν
1229 1716 1303 1748 τάξει
1319 1717 1429 1752 χάριτος
1443 1717 1574 1751 λαμπρᾶς
1589 1715 1635 1742 καὶ
1647 1715 1819 1752 ἐξῃρημένης
1837 1724 1886 1742 κα-

1098 1762 1271 1796 ταλογεῖσθαί
1287 1771 1353 1797 φησι
1369 1762 1399 1788 τὸ
1416 1764 1552 1788 κατοικεῖν
1567 1763 1595 1788 ἐν
1609 1763 1676 1797 οἴκῳ
1690 1761 1768 1794 Θεοῦ,
1787 1762 1833 1788 καὶ
1856 1763 1885 1788 ἐν

1098 1808 1192 1839 αὐλαῖς
1203 1809 1263 1838 ταῖς
1276 1808 1361 1839 θείαις
1374 1807 1509 1834 ποιεῖσθαι
1524 1808 1572 1840 τὰς
1587 1808 1746 1843 διατριϐὰς
1764 1808 1795 1834 'H
1808 1808 1837 1835 δέ
1854 1816 1885 1842 γε

1097 1854 1204 1890 οἴκησις
1226 1854 1256 1880 οὐ
1277 1854 1418 1889 σωματικὴ
1437 1855 1534 1886 ,νοοῖτο
1559 1855 1581 1880 δ’
1608 1854 1641 1880 ἂν
1667 1854 1767 1889 μᾶλλον
1794 1853 1833 1885 ὡς
1856 1854 1885 1881 ἐν

1098 1899 1367 1935 ἑδραιότητιγνώμης
1375 1901 1420 1925 καὶ
1427 1900 1553 1935 ἐναρέτου
1562 1899 1644 1934 ζωῆς.
1654 1900 1736 1932 Ἀλλ’,
1744 1910 1752 1924 ε
1765 1900 1883 1934 Ὴγάπιι,

1098 1945 1190 1980 φησιν,
1208 1946 1222 1972 ὁ
1237 1946 1330 1972 Ἰσαὰκ
1343 1946 1388 1972 τὸν
1403 1946 1501 1978 Ἠσαῦ,
1511 1946 1551 1973 ὅτι
1565 1947 1580 1981 ἡ
1595 1946 1667 1981 θήρα
1682 1946 1764 1972 αὑτοῦ
1783 1946 1884 1981 βρῶσις

1099 1990 1182 2025 αὐτῷ.
1195 2000 1205 2016 ι
1217 1990 1330 2022 Ἠξίωτο
1343 1991 1397 2026 γὰρ
1413 1991 1523 2026 ἀγάπης
1535 1991 1583 2026 τῆς
1601 1991 1703 2017 ἄνωθεν
1719 1992 1734 2018 ὁ
1748 1991 1884 2026 πρωτότο-

1097 2045 1144 2068 κος
1162 2036 1279 2072 Ἰσραὴλ,
1294 2037 1334 2062 ὅτι
1350 2037 1399 2072 τῆς
1410 2037 1438 2063 ὲν
1448 2037 1522 2072 νόμῳ
1533 2037 1671 2068 πολιτείας
1682 2037 1732 2071 τὴν
1745 2036 1883 2072 κατόρθω-

1097 2089 1149 2114 σιν⁹
1171 2081 1217 2107 καὶ
1233 2081 1295 2112 τοὺς
1309 2081 1355 2108 ἐπὶ
1376 2081 1444 2116 τῷδε
1463 2082 1571 2115 πόνους,
1591 2082 1693 2117 τροφὴν
1706 2081 1799 2117 ὥσπερ
1823 2082 1883 2108 τινὰ

1096 2127 1278 2162 προσεκόμιζε
1300 2126 1339 2162 τῷ
1361 2127 1430 2162 Θεῷ.
1453 2127 1582 2161 Γεγόνασι
1606 2127 1659 2162 γὰρ
1686 2127 1759 2162 ἅγιοι
1783 2128 1829 2154 καὶ
1854 2128 1882 2154 ὲν

1102 2172 1220 2207 Ἰσραὴλ,
1236 2172 1354 2207 φιλόθεοί
1369 2181 1399 2198 τε
1421 2172 1466 2198 καὶ
1482 2173 1681 2207 νομοφύλακες;
1706 2173 1761 2199 Καὶ
1789 2172 1854 2206 γοῦν
1868 2174 1882 2199 ό

1096 2219 1237 2253 προφήτης
1258 2218 1373 2249 Ἡσαΐας
1386 2217 1528 2250 ἐταλάνιζε
1541 2218 1591 2253 μὲν
1604 2217 1642 2249 ὡς
1658 2219 1882 2254 πεπορνευμένην

1094 2264 1143 2298 τὴν
1165 2264 1354 2299 Ἰερουσαλήμ.
1373 2264 1444 2298 Ἔφη
1458 2264 1486 2290 δὲ
1499 2265 1539 2290 ὅτι
1556 2264 1713 2298 δικαιοσύνη
1732 2264 1802 2291 κατὰ
1820 2272 1882 2290 και-

1096 2309 1158 2344 ροὺς
1169 2309 1303 2345 ἐκοιμήθη
1321 2311 1350 2336 ἐν
1368 2310 1447 2345 αὐτῇ,
1471 2309 1619 2342 τουτέστιν,
1637 2310 1821 2343 ἀνεπαύσατο,
1835 2310 1881 2336 καὶ

1092 2355 1235 2386 κατέλυσε,
1252 2355 1297 2382 διά
1310 2364 1351 2381 τοι
1367 2355 1397 2381 τὸ
1413 2356 1442 2381 ὲν
1461 2355 1528 2390 αὐτῇ
1552 2355 1679 2389 γενέσθαι
1702 2355 1815 2386 πολλοὺς
1832 2355 1881 2390 τῆς

1092 2401 1120 2427 ὲν
1134 2401 1208 2436 νόμῳ
1223 2401 1360 2433 πολιτείας
1371 2400 1588 2436 ἀνειλημμένους
1601 2402 1636 2429 τὰ
1651 2401 1808 2436 αὐχήματα.
1824 2399 1880 2428 Ἦν

1091 2445 1138 2474 οὖν
1152 2449 1180 2474 ὲν
1196 2447 1258 2483 δόξῃ
1275 2448 1308 2482 τῇ
1327 2446 1401 2482 παρὰ
1413 2446 1472 2482 Θεῷ
1487 2447 1660 2482 πρωτότοκος
1677 2447 1713 2474 ὢν
1729 2448 1743 2473 ό
1761 2446 1878 2482 Ἰσραὴλ,

1092 2493 1160 2528 πλὴν
1181 2493 1211 2519 οὐ
1239 2493 1318 2528 μέχρι
1343 2493 1442 2524 παντὸς
1466 2492 1612 2519 διεσώσατο
1631 2493 1681 2528 τὴν
1699 2493 1753 2523 τοῖς
1781 2492 1878 2518 ἑαυτοῦ

1092 2538 1248 2574 πρεσϐείοις
1264 2539 1484 2574 ἀπονεμηθεῖσαν
1500 2540 1593 2575 τιμήν.
1611 2538 1836 2574 Παρακεχὼρηκε
1851 2538 1878 2564 δὲ

1091 2584 1186 2619 ὥσπερ
1195 2583 1234 2619 τῷ
1251 2584 1304 2618 νέῳ
1314 2584 1361 2610 καὶ
1376 2585 1489 2610 κατόπιν
1508 2585 1572 2611 ἰόντι
1589 2584 1656 2618 λαῷ,
1670 2583 1804 2615 τουτέστι,
1823 2583 1878 2614 τοῖς

1093 2629 1122 2662 ἐξ
1134 2629 1228 2660 ἐθνῶν,
1243 2630 1278 2656 τὰ
1287 2629 1469 2664 πρωτοτόκια,
1481 2630 1548 2656 πολὺ
1559 2630 1618 2656 λίαν
1637 2629 1826 2660 ἅπονενευκὼς
1839 2629 1877 2659 εἰς

1092 2676 1126 2702 τὰ
1140 2676 1239 2711 σαρκός
1251 2684 1280 2702 τε
1291 2675 1337 2703 καὶ
1347 2677 1461 2711 κόσμου.
1475 2677 1530 2703 Καὶ
1541 2676 1606 2710 γοῦν
1617 2677 1665 2708 ὡς,
1682 2677 1710 2701 ἐν
1724 2677 1785 2706 ταῖς
1799 2675 1876 2708 εὐαγ-
1892 2691 1906 2704 ο

1090 2722 1212 2756 γελικαῖς
1228 2722 1386 2757 ἀνεγνώσθη
1401 2722 1568 2758 παραῆολαῖς
1583 2743 1590 2755 ,
1606 2731 1616 2747 ί
1628 2722 1730 2749 Ἐποίει
1755 2722 1804 2756 μεν
1828 2722 1877 2755 γά-

1069 2822 1174 2859 ”I’sal.
1197 2824 1312 2855 van,7.
1355 2825 1378 2840 ¹⁰
1398 2825 1458 2852 Isai.
1477 2833 1538 2859 LVII,
1553 2825 1596 2853 10.
1636 2828 1656 2842 ’³
1669 2825 1739 2854 Psal.
1760 2825 1874 2858 cxxt,I.

1179 2858 1202 2874 ¹⁶
1214 2859 1308 2886 Μοιῐίι.
1333 2867 1396 2892 xxn,
1415 2860 1441 2887 2.
