1990 3050
105 163 153 194 ωε

626 159 886 189 GLAPIIYRORUM
909 159 941 186 IN
962 158 1112 186 GENESIM
1131 159 1194 186 LIB.
1215 159 1259 187 III.

1689 161 1741 192 I66

107 231 169 260 μους
184 221 198 248 ὀ
215 221 346 256 βασιλεὺς
367 221 405 256 τῷ
421 220 471 256 υίῷ
490 219 584 246 αὑτοῦ.
615 229 623 245 ι
642 216 710 246 Εἶτα
730 218 858 254 παρῆσαν
872 217 896 244 ot

959 217 1020 244 enim
1036 217 1124 244 dixit.
1146 227 1156 242 ς
1176 217 1292 244 Uxorem
1320 217 1396 250 duxi,
1411 217 1481 246 habe
1501 227 1545 246 me
1568 225 1739 249 excusatum.

105 267 341 302 δειπνοκλήτορες,
359 268 415 299 τοῖς
436 266 595 301 δαιτυμόσιν
620 264 838 298 ἀπαγγέλλοντες
864 264 897 289 τὰ

106 313 180 350 παρά
193 312 274 343 Θεοῦ,
289 312 441 344 τουτέστιν,
459 321 468 337 ‹
496 310 560 337 Ἰδοὺ
581 309 612 336 τὸ
629 309 741 344 ἄριστόν
757 316 807 344 μου
826 307 898 343 ἡτοί-

108 367 191 396 μασα,
207 358 232 384 οἱ
244 356 343 392 ταῦροί
363 365 413 391 μου
433 355 480 382 καὶ
496 355 530 381 τὰ
552 353 661 381 σιτιστὰ
685 352 831 388 τεθυμένα,
853 351 899 378 καὶ

107 405 194 432 πάντα
208 403 324 438 ἕτοιμα·
345 402 421 429 δεῦτε
453 401 493 432 εἰς
517 400 580 432 τοὺς
599 399 714 435 γάμους.
739 399 771 425 Οἱ
797 398 826 425 δὲ
849 397 899 424 οὺκ

108 450 202 486 ἧθελον
220 449 320 480 ἐλθεῖν,
340 458 348 474 ι
362 447 455 483 φησίν.
473 443 589 480 Ἀλλ’ἦν
610 444 900 481 ἑκάστῳ-παραίτησις

108 496 137 522 τὸ
152 495 260 522 δοκοῦν.
284 495 313 520 '0
332 493 382 528 μὲν
402 494 456 528 γὰρ
479 492 581 526 ἔφασκε
594 500 601 507 ·
623 501 631 517 ι
648 492 769 517 Γυναῖκα
790 491 898 525 ἔγημα,

109 541 153 576 ἔχε
171 548 205 575 με
216 538 422 575 παρῃτημένον.
441 537 470 563 '0
481 537 520 569 δὲ,
542 536 641 572 Ἀγρδν
658 535 793 570 ἠγόρασα,
806 535 853 561 καὶ
868 533 898 560 οὒ

109 586 227 621 δύναμαι
248 585 344 611 ἐλθεῖν.
364 593 374 609 ›
397 584 479 619 Ὁρᾷς
492 581 540 609 οὖν
564 583 638 614 ὅπως
665 581 834 617 μεμίμηνται
854 580 900 606 τὸν

115 631 213 665 Ἠσαῦ,
224 631 274 666 τὴν
288 629 343 656 τῶν
354 629 530 664 προσκαίρων
542 627 589 654 καὶ
599 626 739 662 σαρκικῶν
751 625 900 652 ἀπόλαυσιν

110 679 159 714 τῆς
176 677 252 713 παρά
271 676 332 712 Θεῷ
349 675 427 710 δόξης
447 673 691 709 προτετιμηκότες,
714 671 854 707 μονονουχὶ
872 671 900 697 δὲ

112 724 159 751 καὶ
170 723 274 759 ἑτέροις
289 723 323 749 τὰ
339 721 512 758 πρωτοτόκια
523 719 672 755 προθέντες
687 718 767 759 ἑλεῖν,
781 718 901 744 ’Λντεισ-

113 772 259 807 κέκληνται
288 770 344 805 γὰρ
370 768 451 799 εὐθὺς
475 767 500 793 οι
524 766 553 799 ὲξ
578 765 664 792 ἐθνῶν
692 755 899 796 πιστεύσαντες,

113 818 160 845 καί
185 817 234 853 τὴν
256 815 294 850 τῷ
329 814 438 850 Ἰσραὴλ
460 811 638 848 ὀφειλομένην
664 811 901 847 ἀποκεκερδήκασι

114 863 193 896 δόξαν
204 884 212 895 ,
228 862 276 889 καὶ
296 861 387 896 μέντοι
404 860 452 886 καὶ
473 858 608 893 εὐλογίαν,
624 857 669 884 διὰ
686 857 716 884 τὸ
731 857 839 892 ἕτοιμον
861 857 901 888 είς

316 907 346 933 τὸ
359 906 419 932 λίαν
435 887 563 936 εὐσταλές
581 887 630 930 καὶ
640 887 853 939 διεγηγερμΙένον
862 887 902 934 εἷς
918 887 940 918 Β

113 965 144 990 γε
156 956 187 982 τὸ
201 954 301 990 χρῆναι
319 951 441 988 πληροῦν
453 951 488 978 τὰ
503 950 651 977 ἀνδάνοντα
662 949 701 985 τῷ
715 948 784 984 Θεῷ.
796 948 903 975 Γένοιτο

113 1002 135 1028 δ’
156 1001 189 1027 ἂν
211 1000 277 1035 ἡμῖν
297 999 346 1026 καὶ
365 997 461 1024 τούτου
482 996 597 1031 μάρτυς,
614 996 628 1021 ὀ
651 994 795 1025 θεσπέσιος
810 993 901 1025 Δαὸὶδ,

113 1046 183 1073 οὓτω
199 1045 287 1079 λέγων
299 1043 362 1078 περ)¹
373 1041 462 1078 αὐτῶν
473 1049 479 1056 ·
497 1041 568 1075 (Τὴν
584 1039 733 1075 ἐπιθυμίαν
751 1039 805 1066 τῶν
821 1039 904 1074 πενή-

114 1101 166 1119 των
189 1091 370 1126 εἰσήκουσας,
392 1087 491 1122 Κύριε,
512 1088 544 1122 τῇ
562 1087 706 1122 ἑτοιμασίᾳ
723 1086 772 1121 τῆς
789 1085 904 1121 καρδίας

114 1139 204 1166 αὐτῶν
220 1136 354 1173 προσέσχε
369 1135 400 1161 τὸ
413 1132 460 1166 οὖς
474 1142 532 1160 σου.
553 1143 562 1159 ι
585 1129 776 1168 Ἐτοιμότερος
791 1132 845 1168 γὰρ
861 1132 904 1159 ἀεί

116 1194 173 1216 πως
188 1185 228 1216 είς
240 1182 396 1210 εὐπείθειαν
413 1181 428 1206 ὁ
446 1181 475 1207 ὲν
497 1179 588 1207 πίστει
606 1179 680 1211 λαὸς,
697 1179 786 1205 καίτοι
803 1179 856 1204 τῶν
875 1177 905 1211 ἐξ

121 1230 230 1267 Ἰσραὴλ
247 1229 297 1264 τὴν
316 1229 345 1254 ὲν
363 1227 438 1262 νόμῳ
452 1225 592 1252 παίδευσιν
610 1224 903 1260 προπεπλουτηκότων.

122 1276 189 1304 Ἀλλ’
213 1275 239 1301 εί
263 1278 313 1302 καὶ
334 1273 388 1302 τῶν
406 1273 486 1299 θείων
503 1271 674 1307 μαθημάτων
689 1271 904 1306 κατηρῤὡστησε

115 1325 161 1359 τὴν
180 1321 318 1357 πτωχείαν
328 1319 383 1347 τῶν
395 1318 479 1346 ἐθνῶν
491 1319 507 1354 ἡ
519 1317 622 1353 πληθύς
632 1325 638 1333 ’
651 1317 708 1344 ἀλλ’
723 1318 906 1353 εὐπετεστέρα

115 1372 228 1402 γέγονεν
241 1367 271 1393 ὲν
285 1366 384 1397 πίστει,
400 1365 447 1391 καὶ
459 1365 514 1395 τοῖς
527 1363 570 1389 διὰ
589 1362 707 1398 Χριστοῦ
723 1362 905 1397 θεσπίσμασιν

115 1415 152 1446 ὡς
164 1413 211 1446 ὀξὺ
228 1412 382 1448 παραθείσα
396 1411 426 1437 τὸ
442 1408 498 1442 οὖς,
512 1409 526 1435 ὃ
541 1409 585 1436 διὰ
601 1409 652 1444 τῆς
666 1408 749 1434 αὑτοῦ
767 1408 907 1444 μεμαρτύ-

118 1468 197 1496 ρηται
209 1458 311 1494 φωνῆς.
327 1457 400 1492 Ἔφη
421 1456 474 1490 γὰρ
496 1451 546 1482 ὧδε
566 1454 610 1480 διὰ
626 1454 674 1489 τῆς
690 1453 737 1479 τοῦ
753 1453 907 1484 vatiam,-

116 1507 217 1542 λύρας”
245 1514 254 1530 ε
275 1503 345 1535 Λαὸς
366 1503 396 1529 ὃν
419 1502 470 1528 οὐκ
492 1500 587 1535 ἔγνων,
615 1499 756 1526 ἐδούλευσέ
784 1507 840 1534 μοι,
867 1499 906 1530 είς

117 1553 203 1587 ἀκοὴν
217 1551 299 1578 ιῖιτίου
312 1548 451 1584 ὑπήκουσέ
463 1556 525 1583 μου.
539 1556 547 1572 ι
565 1546 632 1582 Περὶ
645 1546 674 1573 δὲ
685 1554 717 1579 γε
733 1545 780 1572 τοῦ
800 1545 907 1580 Ἰσραὴλ

117 1601 155 1632 ὡς
169 1600 217 1635 ἤδη
232 1598 363 1628 πεσόντος
376 1597 414 1628 εἰς
425 1595 612 1630 ἀλλοτρίωσιν,
627 1594 673 1620 καὶ
687 1592 843 1628 ὀρθοποδεῖν
858 1593 907 1627 μὲν

117 1647 167 1672 οὐκ
188 1643 328 1677 ἀξιοῦντος
347 1642 398 1673 ἔτι,
413 1640 615 1675 πεπηρωμένον
631 1639 660 1665 δὲ
676 1638 771 1674 ὥσπερ
787 1638 836 1674 τῆς
847 1637 906 1664 δια-

122 1691 195 1722 νοίας
208 1690 239 1716 τὸ
255 1689 361 1720 σκέλος,
382 1687 465 1722 φησίν
478 1695 486 1702 ⁷
503 1695 512 1711 ‹
525 1685 584 1711 Υἱοὶ
603 1684 737 1720 ἀλλότριοι
760 1683 909 1718 ὲψεύσαντό

121 1746 176 1773 μοι,
191 1737 217 1764 οἱ
238 1736 291 1762 υἱοὶ
308 1734 444 1770 ἀλλότριοι
464 1731 686 1767 ὲπαλαιώθησαν,
710 1731 757 1758 καὶ
770 1731 909 1766 ὲχώλαναν

119 1783 174 1811 ἀπὸ
187 1783 242 1809 τῶν
268 1782 369 1817 τρίὸων
390 1779 487 1807 αὐτῶν.
507 1789 516 1804 ι
536 1778 631 1814 Τρίϐοι
654 1777 704 1814 μὲν
717 1777 772 1814 γὰρ
786 1777 864 1814 ὀρθαί
879 1786 908 1804 τε

120 1831 168 1856 καὶ
194 1828 326 1859 ἀπλανεῖς
351 1827 399 1853 ἐπὶ
412 1825 530 1862 Χριστὸν
545 1825 743 1860 ἀποῳέρουσαι,
769 1825 817 1851 καὶ
835 1824 851 1860 ἡ
866 1823 910 1850 διὰ

120 1875 203 1910 νόμου
217 1874 371 1909 παίδευσις,
385 1872 433 1898 καὶ
443 1871 591 1907 προφητῶν
607 1871 691 1905 ἁγίων
700 1871 909 1906 προαγόρευσις.

126 1924 237 1959 Ἐἥιδὴ
248 1923 278 1950 δὲ
296 1923 336 1954 είς
349 1922 380 1949 τὸ
391 1922 436 1948 διὰ
450 1922 533 1956 νόμου
551 1919 598 1947 καὶ
615 1919 762 1955 προφητῶν
776 1919 911 1955 κατηντή-

120 1980 184 1999 κασι
199 1969 417 2002 τέλος,τουτέστι
429 1967 557 2003 Χριστὸν,
566 1966 704 2001 ὲχώλαναν
713 1965 743 1997 se
754 1965 909 1998 ἀσυνεσίας,

120 2019 170 2045 οὐκ
183 2017 213 2050 ἐξ
238 2015 332 2050 ὑγιοῦς
353 2014 473 2045 διανοίας
498 2012 730 2048 ὲμπαροινοῦντες
756 2011 840 2046 αὐτῷ,
865 2010 911 2037 καὶ

121 2064 230 2098 θανάτῳ
259 2061 417 2098 περιϐαλεῖν
439 2060 624 2096 τολμήσαντες
647 2059 694 2085 τὸν
717 2058 839 2093 ἀρχηγὸν
862 2057 912 2091 τῆς

121 2108 206 2144 ζωῆς.
228 2108 291 2135 Ὀτι
305 2107 396 2134 τοίνυν
411 2107 425 2133 ὀ
442 2105 500 2137 νέος
514 2114 544 2132 τε
564 2105 594 2131 ὲν
616 2104 706 2131 πίστει
727 2103 790 2135 λαὸς
811 2102 860 2138 τὴν
875 2101 913 2137 τῷ

127 2155 238 2192 Ἰσραὴλ
245 2153 425 2189 ὀφειλομένην
433 2152 556 2186 εὐλογίαν
568 2152 702 2187 ἥρπασεν,
713 2149 913 2185 εὐπετεστέραν

122 2201 192 2236 ἔχων
211 2200 261 2234 τὴν
273 2198 388 2235 γνώμην
401 2197 442 2230 εἴς
457 2197 488 2231 γέ
504 2204 546 2223 τοι
556 2196 587 2222 τὸ
596 2196 652 2223 δεῖν
667 2196 722 2227 τοῖς
735 2195 818 2226 θείοις
835 2193 913 2220 ὑπεί-

123 2256 182 2275 κειν
202 2246 331 2281 νεύμασι,
355 2243 504 2271 κάντεῦθεν
521 2243 587 2278 ἡμῖν
611 2241 746 2277 παρέσται
767 2241 848 2267 νοεῖν.
868 2239 916 2265 I‘é-
931 2262 952 2289 Β

123 2302 246 2330 γραπται
263 2292 318 2328 γὰρ
332 2291 379 2318 ὡδί
395 2300 402 2306 ·
419 2300 428 2316 ἰ
440 2290 564 2325 Ἐγένετο
575 2289 604 2316 δὲ
617 2287 724 2325 μετάτό
739 2285 915 2323 γηράσαιτὸν

130 2341 233 2371 Ἰσαὰκ,
242 2341 290 2366 καὶ
304 2337 498 2373 ἠμϐλύνθησαν
506 2336 531 2362 οἱ
540 2335 674 2370 ὀφθαλμοὶ
688 2333 771 2361 αὐτοϋ
781 2332 828 2360 τοῦ
838 2333 913 2368 ὀρᾷν·

123 2386 179 2413 Καὶ
194 2385 324 2412 ἐκάλεσεν
346 2383 434 2410 Ἢσαῦ
444 2383 490 2409 τὸν
507 2382 563 2408 υίδν
574 2380 658 2408 αὐτοῦ
669 2380 715 2408 τὸν
732 2379 915 2416 πρωτότοκον,

124 2433 171 2458 καὶ
184 2429 261 2458 εἶπεν
277 2429 352 2464 αὐτῷ
362 2438 368 2445 ·
385 2423 433 2455 Υίέ
449 2437 511 2464 μου.
524 2427 580 2454 Καὶ
590 2425 666 2453 εἶπεν
678 2435 684 2441 ·
699 2426 766 2453 Ἰδοὺ
781 2424 846 2459 ἐγώ.
862 2424 917 2451 Καὶ

124 2474 212 2503 εἶπεψ
223 2475 290 2503 Ὶδοϋ
307 2474 362 2509 ἐγὼ
375 2475 528 2510 γεγήρακα,
541 2473 588 2499 καὶ
605 2473 656 2499 οὐκ
671 2469 729 2499 οἴδα
745 2471 795 2506 τὴν
810 2469 918 2506 ἡμέραν

124 2523 173 2557 τῆς
187 2522 318 2557 τελευτῆς
333 2529 393 2556 μουι
409 2519 467 2546 Νὖν
485 2517 532 2546 οὖν
551 2519 617 2545 λάϐε
633 2519 663 2545 τὸ
683 2517 778 2549 σκεῦός
794 2525 850 2548 σου,
867 2516 917 2551 τήν

127 2577 156 2596 τε
171 2569 312 2605 φαρέτραν
334 2567 382 2594 καὶ
395 2567 426 2593 τὸ
446 2566 532 2598 τόξον,
548 2566 595 2592 καὶ⁸
609 2564 699 2598 ἔξελθε
712 2565 751 2596 εἰς
768 2563 798 2590 τδ
813 2562 915 2593 πεδίον,

125 2615 173 2642 καὶ
187 2614 322 2651 θήρευσόν
342 2622 386 2649 μοι
402 2612 499 2648 θήραν,
515 2612 562 2638 καὶ
577 2610 689 2646 ποίησόν
705 2618 749 2645 μοι
768 2608 914 2643 ἐδέσματα,

124 2660 162 2692 ὡς
175 2660 245 2694 φιλῶ
261 2659 333 2693 ἐγώ-
352 2657 401 2684 καὶ
429 2656 523 2691 ἔνεγκε
544 2664 589 2691 μοι
608 2655 651 2681 ἵνα
675 2654 764 2689 φάγω,
783 2654 857 2685 ὅπως
871 2652 916 2679 εὐ-

125 2705 228 2741 λογήσῃ
241 2713 271 2730 σε
286 2705 303 2738 ἡ
317 2703 391 2738 ψυχή
411 2710 460 2737 μου
475 2702 540 2736 πρὶν
560 2699 704 2727 ἀποθανεῖν
727 2707 770 2734 με.
789 2708 798 2724 ι
825 2697 918 2724 Ταῦτα

129 2751 178 2786 μὲν
198 2749 245 2777 οὖν
261 2749 315 2784 ἔφη
332 2748 401 2783 πρὸς
422 2747 467 2773 τὸν
486 2746 571 2774 Ἠσαῦ
591 2747 605 2772 ὀ
621 2745 722 2781 πατήρ.
744 2745 772 2772 '0
782 2744 811 2771 δὲ
830 2752 918 2779 παρα-

125 2797 221 2834 χρῆμα
238 2796 304 2827 τοὺς
327 2795 374 2821 ἐπὶ
397 2794 430 2829 τῇ
451 2792 523 2829 θήρᾳ
545 2791 725 2827 κατορθώσων
749 2791 846 2822 πόνους
871 2791 920 2823 τῆς

176 2890 199 2906 ³⁷
211 2888 310 2917 Matth.
325 2896 362 2921 tv,
375 2888 405 2920 5;
419 2886 476 2914 Luc
485 2894 540 2920 xxv,
556 2886 589 2914 16
601 2894 659 2921 seq.
707 2886 728 2901 "‘
742 2884 814 2912 Psal.
841 2892 876 2916 ix,
894 2883 939 2910 Ἦ.

949 263 995 290 Ille
1007 271 1073 291 vero
1092 272 1097 289 :
1116 263 1216 298 Agrum
1231 263 1296 297 emi,
1319 268 1347 291 et
1367 272 1420 291 non
1444 265 1556 299 pos'sum
1569 267 1664 294 venire
1677 269 1710 295 ".
1726 278 1736 294 ›

949 308 1032 336 Vides
1042 309 1127 344 igitur
1139 317 1193 344 quo
1206 313 1286 344 pacto
1305 309 1403 336 imitati
1427 314 1490 348 sunt
1505 310 1588 344 Esau,
1602 315 1745 347 tempora-

950 354 1053 382 riarum
1067 358 1094 382 et.
1104 355 1255 382 carnalium
1274 363 1367 382 rerum
1382 355 1540 383 fruitionem
1549 357 1643 392 gloriae
1659 365 1674 385 a
1685 358 1740 385 Deo

950 400 1049 428 oblatae
1068 401 1258 436 prmferentes,
1284 409 1317 428 ac
1331 405 1437 428 tantum
1461 409 1515 429 non
1531 403 1592 430 aliis
1604 400 1742 439 primoge-

949 447 1008 474 nita
1040 447 1131 482 raptui
1159 452 1337 482 exponentes.
1361 447 1468 475 Inducti
1493 449 1567 476 enim
1595 453 1659 477 sunt
1689 454 1743 476 sta-

951 493 1001 520 tim
1031 494 1148 528 gentiles
1173 493 1339 526 credentes,
1371 499 1399 522 et
1423 494 1542 522 debitam
1564 495 1657 522 lsraeli
1686 495 1743 530 glo—

951 539 1020 567 riam
1039 540 1246 575 praeripicntes,
1280 540 1556 576 benedictionemque
1588 541 1624 569 ob
1649 545 1742 577 prom-

950 586 1116 621 ptitudinem
1143 586 1176 613 ad
1206 586 1389 613 obedientiam
1424 587 1606 622 praestandam
1632 591 1660 614 et
1689 588 1743 615 ala—

951 632 1078 660 critatem
1103 631 1138 658 ad
1161 639 1193 659 ea
1224 640 1285 666 qua:
1315 632 1372 660 Deo
1398 633 1527 667 placent,
1558 633 1741 668 exsequenda.

954 677 1030 712 ιο]
1045 677 1174 708 Testetur
1190 681 1280 704 autem
1293 677 1373 704 nobis
1394 678 1476 705 etiam
1502 678 1554 705 hoc
1567 678 1678 705 divinus
1693 679 1744 706 Da-

952 721 1015 753 vid,
1030 721 1067 748 ita
1084 721 1119 748 de
1142 721 1210 755 ipsis
1230 721 1325 748 dicens
1343 731 1349 748 :
1369 732 1377 747 ε
1391 722 1562 749 Desiderium
1590 730 1743 757 pauperum

952 766 1096 799 exaudisti,
1110 767 1235 800 Domine,
1246 767 1472 802 praeparationem
1485 768 1577 795 ecrdis
1587 777 1681 796 eorum
1694 777 1728 796 au
1737 783 1744 789 ι

953 813 1021 840 divit
1034 813 1109 840 auris
1124 817 1170 841 tua
1183 812 1216 839 ³⁸.
1233 823 1242 838 ι
1259 813 1415 848 Promptior
1431 814 1505 841 enim
1514 822 1621 849 semper
1631 815 1664 842 ad
1680 815 1757 843 obe-,

953 859 1084 886 dientiam
1098 859 1207 894 gentilis
1218 859 1265 893 qui
1287 859 1368 886 ﬁdem
1386 860 1528 894 amplexus
1554 865 1611 892 est,
1638 862 1745 889 etiamsi

953 905 1084 932 Israelita:
1109 904 1189 940 legali
1217 904 1362 940 disciplina
1390 909 1470 932 antea
1495 905 1616 932 instituti
1642 911 1743 933 essent.

953 951 1089 979 Caeterum
1113 951 1165 978 etsi
1187 950 1287 979 divinae
1312 951 1445 978 doctrina:
1470 951 1586 986 penuria
1610 952 1746 979 laboravit

954 997 1077 1033 gentium
1098 996 1263 1028 multitudo,
1284 996 1394 1023 facilius
1419 1000 1510 1023 tamen
1543 1004 1574 1023 ac
1593 996 1746 1031 promptius

954 1044 1036 1071 ﬁdem
1053 1042 1189 1077 suscepit,
1213 1047 1241 1069 et
1257 1041 1359 1070 Christi
1382 1042 1493 1070 oracula
1510 1042 1598 1069 avidis
1613 1039 1746 1077 quodam-

954 1091 1037 1118 modo
1060 1090 1174 1117 auribus
1191 1089 1298 1124 excepit
1313 1098 1318 1115 :
1332 1089 1405 1124 quod
1423 1092 1451 1115 et
1472 1089 1530 1124 ipse
1548 1092 1676 1120 testatur,
1698 1096 1748 1123 per

954 1143 1049 1163 vocem
1062 1135 1172 1162 Davidis
1184 1135 1221 1162 ita
1233 1134 1334 1162 alicubi
1347 1134 1443 1162 dicens
1458 1143 1463 1160 :
1482 1144 1490 1160 ί
1510 1134 1631 1169 Populus
1644 1155 1651 1166 ,
1665 1142 1747 1168 quem

955 1189 1010 1209 non
1024 1181 1148 1217 cognovi,
1167 1181 1280 1208 servivit
1292 1180 1371 1213 mihi,
1386 1181 1413 1207 in
1427 1180 1522 1207 auditu
1538 1180 1614 1207 auris
1625 1180 1748 1207 obedivit

956 1229 1065 1256 mihi".
1082 1238 1091 1254 ι
1111 1229 1148 1255 De
1165 1227 1264 1255 lsraele
1281 1235 1358 1259 vero,
1375 1227 1486 1262 quijam
1499 1227 1583 1254 veluti
1601 1227 1629 1254 in
1642 1227 1747 1254 aliena-

956 1275 1059 1302 tionem
1089 1273 1262 1309 prociderat,
1278 1275 1367 1308 neque
1385 1278 1459 1300 recte
1479 1273 1596 1307 amplius
1620 1273 1748 1300 incedere

955 1321 1074 1352 volebat,
1086 1320 1211 1347 luxatum
1232 1324 1323 1346 autem
1337 1319 1539 1353 quodammodo
1562 1318 1663 1346 utentis
1682 1327 1748 1346 crus

956 1366 1085 1398 habebat,
1101 1365 1160 1392 ait:
1178 1375 1186 1390 ι
1209 1364 1271 1392 Filii
1296 1364 1378 1391 alieni
1392 1364 1500 1391 mentiti
1522 1369 1586 1392 sunt
1601 1365 1679 1398 mihi,
1697 1364 1745 1392 ﬁlii
1790 1375 1792 1377 ’

956 1412 1039 1439 alieni
1067 1411 1211 1438 inveterati
1229 1414 1291 1437 sunt
1303 1430 1309 1442 ,
1329 1414 1356 1436 et
1373 1407 1625 1437 claudicaverunta
1643 1411 1749 1438 semitis

957 1459 1014 1486 suis
1025 1458 1056 1484 ³ο.
1074 1467 1083 1482 ι
1099 1457 1190 1484 Recta:
1203 1457 1276 1483 enim
1299 1459 1372 1487 sunt,
1400 1463 1488 1489 neque
1502 1464 1625 1484 erronem
1643 1457 1693 1484 vim
1715 1457 1748 1484 ad

957 1503 1098 1532 Christum
1114 1502 1256 1534 ducentes,
1279 1501 1472 1536 institutioque
1483 1510 1531 1536 per
1545 1503 1632 1537 legem
1645 1507 1672 1530 et
1685 1511 1749 1531 sau—

921 1562 943 1592 C
960 1555 1066 1579 ctorum
1082 1550 1276 1585 prophetarum
1299 1549 1437 1576 vaticinia.
1463 1550 1609 1584 Postquam
1629 1558 1696 1577 vero
1716 1551 1750 1578 ad

958 1597 1040 1624 finem
1052 1596 1120 1631 legis
1131 1600 1158 1623 et
1168 1595 1375 1630 prophetarum,
1397 1595 1450 1622 hoc
1462 1599 1504 1622 est
1521 1595 1672 1628 Christum,
1691 1604 1751 1631 per-

957 1646 1103 1674 venerunt,
1119 1641 1344 1669 claudicaverunt
1359 1649 1415 1676 prae
1432 1649 1481 1668 sua
1495 1642 1634 1674 vecordia,
1651 1650 1706 1669 non
1718 1650 1752 1669 ex

958 1697 1024 1717 sana
1036 1693 1127 1716 mente
1139 1688 1306 1716 contumelia
1319 1687 1409 1722 ipsum
1423 1687 1752 1720 alIieientes,auetorem-

958 1744 1012 1771 que
1025 1735 1088 1762 vitze
1105 1734 1233 1762 occidere
1245 1742 1300 1761 non
1314 1734 1405 1761 veriti.
1419 1733 1496 1767 Quod
1509 1734 1592 1769 igitur
1615 1742 1702 1761 novus
1725 1735 1753 1762 in

959 1783 1013 1810 ﬁde
1026 1781 1144 1816 populus
1161 1780 1282 1808 debitam
1307 1779 1398 1807 Israeli
1419 1780 1640 1807 benedictionem
1662 1781 1754 1807 subri-

960 1828 1061 1864 puerit,
1073 1827 1227 1863 promptius
1241 1826 1342 1854 divinis
1353 1827 1497 1862 prmeeptis
1509 1826 1672 1862 obsequium
1684 1835 1758 1862 prae—

960 1872 1068 1905 stando,
1082 1871 1160 1899 illinc
1177 1871 1259 1898 etiam
1279 1871 1434 1906 intelligere
1449 1871 1523 1898 licet.
1538 1871 1576 1898 Ita
1593 1871 1666 1898 enim
1683 1872 1754 1898 scri—

961 1923 1038 1954 ptum
1048 1922 1091 1946 est
1104 1926 1111 1944 :
1127 1926 1138 1943 ε
1158 1917 1271 1945 Factum
1283 1920 1325 1943 est
1337 1921 1429 1943 autem
1440 1924 1502 1943 cum
1516 1916 1654 1943 senuisset
1669 1916 1754 1946 Isaae.

961 1964 1082 1992 hebetati
1108 1967 1174 1991 sunt
1196 1962 1270 1990 oculi
1284 1963 1344 1997 ejus
1362 1962 1397 1989 ad
1419 1962 1579 1989 videndum.
1596 1962 1632 1988 Et
1649 1961 1756 1988 vocavit

962 2012 1034 2040 Esau
1054 2011 1140 2038 illium
1153 2017 1233 2037 suum
1248 2009 1395 2041 seniorem,
1408 2013 1437 2036 et
1454 2008 1523 2035 dixit
1538 2017 1543 2035 :
1562 2009 1613 2035 Fili
1643 2008 1691 2034 mi.
1703 2007 1754 2040 Qui

962 2055 1104 2092 respondit
1120 2064 1127 2089 ;
1145 2055 1214 2082 Ecoe
1228 2061 1278 2089 ego
1293 2074 1300 2086 ,
1329 2057 1357 2081 ct
1371 2053 1440 2080 dixit
1458 2061 1464 2079 :
1480 2053 1550 2081 Ecce
1565 2052 1714 2084 consenui,
1729 2056 1757 2078 et

962 2110 1019 2130 non
1036 2102 1092 2130 scio
1110 2101 1182 2128 diem
1207 2100 1305 2127 mortis
1324 2107 1400 2126 meae.
1414 2099 1494 2126 Nunc
1508 2106 1572 2133 ergo
1586 2105 1663 2125 sume
1679 2105 1756 2124 arma

963 2155 1022 2181 tua,
1036 2138 1210 2184 pharetram,
1224 2150 1252 2173 et
1261 2153 1366 2177 arcum,
1381 2148 1409 2172 et
1423 2144 1554 2180 egredere
1567 2143 1639 2170 foras
1654 2152 1660 2169 :
1678 2150 1758 2170 cum-

964 2202 1018 2229 que
1033 2197 1133 2221 venatu
1146 2191 1249 2226 aliquid
1266 2190 1492 2226 apprehenderis,
1513 2189 1556 2216 Iac
1573 2188 1641 2215 mihi
1653 2188 1756 2217 edulia.

967 2240 1038 2267 sicut
1050 2246 1111 2266 amo
1130 2245 1191 2273 ego,
1210 2241 1237 2264 et
1257 2236 1325 2263 aﬂ'cr
1337 2235 1414 2266 mihi,
1435 2239 1466 2262 ut
1481 2233 1622 2261 comedam
1634 2238 1662 2261 et
1673 2233 1759 2260 benc-

967 2286 1041 2313 dicat
1069 2285 1118 2311 tibi
1141 2284 1232 2311 anima
1249 2290 1309 2310 mea
1329 2287 1476 2316 antequam
1496 2281 1598 2307 moriar
1616 2279 1647 2306 ³¹.
1665 2289 1673 2305 ι
1697 2279 1760 2306 Hmc

968 2330 1052 2365 igitur
1062 2329 1132 2356 dixit
1151 2333 1230 2364 pater
1243 2328 1275 2355 ad
1288 2328 1371 2355 Esau.
1390 2327 1437 2353 Ille
1455 2333 1523 2352 vero
1541 2324 1632 2352 statim
1646 2330 1759 2358 compo—

969 2383 1038 2403 nens
1061 2383 1089 2402 se
1102 2375 1136 2402 ad
1151 2373 1306 2402 venationis
1330 2373 1455 2404 labores,
1468 2371 1608 2407 egreditur
1629 2369 1720 2402 domo,
1733 2373 1761 2396 et

969 2421 1087 2449 viriliter
1114 2429 1172 2448 rem
1187 2420 1252 2456 agit.
1277 2419 1347 2453 Quid
1373 2426 1441 2445 vero
1464 2418 1592 2445 interea?
1611 2416 1761 2445 Pcrsuadet

971 2469 1096 2496 Rebecca
1110 2467 1211 2498 Jacob,
1235 2470 1265 2492 ut
1281 2468 1434 2492 antevertat
1459 2463 1549 2494 Esau,
1572 2467 1600 2490 et
1621 2463 1762 2498 praxripiat

969 2514 1201 2542 benedictionem.
1221 2511 1271 2545 Qui
1293 2510 1402 2545 quidem
1417 2510 1497 2537 initio
1512 2509 1538 2536 id
1554 2509 1643 2537 facere
1655 2513 1762 2536 metuc-

969 2561 1027 2593 bat,
1041 2560 1171 2587 incitante
1191 2562 1281 2586 autem
1301 2560 1398 2588 matre,
1419 2556 1488 2583 duos
1507 2555 1618 2590 quidem
1639 2554 1718 2590 102
1728 2562 1763 2582 ex

970 2606 1043 2642 agris
1054 2605 1148 2633 hmdos
1159 2604 1238 2631 aﬂ‘ert
1257 2602 1389 2638 pulchros
1403 2605 1430 2629 ‘et
1443 2602 1558 2629 tenellos
1568 2622 1574 2633 ,
1589 2601 1763 2635 confecitque

971 2652 1093 2680 edulium
1108 2660 1114 2678 :
1130 2651 1276 2685 imponens
1290 2654 1381 2676 autem
1395 2648 1518 2675 humeris
1530 2647 1627 2682 pelles,
1641 2646 1763 2673 etnudas

972 2697 1034 2725 colli
1048 2701 1139 2732 partes
1156 2701 1266 2731 tegens,
1288 2695 1403 2730 pulchre
1417 2695 1489 2722 Esau
1509 2693 1654 2721 hirsutiem
1671 2692 1763 2719 imita~

973 2745 1065 2775 batur,
1081 2747 1110 2770 ut
1123 2742 1209 2777 patris
1223 2749 1320 2768 manus
1331 2740 1449 2773 falleret,
1462 2735 1483 2767 si
1499 2739 1569 2766 forte
1579 2746 1641 2766 eum
1652 2741 1762 2765 contre-

975 2794 1072 2817 ctaret.
1087 2787 1192 2816 Deinde
1219 2791 1332 2822 accepto
1355 2786 1485 2817 obsonio,
1510 2785 1578 2812 adiit
1603 2786 1764 2819 patrem,et

1261 2878 1282 2894 ³⁸
1296 2877 1361 2904 ibid.
1376 2877 1418 2904 IIG.

978 2882 999 2897 "
1014 2880 1082 2908 I‘sal.
1099 2887 1161 2912 xvu,
1178 2878 1217 2905 Ili.
1261 2878 1282 2894 ³ο
1296 2877 1361 2904 ibid.
1376 2877 1418 2904 IIG.
1468 2876 1488 2891 "
1503 2875 1570 2902 Gen.
1593 2882 1653 2906 xxv,
1673 2872 1730 2900 1-4.
