1990 3050
237 147 286 172 167

749 143 778 170 S.
798 139 934 170 CYRILLI
955 137 1190 166 ALEXANDRINI
1204 137 1362 165 ARCHIEP.

1807 135 1858 163 168

235 201 303 228 dixit
317 210 323 228 :
342 210 351 226 ι
369 200 457 228 Pater.
472 201 523 234 Qui
533 201 674 236 respondit
687 210 694 227 ε
708 201 778 228 Ecce
790 207 850 235 ego.
864 198 930 232 Quis
943 204 972 224 es
983 201 1022 228 tu,

1077 194 1168 225 ἑστίας
1181 195 1303 230 ἀπαίρει,
1316 194 1362 221 καὶ
1369 194 1498 226 νεανικῶς
1509 192 1680 225 ἐσκευάζετο.
1692 192 1746 220 Καὶ
1754 192 1779 219 τί
1789 192 1858 227 μετὰ

236 245 298 272 ﬁli?
327 246 360 273 Et
383 245 453 273 dixit
479 247 564 274 Jacob
591 247 662 281 patri
679 255 686 273 :
706 245 762 280 Ego
784 245 855 272 Esau
889 241 1024 278 primoge-

235 292 311 317 nitus
325 293 389 316 tuus
398 289 464 317 :feci
479 290 551 318 sicut
562 291 671 318 locutus
681 297 711 318 es
723 289 800 316 mihi.
813 287 934 322 Surgens
947 285 1023 317 sede,

235 339 264 362 et
275 336 388 363 comede
412 336 446 364 de
469 337 613 364 venatione
637 343 708 368 mea,
732 339 762 361 ut
788 332 934 361 benedicat
955 330 1023 357 mihi

236 381 326 408 anima
335 378 390 411 tua:
410 381 555 416 Postquam
568 389 633 410 vero
645 380 763 408 comedit
774 386 857 406 senex
871 377 944 412 quod
956 377 1023 404 alla-

238 430 297 452 tum
318 431 387 459 erat,
403 428 441 454 ait
460 428 494 454 ad
518 428 604 454 ﬁlium
623 436 629 454 :
649 425 877 461 Appropinquare
894 422 962 450 mihi
975 443 982 455 ,
997 427 1025 450 et

238 472 362 499 osculare
378 479 431 504 me,
457 472 514 505 ﬁli;
537 477 566 500 et
584 472 807 507 appropinquans
831 469 971 497 osculatus
982 473 1024 496 est

239 524 310 549 eum,
327 521 355 544 et
368 518 498 545 odoratus
510 522 551 545 est
561 517 673 544 odorem
686 516 910 543 vestimentorum
928 514 1023 550 ipsius,

239 566 265 588 et
280 562 418 589 benedixit
431 564 468 595 ei,
481 567 508 590 et
524 563 592 590 dixit
606 572 611 589 :
629 563 699 590 Ecce
722 561 791 589 odor
807 561 855 588 ﬁlii
876 561 938 592 mei,
952 560 1024 588 sicut

239 607 306 634 odor
322 609 378 643 agri
391 608 478 642 pleni,
494 608 538 635 cui
555 608 694 635 benedixit
709 607 851 639 Dominus,
870 611 899 634 et
913 606 959 634 det
973 605 1023 632 tibi

239 653 309 680 Deus
322 653 355 680 de
370 661 430 680 rore
442 654 514 686 cmli,
531 658 559 681 et
569 654 602 681 de
621 653 786 689 pinguedine
797 658 886 685 terra),
899 652 1023 679 multitu-

238 698 330 725 dinem
345 698 476 726 frumenti
493 704 520 726 et
538 699 594 726 vini
609 705 657 727 :-et
671 699 791 727 serviant
805 699 854 726 tibi
877 702 982 734 gentes,
997 701 1025 725 et

238 743 353 770 adorent
362 748 389 770 te
404 744 543 779 principes
553 764 559 776 ,
574 748 602 771 et
615 749 675 772 esto
689 743 817 771 dominus
829 743 922 770 fratris
933 743 983 774 tui,
997 745 1025 769 et

237 789 390 817 adorabunt
418 795 443 818 te
466 790 514 816 ﬁlii
532 790 617 825 patris
635 790 684 817 tui.
700 789 752 822 Qui
777 788 949 816 maledixerit
960 787 1024 819 tibi,

237 834 272 862 sit
295 835 476 868 maledictus;
492 839 520 862 et
533 834 698 862 benedicens
719 834 778 866 tibi,
791 832 953 860 benedictus
964 833 996 858 ".
1013 841 1021 857 ι

1074 238 1170 271 τοῦτο;
1189 239 1282 264 Πείθει
1303 238 1436 265 Ῥεϐέκκα
1457 239 1503 264 τὸν
1532 238 1628 265 Ἰακὼϐ
1647 237 1747 272 φθάσαι
1766 245 1795 263 τε
1813 236 1857 263 τὸν

1080 282 1184 316 Ἠσαῦ,
1199 284 1246 310 καὶ
1269 283 1323 319 μὴν
1345 284 1392 310 καὶ
1417 284 1537 319 ἁρπάσαι
1562 283 1611 318 τὴν
1628 283 1763 317 εὐλογίαν.
1789 283 1816 309 ’0
1829 282 1859 309 δὲ.

1074 329 1152 356 τοῦτο
1169 329 1234 364 δρᾷν
1251 329 1346 356 ἐδεδίει
1362 329 1412 364 μὲν
1435 329 1465 361 ἐξ
1479 329 1582 365 ἀρχῆς·
1598 328 1810 364 παραθηγούσης
1829 328 1858 354 δὲ

1074 374 1123 409 τῆς
1138 374 1249 410 μητρὸς,
1263 373 1310 400 δύο
1327 374 1377 410 μὲν
1390 374 1420 406 ἐξ
1436 374 1529 410 ἀγρῶν
1540 375 1650 410 ἐρίφους
1662 373 1792 408 εἰσφέρει,
1811 381 1860 400 κα-

1075 418 1137 450 λούς
1152 427 1182 446 τε
1195 419 1242 446 καὶ
1256 418 1386 452 ἁπαλοὺς,
1400 419 1447 445 καὶ
1454 419 1595 454 ὀψοποιίας
1606 419 1724 454 ἥπτετο·
1737 418 1859 454 περιθεὶς

1075 465 1104 491 δὲ
1122 466 1177 496 τοῖς
1189 464 1274 500 ὤμοις
1289 464 1324 492 τὰ
1337 465 1468 500 δέρματα,
1488 464 1535 491 καὶ
1552 464 1602 499 τῆς
1618 464 1710 500 δειρῆς
1724 463 1759 490 τὰ
1769 464 1862 499 γυμνὰ

1075 510 1324 545 κατημφιεσμένος,
1348 510 1514 545 ἀπεμιμεῖτο
1532 509 1622 541 καλῶς
1639 509 1687 545 τὴν
1712 509 1796 536 Ἠσαῦ
1813 509 1868 535 δατ

1076 554 1190 589 σύτητα,
1213 555 1259 581 καὶ
1280 555 1311 582 τδ
1334 555 1402 589 ἄγαν
1423 554 1604 589 λασιότριχες,
1629 555 1666 586 ὡς
1682 554 1715 581 ἂν
1731 553 1862 590 διαπαίζῃ

1074 601 1124 633 τὰς
1140 601 1186 627 τοῦ
1209 600 1311 636 πατρὸς
1326 602 1431 636 χεῖρας,
1451 601 1474 627 εί
1496 600 1624 635 ὲπαφῷτο
1645 600 1736 635 τυχόν.
1754 598 1819 627 Εἶτα
1832 601 1862 627 τὸ

1075 647 1138 681 ὖψον
1155 648 1194 679 εὶς
1208 648 1301 682 χεῖρας
1319 646 1397 678 ἑλὼν,
1415 647 1514 673 είσέθει
1527 647 1595 682 πρὸς
1614 647 1660 673 τὸν
1676 647 1794 683 πατέρα,
1815 647 1863 674 καὶ

1075 691 1107 727 δὴ
1122 691 1170 718 καὶ
1182 691 1285 726 ἔφασκε
1296 699 1302 706 ·
1323 701 1331 718 ι
1345 691 1448 727 Πάτερ.
1467 691 1498 718 '0
1511 692 1539 718 δὲ
1551 689 1636 718 εἶπενσ
1659 693 1723 719 Ἰδοὺ
1737 693 1801 727 ἐγὼ.
1814 693 1861 724 Τίς

1075 734 1101 763 εί
1124 737 1166 769 σὺ,
1192 737 1297 764 τέκνον.
1321 737 1376 764 Καὶ
1395 735 1471 764 εἶπεν
1498 737 1594 764 Ἰακὼὸ
1612 738 1651 772 τῷ
1672 739 1770 774 πατρί’
1793 738 1863 773 Ἐγὼ

1082 781 1169 809 Ἦσαῦ
1179 783 1193 808 ὁ
1201 782 1371 818 πρωτότοκός
1380 791 1437 816 σου,
1447 782 1518 809 καθὰ
1529 783 1663 818 ὲλάλησάς
1674 792 1718 819 μοι
1729 784 1843 820 ἐποίησα
1853 803 1862 812 .

1082 828 1212 861 Ἀναστὰς
1236 828 1358 860 κάθισον,
1374 829 1421 855 καὶ
1449 828 1519 862 φάγε
1540 829 1589 863 τῆς
1603 828 1689 865 θήρας
1712 838 1773 865 μου.
1789 830 1863 863 ὅπως

237 882 390 910 Δηιονετιὶι
418 883 510 917 itaque
544 882 628 910 Iacob
657 881 877 910 benedictionem
914 881 1023 916 patris:

1077 875 1211 912 εὑλογήσῃ
1228 884 1261 911 με
1278 875 1380 910 ἡψυχή
1400 883 1459 903 σου.
1481 875 1589 911 Ἐπειδὴ
1611 877 1639 903 δὲ
1657 877 1834 913 κατεδήδοκεν
1849 879 1864 904 ό

237 928 337 956 deinde
349 936 414 955 vero
430 936 462 955 ex
474 929 545 963 agris
567 932 661 963 postea
676 928 751 956 venit
768 928 840 955 Esau
863 935 926 955 cum
940 935 1024 954 vena-

239 974 324 1002 tione.
347 973 416 1001 Cum
436 982 502 1001 vero
525 981 585 1000 eam
602 974 673 1008 patri
699 974 856 1005 obtulisset,
877 973 1025 1000 frustratus

237 1024 312 1052 erat,
329 1024 356 1047 et
373 1019 446 1054 quod
471 1024 599 1046 evenerat
620 1019 728 1046 didicit.
747 1019 858 1046 Audivit
875 1020 948 1047 enim
971 1022 1027 1046 sta-

238 1065 288 1092 tim
304 1074 310 1092 :
327 1075 336 1091 ‹
350 1065 469 1092 Veniens
479 1065 564 1092 frater
583 1070 646 1093 tuus
660 1065 860 1097 fraudulenter,
883 1065 1026 1100 praeripuit

238 1111 458 1139 benedictionem
486 1114 571 1138 tuam.
590 1121 599 1137 ι
621 1111 733 1138 Dicente
759 1114 850 1138 autem
876 1110 947 1138 Esau
969 1118 1026 1138 non

237 1157 341 1193 absque
355 1157 480 1192 lacrymis
496 1166 502 1183 2
523 1166 532 1182 ι
549 1157 619 1184 Num
643 1157 802 1185 benedictio
814 1157 894 1184 unica
910 1157 960 1185 tibi
973 1161 1024 1189 est,

239 1203 334 1238 pater?
350 1203 468 1231 Benedic
494 1203 577 1230 etiam
605 1203 683 1230 mihi.
705 1203 778 1230 Dixit
798 1211 907 1230 rursum
925 1203 999 1230 Isaac
1018 1212 1025 1230 :

239 1249 307 1276 Ecce
328 1248 362 1276 de
383 1249 549 1284 pinguedine
564 1252 645 1276 terrae
657 1249 711 1276 erit
724 1249 857 1276 habitatio
871 1253 927 1280 tua,
943 1253 972 1276 et
992 1249 1026 1276 de

238 1302 299 1322 rore
315 1295 377 1323 εωίί
389 1295 518 1330 desuper,
534 1299 562 1322 et
583 1295 611 1322 in
626 1295 716 1330 gladio
731 1299 778 1321 tuo
793 1294 870 1322 vives
881 1315 888 1327 ,
903 1298 932 1322 et
948 1294 1027 1322 fratri

239 1345 286 1367 tuo
298 1340 409 1367 servies.
424 1340 483 1367 Erit
496 1343 587 1367 autem
600 1340 709 1374 quando
723 1339 845 1375 deponas
859 1344 886 1367 et
898 1339 1027 1368 detrahas

237 1386 330 1421 iugum
345 1386 405 1421 ejus
417 1386 450 1413 de
462 1386 533 1412 collo
545 1390 592 1412 tuo
605 1386 636 1411 ³³.
651 1395 659 1411 ι
671 1385 737 1418 Qum
752 1385 844 1420 itaque
862 1385 921 1412 fuse
938 1385 1027 1412 histo-

238 1431 279 1458 ria
292 1431 479 1466 prosequitur,
498 1430 526 1457 in
547 1438 632 1465 pauca
652 1430 862 1462 contrahentes,
878 1429 1028 1456 lectoribus

237 1478 440 1512 proposuimus.
458 1477 648 1506 Neceosarium
661 1484 728 1504 vero
751 1484 812 1504 esse
826 1483 935 1508 censeo,
948 1476 1027 1502 rudia

237 1524 296 1550 haec
308 1523 342 1550 ad
356 1523 526 1558 spiritualem
545 1530 656 1549 sensum
674 1521 831 1549 transferre.

1076 922 1233 958 πρεσὸύτης
1245 922 1276 949 τὸ
1296 923 1490 958 προκομισθὲν,
1506 923 1558 958 ἔφη
1573 923 1640 958 πρὸς
1652 923 1683 950 τὸ
1701 924 1842 959 μειράκων
1855 932 1863 940 ·

1077 968 1205 1002 Ἒγγισόν
1225 977 1280 1004 μοι,
1298 969 1346 995 καὶ
1362 969 1474 1004 φίλησόν
1498 977 1542 1003 με,
1561 968 1664 997 τέκνον.
1681 969 1735 996 Καὶ
1750 970 1864 1004 ἐγγίσας

1075 1014 1202 1050 ἐφίλησεν
1213 1015 1292 1041 αὐτόν
1302 1023 1310 1030 ο
1328 1016 1376 1041 καὶ
1390 1015 1538 1050 ὼσφράνῠη
1552 1016 1602 1051 τῆς
1618 1016 1706 1051 ὀσμῆς
1727 1016 1780 1042 τῶν
1799 1016 1862 1051 ίμα-

1075 1061 1140 1087 τίων
1160 1061 1254 1093 αὐτοῦ,
1277 1061 1325 1087 καὶ
1346 1062 1492 1097 εὐλόγησεν
1504 1062 1595 1093 αὐτὸν.
1609 1063 1656 1089 καὶ
1681 1061 1757 1088 εἶπεν
1771 1063 1862 1098 αὐτῷ·

1082 1106 1148 1133 Ἰδοὺ
1164 1106 1236 1142 ὀσμὴ
1254 1107 1302 1133 τοῦ
1323 1107 1382 1133 υἱοῦ
1408 1116 1468 1142 μου,
1487 1107 1525 1139 ὡς
1540 1108 1612 1143 ὀσμὴ
1633 1108 1719 1142 ἀγροῦ
1744 1107 1865 1143 πλήρους

1075 1153 1105 1180 ὃν
1133 1153 1262 1187 εὐλόγησε
1283 1153 1394 1189 Κύριος,
1422 1154 1469 1180 καὶ
1486 1154 1542 1189 δῴη
1561 1163 1601 1181 σοι
1621 1154 1724 1190 Κύριος
1739 1154 1792 1182 ἀπὸ
1814 1156 1864 1190 τῆς

1076 1199 1171 1235 δρόσου
1185 1199 1232 1226 τοῦ
1248 1199 1373 1234 οὐρανοῦ,
1390 1199 1437 1227 καὶ
1453 1199 1508 1226 ἀπὸ
1522 1200 1572 1235 τῆς
1589 1200 1717 1235 πιότητος
1732 1200 1780 1236 τῆς
1801 1200 1861 1236 γῆς,

1077 1247 1178 1282 πλῆθος
1193 1246 1266 1273 σίτου
1281 1247 1328 1273 καὶ
1338 1247 1423 1274 οἴνου.
1439 1248 1494 1274 Καὶ
1503 1246 1724 1274 δουλευσάτωσάν
1736 1255 1776 1272 σοι
1788 1245 1864 1281 ἔθνη,

1077 1293 1123 1320 καί¹
1138 1292 1408 1328 προσκυνησάτωσαν
1424 1301 1465 1319 σοι
1476 1293 1616 1328 ἄρχοντες,
1628 1292 1675 1319 καὶ
1686 1292 1761 1326 γίνου
1771 1290 1865 1326 κύριος

1076 1339 1122 1365 τοῦ
1139 1338 1255 1372 ἀδελφοῦ
1274 1347 1331 1366 σου.
1350 1339 1397 1366 καὶ
1417 1338 1638 1374 προσκυνήσουσί
1653 1347 1694 1364 σοι
1708 1338 1732 1364 οἱ
1750 1337 1802 1364 υἱοὶ
1818 1335 1865 1364 τοῦ

1077 1384 1178 1419 πατρός
1194 1392 1253 1411 σου.
1273 1384 1301 1410 '0
1311 1383 1505 1420 καταρώμενός
1520 1392 1549 1410 σε
1560 1403 1568 1415 ,
1586 1383 1786 1418 ἑπικατάρατος
1796 1391 1802 1398 ·
1818 1383 1867 1410 καὶ

1077 1430 1091 1456 ὸ
1110 1430 1230 1462 εὐλογῶν
1241 1438 1282 1462 σε,
1295 1429 1487 1465 εὐλογημένος.
1507 1438 1516 1456 ι
1535 1429 1640 1456 Οὐκοῦν
1659 1428 1866 1464 προαποκεκέρ-

1077 1475 1142 1509 δηκε
1155 1475 1204 1510 μὲν
1225 1475 1322 1502 Ἰακὼϐ
1334 1475 1382 1510 τὴν
1394 1475 1470 1511 παρὰ
1480 1474 1527 1502 τοῦ
1540 1475 1641 1510 πατρὸς
1649 1475 1774 1509 εὐλογίαν
1783 1483 1790 1490 ”
1807 1472 1868 1501 εἶτα

1078 1521 1203 1556 δεύτερον
1218 1521 1248 1554 ἐξ
1260 1521 1353 1556 ἀγρῶν
1375 1520 1488 1548 κατόπιν
1502 1521 1613 1557 ἔρχεται
1633 1521 1682 1557 τὴν
1697 1521 1783 1556 θήραν
1798 1520 1867 1547 ἐλὼν

237 1569 252 1594 ὁ
272 1569 368 1596 Ἠσαῦ.
384 1569 573 1604 Προσκομίσας
588 1569 616 1595 δὲ
642 1569 682 1604 τῷ
695 1569 788 1604 πατρὶ,
803 1571 928 1604 περιττὸς
947 1567 981 1605 ἦν
1011 1569 1061 1602 ἔτι,
1083 1569 1128 1596 καὶ
1157 1569 1188 1595 τὸ
1216 1568 1326 1603 γεγονὸς
1353 1568 1519 1596 ὲδιδάσκετο.
1544 1569 1662 1596 Ἤκουσε
1690 1568 1744 1604 γὰρ
1767 1567 1866 1600 εὐθύς·

240 1625 249 1640 ι
280 1615 379 1641 Ἐλθων
399 1616 412 1640 ὁ
432 1615 546 1650 ἀδελφός
567 1624 626 1648 σου,
650 1616 719 1651 μετὰ
741 1616 817 1642 δόλου
841 1616 922 1643 ἔλαϐε
934 1617 984 1651 τὴν
1007 1615 1132 1650 εὐλογίαν
1167 1624 1223 1642 σου.
1246 1625 1255 1642 ι
1272 1616 1328 1642 Οὐκ
1339 1615 1473 1651 ἀδακρυτὶ
1487 1615 1515 1642 δὲ
1547 1615 1680 1650 λέγοντος,
1695 1625 1703 1641 ι
1723 1615 1769 1650 Μὴ
1795 1615 1868 1641 εὐλο-

238 1661 285 1695 γία
304 1661 352 1696 μία
375 1661 451 1687 ἔσται
475 1670 526 1692 σοι,
542 1662 651 1697 πάτερς
678 1662 825 1697 εὐλόγησον
841 1661 872 1697 δὴ
889 1662 979 1696 κάμέ·
1000 1661 1050 1696 ἔφη
1071 1662 1151 1688 πάλιν
1181 1661 1194 1688 ὁ
1221 1662 1326 1688 Ἰσαάκ·
1355 1661 1418 1688 Ἰδοὺ
1446 1660 1501 1688 ἀπὸ
1523 1661 1573 1696 τῆς
1597 1661 1724 1696 πιότητος
1746 1662 1794 1695 τῆς
1816 1662 1868 1696 γῆς

238 1708 314 1735 ἔσται
327 1710 343 1742 ἠ
359 1708 516 1743 κατοίκησις
533 1717 579 1735 σου
592 1717 598 1724 ·
619 1709 666 1735 καὶ
679 1709 734 1735 ἀπὸ
755 1709 805 1744 τῆς
819 1709 914 1744 δρόσου
927 1708 974 1735 τοῦ
991 1708 1104 1744 οὐρανοῦ
1119 1707 1233 1741 ἄνωθεν,
1246 1709 1293 1735 καὶ
1311 1708 1358 1735 ἐπὶ
1377 1710 1409 1743 τῇ
1424 1708 1546 1744 μαχαίρᾳ
1580 1717 1626 1735 σου
1657 1709 1737 1745 ζήσῃ.
1753 1708 1800 1735 καὶ
1829 1707 1869 1742 τῷ

238 1753 343 1789 ἀδελφῷ
358 1762 405 1780 σου
422 1754 584 1787 δουλεύσεις.
599 1755 695 1781 Ἔσται
711 1754 739 1781 δὲ
751 1754 832 1788 ἡνίκα
844 1754 891 1780 ἐὰν
906 1754 1023 1789 καθέλῃς
1040 1753 1088 1780 καὶ
1101 1753 1219 1789 ὲκλύσῃς
1230 1753 1276 1780 τὸν
1292 1753 1372 1787 ζυγὸν
1392 1753 1475 1780 αὐτοῦ
1489 1754 1543 1780 ἀπὸ
1562 1753 1609 1780 τοῦ
1629 1753 1763 1789 τραχήλου
1778 1761 1835 1780 σου.
1856 1761 1866 1778 ι

238 1802 275 1828 To
294 1803 342 1837 μὲν
358 1800 405 1828 οὖν
424 1803 474 1838 τῆς
493 1802 614 1837 ἱστορίας
640 1802 847 1836 συνενεγκόντες
860 1802 970 1833 πλάτος,
988 1801 1026 1833 ὡς
1046 1801 1075 1828 ἑν
1090 1800 1192 1836 ὀλίγοις
1205 1801 1315 1836 κομιδῇ,
1330 1802 1386 1833 τοῖς
1416 1801 1618 1837 ἐντευξομένοις
1632 1799 1663 1828 εὖ
1679 1801 1752 1837 μάλα
1778 1809 1869 1837 παρα-

238 1849 408 1883 τεθείκαμεν.
430 1850 536 1885 Χρῆναι
558 1849 586 1876 δὲ
608 1849 804 1884 ὐπολαμῆἁνω,
824 1851 880 1881 τοῖς
903 1848 1040 1884 αἰσθητῶς
1057 1848 1196 1882 γεγονόσιν
1213 1848 1367 1884 ἐφαρμόσαι
1381 1848 1417 1875 τὰ
1429 1849 1610 1884 πνευματικά.

273 1899 301 1925 4.
320 1898 442 1926 Dicimus
456 1898 557 1933 itaque,
573 1898 647 1933 quod
659 1898 743 1926 etiam
756 1903 819 1926 ante
834 1898 912 1930 alios,
925 1897 952 1924 in
963 1897 1026 1930 ﬁde,

1115 1897 1145 1924 δ’.
1165 1897 1258 1932 Φαμὲν
1274 1894 1320 1923 οὗν
1334 1897 1375 1923 ὃτι
1389 1896 1436 1924 καὶ
1459 1897 1512 1932 πρό
1525 1905 1557 1931 γε
1571 1896 1626 1923 τῶν
1650 1896 1748 1929 ἄλλων,
1773 1896 1828 1924 τῶν
1840 1897 1870 1925 ὲν

239 1944 360 1978 inquam.
373 1948 401 1970 et
414 1943 441 1970 in
458 1943 568 1971 Christo
581 1947 702 1976 vocatos,
716 1944 839 1971 omnium
850 1943 982 1970 Dominus
996 1950 1028 1971 ac

240 1990 319 2016 Pater
334 1989 472 2016 mandavit
483 1989 587 2021 Israeli,
600 1989 685 2016 Veluti
697 1989 871 2024 splendidum
889 1988 1028 2024 quoddam

239 2040 341 2062 inunus
353 2055 360 2067 ,
383 2039 411 2062 et
424 2039 552 2069 tanquam
579 2035 714 2062 bonorum
730 2035 856 2062 laborum
872 2034 1029 2062 mercedem

240 2080 343 2108 oﬁ‘erre
356 2081 439 2107 vitam
457 2080 507 2115 ipsi
521 2081 689 2115 placentem,
709 2080 786 2115 103
807 2088 868 2116 qua:
882 2088 931 2115 per
944 2080 1029 2107 vitam

239 2125 354 2160 legalem
374 2125 516 2152 veteribus
538 2125 617 2160 prius
631 2125 770 2159 descripta
794 2124 862 2157 fuit,
885 2125 955 2160 typis
967 2128 1029 2151 tan-

240 2176 297 2197 tum
309 2178 364 2197 non
375 2170 493 2202 obtecta,
509 2178 541 2197 ac
556 2170 641 2197 veluti
652 2170 680 2196 in
695 2169 763 2197 silva
779 2170 877 2202 latens,
893 2170 920 2197 in
932 2170 1030 2197 litterae

240 2215 397 2250 superﬁcie,
415 2222 505 2249 neque
524 2222 591 2242 vero
617 2215 904 2249 incomprehensibilis
925 2215 959 2242 iis
982 2215 1030 2250 qui

240 2260 339 2287 sectari
361 2267 421 2286 eam
448 2259 553 2291 velint,
574 2267 624 2294 per
646 2259 814 2294 spiritualem
830 2268 862 2287 ac
880 2260 1030 2295 perfectam

241 2304 511 2339 contemplationem.
528 2304 595 2335 Hoc.
610 2309 639 2331 ut
655 2304 784 2337 arbitror,
802 2309 854 2336 est,
872 2305 944 2340 quod
957 2305 1030 2333 Isaac

241 2349 335 2384 cupiat
349 2348 521 2376 venationem
539 2348 620 2375 Esau.
640 2348 773 2376 Caeterum
789 2349 954 2384 imperatum
966 2349 1030 2384 qui-

242 2394 305 2421 dem
315 2393 382 2426 fuit,
398 2398 429 2420 ut
447 2394 514 2427 dixi,
526 2394 629 2426 lsraeli,
646 2398 675 2421 et
689 2394 826 2421 facturum
849 2403 878 2422 se
892 2395 1028 2430 promisit.

241 2438 315 2466 Dixit
329 2439 403 2466 enim
413 2439 442 2466 in
452 2439 561 2466 Chorcb
573 2444 736 2475 congregata
750 2439 787 2466 ibi
800 2440 942 2473 concione,
958 2441 1029 2468 Deo-

241 2492 295 2519 que
310 2485 338 2512 in
358 2485 449 2520 specie
465 2485 535 2520 ignis
552 2485 580 2512 in
599 2490 720 2512 montem
745 2485 809 2512 Sina
823 2485 1028 2514 descendente:

245 2539 255 2555 ι
272 2529 380 2563 Omnia,
396 2538 458 2565 quae
481 2530 581 2557 dixerit
595 2530 728 2558 Dominus
748 2531 830 2562 Deus,
848 2530 990 2562 faciemus.
1003 2536 1030 2558 et

241 2576 345 2604 erimus
360 2577 520 2605 obedientes
534 2577 566 2604 ³⁸.
585 2587 594 2603 ι
615 2577 759 2613 Negligens
772 2581 863 2605 autem
883 2577 1030 2604 admodum

241 2622 430 2656 deprehensus
442 2627 483 2650 est
498 2631 532 2650 ex
557 2623 640 2650 rebus
663 2623 747 2658 ipsis,
769 2623 876 2651 etiarnsi
891 2623 979 2651 facilis
1000 2624 1029 2651 in

241 2669 436 2704 promittendo.
462 2669 569 2698 Idcirco
582 2669 655 2697 cedit
676 2677 755 2697 suum
771 2670 872 2704 locum,
893 2676 974 2706 atque
992 2671 1028 2698 ita

241 2715 431 2750 supplantator
444 2715 528 2743 Iacob
540 2723 603 2743 eum
622 2715 780 2749 antevertit,
791 2716 845 2744 hoc
862 2720 905 2744 est
915 2736 922 2748 ,
941 2724 1029 2744 novus

242 2762 270 2790 in
284 2762 336 2790 ﬁde
346 2763 473 2798 populus.
484 2763 589 2790 Obtulit
597 2763 669 2790 enim
684 2763 740 2790 Deo
750 2764 874 2799 quaeipse
886 2764 1026 2799 cupiebat,

1079 1943 1181 1974 πίστει,
1199 1943 1282 1977 φημὶ,
1294 1942 1341 1969 καὶ
1355 1943 1383 1969 ὲν
1397 1942 1507 1980 Χριστῷ
1521 1942 1708 1978 κεκλημένων,
1719 1941 1756 1978 τῷ
1763 1943 1870 1980 Ἰσραὴλ

1079 1988 1232 2015 ἐνετέλλετο
1245 1989 1259 2014 ὁ
1272 1987 1327 2014 τῶν
1349 1988 1417 2014 ὅλων
1433 1978 1571 2022 Δεσπότης
1592 1988 1639 2014 καὶ
1656 1988 1761 2024 Πατὴρ,
1779 1978 1869 2021 ξένιον

1079 2034 1174 2070 ὥσπερ
1187 2043 1213 2061 τι
1222 2033 1358 2069 λαμπρὸν,
1370 2034 1418 2061 καὶ
1428 2034 1550 2069 καρποὺς
1561 2035 1720 2066 ἐπιεικείας,
1731 2035 1778 2061 καὶ
1789 2035 1870 2062 οἱονεὶ

1079 2081 1168 2107 πόνων
1185 2080 1294 2114 ἀγαθῶν
1319 2081 1473 2116 εὑρήματα,
1493 2080 1690 2115 προσκομίζειν
1706 2080 1868 2115 ἐπείγεσθαι

1079 2127 1130 2162 τὴν
1146 2127 1315 2154 ἁνδάνουσαν
1331 2126 1406 2162 αὐτῷ
1419 2126 1554 2153 πολιτείαν
1569 2127 1615 2153 καὶ
1629 2127 1713 2162 ζωὴν,
1728 2127 1745 2162 ἢ
1760 2126 1804 2153 διὰ
1818 2127 1868 2161 τῆς

1080 2173 1109 2200 ὲν
1126 2173 1200 2209 νόμῳ
1211 2173 1283 2208 ζωῆς
1294 2174 1351 2204 τοῖς
1366 2173 1449 2200 πάλαι
1469 2173 1702 2208 προανεγράφετο,
1727 2173 1870 2208 μονονουχὶ

1080 2220 1136 2251 τοῖς
1152 2219 1250 2250 τύποις
1269 2219 1492 2254 ὲγκεκρυμμένη,
1509 2218 1556 2245 καὶ
1577 2218 1614 2250 ὼς
1635 2218 1684 2254 ὕλη
1700 2218 1869 2245 λανθάνουσα

1081 2264 1120 2299 τῷ
1141 2263 1259 2300 περιττῷ
1274 2263 1321 2290 τοῦ
1337 2264 1510 2299 γράμματος,
1535 2261 1585 2290 οὐκ
1603 2263 1741 2295 ἀνάλωτός
1767 2271 1798 2298 γε
1816 2264 1870 2300 μὴν

1080 2310 1136 2340 τοῖς
1159 2309 1280 2336 ἐθέλουσι
1305 2309 1454 2345 φιλοθηρᾷν
1475 2309 1518 2336 διὰ
1538 2310 1588 2345 τῆς
1611 2310 1640 2337 ὲν
1663 2310 1798 2345 πνεύματι
1822 2310 1870 2337 καὶ

1081 2353 1210 2390 ἀκριὸοῦς
1231 2354 1357 2390 Θεωρίας.
1375 2354 1470 2388 Τοῦτο,
1491 2352 1582 2390 οἶμαι,
1596 2355 1656 2382 ἐστὶ
1665 2354 1696 2381 τὸ
1714 2355 1763 2390 τῆς
1784 2354 1868 2382 Ἠσαῦ

1081 2400 1166 2435 θήρας
1188 2400 1355 2436 ἐπιθυμῆσαι
1374 2401 1421 2428 τὸν
1444 2402 1545 2428 Ἰσαάκ.
1568 2401 1648 2428 Ἀλλὰ
1669 2401 1869 2437 προσετάττετο

1083 2446 1143 2480 μὲν,
1161 2445 1286 2480 καθάπερ
1297 2445 1375 2480 ἔφην.
1392 2447 1406 2472 ό
1433 2446 1552 2481 Ἰσραὴλ,
1571 2447 1619 2473 καὶ
1631 2445 1662 2482 δὴ
1675 2447 1722 2473 καὶ
1737 2446 1869 2481 ὑπέσχετο

1081 2489 1241 2525 κατορθοῦν.
1258 2491 1330 2525 Ἔφη
1346 2491 1399 2526 γὰρ
1413 2491 1442 2517 ὲν
1456 2491 1557 2527 Χωρὴϐ
1578 2492 1808 2528 συνηθροισμένης
1819 2492 1868 2527 τῆς

1081 2535 1242 2570 ἐκκλησίας,
1259 2537 1305 2562 καὶ
1319 2537 1347 2563 ἐν
1363 2537 1427 2563 εῖδει
1443 2537 1527 2572 πυρὸς
1540 2537 1586 2563 ἐπὶ
1609 2537 1640 2564 τὸ
1656 2537 1719 2572 ὅρος
1738 2537 1803 2565 Σινὰ
1819 2546 1869 2564 κα-

1049 2584 1069 2610 D
1083 2582 1297 2617 ταφοιτήσαντος
1307 2582 1374 2610 Θεοῦ
1387 2591 1393 2596 ·
1415 2592 1423 2608 ι
1440 2583 1533 2610 Πάντα
1547 2584 1597 2610 ὅσα
1612 2577 1645 2610 ἂν
1661 2583 1725 2619 εἴπῃ
1739 2583 1841 2620 Κύριος
1854 2585 1868 2610 ό

1082 2627 1158 2660 Θεὸς,
1177 2629 1337 2663 ποιήσομεν,
1361 2629 1408 2656 καὶ
1427 2629 1608 2664 ἀκουσόμεθα.
1637 2638 1646 2655 ι
1669 2629 1821 2665 ’Λμελητὴς
1839 2629 1867 2657 δὲ

1082 2673 1142 2701 λίαν
1159 2675 1338 2710 κατεφωρᾶτο
1357 2674 1403 2702 διὰ
1417 2676 1471 2702 τῶν
1489 2675 1668 2710 πραγμάτων,
1684 2675 1773 2702 καίτοι
1799 2676 1867 2711 πρό-

1082 2727 1173 2754 χειρος
1192 2719 1231 2746 ὢν
1244 2720 1284 2752 είς
1304 2720 1478 2754 ιπαγγελίαν.
1490 2721 1624 2756 Ταύτῃτοι
1645 2722 1693 2748 καὶ
1714 2721 1758 2748 διὰ
1784 2722 1866 2756 μέσου

1081 2766 1185 2801 χωριεῐ,
1204 2766 1299 2801 φθάνει
1318 2775 1348 2794 τε
1363 2766 1449 2799 οὕτως
1463 2768 1477 2795 ό
1492 2767 1775 2804 πτερνιστὴςγΊακὼδ,
1789 2776 1868 2795 τουτ‹

285 2849 385 2878 "Gen.
402 2858 464 2885 xxv,
486 2834 578 2880 ιιι-99.
619 2851 838 2888 ηιωιιλο-ιο.
881 2852 902 2868 ιι
916 2853 1002 2880 Exod.
1017 2852 1107 2886 xu,8.
