1990 3050
114 145 164 175 1ἲὲ

634 147 895 176 GLAPHYRORUM
915 146 948 175 IN
967 146 1117 175 GENESI‘M
1138 145 1201 173 LIB.
1223 140 1265 173 lli.

1706 148 1717 174 Ἰ
1723 146 1757 174 70

118 207 204 237 ἐστιν,
217 205 232 231 ὁ
243 203 303 237 νέος
317 208 347 232 τε
362 205 410 232 καὶ
420 205 457 237 ὼς
479 205 508 232 ὲν
520 205 610 232 πίστει
623 206 696 238 λαός.
709 206 915 242 Προσκεκὸμικε

969 210 995 233 ct
1015 205 1213 240 tergiversante
1235 211 1266 231 ac
1296 203 1421 230 tardante
1439 202 1630 246 pprimogenilo
1655 200 1757 239 populo

119 252 174 288 γὰρ
188 251 228 287 τῷ
242 250 305 287 Θεῷ
323 252 358 279 τὰ
371 251 536 287 ζητούμενα,
555 252 738 287 ἀναδυομὲνου
750 261 779 279 τε
794 252 841 279 καὶ
857 252 916 288 μὲλ-

119 299 211 330 λοντος
226 297 274 324 τοῦ
291 298 468 333 πρωτοτόκου
492 297 568 329 λαοῦ,
590 298 853 332 προεκαρποφόρησε
866 297 915 332 τὴν

122 344 224 375 πίστιν,
243 344 277 379 ἣν
296 344 345 370 καὶ
362 344 390 370 ἐν
405 343 481 375 τάξει
497 343 601 378 τροφῆς
622 343 638 377 ὴ
654 343 714 370 θεία
733 345 850 369 ποιεῖται
867 343 917 377 φύ-

124 398 176 421 σις.
192 389 248 416 Καὶ
268 388 336 423 γοῦν
348 389 362 415 ὁ
378 388 473 424 Σωτὴρ
489 390 546 420 τοῖς
568 388 655 423 ἁγίοις
672 388 831 420 ἀποστόλοις
845 388 916 415 οὕτω

122 435 171 470 τὴν
186 433 366 470 Σαμαρειτῶν
381 433 548 468 ἐπιστροφὴν
573 433 794 469 προκατεμήνυε,
811 434 897 468 λέγων
907 442 913 449 ·

126 489 136 505 ι
163 479 235 514 Ἐγὼ
257 479 361 515 βρῶσιν
385 480 439 514 ἔχω
454 481 562 514 φαγεῖν,
579 480 612 514 ἣν
629 479 708 514 ὑμεῖς
724 481 775 507 οὐκ
789 480 887 507 οἴδατε.
904 490 913 506 ι

124 525 280 562 Διατρανῶν
301 525 330 552 δὲ
346 525 377 552 τὸ
400 525 556 561 εῑρημένονθ
585 535 594 551 ι
624 522 705 562 Ἐμδν
728 527 827 563 βρῶμά
847 528 916 559 ἐστι,

124 574 219 608 φησὶν,
236 572 281 599 ἴνα
297 570 367 598 ποιῶ
382 571 413 598 τὸ
434 571 542 606 θέλημα
560 571 607 598 τοῦ
627 571 783 607 πέμψαντός
805 581 850 608 με,
869 573 917 600 καὶ

125 619 261 646 τελειώσω
276 617 359 645 αὐτοῦ
369 617 400 644 τδ
415 617 504 652 ἔργον.
522 627 531 643 ι
551 618 611 644 Ὂτι
625 618 653 644 δὲ
666 619 777 652 γέγονεν
789 617 918 655 ἀνόνητον

127 666 177 700 μὲν
190 666 248 696 τοῖς
272 663 301 697 ἐξ
321 663 429 699 Ἰσραὴλ
448 664 478 690 τὸ
501 664 609 699 ἕτοιμον
628 666 668 696 εἰς
689 665 845 700 ὑπόσχεσιν,
867 667 918 693 οὐκ

127 710 296 746 ὲξοιχομένου
313 709 381 745 πρὸς
399 709 484 745 πέρας
496 710 587 741 αὐτοῖς
606 710 652 736 τοῦ
669 711 840 746 πράγματος,
860 705 919 746 ἡδί-

127 764 195 791 κησε
213 755 242 781 δὲ
256 754 290 781 τὰ
308 754 371 789 ἔθνη
393 754 533 789 παντελῶς
544 754 618 781 οὐδὲν
635 756 648 781 ὁ
664 754 709 781 ἐπί
724 764 755 790 γε
773 756 802 782 τὸ
819 757 917 792 χρῆναι

128 802 265 828 πιστεύειν
274 801 352 831 δκνος
366 801 542 834 ἐπεγνωκὸτα
554 801 599 827 τὸν
613 802 771 837 Λυτρωτὴν,
785 803 832 829 καὶ
846 812 918 829 τετι-

130 846 236 881 μηκότα
249 845 343 872 λοιπὸν
363 847 422 877 ταῖς
437 847 476 877 εἰς
494 846 547 872 πᾶν
561 846 650 873 ὁτιοῦν
671 847 725 873 τῶν
746 847 856 881 ἀγαθῶν
871 849 916 874 εὑ-

129 892 275 924 πειθείαις,
295 892 339 918 διὰ
360 892 517 927 παραϐολῆς
541 893 614 927 ἡμᾶς
630 892 748 925 ἐδίδαξεν
761 895 774 920 ὁ
790 895 917 929 Χριστός.

130 939 202 973 Ἔφη
219 938 272 973 γὰρ
286 937 389 969 οὕτως·
411 947 420 963 ι
445 937 606 973 Ἄνθρωπός
617 947 658 970 τις
682 937 738 974 εἶχε
762 939 844 966 τέκνα
861 939 917 972 δύο,

129 985 176 1010 καὶ
192 982 351 1018 προσελθὼν
364 982 402 1018 τῷ
416 982 526 1018 πρώτῳ,
546 982 605 1016 εἷπε
617 991 623 997 ·
641 984 751 1016 Τέκνον,
769 981 857 1019 ὕπαγε
870 986 918 1020 σή-

131 1038 211 1065 μερον
228 1029 346 1065 ἐργάζου
367 1030 396 1055 ἐν
416 1029 455 1064 τῷ
469 1029 611 1064 ἀμπελῶνί
626 1039 686 1065 μου.
711 1030 739 1056 '0
756 1030 783 1056 δὲ
805 1031 919 1066 ἀποκρι-

128 1075 184 1107 θεὶς
209 1072 298 1107 εἶπεν,
330 1076 367 1102 Οὐ
397 1075 475 1101 θέλω.
501 1075 636 1111 ’Ύστερον
661 1076 689 1102 δὲ
720 1077 919 1111 μεταμεληθεὶς

129 1121 243 1156 ἀπῆλθε.
259 1120 421 1156 Προσελοὼν
441 1121 469 1147 δὲ
485 1120 523 1156 τῷ
539 1121 624 1156 ἑτέρῳ
638 1119 715 1148 εἶπεν
731 1122 871 1154 ὡσαύτως.
891 1123 919 1149 '0

128 1167 156 1193 δὲ
166 1167 326 1202 ἀποκριθεὶς
336 1164 424 1193 εἷπεψ
440 1166 520 1201 Ἐγὼ,
532 1168 629 1202 Κύριε,
637 1168 683 1194 καὶ
690 1168 739 1194 οὐκ
750 1168 864 1204 ἀπῆλθε,
872 1169 920 1201 Τίς

129 1215 160 1239 ἐκ
176 1213 230 1239 τῶν
252 1212 299 1238 δύο
321 1213 433 1247 ἐποίησε
457 1213 487 1238 τὸ
509 1212 614 1248 Θέλημα
637 1213 682 1240 τοῦ
709 1215 830 1248 Πατρός;
850 1224 858 1241 ι
890 1215 919 1241 ὐ

129 1258 252 1284 ἀπελθὼν
262 1258 302 1289 εἰς
312 1257 358 1284 τὸν
369 1257 517 1292 ἀμπελῶνα
532 1258 662 1292 δηλονότι,
677 1261 722 1286 καὶ
734 1261 756 1286 εἰ
773 1260 859 1297 βραχὺ
873 1270 920 1296 με·

128 1303 194 1335 ταξῡ
208 1303 355 1339 παρεισέδυ
371 1303 401 1329 τὸ
413 1303 536 1338 ἀδρανὲς,
551 1305 639 1331 ὀκνεῖν
655 1305 798 1333 ἀναπεῖοον
812 1307 842 1332 τὸ
855 1308 920 1333 ὑπε-

130 1350 274 1384 σχημένον.
285 1349 340 1375 Θέα
352 1349 384 1384 δὴ
392 1348 438 1376 οὖν
453 1350 481 1376 ὲν
491 1349 594 1382 τούτοις
605 1352 802 1387 προχειρότατα
815 1353 863 1388 μὲν
875 1353 920 1380 ἐπὶ

129 1394 177 1429 τὴν
185 1393 272 1428 θήραν
289 1393 410 1420 ίόντατὸν
425 1394 521 1426 Ἡσαῦ,
528 1395 574 1421 καὶ
583 1395 660 1421 τοῦτο
668 1395 733 1431 δρᾷν
743 1397 921 1432 ὑπισχνούμε-

130 1438 324 1473 νον,φθάνοντα
332 1438 360 1465 δὲ
366 1439 411 1465 τὸν
419 1439 526 1472 Ἰακὼϐ,
534 1440 621 1467 καίτοι
630 1441 708 1468 τοῦτο
716 1442 781 1477 δρᾷν
790 1444 817 1469 ὲν
823 1443 920 1478 ἀρχαῖς

130 1483 305 1518 ἀρνούμενον,
316 1483 384 1519 πλὴν
396 1484 575 1518 εὐλογηθέντα
585 1487 710 1522 παρὰτοῡ
719 1488 831 1523 πατρός.
843 1482 920 1514 Οὕτω

132 1529 177 1555 καὶ
185 1529 199 1554 ὁ
213 1529 271 1560 νέος
282 1529 347 1560 λαὸς
357 1529 527 1565 ἁρπάζειτὴν
534 1530 670 1564 εὐλογίαν,
688 1532 829 1567 μονονουχὶ
837 1532 920 1559 κατά-

132 1573 249 1600 πλαστον
264 1573 333 1608 ἔχων
344 1574 394 1608 τῆς
408 1572 553 1610 Ἰουδαϊκῆς
567 1575 702 1608 πολιτείας
710 1576 739 1603 τὸ
749 1576 849 1613 σχῆμα.
861 1572 920 1604 Κα-

129 1619 218 1654 θάπερ
231 1619 328 1654 ἀμέλει
353 1619 400 1645 καὶ
423 1619 521 1646 Ἰακὼϐ
534 1620 583 1656 τὴν
610 1621 695 1649 Ἠσαῦ
712 1622 850 1658 δασύτητα
863 1625 919 1655 τοῖς

129 1665 182 1692 τῶν
193 1665 296 1700 ἐρίφων
309 1664 442 1700 δέρμασιν
455 1665 622 1701 ἀπεμιμεῖτο
637 1668 737 1701 σοφῶςε
760 1668 828 1695 Ἀλλ’
837 1669 919 1704 ἤκουε

128 1711 176 1738 τοῦ
196 1710 300 1746 πατρὸς
316 1710 398 1741 εὐθὺς
421 1710 661 1748 ἀνακεκραγότος·
683 1722 692 1739 ι
720 1714 751 1740 ’Π
772 1713 821 1749 μὲν
844 1714 919 1749 φωνὴ

129 1755 204 1790 φωνὴ
226 1755 336 1788 Ἰακὼϐ,
350 1755 377 1781 αἱ
403 1750 431 1782 δὲ
446 1758 536 1792 χεῖρες
555 1759 644 1793 χεῖρες
663 1758 759 1786 Ἡσαῦ.
776 1768 785 1784 ι
807 1759 827 1785 Τ
831 1759 872 1785 ἱνα
887 1760 919 1794 δὴ

128 1799 175 1828 οὖν
189 1803 242 1838 ἄρα
252 1803 355 1838 τρόπον
369 1804 577 1840 ὲφαρμόσαιμεν
590 1803 623 1830 ἂν
634 1805 689 1835 τοῖς
706 1805 734 1830 ὲν
746 1805 919 1836 πίστειλαοῖς

128 1848 160 1875 τὸ
179 1848 226 1875 καὶ
246 1850 275 1876 ὲν
294 1849 358 1876 εῖδει
378 1850 515 1885 γενέσθαι,
537 1850 584 1877 καὶ
597 1849 634 1881 ὡς
656 1850 684 1876 ἐν
706 1851 846 1886 μιμήματι
869 1851 919 1885 τῆς

135 1892 283 1929 Ἰουδαϊκῆς
298 1895 436 1928 πολιτείας
444 1904 473 1922 τε
492 1895 538 1922 καὶ
550 1895 648 1931 ἑτέραν
658 1895 731 1931 ἔχειν
748 1896 810 1931 παρ’
820 1897 918 1928 αὐτοὺς

127 1939 178 1973 τὴν
193 1940 285 1974 φωνήν
295 1949 303 1973 ;
314 1941 419 1968 οὐκοῦν
429 1943 518 1968 ἐκεῖνό
535 1950 635 1977 φαμεν,
650 1941 686 1973 ὼς
701 1941 775 1968 ἔστιν
787 1942 831 1969 ἀεὶ
844 1942 919 1977 παρὰ

126 1987 189 2018 ταῖς
207 1986 295 2019 θείαις
309 1988 442 2023 Γραφαῖς,
456 1989 538 2024 ἔργου
561 1988 609 2015 καὶ
626 1987 846 2024 κατορθωμάτων
859 1989 918 2024 ἤτοι

128 2035 285 2071 πρακτικῆς
305 2036 447 2071 ἐνεργείας
468 2038 579 2072 σημεῖον
596 2036 667 2072 χείρ.
691 2036 772 2062 Ὂσον
791 2034 837 2062 οὖν
851 2034 920 2072 ἧκεν

128 2081 170 2112 εἰς
183 2081 322 2116 ἐνεργείας
334 2082 485 2118 ταυτότητα
500 2083 548 2110 καὶ
561 2083 676 2117 πιότητα
688 2082 917 2118 κατορθωμάτων,

128 2126 176 2152 καὶ
190 2127 267 2154 αὐτοὶ
288 2127 422 2163 πληροῦσι
443 2129 488 2155 τὸν
507 2129 588 2164 νόμον
605 2128 630 2155 οἱ
644 2129 672 2155 ὲν
692 2129 801 2164 Χριστῷ
816 2129 919 2164 νοητῶς
942 2148 944 2150 τ

129 2180 158 2198 τε
178 2173 225 2199 καὶ
241 2173 436 2209 πνευματικῶς
456 2174 688 2210 ἱερουργούμενοι,
713 2174 761 2201 καὶ
775 2176 815 2206 εἰς
830 2175 918 2210 ὀσμὴν

966 251 1044 286 prius
1059 250 1139 278 ﬁdem
1149 249 1333 282 fructiﬁcavit,
1347 257 1407 284 quze
1417 243 1517 276 divinae
1532 253 1637 277 natura:
1654 250 1696 277 est
1713 251 1757 278 in—

968 302 1023 324 star
1032 296 1096 324 cibi.
1113 292 1198 323 Porro
1211 295 1335 323 Salvator
1352 295 1453 322 sanctis
1473 295 1603 330 apostolis
1613 295 1649 322 ita
1662 295 1757 323 Sama-

968 342 1120 369 ritanorum
1140 341 1347 369 conversionem
1367 340 1605 376 prtesigniﬁeavit,
1634 340 1729 368 dicens
1749 346 1756 369 ξ

971 397 980 413 ς
995 387 1051 423 Ego
1064 388 1155 414 cibum
1170 387 1258 415 habeo
1275 387 1308 414 ad
1328 387 1527 414 comedendum
1547 395 1628 422 quem
1648 395 1697 414 vos
1707 391 1758 415 ue-

967 427 1044 460 scitis
1053 433 1085 460 3’.
1100 443 1108 459 ι
1127 428 1273 468 Explicatis
1286 436 1378 460 autem
1401 433 1474 468 quod
1496 433 1603 460 diXerat
1619 437 1626 459 ὲ
1647 441 1655 458 ι
1673 432 1759 460 Cibus

968 487 1046 507 meus
1064 485 1115 512 cst,
1141 490 1149 506 ι
1168 480 1268 515 inquit,
1287 489 1295 505 ι
1310 483 1341 506 ιιι
1355 479 1453 506 faciam
1477 479 1647 506 voluntatem
1670 479 1761 506 Patris

968 521 1032 558 mei,
1051 531 1079 553 et
1093 523 1232 562 perﬁciam
1245 532 1313 561 opus
1328 525 1414 560 ipsius
1425 525 1458 551 ³⁸.
1477 534 1486 550 ι
1504 524 1582 558 Quod
1595 528 1661 552 Vero
1673 524 1759 552 inuti-

968 571 1002 598 lis
1014 571 1094 606 plane
1105 571 1190 599 fuerit
1201 569 1332 598 lsraelitis
1345 570 1534 606 promptitndo
1546 570 1579 597 ad
1594 570 1760 605 promitten-

969 615 1044 648 dum,
1064 624 1125 644 cum
1141 617 1275 651 promissa
1298 624 1353 643 non
1374 620 1593 650 exsequerentur
1605 635 1611 647 ,
1630 616 1760 650 quodque

968 662 1096 698 gentibus
1120 662 1188 689 nihil
1203 662 1323 689 obfucrit
1341 661 1417 689 tarde
1439 661 1472 688 ad
1493 661 1575 688 ﬁdem
1598 661 1756 693 accessisse,

969 709 1166 744 cognoscentes
1179 707 1400 742 Redeinptorem,
1409 712 1436 735 et
1448 707 1579 742 singulari
1594 707 1628 734 ad
1642 707 1758 742 quodvis

968 750 1071 782 bonum
1093 750 1249 782 obedientia
1262 754 1392 789 deinceps
1411 754 1542 786 colentes,
1563 753 1690 781 Christus
1708 761 1759 781 nos

968 809 1017 835 per
1037 801 1193 836 parabolam
1219 800 1321 827 (loeuit.
1344 800 1383 826 Ita
1398 799 1472 826 enim
1491 800 1529 827 ait
1547 808 1553 826 :
1573 809 1582 825 ‹
1597 800 1684 827 Homo
1697 800 1761 834 qui-

969 846 1031 872 dam
1042 843 1138 873 habuit
1152 846 1221 873 duos
1232 845 1311 878 ﬁlios,
1324 849 1351 872 et
1365 845 1497 873 accedens
1506 845 1539 872 ad
1549 846 1670 880 primum
1681 845 1760 873 dixil:

974 892 1034 924 Fili,
1052 892 1120 919 vade
1132 888 1214 918 hodie
1235 896 1351 925 operare
1375 891 1403 917 in
1421 890 1502 917 'vinea
1516 898 1586 917 mea.
1605 891 1652 918 Ille
1669 895 1762 917 autem

973 937 1143 972 respondens
1162 937 1218 964 ait:
1234 936 1313 963 Nolo.
1338 935 1435 963 Postea
1447 943 1513 962 vero
1526 936 1687 970 ptenilentia
1703 944 1763 963 mo—

974 988 1028 1016 tus,
1043 982 1120 1010 abiit.
1140 982 1281 1009 Accedens
1291 985 1381 1008 autem
1401 980 1434 1008 ad
1447 981 1563 1008 alterum
1575 981 1646 1008 dixit
1662 981 1761 1008 simili-

973 1033 1025 1056 ter.
1037 1029 1128 1056 Atille
1138 1028 1221 1055 dixit:
1237 1028 1304 1062 Ego,
1317 1027 1441 1059 domine;
1454 1031 1546 1054 etnon
1562 1027 1639 1054 abiit.
1648 1027 1714 1055 Uter
1728 1035 1763 1055 ex

973 1075 1081 1103 duobus
1106 1075 1171 1102 fecit
1187 1075 1356 1102 voluntatem
1377 1074 1464 1108 patris
1477 1074 1522 1100 ‘7?
1552 1083 1560 1099 ι
1577 1073 1629 1106 Qui
1646 1073 1714 1100 abiit
1734 1074 1763 1101 in

973 1122 1090 1154 vineam,
1104 1121 1197 1156 procul
1208 1120 1302 1153 dubio,
1312 1119 1419 1147 etiamsi
1434 1120 1518 1154 paulo
1531 1124 1591 1154 post
1599 1126 1663 1146 eum
1681 1124 1763 1146 occ‘u-

973 1168 1048 1202 p'avit
1074 1166 1246 1194 imbecillitas
1258 1187 1264 1199 ,
1283 1173 1360 1201 quae,
1379 1168 1409 1192 ut
1433 1166 1576 1200 promissis
1590 1173 1646 1193 non
1665 1170 1760 1197 staret,

972 1213 1073 1242 effecit.
1091 1213 1158 1240 Vide
1178 1212 1270 1247 itaque
1287 1212 1314 1238 in
1334 1211 1393 1243 his,
1412 1211 1483 1238 Esau
1504 1212 1708 1246 promptissime
1727 1211 1760 1239 ad

973 1259 1127 1287 venandum
1148 1263 1270 1290 euntem,
1284 1262 1366 1293 atque
1385 1258 1437 1285 hoc
1457 1257 1547 1284 facere
1562 1257 1737 1292 pollicentem
1753 1279 1760 1285 .

971 1307 1056 1334 Jacob
1074 1314 1140 1333 vero
1156 1313 1219 1333 eum
1244 1304 1463 1332 antevertentem
1475 1324 1482 1336 ,
1500 1304 1608 1331 tametsi
1632 1304 1710 1331 initio
1732 1303 1761 1331 id

972 1353 1061 1380 facere
1075 1352 1249 1383 detrectaret,
1260 1355 1394 1386 praeterea
1411 1350 1585 1378 benedictum
1607 1358 1667 1378 esse
1683 1359 1697 1378 a
1711 1358 1761 1385 pa-

973 1398 1074 1426 tre.lta
1092 1397 1174 1424 etiam
1194 1404 1282 1424 novus
1295 1396 1413 1431 populus
1434 1397 1564 1431 praecepit
1587 1396 1760 1424 benedictio-

972 1452 1035 1471 nem
1050 1443 1128 1479 104
1139 1447 1245 1470 tantum
1263 1450 1317 1469 non
1339 1441 1478 1474 ﬁctiliam,
1493 1442 1614 1470 Judaicae
1631 1443 1694 1470 vitaz
1714 1450 1761 1471 ves

973 1495 1041 1518 stem
1048 1490 1161 1522 habens,
1171 1488 1400 1523 quemadmodum
1409 1488 1465 1515 fere
1471 1492 1513 1515 est
1522 1488 1605 1516 Jacob
1614 1488 1708 1516 fratris
1716 1488 1760 1517 sui

972 1536 1044 1563 Esau
1059 1536 1204 1563 hirsuticm
1218 1534 1358 1562 liaedOrum
1378 1534 1497 1569 pellibus
1518 1535 1655 1570 sapienter
1670 1535 1761 1563 imita-

970 1587 1024 1609 tus.
1049 1581 1184 1609 Caaterum
1206 1578 1311 1608 audivit
1334 1573 1425 1607 statim
1451 1578 1556 1615 patrem
1574 1581 1758 1608 clamantem:

975 1622 1052 1654 illam
1063 1621 1174 1661 quidem
1188 1634 1249 1658 vox,
1260 1632 1312 1652 vox
1323 1625 1423 1658 Jacob;
1437 1633 1535 1652 manus
1547 1630 1648 1658 autem,
1662 1633 1761 1654 manus

970 1675 1042 1702 Esau
1052 1673 1084 1700 ³⁸.
1105 1682 1113 1698 ι
1129 1668 1254 1705 Quonam
1272 1671 1355 1706 igitur
1366 1670 1448 1698 modo
1461 1671 1698 1698 accommodemus
1707 1672 1761 1699 hoc

970 1719 1078 1754 populis
1091 1717 1138 1753 qui
1157 1717 1186 1744 in
1199 1711 1252 1744 (ide
1264 1737 1271 1749 ,
1290 1715 1411 1751 speciem
1435 1715 1547 1751 quidem
1569 1723 1625 1751 prae
1636 1724 1666 1743 se
1688 1716 1761 1745 ferre

970 1764 1032 1791 vitae
1045 1762 1164 1790 Judaicte
1175 1783 1181 1795 ,
1194 1766 1221 1788 et
1233 1761 1313 1788 aliam
1330 1761 1364 1788 ab
1383 1761 1448 1796 ipsis
1462 1766 1558 1788 vocem
1575 1761 1699 1788 habere?
1712 1758 1760 1788 Di-

970 1817 1063 1837 cemus
1083 1809 1174 1843 itaque
1204 1808 1232 1835 in
1259 1807 1344 1835 sacris
1371 1807 1484 1835 Litteris
1510 1815 1621 1834 mairum
1652 1810 1762 1842 semper

970 1855 1136 1890 operationis
1152 1875 1160 1887 ,
1185 1853 1242 1881 sive
1269 1853 1365 1881 activa:
1391 1852 1528 1880 facultatis
1549 1861 1608 1880 esse
1641 1853 1760 1889 signum.

969 1901 1106 1935 Quantum
1128 1900 1210 1936 igitur
1227 1898 1326 1927 attinet
1339 1896 1372 1926 ad
1395 1897 1511 1926 actionis
1528 1899 1711 1932 identita‘tem,
1732 1903 1761 1927 et

970 1948 1124 1975 ubertatem
1137 1953 1262 1981 operum.
1276 1945 1359 1972 etiam
1378 1943 1429 1979 ipsi
1443 1940 1557 1979 implent
1572 1944 1659 1979 legem
1673 1939 1760 1979 quiin

968 1993 1079 2021 Christo
1098 1984 1320 2020 intellectualiter
1331 1998 1363 2017 ac
1382 1986 1561 2024 spiritualitcr
1580 1993 1645 2016 sunt
1657 1990 1760 2017 sancti-

969 2039 1053 2070 ﬁcati,
1071 2042 1100 2066 et
1115 2038 1144 2065 in
1164 2037 1276 2065 odorem
1291 2035 1433 2063 suavitatis
1449 2035 1554 2070 seipsos
1567 2034 1687 2062 oﬂ‘erunt
1704 2034 1760 2062 Deo

969 2093 1002 2112 ac
1013 2084 1096 2112 Patri.
1108 2083 1186 2112 Unde
1197 2087 1225 2110 et
1237 2082 1363 2110 Christds
1378 2081 1533 2108 luculenter
1546 2080 1620 2116 leges
1640 2086 1756 2117 evange-

969 2129 1036 2158 licas
1050 2129 1129 2157 nobis
1142 2122 1322 2164 prmscribens
1332 2146 1340 2159 ,
1356 2136 1364 2152 ι
1382 2126 1471 2153 Nolite
1487 2129 1583 2161 putare
1595 2147 1602 2158 ,
1627 2136 1636 2152 ι
1657 2127 1757 2161 inquit,

974 2185 982 2201 ι
998 2175 1071 2210 quod
1085 2167 1147 2202 veni
1161 2174 1267 2201 solvere
1281 2166 1378 2208 legem,
1395 2175 1443 2199 aut
1453 2171 1610 2207 prophetas.
1622 2172 1682 2200 Non
1695 2173 1757 2200 veni

129 2219 242 2251 εὐωδίας
253 2220 366 2257 ἑαυτοὺς
387 2220 615 2255 προσκομίζαντες
631 2220 669 2256 τῷ
683 2218 743 2255 Θεῷ
758 2221 804 2247 καὶ
819 2217 916 2256 Πατρί.

971 2221 1077 2248 solvere
1088 2221 1184 2255 legem,
1205 2217 1253 2246 sed
1265 2218 1388 2253 implere.
1405 2217 1491 2244 Amen
1510 2215 1612 2244 etenim
1629 2217 1690 2245 dico
1707 2221 1758 2245 νο-

128 2265 184 2291 Καὶ
198 2265 285 2299 γοῦνὸ
301 2266 419 2301 Χριστὸς
429 2266 576 2302 διαρρήδην
590 2267 687 2301 νόμους
703 2267 769 2302 ἡμῖν
785 2265 916 2299 τεθεικὼς

129 2308 334 2342 εὐαγγελικοὺς,
358 2317 367 2335 ι
385 2311 429 2346 Μὴ
441 2311 581 2346 νομίσητε.
597 2312 690 2346 φησιν,
704 2312 744 2338 ὅτι
764 2310 846 2347 ἦλθον
865 2320 916 2339 κα-

128 2353 243 2381 ταλῦσαι
256 2355 302 2382 τὸν
313 2356 394 2391 νόμον
406 2357 423 2391 ἢ
439 2357 502 2386 τοὺς
524 2355 677 2392 προφήτας.
699 2357 756 2384 Οὐκ
772 2355 854 2393 ἦλθον
871 2367 917 2385 κα-

128 2400 242 2427 ταλῦσαι
255 2401 300 2428 τὸν
316 2401 407 2437 νόμον,
423 2403 492 2429 ἀλλὰ
509 2402 662 2438 πληρῶσαι.
682 2402 768 2438 Ἀμὴν
781 2404 835 2439 γὰρ
847 2404 919 2438 λέγω

129 2444 204 2479 ὑμῖν,
219 2445 273 2478 ἓως
287 2446 320 2473 ἂν
334 2447 458 2483 παρέλθῃ
474 2448 487 2474 ὁ
502 2448 616 2484 οὐρανὸς
633 2449 680 2475 καὶ
696 2449 711 2484 ἠ
735 2449 780 2483 γῆ,
800 2449 867 2476 ἰῶτα
890 2449 918 2476 ἓν

94 2515 99 2520 ,
130 2491 146 2525 ἢ
168 2491 217 2526 μία
230 2492 328 2526 κεραία
343 2493 373 2519 οὺ
390 2493 427 2528 μὴ
438 2493 561 2529 παρέλθῃ
577 2494 631 2520 ἀπὸ
642 2493 688 2520 τοῦ
708 2494 801 2529 νόμου,
819 2495 871 2527 ἓως
885 2495 917 2522 ἂν

130 2536 217 2563 πάντα
226 2538 350 2572 γενηται.
371 2548 380 2564 ι
395 2538 558 2575 Συνιηςοῦν,
574 2540 762 2576 ἀποπληροῦσι
779 2540 825 2568 τὸν
836 2541 917 2576 νόμον

128 2580 152 2606 οἱ
165 2581 194 2606 ὲν
215 2582 327 2617 Χριστῷ
345 2583 394 2618 τὴν
414 2584 443 2610 ὲν
465 2583 599 2619 πνεύματι
623 2585 772 2621 περιτομὴν
789 2586 849 2612 ἀντὶ
867 2586 916 2621 τῆς

129 2625 260 2661 σαρκίνης
275 2627 466 2662 εἰσδεχόμενοι.
490 2629 683 2665 Εἰσερχόμενοι
704 2631 731 2656 δὲ
747 2628 793 2657 καλ¹
811 2633 850 2663 εἰς
868 2631 916 2668 τὴν

129 2670 300 2698 κατάπαυσιν
317 2672 364 2699 τοῦ
387 2673 516 2707 Χριστοῦ,
533 2675 580 2701 καὶ
604 2676 632 2700 ὲν
658 2676 768 2710 Χριστῷ
787 2676 915 2703 σαϐϐατε-

129 2715 229 2759 ςοντες,
246 2716 293 2742 καὶ
307 2717 351 2743 τὸν
364 2718 393 2743 ὲν
409 2719 521 2753 κρυπτῷ
534 2719 580 2745 καὶ
597 2719 650 2746 ἔσω
664 2719 833 2752 δεικνύοντες
850 2722 915 2748 Ἰου-

126 2758 210 2788 δαῖον.
225 2761 322 2796 Τοῦτο,
336 2760 428 2798 οἶμαιι
441 2764 498 2791 ἐπὶ
515 2764 545 2791 τὸ
562 2765 609 2797 τὰς
627 2768 719 2802 χεῖρας
730 2766 800 2802 ἔχειν
817 2767 914 2802 Ἡσαῦ,

153 2855 178 2868 ³⁵
195 2856 273 2884 Joaa.
287 2865 322 2886 Iv,
335 2856 380 2883 52.
420 2857 443 2872 ³⁸
460 2857 526 2884 ibid.
540 2858 584 2886 Si.
623 2859 645 2874 ³⁷
658 2860 750 2886 Matth.
765 2868 819 2893 χχι,
840 2859 933 2888 Ξ8-51.

284 2902 421 2931 Parant.
445 2903 501 2932 Gn.
522 2905 622 2935 LXIX.

970 2266 1023 2298 bis,
1036 2260 1123 2292 donec
1143 2267 1265 2290 transeat
1275 2259 1375 2290 coelum
1390 2266 1417 2288 et
1433 2265 1515 2294 terra,
1535 2261 1588 2288 iota
1602 2270 1685 2288 unum
1709 2267 1758 2289 aut

969 2320 1037 2347 apex
1050 2318 1183 2338 unusnon
1196 2305 1323 2337 transibit
1343 2308 1376 2335 de
1392 2308 1460 2343 lege,
1477 2308 1564 2335 donec
1581 2308 1671 2335 omnia
1685 2308 1757 2336 facta

970 2359 1026 2386 sint
1041 2358 1072 2383 ³⁹.
1088 2367 1095 2382 ι
1111 2350 1242 2391 intelligis
1257 2349 1359 2390 itaque,
1379 2362 1433 2389 quo
1447 2358 1525 2389 pacto
1539 2354 1653 2389 implent
1668 2355 1756 2390 legem

967 2405 1013 2439 qui
1028 2404 1055 2430 in
1069 2402 1179 2430 Christo
1192 2394 1428 2429 circumeisionem
1442 2399 1470 2426 in
1482 2399 1579 2435 spiritu
1591 2408 1640 2435 pro
1652 2401 1756 2429 carnali

966 2448 1165 2484 susceperunt?
1191 2446 1325 2475 lntrantes
1355 2443 1446 2472 autem
1474 2445 1556 2472 etiam
1581 2446 1608 2473 in
1631 2447 1754 2481 requiem

965 2491 1078 2527 Christi,
1095 2498 1123 2522 et
1135 2489 1162 2521 in
1180 2493 1289 2521 Christo
1307 2492 1455 2519 Sabbatum
1479 2492 1600 2519 colentes
1612 2512 1619 2525 ,
1634 2493 1709 2527 atqui
1726 2494 1754 2520 in

965 2541 1073 2569 occulto
1081 2545 1109 2568 et
1121 2539 1237 2567 interius
1251 2534 1374 2566 Judaeum
1387 2542 1624 2572 repraesentantes.
1640 2537 1698 2565 Hoc
1708 2538 1754 2566 ni?

965 2582 1065 2616 mirum
1082 2585 1215 2621 signiﬁcat
1226 2579 1309 2612 Iacob
1326 2584 1428 2612 habere
1441 2592 1536 2611 manus
1547 2584 1631 2616 Esau,
1645 2584 1691 2611 sed
1709 2585 1754 2611 di—

964 2641 1070 2661 versam
1086 2633 1119 2660 ab
1139 2633 1200 2668 ipso
1221 2635 1326 2667 mecm.
1341 2631 1434 2666 Neque
1454 2630 1527 2658 enim
1540 2630 1696 2658 Judazorum
1710 2631 1752 2658 ef-

963 2679 1033 2707 freni
1048 2679 1139 2713 lingua
1152 2678 1272 2709 utimur;
1288 2684 1376 2711 neque
1394 2683 1459 2702 vero
1472 2674 1628 2707 Dominum,
1641 2676 1687 2709 qui
1701 2678 1751 2702 nos

964 2723 1089 2755 redemit,
1100 2727 1240 2758 negantes,
1258 2721 1447 2757 blasphemare
1461 2721 1596 2749 solemus:
1614 2717 1751 2756 glorifica-

964 2777 1024 2798 mus
1042 2774 1133 2797 autem
1160 2776 1222 2796 cum
1238 2765 1311 2795 .Deo
1326 2775 1357 2795 ac
1374 2767 1454 2795 Patre
1488 2767 1587 2794 Filiu‘m
1602 2770 1629 2794 et
1657 2765 1750 2793 Donna

972 2862 994 2878 ⁸⁸
1006 2862 1104 2890 Cenes.
1121 2870 1200 2894 rxvn,
1214 2861 1257 2888 9‘2.
1299 2861 1319 2876 ³⁹
1337 2860 1427 2887 Matth.
1443 2868 1468 2891 v,
1488 2859 1528 2887 Π,
1548 2857 1592 2884 l8.

1551 2903 1570 2932 θ
