1990 3050
282 161 328 189 ΓἿ

282 224 365 250 num,
384 221 413 244 et
440 216 609 245 Salvatorem
637 225 669 244 ac
690 216 901 252 Rcdemptorem
930 224 1068 244 vocamus.

795 162 822 189 S.
843 161 981 190 CYRILLI
1001 161 1236 189 ALEXANDRINI
1257 161 1416 190 'ARCHIEP.

1861 163 1916 190 ΠΩ

1127 217 1196 253 πλὴν
1211 217 1307 253 ἑτέραν
1323 218 1389 252 παρ’
1402 217 1483 244 αὑτὸν
1498 217 1546 253 τὴν
1560 217 1663 253 φωνήν.
1680 217 1718 244 Οὐ
1733 217 1786 253 γάρ
1796 221 1838 244 τοι
1853 219 1916 249 ταῖς

287 263 420 292 Ἰουδαίων
438 263 677 300 ἀθυρωγλωττίαις
695 263 925 298 ἀποκεχρήμεθα·
940 262 1002 290 οὔτε
1018 263 1070 298 μὴν
1090 263 1134 290 τὸν
1146 264 1320 300 ἀγοράσαντα
1328 265 1401 300 ἡμᾶς
1413 263 1553 299 Δεσπότην
1575 264 1737 300 ἀρνούμενοι
1761 264 1916 299 δυσφημεῖν

281 312 424 347 εἰθίσμεθα
434 319 440 327 ’
465 311 705 347 συνδοξολογοῦμεν
727 311 755 337 δὲ
775 310 874 346 μᾶλλον
886 310 925 345 τῷ
942 310 1001 346 Θεῷ
1017 310 1062 337 καὶ
1081 310 1170 346 [istth
1183 311 1230 338 τὸν
1249 311 1324 344 Υίδν,
1337 311 1385 337 καὶ
1403 312 1517 346 Κύριον,
1532 312 1581 338 καὶ
1594 311 1718 347 Σωτῆρα,
1743 311 1791 337 καὶ
1802 311 1916 347 Λυτρω-

280 361 329 396 τὴν
345 359 523 395 ὀνομάζομεν.

316 407 341 434 5.
360 406 455 442 Opera:
476 406 595 441 pretium
607 413 674 434 vero
685 413 747 432 esse
767 405 912 437 existimo,
929 409 960 432 ut
981 404 1058 432 bene

1156 407 1186 432 ε’.
1209 403 1301 437 ’Λξιον
1323 404 1352 431 δὲ
1374 401 1451 439 οἶμαι
1473 404 1520 431 καὶ
1540 404 1590 440 τῆς
1607 404 1650 431 ἐπ’
1665 405 1766 439 ἀμφοῖν
1786 404 1914 439 εὐλογίας

279 452 410 480 dictionis
423 451 517 484 etiam,
533 458 593 485 qua:
602 450 711 484 utrique
725 449 823 476 collata
836 454 887 482 est.
902 450 956 477 vim
973 450 1067 485 inqui-

280 502 372 526 rentes
389 518 396 530 ,
418 505 480 532 quas
494 497 574 524 nobis
594 496 623 522 in
635 500 755 522 mentem
771 496 914 528 venerint,
932 495 1066 524 dicamus.

278 545 372 579 Neque
385 543 458 571 enim
470 549 567 578 parum
584 541 785 568 utilitatisinde
803 541 933 569 studiosis
943 546 986 569 est
1001 550 1066 577 pro-

278 596 435 618 venturum.
446 589 492 616 Ait
506 587 589 623 igitur
603 588 700 614 beatus
710 587 785 614 Isaac
796 587 830 614 de
842 587 925 615 Jacob
936 587 1065 623 quidem:

282 646 290 660 ι
308 637 378 663 Ecce
391 635 459 662 odor
473 633 521 660 ﬁlii
533 633 597 664 mei,
610 633 693 660 veluti
705 632 773 660 odor
789 633 846 668 agri
860 634 944 668 pleni,
960 633 1004 661 cui
1018 634 1067 661 be—

277 681 382 709 nedixit
395 680 535 708 Dominus.
549 679 583 707 Et
596 679 642 707 det
653 679 702 706 tibi
715 679 848 706 Dominus
861 679 895 706 de
913 688 975 707 rore
992 680 1065 712 cmli,

276 731 304 755 et
319 726 353 754 de
373 725 539 761 pinguedine
562 729 641 752 terra:
658 724 863 751 multitudinem
885 725 1015 752 frumenti
1039 729 1067 751 et

276 773 343 800 vini.
359 773 392 799 Et
404 771 524 799 serviant
537 771 584 798 tibi
594 774 698 806 gentes,
714 768 742 797 οὶ
753 770 902 797 adorenttc
917 770 1064 805 principes:

276 823 305 846 (ι
320 823 379 846 esto
391 818 520 845 dominus
529 817 623 844 fratris
635 816 684 849 tui,
698 821 726 843 et
745 816 900 843 adorabunt
915 819 940 844 te
958 815 1007 842 ﬁlii
1017 823 1066 850 pa-

278 864 328 892 tris
343 863 392 891 tui.
409 863 461 896 Qui
477 862 649 889 maledixerit
667 861 727 893 tibi,
742 861 778 888 sit
789 860 964 894 malediclus;
977 865 1005 888 ct
1016 861 1066 888 bc-

276 909 407 937 nedicens
422 907 500 943 105
517 907 566 934 tibi
581 927 588 940 ,
603 907 640 934 sit
659 906 822 934 benedictus
836 907 868 933 ‘°.
890 916 899 932 ›
917 906 1012 934 Mistus
1024 911 1066 934 est

276 956 304 983 in
324 955 367 982 his
384 954 504 981 historiae
519 960 619 984 sermo,
634 956 661 979 et
674 960 723 986 per
740 951 808 979 duas
821 959 953 986 personas
968 960 1065 987 proce-

275 1001 316 1028 dit
326 1000 360 1027 ad
372 1007 458 1027 unum
470 998 611 1034 quidpiam
623 997 662 1024 rei
675 997 779 1024 veritas
792 1004 841 1032 per
853 1004 898 1024 res
910 996 1063 1024 testiﬁcata.

274 1048 425 1082 Implentur
441 1045 515 1073 enim
528 1045 587 1072 haec
610 1053 664 1072 non
678 1044 791 1072 omnino
807 1044 834 1071 in
856 1044 950 1077 Iacob,
969 1045 1016 1072 sed
1037 1045 1065 1072 in

1122 450 1172 486 τὴν
1187 450 1302 485 δύναμιν
1327 450 1624 486 πολυπραγμονοῦντας
1644 450 1682 481 ὡς
1700 450 1729 476 ὲν
1742 449 1780 485 τῷ
1794 450 1834 481 εἰς
1849 450 1924 487 νοῦν⁸

1121 494 1188 532 ἧκον
1212 497 1309 523 εἰπεῖν.
1336 496 1385 532 Είη
1411 496 1465 532 γὰρ
1489 497 1522 522 ἂν
1545 497 1603 527 τοῖς
1622 495 1826 530 ἐντευξομένοις
1842 495 1914 530 πρὸς

1122 542 1254 577 ὠφέλειαν
1273 543 1304 568 τὸ
1321 543 1423 578 χρῆμα.
1441 542 1514 577 Ἔφη
1529 542 1618 568 τοίνυν
1630 542 1644 568 ὁ
1662 541 1796 576 μακάριος
1819 540 1914 567 Ἰσαὰκ

1121 588 1168 614 ἐπὶ
1182 588 1232 622 μὲν
1244 587 1291 614 τοῦ
1317 587 1425 614 Ἰακώ6’
1449 597 1458 613 ι
1482 588 1547 614 Ἰδοὺ
1562 586 1632 623 ὀσμὴ
1647 587 1694 614 τοῦ
1715 587 1774 613 υἱοῦ
1794 594 1856 622 μου,
1874 586 1914 618 ὡς

1121 634 1192 669 ὀσμὴ
1209 633 1294 669 ἀγροῦ
1313 633 1432 669 πλήρους
1451 633 1480 659 ὃν
1505 632 1636 668 εὐλόγησε
1655 632 1767 668 Κύριος.
1784 632 1839 659 Καὶ
1855 632 1912 667 δῴη

1121 689 1162 707 σοι
1177 680 1279 716 Κύριος
1293 679 1346 706 ἀπὸ
1360 680 1408 715 τῆς
1422 679 1518 715 δρόσου
1534 679 1581 705 τοῦ
1593 678 1719 714 οὐρανοῦ,
1734 679 1781 705 καὶ
1796 678 1850 705 ἀπὸ
1862 678 1913 712 τῆς

1121 727 1248 762 πιότητος
1264 726 1314 762 τῆς
1335 726 1388 760 γῆς
1408 725 1510 760 πλῆθος
1526 725 1599 752 σίτου
1615 725 1663 751 καὶ
1683 725 1765 752 οἴνου.
1781 725 1834 751 Καὶ
1851 724 1912 751 δου-

1121 773 1293 799 λευσάτωσάν
1307 780 1347 798 σοι
1363 771 1438 807 ἔθνη,
1452 772 1498 798 καὶ
1518 771 1788 807 προσκυνησάτωσαν
1804 779 1845 797 σοι
1859 770 1912 805 ἄρ-

1120 828 1222 854 χοντες,
1248 818 1295 846 καὶ
1321 818 1395 853 γίνου
1425 817 1519 853 κύριος
1544 817 1590 844 τοῦ
1626 817 1741 852 ἀδελφοῦ
1767 825 1826 844 σου.
1855 817 1912 844 Καὶ

1121 865 1338 901 προσκυνήσουσί
1358 873 1398 891 σοι
1420 865 1445 890 οἱ
1462 865 1514 891 υἱοὶ
1533 864 1580 891 τοῦ
1596 863 1700 899 πατρός
1718 872 1776 890 σου.
1800 864 1828 890 '0
1841 872 1910 890 κατ-

1122 910 1264 946 αρώμενός
1278 919 1318 943 σε,
1335 909 1535 945 ἐπικατάρατος
1544 917 1552 924 ·
1569 910 1616 936 καὶ
1631 909 1645 936 ὁ
1657 908 1773 943 εὐλογῶν
1784 917 1824 939 σε,
1834 908 1910 934 εὐλο-

1121 955 1408 991 γημένος.’Μέμικταί
1426 963 1485 987 πως
1507 955 1536 981 ὲν
1557 954 1662 986 τούτοις
1688 954 1736 989 τῆς
1759 953 1880 988 ἱστορίας
1896 954 1910 979 ό

1119 1001 1207 1036 λόγος,
1228 1001 1276 1028 καὶ
1295 1001 1338 1028 διὰ
1360 1001 1432 1028 δυοῖν
1448 1000 1605 1036 προσώποιν
1622 1000 1731 1035 ἔρχεται
1750 1000 1818 1034 πρὸς
1838 999 1868 1026 ἓν
1881 1008 1909 1025 τι

1118 1047 1149 1073 τὸ
1165 1047 1262 1082 ἀληθὲς
1281 1047 1327 1073 καὶ
1340 1046 1384 1073 διὰ
1400 1046 1570 1082 πραγμάτων
1584 1046 1674 1074 αὐτῶν
1693 1045 1908 1081 μεμαρτυρημέ-

273 1091 424 1124 Christo,et
437 1091 471 1118 iis
480 1090 527 1126 qui
535 1098 583 1125 per
593 1089 675 1117 ﬁdem
684 1089 826 1124 justiﬁcati
837 1093 912 1122 sunt,
923 1090 970 1125 qui
982 1090 1058 1117 etian:

1116 1100 1171 1119 νον.
1192 1093 1418 1128 ’Λποπεραίνεται
1433 1092 1483 1127 μὲν
1494 1092 1548 1127 γὰρ
1562 1092 1622 1127 οὐχὶ
1634 1091 1664 1127 δή
1682 1100 1732 1118 που
1753 1091 1861 1123 πάντως
1877 1092 1909 1117 έν

274 1138 321 1165 lilii
331 1137 394 1164 facti
403 1141 466 1164 sunt
475 1135 624 1164 secundum
638 1135 847 1170 promissionem
857 1135 885 1163 in
897 1134 982 1163 Isaac.
997 1136 1069 1169 Qua-

273 1184 365 1211 drahit
380 1183 472 1218 itaque
489 1181 640 1218 prophetiae
653 1188 750 1208 sensus
767 1181 850 1208 etiam
862 1189 933 1209 novo
953 1182 1065 1217 populo,

273 1230 380 1264 ipsique
390 1228 500 1256 Christo
509 1227 565 1262 ,qui
578 1231 619 1254 est
631 1226 798 1261 principium
812 1231 840 1254 et
853 1226 918 1254 dux.
933 1226 1067 1255 Censetur

272 1275 451 1302 autemetiam
458 1273 484 1301 in
491 1273 728 1301 sccundumAdam
737 1280 768 1300 ac
775 1272 859 1300 veluti
867 1272 985 1300 secunda
994 1281 1066 1308 qua:-

272 1321 334 1348 dam
350 1320 425 1347 radix
441 1319 618 1347 humanitatis
628 1323 741 1346 exortus
752 1323 802 1346 est.
813 1319 886 1346 Nova
899 1319 972 1346 enim
986 1327 1065 1346 crea-

273 1370 333 1392 tura
343 1365 405 1392 ﬁtin
414 1364 714 1398 Christo,renovatique
724 1371 819 1391 sumus
828 1364 854 1390 in
862 1364 921 1398 ipso
929 1364 961 1391 ad
968 1365 1066 1392 sancti-

271 1411 437 1443 ticationem,
461 1409 752 1445 ineorruptioncmque
769 1414 797 1436 et
808 1409 901 1436 vitam.
923 1409 1064 1444 Signiﬁcat

271 1459 362 1482 autem
376 1453 577 1482 benedictionis
592 1453 663 1480 ratio
671 1454 834 1481 suavitatem
843 1454 936 1481 odoris
945 1455 972 1481 in
982 1453 1063 1481 Chri-

271 1505 324 1533 sto,
338 1504 366 1528 et
379 1499 549 1535 spiritualem
561 1520 568 1531 ,
583 1499 669 1527 veluti
680 1500 739 1535 agri
750 1504 779 1526 et
792 1500 865 1527 horti
882 1500 1061 1534 ﬂoridissimi,

271 1545 417 1580 pulchrum
438 1552 470 1572 ac
497 1552 609 1572 suavem
635 1553 668 1572 ex
695 1545 787 1572 vernis
809 1544 924 1573 ﬂoribus
947 1546 1061 1573 odorem

270 1592 430 1619 emittentis.
444 1592 483 1618 lta
499 1592 572 1619 enim
591 1591 672 1619 nobis
685 1592 806 1627 seipsum
823 1592 851 1619 in
865 1592 978 1620 Cantieo
995 1601 1060 1621 can-

271 1637 388 1664 ticorum
409 1636 562 1663 nominavit
582 1636 710 1664 Christus
724 1657 730 1669 ,
757 1637 852 1666 dicens
872 1647 878 1664 :
905 1648 914 1664 ι
938 1639 995 1674 Ego
1011 1639 1062 1666 ﬂos

269 1681 369 1715 campi,
387 1680 475 1707 lilium
491 1680 656 1707 convallium
671 1681 703 1706 δ’.
722 1690 731 1706 ι
749 1680 850 1707 Lilium
865 1682 939 1708 enim
953 1686 1061 1714 erat,et

269 1734 334 1754 rosa
349 1734 383 1753 ex
409 1730 481 1753 terra
493 1731 553 1753 orta
568 1731 681 1761 propter
696 1726 912 1761 humanitatem;
927 1732 1057 1757 cmterum

268 1771 395 1798 nesciens
415 1775 569 1806 peccatum,
591 1779 622 1798 ac
644 1772 736 1806 potius
755 1771 957 1800 divinissimum
971 1774 1059 1801 omni-

268 1817 329 1849 bus,
345 1817 452 1852 quiper
470 1817 629 1845 universum
652 1817 747 1844 orbem
771 1822 906 1845 terrarum
918 1820 1059 1847 constituti

267 1866 357 1894 erant,
373 1869 407 1888 ex
427 1862 557 1896 operibus
582 1861 694 1889 odorem
717 1862 856 1890 emittcns.
876 1863 1058 1896 Quamobrem

267 1914 330 1942 agro
343 1906 486 1935 benediclo
498 1914 512 1933 a
528 1906 583 1933 Deo
596 1926 603 1938 ,
620 1912 760 1942 comparat
774 1907 913 1935 Christum
923 1928 930 1940 ,
954 1913 982 1936 et
996 1910 1058 1944 qui-

266 1952 327 1979 dem
340 1952 443 1987 optimo
454 1952 524 1987 jure,
537 1952 673 1987 siquidem
688 1952 756 1979 odor
769 1956 810 1980 est
825 1953 990 1988 cognitionis
1010 1955 1056 1982 Dei

266 2006 299 2025 ac
313 1998 412 2025 Patris.
433 1997 472 2025 lla
484 1998 557 2025 enim
569 2006 666 2026 rursus
677 1998 789 2026 divinus
800 1999 901 2027 Paulus
909 2000 947 2027 ait
960 2009 966 2027 :
981 2010 990 2026 ι
1001 2001 1057 2028 Deo

266 2048 356 2070 autem
380 2043 486 2078 gratia,
513 2043 559 2078 qui
578 2051 686 2078 semper
708 2044 860 2079 triumphat
880 2053 930 2081 per
959 2054 1010 2074 nos
1027 2048 1056 2074 in

264 2090 373 2117 Christo
389 2089 465 2121 Jesu,
479 2094 506 2116 ct
525 2089 638 2116 odorem
650 2090 753 2116 notitiae
765 2098 821 2118 sua:
837 2091 994 2120 manifestat
1005 2101 1056 2128 per

264 2143 316 2162 nos
336 2135 363 2162 in
381 2135 455 2162 omni
476 2135 536 2162 loco
546 2135 578 2161 δ’.
600 2145 608 2160 ι
626 2135 815 2164 Manifcslatus
835 2143 928 2166 autem
944 2143 986 2166 est
1004 2147 1054 2175 per

264 2186 374 2208 sanctos
396 2181 535 2216 apostolos
546 2180 678 2208 Dominus
690 2186 783 2209 noster
808 2183 888 2211 Jesus
905 2183 1033 2213 Christus
1044 2205 1052 2219 ,

264 2225 348 2251 veluti
359 2224 427 2252 odor
439 2225 603 2260 cognitionis
612 2226 659 2253 Dei
675 2234 707 2253 ac
722 2227 836 2254 Patris.«
846 2228 875 2257 Si
886 2230 959 2256 enim
977 2232 1053 2258 novit

263 2271 324 2304 quis
338 2270 453 2303 Filium,
467 2271 543 2298 novit
554 2271 666 2298 omnino
674 2277 702 2299 et
716 2272 824 2300 Patrem
837 2274 886 2306 ",i
903 2275 939 2302 ob
947 2281 1052 2304 naturze

263 2315 451 2348 identitatem,
475 2316 602 2351 quodque
618 2325 667 2352 per
688 2318 780 2346 omnia
805 2320 946 2355 aequaliter
969 2325 1051 2357 atque

262 2360 453 2388 indiﬂcrentcr
472 2370 501 2390 se
523 2361 632 2390 habeat.
654 2362 827 2393 Conveniunt
841 2367 953 2401 quidem
969 2368 1050 2396 Chri-

261 2411 303 2433 sto
319 2415 325 2432 :
340 2407 504 2434 conveniant
526 2413 618 2436 autem
642 2410 740 2437 merito
753 2410 835 2438 etiam
861 2420 933 2440 novo
947 2415 1049 2449 populo

260 2452 318 2479 hrec
335 2461 340 2479 :
364 2462 371 2478 ι
390 2452 440 2480 Det
455 2454 503 2481 tibi
524 2455 656 2483 Dominus
671 2457 704 2483 de
721 2465 783 2485 rore
803 2458 876 2491 cteli,
891 2463 918 2486 et
937 2460 970 2487 de
987 2461 1047 2495 pin-

258 2498 376 2532 guedine
399 2502 477 2526 terra:
495 2500 691 2528 abundantiam
711 2502 842 2531 frumenti
854 2512 885 2532 ac
895 2507 973 2540 panis
985 2507 1017 2534 ⁸⁸.
1034 2517 1043 2532 ι

258 2544 314 2570 ltus
330 2545 403 2571 enim
424 2546 485 2573 cceli
498 2551 524 2573 et
536 2547 672 2582 pinguedo
691 2553 780 2582 teme,
796 2550 848 2578 hoc
858 2556 909 2583 est,
926 2552 1047 2580 Verbum

257 2596 291 2615 ex
313 2589 393 2617 Patre
408 2590 487 2618 nobis
513 2591 606 2618 datum
626 2597 681 2625 est,
706 2594 782 2629 juxta
809 2596 1047 2632 participationem

257 2634 387 2662 nimirum
404 2637 453 2671 per
469 2636 600 2672 Spiritum
612 2659 619 2670 ,
635 2646 666 2666 ac
689 2639 786 2668 divinae
808 2641 919 2676 quidem
940 2649 1046 2672 naturae

257 2680 320 2707 l‘acti
337 2688 432 2708 sumus
445 2690 493 2717 per
509 2683 597 2718 ipsum
617 2685 765 2722 participes
781 2697 786 2714 :
811 2689 938 2724 nactique
961 2690 1044 2717 etiam

256 2726 360 2761 nopiam
375 2727 505 2756 frumenti
517 2734 544 2757 et
560 2730 626 2764 vini,
640 2732 692 2759 hoc
702 2737 744 2760 est
754 2753 761 2765 ,
775 2733 921 2762 roboriset
930 2734 1041 2762 laetitiae.

256 2770 399 2805 Siquidem
411 2780 475 2800 vere
487 2774 589 2802 dicitur
603 2785 608 2801 :
636 2786 644 2801 ι
670 2776 751 2804 Panis
767 2777 877 2805 roborat
889 2786 936 2805 cor
951 2779 1041 2807 homi-

1125 1136 1231 1170 Ἰακὼϐ,
1249 1137 1317 1165 ἀλλὰ
1331 1138 1377 1164 καὶ
1397 1137 1426 1163 ὲν
1449 1136 1560 1172 Χριστῷ
1582 1137 1613 1163 τὰ
1627 1135 1728 1167 τοιάδε,
1746 1135 1793 1161 καὶ
1806 1135 1835 1161 ἐν
1850 1136 1906 1166 τοῖς

1118 1183 1146 1208 ἐν
1161 1182 1251 1208 πίστει
1266 1181 1495 1216 δεδικαιωμένοις,
1510 1181 1535 1207 οἳ
1547 1180 1594 1207 καὶ
1608 1180 1690 1207 τέκνα
1701 1180 1830 1214 γεγόνασι
1845 1179 1906 1206 κατ’

1117 1226 1284 1261 ἐπαγγελίαν
1297 1227 1324 1252 ὲν
1347 1227 1448 1253 Ἰσαάκ.
1472 1225 1601 1261 Ἀρμόσει
1617 1224 1649 1260 δὴ
1665 1222 1710 1251 οὖν
1730 1225 1778 1260 τῆς
1797 1232 1904 1260 προφηο

1116 1273 1190 1305 τείας
1204 1273 1218 1298 ὁ
1232 1272 1294 1304 νοῦς
1308 1271 1355 1298 καὶ
1375 1271 1432 1306 λαῷ
1444 1270 1484 1306 τῷ
1497 1271 1560 1306 νέῳ,
1578 1271 1626 1297 καὶ
1639 1270 1714 1305 αὑτῴ
1731 1270 1770 1305 τῷ
1784 1269 1904 1305 Χριστῷ,

1115 1319 1144 1351 ὃς
1160 1320 1233 1345 ἐστιν
1253 1319 1323 1354 ἀρχὴ
1337 1318 1384 1345 καὶ
1399 1316 1559 1353 ἡγούμενος.
1575 1317 1735 1350 Λελόγισται
1755 1316 1784 1342 δὲ
1804 1316 1851 1342 καὶ
1864 1316 1904 1347 εὶς

1115 1365 1240 1402 δεύτερον
1268 1365 1363 1400 ’Λδὰμ,
1383 1365 1430 1391 καὶ
1450 1364 1512 1399 ῥίζα.
1525 1372 1568 1395 τις
1587 1363 1681 1398 ὥσπερ
1700 1363 1750 1398 τῆς
1764 1362 1900 1398 ἀνθρωπό-

1114 1421 1194 1448 ττίτος
1204 1412 1288 1446 ἀνέφυ
1301 1411 1425 1447 δευτέρα.
1436 1410 1525 1446 Καινὴ
1536 1411 1589 1446 γὰρ
1599 1410 1688 1441 κτίσις
1698 1410 1731 1436 τὰ
1743 1410 1771 1436 ἐν
1781 1409 1903 1444 Χριστιῖι,

1114 1459 1161 1485 καὶ
1176 1457 1405 1492 ἀνεκαινίσοημεν
1426 1457 1454 1484 ἐν
1475 1457 1549 1492 αὐτῷ
1573 1456 1641 1492 πρὸς
1656 1455 1792 1491 ἁγιασμόν
1812 1464 1843 1482 τε
1856 1455 1902 1482 καὶ

1113 1503 1268 1539 ἀφθαρσίαν
1282 1503 1327 1529 καὶ
1336 1502 1418 1538 ζωήν.
1426 1503 1462 1538 Ση
1468 1502 1556 1537 μαίνει
1568 1501 1607 1534 δὲ,
1616 1499 1703 1536 οἶμαι,
1716 1501 1766 1537 τῆς
1777 1500 1902 1534 εὐλογίας

1112 1549 1126 1575 ὁ
1143 1549 1232 1583 λόγος,
1248 1548 1296 1583 τὴν
1315 1549 1344 1574 ἐν
1368 1548 1479 1584 Χριστῷ
1497 1547 1543 1574 καὶ
1564 1547 1751 1586 πνευματικὴν
1775 1547 1901 1579 εὐωδίαν,

1111 1591 1167 1620 οἷον
1191 1593 1278 1629 ἀγροῦ
1300 1594 1346 1620 καὶ
1368 1593 1502 1628 λειμῶνος
1527 1592 1726 1619 εὖανθεστάτου
1751 1592 1835 1627 καλὴν
1855 1595 1901 1619 καὶ

1112 1639 1203 1675 ἡδεῖαν
1229 1639 1277 1674 τὴν
1302 1639 1330 1672 ἐξ
1348 1639 1450 1674 ὴρινῶν
1474 1638 1577 1665 ἀνθέων
1595 1638 1678 1670 ἱέντος
1703 1639 1802 1674 ὀσμήν.
1823 1638 1901 1666 Οὕτω

1111 1683 1165 1719 γὰρ
1177 1684 1242 1718 ἡμῖν
1253 1683 1348 1710 ἑαυτὸν
1363 1684 1391 1709 ἐν
1404 1682 1444 1718 τῷ
1464 1683 1584 1717 ’ᾼσματι
1605 1683 1660 1710 τῶν
1679 1683 1807 1718 ᾀσμάτων
1834 1683 1900 1710 ὠνό-

1112 1729 1198 1764 μαζεν
1210 1729 1224 1756 ὁ
1238 1729 1365 1765 Χριστος.
1379 1729 1467 1764 λέγων
1482 1728 1542 1764 μέν·
1562 1727 1632 1763 Ἐγὼ
1645 1728 1724 1760 ἄνθος
1735 1729 1781 1755 τοῦ
1796 1729 1898 1762 πεδίου,

1072 1759 1093 1788 C
1112 1759 1202 1812 κρίνον
1219 1759 1273 1801 τῶν
1297 1759 1439 1802 κοιλάδων.
1458 1759 1558 1810 κρίνον
1574 1759 1628 1810 γαρ
1650 1773 1684 1810 ἦν
1703 1759 1750 1802 καὶ
1771 1775 1846 1810 ῥόδον
1867 1759 1899 1802 ὲκ

1111 1821 1163 1856 γῆς
1185 1821 1299 1856 ἀναιρὺς,
1326 1821 1370 1847 διὰ
1393 1820 1423 1846 τὺ
1449 1820 1628 1856 ἀνθρώπινον.
1658 1821 1732 1857 Πλὴν
1754 1821 1803 1848 οὐκ
1822 1821 1898 1853 εἰδὼς

1111 1866 1257 1902 ἁμαρτίαν,
1269 1866 1509 1901 Θεοπρεπεστάτην
1521 1866 1550 1892 δὲ
1562 1865 1663 1901 μᾶλλον
1676 1867 1732 1898 τοῖς
1746 1866 1797 1893 ἀνὰ
1808 1867 1898 1893 πᾶσαν

1109 1913 1158 1948 τὴν
1173 1912 1337 1948 οἰκουμένην
1356 1911 1406 1947 τὴν
1422 1912 1453 1938 ὲκ
1477 1913 1532 1938 τῶν
1548 1911 1768 1948 κατορθωμάτων
1783 1912 1897 1939 εὐωδίαν

1110 1958 1170 1989 ἱείς.
1192 1957 1282 1994 ’Λγρῷ
1296 1957 1441 1993 τοιγαροῦν
1453 1957 1627 1993 εὐλογημένῳ
1642 1958 1718 1994 παρὰ
1733 1958 1811 1991 Θεοῦ,
1825 1966 1895 1993 παρ.

1108 2004 1211 2036 εικάζει
1234 2004 1369 2039 Χριστόν*
1389 2004 1435 2030 καὶ
1453 2003 1556 2039 σφόδρα
1578 2005 1706 2036 εἰκότως·
1729 2005 1808 2040 εῖττερ
1821 2004 1892 2041 ὀσμή

1106 2052 1166 2079 ἐστι
1184 2053 1233 2088 τῆς
1246 2051 1373 2087 γνώσεως
1385 2050 1432 2079 τοῦ
1456 2052 1524 2079 Θεοῦ
1542 2052 1589 2078 καὶ
1609 2051 1725 2086 Πατρός.
1745 2052 1817 2087 Ἔφη
1839 2052 1893 2087 γὰρ

1105 2093 1156 2124 ὦδε
1172 2097 1253 2124 πάλιν
1266 2099 1280 2124 ό
1296 2098 1438 2130 θεσπέσιος
1453 2097 1567 2129 Παῦλος·
1583 2097 1628 2132 Τῴ
1641 2097 1669 2124 δὲ
1683 2097 1743 2132 Θεῷ
1757 2097 1836 2132 χάρις
1854 2096 1893 2132 τῷ

1105 2144 1221 2171 πάντοτε
1239 2143 1431 2180 θριαμϐεύοντι
1451 2145 1526 2180 ἡμᾶς
1553 2144 1582 2170 ὲν
1599 2143 1637 2178 τῷ
1648 2143 1768 2179 Χριστῷ,
1783 2143 1830 2170 καὶ
1843 2143 1892 2179 τὴν

1103 2190 1192 2226 ὀσμὴν
1207 2190 1256 2225 τῆς
1271 2190 1397 2224 γνώσεως
1415 2189 1498 2217 αὑτοῦ
1523 2189 1684 2225 φανεροῦντι
1708 2190 1742 2216 δι’
1759 2189 1838 2225 ἡμῶν
1862 2190 1890 2216 ἰν

1103 2237 1185 2263 παντὶ
1196 2236 1279 2270 τόπῳ.
1289 2237 1469 2272 Ἐφανεροῦτο
1476 2236 1504 2263 δὲ
1513 2229 1557 2262 διὰ
1572 2236 1627 2262 τῶν
1637 2236 1722 2270 ἁγίων
1736 2235 1890 2263 ἀποστόλων

1102 2283 1115 2308 ὁ
1126 2283 1227 2317 Κύριος
1235 2282 1314 2318 ἡμῶν
1331 2281 1435 2318 Ἰησοῦς
1445 2283 1466 2308 Χ
1473 2282 1572 2317 ριστδς,
1582 2283 1620 2314 ὡς
1626 2282 1697 2316 ὀσμὴ
1705 2281 1755 2315 τῆς
1764 2280 1889 2316 γνώσεως

1101 2323 1148 2354 τοῦ
1161 2328 1227 2354 Θεοῦ
1245 2329 1291 2354 καὶ
1305 2328 1420 2363 Πατρός,
1436 2337 1446 2353 ι
1466 2328 1497 2354 El
1511 2327 1566 2364 γὰρ
1583 2328 1685 2363 Εγνωκέ
1701 2336 1742 2359 τις
1756 2328 1801 2354 τὸν
1815 2327 1887 2360 Υὶὸν,

1101 2374 1170 2408 ἔγνω
1192 2383 1243 2400 που
1259 2375 1367 2405 πάντως
1390 2374 1437 2400 καὶ
1457 2374 1503 2400 τὸν
1522 2374 1641 2407 Πατέρα,
1652 2374 1695 2401 διὰ
1713 2375 1758 2400 τὸν
1773 2374 1824 2409 τῆς
1837 2373 1885 2408 φύ-

1067 2429 1087 2456 D
1102 2428 1169 2452 σεως
1182 2421 1287 2453 ταυτὸν,
1303 2420 1349 2446 καὶ
1363 2420 1433 2446 κατὰ
1445 2421 1498 2446 πᾶν
1511 2420 1600 2446 ὁτιοῦν
1613 2420 1677 2451 ἴσως
1687 2428 1717 2446 τε
1735 2420 1782 2446 καὶ
1796 2420 1885 2454 ἀπαρ-

1097 2465 1238 2497 αλλάκτως
1252 2465 1323 2501 ἕχον.
1347 2465 1475 2501 Ἀρμὸσει
1491 2466 1541 2501 μὲν
1553 2464 1599 2493 οὖν
1615 2465 1649 2492 τὰ
1660 2466 1749 2492 τοιάδε
1766 2465 1884 2501 Χριστῷ,

1098 2513 1197 2548 πρέποι
1216 2512 1238 2539 δ’
1255 2512 1287 2539 ἂν
1301 2513 1412 2544 εἰκότως
1428 2514 1475 2540 καὶ
1496 2513 1552 2549 λαῷ
1565 2513 1602 2548 τῷ
1621 2513 1683 2548 νέῳ,
1698 2513 1738 2544 τὸ»
1757 2512 1818 2547 Δῲη
1844 2520 1883 2538 σοι

1097 2559 1200 2594 Κύριος
1221 2559 1274 2585 ἀπὸ
1298 2560 1348 2593 τῆς
1371 2559 1468 2594 δρόσου
1495 2559 1542 2586 τοῦ
1554 2558 1680 2595 οὐρανοῦ,
1703 2560 1749 2585 καὶ
1769 2558 1823 2584 ἀπὸ
1837 2558 1882 2592 τῆς

1098 2606 1224 2641 πιότητος
1240 2606 1286 2641 τῆς
1305 2606 1367 2641 γῆς,
1388 2605 1490 2640 πλῆθος
1514 2606 1588 2632 σίτου
1610 2606 1657 2632 καὶ
1673 2605 1754 2632 οἶνοι).
1785 2605 1817 2635 'ﬂ
1831 2603 1882 2639 γὰρ

1098 2650 1214 2686 οὐρανοῦ
1234 2651 1283 2686 μὲν
1297 2651 1402 2686 δρόσος,
1419 2651 1469 2687 γῆς
1481 2652 1508 2678 δὲ
1525 2652 1630 2686 πιότης,
1643 2651 1722 2677 τοῦτό
1738 2651 1806 2683 ἐστι,
1824 2649 1837 2676 ὁ
1851 2650 1881 2676 ὲκ

1099 2696 1165 2724 Θεοῦ
1179 2697 1285 2733 Πατρὺς
1296 2697 1382 2730 λόγος,
1395 2699 1460 2733 ἡμῖν
1468 2697 1570 2725 δέδοται
1586 2697 1656 2724 κατὰ
1669 2696 1776 2732 μέθεξιν
1790 2695 1880 2730 δηλον-

1097 2742 1136 2768 ότι
1167 2742 1216 2777 τὴν
1235 2742 1279 2769 διὰ
1298 2743 1533 2778 Πνεύματος,’καὶ
1556 2743 1631 2775 θείας
1651 2745 1700 2779 μὲν
1724 2743 1830 2777 φύσεως
1848 2741 1880 2768 δι’

1097 2787 1179 2814 αὐτοῦ
1204 2789 1353 2824 γεγόναμεν
1377 2791 1511 2817 κοινωνοί.
1535 2790 1707 2826 Ἐσχήκαμεν
1729 2790 1756 2817 δὲ
1782 2789 1879 2824 πλῆθος

289 2875 394 2905 “Cen.
408 2887 488 2913 xxvii,
510 2880 604 2908 '27-‘19.
643 2883 663 2898 δ’
681 2882 759 2910 Cant.
783 2892 811 2915 ιι,
829 2885 852 2911 l.
890 2886 912 2901 "
925 2886 946 2913 li
968 2886 1030 2914 Cor.
1044 2895 1073 2920 ιι,
1094 2888 1136 2915 Ν.
1176 2889 1198 2905 ⁵³
1212 2889 1304 2917 Matth.
1319 2898 1355 2921 xi,
1369 2891 1413 2917 '27.
1454 2891 1554 2919 “Cen.
1576 2900 1657 2926 xxvn,
1670 2892 1715 2920 28.
