1990 3050
240 179 291 206 175

735 170 762 200 S.
787 170 922 199 CYRlLLl
943 167 1178 197 ALEXANDRI‘NI
1199 166 1356 195 ARClllEP.

1811 164 1862 193 l76

239 241 310 263 terra
317 233 472 262 transibunt
479 241 485 258 ι
492 230 575 259 verba
582 235 672 258 autem
681 237 740 256 mea
747 237 800 255 non
808 226 999 255 transibunt".
1013 236 1021 251 ›

1086 228 1092 260 τ
1108 225 1144 260 γῆ
1155 235 1161 241 ·
1178 226 1243 252 ἰῶτα
1258 226 1286 251 ’ἐν
1306 226 1322 260 ἢ
1336 226 1385 260 μία
1404 225 1502 260 κεραία
1514 224 1544 250 οὐ
1563 224 1599 260 μὴ
1611 223 1733 260 παρέλθῃ
1745 223 1798 250 ἀπὸ
1814 223 1862 250 τοῦ

239 280 381 316 Siquidem
397 278 480 314 igitur
491 285 585 305 verum
597 280 648 308 est,
665 274 737 310 quod
753 273 852 301 Christi
871 273 985 300 verbum
998 276 1026 299 et

239 333 288 362 per
308 324 417 360 angelos
431 323 474 351 lex
488 327 546 350 erat
564 322 648 349 instar
662 318 862 348 benedictionis
880 317 1024 349 lsraelitis,

238 372 377 400 Christum
388 378 454 398 vero
465 377 525 397 esse
537 375 627 395 rorem
639 366 712 398 caeli,
724 369 751 392 et
762 363 956 399 pinguedinem
971 367 1026 390 ter-

241 415 277 446 ι’ιὲ
294 417 478 452 intelligimus.
497 414 646 442 Deliciatur
659 412 733 439 enim
756 409 957 445 quodammodo
976 417 1026 436 an-

238 463 361 498 gelorum
379 459 525 488 multitudo
539 457 698 486 coelestibus
709 463 741 482 ac
755 454 943 490 spiritualibus
956 454 1026 481 rori-

241 508 293 535 bus
305 507 435 542 irrigata:
450 505 487 532 ita
501 505 583 532 etiam
595 502 704 538 pinguis
715 505 789 528 terra
801 500 956 528 redundans
970 499 1027 534 spi-

215 548 218 554 ’
241 554 368 582 ritalibus
382 551 481 587 pluviis
491 550 521 578 in
538 547 778 576 fructiﬁcationem
794 547 953 582 spiritalem.
968 545 1027 573 Cae-

240 607 331 628 terum
349 607 416 631 nos,
436 597 483 632 qui
503 596 531 623 in
544 595 654 623 Christo
669 602 718 630 per
738 593 830 626 ﬁdem,
844 601 913 628 pane
924 596 952 620 et
965 592 1028 620 vino

240 643 397 680 locupletati
413 649 518 670 sumus.
542 640 647 675 Expers
666 647 732 667 vero
753 639 851 666 horum
873 642 916 666 est
933 638 1026 666 lsrael.

241 691 334 725 Neque
346 689 420 716 enim
432 688 485 714 hoc
495 686 631 722 adjectum
643 689 685 712 est
697 684 934 712 benedictionibus
945 683 1026 710 Esau.

240 737 373 771 Expertes
383 741 449 762 vero
460 733 542 760 etiam
555 732 634 760 aliter
646 731 739 759 miseri
751 730 838 759 Judaei
852 729 971 765 mystica:
983 729 1030 756 he-

241 781 419 813 nedictiouis,
443 779 663 815 quandoquidem
686 785 776 813 neque
797 777 850 804 hoc
873 776 967 804 datum
989 779 1030 803 est

239 826 328 854 cultui
344 825 438 860 legali;
453 829 591 856 servatum
611 827 701 850 autem
722 823 814 857 potius
826 825 867 849 est
878 821 985 856 populis
1002 820 1030 848 in

240 872 351 899 Christo
363 875 391 898 et
409 872 437 897 in
450 870 512 896 tide.
529 870 563 896 Et
575 877 624 896 nos
637 869 748 903 quidem
767 868 795 895 in
810 875 877 902 pace
889 875 938 902 per
949 866 1029 894 Chri-

1075 272 1168 306 νόμου,
1183 271 1236 302 ἕως
1254 271 1286 298 ἂν
1301 271 1389 298 πάντα
1402 271 1524 306 γένηται.
1547 271 1576 296 '0
1599 270 1712 305 οὐρανὸς
1734 269 1781 296 καὶ
1795 269 1812 304 ἡ
1827 268 1862 304 γῆ

1076 316 1301 352 παρελεύσονται,
1317 317 1341 343 oi
1356 316 1384 343 δὲ
1401 316 1474 351 λόγοι
1489 325 1539 351 μου
1554 316 1584 343 οὐ
1600 316 1637 352 μὴ
1650 315 1829 352 παρέλθωσιν.
1852 324 1860 340 ι

1077 362 1162 397 Εἴπερ
1178 360 1223 389 οὖν
1238 363 1310 389 ἐστιν
1326 362 1423 398 ἀληθὲς
1438 363 1478 389 ὅτι
1490 362 1608 397 Χριστοῦ
1621 362 1699 396 λόγος
1718 359 1762 397 ἦν,
1784 361 1830 388 καὶ
1849 362 1864 387 ὁ

1075 408 1110 434 δι’
1125 408 1246 442 ἀγγέλων
1273 407 1363 443 νόμος,
1386 408 1416 434 ὲν
1444 408 1520 441 τάξει
1543 407 1654 442 γέγονεν
1676 407 1799 442 εὐλογίας
1825 406 1865 442 τῷ

1084 453 1201 489 Ἰσραὴλ,
1226 454 1343 489 Χριστὸν
1366 453 1394 480 δὲ
1415 450 1546 488 εἶναιτὴν
1567 452 1681 488 οὐρανοῦ
1695 453 1800 488 δρόσον,
1818 452 1865 478 καὶ

1077 498 1129 534 γῆς
1145 499 1248 534 νοῶμεν
1260 499 1385 535 πιότητα.
1404 498 1531 534 Σπαταλᾷ
1545 498 1599 534 γὰρ
1613 498 1707 534 ὥσπερ
1720 499 1737 534 ἡ
1751 498 1805 525 τῶν
1816 498 1865 532 ἀγ-

1077 544 1165 578 γέλων
1179 544 1283 580 πληθὺς
1299 546 1359 577 ταῖς
1373 544 1476 572 ἄνωθεν
1489 544 1536 572 καὶ
1553 545 1750 580 πνευματικαῖς
1763 553 1865 580 καταρ-

1078 589 1177 625 δομένη
1193 590 1308 626 δρόσοις,
1333 590 1404 617 οὕτω
1427 591 1475 618 καὶ
1500 590 1632 618 πιανοῠσα
1646 591 1663 626 ἡ
1686 591 1723 626 γῆ
1746 591 1864 626 ἐντρυφᾷ

1078 636 1134 666 τοῖς
1158 637 1263 670 νοητοῖς
1289 636 1376 668 ὑετοῖς
1394 636 1433 668 εις
1453 637 1640 672 καρποφορίαν
1667 637 1863 672 πνευματικήν.

1085 681 1153 707 Ἀλλ’
1167 682 1246 716 ἡμεῖς
1268 681 1316 717 μὲν
1339 682 1363 708 οι
1388 682 1416 708 ἐν
1440 681 1550 717 Χριστῷ
1564 682 1608 708 διὰ
1620 682 1737 714 πίστεως
1749 682 1823 718 ἄρτῳ
1836 691 1865 709 τε

1080 726 1127 753 καὶ
1153 726 1216 762 οἴνῳ
1241 727 1470 762 πεπλουτίσμεθα.
1507 727 1653 762 Ἀμέτοχος
1677 726 1705 753 δὲ
1731 727 1832 754 τούτων
1852 728 1866 753 6

1087 772 1193 807 Ἰσραήλ
1206 780 1212 786 ·
1237 773 1266 799 οὐ
1287 773 1341 808 γὰρ
1364 774 1541 809 ὲπενήνεκται
1557 774 1636 800 τοῦτο
1652 775 1712 805 ταῖς
1731 773 1866 808 εὐλογίαις

1086 816 1181 844 Ἡσαῦ.
1201 817 1341 853 Ἀμέτοχοι
1353 818 1381 845 δὲ
1394 819 1441 845 καὶ
1454 819 1555 855 ἑτέρως
1567 820 1590 846 οἱ
1603 820 1718 852 τάλανες
1733 820 1865 852 Ἰουδαῖοι,

1082 862 1132 896 τῆς
1150 863 1284 898 μυστικῆς
1300 863 1439 898 εὐλογίας·
1455 865 1515 891 ἐπεὶ
1537 865 1604 901 μηδὲ
1620 865 1698 892 τοῦτο
1715 866 1819 893 δέδοται
1834 868 1866 902 τῇ

242 922 315 945 stum
326 924 476 948 versamur,
490 915 570 943 Israel
584 910 648 942 vero
665 914 693 941 in
706 913 795 941 bellis.
810 913 844 940 Et
857 912 1029 940 hmreditavi-

1086 908 1151 934 κατὰ
1174 908 1255 944 νόμον
1282 909 1404 945 λατρεία,
1430 911 1578 946 τετήρηται
1602 911 1629 938 δὲ
1647 911 1746 946 μᾶλλον
1764 913 1818 944 τοῖς
1840 913 1868 938 ὲν

242 970 305 990 mus
316 961 475 997 spiritaliter
493 965 593 987 terram
609 958 807 994 promissionis,
823 965 884 992 qua:
896 962 938 985 est
951 961 1030 993 typus

244 1015 368 1044 supernae
389 1015 422 1034 ac
442 1005 613 1041 spiritualis:
631 1005 709 1039 cujus
731 1004 787 1039 ipse
804 1004 886 1030 etiam
909 1002 1032 1030 Salvator

243 1054 379 1085 meminit,
394 1052 487 1080 dicens
501 1061 506 1078 :
524 1061 532 1076 ‹
552 1051 627 1078 Beati
641 1050 730 1082 mites,
745 1051 808 1085 quia
820 1050 872 1085 ipsi
885 1049 1031 1076 haeredita—

244 1101 314 1127 bunt
332 1103 432 1126 terram
450 1098 483 1125 ⁵⁷.
501 1107 510 1122 ι
525 1097 559 1124 Ει
579 1104 629 1124 nos
650 1097 678 1123 in
692 1096 755 1123 ﬁliis
774 1103 869 1123 sumus
890 1095 1032 1122 constituti

244 1152 294 1179 per
309 1143 434 1178 spiritum
453 1141 582 1173 liberum,
598 1144 626 1168 et
645 1140 678 1167 ad
693 1139 833 1167 Christum
854 1139 938 1167 veluti
956 1140 1033 1175 juxta

246 1197 296 1217 nos
309 1189 420 1221 factum,
434 1192 462 1215 et
472 1187 583 1215 fratrem
595 1190 719 1214 nostrum
732 1185 906 1218 accessimus,
920 1185 1034 1220 pulchra

245 1243 279 1263 ac
292 1238 441 1270 spontanea
452 1232 607 1260 obedientia
618 1232 748 1267 przestita.
762 1231 844 1259 Israel
858 1239 923 1259 vero
938 1231 1033 1266 subju-

246 1285 325 1316 gatus
338 1284 389 1313 est,
406 1284 434 1307 et
445 1278 685 1313 Mosaicislegibus
697 1281 836 1309 oneratus,
851 1277 959 1304 mortali
972 1284 1035 1312 sup-

246 1327 330 1362 plicio
348 1325 555 1361 transgressioni
567 1324 718 1359 proposito.
733 1323 844 1351 Audirit
857 1323 929 1350 enim
942 1324 1032 1350 Esau:

251 1382 260 1398 ι
279 1372 313 1400 Ει
325 1371 403 1398 fratri
416 1374 461 1397 tuo
476 1369 579 1397 servies
596 1369 633 1401 ‘5;
653 1378 662 1393 ι
675 1368 728 1395 hoc
744 1371 796 1400 est,
813 1367 952 1402 subjectus
969 1367 1034 1400 eris,

247 1418 330 1446 etiam
343 1420 442 1452 praeter
452 1415 620 1442 voluntatem
635 1418 718 1446 tuam,
734 1413 758 1440 ei
772 1414 818 1448 qui
831 1413 880 1440 tibi
892 1417 989 1440 natura
1001 1413 1036 1440 si-

248 1464 322 1492 milis
334 1467 385 1490 est.
398 1462 485 1489 llomo
503 1464 592 1487 autem
605 1463 632 1487 et
649 1459 747 1498 similis
760 1459 841 1486 nobis
856 1462 898 1486 est
915 1458 1035 1494 Moyses,

249 1508 318 1535 nihil
329 1506 507 1534 excellentius
524 1505 551 1531 in
566 1512 595 1532 se
615 1504 728 1536 habens,
745 1507 877 1538 quantum
895 1503 991 1530 attinet
1003 1503 1036 1530 ad

249 1552 429 1581 humanitatis
452 1551 596 1578 rationem.
621 1549 726 1576 ldeirco
743 1549 825 1576 etiam
846 1548 1036 1576 universorum

250 1597 517 1626 Dominuslsraelem
529 1595 656 1631 populum
671 1594 766 1630 Maysis
782 1595 898 1622 vocavit.
914 1594 1036 1621 Vitulum

252 1643 324 1670 enim
334 1642 387 1669 sibi
402 1641 528 1668 fecerunt
538 1641 565 1667 in
580 1639 736 1667 solitudine.
748 1640 820 1666 Deus
832 1647 898 1666 vero
911 1638 943 1666 ad
963 1639 1037 1674 Moy-

251 1697 299 1716 sen
311 1689 349 1715 ita
366 1688 422 1714 ait:
439 1697 447 1712 ι
463 1686 546 1718 Vade,
559 1685 657 1720 inquit,
671 1684 806 1712 descende
817 1684 943 1712 celeriter
954 1684 1017 1711 hinc
1030 1693 1036 1710 :

252 1732 367 1767 deliquit
380 1731 454 1759 enim
474 1730 591 1766 populus
606 1733 679 1761 tuus,
697 1736 777 1764 quem
796 1728 913 1756 eduxisti
933 1736 947 1755 e
967 1732 1039 1755 terra

251 1779 360 1814 Egypti
377 1778 410 1804 ⁵³.
427 1787 436 1803 ›
457 1777 536 1811 103
553 1775 654 1803 Paulus
666 1783 732 1802 vero
750 1774 832 1802 etiam
846 1774 933 1810 legem
952 1774 1038 1809 ipsam

255 1826 281 1852 in
293 1825 382 1851 littera
395 1823 475 1850 beato
490 1821 573 1857 Moysi
587 1821 694 1848 tribuit.
705 1821 744 1848 lta
755 1821 828 1848 enim
842 1820 896 1847 ait:
910 1829 919 1845 ι
930 1820 1040 1848 Violans

254 1870 316 1904 quis
324 1870 411 1904 legem
417 1868 516 1903 Moysis
522 1867 625 1902 absque
632 1866 868 1894 commiseratione
877 1866 1040 1894 subduohus

254 1918 300 1940 aut
316 1913 405 1940 tribus
425 1912 550 1944 testibus,
569 1911 686 1939 moritur
708 1912 740 1938 "°.
759 1921 768 1937 ›
786 1911 863 1944 Quod
879 1919 944 1938 vero
958 1911 1039 1939 Israel

255 1960 353 1996 Moysis
360 1961 455 1996 jugum
467 1958 642 1993 depositurus
652 1961 733 1989 esset,
742 1961 855 1984 vocante
867 1957 954 1992 ipsum
962 1956 1041 1984 Chri-

255 2010 297 2034 sto
314 2005 348 2033 ad
362 2005 476 2040 gratiam
497 2012 546 2039 per
570 2003 668 2035 ﬁdem,
683 2002 900 2038 priesignilicavit
922 2002 1016 2030 dicens
1033 2012 1038 2029 :

260 2062 268 2077 (
286 2051 345 2079 Erit
357 2056 447 2078 autem
464 2049 574 2085 quando
585 2049 706 2084 deponas
718 2051 746 2075 et
759 2048 885 2076 detrahas
895 2048 989 2083 iugum
1002 2048 1042 2083 ip-

257 2097 314 2125 sius
327 2106 342 2124 a
362 2097 432 2125 collo
448 2101 495 2124 tuo
514 2096 546 2122 ⁶¹.
565 2105 573 2121 ›
591 2096 778 2123 Excusserunt
798 2094 871 2121 enim
888 2095 1042 2122 cervicibus

257 2144 314 2171 suis
331 2142 503 2171 intolerabile
526 2136 673 2169 admodum
694 2141 761 2176 legis
779 2141 873 2176 jugum
895 2141 1040 2174 lsraelitze,

257 2189 409 2217 credentes.
424 2187 518 2216 Vocati
541 2187 614 2214 enim
631 2190 695 2214 sunt
714 2186 747 2214 ad
769 2186 903 2214 libertatis
924 2187 1041 2222 dignita-

1081 954 1190 993 Χριστῷ
1205 954 1251 981 καὶ
1263 956 1291 982 ἐν
1305 955 1394 983 πίστει
1406 956 1489 988 λαοῖς.
1504 957 1559 984 Καὶ
1571 958 1650 992 ἡμεῖς
1665 958 1714 992 μὲν
1729 959 1757 984 ὲν
1771 958 1868 995 είρήνῃ

1081 1000 1124 1028 διὰ
1136 1001 1265 1036 Χριστοῦ,
1280 1002 1309 1028 ὲν
1327 1001 1455 1038 πολέμοις
1466 1003 1494 1029 δὲ
1505 1003 1519 1029 6
1538 1003 1655 1037 Ἰσραὴλ,
1674 1003 1720 1030 καὶ
1734 1004 1867 1039 κεκληρο-

1083 1046 1240 1082 νομήκαμεν
1255 1046 1389 1081 αἰσθητῶς
1404 1047 1453 1082 τῆς
1471 1048 1634 1082 ἐπαγγελίας
1648 1049 1697 1084 τὴν
1708 1050 1770 1085 γῆν,
1785 1051 1869 1078 τύπον

1083 1091 1196 1126 ἔχουσαν
1211 1093 1260 1128 τῆς
1277 1093 1332 1120 ἀνω
1349 1093 1396 1119 καὶ
1410 1094 1518 1128 νοητῆς,
1533 1091 1567 1129 ἦς
1583 1095 1629 1121 καὶ
1643 1095 1723 1127 αὐτὸς
1739 1097 1753 1122 6
1773 1097 1869 1134 Σωτὴρ

1083 1137 1229 1173 ἐμέμνητο,
1254 1138 1356 1172 λέγων·
1375 1147 1384 1163 ι
1404 1139 1542 1174 Μακάριοι
1566 1140 1591 1166 οἱ
1609 1142 1716 1176 πραεῖς,
1736 1143 1775 1169 ὅτι
1793 1143 1868 1170 αὐτοὶ

1084 1183 1318 1220 κληρονομήσουσι
1331 1183 1380 1219 τὴν
1399 1185 1460 1220 γῆν.
1478 1193 1488 1209 ³
1507 1185 1562 1212 Καὶ
1576 1186 1655 1220 ἡμεῖς
1673 1187 1700 1213 ὲν
1715 1187 1819 1220 τέκνοις
1835 1189 1868 1215 δι’

1085 1229 1226 1264 ἐλευθέρου
1254 1229 1419 1265 πνεύματος,
1444 1229 1492 1256 καλ¹
1519 1230 1557 1262 ὡς
1587 1231 1647 1258 καθ’
1674 1232 1746 1267 ἡμᾶς
1770 1242 1800 1260 τε
1822 1235 1869 1261 καὶ

1085 1275 1190 1311 ἀδελφῷ
1204 1275 1350 1312 προσίεμεν
1365 1275 1403 1311 τῷ
1419 1276 1540 1313 Χριστῷ,
1558 1278 1643 1314 καλὴν
1656 1280 1702 1306 καὶ
1717 1279 1870 1308 ἐθελούσιον

1086 1322 1242 1356 ποιούμενοι
1256 1322 1304 1357 τὴν
1319 1322 1467 1358 ὑποταγὴν.
1487 1316 1666 1356 ’Υπέζευκται
1679 1325 1706 1352 δὲ
1722 1326 1776 1353 ἂνω
1790 1328 1870 1355 πάλιν

1086 1367 1100 1393 ὁ
1133 1367 1249 1402 Ἰσραὴλ,
1273 1367 1318 1394 καί
1345 1369 1400 1400 τοῖς
1418 1369 1540 1401 Μωσέως
1563 1370 1742 1406 κατήχθισται
1767 1373 1871 1408 νόμοις,

1087 1414 1201 1441 θάνατον
1219 1414 1361 1449 ὑπομένων
1379 1414 1427 1451 τὴν
1446 1416 1491 1442 ἐπὶ
1510 1418 1569 1449 ταῖς
1590 1419 1762 1454 παραϐάσεσι
1781 1420 1872 1457 δίκην.

1090 1461 1189 1487 Ἦκουε
1212 1459 1266 1495 γὰρ
1294 1460 1379 1487 Ἦσαῦ
1391 1470 1397 1476 ·
1423 1471 1432 1487 ι
1448 1462 1503 1488 Καὶ
1523 1462 1561 1498 τῷ
1578 1464 1684 1500 ἀδελφῴ
1702 1475 1747 1492 σου
1763 1467 1870 1494 δουλεύ-

1090 1513 1164 1537 σεις¹
1183 1514 1192 1531 ι
1223 1506 1369 1540 τουτέστιν,
1398 1502 1583 1545 ὑποταχθήσῃ,
1611 1511 1658 1537 καὶ
1683 1513 1731 1547 οὐχ
1751 1512 1873 1550 ἑκὼντῷ

1089 1551 1159 1578 κατὰ
1177 1551 1206 1577 σὲ
1229 1551 1277 1586 τὴν
1301 1551 1392 1586 φύσιν.
1423 1553 1581 1589 Ἀνθρωπος
1592 1555 1621 1581 δὲ
1636 1556 1682 1583 καὶ
1698 1558 1759 1584 καθ’
1773 1559 1847 1594 ἡμᾶς
1860 1561 1874 1586 ὁ

1090 1597 1202 1631 Μωσῆς.
1216 1597 1290 1623 οὐδὲν
1302 1597 1370 1632 ἔχων
1383 1598 1414 1624 τὸ
1427 1600 1556 1634 περισσὸν
1569 1601 1628 1628 ὅσον
1641 1599 1708 1638 ἧκεν
1722 1603 1818 1637 εἰπεῖν,
1834 1606 1874 1636 εἰς

1089 1642 1133 1668 τὸν
1152 1642 1202 1677 τῆς
1222 1641 1431 1677 ἀνθρωπὸτητος
1454 1644 1542 1679 λόγον.
1566 1647 1621 1673 Καὶ
1642 1648 1708 1682 γοῦν
1734 1649 1747 1675 6
1766 1650 1874 1677 πάντων

1090 1687 1225 1721 Δεσπότης
1241 1687 1317 1714 λαὸν
1330 1689 1420 1715 ἐκάλει
1435 1691 1564 1725 Μωσέως
1577 1692 1622 1718 τὸν
1645 1694 1751 1729 Ἰσραήλ
1762 1701 1770 1710 ⁸
1789 1704 1874 1731 μεμο-

1091 1731 1270 1766 σχοποιήκαοι
1283 1732 1338 1768 γὰρ
1351 1733 1421 1760 κατὰ
1433 1734 1480 1769 τὴν
1492 1735 1600 1771 ἔρημον.
1617 1735 1685 1764 Εἶτα
1696 1739 1763 1774 πρὸς
1774 1740 1875 1767 Μωσέα

1090 1776 1155 1808 Θεός
1167 1784 1175 1792 ”
1195 1786 1204 1802 ι
1225 1777 1330 1810 Βάδιζε,
1345 1779 1489 1814 κατάϐηθι,
1510 1782 1586 1817 φησι,
1599 1782 1630 1808 τὸ
1641 1783 1724 1818 τάχος
1739 1784 1874 1812 ὲντεῦοεν·

1090 1822 1211 1858 ὴνόμησε
1229 1823 1282 1858 γὰρ
1305 1825 1318 1850 6
1334 1824 1397 1856 λαός
1421 1834 1478 1857 σου,
1492 1826 1521 1853 ὃν
1534 1826 1668 1863 ἐξήγαγες
1680 1830 1712 1856 ὲκ
1727 1830 1779 1866 γῆς
1791 1831 1876 1866 Αίγῦ-

1092 1877 1169 1896 πτου.
1186 1879 1194 1894 ι
1211 1869 1315 1902 Παῦλος
1330 1871 1378 1906 μὲν
1393 1870 1438 1899 οὖν
1453 1873 1467 1898 ὁ
1479 1873 1622 1907 θεσπέσιος
1639 1877 1685 1903 καὶ
1697 1877 1776 1905 αὑτὸν
1789 1880 1877 1906 ἀνετί-

1092 1914 1133 1960 θει
1149 1914 1186 1949 τῷ
1200 1916 1326 1951 μακαρίῳ
1339 1917 1424 1953 Μωσῇ
1439 1918 1483 1944 τὸν
1497 1919 1525 1945 ὲν
1537 1920 1680 1955 γράμματι
1696 1923 1786 1958 νόμον.
1803 1925 1876 1960 Ἔφη

1092 1959 1147 1995 γὰρ
1168 1960 1265 1992 οὕτως’
1289 1970 1298 1986 ‹
1324 1962 1469 1997 ’Λοετὴο-ας
1488 1973 1529 1996 τις
1543 1965 1623 2000 νόμον
1643 1967 1773 2001 Μωσέως,
1791 1971 1877 2006 χωρὶς

1093 2007 1242 2042 οἰκτιρμῶν
1253 2007 1298 2034 ἐπὶ
1307 2007 1382 2034 δυσὶν
1396 2009 1412 2044 ἢ
1428 2011 1501 2045 τρισὶ
1513 2012 1657 2047 μάρτυσιν,
1671 2014 1847 2050 ἀποθνήσκει.
1866 2028 1874 2043 ι

1094 2052 1155 2078 Ὀτι
1181 2052 1209 2079 δὲ
1234 2052 1345 2088 ἔμελλεν
1368 2054 1382 2080 6
1406 2054 1511 2092 Ἰσραὴλ
1536 2057 1582 2084 τὸν
1602 2058 1645 2085 διὰ
1669 2059 1717 2086 τοῦ
1739 2062 1877 2097 πανσόψου

1093 2097 1215 2129 Μωσέως
1243 2098 1392 2126 ἀποθέσθαι
1424 2099 1514 2134 ζυγὸν,
1542 2102 1688 2136 καλοῦντος
1715 2105 1797 2132 αὐτὸν
1831 2108 1878 2134 τοῦ

1093 2142 1214 2189 Χριστοῦν
1227 2142 1295 2189 πρὸς
1306 2143 1355 2178 τὴν
1373 2144 1416 2171 διὰ
1433 2145 1549 2179 πίστεως
1562 2148 1651 2184 χάριν,
1665 2154 1879 2189 προκαταμεμή-

1094 2196 1174 2234 νυκεν
1193 2188 1296 2234 statim:
1324 2198 1333 2214 ι
1356 2190 1452 2217 Ἔσται
1478 2191 1505 2218 δὲ
1532 2193 1614 2229 ἡνίκα
1637 2195 1669 2222 ἂν
1691 2197 1807 2234 καθέλῃς
1832 2188 1879 2226 καὶ

257 2242 322 2268 tem,
337 2243 386 2271 per
406 2234 486 2262 [idem
502 2233 530 2260 in
544 2232 683 2260 Christum
703 2233 742 2265 ";
757 2240 806 2268 per
819 2241 910 2268 quem,
931 2238 959 2260 et
980 2241 1033 2260 cun

1094 2232 1210 2268 ὲκλύσῃς
1227 2233 1271 2260 τὸν
1289 2232 1371 2268 ζυγὸν
1383 2235 1463 2262 αὑτοῦ
1481 2237 1535 2264 ἀπὸ
1553 2240 1689 2276 τραχήλου
1708 2251 1765 2270 σου.
1820 2245 1879 2278 Ἐξ-

259 2289 322 2316 quo,
336 2280 391 2308 Deo
405 2287 436 2307 ac
446 2279 519 2307 Patri
535 2278 620 2314 gloria
634 2285 696 2306 cum
709 2282 802 2305 sancto
820 2277 934 2313 Spiritu,
949 2279 977 2305 in
990 2286 1040 2306 sa:-

257 2328 318 2354 cula
336 2326 507 2354 saeculorum.
527 2324 622 2352 Amen.

1095 2279 1192 2306 έλυσαν
1205 2279 1260 2316 γὰρ
1275 2280 1330 2307 τῶν
1348 2282 1491 2318 τραχήλων
1503 2283 1550 2311 τὸν
1566 2286 1613 2313 τοῦ
1626 2287 1707 2323 νόμον
1722 2288 1802 2324 ζυγὸν
1817 2291 1880 2317 δυσ-

1096 2325 1226 2374 φόρητον-
1241 2325 1308 2374 ὅντα
1331 2326 1392 2374 λίαν
1413 2329 1449 2374 οίῌ
1466 2329 1496 2362 ἐξ
1534 2331 1641 2369 Ἰσραὴλ
1673 2336 1877 2374 πιστεύσαντες.

259 2371 411 2406 Κέκληνται
435 2369 489 2405 γὰρ
511 2370 563 2418 εῖςν
584 2368 724 2418 ἐλειξίλερον
745 2369 852 2404 ἀξίωμα
872 2368 916 2396 διὰ
942 2369 991 2404 τῆς
1012 2369 1129 2401 πίστεως
1151 2371 1180 2397 ὲν
1204 2370 1323 2406 Χριστῷ.
1349 2373 1387 2399 Δι’
1421 2371 1451 2401 οὗ
1478 2376 1524 2403 καὶ
1556 2378 1615 2412 μεθ’
1648 2377 1678 2407 οὗ
1695 2371 1733 2415 τῷ
1756 2382 1815 2418 Θεῷ
1834 2368 1880 2411 καὶ

259 2419 346 2453 Πιτρὶ
366 2417 459 2453 ήδόξα
481 2417 529 2444 σὺν
553 2417 622 2452 ἁγίῳ
639 2416 777 2452 Πνεύματι
795 2418 834 2449 είς
854 2417 916 2449 τοὺς
939 2417 1039 2450 αίῶνας
1058 2418 1112 2444 τῶν
1124 2417 1238 2445 αἰώνων.
1258 2418 1352 2455 Ἀμήν.
1556 2408 1563 2412 ⁷
1719 2408 1725 2415 ’

295 2514 317 2528 ⁵⁸
327 2513 421 2540 Matth.
438 2521 463 2546 ν,
474 2513 514 2540 l8.
553 2514 574 2529 “
588 2514 669 2547 lbid.,
684 2515 710 2542 4.
749 2513 772 2530 ⁸⁸
784 2513 851 2543 Gen.
864 2522 936 2547 xxlx,
950 2514 994 2542 '59.

294 2547 416 2575 "Galat.
429 2556 455 2580 ν,
469 2548 512 2576 15.

1049 2514 1072 2530 ⁵⁸
1087 2514 1172 2542 Exod.
1188 2523 1270 2548 xxx”,
1284 2516 1308 2541 7.

1366 2516 1387 2531 °“
1402 2516 1484 2543 llcbr.
1497 2525 1524 2549 x,
1535 2517 1580 2544 28.
1620 2518 1639 2534 ε’
1653 2518 1720 2546 Gen.
1739 2527 1822 2551 nm.
1835 2521 1880 2548 40.
