1990 3050
104 156 150 185 131
618 150 878 181 GLAPHYROR‘UM
899 150 908 177 Ι

962 147 1104 176 ἰΕΝΕΞΙΜ
1123 147 1187 175 LIB.
1209 147 1251 175 IV.
1689 143 1741 172 ἰδί

103 212 222 241 Χαναὰν.
247 211 381 243 Ἀναστὰς
390 209 522 246 ὰπόδραθι
537 210 576 241 εἰς
596 208 646 244 τὴν
670 206 894 242 Μεσοποταμίαν,

965 205 1125 233 editandum
1145 211 1247 233 terram
1267 203 1402 231 iucolatus
1417 201 1466 235 tui,
1482 209 1563 237 quam
1581 199 1656 228 dedit
1669 200 1741 227 Dt‘us

105 263 143 290 είς
161 258 206 284 τδν
221 253 296 284 οἷκον
314 256 438 292 Βαθουὴλ
453 256 499 283 τοῦ
523 255 626 291 πατρὸς
639 254 690 289 τῆς
716 253 819 290 μητρός
838 262 897 286 σου,
951 252 1068 280 Abrahte
1080 252 1113 279 ⁷⁸.
1131 261 1140 277 ι

105 306 151 333 καὶ
161 305 226 331 λάϐε
244 304 351 340 σεαυτῷ
369 305 487 338 γυναῖκα
502 303 606 332 ἐκεῖθεν
624 303 656 329 ὲκ
669 302 724 329 τῶν
735 301 893 337 θυγατέρων
912 299 1006 327 Λάΰαν
1021 299 1068 327 τοῦ
1085 298 1199 334 ἀδελφοῦ
1216 299 1266 334 τῆς
1300 297 1402 334 μητρός
1435 304 1492 323 σου.
1514 295 1544 321 Ὀ
1560 294 1588 320 δὲ
1603 293 1668 325 Θεὸς
1691 301 1740 327 μου

105 352 252 387 εὐλογῆσαι
273 360 304 379 σε
328 353 375 379 καὶ
389 351 505 387 αὐξῆσαι
527 359 556 377 σε
573 351 620 378 καὶ
645 350 777 385 πληθύναι
794 358 833 380 σε,
849 349 897 375 καὶ
915 348 963 384 ἔσῃ
998 349 1038 380 εἰς
1057 347 1219 382 συναγωγὰς
1251 346 1347 378 ἐθνῶν,
1368 345 1415 371 καὶ
1428 344 1484 379 δῴη
1503 351 1543 369 σοι
1556 341 1604 377 τὴν
1617 340 1742 374 εὐλογίαν

113 400 239 437 Ἀϐραὰμ
262 399 309 427 τοῦ
329 400 432 436 πατρός
448 408 505 432 σου,
528 400 570 426 σοι
584 399 631 426 καὶ
645 398 684 434 τῷ
699 398 836 435 σπέρματι
869 406 915 424 σου
937 397 1006 432 μετὰ
1030 396 1070 429 σὲ,
1095 395 1300 432 κληρονομῆσαι
1324 394 1374 429 τὴν
1396 394 1448 428 γῆν
1479 392 1528 427 τῆς
1552 387 1742 425 παροικήσεώς

107 457 164 481 σου,
180 449 214 484 ἢν
229 449 330 476 ἔδωκεν
343 449 357 475 ὀ
369 448 435 479 Θεὸς
446 447 485 484 τῷ
507 447 640 483 Ἀϐραάμ.
657 456 666 473 ι

142 495 174 530 β’.
192 495 277 521 Ὅσον
295 495 344 530 μὲν
358 491 405 521 οὖν
420 493 460 525 είς
477 502 509 528 γε
523 493 553 520 τὸ
571 493 690 529 γράμμα
705 491 751 519 καὶ
760 491 795 519 τὰ
806 492 838 518 ἐκ
852 491 901 526 τῆς

107 541 229 576 ἱστορίας
253 540 470 576 ὑποδηλυύμενα,
488 539 590 576 πρέποι
615 539 648 567 ἂν
676 539 726 566 οὐκ.
752 539 781 565 ἐν
810 536 902 573 μικρῷ

108 586 243 613 ποιεῑσοαι
259 586 379 622 θαύματι
400 587 449 621 τὴν
463 594 492 612 τε
515 585 664 612 Ῥεὸἐκκαν
684 583 779 620 αὐτὴν,
793 584 841 610 καὶ
857 583 902 609 τὸν

110 632 245 668 μακάριον
268 631 376 659 Ἰακώϐ.
397 630 428 658 Ἦ
454 631 503 666 μὲν
528 631 582 666 γὰρ
595 630 633 662 ὡς
646 629 790 666 προῦχοντι
806 628 845 664 τῷ
857 628 903 654 ἀν-

108 678 151 714 δρὶ
162 679 347 714 προσεκόμιζε
362 678 449 713 λιτὴν,
461 677 510 713 τὴν
525 677 570 703 ὲπί
587 685 618 711 γε
630 676 669 712 τῷ
689 675 750 711 υἱῷ,
769 675 850 711 φημί.
873 674 903 700 '0

109 723 136 751 δὲ
151 724 197 750 τὸν
212 723 262 758 τῆς
277 723 386 758 φύσεως
405 721 487 758 νόμον
514 721 632 747 ἐποιεῖτο
656 719 828 756 παραχρῆμα
854 716 902 744 τοῦ

111 769 262 805 πρέποντος
287 768 453 804 βραϐευτὴν,
475 767 525 794 καὶ
539 767 585 793 τὸν
598 765 760 801 ἀνεθέλητον
773 765 805 799 τῇ
819 763 904 799 μητρὶ

111 816 198 850 γάμον
215 814 409 851 παραιτεῖσθαι
428 813 598 849 προστέταχε
613 812 651 848 τῷ
664 811 727 847 υἱῷ,
745 810 903 837 κολακεύων

111 861 209 897 τρόπον
227 860 288 887 τινὰ
318 860 364 887 τὸν
383 859 412 892 ἐξ
435 858 516 885 αὑτοῦ
535 858 623 893 φύντα
646 857 693 884 καὶ
714 856 903 892 τεθραμμένον

112 892 242 940 εύσεδῶς,
255 907 315 932 κατ’
334 905 406 941 ἴχνος
423 905 492 932 ἰέναι
510 905 559 939 τῆς
574 903 702 939 πατρῴας
714 903 824 938 ἀρετῆς.
834 902 904 928 Παν-
919 892 940 920 Β

111 953 180 988 τοιχῆ
196 952 250 987 γὰρ
260 952 412 987 εὑρήσομεν
429 950 474 977 τὸν
494 950 637 977 θεσπέσιον
657 947 765 980 Ἰακὼϐ,
779 948 836 978 τοῖς
849 946 904 973 τῶν

113 998 313 1034 γεγεννηκότων
337 997 445 1024 εἴκοντα
468 996 597 1032 νεύμασι,
611 996 658 1022 καὶ
681 995 795 1031 μήνυσιν
810 994 905 1029 ὥσπερ

113 1043 214 1079 ἐναργῆ
233 1052 262 1070 τε
280 1043 327 1070 κα)⁸
345 1044 394 1070 οὐκ
407 1043 556 1078 ἀμφίλογον
565 1042 616 1077 τῆς
627 1043 666 1073 είς
680 1041 746 1068 Θεὸν
765 1039 905 1071 εὐσεϐείας

113 1090 142 1116 τὸ
154 1091 250 1125 χρῆμα
274 1089 447 1125 ποιούμενον.
482 1089 564 1116 Ὅσον
582 1088 610 1115 δὲ
633 1085 700 1123 ἧκεν
725 1088 765 1118 εἰς
789 1086 906 1122 Θεωρίας

114 1136 201 1171 λόγον,
215 1134 292 1171 οἶμαι
315 1136 386 1162 ιέναι
407 1135 457 1171 τὴν
480 1134 608 1161 ἐσωτάτω
626 1125 738 1169 πορείαν
758 1133 791 1168 δὴ
813 1132 905 1164 πάλιν,

114 1181 267 1216 ἀναμνῆσαι
282 1179 311 1207 δὲ
335 1180 390 1206 δεῖν
409 1180 497 1206 ἐκεῖνο
518 1177 712 1212 ὑπολαμόάνω.
733 1175 783 1210 Είη
796 1175 850 1210 γὰρ
873 1175 907 1201 ἂν

114 1227 161 1254 ὡδὶ
193 1227 241 1253 καὶ
265 1226 326 1253 λίαν
341 1225 458 1260 ἀπονητὶ
475 1223 631 1258 καταφανὲς
649 1223 678 1248 τὺ
689 1221 830 1256 Οεώρημα.
849 1221 907 1246 Ῥε-

115 1273 200 1300 ϐέκκα
218 1273 269 1308 μὲν
295 1272 349 1307 γὰρ
375 1270 427 1306 πρὸ
441 1271 534 1301 ὠδῖνος
548 1269 587 1296 ἔτι
604 1269 654 1303 τῆς
670 1268 716 1295 ἐπὶ
732 1267 804 1302 τόκῳ
824 1266 906 1302 φημι,

115 1319 170 1346 τῶν
183 1319 214 1351 ἐξ
236 1319 321 1354 αὐτῆς
346 1317 496 1353 γεγονότων
515 1313 685 1350 κυοφοροῦσα
697 1313 746 1348 τὴν
762 1313 906 1347 ξυνωρίδα,

115 1364 283 1400 δυσφόρητον
310 1363 408 1398 κομιδῇ
431 1363 480 1397 τὴν
496 1361 653 1396 δυσφημίαν
677 1359 792 1394 ἐδέχετο,
809 1358 857 1397 καὶ
879 1358 908 1384 ἐν

115 1410 207 1441 αὐτοῖς
218 1408 252 1445 ἦν
266 1410 315 1445 ’ήδη
333 1410 390 1440 τοῖς
406 1408 453 1434 τοῦ
465 1406 581 1434 Θανάτου
592 1405 726 1440 δείμασιν·
751 1405 801 1430 οὐκ
819 1404 846 1430 ὲν
862 1411 909 1438 με-

116 1455 202 1491 τρίοις
219 1455 304 1481 ὅντων
332 1454 501 1488 σκιρτήμασι
520 1451 575 1478 τῶν
590 1449 729 1486 ἐμϐρύων.
755 1447 822 1475 Εἶτα
835 1448 862 1474 τί
879 1447 910 1473 τὸ

118 1501 211 1536 χρῆμα
222 1499 409 1526 διαλανθάνειν
424 1497 520 1534 ἤθελεν
534 1496 702 1533 ὲπερωτῶνσα
724 1495 791 1522 Θεὸν
808 1495 855 1521 καὶ⁹
867 1494 910 1521 λέ-

117 1554 213 1580 γουσα·
229 1555 238 1570 ι
256 1545 288 1571 Et
313 1545 386 1571 οὕτω
412 1552 458 1579 μοι
486 1543 577 1578 μέλλει
602 1542 739 1576 γενέσθαι,
754 1541 797 1568 ⁵ίνα
823 1541 848 1567 τί
865 1549 909 1576 μοι

118 1567 214 1623 inito;
234 1600 245 1615 ι
260 1590 316 1617 Καὶ
332 1590 359 1616 τί
383 1567 452 1625 apro;
475 1567 594 1616 τῖιξξζδ
785 1586 848 1621 ἑονη
863 1567 910 1613 καὶ
923 1567 945 1597 c'

118 1636 164 1663 δύο
182 1636 243 1663 λαοὶ
254 1636 285 1662 ἐκ
299 1636 349 1671 τῆς
363 1635 466 1667 κοιλίας
479 1643 524 1661 σου
535 1633 773 1669 διασταλήσονται,
789 1633 835 1659 καὶ
848 1632 912 1664 λαὸς

119 1682 184 1708 λαοῦ
196 1681 335 1717 ὑπερέξει,
347 1682 422 1717 ςρησι,
434 1681 480 1708 καὶ
491 1682 505 1707 ὁ
517 1681 617 1716 μείζων
631 1679 767 1706 δουλεύσει
779 1678 818 1714 τῷ
832 1679 911 1706 ἐλάτ-

119 1737 188 1755 τονι.
209 1738 219 1754 ι
240 1727 345 1755 οὐκοῦν
369 1728 409 1759 εἰς
433 1727 517 1754 τύπον
545 1725 762 1762 παραδεξώμεθα
787 1725 842 1751 τῶν
866 1724 913 1751 δύο

120 1774 203 1805 λαῶν,
217 1773 264 1801 τοῦ
279 1783 309 1800 τε
325 1773 355 1806 ἐξ
379 1773 495 1808 Ἰσραὴλ,
511 1773 559 1799 καὶ
573 1771 620 1798 τοῦ
634 1771 677 1798 διὰ
691 1771 818 1803 πίστεως,
827 1771 915 1797 Ἡσαῦ

121 1827 151 1845 τε
171 1819 219 1846 καὶ
241 1817 348 1845 Ἰακώϐ*
363 1818 421 1844 ἀλλ’
444 1827 453 1844 ι
482 1816 629 1849 Ἐνεκότει,
649 1815 742 1850 φησὶν,
764 1815 851 1842 Ἦσαῦ
875 1814 914 1850 τῷ

128 1864 236 1898 Ἰακὼϐ,
255 1874 264 1890 ι
282 1865 323 1891 ὅτι
344 1864 393 1900 μὲν
410 1863 463 1890 τῶν
480 1863 635 1899 πρεσϐείων
645 1861 774 1898 ἐστέρητο
784 1870 914 1889 καταπω-

123 1909 208 1946 λήσας
219 1910 253 1936 τὰ
275 1910 458 1946 πρωτοτόκια,
475 1909 522 1938 καὶ
543 1908 642 1943 παρεὶς
656 1907 741 1943 ἑτέρῳ
754 1907 803 1943 τὴν
817 1906 914 1933 ἑαυτοῦ

122 1956 217 1992 τιμὴν,
235 1956 282 1983 καὶ
297 1956 346 1991 μὲν
367 1956 408 1982 ὅτι
429 1956 477 1982 καὶ
499 1955 625 1989 δεύτερος
650 1953 684 1980 τὰ
703 1954 734 1979 ὲκ
759 1952 810 1988 τῆς
828 1952 915 1988 θήρας

125 2002 320 2038 προσαγαγὼν,
337 2003 386 2038 τῆς
411 2001 537 2035 εὐλογίας
560 2001 704 2036 διήμαρτε.
716 1998 850 2035 Ταύτῃ-τοι
869 1999 916 2025 καὶ

125 2050 155 2074 ἐν
167 2048 274 2085 ἀγρίοις
284 2046 318 2083 ἦν
333 2048 383 2084 ήδη
399 2048 550 2083 σκέμμασι,
567 2048 614 2084 καὶ
627 2046 672 2073 τὸν
686 2045 725 2081 τῷ
741 2045 831 2080 φθόνῳ
846 2044 916 2079 σύμ.

127 2095 214 2129 φρονά
236 2103 267 2121 τε
281 2095 328 2121 καὶ
353 2093 467 2129 ἀδελφὺν
489 2093 606 2129 ἐμελέτα
626 2093 716 2127 φόνον.
737 2091 871 2118 Ἐνεκότει
888 2090 917 2117 δὲ

126 2141 237 2176 ὁμοίως,
251 2141 298 2167 καὶ
312 2141 460 2175 ὲπεμήνισε
473 2139 568 2170 δεινῶς
587 2139 602 2164 ὁ
611 2138 782 2173 πρωτότοκος
798 2136 918 2172 Ἰσραὴλ,

127 2188 183 2219 τοῖς
193 2189 221 2213 ὲν
236 2186 324 2213 πίστει
341 2186 389 2213 καὶ
410 2186 468 2221 μετ’
479 2185 570 2217 αὑτὸν,
586 2184 721 2216 τουτέστι,
731 2184 768 2219 τῷ
783 2183 835 2218 νέῳ
849 2182 916 2218 λαῷ.

985 490 1015 517 2.
1033 490 1171 523 Quantum
1187 490 1271 525 igitur
1287 488 1386 517 attinet
1399 487 1434 515 ad
1449 486 1582 516 litteram,
1595 488 1624 511 et
1636 482 1671 510 ad
1688 489 1741 509 nu-

950 536 1012 568 dam
1031 536 1186 568 historiam,
1197 544 1253 563 non
1269 542 1366 570 parum
1381 532 1541 561 admiranda
1559 533 1600 558 est
1618 529 1742 557 Rebecca

952 583 1011 617 ipsa
1026 586 1054 609 et
1063 582 1160 609 beatus
1177 583 1262 609 Isaac.
1281 581 1330 608 illa
1342 580 1415 607 enim
1435 578 1536 606 marito
1555 580 1586 604 ut
1605 573 1742 610 superiori

951 635 1048 663 preces
1062 627 1195 655 offerebat
1206 635 1255 662 pro
1269 626 1335 654 ﬁlio.
1351 626 1401 653 ilic
1413 632 1478 653 vero
1494 627 1600 651 naturae
1614 621 1702 655 legem
1714 619 1743 646 in

953 673 1098 700 consilium
1109 673 1253 704 adhibens,
1266 676 1296 699 ut
1310 679 1325 698 a
1335 670 1439 706 nuptiis
1449 677 1510 705 quae
1521 667 1602 696 matri
1617 674 1673 693 suae
1687 672 1742 692 non

952 719 1101 754 placerent,
1115 719 1276 750 abstineret,
1295 718 1427 753 praecepit
1439 726 1446 744 :
1458 714 1592 744 erudiens
1609 712 1742 748 quodam-

952 764 1035 792 modo
1054 764 1141 792 instar
1157 764 1240 792 catuli
1254 771 1328 796 eum,
1344 763 1391 798 qui
1424 770 1458 790 ex
1475 761 1535 796 ipso
1552 764 1629 787 ortus
1644 758 1744 793 pieque

952 812 1085 840 educatus
1098 815 1168 844 erat,
1181 814 1209 838 et
1224 814 1345 845 paterna:
1358 808 1470 836 virtutis
1480 806 1602 841 vestigiis
1618 804 1744 832 insistere

951 859 1062 895 jubens.
1078 858 1184 886 Passim
1196 857 1271 884 enim
1282 856 1375 883 videre
1387 858 1429 881 est
1442 853 1565 880 divinum
1581 850 1665 879 Iacob
1675 856 1745 884 pm

955 905 1042 940 eeptis
1058 904 1180 940 paternis
1197 903 1444 936 obtemperantem,
1466 903 1495 925 et
1516 897 1602 925 veluti
1623 899 1746 930 apertam

955 950 1123 984 minimeque
1142 948 1287 975 obscuram
1299 944 1410 981 pietatis
1422 950 1487 978 erga
1504 943 1591 969 Deum
1607 940 1745 975 signiﬁca-

955 997 1059 1024 tionem
1073 1003 1130 1030 praa
1143 1001 1172 1022 se
1184 994 1329 1021 ferentem.
1346 991 1484 1024 Quantum
1503 996 1569 1016 vero
1588 987 1622 1014 ad
1636 986 1746 1022 spirita-

955 1043 1009 1071 lem
1033 1040 1294 1076 contemplationem
1315 1038 1433 1070 attiuct,
1457 1035 1539 1063 altius
1566 1031 1747 1068 repetendum

956 1095 1111 1117 sermonem
1137 1094 1198 1114 esse
1221 1086 1354 1113 arbitror.
1385 1084 1425 1111 Ita
1449 1082 1524 1110 enim
1551 1076 1748 1112 contemplatio

956 1134 1102 1171 perspicua
1129 1133 1208 1160 facile
1231 1131 1288 1159 ﬁet.
1315 1130 1441 1158 Rebecca
1467 1127 1541 1155 enim
1570 1133 1632 1153 cum
1658 1122 1748 1150 adhuc

957 1187 1037 1210 utero
1053 1184 1174 1216 gestaret
1193 1187 1242 1214 par
1264 1177 1332 1205 illud
1353 1175 1469 1203 fratrum
1486 1181 1520 1201 ex
1537 1173 1594 1208 ipsa
1608 1174 1747 1200 natorum,

957 1215 1146 1255 intolerabiles
1167 1224 1251 1252 animi
1279 1223 1390 1251 dolores
1409 1227 1539 1256 perpessa
1559 1221 1612 1249 est,
1631 1215 1701 1243 adeo
1719 1217 1750 1241 ut

958 1273 1042 1300 etiam
1058 1272 1093 1300 de
1107 1271 1163 1298 vita
1177 1270 1392 1306 periclitaretur,
1410 1263 1629 1293 subsullautibus
1650 1260 1749 1287 immo-

937 1328 940 1330 τ
959 1317 1053 1345 derate
1069 1316 1097 1342 in
1115 1303 1194 1342 utero
1215 1313 1375 1341 infantibus.
1401 1309 1504 1338 Deinde
1528 1307 1594 1343 quid
1617 1306 1670 1333 hoc
1697 1303 1750 1331 sibi

958 1363 1042 1390 vellet
1057 1362 1142 1389 Deum
1158 1360 1296 1388 sciscitata
1308 1363 1351 1386 est
1366 1357 1462 1385 dicens
1475 1365 1481 1382 :
1497 1365 1506 1381 ι
1521 1354 1550 1382 Si
1565 1354 1605 1381 sic
1622 1352 1690 1380 mihi
1705 1350 1750 1378 fu-

961 1413 1055 1436 turum
1065 1412 1117 1440 est,
1131 1414 1215 1442 quare
1229 1405 1296 1432 mihi
1310 1404 1379 1431 hoc?
1391 1413 1401 1429 ›
1415 1400 1573 1437 Respondet
1583 1405 1650 1426 vero
1661 1398 1748 1424 Deus:

964 1465 973 1482 ι
987 1455 1052 1482 Duae
1074 1457 1169 1490 gentes
1189 1453 1217 1480 in
1231 1456 1310 1479 utero
1324 1455 1372 1478 tuo
1391 1452 1466 1481 sunt,
1483 1452 1511 1475 et
1532 1447 1587 1474 duo
1603 1443 1697 1480 populi
1717 1449 1751 1486 ex

960 1506 1040 1529 utero
1052 1483 1099 1527 ιιινο
1109 1499 1279 1529 dividentur,
1288 1502 1316 1524 et
1323 1495 1441 1531 populus
1452 1492 1584 1528 populum
1598 1483 1749 1524 superabit,

960 1551 989 1575 et
1002 1546 1089 1582 major
1099 1545 1200 1573 serviet
1212 1543 1312 1571 minori
1324 1543 1357 1569 ".
1373 1551 1382 1569 ›
1397 1540 1556 1568 Statuamus
1565 1537 1657 1571 itaque
1668 1534 1751 1563 Jacob

962 1598 990 1622 et
1007 1580 1078 1621 Esau
1101 1592 1129 1619 in
1152 1596 1247 1627 typum
1271 1590 1389 1617 duorum
1412 1585 1588 1622 populorum,
1610 1580 1752 1609 lsraelitici

962 1639 1092 1666 nimirum
1103 1641 1130 1664 et
1142 1626 1240 1664 ﬁdelis.
1251 1635 1388 1662 Caeterum
1403 1642 1412 1658 ι
1425 1631 1583 1666 indignatus
1592 1632 1643 1659 est,
1652 1626 1751 1662 inquit,

962 1686 1034 1713 Esau
1047 1683 1126 1711 fratri
1143 1690 1192 1710 suo
1208 1681 1292 1710 Iacob
1309 1680 1342 1713 ⁷⁸,
1358 1689 1367 1705 ι
1380 1678 1454 1714 quod
1471 1675 1571 1711 emptis
1584 1671 1753 1709 primogeni-

964 1729 1000 1757 tis
1020 1729 1109 1763 ipsum
1131 1725 1356 1762 primogenitum
1379 1730 1435 1757 sua;
1457 1720 1544 1757 gloria
1568 1718 1700 1754 privat-at,
1726 1719 1757 1743 et

964 1782 1045 1802 suum
1064 1761 1144 1800 alteri
1159 1771 1284 1809 praebens
1301 1769 1445 1800 honorem,
1457 1765 1586 1801 quodque
1607 1761 1754 1798 posterior,

964 1820 1082 1847 aﬁ'erens
1103 1807 1210 1853 pastum
1233 1824 1267 1843 ex
1281 1818 1382 1842 venatu
1400 1810 1591 1840 benedictione
1613 1807 1756 1836 fraudatus

965 1867 1047 1892 esset.
1060 1852 1165 1890 idcirco
1180 1859 1283 1888 ferocia
1297 1859 1429 1887 adversus
1445 1863 1508 1884 eum
1521 1853 1636 1882 consilia
1650 1852 1713 1883 init,
1727 1855 1756 1878 et

966 1909 1068 1938 caedem
1078 1908 1189 1937 invidiae
1198 1910 1355 1935 consortem
1365 1908 1394 1931 et
1402 1903 1515 1930 fratrem
1525 1900 1617 1928 animo
1624 1897 1753 1932 concipit.

966 1956 1126 1991 Indignatus
1145 1961 1211 1982 vero
1226 1957 1268 1980 est
1284 1951 1421 1982 similiter,
1444 1952 1472 1976 et
1493 1947 1612 1983 graviter
1633 1945 1757 1973 infensus

966 1990 1167 2037 primogenitus
1187 1998 1269 2026 Israel
1287 1997 1321 2023 iis
1341 1995 1389 2031 qui
1412 1994 1439 2021 in
1459 1993 1512 2020 ﬁde
1535 1999 1567 2019 ac
1586 1995 1648 2026 post
1666 1990 1755 2025 ipsum

966 2036 1056 2078 erant,
1069 2046 1122 2073 hoc
1133 2048 1186 2077 est,
1202 2051 1274 2071 novo
1293 2042 1405 2077 populo.
1425 2039 1567 2075 Siquidem
1585 2037 1674 2073 primo
1695 2036 1756 2063 loco

967 2092 1040 2129 apud
1051 2093 1137 2119 Deum
1150 2094 1194 2118 est
1208 2089 1386 2120 constitutus,
1401 2091 1430 2115 et
1445 2093 1495 2121 pro
1510 2082 1692 2120 primogenita
1705 2081 1755 2108 ha-

968 2127 1053 2171 bitus,
1068 2144 1241 2172 supcrnaque
1255 2133 1448 2163 benedictione
1461 2132 1558 2166 plenus
1569 2129 1631 2160 fuit,
1643 2127 1756 2163 gratiam

969 2185 997 2212 in
1009 2184 1118 2212 Christo
1137 2191 1186 2218 per
1203 2181 1330 2217 spiritum
1344 2181 1517 2206 consecutus.
1530 2175 1650 2203 Adortus
1662 2173 1757 2207 utique

136 2233 210 2260 Ἐπεί
226 2241 267 2259 τοι
277 2232 388 2267 γέγονεν
409 2218 438 2258 εν
457 2230 532 2264 τάξει
545 2232 579 2267 τῇ
592 2229 690 2266 πρώτῃ
699 2229 774 2265 παρὰ
789 2229 858 2264 Θεῷ,
871 2229 911 2255 καὶ

970 2237 1013 2259 est
1026 2238 1074 2258 eos
1086 2230 1134 2265 qui
1149 2229 1177 2256 in
1192 2228 1302 2255 Christo
1314 2229 1379 2254 sunt
1394 2232 1442 2260 per
1455 2223 1537 2250 ﬁdem
1552 2219 1647 2251 Israel,
1658 2218 1757 2246 volun-

130 2280 157 2305 ὲν
178 2279 354 2314 πρωτοτόκου
375 2278 457 2313 μοίρᾳ
480 2277 644 2311 λελόγισται,
661 2276 708 2302 καὶ
724 2275 847 2310 εὐλογίας
871 2276 921 2309 τῆς

130 2325 234 2353 ἀνωθεν
249 2325 397 2360 ὲπίμεστος
410 2323 453 2361 ἦν,
469 2323 518 2360 τὴν
535 2324 563 2350 ἐν
582 2323 692 2359 Χριστῷ
707 2322 750 2349 διὰ
766 2322 920 2356 πνεύματος

130 2371 358 2405 καταπλουτήσας
372 2370 462 2405 χάριν.
479 2367 628 2403 Ἐπεφύετο
641 2368 673 2403 δὴ
686 2366 732 2394 οὖν
745 2369 801 2399 τοῖς
814 2368 842 2393 ἐν
852 2367 920 2402 Χρι-

132 2417 186 2452 στῷ
194 2416 238 2443 διὰ
252 2416 370 2447 πίστεως
383 2416 397 2442 ὁ
413 2414 531 2450 Ἰσραήλ·
547 2414 608 2440 ὅσον
626 2414 654 2440 δὲ
667 2410 734 2449 ἧκεν
748 2414 787 2445 εις
804 2413 833 2439 τὸ
846 2412 920 2448 αὐτῷ

130 2464 235 2495 δοκοῦν,
246 2463 293 2490 καὶ
304 2463 343 2494 εἰς
355 2462 467 2497 δύναμιν
478 2460 699 2496 ἐγχειρημάτων,
709 2460 756 2487 καὶ
767 2459 865 2495 πικρὸς
872 2459 919 2493 γέ-

131 2518 193 2544 γονε
211 2510 353 2544 φονευτὴς,
370 2507 474 2540 διώξεις
488 2506 652 2540 ἐπενεγκὼν,
666 2507 713 2533 καὶ
725 2507 781 2538 τοῖς
788 2507 820 2532 ἐκ
839 2506 919 2540 φόνου

132 2556 180 2582 καὶ
197 2555 346 2590 βασκανίας
356 2553 586 2589 κατατιτρώσκων
598 2553 712 2588 βέλεσιν,
735 2551 804 2578 Ἀλλ’
813 2551 920 2577 ἔπειθεν

133 2601 291 2637 ήῬεὸέκκα
301 2599 453 2627 τὺνἹακὼϐ
465 2599 498 2626 τὰ
516 2599 586 2626 οἴκοι
604 2597 718 2633 μεθέντα
729 2596 921 2632 παραιτεῖσθαι

132 2648 177 2674 τὸν
189 2646 314 2681 ἀδελφόν·
331 2646 400 2673 ἰέναι
409 2636 450 2672 τέ
459 2645 527 2680 πρὸς
541 2644 634 2675 Δάὸαν
650 2643 792 2678 ἄνθρωπον
815 2641 920 2669 εἰδωλο-

132 2694 244 2729 λάτρην.
265 2692 425 2729 Προῦτρεπε
444 2691 473 2718 δὲ
489 2690 537 2718 καὶ
553 2690 632 2722 αὐτὸς
643 2690 657 2716 ὁ
672 2688 814 2720 θεσπέσιος
822 2687 922 2720 Ἰσαὰκ,

132 2740 146 2766 ὁ
156 2739 202 2766 τοῦ
225 2738 324 2766 Ἰακὼϐ
345 2738 437 2773 πατὴρ
449 2735 639 2772 παραιτεῖσθαι
666 2735 716 2769 μὲν
730 2734 819 2769 γάμον
831 2733 877 2760 τὸν
893 2734 925 2760 ἐκ

134 2785 256 2816 Χαναὰν,
268 2783 394 2818 ἐφίεσθαι
412 2783 440 2810 δὲ
457 2783 557 2819 μᾶλλον
577 2780 624 2808 τοῦ
649 2780 784 2807 ποιεῖσθαι
801 2779 925 2806 σύνοικον

171 2876 180 2891 ⁷
191 2873 280 2903 'Gcn.
297 2882 389 2908 xxvm,
409 2875 467 2901 l-i.
505 2875 528 2891 ⁷⁵
542 2874 609 2902 Gen.
627 2881 687 2905 xxv,
705 2871 749 2904 ‘2“2,
763 2870 808 2897 25.

969 2281 1079 2311 tateque
1092 2262 1120 2302 et
1131 2273 1277 2302 conatibus
1290 2269 1427 2298 homicida
1444 2267 1568 2298 effectus,
1587 2262 1757 2299 persecutio-

968 2324 1050 2352 nibus
1067 2321 1209 2352 infestans,
1227 2318 1307 2353 112
1320 2321 1401 2351 atque
1415 2313 1524 2342 invidia:
1536 2311 1597 2339 telis
1609 2311 1756 2337 lacessens.

969 2360 1103 2397 Cancrum
1113 2366 1199 2395 suasit
1212 2365 1335 2392 Rebecca
1353 2361 1436 2390 Iacob
1444 2365 1484 2393 ut,
1496 2359 1590 2386 relicta
1600 2354 1758 2388 domo,.fra-

969 2422 1039 2445 trem
1050 2415 1167 2451 fugeret,
1176 2412 1318 2446 adii-etque
1327 2409 1418 2437 Laban
1426 2407 1566 2435 hominem
1574 2403 1758 2432 idololatram.

971 2448 1103 2494 Praecepit
1113 2465 1180 2485 vero
1197 2456 1279 2484 etiam
1291 2455 1366 2482 Isaac
1381 2456 1459 2488 pater
1471 2450 1583 2482 Iacobo,
1599 2456 1634 2476 nc
1647 2448 1760 2475 (luceret

973 2493 1085 2533 uxorem
1102 2503 1294 2533 Chanauazam,
1308 2499 1354 2527 sed
1371 2498 1464 2533 potius
1473 2505 1508 2525 ex
1524 2495 1632 2523 ﬁliabus
1646 2493 1758 2520 Labant

972 2549 1138 2587 periclitanti
1154 2548 1228 2576 enim
1249 2550 1278 2574 et
1297 2543 1533 2581 persecutionibus
1548 2541 1676 2568 infestato
1688 2544 1760 2565 novo

973 2598 1084 2634 populo,
1096 2593 1339 2623 uthomicidarum
1356 2592 1411 2619 iras
1427 2589 1521 2625 fugiat,
1534 2587 1683 2623 prudenter
1693 2591 1760 2612 con-

973 2629 1059 2671 suluit
1073 2641 1206 2673 Ecclesia,
1221 2640 1300 2675 cujus
1314 2642 1396 2674 typus
1414 2640 1456 2664 est
1473 2635 1607 2663 Rebecca.
1629 2629 1761 2667 Ejusdem

974 2697 1039 2718 vero
1048 2687 1190 2716 sententia:
1201 2690 1243 2714 est
1255 2685 1337 2713 etiam
1354 2684 1412 2719 ipse
1424 2682 1555 2710 Rebecca
1567 2684 1694 2714 sponsus,
1708 2675 1762 2702 hoc

974 2740 1017 2764 est
1040 2734 1183 2765 Christus,
1204 2731 1326 2760 devitarc
1351 2729 1461 2765 quidem
1484 2727 1584 2763 jubens
1611 2721 1761 2765 Spiritalem

974 2779 1123 2806 amicitiam
1140 2784 1202 2805 eum
1215 2775 1248 2803 iis
1264 2775 1311 2810 qui
1329 2764 1420 2809 impiis
1433 2767 1547 2807 ﬂagrant
1561 2769 1620 2800 iris,
1633 2771 1661 2795 et
1674 2764 1762 2793 ca:ch

848 2870 869 2885 7“
882 2870 950 2898 Gcn.
965 2876 1045 2900 xxvu,
1064 2867 1102 2894 il.
