1990 3050
218 121 270 148 £85

712 125 741 152 S.
762 123 899 153 CYmLLl
919 121 1154 150 ALEXANka
1175 122 1333 151 ARCHIEP.

1791 121 1802 147 Ξ
1809 119 1843 146 3-!

216 177 346 205 ferociter
369 179 520 207 moliuntur
542 179 681 216 (amicitize
702 187 793 209 autem
812 182 919 216 signum
941 184 1005 207 sunt

1061 182 1086 207 ὲκ
1093 181 1147 207 τῶν
1157 180 1316 219 θυγατέρων
1324 180 1425 207 Λάϐαν.
1436 180 1459 207 Κ
1465 178 1624 206 ινδυνεύοντι
1635 176 1689 214 γὰρ
1696 178 1743 205 καὶ
1751 178 1846 205 διωκο-

216 223 443 259 nuptiae),eligere
453 230 543 253 autem
555 227 648 261 potius
659 236 674 255 e
683 228 764 255 domo
773 227 875 259 Laban,
887 227 939 253 hoe
953 230 1005 258 est,

216 276 250 295 cx
270 269 407 304 gentibus.
426 271 613 306 Reperiamus
631 280 697 299 vero
726 276 834 299 sanctos
857 270 1004 305 apostolos,

217 313 264 347 qui
278 314 388 349 quidem
401 319 464 342 sunt
479 324 612 344 novorum
630 317 656 344 in
669 317 720 344 fide
737 317 899 352 populorum
911 316 1007 351 primi-

217 359 271 391 tite,
284 367 316 387 ea
328 368 389 395 quae
408 361 509 389 Jacobo
524 367 658 397 praecepta
675 363 797 395 fuerunt,
816 362 912 389 sedulo
927 369 1005 389 exse-

217 409 342 439 quentes.
369 405 560 434 Discesserunt
584 408 656 434 enim
682 415 697 434 a
722 407 880 434 Iudaeorum
906 414 1003 441 grege;

216 451 319 486 quippe
347 452 395 487 qui
421 453 522 480 caedem
552 453 684 481 adversus
710 453 784 488 ipsos
807 453 1004 480 moliebantur.

216 496 353 524 Nutantes
367 502 458 524 autem
479 498 604 533 regiones
624 502 652 525 et
671 498 763 530 urbes,
781 499 1005 534 persequentium

216 543 271 570 iras
287 543 476 578 subterfugere
493 543 643 578 prudenter
659 544 803 571 curabant.
823 544 1006 572 Meminerant

214 588 289 615 enim
299 587 399 616 Christi
409 589 531 624 iubentis
545 593 626 624 atque
644 590 762 618 dicentis
775 599 781 616 :
795 599 803 615 ι
817 590 931 623 Quando
942 598 1005 625 per-

216 634 305 662 secuti
320 634 425 662 fuerint
438 642 487 661 vos
500 642 533 662 ex
547 635 615 662 urbe
630 635 692 667 hac,
708 635 794 671 fugite
807 636 836 663 in
852 636 932 662 aliam
943 636 976 663 ".
993 644 1002 661 ι

214 680 334 707 Allocuti
349 687 415 707 vero
432 680 514 708 etiam
532 681 584 716 ipsi
606 689 653 709 eos
670 682 717 717 qui
729 690 763 709 ex
776 682 907 717 sanguine
923 682 1006 709 Israel

214 729 294 752 erant
303 725 429 753 nolentes
443 726 568 759 credere,
578 734 606 755 et
617 728 783 756 contumelia
800 728 873 763 ipsos
887 727 1007 755 allicien~

214 776 276 799 tes:
292 782 301 798 ‹
316 772 398 800 Vobis
411 780 524 802 necesse
541 779 601 802 erat
617 775 737 810 primum
752 775 828 810 loqui
850 782 1006 802 sermonem

214 817 274 845 Dei.
285 818 434 854 Postquam
452 827 518 847 vero
534 820 648 855 rejicitis
670 829 745 853 eum,
767 828 855 856 neque
875 820 1007 856 iudicatis

214 863 314 898 dignos
327 864 453 899 vosipsos
472 865 526 893 vita
546 869 666 899 aeterna;
685 874 749 894 ecce
768 867 955 894 convertimur
972 866 1007 894 ad
1022 859 1044 888 Β

214 913 320 944 gentes.
332 909 372 937 Ita
389 911 464 938 enim
479 911 606 946 praacipit
617 911 697 939 nobis
710 912 842 939 Dominus
853 913 886 939 ⁷⁸.
899 922 907 938 ι
921 912 1008 940 Audis

215 962 271 990 quo
281 959 362 990 pacto
376 956 505 984 Ecclesiae
517 964 644 992 sponsus,
657 957 710 984 hoc
721 962 763 984 est
775 958 1006 990 Christus,’disei-

215 1002 288 1037 pulis
307 1002 365 1029 suis
388 1003 518 1038 przecepit
537 1007 566 1030 ut
587 1002 622 1030 ad
643 1002 753 1031 Graecos
773 1011 802 1031 se
829 1004 1005 1037 conferrent,

215 1047 309 1083 ibique
324 1049 520 1084 prolificarent,
534 1053 562 1077 et
572 1054 664 1085 patres
678 1049 879 1088 quodammodo
889 1051 1006 1086 populos

215 1101 278 1120 rum
294 1093 401 1121 fierent.
415 1094 520 1128 idcirco
527 1095 610 1122 etiam
623 1095 844 1130 sapientissimus
863 1097 964 1124 Paulus
974 1097 1008 1124 iis

218 1139 266 1174 qui
281 1146 315 1166 ex
331 1139 458 1174 gentibus
474 1148 523 1175 per
540 1141 629 1176 ipsum
649 1141 835 1173 crediderunt,
849 1142 946 1169 scribit
963 1142 1006 1170 di-

217 1192 284 1212 cens
307 1194 314 1212 :
340 1195 350 1210 ι
367 1186 423 1212 Etsi
437 1186 510 1213 enim
535 1186 609 1214 mille
637 1187 797 1222 paedagogos
813 1187 948 1215 habuistis
979 1187 1006 1215 in

215 1230 337 1263 Christo,
350 1231 397 1258 sed
408 1239 462 1258 non
473 1232 575 1259 multos
588 1237 690 1267 patres.
702 1233 769 1260 Nam
787 1233 813 1260 in
825 1232 933 1260 Christo
942 1233 1006 1260 Jesa

216 1284 266 1311 per
278 1276 457 1312 Evangelium
474 1285 525 1313 ego
544 1286 593 1305 vos
609 1278 689 1313 genui
703 1279 734 1305 τ’.
751 1288 759 1304 ι
780 1278 857 1312 Quod
873 1270 940 1306 vero
957 1279 1007 1306 ad-

216 1321 328 1349 futurus
340 1322 376 1349 sit
386 1322 467 1354 Deus,
480 1327 508 1350 et
517 1323 626 1350 abunde
637 1323 833 1351 benedicturus
840 1324 948 1359 populis
959 1325 1006 1359 qui

217 1368 245 1394 in
261 1367 323 1400 ﬁde,
335 1368 515 1402 demonstrat,
527 1373 555 1396 et
567 1369 677 1404 quidem
693 1369 772 1396 facile
787 1369 947 1403 admodum,
963 1370 1007 1396 di-

216 1413 298 1441 vinus
313 1414 397 1447 Isaac,
410 1415 496 1442 ﬁlium
514 1423 592 1442 suum
605 1415 688 1443 Jacob
700 1420 811 1450 paterna
824 1416 905 1443 domo
921 1416 1008 1443 disce-

220 1459 331 1487 dentem
357 1461 464 1488 eualesti
487 1461 679 1489 benedictione
701 1470 803 1489 ornans
824 1470 855 1489 ac
882 1462 977 1489 dicens
999 1471 1005 1489 :

221 1513 231 1529 ‹
244 1504 318 1531 Deus
331 1512 409 1533 meus
422 1506 566 1534 benedicat
582 1507 642 1539 tibi,
662 1507 740 1542 113
754 1512 782 1535 et
796 1507 959 1543 multiplieet
970 1511 1006 1539 te,
1022 1526 1044 1555 ϐ

218 1553 245 1576 et
257 1557 380 1579 crescere
393 1551 474 1579 faciat
485 1556 510 1579 te
523 1561 529 1579 :
541 1557 569 1580 et
580 1553 636 1580 eris
649 1553 675 1580 in
691 1554 928 1589 congregationem
941 1561 1008 1589 gen-

219 1596 288 1623 tium
312 1605 319 1623 :
344 1601 372 1624 et
395 1598 442 1625 det
465 1597 514 1625 tibi
541 1598 762 1626 benedictionem
785 1600 901 1627 Abrahze
924 1600 1010 1634 patris

219 1642 259 1669 tui
272 1642 305 1669 ³⁵.
322 1652 331 1668 ι
347 1643 488 1671 Benedicti
506 1644 579 1671 enim
595 1648 660 1671 sunt
680 1645 726 1679 qui
742 1645 769 1672 in
783 1645 902 1677 Christo,
921 1644 1009 1672 aucti-

219 1694 273 1721 que
286 1691 351 1714 sunt
366 1688 543 1716 vehementer
559 1688 623 1716 facti
639 1688 667 1716 in
682 1689 886 1717 multitudinem
907 1693 936 1716 et
946 1696 1012 1716 con-

219 1736 394 1771 gregationes
409 1736 543 1772 gentium,
565 1741 594 1764 et
613 1737 771 1765 eohazredes
790 1736 922 1763 declarati
945 1743 1010 1763 san-

220 1785 328 1809 ctorum
344 1782 466 1809 Patrum.
476 1782 649 1810 Recumbcnt
662 1784 735 1811 enim
749 1790 812 1810 cum
824 1782 971 1814 Abraham,
984 1785 1012 1809 et

219 1829 306 1861 Isaac,
334 1833 362 1856 et
387 1829 482 1862 Jacob,
509 1830 592 1857 etiam
618 1829 645 1857 in
666 1837 751 1865 regno
773 1829 915 1860 caelorum,
934 1828 1012 1864 juxta

221 1876 308 1910 ipsius
320 1876 467 1905 Salvatoris
478 1885 573 1905 vocem
587 1877 620 1904 5‘.
634 1876 775 1904 Benedicti
789 1883 855 1903 vero
872 1882 966 1902 sumus
978 1874 1012 1902 ab

221 1921 282 1956 ipso
296 1930 425 1950 rursum:
439 1920 508 1950 dixit
525 1923 598 1951 enim
616 1923 650 1951 de
666 1923 762 1950 nobis:
785 1932 793 1947 ι
808 1922 889 1949 Pater
907 1924 1010 1952 sancte.

222 1974 301 1994 serva
321 1976 370 1995 eos
385 1968 414 1995 in
428 1970 545 1997 veritate
567 1974 613 1997 tua
635 1970 668 1996 ⁸¹.
684 1979 692 1994 ι
709 1969 737 1996 Si
758 1976 824 1995 vero
846 1967 1014 2002 intelligatur

222 2013 305 2040 etiam
322 2013 394 2041 Esau
410 2019 498 2042 mater
519 2015 653 2047 Rebecca,
672 2015 740 2042 nihil
762 2014 874 2042 omnino
889 2016 1013 2040 contem—

222 2059 338 2094 plationi
353 2060 487 2088 olfecerit.
507 2061 647 2096 Siquidem
666 2061 694 2088 in
716 2064 810 2095 typum
828 2059 1013 2087 lsraelitarum

223 2105 370 2133 statuimus
381 2106 452 2134 Esau
465 2116 471 2134 :
486 2107 618 2134 Rebeccae
636 2114 702 2134 vero
723 2106 851 2134 Ecclesiae
867 2112 1012 2141 personam

223 2152 473 2180 accommodamus.
498 2153 584 2180 Porro
608 2152 660 2187 ipsi
680 2152 763 2179 eliam
791 2152 922 2179 Israelita)
949 2150 1014 2179 facti

1060 226 1133 261 μένῳ
1144 225 1182 260 τῷ
1201 226 1253 260 νέῳ
1269 226 1336 261 λαῷ,
1351 226 1398 258 τὰς
1409 225 1463 252 τῶν
1485 225 1627 259 φονώντων
1642 223 1726 259 ὀργὰς
1743 232 1842 259 παραι-

1057 272 1161 298 τεῖσθαι
1179 271 1325 306 σωφρόνως
1350 270 1582 306 συμὸεόοὑλευκεν
1602 270 1619 304 ἡ
1641 268 1796 304 Ἐκκλησία·
1811 267 1846 304 ἧς

1056 317 1090 344 ἂν
1102 318 1144 352 είη
1162 317 1245 349 τύπος
1270 317 1436 353 ήῬεσέκκα.
1458 315 1630 343 Συνεπινεύει
1648 315 1675 341 δὲ
1686 314 1779 349 ὥσπερ
1798 314 1846 341 καὶ

1056 367 1137 397 αὐτὸς
1160 367 1173 393 ὁ
1199 366 1249 399 τῆς
1273 358 1417 396 Ῥεϐέκκας
1433 364 1558 399 νυμφίος,
1578 363 1700 390 τουτέστι
1716 361 1845 397 Χριστὸς,

1057 411 1243 447 παρωθεῖσθαι
1260 410 1309 446 μὲν
1334 410 1488 445 οἰκειότητα
1510 409 1559 444 τὴν
1577 407 1764 443 πνευματικὴν
1791 406 1847 433 τῶν

1056 459 1095 488 είς
1107 457 1229 488 ἀνοσίους
1240 456 1450 492 ὲκκεκαυμένων
1465 455 1560 491 ὀργὰς,
1576 455 1623 481 καὶ
1642 454 1724 489 φονᾷν
1743 452 1847 487 ἀγρίως

1058 512 1090 539 με
1094 502 1289 539 μελετηκότων.
1306 502 1476 537 Οξκειότητος
1484 501 1512 528 δὲ
1524 502 1635 536 σημεῖον
1642 500 1656 526 ὁ
1663 499 1762 534 γάμος.
1769 497 1847 524 Ἀνθη

1056 549 1192 585 αιρείσθαι
1211 549 1239 575 δὲ
1256 547 1355 583 μᾶλλον
1369 547 1418 579 τὰς
1438 548 1470 574 ἐκ
1486 546 1533 574 τοῦ
1558 546 1633 573 οἴκου
1652 545 1754 576 Λάϐαν,
1770 551 1848 570 τουτ-

1057 596 1114 623 έστι
1131 595 1181 626 τὰς
1201 594 1231 627 ὲξ
1248 594 1342 621 ἐθνῶν.
1361 594 1520 629 Εὐρήσομεν
1536 593 1564 620 δὲ
1580 592 1643 623 τοὺς
1660 591 1753 625 ἁγίους
1778 590 1848 616 ἀπο-

1058 642 1176 674 στόλους,
1191 642 1215 668 οἳ
1232 641 1277 668 καὶ
1290 641 1344 668 τῶν
1361 642 1389 668 ὲν
1407 641 1496 668 πίστει
1514 641 1559 668 καὶ
1571 640 1639 667 νέων
1651 638 1723 666 λαῶν
1738 638 1848 672 γεγόνα-

1058 696 1100 714 σιν
1114 688 1237 724 ἀπαρχὴ.
1252 687 1439 722 διαπεραίνειν
1449 686 1652 716 ἐσπουδακότας
1666 685 1701 711 τὰ
1725 683 1849 710 ἐντεταλ-

1059 734 1128 769 μένα
1143 734 1180 769 τῷ
1202 733 1308 760 Ὶακώσ.
1327 732 1551 766 Ἀπενοσφίςοντο
1576 732 1625 766 μὲν
1645 730 1700 766 γὰρ
1714 729 1765 764 τῆς
1783 729 1849 755 Ἰου-

1057 780 1140 807 δαίων
1154 780 1263 816 ἀγέλης,
1276 780 1322 807 ἆτε
1336 779 1368 815 δὴ
1383 779 1506 814 φονώσης
1521 777 1582 805 κατ’
1593 776 1693 804 αὐτῶν.
1710 774 1850 810 Μεταμεί-

1059 825 1152 857 εοντες
1166 825 1194 852 δὲ
1210 825 1301 861 χώρας
1315 825 1362 852 καὶ
1376 825 1479 856 πόλεις.
1491 824 1540 855 τὰς
1552 822 1605 850 τῶν
1619 821 1771 849 διωκόντων
1779 821 1849 847 ὑπο-

1058 871 1164 907 τρέχειν
1188 871 1272 906 ὸργὰς
1301 870 1435 905 νουνεχῶς
1459 868 1635 900 ἐσπούδαζον.
1662 866 1850 901 Διεμέμνηντθ

1057 917 1112 952 γὰρ
1124 918 1337 953 ἐπισκήπτοντος
1347 915 1394 942 τοῦ
1406 915 1524 951 Χριστοῦ
1535 914 1581 941 καὶ
1589 913 1724 948 λέγοντος·
1737 921 1746 937 ι
1763 911 1849 937 ὀταν

1057 963 1191 990 διώκωσιν
1211 963 1284 998 ἡμᾶς
1300 963 1332 989 ὲκ
1355 962 1404 997 τῆς
1419 960 1523 992 πόλεως
1540 960 1652 994 ταύτης,
1667 957 1782 992 φεύγετε
1808 956 1849 987 εἰς

1057 1009 1106 1044 τὴν
1122 1008 1229 1043 ἑτέραν.
1248 1017 1257 1033 ι
1275 1007 1460 1042 Προσελάλουν
1474 1006 1502 1032 δὲ
1517 1006 1565 1032 καὶ
1579 1005 1670 1035 αὐτοῖς
1683 1004 1739 1033 τοῖς
1761 1001 1791 1033 ἐξ
1805 1000 1849 1027 αῖ·
1862 1030 1866 1032 _

1060 1062 1144 1089 ματος
1162 1053 1268 1089 Ἰσραὴλ
1298 1052 1423 1079 ἀπειθεῖν
1446 1050 1594 1087 ᾑρημένοις
1621 1048 1667 1075 κα)¹
1691 1046 1849 1082 ὑϐρίζουσιν

1057 1099 1186 1135 ἀφειδῶς·
1205 1108 1215 1125 ι
1239 1099 1317 1134 Ὑμῖν
1341 1096 1375 1134 ἦν
1398 1098 1545 1131 ἀναγκαῖον
1569 1095 1677 1130 πρῶτον
1699 1092 1848 1127 λαληθῆναι

1058 1145 1102 1173 τδν
1114 1145 1192 1179 λόγον
1205 1145 1252 1171 τοῦ
1267 1144 1345 1171 Θεοῦ⁸
1362 1143 1457 1178 ἐπειδὴ
1475 1143 1502 1168 δὲ
1519 1139 1672 1168 ἀπωθεῖσθε
1685 1139 1775 1170 αὑτὸν,
1801 1137 1848 1164 καὶ

1058 1192 1107 1218 οὐκ
1120 1191 1212 1224 ἀξίους
1228 1190 1334 1225 κρίνετε
1353 1188 1466 1219 ἑαυτοὺς
1481 1188 1529 1222 τῆς
1547 1185 1655 1213 αἰωνίου
1675 1185 1757 1218 ζωῆς,
1792 1183 1847 1209 ί.δοῦ

1059 1235 1231 1273 στρεφόμεθα
1246 1237 1286 1267 είς
1301 1235 1335 1261 τὰ
1349 1234 1421 1269 ἔθνη.
1439 1233 1518 1260 Οὕτω
1536 1232 1590 1267 γὰρ
1602 1231 1761 1258 ὲντέταλκεν
1782 1230 1849 1264 ἡμῖν

1057 1283 1072 1308 ὁ
1084 1281 1195 1315 Κύριος.
1214 1290 1223 1306 ι
1253 1280 1377 1311 Ἀκούεις
1395 1280 1469 1310 ὅπως
1490 1279 1504 1304 ὁ
1521 1278 1570 1312 τῆς
1597 1276 1760 1310 Ἐκκλησίας
1782 1283 1849 1310 νυμ-

1059 1326 1128 1361 φίος,
1146 1325 1270 1353 τουτέστι
1297 1325 1426 1360 Χριστὸς,
1452 1324 1608 1351 ἐντέταλται
1631 1323 1686 1353 τοῖς
1713 1321 1786 1352 ἰδίοις
1809 1324 1849 1350 εις

1058 1373 1106 1409 τὴν
1117 1373 1170 1399 τῶν
1193 1371 1326 1407 Ἑλλήνων
1347 1371 1458 1397 ἀπιέναι
1482 1369 1595 1404 πληθὺν,
1614 1368 1661 1395 καὶ
1681 1367 1851 1400 τεκνογονεῖν

1059 1419 1173 1449 ἐκεῖθεν,
1202 1417 1249 1444 καὶ
1274 1417 1394 1452 πατέρας
1423 1415 1517 1451 ὥσπερ
1541 1413 1734 1449 ἀναφαίνεσθαι
1764 1412 1848 1439 λαῶν.

1059 1464 1203 1498 Τοιγάρτοι
1223 1463 1270 1488 καὶ
1285 1462 1299 1488 ὁ
1314 1461 1468 1496 σοφώτατος
1484 1460 1589 1492 Παῦλος
1602 1461 1658 1491 τοῖς
1678 1459 1706 1492 ἐξ
1722 1459 1805 1485 ἐθνῶν
1816 1458 1849 1484 δι’

1061 1510 1142 1537 αὑτοῦ
1157 1509 1334 1536 πιστεύσασιν
1350 1508 1500 1535 ἐπιστέλλει
1512 1508 1610 1542 λέγων·
1633 1517 1642 1532 ‹
1661 1506 1719 1533 Κᾶν
1731 1505 1784 1539 γὰρ
1802 1512 1851 1539 μυ-

1061 1557 1135 1592 ρίους
1153 1555 1345 1589 παιδαγωγοὺς
1355 1554 1434 1589 ἔχητε
1447 1555 1475 1580 ἐν
1484 1553 1604 1589 Χριστῷ,
1620 1553 1675 1579 ἀλλ’
1693 1552 1723 1578 οὐ
1737 1550 1851 1581 πολλοὺς

1061 1601 1192 1635 πατέρας.
1215 1601 1259 1627 Ἐν
1276 1601 1330 1636 γὰρ
1346 1599 1552 1635 Χριστῷζιησοῠ
1565 1598 1609 1625 διὰ
1621 1598 1667 1625 τοῦ
1684 1596 1850 1630 Εὐαγγελίου

1061 1647 1116 1682 ἐγὼ
1142 1648 1213 1682 ὑμᾶς
1228 1647 1372 1682 ἐγέννησα.
1401 1657 1410 1672 ι
1430 1647 1490 1672 Ὅτι
1517 1646 1544 1672 δὲ
1565 1645 1610 1672 καὶ
1634 1644 1759 1670 συνέσται
1773 1642 1850 1674 Θεὸς,

1061 1695 1108 1721 καὶ
1122 1694 1262 1729 εὐλογήσει
1281 1693 1417 1724 πλουσίως
1435 1692 1497 1724 τοὺς
1512 1693 1541 1718 ἐν
1556 1691 1645 1717 πίστει
1658 1689 1747 1720 λαοὺς,
1763 1695 1853 1723 παρα-

1061 1741 1172 1773 δείξειεν
1198 1740 1230 1767 ἂν
1255 1740 1302 1766 καὶ
1328 1739 1399 1775 μάλα
1424 1738 1523 1775 ῥᾳδίως
1544 1739 1558 1764 ὸ
1573 1737 1715 1767 Θεσπέσιος
1746 1734 1851 1766 Ἰσαὰκ,

1062 1786 1246 1822 ἀποτρέχοντα
1259 1785 1303 1812 τὸν
1311 1784 1408 1812 Ἰακὼό
1421 1786 1469 1820 τῆς
1483 1783 1612 1819 πατρῴας
1629 1783 1721 1813 ἑστίας
1733 1782 1793 1812 ταῖς
1805 1781 1852 1807 ἀν-

1062 1832 1130 1859 ωθεν
1140 1833 1276 1866 εὐλογίαις
1290 1831 1429 1866 στεφανῶν
1445 1831 1492 1857 καὶ
1500 1830 1614 1864 λέγων-ί
1625 1829 1653 1855 '0
1670 1828 1698 1854 δὲ
1713 1826 1779 1858 Θεός
1797 1834 1848 1860 μου

1063 1878 1208 1914 εὐλογῆσαι
1226 1887 1266 1910 σε,
1282 1879 1328 1904 καὶ
1342 1877 1458 1913 αὐξῆσαι
1476 1885 1516 1909 σε,
1532 1877 1578 1903 καὶ
1592 1874 1726 1910 πληθύναι
1744 1880 1784 1898 σε’
1801 1873 1850 1898 καὶ

1063 1923 1112 1960 ἔσῃ
1127 1924 1166 1955 είς
1186 1923 1347 1958 συναγωγὰς
1359 1922 1454 1950 ἐθνῶν.
1472 1922 1528 1949 Καὶ
1543 1921 1598 1956 δῴη
1614 1929 1655 1947 σοι
1670 1921 1718 1956 τὴν
1730 1919 1854 1953 εὐλογίαν

1069 1969 1195 2005 Ἀϐραὰμ
1218 1969 1265 1996 τοῦ
1287 1969 1390 2004 πατρός
1409 1977 1466 1995 σου.
1486 1977 1495 1993 ι
1523 1967 1691 2001 Ηὺλόγηνται
1709 1966 1764 2002 γὰρ
1777 1967 1800 1992 οἱ
1825 1966 1854 1991 ἐν

1065 2015 1185 2051 Χριστῷ,
1199 2015 1330 2051 ηὗξηνταί
1343 2023 1372 2041 τε
1384 2015 1454 2043 λίαν.
1469 2014 1516 2040 καὶ
1533 2014 1573 2045 είς
1596 2013 1698 2048 πλῆθος
1714 2012 1853 2046 γεγόνασι,

1064 2062 1111 2088 καὶ⁸
1124 2061 1285 2095 συναγωγὰς
1300 2059 1395 2092 ἐθνῶν,
1423 2059 1469 2086 καὶ
1485 2057 1699 2094 συγκληρονόμοι
1721 2056 1854 2083 τέθεινται

1064 2107 1119 2134 τῶν
1151 2108 1235 2142 ἀγίων
1266 2106 1401 2142 πατέρων.
1428 2105 1669 2139 ’Δνακλιθήσονται
1697 2102 1751 2138 γὰρ
1785 2100 1854 2136 μετὰ

1065 2152 1202 2189 ’Λσραὰμη
1218 2151 1266 2178 καὶ
1278 2151 1383 2182 Ἰσαὰκ,
1399 2150 1446 2177 καὶ
1460 2148 1568 2181 Ἰακὼϐ,
1582 2148 1628 2175 καὶ
1641 2149 1670 2174 ὲν
1682 2148 1716 2182 τῇ
1730 2145 1854 2182 βασιλείᾳ

224 2200 288 2224 sunt
299 2196 348 2223 filii
359 2196 488 2224 Ecclesia:
499 2205 548 2231 per
560 2196 640 2224 fidem
654 2196 680 2223 in
699 2194 818 2229 Christo,
832 2204 888 2223 non
901 2196 1009 2231 quidem

1066 2198 1120 2225 τῶν
1143 2198 1276 2234 οὐρανῶν,
1298 2197 1368 2224 κατὰ
1393 2196 1442 2231 τὴν
1454 2194 1535 2222 αὑτοῦ
1549 2193 1596 2220 τοῦ
1609 2193 1735 2228 Σωτῆρος
1751 2192 1853 2226 φωνήν.

225 2241 252 2268 in
265 2245 387 2269 veterem
406 2242 483 2269 illum
500 2242 632 2277 populum
654 2241 782 2277 reputati,
807 2242 928 2269 translati
947 2250 1013 2270 vero

225 2288 316 2323 potius
327 2289 355 2316 in
366 2296 479 2321 novum,
489 2294 517 2316 et
526 2289 653 2324 gentibus
666 2289 787 2316 immisti.
803 2298 812 2314 ‹
828 2289 856 2316 Si
868 2289 930 2323 quis
939 2289 1013 2317 enim

225 2334 253 2360 in
265 2333 387 2367 Christo,
400 2342 469 2361 nova
484 2339 610 2363 creatura
621 2335 655 2350 ⁸¹·
668 2345 677 2360 ι
691 2335 739 2370 qui
752 2334 821 2362 duos
833 2335 1012 2370 populosfor-

224 2379 310 2408 mavit
324 2380 352 2407 in
365 2388 451 2407 unum
474 2388 576 2408 novum
594 2381 744 2413 hominem,
763 2384 887 2408 statuens
905 2388 1011 2415 pacem,

225 2426 376 2454 secundum
394 2425 560 2462 Scripturas,
572 2427 721 2455 concilians
733 2431 876 2462 utrosque,
888 2431 915 2454 et
924 2427 1013 2454 addu-

225 2481 291 2500 cens
315 2473 343 2500 in
367 2481 422 2500 uno
450 2474 546 2509 spiritu
568 2474 601 2501 ad
624 2475 742 2501 Patrem.
768 2483 777 2499 ι
792 2473 920 2501 Dissolvit
939 2474 1013 2501 enim

224 2518 345 2545 medium
360 2519 493 2554 parietem
507 2520 640 2553 macerim,
651 2520 737 2556 legem
758 2520 948 2548 mandatorum
964 2521 1014 2548 dc-

225 2565 308 2592 cretis
321 2573 459 2593 evacuans
467 2565 499 2592 “.
515 2575 524 2591 ι

1066 2242 1248 2279 Ηὺλογήμεθα
1273 2242 1301 2269 δὲ
1326 2243 1390 2277 παρ’
1406 2240 1487 2268 αὑτοῦ
1512 2239 1602 2266 πάλιν·
1626 2238 1677 2273 ἔφη
1706 2238 1761 2274 γὰρ
1784 2237 1856 2271 ὑπὲρ

1066 2290 1154 2326 ἡμῶν-
1174 2299 1183 2315 ε
1200 2290 1291 2323 Πάτερ
1305 2288 1376 2322 ἆγιε,
1393 2289 1512 2322 τήρησον
1534 2286 1631 2317 αὐτοὺς
1653 2286 1682 2312 ὲν
1694 2286 1727 2320 τῇ
1743 2284 1856 2319 ἀληθείᾳ

1067 2344 1123 2363 σου.
1145 2345 1153 2361 ι
1170 2335 1202 2362 Et
1222 2335 1249 2361 δὲ
1266 2334 1297 2370 δὴ
1323 2335 1408 2360 νοοῖτο
1421 2333 1468 2360 καὶ
1482 2332 1529 2359 τοῦ
1552 2331 1638 2358 Ἡσαῦ
1654 2331 1745 2371 μήτηρ
1764 2331 1781 2366 ἡ
1799 2330 1856 2356 Ῥε-

1066 2382 1162 2414 ϐέκκα,
1183 2381 1388 2416 διαλυμανεῖται
1410 2378 1489 2406 τοῦτο
1499 2379 1555 2410 τοῖς
1572 2378 1732 2413 θεωρήμασι
1757 2384 1856 2403 παντε-

1065 2428 1119 2459 λῶς
1133 2427 1218 2454 οὐδέν.
1235 2428 1283 2458 Et;
1300 2426 1384 2453 τύπον
1407 2426 1456 2461 μὲν
1470 2425 1524 2460 γὰρ
1541 2424 1595 2451 τῶν
1611 2423 1639 2457 ἐξ
1650 2422 1759 2458 Ἰσραὴλ
1786 2429 1856 2456 παρ-

1067 2473 1215 2509 εδεξάμεθα
1228 2472 1376 2500 τονἭσαῠ-
1386 2472 1518 2506 Ῥεϐέκκα
1531 2480 1563 2505 γε
1577 2470 1630 2505 μὴν
1643 2470 1672 2496 τὸ
1683 2469 1731 2504 τῆς
1741 2467 1856 2502 Ἐκκλη-

1068 2521 1128 2552 σίας
1144 2519 1300 2555 δεδώκαμεν
1311 2519 1466 2554 πρόσωπον.
1484 2518 1566 2545 Ἀλλά
1584 2517 1631 2544 καὶ
1644 2516 1720 2542 αὐτοὶ
1740 2514 1855 2549 γεγόνα-

1069 2575 1111 2593 σιν
1121 2567 1145 2592 οἰ
1159 2566 1188 2598 ἐξ
1203 2565 1313 2600 Ἰσραὴλ
1325 2564 1373 2599 τῆς
1386 2563 1548 2598 Ἐκκλησίας
1560 2563 1612 2590 υἱοῖ
1627 2562 1670 2589 διὰ
1683 2562 1800 2591 πίστεως
1827 2559 1856 2586 ὲν

225 2611 345 2647 Χριστῷ,
364 2612 404 2644 εἰς
415 2611 479 2638 λαὸν
505 2612 554 2647 μὲν
572 2612 664 2639 οὐκέτι
686 2612 732 2639 τὸν
745 2612 828 2639 πάλαι
842 2612 888 2639 καὶ
918 2613 1031 2646 ἀρχαῖον
1050 2612 1152 2638 ἐκεῖνον
1184 2609 1385 2645 λελογισμένοι,
1406 2608 1686 2644 μεταστοιχειούμενοι
1707 2607 1736 2632 δὲ
1756 2606 1855 2641 μᾶλλον

225 2658 265 2688 είς
280 2657 339 2684 νέον
353 2658 409 2689 τοῖς
426 2657 455 2689 ἐξ
470 2658 556 2685 ἐθνῶν
572 2659 681 2694 ἀναμίξ.
703 2668 711 2684 ι
734 2659 766 2685 Εἰ
783 2668 825 2690 τις
840 2660 893 2694 γὰρ
904 2660 933 2685 ὲν
948 2659 1069 2694 Χριστῷ,
1082 2658 1163 2693 καινὴ
1179 2657 1277 2689 κτίσις·
1293 2667 1302 2683 ι
1318 2657 1347 2688 ὃς
1376 2657 1422 2683 καὶ
1452 2657 1514 2686 τοὺς
1537 2655 1583 2682 δύο
1604 2655 1686 2686 λαοὺς
1697 2654 1803 2681 ἔκτισεν
1816 2654 1856 2685 είς

225 2705 272 2739 ἕνα
289 2705 381 2733 καινὸν
392 2705 544 2741 ἄνθρωπον,
577 2707 662 2733 ποιῶν
691 2707 810 2743 είρήνην,
832 2707 902 2734 κατὰ
920 2707 969 2739 τὰς
1000 2707 1121 2742 Γραφὰς,
1138 2707 1184 2733 καὶ
1206 2704 1455 2732 ἀποκαταλλάσσων
1479 2703 1653 2739 ἀμφοτέρους
1669 2703 1698 2730 ὲν
1714 2703 1755 2729 έν).
1770 2701 1854 2730 πνεύ-

219 2809 221 2811 ’
262 2804 286 2820 "
300 2803 394 2831 Matth.
408 2813 435 2835 x,
448 2804 491 2831 25.
532 2804 554 2819 ⁷⁸
568 2803 627 2832 Act.
643 2813 698 2835 xm,
713 2805 755 2830 56.

226 2846 292 2876 ινιι,
306 2839 349 2873 li.
387 2839 420 2856 ⁸¹⁴
433 2840 454 2867 ll
468 2840 533 2868 Cor.
546 2848 571 2874 ν,
587 2840 629 2867 l7.
667 2840 689 2856 ⁸³
703 2840 803 2875 Epln-s.
818 2848 846 2874 ιι,
866 2840 906 2867 Η.

808 2805 830 2819 ⁷⁹
842 2804 851 2831 1
862 2804 924 2832 Cor.
939 2814 974 2839 ιν,
992 2806 1033 2833 15.

1087 2805 1109 2821 ⁸⁸
1121 2805 1189 2833 Gen.
1203 2813 1294 2838 xxwu,
1307 2805 1333 2838 5,
1349 2805 1375 2833 Al.
1419 2804 1439 2820 ³¹
1455 2803 1549 2837 Matth.
1562 2811 1620 2837 vm,
1637 2803 1679 2832 ll.
1733 2802 1759 2816 Η
1772 2801 1851 2835 toan.
