1990 3050
183 150 233 179 185

691 144 951 182 GLAPIlYRORUM
970 151 1003 179 IN
1024 151 1172 180 GENESIM
1191 154 1256 180 LIB.
1279 155 1322 182 IV.

1762 156 1813 185 186

184 218 248 244 μιτι
267 209 333 246 πρὸς
363 209 408 238 τὸν
436 209 557 245 Πατέρα.
573 209 675 236 Λέλυκε
691 210 745 245 γὰρ
768 211 798 238 τὸ
816 212 971 246 μεσότοιχον
990 212 1037 239 τοῦ
1069 214 1207 250 φραγμοῦ,
1234 217 1281 242 καὶ
1314 216 1490 252 κατήργηκεν
1504 217 1534 244 ὲν
1558 217 1673 253 δόγμασι
1693 218 1738 245 τὸν
1757 219 1813 246 τῶν

183 257 297 285 ἐντολῶν
311 259 404 295 νόμον.

218 308 254 338 γ’.
280 304 485 339 Ἐφοδιασθέντα
501 304 532 340 δὴ
549 302 595 331 οὖν
609 306 669 337 ταῖς
686 306 761 341 παρὰ
776 306 880 342 πατρδς
895 306 971 332 εὐλο-

1063 307 1088 334 5.
1100 307 1184 336 Jacob
1193 309 1426 344 itaque.paternze
1439 308 1641 337 benedictionis
1653 309 1755 336 viatico
1770 309 1816 335 in-

183 351 255 385 γιαις
270 350 315 377 τὸν
335 349 447 382 Ἰακὼϐ,
464 350 631 386 ἀπεκόμιζον
647 352 671 377 οί
686 351 764 383 πόδες
777 352 823 378 ἐπὶ
836 352 881 378 τὸν
898 352 972 386 αὑτῷ

183 396 350 431 προτεθέντα
369 396 420 431 τῆς
445 395 600 431 ἀποδημίας
628 396 739 425 σκοπόν.
767 397 822 423 Καὶ
848 398 913 424 ποῖα
941 397 973 432 δὴ

184 442 266 469 πάλιν
282 442 316 468 τὰ
336 441 438 476 μεταξὺ
456 441 598 475 γεγονότα,
622 442 655 468 δι’
672 441 761 468 αὐτῶν
775 441 904 477 εἰσόμεθα
920 442 974 469 τῶν

184 488 265 522 ιερῶν
279 487 464 522 Γραμμάτων.
483 487 560 521 Ἔχει
580 487 608 513 δὲ
627 487 730 519 οὕτως·
755 496 764 513 ι
789 488 842 514 Καὶ
862 487 975 522 ἐξῆλθεν

190 533 288 560 Ἰακὼό
303 533 357 560 ἀπὸ
371 533 418 560 τοῦ
431 533 547 569 φρέατος
557 532 603 559 106
620 533 712 568 ὅρκου,
732 533 778 560 καὶ
790 533 924 568 ἐπορεύθη
936 534 975 565 εἰς

184 579 298 615 Χαρρὰν
312 599 318 610 ,
335 579 382 606 καὶ
405 580 547 614 ἀπήντησε
572 579 665 614 τόπῳ,
686 580 734 606 καὶ
753 579 890 615 ἐκοιμήθη
906 580 973 607 ἐκεῖ.

187 626 252 652 Ἐδυ
278 625 331 661 γὰρ
355 627 368 652 ό
382 625 457 660 ἥλιος
470 632 477 639 ⁵
496 624 543 651 καὶ
562 624 656 651 ἔλαϐεν
678 625 733 651 ἀπὸ
750 625 804 652 τῶν
826 625 907 652 λίθων
927 624 975 652 τοῦ

185 670 278 702 τόπου,
295 671 341 697 καὶ
353 670 436 706 ἔθηκε
452 670 519 706 πρὸς
532 670 653 706 κεφαλῆς
665 669 761 703 αὑτοῦ,
776 671 824 698 καὶ
839 671 974 706 ἐκοιμήθη

185 717 213 742 ὲν
229 716 268 751 τῷ
284 716 359 752 τόπῳ
371 716 478 751 ἐκείνῳ,
489 716 536 743 καὶ
546 716 722 752 ὲνυπνιάσθη.
737 717 793 744 Καὶ
805 717 860 744 ίδοὺ
874 717 976 752 κλίμαξ

185 762 370 798 ἔστηριγμένη
388 763 417 788 ὲν
435 763 469 797 τῇ
484 763 536 797 γῇ,
552 759 586 797 ἦς
601 763 618 797 ἡ
634 762 740 798 κεφαλὴ
758 763 912 797 ἀφικνεῖται
936 764 976 795 είς

184 811 229 836 τὸν
248 810 373 845 οὐρανὸν,
390 810 436 836 καὶ
448 810 472 837 οι
492 810 603 845 ἄγγελοι
616 811 663 837 τοῦ
684 810 750 837 Θεοῦ
765 810 908 838 ἀνέϐαινον
926 811 973 838 καὶ

185 855 345 883 κατέϐαινον
369 855 412 881 ἐπ’
438 855 534 890 αὐτήν.
567 855 597 882 ’0
622 855 651 882 δὲ
671 855 774 891 Κύριος
793 856 976 892 ὲπεστήρικτο

184 901 226 928 ἐπ’
239 901 336 937 αὐτῆς,
349 901 396 928 καὶ¹
410 898 497 928 εἴπεν·
515 900 587 936 Ἐγὼ
598 902 612 928 ὁ
624 901 690 933 Θεὸς
716 901 842 938 Ἀϐραὰμ
857 901 902 929 τοῦ
924 911 976 930 πα-

183 948 247 982 τρός
260 956 317 979 σου,
336 947 384 974 καὶ
398 948 411 974 ό
430 947 496 980 Θεὸς
521 947 624 981 Ἰσαὰκ,
642 948 679 983 μὴ
697 947 791 982 φοϐοῦ.
813 947 845 974 Ἠ
860 948 894 983 γῆ
908 969 915 981 ,
930 948 973 982 ἐφ’

183 991 216 1029 ἧς
232 994 264 1020 σὺ
280 993 431 1026 καθεύδεις,
444 994 487 1020 ἐπ’
507 992 593 1028 αὐτῆς
611 993 653 1019 σοὶ
673 993 750 1020 δώσω
766 993 863 1028 αὐτὴν,
878 994 924 1022 καὶ
937 994 976 1029 τῷ

185 1038 324 1074 σπέρματί
339 1047 386 1065 σου
398 1047 405 1054 ο
420 1038 467 1065 καὶ
478 1038 554 1065 ἔσται
569 1038 600 1065 τὸ
613 1038 724 1074 σπέρμα
742 1047 788 1066 σου
807 1038 872 1066 ὡσεὶ
884 1039 976 1074 ἄμμος

182 1085 232 1120 τῆς
255 1084 403 1120 θαλάσσης.
428 1084 483 1110 Καὶ
504 1084 724 1119 πλατυνθήσεται
751 1084 799 1111 ἐπὶ
826 1084 975 1117 θάλασσαν,

184 1132 231 1157 καὶ
244 1130 316 1162 λίϐα,
336 1131 383 1157 καὶ
401 1130 514 1166 βορρᾶν,
536 1130 582 1157 καὶ
595 1130 642 1157 ἐπὶ
662 1131 806 1162 ἀνατολάς.
824 1131 880 1158 Καὶ
897 1131 973 1157 ἐνευ-

182 1176 381 1212 λογηθήσονται
395 1178 423 1203 ἐν
437 1177 479 1202 σοὶ
496 1177 582 1203 πᾶσαι
598 1177 625 1203 at
643 1176 725 1211 φυλαὶ
738 1177 786 1212 τῆς
799 1177 864 1212 γῆς,
883 1177 930 1204 καὶ
945 1177 974 1204 ὲν

182 1222 222 1257 τῷ
236 1222 374 1258 σπέρματί
389 1231 447 1250 σου.
461 1223 517 1249 Καὶ
535 1222 590 1249 ἰδοὺ
606 1222 661 1256 ἐγὼ
680 1222 750 1258 μετὰ
763 1223 811 1249 σοῦ
828 1223 976 1258 διαφυλάσο

184 1276 238 1295 σων
254 1276 282 1294 σε
299 1268 327 1294 ὲν
342 1269 374 1303 τῇ
388 1267 439 1303 ὁδῷ
456 1268 541 1304 πάσῃ,
560 1263 590 1294 οὗ
607 1267 654 1294 ἐὰν
668 1268 815 1304 πορευοῇς,
838 1270 884 1296 καὶ
908 1270 975 1296 ἁπο-

185 1314 294 1350 στρέψω
309 1322 339 1340 σε
351 1316 390 1345 είς
405 1314 455 1349 τὴν
468 1314 519 1349 γῆν
533 1314 645 1349 ταύτην,
662 1314 702 1340 ὅτι
713 1315 742 1341 οὐ
761 1315 797 1349 μή
814 1323 842 1341 σε
858 1316 975 1349 ἐγκατα-

183 1360 265 1392 λίπω,
280 1360 332 1391 ἕως
348 1360 395 1386 τοῦ
420 1359 530 1395 ποιῆσαί
553 1369 587 1394 με
608 1361 696 1388 πάντα
714 1361 763 1387 ὅσα
787 1360 906 1396 ὲλάλησά
923 1369 974 1387 σοι.

184 1407 239 1435 Καὶ
254 1406 388 1442 ἐξηγέρθη
418 1406 515 1435 Ἰακὼϐ
533 1407 565 1433 ἐκ
588 1406 635 1434 τοῦ
653 1406 738 1433 ὕπνου
753 1407 834 1433 αὑτοῦ
847 1427 855 1439 ,
876 1407 923 1434 καὶ
938 1405 977 1434 εῖ-

184 1462 236 1479 πεν
246 1473 253 1485 ,
266 1453 307 1479 ὅτι
323 1454 400 1479 Ἔστι
412 1453 512 1488 Κύριος
526 1453 554 1479 ἐν
568 1452 606 1488 τῷ
621 1453 697 1487 τόπῳ
707 1453 802 1488 τούτῳ,
813 1452 868 1486 ἐγὼ
881 1453 910 1479 δὲ
926 1453 976 1480 οὐκ

184 1498 269 1533 ᾔδειν.
286 1498 341 1524 Καὶ
357 1497 490 1533 ἐφοϐήθη,
508 1498 554 1523 καὶ
572 1496 648 1525 εἶπεν
661 1506 667 1512 ’
688 1498 730 1529 Ὠς
743 1498 857 1533 φοϐερὸς
868 1499 882 1525 ὁ
895 1499 976 1530 τόπος

184 1539 276 1573 οὗτοςι
292 1543 348 1568 Οὐκ
361 1541 418 1568 ἑστι
434 1542 513 1568 τοῦτο
528 1542 583 1568 ἀλλ’
602 1542 618 1577 ἢ
631 1540 705 1573 οἶκος
718 1542 796 1576 Θεοῦ,
811 1543 858 1569 καὶ
872 1542 941 1577 αὕτη
957 1544 973 1578 ἡ

185 1589 258 1624 πύλη
277 1588 323 1614 τοῦ
337 1589 462 1623 οὐρανοῦ.
480 1589 534 1615 Καὶ
549 1588 648 1623 ἀνέστη
669 1588 766 1615 Ἰακὼὸ
786 1589 816 1615 τὸ
830 1588 912 1624 πρωῒ,
928 1589 975 1615 καὶ

185 1634 264 1661 ἔλαϐε
281 1634 326 1660 τὸν
342 1634 413 1660 λίθον
428 1634 457 1660 ὃν
473 1634 609 1667 ὑπέθηκεν
629 1635 687 1661 ἐκεῖ
704 1634 772 1670 προς
788 1635 908 1669 κεφαλῆς
925 1635 975 1661 αὺ-

186 1681 244 1707 τοῦ.
261 1681 315 1707 Καὶ
332 1681 445 1716 ἔστησεν
460 1681 540 1707 αὐτὸν
558 1681 669 1716 στήλην,
687 1681 734 1708 καὶ
751 1682 863 1716 ἐπέχεεν
887 1681 975 1708 ἔλαιον

188 1727 232 1753 ἐπὶ
243 1727 273 1753 τὸ
286 1727 370 1762 ἄκρον
385 1727 479 1761 αὐτῆς,
497 1727 544 1754 καὶ
559 1727 672 1754 ἐκάλεσε
686 1727 715 1753 τὸ
729 1727 815 1762 ὄνομα
829 1727 875 1754 τοῦ
893 1728 975 1754 τόπου

186 1771 303 1804 ἐκείνου,
320 1770 401 1802 Οἶκος
415 1771 492 1798 Θεοῦ.
506 1781 516 1798 ι
536 1772 640 1806 Ὅνομα
657 1772 706 1806 μὲν
722 1769 769 1798 οὖν
787 1771 890 1803 πόλεως
906 1769 975 1798 εἷναί

187 1826 276 1852 φαμεν
292 1826 300 1843 ι
314 1817 345 1843 τὺ
360 1816 449 1852 Φρέαρ
467 1816 514 1843 106
531 1817 623 1852 ὅρκου.
642 1826 651 1842 ι
664 1817 822 1851 Γέγραπται
838 1816 892 1851 γὰρ
905 1816 976 1843 οὕτω

186 1863 250 1898 περὶ
266 1862 348 1890 αὑτοῦ
359 1871 366 1877 ·
399 1863 523 1896 Ἐγένετο
549 1862 578 1889 δὲ
598 1863 627 1889 ὲν
643 1864 676 1897 τῇ
694 1862 787 1898 ἡμέρᾳ
804 1862 907 1898 ἐκείνῃ.
930 1861 976 1888 καὶ

187 1908 407 1944 παραγενόμενοι
430 1908 454 1934 οι
476 1907 570 1939 παῖδες
599 1908 700 1939 Ἰσαὰκ,
718 1907 888 1942 ἀπήγγειλαν
903 1906 976 1942 αὑτῷ

186 1954 309 1990 περὶτοῦ
329 1954 445 1989 φρέατος
456 1974 462 1984 .
478 1950 508 1981 οὗ
528 1953 646 1989 ὤρυξαν,
660 1954 708 1980 καὶ
722 1951 813 1986 εἶπαν,
829 1953 878 1988 οὐχ
897 1952 978 1988 ε’ύροο

188 2009 238 2036 μεν
252 2000 333 2036 ὕδωρ.
348 2001 403 2027 Καὶ
417 2000 544 2027 ἐκάλεσεν
555 2000 636 2026 αὐτὸν
647 2000 739 2035 ὅρκον.
756 1998 806 2026 Διά
819 1999 896 2025 τοῦτο
912 1999 977 2026 ἐκά-

186 2047 249 2073 λεσε
266 2047 297 2073 τδ
309 2046 395 2082 ὄνομα
412 2048 445 2082 τῇ
461 2046 555 2078 πόλει,
571 2045 662 2081 Φρέαρ
676 2046 759 2081 ὅρκου
769 2065 777 2076 .
795 2045 847 2077 ἓως
861 2047 909 2080 τῆς
928 2045 976 2081 σήο

188 2101 281 2128 μερον.
302 2102 311 2118 ι
340 2092 442 2127 Ὄρκου
466 2091 494 2118 δὲ
517 2090 608 2127 Φρέαρ
626 2100 635 2116 ι
654 2091 681 2118 εἴ
699 2099 742 2122 τις
763 2091 850 2118 ἕλοιτο
869 2091 975 2126 μαθεῖν,

185 2137 244 2168 ἀνθ’
262 2138 322 2164 ὅτου
337 2137 368 2172 δὴ
383 2137 463 2164 πάλιν
480 2136 568 2163 ἐκεῖνό
592 2145 692 2171 φαμεν.
719 2136 793 2162 Ἐκεῖ
815 2135 870 2170 γὰρ
895 2135 976 2171 δρκον

187 2183 298 2218 εἰρήνης
313 2182 404 2208 ἔθεντο
421 2181 489 2217 πρὸς
504 2181 550 2207 τὸν
572 2181 665 2208 Ἰσαὰκ
677 2181 701 2207 οί
718 2180 878 2216 ¹Γεραριτῶν
893 2179 976 2215 ἡγού-

188 2235 274 2264 μενοι,
297 2227 441 2263 Ἀίῑιμέλεχ
463 2227 510 2254 καὶ
524 2227 548 2253 οἱ
568 2227 615 2253 σὺν
631 2226 714 2261 αὐτῷ.
737 2227 863 2262 Ἀπαίρει
876 2226 908 2262 δὴ
926 2225 975 2253 οὖν

185 2275 201 2302 ὁ
215 2273 358 2305 θεσπέσιος
378 2272 474 2299 Ἰακὼὸ
488 2273 537 2308 τῆς
557 2271 687 2308 πατρῴας
703 2273 797 2304 ἑστίας
810 2274 857 2299 καὶ
873 2273 976 2305 πόλεως

1026 357 1158 386 structus,
1172 355 1370 389 profectionem
1382 363 1464 390 quam
1476 356 1634 384 instituerat
1650 359 1693 382 est
1706 362 1814 390 aggres-

1026 405 1080 425 sus.
1092 398 1220 431 Quaenam
1235 407 1300 427 vere
1314 399 1366 434 ipsi
1384 400 1491 427 interea
1512 400 1679 431 acciderint,
1697 407 1731 426 ex
1747 399 1816 434 ipsis

1025 444 1111 471 sacris
1127 444 1236 471 Litteris
1246 445 1327 472 nobis
1342 445 1488 472 constabit.
1502 445 1541 472 Ita
1554 453 1621 472 vero
1634 444 1735 471 habent
1747 453 1769 470 ιι
1781 444 1816 471 Et

1026 497 1153 525 egressus
1166 491 1248 518 Jacob
1265 491 1297 518 de
1310 495 1394 526 puteo
1415 491 1576 527 juramenti,
1594 491 1662 519 abiit
1680 491 1708 517 in
1730 490 1816 517 Char-

1025 543 1085 568 ran,
1111 541 1140 564 et
1159 537 1280 564 occurrit
1297 537 1367 569 loco,
1392 541 1420 565 et
1440 537 1569 564 dormivit
1594 537 1642 564 ibi.
1669 537 1815 564 Occiderat

1025 581 1099 609 enim
1107 583 1157 610 sol.
1167 583 1200 610 Et
1214 583 1276 610 tulit
1288 583 1321 610 de
1332 583 1470 618 lapidibus
1477 583 1542 616 loci,
1551 587 1579 610 et
1586 582 1677 618 posuit
1689 581 1722 609 ad
1734 584 1816 616 caput

1026 636 1117 661 suum,
1137 633 1166 656 et
1188 629 1318 656 dormivit
1334 629 1363 656 in
1383 629 1442 656 loco
1463 629 1532 660 illo,
1558 633 1587 656 et
1604 627 1759 656 somniavit.
1782 627 1817 654 Et

1025 682 1090 702 ecce
1106 675 1178 702 scala
1192 674 1299 702 ﬁrmata
1314 675 1343 701 in
1357 678 1441 708 terra,
1451 675 1530 710 cujus
1544 678 1626 710 caput
1637 673 1817 709 perveniebat

1025 720 1053 747 in
1071 722 1182 754 coalum,
1201 725 1228 748 et
1244 721 1332 756 angeli
1350 721 1398 748 Dei
1412 721 1598 748 ascendebant
1617 724 1646 747 et
1663 719 1816 747 descende-

1025 766 1092 794 bant
1107 775 1189 802 super
1201 774 1272 794 eam.
1295 766 1330 794 At
1350 766 1484 794 Dominus
1506 766 1632 794 ﬁrmatus
1652 770 1712 793 erat
1731 772 1815 799 super

1025 821 1096 845 eam,
1108 817 1136 840 et
1150 813 1234 840 dixit:
1244 813 1301 848 Ego
1312 813 1386 840 Deus
1396 812 1483 848 patris
1494 813 1534 840 tui
1544 812 1693 845 Abraham,
1705 816 1733 839 et
1743 812 1818 839 Deus

1025 858 1101 886 Isaac
1116 867 1122 885 :
1136 867 1170 885 ne
1196 859 1304 887 timeas.
1328 858 1414 885 Terra
1436 857 1464 885 in
1485 865 1538 892 qua
1562 861 1591 884 tu
1609 857 1713 884 dormis
1734 864 1816 892 super

1025 911 1097 936 eam,
1111 903 1160 930 tibi
1178 903 1248 930 dabo
1258 911 1329 936 eam,
1349 907 1376 930 et
1393 902 1492 930 semini
1515 906 1571 930 tuo.
1594 902 1628 929 Et
1647 902 1701 929 erit
1722 909 1817 929 semen

1027 953 1104 976 tuum
1121 949 1192 977 sicut
1207 956 1292 976 arena
1306 948 1400 981 maris,
1416 951 1444 975 et
1460 947 1622 974 diiatabitur
1646 947 1680 974 ad
1693 955 1768 974 mare
1788 951 1818 974 et

992 987 1015 1018 Β
1028 999 1163 1024 austrum.
1174 998 1203 1022 et
1213 994 1248 1021 ad
1264 993 1431 1029 aquilonem,
1443 997 1471 1020 et
1486 993 1520 1020 ad
1534 993 1680 1026 orientem;
1693 996 1721 1020 et
1731 993 1818 1020 bene-

1027 1041 1153 1068 dicentur
1166 1039 1194 1066 in
1207 1043 1233 1067 te
1244 1046 1340 1067 omnes
1353 1039 1445 1066 tribus
1455 1042 1547 1071 terrae,
1561 1041 1588 1066 et
1598 1038 1627 1065 in
1636 1038 1741 1065 semine
1759 1041 1818 1064 tuo.

1026 1085 1062 1114 Et
1083 1092 1148 1112 ecce
1171 1092 1222 1120 ego
1245 1088 1346 1116 tecum,
1369 1083 1532 1110 custodiens
1553 1087 1580 1110 te
1598 1082 1626 1109 in
1642 1082 1717 1110 omni
1734 1085 1817 1115 terra,

1027 1137 1192 1164 quocunque
1201 1128 1366 1163 per-rexeris,
1373 1131 1400 1154 et
1410 1127 1540 1154 reducam
1549 1131 1576 1154 te
1588 1127 1617 1153 in
1624 1131 1725 1153 terram
1736 1126 1818 1158 hanc,

1030 1175 1110 1211 114
1130 1175 1194 1209 quia
1214 1182 1269 1201 non
1284 1177 1310 1201 te
1330 1173 1531 1208 derelinquam,
1548 1172 1635 1200 donec
1655 1172 1751 1199 iaciam
1769 1179 1819 1207 ego

1027 1221 1120 1248 omnia
1141 1227 1312 1255 quaecunque
1338 1219 1447 1246 locutus
1474 1227 1534 1246 sum
1559 1218 1618 1246 tibi.
1644 1218 1677 1245 Et
1699 1217 1820 1245 surrexit

1026 1266 1110 1294 Iacob
1122 1265 1156 1292 de
1172 1273 1269 1292 somno
1281 1273 1341 1297 suo,
1356 1270 1384 1292 et
1395 1264 1464 1291 dixit
1478 1273 1484 1291 :
1498 1264 1567 1298 Quia
1583 1268 1625 1291 est
1639 1264 1774 1291 Dominus
1791 1263 1819 1291 in

1027 1311 1088 1338 loco
1107 1311 1160 1338 isto
1180 1320 1186 1337 ε
1208 1318 1259 1346 ego
1280 1314 1371 1337 autem
1394 1318 1449 1337 non
1469 1310 1600 1337 sciebam.
1622 1310 1657 1337 Et
1677 1310 1778 1342 timuit,
1791 1313 1819 1337 et

1026 1358 1096 1385 dixit
1110 1367 1115 1384 :
1129 1357 1215 1391 Quam
1234 1357 1366 1384 terribilis
1381 1357 1458 1384 locus
1475 1357 1543 1384 istel
1557 1357 1617 1384 Non
1629 1360 1671 1384 est
1686 1357 1747 1389 hoc,
1765 1357 1819 1384 nisi

1027 1403 1125 1430 domus
1148 1403 1205 1435 Dei,
1223 1407 1251 1430 et
1272 1403 1330 1430 haec
1348 1407 1428 1437 porta
1448 1403 1519 1430 coeli.
1541 1403 1575 1429 Et
1597 1402 1716 1430 surrexit
1735 1403 1819 1430 Jacob

1027 1457 1118 1481 mane,
1139 1454 1166 1477 et
1191 1450 1254 1476 tulit
1275 1449 1405 1484 lapidem,
1431 1457 1513 1484 quem
1537 1448 1681 1483 supposuit
1706 1449 1763 1475 illic
1784 1449 1818 1476 ad

1026 1500 1108 1530 caput
1121 1503 1212 1528 suum,
1230 1499 1258 1522 et
1271 1496 1361 1523 erexit
1383 1495 1412 1522 in
1432 1495 1554 1527 titulum,
1570 1499 1598 1522 et
1613 1494 1710 1522 eti‘udit
1728 1495 1818 1522 oleum

1027 1549 1110 1576 super
1137 1542 1323 1569 summitatem
1345 1543 1425 1577 ejus,
1451 1545 1478 1568 et
1505 1541 1613 1569 vocavit
1639 1548 1740 1568 nomen
1766 1541 1818 1568 loci

1026 1588 1110 1621 illius,
1129 1588 1232 1615 Domus
1259 1589 1308 1616 Dei
1328 1587 1361 1614 “.
1389 1598 1397 1613 ι
1418 1587 1524 1614 Nomen
1545 1587 1637 1622 itaque
1661 1587 1738 1614 urbis
1759 1593 1819 1614 esse

1027 1634 1157 1666 diximus,
1184 1643 1193 1659 ι
1208 1634 1324 1661 Puteum
1346 1634 1507 1668 juramenti.
1527 1643 1536 1658 ι
1560 1634 1598 1660 lta
1625 1633 1699 1660 enim
1726 1633 1759 1660 de
1786 1642 1820 1662 eo

1028 1681 1161 1715 scriptum
1181 1684 1223 1708 est
1242 1690 1248 1707 :
1267 1690 1275 1706 ‹
1290 1681 1403 1708 Factum
1422 1686 1463 1708 est
1483 1685 1576 1708 autem
1598 1680 1626 1707 in
1645 1680 1690 1707 die
1711 1680 1777 1712 illa,
1791 1684 1819 1707 et

1026 1727 1187 1754 accedentes
1199 1727 1269 1754 servi
1279 1727 1355 1754 Isaac
1374 1727 1538 1754 nuntiarunt
1549 1727 1575 1754 ei
1586 1727 1620 1754 de
1633 1730 1716 1761 puteo
1737 1734 1819 1761 quem

1026 1772 1166 1805 foderunt,
1185 1776 1215 1799 et
1232 1772 1363 1800 dixerunt
1380 1781 1386 1799 ε
1406 1773 1466 1800 Non
1485 1773 1642 1800 invenimus
1660 1780 1775 1807 aquam;
1791 1777 1820 1799 et

1026 1820 1135 1846 vocavit
1147 1819 1223 1846 illum
1236 1814 1440 1846 Juramentum.
1456 1818 1563 1846 Idcirco
1576 1823 1703 1846 vocatum
1715 1821 1757 1845 est
1767 1826 1819 1846 no-

1027 1872 1090 1892 men
1105 1865 1192 1897 urbis,
1210 1865 1312 1892 Puteus
1324 1864 1484 1899 juramenti,
1501 1872 1589 1899 usque
1610 1864 1638 1891 in
1653 1863 1819 1891 hodiernum

1027 1911 1101 1938 diem
1112 1911 1146 1937 ⁸⁵.
1157 1920 1166 1936 ι
1176 1910 1231 1937 Cur
1240 1913 1330 1937 autem
1340 1914 1453 1936 vocatus
1466 1910 1502 1936 sit
1513 1910 1631 1936 «Puteus
1639 1909 1815 1944 juramenti,»

1027 1957 1051 1986 si
1067 1957 1129 1992 quis
1148 1957 1218 1984 seire
1231 1956 1311 1988 velit,
1325 1955 1430 1982 idcirco
1443 1959 1470 1982 et
1490 1955 1558 1982 illud
1574 1955 1673 1982 dicam.
1693 1955 1731 1982 lbi
1744 1955 1819 1982 enim

1027 2005 1225 2039 percusserunt
1238 2001 1328 2028 fcedus
1346 2000 1421 2036 pacis
1438 2008 1500 2027 cum
1518 2000 1594 2027 lsaac
1608 1999 1692 2027 duces
1705 1999 1818 2027 Gerari-

1027 2052 1128 2081 tarum,
1140 2046 1311 2078 Abimelech,
1327 2046 1449 2080 inquam,
1463 2049 1490 2072 et
1501 2045 1547 2080 qui
1560 2053 1622 2072 cum
1637 2052 1681 2072 eo.
1696 2045 1817 2072 Discedit

1027 2094 1120 2129 itaque
1134 2093 1244 2120 divinus
1261 2091 1345 2119 Jacoh
1362 2099 1376 2118 a
1394 2094 1507 2126 paterna
1524 2090 1616 2122 domo,
1631 2094 1659 2117 et
1675 2098 1691 2117 a
1705 2090 1816 2117 civitate

1027 2140 1095 2174 ipsa,
1112 2146 1143 2166 ac
1155 2145 1255 2173 genere
1269 2144 1319 2164 suo
1337 2140 1490 2172 separatur.
1503 2136 1686 2168 Quamobrem
1702 2140 1817 2163 maestus

1027 2185 1176 2213 admodum
1188 2191 1248 2210 esse
1267 2183 1360 2217 cmpit.
1372 2182 1545 2209 Intellexerat
1565 2181 1649 2214 enim,
1669 2185 1699 2208 ut
1717 2181 1816 2209 verisi-

1027 2232 1092 2259 mile
1108 2235 1160 2263 est,
1171 2230 1243 2266 quod
1255 2229 1416 2265 peregrinus
1433 2232 1515 2263 atque
1532 2229 1633 2263 hospes
1647 2233 1721 2256 esset
1741 2229 1816 2256 futu-

1028 2286 1085 2309 rus,
1109 2275 1238 2311 quodque
1259 2275 1331 2302 inter
1352 2278 1462 2301 exteros
1482 2274 1658 2301 habitaturus
1678 2277 1767 2306 esset,
1790 2279 1818 2301 et

187 2319 282 2353 αὑτῆς,
299 2318 346 2345 καὶ
369 2319 465 2353 γένους
493 2319 702 2354 ἀπενοσφίζετο.
721 2319 856 2355 Ταύτῃτοι
878 2319 973 2351 δεινῶς

1027 2321 1228 2359 quodammodo
1239 2321 1300 2348 aliis
1312 2321 1460 2355 subjectus,
1471 2320 1664 2354 insuetumque
1676 2319 1819 2347 servitutis

189 2366 235 2392 καὶ
250 2366 340 2393 ἀλύειν
354 2366 464 2401 ἤρχετο.
489 2365 604 2392 Ἐνενόει
623 2365 677 2401 γάρ
697 2374 749 2392 που
766 2366 838 2392 κατὰ
860 2366 890 2392 τὸ
903 2366 976 2398 εἰκὸς

188 2413 225 2443 ὡς
243 2412 344 2447 ἀλήτης
365 2411 442 2437 ἔσται
457 2411 504 2438 καὶ
521 2411 606 2444 ξένος,
623 2411 670 2438 καὶ
686 2412 791 2446 οἰκήσει
806 2411 855 2446 μὲν
869 2412 913 2438 ἐπ’
926 2412 975 2438 ἁ).-

187 2457 317 2491 λοδαπῆς.
340 2457 437 2483 Ἔσται
451 2457 474 2483 δ’
495 2456 558 2488 ἴσως
575 2458 622 2483 καὶ
635 2457 680 2491 ὑφ’
691 2457 811 2493 ἑτέρους,
829 2458 876 2484 καὶ
892 2459 975 2484 ὰσυν-

187 2503 240 2538 ήϐη
267 2503 389 2534 δουλείας
409 2503 516 2536 δέξεται
533 2502 625 2537 ζυγόν.
643 2504 734 2530 Εῐκειν
758 2504 811 2538 γὰρ
828 2505 884 2535 τοῖς
906 2513 975 2539 κρα-

186 2548 280 2574 τοῦσιν
297 2548 403 2583 ἀνάγκη
421 2548 542 2579 καὶτοὺς
560 2548 629 2583 ἄγαν
643 2549 772 2583 εὐγενεῖς.
785 2549 975 2584 Συλλαμὸἀνε-

188 2603 233 2620 ται
249 2594 277 2620 δὲ
300 2595 346 2620 καὶ
361 2594 532 2629 παραχρῆμα
554 2594 620 2625 Θεὸς
639 2595 653 2621 ὁ
673 2604 682 2620 ι
702 2594 815 2629 καρδίας
830 2594 908 2626 εἰδὼς
926 2595 975 2621 καὶ

188 2641 321 2676 νεφροὺς.
342 2650 351 2666 ι
369 2641 416 2667 καὶ
438 2642 496 2673 ταῖς
519 2640 591 2667 οὕτω
609 2642 722 2675 πικραῖς
745 2641 911 2677 δυσφημίαις
926 2642 976 2668 οὐκ

160 2698 165 2702 -
189 2686 222 2721 ἑᾷ
237 2685 454 2720 καταπνίγεσθαι
470 2688 520 2721 τὴν
535 2686 582 2712 τοῦ
595 2686 699 2713 δικαίου
712 2686 812 2722 ψυχήν.
830 2687 975 2722 Παρέδειξε

187 2732 244 2767 γὰρ
257 2732 298 2759 ὅτι
309 2731 414 2767 πληθὺς
425 2732 559 2766 ἀγγέλων,
571 2732 627 2759 ἄνω
641 2741 669 2759 τε
681 2733 728 2759 καὶ
739 2733 813 2759 κάτω
823 2731 974 2767 διᾴττουσα,

187 2777 315 2811 διασώζει
332 2777 431 2814 ῥᾳδίως
443 2778 505 2810 τοὺς
516 2778 712 2814 ἀνακειμένους
729 2778 797 2814 Θεῷ.
814 2779 895 2806 Τουτὶ
910 2779 976 2815 γὰρ,

1027 2370 1123 2405 jugum
1138 2367 1290 2394 subiturus.
1305 2365 1502 2399 Obtemperare
1518 2365 1592 2392 enim
1610 2369 1718 2399 oportet
1734 2373 1817 2400 supe-

1025 2414 1156 2444 rioribus,
1177 2413 1259 2440 etiam
1282 2418 1333 2446 eos
1355 2411 1403 2445 qui
1426 2410 1552 2445 generosi
1573 2410 1721 2438 admodum
1741 2414 1816 2438 sunt.

1025 2460 1098 2487 Deus
1110 2466 1185 2490 vero,
1203 2458 1251 2492 qui
1265 2467 1274 2482 ι
1288 2457 1364 2484 novit
1382 2456 1465 2484 corda
1479 2460 1508 2483 et
1523 2463 1603 2483 renes
1616 2456 1651 2489 ⁸⁸,
1663 2466 1672 2482 ι
1688 2457 1778 2483 statim
1791 2455 1816 2483 ei

1026 2512 1105 2539 opem
1124 2503 1186 2535 fert,
1197 2509 1286 2536 neque
1301 2502 1369 2529 adeo
1388 2501 1488 2528 acerbo
1508 2501 1603 2528 dolore
1616 2501 1681 2536 justi
1698 2500 1817 2529 animant

1025 2549 1142 2585 opprimi
1154 2547 1296 2583 permittit.
1307 2547 1433 2574 Ostendit
1444 2547 1517 2574 enim
1526 2547 1599 2582 quod
1612 2546 1757 2573 multitudo
1769 2553 1816 2572 an-

1024 2599 1146 2633 gelorum
1164 2596 1345 2631 undequaque
1362 2595 1512 2630 prosiliens
1526 2594 1606 2622 facile
1617 2593 1768 2621 liberatura
1781 2593 1817 2620 sit

1024 2651 1071 2670 eos
1091 2642 1137 2677 qui
1157 2643 1212 2669 Deo
1232 2641 1336 2668 subditi
1349 2644 1457 2676 parcnt.
1471 2640 1527 2667 Hoc
1542 2639 1627 2671 enim,
1638 2646 1728 2673 neque
1742 2637 1817 2669 aliud

1024 2688 1175 2723 quidquam
1188 2695 1237 2722 per
1248 2687 1386 2714 insomnia
1398 2686 1514 2714 edoctus
1524 2689 1574 2713 est.
1586 2684 1660 2712 Vidit
1671 2683 1743 2712 enim
1754 2690 1817 2710 sen-

1025 2734 1136 2761 sualiter
1149 2733 1248 2760 scalam
1269 2733 1297 2760 in
1313 2733 1413 2760 coelum
1427 2732 1640 2772 pertingenlcm.
1661 2731 1819 2757 Destenszts

1025 2783 1117 2806 autem
1130 2783 1211 2814 atque
1223 2786 1352 2806 ascensus
1370 2778 1477 2814 signum
1487 2781 1556 2810 erat,
1570 2775 1677 2804 etiamsi
1692 2774 1719 2802 in
1737 2773 1817 2802 rudi-

225 2867 234 2882 ⁶
247 2867 328 2897 ’Gen.
347 2876 438 2902 xxvm,
455 2868 547 2896 i0-t8.
586 2869 607 2885 ⁸⁵
622 2868 688 2897 Gen.
710 2877 779 2898 xxvt.
793 2869 837 2904 32,
854 2870 897 2898 55.
936 2870 957 2886 ⁸⁵
972 2865 1043 2897 Psal.
1058 2876 1083 2902 x,
1096 2867 1122 2897 7.
