1990 3050
165 143 215 171 187

658 144 686 172 S.
707 144 845 172 CYRlLLI
863 144 1097 173 ALEXANDRINI
1116 145 1275 174 ARCHIEP.

1736 144 1788 174 188

163 198 215 225 bus
227 197 395 233 descriptum
411 198 447 227 sit
460 199 538 234 typis.
551 198 663 227 Audivit
676 208 741 228 vero
758 201 839 228 etiam
855 208 945 227 vocem

1000 199 1087 236 οἶμαι,
1098 201 1144 228 καὶ
1154 201 1196 228 ἐτε
1200 209 1247 237 ρον
1259 200 1335 227 οὐδὲν
1345 200 1389 227 διὰ
1397 200 1451 227 τῶν
1463 201 1610 236 ὀνειράτων
1620 200 1786 228 ἐπαιδεύετο-

163 244 223 278 ejus
245 244 292 278 qui
312 245 416 280 angelis
441 245 587 280 praafectus
607 250 658 279 est,
676 246 804 279 dicentis,
821 247 893 281 quod
917 247 951 273 ad

164 289 254 324 ipsum
271 290 425 318 benedictio
441 299 456 319 a
467 297 545 327 patre
558 292 631 325 data,
646 293 681 320 sit
691 297 883 328 perventuram
896 293 950 320 Ex-

164 335 292 363 tendetur
304 337 388 370 enim,
401 338 499 372 inquit,
513 346 606 366 semen
631 343 709 366 tuum
728 338 762 365 ad
775 342 865 365 ortum
876 343 904 365 et
918 338 951 365 ad

161 389 288 410 occasum
300 403 307 416 ,
328 383 361 410 ad
380 387 503 411 austrum
521 389 548 411 et
566 384 599 411 ad
623 385 779 419 aquilonem
801 384 833 410 ⁸⁷.
851 393 859 409 ι
879 376 965 411 Dixit'

162 433 229 453 vero
240 427 332 459 etiam,
346 428 419 462 quod
433 429 522 463 ipsum
531 428 674 456 habiturus
683 433 754 456 esset
763 429 951 457 auxiliatorem

162 475 190 498 et
207 473 380 500 salvatorem.
400 474 616 510 Expergcl‘aetus
630 479 720 501 autem
735 475 843 502 divinus
857 475 950 508 Jacob,

161 525 215 544 non
227 518 399 546 mediocriter
407 519 556 547 admiratus
564 525 614 551 est,
624 519 760 554 dixitque:
772 520 850 555 115
864 531 872 546 ι
884 520 952 554 Quia

167 564 301 591 Dominus
314 569 356 592 est
371 565 398 592 in
412 565 471 592 loco
483 565 534 592 hoc
552 574 558 591 ε
582 572 632 600 ego
647 572 714 592 vero
733 566 890 593 nesciebam
900 565 948 592 ⁸⁸.)

167 608 304 641 Quidnam
322 617 387 636 vero
404 617 453 644 per
467 609 518 636 hoc
533 609 687 644 signiﬁcare
704 609 780 642 velit,
799 618 854 644 quo
871 613 952 645 pacto

164 658 220 677 non
241 659 329 686 operae
348 652 467 686 pretium
483 652 566 680 fuerit
583 652 695 680 videre?
710 653 842 689 Exiguam
853 661 951 689 quam-

159 696 222 722 dam
232 696 266 723 de
278 697 334 723 Deo
344 696 501 731 opinionem
517 697 602 725 fuisse
615 698 754 726 veteribus
766 699 949 727 inveniemus.

159 742 358 770 Existimabam
369 743 444 770 enim
455 744 540 771 Deum
556 745 638 772 aliam
650 752 758 772 omnem
769 750 869 773 terram
881 754 951 781 pra:-

163 788 328 821 termittere,
342 793 422 824 atque
435 797 467 818 ea
484 791 542 817 sola
559 791 760 825 quodammodo
771 792 908 825 concludi.
924 792 952 820 in

158 840 239 867 quam
252 833 286 860 ab
299 834 358 869 ipso
375 835 463 862 vocati
479 839 567 868 erant,
581 837 687 864 relictis
703 837 760 865 suis
775 837 913 871 domibus,
925 842 953 865 et

156 879 347 906 Chaldaeorum
370 880 480 915 regione
500 882 613 917 egressi.
630 882 699 910 Cum
721 883 795 910 enim
812 883 947 910 idolorum

156 925 277 953 cultores
295 927 396 954 multos
415 927 466 954 sibi
488 927 555 954 deos
580 933 775 963 proponerent,
799 930 947 964 unicuique

158 971 285 1003 daemoni,
307 972 445 1007 propriam
464 972 548 999 veluti
569 973 714 1007 quamdam
738 975 878 1010 regionem
896 975 947 1002 tri—

156 1017 271 1044 buentes
292 1017 339 1052 qui
358 1026 407 1052 per
428 1018 511 1045 urbes
537 1018 729 1053 adorarentur,
743 1021 876 1055 putabant
891 1029 947 1049 non

156 1070 252 1090 omnes
264 1063 394 1091 omnibus
415 1064 442 1090 in
459 1064 525 1091 locis
541 1072 601 1092 esse
619 1073 708 1100 posse,
722 1073 754 1094 ac
767 1067 819 1094 coli
834 1066 945 1094 debere.

154 1108 288 1142 Quocirca
299 1109 372 1136 beati
388 1110 470 1137 etiam
485 1110 657 1145 patriarchae,
671 1111 719 1146 qui
732 1119 830 1139 recens
840 1112 874 1139 ab
887 1112 947 1139 ido-

155 1154 244 1182 lorum
268 1155 343 1182 cultu
371 1160 398 1183 et
422 1155 456 1183 ab
481 1163 574 1183 errore
597 1156 631 1184 de
657 1157 812 1192 pluralitate
832 1157 947 1184 deorum

154 1204 233 1227 erant
249 1200 370 1233 abducti,
395 1202 537 1237 Deumque
557 1203 718 1230 naturaliter
736 1210 768 1230 ac
791 1211 856 1230 vere
874 1203 947 1231 exsi-

155 1250 271 1273 stentem
282 1247 397 1274 adorare
408 1247 481 1274 docti
491 1253 640 1280 erant,non
649 1248 677 1275 in
685 1249 758 1275 omni
770 1252 851 1280 terra,
859 1256 947 1283 neque

153 1292 251 1326 quovis
272 1292 299 1319 in
320 1293 381 1320 loco
401 1293 497 1320 adesse
520 1294 589 1328 ipsis
611 1298 694 1329 atque
712 1294 839 1322 auxiliari
861 1295 947 1322 Deum

153 1338 313 1371 credebant,
333 1339 461 1373 pusillam
492 1339 641 1367 admodum
660 1340 750 1368 adhuc
771 1341 804 1368 de
820 1341 876 1368 Deo
896 1349 944 1368 co—

153 1384 304 1418 gnitionem
325 1385 408 1412 nacti.
420 1385 539 1412 Docetur
549 1385 640 1421 itaque
651 1386 748 1414 beatus
758 1387 851 1419 Iacob,
867 1394 947 1421 pcre-

153 1428 368 1464 grinationisque
384 1437 440 1457 suae
455 1430 574 1458 fructum
602 1431 720 1466 percipit
736 1430 828 1458 ﬁdem.
846 1431 948 1458 Didicit

153 1475 226 1502 enim
240 1475 313 1509 quod
324 1475 350 1502 in
366 1476 442 1502 omni
466 1476 527 1504 loco
547 1477 677 1512 omnique
690 1477 800 1512 regione
815 1477 850 1505 sit
861 1478 944 1505 Deus.

152 1520 186 1548 Et
197 1521 302 1548 habitat
314 1521 426 1556 quidem
441 1522 467 1548 in
486 1522 566 1553 cmlo,
587 1523 683 1558 implet
703 1531 770 1551 vero
785 1523 944 1551 universum

155 1565 251 1592 orbem
264 1569 412 1598 terrarum,
425 1567 572 1601 omniaque
590 1567 641 1601 ipsi
653 1567 807 1602 subjacent,
821 1572 849 1595 et
862 1568 945 1602 spiri-

155 1615 199 1637 tus
220 1611 268 1645 qui
293 1612 320 1639 in
337 1612 407 1639 caelo
420 1620 528 1639 sursum
551 1621 583 1640 ac
598 1613 727 1640 deorsum
751 1613 790 1641 ire
803 1614 946 1649 jubentur,

154 1656 300 1691 ipsumque
322 1657 425 1684 habent
442 1663 524 1693 caput
544 1666 577 1685 ac
590 1658 758 1693 praefectum.
774 1659 880 1686 idcirco
892 1660 946 1686 mi-

153 1706 230 1729 ratus
244 1706 296 1734 est,
308 1702 403 1730 dicens
417 1712 422 1730 :
437 1713 446 1729 ‹
461 1703 529 1737 Quia
551 1704 684 1731 Dominus
695 1708 738 1731 est
751 1705 780 1733 in
794 1705 855 1732 loco
871 1705 924 1733 hoc
937 1714 944 1732 :

152 1754 204 1782 ego
219 1751 311 1775 autem
327 1748 483 1776 nesciebam
497 1749 531 1776 θ’.
545 1759 554 1775 ι
565 1744 730 1777 Existimans
746 1758 812 1778 vero
827 1751 945 1786 lapidem

154 1793 205 1827 ipsi
226 1793 425 1822 insomniorum
448 1800 588 1823 auctorem
610 1795 712 1837 fuisse,
732 1797 837 1824 honore
859 1799 942 1825 etiam

153 1838 243 1873 ipsum
258 1839 359 1872 affecit,
373 1841 508 1876 inungens
523 1842 594 1869 oleo.
606 1842 641 1869 Et
655 1851 664 1868 ι
677 1842 790 1870 domum
806 1853 815 1869 ι
830 1843 942 1878 quidem

153 1885 263 1912 vocavit
286 1895 294 1910 ι
308 1885 357 1912 Dei
373 1890 401 1913 et
415 1891 522 1922 portam
537 1887 599 1915 οωιί
611 1896 620 1913 ι
634 1887 725 1915 locum
740 1888 827 1922 illum,
839 1889 941 1916 erexit-

153 1938 206 1964 que
219 1930 349 1965 lapidem.

1003 247 1139 281 αἰσθητῶς
1156 246 1205 282 μὲν
1220 246 1275 281 γὰρ
1289 246 1339 281 τὴν
1361 246 1401 277 είς
1417 245 1447 272 τδ
1463 246 1518 273 ἄνω
1532 246 1678 282 διήκουσαν
1695 245 1789 273 ἐθεᾶτο

1002 291 1134 326 κλίμακα.
1149 290 1267 317 Καθόδου
1281 290 1309 316 δὲ
1323 290 1370 317 καὶ
1380 290 1474 317 ἀνόδου
1488 291 1598 326 σημεῖον
1609 289 1652 326 ἦν,
1665 291 1688 317 εί
1703 290 1749 318 καὶ
1760 293 1788 318 ἐν

1002 336 1118 371 παχέσιν
1134 335 1230 371 ὥσπερ
1243 334 1379 371 ἐγράφετο
1395 335 1500 366 τύποις.
1517 336 1617 363 Ἥκουε
1629 336 1657 362 δὲ
1671 336 1718 362 καὶ
1733 345 1790 370 φω-

1003 381 1050 416 νῆς
1061 381 1142 408 αὐτοῦ
1155 381 1279 415 λέγοντος
1296 380 1342 407 τοῦ
1356 382 1411 413 τοῖς
1427 381 1553 416 ἀγγέλοις
1564 382 1787 417 προστάττοντος,

1002 427 1042 454 ὅτι
1061 428 1110 463 τῆς
1128 426 1252 462 δοθείσης
1267 426 1341 462 αὐτῷ
1358 427 1433 461 παρὰ
1451 427 1553 462 πατρὸς
1568 427 1692 461 εὐλογίας
1706 428 1788 459 αὐτὸς

1003 473 1079 500 ἔσται
1093 473 1123 500 τὸ
1137 473 1234 508 πέρας.
1253 482 1262 498 ι
1285 473 1480 508 Ἐκταθήσεται
1494 473 1548 508 γὰρ
1564 473 1594 500 τὺ
1608 473 1718 508 σπέρμα
1729 481 1788 504 σου,

1003 519 1094 555 φησὶν,
1109 519 1149 551 εἰς
1175 518 1216 554 ἠῶ
1236 527 1266 545 τε
1284 519 1330 545 καὶ
1349 518 1434 551 δύο-ιν¹
1450 518 1549 554 βορρᾶν
1563 527 1592 545 τε
1610 519 1657 545 καὶ
1673 518 1758 545 νότον.
1776 528 1786 544 ι

1004 564 1126 598 Ἔφασκε
1147 563 1176 590 δὲ
1195 564 1235 590 ὅτι
1254 564 1302 590 καὶ
1315 563 1397 590 αὑτὸν
1419 563 1474 596 ἕξει
1490 563 1536 589 τὸν
1553 563 1727 598 ἐπαμύνοντα
1742 564 1788 589 καὶ

1001 609 1166 641 διασώζοντα
1190 609 1324 644 πανταχῆ.
1342 608 1479 643 Ἀφυπνος
1492 608 1521 635 δὲ
1534 608 1656 643 γεγονὼς
1667 629 1675 642 ,
1691 609 1741 636 οὐκ
1759 610 1788 636 ὲν

1004 656 1124 692 μετρίοις
1143 653 1177 691 ἦν
1198 655 1333 690 θαύμασιν
1356 655 1370 681 ὁ
1390 655 1534 686 θεσπέσιος
1557 655 1665 688 Ἰακὼ6,
1689 655 1736 681 καὶ
1755 655 1787 690 δὴ

1002 702 1047 728 καὶ
1063 702 1194 736 ἔφασκεν,
1208 701 1260 734 ὅτι,
1281 701 1376 727 «Ἔστι
1389 700 1491 737 Κύριος
1502 701 1531 727 ὲν
1543 700 1582 736 τῷ
1591 700 1666 736 τόπῳ
1681 701 1767 736 τούτῳ
1779 721 1786 734 ,

1002 747 1056 782 ὲγὼ
1072 748 1099 774 δὲ
1112 747 1162 774 οὐκ
1173 747 1257 782 ᾔδειν.
1279 755 1288 772 ι
1311 745 1391 772 Ἀλλὰ
1408 746 1433 772 τί
1446 745 1480 772 ἂν
1498 745 1619 780 βούλοιτο
1635 746 1678 772 διὰ
1692 746 1787 773 τούτου

1001 793 1106 829 δηλοῦν,
1128 792 1187 824 πῶς
1206 792 1255 819 οὐκ
1276 792 1350 824 ἄξιον
1377 791 1457 825 ίδεῖν;
1478 792 1589 826 Μικρὲς
1615 792 1714 826 κομιδῆ
1738 792 1789 824 τὰς

1003 839 1081 872 δόξας
1110 839 1175 874 περὶ
1197 838 1264 865 Θεοῦ
1287 839 1315 864 ἐν
1336 838 1393 868 τοῖς
1415 837 1604 872 ἀρχαιοτέροις
1622 837 1786 872 εὑρήσομεν.

965 877 984 904 Β
1003 885 1099 920 ’ῼοντο
1115 885 1170 919 γὰρ
1195 885 1235 910 ὅτι
1254 884 1304 918 τὴν
1319 883 1367 918 μὲν
1379 883 1462 918 ἄλλην
1475 882 1583 909 ἃπασαν
1601 882 1654 917 γῆν
1668 884 1744 917 ἠφίει
1757 884 1791 909 ea

999 931 1080 962 θεῖον,
1098 929 1286 957 συνεστέλλετο
1302 928 1330 955 δὲ
1344 928 1439 964 ὥσπερ
1451 929 1491 960 είς
1505 928 1588 964 μόνην
1608 929 1726 964 ὲκείνην,
1743 930 1785 961 εἰς

998 977 1031 1012 ἣν
1048 976 1093 1003 καὶ
1113 975 1257 1012 κέκληνται
1270 976 1333 1010 παρ’
1348 974 1431 1001 αὑτοῦ
1449 974 1481 1001 τὰ
1495 974 1563 1001 οἶκοι
1577 974 1716 1010 μεθέντες,
1734 976 1783 1001 καὶ

997 1023 1048 1057 τῆς
1060 1022 1201 1048 Χαλδαίων
1218 1021 1391 1056 ἀπαίροντες.
1412 1020 1522 1055 Ἐπειδὴ
1535 1021 1590 1056 γὰρ
1603 1022 1626 1047 οἱ
1641 1021 1696 1047 τῶν
1711 1021 1787 1047 εἰδώ-

998 1067 1052 1094 λων
1067 1066 1254 1102 προσκυνηταὶ
1273 1065 1323 1100 τὴν
1337 1065 1469 1092 πολύθεον
1485 1065 1628 1097 νοσοῦντες
1642 1065 1785 1101 πλάνησιν,

998 1113 1104 1148 ἑκάστῳ
1116 1112 1170 1138 τῶν
1192 1112 1338 1147 δαιμονίων
1360 1111 1445 1146 ίδικὴν
1470 1110 1564 1146 ὥσπερ
1585 1111 1645 1138 τινὰ
1660 1112 1788 1147 νέμοντες

998 1159 1099 1194 χώραν,
1114 1158 1161 1184 καὶ
1179 1157 1320 1193 μονονουχὶ
1334 1157 1480 1192 τυράννους
1496 1157 1617 1189 ἱστάντες
1635 1159 1699 1190 τοὺς
1715 1159 1786 1185 κατὰ

999 1205 1076 1231 πόλιν
1092 1203 1344 1239 προσκυνουμὲνους
1355 1223 1362 1235 ,
1375 1203 1435 1238 οὐχὶ
1455 1203 1559 1235 πάντας
1576 1203 1704 1230 δύνασθαι
1718 1213 1786 1230 παν-

998 1251 1065 1285 τὲιχῆ
1083 1251 1129 1277 καὶ
1141 1249 1272 1285 τιμᾶσθαι
1289 1249 1343 1275 δεῖν
1364 1249 1564 1283 ὑπελάμϐανον.
1581 1250 1725 1284 Τοιγάρτοι
1739 1250 1786 1276 καὶ

998 1295 1022 1321 οἱ
1039 1294 1167 1329 μακάριοι
1176 1293 1343 1328 πατριάρχαι
1358 1292 1419 1328 ἄρτι
1433 1293 1488 1319 τῶν
1502 1294 1551 1329 τῆς
1563 1294 1786 1329 εἰδωλολατρείας

998 1339 1086 1375 ἠθῶν,
1100 1340 1145 1366 καὶ
1162 1338 1293 1365 πολυθέου
1309 1339 1413 1374 πλάνης
1428 1339 1644 1374 ἀπηλλαγμένοι,
1661 1341 1708 1367 καὶ
1719 1341 1785 1367 Θεὸν

998 1385 1044 1412 τὸν
1060 1385 1138 1419 φύσει
1159 1384 1207 1411 καὶ
1223 1384 1330 1419 ἀληθῶς
1355 1384 1587 1419 ἀναπεπεισμένοι
1605 1388 1766 1420 προσκυνεῖν
1777 1408 1784 1419 ,

998 1431 1048 1458 οὐκ
1067 1431 1095 1457 ὲν
1116 1431 1190 1466 πάσῃ
1207 1432 1240 1465 γῇ
1268 1430 1315 1456 καὶ
1338 1430 1367 1456 ὲν
1393 1430 1474 1456 παντὶ
1500 1431 1584 1466 τόπῳ,
1604 1431 1730 1466 παρεῖναί
1754 1431 1784 1458 τε

1000 1484 1074 1509 σφισι
1090 1476 1136 1502 καὶ
1150 1475 1297 1510 ἐπαμύνειν
1313 1475 1405 1510 ᾤοντο,
1420 1475 1505 1511 μικρὰ
1515 1477 1611 1511 κομιδῇ
1625 1477 1785 1512 φρονοῦντες

999 1522 1048 1548 ἔτι.
1071 1521 1232 1548 Παιδεύεται
1248 1521 1338 1547 τοίνυν
1359 1521 1374 1546 ὁ
1392 1521 1526 1556 μακάριος
1549 1521 1645 1548 Ἰακὼὸ
1669 1523 1716 1548 καὶ⁸
1735 1523 1784 1557 τῆς

997 1568 1152 1602 ἀποδημίας
1175 1567 1298 1593 ἐπλούτει
1325 1567 1440 1602 καρπὸν,
1464 1567 1494 1593 τὸ
1518 1567 1610 1594 λεῖπον
1631 1569 1659 1594 ὲν
1682 1569 1781 1596 πίστει.

1003 1613 1153 1647 Ἐμάνθανε
1170 1612 1224 1647 γὰρ
1239 1612 1276 1644 ὡς
1288 1613 1316 1639 ἐν
1330 1613 1410 1638 παντὶ
1424 1613 1498 1648 τόπῳ
1512 1613 1559 1639 καὶ
1575 1613 1650 1649 πάσῃ
1664 1613 1741 1649 χώρα
1752 1614 1783 1640 τὸ

997 1659 1068 1685 θεῖόν
1083 1659 1153 1685 ἐστι.
1170 1659 1225 1684 Kal
1237 1659 1360 1685 κατοικεῖ
1375 1658 1423 1692 μὲν
1436 1658 1465 1684 ὲν
1485 1658 1604 1693 οὐρανῷ,
1615 1659 1738 1694 περιέπει
1754 1659 1782 1686 δὲ

997 1704 1045 1740 τὴν
1059 1704 1205 1739 σύμπασαν
1225 1704 1288 1738 γῆν,
1302 1703 1349 1729 καὶ
1364 1704 1529 1739 πεπλήρωκε
1545 1704 1594 1738 τὴν
1608 1703 1780 1739 οἰκουμένην,

997 1749 1044 1775 καὶ
1059 1749 1105 1775 ὑπ’
1121 1748 1195 1783 αὺτῷ
1209 1749 1297 1775 πάντα
1313 1749 1370 1775 ἐστὶ
1383 1769 1390 1781 ,
1407 1749 1442 1775 τὰ
1458 1749 1486 1775 ἐν
1499 1748 1605 1784 οὐρανῷ
1622 1749 1781 1784 πνεύματα,

996 1794 1014 1821 ἃ
1027 1795 1081 1821 ἄνω
1095 1803 1125 1820 τε
1136 1795 1184 1820 καὶ
1197 1794 1272 1820 κάτω
1286 1793 1387 1820 διαθεῖν
1403 1794 1626 1830 προστάττονται,
1642 1795 1688 1821 καὶ
1700 1795 1781 1822 αὑτὸν

996 1839 1087 1874 ἔχουσι
1099 1839 1220 1875 κεφαλὴν
1228 1838 1274 1866 καὶ
1285 1839 1464 1873 ἐφεστηκότα.
1479 1840 1527 1865 Διὰ
1539 1839 1617 1866 τοῦτο
1624 1839 1782 1874 τεθαύμακα

996 1885 1082 1920 λέγων
1093 1886 1143 1917 ὅτι,
1165 1885 1260 1911 (Ἔστι
1274 1885 1376 1920 Κύριος
1387 1886 1415 1910 ἐν
1431 1884 1470 1919 τῷ
1485 1885 1559 1920 τόπῳ
1572 1885 1669 1920 τούτῳ.
1684 1885 1738 1920 ἐγὼ
1752 1885 1781 1912 δὲ

995 1932 1044 1958 οὐκ
1068 1931 1150 1967 ᾔδειν.
1181 1940 1191 1957 ι
1215 1930 1323 1966 Οῐηθεὶς
1346 1931 1374 1957 δὲ
1399 1930 1443 1956 τὸν
1458 1929 1530 1956 λίθον
1553 1931 1607 1956 τῶν
1633 1931 1781 1966 ὀνειράτων

153 1979 242 2006 αὐτῶν
272 1979 394 2014 γενέσθαι
431 1982 585 2016 παραίτιον,
605 1982 652 2009 καὶ
674 1982 754 2009 αὑτὸν
774 1983 830 2014 τοῖς
854 1981 959 2013 ὲνοῦσιν
976 1981 1074 2015 ἐτίμα,
1109 1979 1295 2006 καταπιαίνων
1310 1978 1402 2013 ἐλαίῳ.
1421 1978 1475 2004 Kal
1496 1978 1549 2014 μὴν
1567 1988 1575 2004 ι
1595 1977 1675 2006 υῐκον
1693 1989 1703 2005 ι
1718 1979 1783 2005 ἑκά·

153 2025 194 2052 λει
214 2035 222 2051 ι
240 2026 317 2058 Θεοῦ,
333 2028 380 2054 καὶ
395 2028 482 2063 πύλην
493 2029 539 2056 τοῦ
551 2029 666 2065 ούρανοῦ
684 2039 693 2055 ι
709 2030 754 2055 τὸν
769 2029 867 2064 χῶρον,
888 2029 935 2055 καὶ
953 2026 1100 2062 ἀνεστήλου
1113 2026 1157 2066 τὸν
1172 2025 1254 2052 λίθον.

188 2073 214 2100 4.
230 2073 318 2108 Atque
337 2074 396 2102 haec
407 2075 518 2109 quidem
529 2076 614 2103 veluti
628 2077 733 2104 rudiori
749 2077 908 2104 narratione
925 2084 940 2103 a

153 2118 234 2146 nobis
250 2119 322 2146 dicta
334 2119 398 2147 sint.
407 2120 500 2148 Tenue
506 2121 579 2147 enim
585 2122 861 2156 reddereoportehat,
869 2122 941 2156 quod

154 2162 180 2189 in
206 2163 319 2191 historia
346 2164 462 2192 arduum
483 2165 582 2192 visum.
607 2165 815 2194 Transferentes
827 2175 892 2195 vero
909 2167 942 2194 ad

153 2209 304 2242 spiritalem
326 2211 582 2246 contemplationem
596 2213 668 2246 quod
687 2221 742 2247 pra
753 2214 880 2240 manibus
893 2213 943 2241 ha-

154 2255 260 2288 lremus,
279 2256 346 2283 illud
363 2264 459 2283 rursus
477 2256 600 2284 dicamus
621 2258 714 2292 :quod
736 2266 824 2286 novus
849 2259 878 2286 in
890 2259 942 2286 ﬁde

154 2301 270 2334 populus
283 2301 368 2328 veluti
395 2301 423 2328 in
440 2302 571 2336 primitiis
585 2307 740 2329 sanctorum
755 2304 940 2338 apostolorum

154 2345 319 2378 intellectus,
351 2346 623 2381 sanguinolentorum
651 2355 758 2380 manus,
787 2347 942 2376 Iudaeorum

155 2391 275 2425 inquam,
303 2391 495 2426 subterfugere
526 2396 607 2427 atque
632 2393 735 2420 evitare
770 2401 943 2429 summopere

154 2437 289 2464 studebat.
307 2437 486 2465 Proﬁciscens
503 2444 593 2465 autem
615 2438 650 2466 de
663 2439 773 2466 civitate
792 2439 820 2467 in
845 2441 942 2468 civita-

155 2486 219 2514 tem,
233 2482 354 2516 gentium
372 2489 479 2516 gregem
503 2482 555 2509 sibi
578 2482 711 2517 poposcit,
727 2488 754 2510 et
777 2491 942 2519 congregare

153 2527 354 2561 quodammodo
378 2527 412 2554 ad
438 2535 467 2555 se
488 2535 536 2562 per
550 2528 699 2563 spiritalem
718 2531 938 2558 communionem

154 2572 332 2599 vehementer
353 2572 714 2607 optabat,‘quemadmodum
728 2574 783 2602 fere
799 2575 882 2602 etiam
895 2576 941 2604 Ja-

154 2617 204 2644 cob
222 2618 290 2645 ﬁlias
310 2618 403 2646 Laban
418 2618 494 2651 adiit,
510 2619 659 2648 incutiente
674 2620 726 2656 ipsi
741 2625 843 2648 metum
858 2622 940 2654 Esau,

154 2666 182 2688 ct
205 2663 306 2690 eadem
329 2664 460 2690 atrociter
485 2664 668 2693 machinante.
698 2667 777 2702 116
795 2667 941 2702 Postquam

155 2716 219 2735 vero
228 2709 346 2744 populus
362 2709 450 2736 ﬁdelis
462 2711 726 2744 acquievitChristo,
736 2712 836 2746 quiest
850 2722 859 2737 ‹
873 2712 943 2747 lapis

154 2753 267 2786 cicctus,
295 2755 442 2790 angularis,
467 2758 603 2791 pretiosus
622 2758 655 2791 ”,
682 2768 690 2784 ι
714 2759 778 2794 (hoc
796 2758 869 2786 enim
889 2759 941 2785 sibi

1026 2074 1057 2100 δ’.
1074 2073 1130 2100 Καὶ
1147 2072 1226 2099 ταυτὶ
1247 2072 1296 2107 μὲν
1311 2072 1378 2107 ἡμῖν
1390 2071 1426 2103 ὠς
1447 2072 1476 2098 ὲν
1493 2071 1662 2106 παχυτέραις
1676 2071 1782 2107 ἀφηγή-

993 2128 1066 2146 σεσιν
1082 2118 1200 2154 εἰρὴσθω
1217 2117 1306 2144 πάλιν.
1321 2116 1494 2151 Καταψιλοῦν
1505 2117 1559 2152 γὰρ
1574 2117 1638 2148 ἔδει,
1649 2117 1697 2151 τῆς
1711 2118 1782 2144 ἱστοσ-

993 2166 1053 2202 ρίας
1078 2165 1109 2192 τὺ
1136 2165 1248 2196 ἄναντες
1269 2162 1338 2190 εἶναι
1355 2163 1458 2191 δοκοῦν.
1482 2163 1666 2194 Μεθιστάντες
1683 2163 1711 2189 δὲ
1730 2163 1780 2198 ἠδη

993 2212 1060 2247 πρὸς
1075 2210 1191 2245 Θεωρίαν
1208 2209 1398 2244 πνευματικὴν
1418 2209 1448 2235 τὸ
1474 2209 1670 2243 προκείμενον,
1697 2209 1781 2235 πάλιν

958 2275 980 2302 D
995 2257 1084 2284 ἐκεῖνό
1106 2264 1207 2291 φαμεν,
1228 2255 1268 2281 ὅτι
1291 2255 1339 2285 τὰς
1357 2254 1410 2279 τῶν
1427 2253 1570 2287 φονὼντων
1589 2253 1691 2302 ὀργξίςξ
1709 2252 1780 2302 φηξιὶ

993 2302 1024 2338 δὴ
1046 2302 1098 2329 τῶν
1130 2301 1274 2332 Ἰουδαίων,
1297 2301 1312 2326 ὁ
1326 2300 1385 2331 νέος
1409 2300 1454 2325 καὶ
1483 2300 1510 2326 ἐν
1535 2299 1625 2325 πίστει
1647 2299 1720 2331 λαὸς,
1743 2297 1780 2329 ὡς

992 2349 1021 2374 ἐν
1040 2348 1148 2382 ἁπαρχῇ
1164 2347 1220 2377 τοῖς
1239 2346 1326 2380 ἁγίοις
1349 2344 1508 2376 ἀποστόλοις
1535 2344 1693 2379 νοούμενος,
1713 2345 1779 2370 ὐπο-

991 2392 1097 2427 τρὲχειν
1116 2391 1163 2426 μὲν
1179 2391 1309 2425 ἠπείγετο
1324 2390 1369 2416 καὶ
1386 2389 1577 2424 παραιτεῖσθαι
1590 2388 1660 2414 λίαν.
1685 2388 1779 2414 Ἄτται-

993 2447 1047 2473 ρων
1066 2437 1093 2464 δὲ
1109 2437 1202 2472 ὥσπερ
1218 2437 1271 2462 ἀπὸ
1290 2436 1393 2466 πόλεως
1411 2436 1451 2466 είς
1475 2435 1561 2465 πόλιν,
1581 2435 1630 2465 τὰς
1650 2434 1679 2466 ἐξ
1694 2434 1779 2460 ἐθνῶν

991 2483 1091 2518 ἀγέλας
1104 2482 1295 2518 ἐμνηστεύετο,
1309 2483 1355 2508 καί
1366 2481 1504 2515 συλλέγειν
1520 2480 1615 2516 ὥσπερ
1626 2481 1665 2512 είς
1682 2480 1777 2506 ἑαυτὸν

990 2532 1034 2558 διὰ
1051 2532 1099 2567 τῆς
1115 2533 1142 2558 ὲν
1167 2531 1300 2566 πνεύματι
1319 2531 1365 2556 καὶ
1390 2530 1488 2565 νοητῆς
1501 2528 1640 2560 κοινωνίας
1652 2548 1659 2560 ,
1677 2528 1775 2555 ἐπεθύ-

993 2586 1036 2613 μει
1054 2577 1123 2604 λίαν.
1145 2576 1278 2611 Καθάπερ
1293 2575 1389 2610 ἀμέλει
1412 2575 1459 2601 καὶ
1487 2574 1584 2601 ’ἰακὼὸ
1600 2574 1646 2600 ἐπὶ
1663 2573 1712 2605 τὰς
1728 2572 1776 2599 τοῦ

990 2622 1082 2649 Λάϐαν
1102 2622 1230 2656 ἠπείγετο
1253 2621 1416 2656 θυγατέρας,
1435 2619 1656 2655 ὲκδειματοῦντος
1679 2618 1774 2650 Ἠσαῦ,

991 2668 1037 2694 καὶ
1060 2669 1143 2702 φονᾷν
1158 2667 1259 2702 ἀγρίως
1279 2666 1526 2701 ἐπικεχειρηκότος.
1550 2665 1658 2700 Ἐπειδὴ
1678 2665 1733 2691 δὲ.ὁ
1747 2665 1776 2690 ἐν

991 2714 1081 2741 πίστει
1096 2714 1158 2745 λαὸς
1176 2712 1383 2740 ἑπανεπαύσατο
1399 2712 1438 2747 τῷ
1455 2710 1574 2746 Χριστῷ,
1591 2712 1619 2743 ὃς
1633 2713 1690 2738 ἐστι
1703 2710 1776 2742 λίθος

991 2759 1127 2791 ἐκλεκτὸς,
1145 2759 1351 2794 ἀκρογωνιαῖος,
1367 2757 1474 2791 ἔντιμος
1485 2765 1492 2771 ⁸
1513 2756 1592 2783 τοῦτο
1608 2756 1673 2794 γὰρ,
1688 2754 1775 2791 οἶμαι,

186 2841 210 2855 ⁸⁷
230 2844 298 2873 Gen.
312 2855 401 2881 xxvni,
419 2848 460 2875 lii.
499 2848 520 2864 ⁸⁸
538 2849 607 2876 Ibid.
630 2849 670 2876 l6.
710 2848 731 2864 5-“
745 2847 812 2875 ibid.
852 2848 874 2864 ’°
888 2847 940 2875 lsa.
953 2856 1043 2882 xxvnt,
1059 2848 1106 2882 l6;
1123 2848 1192 2876 Psal.
1207 2847 1343 2881 cxvn,22;
1355 2847 1449 2875 Matth.
1468 2855 1521 2881 χχι,
1539 2846 1582 2874 42.
