1990 3050
176 186 227 215 139

686 180 945 210 GLAPHYRORUM
964 180 998 208 IN
1016 179 1165 208 GENESIM
1185 179 1247 206 LIB.
1269 177 1312 206 IV.

1747 174 1797 202 190

175 241 232 269 ἔστι
245 242 274 268 τὺ
289 240 426 275 ὶφυπνοῦν
449 239 486 275 τῷ
500 239 566 275 λίθῳ
576 247 582 253 ·
603 238 814 275 μεμαθήκαμεν,
826 239 867 265 ὅτι
883 236 957 273 μόνοι
972 263 975 268 ,

1027 238 1067 265 ult
1082 237 1203 265 dormire
1218 244 1300 271 super
1314 234 1443 269 lapidem)
1461 231 1533 261 docti
1545 239 1648 263 sumus,
1661 229 1733 266 quod
1747 229 1798 258 soli

177 289 226 324 μὲν
243 288 282 319 εἰς
294 287 349 322 γῆν
364 287 414 313 οὐκ
439 286 563 318 ἔσονται,
588 285 773 320 συλλήπτορας
795 285 822 311 δὲ
843 285 891 311 καὶ
911 285 960 310 s1:-

175 335 300 370 αρωγοὺς
314 334 378 365 τοὺς
400 333 494 368 ἁγίους
507 332 612 364 ἕξουσιν
635 333 784 367 ἀγγέλους,
802 333 858 359 ἀνω
873 340 902 358 τε
917 332 963 358 καὶ

177 381 251 407 κάτω
269 379 434 411 διαθέοντας.
455 379 527 413 Ἔφη
544 379 599 414 γάρ
616 387 667 405 που
681 379 813 414 Χριστός·
835 387 844 403 ι
867 377 962 413 Ἀμὴν,

176 426 249 462 ἀμὴν
267 427 339 460 λέγω
357 426 430 460 ὑμῖν,
449 424 551 460 ἀπάρτι
571 425 670 460 ὄψεσθε
682 424 728 451 τὸν
747 424 860 459 οὐρανὸν
879 424 964 458 ἀνεῳ-

177 473 244 507 γότα.
255 493 262 504 ,
277 473 324 500 καὶ
337 473 400 504 τοὺς
418 472 551 506 ἀγγέλους
568 472 615 499 τοῦ
629 471 695 498 Θεοῦ
712 471 905 502 ἀναὸαίνοντας
919 470 965 496 καὶ

177 519 389 550 καταϐαίνοντας
402 519 447 545 ἐπὶ
460 518 506 545 τὸν
523 518 587 545 Υἱὺν
602 517 649 544 τοῦ
666 517 820 553 ἀνθρώπου.
835 527 844 542 ι
868 517 962 549 Τοῦτο,

178 563 375 600 οἶμαι,ἐστινή
393 564 503 600 κλίμαξ,
518 565 534 600 ἡ
550 565 606 592 ἀνω
617 573 646 590 τε
661 564 708 591 καὶ
725 563 799 590 κάτω
812 562 866 589 τῶν
881 563 964 596 ἁγίων

179 611 340 646 πνευμάτων
355 610 505 646 διαδρομὴ,
522 620 531 636 ‹
553 611 736 646 πεμπομένων
758 610 798 640 εἰς
817 608 965 640 διακονίαν,

180 657 223 684 διὰ
245 657 308 689 τοὺς
324 657 470 693 μέλλοντας
497 657 674 692 κληρονομεῖν
698 656 846 691 βασιλείαν.
869 665 878 681 ι
904 655 967 681 Ἐπ-

180 703 324 737 εοτήρικτο
342 701 370 728 δὲ
387 703 420 737 τῇ
438 702 552 737 κλίμακι
575 701 706 737 Χριστὸς,
720 701 756 733 ὡς
775 701 870 736 μέχρις
885 700 967 726 αὑτοῦ

182 747 335 782 φθανόντων
347 747 400 774 τῶν
413 748 497 782 ἁγίων
507 747 680 782 πνευμάτων,
693 747 741 773 καὶ
755 747 837 773 αὑτὸν
853 745 968 780 ἐχόντων

181 792 226 819 τὸν
243 792 391 827 ἐπιστάτην
403 801 410 807 ·
426 792 475 827 οὐχ
487 792 525 824 ὡς
539 792 603 819 ὄντα
615 792 674 818 κατ’
685 791 763 824 αὐτὰ,
779 790 837 817 ἀλλ’
849 791 887 821 ὡς
902 790 968 816 Θεὸν

183 839 229 865 καὶ
240 837 351 874 Κύριον.
365 838 436 873 Ἔφη
453 837 481 864 δέ
496 846 546 864 που
562 838 609 864 καὶ
623 838 636 864 ὁ
647 837 728 864 Δαὸὶδ
738 836 873 873 ἀνθρώπῳ
886 836 968 862 παντὶ

183 883 222 919 τῷ
233 885 371 910 κατοικεῖν
384 883 503 919 ἑλομένῳ
513 884 541 910 ὲν
554 882 665 919 βοηθείᾳ
679 882 869 917 τοῦὝψίστου,
882 891 892 907 ι
907 881 968 908 Ὅτι

184 931 237 961 τοῖς
254 929 381 964 ἀγγέλοις
400 929 483 957 αὑτοῦ
494 930 640 956 ἐντελεῖται
659 929 724 965 περὶ
738 928 797 960 σοῦ,
814 928 860 954 τοῦ
874 928 969 961 διαφυ-

182 977 260 1009 λάξαι
289 986 319 1003 σε
345 978 373 1003 ὲν
397 978 502 1009 πάσαις
526 977 588 1008 ταῖς
603 975 672 1008 ὁδοῖς
693 984 751 1002 σου.
783 975 845 1002 Ἐπὶ
870 975 969 1010 χειρῶν

182 1023 278 1058 ἀροῦσί
295 1032 342 1054 σε,
371 1023 475 1058 μήποτε
493 1022 652 1057 προσκάψῃς
673 1020 741 1056 προς
754 1020 826 1047 λίθον
839 1019 884 1047 τὸν
903 1019 971 1046 πόδα

184 1078 241 1096 σου.
264 1069 325 1096 Ἐπὶ
340 1068 441 1095 ἀσπίδα
463 1067 509 1094 καὶ
529 1067 683 1103 βασιλίσκον
707 1066 837 1102 ἐπιϐήσῃ,
856 1065 903 1092 καὶ
919 1073 968 1091 κα-

183 1117 349 1150 ταπατήσεις
368 1114 464 1140 λέοντα
487 1113 534 1140 καὶ
557 1113 702 1148 δράκοντα.
731 1121 740 1137 ι
767 1111 969 1146 Πεπατήκαμεν

183 1161 236 1196 γὰρ
252 1160 343 1187 ἐπάνω
357 1159 446 1194 ὄφεων
460 1159 506 1185 καὶ
521 1157 670 1193 σκορπίων,
695 1156 741 1183 καὶ
754 1156 800 1182 ἐπὶ
818 1156 908 1182 πᾶσαν
921 1155 970 1190 τὴν

183 1206 297 1240 δύναμιν
311 1204 357 1231 τοῦ
380 1204 488 1240 ἐχθροῦ,
503 1203 621 1240 Χριστοῦ
634 1202 749 1232 διδόντος
764 1201 814 1236 τὴν
833 1201 969 1234 ἐξουσίαν.

187 1251 271 1284 ’Λξιοι
296 1252 328 1287 δὴ
349 1249 394 1278 οῦν
417 1251 463 1276 καὶ
478 1250 605 1280 θεοπτίας
617 1250 641 1275 οἱ
665 1250 693 1275 ὲν
717 1247 836 1283 Χριστῷ,
858 1247 903 1273 καὶ
924 1245 971 1272 τοῦ

185 1298 334 1326 διακεῖσθαι
353 1296 562 1333 τεθαρρηκότως
579 1296 620 1322 ὅτι
643 1295 690 1321 καὶ
719 1294 844 1320 συνέσται
866 1293 911 1319 καὶ
927 1293 973 1318 ὲπ-

185 1345 292 1380 αμυνεῖ,
308 1343 353 1370 καὶ
367 1341 493 1369 διασώσει
504 1340 653 1376 πανταχοῦ.
667 1340 714 1367 καὶ
731 1339 887 1374 ὲγκάρπους
906 1339 972 1365 ἀπο-

187 1392 273 1426 φανεῖ.
295 1400 303 1416 ι
328 1389 393 1416 Ἰδοὺ
404 1388 458 1424 γὰρ
468 1387 536 1422 ἐγὼ,
550 1387 625 1423 φησὶ,
644 1386 702 1421 μεθ’
719 1386 797 1422 ἡμῶν
809 1386 865 1421 εἰμι
883 1385 973 1416 πάσας

186 1437 235 1468 τὰς
249 1436 367 1471 ἡμέρας,
383 1435 434 1466 ἕως
453 1435 503 1470 τῆς
519 1433 673 1464 συντελείας
686 1432 733 1459 τοῦ
750 1431 858 1463 αἰῶνος.
876 1441 885 1456 ι
910 1431 972 1457 ’Ότι

187 1481 214 1508 δὲ
227 1482 273 1508 καὶ
283 1480 506 1515 πεπλουτήκασιν
519 1480 542 1505 οἱ
559 1479 688 1514 μακάριοι
703 1476 833 1514 μαθηταὶ,
851 1478 897 1504 καὶ
910 1479 974 1504 ἀνα-

189 1527 328 1562 ριθμήτων
344 1525 428 1552 ἐθνῶν
444 1525 573 1559 γεγόνασι
594 1524 729 1560 πατέρες,
744 1525 773 1550 ὲν
786 1524 876 1550 πίστει
892 1524 925 1558 τῇ
945 1523 974 1549 ἐν

1014 285 1041 312 in
1061 289 1131 312 terra
1147 293 1202 312 non
1219 283 1274 311 sint
1289 281 1423 313 futuri,at
1436 286 1502 307 vero
1519 278 1694 306 auxiliatores
1706 280 1734 304 et
1751 285 1798 304 so-

1014 332 1071 359 cios
1095 335 1203 358 sanctos
1222 329 1331 364 angelos
1355 326 1476 355 habituri
1499 331 1608 352 sursum
1626 332 1658 351 ac
1669 323 1796 354 deorsum

1014 382 1164 404 currentes.
1175 376 1220 403 Ait
1230 375 1301 403 enim
1317 373 1415 401 alicubi
1431 371 1556 400 Christus
1573 379 1576 384 ·
1592 379 1601 395 ι
1614 368 1709 401 Amen,
1720 376 1798 395 amen

1015 422 1077 449 dico
1091 422 1170 449 vobis
1191 431 1198 448 :
1220 421 1318 448 amodo
1346 418 1476 447 videbitis
1497 417 1597 445 cmlum
1614 419 1748 450 apertum,
1772 417 1800 441 et

1015 469 1125 504 angelos
1142 468 1189 495 Dei
1205 466 1384 495 ascendentes
1405 469 1433 492 et
1445 463 1644 492 descendentes
1661 469 1743 496 supra
1753 461 1799 488 Fi-

1015 515 1082 542 lium
1095 514 1214 541 hominis
1225 514 1258 540 εί.
1277 523 1286 540 ι
1308 514 1375 546 Hoc,
1389 515 1421 539 ut
1434 510 1565 542 arbitror,
1581 512 1623 535 est
1644 508 1726 538 scala,
1740 514 1802 534 san-

1016 566 1123 589 ctorum
1133 561 1277 596 spirituum
1297 567 1405 588 sursum
1422 566 1454 585 ac
1464 557 1592 584 deorsum
1604 553 1799 585 diseursitatio,

1017 607 1063 642 qui
1083 616 1092 632 (
1110 607 1257 634 mittuntur
1274 606 1302 633 in
1315 604 1496 632 ministerium
1517 604 1630 637 propter
1640 607 1687 627 eos
1700 599 1746 634 qui
1757 598 1801 625 fu-

1017 654 1072 681 turi
1084 657 1147 681 sunt
1156 653 1280 680 hmredes
1290 653 1365 688 regni
1378 653 1411 678 9'.
1426 661 1435 677 ›
1447 651 1584 679 Firmatus
1598 652 1639 676 est
1649 651 1739 674 autem
1754 654 1802 673 su-

1017 708 1067 735 per
1081 699 1180 726 scalam
1196 698 1322 726 Christus
1331 697 1416 725 veluti
1436 697 1469 724 ad
1488 696 1577 731 ipsum
1597 702 1684 729 usque
1697 692 1803 728 pertin-

1017 745 1145 781 gentibus
1164 745 1265 772 sanctis
1293 744 1445 778 spiritibus,
1470 742 1614 777 ipsumque
1638 739 1804 767 habentibus

1018 791 1185 826 praefectum,
1197 799 1253 818 non
1264 790 1475 817 utexsistcntem
1486 789 1519 816 ad
1531 788 1613 822 ipsos,
1622 785 1669 813 sed
1681 789 1710 812 ut
1719 785 1804 811 Deum

1019 845 1051 864 ac
1067 837 1222 864 Dominum.
1245 835 1352 863 Alicubi
1375 840 1466 863 autem
1494 833 1575 862 refert
1600 832 1681 860 etiam
1707 830 1802 862 David,

1019 883 1093 910 omni
1104 882 1209 909 homini
1220 882 1268 917 qui
1286 881 1410 908 habitare
1427 880 1546 908 voluerit
1558 879 1586 906 in
1601 877 1701 905 auxilio
1720 876 1803 903 Altis—

1019 922 1106 956 simi':
1126 937 1135 953 ‹
1152 927 1221 961 Quia
1237 927 1339 962 angelis
1356 927 1412 954 suis
1424 925 1554 961 priecepit
1565 924 1599 951 de
1613 927 1649 956 te,
1664 927 1695 950 ut
1711 926 1803 949 custo-

1020 975 1095 1003 diant
1110 979 1134 1002 te
1146 975 1174 1002 in
1190 973 1318 1001 omnibus
1325 973 1378 1000 viis
1393 972 1458 999 tuis.
1473 971 1503 998 In
1517 970 1644 997 manibus
1656 969 1751 996 tollent
1766 972 1804 998 te,

1019 1029 1054 1049 ne.
1067 1021 1175 1055 quando
1187 1019 1310 1047 oll‘cndas
1330 1018 1364 1045 ad
1376 1017 1494 1052 lapidem
1511 1016 1609 1051 pedem
1619 1019 1706 1041 tuum.
1719 1013 1806 1048 Super

1020 1066 1142 1100 aspidem
1163 1068 1191 1092 et
1219 1064 1378 1091 basiliscum
1404 1061 1567 1093 ambulabis,
1582 1065 1610 1088 et
1633 1058 1807 1087 conculcabis

1021 1112 1127 1139 leonem
1139 1115 1166 1138 et
1177 1110 1322 1137 draconem
1334 1110 1366 1136 ⁸³³.
1385 1118 1393 1134 ι
1410 1107 1617 1136 Ambulavimus
1631 1106 1703 1133 enim
1725 1113 1807 1140 super

1021 1161 1162 1193 serpentes
1183 1161 1211 1184 et
1228 1155 1394 1190 scorpiones,
1408 1159 1435 1182 et
1454 1162 1537 1189 super
1555 1160 1664 1181 omnem
1685 1155 1807 1186 potesta-

1023 1208 1076 1230 tem
1089 1203 1203 1235 inimici,
1219 1202 1300 1229 dante
1312 1201 1422 1229 Christo
1436 1204 1608 1235 potestatem.
1621 1198 1697 1233 Digni
1717 1197 1807 1232 itaque

1022 1250 1103 1277 etiam
1126 1248 1220 1275 divino
1241 1251 1363 1282 aspectu,
1387 1246 1434 1281 qui
1451 1246 1478 1272 in
1499 1244 1623 1277 Christo,
1648 1248 1733 1278 utque
1755 1242 1808 1270 sibi

1022 1299 1098 1322 certo
1111 1294 1301 1329 polliceantur,
1315 1293 1404 1328 ipsum
1419 1291 1453 1318 iis
1468 1290 1624 1317 adfuturum
1636 1293 1717 1323 atque
1730 1287 1808 1315 auxi-

1023 1341 1163 1372 liaturum,
1186 1343 1215 1367 et
1230 1338 1319 1366 ubivis
1339 1338 1516 1369 salvaturum,
1538 1335 1745 1369 fructuososque
1759 1333 1809 1361 de-

1023 1387 1197 1414 claraturum.
1214 1394 1223 1410 ‹
1239 1385 1308 1412 Ecce
1326 1384 1399 1412 enirn
1410 1391 1470 1418 ego,
1485 1381 1582 1416 inquit,
1596 1380 1737 1408 vobiscum
1749 1386 1808 1406 sum

1024 1433 1152 1461 omnibus
1173 1433 1270 1460 diebus
1304 1438 1390 1466 usque
1413 1430 1446 1457 ad
1472 1428 1733 1457 consummationem
1758 1434 1809 1453 sue—

1024 1480 1119 1508 culi”.
1136 1489 1144 1506 ι
1165 1479 1243 1512 Quod
1261 1485 1326 1506 vero
1346 1475 1425 1507 ditati
1447 1475 1503 1502 sint
1523 1474 1595 1502 beati
1616 1472 1753 1507 discipuli,
1783 1474 1811 1498 et

1025 1525 1267 1554 innumerabilium
1285 1522 1406 1558 gentium
1428 1525 1520 1555 patres
1534 1519 1588 1546 sint
1603 1518 1702 1550 eli‘ecti,
1719 1518 1747 1544 in
1757 1516 1810 1543 ﬁde

187 1573 297 1610 Χριστῷ
315 1572 387 1605 λέγω
402 1592 409 1604 ,
434 1572 481 1598 καὶ
495 1571 532 1603 ὡς
545 1571 574 1597 ἐν
591 1571 716 1606 γεννήσει
732 1571 764 1606 τῇ
779 1571 949 1605 πνευματικῇ
963 1591 970 1602 ,

1026 1573 1053 1600 ἱιι
1064 1572 1183 1603 Christo,
1192 1571 1313 1605 inquam,
1323 1576 1354 1596 ac
1361 1568 1445 1595 veluti
1457 1567 1484 1594 in
1499 1565 1674 1602 generatione
1684 1563 1811 1598 spiritali,

188 1620 269 1646 παντί
283 1628 335 1646 που
350 1619 438 1653 δῆλον,
454 1617 559 1644 Παύλου
574 1617 700 1651 λέγοντος
715 1615 849 1651 ἐναργῶς,
867 1617 923 1647 τοῖς
939 1615 973 1641 δι’

189 1665 269 1694 αὑτοῦ
285 1665 473 1692 πιστεύσασιν·
492 1673 502 1689 ι
519 1664 579 1690 ’Ὁτι
595 1663 646 1689 κᾶν
659 1663 770 1698 μυρίους
786 1662 975 1696 παιδαγωγοὺς

190 1713 270 1748 ἔχητε
283 1713 311 1738 ἐν
321 1711 440 1747 Χριστῷ,
455 1710 513 1737 ἀλλ’
528 1710 558 1736 οὑ
577 1709 691 1740 πολλοὺς
711 1709 841 1743 πατέρας.
860 1709 904 1734 Ἐν
922 1708 975 1742 γὰρ

189 1757 298 1794 Χριστῷ
319 1756 406 1791 Ἰησοῦ
416 1777 423 1788 ,
444 1756 488 1782 διὰ
501 1755 549 1782 τοῦ
563 1754 729 1789 Εὑαγγελίου
746 1753 801 1788 ἐγὼ
814 1754 885 1788 ὑμᾶς
902 1753 977 1787 ἐγέν-

191 1813 269 1838 νησα.
289 1812 298 1828 ι
312 1803 410 1836 Γέγονε
428 1802 517 1828 τοίνυν
531 1801 620 1828 αὐτῶν
633 1801 662 1826 τὸ
674 1800 793 1835 σπέρμα,
805 1801 864 1831 ταῖς
875 1800 977 1834 ἄμμοις

193 1849 343 1884 ἰσάριθμον.
365 1847 522 1874 Ἐκτέταται
537 1845 566 1873 δὲ
579 1845 626 1871 καὶ
646 1845 685 1876 εις
703 1842 815 1875 ἀκτῖνας
831 1843 879 1869 καὶ
890 1842 976 1874 δύσιν,

192 1895 239 1922 καὶ
253 1893 327 1927 δεξιὰ
342 1893 388 1920 καὶ¹
406 1892 548 1927 εὐώνυμα·
565 1890 642 1918 νότον
664 1890 696 1925 δὴ
709 1889 781 1924 λέγω
796 1889 843 1915 καὶ
865 1889 975 1925 βορρᾶν.

198 1941 266 1968 Ἀλλ’
280 1939 314 1976 ἣν
331 1940 377 1966 καὶ
389 1941 403 1966 ὁ
416 1939 488 1970 λίθος
503 1938 541 1969 ὡς
557 1938 587 1964 ὲν
601 1936 678 1972 τύπῳ
691 1935 808 1971 Χριστοῦ
825 1933 979 1969 τιμώμενος

194 1989 242 2015 καὶ
261 1986 504 2022 ἀκιαστηλοὺμενος,
526 1985 555 2010 ὲν
576 1984 659 2018 ἐλαίῳ
681 1991 710 2009 τε
732 1981 900 2016 δεδευμένος.
923 1979 979 2007 Κέ-

192 2042 300 2070 χρισται
315 2032 370 2068 γὰρ
394 2030 470 2067 παρὰ
493 2029 540 2056 τοῦ
557 2028 624 2056 Θεοῦ
640 2030 688 2055 καὶ
709 2027 816 2064 Πατρὺς
838 2028 852 2053 ὁ
872 2027 978 2061 Ἐμμα-

192 2081 291 2116 νουὴλ,
309 2089 318 2104 ι
344 2079 433 2105 ἔλαιον
450 2077 636 2111 ἀγαλλιάσεως
663 2074 739 2109 παρὰ
761 2073 823 2105 τοὺς
851 2073 980 2108 μετόχους

193 2126 287 2154 αὑτοῦ.
308 2135 317 2151 ι
338 2125 503 2159 Ἐγήγερται
515 2123 542 2149 δὲ
557 2122 602 2148 καὶ
616 2122 647 2147 ἐκ
662 2120 777 2155 νεκρῶν,
792 2119 879 2146 καίτοι
896 2127 980 2144 κατα-

195 2172 318 2205 ἢεϐηκὼς
339 2170 478 2205 ὲοελοντὴς
502 2170 541 2200 εἰς
563 2168 688 2194 θάνατον.
710 2167 764 2192 Καὶ
783 2166 870 2197 τοῦτο,
894 2163 979 2200 οἶμαι,

194 2219 252 2246 ἔστι
268 2219 298 2244 τδ
311 2216 511 2251 ἀνεστηλῶσθαι
528 2214 572 2240 τὴν
592 2213 674 2240 λίθον.
704 2211 875 2246 Κηρύττεται
897 2211 924 2237 δὲ
936 2211 982 2236 καὶ

195 2261 238 2293 διὰ
259 2265 312 2291 τῶν
331 2264 415 2298 ἁγίων
436 2260 591 2289 ἀποστόλων
614 2260 628 2285 ὁ
647 2259 749 2295 Κύριος
773 2257 850 2293 ἡμῶν
875 2256 982 2291 ’Ἰησοῦς

195 2311 322 2346 Χριστὸς.
339 2310 376 2340 ὡς
388 2307 565 2343 κεχρημένος
577 2306 653 2340 παρά
664 2304 769 2339 Πατρὸς
782 2305 810 2330 ἐν
822 2303 891 2338 ἁγίῳ
904 2302 985 2330 Πνεῦ-

199 2365 261 2392 ματι
276 2355 324 2381 καὶ
341 2353 526 2389 ἐγηγερμένος
542 2353 574 2378 ἐκ
599 2349 714 2386 νεκρῶν.
728 2350 765 2376 Δι’
780 2346 810 2376 οῦ
827 2349 873 2375 καὶ
885 2348 944 2384 μεθ’
954 2345 984 2375 οῦ

197 2403 235 2437 τῷ
246 2401 304 2436 Θεῷ
319 2401 364 2428 καὶ
379 2399 465 2435 Πετρὶ
479 2399 495 2434 ἡ
510 2399 573 2431 δόξα
586 2398 633 2425 σὺν
644 2396 713 2432 ἁγίῳ
725 2395 862 2431 Πνεύματι
875 2397 915 2427 εἰς
923 2395 986 2426 τοὺς

198 2448 297 2480 αἰῶνας
309 2447 363 2474 τῶν
377 2445 491 2473 αἰώνων.
515 2445 543 2471 Ἀ
549 2445 612 2480 μὴν.

324 2517 385 2543 ¹Ετι
397 2515 463 2550 περὶ
476 2515 529 2542 τοῦ
543 2514 726 2548 πατριάρχου
746 2511 857 2539 Ἰακὼϐ.

235 2578 269 2602 α’.
283 2574 320 2600 Τὸ
335 2572 414 2600 θείων
431 2573 504 2607 ἡμᾶς
526 2571 648 2606 ἐφίεσθαι
665 2570 751 2604 λόγων
761 2591 769 2603 ,
792 2570 838 2596 καὶ
852 2569 930 2605 διψᾷν
945 2569 986 2596 ὅτι

201 2619 319 2655 μάλιστα
333 2617 363 2643 τὸ
378 2616 495 2652 χρηστόν
509 2625 535 2642 τι
553 2616 665 2651 μαθεῖν,
684 2615 725 2641 ὅτι
740 2615 848 2641 πάντων
865 2615 985 2649 ἄριστον,
1002 2627 1015 2636 ιι

200 2665 248 2692 καὶ
258 2666 318 2696 ταῖς
328 2664 462 2690 ἀνωτάτω
473 2663 572 2697 ψήφοις
584 2661 805 2696 ἐστεφανωμένον
820 2661 895 2696 παρὰ
908 2660 986 2693 Θεοῦ,

201 2710 259 2742 πῶς
275 2709 308 2736 ἂν
325 2708 472 2735 ὲνδοιάσειέ
486 2716 544 2740 τις;
563 2707 655 2739 ’Ἄξιον
671 2707 699 2733 δὲ
713 2707 753 2733 ὅτι
767 2706 814 2733 τοῦ
829 2708 928 2738 παντὸς
943 2707 988 2732 λό-

202 2765 251 2791 γου
271 2756 301 2782 τό
317 2755 412 2791 χρῆμά
434 2756 493 2781 ἐστι
509 2754 639 2789 καὶπρὸς
661 2754 809 2787 ἀναγκαῖον
829 2754 895 2788 ἡμῖν
914 2754 990 2780 ἐκτε-

201 2802 326 2838 λευτήσει
340 2803 446 2838 πέρας,
463 2801 510 2828 καὶ
526 2800 605 2832 αὐτὸς
622 2801 695 2835 ἡμᾶς
717 2799 961 2835 πεπληροφόρηκεν
977 2799 992 2825 ὁ

237 2874 260 2889 ἰ
280 2873 357 2901 Joan.
380 2882 398 2906 l,
417 2873 462 2901 51,
499 2873 521 2889 "
542 2871 625 2900 Hebr.
640 2880 658 2904 l,
673 2871 715 2898 ii.
755 2870 778 2887 ⁸³
790 2870 859 2898 Psal.
874 2877 917 2903 xc,
934 2867 1027 2896 li-li.

206 2916 277 2942 aur,
293 2908 319 2935 8.

1001 2245 1020 2271 D

1026 1619 1112 1647 cuivis
1126 1617 1299 1645 manifestum
1311 1618 1363 1646 est,
1383 1614 1491 1641 dicente
1514 1611 1655 1639 manifeste
1666 1610 1750 1637 Paulo
1773 1609 1808 1636 iis

1026 1665 1072 1700 qui
1080 1671 1133 1699 per
1150 1664 1238 1698 ipsum
1250 1660 1443 1689 crediderunt:
1460 1668 1469 1684 ‹
1483 1657 1551 1691 Quia
1570 1657 1620 1684 etsi
1636 1656 1710 1683 mille
1722 1653 1813 1689 paeda-

1028 1717 1110 1745 gogos
1123 1707 1258 1735 habuistis
1279 1706 1307 1733 in
1321 1705 1441 1735 Christo,
1461 1707 1488 1730 at
1509 1710 1564 1730 non
1584 1701 1686 1728 multos
1710 1703 1812 1735 patres.

1027 1756 1093 1784 Nam
1107 1755 1134 1781 in
1153 1753 1263 1782 Christo
1289 1752 1353 1780 Jcsu
1374 1758 1424 1785 per
1436 1747 1613 1784 Evangelium
1635 1754 1685 1781 ego
1702 1753 1751 1773 vos
1769 1752 1815 1780 ge-

1027 1800 1118 1828 nui”.
1139 1809 1147 1825 ι
1165 1799 1276 1827 Factum
1291 1797 1374 1832 igitur
1383 1798 1425 1822 est
1439 1801 1534 1821 eorum
1549 1799 1642 1820 semen
1659 1790 1750 1818 arenis
1761 1797 1814 1816 nu-

1028 1854 1104 1874 mero
1114 1845 1226 1880 aequale,
1244 1845 1477 1878 propagatumque
1492 1839 1519 1866 in
1537 1843 1627 1865 ortum
1639 1841 1666 1864 et
1677 1843 1815 1868 occasum,

1029 1893 1056 1919 in
1067 1891 1161 1918 dextra
1176 1894 1203 1917 et
1216 1889 1336 1920 sinistra,
1346 1887 1372 1913 in
1386 1890 1521 1917 austrum,
1536 1884 1656 1918 inquam,
1671 1886 1698 1910 et
1709 1882 1816 1917 aquilo-

1029 1945 1102 1965 nem.
1119 1936 1253 1964 Caeterum
1271 1937 1330 1961 erat
1341 1932 1423 1960 etiam
1442 1930 1511 1965 lapis
1524 1929 1607 1957 veluti
1622 1929 1650 1956 in
1665 1933 1728 1964 typo
1735 1927 1817 1956 Chri-

1030 1984 1063 2011 sti
1077 1984 1228 2010 honoratus
1240 1984 1268 2008 et
1283 1984 1401 2010 erectus,
1414 1977 1528 2011 oleoque
1551 1975 1700 2003 delibutus.
1712 1974 1818 2003 Unctus

1030 2030 1103 2057 enim
1120 2032 1162 2056 est
1180 2035 1196 2054 a
1208 2027 1263 2054 Deo
1277 2033 1308 2052 ac
1319 2024 1400 2052 Patre
1418 2021 1580 2050 Emmanuel
1594 2030 1603 2046 ι
1621 2020 1682 2047 oleo
1694 2019 1816 2047 exsulta-

1032 2075 1113 2102 tionis
1121 2081 1175 2108 pne
1184 2071 1357 2100 consortibus
1367 2068 1424 2096 suis
1435 2068 1467 2101 ’5;
1483 2077 1491 2092 ›
1506 2066 1652 2094 suscitatus
1661 2073 1727 2092 vero
1735 2065 1816 2092 etiam

1032 2128 1046 2148 τι
1063 2119 1188 2149 mortuis,
1201 2116 1307 2145 etiamsi
1318 2123 1367 2143 sua
1375 2119 1471 2150 sponte
1487 2112 1626 2141 descendit
1639 2111 1673 2138 ad
1690 2115 1816 2138 mortem.

1032 2167 1119 2202 Atque
1130 2165 1207 2200 117
1226 2164 1289 2195 hoc,
1314 2166 1345 2190 ut
1364 2161 1494 2193 arbitror,
1509 2163 1561 2191 est,
1574 2161 1694 2186 erectum
1707 2156 1817 2184 essela-

1033 2213 1134 2248 pidum.
1160 2210 1325 2238 Przedicatur
1347 2211 1438 2235 autem
1459 2206 1539 2233 etiam
1562 2213 1611 2239 per
1625 2207 1733 2230 sanctos
1754 2209 1821 2236 apo—

1034 2258 1118 2285 stolos
1131 2255 1262 2283 Dominus
1275 2257 1368 2280 noster
1386 2251 1465 2279 Jcsns
1481 2248 1616 2279 Christus,
1633 2251 1664 2274 ut
1683 2250 1783 2275 unctus
1804 2253 1819 2272 a

1033 2305 1114 2332 Patre
1130 2302 1157 2329 in
1167 2305 1260 2329 saneto
1274 2300 1389 2335 Spiritu,
1403 2303 1430 2326 et
1440 2297 1574 2325 excitatus
1591 2301 1606 2320 a
1619 2292 1735 2320 mortuis
1749 2299 1755 2317 τ
1772 2298 1821 2326 per

1035 2356 1127 2384 quem,
1145 2351 1172 2374 et
1188 2353 1249 2373 cum
1262 2353 1317 2380 quo
1339 2344 1395 2371 Deo
1408 2350 1440 2369 ac
1455 2340 1528 2369 Patri
1553 2338 1637 2374 gloria
1656 2341 1683 2364 et
1699 2335 1821 2372 potentia

1036 2383 1097 2422 eum
1110 2396 1202 2420 saneto
1216 2390 1317 2426 Spiritu
1336 2390 1363 2416 in
1376 2387 1474 2416 sazcula
1486 2386 1656 2413 saeculorum.
1671 2383 1769 2410 Amen.

1211 2505 1329 2542 Amplius
1342 2504 1372 2530 de
1391 2503 1542 2538 patriarcha
1555 2500 1644 2529 Iacob.

1074 2564 1177 2599 LQuod
1183 2562 1291 2598 quidem
1296 2562 1376 2597 longe
1381 2559 1645 2596 praestantissimum,
1653 2556 1824 2591 maximeque

1036 2613 1091 2640 Deo
1104 2615 1209 2646 gratum
1223 2608 1258 2635 sit
1267 2607 1374 2635 divinos
1385 2613 1525 2634 sermones
1535 2609 1673 2640 expetere,
1683 2606 1711 2630 et
1722 2602 1824 2637 optima

1038 2664 1151 2694 qumque
1173 2655 1279 2683 discere
1296 2653 1377 2686 velle,
1395 2661 1450 2688 quo
1465 2656 1544 2687 pacto
1567 2650 1685 2685 cuipiam
1710 2648 1826 2676 dubium

1038 2693 1098 2732 esse
1112 2702 1212 2737 possit?
1225 2700 1303 2734 Quod
1313 2706 1380 2727 vero
1390 2706 1434 2726 res
1442 2698 1501 2726 inec
1512 2696 1621 2724 maximi
1637 2700 1679 2722 est
1690 2693 1824 2725 facienda,

1041 2754 1122 2784 atque
1134 2747 1167 2775 ad
1182 2746 1276 2774 utilem
1293 2745 1372 2772 linem
1386 2751 1437 2771 nos
1459 2743 1619 2774 deductura,
1632 2741 1755 2767 Salvator
1767 2739 1827 2773 ipse

1042 2798 1157 2823 testatur
1180 2793 1215 2820 ita
1241 2791 1353 2818 dicens:
1371 2799 1380 2814 ι
1393 2788 1488 2816 Simile
1502 2791 1544 2815 est
1560 2793 1673 2821 regnum
1693 2784 1826 2812 caelorum

1066 2865 1088 2882 9‘
1107 2863 1200 2891 Matth.
1219 2869 1311 2894 xxvtn,
1331 2859 1375 2887 20.
1425 2858 1469 2885 "l
1489 2857 1553 2885 Cor.
1573 2863 1608 2888 Iv,
1628 2854 1669 2881 15.
1714 2851 1824 2902 υίιεςςιι.
