  <div class='ocr_page' id='page_1' title='image "/cluster/home/n/w/nwhite01/storage/ocr_20150623/69/njp.32101077772729/119.png"; bbox 0 0 1990 3050; ppageno 0'>
   <div class='ocr_carea' id='block_1_1' title="bbox 179 151 225 180">
    <p class='ocr_par' dir='ltr' id='par_1_1' title="bbox 179 151 225 180">
     <span class='ocr_line' id='line_1_1' title="bbox 179 151 225 180; baseline -0.022 0"><span class='ocrx_word' id='word_1_1' title='bbox 179 151 225 180; x_wconf 61' lang='lat' dir='ltr'><strong>illi</strong></span> 
     </span>
    </p>
   </div>
   <div class='ocr_carea' id='block_1_2' title="bbox 675 153 1306 185">
    <p class='ocr_par' dir='ltr' id='par_1_2' title="bbox 675 153 1306 185">
     <span class='ocr_line' id='line_1_2' title="bbox 675 153 1306 185; baseline 0.006 -4"><span class='ocrx_word' id='word_1_2' title='bbox 675 153 710 181; x_wconf 63' lang='grc' dir='ltr'>ε.</span> <span class='ocrx_word' id='word_1_3' title='bbox 730 154 868 182; x_wconf 76' lang='lat' dir='ltr'><strong>CYRILLI</strong></span> <span class='ocrx_word' id='word_1_4' title='bbox 890 154 1126 184; x_wconf 76' lang='lat' dir='ltr'><strong>ALEXANDRINI</strong></span> <span class='ocrx_word' id='word_1_5' title='bbox 1146 155 1306 185; x_wconf 78' lang='lat' dir='ltr'><strong>ARCHIEP.</strong></span> 
     </span>
    </p>
   </div>
   <div class='ocr_carea' id='block_1_3' title="bbox 1763 158 1814 187">
    <p class='ocr_par' dir='ltr' id='par_1_3' title="bbox 1763 158 1814 187">
     <span class='ocr_line' id='line_1_3' title="bbox 1763 158 1814 187; baseline 0 -1"><span class='ocrx_word' id='word_1_6' title='bbox 1763 158 1814 187; x_wconf 65' lang='lat' dir='ltr'><strong>lD&#39;i</strong></span> 
     </span>
    </p>
   </div>
   <div class='ocr_carea' id='block_1_4' title="bbox 179 207 961 251">
    <p class='ocr_par' dir='ltr' id='par_1_4' title="bbox 179 207 961 246">
     <span class='ocr_line' id='line_1_4' title="bbox 179 207 961 246; baseline 0.003 -11"><span class='ocrx_word' id='word_1_7' title='bbox 179 207 281 236; x_wconf 79' lang='lat' dir='ltr'><strong>homini</strong></span> <span class='ocrx_word' id='word_1_8' title='bbox 297 207 471 244; x_wconf 68' lang='lat' dir='ltr'><strong>negotiatori,</strong></span> <span class='ocrx_word' id='word_1_9' title='bbox 486 210 618 244; x_wconf 74' lang='lat' dir='ltr'><strong>quaerenti</strong></span> <span class='ocrx_word' id='word_1_10' title='bbox 638 210 724 238; x_wconf 87' lang='lat' dir='ltr'><strong>bonas</strong></span> <span class='ocrx_word' id='word_1_11' title='bbox 737 211 907 246; x_wconf 76' lang='lat' dir='ltr'><strong>margaritas.</strong></span> <span class='ocrx_word' id='word_1_12' title='bbox 924 211 961 238; x_wconf 88' lang='lat' dir='ltr'><strong>ln-</strong></span> 
     </span>
    </p>
   </div>
   <div class='ocr_carea' id='block_1_5' title="bbox 1014 207 1814 251">
    <p class='ocr_par' dir='ltr' id='par_1_5' title="bbox 1023 211 1814 251">
     <span class='ocr_line' id='line_1_5' title="bbox 1023 211 1814 251; baseline 0.005 -13"><span class='ocrx_word' id='word_1_13' title='bbox 1023 211 1118 247; x_wconf 84' lang='grc' dir='ltr'>Σωτὴρ</span> <span class='ocrx_word' id='word_1_14' title='bbox 1134 212 1206 239; x_wconf 73' lang='grc' dir='ltr'>οὕτω</span> <span class='ocrx_word' id='word_1_15' title='bbox 1220 213 1323 247; x_wconf 85' lang='grc' dir='ltr'>λέγων·</span> <span class='ocrx_word' id='word_1_16' title='bbox 1343 222 1352 239; x_wconf 84' lang='grc' dir='ltr'><strong>ι</strong></span> <span class='ocrx_word' id='word_1_17' title='bbox 1381 214 1475 249; x_wconf 76' lang='grc' dir='ltr'>Ὀμοία</span> <span class='ocrx_word' id='word_1_18' title='bbox 1490 213 1565 242; x_wconf 78' lang='grc' dir='ltr'>ὲστῖν</span> <span class='ocrx_word' id='word_1_19' title='bbox 1581 215 1598 251; x_wconf 84' lang='grc' dir='ltr'><strong>ἡ</strong></span> <span class='ocrx_word' id='word_1_20' title='bbox 1618 214 1740 250; x_wconf 82' lang='grc' dir='ltr'>βασιλεία</span> <span class='ocrx_word' id='word_1_21' title='bbox 1760 217 1814 244; x_wconf 74' lang='grc' dir='ltr'>τὼν</span> 
     </span>
    </p>
   </div>
   <div class='ocr_carea' id='block_1_6' title="bbox 153 255 972 292">
    <p class='ocr_par' dir='ltr' id='par_1_6' title="bbox 153 255 972 292">
     <span class='ocr_line' id='line_1_6' title="bbox 153 255 972 292; baseline 0.002 -11"><span class='ocrx_word' id='word_1_22' title='bbox 153 258 256 290; x_wconf 51' lang='lat' dir='ltr'><strong>\venta</strong></span> <span class='ocrx_word' id='word_1_23' title='bbox 267 258 358 282; x_wconf 89' lang='lat' dir='ltr'><strong>autem</strong></span> <span class='ocrx_word' id='word_1_24' title='bbox 373 263 428 282; x_wconf 88' lang='lat' dir='ltr'><strong>una</strong></span> <span class='ocrx_word' id='word_1_25' title='bbox 446 256 564 290; x_wconf 85' lang='lat' dir='ltr'><strong>pretiosa</strong></span> <span class='ocrx_word' id='word_1_26' title='bbox 576 256 732 292; x_wconf 74' lang='lat' dir='ltr'><strong>margarita,</strong></span> <span class='ocrx_word' id='word_1_27' title='bbox 750 257 820 284; x_wconf 84' lang='lat' dir='ltr'><strong>abiit</strong></span> <span class='ocrx_word' id='word_1_28' title='bbox 832 261 861 283; x_wconf 90' lang='lat' dir='ltr'><strong>et</strong></span> <span class='ocrx_word' id='word_1_29' title='bbox 877 255 972 283; x_wconf 85' lang='lat' dir='ltr'><strong>vendi—</strong></span> 
     </span>
    </p>
   </div>
   <div class='ocr_carea' id='block_1_7' title="bbox 176 300 972 336">
    <p class='ocr_par' dir='ltr' id='par_1_7' title="bbox 176 300 972 336">
     <span class='ocr_line' id='line_1_7' title="bbox 176 300 972 336; baseline 0.003 -9"><span class='ocrx_word' id='word_1_30' title='bbox 176 300 217 327; x_wconf 73' lang='lat' dir='ltr'><strong>dit</strong></span> <span class='ocrx_word' id='word_1_31' title='bbox 237 301 330 328; x_wconf 87' lang='lat' dir='ltr'><strong>omnia</strong></span> <span class='ocrx_word' id='word_1_32' title='bbox 341 309 402 336; x_wconf 63' lang='lat' dir='ltr'><strong>qum</strong></span> <span class='ocrx_word' id='word_1_33' title='bbox 415 302 544 334; x_wconf 87' lang='lat' dir='ltr'><strong>habebat,</strong></span> <span class='ocrx_word' id='word_1_34' title='bbox 566 307 594 330; x_wconf 92' lang='lat' dir='ltr'><strong>et</strong></span> <span class='ocrx_word' id='word_1_35' title='bbox 613 303 680 330; x_wconf 83' lang='lat' dir='ltr'><strong>emit</strong></span> <span class='ocrx_word' id='word_1_36' title='bbox 691 310 751 330; x_wconf 88' lang='lat' dir='ltr'><strong>eam</strong></span> <span class='ocrx_word' id='word_1_37' title='bbox 764 303 797 329; x_wconf 75' lang='grc'><strong>⁸⁷.</strong></span> <span class='ocrx_word' id='word_1_38' title='bbox 819 312 828 328; x_wconf 88' lang='grc'><strong>›</strong></span> <span class='ocrx_word' id='word_1_39' title='bbox 842 302 972 329; x_wconf 88' lang='lat' dir='ltr'><strong>Necessa-</strong></span> 
     </span>
    </p>
   </div>
   <div class='ocr_carea' id='block_1_8' title="bbox 177 346 969 383">
    <p class='ocr_par' dir='ltr' id='par_1_8' title="bbox 177 346 969 383">
     <span class='ocr_line' id='line_1_8' title="bbox 177 346 969 383; baseline 0.001 -10"><span class='ocrx_word' id='word_1_40' title='bbox 177 346 248 373; x_wconf 89' lang='lat' dir='ltr'><strong>rium</strong></span> <span class='ocrx_word' id='word_1_41' title='bbox 265 347 348 382; x_wconf 85' lang='lat' dir='ltr'><strong>igitur</strong></span> <span class='ocrx_word' id='word_1_42' title='bbox 361 350 403 375; x_wconf 91' lang='lat' dir='ltr'><strong>est</strong></span> <span class='ocrx_word' id='word_1_43' title='bbox 424 349 510 383; x_wconf 69' lang='lat' dir='ltr'><strong>quaeri</strong></span> <span class='ocrx_word' id='word_1_44' title='bbox 522 349 599 383; x_wconf 90' lang='lat' dir='ltr'><strong>prius</strong></span> <span class='ocrx_word' id='word_1_45' title='bbox 614 357 629 376; x_wconf 86' lang='lat' dir='ltr'><strong>a</strong></span> <span class='ocrx_word' id='word_1_46' title='bbox 642 348 722 376; x_wconf 86' lang='lat' dir='ltr'><strong>nobis</strong></span> <span class='ocrx_word' id='word_1_47' title='bbox 735 349 821 375; x_wconf 89' lang='lat' dir='ltr'><strong>bonas</strong></span> <span class='ocrx_word' id='word_1_48' title='bbox 836 348 969 383; x_wconf 80' lang='lat' dir='ltr'><strong>margari-</strong></span> 
     </span>
    </p>
   </div>
   <div class='ocr_carea' id='block_1_9' title="bbox 177 391 968 429">
    <p class='ocr_par' dir='ltr' id='par_1_9' title="bbox 177 391 968 429">
     <span class='ocr_line' id='line_1_9' title="bbox 177 391 968 429; baseline 0.003 -11"><span class='ocrx_word' id='word_1_49' title='bbox 177 395 227 419; x_wconf 80' lang='lat' dir='ltr'><strong>tas.</strong></span> <span class='ocrx_word' id='word_1_50' title='bbox 239 391 279 418; x_wconf 91' lang='lat' dir='ltr'><strong>lta</strong></span> <span class='ocrx_word' id='word_1_51' title='bbox 293 392 367 419; x_wconf 91' lang='lat' dir='ltr'><strong>enim</strong></span> <span class='ocrx_word' id='word_1_52' title='bbox 382 393 554 421; x_wconf 82' lang='lat' dir='ltr'><strong>inveniemus</strong></span> <span class='ocrx_word' id='word_1_53' title='bbox 564 402 646 421; x_wconf 88' lang='lat' dir='ltr'><strong>unam</strong></span> <span class='ocrx_word' id='word_1_54' title='bbox 657 402 688 421; x_wconf 85' lang='lat' dir='ltr'><strong>ac</strong></span> <span class='ocrx_word' id='word_1_55' title='bbox 701 394 848 429; x_wconf 86' lang='lat' dir='ltr'><strong>pretiosam</strong></span> <span class='ocrx_word' id='word_1_56' title='bbox 861 401 968 429; x_wconf 82' lang='lat' dir='ltr'><strong>marga-</strong></span> 
     </span>
    </p>
   </div>
   <div class='ocr_carea' id='block_1_10' title="bbox 175 438 969 473">
    <p class='ocr_par' dir='ltr' id='par_1_10' title="bbox 175 438 969 473">
     <span class='ocr_line' id='line_1_10' title="bbox 175 438 969 473; baseline 0.005 -9"><span class='ocrx_word' id='word_1_57' title='bbox 175 438 266 470; x_wconf 87' lang='lat' dir='ltr'><strong>ritam,</strong></span> <span class='ocrx_word' id='word_1_58' title='bbox 280 438 332 466; x_wconf 93' lang='lat' dir='ltr'><strong>hoc</strong></span> <span class='ocrx_word' id='word_1_59' title='bbox 346 443 398 472; x_wconf 86' lang='lat' dir='ltr'><strong>est,</strong></span> <span class='ocrx_word' id='word_1_60' title='bbox 409 439 559 468; x_wconf 81' lang='lat' dir='ltr'><strong>Christum.</strong></span> <span class='ocrx_word' id='word_1_61' title='bbox 575 440 703 473; x_wconf 76' lang='lat' dir='ltr'><strong>Quaenam</strong></span> <span class='ocrx_word' id='word_1_62' title='bbox 721 445 812 468; x_wconf 88' lang='lat' dir='ltr'><strong>autem</strong></span> <span class='ocrx_word' id='word_1_63' title='bbox 825 440 880 468; x_wconf 90' lang='lat' dir='ltr'><strong>sint</strong></span> <span class='ocrx_word' id='word_1_64' title='bbox 890 440 969 468; x_wconf 82' lang='lat' dir='ltr'><strong>bonae</strong></span> 
     </span>
    </p>
   </div>
   <div class='ocr_carea' id='block_1_11' title="bbox 176 484 969 522">
    <p class='ocr_par' dir='ltr' id='par_1_11' title="bbox 176 484 969 522">
     <span class='ocr_line' id='line_1_11' title="bbox 176 484 969 522; baseline 0.004 -11"><span class='ocrx_word' id='word_1_65' title='bbox 176 484 338 519; x_wconf 53' lang='lat' dir='ltr'><strong>margarita,</strong></span> <span class='ocrx_word' id='word_1_66' title='bbox 357 490 386 512; x_wconf 86' lang='lat' dir='ltr'><strong>et</strong></span> <span class='ocrx_word' id='word_1_67' title='bbox 397 493 512 520; x_wconf 91' lang='lat' dir='ltr'><strong>quarum</strong></span> <span class='ocrx_word' id='word_1_68' title='bbox 538 487 657 521; x_wconf 91' lang='lat' dir='ltr'><strong>pretiosa</strong></span> <span class='ocrx_word' id='word_1_69' title='bbox 676 491 719 513; x_wconf 86' lang='lat' dir='ltr'><strong>est</strong></span> <span class='ocrx_word' id='word_1_70' title='bbox 733 486 880 521; x_wconf 81' lang='lat' dir='ltr'><strong>possessio,</strong></span> <span class='ocrx_word' id='word_1_71' title='bbox 899 494 969 522; x_wconf 87' lang='lat' dir='ltr'><strong>quas</strong></span> 
     </span>
    </p>
   </div>
   <div class='ocr_carea' id='block_1_12' title="bbox 174 530 967 564">
    <p class='ocr_par' dir='ltr' id='par_1_12' title="bbox 174 530 967 564">
     <span class='ocr_line' id='line_1_12' title="bbox 174 530 967 564; baseline 0.004 -7"><span class='ocrx_word' id='word_1_72' title='bbox 174 530 322 564; x_wconf 67' lang='lat' dir='ltr'><strong>quaerendo</strong></span> <span class='ocrx_word' id='word_1_73' title='bbox 342 539 424 558; x_wconf 90' lang='lat' dir='ltr'><strong>unam</strong></span> <span class='ocrx_word' id='word_1_74' title='bbox 445 531 519 559; x_wconf 81' lang='lat' dir='ltr'><strong>illam</strong></span> <span class='ocrx_word' id='word_1_75' title='bbox 541 532 708 564; x_wconf 83' lang='lat' dir='ltr'><strong>invenimus,</strong></span> <span class='ocrx_word' id='word_1_76' title='bbox 720 531 837 560; x_wconf 70' lang='lat' dir='ltr'><strong>dixerim</strong></span> <span class='ocrx_word' id='word_1_77' title='bbox 853 533 967 561; x_wconf 88' lang='lat' dir='ltr'><strong>omnino</strong></span> 
     </span>
    </p>
   </div>
   <div class='ocr_carea' id='block_1_13' title="bbox 174 577 966 614">
    <p class='ocr_par' dir='ltr' id='par_1_13' title="bbox 174 577 966 614">
     <span class='ocr_line' id='line_1_13' title="bbox 174 577 966 614; baseline 0.005 -11"><span class='ocrx_word' id='word_1_78' title='bbox 174 580 282 604; x_wconf 84' lang='lat' dir='ltr'><strong>sanctos</strong></span> <span class='ocrx_word' id='word_1_79' title='bbox 295 585 365 610; x_wconf 90' lang='lat' dir='ltr'><strong>esse,</strong></span> <span class='ocrx_word' id='word_1_80' title='bbox 379 577 412 604; x_wconf 88' lang='lat' dir='ltr'><strong>de</strong></span> <span class='ocrx_word' id='word_1_81' title='bbox 430 578 530 612; x_wconf 87' lang='lat' dir='ltr'><strong>quibus</strong></span> <span class='ocrx_word' id='word_1_82' title='bbox 546 578 650 605; x_wconf 91' lang='lat' dir='ltr'><strong>dictum</strong></span> <span class='ocrx_word' id='word_1_83' title='bbox 670 582 713 606; x_wconf 90' lang='lat' dir='ltr'><strong>est</strong></span> <span class='ocrx_word' id='word_1_84' title='bbox 725 586 774 613; x_wconf 90' lang='lat' dir='ltr'><strong>per</strong></span> <span class='ocrx_word' id='word_1_85' title='bbox 790 587 884 606; x_wconf 87' lang='lat' dir='ltr'><strong>vocem</strong></span> <span class='ocrx_word' id='word_1_86' title='bbox 902 587 966 614; x_wconf 93' lang='lat' dir='ltr'><strong>pro-</strong></span> 
     </span>
    </p>
   </div>
   <div class='ocr_carea' id='block_1_14' title="bbox 173 621 962 660">
    <p class='ocr_par' dir='ltr' id='par_1_14' title="bbox 173 621 962 660">
     <span class='ocr_line' id='line_1_14' title="bbox 173 621 962 660; baseline 0.004 -12"><span class='ocrx_word' id='word_1_87' title='bbox 173 621 279 656; x_wconf 66' lang='lat' dir='ltr'><strong>phetat:</strong></span> <span class='ocrx_word' id='word_1_88' title='bbox 297 633 306 648; x_wconf 81' lang='grc' dir='ltr'><strong>ι</strong></span> <span class='ocrx_word' id='word_1_89' title='bbox 325 623 442 658; x_wconf 85' lang='lat' dir='ltr'><strong>Lapides</strong></span> <span class='ocrx_word' id='word_1_90' title='bbox 454 624 541 651; x_wconf 83' lang='lat' dir='ltr'><strong>sancti</strong></span> <span class='ocrx_word' id='word_1_91' title='bbox 552 625 700 652; x_wconf 88' lang='lat' dir='ltr'><strong>volvuntur</strong></span> <span class='ocrx_word' id='word_1_92' title='bbox 712 633 795 660; x_wconf 88' lang='lat' dir='ltr'><strong>super</strong></span> <span class='ocrx_word' id='word_1_93' title='bbox 802 629 904 653; x_wconf 86' lang='lat' dir='ltr'><strong>terram</strong></span> <span class='ocrx_word' id='word_1_94' title='bbox 913 626 962 653; x_wconf 66' lang='grc'><strong>9³.»</strong></span> 
     </span>
    </p>
   </div>
   <div class='ocr_carea' id='block_1_15' title="bbox 173 666 964 706">
    <p class='ocr_par' dir='ltr' id='par_1_15' title="bbox 173 666 964 706">
     <span class='ocr_line' id='line_1_15' title="bbox 173 666 964 706; baseline 0.005 -12"><span class='ocrx_word' id='word_1_95' title='bbox 173 666 364 703; x_wconf 78' lang='lat' dir='ltr'><strong>investiganda</strong></span> <span class='ocrx_word' id='word_1_96' title='bbox 376 669 469 704; x_wconf 87' lang='lat' dir='ltr'><strong>itaque</strong></span> <span class='ocrx_word' id='word_1_97' title='bbox 494 673 559 697; x_wconf 85' lang='lat' dir='ltr'><strong>sunt</strong></span> <span class='ocrx_word' id='word_1_98' title='bbox 583 670 740 706; x_wconf 82' lang='lat' dir='ltr'><strong>diligenter,</strong></span> <span class='ocrx_word' id='word_1_99' title='bbox 761 679 823 706; x_wconf 68' lang='lat' dir='ltr'><strong>quae</strong></span> <span class='ocrx_word' id='word_1_100' title='bbox 836 671 870 698; x_wconf 88' lang='lat' dir='ltr'><strong>de</strong></span> <span class='ocrx_word' id='word_1_101' title='bbox 894 679 964 698; x_wconf 91' lang='lat' dir='ltr'><strong>uno-</strong></span> 
     </span>
    </p>
   </div>
   <div class='ocr_carea' id='block_1_16' title="bbox 173 708 965 747">
    <p class='ocr_par' dir='ltr' id='par_1_16' title="bbox 173 708 965 747">
     <span class='ocr_line' id='line_1_16' title="bbox 173 708 965 747; baseline 0.01 -11"><span class='ocrx_word' id='word_1_102' title='bbox 173 718 282 745; x_wconf 89' lang='lat' dir='ltr'><strong>quoque</strong></span> <span class='ocrx_word' id='word_1_103' title='bbox 292 708 435 747; x_wconf 67' lang='lat' dir='ltr'><strong>praacipue</strong></span> <span class='ocrx_word' id='word_1_104' title='bbox 446 718 568 741; x_wconf 79' lang='lat' dir='ltr'><strong>veterum</strong></span> <span class='ocrx_word' id='word_1_105' title='bbox 580 714 694 743; x_wconf 78' lang='lat' dir='ltr'><strong>dictaet</strong></span> <span class='ocrx_word' id='word_1_106' title='bbox 708 715 778 743; x_wconf 86' lang='lat' dir='ltr'><strong>facta</strong></span> <span class='ocrx_word' id='word_1_107' title='bbox 793 716 848 743; x_wconf 89' lang='lat' dir='ltr'><strong>sint</strong></span> <span class='ocrx_word' id='word_1_108' title='bbox 864 725 871 744; x_wconf 91' lang='lat'><strong>:</strong></span> <span class='ocrx_word' id='word_1_109' title='bbox 886 716 965 744; x_wconf 87' lang='lat' dir='ltr'><strong>vide-</strong></span> 
     </span>
    </p>
   </div>
   <div class='ocr_carea' id='block_1_17' title="bbox 174 756 964 798">
    <p class='ocr_par' dir='ltr' id='par_1_17' title="bbox 174 756 964 798">
     <span class='ocr_line' id='line_1_17' title="bbox 174 756 964 798; baseline 0.009 -16"><span class='ocrx_word' id='word_1_110' title='bbox 174 756 265 783; x_wconf 86' lang='lat' dir='ltr'><strong>himus</strong></span> <span class='ocrx_word' id='word_1_111' title='bbox 283 756 356 784; x_wconf 90' lang='lat' dir='ltr'><strong>enim</strong></span> <span class='ocrx_word' id='word_1_112' title='bbox 371 757 399 785; x_wconf 87' lang='lat' dir='ltr'><strong>in</strong></span> <span class='ocrx_word' id='word_1_113' title='bbox 412 758 466 786; x_wconf 93' lang='lat' dir='ltr'><strong>illis</strong></span> <span class='ocrx_word' id='word_1_114' title='bbox 482 760 565 787; x_wconf 88' lang='lat' dir='ltr'><strong>altum</strong></span> <span class='ocrx_word' id='word_1_115' title='bbox 588 760 729 796; x_wconf 82' lang='lat' dir='ltr'><strong>religionis</strong></span> <span class='ocrx_word' id='word_1_116' title='bbox 750 766 851 789; x_wconf 59' lang='lat' dir='ltr'><strong>nostra</strong></span> <span class='ocrx_word' id='word_1_117' title='bbox 861 766 964 798; x_wconf 86' lang='lat' dir='ltr'><strong>myste-</strong></span> 
     </span>
    </p>
   </div>
   <div class='ocr_carea' id='block_1_18' title="bbox 172 802 964 842">
    <p class='ocr_par' dir='ltr' id='par_1_18' title="bbox 172 802 964 842">
     <span class='ocr_line' id='line_1_18' title="bbox 172 802 964 842; baseline 0.01 -14"><span class='ocrx_word' id='word_1_118' title='bbox 172 802 254 833; x_wconf 89' lang='lat' dir='ltr'><strong>rium,</strong></span> <span class='ocrx_word' id='word_1_119' title='bbox 277 802 329 829; x_wconf 88' lang='lat' dir='ltr'><strong>hoc</strong></span> <span class='ocrx_word' id='word_1_120' title='bbox 347 807 389 830; x_wconf 86' lang='lat' dir='ltr'><strong>est</strong></span> <span class='ocrx_word' id='word_1_121' title='bbox 413 804 563 838; x_wconf 85' lang='lat' dir='ltr'><strong>Christum,</strong></span> <span class='ocrx_word' id='word_1_122' title='bbox 588 806 673 833; x_wconf 88' lang='lat' dir='ltr'><strong>veluti</strong></span> <span class='ocrx_word' id='word_1_123' title='bbox 691 806 719 833; x_wconf 89' lang='lat' dir='ltr'><strong>in</strong></span> <span class='ocrx_word' id='word_1_124' title='bbox 734 806 803 842; x_wconf 79' lang='lat' dir='ltr'><strong>typis</strong></span> <span class='ocrx_word' id='word_1_125' title='bbox 825 808 964 842; x_wconf 86' lang='lat' dir='ltr'><strong>sapienter</strong></span> 
     </span>
    </p>
   </div>
   <div class='ocr_carea' id='block_1_19' title="bbox 171 846 962 887">
    <p class='ocr_par' dir='ltr' id='par_1_19' title="bbox 171 846 962 887">
     <span class='ocr_line' id='line_1_19' title="bbox 171 846 962 887; baseline 0.011 -15"><span class='ocrx_word' id='word_1_126' title='bbox 171 846 375 883; x_wconf 77' lang='lat' dir='ltr'><strong>artificioseque</strong></span> <span class='ocrx_word' id='word_1_127' title='bbox 401 848 604 878; x_wconf 87' lang='lat' dir='ltr'><strong>adumbralum.</strong></span> <span class='ocrx_word' id='word_1_128' title='bbox 629 851 803 879; x_wconf 82' lang='lat' dir='ltr'><strong>Inveniemus</strong></span> <span class='ocrx_word' id='word_1_129' title='bbox 831 857 962 887; x_wconf 63' lang='lat' dir='ltr'><strong>praeterea</strong></span> 
     </span>
    </p>
   </div>
   <div class='ocr_carea' id='block_1_20' title="bbox 171 889 1003 932">
    <p class='ocr_par' dir='ltr' id='par_1_20' title="bbox 171 889 1003 932">
     <span class='ocr_line' id='line_1_20' title="bbox 171 889 1003 932; baseline 0.012 -16"><span class='ocrx_word' id='word_1_130' title='bbox 171 890 258 918; x_wconf 90' lang='lat' dir='ltr'><strong>divini</strong></span> <span class='ocrx_word' id='word_1_131' title='bbox 279 893 387 920; x_wconf 91' lang='lat' dir='ltr'><strong>consilii</strong></span> <span class='ocrx_word' id='word_1_132' title='bbox 411 894 556 927; x_wconf 89' lang='lat' dir='ltr'><strong>rationem,</strong></span> <span class='ocrx_word' id='word_1_133' title='bbox 585 895 743 924; x_wconf 77' lang='lat' dir='ltr'><strong>difﬁcultate</strong></span> <span class='ocrx_word' id='word_1_134' title='bbox 763 897 874 932; x_wconf 90' lang='lat' dir='ltr'><strong>quidem</strong></span> <span class='ocrx_word' id='word_1_135' title='bbox 896 906 966 926; x_wconf 84' lang='lat' dir='ltr'><strong>non-</strong></span> <span class='ocrx_word' id='word_1_136' title='bbox 982 889 1003 916; x_wconf 74' lang='grc' dir='ltr'><strong>Β</strong></span> 
     </span>
    </p>
   </div>
   <div class='ocr_carea' id='block_1_21' title="bbox 170 935 967 980">
    <p class='ocr_par' dir='ltr' id='par_1_21' title="bbox 170 935 967 980">
     <span class='ocr_line' id='line_1_21' title="bbox 170 935 967 980; baseline 0.011 -17"><span class='ocrx_word' id='word_1_137' title='bbox 170 935 247 964; x_wconf 88' lang='lat' dir='ltr'><strong>nulla</strong></span> <span class='ocrx_word' id='word_1_138' title='bbox 256 937 417 972; x_wconf 84' lang='lat' dir='ltr'><strong>involutam,</strong></span> <span class='ocrx_word' id='word_1_139' title='bbox 426 940 472 967; x_wconf 92' lang='lat' dir='ltr'><strong>sed</strong></span> <span class='ocrx_word' id='word_1_140' title='bbox 484 941 575 968; x_wconf 88' lang='lat' dir='ltr'><strong>nonin</strong></span> <span class='ocrx_word' id='word_1_141' title='bbox 586 942 746 969; x_wconf 90' lang='lat' dir='ltr'><strong>universum</strong></span> <span class='ocrx_word' id='word_1_142' title='bbox 753 943 899 971; x_wconf 85' lang='lat' dir='ltr'><strong>obscuram</strong></span> <span class='ocrx_word' id='word_1_143' title='bbox 907 945 967 980; x_wconf 81' lang='lat' dir='ltr'><strong>ejul</strong></span> 
     </span>
    </p>
   </div>
   <div class='ocr_carea' id='block_1_22' title="bbox 171 981 966 1022">
    <p class='ocr_par' dir='ltr' id='par_1_22' title="bbox 171 981 966 1022">
     <span class='ocr_line' id='line_1_22' title="bbox 171 981 966 1022; baseline 0.011 -14"><span class='ocrx_word' id='word_1_144' title='bbox 171 981 396 1012; x_wconf 83' lang='lat' dir='ltr'><strong>declarationem.</strong></span> <span class='ocrx_word' id='word_1_145' title='bbox 424 985 461 1013; x_wconf 88' lang='lat' dir='ltr'><strong>De</strong></span> <span class='ocrx_word' id='word_1_146' title='bbox 483 986 568 1014; x_wconf 66' lang='lat' dir='ltr'><strong>Iacob</strong></span> <span class='ocrx_word' id='word_1_147' title='bbox 582 987 674 1022; x_wconf 82' lang='lat' dir='ltr'><strong>itaque</strong></span> <span class='ocrx_word' id='word_1_148' title='bbox 695 996 804 1015; x_wconf 83' lang='lat' dir='ltr'><strong>rursum</strong></span> <span class='ocrx_word' id='word_1_149' title='bbox 820 997 911 1017; x_wconf 88' lang='lat' dir='ltr'><strong>sermo</strong></span> <span class='ocrx_word' id='word_1_150' title='bbox 922 990 966 1018; x_wconf 88' lang='lat' dir='ltr'><strong>in-</strong></span> 
     </span>
    </p>
   </div>
   <div class='ocr_carea' id='block_1_23' title="bbox 171 1027 965 1071">
    <p class='ocr_par' dir='ltr' id='par_1_23' title="bbox 171 1027 965 1071">
     <span class='ocr_line' id='line_1_23' title="bbox 171 1027 965 1071; baseline 0.011 -17"><span class='ocrx_word' id='word_1_151' title='bbox 171 1027 309 1061; x_wconf 83' lang='lat' dir='ltr'><strong>stituetur,</strong></span> <span class='ocrx_word' id='word_1_152' title='bbox 324 1033 352 1057; x_wconf 89' lang='lat' dir='ltr'><strong>et</strong></span> <span class='ocrx_word' id='word_1_153' title='bbox 366 1038 420 1065; x_wconf 93' lang='lat' dir='ltr'><strong>quo</strong></span> <span class='ocrx_word' id='word_1_154' title='bbox 433 1035 513 1066; x_wconf 85' lang='lat' dir='ltr'><strong>pacto</strong></span> <span class='ocrx_word' id='word_1_155' title='bbox 524 1036 608 1059; x_wconf 89' lang='lat' dir='ltr'><strong>totam</strong></span> <span class='ocrx_word' id='word_1_156' title='bbox 623 1033 707 1060; x_wconf 89' lang='lat' dir='ltr'><strong>vitam</strong></span> <span class='ocrx_word' id='word_1_157' title='bbox 721 1035 883 1070; x_wconf 85' lang='lat' dir='ltr'><strong>transegerit</strong></span> <span class='ocrx_word' id='word_1_158' title='bbox 901 1044 965 1071; x_wconf 86' lang='lat' dir='ltr'><strong>per-</strong></span> 
     </span>
    </p>
   </div>
   <div class='ocr_carea' id='block_1_24' title="bbox 170 1076 963 1117">
    <p class='ocr_par' dir='ltr' id='par_1_24' title="bbox 170 1076 963 1117">
     <span class='ocr_line' id='line_1_24' title="bbox 170 1076 963 1117; baseline 0.011 -17"><span class='ocrx_word' id='word_1_159' title='bbox 170 1080 327 1108; x_wconf 78' lang='lat' dir='ltr'><strong>sequemur,</strong></span> <span class='ocrx_word' id='word_1_160' title='bbox 339 1076 477 1111; x_wconf 89' lang='lat' dir='ltr'><strong>totiusque</strong></span> <span class='ocrx_word' id='word_1_161' title='bbox 488 1079 657 1111; x_wconf 62' lang='lat' dir='ltr'><strong>(economiat,</strong></span> <span class='ocrx_word' id='word_1_162' title='bbox 667 1081 832 1115; x_wconf 76' lang='lat' dir='ltr'><strong>evangelica:</strong></span> <span class='ocrx_word' id='word_1_163' title='bbox 841 1081 963 1117; x_wconf 86' lang='lat' dir='ltr'><strong>inquam,</strong></span> 
     </span>
    </p>
   </div>
   <div class='ocr_carea' id='block_1_25' title="bbox 169 1119 964 1160">
    <p class='ocr_par' dir='ltr' id='par_1_25' title="bbox 169 1119 964 1160">
     <span class='ocr_line' id='line_1_25' title="bbox 169 1119 964 1160; baseline 0.011 -14"><span class='ocrx_word' id='word_1_164' title='bbox 169 1119 284 1153; x_wconf 80' lang='lat' dir='ltr'><strong>figuram</strong></span> <span class='ocrx_word' id='word_1_165' title='bbox 303 1121 389 1148; x_wconf 91' lang='lat' dir='ltr'><strong>veluti</strong></span> <span class='ocrx_word' id='word_1_166' title='bbox 404 1123 431 1149; x_wconf 91' lang='lat' dir='ltr'><strong>iu</strong></span> <span class='ocrx_word' id='word_1_167' title='bbox 443 1123 502 1158; x_wconf 85' lang='lat' dir='ltr'><strong>ipso</strong></span> <span class='ocrx_word' id='word_1_168' title='bbox 522 1123 557 1150; x_wconf 90' lang='lat' dir='ltr'><strong>ob</strong></span> <span class='ocrx_word' id='word_1_169' title='bbox 576 1124 672 1152; x_wconf 89' lang='lat' dir='ltr'><strong>oculos</strong></span> <span class='ocrx_word' id='word_1_170' title='bbox 683 1133 831 1160; x_wconf 89' lang='lat' dir='ltr'><strong>ponemus;</strong></span> <span class='ocrx_word' id='word_1_171' title='bbox 844 1127 964 1156; x_wconf 84' lang='lat' dir='ltr'><strong>floridis-</strong></span> 
     </span>
    </p>
   </div>
   <div class='ocr_carea' id='block_1_26' title="bbox 169 1165 964 1208">
    <p class='ocr_par' dir='ltr' id='par_1_26' title="bbox 169 1165 964 1208">
     <span class='ocr_line' id='line_1_26' title="bbox 169 1165 964 1208; baseline 0.013 -17"><span class='ocrx_word' id='word_1_172' title='bbox 169 1165 254 1193; x_wconf 87' lang='lat' dir='ltr'><strong>simos</strong></span> <span class='ocrx_word' id='word_1_173' title='bbox 268 1174 392 1202; x_wconf 84' lang='lat' dir='ltr'><strong>quosque</strong></span> <span class='ocrx_word' id='word_1_174' title='bbox 402 1168 524 1197; x_wconf 65' lang='lat' dir='ltr'><strong>historim</strong></span> <span class='ocrx_word' id='word_1_175' title='bbox 534 1178 626 1198; x_wconf 91' lang='lat' dir='ltr'><strong>ramos</strong></span> <span class='ocrx_word' id='word_1_176' title='bbox 646 1171 733 1198; x_wconf 88' lang='lat' dir='ltr'><strong>instar</strong></span> <span class='ocrx_word' id='word_1_177' title='bbox 746 1180 828 1207; x_wconf 89' lang='lat' dir='ltr'><strong>apum</strong></span> <span class='ocrx_word' id='word_1_178' title='bbox 842 1175 964 1208; x_wconf 92' lang='lat' dir='ltr'><strong>pervoli-</strong></span> 
     </span>
    </p>
   </div>
   <div class='ocr_carea' id='block_1_27' title="bbox 170 1213 965 1251">
    <p class='ocr_par' dir='ltr' id='par_1_27' title="bbox 170 1213 965 1251">
     <span class='ocr_line' id='line_1_27' title="bbox 170 1213 965 1251; baseline 0.013 -14"><span class='ocrx_word' id='word_1_179' title='bbox 170 1214 267 1242; x_wconf 81' lang='lat' dir='ltr'><strong>tantes,</strong></span> <span class='ocrx_word' id='word_1_180' title='bbox 279 1216 307 1238; x_wconf 90' lang='lat' dir='ltr'><strong>et</strong></span> <span class='ocrx_word' id='word_1_181' title='bbox 317 1213 390 1247; x_wconf 88' lang='lat' dir='ltr'><strong>quod</strong></span> <span class='ocrx_word' id='word_1_182' title='bbox 403 1214 430 1240; x_wconf 93' lang='lat' dir='ltr'><strong>in</strong></span> <span class='ocrx_word' id='word_1_183' title='bbox 443 1214 560 1250; x_wconf 82' lang='lat' dir='ltr'><strong>singulis</strong></span> <span class='ocrx_word' id='word_1_184' title='bbox 571 1216 744 1244; x_wconf 80' lang='lat' dir='ltr'><strong>conducibile</strong></span> <span class='ocrx_word' id='word_1_185' title='bbox 753 1217 845 1251; x_wconf 89' lang='lat' dir='ltr'><strong>fuerit,</strong></span> <span class='ocrx_word' id='word_1_186' title='bbox 859 1219 893 1246; x_wconf 89' lang='lat' dir='ltr'><strong>ad</strong></span> <span class='ocrx_word' id='word_1_187' title='bbox 906 1228 965 1247; x_wconf 88' lang='lat' dir='ltr'><strong>ser-</strong></span> 
     </span>
    </p>
   </div>
   <div class='ocr_carea' id='block_1_28' title="bbox 169 1257 964 1294">
    <p class='ocr_par' dir='ltr' id='par_1_28' title="bbox 169 1257 964 1294">
     <span class='ocr_line' id='line_1_28' title="bbox 169 1257 964 1294; baseline 0.015 -12"><span class='ocrx_word' id='word_1_188' title='bbox 169 1257 258 1284; x_wconf 89' lang='lat' dir='ltr'><strong>monis</strong></span> <span class='ocrx_word' id='word_1_189' title='bbox 268 1258 478 1292; x_wconf 81' lang='lat' dir='ltr'><strong>explicationem</strong></span> <span class='ocrx_word' id='word_1_190' title='bbox 495 1261 700 1289; x_wconf 82' lang='lat' dir='ltr'><strong>transferentes.</strong></span> <span class='ocrx_word' id='word_1_191' title='bbox 715 1263 743 1290; x_wconf 88' lang='lat' dir='ltr'><strong>Si</strong></span> <span class='ocrx_word' id='word_1_192' title='bbox 761 1271 827 1291; x_wconf 88' lang='lat' dir='ltr'><strong>vero</strong></span> <span class='ocrx_word' id='word_1_193' title='bbox 839 1273 894 1293; x_wconf 91' lang='lat' dir='ltr'><strong>non</strong></span> <span class='ocrx_word' id='word_1_194' title='bbox 905 1274 964 1294; x_wconf 89' lang='lat' dir='ltr'><strong>om-</strong></span> 
     </span>
    </p>
   </div>
   <div class='ocr_carea' id='block_1_29' title="bbox 168 1301 963 1340">
    <p class='ocr_par' dir='ltr' id='par_1_29' title="bbox 168 1301 963 1340">
     <span class='ocr_line' id='line_1_29' title="bbox 168 1301 963 1340; baseline 0.014 -13"><span class='ocrx_word' id='word_1_195' title='bbox 168 1301 212 1327; x_wconf 89' lang='lat' dir='ltr'><strong>nia</strong></span> <span class='ocrx_word' id='word_1_196' title='bbox 228 1301 260 1328; x_wconf 86' lang='lat' dir='ltr'><strong>ad</strong></span> <span class='ocrx_word' id='word_1_197' title='bbox 283 1304 543 1338; x_wconf 86' lang='lat' dir='ltr'><strong>contemplationem</strong></span> <span class='ocrx_word' id='word_1_198' title='bbox 569 1306 761 1340; x_wconf 85' lang='lat' dir='ltr'><strong>traducuntur,</strong></span> <span class='ocrx_word' id='word_1_199' title='bbox 777 1317 857 1336; x_wconf 90' lang='lat' dir='ltr'><strong>nemo</strong></span> <span class='ocrx_word' id='word_1_200' title='bbox 874 1310 963 1338; x_wconf 79' lang='lat' dir='ltr'><strong>olIen-</strong></span> 
     </span>
    </p>
   </div>
   <div class='ocr_carea' id='block_1_30' title="bbox 168 1345 963 1386">
    <p class='ocr_par' dir='ltr' id='par_1_30' title="bbox 168 1345 963 1386">
     <span class='ocr_line' id='line_1_30' title="bbox 168 1345 963 1386; baseline 0.014 -14"><span class='ocrx_word' id='word_1_201' title='bbox 168 1345 260 1378; x_wconf 88' lang='lat' dir='ltr'><strong>datur,</strong></span> <span class='ocrx_word' id='word_1_202' title='bbox 293 1347 359 1374; x_wconf 92' lang='lat' dir='ltr'><strong>illud</strong></span> <span class='ocrx_word' id='word_1_203' title='bbox 387 1356 481 1375; x_wconf 87' lang='lat' dir='ltr'><strong>secum</strong></span> <span class='ocrx_word' id='word_1_204' title='bbox 502 1350 626 1385; x_wconf 82' lang='lat' dir='ltr'><strong>cogitans</strong></span> <span class='ocrx_word' id='word_1_205' title='bbox 646 1352 719 1386; x_wconf 92' lang='lat' dir='ltr'><strong>quod</strong></span> <span class='ocrx_word' id='word_1_206' title='bbox 745 1355 876 1382; x_wconf 86' lang='lat' dir='ltr'><strong>nonnulla</strong></span> <span class='ocrx_word' id='word_1_207' title='bbox 899 1360 963 1384; x_wconf 90' lang='lat' dir='ltr'><strong>sunt</strong></span> 
     </span>
    </p>
   </div>
   <div class='ocr_carea' id='block_1_31' title="bbox 168 1392 962 1434">
    <p class='ocr_par' dir='ltr' id='par_1_31' title="bbox 168 1392 962 1434">
     <span class='ocr_line' id='line_1_31' title="bbox 168 1392 962 1434; baseline 0.014 -17"><span class='ocrx_word' id='word_1_208' title='bbox 168 1392 278 1426; x_wconf 85' lang='lat' dir='ltr'><strong>propria</strong></span> <span class='ocrx_word' id='word_1_209' title='bbox 309 1394 511 1428; x_wconf 87' lang='lat' dir='ltr'><strong>quodammodo</strong></span> <span class='ocrx_word' id='word_1_210' title='bbox 525 1403 631 1429; x_wconf 89' lang='lat' dir='ltr'><strong>eorum,</strong></span> <span class='ocrx_word' id='word_1_211' title='bbox 650 1398 730 1433; x_wconf 75' lang='lat'><strong>“8</strong></span> <span class='ocrx_word' id='word_1_212' title='bbox 753 1407 813 1434; x_wconf 73' lang='lat' dir='ltr'><strong>qua:</strong></span> <span class='ocrx_word' id='word_1_213' title='bbox 832 1399 962 1429; x_wconf 84' lang='lat' dir='ltr'><strong>historice</strong></span> 
     </span>
    </p>
   </div>
   <div class='ocr_carea' id='block_1_32' title="bbox 167 1437 962 1482">
    <p class='ocr_par' dir='ltr' id='par_1_32' title="bbox 167 1437 962 1482">
     <span class='ocr_line' id='line_1_32' title="bbox 167 1437 962 1482; baseline 0.014 -19"><span class='ocrx_word' id='word_1_214' title='bbox 167 1437 239 1464; x_wconf 87' lang='lat' dir='ltr'><strong>facta</strong></span> <span class='ocrx_word' id='word_1_215' title='bbox 251 1443 315 1466; x_wconf 85' lang='lat' dir='ltr'><strong>sunt</strong></span> <span class='ocrx_word' id='word_1_216' title='bbox 336 1440 485 1468; x_wconf 89' lang='lat' dir='ltr'><strong>:nonnulla</strong></span> <span class='ocrx_word' id='word_1_217' title='bbox 500 1449 566 1468; x_wconf 89' lang='lat' dir='ltr'><strong>vero</strong></span> <span class='ocrx_word' id='word_1_218' title='bbox 585 1443 618 1469; x_wconf 85' lang='lat' dir='ltr'><strong>ad</strong></span> <span class='ocrx_word' id='word_1_219' title='bbox 631 1443 776 1472; x_wconf 79' lang='lat' dir='ltr'><strong>interiores</strong></span> <span class='ocrx_word' id='word_1_220' title='bbox 796 1453 892 1473; x_wconf 90' lang='lat' dir='ltr'><strong>sensus</strong></span> <span class='ocrx_word' id='word_1_221' title='bbox 900 1455 962 1482; x_wconf 90' lang='lat' dir='ltr'><strong>per-</strong></span> 
     </span>
    </p>
   </div>
   <div class='ocr_carea' id='block_1_33' title="bbox 168 1482 818 1521">
    <p class='ocr_par' dir='ltr' id='par_1_33' title="bbox 168 1482 818 1521">
     <span class='ocr_line' id='line_1_33' title="bbox 168 1482 818 1521; baseline 0.014 -12"><span class='ocrx_word' id='word_1_222' title='bbox 168 1482 265 1517; x_wconf 86' lang='lat' dir='ltr'><strong>tinent,</strong></span> <span class='ocrx_word' id='word_1_223' title='bbox 277 1488 305 1512; x_wconf 91' lang='lat' dir='ltr'><strong>et</strong></span> <span class='ocrx_word' id='word_1_224' title='bbox 320 1485 354 1512; x_wconf 87' lang='lat' dir='ltr'><strong>ad</strong></span> <span class='ocrx_word' id='word_1_225' title='bbox 369 1487 491 1521; x_wconf 81' lang='lat' dir='ltr'><strong>mysterii</strong></span> <span class='ocrx_word' id='word_1_226' title='bbox 506 1487 561 1514; x_wconf 87' lang='lat' dir='ltr'><strong>vim</strong></span> <span class='ocrx_word' id='word_1_227' title='bbox 580 1489 818 1518; x_wconf 89' lang='lat' dir='ltr'><strong>trausformantur.</strong></span> 
     </span>
    </p>
   </div>
   <div class='ocr_carea' id='block_1_34' title="bbox 201 1620 963 1658">
    <p class='ocr_par' dir='ltr' id='par_1_34' title="bbox 201 1620 963 1658">
     <span class='ocr_line' id='line_1_34' title="bbox 201 1620 963 1658; baseline 0.013 -10"><span class='ocrx_word' id='word_1_228' title='bbox 201 1620 228 1648; x_wconf 72' lang='lat'><strong>2.</strong></span> <span class='ocrx_word' id='word_1_229' title='bbox 240 1621 377 1657; x_wconf 90' lang='lat' dir='ltr'><strong>Scriptum</strong></span> <span class='ocrx_word' id='word_1_230' title='bbox 389 1623 479 1658; x_wconf 92' lang='lat' dir='ltr'><strong>itaque</strong></span> <span class='ocrx_word' id='word_1_231' title='bbox 486 1633 595 1652; x_wconf 89' lang='lat' dir='ltr'><strong>rursum</strong></span> <span class='ocrx_word' id='word_1_232' title='bbox 607 1631 649 1654; x_wconf 80' lang='lat' dir='ltr'><strong>est</strong></span> <span class='ocrx_word' id='word_1_233' title='bbox 662 1627 696 1654; x_wconf 91' lang='lat' dir='ltr'><strong>ita</strong></span> <span class='ocrx_word' id='word_1_234' title='bbox 712 1637 717 1653; x_wconf 96' lang='lat'>:</span> <span class='ocrx_word' id='word_1_235' title='bbox 732 1628 886 1657; x_wconf 69' lang='lat' dir='ltr'><strong>«Profectus</strong></span> <span class='ocrx_word' id='word_1_236' title='bbox 899 1639 963 1658; x_wconf 82' lang='lat' dir='ltr'><strong>vero</strong></span> 
     </span>
    </p>
   </div>
   <div class='ocr_carea' id='block_1_35' title="bbox 166 1667 962 1706">
    <p class='ocr_par' dir='ltr' id='par_1_35' title="bbox 166 1667 962 1706">
     <span class='ocr_line' id='line_1_35' title="bbox 166 1667 962 1706; baseline 0.011 -13"><span class='ocrx_word' id='word_1_237' title='bbox 166 1667 250 1694; x_wconf 66' lang='lat' dir='ltr'><strong>Iacob</strong></span> <span class='ocrx_word' id='word_1_238' title='bbox 264 1668 331 1694; x_wconf 87' lang='lat' dir='ltr'><strong>abiit</strong></span> <span class='ocrx_word' id='word_1_239' title='bbox 342 1668 369 1695; x_wconf 86' lang='lat' dir='ltr'><strong>iu</strong></span> <span class='ocrx_word' id='word_1_240' title='bbox 386 1673 486 1696; x_wconf 89' lang='lat' dir='ltr'><strong>terram</strong></span> <span class='ocrx_word' id='word_1_241' title='bbox 499 1670 620 1698; x_wconf 72' lang='lat' dir='ltr'><strong>Orientis</strong></span> <span class='ocrx_word' id='word_1_242' title='bbox 637 1672 671 1699; x_wconf 88' lang='lat' dir='ltr'><strong>ad</strong></span> <span class='ocrx_word' id='word_1_243' title='bbox 691 1673 795 1706; x_wconf 88' lang='lat' dir='ltr'><strong>Laban,</strong></span> <span class='ocrx_word' id='word_1_244' title='bbox 814 1675 899 1701; x_wconf 80' lang='lat' dir='ltr'><strong>filium</strong></span> <span class='ocrx_word' id='word_1_245' title='bbox 912 1676 962 1703; x_wconf 84' lang='lat' dir='ltr'><strong>Ba-</strong></span> 
     </span>
    </p>
   </div>
   <div class='ocr_carea' id='block_1_36' title="bbox 169 1713 961 1749">
    <p class='ocr_par' dir='ltr' id='par_1_36' title="bbox 169 1713 961 1749">
     <span class='ocr_line' id='line_1_36' title="bbox 169 1713 961 1749; baseline 0.013 -10"><span class='ocrx_word' id='word_1_246' title='bbox 169 1713 270 1740; x_wconf 89' lang='lat' dir='ltr'><strong>thuelis</strong></span> <span class='ocrx_word' id='word_1_247' title='bbox 282 1713 354 1749; x_wconf 78' lang='lat' dir='ltr'><strong>Syri,</strong></span> <span class='ocrx_word' id='word_1_248' title='bbox 365 1714 477 1742; x_wconf 86' lang='lat' dir='ltr'><strong>fratrem</strong></span> <span class='ocrx_word' id='word_1_249' title='bbox 489 1716 629 1749; x_wconf 68' lang='lat' dir='ltr'><strong>Rcbeccw,</strong></span> <span class='ocrx_word' id='word_1_250' title='bbox 643 1719 738 1746; x_wconf 81' lang='lat' dir='ltr'><strong>matris</strong></span> <span class='ocrx_word' id='word_1_251' title='bbox 748 1720 831 1747; x_wconf 83' lang='lat' dir='ltr'><strong>Jacob</strong></span> <span class='ocrx_word' id='word_1_252' title='bbox 845 1726 871 1748; x_wconf 90' lang='lat' dir='ltr'><strong>ct</strong></span> <span class='ocrx_word' id='word_1_253' title='bbox 880 1722 961 1749; x_wconf 88' lang='lat' dir='ltr'><strong>Esau:</strong></span> 
     </span>
    </p>
   </div>
   <div class='ocr_carea' id='block_1_37' title="bbox 167 1760 963 1799">
    <p class='ocr_par' dir='ltr' id='par_1_37' title="bbox 167 1760 963 1799">
     <span class='ocr_line' id='line_1_37' title="bbox 167 1760 963 1799; baseline 0.013 -13"><span class='ocrx_word' id='word_1_254' title='bbox 167 1764 196 1787; x_wconf 91' lang='lat' dir='ltr'><strong>ct</strong></span> <span class='ocrx_word' id='word_1_255' title='bbox 210 1760 294 1793; x_wconf 81' lang='lat' dir='ltr'><strong>videt,</strong></span> <span class='ocrx_word' id='word_1_256' title='bbox 309 1764 337 1787; x_wconf 89' lang='lat' dir='ltr'><strong>et</strong></span> <span class='ocrx_word' id='word_1_257' title='bbox 347 1769 410 1788; x_wconf 88' lang='lat' dir='ltr'><strong>ecce</strong></span> <span class='ocrx_word' id='word_1_258' title='bbox 428 1767 527 1796; x_wconf 86' lang='lat' dir='ltr'><strong>puteus</strong></span> <span class='ocrx_word' id='word_1_259' title='bbox 543 1764 570 1790; x_wconf 93' lang='lat' dir='ltr'><strong>in</strong></span> <span class='ocrx_word' id='word_1_260' title='bbox 594 1772 668 1799; x_wconf 84' lang='lat' dir='ltr'><strong>agro.</strong></span> <span class='ocrx_word' id='word_1_261' title='bbox 694 1765 777 1793; x_wconf 87' lang='lat' dir='ltr'><strong>Erant</strong></span> <span class='ocrx_word' id='word_1_262' title='bbox 800 1771 892 1794; x_wconf 85' lang='lat' dir='ltr'><strong>autem</strong></span> <span class='ocrx_word' id='word_1_263' title='bbox 909 1768 963 1797; x_wconf 92' lang='lat' dir='ltr'><strong>illic</strong></span> 
     </span>
    </p>
   </div>
   <div class='ocr_carea' id='block_1_38' title="bbox 167 1807 962 1849">
    <p class='ocr_par' dir='ltr' id='par_1_38' title="bbox 167 1807 962 1849">
     <span class='ocr_line' id='line_1_38' title="bbox 167 1807 962 1849; baseline 0.013 -17"><span class='ocrx_word' id='word_1_264' title='bbox 167 1810 225 1832; x_wconf 87' lang='lat' dir='ltr'><strong>tres</strong></span> <span class='ocrx_word' id='word_1_265' title='bbox 235 1814 331 1841; x_wconf 83' lang='lat' dir='ltr'><strong>greges</strong></span> <span class='ocrx_word' id='word_1_266' title='bbox 340 1807 432 1834; x_wconf 89' lang='lat' dir='ltr'><strong>ovium</strong></span> <span class='ocrx_word' id='word_1_267' title='bbox 446 1809 651 1843; x_wconf 83' lang='lat' dir='ltr'><strong>requiescentes</strong></span> <span class='ocrx_word' id='word_1_268' title='bbox 662 1811 689 1838; x_wconf 93' lang='lat' dir='ltr'><strong>in</strong></span> <span class='ocrx_word' id='word_1_269' title='bbox 702 1820 743 1839; x_wconf 87' lang='lat' dir='ltr'><strong>eo.</strong></span> <span class='ocrx_word' id='word_1_270' title='bbox 757 1813 824 1840; x_wconf 78' lang='lat' dir='ltr'><strong>Nam</strong></span> <span class='ocrx_word' id='word_1_271' title='bbox 834 1822 867 1841; x_wconf 81' lang='lat' dir='ltr'><strong>ex</strong></span> <span class='ocrx_word' id='word_1_272' title='bbox 878 1821 962 1849; x_wconf 88' lang='lat' dir='ltr'><strong>puteo</strong></span> 
     </span>
    </p>
   </div>
   <div class='ocr_carea' id='block_1_39' title="bbox 167 1851 963 1894">
    <p class='ocr_par' dir='ltr' id='par_1_39' title="bbox 167 1851 963 1894">
     <span class='ocr_line' id='line_1_39' title="bbox 167 1851 963 1894; baseline 0.014 -17"><span class='ocrx_word' id='word_1_273' title='bbox 167 1851 214 1878; x_wconf 89' lang='lat' dir='ltr'><strong>illo</strong></span> <span class='ocrx_word' id='word_1_274' title='bbox 225 1851 433 1886; x_wconf 87' lang='lat' dir='ltr'><strong>adaquabantur</strong></span> <span class='ocrx_word' id='word_1_275' title='bbox 447 1861 556 1888; x_wconf 88' lang='lat' dir='ltr'><strong>pecora.</strong></span> <span class='ocrx_word' id='word_1_276' title='bbox 569 1855 650 1890; x_wconf 88' lang='lat' dir='ltr'><strong>Lapis</strong></span> <span class='ocrx_word' id='word_1_277' title='bbox 671 1862 762 1884; x_wconf 88' lang='lat' dir='ltr'><strong>autem</strong></span> <span class='ocrx_word' id='word_1_278' title='bbox 776 1866 889 1894; x_wconf 79' lang='lat' dir='ltr'><strong>magnus</strong></span> <span class='ocrx_word' id='word_1_279' title='bbox 904 1865 963 1888; x_wconf 85' lang='lat' dir='ltr'><strong>erat</strong></span> 
     </span>
    </p>
   </div>
   <div class='ocr_carea' id='block_1_40' title="bbox 167 1899 961 1943">
    <p class='ocr_par' dir='ltr' id='par_1_40' title="bbox 167 1899 961 1943">
     <span class='ocr_line' id='line_1_40' title="bbox 167 1899 961 1943; baseline 0.015 -19"><span class='ocrx_word' id='word_1_280' title='bbox 167 1905 250 1932; x_wconf 83' lang='lat' dir='ltr'><strong>super</strong></span> <span class='ocrx_word' id='word_1_281' title='bbox 267 1906 298 1925; x_wconf 94' lang='lat' dir='ltr'><strong>os</strong></span> <span class='ocrx_word' id='word_1_282' title='bbox 311 1899 397 1934; x_wconf 85' lang='lat' dir='ltr'><strong>putei,</strong></span> <span class='ocrx_word' id='word_1_283' title='bbox 414 1905 442 1928; x_wconf 90' lang='lat' dir='ltr'><strong>et</strong></span> <span class='ocrx_word' id='word_1_284' title='bbox 465 1902 702 1937; x_wconf 75' lang='lat' dir='ltr'><strong>congregabantur</strong></span> <span class='ocrx_word' id='word_1_285' title='bbox 727 1905 784 1933; x_wconf 89' lang='lat' dir='ltr'><strong>illic</strong></span> <span class='ocrx_word' id='word_1_286' title='bbox 800 1907 891 1935; x_wconf 87' lang='lat' dir='ltr'><strong>omnia</strong></span> <span class='ocrx_word' id='word_1_287' title='bbox 911 1916 961 1943; x_wconf 91' lang='lat' dir='ltr'><strong>pc-</strong></span> 
     </span>
    </p>
   </div>
   <div class='ocr_carea' id='block_1_41' title="bbox 167 1946 961 1986">
    <p class='ocr_par' dir='ltr' id='par_1_41' title="bbox 167 1946 961 1986">
     <span class='ocr_line' id='line_1_41' title="bbox 167 1946 961 1986; baseline 0.015 -16"><span class='ocrx_word' id='word_1_288' title='bbox 167 1951 241 1977; x_wconf 89' lang='lat' dir='ltr'><strong>cora,</strong></span> <span class='ocrx_word' id='word_1_289' title='bbox 267 1949 294 1971; x_wconf 91' lang='lat' dir='ltr'><strong>et</strong></span> <span class='ocrx_word' id='word_1_290' title='bbox 311 1946 488 1974; x_wconf 63' lang='lat' dir='ltr'><strong>revolveban&#39;t</strong></span> <span class='ocrx_word' id='word_1_291' title='bbox 507 1947 626 1983; x_wconf 89' lang='lat' dir='ltr'><strong>lapidem</strong></span> <span class='ocrx_word' id='word_1_292' title='bbox 647 1950 681 1977; x_wconf 87' lang='lat' dir='ltr'><strong>ab</strong></span> <span class='ocrx_word' id='word_1_293' title='bbox 692 1959 739 1978; x_wconf 88' lang='lat' dir='ltr'><strong>ore</strong></span> <span class='ocrx_word' id='word_1_294' title='bbox 753 1953 838 1986; x_wconf 87' lang='lat' dir='ltr'><strong>putei,</strong></span> <span class='ocrx_word' id='word_1_295' title='bbox 864 1957 890 1981; x_wconf 85' lang='lat' dir='ltr'><strong>et</strong></span> <span class='ocrx_word' id='word_1_296' title='bbox 910 1954 961 1981; x_wconf 86' lang='lat' dir='ltr'><strong>ad-</strong></span> 
     </span>
    </p>
   </div>
   <div class='ocr_carea' id='block_1_42' title="bbox 167 1990 960 2034">
    <p class='ocr_par' dir='ltr' id='par_1_42' title="bbox 167 1990 960 2034">
     <span class='ocr_line' id='line_1_42' title="bbox 167 1990 960 2034; baseline 0.015 -18"><span class='ocrx_word' id='word_1_297' title='bbox 167 1990 304 2025; x_wconf 86' lang='lat' dir='ltr'><strong>aquabant</strong></span> <span class='ocrx_word' id='word_1_298' title='bbox 319 1999 393 2024; x_wconf 87' lang='lat' dir='ltr'><strong>oves,</strong></span> <span class='ocrx_word' id='word_1_299' title='bbox 414 1997 442 2019; x_wconf 91' lang='lat' dir='ltr'><strong>et</strong></span> <span class='ocrx_word' id='word_1_300' title='bbox 463 2001 574 2021; x_wconf 92' lang='lat' dir='ltr'><strong>rursum</strong></span> <span class='ocrx_word' id='word_1_301' title='bbox 596 1997 766 2030; x_wconf 79' lang='lat' dir='ltr'><strong>reponebant</strong></span> <span class='ocrx_word' id='word_1_302' title='bbox 780 1998 898 2034; x_wconf 87' lang='lat' dir='ltr'><strong>lapidem</strong></span> <span class='ocrx_word' id='word_1_303' title='bbox 913 2009 960 2028; x_wconf 88' lang='lat' dir='ltr'><strong>su-</strong></span> 
     </span>
    </p>
   </div>
   <div class='ocr_carea' id='block_1_43' title="bbox 167 2038 961 2075">
    <p class='ocr_par' dir='ltr' id='par_1_43' title="bbox 167 2038 961 2075">
     <span class='ocr_line' id='line_1_43' title="bbox 167 2038 961 2075; baseline 0.016 -13"><span class='ocrx_word' id='word_1_304' title='bbox 167 2043 258 2070; x_wconf 86' lang='lat' dir='ltr'><strong>peros</strong></span> <span class='ocrx_word' id='word_1_305' title='bbox 276 2038 351 2072; x_wconf 87' lang='lat' dir='ltr'><strong>putei</strong></span> <span class='ocrx_word' id='word_1_306' title='bbox 370 2039 398 2066; x_wconf 86' lang='lat' dir='ltr'><strong>in</strong></span> <span class='ocrx_word' id='word_1_307' title='bbox 420 2039 512 2067; x_wconf 88' lang='lat' dir='ltr'><strong>locum</strong></span> <span class='ocrx_word' id='word_1_308' title='bbox 537 2049 628 2069; x_wconf 90' lang='lat' dir='ltr'><strong>suum.</strong></span> <span class='ocrx_word' id='word_1_309' title='bbox 651 2043 724 2070; x_wconf 84' lang='lat' dir='ltr'><strong>Dixit</strong></span> <span class='ocrx_word' id='word_1_310' title='bbox 743 2048 835 2072; x_wconf 86' lang='lat' dir='ltr'><strong>autem</strong></span> <span class='ocrx_word' id='word_1_311' title='bbox 854 2046 907 2074; x_wconf 93' lang='lat' dir='ltr'><strong>illis</strong></span> <span class='ocrx_word' id='word_1_312' title='bbox 916 2048 961 2075; x_wconf 86' lang='lat' dir='ltr'><strong>Ja-</strong></span> 
     </span>
    </p>
   </div>
   <div class='ocr_carea' id='block_1_44' title="bbox 166 2081 957 2121">
    <p class='ocr_par' dir='ltr' id='par_1_44' title="bbox 166 2081 957 2121">
     <span class='ocr_line' id='line_1_44' title="bbox 166 2081 957 2121; baseline 0.018 -14"><span class='ocrx_word' id='word_1_313' title='bbox 166 2081 234 2108; x_wconf 89' lang='lat' dir='ltr'><strong>cob:</strong></span> <span class='ocrx_word' id='word_1_314' title='bbox 248 2082 367 2116; x_wconf 82' lang='lat' dir='ltr'><strong>Fratres,</strong></span> <span class='ocrx_word' id='word_1_315' title='bbox 384 2085 456 2113; x_wconf 85' lang='lat' dir='ltr'><strong>unde</strong></span> <span class='ocrx_word' id='word_1_316' title='bbox 471 2087 538 2114; x_wconf 88' lang='lat' dir='ltr'><strong>estis</strong></span> <span class='ocrx_word' id='word_1_317' title='bbox 553 2087 620 2114; x_wconf 86' lang='lat' dir='ltr'><strong>vos?</strong></span> <span class='ocrx_word' id='word_1_318' title='bbox 635 2088 676 2116; x_wconf 91' lang='lat' dir='ltr'><strong>llli</strong></span> <span class='ocrx_word' id='word_1_319' title='bbox 696 2094 786 2117; x_wconf 89' lang='lat' dir='ltr'><strong>autem</strong></span> <span class='ocrx_word' id='word_1_320' title='bbox 808 2091 937 2120; x_wconf 84' lang='lat' dir='ltr'><strong>dixerunt</strong></span> <span class='ocrx_word' id='word_1_321' title='bbox 951 2103 957 2121; x_wconf 90' lang='lat'><strong><em>:</em></strong></span> 
     </span>
    </p>
   </div>
   <div class='ocr_carea' id='block_1_45' title="bbox 167 2126 959 2172">
    <p class='ocr_par' dir='ltr' id='par_1_45' title="bbox 167 2126 959 2172">
     <span class='ocr_line' id='line_1_45' title="bbox 167 2126 959 2172; baseline 0.016 -19"><span class='ocrx_word' id='word_1_322' title='bbox 167 2126 206 2154; x_wconf 80' lang='lat' dir='ltr'><strong>Ex</strong></span> <span class='ocrx_word' id='word_1_323' title='bbox 219 2127 352 2156; x_wconf 88' lang='lat' dir='ltr'><strong>Charran.</strong></span> <span class='ocrx_word' id='word_1_324' title='bbox 367 2131 412 2158; x_wconf 92' lang='lat' dir='ltr'><strong>Ait</strong></span> <span class='ocrx_word' id='word_1_325' title='bbox 432 2136 522 2160; x_wconf 90' lang='lat' dir='ltr'><strong>autem</strong></span> <span class='ocrx_word' id='word_1_326' title='bbox 536 2133 590 2161; x_wconf 91' lang='lat' dir='ltr'><strong>illis</strong></span> <span class='ocrx_word' id='word_1_327' title='bbox 610 2143 616 2162; x_wconf 92' lang='lat'>:</span> <span class='ocrx_word' id='word_1_328' title='bbox 641 2134 780 2169; x_wconf 85' lang='lat' dir='ltr'><strong>Numquid</strong></span> <span class='ocrx_word' id='word_1_329' title='bbox 795 2139 959 2172; x_wconf 83' lang='lat' dir='ltr'><strong>cognoscitis</strong></span> 
     </span>
    </p>
   </div>
   <div class='ocr_carea' id='block_1_46' title="bbox 166 2173 960 2219">
    <p class='ocr_par' dir='ltr' id='par_1_46' title="bbox 166 2173 960 2219">
     <span class='ocr_line' id='line_1_46' title="bbox 166 2173 960 2219; baseline 0.014 -19"><span class='ocrx_word' id='word_1_330' title='bbox 166 2173 260 2202; x_wconf 85' lang='lat' dir='ltr'><strong>Laban</strong></span> <span class='ocrx_word' id='word_1_331' title='bbox 276 2175 361 2202; x_wconf 86' lang='lat' dir='ltr'><strong>filium</strong></span> <span class='ocrx_word' id='word_1_332' title='bbox 375 2177 501 2205; x_wconf 84' lang='lat' dir='ltr'><strong>Nachor?</strong></span> <span class='ocrx_word' id='word_1_333' title='bbox 522 2178 563 2206; x_wconf 90' lang='lat' dir='ltr'><strong>Illi</strong></span> <span class='ocrx_word' id='word_1_334' title='bbox 583 2183 673 2207; x_wconf 89' lang='lat' dir='ltr'><strong>autem</strong></span> <span class='ocrx_word' id='word_1_335' title='bbox 691 2180 819 2209; x_wconf 75' lang='lat' dir='ltr'><strong>dixerunt</strong></span> <span class='ocrx_word' id='word_1_336' title='bbox 833 2192 839 2209; x_wconf 89' lang='lat'><strong>:</strong></span> <span class='ocrx_word' id='word_1_337' title='bbox 854 2183 960 2219; x_wconf 70' lang='lat' dir='ltr'><strong>Cogno-</strong></span> 
     </span>
    </p>
   </div>
   <div class='ocr_carea' id='block_1_47' title="bbox 973 1572 995 1602">
    <p class='ocr_par' dir='ltr' id='par_1_47' title="bbox 973 1572 995 1602">
     <span class='ocr_line' id='line_1_47' title="bbox 973 1572 995 1602; baseline 0 0"><span class='ocrx_word' id='word_1_338' title='bbox 973 1572 995 1602; x_wconf 92' lang='lat' dir='ltr'><strong><em>C</em></strong></span> 
     </span>
    </p>
   </div>
   <div class='ocr_carea' id='block_1_48' title="bbox 1021 258 1815 296">
    <p class='ocr_par' dir='ltr' id='par_1_48' title="bbox 1021 258 1815 296">
     <span class='ocr_line' id='line_1_48' title="bbox 1021 258 1815 296; baseline 0.006 -12"><span class='ocrx_word' id='word_1_339' title='bbox 1021 258 1142 293; x_wconf 78' lang='grc' dir='ltr'>οὐρανῶν</span> <span class='ocrx_word' id='word_1_340' title='bbox 1155 258 1202 285; x_wconf 83' lang='grc' dir='ltr'>ἀνθ</span> <span class='ocrx_word' id='word_1_341' title='bbox 1209 259 1290 294; x_wconf 80' lang='grc' dir='ltr'>ρώπῳ</span> <span class='ocrx_word' id='word_1_342' title='bbox 1310 260 1423 295; x_wconf 79' lang='grc' dir='ltr'>ἐμπόρῳ</span> <span class='ocrx_word' id='word_1_343' title='bbox 1433 281 1439 292; x_wconf 84' lang='grc'><strong>,</strong></span> <span class='ocrx_word' id='word_1_344' title='bbox 1456 260 1583 296; x_wconf 75' lang='grc' dir='ltr'><strong>ζητοῦντι</strong></span> <span class='ocrx_word' id='word_1_345' title='bbox 1597 261 1695 294; x_wconf 80' lang='grc' dir='ltr'>καλοὺς</span> <span class='ocrx_word' id='word_1_346' title='bbox 1711 271 1815 296; x_wconf 84' lang='grc' dir='ltr'>μαργα-</span> 
     </span>
    </p>
   </div>
   <div class='ocr_carea' id='block_1_49' title="bbox 1022 304 1818 348">
    <p class='ocr_par' dir='ltr' id='par_1_49' title="bbox 1022 304 1818 348">
     <span class='ocr_line' id='line_1_49' title="bbox 1022 304 1818 348; baseline 0.004 -19"><span class='ocrx_word' id='word_1_347' title='bbox 1022 304 1108 339; x_wconf 81' lang='grc' dir='ltr'>ρίτας.</span> <span class='ocrx_word' id='word_1_348' title='bbox 1129 305 1176 336; x_wconf 80' lang='grc' dir='ltr'>ὐς</span> <span class='ocrx_word' id='word_1_349' title='bbox 1191 305 1278 340; x_wconf 74' lang='grc' dir='ltr'>εὑρὼν</span> <span class='ocrx_word' id='word_1_350' title='bbox 1294 305 1343 333; x_wconf 77' lang='grc' dir='ltr'>ἕνα</span> <span class='ocrx_word' id='word_1_351' title='bbox 1358 306 1505 341; x_wconf 80' lang='grc' dir='ltr'><strong>πολύτιμον</strong></span> <span class='ocrx_word' id='word_1_352' title='bbox 1525 307 1714 343; x_wconf 79' lang='grc' dir='ltr'><strong>μαργαρίτην,</strong></span> <span class='ocrx_word' id='word_1_353' title='bbox 1731 305 1818 348; x_wconf 53' lang='grc' dir='ltr'>ἀπελ(</span> 
     </span>
    </p>
   </div>
   <div class='ocr_carea' id='block_1_50' title="bbox 1021 349 1816 388">
    <p class='ocr_par' dir='ltr' id='par_1_50' title="bbox 1021 349 1816 388">
     <span class='ocr_line' id='line_1_50' title="bbox 1021 349 1816 388; baseline 0.006 -13"><span class='ocrx_word' id='word_1_354' title='bbox 1021 349 1074 376; x_wconf 80' lang='grc' dir='ltr'><strong>θὼν</strong></span> <span class='ocrx_word' id='word_1_355' title='bbox 1090 350 1216 385; x_wconf 83' lang='grc' dir='ltr'>πέπρακε</span> <span class='ocrx_word' id='word_1_356' title='bbox 1230 351 1317 377; x_wconf 78' lang='grc' dir='ltr'>πάντα</span> <span class='ocrx_word' id='word_1_357' title='bbox 1331 352 1380 379; x_wconf 83' lang='grc' dir='ltr'>ὅσα</span> <span class='ocrx_word' id='word_1_358' title='bbox 1392 350 1465 386; x_wconf 76' lang='grc' dir='ltr'>εἶχε,</span> <span class='ocrx_word' id='word_1_359' title='bbox 1478 354 1525 378; x_wconf 81' lang='grc' dir='ltr'>καὶ</span> <span class='ocrx_word' id='word_1_360' title='bbox 1545 353 1679 388; x_wconf 76' lang='grc' dir='ltr'><strong>ἠγόρασεν</strong></span> <span class='ocrx_word' id='word_1_361' title='bbox 1693 354 1781 380; x_wconf 78' lang='grc' dir='ltr'>αὐτόν.</span> <span class='ocrx_word' id='word_1_362' title='bbox 1800 349 1816 380; x_wconf 72' lang='grc' dir='ltr'>ι’</span> 
     </span>
    </p>
   </div>
   <div class='ocr_carea' id='block_1_51' title="bbox 1018 383 1812 434">
    <p class='ocr_par' dir='ltr' id='par_1_51' title="bbox 1018 383 1812 434">
     <span class='ocr_line' id='line_1_51' title="bbox 1018 383 1812 434; baseline 0.008 -14"><span class='ocrx_word' id='word_1_363' title='bbox 1018 383 1185 429; x_wconf 31' lang='grc' dir='ltr'>’Ἀναγκαίον</span> <span class='ocrx_word' id='word_1_364' title='bbox 1209 395 1241 431; x_wconf 84' lang='grc' dir='ltr'><strong>δὴ</strong></span> <span class='ocrx_word' id='word_1_365' title='bbox 1256 394 1302 422; x_wconf 78' lang='grc' dir='ltr'>οὖν</span> <span class='ocrx_word' id='word_1_366' title='bbox 1318 383 1575 432; x_wconf 47' lang='grc' dir='ltr'>προανοίξητεῖσθαι-</span> <span class='ocrx_word' id='word_1_367' title='bbox 1587 383 1652 433; x_wconf 72' lang='grc' dir='ltr'>παρ’</span> <span class='ocrx_word' id='word_1_368' title='bbox 1668 398 1746 434; x_wconf 80' lang='grc' dir='ltr'>ἡμῶν</span> <span class='ocrx_word' id='word_1_369' title='bbox 1761 407 1812 426; x_wconf 85' lang='grc' dir='ltr'>κα-</span> 
     </span>
    </p>
   </div>
   <div class='ocr_carea' id='block_1_52' title="bbox 1019 440 1813 478">
    <p class='ocr_par' dir='ltr' id='par_1_52' title="bbox 1019 440 1813 478">
     <span class='ocr_line' id='line_1_52' title="bbox 1019 440 1813 478; baseline 0.005 -12"><span class='ocrx_word' id='word_1_370' title='bbox 1019 440 1081 472; x_wconf 79' lang='grc' dir='ltr'>λοὺς</span> <span class='ocrx_word' id='word_1_371' title='bbox 1102 442 1284 477; x_wconf 82' lang='grc' dir='ltr'>μαργαρίτας.</span> <span class='ocrx_word' id='word_1_372' title='bbox 1301 442 1461 477; x_wconf 74' lang='grc' dir='ltr'>Εὐρήσομεν</span> <span class='ocrx_word' id='word_1_373' title='bbox 1479 442 1533 478; x_wconf 84' lang='grc' dir='ltr'>γὰρ</span> <span class='ocrx_word' id='word_1_374' title='bbox 1553 443 1602 470; x_wconf 73' lang='grc' dir='ltr'><strong>ὡδὶ</strong></span> <span class='ocrx_word' id='word_1_375' title='bbox 1633 444 1678 470; x_wconf 81' lang='grc' dir='ltr'>τὸν</span> <span class='ocrx_word' id='word_1_376' title='bbox 1697 444 1744 471; x_wconf 71' lang='grc' dir='ltr'>ἕνα</span> <span class='ocrx_word' id='word_1_377' title='bbox 1766 446 1813 471; x_wconf 82' lang='grc' dir='ltr'>καὶ</span> 
     </span>
    </p>
   </div>
   <div class='ocr_carea' id='block_1_53' title="bbox 1019 487 1812 525">
    <p class='ocr_par' dir='ltr' id='par_1_53' title="bbox 1019 487 1812 525">
     <span class='ocr_line' id='line_1_53' title="bbox 1019 487 1812 525; baseline 0.005 -12"><span class='ocrx_word' id='word_1_378' title='bbox 1019 487 1166 523; x_wconf 78' lang='grc' dir='ltr'><strong>πολύτιμον</strong></span> <span class='ocrx_word' id='word_1_379' title='bbox 1179 489 1362 524; x_wconf 73' lang='grc' dir='ltr'><strong>μαργαρίτην,</strong></span> <span class='ocrx_word' id='word_1_380' title='bbox 1375 489 1509 521; x_wconf 73' lang='grc' dir='ltr'><strong>τουτέστι,</strong></span> <span class='ocrx_word' id='word_1_381' title='bbox 1529 489 1656 525; x_wconf 74' lang='grc' dir='ltr'>Χριστόν.</span> <span class='ocrx_word' id='word_1_382' title='bbox 1672 490 1726 516; x_wconf 86' lang='lat' dir='ltr'><strong>Kal.</strong></span> <span class='ocrx_word' id='word_1_383' title='bbox 1739 490 1812 522; x_wconf 84' lang='grc' dir='ltr'>τίνες</span> 
     </span>
    </p>
   </div>
   <div class='ocr_carea' id='block_1_54' title="bbox 1019 532 1812 572">
    <p class='ocr_par' dir='ltr' id='par_1_54' title="bbox 1019 532 1812 572">
     <span class='ocr_line' id='line_1_54' title="bbox 1019 532 1812 572; baseline 0.004 -12"><span class='ocrx_word' id='word_1_384' title='bbox 1019 534 1052 561; x_wconf 83' lang='grc' dir='ltr'>ἂν</span> <span class='ocrx_word' id='word_1_385' title='bbox 1068 532 1122 560; x_wconf 83' lang='grc' dir='ltr'>εἶεν</span> <span class='ocrx_word' id='word_1_386' title='bbox 1135 535 1158 561; x_wconf 79' lang='grc' dir='ltr'>οἱ</span> <span class='ocrx_word' id='word_1_387' title='bbox 1173 534 1250 561; x_wconf 74' lang='grc' dir='ltr'>καλοὶ</span> <span class='ocrx_word' id='word_1_388' title='bbox 1270 536 1448 571; x_wconf 78' lang='grc' dir='ltr'>μαργαρῖται,</span> <span class='ocrx_word' id='word_1_389' title='bbox 1468 536 1512 562; x_wconf 72' lang='grc' dir='ltr'>καὶ</span> <span class='ocrx_word' id='word_1_390' title='bbox 1529 536 1690 571; x_wconf 80' lang='grc' dir='ltr'>ἀξιόληπτον</span> <span class='ocrx_word' id='word_1_391' title='bbox 1706 536 1812 572; x_wconf 79' lang='grc' dir='ltr'>ἔχοντες</span> 
     </span>
    </p>
   </div>
   <div class='ocr_carea' id='block_1_55' title="bbox 1017 576 1812 616">
    <p class='ocr_par' dir='ltr' id='par_1_55' title="bbox 1017 576 1812 616">
     <span class='ocr_line' id='line_1_55' title="bbox 1017 576 1812 616; baseline 0.004 -10"><span class='ocrx_word' id='word_1_392' title='bbox 1017 580 1113 615; x_wconf 84' lang='grc' dir='ltr'>κτῆσιν</span> <span class='ocrx_word' id='word_1_393' title='bbox 1132 576 1169 607; x_wconf 84' lang='grc' dir='ltr'>ὧν</span> <span class='ocrx_word' id='word_1_394' title='bbox 1185 581 1201 615; x_wconf 84' lang='grc' dir='ltr'>ἠ</span> <span class='ocrx_word' id='word_1_395' title='bbox 1218 580 1341 616; x_wconf 81' lang='grc' dir='ltr'>ζήτησις,</span> <span class='ocrx_word' id='word_1_396' title='bbox 1356 582 1395 613; x_wconf 86' lang='grc' dir='ltr'><strong>είς</strong></span> <span class='ocrx_word' id='word_1_397' title='bbox 1414 581 1495 616; x_wconf 86' lang='grc' dir='ltr'>μέσον</span> <span class='ocrx_word' id='word_1_398' title='bbox 1512 582 1572 616; x_wconf 80' lang='grc' dir='ltr'>ἄγει</span> <span class='ocrx_word' id='word_1_399' title='bbox 1592 582 1637 608; x_wconf 67' lang='grc' dir='ltr'><strong>τὸν</strong></span> <span class='ocrx_word' id='word_1_400' title='bbox 1655 582 1712 614; x_wconf 72' lang='grc' dir='ltr'>ἕνα,</span> <span class='ocrx_word' id='word_1_401' title='bbox 1728 582 1812 616; x_wconf 67' lang='grc' dir='ltr'>φαίη»</span> 
     </span>
    </p>
   </div>
   <div class='ocr_carea' id='block_1_56' title="bbox 1017 625 1811 664">
    <p class='ocr_par' dir='ltr' id='par_1_56' title="bbox 1017 625 1811 664">
     <span class='ocr_line' id='line_1_56' title="bbox 1017 625 1811 664; baseline 0.001 -10"><span class='ocrx_word' id='word_1_402' title='bbox 1017 627 1050 655; x_wconf 81' lang='grc' dir='ltr'>ἂν</span> <span class='ocrx_word' id='word_1_403' title='bbox 1067 628 1156 662; x_wconf 76' lang='grc' dir='ltr'>πάντη</span> <span class='ocrx_word' id='word_1_404' title='bbox 1175 636 1205 653; x_wconf 91' lang='grc' dir='ltr'><strong>τε</strong></span> <span class='ocrx_word' id='word_1_405' title='bbox 1222 628 1270 654; x_wconf 75' lang='lat' dir='ltr'><strong>xal.</strong></span> <span class='ocrx_word' id='word_1_406' title='bbox 1291 628 1400 659; x_wconf 84' lang='grc' dir='ltr'>πάντως</span> <span class='ocrx_word' id='word_1_407' title='bbox 1420 628 1445 654; x_wconf 83' lang='lat' dir='ltr'><strong>ot</strong></span> <span class='ocrx_word' id='word_1_408' title='bbox 1459 627 1542 661; x_wconf 79' lang='grc' dir='ltr'>ἆγιοι,</span> <span class='ocrx_word' id='word_1_409' title='bbox 1567 628 1629 662; x_wconf 74' lang='grc' dir='ltr'>περὶ</span> <span class='ocrx_word' id='word_1_410' title='bbox 1642 625 1679 654; x_wconf 81' lang='grc' dir='ltr'>ὧν</span> <span class='ocrx_word' id='word_1_411' title='bbox 1703 628 1811 664; x_wconf 79' lang='grc' dir='ltr'>εἴρηται</span> 
     </span>
    </p>
   </div>
   <div class='ocr_carea' id='block_1_57' title="bbox 1016 673 1811 709">
    <p class='ocr_par' dir='ltr' id='par_1_57' title="bbox 1016 673 1811 709">
     <span class='ocr_line' id='line_1_57' title="bbox 1016 673 1811 709; baseline 0 -9"><span class='ocrx_word' id='word_1_412' title='bbox 1016 674 1058 700; x_wconf 78' lang='grc' dir='ltr'><strong>διὰ</strong></span> <span class='ocrx_word' id='word_1_413' title='bbox 1075 674 1216 709; x_wconf 83' lang='grc' dir='ltr'><strong>προφήτου</strong></span> <span class='ocrx_word' id='word_1_414' title='bbox 1241 674 1345 708; x_wconf 82' lang='grc' dir='ltr'><strong>φωνῆς,</strong></span> <span class='ocrx_word' id='word_1_415' title='bbox 1369 674 1411 700; x_wconf 81' lang='grc' dir='ltr'>ὅτι</span> <span class='ocrx_word' id='word_1_416' title='bbox 1438 682 1447 699; x_wconf 81' lang='grc' dir='ltr'><strong>ι</strong></span> <span class='ocrx_word' id='word_1_417' title='bbox 1473 673 1548 700; x_wconf 81' lang='grc' dir='ltr'>Λίθοι</span> <span class='ocrx_word' id='word_1_418' title='bbox 1568 673 1641 708; x_wconf 70' lang='grc' dir='ltr'>ἅγιοι</span> <span class='ocrx_word' id='word_1_419' title='bbox 1665 673 1811 700; x_wconf 87' lang='grc' dir='ltr'>κυλιῶνται</span> 
     </span>
    </p>
   </div>
   <div class='ocr_carea' id='block_1_58' title="bbox 1015 716 1811 754">
    <p class='ocr_par' dir='ltr' id='par_1_58' title="bbox 1015 716 1811 754">
     <span class='ocr_line' id='line_1_58' title="bbox 1015 716 1811 754; baseline 0 -8"><span class='ocrx_word' id='word_1_420' title='bbox 1015 720 1062 746; x_wconf 72' lang='grc' dir='ltr'><strong>ἐπὶ</strong></span> <span class='ocrx_word' id='word_1_421' title='bbox 1077 720 1126 754; x_wconf 83' lang='grc' dir='ltr'><strong>τῆς</strong></span> <span class='ocrx_word' id='word_1_422' title='bbox 1145 720 1206 754; x_wconf 85' lang='grc' dir='ltr'>γῆς.</span> <span class='ocrx_word' id='word_1_423' title='bbox 1230 728 1239 745; x_wconf 78' lang='grc' dir='ltr'><strong>ι</strong></span> <span class='ocrx_word' id='word_1_424' title='bbox 1266 718 1492 746; x_wconf 79' lang='grc' dir='ltr'>Ἐκσασανιστέον</span> <span class='ocrx_word' id='word_1_425' title='bbox 1511 719 1544 754; x_wconf 86' lang='grc' dir='ltr'><strong>δὴ</strong></span> <span class='ocrx_word' id='word_1_426' title='bbox 1571 716 1617 746; x_wconf 86' lang='grc' dir='ltr'>οὗν</span> <span class='ocrx_word' id='word_1_427' title='bbox 1637 717 1666 745; x_wconf 83' lang='grc' dir='ltr'>εὖ</span> <span class='ocrx_word' id='word_1_428' title='bbox 1683 719 1754 754; x_wconf 84' lang='grc' dir='ltr'>μάλα</span> <span class='ocrx_word' id='word_1_429' title='bbox 1776 720 1811 746; x_wconf 75' lang='grc' dir='ltr'>τὰ</span> 
     </span>
    </p>
   </div>
   <div class='ocr_carea' id='block_1_59' title="bbox 1016 765 1810 802">
    <p class='ocr_par' dir='ltr' id='par_1_59' title="bbox 1016 765 1810 802">
     <span class='ocr_line' id='line_1_59' title="bbox 1016 765 1810 802; baseline 0 -10"><span class='ocrx_word' id='word_1_430' title='bbox 1016 765 1058 799; x_wconf 81' lang='grc' dir='ltr'><strong>ἐφ’</strong></span> <span class='ocrx_word' id='word_1_431' title='bbox 1081 765 1190 800; x_wconf 77' lang='grc' dir='ltr'><strong>ἑκάστῳ</strong></span> <span class='ocrx_word' id='word_1_432' title='bbox 1207 765 1326 800; x_wconf 82' lang='grc' dir='ltr'>μάλιστα</span> <span class='ocrx_word' id='word_1_433' title='bbox 1347 765 1401 792; x_wconf 86' lang='grc' dir='ltr'>τῶν</span> <span class='ocrx_word' id='word_1_434' title='bbox 1413 765 1606 802; x_wconf 82' lang='grc' dir='ltr'>,ἀρχαιοτέρων</span> <span class='ocrx_word' id='word_1_435' title='bbox 1627 765 1760 801; x_wconf 70' lang='grc' dir='ltr'>εἰρημένα</span> <span class='ocrx_word' id='word_1_436' title='bbox 1780 774 1810 792; x_wconf 83' lang='grc' dir='ltr'><strong>τε</strong></span> 
     </span>
    </p>
   </div>
   <div class='ocr_carea' id='block_1_60' title="bbox 1015 810 1810 848">
    <p class='ocr_par' dir='ltr' id='par_1_60' title="bbox 1015 810 1810 848">
     <span class='ocr_line' id='line_1_60' title="bbox 1015 810 1810 848; baseline 0.001 -11"><span class='ocrx_word' id='word_1_437' title='bbox 1015 811 1061 838; x_wconf 73' lang='grc' dir='ltr'>καὶ</span> <span class='ocrx_word' id='word_1_438' title='bbox 1076 811 1271 848; x_wconf 80' lang='grc' dir='ltr'>πεπραγμένα.</span> <span class='ocrx_word' id='word_1_439' title='bbox 1287 811 1470 846; x_wconf 71' lang='grc' dir='ltr'>Κατοψόμεθα</span> <span class='ocrx_word' id='word_1_440' title='bbox 1481 811 1536 846; x_wconf 84' lang='grc' dir='ltr'>γὰρ</span> <span class='ocrx_word' id='word_1_441' title='bbox 1553 811 1582 837; x_wconf 79' lang='grc' dir='ltr'>ἐν</span> <span class='ocrx_word' id='word_1_442' title='bbox 1594 810 1686 848; x_wconf 78' lang='grc' dir='ltr'>αὐτοῖς</span> <span class='ocrx_word' id='word_1_443' title='bbox 1700 810 1730 836; x_wconf 83' lang='grc' dir='ltr'>τὸ</span> <span class='ocrx_word' id='word_1_444' title='bbox 1741 810 1810 846; x_wconf 75' lang='grc' dir='ltr'>βαθὺ</span> 
     </span>
    </p>
   </div>
   <div class='ocr_carea' id='block_1_61' title="bbox 1017 856 1812 893">
    <p class='ocr_par' dir='ltr' id='par_1_61' title="bbox 1017 856 1812 893">
     <span class='ocr_line' id='line_1_61' title="bbox 1017 856 1812 893; baseline 0.001 -10"><span class='ocrx_word' id='word_1_445' title='bbox 1017 857 1066 891; x_wconf 85' lang='grc' dir='ltr'><strong>τῆς</strong></span> <span class='ocrx_word' id='word_1_446' title='bbox 1081 857 1223 888; x_wconf 79' lang='grc' dir='ltr'>εὖσεὸείας</span> <span class='ocrx_word' id='word_1_447' title='bbox 1235 858 1400 892; x_wconf 82' lang='grc' dir='ltr'>μυστήριον,</span> <span class='ocrx_word' id='word_1_448' title='bbox 1415 857 1556 890; x_wconf 72' lang='grc' dir='ltr'><strong>τουτέστι,</strong></span> <span class='ocrx_word' id='word_1_449' title='bbox 1574 857 1691 893; x_wconf 82' lang='grc' dir='ltr'>Χριστὸν</span> <span class='ocrx_word' id='word_1_450' title='bbox 1702 877 1709 889; x_wconf 95' lang='grc'><strong>,</strong></span> <span class='ocrx_word' id='word_1_451' title='bbox 1726 856 1763 888; x_wconf 82' lang='grc' dir='ltr'><strong>ὡς</strong></span> <span class='ocrx_word' id='word_1_452' title='bbox 1780 859 1812 885; x_wconf 76' lang='grc' dir='ltr'>ἐν</span> 
     </span>
    </p>
   </div>
   <div class='ocr_carea' id='block_1_62' title="bbox 1017 902 1805 938">
    <p class='ocr_par' dir='ltr' id='par_1_62' title="bbox 1017 902 1805 938">
     <span class='ocr_line' id='line_1_62' title="bbox 1017 902 1805 938; baseline 0.001 -10"><span class='ocrx_word' id='word_1_453' title='bbox 1017 903 1112 934; x_wconf 85' lang='grc' dir='ltr'>τύποις</span> <span class='ocrx_word' id='word_1_454' title='bbox 1139 903 1179 929; x_wconf 75' lang='grc' dir='ltr'>ἔτι</span> <span class='ocrx_word' id='word_1_455' title='bbox 1203 902 1292 937; x_wconf 81' lang='grc' dir='ltr'>σοφῶς</span> <span class='ocrx_word' id='word_1_456' title='bbox 1315 903 1362 929; x_wconf 80' lang='grc' dir='ltr'><strong>καὶ</strong></span> <span class='ocrx_word' id='word_1_457' title='bbox 1383 903 1513 938; x_wconf 77' lang='grc' dir='ltr'><strong>ἐντέχνως</strong></span> <span class='ocrx_word' id='word_1_458' title='bbox 1539 902 1805 938; x_wconf 86' lang='grc' dir='ltr'>σκιαγραφούμενον.</span> 
     </span>
    </p>
   </div>
   <div class='ocr_carea' id='block_1_63' title="bbox 1019 948 1809 984">
    <p class='ocr_par' dir='ltr' id='par_1_63' title="bbox 1019 948 1809 984">
     <span class='ocr_line' id='line_1_63' title="bbox 1019 948 1809 984; baseline 0 -9"><span class='ocrx_word' id='word_1_459' title='bbox 1019 949 1178 984; x_wconf 78' lang='grc' dir='ltr'>Εὐρήσομεν</span> <span class='ocrx_word' id='word_1_460' title='bbox 1192 949 1220 976; x_wconf 87' lang='grc' dir='ltr'><strong>δὲ</strong></span> <span class='ocrx_word' id='word_1_461' title='bbox 1236 949 1304 984; x_wconf 82' lang='grc' dir='ltr'>πρὸς</span> <span class='ocrx_word' id='word_1_462' title='bbox 1315 949 1411 984; x_wconf 78' lang='grc' dir='ltr'>τούτῳ,</span> <span class='ocrx_word' id='word_1_463' title='bbox 1432 949 1478 975; x_wconf 75' lang='grc' dir='ltr'>καὶ</span> <span class='ocrx_word' id='word_1_464' title='bbox 1491 948 1540 984; x_wconf 86' lang='grc' dir='ltr'>τὴν</span> <span class='ocrx_word' id='word_1_465' title='bbox 1560 950 1588 975; x_wconf 76' lang='grc' dir='ltr'>ὲν</span> <span class='ocrx_word' id='word_1_466' title='bbox 1602 948 1676 983; x_wconf 72' lang='grc' dir='ltr'>αὐτῷ</span> <span class='ocrx_word' id='word_1_467' title='bbox 1695 948 1809 983; x_wconf 81' lang='grc' dir='ltr'>νοουμέ-</span> 
     </span>
    </p>
   </div>
   <div class='ocr_carea' id='block_1_64' title="bbox 1017 994 1809 1030">
    <p class='ocr_par' dir='ltr' id='par_1_64' title="bbox 1017 994 1809 1030">
     <span class='ocr_line' id='line_1_64' title="bbox 1017 994 1809 1030; baseline 0 -10"><span class='ocrx_word' id='word_1_468' title='bbox 1017 1003 1064 1029; x_wconf 92' lang='grc' dir='ltr'><strong>νην</strong></span> <span class='ocrx_word' id='word_1_469' title='bbox 1075 995 1248 1030; x_wconf 76' lang='grc' dir='ltr'>οἰκονομίαν,</span> <span class='ocrx_word' id='word_1_470' title='bbox 1263 995 1408 1028; x_wconf 79' lang='grc' dir='ltr'>ἁσαφείαις</span> <span class='ocrx_word' id='word_1_471' title='bbox 1427 995 1477 1030; x_wconf 86' lang='grc' dir='ltr'><strong>μέν</strong></span> <span class='ocrx_word' id='word_1_472' title='bbox 1495 1003 1549 1021; x_wconf 85' lang='grc' dir='ltr'>τισι</span> <span class='ocrx_word' id='word_1_473' title='bbox 1562 994 1809 1029; x_wconf 81' lang='grc' dir='ltr'>κατεσκιασμένην,</span> 
     </span>
    </p>
   </div>
   <div class='ocr_carea' id='block_1_65' title="bbox 1018 1040 1810 1076">
    <p class='ocr_par' dir='ltr' id='par_1_65' title="bbox 1018 1040 1810 1076">
     <span class='ocr_line' id='line_1_65' title="bbox 1018 1040 1810 1076; baseline -0.001 -10"><span class='ocrx_word' id='word_1_474' title='bbox 1018 1041 1085 1076; x_wconf 81' lang='grc' dir='ltr'>πλὴν</span> <span class='ocrx_word' id='word_1_475' title='bbox 1102 1041 1152 1068; x_wconf 83' lang='grc' dir='ltr'>οὐκ</span> <span class='ocrx_word' id='word_1_476' title='bbox 1170 1042 1211 1073; x_wconf 82' lang='grc' dir='ltr'><strong>είς</strong></span> <span class='ocrx_word' id='word_1_477' title='bbox 1224 1041 1297 1068; x_wconf 82' lang='grc' dir='ltr'>ὅιτταν</span> <span class='ocrx_word' id='word_1_478' title='bbox 1316 1041 1465 1076; x_wconf 79' lang='grc' dir='ltr'>ἀσυμφανῆ</span> <span class='ocrx_word' id='word_1_479' title='bbox 1481 1041 1530 1076; x_wconf 79' lang='grc' dir='ltr'>τὴν</span> <span class='ocrx_word' id='word_1_480' title='bbox 1547 1040 1718 1076; x_wconf 77' lang='grc' dir='ltr'>παράδειξιν.</span> <span class='ocrx_word' id='word_1_481' title='bbox 1739 1040 1810 1075; x_wconf 82' lang='grc' dir='ltr'>Προ-</span> 
     </span>
    </p>
   </div>
   <div class='ocr_carea' id='block_1_66' title="bbox 1016 1086 1809 1123">
    <p class='ocr_par' dir='ltr' id='par_1_66' title="bbox 1016 1086 1809 1123">
     <span class='ocr_line' id='line_1_66' title="bbox 1016 1086 1809 1123; baseline -0.001 -10"><span class='ocrx_word' id='word_1_482' title='bbox 1016 1087 1136 1114; x_wconf 82' lang='grc' dir='ltr'>κείσεται</span> <span class='ocrx_word' id='word_1_483' title='bbox 1149 1087 1178 1114; x_wconf 77' lang='grc' dir='ltr'><strong>δὲ</strong></span> <span class='ocrx_word' id='word_1_484' title='bbox 1193 1087 1232 1123; x_wconf 86' lang='grc' dir='ltr'>τῷ</span> <span class='ocrx_word' id='word_1_485' title='bbox 1247 1087 1318 1122; x_wconf 85' lang='grc' dir='ltr'>λόγῳ</span> <span class='ocrx_word' id='word_1_486' title='bbox 1335 1087 1381 1113; x_wconf 78' lang='grc' dir='ltr'>καὶ</span> <span class='ocrx_word' id='word_1_487' title='bbox 1397 1086 1454 1119; x_wconf 83' lang='grc' dir='ltr'>νῦν,</span> <span class='ocrx_word' id='word_1_488' title='bbox 1469 1086 1504 1113; x_wconf 83' lang='grc' dir='ltr'><strong>τὰ</strong></span> <span class='ocrx_word' id='word_1_489' title='bbox 1518 1086 1587 1113; x_wconf 84' lang='grc' dir='ltr'>κατὰ</span> <span class='ocrx_word' id='word_1_490' title='bbox 1606 1086 1651 1112; x_wconf 80' lang='grc' dir='ltr'><strong>τὸν</strong></span> <span class='ocrx_word' id='word_1_491' title='bbox 1666 1086 1809 1112; x_wconf 79' lang='grc' dir='ltr'>Θεσπέσιον</span> 
     </span>
    </p>
   </div>
   <div class='ocr_carea' id='block_1_67' title="bbox 1022 1131 1808 1168">
    <p class='ocr_par' dir='ltr' id='par_1_67' title="bbox 1022 1131 1808 1168">
     <span class='ocr_line' id='line_1_67' title="bbox 1022 1131 1808 1168; baseline 0 -10"><span class='ocrx_word' id='word_1_492' title='bbox 1022 1132 1130 1165; x_wconf 72' lang='grc' dir='ltr'>Ἰακὼϐ,</span> <span class='ocrx_word' id='word_1_493' title='bbox 1145 1133 1217 1164; x_wconf 77' lang='grc' dir='ltr'>ὅπως</span> <span class='ocrx_word' id='word_1_494' title='bbox 1231 1141 1260 1158; x_wconf 87' lang='grc' dir='ltr'><strong>τε</strong></span> <span class='ocrx_word' id='word_1_495' title='bbox 1274 1132 1319 1159; x_wconf 75' lang='grc' dir='ltr'>καὶ</span> <span class='ocrx_word' id='word_1_496' title='bbox 1336 1131 1395 1159; x_wconf 85' lang='grc' dir='ltr'>τίνα</span> <span class='ocrx_word' id='word_1_497' title='bbox 1410 1133 1512 1168; x_wconf 71' lang='grc' dir='ltr'>τρόπον</span> <span class='ocrx_word' id='word_1_498' title='bbox 1527 1132 1637 1165; x_wconf 78' lang='grc' dir='ltr'>διεϐίω,</span> <span class='ocrx_word' id='word_1_499' title='bbox 1659 1131 1808 1164; x_wconf 78' lang='grc' dir='ltr'>λελέξεται.</span> 
     </span>
    </p>
   </div>
   <div class='ocr_carea' id='block_1_68' title="bbox 1016 1177 1809 1214">
    <p class='ocr_par' dir='ltr' id='par_1_68' title="bbox 1016 1177 1809 1214">
     <span class='ocr_line' id='line_1_68' title="bbox 1016 1177 1809 1214; baseline -0.003 -9"><span class='ocrx_word' id='word_1_500' title='bbox 1016 1180 1069 1205; x_wconf 76' lang='grc' dir='ltr'><strong>Καὶ</strong></span> <span class='ocrx_word' id='word_1_501' title='bbox 1081 1179 1110 1205; x_wconf 76' lang='grc' dir='ltr'>τὸ</span> <span class='ocrx_word' id='word_1_502' title='bbox 1125 1179 1217 1214; x_wconf 88' lang='grc' dir='ltr'>σχῆμα</span> <span class='ocrx_word' id='word_1_503' title='bbox 1237 1179 1286 1213; x_wconf 86' lang='grc' dir='ltr'><strong>τῆς</strong></span> <span class='ocrx_word' id='word_1_504' title='bbox 1305 1178 1369 1213; x_wconf 77' lang='grc' dir='ltr'>ὅλης</span> <span class='ocrx_word' id='word_1_505' title='bbox 1385 1178 1551 1213; x_wconf 74' lang='grc' dir='ltr'>οἰκονομίας,</span> <span class='ocrx_word' id='word_1_506' title='bbox 1566 1178 1638 1213; x_wconf 72' lang='grc' dir='ltr'>φημὶ</span> <span class='ocrx_word' id='word_1_507' title='bbox 1651 1177 1684 1213; x_wconf 82' lang='grc' dir='ltr'><strong>δὴ</strong></span> <span class='ocrx_word' id='word_1_508' title='bbox 1699 1177 1748 1213; x_wconf 85' lang='grc' dir='ltr'><strong>τῆς</strong></span> <span class='ocrx_word' id='word_1_509' title='bbox 1762 1178 1809 1203; x_wconf 89' lang='grc' dir='ltr'><strong>εὑ-</strong></span> 
     </span>
    </p>
   </div>
   <div class='ocr_carea' id='block_1_69' title="bbox 1015 1224 1809 1260">
    <p class='ocr_par' dir='ltr' id='par_1_69' title="bbox 1015 1224 1809 1260">
     <span class='ocr_line' id='line_1_69' title="bbox 1015 1224 1809 1260; baseline 0 -9"><span class='ocrx_word' id='word_1_510' title='bbox 1015 1225 1171 1260; x_wconf 81' lang='grc' dir='ltr'>αγγελικῆς,</span> <span class='ocrx_word' id='word_1_511' title='bbox 1187 1225 1224 1256; x_wconf 86' lang='grc' dir='ltr'>ὡς</span> <span class='ocrx_word' id='word_1_512' title='bbox 1237 1225 1265 1252; x_wconf 80' lang='grc' dir='ltr'>ὲν</span> <span class='ocrx_word' id='word_1_513' title='bbox 1282 1224 1356 1260; x_wconf 83' lang='grc' dir='ltr'>αὐτῷ</span> <span class='ocrx_word' id='word_1_514' title='bbox 1376 1224 1559 1260; x_wconf 76' lang='grc' dir='ltr'>διαδείξομεν,</span> <span class='ocrx_word' id='word_1_515' title='bbox 1576 1224 1609 1251; x_wconf 77' lang='grc' dir='ltr'><strong>τα</strong></span> <span class='ocrx_word' id='word_1_516' title='bbox 1624 1224 1673 1259; x_wconf 84' lang='grc' dir='ltr'><strong>τῆς</strong></span> <span class='ocrx_word' id='word_1_517' title='bbox 1688 1224 1809 1260; x_wconf 78' lang='grc' dir='ltr'>ἱστορίας</span> 
     </span>
    </p>
   </div>
   <div class='ocr_carea' id='block_1_70' title="bbox 1014 1269 1809 1306">
    <p class='ocr_par' dir='ltr' id='par_1_70' title="bbox 1014 1269 1809 1306">
     <span class='ocr_line' id='line_1_70' title="bbox 1014 1269 1809 1306; baseline -0.001 -9"><span class='ocrx_word' id='word_1_518' title='bbox 1014 1271 1196 1298; x_wconf 76' lang='grc' dir='ltr'>εὐανθέστατα</span> <span class='ocrx_word' id='word_1_519' title='bbox 1216 1271 1348 1306; x_wconf 81' lang='grc' dir='ltr'><strong>μελιττῶν</strong></span> <span class='ocrx_word' id='word_1_520' title='bbox 1371 1270 1449 1305; x_wconf 77' lang='grc' dir='ltr'>δίκην</span> <span class='ocrx_word' id='word_1_521' title='bbox 1470 1270 1700 1305; x_wconf 79' lang='grc' dir='ltr'>περιιπτὰμενοι,</span> <span class='ocrx_word' id='word_1_522' title='bbox 1716 1270 1763 1296; x_wconf 73' lang='grc' dir='ltr'>καὶ</span> <span class='ocrx_word' id='word_1_523' title='bbox 1777 1269 1809 1296; x_wconf 73' lang='grc' dir='ltr'>τὸ</span> 
     </span>
    </p>
   </div>
   <div class='ocr_carea' id='block_1_71' title="bbox 1014 1315 1808 1352">
    <p class='ocr_par' dir='ltr' id='par_1_71' title="bbox 1014 1315 1808 1352">
     <span class='ocr_line' id='line_1_71' title="bbox 1014 1315 1808 1352; baseline -0.004 -8"><span class='ocrx_word' id='word_1_524' title='bbox 1014 1318 1055 1351; x_wconf 71' lang='grc' dir='ltr'><strong>ἐφ’</strong></span> <span class='ocrx_word' id='word_1_525' title='bbox 1067 1317 1182 1343; x_wconf 74' lang='grc' dir='ltr'>ἑκάστου</span> <span class='ocrx_word' id='word_1_526' title='bbox 1200 1317 1346 1352; x_wconf 83' lang='grc' dir='ltr'>χρήσιμον,</span> <span class='ocrx_word' id='word_1_527' title='bbox 1363 1317 1404 1348; x_wconf 82' lang='grc' dir='ltr'><strong>είς</strong></span> <span class='ocrx_word' id='word_1_528' title='bbox 1420 1316 1468 1350; x_wconf 86' lang='grc' dir='ltr'><strong>τῆν</strong></span> <span class='ocrx_word' id='word_1_529' title='bbox 1484 1315 1529 1342; x_wconf 72' lang='grc' dir='ltr'>τοῦ</span> <span class='ocrx_word' id='word_1_530' title='bbox 1549 1316 1627 1350; x_wconf 81' lang='grc' dir='ltr'>λόγου</span> <span class='ocrx_word' id='word_1_531' title='bbox 1645 1315 1808 1350; x_wconf 79' lang='grc' dir='ltr'>διασὰφησιν</span> 
     </span>
    </p>
   </div>
   <div class='ocr_carea' id='block_1_72' title="bbox 1014 1360 1808 1396">
    <p class='ocr_par' dir='ltr' id='par_1_72' title="bbox 1014 1360 1808 1396">
     <span class='ocr_line' id='line_1_72' title="bbox 1014 1360 1808 1396; baseline -0.003 -8"><span class='ocrx_word' id='word_1_532' title='bbox 1014 1362 1230 1396; x_wconf 79' lang='grc' dir='ltr'>συναγείροντες.</span> <span class='ocrx_word' id='word_1_533' title='bbox 1260 1362 1292 1388; x_wconf 84' lang='grc' dir='ltr'><strong>Εἰ</strong></span> <span class='ocrx_word' id='word_1_534' title='bbox 1315 1361 1343 1387; x_wconf 74' lang='grc' dir='ltr'>δὲ</span> <span class='ocrx_word' id='word_1_535' title='bbox 1363 1361 1394 1395; x_wconf 82' lang='grc' dir='ltr'><strong>δὴ</strong></span> <span class='ocrx_word' id='word_1_536' title='bbox 1424 1361 1461 1396; x_wconf 74' lang='grc' dir='ltr'>μὴ</span> <span class='ocrx_word' id='word_1_537' title='bbox 1485 1361 1573 1388; x_wconf 81' lang='grc' dir='ltr'>πάντα</span> <span class='ocrx_word' id='word_1_538' title='bbox 1594 1362 1655 1392; x_wconf 86' lang='grc' dir='ltr'>ταῖς</span> <span class='ocrx_word' id='word_1_539' title='bbox 1680 1360 1808 1396; x_wconf 77' lang='grc' dir='ltr'>θεωρίαις</span> 
     </span>
    </p>
   </div>
   <div class='ocr_carea' id='block_1_73' title="bbox 1013 1406 1808 1442">
    <p class='ocr_par' dir='ltr' id='par_1_73' title="bbox 1013 1406 1808 1442">
     <span class='ocr_line' id='line_1_73' title="bbox 1013 1406 1808 1442; baseline -0.003 -9"><span class='ocrx_word' id='word_1_540' title='bbox 1013 1407 1174 1442; x_wconf 85' lang='grc' dir='ltr'>εἰσκρίνοιτο</span> <span class='ocrx_word' id='word_1_541' title='bbox 1190 1407 1224 1433; x_wconf 74' lang='grc' dir='ltr'><strong>τὰ</strong></span> <span class='ocrx_word' id='word_1_542' title='bbox 1237 1407 1302 1442; x_wconf 80' lang='grc' dir='ltr'>περὶ</span> <span class='ocrx_word' id='word_1_543' title='bbox 1316 1406 1397 1433; x_wconf 74' lang='grc' dir='ltr'>αὐτοῦ</span> <span class='ocrx_word' id='word_1_544' title='bbox 1413 1407 1604 1442; x_wconf 72' lang='grc' dir='ltr'>γεγραμμένα,</span> <span class='ocrx_word' id='word_1_545' title='bbox 1622 1406 1808 1440; x_wconf 83' lang='grc' dir='ltr'>χαλεπαινέτω</span> 
     </span>
    </p>
   </div>
   <div class='ocr_carea' id='block_1_74' title="bbox 1014 1451 1808 1488">
    <p class='ocr_par' dir='ltr' id='par_1_74' title="bbox 1014 1451 1808 1488">
     <span class='ocr_line' id='line_1_74' title="bbox 1014 1451 1808 1488; baseline -0.001 -9"><span class='ocrx_word' id='word_1_546' title='bbox 1014 1453 1119 1488; x_wconf 73' lang='grc' dir='ltr'>μηδεὶς,</span> <span class='ocrx_word' id='word_1_547' title='bbox 1134 1454 1221 1479; x_wconf 75' lang='grc' dir='ltr'>ἐκεῖνο</span> <span class='ocrx_word' id='word_1_548' title='bbox 1237 1451 1475 1487; x_wconf 76' lang='grc' dir='ltr'>διενθυμούμενος,</span> <span class='ocrx_word' id='word_1_549' title='bbox 1491 1452 1529 1483; x_wconf 79' lang='grc' dir='ltr'><strong>ὡς</strong></span> <span class='ocrx_word' id='word_1_550' title='bbox 1544 1452 1577 1478; x_wconf 78' lang='grc' dir='ltr'><strong>τὰ</strong></span> <span class='ocrx_word' id='word_1_551' title='bbox 1598 1452 1646 1487; x_wconf 81' lang='grc' dir='ltr'><strong>μέν</strong></span> <span class='ocrx_word' id='word_1_552' title='bbox 1663 1454 1736 1478; x_wconf 81' lang='grc' dir='ltr'>ἐστιν</span> <span class='ocrx_word' id='word_1_553' title='bbox 1754 1452 1808 1478; x_wconf 68' lang='grc' dir='ltr'>ἴδια</span> 
     </span>
    </p>
   </div>
   <div class='ocr_carea' id='block_1_75' title="bbox 1013 1496 1806 1532">
    <p class='ocr_par' dir='ltr' id='par_1_75' title="bbox 1013 1496 1806 1532">
     <span class='ocr_line' id='line_1_75' title="bbox 1013 1496 1806 1532; baseline -0.001 -9"><span class='ocrx_word' id='word_1_554' title='bbox 1013 1497 1112 1532; x_wconf 80' lang='grc' dir='ltr'>τρόπον</span> <span class='ocrx_word' id='word_1_555' title='bbox 1127 1497 1198 1529; x_wconf 76' lang='grc' dir='ltr'>τινὰ,</span> <span class='ocrx_word' id='word_1_556' title='bbox 1211 1497 1266 1523; x_wconf 84' lang='grc' dir='ltr'>τῶν</span> <span class='ocrx_word' id='word_1_557' title='bbox 1281 1497 1426 1532; x_wconf 79' lang='grc' dir='ltr'>ίστορικῶς</span> <span class='ocrx_word' id='word_1_558' title='bbox 1442 1497 1604 1531; x_wconf 76' lang='grc' dir='ltr'>γεγονότων,</span> <span class='ocrx_word' id='word_1_559' title='bbox 1620 1497 1654 1523; x_wconf 76' lang='grc' dir='ltr'><strong>τὰ</strong></span> <span class='ocrx_word' id='word_1_560' title='bbox 1669 1497 1697 1523; x_wconf 75' lang='grc' dir='ltr'>δὲ</span> <span class='ocrx_word' id='word_1_561' title='bbox 1713 1497 1759 1522; x_wconf 77' lang='grc' dir='ltr'>καὶ</span> <span class='ocrx_word' id='word_1_562' title='bbox 1772 1496 1806 1522; x_wconf 82' lang='grc' dir='ltr'><strong>δι’</strong></span> 
     </span>
    </p>
   </div>
   <div class='ocr_carea' id='block_1_76' title="bbox 1013 1542 1809 1578">
    <p class='ocr_par' dir='ltr' id='par_1_76' title="bbox 1013 1542 1809 1578">
     <span class='ocr_line' id='line_1_76' title="bbox 1013 1542 1809 1578; baseline 0 -10"><span class='ocrx_word' id='word_1_563' title='bbox 1013 1543 1122 1571; x_wconf 82' lang='grc' dir='ltr'>ἐννοιῶν</span> <span class='ocrx_word' id='word_1_564' title='bbox 1137 1544 1189 1570; x_wconf 84' lang='grc' dir='ltr'>τῶν</span> <span class='ocrx_word' id='word_1_565' title='bbox 1207 1543 1335 1569; x_wconf 78' lang='grc' dir='ltr'>ἐσωτάτω</span> <span class='ocrx_word' id='word_1_566' title='bbox 1350 1544 1444 1578; x_wconf 82' lang='grc' dir='ltr'>χωρεῖ,</span> <span class='ocrx_word' id='word_1_567' title='bbox 1461 1543 1507 1570; x_wconf 67' lang='grc' dir='ltr'>καὶ</span> <span class='ocrx_word' id='word_1_568' title='bbox 1524 1544 1564 1575; x_wconf 84' lang='grc' dir='ltr'><strong>εἰς</strong></span> <span class='ocrx_word' id='word_1_569' title='bbox 1578 1543 1627 1578; x_wconf 82' lang='grc' dir='ltr'>τὴν</span> <span class='ocrx_word' id='word_1_570' title='bbox 1641 1542 1687 1569; x_wconf 84' lang='grc' dir='ltr'>τοῦ</span> <span class='ocrx_word' id='word_1_571' title='bbox 1706 1551 1809 1578; x_wconf 85' lang='grc' dir='ltr'>μυστη-</span> 
     </span>
    </p>
   </div>
   <div class='ocr_carea' id='block_1_77' title="bbox 1016 1589 1425 1626">
    <p class='ocr_par' dir='ltr' id='par_1_77' title="bbox 1016 1589 1425 1626">
     <span class='ocr_line' id='line_1_77' title="bbox 1016 1589 1425 1626; baseline 0 -11"><span class='ocrx_word' id='word_1_572' title='bbox 1016 1589 1073 1624; x_wconf 82' lang='grc' dir='ltr'>ρίου</span> <span class='ocrx_word' id='word_1_573' title='bbox 1089 1589 1286 1626; x_wconf 81' lang='grc' dir='ltr'>διαμορφοῦται</span> <span class='ocrx_word' id='word_1_574' title='bbox 1300 1589 1425 1623; x_wconf 87' lang='grc' dir='ltr'>δύναμιν.</span> 
     </span>
    </p>
   </div>
   <div class='ocr_carea' id='block_1_78' title="bbox 1051 1634 1806 1671">
    <p class='ocr_par' dir='ltr' id='par_1_78' title="bbox 1051 1634 1806 1671">
     <span class='ocr_line' id='line_1_78' title="bbox 1051 1634 1806 1671; baseline -0.001 -10"><span class='ocrx_word' id='word_1_575' title='bbox 1051 1635 1082 1669; x_wconf 85' lang='grc' dir='ltr'><strong>β’.</strong></span> <span class='ocrx_word' id='word_1_576' title='bbox 1098 1636 1255 1671; x_wconf 78' lang='grc' dir='ltr'>Γέγραπται</span> <span class='ocrx_word' id='word_1_577' title='bbox 1269 1635 1357 1662; x_wconf 85' lang='grc' dir='ltr'>τοίνυν</span> <span class='ocrx_word' id='word_1_578' title='bbox 1379 1635 1427 1661; x_wconf 79' lang='grc' dir='ltr'><strong>ὡδὶ</strong></span> <span class='ocrx_word' id='word_1_579' title='bbox 1443 1635 1533 1667; x_wconf 79' lang='grc' dir='ltr'>πάλιν,</span> <span class='ocrx_word' id='word_1_580' title='bbox 1550 1635 1620 1662; x_wconf 69' lang='grc' dir='ltr'>(Καὶ</span> <span class='ocrx_word' id='word_1_581' title='bbox 1634 1634 1734 1670; x_wconf 77' lang='grc' dir='ltr'>ἐξάρας</span> <span class='ocrx_word' id='word_1_582' title='bbox 1755 1635 1806 1660; x_wconf 77' lang='grc' dir='ltr'><strong>Ἰα-</strong></span> 
     </span>
    </p>
   </div>
   <div class='ocr_carea' id='block_1_79' title="bbox 1014 1671 1806 1716">
    <p class='ocr_par' dir='ltr' id='par_1_79' title="bbox 1014 1671 1806 1716">
     <span class='ocr_line' id='line_1_79' title="bbox 1014 1671 1806 1716; baseline 0 -10"><span class='ocrx_word' id='word_1_583' title='bbox 1014 1679 1071 1706; x_wconf 75' lang='grc' dir='ltr'>κὼϐ</span> <span class='ocrx_word' id='word_1_584' title='bbox 1089 1681 1151 1711; x_wconf 79' lang='grc' dir='ltr'>τοὺς</span> <span class='ocrx_word' id='word_1_585' title='bbox 1169 1680 1269 1713; x_wconf 76' lang='grc' dir='ltr'>πόδας,</span> <span class='ocrx_word' id='word_1_586' title='bbox 1285 1671 1420 1716; x_wconf 73' lang='grc' dir='ltr'>ἐπορεύθη</span> <span class='ocrx_word' id='word_1_587' title='bbox 1440 1681 1479 1712; x_wconf 86' lang='grc' dir='ltr'>εἰς</span> <span class='ocrx_word' id='word_1_588' title='bbox 1497 1681 1547 1715; x_wconf 83' lang='grc' dir='ltr'><strong>γῆν</strong></span> <span class='ocrx_word' id='word_1_589' title='bbox 1564 1680 1711 1713; x_wconf 77' lang='grc' dir='ltr'>ἀνατολῶν,</span> <span class='ocrx_word' id='word_1_590' title='bbox 1738 1680 1806 1715; x_wconf 78' lang='grc' dir='ltr'>πρὸς</span> 
     </span>
    </p>
   </div>
   <div class='ocr_carea' id='block_1_80' title="bbox 1014 1724 1807 1760">
    <p class='ocr_par' dir='ltr' id='par_1_80' title="bbox 1014 1724 1807 1760">
     <span class='ocr_line' id='line_1_80' title="bbox 1014 1724 1807 1760; baseline 0 -9"><span class='ocrx_word' id='word_1_591' title='bbox 1014 1724 1106 1751; x_wconf 76' lang='grc' dir='ltr'>Λάϐαν</span> <span class='ocrx_word' id='word_1_592' title='bbox 1129 1725 1174 1751; x_wconf 70' lang='grc' dir='ltr'><strong>τον</strong></span> <span class='ocrx_word' id='word_1_593' title='bbox 1194 1725 1250 1752; x_wconf 85' lang='grc' dir='ltr'>υἱὸν</span> <span class='ocrx_word' id='word_1_594' title='bbox 1279 1726 1401 1760; x_wconf 83' lang='grc' dir='ltr'>Βαθουὴλ</span> <span class='ocrx_word' id='word_1_595' title='bbox 1425 1725 1472 1751; x_wconf 86' lang='grc' dir='ltr'>τοῦ</span> <span class='ocrx_word' id='word_1_596' title='bbox 1505 1725 1608 1760; x_wconf 80' lang='grc' dir='ltr'>Σύρου,</span> <span class='ocrx_word' id='word_1_597' title='bbox 1637 1725 1751 1760; x_wconf 72' lang='grc' dir='ltr'>ἀδελφὸν</span> <span class='ocrx_word' id='word_1_598' title='bbox 1777 1725 1807 1751; x_wconf 80' lang='grc' dir='ltr'><strong>δὲ</strong></span> 
     </span>
    </p>
   </div>
   <div class='ocr_carea' id='block_1_81' title="bbox 1020 1770 1806 1808">
    <p class='ocr_par' dir='ltr' id='par_1_81' title="bbox 1020 1770 1806 1808">
     <span class='ocr_line' id='line_1_81' title="bbox 1020 1770 1806 1808; baseline 0.001 -12"><span class='ocrx_word' id='word_1_599' title='bbox 1020 1771 1165 1803; x_wconf 69' lang='grc' dir='ltr'>Ῥεϐέκκας</span> <span class='ocrx_word' id='word_1_600' title='bbox 1184 1771 1289 1806; x_wconf 78' lang='grc' dir='ltr'>μητρὸς</span> <span class='ocrx_word' id='word_1_601' title='bbox 1309 1770 1405 1808; x_wconf 76' lang='grc' dir='ltr'>Ἰακὼϐ</span> <span class='ocrx_word' id='word_1_602' title='bbox 1426 1771 1472 1798; x_wconf 74' lang='grc' dir='ltr'>καὶ</span> <span class='ocrx_word' id='word_1_603' title='bbox 1494 1771 1590 1797; x_wconf 82' lang='grc' dir='ltr'>Ἡσαῦ.</span> <span class='ocrx_word' id='word_1_604' title='bbox 1608 1770 1662 1797; x_wconf 83' lang='lat' dir='ltr'><strong>Kal.</strong></span> <span class='ocrx_word' id='word_1_605' title='bbox 1679 1771 1739 1806; x_wconf 86' lang='grc' dir='ltr'>ὁρᾷ,</span> <span class='ocrx_word' id='word_1_606' title='bbox 1758 1771 1806 1797; x_wconf 78' lang='grc' dir='ltr'>καὶ</span> 
     </span>
    </p>
   </div>
   <div class='ocr_carea' id='block_1_82' title="bbox 1015 1814 1806 1853">
    <p class='ocr_par' dir='ltr' id='par_1_82' title="bbox 1015 1814 1806 1853">
     <span class='ocr_line' id='line_1_82' title="bbox 1015 1814 1806 1853; baseline 0 -10"><span class='ocrx_word' id='word_1_607' title='bbox 1015 1817 1068 1843; x_wconf 74' lang='grc' dir='ltr'>ίδοὺ</span> <span class='ocrx_word' id='word_1_608' title='bbox 1085 1817 1173 1853; x_wconf 79' lang='grc' dir='ltr'>φρέαρ</span> <span class='ocrx_word' id='word_1_609' title='bbox 1185 1817 1212 1843; x_wconf 80' lang='grc' dir='ltr'>ἐν</span> <span class='ocrx_word' id='word_1_610' title='bbox 1228 1816 1266 1852; x_wconf 86' lang='grc' dir='ltr'>τῷ</span> <span class='ocrx_word' id='word_1_611' title='bbox 1281 1817 1373 1852; x_wconf 85' lang='grc' dir='ltr'>πεδίῳ.</span> <span class='ocrx_word' id='word_1_612' title='bbox 1389 1817 1444 1843; x_wconf 88' lang='lat' dir='ltr'><strong>Kal.</strong></span> <span class='ocrx_word' id='word_1_613' title='bbox 1456 1814 1526 1852; x_wconf 75' lang='grc' dir='ltr'>ἦσαν</span> <span class='ocrx_word' id='word_1_614' title='bbox 1539 1817 1597 1843; x_wconf 73' lang='grc' dir='ltr'>ἐκεῖ</span> <span class='ocrx_word' id='word_1_615' title='bbox 1612 1817 1675 1852; x_wconf 88' lang='grc' dir='ltr'>τρία</span> <span class='ocrx_word' id='word_1_616' title='bbox 1690 1816 1806 1852; x_wconf 78' lang='grc' dir='ltr'>ποίμνια</span> 
     </span>
    </p>
   </div>
   <div class='ocr_carea' id='block_1_83' title="bbox 1013 1861 1804 1898">
    <p class='ocr_par' dir='ltr' id='par_1_83' title="bbox 1013 1861 1804 1898">
     <span class='ocr_line' id='line_1_83' title="bbox 1013 1861 1804 1898; baseline 0 -9"><span class='ocrx_word' id='word_1_617' title='bbox 1013 1863 1155 1898; x_wconf 74' lang='grc' dir='ltr'>προϐάτων</span> <span class='ocrx_word' id='word_1_618' title='bbox 1181 1863 1376 1897; x_wconf 84' lang='grc' dir='ltr'>ἁναπαυόμενα</span> <span class='ocrx_word' id='word_1_619' title='bbox 1402 1862 1446 1889; x_wconf 78' lang='grc' dir='ltr'><strong>ἐπ’</strong></span> <span class='ocrx_word' id='word_1_620' title='bbox 1474 1863 1568 1889; x_wconf 81' lang='grc' dir='ltr'>αὑτοῦ.</span> <span class='ocrx_word' id='word_1_621' title='bbox 1599 1863 1647 1889; x_wconf 86' lang='grc' dir='ltr'>Ἐκ</span> <span class='ocrx_word' id='word_1_622' title='bbox 1675 1863 1730 1898; x_wconf 82' lang='grc' dir='ltr'>γὰρ</span> <span class='ocrx_word' id='word_1_623' title='bbox 1757 1861 1804 1889; x_wconf 80' lang='grc' dir='ltr'>τοῦ</span> 
     </span>
    </p>
   </div>
   <div class='ocr_carea' id='block_1_84' title="bbox 1013 1905 1805 1945">
    <p class='ocr_par' dir='ltr' id='par_1_84' title="bbox 1013 1905 1805 1945">
     <span class='ocr_line' id='line_1_84' title="bbox 1013 1905 1805 1945; baseline -0.003 -9"><span class='ocrx_word' id='word_1_624' title='bbox 1013 1909 1129 1945; x_wconf 77' lang='grc' dir='ltr'>φρέατος</span> <span class='ocrx_word' id='word_1_625' title='bbox 1149 1909 1252 1935; x_wconf 76' lang='grc' dir='ltr'>ἐκείνου</span> <span class='ocrx_word' id='word_1_626' title='bbox 1273 1908 1397 1939; x_wconf 77' lang='grc' dir='ltr'>ὲπότιζον</span> <span class='ocrx_word' id='word_1_627' title='bbox 1421 1908 1456 1935; x_wconf 73' lang='grc' dir='ltr'><strong>τὰ</strong></span> <span class='ocrx_word' id='word_1_628' title='bbox 1479 1909 1605 1943; x_wconf 74' lang='grc' dir='ltr'>ποίμνια.</span> <span class='ocrx_word' id='word_1_629' title='bbox 1627 1907 1707 1939; x_wconf 78' lang='grc' dir='ltr'>Λίθος</span> <span class='ocrx_word' id='word_1_630' title='bbox 1726 1907 1754 1934; x_wconf 80' lang='grc' dir='ltr'><strong>δὲ</strong></span> <span class='ocrx_word' id='word_1_631' title='bbox 1771 1905 1805 1943; x_wconf 79' lang='grc' dir='ltr'>ἦν</span> 
     </span>
    </p>
   </div>
   <div class='ocr_carea' id='block_1_85' title="bbox 1014 1953 1805 1991">
    <p class='ocr_par' dir='ltr' id='par_1_85' title="bbox 1014 1953 1805 1991">
     <span class='ocr_line' id='line_1_85' title="bbox 1014 1953 1805 1991; baseline -0.003 -9"><span class='ocrx_word' id='word_1_632' title='bbox 1014 1956 1100 1991; x_wconf 82' lang='grc' dir='ltr'>μέγας</span> <span class='ocrx_word' id='word_1_633' title='bbox 1119 1955 1165 1981; x_wconf 74' lang='grc' dir='ltr'><strong>ἐπὶ</strong></span> <span class='ocrx_word' id='word_1_634' title='bbox 1178 1955 1217 1990; x_wconf 88' lang='grc' dir='ltr'>τῷ</span> <span class='ocrx_word' id='word_1_635' title='bbox 1235 1954 1350 1990; x_wconf 88' lang='grc' dir='ltr'>στόματι</span> <span class='ocrx_word' id='word_1_636' title='bbox 1372 1953 1418 1981; x_wconf 82' lang='grc' dir='ltr'>τοῦ</span> <span class='ocrx_word' id='word_1_637' title='bbox 1439 1954 1568 1989; x_wconf 75' lang='grc' dir='ltr'>φρέατος,</span> <span class='ocrx_word' id='word_1_638' title='bbox 1587 1954 1634 1980; x_wconf 72' lang='grc' dir='ltr'>καὶ</span> <span class='ocrx_word' id='word_1_639' title='bbox 1657 1954 1805 1989; x_wconf 87' lang='grc' dir='ltr'>συνήγοντο</span> 
     </span>
    </p>
   </div>
   <div class='ocr_carea' id='block_1_86' title="bbox 1013 1998 1804 2034">
    <p class='ocr_par' dir='ltr' id='par_1_86' title="bbox 1013 1998 1804 2034">
     <span class='ocr_line' id='line_1_86' title="bbox 1013 1998 1804 2034; baseline -0.001 -8"><span class='ocrx_word' id='word_1_640' title='bbox 1013 2001 1070 2026; x_wconf 79' lang='grc' dir='ltr'>ἐκεῖ</span> <span class='ocrx_word' id='word_1_641' title='bbox 1085 2000 1172 2026; x_wconf 80' lang='grc' dir='ltr'>πάντα</span> <span class='ocrx_word' id='word_1_642' title='bbox 1193 2000 1226 2026; x_wconf 82' lang='grc' dir='ltr'>τὰ</span> <span class='ocrx_word' id='word_1_643' title='bbox 1242 1999 1365 2034; x_wconf 84' lang='grc' dir='ltr'>ποίμνια,</span> <span class='ocrx_word' id='word_1_644' title='bbox 1377 2000 1424 2026; x_wconf 72' lang='grc' dir='ltr'>καὶ</span> <span class='ocrx_word' id='word_1_645' title='bbox 1445 1999 1591 2026; x_wconf 73' lang='grc' dir='ltr'>ἀπεκύλιον</span> <span class='ocrx_word' id='word_1_646' title='bbox 1605 1999 1651 2026; x_wconf 82' lang='grc' dir='ltr'><strong>τὸν</strong></span> <span class='ocrx_word' id='word_1_647' title='bbox 1666 1999 1738 2025; x_wconf 83' lang='grc' dir='ltr'>λίϐον</span> <span class='ocrx_word' id='word_1_648' title='bbox 1750 1998 1804 2025; x_wconf 81' lang='grc' dir='ltr'><strong>ἀπὸ</strong></span> 
     </span>
    </p>
   </div>
   <div class='ocr_carea' id='block_1_87' title="bbox 1010 2044 1802 2081">
    <p class='ocr_par' dir='ltr' id='par_1_87' title="bbox 1010 2044 1802 2081">
     <span class='ocr_line' id='line_1_87' title="bbox 1010 2044 1802 2081; baseline -0.001 -9"><span class='ocrx_word' id='word_1_649' title='bbox 1010 2046 1056 2073; x_wconf 83' lang='grc' dir='ltr'>τοῦ</span> <span class='ocrx_word' id='word_1_650' title='bbox 1071 2046 1201 2081; x_wconf 84' lang='grc' dir='ltr'>στόματος</span> <span class='ocrx_word' id='word_1_651' title='bbox 1212 2046 1259 2072; x_wconf 81' lang='grc' dir='ltr'>τοῦ</span> <span class='ocrx_word' id='word_1_652' title='bbox 1272 2046 1388 2081; x_wconf 80' lang='grc' dir='ltr'>φρέατος</span> <span class='ocrx_word' id='word_1_653' title='bbox 1397 2066 1404 2078; x_wconf 84' lang='grc'><strong>,</strong></span> <span class='ocrx_word' id='word_1_654' title='bbox 1418 2046 1464 2072; x_wconf 73' lang='grc' dir='ltr'>καὶ</span> <span class='ocrx_word' id='word_1_655' title='bbox 1478 2046 1603 2078; x_wconf 80' lang='grc' dir='ltr'>ἐπότιςον</span> <span class='ocrx_word' id='word_1_656' title='bbox 1621 2046 1655 2072; x_wconf 85' lang='grc' dir='ltr'>τὰ</span> <span class='ocrx_word' id='word_1_657' title='bbox 1669 2044 1802 2080; x_wconf 75' lang='grc' dir='ltr'>πρόϐατα,</span> 
     </span>
    </p>
   </div>
   <div class='ocr_carea' id='block_1_88' title="bbox 1011 2090 1800 2126">
    <p class='ocr_par' dir='ltr' id='par_1_88' title="bbox 1011 2090 1800 2126">
     <span class='ocr_line' id='line_1_88' title="bbox 1011 2090 1800 2126; baseline -0.003 -8"><span class='ocrx_word' id='word_1_658' title='bbox 1011 2092 1057 2118; x_wconf 71' lang='grc' dir='ltr'>καὶ</span> <span class='ocrx_word' id='word_1_659' title='bbox 1068 2091 1259 2118; x_wconf 82' lang='grc' dir='ltr'>ἀποκαθίστων</span> <span class='ocrx_word' id='word_1_660' title='bbox 1269 2091 1314 2118; x_wconf 82' lang='grc' dir='ltr'>τὸν</span> <span class='ocrx_word' id='word_1_661' title='bbox 1325 2091 1398 2117; x_wconf 84' lang='grc' dir='ltr'>λίθον</span> <span class='ocrx_word' id='word_1_662' title='bbox 1412 2092 1459 2118; x_wconf 75' lang='grc' dir='ltr'><strong>ἐπὶ</strong></span> <span class='ocrx_word' id='word_1_663' title='bbox 1470 2091 1501 2117; x_wconf 82' lang='grc' dir='ltr'>τὸ</span> <span class='ocrx_word' id='word_1_664' title='bbox 1514 2092 1601 2126; x_wconf 85' lang='grc' dir='ltr'>στόμα</span> <span class='ocrx_word' id='word_1_665' title='bbox 1614 2090 1659 2117; x_wconf 84' lang='grc' dir='ltr'>τοῦ</span> <span class='ocrx_word' id='word_1_666' title='bbox 1673 2090 1800 2125; x_wconf 81' lang='grc' dir='ltr'>φρέατος,</span> 
     </span>
    </p>
   </div>
   <div class='ocr_carea' id='block_1_89' title="bbox 1010 2135 1803 2170">
    <p class='ocr_par' dir='ltr' id='par_1_89' title="bbox 1010 2135 1803 2170">
     <span class='ocr_line' id='line_1_89' title="bbox 1010 2135 1803 2170; baseline -0.003 -6"><span class='ocrx_word' id='word_1_667' title='bbox 1010 2139 1048 2170; x_wconf 78' lang='grc' dir='ltr'><strong>εἰς</strong></span> <span class='ocrx_word' id='word_1_668' title='bbox 1068 2138 1112 2164; x_wconf 77' lang='grc' dir='ltr'>τὸν</span> <span class='ocrx_word' id='word_1_669' title='bbox 1124 2138 1206 2164; x_wconf 87' lang='grc' dir='ltr'>τόπον</span> <span class='ocrx_word' id='word_1_670' title='bbox 1223 2137 1315 2164; x_wconf 74' lang='grc' dir='ltr'>αὑτοῦ.</span> <span class='ocrx_word' id='word_1_671' title='bbox 1335 2135 1403 2164; x_wconf 82' lang='grc' dir='ltr'>Εῐπε</span> <span class='ocrx_word' id='word_1_672' title='bbox 1421 2137 1449 2163; x_wconf 75' lang='grc' dir='ltr'><strong>δὲ</strong></span> <span class='ocrx_word' id='word_1_673' title='bbox 1466 2137 1559 2168; x_wconf 83' lang='grc' dir='ltr'>αὐτοῖς</span> <span class='ocrx_word' id='word_1_674' title='bbox 1581 2136 1693 2163; x_wconf 67' lang='grc' dir='ltr'>Ἰακὼϐι</span> <span class='ocrx_word' id='word_1_675' title='bbox 1713 2136 1803 2163; x_wconf 71' lang='grc' dir='ltr'>Ἀδελο</span> 
     </span>
    </p>
   </div>
   <div class='ocr_carea' id='block_1_90' title="bbox 1011 2182 1802 2219">
    <p class='ocr_par' dir='ltr' id='par_1_90' title="bbox 1011 2182 1802 2219">
     <span class='ocr_line' id='line_1_90' title="bbox 1011 2182 1802 2219; baseline -0.001 -9"><span class='ocrx_word' id='word_1_676' title='bbox 1011 2185 1064 2219; x_wconf 80' lang='grc' dir='ltr'>φοὶ.</span> <span class='ocrx_word' id='word_1_677' title='bbox 1078 2184 1159 2211; x_wconf 80' lang='grc' dir='ltr'>πόθεν</span> <span class='ocrx_word' id='word_1_678' title='bbox 1171 2184 1232 2210; x_wconf 79' lang='grc' dir='ltr'>ἐστὲ</span> <span class='ocrx_word' id='word_1_679' title='bbox 1246 2184 1340 2218; x_wconf 81' lang='grc' dir='ltr'>ὑμεῖς;</span> <span class='ocrx_word' id='word_1_680' title='bbox 1355 2185 1387 2210; x_wconf 84' lang='lat' dir='ltr'><strong>0t</strong></span> <span class='ocrx_word' id='word_1_681' title='bbox 1400 2184 1427 2210; x_wconf 83' lang='grc' dir='ltr'><strong>δὲ</strong></span> <span class='ocrx_word' id='word_1_682' title='bbox 1440 2182 1526 2216; x_wconf 81' lang='grc' dir='ltr'>εἷπον,</span> <span class='ocrx_word' id='word_1_683' title='bbox 1540 2184 1571 2209; x_wconf 78' lang='grc' dir='ltr'>ἐκ</span> <span class='ocrx_word' id='word_1_684' title='bbox 1582 2183 1693 2219; x_wconf 76' lang='grc' dir='ltr'>Χαρράν</span> <span class='ocrx_word' id='word_1_685' title='bbox 1707 2183 1802 2218; x_wconf 77' lang='grc' dir='ltr'>ἐσμεν.</span> 
     </span>
    </p>
   </div>
   <div class='ocr_carea' id='block_1_91' title="bbox 167 2220 961 2268">
    <p class='ocr_par' dir='ltr' id='par_1_91' title="bbox 167 2220 955 2257">
     <span class='ocr_line' id='line_1_91' title="bbox 167 2220 955 2257; baseline 0.015 -12"><span class='ocrx_word' id='word_1_686' title='bbox 167 2220 278 2248; x_wconf 87' lang='lat' dir='ltr'><strong>scimus.</strong></span> <span class='ocrx_word' id='word_1_687' title='bbox 303 2221 349 2249; x_wconf 82' lang='lat' dir='ltr'><strong>Ait</strong></span> <span class='ocrx_word' id='word_1_688' title='bbox 360 2227 452 2251; x_wconf 86' lang='lat' dir='ltr'><strong>autem</strong></span> <span class='ocrx_word' id='word_1_689' title='bbox 469 2223 524 2251; x_wconf 88' lang='lat' dir='ltr'><strong>illis</strong></span> <span class='ocrx_word' id='word_1_690' title='bbox 541 2233 547 2251; x_wconf 86' lang='lat'><strong>:</strong></span> <span class='ocrx_word' id='word_1_691' title='bbox 571 2224 655 2252; x_wconf 87' lang='lat' dir='ltr'><strong>Estne</strong></span> <span class='ocrx_word' id='word_1_692' title='bbox 676 2227 779 2254; x_wconf 86' lang='lat' dir='ltr'><strong>sanus?</strong></span> <span class='ocrx_word' id='word_1_693' title='bbox 797 2227 837 2255; x_wconf 84' lang='lat' dir='ltr'><strong>Illi</strong></span> <span class='ocrx_word' id='word_1_694' title='bbox 865 2233 955 2257; x_wconf 86' lang='lat' dir='ltr'><strong>autem</strong></span> 
     </span>
    </p>
   </div>
   <div class='ocr_carea' id='block_1_92' title="bbox 1014 2220 1800 2268">
    <p class='ocr_par' dir='ltr' id='par_1_92' title="bbox 1016 2228 1800 2262">
     <span class='ocr_line' id='line_1_92' title="bbox 1016 2228 1800 2262; baseline -0.004 -5"><span class='ocrx_word' id='word_1_695' title='bbox 1016 2232 1043 2258; x_wconf 94' lang='lat'><strong>&#39;0</strong></span> <span class='ocrx_word' id='word_1_696' title='bbox 1059 2231 1087 2257; x_wconf 84' lang='grc' dir='ltr'>δὲ</span> <span class='ocrx_word' id='word_1_697' title='bbox 1102 2228 1178 2256; x_wconf 78' lang='grc' dir='ltr'>εἶπεν</span> <span class='ocrx_word' id='word_1_698' title='bbox 1191 2231 1298 2262; x_wconf 77' lang='grc' dir='ltr'>αὐτοῖς·</span> <span class='ocrx_word' id='word_1_699' title='bbox 1316 2229 1469 2256; x_wconf 78' lang='grc' dir='ltr'>Γινώσκετε</span> <span class='ocrx_word' id='word_1_700' title='bbox 1493 2229 1584 2256; x_wconf 77' lang='grc' dir='ltr'>Λάὸαν</span> <span class='ocrx_word' id='word_1_701' title='bbox 1601 2229 1646 2255; x_wconf 80' lang='grc' dir='ltr'>τὸν</span> <span class='ocrx_word' id='word_1_702' title='bbox 1668 2229 1724 2255; x_wconf 78' lang='grc' dir='ltr'>υἱὸν</span> <span class='ocrx_word' id='word_1_703' title='bbox 1741 2229 1800 2255; x_wconf 85' lang='grc' dir='ltr'><strong>Να-</strong></span> 
     </span>
    </p>
   </div>
   <div class='ocr_carea' id='block_1_93' title="bbox 167 2265 956 2310">
    <p class='ocr_par' dir='ltr' id='par_1_93' title="bbox 167 2265 956 2310">
     <span class='ocr_line' id='line_1_93' title="bbox 167 2265 956 2310; baseline 0.016 -19"><span class='ocrx_word' id='word_1_704' title='bbox 167 2265 314 2294; x_wconf 82' lang='lat' dir='ltr'><strong>dixerunt:</strong></span> <span class='ocrx_word' id='word_1_705' title='bbox 329 2267 417 2295; x_wconf 87' lang='lat' dir='ltr'><strong>Sanus</strong></span> <span class='ocrx_word' id='word_1_706' title='bbox 429 2273 480 2296; x_wconf 90' lang='lat' dir='ltr'><strong>est.</strong></span> <span class='ocrx_word' id='word_1_707' title='bbox 491 2269 526 2297; x_wconf 89' lang='lat' dir='ltr'><strong>Et</strong></span> <span class='ocrx_word' id='word_1_708' title='bbox 539 2278 604 2298; x_wconf 90' lang='lat' dir='ltr'><strong>ecce</strong></span> <span class='ocrx_word' id='word_1_709' title='bbox 619 2271 721 2299; x_wconf 82' lang='lat' dir='ltr'><strong>Rachel</strong></span> <span class='ocrx_word' id='word_1_710' title='bbox 738 2273 793 2301; x_wconf 86' lang='lat' dir='ltr'><strong>tilia</strong></span> <span class='ocrx_word' id='word_1_711' title='bbox 808 2275 868 2310; x_wconf 86' lang='lat' dir='ltr'><strong>ejus</strong></span> <span class='ocrx_word' id='word_1_712' title='bbox 879 2277 956 2304; x_wconf 85' lang='lat' dir='ltr'><strong>venit</strong></span> 
     </span>
    </p>
   </div>
   <div class='ocr_carea' id='block_1_94' title="bbox 166 2312 957 2351">
    <p class='ocr_par' dir='ltr' id='par_1_94' title="bbox 166 2312 957 2351">
     <span class='ocr_line' id='line_1_94' title="bbox 166 2312 957 2351; baseline 0.018 -15"><span class='ocrx_word' id='word_1_713' title='bbox 166 2318 228 2339; x_wconf 84' lang='lat' dir='ltr'><strong>cum</strong></span> <span class='ocrx_word' id='word_1_714' title='bbox 242 2312 340 2339; x_wconf 80' lang='lat' dir='ltr'><strong>ovibus</strong></span> <span class='ocrx_word' id='word_1_715' title='bbox 355 2313 440 2347; x_wconf 86' lang='lat' dir='ltr'><strong>patris</strong></span> <span class='ocrx_word' id='word_1_716' title='bbox 463 2314 516 2341; x_wconf 88' lang='lat' dir='ltr'><strong>sui.</strong></span> <span class='ocrx_word' id='word_1_717' title='bbox 541 2315 575 2342; x_wconf 90' lang='lat' dir='ltr'><strong>Et</strong></span> <span class='ocrx_word' id='word_1_718' title='bbox 589 2316 658 2344; x_wconf 78' lang='lat' dir='ltr'><strong>dixit</strong></span> <span class='ocrx_word' id='word_1_719' title='bbox 679 2317 719 2345; x_wconf 86' lang='lat' dir='ltr'><strong>eis</strong></span> <span class='ocrx_word' id='word_1_720' title='bbox 732 2318 815 2347; x_wconf 88' lang='lat' dir='ltr'><strong>Jacob</strong></span> <span class='ocrx_word' id='word_1_721' title='bbox 831 2329 838 2348; x_wconf 91' lang='lat'>:</span> <span class='ocrx_word' id='word_1_722' title='bbox 859 2321 957 2351; x_wconf 83' lang='lat' dir='ltr'><strong>Adhuc</strong></span> 
     </span>
    </p>
   </div>
   <div class='ocr_carea' id='block_1_95' title="bbox 166 2356 957 2397">
    <p class='ocr_par' dir='ltr' id='par_1_95' title="bbox 166 2356 957 2397">
     <span class='ocr_line' id='line_1_95' title="bbox 166 2356 957 2397; baseline 0.018 -16"><span class='ocrx_word' id='word_1_723' title='bbox 166 2356 282 2383; x_wconf 89' lang='lat' dir='ltr'><strong>multum</strong></span> <span class='ocrx_word' id='word_1_724' title='bbox 294 2357 348 2384; x_wconf 89' lang='lat' dir='ltr'><strong>diei</strong></span> <span class='ocrx_word' id='word_1_725' title='bbox 362 2363 497 2393; x_wconf 89' lang='lat' dir='ltr'><strong>superest,</strong></span> <span class='ocrx_word' id='word_1_726' title='bbox 508 2368 560 2388; x_wconf 89' lang='lat' dir='ltr'><strong>nec</strong></span> <span class='ocrx_word' id='word_1_727' title='bbox 571 2366 613 2388; x_wconf 86' lang='lat' dir='ltr'><strong>est</strong></span> <span class='ocrx_word' id='word_1_728' title='bbox 629 2366 736 2397; x_wconf 88' lang='lat' dir='ltr'><strong>tempus</strong></span> <span class='ocrx_word' id='word_1_729' title='bbox 745 2368 775 2391; x_wconf 93' lang='lat' dir='ltr'><strong>ut</strong></span> <span class='ocrx_word' id='word_1_730' title='bbox 791 2365 957 2395; x_wconf 87' lang='lat' dir='ltr'><strong>reducantur</strong></span> 
     </span>
    </p>
   </div>
   <div class='ocr_carea' id='block_1_96' title="bbox 164 2401 954 2446">
    <p class='ocr_par' dir='ltr' id='par_1_96' title="bbox 164 2401 954 2446">
     <span class='ocr_line' id='line_1_96' title="bbox 164 2401 954 2446; baseline 0.016 -19"><span class='ocrx_word' id='word_1_731' title='bbox 164 2401 197 2427; x_wconf 84' lang='lat' dir='ltr'><strong>ad</strong></span> <span class='ocrx_word' id='word_1_732' title='bbox 210 2402 301 2429; x_wconf 89' lang='lat' dir='ltr'><strong>caulas</strong></span> <span class='ocrx_word' id='word_1_733' title='bbox 312 2410 416 2438; x_wconf 81' lang='lat' dir='ltr'><strong>greges.</strong></span> <span class='ocrx_word' id='word_1_734' title='bbox 426 2404 566 2440; x_wconf 89' lang='lat' dir='ltr'><strong>Adaquate</strong></span> <span class='ocrx_word' id='word_1_735' title='bbox 578 2414 653 2440; x_wconf 87' lang='lat' dir='ltr'><strong>oves,</strong></span> <span class='ocrx_word' id='word_1_736' title='bbox 663 2412 690 2435; x_wconf 89' lang='lat' dir='ltr'><strong>et</strong></span> <span class='ocrx_word' id='word_1_737' title='bbox 698 2409 831 2438; x_wconf 87' lang='lat' dir='ltr'><strong>abeuntes</strong></span> <span class='ocrx_word' id='word_1_738' title='bbox 841 2413 954 2446; x_wconf 88' lang='lat' dir='ltr'><strong>pascite.</strong></span> 
     </span>
    </p>
   </div>
   <div class='ocr_carea' id='block_1_97' title="bbox 164 2448 955 2494">
    <p class='ocr_par' dir='ltr' id='par_1_97' title="bbox 164 2448 955 2494">
     <span class='ocr_line' id='line_1_97' title="bbox 164 2448 955 2494; baseline 0.019 -21"><span class='ocrx_word' id='word_1_739' title='bbox 164 2448 215 2480; x_wconf 84' lang='lat' dir='ltr'><strong>Qui</strong></span> <span class='ocrx_word' id='word_1_740' title='bbox 238 2448 383 2476; x_wconf 80' lang='lat' dir='ltr'><strong>dixerunt:</strong></span> <span class='ocrx_word' id='word_1_741' title='bbox 404 2450 464 2477; x_wconf 85' lang='lat' dir='ltr'><strong>Non</strong></span> <span class='ocrx_word' id='word_1_742' title='bbox 490 2459 633 2486; x_wconf 75' lang='lat' dir='ltr'><strong>possemus</strong></span> <span class='ocrx_word' id='word_1_743' title='bbox 652 2455 741 2484; x_wconf 87' lang='lat' dir='ltr'><strong>donec</strong></span> <span class='ocrx_word' id='word_1_744' title='bbox 755 2465 955 2494; x_wconf 82' lang='lat' dir='ltr'><strong>congregemur</strong></span> 
     </span>
    </p>
   </div>
   <div class='ocr_carea' id='block_1_98' title="bbox 164 2497 957 2538">
    <p class='ocr_par' dir='ltr' id='par_1_98' title="bbox 164 2497 957 2538">
     <span class='ocr_line' id='line_1_98' title="bbox 164 2497 957 2538; baseline 0.018 -19"><span class='ocrx_word' id='word_1_745' title='bbox 164 2501 259 2521; x_wconf 82' lang='lat' dir='ltr'><strong>omnes</strong></span> <span class='ocrx_word' id='word_1_746' title='bbox 275 2497 407 2529; x_wconf 85' lang='lat' dir='ltr'><strong>pastores,</strong></span> <span class='ocrx_word' id='word_1_747' title='bbox 434 2500 463 2523; x_wconf 91' lang='lat' dir='ltr'><strong>et</strong></span> <span class='ocrx_word' id='word_1_748' title='bbox 488 2498 629 2526; x_wconf 78' lang='lat' dir='ltr'><strong>revolvant</strong></span> <span class='ocrx_word' id='word_1_749' title='bbox 642 2500 758 2535; x_wconf 90' lang='lat' dir='ltr'><strong>lapidem</strong></span> <span class='ocrx_word' id='word_1_750' title='bbox 773 2510 788 2529; x_wconf 92' lang='lat' dir='ltr'><strong>a</strong></span> <span class='ocrx_word' id='word_1_751' title='bbox 808 2508 900 2538; x_wconf 86' lang='lat' dir='ltr'><strong>puteo,</strong></span> <span class='ocrx_word' id='word_1_752' title='bbox 928 2509 957 2533; x_wconf 88' lang='lat' dir='ltr'><strong>et</strong></span> 
     </span>
    </p>
   </div>
   <div class='ocr_carea' id='block_1_99' title="bbox 164 2540 955 2581">
    <p class='ocr_par' dir='ltr' id='par_1_99' title="bbox 164 2540 955 2581">
     <span class='ocr_line' id='line_1_99' title="bbox 164 2540 955 2581; baseline 0.016 -15"><span class='ocrx_word' id='word_1_753' title='bbox 164 2540 330 2575; x_wconf 79' lang='lat' dir='ltr'><strong>adaquemus</strong></span> <span class='ocrx_word' id='word_1_754' title='bbox 341 2549 415 2569; x_wconf 87' lang='lat' dir='ltr'><strong>oves.</strong></span> <span class='ocrx_word' id='word_1_755' title='bbox 429 2542 526 2571; x_wconf 88' lang='lat' dir='ltr'><strong>Adhuc</strong></span> <span class='ocrx_word' id='word_1_756' title='bbox 545 2553 577 2572; x_wconf 93' lang='lat' dir='ltr'><strong>eo</strong></span> <span class='ocrx_word' id='word_1_757' title='bbox 594 2546 723 2581; x_wconf 89' lang='lat' dir='ltr'><strong>loquente</strong></span> <span class='ocrx_word' id='word_1_758' title='bbox 740 2548 804 2581; x_wconf 89' lang='lat' dir='ltr'><strong>illis,</strong></span> <span class='ocrx_word' id='word_1_759' title='bbox 817 2557 882 2577; x_wconf 92' lang='lat' dir='ltr'><strong>ecce</strong></span> <span class='ocrx_word' id='word_1_760' title='bbox 898 2551 955 2581; x_wconf 74' lang='lat' dir='ltr'><strong>Ra-</strong></span> 
     </span>
    </p>
   </div>
   <div class='ocr_carea' id='block_1_100' title="bbox 164 2586 954 2628">
    <p class='ocr_par' dir='ltr' id='par_1_100' title="bbox 164 2586 954 2628">
     <span class='ocr_line' id='line_1_100' title="bbox 164 2586 954 2628; baseline 0.016 -17"><span class='ocrx_word' id='word_1_761' title='bbox 164 2586 225 2613; x_wconf 89' lang='lat' dir='ltr'><strong>chel</strong></span> <span class='ocrx_word' id='word_1_762' title='bbox 237 2586 291 2613; x_wconf 83' lang='lat' dir='ltr'><strong>ﬁlia</strong></span> <span class='ocrx_word' id='word_1_763' title='bbox 307 2586 400 2614; x_wconf 86' lang='lat' dir='ltr'><strong>Laban</strong></span> <span class='ocrx_word' id='word_1_764' title='bbox 407 2588 535 2616; x_wconf 86' lang='lat' dir='ltr'><strong>veniebat</strong></span> <span class='ocrx_word' id='word_1_765' title='bbox 546 2597 609 2618; x_wconf 91' lang='lat' dir='ltr'><strong>cum</strong></span> <span class='ocrx_word' id='word_1_766' title='bbox 623 2592 721 2620; x_wconf 86' lang='lat' dir='ltr'><strong>ovibus</strong></span> <span class='ocrx_word' id='word_1_767' title='bbox 732 2594 817 2628; x_wconf 85' lang='lat' dir='ltr'><strong>patris</strong></span> <span class='ocrx_word' id='word_1_768' title='bbox 827 2595 879 2623; x_wconf 87' lang='lat' dir='ltr'><strong>sui.</strong></span> <span class='ocrx_word' id='word_1_769' title='bbox 892 2596 954 2625; x_wconf 69' lang='lat' dir='ltr'><strong>Haec</strong></span> 
     </span>
    </p>
   </div>
   <div class='ocr_carea' id='block_1_101' title="bbox 163 2632 954 2671">
    <p class='ocr_par' dir='ltr' id='par_1_101' title="bbox 163 2632 954 2671">
     <span class='ocr_line' id='line_1_101' title="bbox 163 2632 954 2671; baseline 0.015 -13"><span class='ocrx_word' id='word_1_770' title='bbox 163 2632 236 2659; x_wconf 90' lang='lat' dir='ltr'><strong>enim</strong></span> <span class='ocrx_word' id='word_1_771' title='bbox 251 2633 380 2667; x_wconf 88' lang='lat' dir='ltr'><strong>pascebat</strong></span> <span class='ocrx_word' id='word_1_772' title='bbox 390 2641 454 2661; x_wconf 89' lang='lat' dir='ltr'><strong>oves</strong></span> <span class='ocrx_word' id='word_1_773' title='bbox 468 2636 553 2669; x_wconf 87' lang='lat' dir='ltr'><strong>patris</strong></span> <span class='ocrx_word' id='word_1_774' title='bbox 572 2637 623 2664; x_wconf 89' lang='lat' dir='ltr'><strong>sui.</strong></span> <span class='ocrx_word' id='word_1_775' title='bbox 645 2638 755 2666; x_wconf 84' lang='lat' dir='ltr'><strong>Factum</strong></span> <span class='ocrx_word' id='word_1_776' title='bbox 766 2645 808 2668; x_wconf 90' lang='lat' dir='ltr'><strong>est</strong></span> <span class='ocrx_word' id='word_1_777' title='bbox 820 2647 911 2669; x_wconf 90' lang='lat' dir='ltr'><strong>autem</strong></span> <span class='ocrx_word' id='word_1_778' title='bbox 924 2648 954 2671; x_wconf 92' lang='lat' dir='ltr'><strong>ut</strong></span> 
     </span>
    </p>
   </div>
   <div class='ocr_carea' id='block_1_102' title="bbox 163 2676 950 2722">
    <p class='ocr_par' dir='ltr' id='par_1_102' title="bbox 163 2676 950 2722">
     <span class='ocr_line' id='line_1_102' title="bbox 163 2676 950 2722; baseline 0.015 -18"><span class='ocrx_word' id='word_1_779' title='bbox 163 2676 233 2706; x_wconf 66' lang='lat' dir='ltr'><strong>vidit</strong></span> <span class='ocrx_word' id='word_1_780' title='bbox 242 2679 325 2706; x_wconf 86' lang='lat' dir='ltr'><strong>Jacob</strong></span> <span class='ocrx_word' id='word_1_781' title='bbox 337 2679 438 2707; x_wconf 81' lang='lat' dir='ltr'><strong>Rachel</strong></span> <span class='ocrx_word' id='word_1_782' title='bbox 450 2680 531 2709; x_wconf 86' lang='lat' dir='ltr'><strong>filiam</strong></span> <span class='ocrx_word' id='word_1_783' title='bbox 549 2682 640 2710; x_wconf 86' lang='lat' dir='ltr'><strong>Laban</strong></span> <span class='ocrx_word' id='word_1_784' title='bbox 660 2684 753 2712; x_wconf 87' lang='lat' dir='ltr'><strong>fratris</strong></span> <span class='ocrx_word' id='word_1_785' title='bbox 772 2688 867 2715; x_wconf 87' lang='lat' dir='ltr'><strong>matris</strong></span> <span class='ocrx_word' id='word_1_786' title='bbox 883 2696 950 2722; x_wconf 68' lang='lat' dir='ltr'><strong>suae,</strong></span> 
     </span>
    </p>
   </div>
   <div class='ocr_carea' id='block_1_103' title="bbox 163 2725 954 2766">
    <p class='ocr_par' dir='ltr' id='par_1_103' title="bbox 163 2725 954 2766">
     <span class='ocr_line' id='line_1_103' title="bbox 163 2725 954 2766; baseline 0.013 -15"><span class='ocrx_word' id='word_1_787' title='bbox 163 2729 192 2751; x_wconf 89' lang='lat' dir='ltr'><strong>et</strong></span> <span class='ocrx_word' id='word_1_788' title='bbox 209 2725 342 2753; x_wconf 83' lang='lat' dir='ltr'><strong>accedens</strong></span> <span class='ocrx_word' id='word_1_789' title='bbox 366 2727 480 2753; x_wconf 82' lang='lat' dir='ltr'><strong>revolvit</strong></span> <span class='ocrx_word' id='word_1_790' title='bbox 497 2728 615 2763; x_wconf 85' lang='lat' dir='ltr'><strong>lapidem</strong></span> <span class='ocrx_word' id='word_1_791' title='bbox 633 2730 667 2757; x_wconf 91' lang='lat' dir='ltr'><strong>ab</strong></span> <span class='ocrx_word' id='word_1_792' title='bbox 681 2739 729 2758; x_wconf 88' lang='lat' dir='ltr'><strong>ore</strong></span> <span class='ocrx_word' id='word_1_793' title='bbox 747 2733 833 2766; x_wconf 78' lang='lat' dir='ltr'><strong>putei,</strong></span> <span class='ocrx_word' id='word_1_794' title='bbox 857 2738 885 2760; x_wconf 90' lang='lat' dir='ltr'><strong>et</strong></span> <span class='ocrx_word' id='word_1_795' title='bbox 906 2735 954 2761; x_wconf 84' lang='lat' dir='ltr'><strong>ad-</strong></span> 
     </span>
    </p>
   </div>
   <div class='ocr_carea' id='block_1_104' title="bbox 164 2771 952 2807">
    <p class='ocr_par' dir='ltr' id='par_1_104' title="bbox 164 2771 952 2807">
     <span class='ocr_line' id='line_1_104' title="bbox 164 2771 952 2807; baseline 0.014 -11"><span class='ocrx_word' id='word_1_796' title='bbox 164 2771 274 2805; x_wconf 77' lang='lat' dir='ltr'><strong>aquavit</strong></span> <span class='ocrx_word' id='word_1_797' title='bbox 287 2778 352 2798; x_wconf 87' lang='lat' dir='ltr'><strong>oves</strong></span> <span class='ocrx_word' id='word_1_798' title='bbox 366 2771 457 2799; x_wconf 89' lang='lat' dir='ltr'><strong>Laban</strong></span> <span class='ocrx_word' id='word_1_799' title='bbox 469 2772 561 2802; x_wconf 88' lang='lat' dir='ltr'><strong>fratris</strong></span> <span class='ocrx_word' id='word_1_800' title='bbox 575 2776 669 2803; x_wconf 85' lang='lat' dir='ltr'><strong>matris</strong></span> <span class='ocrx_word' id='word_1_801' title='bbox 683 2784 748 2803; x_wconf 65' lang='lat' dir='ltr'><strong>suae.</strong></span> <span class='ocrx_word' id='word_1_802' title='bbox 768 2777 803 2804; x_wconf 88' lang='lat' dir='ltr'><strong>Et</strong></span> <span class='ocrx_word' id='word_1_803' title='bbox 813 2779 952 2807; x_wconf 85' lang='lat' dir='ltr'><strong>osculatus</strong></span> 
     </span>
    </p>
   </div>
   <div class='ocr_carea' id='block_1_105' title="bbox 195 2861 822 2903">
    <p class='ocr_par' dir='ltr' id='par_1_105' title="bbox 195 2861 822 2903">
     <span class='ocr_line' id='line_1_105' title="bbox 195 2861 822 2903; baseline 0.013 -15"><span class='ocrx_word' id='word_1_804' title='bbox 195 2861 222 2896; x_wconf 64' lang='grc' dir='ltr'><strong>Ῡτ</strong></span> <span class='ocrx_word' id='word_1_805' title='bbox 240 2861 334 2890; x_wconf 72' lang='lat' dir='ltr'><strong>Matth.</strong></span> <span class='ocrx_word' id='word_1_806' title='bbox 348 2872 403 2898; x_wconf 78' lang='lat' dir='ltr'><strong>xm,</strong></span> <span class='ocrx_word' id='word_1_807' title='bbox 422 2865 461 2898; x_wconf 77' lang='lat' dir='ltr'><strong>l5,</strong></span> <span class='ocrx_word' id='word_1_808' title='bbox 477 2866 519 2893; x_wconf 70' lang='lat'><strong>46.</strong></span> <span class='ocrx_word' id='word_1_809' title='bbox 558 2866 580 2883; x_wconf 81' lang='lat'><strong>&quot;</strong></span> <span class='ocrx_word' id='word_1_810' title='bbox 598 2866 713 2895; x_wconf 85' lang='lat' dir='ltr'><strong>Zachar.</strong></span> <span class='ocrx_word' id='word_1_811' title='bbox 729 2877 765 2903; x_wconf 67' lang='grc' dir='ltr'><strong>ιτ,</strong></span> <span class='ocrx_word' id='word_1_812' title='bbox 781 2869 822 2897; x_wconf 79' lang='lat' dir='ltr'><strong>l6.</strong></span> 
     </span>
    </p>
   </div>
   <div class='ocr_carea' id='block_1_106' title="bbox 1005 2274 1798 2314">
    <p class='ocr_par' dir='ltr' id='par_1_106' title="bbox 1005 2274 1798 2314">
     <span class='ocr_line' id='line_1_106' title="bbox 1005 2274 1798 2314; baseline -0.004 -10"><span class='ocrx_word' id='word_1_813' title='bbox 1005 2278 1077 2314; x_wconf 77' lang='grc' dir='ltr'>χὼρ;</span> <span class='ocrx_word' id='word_1_814' title='bbox 1098 2278 1130 2303; x_wconf 91' lang='grc' dir='ltr'><strong>Οἱ</strong></span> <span class='ocrx_word' id='word_1_815' title='bbox 1147 2278 1175 2304; x_wconf 79' lang='grc' dir='ltr'><strong>δὲ</strong></span> <span class='ocrx_word' id='word_1_816' title='bbox 1191 2275 1280 2303; x_wconf 57' lang='grc' dir='ltr'>εἷπον</span> <span class='ocrx_word' id='word_1_817' title='bbox 1297 2276 1480 2311; x_wconf 80' lang='grc' dir='ltr'>Γινώσκομεν.</span> <span class='ocrx_word' id='word_1_818' title='bbox 1503 2276 1533 2303; x_wconf 87' lang='lat' dir='ltr'><strong>&#39;U</strong></span> <span class='ocrx_word' id='word_1_819' title='bbox 1546 2276 1574 2302; x_wconf 81' lang='grc' dir='ltr'>δὲ</span> <span class='ocrx_word' id='word_1_820' title='bbox 1590 2274 1666 2302; x_wconf 80' lang='grc' dir='ltr'>εἶπεν</span> <span class='ocrx_word' id='word_1_821' title='bbox 1687 2275 1779 2307; x_wconf 84' lang='grc' dir='ltr'>αὐτοῖς</span> <span class='ocrx_word' id='word_1_822' title='bbox 1790 2281 1798 2289; x_wconf 92' lang='grc'><strong>·</strong></span> 
     </span>
    </p>
   </div>
   <div class='ocr_carea' id='block_1_107' title="bbox 1011 2320 1798 2358">
    <p class='ocr_par' dir='ltr' id='par_1_107' title="bbox 1011 2320 1798 2358">
     <span class='ocr_line' id='line_1_107' title="bbox 1011 2320 1798 2358; baseline -0.004 -8"><span class='ocrx_word' id='word_1_823' title='bbox 1011 2324 1159 2358; x_wconf 79' lang='grc' dir='ltr'>Ύγιαίνει;</span> <span class='ocrx_word' id='word_1_824' title='bbox 1173 2323 1197 2350; x_wconf 78' lang='grc' dir='ltr'>οι</span> <span class='ocrx_word' id='word_1_825' title='bbox 1211 2323 1238 2350; x_wconf 79' lang='grc' dir='ltr'><strong>δὲ</strong></span> <span class='ocrx_word' id='word_1_826' title='bbox 1258 2320 1496 2356; x_wconf 81' lang='grc' dir='ltr'>εἷπον-Ὑγιαίνει.</span> <span class='ocrx_word' id='word_1_827' title='bbox 1517 2322 1573 2349; x_wconf 76' lang='grc' dir='ltr'><strong>Καὶ</strong></span> <span class='ocrx_word' id='word_1_828' title='bbox 1589 2322 1643 2349; x_wconf 76' lang='grc' dir='ltr'>ίδοὺ</span> <span class='ocrx_word' id='word_1_829' title='bbox 1664 2321 1763 2356; x_wconf 84' lang='grc' dir='ltr'>Ῥαχὴλ</span> <span class='ocrx_word' id='word_1_830' title='bbox 1780 2321 1798 2357; x_wconf 75' lang='grc' dir='ltr'><strong>ἡ</strong></span> 
     </span>
    </p>
   </div>
   <div class='ocr_carea' id='block_1_108' title="bbox 1006 2366 1799 2404">
    <p class='ocr_par' dir='ltr' id='par_1_108' title="bbox 1006 2366 1799 2404">
     <span class='ocr_line' id='line_1_108' title="bbox 1006 2366 1799 2404; baseline -0.003 -9"><span class='ocrx_word' id='word_1_831' title='bbox 1006 2369 1128 2404; x_wconf 79' lang='grc' dir='ltr'>θυγάτηρ</span> <span class='ocrx_word' id='word_1_832' title='bbox 1155 2368 1237 2395; x_wconf 71' lang='grc' dir='ltr'>αὑτοῦ</span> <span class='ocrx_word' id='word_1_833' title='bbox 1265 2368 1364 2402; x_wconf 83' lang='grc' dir='ltr'>ῆρχετο</span> <span class='ocrx_word' id='word_1_834' title='bbox 1389 2368 1457 2403; x_wconf 70' lang='grc' dir='ltr'>μετὰ</span> <span class='ocrx_word' id='word_1_835' title='bbox 1481 2367 1535 2393; x_wconf 82' lang='grc' dir='ltr'><strong>τῶν</strong></span> <span class='ocrx_word' id='word_1_836' title='bbox 1562 2366 1716 2402; x_wconf 77' lang='grc' dir='ltr'>προϐάτων.</span> <span class='ocrx_word' id='word_1_837' title='bbox 1745 2366 1799 2393; x_wconf 76' lang='lat' dir='ltr'><strong>Kal</strong></span> 
     </span>
    </p>
   </div>
   <div class='ocr_carea' id='block_1_109' title="bbox 1005 2412 1798 2449">
    <p class='ocr_par' dir='ltr' id='par_1_109' title="bbox 1005 2412 1798 2449">
     <span class='ocr_line' id='line_1_109' title="bbox 1005 2412 1798 2449; baseline -0.004 -8"><span class='ocrx_word' id='word_1_838' title='bbox 1005 2412 1081 2441; x_wconf 82' lang='grc' dir='ltr'>εἶπεν</span> <span class='ocrx_word' id='word_1_839' title='bbox 1110 2413 1222 2440; x_wconf 74' lang='grc' dir='ltr'><strong>Ἰακώϐ·</strong></span> <span class='ocrx_word' id='word_1_840' title='bbox 1237 2414 1297 2440; x_wconf 84' lang='grc' dir='ltr'>Ἔτι</span> <span class='ocrx_word' id='word_1_841' title='bbox 1312 2414 1385 2440; x_wconf 72' lang='grc' dir='ltr'>ἐστὶν</span> <span class='ocrx_word' id='word_1_842' title='bbox 1407 2413 1499 2449; x_wconf 81' lang='grc' dir='ltr'>ἡμέρα</span> <span class='ocrx_word' id='word_1_843' title='bbox 1522 2412 1616 2448; x_wconf 82' lang='grc' dir='ltr'>πολλὴ.</span> <span class='ocrx_word' id='word_1_844' title='bbox 1644 2412 1721 2439; x_wconf 78' lang='grc' dir='ltr'>οὔπω</span> <span class='ocrx_word' id='word_1_845' title='bbox 1739 2412 1798 2447; x_wconf 85' lang='grc' dir='ltr'>ὥρα</span> 
     </span>
    </p>
   </div>
   <div class='ocr_carea' id='block_1_110' title="bbox 1007 2456 1796 2495">
    <p class='ocr_par' dir='ltr' id='par_1_110' title="bbox 1007 2456 1796 2495">
     <span class='ocr_line' id='line_1_110' title="bbox 1007 2456 1796 2495; baseline -0.005 -9"><span class='ocrx_word' id='word_1_846' title='bbox 1007 2460 1173 2495; x_wconf 80' lang='grc' dir='ltr'>συναχθῆναι</span> <span class='ocrx_word' id='word_1_847' title='bbox 1197 2459 1230 2486; x_wconf 73' lang='grc' dir='ltr'><strong>τὰ</strong></span> <span class='ocrx_word' id='word_1_848' title='bbox 1252 2459 1347 2495; x_wconf 79' lang='grc' dir='ltr'>κτήνη.</span> <span class='ocrx_word' id='word_1_849' title='bbox 1372 2458 1503 2485; x_wconf 83' lang='grc' dir='ltr'>Ποτίσατε</span> <span class='ocrx_word' id='word_1_850' title='bbox 1528 2458 1562 2484; x_wconf 79' lang='grc' dir='ltr'>τὰ</span> <span class='ocrx_word' id='word_1_851' title='bbox 1589 2456 1729 2492; x_wconf 82' lang='grc' dir='ltr'>πρόϐατα,</span> <span class='ocrx_word' id='word_1_852' title='bbox 1750 2457 1796 2483; x_wconf 77' lang='grc' dir='ltr'>καὶ</span> 
     </span>
    </p>
   </div>
   <div class='ocr_carea' id='block_1_111' title="bbox 1006 2502 1797 2541">
    <p class='ocr_par' dir='ltr' id='par_1_111' title="bbox 1006 2502 1797 2541">
     <span class='ocr_line' id='line_1_111' title="bbox 1006 2502 1797 2541; baseline -0.008 -8"><span class='ocrx_word' id='word_1_853' title='bbox 1006 2506 1168 2537; x_wconf 78' lang='grc' dir='ltr'>ἀπελθόντες</span> <span class='ocrx_word' id='word_1_854' title='bbox 1184 2505 1306 2541; x_wconf 86' lang='grc' dir='ltr'>βόσκετε.</span> <span class='ocrx_word' id='word_1_855' title='bbox 1317 2506 1349 2532; x_wconf 73' lang='lat' dir='ltr'><strong>Oi</strong></span> <span class='ocrx_word' id='word_1_856' title='bbox 1360 2504 1387 2531; x_wconf 85' lang='grc' dir='ltr'><strong>δὲ</strong></span> <span class='ocrx_word' id='word_1_857' title='bbox 1402 2502 1493 2530; x_wconf 79' lang='grc' dir='ltr'>εἷπον·</span> <span class='ocrx_word' id='word_1_858' title='bbox 1502 2504 1545 2530; x_wconf 74' lang='grc' dir='ltr'><strong>’οὺ</strong></span> <span class='ocrx_word' id='word_1_859' title='bbox 1563 2502 1733 2538; x_wconf 81' lang='grc' dir='ltr'>δυνησόμεθα</span> <span class='ocrx_word' id='word_1_860' title='bbox 1745 2502 1797 2534; x_wconf 79' lang='grc' dir='ltr'>ἓως</span> 
     </span>
    </p>
   </div>
   <div class='ocr_carea' id='block_1_112' title="bbox 1005 2548 1795 2587">
    <p class='ocr_par' dir='ltr' id='par_1_112' title="bbox 1005 2548 1795 2587">
     <span class='ocr_line' id='line_1_112' title="bbox 1005 2548 1795 2587; baseline -0.008 -8"><span class='ocrx_word' id='word_1_861' title='bbox 1005 2552 1052 2579; x_wconf 78' lang='grc' dir='ltr'>τοῦ</span> <span class='ocrx_word' id='word_1_862' title='bbox 1071 2551 1235 2587; x_wconf 86' lang='grc' dir='ltr'>συναχθῆναι</span> <span class='ocrx_word' id='word_1_863' title='bbox 1258 2551 1361 2582; x_wconf 79' lang='grc' dir='ltr'>πάντας</span> <span class='ocrx_word' id='word_1_864' title='bbox 1382 2550 1445 2581; x_wconf 76' lang='grc' dir='ltr'>τοὺς</span> <span class='ocrx_word' id='word_1_865' title='bbox 1461 2548 1606 2584; x_wconf 78' lang='grc' dir='ltr'>ποιμένας,</span> <span class='ocrx_word' id='word_1_866' title='bbox 1626 2548 1673 2574; x_wconf 72' lang='grc' dir='ltr'>καὶ</span> <span class='ocrx_word' id='word_1_867' title='bbox 1690 2548 1795 2574; x_wconf 82' lang='grc' dir='ltr'>ἀποκυ-</span> 
     </span>
    </p>
   </div>
   <div class='ocr_carea' id='block_1_113' title="bbox 1005 2593 1794 2631">
    <p class='ocr_par' dir='ltr' id='par_1_113' title="bbox 1005 2593 1794 2631">
     <span class='ocr_line' id='line_1_113' title="bbox 1005 2593 1794 2631; baseline -0.008 -7"><span class='ocrx_word' id='word_1_868' title='bbox 1005 2597 1108 2624; x_wconf 77' lang='grc' dir='ltr'>λίσουσι</span> <span class='ocrx_word' id='word_1_869' title='bbox 1123 2597 1167 2623; x_wconf 77' lang='grc' dir='ltr'>τὸν</span> <span class='ocrx_word' id='word_1_870' title='bbox 1183 2596 1255 2623; x_wconf 87' lang='grc' dir='ltr'>λίθον</span> <span class='ocrx_word' id='word_1_871' title='bbox 1269 2596 1323 2623; x_wconf 82' lang='grc' dir='ltr'><strong>ἀπὸ</strong></span> <span class='ocrx_word' id='word_1_872' title='bbox 1335 2595 1381 2622; x_wconf 83' lang='grc' dir='ltr'>τοῦ</span> <span class='ocrx_word' id='word_1_873' title='bbox 1399 2595 1531 2631; x_wconf 84' lang='grc' dir='ltr'>στόματος</span> <span class='ocrx_word' id='word_1_874' title='bbox 1548 2593 1595 2620; x_wconf 85' lang='grc' dir='ltr'>τοῦ</span> <span class='ocrx_word' id='word_1_875' title='bbox 1611 2593 1736 2629; x_wconf 79' lang='grc' dir='ltr'>φρέατος,</span> <span class='ocrx_word' id='word_1_876' title='bbox 1748 2593 1794 2619; x_wconf 79' lang='grc' dir='ltr'>καὶ</span> 
     </span>
    </p>
   </div>
   <div class='ocr_carea' id='block_1_114' title="bbox 1006 2639 1794 2678">
    <p class='ocr_par' dir='ltr' id='par_1_114' title="bbox 1006 2639 1794 2678">
     <span class='ocr_line' id='line_1_114' title="bbox 1006 2639 1794 2678; baseline -0.008 -8"><span class='ocrx_word' id='word_1_877' title='bbox 1006 2643 1151 2678; x_wconf 84' lang='grc' dir='ltr'>ποτιοῦμεν</span> <span class='ocrx_word' id='word_1_878' title='bbox 1167 2642 1247 2670; x_wconf 82' lang='grc' dir='ltr'>αὐτά.</span> <span class='ocrx_word' id='word_1_879' title='bbox 1275 2643 1334 2669; x_wconf 87' lang='grc' dir='ltr'>Ἔτι</span> <span class='ocrx_word' id='word_1_880' title='bbox 1358 2641 1439 2668; x_wconf 79' lang='grc' dir='ltr'>αὑτοῦ</span> <span class='ocrx_word' id='word_1_881' title='bbox 1461 2640 1602 2671; x_wconf 77' lang='grc' dir='ltr'>λαλοῦντος</span> <span class='ocrx_word' id='word_1_882' title='bbox 1622 2640 1730 2671; x_wconf 84' lang='grc' dir='ltr'>αὐτοῖς,</span> <span class='ocrx_word' id='word_1_883' title='bbox 1748 2639 1794 2667; x_wconf 81' lang='grc' dir='ltr'>καὶ</span> 
     </span>
    </p>
   </div>
   <div class='ocr_carea' id='block_1_115' title="bbox 1011 2685 1794 2725">
    <p class='ocr_par' dir='ltr' id='par_1_115' title="bbox 1011 2685 1794 2725">
     <span class='ocr_line' id='line_1_115' title="bbox 1011 2685 1794 2725; baseline -0.009 -8"><span class='ocrx_word' id='word_1_884' title='bbox 1011 2689 1108 2725; x_wconf 85' lang='grc' dir='ltr'>Ῥαχὴλ</span> <span class='ocrx_word' id='word_1_885' title='bbox 1124 2691 1140 2725; x_wconf 90' lang='grc' dir='ltr'><strong>ἡ</strong></span> <span class='ocrx_word' id='word_1_886' title='bbox 1159 2689 1281 2724; x_wconf 83' lang='grc' dir='ltr'>θυγάτηρ</span> <span class='ocrx_word' id='word_1_887' title='bbox 1297 2689 1388 2715; x_wconf 83' lang='grc' dir='ltr'>Λάόαν</span> <span class='ocrx_word' id='word_1_888' title='bbox 1410 2688 1508 2724; x_wconf 72' lang='grc' dir='ltr'>ἤρχετο</span> <span class='ocrx_word' id='word_1_889' title='bbox 1525 2686 1594 2721; x_wconf 86' lang='grc' dir='ltr'>μετά</span> <span class='ocrx_word' id='word_1_890' title='bbox 1618 2686 1672 2712; x_wconf 85' lang='grc' dir='ltr'><strong>τῶν</strong></span> <span class='ocrx_word' id='word_1_891' title='bbox 1690 2685 1794 2721; x_wconf 78' lang='grc' dir='ltr'>προϐά‹</span> 
     </span>
    </p>
   </div>
   <div class='ocr_carea' id='block_1_116' title="bbox 1003 2731 1794 2770">
    <p class='ocr_par' dir='ltr' id='par_1_116' title="bbox 1003 2731 1794 2770">
     <span class='ocr_line' id='line_1_116' title="bbox 1003 2731 1794 2770; baseline -0.005 -8"><span class='ocrx_word' id='word_1_892' title='bbox 1003 2745 1056 2762; x_wconf 86' lang='grc' dir='ltr'><strong>των</strong></span> <span class='ocrx_word' id='word_1_893' title='bbox 1069 2735 1116 2762; x_wconf 75' lang='grc' dir='ltr'><strong>τοῦ</strong></span> <span class='ocrx_word' id='word_1_894' title='bbox 1130 2735 1233 2770; x_wconf 76' lang='grc' dir='ltr'>πατρὸς</span> <span class='ocrx_word' id='word_1_895' title='bbox 1247 2735 1341 2769; x_wconf 79' lang='grc' dir='ltr'>αὐτῆς.</span> <span class='ocrx_word' id='word_1_896' title='bbox 1359 2734 1432 2768; x_wconf 75' lang='grc' dir='ltr'>Αὕτη</span> <span class='ocrx_word' id='word_1_897' title='bbox 1449 2733 1503 2768; x_wconf 82' lang='grc' dir='ltr'><strong>γὰρ</strong></span> <span class='ocrx_word' id='word_1_898' title='bbox 1515 2732 1609 2758; x_wconf 74' lang='grc' dir='ltr'>ἔϐοσκε</span> <span class='ocrx_word' id='word_1_899' title='bbox 1623 2731 1657 2758; x_wconf 81' lang='grc' dir='ltr'><strong>τὰ.</strong></span> <span class='ocrx_word' id='word_1_900' title='bbox 1669 2731 1794 2767; x_wconf 77' lang='grc' dir='ltr'>πρόϐατα</span> 
     </span>
    </p>
   </div>
   <div class='ocr_carea' id='block_1_117' title="bbox 1003 2778 1794 2818">
    <p class='ocr_par' dir='ltr' id='par_1_117' title="bbox 1003 2778 1794 2818">
     <span class='ocr_line' id='line_1_117' title="bbox 1003 2778 1794 2818; baseline -0.003 -9"><span class='ocrx_word' id='word_1_901' title='bbox 1003 2781 1049 2809; x_wconf 74' lang='grc' dir='ltr'>τοῦ</span> <span class='ocrx_word' id='word_1_902' title='bbox 1068 2782 1172 2818; x_wconf 76' lang='grc' dir='ltr'>πατρὸς</span> <span class='ocrx_word' id='word_1_903' title='bbox 1190 2782 1285 2817; x_wconf 79' lang='grc' dir='ltr'>αὐτῆς.</span> <span class='ocrx_word' id='word_1_904' title='bbox 1306 2781 1429 2816; x_wconf 77' lang='grc' dir='ltr'>Ἐγένετο</span> <span class='ocrx_word' id='word_1_905' title='bbox 1442 2780 1469 2807; x_wconf 71' lang='grc' dir='ltr'><strong>δὲ</strong></span> <span class='ocrx_word' id='word_1_906' title='bbox 1485 2781 1522 2812; x_wconf 83' lang='grc' dir='ltr'>ὼς</span> <span class='ocrx_word' id='word_1_907' title='bbox 1546 2778 1599 2807; x_wconf 71' lang='grc' dir='ltr'>εἶδε</span> <span class='ocrx_word' id='word_1_908' title='bbox 1624 2778 1720 2808; x_wconf 74' lang='grc' dir='ltr'>Ἰακὼϐ</span> <span class='ocrx_word' id='word_1_909' title='bbox 1742 2779 1794 2816; x_wconf 73' lang='grc' dir='ltr'>τὴν</span> 
     </span>
    </p>
   </div>
  </div>
