1990 3050
184 161 235 191 193

696 156 956 187 GLAPIIYBORUM
976 157 1010 185 1N
1030 156 1180 186 GENESIM
1203 157 1267 185 UB.
1289 157 1332 186 IV.

1766 163 1818 192 196

188 220 291 257 Ῥαχὴλ
306 218 443 254 θυγατέρα
458 217 550 245 Λάϐαν
569 217 683 253 ἀδελφοῦ
695 218 745 253 τῆς
764 218 867 254 μητρὸς
875 217 974 250 αὐτοῦ,

1029 221 1067 245 cst
1080 217 1164 244 Jacob
1174 217 1275 244 Rachel
1292 225 1298 243 :
1310 221 1338 244 et
1355 216 1476 243 clamans
1488 224 1554 244 voce
1567 220 1625 251 sua,
1641 217 1724 252 ﬂevit,
1737 224 1764 247 et
1773 221 1818 249 in-

183 267 231 293 καὶ
245 264 403 301 προσελθὼν
412 264 560 291 ἀπεκύλισε
572 263 617 290 τὸν
630 263 703 290 λίθον
720 263 773 290 ἀπὸ
786 264 832 290 τοῦ
846 263 979 298 στόματος

183 311 231 338 τοῦ
247 311 382 347 φρέατος,
401 310 448 336 καὶ
475 309 583 335 ἐπότισε
607 309 641 335 τὰ
666 309 789 344 πρὸΰατα
815 308 906 335 Λάϐαν
932 308 978 335 τοῦ

167 387 170 390 Α
183 356 300 391 ἀδελφοῦ
313 355 363 391 τῆς
378 354 481 390 μητρὸς
497 354 590 381 αὐτοῦ.
605 355 660 381 Καὶ
673 355 800 389 ἐφίλησεν
817 354 915 381 Ἰακὼϐ
930 354 979 389 τὴν

189 402 302 437 Ῥαχὴλ,
328 400 374 428 καὶ
393 401 492 436 βοήσας
507 402 540 435 τῇ
562 401 637 435 φωνῇ
659 399 760 433 αὑτοῦ,
779 400 910 434 ἔκλαυσε,
933 401 979 427 καὶ

184 447 337 484 ἀπήγγειλε
352 448 384 483 τῇ
405 446 505 482 Ῥαχὴλ
519 447 561 473 ὃτι
579 446 736 481 ἀδελφιδοῦς
750 447 798 474 τοῦ
815 447 916 482 πατρὸς
931 447 979 473 db-

183 494 244 530 τῆς,
274 494 320 520 καὶ
342 495 383 520 ὅτι
401 493 458 524 υίὸς
493 492 641 524 Ῥεϐέκκας
659 492 728 520 ἐστί,
757 493 812 519 Καὶ
835 492 978 529 δραμοῦσα

184 539 336 575 ἀπήγγειλε
353 539 390 574 τῷ
409 539 493 574 πατρὶ
510 539 606 573 αὐτῆς.
622 538 692 565 κατὰ
707 540 741 565 τὰ
756 539 864 574 ῥήματα
881 539 977 566 ταῦτα.

192 585 315 619 Ἐγένετο
333 584 362 611 δὲ
377 584 414 615 ὡς
436 583 534 619 ἤκουσε
549 582 641 610 Λάϐαν
662 583 691 609 τὸ
710 582 794 618 ὄνομα
817 581 912 609 Ἰακὼϐ
932 581 978 608 τοῦ

187 630 246 657 υἱοῦ
260 631 310 666 τῆς
324 629 441 664 ἀδελφῆς
456 628 549 660 αὑτοῦ,
568 628 682 664 ἔδραμεν
696 629 735 660 εἰς
751 628 912 663 συνάντησιν
929 628 978 654 αὺ-

185 675 244 707 τοῦ,
260 676 306 702 καὶ
320 673 474 710 περιλαϐὼν
485 673 706 707 αὑτὸν,ὲφίλησε,
720 673 766 699 καὶ
778 673 923 708 εἰσήγαγεν
935 672 979 699 αύ-

186 720 232 747 τὺν
258 721 298 751 είς
317 719 361 746 τὸν
379 717 452 745 οἷκον
476 718 573 750 αὑτοῦ,
595 719 641 744 καὶ
658 718 805 753 διηγήσατο
825 718 863 752 τῷ
887 718 978 744 Λάὸαν

187 766 292 796 πάντας
308 765 371 794 τοὺς
386 764 484 798 λόγους
500 763 622 794 τούτους.
639 764 685 789 καὶ
700 760 776 789 εἶπεν
789 762 862 797 αὐτῷ
874 763 976 789 Λάϐαν-

189 822 199 838 ε
212 812 258 839 Ἐκ
269 811 322 837 τῶν
337 811 424 837 ὀστῶν
439 819 488 846 μου
500 811 546 837 καὶ
556 811 586 836 ἐκ
599 810 651 836 τῶν
667 809 775 845 σαρκῶν
789 807 814 835 εἷ
826 809 884 836 σύ.)
902 809 978 836 Μετὰ

186 857 236 892 τὴν
264 856 402 891 ἐξαίρετον
429 855 536 890 ἐκείνην
561 855 689 882 θεοπτίαν
719 855 765 881 καὶ
791 854 976 889 ἀποκάλυψιν

1030 263 1131 291 dicavit
1152 263 1264 295 Rachel,
1279 262 1351 297 quod
1379 262 1463 289 frater
1485 263 1569 297 patris
1581 263 1621 290 sui
1641 269 1693 296 est,
1703 269 1731 292 et
1743 265 1817 300 quod

1030 309 1102 337 ﬁlius
1116 309 1248 337 Rebeccae
1260 312 1301 335 est
1315 316 1321 334 :
1340 312 1367 335 et
1383 315 1499 335 currens
1515 307 1651 335 nuntiavit
1664 310 1735 343 patri
1756 318 1816 342 suo,

1030 356 1182 384 secundum
1193 355 1278 383 verba
1289 356 1356 382 haec.
1369 355 1480 382 Factum
1499 359 1540 382 est
1551 361 1653 387 autem,
1668 360 1698 382 ut
1714 357 1819 384 audivit

1030 402 1121 430 Laban
1131 409 1230 429 nomen
1241 401 1325 429 Jacob
1341 400 1390 428 filii
1402 401 1505 428 sororis
1518 408 1583 432 suae,
1594 401 1717 428 cucurrit
1731 402 1758 429 in
1773 409 1819 428 oc-

1030 456 1141 475 cursum
1154 448 1223 483 ejus,
1234 450 1261 474 ct
1271 447 1429 482 complexus
1436 454 1499 474 eum
1514 447 1654 474 osculatus
1668 451 1720 480 est,
1737 453 1765 474 et
1775 448 1818 474 in—

1029 492 1106 519 duxit
1119 492 1196 519 illum
1211 492 1238 518 in
1257 491 1368 519 domum
1382 499 1469 523 suam,
1483 495 1510 518 et
1522 492 1643 521 narravit
1652 492 1744 519 Laban
1760 500 1821 519 om-

1028 537 1074 564 nia
1086 537 1170 564 verba
1186 537 1253 564 haec.
1265 537 1299 564 Et
1310 536 1378 564 dixit
1392 536 1417 564 ei
1437 536 1529 564 Laban
1542 546 1548 563 :
1562 537 1602 564 Ex
1614 537 1723 565 ossibus
1739 538 1818 570 meis,

1029 587 1057 610 et
1068 590 1100 610 ex
1115 590 1197 609 carne
1217 590 1277 610 mea
1288 590 1318 610 es
1331 587 1360 610 tu
1371 583 1406 609 θ’.
1427 592 1436 609 ›
1461 583 1526 610 Post
1539 584 1667 610 eximiam
1679 584 1752 610 illam
1770 583 1819 610 Dei

1028 628 1163 656 visionem
1192 633 1274 664 atque
1297 629 1492 656 revelationem
1514 629 1594 665 (vidit
1619 630 1691 657 enim
1717 630 1819 657 scalam

1028 674 1227 709 pertingcntem
1252 674 1285 701 ad
1308 675 1417 707 coelum,
1442 678 1559 702 stantem
1584 683 1650 702 vero
1664 675 1692 702 in
1709 683 1741 702 ea
1763 676 1819 702 Do-

1028 720 1143 752 minum,
1161 725 1187 748 ct
1203 728 1312 748 sursum
1342 729 1374 748 ac
1393 721 1520 748 deorsum
1550 727 1743 756 percurrentes
1767 730 1817 749 an-

1028 765 1112 800 gelos,
1128 766 1207 800 119
1223 765 1381 800 audivitque
1398 765 1552 798 manifeste,
1576 766 1650 800 quod
1671 767 1741 794 Deus
1766 766 1818 801 ipsi

1028 815 1100 838 esset
1122 811 1276 842 adfuturus,
1299 811 1427 845 quodque
1445 811 1473 838 in
1490 811 1649 839 immensam
1663 813 1819 840 multitudi—

1027 864 1089 884 nem
1107 857 1270 891 populorum
1295 865 1388 884 semen
1410 863 1489 883 suum
1511 863 1712 892 propagaturus
1722 859 1817 894 esset),

185 903 311 929 τεθέαται
327 902 375 938 μὲν
389 902 443 938 γὰρ
457 901 578 936 κλίμακα
592 901 737 936 διήκουσαν
749 902 787 931 εὶς
799 901 843 927 τὸν
854 902 977 937 οὐρανὸν,

1031 907 1123 929 erecto
1140 902 1230 936 lapide
1246 902 1275 929 in
1290 907 1383 937 typum
1399 901 1501 929 Christi
1515 911 1521 928 :
1535 907 1599 930 tunc
1614 903 1723 930 demum
1741 904 1818 931 ﬁrma

187 949 328 984 ἐφεστῶτα
348 948 376 975 δὲ
389 948 434 975 τὸν
449 947 551 984 Κύριον
568 948 611 974 ἐπ’
629 947 731 982 αὐτῆς,
753 948 800 974 καὶ
818 948 874 974 ἄνω
887 956 916 974 τε
932 948 979 974 καὶ

186 995 262 1021 xire)
277 994 435 1026 διαθεόντας
454 995 517 1025 τοὺς
533 994 665 1028 ἀγγέλους
678 1013 685 1025 ,
702 994 802 1029 ἢκουσέ
818 1002 846 1020 τε
868 993 977 1027 σαφῶς,

186 1041 228 1066 ὅτι
239 1040 286 1066 καὶ
300 1040 425 1066 συνέσται
443 1039 509 1071 Θεὸς
522 1039 606 1074 αὐτῷ,
624 1039 669 1065 καὶ
684 1040 722 1070 είς
738 1039 841 1074 πληθὺν
857 1040 978 1075 ἀμέτρη-

186 1095 232 1112 τον
249 1085 369 1112 ἁπλώσει
383 1085 456 1111 λαῶν
478 1085 509 1112 τὸ
529 1085 641 1120 σπέρμα
661 1085 754 1112 αὑτοῦ.
771 1085 847 1112 Μετὰ
869 1085 898 1111 τὸ
913 1086 979 1111 ἀνα-

188 1131 324 1166 στηλῶσαι
335 1131 380 1157 τὸν
395 1131 468 1157 λίθον
484 1131 523 1162 είς
542 1130 625 1157 τύπον
637 1130 766 1166 Χριστοῦ,
784 1131 844 1157 τότε
861 1131 904 1166 δὴ,
917 1131 979 1157 τότε

186 1177 405 1212 τεθαρρηκότως,
422 1177 468 1202 καὶ
488 1176 687 1211 ἐρηρεισμένην
704 1176 773 1211 ἔχων
787 1177 833 1203 ἐπὶ
849 1177 909 1212 Θεῷ
930 1177 979 1212 τὴν

187 1222 235 1248 ἐπὶ
251 1224 306 1254 τοίς
324 1222 464 1257 ἐσομένοις
479 1222 575 1248 ἐλπίδα
586 1242 592 1254 ,
611 1222 678 1257 πρὸς
694 1223 738 1249 τὺν
754 1225 803 1258 τῆς
827 1223 979 1258 ἀποδημίας

189 1267 289 1294 σκοπὸν
307 1268 482 1298 συντείνετκι,
498 1267 543 1294 καὶ
560 1268 600 1298 είς
614 1267 665 1302 γῆν
684 1268 838 1302 ἀφικνεῖται
851 1268 899 1303 τὴν
911 1268 979 1304 πρὸς

188 1314 231 1349 ὴῶ
247 1314 384 1349 κειμένην.
397 1314 453 1340 Καὶ
467 1314 605 1349 γνώριμον
616 1314 696 1346 εὐθὺς
713 1314 872 1350 καθίστησιν
884 1314 979 1342 ἑαυτὸν

189 1360 297 1392 πολλοῖς
320 1361 367 1395 μὲν
389 1360 531 1396 ποιμέσιν,
556 1360 594 1391 ὡς
617 1360 658 1396 εἴη
684 1369 727 1392 τις
750 1361 797 1387 καὶ
821 1361 902 1393 αὐτὸς
920 1361 978 1389 ’τῶν

189 1407 259 1440 ἄγαν
274 1407 468 1442 ἐξησκημένων
483 1407 522 1438 εἰς
535 1407 726 1441 ποιμαντικήν.
749 1407 885 1443 Ἐντριῦὲς
899 1407 926 1433 δὲ
938 1408 978 1434 ὅτι

190 1453 284 1488 χρῆμα
298 1452 373 1488 αὐτῷ
389 1453 503 1488 φανερὸν
520 1453 664 1487 καθίστησι
683 1453 784 1487 λέγων’
800 1462 810 1478 ‹
829 1453 889 1480 ’Έτι
906 1453 978 1481 ἐστὶν

191 1498 281 1534 ἡμέρα
305 1498 400 1533 πολλή.
430 1497 487 1524 Νῦν
517 1496 562 1524 οὖν
595 1498 755 1529 ποτίσαντες
779 1498 812 1524 τὰ
836 1497 977 1532 πρόϐατα,

190 1544 354 1575 ἀπελθόντες
371 1543 492 1579 βόσκετε.
511 1552 521 1569 ι
534 1542 699 1578 Γνωρίζεται
714 1542 742 1569 δὲ
755 1542 802 1569 καὶ
814 1543 846 1578 τῇ
862 1542 909 1568 τοῦ
922 1542 977 1568 Λά-

190 1589 240 1617 δαν
258 1589 373 1625 Θυγατρὶ
389 1589 550 1624 πρωτόλειον
568 1588 661 1624 ὥσπερ
679 1596 705 1614 τι
725 1588 773 1614 καὶ
790 1587 916 1624 ἀπαρχὴν
928 1588 979 1623 τῆς

191 1635 303 1670 ἐνούσης
322 1636 396 1670 αὐτῷ
418 1635 620 1669 κολακάγαθίας
643 1635 796 1666 ἐπιδιδοὺς,
817 1634 848 1660 τὸ
864 1634 978 1666 ἀξιῶσαι

192 1682 330 1717 φροντίδος
349 1682 383 1708 τὰ
405 1682 449 1707 ὑπ’
474 1681 559 1715 αὐτῆς
583 1680 733 1716 βοσκόμενα
750 1680 796 1706 καὶ
819 1680 926 1706 ποτίσαι
946 1679 980 1706 τὰ

193 1728 326 1764 πρόῦατα.
347 1727 461 1754 Ἐνενόει
475 1727 529 1762 γάρ
543 1735 593 1753 που
611 1726 681 1753 κατὰ
696 1726 727 1753 τὸ
746 1726 819 1757 εἰκὸς
833 1725 911 1761 ἤθεσι
924 1726 979 1757 τοῖς

192 1773 311 1809 ἀρίστοις
324 1773 552 1808 ἐντεθραμμένος,
568 1772 605 1803 ὡς
620 1769 653 1807 ἦν
666 1771 866 1798 ἀκαλλέστατον
881 1770 978 1805 κομιδῇ

191 1819 326 1854 παρθένον
339 1817 421 1846 οὖσαν
440 1818 488 1853 τὴν
504 1817 604 1853 Ῥαχὴλ
614 1818 660 1844 καὶ
673 1818 702 1843 ὲν
713 1817 772 1853 ὥρα
786 1817 885 1852 γάμου,
901 1825 980 1851 περι-

194 1866 283 1900 μεῖναι
302 1865 356 1891 τῶν
383 1865 519 1900 ποιμένων
542 1864 592 1898 τὴν
614 1863 754 1899 ἄθροισιν,
776 1863 820 1890 ῐνα
839 1862 885 1889 τοῦ
905 1861 979 1888 λίθου

191 1911 370 1946 κεκινημένου
385 1910 481 1945 ποτίσῃ
504 1909 539 1936 τὰ
556 1909 688 1945 πρόϐατα,
704 1908 907 1944 παραχωροῦσα
925 1909 980 1940 τοῖς

191 1955 282 1986 ἄλλοις
295 1955 339 1982 διά
352 1964 381 1981 τε
395 1955 425 1981 τὸ
439 1954 566 1991 ᾇναλκες,
587 1953 633 1981 καὶ
651 1953 700 1988 τὴν
716 1953 842 1988 παρθένῳ
860 1953 980 1988 πρέπου-

193 2008 241 2027 σαν
257 2000 332 2027 αἰδῶ.
347 2000 450 2032 ’Ἄλλως
462 2008 490 2025 τε
503 1999 550 2025 καὶ
559 1999 640 2033 νόμος
651 1998 730 2025 αὑτὸν
741 1998 832 2025 ἐκάλει
843 1998 981 2034 φιλοστορ-

192 2048 263 2080 γίας,
282 2046 322 2078 εἴς
337 2054 369 2080 γε
389 2046 420 2072 τὸ
435 2046 532 2082 χρῆναι
554 2045 646 2071 λοιπον
661 2045 717 2076 τοῖς
742 2044 771 2077 ἐξ
788 2043 913 2079 αἵματος,
933 2044 981 2070 καὶ

192 2092 369 2127 ἁγχισπόροις
379 2091 572 2126 ἀναφαίνεσθαι
586 2091 732 2126 χρήσιμον.
745 2090 880 2116 Πεπότικε
890 2090 921 2125 δὴ
934 2087 980 2116 οὖν

193 2137 227 2164 τὰ
239 2138 363 2173 πρόϐατα
375 2137 424 2172 τῆς
443 2136 553 2172 Ῥαχὴλ,
571 2137 650 2171 μόνος
663 2136 709 2162 τοῦ
723 2135 840 2170 φρέατος
851 2135 980 2162 ἀποκυλί-

194 2192 241 2214 σας
257 2183 302 2209 τδν
317 2182 400 2209 λίθον.
422 2183 590 2217 Ἀναμνῆσαι
611 2181 639 2208 δὲ
663 2182 822 2215 ἀναγκαῖον,
841 2182 881 2207 ὅτι
903 2181 949 2207 καὶ
967 2181 981 2207 ὸ

192 2228 334 2260 θεσπέσιος
347 2229 449 2263 Μωσῆς
457 2228 506 2262 τῆς
518 2227 674 2261 Αίγυπτίων
687 2226 864 2262 ἁποδραμὼν,
880 2227 920 2258 εἰς
931 2226 980 2262 τὴν

192 2273 246 2300 τῶν
269 2274 442 2309 Μαδιηναίων
468 2274 625 2307 ἀφικνεῖται
649 2272 751 2308 χώραν.
779 2271 845 2299 Εἶτα
868 2273 979 2308 ποιμέσι

192 2319 355 2355 περιτυχὼν,
366 2319 468 2351 καὶτὰς
481 2318 528 2345 τοῦ
545 2318 626 2354 Ὶοθδρ
638 2318 790 2354 θυγατέρας
800 2319 979 2353 ἀδικουμένας

192 2362 289 2398 εὑρὼν,
298 2362 342 2389 διὰ
351 2362 405 2389 τῶν
415 2363 479 2389 τσων
492 2362 654 2398 ὲγνωρίζετο
665 2363 890 2398 σπουδασμὰτων.
903 2364 979 2398 Ἔχει

192 2409 220 2435 δὲ
234 2408 305 2435 οὕτω
320 2408 354 2435 τὰ
368 2409 410 2435 ἐπ’
425 2408 499 2443 αὐτῷ
513 2409 694 2444 γεγραμμένα
706 2416 714 2423 ·
735 2417 744 2434 ‹
768 2409 937 2444 Ἀνεχώρησε
951 2409 980 2436 δὲ

192 2455 293 2489 Μωσῆς
305 2454 359 2481 ἀπὸ
374 2453 521 2489 προσώπου
538 2453 647 2490 Φαραὼ,
664 2455 710 2480 καὶ
727 2454 885 2489 κατῴκησεν
900 2455 929 2482 ἐν
942 2456 976 2491 γῇ

191 2500 314 2536 Μαδιάμ.
335 2499 435 2527 Ἐλθὼν
445 2500 523 2532 δέείς
539 2500 591 2534 γῆν
605 2500 726 2535 Μαδιάμ,
737 2500 861 2527 ἐκάθισεν
875 2501 920 2527 ἐπὶ
930 2501 977 2528 τοῦ

193 2545 317 2581 φρέατος.
333 2545 379 2581 Τῷ
394 2545 422 2572 δὲ
437 2546 504 2580 ἱερεῖ
522 2545 634 2580 Μαδιάμ
652 2544 720 2581 ἦσαν
736 2546 805 2572 ὲπτὲι
820 2546 976 2582 θυγατέρες,

191 2592 384 2626 ποιμαίνουσαι
398 2590 432 2617 τὰ
451 2590 576 2626 πρόϐατα
591 2590 638 2617 τοῦ
654 2590 756 2626 πατρὸς
772 2590 861 2617 αὐτῶν
884 2591 975 2627 Ἰοθόρ.

192 2637 416 2672 Παραγενόμεναι
428 2637 467 2667 δὲ,
481 2636 594 2672 ἤντλουν
606 2636 657 2667 ἕως
676 2636 796 2671 ἔπλησαν
808 2636 856 2668 τὰς
869 2637 981 2671 δεξαμες

192 2685 247 2716 ια’,
264 2684 374 2710 ποτίσαι
394 2683 428 2709 τὰ
445 2682 568 2718 πρόϐατα
586 2682 633 2708 τοῦ
651 2683 752 2718 πατρὸς
770 2683 859 2709 αὐτῶν
883 2683 975 2719 ἸοΟόρ,

193 2729 413 2764 Παραγενόμενοι
444 2728 471 2755 δὲ
500 2729 524 2755 οἱ
554 2729 697 2763 ποιμένες,
727 2728 853 2761 ἐξέϐαλον
881 2730 975 2761 αὑτάς.

199 2775 327 2806 Ἀναστὰς
339 2775 368 2802 δὲ
389 2774 500 2809 Μωσῆς,
518 2774 634 2809 ἐρύσατο
647 2775 742 2807 αὐτὰς,
758 2775 805 2802 καὶ
821 2776 929 2801 erro-.th
945 2776 978 2801 τὰ

228 2879 253 2893 ’⁵
268 2876 336 2904 Gen.
351 2882 424 2907 xxix,
441 2873 534 2902 l—H.‘
553 2874 651 2902 ibid.7.
690 2876 698 2890 ²
719 2875 802 2902 ΕΚ(ίά⁴
823 2884 850 2909 ιι,
870 2876 960 2903 ίξὶκΞίΙ.

1029 950 1176 981 erectaque
1196 946 1223 974 in
1246 947 1333 974 Deum
1358 947 1391 974 de
1414 947 1514 974 futuris
1537 955 1595 982 spe,
1620 948 1819 983 profectionem

1027 999 1112 1026 quam
1127 992 1283 1019 instituerat
1297 996 1387 1027 urget,
1400 995 1427 1018 ct
1439 992 1563 1026 pervenit
1579 992 1606 1018 in
1627 992 1765 1027 regionem
1783 994 1820 1020 si-

1029 1040 1084 1063 tam
1105 1044 1232 1064 auroram
1250 1045 1349 1064 versus
1363 1045 1370 1063 :
1390 1036 1535 1071 statimque
1547 1045 1577 1064 sc
1590 1037 1650 1064 aliis
1664 1037 1758 1073 multis
1769 1046 1818 1073 pa-

1030 1082 1151 1109 storibus
1167 1087 1263 1110 notum
1278 1082 1351 1115 facit,
1369 1083 1454 1110 veluti
1466 1083 1600 1118 quispiam
1613 1084 1729 1111 multum
1746 1084 1774 1110 in
1789 1091 1818 1111 re

1029 1128 1171 1163 pastoritia
1195 1132 1328 1156 versatus.
1346 1128 1424 1162 Quod
1443 1136 1508 1156 vero
1531 1137 1592 1156 eam
1615 1129 1769 1157 exercuerit
1791 1133 1819 1156 et

1029 1175 1165 1207 calluerit,
1193 1175 1314 1202 ostendit
1333 1175 1448 1203 dicens:
1481 1186 1490 1201 ι
1510 1176 1607 1204 Adhuc
1627 1176 1743 1204 multum
1764 1176 1818 1204 diei

1021 1223 1162 1260 superest.
1185 1220 1265 1247 Nunc
1294 1221 1378 1256 igitur
1399 1221 1566 1256 adaquantcs
1591 1230 1656 1249 oves
1677 1222 1819 1250 disceden-

1030 1270 1071 1292 tes
1084 1266 1188 1300 pascite
1202 1266 1221 1292 ί.
1238 1276 1247 1291 ι
1266 1266 1447 1302 Cognoscitur
1462 1275 1528 1294 vero
1539 1268 1620 1295 etiam
1633 1276 1647 1294 a
1660 1268 1715 1295 ﬁlia
1725 1268 1818 1295 Laban

1029 1311 1114 1338 veluti
1138 1311 1274 1346 primitias
1296 1313 1428 1347 quasdam
1451 1317 1478 1340 et
1506 1314 1644 1348 specimen
1672 1314 1818 1349 probitatis

1029 1363 1085 1383 suae
1101 1356 1127 1384 ei
1146 1357 1289 1389 exhibens,
1310 1365 1404 1384 curam
1424 1365 1506 1392 quam
1519 1358 1552 1385 de
1564 1358 1651 1393 ipsius
1660 1359 1759 1387 ovibus
1770 1367 1818 1394 ge-

1029 1401 1118 1434 rebat,
1138 1402 1277 1436 adaquans
1300 1410 1357 1430 eas.
1372 1403 1543 1438 Intelligebat
1554 1404 1638 1437 enim,
1652 1408 1683 1431 ut
1701 1413 1750 1440 par
1762 1408 1817 1438 est,

1029 1447 1141 1482 optimis
1158 1448 1291 1476 nimirum
1311 1449 1436 1476 moribus
1450 1449 1606 1485 insignitus,
1629 1455 1709 1486 turpe
1721 1452 1816 1479 admo—

1030 1492 1095 1520 dum
1116 1493 1185 1526 fore,
1205 1494 1351 1533 Rachelem
1370 1496 1504 1530 virginem
1516 1497 1571 1532 jam
1589 1497 1712 1525 nubilem
1724 1503 1817 1533 pasto-

1031 1548 1093 1567 rum
1112 1548 1277 1568 concursum
1295 1545 1464 1576 exspectare,
1487 1546 1516 1569 ut
1530 1547 1637 1570 remoto
1649 1544 1738 1578 lapide
1752 1552 1818 1572 oves

1031 1586 1189 1621 adaquaret,
1204 1594 1264 1621 qua:
1278 1595 1389 1614 cessura
1406 1592 1479 1614 esset
1490 1589 1560 1620 aliis,
1576 1593 1634 1616 tum
1646 1589 1682 1616 ob
1695 1590 1819 1617 imbecil-

1029 1633 1143 1665 litatem,
1167 1637 1223 1660 tum
1244 1633 1280 1660 ob
1298 1641 1362 1661 eum
1381 1634 1427 1668 qui
1446 1632 1566 1669 virgines
1583 1636 1660 1662 decet
1674 1637 1817 1670 pudorem.

1029 1678 1116 1705 Aliter
1129 1686 1195 1706 vero
1207 1679 1290 1705 etiam
1305 1679 1398 1706 innata
1412 1680 1544 1707 naturalis
1559 1681 1661 1708 amoris
1672 1682 1715 1708 lex
1730 1682 1819 1717 ipsum

1029 1725 1196 1760 provocabat
1214 1724 1248 1752 ad
1270 1725 1454 1760 praestandum
1477 1726 1606 1758 oilicium,
1630 1731 1657 1754 et
1667 1727 1819 1762 juvandum

1030 1771 1249 1806 consanguineos
1282 1774 1310 1798 et
1342 1772 1522 1806 propinquos.
1550 1773 1705 1808 Adaquavit
1727 1774 1821 1810 itaque

1030 1822 1096 1842 oves
1115 1815 1252 1848 Rachelis,
1280 1816 1356 1843 solus
1379 1824 1394 1844 a
1421 1821 1505 1852 puteo
1526 1819 1671 1846 revolvens
1689 1820 1819 1854 lapide.

1029 1859 1163 1887 (lintei-um
1175 1860 1332 1888 meminisse
1344 1865 1453 1895 oportet
1465 1862 1590 1890 divinum
1603 1864 1685 1899 etiam
1697 1865 1818 1900 Moysen,

1030 1913 1091 1933 cum
1109 1914 1142 1933 ex
1159 1905 1275 1941 [Egypto
1293 1905 1402 1941 fugiens
1418 1907 1445 1934 in
1458 1908 1596 1943 regionem
1610 1900 1819 1937 Madianitarum

1030 1952 1211 1986 pervenisset,
1229 1957 1257 1979 et
1271 1953 1300 1979 in
1319 1955 1445 1987 pastores
1464 1954 1557 1981 ovium
1573 1955 1724 1988 incidisset,
1738 1956 1821 1984 ﬁlias-
1861 1953 1867 1959 ’

1030 2003 1085 2030 que
1096 1996 1192 2024 Jethro
1212 1996 1313 2032 injuria
1332 1997 1445 2025 affectas
1456 1999 1615 2033 reperisset,
1629 1999 1702 2027 idem
1712 2001 1819 2035 praesti-

1030 2042 1104 2069 tisse.
1119 2042 1159 2069 lta
1170 2050 1237 2070 vero
1249 2043 1352 2071 habent
1364 2051 1424 2078 quae
1436 2044 1469 2071 de
1481 2051 1514 2071 eo
1527 2041 1705 2080 seripta‘sunt
1719 2055 1725 2072 :
1741 2055 1750 2071 ι
1764 2047 1814 2074 Re-

1030 2089 1113 2116 cessit
1135 2093 1226 2116 autem
1245 2089 1349 2125 Moyses
1363 2097 1377 2117 a
1390 2089 1459 2117 facie
1473 2090 1634 2124 Pharaonis,
1646 2095 1674 2119 et
1685 2091 1820 2120 habitavit

1029 2133 1058 2160 in
1073 2137 1146 2160 terra
1159 2133 1275 2161 Madian.
1288 2134 1357 2162 Cum
1369 2140 1460 2162 autem
1473 2135 1594 2163 venisset
1605 2135 1633 2163 in
1647 2140 1748 2164 terram
1761 2137 1818 2165 Ma<

1031 2178 1105 2212 dian,
1119 2179 1191 2207 sedit
1202 2181 1278 2215 juxta
1291 2185 1416 2215 puteum.
1430 2180 1465 2208 At
1476 2181 1611 2209 sacerdoti
1624 2182 1730 2209 Madian
1739 2186 1818 2210 erant

1032 2228 1136 2260 septem
1157 2224 1220 2253 ﬁlia:
1239 2230 1382 2260 pascentes
1392 2233 1457 2253 oves
1472 2227 1557 2261 patris
1570 2227 1611 2254 sui
1628 2227 1735 2255 Jetbro.
1748 2228 1817 2256 Cum

1031 2271 1171 2299 venissent
1181 2276 1284 2305 autem,
1298 2273 1461 2300 hauriebam
1478 2273 1567 2308 quoad
1579 2273 1761 2308 impleverunt
1774 2282 1819 2302 ca-

1030 2318 1117 2350 nales,
1132 2321 1162 2345 ut
1173 2318 1344 2353 adaquarent
1356 2326 1421 2345 oves
1433 2319 1518 2353 patris
1532 2319 1574 2345 sui
1587 2319 1695 2346 Jetbro.
1714 2319 1818 2355 Super-

1029 2364 1172 2391 venientes
1182 2368 1272 2391 autem
1286 2369 1409 2399 pastores
1420 2364 1561 2399 ejecerunt
1572 2372 1628 2392 eas.
1642 2364 1763 2401 Sui-gens
1770 2374 1819 2394 au-

1032 2415 1087 2438 tem
1101 2410 1205 2446 Moyses
1220 2410 1348 2438 liberavit
1366 2411 1436 2443 illas,
1454 2415 1481 2438 et
1493 2411 1640 2446 adaquavit
1656 2419 1721 2440 oves
1731 2413 1819 2448 patris

1032 2455 1163 2490 ipsarum.
1192 2456 1320 2483 Reversae
1344 2460 1435 2483 autem
1460 2461 1524 2483 sunt
1546 2456 1580 2483 ad
1602 2457 1698 2484 Jethro
1712 2461 1818 2492 patrem

1032 2508 1122 2533 suum,
1140 2501 1187 2536 qui
1206 2501 1275 2528 dixit
1297 2501 1339 2528 eis
1354 2509 1360 2527 :
1378 2500 1467 2534 Quare
1482 2501 1631 2530 festinastis
1649 2503 1819 2530 adveniendo

1032 2545 1137 2572 hodie?
1156 2545 1210 2573 Illa:
1230 2549 1321 2572 autem
1335 2545 1464 2573 dixerunt
1479 2555 1485 2573 :
1501 2547 1587 2575 llomo
1597 2548 1740 2584 Egyptius
1751 2548 1819 2576 libe-

1032 2592 1101 2619 ravit
1108 2599 1158 2619 nos
1166 2599 1180 2618 a
1189 2592 1352 2626 pastoribus,
1362 2596 1389 2619 et
1399 2593 1477 2628 120
1485 2593 1575 2621 hausit
1585 2602 1682 2629 aquam
1692 2594 1783 2628 nobis,
1791 2599 1819 2622 ct

1033 2638 1180 2672 adaquavit
1203 2645 1268 2666 oves
1294 2643 1411 2666 nostras.
1434 2639 1481 2666 Ille
1505 2643 1596 2666 autem
1621 2640 1690 2667 dixit
1711 2641 1819 2668 filiabus

1033 2684 1090 2711 suis
1107 2692 1113 2710 :
1127 2684 1160 2711 Et
1172 2684 1219 2711 ubi
1233 2688 1275 2711 est
1285 2685 1297 2711 ἲ
1307 2689 1334 2712 et
1347 2693 1396 2712 cur
1407 2685 1447 2712 sic
1459 2685 1644 2720 dereliquistis
1657 2687 1794 2714 hominem
1807 2687 1819 2714 ’ἒ

1031 2730 1132 2758 Vocate
1156 2730 1239 2766 igitur
1261 2738 1334 2763 eum,
1358 2735 1387 2758 ut
1413 2733 1538 2760 comedat
1560 2741 1666 2768 panem.
1682 2733 1819 2761 Habitavit

1032 2779 1122 2803 autem
1144 2775 1250 2812 Moyses
1269 2777 1339 2812 apud
1361 2777 1500 2806 hominem
1523 2779 1542 2804 ⁵.
1558 2788 1567 2804 ι
1591 2778 1720 2814 lntelligis
1735 2778 1820 2814 igitur
