1990 3050
182 169 233 198 193

688 163 716 192 S.
738 163 876 192 CYRILLI
896 162 1131 191 ALEXANDRINI
1151 162 1309 190 ARCHIEP.

1761 163 1810 192 ἱΩΰ

180 232 236 260 quo
256 226 338 259 pacto
350 221 440 250 aﬂinia
460 220 663 256 quodammodo
675 220 746 248 inter
760 228 789 248 se
802 220 858 248 sint
869 220 965 249 utrius

1026 219 1150 252 πρόϐατα
1168 219 1215 245 τοῦ
1238 218 1341 253 πατρὸς
1357 218 1456 246 αὐτῶν.
1487 219 1671 255 Παρεγένοντο
1693 220 1722 248 δὲ
1745 223 1812 259 πρὸς

180 278 234 305 que
248 269 349 301 studia,
363 273 445 303 atque
457 268 552 295 eadem
564 275 614 302 per
627 270 758 302 utrosque
770 266 968 301 signiﬁcentur.

181 317 315 346 Cteterum
333 315 443 342 divinus
455 314 560 349 Moyses
571 313 733 349 propulsans
746 312 862 339 aliorum
878 315 970 346 pasto-

181 369 243 389 rum
265 361 394 397 injuriam
421 365 450 388 ct
463 361 529 392 vim,
559 360 651 387 hausit
675 363 703 386 et
717 358 863 392 adaquavit
875 365 971 392 greges

179 407 285 434 .lethro.
316 406 397 434 Solus
419 413 486 433 vero
505 405 589 433 Jamb
609 405 728 440 lapidem
752 403 884 434 revolvit,
907 409 971 429 cum

181 452 282 487 alioqui
301 451 496 486 quamplurimi
521 451 619 478 collata
647 456 729 484 opera
747 448 773 475 id
795 455 850 475 non
868 448 971 482 absque

181 497 281 524 sudore
301 496 390 524 facere
410 496 628 526 consuevissent,
647 499 675 521 et
687 493 833 528 adaquavit
844 493 972 521 similiter

181 550 247 569 oves
270 542 372 569 Laban.
394 542 432 569 Ac
452 540 682 576 quemadmodum
702 540 808 575 Moyses
819 540 847 566 in
859 539 970 566 domum

182 588 332 615 idololatrze
352 587 473 619 divertit,
497 587 534 613 ita
552 587 634 613 etiam
652 586 763 613 divinus
773 585 866 613 Iacob.
878 585 972 612 Laban

180 634 254 660 enim
271 633 362 660 adhuc
381 632 518 659 idolorum
539 632 669 659 adorator
680 635 708 658 et
717 631 807 658 cultor
819 633 889 658 erat.
902 630 971 658 Cum

181 687 246 706 vero
264 686 354 705 sermo
369 685 514 713 personam
533 685 564 704 ac
575 677 690 713 ﬁguram
702 676 866 712 populorum
879 676 906 703 in
919 675 972 703 ﬁde

180 724 264 751 Jaeob
279 723 416 755 tribuerit,
430 731 479 758 age
493 723 627 756 dicamus,
643 722 716 757 quod
738 722 856 750 interius
880 721 972 749 occul-

181 771 290 806 tiusque
310 770 428 805 spissum
443 770 560 797 historia
573 769 601 796 in
617 777 646 796 se
658 769 751 801 habet,
764 768 969 803 investigantes.

1028 264 1111 299 Ἰοθὺρ
1126 264 1173 290 τὸν
1186 265 1292 300 πατέρα
1306 263 1405 291 αὐτῶν.
1424 264 1453 290 '0
1464 264 1491 291 δὲ
1508 263 1583 293 εἶπεν
1597 266 1707 299 αὑταῖς·
1723 267 1756 294 Τί
1771 269 1812 296 ὅτι

1021 309 1168 344 ἐταχύνατε
1180 311 1226 337 τοῦ
1247 311 1450 346 παραγενέσθαι
1469 312 1589 348 σήμερον
1602 322 1609 346 ;
1628 314 1661 340 Αἰ
1677 313 1705 340 δὲ
1720 312 1795 341 εἶπον
1805 325 1812 331 -

1023 356 1183 392 Ἀνθρωπος
1197 357 1344 391 Αἰγύπτιος
1353 357 1487 392 ἐρρύσατο
1501 359 1574 393 ἡμᾶς
1583 359 1636 386 ἀπὸ
1650 359 1704 386 τῶν
1720 363 1814 396 ποιμέ-

1022 410 1085 433 νων,
1109 402 1156 429 κα¹ι
1177 402 1307 438 ἧντλησεν
1324 404 1401 438 ἡμῖν,
1421 405 1469 431 καὶ
1493 405 1602 431 ὲπότισε
1618 405 1654 432 τὰ
1677 403 1815 442 πρόϐατα]

1027 448 1056 475 '0
1074 448 1102 474 δὲ
1122 446 1182 475 εἶπε
1201 450 1260 480 ταῖς
1277 449 1443 485 θυγατράσιν
1459 451 1560 477 αὑτοῦ·
1581 453 1635 479 Καὶ
1654 452 1705 479 ποῦ
1723 453 1813 486 ἕστιν;

1023 495 1067 522 ἴνα
1082 494 1108 521 τί
1122 494 1193 521 οὕτω
1210 495 1422 523 καταλελοίπατε
1437 496 1483 524 τὸν
1496 498 1653 534 ἄνθρωπον;
1674 499 1813 526 Καλέσατι

1021 538 1068 566 οὖν
1084 540 1176 571 αὐτὸν,
1194 541 1268 572 ὅπως
1284 541 1357 576 φάγῃ
1377 542 1457 577 ἄρτον
1470 550 1476 557 ·
1493 543 1650 579 κατῳκίσθη
1667 542 1695 570 δὲ
1712 545 1814 579 Μωσῆς

1023 585 1096 620 παρὰ
1109 584 1147 620 τῷ
1160 584 1305 621 ἀνθρώπῳ.
1324 595 1332 611 ι
1347 585 1444 621 Συνίης
1456 584 1502 613 οὖν
1514 587 1588 618 ὅπως
1601 588 1703 622 ἀδελψὰ
1715 587 1813 623 τρόπον

1021 631 1081 657 τινὰ
1097 630 1132 657 τὰ
1151 631 1285 665 νοήματα,
1302 631 1349 657 καὶ
1370 631 1488 666 συγγενῆ
1507 640 1565 663 πως
1580 632 1649 665 ἄγαν
1664 633 1698 658 τὰ
1712 632 1741 666 ἐξ
1763 632 1813 660 αὒ-

1022 674 1075 700 τῶν
1087 674 1305 710 ὑποδηλούμενα.
1317 675 1391 710 Πλὴν
1403 677 1417 702 ὁ
1428 676 1569 708 θεσπέσιος
1583 675 1687 712 Μωσῆς
1699 677 1748 713 τὴν
1761 677 1813 704 τῶν

1023 722 1123 757 ἐτέρων
1140 722 1278 757 ποιμένων
1295 723 1452 758 ἀποστήσας
1468 722 1635 757 πλεονεξίαν,
1655 724 1770 760 ἤντλησέ
1785 732 1814 751 τε

1023 767 1070 793 καὶ
1083 767 1216 794 πεπότικε
1228 767 1278 798 τὰς
1297 767 1381 803 Ἱοθδρ
1392 767 1501 802 ἀγέλας.
1515 768 1569 796 Καὶ
1586 769 1665 803 μόνος
1677 769 1704 796 δὲ
1715 769 1760 796 τὸν
1774 769 1814 795 λί-

181 817 226 843 θον
246 816 410 844 ἀπεκύλισεν
438 815 545 849 Ἰακὼϐ,
568 816 657 842 καίτοι
677 816 811 842 πλείστων
826 816 897 842 ὅσων
919 815 969 841 οὐκ
988 814 1118 850 ἀνιδρωτὶ
1130 814 1209 841 τοῦτο
1221 816 1287 850 δρᾷν
1301 815 1444 847 εἰωθότων,
1460 816 1506 842 καὶ
1538 816 1686 844 πεπότικεν
1714 817 1814 851 ὁμοίως

180 862 214 889 τὰ
228 862 321 889 Λάσαν
339 862 495 898 θρέμματα.
514 862 569 889 Καὶ
587 861 681 897 ὥσπερ
698 861 801 896 Μωσῆς
820 862 860 893 εἰς
875 861 970 895 ἀνδρδς
989 860 1183 895 είδωλολάτρου
1201 861 1321 896 κατῆρεν
1353 860 1456 893 ἑστίαν,
1474 861 1546 888 οὕτω
1573 862 1620 888 καὶ
1635 863 1649 888 ό
1672 862 1815 893 θεσπέσιος

186 909 294 936 Ἰακώϐ.
310 909 432 936 Εἰόώλιιιν
451 909 504 945 γὰρ
524 909 564 935 ἔτι
583 908 777 944 προσκυνητὴς
791 906 826 943 ἦν
848 909 863 935 ὁ
894 907 987 935 Λάϐαν
1005 909 1053 934 καὶ
1069 908 1250 944 θεραπευτής.
1279 908 1387 944 Ἐπειδὴ
1401 908 1429 935 δὲ
1464 909 1493 935 τὸ
1514 909 1568 935 τῶν
1584 909 1612 936 ἐν
1633 910 1722 936 πίστει
1742 910 1814 936 λαῶν

180 955 325 991 πρόσωπόν
339 964 369 981 τε
392 955 439 982 καὶ
466 955 560 990 σχῆμα
582 954 769 989 περιτέθεικεν
791 954 806 979 ὁ
828 953 908 988 λόγος
930 952 970 988 τῷ
995 952 1110 987 Ἰακὼϐ,
1127 953 1192 989 φέρε
1211 954 1243 988 δὴ
1277 953 1400 989 λέγωμεν
1434 955 1468 981 τὰ
1484 954 1612 981 ἐσωτάτω
1630 956 1676 982 καὶ
1693 964 1816 992 κεκρυμ.

181 1003 260 1039 μένα,
277 1002 308 1028 τὸ
323 1002 374 1036 τῆς
392 1002 511 1038 ἱστορίας
525 1001 717 1037 ἁνευρύνοντες
731 1001 827 1036 πάχος.

215 1048 242 1075 5.
255 1047 376 1082 Populus
385 1047 476 1081 itaque
487 1050 605 1078 creatus,
615 1047 691 1081 juxta
702 1046 852 1073 Psalmista’,
861 1052 966 1076 vocem,
984 1047 1006 1076 Β

180 1103 236 1122 non
259 1095 339 1126 alius,
364 1097 395 1120 ut
416 1093 545 1126 arbitror,
569 1093 663 1125 fuerit,
687 1100 768 1127 quam
793 1099 880 1119 novus
900 1092 968 1118 etin

179 1140 301 1172 Christo,
326 1139 380 1166 hoe
405 1142 458 1171 est,
477 1138 524 1173 qui
547 1146 597 1173 per
609 1138 689 1165 ﬁdem
706 1137 734 1164 in
746 1137 970 1172 primogenitum

180 1186 294 1221 gloriam
317 1188 429 1212 evectus
452 1188 504 1216 est,
523 1184 633 1218 repulso
651 1184 743 1218 priore
756 1190 787 1210 ac
811 1182 920 1217 perdito
932 1182 970 1210 Is-

179 1230 263 1258 raele.
289 1229 388 1256 Factus
413 1228 548 1263 siquidem
575 1233 618 1255 est
635 1228 663 1254 in
688 1227 803 1255 caudam
817 1227 864 1262 qui
888 1231 970 1262 caput

178 1280 249 1308 erat,
268 1276 319 1302 hoc
336 1279 388 1307 est,
413 1275 490 1309 prior
505 1283 511 1308 ;
527 1275 630 1310 quique
644 1279 707 1302 ante
720 1274 837 1301 aliorum
846 1274 968 1302 vocatio-

178 1329 242 1349 nem
261 1321 386 1356 cognitus
396 1324 465 1353 erat,
479 1321 581 1348 assecla
595 1320 706 1348 dicitur.
719 1320 803 1348 Positi
818 1320 893 1348 enim
905 1324 969 1348 sunt

178 1373 193 1393 a
217 1370 303 1401 tergo,
325 1369 353 1392 et
369 1369 431 1400 post
451 1370 547 1400 gentes
559 1365 700 1393 incedunt.
714 1365 906 1400 Supplantator
918 1365 969 1392 ita-

177 1419 231 1445 que
251 1415 293 1438 est
309 1411 428 1446 populus
448 1411 476 1437 in
490 1410 600 1438 Christo
619 1419 669 1446 per
679 1411 772 1443 ﬁdem,
788 1414 869 1446 atque
881 1411 968 1438 instar

177 1457 264 1484 divini
277 1457 361 1484 Jacob
374 1461 415 1484 est
431 1456 551 1483 habitus.
569 1456 702 1484 Primitias
711 1464 778 1484 vero
791 1457 905 1492 hujusce
919 1464 966 1491 ge-

177 1502 253 1529 neris
267 1502 395 1529 censendi
409 1505 474 1529 sunt
486 1502 572 1529 sancti
585 1502 712 1537 apostoli,
728 1503 776 1537 qui
789 1502 843 1529 orti
855 1502 966 1536 quidem

176 1553 241 1576 sunt
263 1556 297 1575 ex
317 1548 449 1583 sanguine
468 1552 496 1575 et
513 1555 612 1583 genere
628 1547 711 1575 Israel
725 1556 732 1580 ;
745 1551 889 1583 postquam
901 1555 967 1574 vero

177 1594 258 1620 ﬁdem
285 1594 313 1621 in
339 1594 450 1621 Christo
472 1593 563 1627 adepti
585 1597 658 1625 sunt,
688 1601 720 1620 ac
738 1593 821 1620 veluti
837 1601 966 1620 coronam

176 1640 322 1675 quamdam
352 1639 473 1674 Spiritus
502 1639 589 1666 sancti
609 1639 724 1674 gratiam
749 1639 885 1674 capitibus
909 1639 967 1667 suis

181 1686 363 1721 adaptarunt,
388 1685 485 1712 offensi
511 1689 576 1712 sunt
598 1685 633 1712 iis
662 1684 709 1719 qui
733 1693 767 1712 ex
791 1693 892 1720 genere
916 1693 966 1713 suo

175 1735 264 1758 erant.
280 1730 385 1757 Idcirco
397 1721 546 1757 ad‘cmdem
566 1737 668 1765 pronos
689 1733 717 1757 et
731 1729 861 1757 ferociter
871 1729 966 1757 furen-

176 1781 218 1804 tes
242 1776 434 1808 deseruerunt,
460 1783 492 1803 ac
515 1779 620 1803 tantum
644 1783 698 1802 non
713 1783 728 1803 a
745 1780 860 1810 paterna
872 1776 963 1809 domo,

175 1823 288 1858 ipsaque
317 1821 386 1848 adeo
407 1822 494 1856 patria
524 1821 711 1853 discedentes,
744 1821 779 1848 ab
800 1821 962 1854 Jerusalem,

175 1867 297 1904 inquam,
318 1869 376 1895 sive
393 1868 550 1895 Judaeorum
566 1868 688 1903 regione,
702 1867 735 1895 ad
747 1872 842 1903 gentes
854 1875 883 1895 se
896 1875 964 1894 con-

175 1907 310 1946 tulerunt,
333 1913 472 1950 Christum
496 1913 630 1940 habentes
652 1913 853 1944 auxiliatorem,
879 1917 907 1940 et
929 1912 962 1939 ad

174 1967 257 1987 omne
277 1960 380 1987 bonum
404 1959 568 1994 adjutorem,
596 1959 766 1994 comitesque
783 1959 904 1994 angelos,
915 1966 962 1985 su-

173 2013 259 2041 perna
269 2013 317 2040 spe
327 2005 452 2038 stabiliti,
467 2009 549 2040 atque
561 2008 752 2040 exspectantes
768 2004 828 2031 ﬁeri
844 2013 853 2030 ε
871 2008 963 2038 patres

174 2051 322 2078 multarum
339 2050 462 2084 gentium
485 2050 495 2065 ³
511 2058 517 2076 :
535 2059 543 2075 ι
565 2049 634 2076 adeo
654 2052 684 2075 ut
696 2049 723 2075 in
740 2053 830 2076 ortum
841 2051 869 2075 et
884 2055 963 2075 occa-

173 2103 244 2127 sum,
268 2095 382 2122 boream
400 2099 429 2122 et
447 2099 571 2122 austrum
591 2094 714 2128 ipsorum
726 2101 818 2121 semen
830 2101 962 2128 propaga-

172 2145 267 2172 retur;
289 2140 365 2175 121
395 2140 447 2166 hoc
474 2143 525 2171 est,
551 2139 597 2173 qui
611 2146 659 2173 per
672 2138 753 2166 ﬁdem
766 2139 919 2174 regenerati
932 2138 961 2165 in

171 2186 281 2220 spiritu,
304 2190 332 2212 et
355 2185 383 2211 in
404 2185 515 2212 Christo
536 2183 677 2219 justiﬁcati
691 2187 776 2217 sunt;
796 2192 866 2219 quos
877 2184 960 2212 etiam

170 2232 345 2266 compellant,
363 2231 505 2258 dicentes:
530 2239 539 2255 ‹
557 2230 610 2257 Vos
627 2234 718 2257 autem
731 2237 817 2265 genus
830 2230 958 2264 electum,

171 2278 261 2312 regale
275 2277 545 2311 sacerdotium,gens
564 2280 668 2308 sancta,
687 2276 804 2310 populus
821 2276 869 2311 qui
881 2277 959 2303 lucro

170 2323 295 2354 accessit,
320 2327 350 2349 ut
374 2323 491 2349 virtutes
516 2321 673 2356 prmdicetis
688 2321 771 2353 illius,
791 2321 837 2356 qui
856 2329 905 2348 vos
924 2321 958 2349 de

171 2368 294 2396 tenebris
319 2369 426 2395 vocavit
449 2368 476 2394 in
498 2367 659 2394 admirabile
683 2367 776 2394 lumen
799 2375 888 2394 suum.
905 2367 956 2400 Qui

169 2412 308 2447 quondam
324 2412 408 2440 eratis
425 2420 479 2439 non
499 2412 626 2447 populus,
645 2420 718 2439 nunc
736 2416 827 2440 autem
840 2413 958 2447 populus

170 2459 247 2486 Dei‘.
260 2468 269 2484 ι
286 2457 365 2491 Quod
380 2466 446 2485 vero
462 2468 470 2483 ι
486 2463 577 2493 patres
590 2458 780 2493 populorum,n
799 2458 845 2492 qui
860 2458 893 2486 ad
909 2458 960 2486 d0-

170 2504 272 2532 eendos
285 2511 333 2531 eos
351 2503 493 2531 constituti
512 2507 586 2536 sunt,
612 2503 639 2530 in
668 2504 754 2531 sacris
774 2504 887 2531 Litteris
913 2512 960 2532 vo—

169 2554 276 2582 eentur,
304 2557 359 2584 quo
384 2553 464 2583 pacto
492 2549 605 2576 dubium
627 2556 686 2577 esse
700 2549 807 2583 possit?
823 2549 960 2577 Discesse-

171 2599 235 2622 runt
252 2595 344 2630 itaque
367 2603 382 2622 c
401 2595 556 2622 Judaeorum
582 2595 704 2631 regione,
731 2595 881 2630 relictoque
907 2603 955 2622 su-

170 2641 255 2675 perbo
276 2648 308 2668 ac
326 2641 525 2668 contumelioso
541 2641 641 2676 populo
660 2641 693 2667 ad
711 2645 805 2676 gentes
817 2641 954 2673 abierunt,

167 2688 243 2722 juxta
257 2687 404 2714 Salvatoris
418 2687 503 2714 nostri
514 2691 678 2722 prmeeptum
694 2687 714 2713 ⁵.
734 2687 868 2714 Cazterum
883 2687 957 2722 quod

169 2737 292 2767 pastores
305 2733 360 2760 sint
378 2733 525 2768 spiritales,
542 2740 573 2760 ac
584 2732 736 2768 disciplina:
750 2732 848 2760 divina:
863 2732 955 2767 periti,

167 2779 261 2806 statim
285 2778 434 2812 declarant,
455 2786 627 2813 nequaquam
644 2779 747 2806 otiosos
761 2786 821 2805 esse
835 2778 956 2805 sinentes

207 2869 216 2884 ³
229 2865 298 2895 Gen.
314 2875 376 2900 uti,
392 2868 418 2894 4.

979 1716 1000 1744 C

976 2389 997 2416 D

1054 1047 1089 1078 γ’.
1108 1043 1180 1075 Λαδς
1199 1044 1248 1078 μὲν
1267 1041 1313 1070 οὖν
1335 1044 1350 1070 6
1364 1044 1540 1079 κτιζόμενος,
1556 1045 1628 1072 κατά
1648 1053 1680 1079 γε
1695 1044 1745 1081 τὴν
1765 1046 1813 1072 τοῦ

1021 1090 1177 1120 Ψάλλοντος
1193 1089 1295 1124 φωνὴν,
1310 1089 1352 1124 εἴη
1367 1089 1400 1116 ἂν
1413 1089 1461 1124 οὐχ
1475 1090 1568 1125 ἕτερος
1578 1088 1653 1126 οἶμαί
1667 1099 1728 1123 που,
1745 1091 1815 1128 πλὴν

1020 1136 1034 1162 6
1050 1135 1108 1166 νέος
1123 1134 1172 1161 καὶ
1187 1135 1216 1161 ὲν
1232 1134 1360 1170 Χριστῷ,
1376 1136 1526 1168 τουτέστιν,
1544 1136 1558 1162 6
1576 1136 1620 1162 διὰ
1637 1136 1755 1168 πίστεως
1774 1138 1814 1169 είς

1021 1181 1069 1217 τὴν
1094 1180 1140 1208 τοῦ
1162 1181 1336 1215 πρωτοτόκου
1358 1180 1436 1211 δόξαν
1462 1182 1716 1217 παρενηνεγμένος,
1742 1191 1813 1219 παρ-

1021 1227 1136 1259 ωθέντος
1147 1228 1194 1253 τοῦ
1207 1227 1316 1262 πρώτου
1328 1227 1373 1254 καὶ
1381 1227 1618 1263 ὠλισθηκότοςλτοῦ
1637 1228 1755 1264 Ἰσραήλ.
1767 1229 1814 1256 Γέ-

1020 1281 1083 1307 γονε
1110 1273 1166 1308 γὰρ
1183 1273 1223 1304 εἰς
1248 1273 1332 1308 οὐρὰν
1353 1274 1366 1300 6
1390 1272 1520 1309 ὑπάρχων
1539 1273 1661 1309 κεφαλὴ,
1680 1275 1812 1308 τουτέστι,

1020 1315 1156 1351 προῦχων,
1169 1316 1215 1342 καὶ
1227 1316 1241 1342 6
1253 1317 1491 1352 προεγνωσμένος,
1506 1318 1555 1352 τῆς
1574 1318 1675 1354 ἐτέρων
1690 1319 1814 1354 κλήσεως

1020 1361 1254 1396 παρακολούθημα
1277 1361 1396 1396 λέγεται.
1418 1362 1558 1389 Τέθεινται
1577 1363 1631 1399 γὰρ
1655 1365 1696 1396 εἰς
1716 1365 1812 1397 νῶτον,

1019 1407 1066 1433 καὶ
1085 1408 1199 1434 κατόπιν
1220 1408 1276 1434 ἴασι
1295 1407 1350 1434 τῶν
1374 1407 1470 1437 ἐθνῶν.
1496 1409 1666 1445 Πτερνιστὴς
1688 1409 1735 1438 οὖν
1758 1412 1812 1447 ἄρα

1018 1451 1081 1484 λαὸς
1097 1454 1111 1479 6
1126 1453 1154 1479 έν
1168 1452 1278 1488 Χριστῷ
1291 1453 1336 1479 διὰ
1351 1453 1480 1486 πίστεως,
1494 1455 1541 1481 καὶ
1554 1455 1591 1486 ὡς
1605 1456 1634 1482 ἐν
1646 1456 1720 1489 τάξει
1736 1457 1812 1484 λελό-

1018 1507 1109 1532 γισται
1126 1499 1158 1534 τῇ
1181 1499 1252 1526 κατὰ
1270 1499 1315 1525 τὺν
1337 1499 1480 1527 θεσπέσιον
1506 1501 1614 1528 Ἰακώϐ.
1630 1502 1726 1529 Νοοῖτο
1741 1503 1765 1529 δ’
1779 1503 1812 1530 ἂν

1018 1544 1055 1576 ὡς
1073 1545 1102 1571 έν
1126 1545 1237 1581 ἀπαρχῇ
1258 1545 1304 1572 τοῦ
1328 1545 1450 1573 τοιούτου
1477 1547 1590 1580 γένους,
1613 1548 1628 1574 6
1650 1548 1703 1575 τῶν
1726 1548 1811 1583 ἁγίων

1018 1591 1174 1618 ἀποστόλων
1190 1591 1279 1626 χορὸς,
1296 1592 1320 1618 οἳ
1336 1593 1465 1628 γεγόνασι
1483 1592 1533 1627 μὲν
1546 1593 1575 1625 ἐξ
1592 1593 1709 1628 αἵματός
1723 1603 1753 1620 τε
1764 1595 1811 1620 καὶ

1018 1639 1113 1673 γένους
1132 1639 1240 1674 Ἰσραήλ
1251 1648 1257 1655 ·
1273 1639 1367 1674 ἐπειδὴ
1381 1639 1409 1666 δὲ
1422 1639 1470 1675 τὴν
1483 1641 1512 1666 ὲν
1526 1641 1638 1676 Χριστῷ
1654 1634 1806 1668 πίστινπε-

1018 1683 1203 1718 πλουτήκασι,
1222 1684 1269 1710 καὶ
1287 1683 1382 1719 ὥσπερ
1402 1684 1462 1711 τινὰ
1487 1685 1620 1718 στέφανον
1643 1685 1693 1720 τὴν
1711 1686 1744 1712 ἐκ
1761 1685 1809 1712 τοῦ

1016 1729 1094 1762 ἁγίου
1109 1729 1268 1764 Πνεύματος
1283 1729 1448 1764 ἁνεδήσαντο
1461 1731 1552 1765 χάριν,
1568 1730 1809 1766 προσκεκρούκασι

1015 1776 1071 1806 τοῖς
1093 1775 1126 1801 ἐκ
1147 1775 1251 1809 γένους.
1275 1775 1409 1811 Ταύτῃτοι
1432 1776 1585 1809 φονῶντας,
1612 1777 1660 1803 καὶ
1685 1777 1738 1812 μὴν
1762 1777 1810 1804 καὶ

1014 1821 1118 1856 ἀγρίως
1135 1820 1376 1856 ἑκλελυττηκότας,
1397 1821 1648 1856 καταλιμπάνουσι,
1668 1824 1808 1858 μονονουχὶ

1014 1865 1042 1892 δὲ
1063 1866 1110 1892 καὶ
1129 1866 1257 1901 πατρῴας
1276 1867 1381 1900 ἑστίας,
1399 1867 1445 1894 καὶ
1467 1867 1553 1902 αὐτῆς
1577 1869 1626 1904 τῆς
1642 1869 1808 1904 ἐνεγκούσης

1014 1911 1229 1947 ἀπανιστάμενοι
1242 1912 1304 1947 γῆς,
1322 1913 1394 1948 φημὶ
1415 1913 1447 1948 δὴ
1463 1913 1512 1948 τῆς
1531 1914 1713 1950 Ἰερουσαλὴμ
1725 1934 1732 1946 ,
1747 1915 1806 1950 ἦτοι

1013 1957 1062 1993 τῆς
1085 1957 1219 1984 Ἰουδαίων
1238 1958 1341 1994 χώρας,
1359 1959 1391 1994 τῇ
1412 1958 1467 1985 τῶν
1484 1958 1569 1985 ἐθνῶν
1589 1959 1804 1994 προσϐάλλουσ;,

1013 2003 1130 2038 Χριστὸν
1161 2003 1268 2039 ἔχοντες
1296 2004 1439 2040 ἁρῤωγὺν,
1470 2005 1517 2031 καὶ
1543 2005 1611 2041 πρὸς
1637 2007 1692 2033 πᾶν
1715 2006 1805 2034 ὁτιοῦν

1013 2049 1066 2076 τῶν
1098 2049 1210 2084 ἀγαθῶν
1250 2050 1437 2086 συλλήπτορα,
1472 2052 1519 2078 καὶ
1556 2052 1802 2087 συμπαραθέοντας

1013 2094 1076 2126 τοὺς
1090 2094 1233 2128 ἀγγέλους.
1254 2095 1301 2121 καὶ
1311 2095 1402 2122 ἐλπίσι
1426 2097 1486 2127 ταῖς
1511 2094 1613 2123 ἄνωθεν
1639 2097 1804 2133 ἐρηρεισμέ-

1013 2147 1054 2165 νοι
1068 2139 1127 2170 ,καὶ
1149 2138 1352 2174 προσδοκῶντες
1375 2139 1484 2166 ἔσεσθαι
1510 2149 1519 2165 ‹
1546 2140 1662 2176 πατέρες
1697 2140 1803 2167 πολλῶν

1011 2183 1110 2217 ἐθνῶν,
1135 2194 1144 2210 ι
1162 2184 1199 2216 ὡς
1223 2185 1263 2216 εἰς
1283 2185 1325 2220 ὴῶ
1348 2194 1377 2212 τε
1405 2186 1451 2212 καὶ
1474 2186 1560 2218 δύσιν,
1577 2186 1678 2222 βορρᾶν
1700 2195 1731 2213 τε
1756 2187 1802 2214 καὶ

1011 2230 1096 2263 νότον,
1116 2230 1148 2258 τὸ
1165 2231 1194 2264 ἐξ
1217 2231 1307 2258 αὐτῶν
1328 2232 1494 2259 ἑκτεὶνεσθαι
1522 2233 1648 2268 σπέρμα,
1665 2234 1800 2265 τουτέστι,

1010 2276 1073 2308 τοὺς
1104 2276 1148 2302 διὰ
1176 2277 1292 2309 πίστεως
1319 2278 1560 2313 ἀναγεννωμένους
1590 2279 1619 2305 ὲν
1654 2279 1800 2314 πνεύματι,

1010 2322 1056 2348 καὶ
1085 2323 1113 2348 ὲν
1144 2322 1254 2357 Χριστῷ
1284 2322 1522 2358 δεδικαιωμένους.
1553 2320 1601 2355 Οἷς
1633 2323 1679 2350 καὶ
1716 2332 1799 2359 προσ·

1010 2367 1130 2402 εφώνουν
1149 2368 1288 2402 λέγοντες·
1318 2378 1327 2394 ‹
1349 2368 1445 2404 Ὑμεῖς
1458 2369 1489 2404 δὴ
1505 2369 1581 2403 γένος
1594 2370 1733 2401 ἐκλεκτὸν,
1753 2370 1801 2405 βα-

1011 2413 1107 2439 σίλειον
1117 2413 1276 2448 ἱεράτευμα,
1288 2413 1363 2445 ἔθνος
1379 2414 1411 2448 ἆγ
1419 2423 1466 2446 ιον,
1479 2414 1543 2446 λαὸς
1556 2416 1594 2446 είς
1610 2415 1797 2451 περιποίησιν,

1009 2459 1083 2490 ὅπως
1105 2459 1154 2491 τὰς
1167 2458 1268 2494 ἀρετὰς
1292 2459 1466 2495 ἐξαγγείλητε
1482 2461 1527 2486 τοῦ
1545 2462 1577 2487 ἐκ
1595 2461 1707 2492 σκότους
1726 2461 1799 2496 ὑμᾶς

1009 2505 1174 2536 καλέσαντος
1188 2506 1228 2537 εἰς
1239 2505 1270 2531 τὺ
1281 2505 1437 2540 θαυμαστὸν
1453 2506 1536 2532 αὑτοῦ
1555 2506 1622 2540 φῶς.
1642 2507 1673 2533 Ol
1688 2508 1752 2534 ποτὲ
1766 2508 1796 2534 οὐ

1008 2550 1081 2583 λαὸς,
1091 2550 1138 2577 νῦν
1148 2550 1177 2577 δὲ
1193 2550 1256 2582 λαὸς
1268 2550 1334 2576 Θευῦ
1350 2552 1377 2577 ὲν
1393 2551 1512 2586 Χριστῷ.
1525 2561 1534 2577 ι
1547 2553 1606 2578 Ὂτι
1619 2552 1647 2578 δὲ
1666 2553 1797 2586 πατέρας

1008 2595 1091 2622 λαῶν
1114 2596 1140 2622 οἱ
1161 2596 1295 2622 διδάσκειν
1318 2597 1415 2628 αὐτοῦς
1435 2598 1643 2632 ἐπιτεταγμένοι
1664 2600 1739 2635 παρὰ
1762 2601 1795 2635 τῇ

1009 2641 1068 2676 θείᾳ
1081 2641 1228 2676 κέκληνται
1247 2642 1354 2677 Γραφῇ,
1368 2643 1425 2674 πῶς
1440 2643 1473 2669 ἂν
1489 2643 1633 2670 ἐνδοιάσειέ
1646 2653 1705 2677 mg;
1731 2646 1797 2672 Ἀπ-

1008 2686 1179 2721 ενοσφίζοντο
1191 2687 1280 2714 τοίνυν
1291 2688 1340 2723 τῆς
1349 2688 1482 2715 Ἰουδαίων
1498 2688 1598 2724 χώρας,
1611 2690 1658 2717 καὶ
1671 2690 1717 2717 τὸν
1729 2690 1795 2717 ἀλα-

1009 2733 1072 2764 ζόνα
1087 2733 1134 2760 καὶ
1149 2732 1281 2768 ὑϐριστὴν
1303 2734 1417 2766 ἀφέντες
1443 2734 1524 2767 λαὸν,
1543 2735 1705 2770 ἐστρέφοντο
1727 2735 1794 2770 πρὸς

1007 2777 1040 2804 τὰ
1056 2777 1130 2814 ἔθνη,
1145 2778 1215 2806 κατᾶ
1230 2778 1278 2811 τὰς
1295 2777 1341 2805 τοῦ
1355 2778 1480 2814 Σωτῆρος
1494 2780 1510 2814 ἡ
1516 2779 1574 2814 μῶν
1598 2779 1718 2812 ἐντολὰς,
1736 2779 1793 2807 ἀλλ’

461 2867 470 2882 ⁸
485 2867 493 2894 l
507 2867 578 2894 Petr.
595 2875 624 2900 ιι,
642 2866 720 2894 9.-ιο.
760 2866 770 2882 ⁵
783 2866 880 2894 Matth.
894 2873 988 2899 xxvm,
1008 2865 1052 2893 19.
