1990 3050
174 151 226 180 199

683 151 713 180 S.
733 151 870 181 CYRILLI
889 150 1123 180 ALEXANDl‘thl
1143 150 1301 178 ARCllllLP.

1746 150 1800 178 (ὲθθ

173 210 265 241 minus
281 218 288 236 :
310 209 374 244 quia
390 209 444 237 duo
461 210 531 237 mala
543 208 607 238 fecit
619 211 737 246 populus
753 219 840 238 meus.
857 211 897 238 Me
911 210 955 237 de-

1014 209 1122 244 ἕφριξεν
1147 209 1193 236 ἐπὶ
1213 209 1318 240 πλεῖον,
1338 207 1411 242 λέγει
1433 207 1535 243 Κύριος
1547 215 1554 223 '
1572 206 1613 234 ὅτι
1632 206 1679 234 δύο
1693 208 1799 243 πονηρὰ

173 256 345 290 reliquerunt
355 256 456 283 fontem
468 264 545 291 aquae
554 257 632 289 vivae,
647 261 675 284 ct
686 257 813 284 foderunt
829 257 881 283 sibi
897 257 962 291 ipsis

172 302 340 330 lacuscontri
345 307 396 334 tos,
405 303 452 337 qui
459 311 514 330 non
522 307 652 338 poterunt
659 304 799 330 continere
806 311 903 337 aquam
913 303 942 329 ἰ.
949 313 958 328 ι

172 347 250 382 Aqua
269 348 349 382 igitur
370 346 521 381 viviﬁcans,
533 349 643 376 divinus
657 353 699 376 est
711 356 810 376 sermo.
826 348 962 376 Cancrum

173 392 201 420 in
218 393 355 428 profundo
369 394 516 421 admodum
528 398 572 422 est
589 395 651 427 sita,
671 403 760 430 neque
775 395 909 430 quispiam
927 395 961 422 il-

173 439 228 466 lam
254 439 358 474 absque
383 440 484 467 sudore
506 445 706 475 consequatur;
733 448 788 468 non
817 441 889 468 enim
914 450 962 477 pa-

173 489 233 512 rata
254 490 297 514 est
314 486 347 513 iis
367 485 414 520 qui
433 486 530 513 volunt
554 486 726 520 simpliciter.
746 486 883 514 Incumbit
897 496 962 516 vero

172 531 198 558 ei
227 523 301 566 lapis.
325 532 514 566 gravissimus,
545 532 646 566 quique
673 533 814 567 aegerrime
840 534 961 561 amoveri

172 575 270 609 possit,
294 575 439 603 dillicultas
461 576 591 602 nimirum
607 576 763 604 intellectus
777 578 864 605 nostri
876 579 963 606 imbe-

171 621 312 649 cillitatem
333 629 476 656 superans,
498 625 527 648 et
548 630 659 650 necesse
677 623 757 658 plane
775 629 804 651 ut
824 632 961 652 summum

172 667 294 694 laborem
310 667 468 700 adhibeant,
486 668 534 702 qui
555 669 692 703 spiritales
702 677 768 697 oves
783 675 908 705 pascunt,
927 671 962 698 ad

172 711 243 739 hanc
257 712 440 740 diﬂicultatcm
454 713 634 741 amoliendam
646 720 727 750 atque
739 716 772 743 ad
784 716 961 744 hauriendam

171 766 281 793 aquam,
299 766 330 786 ac
342 759 427 786 veluti
442 768 474 787 ex
497 761 633 796 profundo
652 762 832 795 educendam,
852 763 961 789 audito-

171 804 248 831 ribus
268 804 296 830 in
316 812 396 831 usum
417 805 479 833 vitae
498 807 736 841 suppeditandam.
762 808 847 835 Porro
872 812 963 842 pasto-

171 856 216 876 res
228 849 360 884 gentium,
381 850 433 878 hoc
451 856 494 878 est
516 853 563 886 qui
576 853 648 887 apud
660 861 708 880 eos
723 854 847 888 plerique
858 853 962 881 haben—

1013 255 1141 289 ἐποίησεν
1157 254 1170 280 ὁ
1187 254 1249 285 λαός
1266 262 1327 288 μου.
1348 253 1412 288 Ἐμὲ
1431 252 1610 286 ἐγκατέλιπον
1629 251 1720 288 πηγὴν
1738 252 1800 279 ὓδα-

1011 309 1057 332 τος
1071 300 1181 334 ζῶντος,
1196 301 1242 328 καὶ
1256 300 1362 336 ὤρυξαν
1377 301 1483 332 ἑαυτοῖς
1502 300 1620 331 λάκκους
1637 308 1799 336 συντετριμ-

1014 347 1127 382 μένους,
1148 347 1172 373 οἳ
1189 347 1217 373 οὐ
1241 347 1401 381 δυνήσονται
1427 347 1498 382 ὓδωρ
1514 347 1645 381 συνέχειν.
1673 355 1682 372 ι
1707 346 1799 381 Ὕδωρ

1011 392 1042 427 δὴ
1059 390 1105 419 οὖν
1127 392 1158 418 τὸ
1175 392 1323 426 ζωοποιὸνξ,
1346 393 1360 418 ὁ
1383 392 1453 423 θεῖος
1472 392 1504 419 ἂν
1519 393 1559 428 εἴη
1574 392 1661 426 λόγος.
1680 392 1753 428 Πλὴν
1770 393 1800 420 ιν

1013 438 1089 473 βάθει
1101 440 1188 466 κεῖται
1204 439 1303 474 πολλῷ,
1320 439 1367 465 καὶ
1393 440 1444 465 οὐκ
1463 439 1495 466 ἂν
1507 436 1583 474 οἶμαί
1600 447 1642 470 τις
1656 438 1736 465 αὑτὸν
1751 440 1799 466 ἀνί

1012 485 1106 520 ιδρωτὶ
1122 484 1265 520 πορίσαιτό
1291 493 1366 512 ποτε.
1385 485 1422 511 Οὐ
1445 485 1498 520 γὰρ
1523 485 1630 520 ἕτοιμος
1653 485 1723 511 ἑλεῖν
1743 486 1798 516 τοῖς

1011 529 1148 556 ἐθέλουσιν
1162 529 1264 561 ἁπλῶς.
1291 529 1475 564 Ἐπωματίζει
1488 529 1516 556 δὲ
1534 528 1628 565 ὥσπερ
1639 529 1712 561 λίθος
1724 530 1798 565 αὐτῷ

1013 575 1098 610 βαρὺς
1118 575 1165 603 καὶ
1188 575 1454 610 δυσπαρακόμιστος,
1468 576 1484 609 ἡ
1500 575 1564 611 περὶ
1580 575 1660 602 αὑτὸν
1679 575 1798 610 ἀσάφεια

1010 621 1059 655 τῆς,
1079 622 1108 647 ὲν
1123 622 1188 656 ἡμῖν
1207 621 1325 652 διανοίας
1344 621 1446 648 νικῶσα
1459 622 1489 647 τὸ
1501 621 1624 656 ἀδρανὲς.
1641 621 1696 648 Καὶ
1711 621 1743 656 δὴ
1758 621 1798 647 δεῖ

1012 667 1093 693 πόνου
1115 667 1163 693 καὶ
1180 667 1290 702 ίδρῶτος
1315 667 1420 702 μακροῦ
1446 668 1502 698 τοῖς
1530 666 1564 693 τὰ
1586 666 1669 701 νοητὰ
1684 667 1797 693 κατανέ-

1013 721 1092 747 μουσι
1112 713 1257 748 θρέμματα
1282 713 1350 748 πρὸς
1368 713 1399 739 τὸ
1421 712 1574 746 ἀπαλλάξαι
1591 713 1640 747 μὲν
1661 713 1711 747 τῆς
1730 713 1797 739 ἀσα-

1011 759 1090 792 φείας
1119 759 1165 785 τὸν
1185 758 1274 792 λόγον,
1305 758 1458 794 ἀρύσασθαί
1483 767 1514 784 τε
1537 757 1609 784 οὕτω
1630 758 1721 784 λοιπὸν
1749 759 1798 784 καὶ

1010 804 1092 832 οἱονεί
1107 803 1168 836 ’πως
1194 805 1226 831 ἐκ
1250 804 1349 839 βάθους
1377 805 1415 834 εὶς
1439 803 1484 830 τὸν
1499 804 1554 830 ἄνω
1570 812 1599 829 τε
1619 803 1665 830 καὶ
1677 803 1796 838 ἐμφανὲς

1012 851 1141 884 ἐνεγκεῖν,
1155 849 1314 885 παραθεῖναι
1335 858 1364 875 τε
1383 849 1475 883 σαφῶς
1487 849 1526 880 είς
1542 839 1691 875 ἀπόλαυσιν
1708 848 1796 883 ζωαρ-

171 900 217 922 tur
232 896 380 930 sapientes,
398 897 532 925 varietate
546 898 704 933 dogmatum
731 899 765 926 de
791 900 857 932 Deo,
884 900 955 927 veri-

1011 897 1044 931 κῆ
1072 897 1128 927 τοῖς
1155 895 1366 930 ἐντευξομένοις.
1392 894 1460 921 Ἀλλ’
1486 895 1511 921 οἱ
1534 894 1582 929 μὲν
1606 894 1671 929 παρ’
1683 894 1796 929 Ἕλλησι

172 944 256 968 tatem
279 942 481 976 quodammodo
500 943 673 970 subvertunt.
707 944 784 979 123
811 944 870 971 Non
886 945 959 972 enim

171 991 246 1013 recte
271 987 306 1014 de
324 994 358 1014 eo
382 987 525 1015 sentiunt:
545 988 706 1016 conﬁtentes
721 990 832 1023 quidem
849 990 897 1017 Dei
909 998 958 1017 na-

172 1036 271 1064 turam,
302 1033 454 1061 tribuentes
479 1041 544 1061 vero
571 1035 686 1062 Deitatis
713 1036 837 1070 gloriam,
859 1036 959 1070 quibus

171 1079 238 1113 ipsis
263 1079 352 1106 visum
377 1079 469 1107 fuerit.
488 1081 594 1109 Snilieit
616 1086 707 1109 autem
722 1086 749 1109 et
764 1081 874 1116 quidem
889 1090 959 1110 unus

171 1124 246 1152 solus
260 1129 401 1159 pastorum
413 1126 441 1153 in
452 1126 563 1153 Christo
576 1127 610 1153 ad
622 1127 816 1154 dimovendum
832 1135 846 1154 a
864 1132 956 1162 puteo,

169 1171 346 1204 quantumvis
366 1180 447 1206 grave
474 1180 580 1205 saxum,
603 1173 655 1200 hoc
677 1177 728 1204 est,
745 1173 956 1208 operimentum,

169 1220 198 1242 et
218 1216 416 1249 dillicultatem,
443 1218 543 1252 quibus
560 1219 702 1246 sententiae
713 1219 746 1245 de
758 1219 813 1246 Deo
829 1224 892 1246 sunt
907 1220 957 1246 ob-

170 1265 266 1289 tectae:
297 1263 369 1290 unde
395 1264 566 1291 manifestam
594 1265 721 1299 gentibus
739 1265 869 1292 hauriunt
888 1265 958 1292 veri-

169 1311 264 1340 tatem,
280 1312 361 1342 atque
377 1317 462 1335 unum
482 1310 644 1336 naturaliter
661 1317 693 1336 ac
712 1317 775 1337 vere
790 1310 875 1337 Deum
891 1310 957 1345 ipsis

169 1357 336 1387 proponunt.
361 1353 496 1386 Quocirca
522 1355 619 1382 beatus
642 1355 742 1382 Paulus
759 1363 821 1382 cum
837 1356 958 1383 Athenas

170 1397 301 1431 venisset,
317 1399 487 1433 sapientibus
503 1401 563 1435 ejus
575 1401 693 1428 civitatis
707 1409 805 1435 aquam
819 1401 956 1429 viventem

168 1445 304 1479 apposuit,
315 1444 424 1472 dicens:
437 1455 445 1470 ι
463 1446 521 1473 Vir‘i
534 1446 726 1479 Athenienses,
740 1455 789 1481 per
799 1447 890 1474 omnia
900 1447 956 1475 fere

168 1496 216 1516 vos
223 1490 469 1524 superstitiosiores
481 1491 571 1518 video.
584 1487 747 1518 Praeteriens
760 1492 844 1525 enim,
857 1492 954 1527 inquit,

166 1538 196 1562 et
209 1536 398 1570 contemplans
422 1536 568 1563 simulacra
591 1541 694 1569 vestra,
720 1536 811 1564 inveni
829 1542 857 1564 et
879 1545 954 1564 aram

166 1581 212 1608 cui
237 1569 398 1615 inscriptum
422 1586 480 1608 erat
493 1591 499 1608 :
517 1582 611 1616 Ignoto
625 1583 690 1609 Deo.
701 1582 786 1615 Quem
801 1591 866 1618 ergo
881 1583 956 1618 igno—
969 1569 989 1597 Ο

168 1630 260 1654 rantes
278 1627 378 1659 colitis,
391 1627 466 1654 hunc
483 1635 533 1662 ego
544 1628 677 1655 annuntio
686 1628 765 1655 vobis
782 1630 813 1655 η.
827 1639 836 1654 ι
851 1629 955 1657 Videtis

167 1672 240 1699 enim
253 1679 307 1706 quo
324 1676 414 1706 pacto,
427 1673 535 1700 etiamsi
548 1673 712 1707 populorum
723 1674 844 1708 praefecti
852 1679 954 1707 essent,

167 1720 355 1752 pastoresque,
378 1721 406 1744 et
429 1718 522 1750 duces,
544 1719 656 1745 vixdum
682 1719 816 1746 tantillum
829 1720 955 1755 gravissi-

167 1768 242 1788 mum
260 1761 378 1796 lapidem
391 1770 406 1789 a
425 1765 508 1797 puteo
521 1762 671 1795 dimovent,
686 1763 730 1797 pie
749 1763 859 1798 quidem
874 1771 954 1799 agere

166 1814 196 1834 se
221 1807 420 1839 existimantes,
445 1807 518 1842 quod
535 1808 620 1835 Deum
637 1813 839 1840 revererentur,
851 1813 879 1835 at
888 1816 954 1836 vero

166 1852 246 1888 longe
268 1860 284 1879 a
294 1853 410 1880 veritate
432 1853 601 1881 aberrantes.
619 1854 763 1881 Exstructo
773 1854 846 1880 enim
862 1854 951 1886 altari,

166 1895 277 1925 titulum
298 1898 499 1933 imposuerunt,
523 1899 617 1935 Ignota
638 1899 702 1931 Deo,
724 1900 777 1927 hoc
797 1903 848 1930 est,
870 1899 953 1926 etiam

165 1951 221 1972 non
242 1945 352 1980 cognito
372 1937 499 1972 daemoni.
523 1945 659 1973 Caeterum
676 1945 715 1972 illi
730 1945 839 1980 quidem
851 1945 953 1980 optime

165 1996 195 2016 se
208 1989 242 2016 de
259 1989 316 2016 Deo
331 1990 433 2017 sentire
447 1990 589 2024 putabant.
604 1990 719 2017 Damnat
735 1994 826 2017 autem
840 1998 900 2017 eam
911 1990 953 2017 in-

164 2034 344 2069 scriptionem
367 2034 476 2062 divinus
496 2035 597 2062 Paulus
610 2055 617 2067 ,
638 2035 838 2069 artiﬁcioseque
859 2035 952 2062 admo-

164 2077 232 2105 dum
259 2078 293 2106 ad
315 2078 342 2105 id
365 2079 439 2113 quod
453 2079 563 2114 expedit
583 2078 703 2112 deducit,
731 2078 870 2107 Christum
891 2087 951 2108 esse

164 2123 260 2151 dicens
282 2124 368 2151 Deum
390 2124 457 2159 ipsis
481 2125 613 2160 ignotum.
633 2134 642 2150 ι
653 2124 739 2157 Quem
752 2125 826 2152 enim
837 2133 896 2158 vos,
910 2126 952 2153 in-

163 2170 234 2204 quit,
248 2170 404 2205 ignorantes
415 2170 515 2203 colitis,
532 2171 606 2197 hunc
621 2177 670 2206 ego
684 2171 816 2198 annuntio
834 2171 920 2199 vobis.
937 2181 946 2198 ι

164 2215 247 2243 Vides
265 2223 320 2250 quo
336 2220 415 2250 pacto
432 2216 532 2243 retexit
553 2220 677 2251 puteum,
695 2217 866 2252 removitque
881 2217 950 2252 lapi-
968 2233 988 2260 ο

163 2261 238 2295 dem,
268 2266 296 2289 et
320 2261 502 2289 vivificantem
528 2261 711 2296 cognitionem
734 2262 799 2297 ipsis
821 2264 949 2290 ostendit.

164 2306 387 2341 lncomparabilis
408 2306 491 2341 igitur
505 2312 547 2333 cst
564 2310 703 2341 pastorum
719 2306 859 2334 industria:
870 2307 951 2335 ditl‘c-

164 2351 262 2378 rentia.
285 2351 327 2378 llli
348 2352 432 2383 enim,
455 2352 562 2379 etiamsi
587 2351 663 2378 multi
688 2352 835 2379 admodum
847 2357 948 2385 essent,

163 2404 255 2424 veram
268 2396 301 2423 de
311 2396 367 2424 Deo
381 2397 544 2424 sententiam
558 2398 676 2424 assecuti
689 2406 743 2425 non
756 2403 829 2431 sunt,
851 2402 879 2426 et
898 2399 949 2426 do-

162 2444 283 2476 gmatum
307 2441 474 2469 obscuritate
486 2442 562 2474 victi,
580 2442 614 2469 ad
632 2442 659 2469 id
675 2442 748 2476 quod
760 2442 826 2476 ipsis
838 2443 949 2470 videba-

163 2491 216 2519 tur,
241 2486 323 2514 delati
344 2491 417 2514 sunt.
432 2488 482 2515 llic
500 2496 566 2515 vero
578 2488 630 2515 etsi
642 2488 716 2514 solus
728 2488 871 2520 exsistens,
884 2496 946 2523 pro-

161 2532 253 2567 posuit
269 2533 424 2560 veritatem.
444 2533 580 2561 Amolilus
594 2534 667 2561 enim
685 2538 727 2561 est
740 2534 856 2569 lapidem
872 2534 946 2562 solus

164 2577 254 2610 Iacob,
279 2581 306 2605 et
331 2578 457 2605 Rachelis
476 2586 541 2606 oves
562 2578 715 2613 adaquavit.
732 2579 818 2606 Porro
837 2579 945 2614 dignam

159 2623 253 2654 etiam,
273 2632 333 2657 qua:
347 2629 496 2656 amaretur,
509 2625 618 2652 censuit
631 2625 759 2660 puellam.
778 2634 786 2650 ι
801 2624 945 2652 Osculatus

159 2668 232 2695 enim
256 2673 306 2699 est,
339 2669 436 2704 inquit,
458 2670 569 2702 Rachel,
592 2674 619 2697 et
634 2671 760 2705 cognitus
779 2670 889 2705 quidem
903 2674 944 2698 est

159 2713 250 2740 statim
272 2721 286 2740 a
304 2713 395 2741 Laban
420 2714 451 2746 ”,
470 2724 478 2739 ι
500 2715 547 2749 qui
560 2714 642 2741 domo
653 2722 701 2742 sua
718 2714 847 2750 deinceps
863 2723 942 2742 exce-

159 2758 209 2793 pit,
222 2766 368 2794 amorcque
379 2763 407 2787 et
418 2760 588 2795 amplexibus
602 2761 730 2796 dignatus
741 2765 783 2789 est
795 2761 887 2789 fratris
901 2763 943 2789 sui

194 2850 213 2866 ¹¹
227 2850 317 2877 Jercm
347 2860 374 2884 ιι,
393 2851 432 2884 l2,
451 2852 488 2878 l’i.

1010 941 1148 975 ποιμένες,
1161 940 1309 971 τουτέστιν,
1327 940 1352 965 oi.
1371 940 1436 974 παρ’
1453 939 1545 970 αὺτοῖς
1562 935 1638 973 σόφοὶ
1655 939 1701 965 καὶ
1716 938 1796 972 λογά-

1009 987 1053 1018 δες
1077 986 1170 1013 πολλοὶ
1193 986 1240 1013 καὶ
1259 985 1328 1012 κατὰ
1349 985 1452 1019 πληθὺν
1473 984 1628 1016 συνθέοντες
1648 984 1702 1010 τῶν
1732 983 1796 1018 περὶ

1009 1032 1076 1059 Θεοῦ
1088 1032 1230 1067 δογμάτων
1242 1031 1324 1058 οἱονεὶ
1335 1031 1365 1057 τὸ
1381 1030 1480 1066 ἀληθὲς
1494 1029 1686 1065 παροχλίζουσι
1697 1037 1704 1044 °
1723 1028 1795 1060 δοξά-

1009 1078 1084 1110 ζουσι
1095 1077 1148 1113 γὰρ
1156 1078 1206 1104 οὐκ
1220 1077 1287 1113 ὀρθὰ
1300 1077 1363 1112 περὶ
1381 1076 1475 1108 αὑτοῦ,
1490 1076 1556 1102 Θεοῦ
1573 1076 1622 1111 μὲν
1631 1075 1794 1111 ὁμολογοῦν-

1008 1132 1054 1154 τες
1072 1123 1170 1158 φύσιν,
1190 1123 1364 1158 διανέμοντες
1383 1122 1410 1149 δὲ
1430 1122 1479 1157 τὴν
1494 1122 1542 1157 τῆς
1562 1122 1687 1156 θεότητος
1706 1121 1793 1153 δόξαν,

1008 1167 1048 1201 οἷς
1066 1169 1098 1196 ἂν
1115 1169 1217 1196 ἕλοιντο
1231 1169 1322 1204 τυχόν.
1342 1169 1469 1204 Ἔξαρκεῖ
1480 1168 1508 1194 δὲ
1523 1169 1571 1194 καὶ
1593 1168 1671 1202 μόνος
1684 1166 1724 1199 εἷς
1740 1168 1794 1194 τῶν

1008 1214 1037 1241 ἐν
1051 1214 1162 1249 Χριστῷ
1171 1214 1309 1249 ποιμένων
1324 1214 1488 1248 ἀποκινῆσαι
1500 1212 1546 1238 τοῦ
1561 1212 1686 1248 φρέατος,
1705 1213 1794 1239 καίτοι

1009 1260 1105 1295 κομιδῇ
1124 1259 1348 1294 δυσδιακόμιστον
1361 1259 1426 1285 ὄντα
1437 1258 1481 1285 τὸν
1495 1258 1568 1285 λίθον
1579 1266 1586 1274 ·
1601 1258 1733 1290 τουτέστι,
1745 1258 1794 1292 τὴν

1008 1305 1215 1341 ὲπερῤιμμένην
1230 1306 1289 1336 ταῖς
1309 1304 1372 1340 περὶ
1392 1303 1459 1330 Θεοῦ
1473 1304 1562 1336 δόξαις
1585 1303 1744 1338 ὲπικάλυψίν
1764 1311 1793 1329 τε

1007 1352 1056 1378 καὶ
1081 1351 1234 1385 ἀσάφειαν,
1251 1350 1311 1377 ὅθεν
1336 1350 1439 1385 ἐναργῆ
1462 1351 1517 1381 τοῖς
1539 1349 1626 1375 ἔθνεσι
1643 1348 1792 1374 καθιστῶσι

1007 1397 1055 1432 ’τὴν
1084 1396 1223 1431 ἀλήθειαν,
1247 1395 1293 1422 καὶ
1312 1395 1357 1421 τὸν
1375 1394 1422 1421 ἕνα
1445 1395 1492 1421 καὶ
1512 1393 1590 1428 φύσει
1614 1393 1660 1420 καὶ
1686 1392 1792 1428 ἀληθῶς

1007 1441 1238 1478 παραδεικνύντες
1260 1441 1336 1472 Θεὸν,
1353 1440 1383 1467 οὐ
1400 1440 1594 1467 διαλελοίπασι.
1612 1439 1667 1466 Καὶ
1694 1438 1758 1473 γοῦν
1777 1439 1792 1463 ό

1010 1488 1144 1523 μακάριος
1158 1487 1264 1518 Παῦλος
1286 1486 1428 1522 Ἀθήνῃσιν
1445 1485 1538 1517 ἐλθὼν,
1552 1486 1606 1516 τοῖς
1619 1484 1682 1520 τῇδε
1697 1484 1791 1518 λογάσι

1007 1533 1036 1559 τὸ
1055 1532 1127 1568 ὕδωρ
1141 1533 1171 1559 τὸ
1187 1532 1240 1564 ζῶν
1264 1532 1413 1567 παρετίθει,
1437 1531 1532 1565 λέγων·
1550 1541 1558 1556 ι
1576 1531 1692 1565 ’Λνδρες
1713 1530 1791 1565 Ἀθη-

1006 1579 1095 1610 ναῖοι,
1123 1578 1192 1603 κατὰ
1224 1577 1311 1603 πάντα
1340 1577 1377 1608 ὡς
1405 1575 1696 1611 δεισιδαιμονεστέρους
1719 1575 1791 1610 ὑμᾶς

1007 1623 1110 1658 θεωρῶ.
1135 1623 1313 1657 Διερχόμενος
1329 1623 1382 1657 γὰρ
1394 1642 1400 1653 ,
1418 1621 1496 1656 φησὶ,
1514 1622 1560 1647 καὶ
1580 1620 1741 1656 ἀναθεωρῶν
1756 1621 1790 1647 τὰ

1007 1668 1165 1703 σεϐάσματα
1192 1668 1279 1702 ὑμῶν,
1303 1665 1380 1703 εὗρον
1401 1669 1447 1694 καὶ
1464 1668 1565 1703 βωμὸν,
1585 1668 1613 1693 ὲν
1629 1663 1653 1700 ᾧ
1674 1667 1791 1702 ἐπεγρά-

1006 1721 1070 1747 φετο
1082 1721 1088 1727 ·
1114 1713 1256 1748 Ἀγνὼστῳ
1266 1713 1334 1748 Θεῷ.
1347 1715 1393 1740 Ὃν
1404 1712 1450 1740 οὖν
1465 1713 1625 1748 ἀγνοοῦντες
1641 1712 1788 1744 εὐσεϐεῖτε,

1004 1758 1097 1785 τοῦτον
1119 1758 1173 1792 ἐγὼ
1194 1759 1370 1793 καταγγέλλω
1391 1759 1466 1794 ὑμῖν.
1484 1769 1493 1784 ι
1510 1759 1629 1785 Βλέπετε
1646 1759 1700 1793 γὰρ
1716 1758 1788 1790 ὅπως

1004 1803 1092 1830 καίτοι
1105 1803 1176 1830 λαῶν
1198 1804 1273 1836 om;
1294 1804 1450 1839 ἡγούμενοι,
1477 1805 1524 1831 καὶ
1543 1804 1596 1831 τῶν
1618 1804 1692 1839 παρά
1714 1812 1791 1838 caput

1004 1850 1131 1884 ποιμένες
1150 1850 1196 1876 καὶ
1221 1850 1384 1885 καθηγηταὶ,
1405 1851 1479 1886 μᾶλις
1498 1851 1544 1877 τοῦ
1566 1851 1679 1886 φρέατος
1702 1851 1788 1886 βραχὺ

1004 1895 1205 1930 παροχλίξουσι,
1218 1895 1262 1922 τὸν
1273 1896 1391 1931 δυσαχθῆ
1403 1896 1486 1928 λίθον,
1499 1897 1619 1923 εὐσεϐεῖν
1639 1896 1688 1931 μὲν
1698 1896 1788 1930 οίόμε-

1004 1949 1053 1971 νοι,
1070 1940 1113 1967 διά
1127 1949 1157 1974 γε
1177 1941 1226 1975 τῆς
1239 1941 1278 1972 είς
1293 1941 1324 1967 τὸ
1337 1941 1407 1968 θεῖον
1420 1941 1520 1973 αἰδοῦς,
1538 1941 1603 1968 πολὺ
1618 1941 1646 1967 δὲ
1661 1942 1710 1977 τῆς
1722 1941 1788 1977 άλημ

1004 1985 1078 2018 θείας
1107 1986 1322 2022 ἀπεσφαλμένοι.
1353 1987 1449 2022 Βωμὸν
1474 1988 1529 2023 γὰρ
1553 1988 1763 2023 ἀναδειμάμενοι
1778 2005 1787 2020 ,

1004 2031 1113 2067 γραφὴν
1129 2031 1320 2064 ἐνεκόλαπτον,
1342 2032 1490 2067 Ἀγνώστῳ
1508 2032 1577 2065 Θεῷ,
1592 2033 1727 2065 τουτέστι,
1741 2034 1788 2060 καὶ

1003 2077 1041 2111 τῷ
1058 2077 1096 2112 μὴ
1110 2077 1258 2112 γνωσθέντι
1273 2078 1390 2113 δαίμονι.
1411 2078 1480 2104 Ἀλλ’
1498 2079 1596 2105 ἐκεῖνοι
1613 2079 1664 2114 μὲν
1673 2079 1787 2115 ἀρίστην

1002 2122 1124 2158 ἐνόμιζον
1148 2123 1194 2149 ἐπὶ
1219 2123 1278 2159 Θεῷ
1296 2123 1345 2159 τὴν
1364 2124 1442 2156 δόξαν
1464 2124 1544 2151 ἑλεῖν.
1568 2124 1787 2159 Κατασοφίζεται

1001 2167 1029 2194 δὲ
1048 2168 1098 2204 τὴν
1117 2168 1225 2204 γραφὴν
1251 2169 1265 2195 ὁ
1286 2169 1430 2202 θεσπέσιος
1449 2169 1571 2204 Παῦλος,
1598 2169 1645 2197 καὶ
1666 2170 1733 2196 πολὺ
1754 2169 1789 2205 δὴ

1001 2213 1059 2240 λίαν
1073 2214 1205 2248 εὐτέχνως
1218 2215 1280 2248 ἄγει
1295 2215 1362 2250 πρὸς
1379 2215 1409 2241 τὸ
1420 2216 1566 2250 χρήσιμον,
1578 2216 1622 2242 τὸν
1642 2216 1692 2242 οὐκ
1703 2216 1787 2249 ὲγνωο

1003 2259 1100 2294 σμένον
1119 2260 1209 2292 αὐτοῖς
1227 2260 1304 2293 Θεὸν,
1315 2261 1430 2296 Χριστὸν
1443 2260 1510 2288 εἶναι
1524 2261 1621 2296 λέγων.
1639 2272 1647 2287 ι
1669 2263 1716 2288 Ὃν
1732 2261 1788 2297 γὰρ

1001 2306 1089 2341 ὑμεῖς,
1100 2306 1194 2341 φησιν,
1208 2305 1367 2340 ἀγνοοῦντες
1376 2307 1526 2338 εὐσεϐεῖτε,
1542 2307 1636 2333 τοῦτον
1649 2307 1704 2341 ἐγὼ
1720 2316 1785 2333 κατ-

999 2351 1122 2386 αγγέλλω
1140 2352 1216 2386 ὑμῖν,
1233 2361 1242 2376 ι
1266 2353 1347 2387 Ὀρᾷς
1366 2352 1439 2383 ὅπως
1456 2350 1613 2387 ἁπεκάλυψε
1634 2352 1665 2378 τὸ
1685 2352 1782 2387 φρέαρ,

999 2397 1147 2424 ἀπεκύλισε
1165 2397 1209 2424 τὸν
1227 2397 1310 2429 λίθον,
1326 2398 1374 2433 τὴν
1386 2397 1518 2430 ζωοποιδν
1531 2398 1623 2430 αὐτοῖς
1642 2399 1785 2434 παρέδειξε

999 2442 1108 2476 γνῶσιν.
1127 2442 1304 2478 Ἀσύγκριτος
1320 2443 1406 2469 τοίνυν
1421 2444 1470 2479 τῆς
1483 2443 1537 2469 τῶν
1553 2444 1688 2478 ποιμένων
1704 2443 1782 2478 ἀγχι-

998 2489 1073 2520 νοίας
1098 2490 1114 2524 ἡ
1136 2488 1261 2524 διαφορά.
1285 2490 1315 2516 υἱ
1342 2490 1391 2524 μὲν
1417 2490 1488 2526 γὰρ,
1510 2491 1599 2517 καίτοι
1622 2490 1681 2517 λίαν
1706 2490 1782 2521 ὄντες

1000 2534 1101 2567 πολλοὶ,
1121 2534 1169 2570 τῆς
1183 2535 1299 2570 ἀληθοῦς
1310 2544 1342 2561 πε
1349 2535 1374 2570 pl
1391 2535 1457 2562 Θεοῦ
1475 2536 1553 2570 δόξης
1571 2537 1685 2562 κατόπιν
1698 2536 1783 2571 ᾔεσαν

999 2580 1046 2607 καὶ
1064 2581 1112 2615 τῆς
1135 2580 1188 2606 τῶν
1211 2580 1352 2615 δογμάτων
1369 2581 1501 2615 ἀσαφείας
1522 2581 1680 2617 ἡττώμενοι,
1697 2590 1784 2617 παρεσ

999 2625 1114 2660 φέροντο
1133 2626 1200 2661 πρὸς
1213 2626 1243 2652 τὸ
1253 2626 1357 2654 δοκοῦν.
1370 2627 1399 2653 Ὀ
1416 2627 1444 2653 δὲ
1456 2628 1544 2654 καίτοι
1560 2628 1639 2662 μόνος
1649 2627 1686 2654 ὢν
1701 2637 1784 2663 παρε·

997 2672 1066 2699 τίθει
1079 2674 1128 2707 τὴν
1145 2673 1280 2708 ἀλήθειαν.
1309 2673 1467 2700 Ἀπεκὺλισε
1484 2673 1537 2709 γὰρ
1555 2674 1600 2700 τὸν
1613 2674 1685 2701 λίθον
1703 2675 1782 2709 μόνος

997 2719 1011 2744 ὀ
1031 2717 1137 2749 Ἰακὼϐ,
1157 2718 1202 2744 καὶ
1221 2718 1255 2744 τὰ
1270 2718 1321 2744 ὑπὸ
1335 2718 1384 2754 τὴν
1405 2719 1506 2754 Ῥαχὴλ
1523 2719 1626 2751 ποτίζει
1646 2720 1781 2755 πρόϐατα.

998 2763 1052 2790 Καὶ
1067 2763 1116 2798 μέν
1126 2771 1164 2789 τοι
1180 2763 1338 2798 ἀξιέραστον
1350 2765 1441 2798 ἡγεῖτο
1456 2764 1504 2798 τὴν
1519 2764 1611 2801 κόρην.
1625 2775 1634 2790 ι
1653 2765 1779 2801 Ἐφίλησε

531 2853 550 2868 ¹¹
568 2853 625 2880 Act.
642 2861 705 2885 xvu,
724 2853 767 2886 9.2,
786 2853 829 2880 23.
869 2853 890 2868 ”
905 2853 973 2881 Gcn.
991 2862 1063 2887 xxtx,
1084 2854 1124 2881 il.
