1990 3050
159 167 214 195 205

655 165 916 194 οιΑΡιιϊῐιοιὶυῇι
936 165 969 194 IN
990 166 1139 195 GENESIM
1172 167 1237 195 LIB.
1257 168 1301 195 IV.

1742 168 1795 198 206

163 223 338 259 θεοπνεύστῳ
354 224 463 258 Γραίρῇ,
477 223 506 249 τὸ
518 222 744 258 ἀπερισπάστως,
767 223 849 258 φημὶ.
874 231 957 258 προσ-

1012 232 1070 252 rere
1085 225 1151 256 Deo,
1170 232 1259 259 neque
1275 225 1330 252 ullo
1349 224 1429 251 modo
1448 224 1543 255 dividi.
1563 225 1620 253 sive
1632 226 1747 254 distrahi
1763 229 1796 255 ad

163 270 284 307 εδρεὺειν
297 269 366 305 Θεῷ,
386 270 432 296 καὶ
451 270 488 305 μὴ
503 269 661 305 μερίζεσθαί
675 277 720 295 ποι
734 269 802 302 πρὸς
818 269 851 296 τὰ
867 271 894 296 ὲν
910 269 951 295 κό-

165 327 236 353 σμῳ.
254 326 264 342 α
280 317 309 344 '0
330 317 384 351 γὰρ
415 316 540 350 ἄγαμος,
571 316 654 350 φησὶν
669 316 683 341 6
699 315 816 346 Παῦλος,
838 315 957 350 μεριμνᾷ

163 364 198 390 τὰ
220 362 267 389 τοῦ
290 362 410 397 Κυρίου·
438 362 452 387 6
474 361 501 387 δὲ
518 360 686 396 γεγαμηκὼς
708 361 827 398 μεριμνᾷ
853 361 888 387 τὰ
910 361 956 387 τοῦ

165 409 286 444 κόσμου,
306 408 365 439 πῶς
379 407 472 442 ἀρέσει
485 408 518 442 τῇ
537 407 658 441 γυναικὶ,
674 407 722 434 καὶ
738 407 913 442 μεμέρισται.
946 416 954 431 ›

202 455 234 487 ζ’.
252 455 329 486 ’Ἅλις
341 454 373 490 δὴ
386 451 431 481 οὖν
447 454 512 489 ἡμῖν
527 453 574 480 τοῦ
589 452 654 488 περὶ
668 453 771 479 τούτων
786 453 877 487 λόγου.
889 453 958 486 Φέρε

164 501 403 537 ξὴθεωρήσωμεν,
425 501 480 532 τοῖς
508 500 703 534 πνευματικοῖς
730 499 889 535 θεωρήμασι
914 497 958 524 τὸν

166 548 230 574 νοῦν
245 547 377 578 ἐνιέντες·
394 547 482 573 ἐκεῖνο
507 546 743 581 διενθυμούμενοι.
763 546 809 573 καὶ
825 545 896 581 μάλα
913 545 958 580 6p-

167 593 233 624 θὼς,
251 592 288 624 ὡς
310 592 359 618 οὐκ
381 591 496 626 ἄμισθος
525 589 559 626 ἦν
580 592 636 622 τοῖς
656 591 745 624 ἁγίοις
771 590 929 621 ἀποστόλοις
946 591 960 616 ὀ

167 639 215 665 ἐπὶ
233 639 289 670 τοῖς
309 638 470 673 κηρύγμασι
495 637 585 669 πόνος,
612 636 674 663 οὔτε
701 636 755 672 μὴν
774 637 926 672 ἀγέραστος
945 636 960 662 6

169 684 260 720 ἱδρώς.
275 685 347 719 Ἐφη
356 684 409 720 γὰρ
427 685 441 710 ὁ
454 683 547 711 Λάὸαν
559 683 627 718 πρὸς
646 682 744 710 Ἰακώϐ
753 691 759 697 ’
779 693 788 709 ι
800 684 836 709 Οὐ
850 683 959 710 δουλεύ-

169 740 226 762 σεις
251 739 296 766 μοι
318 730 432 765 δωρεάν.
449 739 457 755 ι
486 729 642 756 Ἑποιοῦντο
658 729 686 755 δὲ
709 729 756 755 καὶ
775 730 798 755 οἱ
822 729 960 756 θεσπέσιοι

169 776 451 812 μ.α(]ηταὶ,λαμπρῶν
481 776 648 811 αὐχημάτων
677 775 805 802 ὑπόθεσιν
826 776 876 811 τὴν
906 776 961 801 τῶν

168 825 351 850 πιστευόντων
374 825 403 850 ὲν
423 824 520 858 ἀρχαῖς
546 822 660 857 πληθύν.
682 821 932 857 Προσεφώνειγοῦν
947 823 961 848 ὀ

168 870 274 902 Παῦλος
302 870 410 900 αὐτοῖς’
424 869 534 904 ιμΧαρέι
558 869 604 895 καὶ
625 868 755 902 στέφανός
772 876 853 903 μου.)
877 867 959 894 ’Υπο-

170 917 271 951 μνῆσαι
287 916 315 942 δὲ
343 916 400 942 δεῖν
420 915 575 949 ἀναγκαίως
592 914 776 949 ὑπολαμϐάνω
796 913 851 940 τῶν
869 914 897 941 ὲν
913 914 962 950 ἀρ·
978 909 997 935 Π

167 964 229 997 lci;
260 963 326 997 ἡμῖν
354 961 555 997 χρειωδέστοιτα
599 960 843 996 παρειλημμένων.
871 960 961 995 ’Έφην

167 1009 233 1043 γὰρ,
248 1009 289 1035 δτι
304 1008 333 1034 τὸ
354 1007 500 1043 πρέσωπον
520 1006 618 1033 Ἰακὼϐ
641 1007 679 1038 ὡς
692 1008 720 1033 ὲν
738 1007 868 1042 θεωρίαις
881 1015 962 1034 πνευ-

168 1056 298 1089 ματικαῖς
315 1054 461 1081 ὑποδύεται
481 1053 529 1089 μὲν
546 1052 602 1080 ἐσθ’
617 1053 659 1079 ὅτε
672 1053 726 1079 τῶν
747 1052 831 1087 ἁγίων
845 1052 961 1079 ἀποστὸ-

167 1101 221 1127 λων
235 1102 249 1127 ὁ
266 1100 356 1136 χορὸς,
373 1101 410 1132 ὼς
431 1100 544 1135 ἀπαρχὴ
564 1099 685 1134 γεγονὼς
704 1099 758 1125 τῶν
782 1099 961 1134 ὴγιασμὲνων

168 1149 197 1174 ἐν
215 1147 360 1182 πνεύματι,
381 1147 427 1174 καὶ
451 1148 479 1173 ἐν
497 1146 587 1172 πίστει
608 1145 838 1180 δεδικαιωμένωνν
863 1144 908 1171 ὁτὲ
933 1144 960 1171 δὲ

167 1191 201 1219 αὖ
222 1193 267 1218 καὶ
292 1192 372 1224 αὐτὸς
386 1194 399 1218 ὸ
415 1191 543 1227 Χριστὸς,
565 1191 603 1222 ὡς
628 1191 676 1226 τῆς
702 1189 902 1225 ἀνανεουμένης
922 1191 962 1221 είς

167 1239 322 1274 ἀφθαρσίαν
353 1238 563 1274 ἀνορωπότητος
589 1236 711 1272 ἀπαρχὴ,
732 1237 770 1268 ὡς
791 1236 961 1271 πρωτότοκος

167 1287 196 1312 ὲν
220 1286 327 1318 πολλοῖς
347 1285 482 1320 ἀδελφοῖς,
503 1284 541 1316 ὼς
562 1283 687 1319 δεύτερος
714 1283 811 1318 Ἀδὰμ,
827 1283 874 1310 καὶ
900 1282 962 1318 ῥίζα

165 1331 214 1358 τοῦ
237 1331 332 1365 γένους
357 1330 472 1365 δευτέρα
495 1330 563 1365 μετὰ
590 1329 639 1364 τὴν
659 1328 782 1364 πρώτην.
798 1328 961 1364 Περιτρέπει

166 1377 256 1403 τοίνυν
270 1378 284 1403 6
296 1377 374 1411 λόγος
384 1376 428 1403 ἀεὶ
440 1375 495 1402 τῶν
505 1375 692 1411 θεωρημάτων
703 1375 748 1400 τὸν
764 1374 874 1406 σκοπὸν,
890 1371 962 1411 ᾗπερ

168 1423 203 1450 ἂν
221 1423 290 1450 ἱέναι
313 1422 424 1457 πρέποι.
448 1422 485 1448 Τὸ
508 1421 562 1456 γάρ
585 1429 627 1447 τοι
649 1420 810 1456 διαμαρτεῖν
827 1418 960 1454 λογισμοῦ

167 1470 216 1497 τοῦ
231 1468 408 1504 καθήκοντος,
428 1466 631 1501 ἁκαλλεστέραν
652 1466 801 1501 ἐργάσεται
822 1464 877 1492 τῶν
893 1465 960 1492 θεω-

170 1516 300 1551 ρημάτων
329 1514 378 1548 τὴν
401 1512 536 1540 ἀπόδοσιν.
568 1511 681 1547 Φορέσει
704 1510 735 1544 δὴ
758 1508 804 1537 οὖν
824 1510 864 1541 εῐς
883 1518 914 1544 γε
931 1510 961 1536 τὸ

170 1561 255 1597 παρὸν
267 1560 298 1586 τὺ
317 1558 415 1586 Ἰακὼϐ
436 1558 580 1594 πρόσωπον
600 1557 614 1583 ὀ
632 1555 816 1592 Ἐμμανουὴλ,
838 1557 852 1582 ὁ
871 1555 900 1587 ἐξ
917 1555 961 1581 οὺ-

171 1607 251 1643 ρανοῠ
268 1606 393 1641 νυμφίος,
409 1606 423 1632 6
435 1605 485 1636 τὰς
501 1603 594 1631 Acisz
610 1602 761 1638 Θυγατέρας
772 1599 827 1628 οἷον
840 1602 891 1628 οὐκ
912 1602 960 1628 ἀν-

172 1653 266 1689 ιδρωτὶ
284 1651 384 1680 λαϐὼν.
401 1651 480 1678 Ἰδιον
499 1650 547 1686 μὲν
570 1649 625 1684 γὰρ
642 1649 692 1683 τῆς
715 1647 846 1674 ἀνωτάτω
865 1647 960 1674 πασῶν

169 1699 273 1731 οὐσίας,
293 1699 325 1725 τὸ
345 1696 450 1726 ἀκονιτὶ
467 1695 627 1731 κατορθοῦν,
648 1694 719 1730 ἆτυερ
742 1694 774 1720 ἂν
785 1693 871 1720 ἕλοιτο
883 1693 958 1729 δρᾷν.

171 1745 243 1778 Ἐφη
262 1743 315 1778 γάρ
333 1751 383 1770 που
403 1742 466 1779 περὶ
480 1741 565 1776 αὐτῆς
579 1740 626 1768 καὶ
641 1741 655 1766 6
671 1739 804 1775 μακάριος
819 1740 960 1775 προφήτης

176 1790 298 1820 Ἡσαΐας·
320 1799 328 1814 ι
344 1789 405 1815 Ὅτι
427 1788 457 1814 οὺ
487 1787 620 1817 πεινάσει,
649 1785 709 1812 οὐδὲ
737 1785 873 1814 κοπιάσει.
900 1784 960 1811 οὺδέ

170 1837 244 1863 ἐστιν
259 1835 398 1871 ὲξεὺρεστς
409 1834 458 1869 τῆς
474 1834 633 1869 φρονήσεως
645 1831 738 1859 αὐτοῦ.
756 1842 764 1858 ι
783 1832 852 1858 Κατ’
864 1831 959 1858 οὐδένα

171 1883 225 1917 γὰρ
239 1881 340 1918 τρόπον
363 1880 469 1912 ὲπιδεὲς
488 1880 517 1906 τὸ
531 1879 620 1907 Germ.
642 1878 697 1905 ἀλλ¹
719 1878 777 1904 ἔστι
803 1877 960 1903 παντέλειον

170 1929 199 1954 ἐν
217 1927 317 1962 ἐαυτῷ,
329 1927 379 1954 οὐκ
399 1925 554 1961 εἰσποιητὸν
570 1925 628 1960 ἕχον
645 1925 676 1951 τὸ
692 1923 875 1958 δυναμοῦσοαι
893 1924 962 1957 πρός

170 1982 252 2005 τινος,
276 1973 338 2000 οὔτε
362 1972 414 2009 μὴν
435 1973 510 2008 νόμῳ
534 1971 668 2007 σωμάτων
698 1971 810 2007 τροφαῖς
830 1970 847 2005 ἢ
871 1971 962 2000 ποτοῖς

171 2019 361 2056 νευροὺμενον·
396 2019 453 2046 ἀλλ’
471 2018 546 2049 αὐτὸ,
567 2018 647 2052 φύσει
675 2017 799 2052 δύναμις.
818 2016 961 2051 Τοιγάρτοι

172 2067 219 2093 καὶ
240 2066 348 2100 στερεοῖ
368 2066 418 2100 μὲν
439 2065 580 2100 οὐρανοὺς,
600 2063 721 2098 διανέμει
746 2062 819 2089 δὲτὸ
832 2061 962 2089 δύνασθαι

172 2112 231 2147 μετ’
257 2110 392 2143 ἐξουσίας,
415 2108 455 2142 οἷς
482 2110 515 2137 ἂν
546 2110 633 2137 ἓλοιτο
653 2109 744 2144 τυχόν.
772 2107 841 2134 Ἀλλ’
857 2107 962 2142 ὥσπερ,

171 2158 261 2184 καίτοι
284 2157 428 2184 λυπεῖσθαι
451 2157 489 2192 μὴ
519 2156 650 2191 πεφυκὸς,
673 2155 817 2182 λυπεῖσθαι
855 2154 963 2188 λέγεται

171 2204 250 2238 (φησὶ
264 2203 319 2238 γάρ
332 2211 382 2230 που
391 2202 460 2238 πρὸς
474 2202 523 2237 τὴν
534 2201 589 2228 τῶν
607 2201 741 2228 Ἰουδαίων
755 2201 872 2236 μητέρα,
884 2199 963 2235 δῆλον

1008 277 1039 297 ea
1052 278 1112 304 quae
1124 271 1150 298 iu
1162 271 1264 298 mundo
1272 275 1343 298 sunt.
1362 281 1370 296 ι
1385 271 1488 298 (ἰαιίοϋε
1502 281 1510 296 ι
1529 271 1612 303 enim,
1629 272 1716 307 inquit
1728 273 1794 300 Pan.

1009 315 1062 347 lus,
1081 325 1089 341 ‹
1107 321 1185 343 curat
1196 323 1227 343 ea
1247 324 1307 351 qua:
1322 316 1428 343 Domini
1445 321 1526 348 sunt;
1542 317 1588 351 qui
1601 324 1666 344 vero
1684 326 1795 345 uxorem

1009 362 1096 394 duxit,
1118 366 1196 389 curat
1220 369 1280 397 quae
1305 366 1369 389 sunt
1386 362 1491 395 mundi,
1512 369 1567 397 quo
1590 366 1668 396 pacto
1693 363 1798 397 placeat

1010 409 1088 435 uxori
1102 416 1167 440 suae,
1179 412 1207 435 et
1220 408 1323 436 divisus
1337 413 1379 435 est
1391 409 1422 435 ’³.
1438 418 1446 433 ι

1045 455 1070 481 7.
1092 454 1162 481 Satis
1176 455 1267 489 itaque
1279 454 1359 482 nobis
1374 454 1408 482 de
1421 455 1465 482 his
1478 454 1582 482 dictum
1596 454 1640 481 sit.
1656 455 1711 489 Age
1721 462 1796 486 vero.

1010 501 1043 527 ad
1059 501 1195 535 spiritales
1213 501 1456 536 contemplationes
1474 505 1593 528 mentem
1614 501 1796 532 conferamus,

1011 547 1078 574 illud
1105 547 1321 578 considerantes,
1337 551 1365 574 et
1387 551 1461 574 recte
1475 547 1632 579 admodum,
1649 547 1722 582 quod
1742 556 1798 575 non

1010 594 1131 621 caruerit
1151 601 1199 621 sua
1219 593 1344 621 mercede
1360 594 1438 621 labor
1453 594 1648 629 apostolorum,
1668 602 1749 629 quem
1772 595 1798 621 in

1010 639 1203 673 prmdieatione
1218 639 1398 671 collocarunt,
1412 648 1501 674 neque
1517 647 1614 675 expers
1628 641 1730 675 prtemii
1749 641 1800 668 fuit

1011 685 1103 712 sudor.
1119 685 1193 712 Dixit
1214 686 1288 712 enim
1307 685 1400 713 Laban
1421 686 1455 713 ad
1476 685 1560 713 Jacob
1574 695 1580 712 ι
1596 697 1604 711 ι
1623 686 1681 713 Non
1697 688 1800 715 servies

1012 731 1079 758 mihi
1090 731 1184 766 gratis.
1200 742 1208 757 ι
1225 731 1362 759 Fecerunt
1373 737 1462 760 autem
1475 733 1557 759 etiam
1571 733 1657 760 sancti
1668 733 1800 768 discipuli

1013 778 1218 812 splendidorum
1233 786 1345 805 suorum
1360 786 1472 812 operum
1491 787 1522 806 ac
1535 778 1627 814 gloriae
1640 779 1801 806 fundamen-

1012 829 1081 856 tum,
1105 824 1275 851 credentium
1303 824 1330 851 in
1354 824 1432 851 initio
1457 825 1670 852 multitudinem.
1696 825 1801 853 ldeireo

1013 871 1114 897 Paulus
1127 870 1164 897 ita
1178 878 1226 898 eos
1244 871 1378 898 allocutus
1389 875 1449 898 est:
1471 881 1479 895 ‹
1492 871 1627 898 Gaudium
1653 876 1681 899 et
1701 879 1801 899 corona

1012 923 1072 942 mea
1088 916 1120 941 "‘.
1138 925 1146 940 ι
1171 915 1360 942 Necessarium
1380 923 1445 943 vero
1465 924 1524 943 esse
1546 917 1665 944 arbitror
1686 924 1717 944 ea
1742 925 1802 952 quae

1013 962 1091 988 initio
1118 961 1262 989 utilissime
1291 970 1306 988 a
1330 962 1410 989 nobis
1440 962 1539 989 tradita
1566 967 1640 994 sunt,
1667 967 1801 997 repetere.

1012 1008 1070 1035 Dixi
1090 1008 1163 1035 enim
1181 1007 1266 1042 quod,
1290 1015 1434 1042 personam
1455 1007 1539 1035 Jacob
1558 1008 1717 1042 spiritaliter
1736 1015 1802 1035 eon-

1013 1053 1180 1087 templando,
1202 1060 1401 1087 nonnunquam
1424 1053 1499 1080 subit
1516 1057 1672 1080 sanctorum
1691 1058 1802 1088 aposto-

1012 1099 1102 1126 lorum
1115 1099 1226 1129 chorus,
1243 1099 1327 1126 veluti
1339 1098 1608 1134 primitite-qmedam
1622 1100 1804 1127 sanctificato-

1012 1153 1072 1172 rum
1093 1146 1120 1172 in
1142 1145 1241 1180 spiritu
1254 1149 1282 1172 et
1300 1145 1327 1172 in
1349 1145 1401 1173 fide
1424 1145 1635 1181 justifieatorum
1653 1154 1803 1174 :nonnun—

1013 1199 1094 1226 quam
1114 1199 1180 1218 vero
1199 1191 1325 1219 Christus
1343 1191 1401 1227 ipse
1419 1195 1549 1226 tanquam
1565 1192 1691 1227 primitias
1704 1193 1802 1220 huma-

1013 1237 1109 1264 nitatis
1139 1237 1172 1264 ad
1194 1237 1430 1272 incorruptionem
1452 1237 1619 1269 instaurata,
1644 1237 1727 1265 veluti
1748 1238 1804 1273 pri-

1012 1283 1167 1318 mogenitus
1196 1283 1222 1310 in
1261 1283 1355 1310 multis
1382 1283 1512 1311 fratribus
1535 1284 1576 1316 ",
1607 1288 1638 1311 ut
1666 1284 1804 1311 secundus

1013 1329 1109 1361 Adam,
1124 1334 1151 1356 et
1166 1330 1241 1356 radix
1257 1330 1366 1365 generis
1383 1330 1502 1357 secunda
1517 1334 1579 1365 post
1592 1330 1719 1365 primam.
1733 1329 1804 1357 Cor.—

1011 1376 1096 1402 vertit
1114 1376 1198 1410 igitur
1215 1376 1303 1403 oratio
1321 1383 1431 1410 semper
1447 1376 1525 1410 127
1541 1376 1802 1411 contemplationum

1012 1428 1124 1455 scopum
1147 1429 1202 1456 quo
1231 1422 1342 1449 tendere
1376 1426 1509 1456 oporteat.
1535 1421 1670 1449 Aberrare
1694 1421 1767 1449 enim
1788 1430 1802 1448 a

1012 1467 1233 1497 consideratione
1251 1467 1358 1495 decenti
1376 1467 1466 1494 reddit
1481 1475 1576 1494 earum
1594 1467 1804 1502 explicationem

1014 1513 1217 1544 deformiorem.
1232 1513 1472 1549 lnpraescntiarum
1486 1513 1577 1548 itaque
1597 1511 1786 1548 personam'Ja

1012 1563 1064 1590 eob
1077 1569 1133 1596 prae
1151 1569 1180 1588 se
1200 1560 1252 1587 fert
1271 1560 1441 1591 Emmanuel,
1462 1559 1581 1587 caelestis
1608 1566 1740 1594 sponsus,
1756 1559 1803 1594 qul

1012 1605 1213 1642 quodammodo
1233 1605 1302 1632 filias
1319 1604 1422 1637 Laban,
1439 1612 1493 1631 non
1513 1605 1615 1640 absque
1635 1606 1739 1638 labore.
1756 1615 1803 1634 ac-

1011 1653 1094 1688 cepit.
1106 1652 1251 1687 Proprium
1268 1651 1342 1678 enim
1367 1656 1409 1678 est
1420 1658 1553 1685 suprema:
1568 1652 1692 1680 omnium
1711 1661 1790 1682 essen
1800 1669 1806 1673 -

1005 1699 1065 1730 'tim,
1073 1698 1175 1732 absque
1183 1697 1278 1724 labore
1285 1700 1414 1731 praestare
1421 1698 1723 1732 quaecunquevoluerit.
1732 1700 1804 1727 Dim

1011 1745 1085 1772 enim
1094 1743 1195 1771 alicubi
1202 1743 1236 1770 de
1243 1750 1274 1770 ea
1281 1742 1362 1770 etiam
1371 1742 1468 1769 beatus
1475 1743 1608 1778 propheta
1618 1744 1700 1772 Isaias
1709 1754 1714 1772 :
1722 1745 1803 1779 «Quia

1012 1799 1067 1820 non
1075 1790 1279 1824 esuriet,neque
1287 1788 1526 1823 laborabit,neque
1532 1795 1574 1817 est
1580 1790 1736 1818 adiuventio
1743 1799 1791 1826 pro

1013 1836 1140 1865 videntize
1154 1835 1240 1871 ipsius
1251 1835 1284 1861 “.
1305 1845 1313 1860 ι
1327 1835 1405 1862 Nulla
1421 1836 1493 1862 enim
1508 1836 1611 1863 ratione
1624 1835 1750 1872 indigens
1762 1843 1805 1866 est

1012 1883 1094 1915 Deus,
1104 1883 1151 1911 sed
1165 1887 1204 1910 est
1215 1882 1431 1918 perfectissimus
1442 1882 1468 1909 in
1479 1882 1579 1917 seipse,
1588 1890 1679 1918 neque
1694 1883 1804 1910 aliunde

1012 1928 1144 1956 ascititias
1154 1927 1228 1954 vires
1245 1926 1467 1961 assumitmeque
1480 1934 1545 1954 vero
1555 1927 1640 1954 instar
1657 1935 1804 1963 corporum

1012 1973 1075 2002 cibo
1087 1977 1133 2001 aut
1151 1977 1217 2008 potu
1233 1977 1384 2008 vegetatur,
1401 1972 1449 1999 sed
1461 1979 1494 1999 ex
1506 1980 1555 1999 sua
1570 1977 1668 2000 natura
1682 1974 1804 2008 potentia

1012 2024 1064 2048 est.
1079 2019 1183 2047 Idcirco
1192 2019 1275 2046 etiam
1287 2018 1478 2049 firmateozlos,
1492 2017 1588 2058 tribuit
1603 2023 1694 2046 autem
1707 2024 1804 2054 potenv

1014 2067 1078 2094 tiam
1102 2073 1152 2100 pro
1171 2073 1220 2093 sua
1246 2064 1409 2092 auctoritate
1427 2064 1528 2099 quibus
1559 2065 1627 2093 vult.
1645 2064 1780 2093 Caeterum
1794 2087 1801 2099 ,

1013 2111 1244 2147 quemadmodum
1265 2110 1371 2138 etiamsi
1389 2117 1422 2137 ex
1438 2117 1486 2137 sua
1504 2113 1600 2138 natura
1617 2109 1710 2137 dolore
1734 2111 1804 2139 alllci

1013 2167 1068 2186 non
1087 2159 1182 2194 possit,
1195 2157 1289 2185 dolore
1302 2161 1392 2184 tamen
1408 2155 1476 2183 allici
1489 2155 1604 2188 dicitur;
1620 2155 1738 2183 aitenim
1752 2156 1804 2184 ali-

1014 2206 1076 2233 eubi
1101 2205 1135 2232 ad
1150 2204 1308 2232 Judteorum
1327 2207 1442 2230 matrem
1454 2223 1461 2234 ,
1474 2201 1641 2237 Synagogam
1662 2201 1772 2237 inquam
1795 2211 1802 2230 z

170 2249 198 2276 δὲ
215 2250 257 2276 ὅτι
277 2248 327 2284 τὴν
348 2249 522 2284 Συναγωγήψ
548 2249 624 2275 (Καὶ
644 2248 753 2278 ὲλύπεις
783 2255 816 2281 με
844 2247 874 2273 ὲν
896 2247 959 2273 πᾶσι

1019 2261 1028 2277 ι
1042 2251 1074 2279 Et
1092 2249 1210 2278 afllixisti
1223 2256 1266 2276 me
1280 2248 1308 2275 in
1322 2247 1450 2274 omnibus
1464 2246 1508 2273 bis
1523 2246 1557 2272 ".
1574 2256 1582 2271 ι
1598 2246 1701 2273 Scribit
1712 2251 1804 2275 autem

170 2295 285 2327 τούτοις.
299 2304 308 2321 ι
335 2295 438 2330 Γράφει
459 2294 488 2321 δέ
515 2302 566 2320 που
585 2294 632 2320 καὶ
649 2293 662 2319 ὁ
680 2292 824 2324 θεσπέσιος
836 2291 959 2322 Παῦ).ο;⁶

173 2350 182 2366 ι
197 2341 253 2367 Καὶ
276 2340 313 2375 μὴ
334 2339 443 2366 λυπεῖτε
462 2338 493 2366 τὺ
512 2338 627 2374 Πνεῦμα
647 2338 678 2364 τὸ
692 2337 770 2372 ἅγιον
788 2336 835 2364 τοῦ
847 2336 916 2363 Θεοῦ
930 2337 961 2363 τὸ

172 2386 316 2414 κιιτοικοῦν
332 2387 361 2412 ὲν
391 2387 454 2421 ὑμῖν
463 2386 499 2419 ›)·
518 2385 589 2412 οὕτω
614 2384 666 2411 κᾶν
689 2385 713 2410 εί
728 2384 834 2417 λέγοιτο
851 2383 960 2417 καμεῖν,

170 2432 219 2467 οὐχ
231 2431 272 2458 ὅτι
288 2432 400 2466 γέγονεν
417 2432 446 2457 ὲν
459 2430 585 2466 αἰσθήσει
597 2430 690 2460 πόνον,
704 2430 738 2457 τὰ
751 2430 839 2457 τοιάδε
859 2429 960 2466 φαμένο

171 2477 228 2503 ἀλλ’
242 2477 282 2504 ὅτι
304 2477 394 2503 πονεῖν
408 2477 486 2511 εἰπερ
501 2473 536 2511 ἦν
562 2475 637 2510 αὺτῷ
663 2476 733 2508 ἔθος,
757 2475 891 2503 πέπονθεν
908 2475 941 2503 ἂν
952 2497 960 2507 ,

171 2521 204 2548 τὰ
223 2521 396 2557 ὑπερμεγέθη
417 2521 472 2547 τῶν
493 2521 666 2557 πραγμάτων
689 2521 737 2548 καὶ
758 2521 883 2557 ἐξαίρετα
899 2529 962 2548 κατ-

170 2568 271 2604 ορθῶν,
283 2567 330 2595 καὶ
350 2567 431 2600 αὐτὰ,
449 2566 491 2601 ἐφ’
506 2564 548 2598 οἷς
565 2565 599 2602 ἦν
615 2567 689 2599 εἰκδς
715 2567 819 2599 δεινοὺς
845 2567 892 2594 καὶ
917 2575 959 2593 πι-

126 2630 136 2638 ι
171 2616 254 2650 κρηπίς
277 2614 426 2649 ἀνατλῆναι
445 2613 553 2646 πόνους,
568 2614 594 2641 εί
613 2613 667 2640 τῶν
682 2613 744 2641 καθ’
765 2614 838 2649 ἡμᾶς
858 2622 900 2645 τις
913 2611 958 2649 ἦν.

171 2660 275 2688 οὐκοῦν
299 2661 332 2688 ὲκ
348 2659 403 2687 τῶν
423 2659 601 2695 ἀνθρωπίνων
625 2660 711 2692 ίόντες
726 2660 767 2691 εἰς
786 2659 891 2691 ἑννοίας
909 2659 957 2690 τὰς

170 2706 327 2742 ῦπερτάτω,
349 2706 491 2741 μονονουχὶ
510 2706 584 2742 πόνῳ
600 2706 646 2732 καὶ
667 2705 758 2742 ἱδρῶτι
774 2705 961 2740 καταμεθύου-

173 2761 220 2779 σειν
243 2753 470 2788 καταθρήσαιμεν
496 2752 530 2780 ἂν
555 2753 606 2788 τὴν
629 2751 701 2788 ὑπὲρ
728 2751 805 2788 ἡμῶν
830 2751 959 2787 φροντίδα

158 2800 220 2833 ,τῆς
236 2799 378 2834 ἀκηράτου
397 2798 515 2833 φύσεως.
535 2797 626 2833 Αὐτὴν
648 2805 679 2832 γε
695 2797 747 2834 μὴν
768 2796 961 2832 ἀπαλλάξομεν

206 2869 324 2933 ‘u’Cor.
337 2878 385 2902 vn,
399 2870 442 2898 52.
479 2869 502 2887 "‘
514 2870 631 2904 Philipp.
647 2878 682 2901 ιν,
696 2870 720 2896 l.

171 2911 208 2936 μ’,
227 2911 269 2933 δυ.

777 2870 799 2885 ’⁵
811 2870 890 2898 Rom.
911 2877 967 2901 V'lll,
987 2866 1032 2894 ‘29.
1069 2865 1100 2882 -“
1115 2863 1166 2891 lsa.
1189 2871 1230 2895 χι,
1255 2863 1295 2895 ιβ.
1335 2862 1356 2877 ’⁷
1371 2853 1471 2888 Ezech.
1495 2867 1548 2891 xw,
1565 2856 1608 2884 ω’.

1015 2298 1097 2326 etiam
1119 2295 1230 2323 divinus
1256 2293 1375 2321 Paulus:
1390 2302 1400 2317 ι
1424 2293 1458 2319 Et
1473 2300 1507 2319 ne
1526 2291 1651 2326 adligatis
1669 2292 1804 2328 Spiritum

1015 2347 1139 2372 sanctum
1152 2342 1201 2369 Dei
1222 2340 1392 2368 habitantem
1410 2338 1437 2366 in
1456 2337 1535 2365 vobis
1546 2338 1583 2371 ";
1601 2348 1610 2364 ι
1629 2338 1666 2365 ila
1678 2358 1684 2371 ,
1696 2338 1804 2367 etiamsi

1015 2390 1123 2417 dicatur
1145 2387 1280 2418 laborare,
1294 2393 1349 2412 non
1368 2383 1441 2419 quod
1462 2391 1571 2412 sensum
1592 2383 1696 2411 laboris
1714 2385 1804 2420 pereiv

1014 2436 1072 2472 piat
1092 2434 1119 2462 id
1141 2433 1268 2464 dicimus,
1280 2431 1327 2459 sed
1345 2430 1418 2466 quod
1439 2429 1585 2465 (siduidem
1602 2430 1727 2458 laborare
1745 2438 1805 2459 mos

1015 2480 1067 2516 ipsi
1082 2478 1144 2513 fuit)
1156 2478 1183 2506 id
1194 2475 1365 2508 sustinuerit,
1377 2474 1502 2510 ingentes
1512 2474 1806 2511 prmstantissimasque

1017 2535 1062 2555 res
1071 2523 1239 2562 praestiterit,
1261 2526 1289 2549 et
1300 2529 1332 2548 ea
1347 2521 1374 2548 in
1391 2520 1492 2556 quibus
1505 2519 1657 2548 verisimile
1672 2525 1730 2548 erat
1743 2529 1806 2556 gra-

1015 2573 1144 2602 vissimos
1163 2567 1410 2602 acerbissimosque
1428 2566 1537 2597 labores
1555 2573 1761 2602 perpessurum,
1780 2567 1802 2598 si

1016 2618 1151 2654 quispiam
1164 2624 1196 2643 ex
1216 2614 1296 2642 nobis
1314 2612 1580 2646 fuisset.Quocirca,‘
1589 2612 1612 2640 si
1632 2620 1665 2640 ex
1683 2612 1804 2641 humano

1013 2664 1152 2693 intellectu
1167 2661 1201 2690 ad
1214 2667 1372 2696 supremum
1391 2666 1441 2687 nos
1457 2658 1641 2690 conferamus,
1661 2657 1802 2686 immorta-

1011 2712 1046 2739 lis
1064 2713 1171 2737 naturae
1190 2705 1405 2734 sollicitudinem
1421 2712 1471 2740 pro
1483 2704 1563 2732 nobis
1574 2707 1679 2732 tantum
1695 2711 1749 2731 non
1765 2704 1804 2730 la-

1012 2758 1079 2785 bore
1097 2763 1130 2783 ac
1148 2753 1249 2781 sudore
1271 2751 1376 2780 ebriam
1395 2751 1606 2787 comperiemus.
1629 2750 1716 2785 ipsam
1736 2757 1803 2777 vero

1013 2801 1169 2832 necessario
1195 2799 1290 2828 labore
1315 2806 1428 2827 vacuam
1449 2798 1634 2827 censebimus.
1662 2795 1802 2832 Siquidem

1661 2855 1683 2872 ³⁸
1697 2855 1799 2890 Ephcs.
