1990 3050
125 155 178 184 9.09

623 162 883 192 GLAPHYRORUM
905 164 937 191 l.‘\'
958 165 1038 191 (Il-LVI
1052 165 1108 192 Slbl
1140 165 1205 193 LIB.
1225 164 1272 192 ιν.

1707 168 1772 194 2m.

127 213 182 249 γὰρ
204 213 232 247 ἐξ
253 213 350 248 ἐθνῶν,
372 216 465 252 πρώτη
490 218 538 252 μὲν
557 220 572 254 ἡ
598 219 651 246 τῶν
686 221 819 248 Ἰουδαίων
853 223 915 248 Συν-

972 223 1082 250 iulirmi.
1109 223 1210 250 Rachel
1229 228 1321 250 autem
1344 223 1456 258 pulchra
1477 229 1598 259 aspectu.
1618 226 1762 259 θιάσους-λ

128 262 234 297 αγωγή·
248 260 328 295 ῥίζης
349 263 402 298 γὰρ
421 264 466 290 καὶ
477 264 570 298 γένους
590 265 745 300 Ἐλληνικοῦ
761 268 856 302 γέγονε
873 270 920 294 καὶ

127 305 209 338 αὐτὸς
232 307 246 333 ὁ
271 307 414 340 Θεσπέσιος
436 310 580 346 Ἀϐραάμ·
598 311 714 348 δευτέρα
735 313 763 340 δὲ
788 314 836 340 καὶ
852 316 920 349 μετὰ

128 352 177 388 τὴν
188 351 300 388 πρώτην
311 355 327 390 ἡ
339 355 469 391 νεωτέρα,
482 357 630 391 τουτέστιν,
645 360 662 394 ἡ
675 359 844 394 "Eutych.
865 361 919 387 Καὶ

128 399 155 424 οἱ
170 399 219 434 μὲν
232 399 368 434 ὀφθαλμοὶ
383 401 466 433 Λείας
480 403 699 438 παραλελυμένοι
714 406 762 432 καὶ
777 406 915 441 ἀδρανεῖς·

135 443 236 479 Ῥαχὴλ
252 446 279 472 δὲ
297 446 365 482 καλὴ
383 446 422 482 τῷ
433 447 508 476 εἴδει,
522 449 568 475 καὶ
581 449 668 485 ὡραία
684 452 716 486 τῇ
733 451 792 486 ὄψει
807 452 918 487 σφόδρα.

130 490 185 516 Καὶ
201 491 264 527 περὶ
286 491 336 526 μὲν
354 492 408 518 τῶν
429 493 564 520 Ἰουδαίων
583 494 636 530 ἔφη
660 504 712 522 που
734 496 851 532 Χριστὸς
865 498 919 529 τοῖς

130 536 219 569 ἁγίοις
246 537 407 569 ἀποστόλοις
420 546 427 553 ⁶
446 549 455 564 ι
468 540 568 574 ’Ἅφετε
595 541 706 573 αὐτοὺς,
736 543 832 578 τυφλοί
853 544 920 569 εἰσιν

129 582 224 617 ὁδηγοὶ
245 582 363 618 τυφλῶν.
385 585 478 620 Ὑμῶν
496 585 525 612 δὲ
547 587 677 622 μακάριοι
692 589 716 614 οἱ
733 587 869 623 ὀφθαλμοὶ
880 589 920 615 ὅτι

131 627 270 662 βλέπουσι,
289 629 335 656 καὶ
354 629 387 656 τὰ
402 627 460 658 ὦτα
470 631 546 666 ὑμῶν
560 633 599 659 ὃτι
616 633 769 660 ἀκούουσιν.
786 643 794 659 ι
816 634 921 661 Οὐκοῦν

130 675 159 700 τὸ
173 674 289 707 ἄναλκες
300 676 366 712 πρὸς
374 676 543 714 οεοπτ[ε]ίαν
556 679 604 714 τῆς
614 679 748 706 Ἰουδαίων
755 680 921 716 Συναγωγῆς

130 721 360 756 κατασημαίνοιτο
373 722 406 748 ἂν
419 723 531 755 εἰκότως
542 724 586 750 διὰ
595 724 649 751 τῶν
661 724 711 759 τῆς
726 726 808 758 Λείας
820 726 920 760 ὀφθαλ-

131 765 199 800 μῶν.
227 767 263 793 Τὸ
285 767 312 793 δὲ
338 768 419 803 σοφόν
433 777 462 795 τε
477 769 525 796 καὶ
545 769 647 803 ἔννουν,
661 771 708 798 καὶ
723 771 754 798 τὸ
778 772 844 798 πολὺ
860 772 921 799 λίαν

129 811 331 848 ὲΞωραῖσμένον
346 814 386 845 είς
404 814 513 842 σύνεσιν
532 816 586 843 τῶν
603 817 632 844 ἐν
648 818 739 844 πίστει
753 819 782 844 ἐν
799 819 919 854 Χριστῷ,

130 859 177 885 καὶ
192 858 300 894 μέντοι,
316 860 362 886 καὶ
376 861 406 887 τὸ
425 861 454 888 ὲν
475 860 566 896 ἔργοις
584 863 733 898 περιφανὲς
747 863 791 891 διὰ
807 864 853 891 τοῦ
870 864 920 899 τῆς

135 904 236 940 Ῥαχὴλ
255 906 479 942 προανεγραφετο
490 907 614 940 κάλλους.
639 909 694 935 Καὶ
710 909 779 945 πρὸς
806 910 856 945 μὲν
872 910 920 946 τὴν

128 951 183 977 τῶν
206 951 339 979 Ἰουδαίων
361 952 477 988 μητέρα,
501 954 542 987 τδ,
562 964 571 980 ι
587 954 652 981 Ἰδοὺ
678 956 702 982 οἱ
721 955 856 991 ὀφθαλμοί
872 965 919 983 σου

127 997 177 1022 οὐκ
201 996 280 1029 εἰσὶν,
307 997 367 1025 οὐδὲ
392 999 408 1034 ἡ
437 999 536 1034 καρδία
560 1009 607 1026 σου
631 1001 711 1037 καλὴ,
726 1011 736 1029 ι
751 1003 920 1037 προφητικὺς

127 1042 272 1070 ἀναϐοάτω
285 1043 373 1078 λόγσςε
392 1043 509 1072 καλείτω
524 1045 552 1072 δὲ
563 1047 576 1072 ὁ
592 1040 710 1082 Χριστὸς
725 1047 774 1083 τὴν
791 1048 821 1080 ἐξ
835 1048 920 1075 ἐθνῶν

134 1087 310 1124 Ἐκκλησίαν,
334 1089 381 1116 καὶ
402 1090 506 1124 λεγέτω
526 1092 590 1127 περὶ
609 1092 708 1128 αὐτῆς·
726 1088 920 1130 «Οἰόφθαλμοί

129 1141 175 1158 σου
190 1134 371 1171 περιστερῶν.
387 1145 447 1161 ι-‹
467 1136 640 1172 Ἐπεθύμησε
657 1138 711 1174 γὰρ
731 1139 778 1165 τοῦ
806 1139 920 1171 κάλλους

127 1179 225 1215 αὐτῆς,
238 1189 247 1206 ι
267 1181 337 1208 κατὰ
357 1181 406 1217 τὴν
436 1182 482 1210 τοῦ
518 1183 670 1216 Ψάλλοντος
695 1185 799 1220 φωνήν.
817 1186 920 1212 Οὐκοῦν

127 1226 246 1253 ἐποιεῖτο
271 1227 394 1255 σύνοικον
419 1230 433 1255 ὁ
458 1230 575 1266 Χριστὸς
603 1231 712 1267 πρῶτον
740 1232 788 1267 μὲν
801 1233 850 1267 τὴν
866 1232 920 1259 τῶν

134 1272 269 1300 Ἰουδαίων
283 1274 458 1311 Συναγωγὴν,
474 1277 722 1311 νυμφαγωγοῠντος
741 1278 863 1310 Μωσέως
874 1279 920 1306 καὶ

129 1320 327 1354 μεσιτευόντων
347 1322 481 1357 ἀγγέλων·
503 1324 546 1350 ἐπ’
570 1324 678 1360 ἐκείνην
698 1324 726 1351 δὲ
753 1324 847 1361 ὥσπερ
862 1326 920 1352 δευ-

127 1365 210 1400 τέραν
234 1366 283 1403 τὴν
304 1367 333 1401 ἐξ
351 1368 437 1395 ὲθνῶν
456 1369 628 1405 Ἐκκλησίαν,
639 1369 720 1397 οἱονεὶ
737 1371 845 1406 μεσίτου
856 1380 921 1407 παρ-

129 1411 295 1447 ειλημμένου
315 1414 364 1440 καὶ
380 1414 423 1441 ἐπ’
444 1415 512 1451 αὐτῇ
531 1416 578 1442 τοῦ
605 1417 739 1453 μακαρίου
754 1417 918 1444 Βαπτιστοῦ.

129 1457 274 1493 Τοιγάρτοι
291 1459 337 1486 καὶ
351 1459 465 1494 ἔφασκε,
486 1461 532 1488 τὸν
551 1462 646 1498 νοητὸν
659 1463 763 1490 τουτονὶ
781 1464 828 1490 καὶ
847 1463 920 1491 θεῖον

129 1504 197 1538 ἡμῖν
219 1506 432 1540 κατασημαίνων
455 1507 559 1542 γάμον”
577 1517 586 1533 t
604 1508 633 1534 '0
655 1508 723 1543 ἔχων
744 1508 794 1545 τὴν
810 1508 920 1545 νύμφην

133 1550 246 1584 νυμφίος
268 1551 360 1579 ἐστίν·
383 1553 397 1579 ὁ
413 1553 440 1580 δὲ
462 1554 538 1588 φίλος
556 1554 603 1581 τοῦ
627 1555 745 1590 νυμφίου
762 1557 776 1582 ὁ
795 1555 918 1590 ἑστηκὼς

131 1597 178 1622 καὶ
190 1597 298 1624 ἀκούων
313 1598 407 1633 αὑτοῦ,
426 1600 498 1635 χαρᾷ
521 1601 612 1636 χαίρει
634 1601 679 1627 διὰ
697 1601 746 1637 τὴν
761 1602 853 1637 φωνὴν
870 1602 917 1629 τοῦ

131 1643 260 1677 νυμφίου.
275 1644 350 1679 Αὕτη
363 1643 409 1672 οὖν
421 1646 438 1680 ἡ
452 1646 524 1681 χαρὰ
558 1646 614 1682 ἐμὴ
627 1647 815 1683 πεπλήρωται.
833 1648 920 1674 Ἐκεῖ-

103 1717 109 1721 _
131 1697 175 1715 νον
191 1689 233 1716 δεῖ
253 1690 390 1724 αὐξάνειν,
413 1692 463 1726 ἐμὲ
484 1693 512 1719 δὲ
536 1692 725 1721 ἐλαττοῦσθαι.
739 1703 748 1720 ι
777 1694 870 1726 Ἔλεος
893 1694 921 1721 δὲ

131 1735 180 1763 καὶ
199 1736 290 1769 πίστις
316 1739 350 1774 τῇ
375 1737 468 1774 νύμφῃ
485 1739 515 1766 τὸ
528 1738 611 1767 ἕδνον.
629 1740 700 1775 Ἔφη
727 1740 781 1776 γάρ
805 1749 855 1767 που
878 1741 921 1768 διὰ

131 1781 225 1817 φωνῆς
242 1783 399 1818 προφητῶν,
424 1785 438 1811 ὁ
460 1784 563 1812 ἄνωθεν
589 1785 663 1821 ἥκων
682 1786 728 1812 καὶ
754 1786 784 1819 ἐξ
807 1787 921 1822 οὖρανοῦ

132 1828 247 1863 νυμφίος
271 1829 338 1864 πρὸς
351 1829 400 1866 τὴν
416 1830 446 1863 ἐξ
460 1830 544 1857 ἐθνῶν
561 1831 736 1867 Ἐκκλησίαν·
758 1841 767 1858 ι
781 1833 836 1859 Καὶ
854 1842 921 1868 μνη-

133 1874 280 1910 στεὺσομαί
293 1884 322 1902 σε
338 1876 451 1911 ἐμαυτῷ
462 1877 501 1908 είς
513 1877 558 1904 τὸν
574 1877 670 1910 αἰῶνα,
687 1878 735 1904 καὶ
756 1878 921 1914 μνηστεύσο-

134 1921 182 1956 μαί
190 1930 220 1948 σε
227 1922 338 1958 ἐμαυτῷ
347 1923 375 1950 ὲν
386 1923 543 1959 δικαιοσύνῃ
553 1924 600 1951 καὶ
615 1924 739 1960 κρίματι,
748 1925 795 1951 καὶ
804 1926 831 1951 ἐν
841 1925 920 1956 ἐλέει,

133 1968 177 1994 καὶ
195 1968 225 1994 ἐν
241 1969 402 2004 οἰκτιρμοῖς.
426 1969 480 1996 Καὶ
496 1970 699 2005 μνηστεύσομαί
717 1979 747 1997 σε
763 1971 874 2007 ἐμαυτῷ
893 1972 922 1997 ὲν

133 2014 233 2044 πίστει,
247 2014 292 2041 καὶ
308 2015 446 2052 ὲπιγνώσῃ
453 2016 497 2042 τὸν
506 2016 633 2052 Κύριον.‹
645 2017 778 2051 Ἠγάγετο
793 2016 843 2052 μὲν
856 2017 920 2052 γὰρ,

133 2060 258 2096 καθάπερ
273 2060 342 2097 ἔφην
353 2062 464 2098 ἀρτίως,
480 2063 534 2098 πρὸ
549 2063 598 2098 τῆς
612 2062 642 2095 ἐξ
657 2062 740 2090 ὲθνῶν
757 2063 921 2098 Ἐκκλησίας

133 2105 182 2142 τὴν
207 2107 406 2143 πρεσϐυτέραν.
431 2109 501 2136 Ἀλλ’
522 2110 536 2136 ὁ
559 2109 608 2144 τῆς
634 2109 783 2145 μνηστείας
809 2109 920 2145 τρόπος,

135 2154 181 2179 καὶ
199 2153 249 2187 τῆς
269 2155 416 2189 συναφείας
430 2156 446 2190 ἠ
463 2155 585 2190 δύναμις,
611 2155 660 2182 οὐκ
684 2156 724 2188 εις
741 2155 828 2183 αίῶνα
842 2156 922 2190 γέγοα

135 2208 188 2226 νεν.
209 2199 282 2235 Ἔφη
302 2200 358 2237 γάρ
382 2210 433 2228 που
459 2201 539 2229 πάλιν
563 2201 628 2237 περὶ
650 2201 745 2237 αὐτῆς,
765 2203 807 2228 ὅτι
824 2201 920 2237 ιΛῦτη

134 2246 163 2271 οὐ
177 2247 245 2281 γυνή
261 2255 314 2282 μου
324 2254 330 2261 ·
347 2248 395 2274 καὶ
409 2247 464 2281 ἐγὼ
478 2248 528 2274 οὐκ
541 2248 611 2283 ἀνὴρ
624 2247 719 2283 αὐτῆς.
732 2257 742 2273 ι
759 2249 814 2275 Καὶ
829 2248 920 2276 πάλινε

137 2292 269 2320 (Ἔδωκα
287 2293 355 2328 αὐτῇ
380 2293 481 2328 βιϐλίον
501 2293 666 2321 ἀποστασίου
691 2295 730 2326 εἰς
755 2294 804 2326 τὰς
829 2296 923 2330 χεῖρας

135 2339 228 2374 αὐτῆς.
241 2348 251 2365 ι
273 2339 467 2375 ’Δποὸἐῦληται
487 2339 542 2375 γὰρ
564 2340 602 2372 ὡς
632 2334 852 2375 πεπορνευμένη.
877 2341 924 2368 καὶ

133 2387 180 2412 ἐπὶ
206 2387 263 2418 τοῖς
285 2385 356 2420 ἄγαν
380 2386 582 2422 ἀπηχεστάτοις
604 2381 829 2422 κατεγνωσμένη.
849 2387 922 2422 Ἔφη

132 2431 187 2467 γὰρ
207 2440 260 2459 που
276 2433 340 2467 περὶ
359 2432 459 2468 αὐτῆς·
482 2443 490 2458 ι
511 2433 574 2460 Ἐὰν
591 2432 769 2468 ἐξαποστείλῃ
786 2433 856 2467 ἀνὴρ
872 2432 922 2468 τὴν

132 2479 250 2511 γυναῖκα
266 2478 359 2510 αὐτοῦ,
375 2479 422 2506 καὶ
441 2479 547 2515 ἀπέλθῃ
564 2480 610 2506 ἀπ’
630 2478 725 2511 αὑτοῦ,
746 2478 793 2506 καὶ
813 2478 924 2513 γένηται

133 2524 211 2560 ἀνδρὶ
219 2524 317 2560 ἑτέρῳ,
328 2525 365 2560 μὴ
373 2524 589 2560 ἁνακάμπτουσα
598 2524 755 2560 ἀνακάμψει
767 2525 834 2560 πρὸς
844 2525 923 2550 αὑτὸν

134 2571 173 2597 ἔτι
183 2578 191 2601 ;
201 2570 232 2597 οὒ
245 2571 408 2606 μιαινομένη
423 2571 627 2606 pluviique-rati}
639 2571 706 2606 γυνὴ
716 2570 806 2604 ἐκείνη
816 2578 823 2602 ς
832 2569 924 2596 Καὶσὺ

133 2615 332 2651 ἑξεπόρνευσας
352 2616 381 2643 ἐν
406 2616 518 2652 ποιμέσι
545 2616 662 2648 πολλοῖς,
684 2616 732 2643 καὶ
759 2615 922 2650 ἀνάκαμπτε

133 2661 202 2697 πρός
219 2671 265 2697 με,
290 2661 364 2696 λέγει
385 2662 499 2698 Κύριος.
519 2660 604 2698 ’Ἃρον
624 2663 663 2694 εἰς
677 2662 784 2689 εὐθεῖαν
801 2662 863 2693 τοὺς
876 2661 924 2695 ὀφ-

133 2707 254 2743 θαλμούς
278 2717 337 2741 σου,
370 2709 417 2736 καὶ
445 2709 483 2735 ἴδε
519 2709 570 2736 ποῦ
590 2709 753 2744 ὲξεφύρθης.
780 2708 842 2735 Ἐπὶ
865 2708 925 2738 ταῖς

131 2754 201 2787 ὁδοῖς
219 2755 350 2786 ἐκάθισας
369 2755 465 2787 αὐταῖς
483 2755 550 2782 ὡσεὶ
563 2754 669 2792 κορώνη
680 2755 861 2791 ἡρημωμένη,
880 2754 926 2780 καὶ

168 2859 189 2874 ³’
202 2859 298 2885 Matth.
317 2866 361 2889 xv,
385 2859 430 2891 H;
445 2867 500 2889 sm,
517 2859 559 2886 16.
598 2859 620 2875 ³³
633 2859 732 2886 Jerem.
750 2865 814 2887 χχιι,
830 2857 870 2882 l7.
911 2856 920 2871 ³

971 2859 1021 2891 int.
1042 2862 1084 2891 n‘,
1096 2853 1118 2891 l_.

972 268 1039 296 facie
1052 269 1140 296 valde.
1153 269 1236 304 Atqui
1249 269 1282 296 de
1295 269 1396 297 Judmis
1424 269 1536 304 quidem
1558 270 1684 300 Christus
1708 274 1758 299 ali-

971 314 1032 341 cubi
1047 315 1085 341 ait
1096 315 1199 342 sanctis
1211 315 1351 350 discipulis
1366 325 1371 341 :
1387 325 1395 341 (
1410 315 1497 343 Sinite
1510 316 1594 350 ipsos,
1607 317 1671 343 επεὶ
1683 324 1758 348 sunt,

970 365 997 386 et
1012 360 1095 387 duces
1107 367 1253 387 caecorum.
1270 359 1358 387 Vestri
1379 364 1469 387 autem
1489 359 1562 387 beati
1588 361 1671 393 oeuli,
1697 363 1761 396 quia

970 405 1075 438 vident,
1093 410 1121 433 et
1133 414 1214 433 aures
1231 411 1338 437 vestrae.
1351 407 1414 441 quia
1427 406 1543 434 audiunt
1559 407 1591 433 ".
1607 417 1615 433 ν
1638 407 1759 435 Inﬁrmi-

971 456 1012 479 tas
1039 452 1131 487 itaque
1161 453 1319 481 Iudaeorum
1350 452 1502 488 Synagogae‘
1526 453 1559 480 ad
1591 453 1760 480 cernendum

973 499 1060 526 Deum
1082 499 1181 527 merito
1192 499 1362 535 gigniticatur
1384 508 1433 534 per
1445 500 1540 527 oculos
1557 499 1612 527 Lia:
1628 509 1634 526 :
1652 500 1762 534 sapien-

971 545 1008 572 tia
1019 550 1109 573 autem
1117 551 1145 574 et
1153 547 1396 582 prudentia,atque
1402 547 1436 574 ad
1448 547 1655 582 intelligendum
1666 554 1762 581 magna

971 594 1114 622 maturitas
1129 600 1224 621 eorum
1234 595 1279 630 qui
1291 603 1340 630 per
1357 594 1438 622 ﬁdem
1448 594 1476 622 in
1487 593 1597 622 Christo
1608 599 1682 625 sunt,
1697 602 1760 621 nec-

972 647 1026 666 non
1051 644 1180 667 venustas
1201 647 1233 667 ac
1251 639 1334 667 decor
1354 639 1382 666 in
1406 639 1536 674 operibus
1559 647 1608 674 per
1635 638 1762 666 Rachelis

972 686 1204 720 pulchritudinem
1215 685 1353 720 descripta
1369 690 1420 712 est.
1434 685 1468 712 Et
1484 685 1595 720 quidem
1609 684 1642 712 ad
1655 684 1767 711 Iudaeo-

972 740 1031 758 rum
1055 736 1170 759 matrem
1198 731 1375 767 propheticus
1391 739 1481 758 sermo
1499 731 1597 758 clamet
1626 739 1632 757 ε
1664 739 1672 755 ι
1691 730 1761 758 Ecca

947 788 951 792 λ
971 777 1043 805 oculi
1062 777 1101 804 tui
1121 785 1177 804 non
1191 782 1264 809 sunt,
1281 785 1369 812 neque
1388 784 1436 804 cor
1450 781 1525 804 tuum
1544 776 1690 811 pulchrum
1702 775 1734 802 ³³.
1750 785 1757 799 ι

972 823 1097 851 Christus
1116 831 1182 851 vero
1197 823 1348 851 Eeclesiam
1365 830 1398 849 ex
1408 822 1535 858 gentibus
1557 825 1648 853 vocet,
1671 821 1761 851 dicat-

973 865 1026 904 que
1040 870 1074 897 de
1085 877 1132 897 ea:
1155 879 1163 894 ί
1179 869 1256 896 Oculi
1278 869 1316 896 tui
1329 867 1500 896 columbae”.
1517 877 1564 893 ›-
1577 877 1585 892 ι
1598 866 1762 902 Concupivi:
1781 873 1783 876 '

939 905 957 932 n
975 917 1047 943 enim
1061 914 1294 950 pulchritudinem
1315 914 1384 949 ejus,
1406 923 1414 939 ι
1437 914 1514 948 juxta
1539 913 1690 940 Psalmista:
1712 920 1760 939 vo-

975 970 1034 989 cem
1051 962 1083 988 '3.
1099 961 1181 988 Duxit
1197 960 1423 995 itaqueChristus
1437 959 1556 994 primmn
1574 958 1685 996 quidem
1698 966 1763 986 con-

971 1009 1064 1043 jngcm
1072 1007 1238 1043 Synagogam
1255 1006 1422 1037 Iudaeorum,
1429 1004 1554 1040 pronubo
1560 1003 1771 1039 quodammodo_

974 1054 1111 1090 δίη-δοκι
1131 1051 1316 1087 mediantibus
1328 1050 1441 1086 angelis.
1462 1051 1527 1078 Post
1544 1049 1614 1076 hanc
1627 1057 1691 1077 vero
1704 1049 1763 1076 vel-

974 1100 1013 1127 uti
1039 1099 1187 1127 secundam
1199 1097 1278 1126 duxit
1289 1097 1438 1125 Ecelesiam
1458 1104 1491 1124 ex
1504 1096 1642 1131 gentibus,
1661 1094 1764 1122 media»

974 1150 1033 1173 tore
1044 1144 1245 1180 quodammodo
1253 1143 1287 1171 ad
1302 1143 1330 1171 id
1341 1151 1406 1170 usus
1421 1143 1502 1171 beato
1520 1142 1623 1171 Joanne
1631 1140 1761 1176 Baptista.

974 1192 1079 1220 idcirco
1107 1191 1189 1219 etiam
1205 1190 1274 1218 dixit
1287 1189 1410 1225 spiritale
1432 1189 1484 1216 hoc
1504 1193 1531 1216 et
1544 1187 1667 1215 divinum
1682 1185 1763 1214 nobis

974 1237 1131 1273 coniugium
1146 1235 1303 1272 signiﬁcans
1317 1243 1323 1262 :
1343 1245 1352 1260 ι
1364 1235 1415 1268 Qui
1429 1234 1513 1261 habet
1529 1240 1668 1268 sponsam,
1678 1240 1761 1268 spon-

974 1292 1021 1312 sus
1036 1287 1088 1315 est,
1105 1282 1210 1310 amicus
1220 1286 1311 1309 autem
1322 1281 1425 1316 sponsi,
1437 1279 1484 1315 qui
1499 1283 1554 1308 stat
1564 1285 1593 1306 et
1602 1278 1678 1306 audit
1687 1286 1761 1310 eum,

974 1329 1187 1368 gaudio‘gaudet
1202 1332 1315 1363 propter
1326 1334 1421 1354 vocem
1433 1325 1537 1361 sponsi.
1549 1325 1606 1352 [loc
1623 1332 1688 1359 ergo
1698 1332 1763 1359 gau-

974 1375 1050 1403 dium
1064 1382 1155 1402 meum
1170 1374 1312 1409 impletum
1332 1377 1384 1399 est.
1405 1372 1484 1399 [llum
1496 1374 1606 1406 oportet
1626 1377 1761 1401 crescere,

974 1429 1017 1449 me
1026 1429 1093 1448 Vero
1107 1420 1194 1447 minui
1213 1420 1246 1446 “.
1263 1429 1272 1445 ι
1284 1418 1472 1446 Misericordia
1483 1425 1549 1445 vero
1564 1420 1592 1444 et
1603 1416 1669 1443 (idos
1682 1423 1763 1450 spon-

974 1475 1010 1495 sa:
1023 1467 1072 1494 dos
1087 1470 1139 1494 est.
1161 1466 1235 1493 Dixit
1249 1465 1324 1493 enim
1339 1464 1441 1492 alicubi
1456 1471 1505 1498 per
1524 1470 1620 1490 vocem
1642 1461 1763 1496 prophe-

976 1518 1062 1541 tarum
1076 1519 1193 1547 sponsus
1207 1519 1327 1546 superne
1346 1515 1428 1545 atque
1443 1517 1476 1537 ex
1503 1508 1573 1536 emlo
1588 1508 1701 1535 veniens
1728 1506 1762 1534 ad

974 1559 1123 1587 Ecclesiam
1141 1566 1174 1586 ex
1185 1558 1333 1594 gentibus:
1352 1567 1361 1582 ‹
1384 1557 1417 1584 Et
1433 1555 1570 1591 sponsabo
1594 1559 1619 1581 te
1639 1553 1706 1581 mibi
1735 1554 1761 1580 in

973 1607 1183 1642 sempiternum,
1202 1609 1230 1632 et
1244 1603 1383 1639 sponsabo
1396 1606 1422 1629 te
1436 1601 1504 1629 mihi
1520 1601 1548 1629 in
1558 1599 1666 1636 justilia
1683 1600 1761 1634 etju-

973 1653 1055 1685 dicio,
1073 1656 1102 1679 et
1115 1652 1143 1678 in
1159 1649 1358 1681 misericordia,
1374 1652 1403 1675 ct
1427 1648 1454 1675 in
1478 1645 1712 1674 miserationibus.
1730 1645 1763 1671 Et

973 1697 1109 1733 sponsabo
1125 1701 1150 1724 te
1164 1696 1232 1724 mihi
1244 1696 1270 1722 in
1283 1695 1345 1726 lide,
1356 1698 1384 1722 et
1396 1701 1543 1728 cognosces
1553 1692 1699 1719 Dominum
1707 1692 1738 1716 ³⁵.
1751 1701 1758 1715 ι

973 1743 1056 1774 Duxit
1067 1742 1151 1774 enim,
1164 1739 1459 1777 quemadmodumdixi
1473 1738 1555 1766 modo
1568 1758 1574 1769 .
1591 1741 1654 1772 ante
1666 1737 1763 1765 Eccle-

969 1789 1041 1826 ~siam
1051 1796 1084 1815 ex
1100 1786 1238 1822 gentibus,
1249 1785 1395 1812 seniorem.
1421 1783 1556 1824 Caeterum
1571 1782 1765 1817 desponsatim

972 1835 1016 1862 nis
1031 1834 1101 1861 ratio
1115 1838 1142 1861 et
1161 1832 1279 1868 conjugii
1301 1832 1342 1859 vis
1359 1840 1413 1859 non
1436 1831 1488 1858 fuit
1502 1831 1529 1857 in
1553 1830 1761 1865 sempiterntun.

973 1881 1019 1908 Ait
1041 1880 1115 1908 enim
1142 1879 1243 1907 alicubi
1257 1885 1367 1906 rursum
1388 1877 1422 1905 de
1432 1886 1470 1904 ,ca
1489 1886 1495 1903 :
1512 1886 1520 1901 ‹
1548 1877 1608 1911 Ipsa
1623 1885 1678 1903 non
1694 1884 1765 1903 tuoi-

973 1933 1033 1953 mea
1057 1935 1063 1952 :
1086 1932 1175 1960 neque
1199 1931 1248 1958 ego
1264 1923 1305 1950 vir
1325 1923 1385 1958 ejus
1398 1922 1456 1950 "._i
1480 1922 1514 1949 Et
1526 1929 1644 1948 rursus:
1665 1931 1672 1946 ι
1697 1921 1763 1948 Dedi

974 1971 1024 2007 ipsi
1042 1971 1164 2000 libellum
1178 1968 1285 2004 repudii
1310 1968 1337 1995 in
1353 1975 1450 1995 manus
1463 1967 1548 2001 ipsius
1570 1966 1602 1993 ³³.
1630 1976 1638 1991 ι
1670 1967 1762 2000 Repu-

974 2014 1047 2042 diata
1056 2014 1130 2041 enim
1144 2017 1186 2041 est
1199 2016 1231 2040 ut.
1245 2011 1403 2044 fornicaria,
1422 2018 1590 2046 summeque
1614 2010 1764 2045 turpitudi—

973 2061 1016 2088 nis
1030 2059 1166 2088 damnata.
1182 2058 1227 2086 Ait
1242 2058 1317 2086 enim
1331 2057 1432 2084 alicubi
1449 2057 1482 2084 de
1497 2065 1530 2084 ea
1549 2066 1554 2083 :
1576 2065 1584 2081 ‹
1601 2055 1629 2083 Si
1651 2056 1763 2083 dimise—

974 2106 1009 2133 rit
1025 2106 1067 2133 vir
1078 2112 1296 2136 uxoremsuam,
1314 2107 1342 2132 et
1362 2103 1508 2131 recesserit
1525 2103 1559 2130 ab
1574 2110 1617 2134 eo,
1639 2102 1717 2137 130
1735 2107 1762 2129 et

973 2152 1055 2180 fuerit
1070 2160 1132 2179 cum
1148 2152 1207 2178 viro
1222 2151 1319 2183 altero,
1332 2149 1466 2184 numquid
1478 2153 1621 2176 revertens
1642 2152 1762 2176 reverte-

975 2204 1018 2227 tur
1027 2199 1061 2226 ad
1073 2205 1135 2226 eum
1152 2197 1239 2224 ultra?
1252 2204 1343 2224 nonne
1353 2195 1536 2223 contaminata
1562 2194 1746 2222 contaminabi
1755 2209 1762 2213 -

940 2263 961 2290 υ
977 2251 1021 2273 tur
1039 2245 1138 2272 mulier
1162 2244 1228 2271 illa?
1254 2244 1288 2270 Et
1323 2247 1351 2269 tu
1367 2242 1500 2269 fornicata
1523 2249 1553 2268 es
1568 2241 1595 2267 in
1608 2240 1763 2275 pastoribus

975 2292 1078 2319 multis.
1088 2291 1190 2318 Tamen
1206 2293 1344 2317 revertere
1355 2288 1387 2315 ad
1398 2296 1452 2320 me,
1463 2287 1530 2314 dicit
1540 2287 1680 2314 Dominus.
1692 2286 1763 2314 Leva

973 2338 1068 2366 oculos
1088 2341 1149 2364 tuos
1164 2336 1193 2363 in
1207 2335 1354 2367 directum,
1370 2338 1398 2361 et
1419 2333 1481 2361 vide
1496 2333 1543 2360 ubi
1561 2336 1696 2367 prostrata
1715 2333 1761 2360 sis.

973 2385 1002 2412 in
1013 2383 1066 2411 viis
1077 2382 1172 2410 sedisti
1185 2381 1265 2417 quasi
1285 2380 1379 2408 cornix
1398 2380 1425 2406 in
1439 2379 1598 2411 solitudine,
1620 2382 1648 2406 et
1661 2378 1763 2413 pollui-

973 2430 1008 2457 sti
1024 2434 1123 2457 terram
1136 2429 1164 2455 in
1180 2426 1409 2454 fornicationibus
1426 2425 1479 2453 tuis
1501 2430 1529 2452 et
1540 2425 1567 2452 in
1576 2425 1689 2453 malitiis
1699 2425 1762 2456 tuis,

973 2481 1002 2503 et
1027 2474 1148 2503 habuisti
1163 2477 1287 2509 pastores
1309 2472 1410 2499 multos
1427 2471 1454 2498 in
1472 2470 1652 2499 oﬂ‘ensionem
1679 2474 1762 2497 tuam.

979 2521 1073 2549 Facies
1085 2519 1238 2548 meretricis
1255 2517 1324 2546 facta
1336 2521 1378 2545 est
1395 2516 1456 2549 tibi,
1474 2517 1533 2543 sine
1547 2516 1646 2545 rubore
1655 2515 1724 2543 facta
1735 2524 1766 2542 cs

978 2569 1011 2595 ad
1023 2575 1128 2595 omnes.
1148 2566 1244 2594 Nonne
1267 2571 1355 2599 usque
1374 2571 1449 2591 nunc
1473 2571 1517 2590 me
1538 2562 1640 2590 vocasti
1664 2565 1692 2589 et
1716 2569 1766 2596 pa~

978 2620 1047 2642 trem
1076 2618 1105 2641 et
1123 2612 1220 2640 ducem
1235 2610 1399 2646 virginitatis
1416 2610 1487 2636 tum?
1502 2607 1636 2643 numquid
1659 2615 1767 2643 perma-

978 2660 1054 2688 nebit
1076 2660 1103 2687 in
1131 2657 1260 2685 saeculum
1283 2656 1323 2684 "?
1350 2665 1359 2682 ι
1380 2655 1464 2690 Atqui
1492 2655 1532 2682 sic
1548 2653 1658 2689 quidem
1673 2652 1766 2680 senior

978 2707 1074 2734 all'ecta
1094 2705 1155 2732 fuit.
1180 2703 1281 2730 Rachel
1299 2706 1390 2731 autem
1409 2700 1622 2738 juniorem,hoc
1643 2703 1695 2730 est,
1712 2697 1765 2724 Εε-

979 2751 1089 2779 clesiam
1107 2759 1140 2777 ex
1156 2749 1283 2785 gentibus
1297 2748 1350 2775 sibi
1364 2746 1527 2782 despondet,
1542 2746 1623 2781 idque
1648 2746 1676 2771 in
1693 2752 1780 2771 sctum

1169 2852 1191 2867 ³³
1204 2852 1273 2879 Psal.
1294 2859 1362 2879 xu".
1380 2849 1419 2876 l2.
1459 2847 1572 2875 "'Joau.
1593 2854 1632 2877 ut,
1658 2844 1703 2878 29,
1723 2843 1770 2873 Ἀ

135 2893 235 2922 "Osce
259 2902 287 2928 ιι,
310 2886 430 2926 19,'20.'
457 2886 560 2923 "ibid.
580 2895 607 2922 2.
644 2894 767 2926 "lsa.t,
784 2886 813 2926 ιέ
828 2892 917 2921 Jercm

971 2899 987 2924 ι,
1001 2889 1026 2917 8.
1065 2890 1086 2903 ³ο
1105 2889 1206 2917 Jcrem.
1218 2895 1256 2919 ιιι,
1272 2886 1327 2914 ί-ὺ.
