1990 3050
154 149 208 177 2H

652 145 916 177 GLAPHYRORUM
935 145 968 173 ΙΝ
988 146 1141 175 GENESIM
1171 148 1236 175 LIB.
1258 149 1301 177 IV.

157 210 206 246 θὴς
224 207 259 241 εἷ,
275 209 323 237 καὶ
338 210 369 236 οὐ
383 209 458 245 μέλει
474 218 515 236 σοι
527 210 716 246 περἰοὺδενός·
729 210 760 236 οὺ
774 209 827 245 γὰρ
841 207 938 243 βλέπειι

1000 209 1075 236 enim
1089 209 1204 245 respicis
1212 216 1358 244 personam
1369 209 1522 242 hominum,
1535 211 1582 238 sed
1594 211 1664 238 viam
1678 212 1785 241 Domini

158 259 198 288 εις
210 256 356 291 πρόσωπον
375 255 537 291 ἀνθρώπων,
554 256 613 283 ἀλλ’
627 257 670 283 ἐπ’
682 255 811 291 ἀληθείας
826 255 875 290 τὴν
889 254 947 281 ὁδὸν

156 302 204 329 τοῦ
220 301 450 334 Θεοῦδιδάσκεις·
464 300 552 334 ἔξεστι
569 302 660 329 δοῦναι
672 302 770 338 κῆνσον
783 300 912 335 Καίσαρι.
928 299 945 334 ἢ

157 348 204 381 ob;
231 358 240 374 I
256 348 414 384 Προσῂεσαν
433 347 462 374 δὲ
478 347 666 384 πειράζοντες,
687 349 730 375 ἵνα
747 347 946 382 παγιδεύσωτιν

157 395 248 422 αὐτόν.
272 395 477 431 Μεμαρτύρηκε
491 395 545 429 γὰρ
561 395 647 427 οὕτως
665 395 680 421 ὁ
705 394 847 425 θεσπέσιος
863 394 945 427 εὐαγ-

155 441 294 476 γελιστής.
309 441 340 467 Οἱ
359 440 387 467 δὲ
404 440 557 476 λημμάτων
571 441 652 467 ἕνεκα
668 440 716 467 καὶ
732 439 902 475 φιλοκερδίας
915 439 945 465 οὐ

155 485 456 522 παρεδέχοντοτδνυὶόν,
465 495 474 511 ι
488 486 613 521 Ἔψησαν
625 486 691 521 γὰρ,
701 495 710 511 ι
727 487 818 521 φησὶν,
835 487 877 511 (ὲν
884 485 946 511 ἑαυ-

155 533 224 564 τοῑς·
237 529 322 564 Οὗτός
332 533 406 558 ἐστιν
420 531 620 568 δκληρονόμος,
640 531 728 563 δεῦτε,
741 531 945 566 ἀποκτείνωμεν

155 578 246 611 αὐτὸν,
269 578 312 605 ἵνα
328 577 405 614 ἡμῶν
429 579 446 613 ὴ
477 578 641 614 κληρονομία
656 578 779 613 γένηται.
807 587 817 603 ι
842 577 903 604 Ὅτι
917 577 945 603 δὲ

156 623 329 658 φιλόπλουτοι
345 625 392 651 καὶ
405 624 572 660 φιλοκερδεῖς
587 624 656 658 ἄγαν
673 625 698 651 οἱ
715 624 856 659 Φαρισαῖοι
865 623 945 657 γεγό-

153 680 226 702 νασι,
240 672 287 698 καὶ⁸
297 671 327 698 τὸ
341 671 394 697 τῶν
404 671 593 706 Γραμματέων
609 670 715 697 ἀνόσιον
729 670 832 703 στῖφος,
841 668 945 696 κατίδοι

153 725 197 749 τις
214 717 258 750 ἂν,
273 718 321 744 καὶ
333 717 394 744 λίαν
406 717 531 751 ἑτοίμως,
545 718 602 748 τοῖς
616 716 679 751 περὶ
690 715 778 742 αὐτῶν
786 714 945 750 γεγραμμέ-

154 771 210 794 νοις
221 763 268 790 τὸν
281 763 343 790 νοῦν
356 762 446 795 ἐνιεὶς.
461 763 490 789 Ὁ
508 763 557 798 μὲν
567 762 620 797 γὰρ
631 761 733 797 Κύριος
748 760 827 796 ήμῶν
842 760 945 795 Ἰησυῦς

155 808 281 840 Χριστὸς,
309 807 502 843 ἀπεμπολῆσαι
543 807 597 834 δεῖν
628 806 731 841 ῐφασκε
753 807 799 832 τὸν
823 807 944 840 ἐπίγειον

153 854 268 881 1.Λοῦτον
295 856 352 888 τοῖς
374 853 409 880 τὰ
428 854 484 880 ἄνω
499 855 607 889 φρονεῖν
621 852 781 888 ᾑρημένοις,
795 852 841 880 καὶ
857 851 946 879 διανέυ

154 908 215 934 μειν
233 899 267 926 τὰ
283 899 347 926 ὄντα
358 900 486 934 πτωχοῖς,
497 899 540 925 ἵνα
550 898 595 926 τὸν
608 898 664 925 ἄνω
673 898 824 933 κερδάνωσι
838 898 940 932 θησαυ-

153 947 209 981 ρόν.
233 945 317 978 ’Δλλ“,
328 945 365 977 ὦς
380 954 463 980 φησιν
476 946 490 972 ὀ
508 943 713 980 εὐαγγελιστὴς,
731 944 827 980 ἢκουον
855 943 941 971 ταῦτα

150 992 174 1017 οἱ
188 992 362 1026 Γραμματείς
373 993 420 1018 καὶ
435 992 459 1018 οἱ
470 992 610 1026 Φαρισαῖοι
625 991 786 1026 φιλάργυροι
800 990 884 1022 ὄντες,
894 990 941 1016 καὶ

150 1037 364 1073 ἐξεμυκτήριζον
376 1037 468 1064 αὐτόν.
495 1037 557 1063 Ὀτι
573 1037 603 1063 δὲ
629 1037 676 1063 καὶ
692 1037 772 1071 μέχρι
796 1035 851 1063 τῶν
870 1036 940 1070 ἄγαν

150 1083 348 1118 εὐτελεστέρων
364 1082 582 1117 καθικνούμενοι,
601 1083 668 1117 μετὰ
684 1082 784 1118 πολλῆς
799 1082 940 1117 ἀκριϐείας

149 1129 336 1163 λεπτολογὶαις
351 1129 525 1161 ἐσπούδαζον,
551 1129 612 1155 οὐδὲ
630 1129 660 1155 τὸ
689 1128 774 1164 βραχὺ
799 1128 939 1163 μεθιέντες

148 1177 204 1207 τοῖς
221 1176 257 1211 μὴ
270 1175 438 1211 προσάγουσι
451 1174 520 1201 κατὰ
544 1174 625 1209 νόμον
648 1173 698 1205 τὰς
711 1173 879 1208 τεταγμένας
898 1173 941 1200 δε-

149 1222 249 1253 κάτας,
266 1221 355 1248 καίτοι
378 1221 426 1247 τοῦ
438 1221 521 1255 νόμου
542 1219 751 1255 πεφροντικότες
767 1219 854 1253 ὀλίγα,
869 1227 938 1246 παν-

147 1266 231 1298 τελῶς
243 1266 334 1297 αὐτοῖς
348 1266 469 1300 διεσάφει
485 1265 571 1300 λέγων
584 1264 598 1290 ὁ
617 1264 729 1300 Κύριος·
747 1273 757 1290 ι
777 1264 844 1290 οὐαὶ
856 1264 935 1297 ὑμῖν,

148 1312 326 1348 Γραμματεῖς
345 1312 393 1338 καὶ
411 1312 552 1347 Φαρισαῖοι
571 1310 727 1346 ὑποκριταὶ,
746 1310 787 1337 ὅτι
802 1309 938 1336 ἀποδεκα-

148 1358 227 1385 τοῦτε
251 1358 281 1385 th
298 1357 442 1393 ἡδύοσμον,
463 1358 509 1384 καὶ
521 1358 551 1384 τὺ
569 1357 679 1393 ἄνηθον,
696 1357 743 1383 καὶ
757 1356 788 1383 τὸ
811 1356 935 1390 κύμινονθ

147 1404 196 1431 καὶ
213 1405 336 1439 ἀφήκατε
352 1404 387 1431 τὰ
417 1403 555 1441 βαρύτερα
578 1403 625 1430 τοῦ
649 1402 743 1438 νόμου,
769 1401 819 1437 τὴν
835 1401 935 1437 κρίσιν,

148 1452 195 1478 καὶ
211 1451 256 1478 τὸν
268 1451 354 1483 ἔλεον,
369 1452 415 1478 καὶ
437 1452 486 1486 τὴν
500 1451 600 1477 πίστιν.
621 1459 630 1476 ι
659 1449 762 1476 Οὐκοῦν
781 1449 795 1475 ὁ
817 1448 866 1484 μὲν
882 1448 936 1474 Γὰδ

147 1497 349 1532 πειρατήριον,
365 1497 496 1530 πλοῦτος
509 1497 660 1532 δὲὸΓΑσήρ.
671 1497 726 1523 Καὶ
744 1496 827 1530 ἄμφω
849 1493 935 1531 [tha-

999 253 1026 280 in
1047 254 1163 281 veritate
1187 254 1270 282 doces
1280 263 1297 289 _:
1316 254 1382 282 licet
1402 253 1468 282 dare
1489 262 1602 283 censum
1619 256 1731 290 Caesari,
1749 265 1784 285 an

998 300 1091 327 non"?
1103 312 1111 326 ι
1123 302 1301 329 Accesserant
1308 305 1400 329 autem
1410 305 1556 334 tentantes,
1567 305 1597 329 ut
1606 301 1784 337 illaquearent

999 345 1098 381 ipsum.
1112 347 1151 374 lta
1164 348 1239 374 enim
1256 351 1371 375 testatus
1385 351 1426 375 est
1441 347 1551 375 divinus
1562 349 1739 383 evangelista.
1752 349 1785 376 lli

997 399 1065 419 vero
1081 397 1202 427 quaestus
1228 393 1270 420 sui
1295 400 1377 421 causa
1401 401 1456 421 non
1480 399 1662 428 susceperunt
1686 394 1782 422 ﬁlium.

1001 449 1015 464 ο
1026 439 1160 466 Dixerunt
1173 440 1257 472 enim,
1272 440 1370 475 inquit,
1384 441 1413 468 in
1433 441 1531 476 seipsis
1544 449 1551 467 :
1567 441 1617 468 Hic
1633 441 1720 468 haeres
1732 447 1782 474 est,

999 485 1080 519 agite,
1095 485 1252 512 occidamus
1264 493 1338 517 eum,
1352 489 1383 514 ut
1397 490 1490 514 nostra
1502 486 1549 514 fiat
1562 487 1708 515 haereditas
1724 488 1757 514 ".
1772 497 1780 513 ι

997 530 1076 564 Quod
1096 539 1162 558 vero
1181 531 1278 559 attenti
1296 532 1331 560 ad
1345 540 1403 560 rem
1420 536 1447 560 et
1462 538 1581 568 quastus
1603 534 1719 562 studiosi
1735 534 1783 562 ad—

998 576 1110 603 modum
1140 576 1244 604 fuerint
1273 577 1423 611 Pharismi,
1448 579 1603 614 impiusque
1624 579 1784 607 Scribarum

998 626 1096 654 cretus,
1115 621 1194 650 facile
1207 623 1270 658 quis
1280 628 1419 658 agnoscat,
1431 631 1462 651 ea
1482 632 1543 659 quae
1556 625 1590 652 de
1604 625 1670 660 ipsis
1683 626 1784 660 scripta

995 672 1061 695 sunt
1097 667 1331 696 animadvertens.
1361 669 1502 704 Siquidem
1532 670 1665 700 Dominus
1689 676 1784 699 noster

994 713 1075 740 Jesus
1091 713 1218 741 Christus
1242 718 1366 742 terrenas
1388 715 1498 742 divitias
1518 716 1637 743 vendere
1656 720 1784 751 oportere

994 758 1066 786 dixit
1079 767 1127 787 eos
1146 759 1192 794 qui
1213 767 1331 794 superna
1345 760 1465 794 cogitare
1482 761 1577 794 velint,
1593 766 1621 789 et
1640 762 1783 790 facultates

995 805 1162 838 pauperibus
1181 805 1303 840 elargiri,
1321 806 1497 833 utcoelestem
1517 807 1678 836 thesaurum
1696 809 1781 836 lucri-

995 850 1106 877 faciant.
1120 850 1234 883 Verum,
1253 855 1284 878 ut
1298 851 1337 878 ait
1366 853 1541 888 evangelista,
1560 854 1707 882 audierunt
1724 855 1783 883 haec

961 881 982 908 Β
995 895 1099 923 Scribat
1110 900 1139 924 et
1155 896 1284 924 Pharisaai
1301 898 1426 932 pecunia
1436 881 1574 932 vstudiosi,
1594 904 1622 928 et
1637 901 1782 929 irriserunt

993 949 1068 968 cum.
1086 941 1165 974 Quod
1183 950 1250 970 vero
1267 943 1301 970 ad
1317 943 1448 971 vilissima
1469 953 1584 980 qumque
1602 954 1634 973 ac
1654 946 1781 975 facillima

994 993 1091 1023 paratu
1106 989 1299 1024 procedentes,
1311 996 1418 1016 summa
1428 990 1575 1018 severitate
1587 992 1699 1020 minima
1715 1000 1782 1020 con-

991 1038 1139 1066 sectantcs,
1154 1038 1182 1062 et
1194 1041 1210 1062 e
1229 1034 1312 1062 rebus
1325 1035 1438 1062 minutis
1452 1035 1550 1070 rigide,
1568 1037 1620 1063 etsi
1634 1045 1729 1072 parum
1747 1039 1781 1066 de

990 1078 1050 1113 lege
1064 1079 1185 1111 solliciti,
1198 1079 1319 1106 decimas
1330 1080 1481 1107 secundum
1497 1080 1585 1116 legem
1598 1086 1714 1110 statutas
1725 1084 1782 1111 exi-

990 1126 1233 1160 gerent,Dominus
1243 1126 1309 1162 ipsis
1318 1126 1482 1162 signiﬁcavit
1493 1127 1589 1155 dicens
1600 1137 1606 1155 :
1619 1129 1679 1156 «Vae
1690 1129 1779 1162 vobis,

991 1171 1094 1200 Scribat
1109 1177 1137 1200 et
1145 1172 1276 1201 Pharisaei
1290 1173 1450 1209 hypocrita,
1467 1174 1532 1209 quia
1549 1174 1692 1202 decimatis
1704 1183 1781 1203 men—

989 1218 1075 1250 tham,
1084 1223 1112 1246 et
1121 1219 1263 1252 anethum,
1273 1224 1302 1247 et
1312 1220 1452 1248 cuminum
1463 1230 1471 1254 ;
1484 1225 1511 1249 et
1519 1214 1646 1250 omittitis
1654 1223 1779 1258 graviora

989 1264 1068 1299 legis,
1077 1265 1225 1300 judicium,
1237 1270 1265 1293 et
1277 1266 1504 1300 misericordiam,
1517 1273 1545 1296 et
1558 1268 1639 1296 fidem
1653 1269 1684 1296 "‘.
1698 1279 1707 1295 ›
1721 1269 1778 1297 Gad

988 1310 1083 1346 itaque
1106 1312 1235 1344 lentatio;
1249 1312 1318 1340 Aser
1329 1317 1422 1341 autem
1441 1314 1547 1342 divitior.
1563 1315 1624 1342 Nati
1637 1323 1703 1343 vero
1716 1321 1780 1344 sunt

987 1355 1107 1383 amboex
1114 1357 1211 1384 ancilla
1220 1357 1331 1394 Zelpha,
1345 1363 1407 1394 post
1415 1360 1472 1387 Dan
1486 1361 1697 1396 etNephthalim
1709 1361 1778 1389 filios

988 1401 1080 1429 Ballaa.
1094 1401 1230 1430 Caeterum
1245 1403 1272 1430 in
1291 1403 1335 1431 his
1352 1405 1475 1439 quidem,
1493 1406 1573 1433 nobis
1590 1410 1697 1441 tempus
1716 1411 1778 1435 ante

988 1448 1137 1476 adventum
1155 1450 1243 1477 nostri
1266 1449 1415 1478 Salvatoris
1434 1452 1601 1487 descriptum
1619 1453 1664 1485 sit,
1678 1453 1706 1480 in
1723 1462 1778 1488 quo

989 1495 1092 1522 sterilis
1110 1495 1200 1523 adhuc
1213 1499 1273 1523 crat
1284 1495 1396 1528 Rachel,
1410 1497 1462 1524 hoc
1472 1500 1524 1530 est,
1537 1497 1660 1525 Ecclesia
1669 1506 1703 1525 ex
1713 1506 1778 1533 gen-

147 1544 244 1579 νέσθην
256 1544 288 1570 ἐκ
300 1543 466 1579 θεραπαίνης
485 1543 533 1578 τῆς
552 1543 667 1577 Ζελφᾶς,
689 1542 758 1577 μετὰ
775 1541 821 1568 τὸν
838 1541 890 1567 Δάν
905 1549 934 1566 τε

989 1540 1072 1573 tibus,
1085 1548 1146 1575 qua:
1157 1541 1231 1576 quod
1243 1541 1344 1568 multos
1355 1546 1429 1569 esset
1439 1542 1569 1577 paritura,
1579 1547 1606 1569 et
1621 1543 1777 1571 innumera-

146 1591 192 1617 καὶ
202 1589 373 1625 Νεφθαλεὶμ,
388 1590 412 1616 οἳ
431 1587 502 1624 ἦσαν
522 1590 553 1616 ὲκ
570 1589 684 1620 Βάλλας.
701 1588 771 1615 Ἀλλ’
787 1589 816 1614 ἂν
829 1587 934 1618 τούτοις

148 1637 206 1672 μὲν,
222 1637 286 1672 ἡμῖν
299 1637 313 1663 ὀ
332 1636 385 1671 πρὸ
405 1637 454 1671 τῆς
473 1635 520 1662 τοῦ
547 1635 672 1670 Σωτῆρος
685 1634 763 1670 ἡμῶν
787 1633 934 1669 ἐπιδημίας

147 1682 240 1716 καιρὸς
251 1682 410 1718 γεγράφθω*
424 1681 484 1708 καθ’
493 1681 523 1708 ὃν
530 1679 564 1716 ἦν
573 1680 612 1707 ἔτι
626 1682 719 1716 στεῖρα
733 1679 843 1715 Ῥαχὴλ,
852 1688 932 1705 τουτ-

145 1729 230 1761 έστιν,
247 1730 264 1764 ἡ
284 1729 314 1760 ἐξ
327 1728 411 1754 ἐθνῶν
431 1727 586 1762 Ἐκκλησία“
606 1727 674 1762 ἣὸτι
686 1726 792 1758 τέξεται
810 1725 932 1756 πολλοὺς,

146 1775 192 1801 καὶ
211 1774 404 1810 ἀναριθμήτων
421 1773 497 1800 ἔσται
516 1773 625 1809 τροερδς,
642 1772 869 1808 προανακέκραγε
884 1770 933 1805 μὲν

150 1821 263 1852 Ἦσαῖας
276 1821 372 1855 λέγων·
391 1819 588 1856 «Εὐφράνθητι,
600 1820 702 1855 στεῖρα,
716 1819 732 1854 ὴ
748 1818 779 1845 οὐ
793 1817 931 1844 τίκτουσα.

158 1867 245 1903 Ρῆξον
261 1867 307 1893 καὶ
334 1867 441 1902 βόησον,
458 1868 474 1902 ἡ
494 1866 544 1892 οὐκ
560 1865 690 1892 ὠδίνουσα
706 1873 713 1881 ·
730 1865 770 1892 ὅτι
794 1864 879 1891 πολλὰ
897 1864 932 1891 τὰ

144 1912 226 1939 τέκνα
239 1913 290 1947 τῆς
301 1912 403 1948 ἐρήμου
426 1911 526 1947 μᾶλλον
538 1911 555 1946 ἢ
570 1910 620 1945 ’τῆς
633 1910 748 1945 ἐχούσης
759 1910 805 1936 τὸν
819 1909 911 1945 ἄνδρα,
920 1919 929 1936 ι

144 1959 272 1993 Διεσάφει
283 1958 312 1984 δὲ
324 1957 371 1985 καὶ
391 1958 471 1990 αὐτὸς
491 1959 505 1985 ὁ
522 1957 666 1988 θεσπέσιος
680 1957 762 1983 Δαεὶδ
777 1956 842 1992 περὶ
864 1956 932 1983 Θεοῦ

144 2004 241 2038 λέγων·
261 2013 271 2029 ί
293 2004 322 2030 '0
337 2003 498 2035 κατοικίζων
515 2004 625 2038 στεῖραν
637 2003 664 2029 ἐν
679 2002 755 2037 οἴκῳ,
776 2002 878 2038 μητέρα
887 2003 933 2029 ἐπὶ

144 2047 249 2078 τέκνοις
276 2047 502 2083 εὐφραινομένην.
518 2056 528 2073 ι
543 2047 614 2082 Ἔφη
640 2047 668 2073 δέ
684 2055 734 2074 που
759 2047 827 2083 πρὸς
849 2047 932 2082 αὐτὴν

145 2093 192 2119 καὶ
207 2095 221 2119 ὁ
233 2093 288 2119 τῶν
302 2093 369 2120 ὅλων
385 2094 522 2129 Δεσπότης
542 2093 589 2121 καὶ
607 2093 683 2125 Θεός·
713 2103 722 2126 ι
736 2090 821 2129 Ἀρον
840 2093 932 2128 κύκλῳ

145 2140 209 2170 τοὺς
227 2139 382 2174 ὀφθαλμούς
397 2148 455 2172 σου,
474 2140 519 2166 καὶ
542 2139 580 2166 ἴδε
605 2139 719 2171 πάντας.
743 2148 752 2165 ι
773 2139 828 2166 Καὶ
842 2139 932 2165 πάλιν·

149 2194 160 2211 ι
179 2185 245 2211 Ἰδοὺ
264 2181 336 2211 οὗτοι
359 2185 499 2221 πόρρωθεν
520 2185 656 2220 ἔρχονται,
679 2181 750 2211 οὗτοι
761 2184 816 2211 ἀπὸ
835 2184 931 2221 βορρᾶ,

147 2231 194 2258 καὶ
204 2228 339 2258 οὖτοιάπὺ
351 2231 498 2267 θαλάσσης,
519 2231 591 2258 ἄλλοι
609 2231 637 2257 δὲ
652 2232 684 2258 ὲκ
701 2231 754 2266 γῆς
772 2231 894 2267 Περσῶν.
920 2241 928 2257 ι

989 2236 1072 2263 Liam.
1086 2233 1135 2261 llla
1149 2240 1215 2260 vero
1228 2232 1333 2267 petenti
1345 2229 1458 2259 Bacheli
1472 2231 1528 2263 dat,
1539 2235 1567 2258 et
1581 2231 1652 2266 parit
1665 2231 1778 2265 quidem
1829 2230 1832 2235 ’

145 2276 212 2312 Φέρε
225 2277 257 2311 δὴ
273 2274 330 2309 οὗν,
347 2277 371 2303 εἰ
381 2277 465 2309 δοκεῖ,
479 2277 659 2312 καταθρῶμεν
668 2277 786 2312 ὁπηνίκα
803 2277 850 2303 καὶ
864 2277 938 2309 ὅπως

145 2322 255 2349 τέτοκεν
303 2323 408 2358 στεῖρα,
434 2322 538 2349 Οὐκοῦν
561 2323 618 2357 μετ’
635 2323 756 2354 ἐκείνους
771 2323 796 2349 οἳ
819 2322 935 2357 γεγόνα-

147 2377 188 2395 σιν
200 2369 231 2394 ὲκ
243 2368 426 2403 θεραπαινῶν,
443 2369 506 2400 τοὺς
523 2370 551 2395 ὲν
563 2367 640 2404 ἁγρῷ
653 2369 845 2404 μανδραγόρας
861 2369 936 2405 εὑρί-

146 2423 206 2441 σκει
226 2414 364 2450 Ῥουϐεὶμ,
376 2415 389 2441 ὁ
400 2414 430 2446 ἐξ
447 2414 544 2441 Ἰακὼὸ
560 2416 742 2451 πρωτότοκος·
759 2415 937 2451 προσκομίζει

145 2461 173 2487 δὲ
187 2460 255 2496 Λείᾳ
266 2462 298 2496 τῇ
319 2461 371 2496 ίδίᾳ
387 2461 480 2496 μητρί,
504 2461 574 2488 Ἡδὲ
592 2463 624 2497 τῇ
647 2461 746 2497 Ῥαχὴλ
763 2461 882 2497 ζητούσῃ
897 2461 937 2488 δί-

145 2506 220 2533 δωσι.
235 2507 289 2532 Καὶ
299 2506 386 2532 τίκτει
402 2507 451 2542 μὲν
467 2507 544 2539 Λεία,
567 2507 688 2533 λαὸοὖσα
708 2508 771 2539 τοὺς
785 2507 938 2543 μανδραγό-

148 2560 207 2586 ρας,
222 2552 269 2578 δύο
282 2552 363 2579 πάλιν
375 2553 459 2585 υἱοὺς,
481 2553 526 2580 τόν
546 2561 575 2579 τε
588 2553 699 2588 Ἰσάχαρ
714 2553 761 2580 καὶ
780 2553 872 2588 μέντοι
892 2553 939 2579 καὶ

146 2597 192 2625 τὸν
210 2598 360 2626 Ζαϐουλὼν.
376 2597 440 2626 Εἶτα
454 2600 590 2634 μέμνηται
604 2599 670 2630 Θεὸς
688 2599 736 2634 τῆς
759 2599 872 2634 Ῥαχὴλ,
892 2599 940 2626 καὶ

146 2644 344 2680 διανοιχθείσης
359 2645 429 2680 αὐτῇ
449 2646 499 2679 τῆς
512 2646 629 2681 μήτρας,
647 2645 693 2672 καὶ
707 2645 776 2681 αὐτὴ
787 2645 881 2672 τέτοκε
890 2646 937 2672 τὸν

146 2690 255 2727 Ἰωσὴφ,
282 2691 330 2718 καὶ
342 2685 497 2719 τελευτῶσα
520 2691 565 2718 τὸν
581 2691 719 2726 Βενιαμίν.
735 2691 802 2718 Λεία
821 2692 869 2725 μὲν
890 2690 936 2719 οὖν

145 2737 186 2764 ὅτι
199 2737 248 2771 τὴν
262 2737 317 2764 τῶν
327 2736 461 2764 Ἰουδαίων
478 2736 642 2772 Συναγωγὴν
657 2737 852 2769 ὑπαινίττεται,
873 2738 934 2764 Ῥα-

180 2838 202 2854 "‘
219 2837 314 2865 Manli.
337 2846 400 2868 xx".
422 2838 454 2865 16
467 2845 542 2872 seqq.

146 2881 198 2906 uv,
218 2873 248 2905 l;
268 2873 358 2901 Galat.
378 2874 470 2906 M327.
511 2874 532 2889 ⁶⁰
552 2873 622 2902 Psal.
639 2881 701 2907 cxn,
715 2874 742 2902 θ.

581 2838 847 2878 "’_h’latth.‘xx1,u7i_8:
873 2840 955 2867 Marc.
977 2848 1023 2878 ait,
1042 2839 1071 2871 7;
1093 2839 1158 2878 huc.
1175 2847 1217 2878 vx:
1239 2838 1280 2864 Η,

781 2876 800 2890 θ’
812 2875 862 2903 ιω.
878 2884 949 2910 mx,
979 2875 1026 2909 t8;
1048 2883 1090 2908 ιχ,
1104 2874 1137 2901 .i.-
1169 2874 1190 2889 ¹²
1205 2873 1255 2901 lsa.
1270 2881 1340 2906 κω,
1356 2873 1396 2899 1:2.

988 1595 1050 1614 rum
1064 1587 1187 1622 gentium
1205 1587 1299 1614 nutrix
1310 1586 1413 1619 futura,
1426 1588 1553 1622 praedixit
1566 1589 1677 1624 quidem
1694 1589 1778 1617 Isaias

987 1633 1102 1662 dicens:
1119 1644 1129 1660 ι
1143 1633 1259 1665 Laetare,
1278 1633 1390 1665 sterilis,
1412 1641 1472 1668 quae
1489 1642 1545 1661 non
1558 1634 1687 1669 parturis,
1712 1635 1777 1670 quia

987 1680 1066 1708 multi
1085 1680 1134 1707 filii
1147 1679 1262 1707 desertae
1277 1679 1364 1714 magis
1389 1687 1470 1714 quam
1486 1680 1546 1715 ejus
1562 1688 1622 1715 quae
1638 1681 1721 1707 habet
1734 1681 1777 1708 vi-

987 1735 1049 1754 rum
1061 1727 1095 1754 ".
1112 1736 1121 1752 ι
1133 1726 1287 1754 Declaravit
1298 1731 1389 1753 autem
1402 1726 1485 1754 etiam
1501 1726 1559 1762 ipse
1573 1727 1682 1754 divinus
1693 1727 1777 1754 David

987 1774 1021 1800 de
1033 1781 1067 1801 eo
1084 1772 1178 1800 dicens
1190 1781 1196 1799 :
1213 1782 1221 1797 ι
1232 1772 1283 1805 Qui
1296 1772 1421 1800 habitare
1433 1772 1498 1799 facit
1510 1773 1631 1800 sterilem
1645 1773 1673 1800 in
1684 1773 1775 1806 domo,

988 1824 1107 1846 matrem
1117 1826 1204 1854 super
1217 1818 1282 1845 ﬁliis
1293 1818 1429 1846 ltetantcm
1441 1818 1473 1845 ‘°.
1486 1827 1495 1844 ι
1510 1818 1555 1845 Ait
1569 1821 1660 1845 autem
1677 1818 1777 1846 alicubi

986 1857 1021 1894 ad
1043 1865 1130 1900 ipsam
1149 1865 1233 1892 etiam
1253 1864 1447 1891 universorum
1469 1864 1603 1892 Dominus
1624 1872 1656 1892 ac
1678 1865 1751 1892 Deus
1769 1874 1775 1892 :

991 1923 999 1939 ι
1013 1912 1089 1940 Tolle
1101 1911 1128 1938 in
1141 1910 1258 1938 circuitu
1272 1910 1367 1936 oculos
1385 1914 1456 1942 tuos,
1468 1914 1496 1937 et
1506 1910 1569 1937 vide
1578 1917 1674 1937 omnes
1684 1911 1732 1937 ε’.»
1744 1911 1778 1938 Et

987 1966 1102 1986 rursus:
1119 1967 1128 1982 ι
1142 1957 1212 1984 Ecce
1226 1955 1254 1982 hi
1268 1955 1302 1982 de
1316 1955 1396 1991 longe
1416 1955 1542 1989 veniunt,
1555 1955 1584 1982 hi
1599 1955 1633 1983 ab
1648 1957 1778 1991 aquilone

986 2009 1014 2033 et
1030 2004 1057 2031 hi
1082 2011 1098 2031 a
1118 2002 1198 2035 mari,
1216 2001 1263 2029 alii
1281 2009 1347 2028 vero
1362 2009 1378 2028 e
1397 2004 1470 2028 terra
1487 2001 1636 2029 Persarum
1649 2002 1682 2028 ".
1699 2011 1707 2027 ι
1721 2002 1776 2037 Age

987 2052 1089 2085 itaque,
1114 2048 1192 2083 135
1213 2048 1235 2075 si
1253 2047 1353 2082 placet,
1367 2046 1519 2079 videamus,
1537 2047 1646 2082 quando
1660 2052 1687 2075 et
1705 2055 1774 2082 quo—

986 2097 1069 2125 modo
1081 2095 1184 2123 sterilis
1198 2093 1315 2130 peperit.
1331 2093 1396 2121 Post
1407 2093 1470 2120 illos
1487 2093 1570 2128 igitur
1581 2093 1627 2128 qui
1642 2094 1699 2120 nati
1713 2098 1777 2121 sunt

986 2151 1020 2171 cx
1037 2141 1154 2173 ancillis,
1169 2139 1365 2174 mandragoras
1376 2139 1404 2166 in
1414 2146 1480 2174 agro
1493 2138 1599 2166 invenit
1612 2139 1710 2166 Ruben
1722 2139 1778 2174 pri-

987 2187 1144 2224 mogenitus
1168 2194 1203 2214 ex
1222 2185 1316 2218 Jacob,
1340 2185 1482 2220 defertque
1499 2184 1533 2212 ad
1557 2189 1673 2212 matrem
1699 2192 1776 2212 suam

986 2282 1033 2310 Lia
1042 2280 1163 2315 acceptis
1175 2278 1365 2314 mandragoris
1375 2277 1445 2305 duos
1456 2285 1568 2305 rursum
1580 2277 1778 2309 ﬁlios,lsachar

986 2326 1129 2359 nimirum,
1145 2331 1174 2352 et
1195 2324 1329 2351 Zabulon.
1348 2323 1451 2350 Deinde
1468 2322 1629 2350 recordatus
1643 2326 1684 2350 est
1705 2322 1778 2349 Deus

986 2373 1127 2405 Rachelis,
1146 2375 1296 2406 apertaque
1309 2370 1370 2405 ejus
1385 2368 1476 2401 vulva,
1494 2368 1602 2404 peperit
1620 2368 1702 2396 etiam
1718 2368 1777 2403 ipsa

985 2419 1096 2454 Ioseph,
1121 2421 1150 2445 et
1169 2421 1293 2444 extremo
1315 2415 1458 2451 Benjamin
1472 2415 1506 2442 ".
1522 2414 1601 2448 Quod
1624 2415 1708 2450 igitur
1728 2414 1777 2442 Lia

986 2465 1144 2494 Iudaeorum
1162 2463 1333 2499 Synagogam
1357 2461 1506 2497 signiﬁcet;
1521 2461 1624 2488 Rachel
1638 2468 1704 2488 vero
1724 2461 1777 2488 Ec-

989 2511 1101 2539 clesium
1114 2517 1147 2537 ex
1157 2508 1295 2544 gentibus,
1310 2507 1410 2542 sacpius
1418 2507 1474 2542 jam
1490 2515 1505 2534 a
1517 2506 1597 2534 nobis
1607 2506 1711 2535 dictum
1724 2511 1775 2534 est.

988 2555 1235 2585 Praetermittentes
1251 2554 1354 2589 itaque,
1367 2557 1397 2581 ut
1413 2561 1654 2589 supervacaneam,
1665 2561 1778 2581 eorum-

988 2605 1050 2632 dem
1065 2601 1268 2638 repetitionem,
1285 2600 1458 2628 declaremus
1479 2600 1609 2635 deinceps
1637 2600 1716 2635 cujus
1735 2598 1776 2628 rei

989 2655 1071 2686 typus
1091 2648 1146 2676 sint
1172 2647 1368 2682 mandragorae,
1387 2654 1402 2673 a
1419 2646 1601 2682 primogenita
1621 2645 1718 2673 Ruben
1733 2645 1777 2671 in-

990 2701 1078 2723 venue
1094 2703 1100 2721 :
1116 2693 1183 2729 quid
1202 2693 1285 2720 etiam
1306 2692 1358 2720 sibi
1382 2692 1458 2725 velit,
1480 2700 1576 2720 earum
1595 2691 1623 2719 in
1645 2695 1777 2724 utrosque

989 2740 1102 2776 aequalis
1114 2740 1229 2766 fortasse
1244 2738 1411 2765 distributio.
1425 2738 1503 2765 Dedit
1514 2738 1587 2764 enim
1595 2737 1643 2764 Lia
1653 2734 1774 2765 Racheli,

1331 2837 1353 2853 ³⁵
1373 2838 1553 2866 Malliuum.
1587 2837 1631 2862 :25.
1670 2837 1691 2852 "
1723 2837 1778 2863 ita.

1444 2873 1464 2888 ⁵³
1482 2873 1549 2900 Gcn.
1564 2879 1628 2905 xxx,
1639 2872 1684 2899 2t.

1733 152 1785 180 eis
1833 135 1842 142 ’
