1990 3050
183 140 234 168 ἳῐυ

694 137 723 165 S.
745 137 884 165 CYRILLI
904 136 1141 164 ALEXANDRINI
1159 137 1320 165 ARCHIEP.

1763 136 1816 164 9.20

183 198 255 233 Quid
268 205 335 226 vero
348 200 482 234 [interea
498 196 581 225 etiam
603 196 660 231 ipsa
680 195 798 223 ﬁliorum
819 196 970 231 generatio,

1037 194 1073 230 il),
1089 194 1177 227 δὲτὴν
1193 194 1222 227 ἐξ
1236 194 1320 221 ἐθνῶν
1332 192 1508 228 Ἐκκλησίαν,
1523 193 1736 229 προμεμήνυκεν
1751 195 1818 229 ἡμῖν

186 247 213 273 in
237 246 305 281 ipsis
323 244 466 273 nominum
485 243 731 280 signiﬁcationilms
748 241 907 278 mysterium
922 249 971 276 pa-

186 300 268 320 nens.

1026 241 1184 272 πλειστάκις
1197 241 1211 267 ὸ
1220 241 1309 274 λόγος.
1320 239 1456 270 Μεθέντες
1476 238 1509 273 δὴ
1525 236 1572 265 οὖν
1582 238 1618 270 ὡς
1634 239 1762 274 ἀνόνητον
1778 239 1818 265 ἔτι

1025 286 1056 312 τὸ
1068 286 1251 319 ταυτολογεῖν,
1269 285 1362 312 λοιπὸν
1374 284 1546 319 ἀφηγώμεθα
1569 284 1642 316 τίνος
1657 284 1690 312 ἂν
1703 283 1757 312 εἷεν
1779 286 1820 315 εις

185 340 269 367 τύπον
289 340 314 367 οι
328 340 522 376 μανδραγόραι,
537 338 582 365 διὰ
606 337 652 364 τοῦ
666 335 838 371 πρωτοτόκου
859 334 986 370 Ῥουὸεὶμ
1004 334 1165 370 ηὑρημένοι.
1183 333 1215 360 Τί
1236 334 1259 360 δ’
1274 333 1306 361 ἂν
1319 333 1439 368 βούλοιτο
1452 331 1548 367 δηλοῦν
1563 333 1578 368 ἠ
1600 334 1641 365 εις
1672 333 1756 368 ἄμφω
1788 340 1819 358 τε

186 386 234 413 καὶ
248 386 277 412 ἐν
289 386 339 421 ἴσῳ
351 386 420 420 τάχα
435 394 487 412 που
499 384 669 419 διανέμησιςο
689 381 789 408 δέδωκε
807 381 862 416 γὰρ
875 381 892 416 ἡ
906 380 972 407 Λεία
990 381 1024 416 τῇ
1047 380 1159 415 Ῥαχήλ·
1177 379 1203 407 τί
1222 379 1251 406 δὲ
1265 379 1333 415 πρὸς
1359 378 1464 409 τούτοις
1486 379 1532 405 καὶ
1543 378 1612 414 αὐτὴ
1644 378 1698 405 τῶν
1718 378 1817 406 παίδων

187 432 203 466 ἡ
215 431 332 464 γένεσις,
347 431 375 457 ὲν
385 431 444 462 ταῖς
458 430 513 456 τῶν
526 428 667 464 ὀνομάτων
681 426 830 462 σημασίαις
842 425 1021 453 ὠδίνουσα-τὸ
1038 427 1194 460 μυστήριον.

223 477 267 504 Η.
289 477 474 513 Mandragom
494 477 579 511 igitur
599 478 751 502 nascuntur
771 474 798 501 in
813 473 895 509 agris,
915 481 978 508 spe-

190 523 260 551 ciem
272 530 364 551 autem
378 523 451 559 pomi
462 530 518 558 prae
533 530 562 549 se
573 521 675 549 ferunt.
685 520 763 555 Quod
774 528 841 548 vero
852 528 979 548 somnum

190 573 349 604 provocent,
373 570 503 604 gravique
523 575 622 604 sepore
643 575 692 595 eos
714 568 761 603 qui
785 567 839 595 illis
864 572 980 595 utuntur

190 615 356 650 opprimant,
367 623 399 642 ac
409 615 493 642 veluti
508 614 656 646 inebrient,
673 621 727 641 non
747 614 833 641 multo
852 621 978 641 sermone

190 669 260 696 opus
274 661 332 688 fore
348 660 470 688 arbitror
486 660 519 687 ad
535 659 790 690 demonstrandum.
809 666 871 686 cum
891 665 979 694 aegro-

190 715 251 734 rum
267 706 421 734 dormiendi
436 706 589 734 ditﬁcultati
606 706 706 733 medici
718 705 836 732 naturali
853 704 980 731 mandra-

191 761 317 788 gorarum
332 753 434 780 virtute
444 757 525 788 atque
541 752 660 780 eﬂicacia
676 752 850 780 subveniant.
868 751 978 785 Signiﬁ-

191 804 254 826 cant
266 807 332 826 vero
346 800 425 826 nobis
445 799 559 833 ﬁgurate
573 799 675 826 Christi
691 799 863 835 mysterium,
876 797 978 824 obdor-

190 843 302 871 mientis
323 844 527 878 quodammodo
549 849 661 879 propter
678 852 737 875 nos,
760 848 788 871 et
808 843 978 870 demittontis

191 890 311 924 seipsum
333 890 366 917 ad
393 890 608 917 exinanitionem
635 890 668 917 ad
695 894 811 917 mortem
836 897 922 924 usque
944 889 977 921 “,
997 873 1015 899 Β

192 934 298 962 tametsi
314 934 443 961 revixerit
459 943 577 962 rursum.
594 935 666 962 Deus
676 935 749 962 enim
760 934 978 962 eratsecundum

191 984 330 1011 naturam,
343 981 450 1007 etiamsi
467 988 531 1008 caro
551 981 586 1008 sit
604 981 701 1008 factus.
720 981 771 1009 Ubi
791 989 856 1008 vero
871 981 899 1007 in
918 981 980 1007 uni-

191 1032 302 1052 versum
326 1033 400 1052 mors
419 1026 504 1053 instar
523 1026 612 1053 somni
641 1031 750 1061 accepta
767 1031 818 1059 est,
839 1027 876 1053 ibi
898 1027 980 1053 etiam

193 1071 368 1098 resuscitatio
387 1071 422 1098 ad
440 1072 525 1099 vitam
543 1072 689 1107 quaerenda
708 1076 759 1104 est,
778 1077 806 1099 et
824 1072 981 1099 summatim

193 1116 295 1144 Christi
307 1117 333 1144 in
347 1117 390 1145 his
403 1118 574 1153 mysterium.
600 1117 705 1145 Idcirco
730 1118 810 1146 divus
819 1119 921 1146 Paulus
935 1126 982 1146 eos

193 1163 239 1197 qui
250 1171 306 1198 prae
316 1163 427 1191 levitate
443 1164 470 1191 in
484 1164 620 1192 diversam
634 1165 796 1192 sententiam
811 1165 880 1199 rapti
892 1169 980 1195 erant,

194 1209 375 1244 reprehendit
389 1209 500 1237 dicens:
515 1219 523 1234 ι
538 1210 649 1237 Tradidi
659 1209 732 1236 enim
745 1210 824 1237 vobis
835 1211 861 1236 in
875 1210 980 1245 primis,

193 1255 267 1290 quod
281 1260 308 1283 et
319 1256 423 1290 accepi,
437 1256 509 1291 quod
519 1256 647 1283 Christus
658 1260 783 1283 mortuus
795 1262 837 1283 est
853 1263 903 1291 pro
918 1264 982 1291 pec-

193 1301 262 1328 catis
277 1301 380 1327 nostris
391 1301 540 1327 secundum
551 1300 722 1335 Scripturas.
735 1300 846 1336 etquod
861 1301 984 1335 sepultus

192 1349 236 1372 est
249 1365 256 1376 ,
269 1345 397 1380 quodque
420 1345 572 1372 resurrexit
592 1345 672 1371 tertia
691 1344 736 1372 die
746 1345 898 1372 secundum
911 1345 983 1372 Scri-

194 1395 290 1426 pturas
301 1391 333 1418 ‘5.
347 1401 356 1416 ι
372 1391 404 1418 Ει
413 1391 494 1426 paulo
507 1395 567 1425 post
581 1398 587 1416 :
604 1399 612 1415 ι
627 1390 655 1417 Si
666 1394 758 1427 autem
770 1389 897 1417 Christus
913 1398 984 1425 prte-

194 1436 302 1464 dicatur
318 1445 332 1464 a
364 1437 480 1464 mortuis
506 1435 700 1468 resurrexisse,
727 1436 865 1471 quomodo
890 1436 986 1463 dicunt

196 1481 268 1509 inter
280 1489 328 1509 vos
347 1482 458 1517 quidam
474 1490 528 1509 non
543 1489 604 1509 esse
618 1482 849 1509 resurrectionem
863 1486 986 1509 mortuo-

197 1535 257 1554 rum
280 1528 341 1554 “?i
366 1529 515 1563 Postquam
540 1528 612 1555 enim
636 1528 741 1562 primus
768 1527 840 1554 inter
860 1528 986 1556 homines

195 1574 322 1601 Christus
334 1578 451 1601 mortem
471 1582 598 1602 somnum
614 1580 674 1600 esse
690 1574 822 1605 ostendit,
839 1574 894 1601 vita
912 1575 985 1602 enim

196 1625 256 1647 erat
267 1620 418 1647 secundum
434 1625 572 1652 naturam,
585 1621 697 1655 januam
710 1619 857 1654 quamdam
872 1628 903 1647 ac
914 1621 986 1648 viam

198 1667 226 1693 in
236 1667 341 1701 reliquo
353 1674 413 1694 esse
423 1672 564 1701 oportere;
574 1667 655 1702 136
667 1670 695 1693 et
706 1666 739 1693 ad
752 1671 867 1693 mortem
881 1667 988 1695 fortiter

199 1712 390 1747 superandam.
415 1712 520 1740 Idcirco
541 1712 624 1739 etiam
647 1711 868 1746 sapientissimus
887 1713 988 1740 Paulus

199 1758 299 1792 passim
309 1766 357 1785 eos
376 1758 422 1792 qui
439 1758 540 1785 mortui
550 1762 625 1790 sunt,
642 1759 802 1786 dormientes
823 1759 942 1795 appellat
954 1759 987 1792 ⁸⁷,

200 1808 294 1838 utpote
318 1808 412 1839 postea
436 1808 587 1831 revicturos
609 1812 658 1840 per
678 1805 829 1833 Christum.
852 1805 897 1832 Ait
915 1806 989 1832 enim

201 1857 310 1876 rursum
325 1858 331 1876 :
348 1849 390 1876 «Si
403 1851 476 1877 enim
490 1851 629 1878 credimus
637 1851 710 1885 quod
723 1851 850 1878 Christus
864 1856 990 1878 mortuus

201 1899 252 1928 est,
266 1900 294 1922 et
313 1896 473 1930 resurrexit,
487 1897 569 1923 etiam
586 1897 658 1923 Dcus
673 1897 803 1924 excitabit
822 1897 991 1924 dormientes

202 1948 263 1968 cum
280 1941 355 1973 Jesu,
371 1946 398 1969 et
409 1942 551 1969 exhibebit
564 1942 708 1971 nobiscum
720 1943 752 1969 "'.
768 1952 777 1967 ι
791 1942 885 1970 Somni
899 1943 990 1978 itaque

202 1986 357 2021 symbolum
372 1991 415 2013 est
436 1987 626 2022 mandragora,
644 1992 726 2021 atque
743 1987 795 2014 hoc
810 1987 915 2014 invenit
932 1987 991 2022 pri-

204 2032 360 2066 mogenitus
376 2032 475 2060 Ruben
489 2041 495 2064 ;
507 2032 608 2059 deinde
627 2031 715 2059 defert
731 2031 765 2058 ad
787 2036 912 2059 matrem.
930 2031 993 2059 Haec

202 2087 269 2106 vero
283 2079 426 2106 distribuit
438 2079 536 2106 sorori.
556 2077 639 2104 Primi
654 2077 727 2104 enim
742 2077 872 2104 Israelita:
887 2076 991 2111 primo-

204 2124 326 2158 genitum
345 2132 394 2159 per
408 2129 530 2159 tempOra
549 2127 748 2158 cognoverunt,
763 2122 920 2157 Christique
934 2132 993 2159 my-

206 2170 320 2196 sterium
333 2170 472 2197 consecuti
486 2174 551 2196 sunt
564 2177 570 2195 :
586 2176 692 2195 necnon
707 2167 787 2195 matri
801 2175 866 2199 suae,
881 2168 992 2196 Jerusa-

1064 472 1107 499 ια’.
1129 473 1325 509 Μανδραγόραι
1345 473 1436 499 τοίνυν
1461 472 1573 507 φύονται
1597 472 1646 507 μὲν
1660 473 1690 499 ἐν
1705 472 1815 508 ἀγροῖς·

1027 516 1096 551 εἶδος
1112 519 1141 547 δὲ
1155 519 1186 546 τὸ
1201 519 1285 555 μῆλον
1308 519 1411 550 αὐτοῖς.
1436 518 1570 554 ’Υπνηλὸν
1585 518 1614 545 δὲ
1627 518 1667 545 ὅτι
1684 518 1714 545 τὺ
1724 519 1818 554 χρῆμά

1027 566 1096 597 ἐστι,
1120 565 1166 592 καὶ
1191 565 1268 600 βαθεῖ
1288 564 1498 601 καταμεθύσκον
1514 564 1590 600 κάρῳ
1606 566 1669 597 τοὺς
1686 573 1820 600 μετεσχη-

1028 612 1120 644 κότας,
1146 612 1177 638 οὑ
1195 612 1302 648 μακροῦ
1317 612 1425 645 δεήσειν
1441 610 1517 647 οἶμαι
1536 612 1606 647 πρὸς
1622 612 1759 645 ἀπόδειξιν
1776 612 1818 638 λό-

1027 665 1088 690 γου,
1102 656 1152 688 τὰς
1171 657 1226 684 τῶν
1245 657 1461 693 ἀρρωστούντων
1481 657 1636 693 ἀγρυπνίας
1652 657 1701 692 τῆς
1719 657 1820 692 ἰατρῶν

1027 703 1176 738 ἐμπειρίας
1202 703 1259 730 ἔσθ’
1276 704 1319 730 ὅτε
1344 704 1465 738 νικώσης
1486 706 1518 739 τῇ
1545 703 1601 730 τῶν
1624 703 1820 739 μανδραγορίὒν

1028 751 1130 785 φυσικῇ
1153 750 1288 785 ἐνεργείᾳ.
1306 750 1337 776 Οἳ
1355 750 1402 776 καὶ
1417 751 1585 785 ὑποφήνειαν
1608 751 1675 785 ἡμῖν
1691 750 1821 784 αἰνιγμα-

1027 795 1120 827 τωδῶς
1132 796 1162 822 τὺ
1177 795 1296 831 Χριστοῦ
1312 796 1471 831 μυστήριον,
1483 795 1629 828 ὑπνοῦντος
1645 795 1746 831 τρόπον
1760 794 1822 821 τινὰ

1028 841 1062 867 δι’
1088 842 1172 876 ἡμᾶς,
1202 842 1248 868 καὶ
1270 841 1410 873 καθιέντος
1432 843 1472 874 εἰς
1488 842 1605 868 κένωσιν
1627 842 1723 868 ἑαυτὸν
1740 841 1822 878 μέχρι

1030 887 1156 918 θανάτου,
1182 888 1206 914 εἰ
1223 887 1268 914 καὶ
1288 888 1388 914 ἀνεϐίω
1407 887 1498 914 πάλιν.
1527 888 1593 918 Θεὸς
1615 888 1671 923 γὰρ
1697 886 1731 923 ἦν
1749 888 1822 914 κιτά

1030 933 1120 968 φύσιν,
1149 934 1196 960 καὶ
1220 934 1317 968 γέγονε
1342 934 1420 969 σάρξ.
1438 933 1526 960 Ὅπου
1543 934 1571 960 δὲ
1590 934 1658 964 ὅλως
1674 935 1688 960 ὸ
1708 934 1823 965 θάνατος

1002 1016 1004 1019 Ι
1030 981 1058 1005 ἐν
1081 979 1164 1006 ὕπνου
1189 980 1264 1012 τάξει
1291 980 1523 1016 παρειλημμένος,
1546 979 1678 1014 ζητητέον
1704 980 1763 1006 ἐκεῖ
1776 981 1824 1006 καὶ

1031 1024 1079 1059 τὴν
1102 1025 1142 1055 εἰς
1162 1024 1234 1060 ζωὴν
1252 1024 1411 1051 ἀναϐίωσιν,
1430 1024 1510 1051 Ὄλον
1522 1024 1550 1051 δὲ
1567 1024 1661 1060 ὥσπερ
1675 1025 1702 1050 ἐν
1717 1025 1823 1056 τούτοις

1031 1070 1061 1096 τὸ
1075 1069 1195 1105 Χριστοῦ
1209 1070 1368 1106 μυστήριον.
1389 1071 1444 1097 Καὶ
1458 1070 1522 1104 γοῦν
1532 1072 1545 1097 ὁ
1558 1070 1700 1103 Θεσπέσιος
1718 1071 1823 1102 Παῦλος

1032 1118 1087 1147 τοῖς
1098 1116 1127 1148 ἐξ
1142 1116 1274 1151 ὲλαφρίας
1287 1116 1478 1151 κεκινημένοις
1499 1118 1539 1148 είς
1554 1117 1719 1152 ἑτερόφρονα
1733 1117 1822 1150 δόξαν,

1034 1161 1196 1197 ἐπισκήπτει
1210 1161 1295 1195 λέγων
1305 1169 1311 1175 ³
1328 1171 1337 1187 ι
1354 1162 1502 1197 Παρέδωκα
1517 1162 1571 1198 γὰρ
1583 1163 1647 1197 ὑμῖν
1661 1163 1689 1188 ὲν
1704 1162 1824 1198 πρώτοις

1032 1207 1046 1233 ὃ
1068 1208 1115 1234 καὶ
1137 1207 1309 1243 παρέλαϐον’
1335 1208 1375 1234 ὅτι
1395 1209 1512 1244 Χριστὸς
1527 1208 1663 1235 ἀπέθανεν
1686 1209 1756 1244 ὑπὲρ
1771 1209 1825 1235 τῶν

1035 1253 1178 1288 ἁμαρτιῶν
1197 1253 1285 1289 ἡμῶν,
1309 1253 1381 1280 κατὰ
1399 1254 1448 1285 τὰς
1464 1254 1584 1289 Γραφάς,
1601 1255 1647 1281 καὶ
1669 1255 1710 1281 ὅτι
1726 1255 1824 1289 farier.

1034 1299 1081 1324 καὶ
1100 1298 1140 1324 ὅτι
1164 1299 1313 1334 ἐγήγερται
1329 1300 1368 1334 ⁴τῇ
1389 1299 1468 1335 τρίτῃ
1482 1299 1574 1334 ἡμέρᾳ
1600 1300 1672 1326 κατὰ
1689 1300 1740 1331 τὰς
1755 1300 1826 1335 Γρα-

1036 1343 1099 1378 φάς.
1121 1353 1130 1369 ι
1153 1344 1208 1370 Καὶ
1227 1343 1285 1379 μεθ’
1300 1344 1396 1379 ’ἐτερα-
1415 1353 1424 1369 ι
1440 1344 1471 1370 Εἰ
1483 1344 1510 1370 δὲ
1526 1345 1642 1380 Χριστὸς
1658 1344 1827 1380 κηρύσσεται

1035 1389 1075 1415 ὅτι
1103 1389 1134 1415 ὲκ
1164 1389 1267 1424 νεκρῶν
1299 1390 1460 1424 ἐγήγερται,
1494 1389 1551 1420 πῶς
1567 1389 1694 1423 λέγουσιν
1718 1390 1746 1415 ὲν
1763 1389 1828 1424 ὑμῖν

1036 1442 1119 1465 τινες,
1143 1434 1184 1460 ὃτι
1207 1434 1356 1464 ἀνάστασις
1379 1434 1484 1469 νεκρῶν
1508 1434 1557 1460 οὐκ
1573 1434 1662 1466 ἕστιν;
1684 1443 1693 1460 ι
1719 1435 1828 1470 Ἐπειδὴ

1037 1482 1092 1516 γὰρ
1109 1481 1215 1516 πρῶτος
1238 1481 1266 1506 ὲν
1281 1481 1436 1514 ἀνθρώποις
1452 1480 1535 1507 ὕπνον
1551 1481 1634 1513 ἔδειξε
1651 1481 1697 1508 τὸν
1712 1481 1829 1508 θάνατον

1037 1529 1051 1554 ὁ
1064 1527 1181 1562 Χριστὸς
1195 1527 1262 1562 (ζωὴ
1274 1526 1327 1562 γὰρ
1338 1525 1370 1562 ἦν
1380 1527 1452 1553 κατὰ
1468 1526 1578 1562 φύσιν),
1598 1527 1667 1562 θύρα
1682 1537 1723 1559 τις
1735 1528 1830 1563 ὥσπερ

1039 1575 1084 1600 καὶ
1104 1574 1163 1605 ὁδὸς
1179 1574 1220 1604 είς
1245 1573 1274 1599 τὸ
1291 1573 1390 1608 χρῆναι
1414 1573 1506 1599 λοιπὸν
1540 1573 1587 1599 καὶ
1610 1574 1692 1600 αὐτοῦ
1713 1573 1830 1601 θανάτου

1039 1619 1306 1650 κατανεανιεύεσθαι,
1329 1621 1362 1655 τῇ
1376 1619 1518 1655 ἀνθρώπου
1538 1620 1633 1654 γέγονε
1650 1620 1740 1655 φύσει.
1757 1621 1830 1647 Ταύ-

1038 1675 1112 1701 τῃτοι
1128 1665 1175 1692 καὶ
1188 1666 1201 1691 ὁ
1215 1664 1370 1699 σοφώτατος
1387 1665 1492 1697 Παῦλος
1507 1665 1562 1692 ἀνω
1577 1674 1607 1692 τε
1620 1666 1667 1692 καὶ
1681 1666 1756 1693 κάτω
1767 1667 1831 1698 τοὺς

1037 1712 1076 1747 τῷ
1090 1711 1196 1746 θανάτῳ
1213 1711 1447 1746 κατειλημμένους
1459 1711 1585 1746 ὀνομάζει
1597 1712 1830 1748 κεκοιμημένους’

1038 1758 1075 1789 ὡς
1098 1759 1160 1785 ὅσον
1175 1758 1280 1785 οὐδέπω
1307 1758 1354 1785 καὶ
1374 1758 1613 1793 ἁναϐιωσομένους
1635 1758 1678 1785 διὰ
1700 1759 1831 1794 Χριστοῦ.

1041 1803 1114 1839 Ἔφη
1135 1805 1189 1840 γὰρ
1209 1804 1307 1831 πάλινυ
1329 1813 1337 1830 t
1359 1805 1390 1830 Εἰ
1413 1804 1467 1840 γὰρ
1481 1804 1646 1839 πιστεύομεν
1659 1805 1698 1831 ὅτι
1715 1805 1834 1840 Χριστὸς

1041 1849 1163 1876 ἀπέθανε
1179 1850 1226 1876 καὶ
1251 1850 1363 1884 ἀνέστη,
1383 1849 1454 1876 οὕτω
1473 1849 1519 1876 καὶ
1545 1850 1559 1876 ὀ
1574 1850 1639 1880 Θεὸς
1654 1851 1745 1885 ἐγερεῖ
1770 1851 1834 1882 τοὺς

1041 1895 1222 1931 κοιμηθέντας
1246 1896 1293 1922 σὺν
1320 1895 1359 1930 τῷ
1381 1896 1480 1930 Ἰησοῦ,
1508 1896 1555 1922 καὶ
1583 1897 1756 1931 παραστήσει
1785 1897 1834 1923 σὺν

1042 1943 1119 1978 ἡμῖν.
1139 1942 1242 1969 ’Ὕπνου
1265 1943 1296 1978 δὴ
1314 1940 1359 1969 οὖν
1381 1943 1491 1978 σημεῖον
1514 1943 1539 1968 οἱ
1557 1942 1755 1977 μανδραγόραι.
1780 1943 1835 1969 Καὶ

1041 1987 1152 2018 τούτους
1170 1988 1292 2023 εὑρίσκει
1310 1988 1481 2023 πρωτότοκος
1504 1988 1542 2014 ὢν
1579 1989 1592 2014 ὁ
1616 1988 1757 2022 Ῥουῦεὶμ,
1775 1987 1835 2016 εἶτα

1042 2033 1180 2068 διεκόμισε
1199 2034 1231 2069 τῇ
1251 2034 1349 2069 μητρί·
1368 2035 1384 2068 ἡ
1399 2034 1427 2060 δὲ
1442 2033 1598 2069 διενείματο
1613 2034 1679 2069 πρὸς
1694 2033 1743 2069 τὴν
1758 2034 1835 2060 ἀδελ-

1044 2080 1108 2114 φήν.
1139 2079 1245 2115 Πρῶτοι
1275 2079 1330 2114 γὰρ
1354 2079 1379 2105 oi
1397 2078 1426 2111 ἐξ
1454 2078 1562 2114 Ἰσραὴλ
1588 2079 1634 2105 τοῦ
1660 2080 1836 2114 πρωτοτόκου

1044 2125 1115 2152 κατά
1127 2125 1174 2151 τὸν
1195 2125 1291 2160 χρόνον
1309 2124 1453 2159 νενοήκασί
1471 2133 1499 2151 τε
1515 2126 1562 2150 καὶ
1577 2125 1784 2160 πεπλουτήκασι
1806 2126 1836 2152 τὸ

1045 2173 1091 2199 ἐπὶ
1109 2172 1226 2207 Χριστοῦ
1255 2173 1418 2207 μυστήριον·
1435 2172 1482 2198 καὶ
1506 2171 1538 2207 δὴ
1556 2172 1602 2198 καὶ
1618 2173 1651 2206 τῇ
1669 2172 1721 2208 ἰδίᾳ
1740 2173 1835 2208 μητρὶ.

206 2215 271 2244 lem.
282 2215 403 2249 inquam,
413 2215 553 2242 inventum
566 2213 721 2240 exsistentis
734 2213 761 2240 in
774 2213 840 2248 ipsis
854 2213 987 2241 industria

1046 2218 1117 2252 φημὶ
1131 2217 1163 2252 δὴ
1179 2218 1211 2252 τῇ
1230 2217 1418 2252 Ἰερουσαλὴμ,
1432 2216 1541 2252 εὕρημα
1558 2216 1685 2251 λαμπρὸν
1700 2217 1746 2252 τῆς
1763 2217 1837 2244 ἐνούη

207 2260 354 2288 oﬂ'erentes
366 2261 495 2296 gaudium
509 2260 701 2287 conciliarunt.
716 2259 783 2287 Nam
798 2265 861 2287 ante
873 2260 995 2288 vocatio-

207 2314 269 2333 nem
285 2307 407 2341 gentium
420 2306 507 2333 sancti
520 2305 648 2339 discipuli
663 2313 739 2332 sacra
751 2305 882 2341 mysteria
895 2306 997 2333 docue-

208 2357 273 2379 runt
287 2356 337 2386 per’
347 2352 503 2379 universam
516 2351 648 2378 Iudaeam.
663 2351 720 2378 Etsi
732 2350 806 2377 enim
827 2358 881 2377 non
901 2359 998 2379 omnes

209 2396 278 2424 forte
308 2397 502 2428 crediderunt,
529 2397 658 2424 omnibus
681 2402 771 2424 tamen
799 2396 914 2424 facultas
940 2402 998 2424 erat.

208 2443 374 2477 suscipiendi
387 2451 541 2471 sermonem
557 2443 590 2470 de
610 2443 729 2471 Christo.
747 2455 756 2470 ‹
772 2446 891 2473 Servata:
904 2449 995 2472 autem

184 2494 193 2496 “
208 2493 272 2517 sunt
285 2490 408 2524 reliquiae
420 2490 453 2522 °',
466 2500 474 2516 ι
491 2491 641 2518 secundum
654 2491 820 2526 Scripturas.
831 2492 910 2525 Quod
930 2499 997 2519 vero

209 2535 408 2564 anteverterim
423 2536 509 2564 Judaei
525 2541 620 2572 gentes
633 2538 659 2564 in
678 2538 741 2570 (ide,
755 2538 931 2566 manifestum
944 2544 996 2570 est,

209 2582 368 2617 neminique
387 2584 499 2611 omnino
523 2583 682 2611 obscurum.
702 2584 751 2611 Lia
772 2584 854 2618 igitur
877 2584 998 2619 acceptis

209 2628 399 2664 mandragoris
409 2629 479 2657 duos
491 2630 596 2665 peperit
609 2629 688 2661 ﬁlios.
701 2630 812 2658 lsachar
825 2635 853 2658 et
863 2630 997 2658 Zabulon.

210 2679 299 2709 Atque
308 2675 417 2703 lsachar
427 2676 537 2711 quidem
549 2677 746 2711 interpretatur
755 2685 866 2709 merces;
877 2677 946 2704 alter
954 2685 1000 2705 ve-

211 2729 253 2753 ro,
269 2721 321 2749 hoc
333 2726 375 2749 est
388 2722 521 2755 Zabulon,
539 2725 606 2750 bona
618 2723 660 2750 via
672 2727 700 2750 et
714 2723 866 2750 benedictio.
878 2722 956 2755 Nam,
969 2727 1000 2751 ut

211 2767 265 2804 iam
277 2768 344 2802 dixi,
358 2777 407 2804 per
419 2773 527 2797 sanctos
538 2769 676 2804 apostolos
686 2769 770 2796 veluti
779 2777 794 2795 a
808 2769 926 2804 propriis
938 2768 1001 2797 ﬁliis

1046 2271 1095 2298 σης
1115 2262 1205 2293 αὐτοῖς
1230 2263 1371 2297 ἀγχινοίας
1386 2262 1648 2298 προσκεκομικότες,
1671 2263 1776 2298 χαίρειν
1792 2265 1837 2290 ἀνα

1045 2308 1162 2335 ἔπειθον.
1181 2308 1238 2343 Πρὸ
1250 2308 1305 2343 γάρ
1320 2317 1360 2334 τοι
1377 2308 1426 2342 τῆς
1441 2307 1496 2334 τῶν
1512 2308 1597 2335 ἐονῶν
1612 2308 1735 2343 κλήσεως
1752 2317 1838 2344 μεμυ-

1046 2355 1256 2390 σταγωγήκασιν
1272 2354 1297 2381 οἱ
1315 2354 1454 2381 θεσπέσιοι
1469 2353 1588 2389 μαθηταὶ
1603 2355 1666 2385 τοὺς
1682 2353 1735 2381 ἀνὰ
1750 2355 1838 2381 πᾶσαν

1046 2402 1094 2436 τὴν
1113 2401 1251 2428 Ἰουδαίαν.
1268 2401 1299 2427 Εἰ
1313 2400 1367 2435 γὰρ
1380 2400 1425 2427 καὶ
1438 2399 1474 2435 μὴ
1490 2400 1589 2431 πάντες
1601 2399 1681 2434 τυχὸν
1695 2401 1839 2427 πεπιστεύ-

1049 2455 1140 2478 κασιν,
1167 2447 1224 2473 ἀλλ’
1248 2444 1294 2473 οὖν
1322 2446 1391 2482 μετὰ
1412 2445 1458 2472 τὸν
1480 2445 1527 2472 ἐπὶ
1549 2445 1659 2480 Χριστῷ
1685 2439 1840 2481 προσήκασι

1050 2493 1138 2527 λόγον.
1165 2501 1175 2518 ί
1203 2492 1340 2518 Σὲσωσται
1359 2492 1386 2518 δὲ
1404 2491 1434 2517 τὸ
1457 2491 1641 2526 κατάλειμμα,
1664 2501 1673 2516 ι
1701 2492 1771 2518 κατὰ
1791 2492 1840 2524 τὰς

1051 2539 1172 2574 Γραίράς.
1199 2539 1261 2565 Ὅτι
1287 2538 1315 2564 δὲ
1343 2537 1540 2572 προειλήφασιν
1563 2537 1592 2563 ἐν
1621 2537 1710 2563 πίστει
1726 2538 1789 2570 τοὺς
1812 2538 1841 2572 ἐξ

1052 2586 1137 2613 ἐθνῶν
1162 2585 1293 2616 Ἰουδαῖοι,
1320 2584 1452 2620 πρὸδηλον
1476 2583 1572 2618 δήπου,
1604 2583 1650 2610 καὶ
1679 2584 1768 2610 οὐδενὶ
1788 2585 1841 2612 τῶν

1052 2633 1136 2659 ὄντων
1151 2630 1322 2665 ἀσυμφανές.
1339 2629 1466 2656 Λαὸοὖσα
1477 2629 1568 2655 τοίνυν
1581 2630 1597 2664 ἡ
1614 2629 1680 2656 Λεία
1695 2630 1758 2662 τοὺς
1775 2640 1853 2665 μανοι

1052 2678 1199 2714 δραγόρας,
1218 2676 1264 2702 δύο
1280 2675 1374 2702 τέτοκε
1395 2675 1480 2706 υἱοὺς,
1504 2673 1613 2708 Ἰσάχαρ
1630 2675 1722 2708 τεκαὶ
1737 2675 1840 2702 Ζαϐου-

1053 2724 1117 2750 λὼν.
1131 2723 1185 2749 Καὶ
1199 2721 1308 2756 μισθὸς
1321 2720 1370 2756 μὲν
1385 2721 1399 2746 ὁ
1420 2720 1528 2754 Ίσάχαρ
1540 2719 1720 2754 ἑρμηνεύεται
1730 2727 1736 2734 ”
1750 2720 1841 2756 ἕτερός

1054 2779 1085 2803 γε
1099 2769 1161 2804 μὴν,
1178 2767 1324 2798 τουτέστιν,
1343 2767 1356 2793 ὁ
1369 2765 1520 2798 Ζαϐουλὼν,
1535 2765 1669 2799 εὺόδωμά
1684 2773 1712 2791 τε
1731 2766 1777 2792 καὶ
1793 2769 1842 2795 εὑ·

246 2850 384 2894 "Philip.
403 2866 431 2890 ιι,
448 2858 473 2885 τ.
513 2857 787 2890 "ICor.xv,3,4.
827 2856 933 2885 “Ibid.
959 2857 1000 2885 ιο.
1039 2856 1263 2889 "lCor.xI,50.
1303 2855 1459 2888 "lTheas.
1481 2853 1574 2886 t\',15.
1615 2849 1841 2884 "“Judic.v,i3.
