1990 3050
137 142 188 170 2'21

630 147 889 176 GLAPHYRORUM
911 146 944 174 ιιι
965 138 1115 175 GENESIM
1135 147 1198 175 uo.
1220 147 1264 175 IV.‘

1720 151 1774 181 222

138 204 236 238 λογία.
256 203 301 235 Ὠς
317 204 371 240 γὰρ
388 204 455 240 ἔφην
467 206 527 241 ἤδη,
543 206 586 233 διὰ
602 207 656 234 τῶν
671 209 756 243 ἁγίων
773 208 918 235 ἀποστείλω·

982 207 1122 243 Synagoga
1139 207 1295 236 Judmorum
1317 195 1468 242 suscipiens
1481 206 1584 236 Christi
1599 213 1770 245 mysterium,

138 249 177 280 ὡς
193 249 269 284 παρὰ
285 250 389 276 τέκνων
411 251 483 279 ἰδίων
508 253 524 288 ἡ
545 252 598 279 τῶν
623 254 757 281 Ἰουδαίων
781 255 928 291 Συναγωγὴ

139 295 350 332 παραδεξαμένη
366 297 459 325 λοιπὸν
475 298 506 324 τὸ
522 300 640 334 Χριστοῦ
658 302 814 336 μυστήριον,
837 302 929 337 μήτηρ

143 340 284 377 ἱπξδείχθη
292 343 393 369 τέκνων
405 339 460 370 τῶν
472 344 517 370 ἐπὶ
528 345 617 381 μισθῷ
626 354 655 372 τε
662 347 709 372 καὶ
717 347 853 381 εὐλογίαις
864 355 929 373 κατ-

142 386 320 423 ιυοδουμένων
340 389 416 424 παρὰ
438 390 508 426 Θεῷ.
524 391 586 418 Ὅτι
602 393 656 427 γὰρ
670 393 718 419 οὐκ
732 393 872 428 ἄμισθοςή
886 393 928 419 πί-

139 434 221 467 στιςὴ
231 434 270 464 είς
283 435 410 469 Χριστὸν,
424 435 556 468 διδάξειεν
569 437 602 464 ἂν
611 438 691 470 εὐθὺς
703 439 758 465 τῶν
769 439 821 474 πλη
828 439 929 475 μμελη-

139 478 232 512 μάτων
244 481 260 514 ὴ
270 479 378 514 ἄφεσις.
388 482 557 509 Πιστώσεται
570 483 598 510 δὲ
611 484 679 518 πρὸς
694 484 774 511 τοῦτο
785 486 833 512 καὶ
847 485 928 517 αὐτὸς
950 505 953 508 -

136 523 223 556 λέγων
233 525 247 550 ὁ
258 524 359 560 Κύριος
372 526 453 561 ἡμῶν
469 526 572 562 Ἰησοῦς
584 529 709 563 Χριστός·
724 539 733 555 ι
746 529 841 565 Ἀμὴν,
853 530 926 565 ἀμὴν

136 568 208 603 λέγω
218 570 292 604 ὑμῖν,
311 572 324 596 ὁ
335 571 471 598 πιστεύων
487 573 527 604 εἰς
537 573 598 608 ἐμὲ,
616 573 672 608 ἔχει
688 573 759 610 ζωὴν
775 575 892 604 αἰώνιον.
914 586 923 601 )

136 614 218 641 οὐδὲν
229 613 311 650 ἦττον
321 617 368 643 καὶ
380 618 394 643 ὁ
409 618 543 653 μακάριος
559 619 680 651 Παῦλοςκ
695 629 703 646 ι
726 620 824 654 Ἐγγύς
837 629 883 647 σου
897 623 926 649 τὸ

136 660 213 695 ῥῆμά
224 661 298 688 ἐστιν
310 663 338 688 ἐν
351 662 388 698 τῷ
399 663 514 698 στόματί
530 673 588 695 σου,
603 666 649 691 καὶ
663 666 692 692 ἐν
703 667 734 701 τῇ
752 666 850 702 καρδίᾳ
867 675 922 692 σου·

134 707 268 738 τουτέστι,
285 707 316 733 τὸ
332 707 408 743 ῥῆμα
429 709 479 743 τῆς
492 709 609 740 πίστεως
625 709 639 736 ὂ
662 710 846 746 κηρύσσομεν.
862 712 925 738 Ὅτι

135 753 182 780 ἐὰν
203 754 283 789 εἴπῃς
304 754 382 789 ἐντῷ
409 755 523 790 στόματί
548 764 605 786 σου,
621 756 661 782 ὅτι
679 756 780 792 Κύριος
809 757 922 792 Ἰησοῦς,

135 799 181 825 καὶ
201 799 348 835 πιστεύσῃς
367 802 396 827 ὲν
416 802 448 836 τῇ
474 801 573 837 καρδίᾳ
587 810 644 834 σου,
666 802 706 828 ὅτι
728 803 742 828 ὁ
761 802 828 835 Θεὸς
843 804 923 830 αὐτὸν

133 845 245 880 ἤγειρεν
258 846 289 872 ἐκ
303 846 417 881 νεκρῶν,
435 847 554 882 σωθήσῃ.
574 848 679 884 Καρδίᾳ
695 848 747 884 γὰρ
766 849 922 875 πιστεύεται

981 253 1120 280 declarata
1128 258 1170 280 est
1178 258 1265 280 mater
1274 254 1375 288 eorum}
1387 254 1435 288 qui
1444 254 1471 281 in
1480 255 1606 282 mercede
1616 260 1679 282 sunt
1689 261 1717 284 et
1724 257 1773 284 be-

980 300 1136 327 nedictione
1143 320 1149 331 ,
1156 300 1282 335 bonoque
1291 299 1375 327 odore
1382 299 1501 335 fragrant
1511 300 1582 335 apud
1589 301 1684 328 Deum.
1692 303 1770 336 Quod

979 346 1054 373 enim
1067 345 1195 373 mercede
1208 353 1261 373 non
1274 351 1364 373 careat
1375 345 1443 373 ﬁdes
1452 346 1479 373 in
1489 346 1641 378 Christum.
1650 349 1771 378 ostendit

979 391 1058 419 nobis
1067 397 1242 426 peccatorum
1252 392 1387 419 remissio.
1397 392 1469 425 Quin
1481 396 1508 419 et
1516 393 1573 428 ipse
1582 393 1715 421 Dominus
1722 403 1772 421 no-

980 441 1039 465 ster
1051 437 1132 465 Jesus
1140 437 1267 465 Christus
1275 437 1427 470 conﬁrmat,
1437 437 1548 465 dicens:
1563 448 1572 464 ‹
1583 438 1680 473 Amen,
1689 447 1769 467 amen

979 480 1041 509 dico
1051 482 1189 517 vobis,qui
1199 482 1287 510 credit
1296 483 1323 510 in
1332 490 1386 515 me,
1395 483 1478 511 habet
1486 484 1569 511 vitam
1581 486 1749 512 aeternam".
1757 495 1766 511 ι

978 528 1072 556 Nihilo
1086 537 1153 556 vero
1165 529 1258 556 minus
1268 529 1350 556 etiam
1363 529 1460 556 beatus
1470 530 1570 557 Paulus
1582 539 1588 556 :
1606 539 1614 555 ι
1628 530 1716 565 Prope
1728 536 1771 558 est

976 575 1092 602 verbum
1109 575 1136 602 in
1148 583 1195 603 ore
1210 580 1256 602 tuo
1268 579 1296 602 et
1308 576 1336 602 in
1352 575 1434 603 corde
1451 580 1508 607 tuo,
1525 576 1577 602 hoc
1589 580 1640 607 est,
1653 575 1769 603 verbum

977 620 1040 649 ﬁdei
1058 621 1130 656 quod
1145 621 1325 656 pratdicamus
1337 641 1343 652 ,
1356 621 1420 655 quia
1433 621 1456 648 si
1470 621 1627 649 conﬁtearis
1641 622 1703 656 quia
1716 622 1769 649 Do-

975 666 1067 693 minus
1075 671 1116 694 est
1127 667 1216 697 Jesus.
1226 671 1253 694 et
1261 666 1411 694 credideris
1419 667 1446 694 in
1454 667 1537 694 corde
1549 672 1606 699 tuo,
1615 667 1687 702 quod
1697 668 1769 695 Deus

976 712 1065 747 ipsum
1084 712 1226 739 suscitavit
1242 720 1256 739 a
1275 713 1399 744 mortuis,
1414 713 1572 740 salvaberis.
1587 713 1676 740 Corde
1693 714 1766 741 enim

975 757 1098 785 creditur
1109 758 1141 784 ad
1153 758 1298 793 justitiam,
1311 766 1358 785 ore
1369 763 1458 785 autem
1470 758 1499 785 ﬁt
1508 759 1642 786 confessio
1651 759 1683 785 ad
1695 759 1767 786 salu-

976 807 1029 830 tem
1039 804 1071 830 '“.
1084 813 1093 827 ιι
1105 802 1233 835 Quzenam
1246 804 1328 838 igitur
1339 804 1426 838 major
1437 804 1678 839 admirabiiiorque
1691 812 1764 832 mer-

975 853 1067 876 cesest
1082 857 1163 883 quam
1171 849 1266 875 salvari
1278 849 1408 876 animam?
1416 850 1494 884 137
1501 849 1577 882 Quod
1586 851 1658 878 enim
1666 851 1765 879 eximia

133 891 173 921 εἰς
192 891 383 927 δικαιοσύνην·
408 894 520 928 στόματι
543 894 570 920 δὲ
590 895 760 929 ὁμολογεῖται
777 897 816 926 είς
832 904 918 929 σωτη-

976 902 1019 921 res
1027 894 1071 926 sit,
1083 893 1253 928 maximeque
1260 894 1388 928 pretiosa.
1397 894 1454 929 ipse
1463 895 1544 922 etiam
1555 895 1679 923 Salvator
1685 897 1766 925 nobis

135 935 205 970 ρίαν.
228 945 237 962 ι
262 936 310 968 Τίς
325 935 371 964 οὖν
390 938 443 973 ἄρα
459 939 560 974 μείζων
579 948 607 965 τε
626 941 672 966 καὶ
688 940 850 975 ἁξιόληπτός
864 942 922 968 ἐστι

134 983 229 1016 μισθὸς
257 983 303 1009 τοῦ
331 983 462 1011 διασῶσαι
492 985 594 1021 ψυχῆς
616 986 676 1012 ’Ότι
706 986 760 1021 γὰρ
779 986 808 1013 τὸ
827 988 922 1023 χρῆμα

132 1028 269 1065 ἐξαίρετον
295 1031 341 1057 καὶ
368 1030 415 1056 τοῦ
442 1031 540 1062 παντὸς
570 1032 644 1064 ἀξιον
668 1032 758 1067 λόγου,
783 1034 826 1060 καὶ
841 1034 922 1066 αὐτὸς

132 1075 204 1109 ἡμᾶς
217 1076 232 1102 ὀ
247 1076 342 1111 Σωτὴρ
363 1077 505 1103 ἀναπείθει
519 1077 620 1111 λέγων·
638 1088 647 1103 ‹
667 1079 699 1105 Τί
716 1079 769 1114 γὰρ
779 1079 921 1115 ὡᾳεληθή-

131 1128 205 1147 σεται
220 1121 363 1156 ἄνθρωπος
381 1122 427 1149 ἐὰν
439 1122 485 1149 τὺν
500 1123 601 1158 κόσμον
615 1125 673 1151 ὅλον
688 1125 818 1161 κερδήσῃ,
832 1127 879 1161 τὴν
892 1126 920 1152 δὲ

128 1166 218 1202 ψυχὴν
235 1167 317 1194 αὐτοῦ
335 1168 476 1204 ζημιωθῇς
495 1169 511 1204 ἢ
529 1169 554 1196 τί
570 1169 650 1196 δώσει
665 1171 807 1206 ἅνθρωπος
820 1172 919 1199 ἀντάλο

129 1212 220 1248 λαγμα
244 1215 294 1248 τῆς
313 1214 401 1249 ψυχῆς
424 1215 524 1248 αὑτοῦ;
549 1226 559 1241 ι
580 1217 700 1252 Εὑκλεὴς
720 1215 766 1244 οὖν
791 1218 846 1253 ἄρα
872 1218 919 1245 καὶ

130 1260 263 1294 σωτήριος
278 1261 333 1291 τοῖς
349 1261 523 1288 πιστεύουσιν
537 1263 551 1289 ὁ
569 1263 672 1297 μισθός.
696 1263 756 1289 ’Ότι
770 1264 798 1290 δὲ
819 1265 873 1296 τοῖς
889 1265 918 1292 ἐν

127 1305 238 1340 Χριστῷ
261 1306 480 1342 δεδικαιωμένοις
503 1308 597 1343 ἕψεταί
616 1319 666 1336 που
690 1310 798 1341 πάντως
820 1311 867 1336 καὶ
889 1311 918 1337 τὸ

128 1350 298 1384 εὐλογεῖσθαι
315 1352 378 1382 δεῖν,
394 1353 436 1387 εἴη
452 1353 484 1379 ἂν
499 1354 548 1380 οὐκ
563 1354 725 1389 ἀμφίλογον.
747 1356 918 1391 ῚΙγιάσμεθα

127 1396 180 1431 γὰρ
206 1398 236 1423 ἐν
261 1398 407 1433 πνεύματι.
438 1400 492 1426 Καί
517 1409 599 1435 φησιν
625 1402 639 1427 ὁ
662 1401 796 1436 μακάριος
823 1402 914 1428 Δαϐίδ-

130 1453 138 1468 ι
157 1443 275 1478 Εὖλογία
293 1445 394 1479 Κυρίου
417 1446 459 1480 ἐφ’
475 1446 557 1480 ὑμᾶς.
576 1447 758 1482 Εὐλογημένοι
783 1449 861 1482 ὑμεῖς
878 1448 917 1483 τῷ

128 1491 232 1526 Κυρίῳ,
253 1491 292 1526 τῷ
318 1493 463 1527 ποιήσαντι
482 1493 526 1519 τὸν
540 1493 653 1527 οὐρανὸν
676 1493 722 1519 καὶ
745 1493 794 1529 τὴν
821 1494 881 1528 γῆν.
904 1504 913 1520 ι

129 1538 198 1572 Ἔφη
216 1537 245 1564 δέ
266 1547 316 1563 που
341 1538 407 1569 Θεὸς
431 1539 477 1565 καὶ
492 1539 535 1565 διὰ
550 1539 601 1574 τῆς
620 1539 667 1565 τοῦ
684 1539 794 1565 Ἡσαΐου
812 1541 914 1574 φωνῆς,
930 1553 952 1583 C

127 1583 193 1618 πρὶς
207 1584 256 1618 τὴν
268 1583 321 1610 τῶν
336 1584 517 1611 πιστευόντων
534 1585 649 1619 μητέρα,
666 1586 736 1619 φημὶ
748 1585 779 1620 δὴ
792 1586 841 1620 τὴν
855 1586 916 1611 Ἐκη

126 1627 250 1662 κλησίαν·
264 1638 272 1653 ι
298 1627 436 1663 Ἐπιθήσω
458 1629 489 1655 τὸ
506 1629 614 1664 ιτνεῦμά
632 1639 682 1665 μου
699 1631 745 1656 ἐπὶ
762 1631 791 1656 τὸ
806 1631 916 1665 σπέρμα

126 1682 183 1706 σου,
202 1674 250 1700 καὶ
266 1674 315 1706 τὰς
329 1674 453 1708 εὐλογίας
468 1683 518 1710 μου
536 1675 582 1701 ἐπὶ
597 1675 630 1702 τὰ
642 1676 724 1702 τέκνα
741 1684 798 1702 σου.
818 1685 827 1701 ›
844 1676 916 1703 Ταύ-

125 1728 198 1755 τῃτοι
216 1720 263 1746 καὶ
281 1721 294 1747 ὁ
317 1720 472 1754 σοφώτατος
499 1720 605 1752 Παῦλος
624 1723 679 1752 τοῖς
693 1723 721 1747 ἐν
739 1722 829 1748 πίστει
848 1722 915 1748 δεδι-

126 1766 291 1800 καιωμένοις
312 1767 476 1801 ἐπιστέλλει,
492 1767 595 1802 λέγων·
616 1777 625 1793 ‹
646 1768 798 1802 Εὑλογητδς
815 1769 829 1794 ὸ
850 1767 915 1800 Θεὸς

126 1811 172 1838 καὶ
187 1811 282 1848 Πατὴρ
302 1812 347 1839 τοῦ
365 1812 468 1848 Κυρίου
485 1813 564 1848 ἡμῶν
590 1813 676 1849 Ἰησοῦ
693 1813 824 1849 Χριστοῦ,
839 1814 853 1840 ὁ
869 1814 915 1839 εὖ-

125 1857 242 1892 λογήσας
260 1859 334 1893 ἡμᾶς
361 1860 389 1886 ὲν
410 1860 484 1895 πασῃ
506 1860 616 1896 εὐλογίᾳ
638 1860 822 1895 πνευματικῇ,
847 1869 857 1885 ι
883 1859 914 1885 Οἱ

124 1903 152 1929 δὲ
165 1905 214 1938 τῆς
229 1905 330 1932 ἄνωθεν
345 1905 469 1939 εὐλογίας
483 1906 617 1938 πλουσίως
633 1906 842 1942 μετεσχηκότες,
856 1905 914 1936 πῶς

123 1948 156 1976 ἂν
176 1949 226 1975 οὐκ
244 1949 400 1976 εὐοδωοεῖεν
418 1951 458 1983 εἰς
479 1952 532 1978 πᾶν
562 1951 641 1986 ἔργον
667 1951 786 1986 «indm;
805 1960 815 1976 ‹
841 1950 914 1980 Ὁδὸς

124 1994 187 2029 γὰρ,
202 1995 294 2029 φησὶν,
316 1996 435 2022 εὐσεϐῶν
448 1996 540 2023 εὐθεῖα
557 1998 675 2031 ἐγένετο,
685 1998 731 2024 καὶ
745 2005 915 2032 παρεσκευα-

126 2039 210 2074 σμένη
227 2040 284 2071 ὁδὸς
309 2040 362 2066 τῶν
381 2041 510 2069 εὐσεϐῶν.
535 2041 565 2067 Ἡ
578 2041 631 2077 γὰρ
648 2042 704 2073 ὀδὶς
719 2042 835 2077 Κυρίου,
852 2041 912 2075 κρί-

126 2093 175 2117 σις.
196 2095 204 2111 ι
223 2085 291 2121 Περὶ
315 2086 364 2121 μὲν
380 2086 434 2122 γὰρ
455 2087 504 2122 τῆς
525 2087 660 2114 Ἰουδαίων
682 2088 845 2122 Συναγωγῆς
861 2087 912 2123 ἔφη

126 2140 174 2158 που
187 2132 268 2163 Θεὸς·
296 2141 306 2157 ι
332 2131 396 2159 Ἰδοὺ
421 2132 476 2167 ἐγὼ
495 2134 647 2169 ὲμφράσσω
661 2133 711 2165 τὰς
726 2133 801 2164 ὁδοὺς
818 2133 912 2168 αὐτῆς,

125 2179 169 2204 καὶ
181 2179 229 2213 τὴν
243 2179 337 2214 τρίϐον
349 2179 434 2213 αὐτῆς
445 2180 475 2205 οὐ
487 2179 523 2214 μὴ
539 2179 616 2215 εὕρῃ.
633 2189 641 2204 ι
660 2179 749 2214 Ἣμᾶς
762 2179 789 2205 δὲ
800 2179 913 2213 είσπέμ-

974 939 1131 974 persuadet,
1143 939 1239 966 dicens
1252 947 1258 965 :
1274 949 1282 964 ι
1292 939 1362 971 Quid
1374 939 1487 974 prodest
1498 940 1602 967 homini
1615 941 1636 968 si
1652 942 1765 969 univer-

973 993 1032 1013 sum
1061 984 1195 1012 mundum
1219 984 1353 1016 lucretur,
1386 985 1484 1012 animae
1506 993 1572 1013 vero
1600 994 1656 1013 suae
1680 987 1766 1014 detri—

973 1033 1095 1058 mentum
1118 1031 1261 1066 patiatur‘!
1289 1034 1336 1057 aut
1358 1030 1424 1065 quid
1450 1031 1565 1059 daturus
1592 1037 1634 1059 est
1662 1032 1763 1064 homo,

972 1086 1027 1113 quo
1046 1082 1175 1112 repenset
1204 1077 1324 1104 animam
1349 1085 1426 1104 suam
1437 1077 1499 1103 τί»
1526 1077 1650 1105 Gloriosa
1673 1078 1765 1112 itaque

971 1129 999 1151 et
1018 1124 1145 1151 salutaris
1172 1127 1214 1150 est
1240 1123 1416 1151 credentibus
1444 1131 1560 1150 merces.
1593 1123 1671 1156 Quod
1698 1131 1766 1151 vero

970 1176 1018 1196 eos
1038 1168 1084 1204 qui
1110 1168 1136 1195 in
1160 1167 1271 1195 Christo
1297 1167 1439 1202 justiﬁcati
1462 1171 1526 1194 sunt
1552 1167 1708 1195 benedictio
1729 1168 1765 1194 sit

970 1212 1144 1242 comitatura,
1171 1210 1286 1237 dubium
1310 1218 1369 1238 esse
1392 1218 1446 1238 non
1470 1215 1570 1246 potest.
1596 1211 1764 1239 Sanetiﬁcati

970 1258 1044 1285 enim
1065 1265 1161 1285 sumus
1181 1258 1209 1284 in
1231 1257 1339 1292 spiritu.
1361 1256 1433 1290 Quin
1455 1261 1482 1284 et
1502 1257 1599 1284 beatus
1616 1258 1700 1285 David
1725 1258 1763 1285 ita

969 1304 1008 1331 ait
1024 1312 1031 1330 :
1053 1313 1061 1328 ι
1078 1303 1238 1330 Benedictio
1258 1303 1366 1330 Domini
1384 1309 1467 1337 super
1478 1311 1526 1330 vos
1543 1312 1549 1327 ε
1565 1303 1702 1330 benedicti
1714 1311 1765 1331 vos

969 1356 985 1375 a
1009 1349 1141 1380 Domino,
1168 1348 1216 1383 qui
1242 1348 1306 1375 fecit
1327 1348 1426 1376 coelum
1451 1352 1479 1375 et
1498 1353 1598 1375 terram
1609 1348 1641 1375 ".
1657 1359 1665 1374 ι
1690 1349 1763 1376 Deus

969 1402 1035 1421 vero
1052 1395 1111 1429 ipse
1132 1402 1182 1429 per
1203 1402 1299 1421 vocem
1320 1395 1396 1421 isaie
1413 1394 1514 1421 alicubi
1536 1394 1568 1420 ad
1589 1394 1760 1420 credentium

969 1444 1096 1472 matrem,
1116 1440 1278 1472 Eeclcsiam,
1291 1441 1412 1474 inquam,
1425 1440 1480 1467 ait:
1500 1450 1508 1464 ι
1522 1440 1660 1474 Imponam
1679 1440 1762 1474 spiri-

970 1488 1027 1511 tum
1050 1491 1141 1511 meum
1163 1492 1246 1519 super
1270 1492 1362 1512 semen
1385 1489 1480 1516 tuum,
1505 1489 1532 1511 et
1554 1485 1763 1513 benerfictiones

968 1537 1044 1557 meas
1058 1538 1141 1564 super
1153 1530 1223 1557 ﬁlios
1236 1534 1297 1557 tuos
1310 1530 1342 1557 ⁷⁷⁸.
1356 1540 1365 1555 ι
1380 1530 1487 1556 Idcirco
1509 1530 1591 1557 etiam
1613 1531 1761 1565 sapientis-

968 1577 1054 1603 simus
1062 1576 1163 1603 Paulus
1172 1577 1205 1603 iis
1217 1577 1264 1610 qui
1274 1584 1322 1610 per
1334 1575 1414 1603 ﬁdem
1424 1576 1567 1611 iustiﬁcati
1577 1579 1641 1603 sunt
1653 1576 1759 1609 scribit,

966 1623 1082 1650 dicens:
1101 1633 1109 1648 ι
1125 1623 1290 1650 Benedictus
1312 1623 1385 1650 Deus
1402 1627 1429 1650 et
1450 1624 1530 1650 Pater
1547 1624 1655 1650 Domini
1673 1625 1762 1652 nostri

964 1668 1027 1696 Jesu
1040 1668 1155 1700 Christi,
1166 1668 1213 1702 qui
1221 1668 1363 1695 benedixit
1375 1677 1425 1696 nos
1437 1668 1464 1695 in
1478 1669 1551 1696 omni
1566 1669 1764 1697 benedictione

965 1715 1137 1749 spirituali".
1145 1724 1153 1740 ι
1165 1714 1288 1747 Quivero
1294 1722 1440 1749 supernam
1451 1715 1671 1742 benedictionem
1681 1716 1766 1743 uber—

966 1760 1013 1786 tim
1022 1760 1162 1787 consecuti
1172 1764 1235 1786 sunt
1245 1780 1252 1791 ,
1265 1768 1320 1794 quo
1327 1764 1405 1795 pacto
1414 1768 1467 1788 non
1483 1765 1557 1788 recta
1568 1761 1721 1796 dirigantur
1732 1762 1760 1789 in

964 1813 1045 1833 omne
1053 1814 1122 1840 opus
1129 1806 1248 1833 bonum?
1259 1817 1267 1832 ι
1282 1806 1386 1834 Semita
1397 1817 1405 1832 ι
1416 1807 1488 1834 enim
1497 1828 1504 1840 ,
1514 1808 1618 1842 inquit,
1628 1818 1637 1834 ι
1650 1809 1760 1843 piorum

965 1855 1039 1879 recta
1051 1851 1121 1878 facta
1134 1856 1185 1883 est,
1197 1855 1225 1878 et
1242 1851 1284 1878 via
1298 1851 1437 1886 justorum
1450 1858 1611 1887 praeparata.
1624 1853 1672 1880 Via
1684 1853 1758 1880 enim

964 1897 1071 1924 Domini
1078 1897 1212 1932 judicium
1221 1897 1254 1922 ⁷⁸.
1261 1906 1270 1921 ι
1281 1897 1349 1924 Nam
1356 1896 1389 1924 de
1399 1897 1539 1932 Synagoga
1545 1898 1701 1925 Iudaeorum
1709 1899 1759 1925 ali—

964 1943 1027 1970 cubi
1039 1943 1075 1970 ita
1085 1943 1136 1970 ait:
1151 1953 1159 1968 ι
1170 1943 1239 1970 Ecce
1246 1951 1296 1977 ego
1302 1943 1441 1970 obstruam
1452 1944 1509 1970 vias
1520 1944 1589 1978 ejus,
1599 1945 1757 1971 etsemitam

966 1989 1040 2016 illius
1052 1997 1106 2016 non
1119 1989 1244 2016 invenies
1258 1989 1292 2015 ⁷⁷.
1306 1999 1315 2014 ι
1330 1989 1385 2016 Nos
1397 1992 1487 2016 autem
1503 1990 1654 2017 immittens
1668 1991 1694 2017 in
1708 1998 1756 2017 su-

963 2044 1063 2071 pernas
1075 2035 1231 2063 mansiones
1243 2043 1292 2070 per
1304 2035 1382 2062 Liam
1395 2035 1608 2070 quodammodo,
1621 2040 1649 2063 et
1659 2040 1755 2071 aperta

963 2082 1018 2114 via,
1031 2082 1134 2109 sanctis
1147 2081 1281 2109 ministris
1292 2082 1328 2108 ita
1342 2081 1484 2116 praecipit:
1502 2091 1511 2106 ‹
1525 2081 1638 2116 Aperite
1650 2085 1752 2116 portas,

965 2128 1136 2163 ingrediatur
1147 2127 1265 2162 populus
1278 2127 1437 2154 custodiens
1447 2127 1591 2162 justitiam,
1605 2132 1632 2154 et
1644 2135 1755 2154 annun-

963 2173 1036 2201 tians
1049 2174 1194 2201 veritatem
1206 2182 1213 2206 ;
1227 2173 1439 2208 apprehendens
1450 2173 1595 2200 veritatem
1611 2177 1638 2200 et
1659 2177 1755 2200 custo-

126 2232 181 2250 πων
194 2224 255 2254 ταῖς
269 2224 323 2250 ἄνω
339 2225 432 2258 μοναῖς
448 2223 492 2250 διὰ
513 2224 588 2255 λείας
604 2223 698 2259 ὥσπερ
713 2224 759 2249 καὶ
775 2222 909 2258 ἐψιλωμέ-

969 2219 1040 2246 iiens
1050 2227 1146 2254 pacem
1157 2219 1189 2245 ⁷⁸.
1203 2229 1211 2244 ι
1224 2219 1258 2246 Ει
1270 2227 1380 2246 rursum
1392 2227 1399 2246 :
1414 2229 1422 2244 ι
1434 2219 1551 2246 Semitas
1562 2219 1641 2246 facite
1652 2219 1758 2253 populo

125 2277 170 2304 νης
198 2269 269 2300 ὁδοῦ,
301 2271 357 2300 τοῖς
390 2270 478 2303 ἁγίοις
510 2269 696 2296 διακελεύεται
728 2270 909 2304 λειτουργοῖς·

126 2326 134 2341 ι
148 2315 283 2347 Ἀνοίξατε
298 2315 397 2348 πύλας,
409 2315 553 2342 εἰσελθέτω
569 2315 632 2347 λαὸς
650 2315 794 2349 φυλάσσων
811 2315 912 2341 δικαιο-

124 2362 214 2396 σύνην,
233 2362 281 2389 καὶ
303 2361 475 2395 ἀναγγέλλων
490 2361 628 2397 ἀλήθειαν,
645 2361 911 2396 ἀντιλαμϐανόμενος

120 2407 259 2442 ἀληθείας,
297 2408 346 2434 καὶ
370 2407 515 2441 φυλάσσων
546 2408 668 2443 εἰρήνην.
692 2416 701 2432 ι
732 2406 787 2433 Καὶ
813 2407 908 2433 πάλιν·

125 2463 133 2479 ι
161 2454 354 2488 Ὁδοποιήσατε
378 2453 417 2488 τῷ
440 2452 497 2488 λαῷ
517 2462 579 2488 μου,
599 2453 646 2479 καὶ
668 2453 729 2483 τοὺς
752 2452 842 2483 λίθους
859 2452 909 2486 τῆς

121 2498 180 2525 ὀδοῦ
196 2499 367 2535 διαρῤίψατε·
389 2508 397 2525 )
415 2499 458 2525 ἴνα
472 2499 509 2534 μὴ
520 2499 576 2530 τοῖς
591 2499 635 2525 διὰ
651 2498 733 2534 μέσον
750 2498 910 2529 σκανδάλοις

121 2546 348 2579 προσπταίοντες,
371 2544 448 2570 ὄκνον
472 2543 633 2577 είσδέξοιντο
655 2543 702 2570 τὴν
731 2543 774 2570 ἐπ’
796 2543 909 2578 ἀγαθοῖς

122 2588 338 2624 σπουδάσμασιν.
363 2589 467 2616 Οὐκοῦν
482 2591 544 2621 τοὺς
557 2590 602 2616 ἐπὶ
625 2589 714 2625 μισθῷ
728 2599 757 2615 τε
772 2590 818 2616 καὶ
837 2589 912 2616 εὐλο-

120 2633 192 2668 γίαις
204 2635 451 2669 κατευοδουμένους
466 2635 541 2670 παρὰ
554 2635 623 2670 Θεῷ,
636 2637 730 2662 τέτοκε
744 2636 811 2662 Λεία
822 2644 828 2650 '
849 2636 911 2662 Ῥα-

121 2680 171 2715 χὴλ
184 2680 212 2706 δὲ
224 2681 326 2716 ὁμοίως
338 2681 457 2708 λαϐοῦσα
467 2682 529 2713 τοὺς
542 2682 743 2717 μανδραγόρας,
756 2682 850 2708 τέτοκε
865 2682 910 2708 τὸν

126 2725 234 2761 Ἰωσήφ.
260 2727 475 2763 Παραόεξαμένη
492 2728 545 2763 γὰρ
569 2727 691 2763 ὥσπερὴ
714 2728 860 2762 Ἐκκλησία
881 2727 910 2754 τὸ

164 2828 187 2844 ’⁸
199 2829 277 2858 Joan.
293 2839 319 2862 ν,
333 2831 376 2858 2t.

122 2865 142 2879 "
154 2863 253 2900 Ephcs.
262 2874 285 2898 ι,
299 2866 326 2893 5.

422 2831 442 2846 τ¹
461 2832 571 2862 llom.x,
587 2833 663 2860 8-l0.

367 2867 389 2881 7‘
403 2867 453 2894 lsa.
473 2875 542 2900 nvi,
558 2869 583 2901 7,
601 2869 626 2895 8.
681 2870 701 2884 ππ
714 2869 782 2897 Osee
811 2877 839 2901 ιι,
855 2871 880 2896 6.

703 2835 724 2849 ⁷¹
743 2834 836 2860 Matth.
849 2843 901 2863 xu.
912 2835 959 2866 :26;
979 2834 1059 2861 Marc.
1074 2832 1183 2863 vnl,36.

937 2869 960 2886 ⁷³
981 2870 1029 2897 Isa.
1047 2876 1120 2900 xm,
1143 2867 1245 2900 Qum,
1266 2867 1312 2901 i5,
1334 2874 1396 2898 Lxu,
1416 2865 1455 2893 i0.

963 2272 1035 2297 meo,
1050 2269 1078 2292 et
1089 2264 1193 2299 lapides
1205 2265 1256 2291 viae
1267 2264 1387 2299 disjieite
1401 2264 1434 2297 τ’,
1447 2274 1456 2290 ι
1469 2272 1503 2291 ne
1515 2264 1605 2291 obviis
1616 2264 1753 2291 scandalis

963 2311 1073 2343 otiensi,
1093 2318 1108 2338 a
1122 2315 1198 2338 recto
1210 2311 1337 2338 instituto
1349 2310 1536 2337 retardentur.
1548 2309 1596 2336 Lia
1609 2310 1692 2344 igitur
1705 2317 1756 2336 eos

962 2357 1049 2392 quiin
1070 2356 1197 2384 mercede
1218 2359 1246 2384 et
1265 2355 1503 2383 benedictionibus
1525 2359 1598 2387 sunt,
1623 2359 1754 2389 rectaque

962 2405 1005 2432 via
1025 2404 1097 2438 apud
1119 2403 1205 2430 Deum
1227 2402 1368 2433 insistunt,
1384 2402 1500 2436 peperit.
1515 2401 1616 2428 Rachel
1629 2408 1694 2428 vero
1713 2400 1755 2427 si—

964 2450 1066 2478 militer
1074 2449 1193 2484 acceptis
1204 2448 1237 2476 ab
1249 2449 1305 2483 ipsa
1317 2447 1516 2482 mandragoris,
1526 2447 1632 2482 peperit
1640 2447 1750 2481 Joseph.

964 2495 1124 2531 Snscipiens
1141 2495 1214 2523 enim
1232 2494 1434 2529 quodammodo
1447 2494 1567 2521 Ecclesia
1581 2493 1684 2520 Christi
1695 2500 1753 2528 my-

962 2543 1078 2570 sterium
1097 2550 1146 2577 per
1160 2547 1268 2568 sanctos
1280 2541 1428 2575 apostolos,
1441 2540 1525 2567 veluti
1540 2548 1573 2567 ex
1590 2539 1672 2566 simili
1689 2539 1750 2574 qui-

961 2588 1024 2616 dem
1038 2596 1142 2619 sorore,
1166 2587 1307 2623 Synagoga
1325 2587 1493 2618 Iudaeorum,
1512 2590 1601 2613 mater
1621 2585 1632 2612 i
1648 2590 1690 2612 cta
1711 2589 1752 2612 est.

961 2634 1054 2670 populi
1067 2634 1218 2661 crescentis
1231 2641 1350 2668 semper,
1362 2637 1390 2660 et
1403 2633 1431 2660 in
1444 2633 1604 2660 immensam
1623 2631 1748 2658 multitu-

960 2682 1054 2709 dinem
1065 2689 1125 2708 sesc
1138 2680 1325 2716 propagantis.
1339 2680 1541 2714 Interpretatur
1552 2678 1625 2706 enim
1638 2677 1750 2712 Joseph.

962 2727 1060 2754 udditio
1074 2726 1131 2753 Dei.
1143 2725 1241 2753 Addita
1251 2725 1324 2752 enim
1335 2729 1377 2752 est
1387 2724 1460 2760 gregi
1469 2723 1619 2752 lsraelitico
1630 2722 1751 2749 Ecclesia

1224 2832 1246 2847 "
1260 2832 1329 2858 Psal.
1365 2839 1437 2861 cum,
1454 2831 1494 2856 15.
1533 2829 1556 2843 ⁷⁵
1569 2828 1618 2854 lsa.
1637 2833 1707 2853 XLIV.
1725 2825 1747 2851 7)-

1493 2864 1515 2880 ”
1529 2864 1629 2892 ἔοι-(ειη.
1645 2869 1670 2894 ι,
1683 2861 1727 2888 9.6.
