1990 3050
223 135 277 164 325

735 134 762 162 S.
783 132 925 163 CYRILLI
943 129 1179 158 ALEXANDRINI
1198 130 1358 158 ARCHIEP.

1802 131 1858 159 σει

221 203 256 223 ex
269 195 406 231 gentibus.
420 195 525 223 Idcirco
537 194 620 222 etiam
631 193 758 222 Christus
770 193 840 221 dixit
853 202 858 219 :
877 202 886 218 ι
901 192 937 219 Ει
946 190 1013 217 alias

1076 189 1183 225 (ριστοῦ
1207 190 1358 225 μυστήριον
1387 188 1431 215 διὰ
1450 189 1505 215 τῶν
1529 189 1615 223 ἁγίων
1638 186 1803 220 ἀποστόλων,
1818 188 1858 218 ὡς

221 250 287 269 oves
305 242 392 269 habeo
415 250 476 277 qua:
488 249 543 269 non
554 245 619 268 sunt
629 240 663 268 de
677 240 730 267 hoc
740 239 822 272 ovili;
838 237 918 272 138
929 235 1011 263 etiam

223 287 282 314 illas
295 292 405 322 oportet
418 295 461 315 me
473 287 620 318 adducere.
634 291 662 314 et
673 293 767 313 vocem
781 291 868 312 meam
881 282 1011 315 audient;

221 338 250 360 et
263 333 308 359 (iet
326 340 412 360 unum
425 333 508 365 ovile,
523 340 594 360 unus
611 335 703 366 pastor
714 330 748 357 '°.
765 340 774 356 ι
790 329 907 357 Additus
919 327 1011 362 itaque

222 384 264 406 est
275 379 397 414 gentium
409 386 485 414 grex.
500 383 530 405 ut
541 377 623 405 modo
641 377 707 409 dixi,
720 375 862 403 veteribus
882 373 1010 410 ovilibus,

223 430 441 460 perpetuumque
464 424 547 451 habet
573 423 656 450 etiam
687 429 761 449 nunc
786 421 988 448 incrementum
1004 439 1011 450 ,

223 476 312 498 detrec
342 471 425 498 etiam
447 469 506 504 ipse
529 468 613 496 veluti
639 469 668 495 in
691 467 821 495 extremis
843 465 1014 501 temporibus

224 513 366 548 Denjamin
396 517 541 545 nascatur,
572 512 626 540 hoc
653 515 712 544 est,
736 511 809 546 filius
839 509 939 537 doloris
961 517 1013 545 po-

225 559 316 594 pulus.

1066 234 1096 266 ὲξ
1107 235 1202 270 ὁμοίας
1216 235 1265 270 μὲν
1275 234 1392 270 ἀδελφῆς
1402 234 1452 269 τῆς
1463 233 1518 260 τῶν
1535 233 1670 262 Ἰουδαίων
1679 232 1854 267 Συναγωγῆς.

1068 281 1159 316 μήτηρ
1181 280 1284 315 πέφηνε
1300 280 1365 307 λαοῦ
1381 279 1427 307 τοῦ
1446 281 1475 308 ὲν
1496 280 1667 316 προσθήκαις
1683 279 1737 310 ἀεὶ,
1753 279 1800 304 καὶ
1818 279 1859 310 εις

1066 325 1171 361 πληθὺν
1185 325 1270 357 ἰόντος
1284 327 1315 353 οὐ
1333 326 1553 362 μεμετρημένην·
1570 325 1787 361 (διερμηνεύεται
1803 324 1860 359 γὰρ

1070 370 1180 405 Ἰωσὴφ,
1204 371 1362 404 προσθήκη
1389 370 1686 407 Θεοῦ·)προστέθειται
1706 369 1733 396 δὲ
1752 370 1812 399 ταῖς
1829 368 1859 402 ἐξ

1072 415 1179 451 Ἰσραὴλ
1198 415 1311 450 ἀγέλαις
1332 416 1348 451 ὴ
1370 416 1398 449 EE
1413 416 1498 443 ἐθνῶν
1519 416 1677 451 Ἐκκλησία.
1713 415 1859 450 Τοιγάρτοι

1068 460 1115 487 καὶ
1129 460 1249 495 ἔφασκεν
1266 462 1279 487 ὁ
1293 461 1426 497 Χριστόςθ
1442 471 1451 488 ι
1465 461 1520 489 Καὶ
1532 461 1599 488 ἄλλα
1614 461 1738 496 πρόϐατα
1757 460 1820 496 έχω,
1841 459 1859 486 ἃ

1067 505 1116 532 οὐκ
1135 505 1209 532 ἐστιν
1223 506 1255 533 ὲκ
1268 507 1318 542 τῆς
1334 506 1419 542 αὐλῆς
1429 506 1541 542 ταύτης,
1562 506 1676 533 κάκεῖνά
1692 514 1725 541 με
1740 505 1779 532 δεῖ
1791 505 1861 539 ἀγα·

1067 552 1136 586 γεῖν,
1157 552 1202 578 καὶ
1219 552 1268 587 τῆς
1291 552 1384 587 φωνῆς
1401 561 1450 588 μου
1470 552 1641 584 ἀκούσουσιν,
1657 552 1705 579 καὶ
1717 552 1860 587 γενήσεται

1069 596 1118 631 μία
1138 597 1252 633 ποίμνη.
1271 595 1311 629 εἷς
1325 599 1437 634 ποιμήν.
1460 607 1469 624 ι
1487 598 1680 634 Προστίθειται
1693 598 1782 624 τοίνυν
1796 598 1813 632 ὴ
1830 597 1861 630 ἐξ

225 646 310 673 ἐθνῶν
331 646 426 681 ἀγέλη,
445 645 569 680 καθάπερ
587 645 655 680 ἔφην
672 645 783 681 ἀρτίως,
799 645 853 676 τοῖς
869 642 1056 679 ἀρχαιοτέροις
1080 642 1225 677 ποιμνίοις,
1251 644 1298 670 καὶ
1320 644 1509 679 ἀκατάληκτον
1539 643 1596 679 ἔχει
1607 644 1656 679 τὴν
1686 643 1726 675 εἰς
1755 643 1785 670 τὸ
1817 643 1859 669 ἔτι

225 702 254 718 τε
269 693 314 720 καὶ
327 693 366 719 ἔτι
379 693 508 719 πλουσίαν
528 693 646 720 ἐπίδοσιν
656 701 663 709 ·
680 693 760 728 ἄχρις
775 692 808 719 ἂν
823 691 870 719 καὶ
883 691 963 723 αὐτὸς
981 691 1010 717 ὲν
1028 689 1193 723 τελευταίοις
1207 691 1303 727 ὥσπερ
1321 692 1427 728 καιροῖς
1457 693 1472 719 ό
1490 691 1621 727 Βενιαμὶν
1634 691 1762 727 γεννηθῇ,
1780 700 1860 719 τουτ-

226 737 308 769 έστιν,
326 739 340 764 ό
356 738 421 771 υἱὸς
438 738 550 772 ὀδύνης
563 738 637 771 λαός.

262 782 304 809 12.
324 783 360 810 At
370 784 496 818 quisnam
516 784 562 811 hic
580 788 623 812 est
652 785 730 819 cujus
749 788 831 819 partu
850 788 938 811 mater
958 783 1016 818 ipsa

226 827 361 856 moritura
374 833 426 861 est,
438 833 465 856 et
476 829 509 856 ad
522 829 602 857 aliam
614 829 698 857 veluti
714 829 799 856 vitam
817 829 1016 856 transferetur?

1106 783 1151 818 ιβ’.
1163 782 1217 810 Καὶ
1231 784 1273 815 τίς
1286 784 1318 819 δὴ
1333 781 1410 816 οὗτός
1424 785 1509 817 ἐστιν,
1525 784 1568 819 ἐφ’
1582 784 1612 811 ὅν
1623 785 1670 811 καὶ
1685 783 1755 819 αὐτὴ
1767 782 1862 810 λοιπὸν

1070 828 1086 863 ἡ
1104 827 1221 854 τεκοῦσα
1246 828 1392 858 παύσεται.
1415 829 1462 856 καὶ
1477 829 1518 861 είς
1531 829 1628 865 ἑτέραν
1650 828 1744 865 ὥσπερ
1772 836 1863 864 μετοι-

226 872 301 901 Obiit
311 875 384 902 enim
394 875 494 903 Rachel
508 875 535 903 in
547 876 607 910 ipso
618 879 698 910 partu
705 875 855 910 Benjamin.
865 875 1016 903 Perfectam

1076 874 1183 909 ίήσεται
1197 875 1285 910 ζωήν;
1298 875 1482 911 Τετελεύτηκε
1495 875 1575 911 γάρὴ
1594 875 1694 911 Ῥαχὴλ
1705 875 1749 902 ἐπ’
1764 875 1862 906 αὑταῖς

228 917 320 952 itaque
333 919 517 954 omnibusque
533 920 656 947 numeris
677 920 830 948 absolutam
851 920 951 947 horum
969 928 1016 947 eo-

227 963 378 998 gnitionem
397 965 454 992 Deo
475 966 640 999 tribuamus,
662 967 750 1002 iisque
768 967 815 1002 qui
835 975 886 994 nos
916 967 1017 1001 ingenii

227 1010 354 1038 acumine
395 1016 535 1046 superant.
568 1013 642 1040 Nihil
665 1021 730 1041 vero
762 1013 840 1040 obest
871 1013 1019 1048 quominus

228 1054 300 1088 quod
315 1055 395 1082 nobis
409 1056 436 1082 in
449 1061 568 1084 mentem
582 1059 689 1086 venerit
712 1058 913 1086 dicamus.Mea
927 1058 1019 1093 itaque

228 1101 377 1133 sententia,
389 1101 462 1136 ﬁlius
476 1102 575 1131 doloris
588 1105 687 1132 merito
709 1104 823 1139 intelligi
837 1105 934 1139 possit,
947 1105 1018 1131 mul-

229 1145 319 1172 titudo
341 1147 513 1176 credentium
539 1149 567 1176 in
595 1150 700 1178 ultimis
721 1150 812 1178 saeculi
837 1151 1017 1185 temporibus.

229 1191 297 1218 Nam
309 1191 362 1220 illis
374 1195 544 1228 temporibus
556 1195 610 1222 erit
622 1195 694 1224 filius
706 1195 868 1230 iniquitatis,
885 1206 894 1221 ι
908 1196 955 1231 qui
970 1196 1019 1223 ad-

229 1241 355 1264 versatur
366 1243 393 1266 et
405 1240 547 1268 extollitur
555 1249 638 1276 supra
650 1249 731 1270 omne
740 1243 813 1277 quod
822 1243 924 1271 dicitur
936 1243 1019 1275 Deus,

230 1286 278 1308 aut
303 1283 347 1310 cui
370 1285 511 1312 veneratio
533 1285 651 1314 debetur
671 1296 676 1314 :
698 1287 735 1315 ita
753 1293 784 1315 ut
806 1289 832 1316 in
852 1289 954 1324 templo
972 1290 1019 1316 Dei

231 1328 336 1360 sedeat,
345 1330 488 1358 declarans
496 1339 525 1358 se
539 1336 668 1368 tanquam
676 1334 712 1362 sit
723 1335 795 1362 Deus
804 1335 836 1362 ⁸¹.
844 1345 852 1360 ι
865 1335 916 1363 Hic
926 1339 1021 1364 contra

231 1379 340 1402 sanctos
363 1376 450 1403 aciem
470 1377 579 1410 educet,
597 1383 625 1406 et
644 1380 714 1407 nihil
736 1381 770 1408 ab
793 1381 935 1409 indomitis
955 1382 1022 1410 feris

231 1419 351 1448 differet.
373 1421 610 1455 Quemadmodum
633 1426 707 1452 enim
730 1426 789 1461 ipse
810 1427 935 1455 Salvator
952 1429 991 1455 ait
1013 1438 1019 1455 :

235 1474 245 1491 ι
258 1465 318 1494 Erit
339 1467 482 1495 tribulatio
500 1477 611 1505 magna,
632 1471 722 1506 qualis
740 1480 796 1500 non
817 1473 869 1500 fuit
887 1473 922 1501 ab
943 1474 1022 1502 initio

232 1512 327 1539 mundi
345 1514 485 1555 usque_ad
505 1515 558 1543 hoc
572 1519 689 1551 tempus,
704 1525 794 1552 neque
813 1518 860 1546 fiet
869 1519 901 1546 ⁸¹.
918 1529 927 1544 ι
943 1519 1021 1552 Quod

1070 920 1146 946 ὠδῖσι
1161 920 1208 947 τοῦ
1227 921 1367 956 Βενιαμίν.
1388 921 1424 947 Τὸ
1443 921 1491 957 μὲν
1513 919 1560 948 οὖν
1573 921 1643 956 ἄγαν
1662 920 1862 957 ὴκριόωμένως

1070 965 1169 992 ειδέναι
1193 966 1280 1000 ταυτὶ,
1297 966 1357 1001 Θεῷ
1373 967 1405 1002 δὴ
1430 967 1511 994 πάλιν
1533 967 1715 1002 ἀναθήσομεν,
1740 967 1788 993 καὶ
1803 967 1861 998 τοῖς

1069 1012 1222 1047 νουνεχέσιν
1246 1012 1263 1047 ἦ
1285 1012 1346 1039 καθ’
1365 1013 1448 1048 ἡμᾶς·
1465 1012 1547 1039 λυπεῖ
1561 1013 1589 1039 δὲ
1612 1012 1700 1045 οὐδὲν,
1718 1012 1748 1039 τό
1765 1021 1796 1047 γε
1819 1014 1860 1044 εἰς

1070 1058 1132 1085 νοῦν
1148 1056 1215 1094 ἧκον
1231 1059 1329 1085 εἰπεῖν.
1347 1056 1430 1094 Οἶμαι
1492 1058 1537 1085 οὖν
1553 1059 1594 1086 ὅτι
1609 1058 1686 1085 νοοῖτ1
1703 1059 1735 1086 ἂν
1747 1059 1860 1090 εἰκότως

1069 1102 1134 1135 υίὸς
1158 1102 1269 1136 ὀδύνης
1283 1102 1348 1134 λαὸς
1361 1104 1377 1138 ἡ
1396 1103 1424 1129 ὲν
1444 1102 1567 1137 ἐσχάτοις
1583 1102 1630 1129 τοῦ
1643 1102 1739 1134 αἰῶνος
1754 1103 1859 1138 καιροῖς

1070 1147 1124 1174 τῶν
1141 1147 1321 1174 πιστευόντων
1339 1147 1452 1183 πληθύς.
1470 1149 1537 1175 Κατ’
1549 1149 1636 1174 έκεῖνο
1651 1148 1705 1183 γὰρ
1720 1147 1796 1175 ἔσται
1811 1148 1859 1174 τοῦ

1071 1193 1167 1229 καιροῦ
1183 1194 1229 1220 καὶ
1239 1194 1252 1220 ό
1263 1193 1312 1228 τῆς
1324 1193 1438 1228 ἀνομίας
1450 1193 1517 1225 υἱός.
1537 1203 1546 1220 ι
1569 1194 1598 1220 Ὀ
1608 1194 1803 1227 ἀντικείμενος,
1813 1195 1860 1220 κα)⁵

1071 1240 1287 1276 ὑπεραιρόμενος
1300 1240 1347 1267 ἐπὶ
1358 1241 1445 1267 πάντα
1459 1240 1603 1275 λεγόμενον
1616 1240 1682 1266 Θεὸν
1695 1240 1711 1274 ἢ
1723 1240 1857 1274 σέὖασμιν

1072 1285 1142 1313 ὥστε
1170 1285 1252 1312 αὑτὸν
1268 1287 1308 1317 εἰς
1320 1286 1366 1312 τὸν
1381 1286 1444 1312 ναὸν
1459 1286 1505 1312 τοῦ
1523 1285 1590 1312 Θεοῦ
1603 1286 1640 1317 ὡς
1656 1285 1721 1312 θεὸν
1737 1285 1858 1315 καθίσαι,

1072 1330 1266 1357 ἀποδεικνύντα
1295 1331 1389 1357 ἑαυτὸν
1417 1331 1457 1357 ὅτι
1485 1331 1544 1357 ἐστὶ
1571 1330 1648 1362 Θεός.
1665 1340 1674 1356 ι
1693 1328 1777 1362 Οὗτος
1803 1332 1860 1361 τοῖς

1072 1377 1160 1410 ἁγίοις
1181 1376 1364 1409 ἀντιτάξεται,
1380 1377 1427 1403 καὶ
1440 1377 1594 1403 ἀτιθάσσων
1612 1377 1688 1403 οὐδὲν
1702 1376 1797 1402 διοίσει
1809 1376 1858 1411 οη-

1075 1423 1149 1458 ρίων.
1173 1423 1217 1454 Ὠς
1235 1423 1289 1458 γὰρ
1312 1422 1392 1454 αὐτὸς
1409 1423 1519 1458 εἴρηκεν
1536 1424 1549 1449 ό
1573 1423 1678 1458 Σωτὴρ,
1699 1423 1775 1449 ἔσται
1797 1422 1860 1448 τότε

1073 1469 1162 1503 θλίψις
1185 1468 1303 1504 μεγάλη,
1327 1470 1372 1496 οἵα
1396 1469 1426 1495 οὐ
1451 1469 1561 1503 γέγονεν
1578 1469 1623 1495 ἀπ’
1642 1469 1728 1504 ἀρχῆς
1745 1469 1859 1503 κόσμου,

1073 1514 1125 1542 οὐδ’
1140 1515 1170 1541 οὺ
1188 1514 1224 1550 μὴ
1242 1515 1364 1550 γένηται.
1384 1515 1445 1541 Ὅτι
1461 1515 1489 1541 δὲ
1503 1515 1552 1549 οὺχ
1569 1514 1673 1550 ἑτέροις
1689 1514 1788 1549 μᾶλλον
1805 1514 1861 1540 ἀλλ’

232 1565 299 1585 vero
311 1566 366 1586 non
378 1559 447 1587 alios
459 1569 540 1595 quam
554 1567 664 1590 sanctos
684 1564 744 1598 ejus
766 1564 922 1592 immanitas
942 1569 1022 1600 atque

1077 1561 1094 1596 ἢ
1119 1562 1175 1592 τοῖς
1198 1561 1286 1595 ἁγίοις
1309 1561 1514 1596 ἐγκατασκήψει
1539 1562 1572 1587 τὰ
1593 1561 1642 1595 τῆς
1669 1561 1734 1596 παρ’
1758 1561 1862 1587 ἐκείνου

233 1602 382 1631 crudelitas
393 1605 429 1631 sit
440 1605 579 1638 invasura,
589 1606 753 1642 significavit
765 1616 874 1636 rursum
886 1610 1024 1643 Christus,

234 1648 273 1676 ita
291 1649 444 1684 adjiciens:
462 1660 470 1676 ι
486 1651 520 1678 Et
534 1651 587 1678 nisi
607 1652 742 1679 decurtati
758 1653 874 1681 fuissent
894 1655 954 1683 dies
975 1656 1024 1688 illi,

234 1700 292 1721 non
313 1693 391 1721 ﬁeret
411 1695 486 1722 salva
509 1696 600 1726 omnis
620 1704 695 1729 caro,
718 1697 766 1724 sed
790 1703 902 1733 propter
926 1700 1028 1727 electos

235 1739 455 1768 decurtabuntur
466 1741 525 1768 dies
537 1742 575 1768 illi
589 1742 620 1769 ".
635 1752 643 1767 ι
658 1742 725 1769 Cum
738 1744 811 1770 enim
826 1746 981 1779 persecutio
993 1746 1050 1783 sit-

237 1785 329 1812 futura
346 1785 480 1813 adversus
497 1794 593 1814 omnes
608 1787 713 1815 electos
737 1796 769 1815 ac
787 1789 894 1817 sincere
910 1790 1004 1818 ﬁdeles
1020 1800 1026 1818 :

236 1838 354 1865 cumque
367 1832 457 1866 gravis
469 1837 497 1859 et
508 1832 692 1861 intolerabilis
706 1835 828 1869 tyrannis
838 1839 920 1870 atque
930 1845 1029 1864 atrum-

237 1884 280 1903 nm
300 1877 334 1905 iis
356 1877 550 1913 impendeant;
574 1880 756 1907 contrahetur
776 1881 889 1908 omnino
908 1887 1027 1917 tempus,

237 1926 477 1952 commensurante
501 1930 736 1961 temperanthue,
761 1931 792 1954 ut
818 1927 947 1960 arbitror,
971 1928 1028 1956 Deo

240 1969 417 1996 tentationem
440 1978 490 2005 pro
515 1971 678 1999 atllictorum
699 1972 817 1999 viribus.
842 1972 919 2006 Quod
945 1974 1028 2001 etiam

239 2014 320 2042 nobis
347 2015 493 2049 persuadet
516 2015 734 2051 sapientissimus
757 2017 876 2050 Paulus,
900 2018 995 2046 dicens
1020 2028 1026 2046 :

243 2069 252 2084 ι
268 2059 369 2088 Fidelis
380 2066 471 2089 autem
483 2062 566 2095 Deus,
576 2063 622 2098 qui
635 2068 689 2090 non
702 2063 774 2090 sinet
785 2071 833 2091 vos
846 2065 946 2092 tentari
959 2065 1029 2092 ultra

241 2104 266 2132 id
280 2106 354 2140 quod
373 2108 488 2142 potestis
507 2117 512 2134 :
535 2107 591 2135 imo
614 2109 696 2136 faciet
717 2117 771 2136 una
792 2116 855 2136 cum
879 2111 1029 2138 tentatione

239 2155 415 2187 proventum,
440 2154 593 2188 utpossitis
612 2154 729 2184 sudet-re
741 2154 774 2182 λἰ.
792 2165 800 2181 ι
834 2155 904 2183 Nato
937 2156 1029 2192 itaque

239 2197 391 2233 Benjamin,
419 2199 470 2226 hoc
495 2204 547 2232 est,
574 2200 676 2234 populo
699 2200 728 2227 in
751 2200 806 2228 fine
827 2206 855 2229 et
875 2201 1026 2234 doloribus,

241 2243 347 2272 desinet
371 2245 482 2272 Rachel.
506 2245 698 2274 Transferetur
719 2247 793 2274 enim
812 2248 1024 2283 quodammodo,

239 2294 268 2316 ut
299 2291 381 2318 modo
410 2291 483 2324 dixi,
506 2292 533 2319 in
570 2292 650 2319 aliam
688 2293 772 2321 vitam
804 2293 943 2328 Ecclesia,
975 2296 1028 2324 hoc

241 2339 293 2367 est,
305 2343 365 2368 nos,
380 2337 427 2371 qui
442 2345 491 2371 per
503 2337 584 2365 fidem
604 2338 631 2365 in
651 2338 792 2366 Christum
812 2340 944 2368 unitatem
965 2349 1026 2369 cum

242 2380 297 2409 Deo
312 2389 361 2416 per
372 2377 504 2416 Spiritum
516 2384 588 2411 nacti
600 2391 705 2412 sumus.
718 2385 812 2420 Neque
825 2393 891 2413 vero
906 2387 1026 2421 mireris,

244 2425 323 2462 139
334 2426 356 2454 si
373 2435 448 2454 mors
461 2428 562 2456 Rachel
574 2437 589 2456 a
601 2429 685 2458 rebus
696 2429 779 2466 hujus
794 2431 858 2458 vita:
877 2434 1028 2461 transtulit.

243 2472 375 2501 Percellet
396 2473 471 2502 enim
494 2482 690 2511 nonnunquam
713 2475 741 2503 id
762 2475 896 2511 quosdam
916 2485 948 2505 ea
969 2486 1030 2513 quas

241 2519 306 2546 olim
321 2519 488 2552 acciderunt,
501 2521 726 2556 contemplantes.
739 2522 817 2550 Dicat
827 2527 919 2550 autem
932 2523 1030 2559 aliquis

242 2565 356 2592 fortasse
384 2570 465 2600 atque
493 2566 531 2594 ita
554 2574 647 2594 secum
676 2568 798 2603 cogitet:
814 2568 940 2596 Cessabit
965 2578 1030 2605 ergo

244 2611 364 2639 Ecclesia
379 2620 507 2640 successu
526 2614 666 2648 temporis,
680 2618 708 2641 et
723 2620 812 2642 morte
826 2615 1029 2651 quodammodo

241 2658 429 2694 exstinguetur
439 2668 444 2686 :
455 2663 535 2694 atque
545 2659 597 2687 hoc
604 2663 645 2687 est
655 2660 794 2688 transferri
804 2660 838 2688 ad
847 2661 970 2688 meliora.
981 2662 1028 2689 His

243 2704 439 2739 respondemus
451 2714 457 2732 :
468 2705 537 2732 Cum
549 2706 627 2733 audis
640 2705 776 2733 nominari
789 2707 948 2739 Ecclesiam,
963 2716 1026 2735 san-

243 2754 313 2777 ctam
332 2750 502 2778 credentium
526 2751 730 2779 multitudinem
755 2752 871 2788 intelligi
891 2753 1026 2784 existima.

279 2851 300 2868 "
314 2851 391 2880 ἔθου.
409 2860 435 2885 x,
453 2851 493 2880 16.
532 2851 552 2866 “
569 2850 589 2879 ll
606 2850 701 2878 Thess.
718 2859 746 2884 ιι,
763 2851 787 2884 ί,
802 2851 826 2878 5.

1045 2223 1067 2251 D

866 2850 888 2867 ⁸²
903 2851 996 2879 Matth.
1016 2859 1086 2884 utr,
1104 2851 1148 2878 ‘Zl.

1079 1606 1236 1642 σκαιότητος
1258 1606 1304 1632 καὶ
1325 1606 1531 1640 ἀπανθρωπίας,
1559 1606 1747 1641 διαμεμήνυκε
1780 1606 1863 1633 πάλιν

1078 1651 1233 1685 ἐπενεγκὼν
1242 1651 1343 1683 αὐτὸςό
1353 1651 1494 1686 Χριστός-ι
1513 1652 1566 1678 Καὶ
1576 1653 1599 1678 εἰ
1611 1651 1649 1687 μὴ
1661 1651 1864 1687 ἐκολοϐώθησαν

1078 1697 1105 1723 αἱ
1120 1697 1220 1732 ἡμέραι
1238 1697 1350 1729 ἐκεῖναι,
1366 1697 1415 1723 οὐκ
1429 1697 1461 1724 ἂν
1477 1697 1564 1733 ἐσώθη
1587 1698 1661 1724 πᾶσα.
1678 1697 1755 1733 σάρξ.
1771 1698 1821 1724 Διά
1835 1698 1862 1724 δὲ

1078 1744 1140 1775 τοὺς
1155 1743 1298 1775 ἐκλεκτοὺς
1315 1743 1546 1778 κολοϐωθήσονται
1566 1745 1593 1770 αί
1609 1743 1711 1779 ἡμέραι
1723 1745 1835 1771 ἐκεῖναι.
1852 1755 1862 1770 ι

1085 1789 1127 1821 Ὠς
1139 1788 1192 1824 γὰρ
1212 1789 1329 1821 διώξεως
1349 1789 1482 1825 ἐσομένης
1497 1789 1567 1816 κατὰ
1587 1790 1687 1821 παντὸς
1715 1789 1864 1816 ἅπολέκτου

1079 1836 1126 1862 καὶ
1139 1836 1251 1870 γνησίου
1273 1835 1321 1871 τὴν
1343 1835 1444 1868 πίστιν,
1475 1835 1513 1867 ὡς
1543 1835 1633 1870 δεινῆς
1657 1836 1704 1862 καὶ
1727 1836 1864 1871 ἀφορήτου

1079 1881 1244 1915 πλεονεξίας,
1267 1882 1313 1908 καὶ
1331 1882 1422 1917 μέντοι
1442 1881 1489 1908 καὶ
1519 1881 1614 1908 αἱκιῶν
1629 1881 1866 1917 ἐποισθησομὲνων

1079 1928 1165 1955 τισίν·
1194 1927 1270 1954 ἔσται
1294 1936 1344 1963 μου
1372 1927 1479 1959 πάντως
1507 1929 1535 1953 ἐν
1561 1927 1702 1959 συστολαῖς
1728 1929 1742 1954 ό
1761 1929 1865 1963 καιρὸς,

1081 1972 1410 2009 συμμετροὼτοςωῖμαι,
1425 1973 1473 2000 τοῦ
1496 1973 1715 2010 φιλοικτίρμονος
1741 1974 1808 2000 Θεοῦ
1833 1976 1866 2010 τῇ

1079 2020 1133 2046 τῶν
1153 2020 1311 2055 καμνόντων
1330 2020 1402 2055 ἰσχύϊ
1424 2020 1469 2046 τὸν
1489 2020 1650 2055 πειρασμόν.
1667 2020 1743 2046 Οὕτω
1759 2022 1867 2055 φρονεῖν

1079 2066 1220 2093 ἀναπείθει
1243 2066 1291 2093 καὶ
1313 2067 1327 2093 ό
1351 2065 1506 2100 σοφώτατος
1520 2066 1644 2098 Παῦλος·
1666 2075 1675 2092 ι
1695 2066 1792 2098 Πιστὸς
1811 2066 1838 2092 δὲ
1854 2067 1868 2093 ὁ

1080 2112 1145 2144 Θεὸς
1160 2112 1189 2144 ὂς
1202 2112 1251 2139 οὐκ
1261 2113 1335 2139 ἐάσει
1347 2112 1419 2147 ὑμᾶς
1429 2112 1610 2148 πειρασθῆναι
1623 2113 1693 2147 ὑπὲρ
1711 2113 1725 2139 ὂ
1741 2112 1865 2143 δύνασθε,

1080 2156 1148 2183 ἀλλὰ
1177 2157 1285 2191 ποιήσει
1306 2157 1354 2182 σὺν
1376 2155 1415 2191 τῷ
1443 2156 1590 2192 πειρασμῷ
1615 2156 1661 2183 καὶ
1683 2156 1733 2191 τὴν
1757 2155 1866 2182 ἔκϐασιν

1080 2202 1126 2228 τοῦ
1143 2201 1271 2228 δύνασθαι
1291 2194 1461 2236 ὑπενεγκεῖν.
1482 2212 1492 2228 ι
1517 2202 1696 2237 Γεννηθέντος
1711 2201 1799 2228 τοίνυν
1821 2201 1866 2228 τοῦ

1081 2247 1220 2282 Βενιαμὶν,
1243 2246 1375 2279 τουτέστι,
1399 2246 1446 2273 τοῦ
1462 2247 1490 2272 ὲν
1505 2246 1576 2272 τέλει
1594 2255 1621 2272 τε
1639 2247 1685 2273 καὶ
1706 2247 1735 2273 ἐν
1749 2245 1856 2278 ὀδύναις

1082 2292 1157 2324 λαοῦ,
1181 2291 1350 2319 πεπαύσεται
1378 2293 1425 2319 καὶ
1455 2292 1564 2328 Ῥαχήλ.
1584 2292 1783 2326 Μετοιχήσεται
1803 2291 1865 2326 γὰρ,

1082 2338 1176 2373 ὥσπερ
1193 2338 1260 2373 ἔφην
1281 2337 1392 2372 ἀρτίως,
1417 2338 1456 2369 είς
1476 2338 1573 2373 ἑτέραν
1589 2337 1687 2373 ζωὴνὴ
1708 2337 1864 2374 Ἐκκλησία,

1081 2384 1219 2411 τουτέστιν
1235 2384 1325 2419 ἡμεῖς,
1348 2384 1372 2409 οἱ
1387 2382 1431 2409 διά
1445 2382 1564 2412 πίστεως
1577 2384 1626 2419 τῆς
1639 2384 1678 2415 εἰς
1689 2383 1805 2419 Χριστὸν
1818 2384 1866 2418 τὴν

1082 2430 1125 2457 διὰ
1141 2429 1298 2464 Πνεύμιτος
1314 2428 1409 2454 ἕνωσιν
1430 2428 1497 2464 πρὸς
1509 2428 1576 2455 Θεὸν
1591 2429 1800 2463 πλουτήσαντες.
1815 2429 1866 2455 Kc!

1083 2477 1121 2510 μή
1133 2484 1173 2501 τοι
1187 2473 1330 2508 θαυμάσῃς
1346 2474 1368 2499 εἰ
1382 2473 1495 2505 θάνατος
1508 2474 1558 2509 τὴν
1580 2474 1680 2509 Ῥαχὴλ
1691 2474 1744 2500 τῶν
1759 2475 1785 2500 ἐν
1801 2474 1865 2508 τῷΞ;

1080 2521 1119 2555 τῷ
1139 2520 1234 2555 κόσμῳ
1263 2519 1397 2555 μετέθηκε
1422 2520 1604 2555 πραγμάτων,
1631 2519 1783 2556 θορυϐήσει
1813 2520 1866 2554 γὰρ

1081 2567 1136 2593 ἐσθ’
1150 2567 1194 2593 ὅτε
1208 2566 1237 2592 τὸ
1256 2565 1351 2601 χρῆμά
1368 2574 1454 2598 τινας,
1473 2566 1669 2601 ὲνηνεγμὲνους
1687 2567 1726 2597 είς
1752 2566 1865 2601 θεωρίαν

1079 2612 1126 2639 τοῦ
1138 2612 1220 2639 πάλαι
1237 2610 1449 2646 ωμὸεὸηκότος’
1464 2611 1637 2637 Πεπαύσεται
1654 2610 1686 2646 δὴ
1700 2609 1746 2637 οὖν
1764 2612 1780 2646 ἡ
1805 2611 1864 2637 Ἐκ-

1083 2658 1181 2693 κλησίσ.
1203 2657 1275 2684 κατὰ
1290 2657 1412 2692 καιροῦς,
1429 2657 1477 2683 καὶ
1494 2657 1673 2692 σϐεσθήσεται
1686 2657 1794 2693 Θανάτῳ
1806 2658 1863 2693 τρή-

1082 2714 1132 2731 m»
1143 2705 1214 2731 τινά·
1243 2704 1292 2730 καὶ
1316 2703 1395 2730 τοῦτό
1408 2705 1482 2730 ἐστιν
1493 2703 1510 2738 ἡ
1531 2703 1598 2739 πρὸς
1614 2703 1648 2730 τὰ
1663 2704 1766 2739 ἀμείνω
1783 2703 1863 2738 μετὰ-

1084 2759 1176 2782 στεισις
1190 2759 1197 2783 ;
1216 2750 1287 2785 Πρὸς
1299 2749 1330 2785 δὴ
1341 2749 1375 2775 τὰ.
1392 2748 1479 2775 τοιάδε
1499 2749 1589 2784 φαμέν
1601 2758 1607 2765 ·
1628 2749 1789 2784 Ἐκκλησίαν
1803 2749 1864 2776 ὅταν

1189 2850 1209 2863 ’³
1226 2849 1294 2878 Ιιιιι.
1324 2849 1366 2876 ‘22.
1406 2849 1426 2863 ⁸³³
1445 2849 1528 2877 lCor.
1551 2857 1576 2881 Χ,
1595 2848 1636 2876 13.
