1990 3050
151 147 203 175 225

658 146 915 174 G-LAPHYIIORUM
936 147 969 174 IN
987 147 1137 175 GENESIM
1156 146 1219 175 LIB.
1241 148 1271 175 ν.

1723 141 1776 176 226

140 202 271 237 ἀκούσῃς,
296 202 347 237 τὴν
367 202 420 229 τῶν
435 203 616 229 πιστευόντων
644 203 724 236 ἁγίαν
748 202 854 238 πληθὺν
882 203 929 229 τοοκ

987 204 1065 239 cujus
1078 211 1162 236 mors.
1174 205 1251 239 juxta
1268 204 1402 231 rationem
1414 204 1477 232 vita
1488 204 1516 232 in
1527 206 1629 233 mundo
1640 210 1668 234 et
1678 213 1775 234 carna-

142 257 183 275 τοι
194 248 285 282 λέγειν
348 247 379 274 τὸ
394 247 553 274 ὲκτεθνάναι
569 247 639 274 κατὰ
654 247 736 274 τόπον
752 247 825 281 ζωῆς
842 247 889 283 τῆς
904 248 932 273 ὲν

142 294 235 329 κόσμῳ
260 293 308 319 καὶ
340 293 485 327 σαρκικῆς,
506 292 565 324 ὁδός
585 293 643 318 ἔστι
663 292 730 327 πρὸς
745 292 863 319 ἐπίδοσιν
884 293 933 327 τῆς

142 342 171 369 ἐν
199 340 311 376 Χριστῷ
337 339 477 371 πολιτείας
499 340 547 366 καὶ
572 339 645 373 ζωῆς
667 340 714 366 καὶ
742 340 932 374 μεταστάσεως

143 387 242 421 τρόπος
265 387 306 417 εἰς
331 386 365 412 τὰ
382 385 487 421 ἀμείνω
512 385 560 412 καὶ
579 385 774 421 ὑπερκείμενα.
791 384 842 412 Διὰ
854 385 934 412 τοῦτο

143 433 190 458 καὶ
203 433 217 459 ὁ
234 432 370 467 μακάριος
388 431 504 464 Παῦλος,
520 432 713 467 ραγδαιοτὲραν
724 431 793 457 τισὶν
807 431 933 466 ἐπιφέρει

142 478 191 514 τὴν
208 478 353 513 ἐπίπληξιν
366 478 468 512 λέγων’
490 488 499 504 ‹
519 478 550 505 Εἰ
564 477 713 504 ἀπεθάνετε
728 478 780 504 ἀπὸ
794 478 846 504 τῶν
864 486 934 504 στοι-

144 523 225 559 χείων
242 524 288 550 τοῦ
309 524 423 559 κόσμου,
443 524 469 551 τί
491 524 528 556 ὼς
543 525 571 551 ὲν
585 524 679 559 κόσμῳ
694 523 795 555 ζῶντες
806 524 934 559 δογματίο

143 569 239 602 ζεσοες
265 579 275 596 ι
299 570 466 596 Ἐπιστέλλει
495 570 524 596 δὲ
548 570 629 596 πάλιν
654 570 710 601 τοῖς
724 569 774 605 τὴν
799 570 934 605 σαρκικὴν

143 616 191 642 καὶ
218 615 359 649 φιλήδονον
384 616 591 651 ἀποσειομένοις
617 615 702 651 ζωήν·
730 625 739 640 ι
769 615 933 642 Ἀπεθάνετε

143 662 209 698 γὰρ,
226 663 274 690 καὶ
293 663 309 698 ή
328 662 384 698 ζωὴ
400 663 477 698 ὑμῶν
501 662 653 697 κέκρυπται
670 662 718 688 σὺν
731 661 769 697 τῷ
781 661 891 698 Χριστῷ
906 663 933 688 εν

143 708 183 743 τῷ
212 707 281 743 Θεῷ.
315 709 399 735 Ὅταν
426 706 473 735 οὖν
495 709 508 735 ὁ
531 708 648 744 Χριστὸς
669 707 857 743 φανερωθῇ,ή
878 708 933 743 ζωὴ

144 753 238 788 ὑμῶν,
260 754 319 780 τότε
342 754 389 780 καὶ
405 755 484 790 1Ζιμεῖς
504 754 552 780 σὺν
575 753 649 789 αὑτῷ
664 753 890 789 φανερωθήσεσθε
905 754 934 780 ὲν

143 800 216 836 δόξῃ.
240 810 249 825 ι
270 800 392 835 Νεκροῦν
417 801 445 827 δὲ
468 801 544 836 ἡμᾶς
558 799 605 826 καὶ
629 799 664 826 τὰ
682 799 750 834 μέλη
771 799 805 826 τὰ
824 800 871 825 επὶ
886 800 934 834 τῆς

143 847 195 881 γῆς
208 847 262 873 δεῖν
276 846 327 882 ἔφη
341 846 444 881 σαφῶς,
462 846 590 881 πορνείαν
604 845 636 880 δὴ
654 845 740 879 λέγων
753 845 800 872 καὶ
814 844 935 879 ἀκαθαρ-

145 892 215 923 σίαν,
237 892 284 918 καὶ
304 892 339 918 τὰ
360 891 464 923 τούτοις
487 890 599 925 ἀδελφά,
614 890 718 918 Οὐκοῦν
733 891 747 917 ὁ
763 892 812 927 τῆς
833 891 934 926 Ῥαχὴλ

144 936 257 968 θάνατος
275 936 402 971 σημαίνει
424 944 474 962 που
489 936 598 966 πάντως
613 935 664 970 τῆς
680 935 736 962 τῶν
751 936 934 963 πιστευόντων

986 249 1029 280 lis,
1050 250 1093 277 via
1111 254 1154 277 est
1175 249 1208 276 ad
1237 249 1436 276 incrementum
1458 249 1522 277 vita:
1544 250 1572 277 in
1599 250 1720 283 Christo,
1745 255 1775 278 et

987 296 1085 323 modus
1113 295 1300 323 translationis
1324 295 1358 322 ad
1382 295 1496 322 meliora
1519 303 1551 323 ac
1571 297 1772 331 praestantiora.

983 341 1089 369 Idcirco
1102 342 1186 369 etiam
1206 342 1304 369 beatus
1317 342 1418 369 Paulus
1435 341 1528 368 acrius
1539 341 1671 376 quosdam
1683 342 1773 370 incre-

984 392 1040 422 pat,
1054 387 1167 415 dicens:
1185 397 1194 413 ‹
1210 387 1238 414 Si
1252 387 1354 414 mortui
1372 387 1439 414 estis
1457 394 1520 413 cum
1533 386 1642 414 Christo
1660 386 1694 414 ab
1715 388 1773 415 ele-

984 433 1083 460 mentis
1093 433 1198 465 mundi,
1212 432 1374 468 quid,quasi
1386 432 1475 459 adhuc
1487 432 1611 460 viventes
1621 432 1648 459 in
1659 433 1773 464 mundo.

984 479 1132 506 decernitis
1140 479 1181 506 ⁸⁵⁸2
1190 489 1199 505 ι
1212 479 1315 506 Scribit
1328 483 1419 506 autem
1432 487 1539 505 rursum
1554 479 1598 510 iis,
1608 479 1654 513 qui
1662 487 1773 506 carnem

984 529 1010 552 et
1027 525 1227 560 voluptuariam
1248 525 1331 552 vitam
1352 525 1531 560 abjecerunt:
1549 534 1558 550 ι
1573 524 1672 552 Mortui
1697 525 1771 552 enim

984 570 1060 603 estis,
1073 574 1101 597 et
1115 571 1170 598 vita
1188 575 1278 598 vestra
1295 571 1454 598 abscondita
1476 574 1518 597 est
1536 578 1597 597 cum
1617 570 1727 598 Christo
1745 571 1773 598 in

984 615 1051 642 Deo.
1075 614 1190 648 Quando
1214 616 1298 651 igitur
1318 615 1445 643 Christus
1467 615 1658 643 manifestatus
1678 616 1772 646 fuerit.

984 661 1040 688 vita
1052 665 1153 694 vestra,
1168 666 1233 689 tunc
1247 667 1275 690 et
1285 670 1334 689 vos
1345 670 1407 689 cum
1426 662 1473 688 illo
1489 661 1731 690 manifestabimini
1745 663 1773 690 in

984 707 1071 743 gloria
1093 708 1125 735 “‘.
1142 718 1151 734 ι
1177 708 1342 736 Mortiﬁcare
1367 708 1450 743 igitur
1472 708 1554 734 etiam
1577 716 1627 735 nos
1651 709 1773 736 membra

985 760 1078 781 nostra
1098 758 1208 780 terrena
1228 754 1329 781 debere
1349 754 1492 781 manifeste
1513 754 1561 786 ait,
1579 759 1704 789 stuprum
1728 754 1773 781 in-

985 797 1093 831 quiens,
1116 802 1144 825 et
1162 798 1375 830 imtnunditiem,
1399 802 1427 825 et
1449 799 1492 827 his
1511 799 1602 826 atllnia
1620 800 1652 825 ⁸⁷.
1669 809 1678 825 ι
1701 799 1773 826 Mors

986 843 1077 878 itaque
1090 843 1190 870 Rachel
1217 843 1351 879 significat
1362 845 1474 872 omnino
1486 846 1574 880 gregis
1591 845 1772 878 credentium,

986 889 1038 915 hoc
1053 893 1096 916 est
1115 889 1255 922 Ecclesia),
1270 894 1386 917 mortem
1403 891 1430 917 in
1443 891 1552 918 Christo
1563 891 1729 919 intellectam
1745 891 1773 918 in

986 936 1066 963 aliam
1091 935 1294 970 quodammodo
1317 936 1400 964 vitam
1424 945 1474 964 nos
1498 937 1724 970 transferentem;
1749 938 1773 965 si

143 982 256 1017 ἀγέλης,
283 982 418 1014 τουτέστι,
440 982 492 1016 τῆς
519 981 694 1015 Ἐκκλησίας,
714 981 759 1008 τὸν
780 982 808 1008 ὲν
825 983 929 1018 Χριστίξ

987 982 1068 1009 modo
1082 989 1177 1009 verum
1190 985 1231 1009 est
1247 982 1320 1016 quod
1341 986 1434 1010 nostra
1450 983 1649 1010 transferentur
1664 990 1698 1009 ex
1710 990 1772 1010 cor-

143 1027 288 1063 νοούμενον
311 1027 436 1060 θάνατον,
460 1029 500 1059 εἰς
526 1028 623 1063 ἑτέραν
645 1028 739 1064 ὥσπερ
764 1029 935 1064 ἀποςέροντα

143 1074 218 1110 ζωήν
229 1083 237 1089 ο
261 1075 340 1110 εἴπερ
361 1075 435 1101 ἐστὶν
455 1074 565 1109 ἀληθὲς,
580 1075 620 1101 ὅτι
635 1074 668 1101 τὰ
685 1075 747 1101 καθ’
760 1075 833 1110 ἡμᾶς
852 1085 935 1110 μετα-

144 1121 271 1156 στήσεται
284 1121 316 1146 ὲκ
330 1121 434 1156 φθορᾶς
453 1121 492 1152 είς
505 1120 671 1155 ἀφθαρσίαν,
685 1121 717 1147 ἐκ
736 1120 852 1148 θανάτου
867 1122 935 1157 πρὸς

143 1165 226 1201 ζωὴν,
243 1166 273 1200 ἐξ
286 1166 428 1198 ἀσθενείας
437 1167 477 1197 εἰς
489 1165 614 1201 δύναμιν,
625 1165 655 1198 ἐξ
668 1166 778 1201 ἀτιμίας
793 1168 832 1198 είς
844 1167 933 1199 δόξαν,

143 1212 175 1238 ὲκ
191 1211 405 1247 μεμετρημένων
420 1211 523 1247 καιρῶν
535 1213 574 1243 είς
590 1211 753 1247 μακραίωνα
770 1211 836 1246 βίον.
854 1212 933 1239 Οὕτω

143 1258 208 1293 γὰρ,
227 1257 297 1284 οὕτω
311 1258 358 1284 καὶ
373 1257 447 1293 αὑτῷ
463 1257 607 1288 διαπαντὸς
623 1256 792 1292 συνεσόμεθα
811 1257 850 1292 τῷ
867 1259 933 1293 Χρι-

144 1303 208 1338 στῷ-
225 1303 259 1330 dt‘
272 1301 302 1331 οὗ
324 1304 370 1330 καὶ
391 1304 450 1339 μεθ’
473 1299 504 1330 οὗ
530 1303 569 1338 τῷ
585 1302 644 1338 Θεῷ
671 1302 717 1328 καὶ
737 1303 823 1339 Πατρὶ
839 1304 855 1338 ἡ
871 1303 934 1336 δόξα

143 1352 189 1376 καὶ
206 1350 236 1376 τὸ
250 1350 350 1385 κράτος
373 1351 420 1376 σὺν
440 1349 508 1385 ἁγίῳ
537 1349 674 1384 [Ινεύματι
694 1348 733 1379 είς
748 1349 810 1380 τοὺς
833 1348 935 1380 αἰῶνας

144 1395 196 1423 τῶν
208 1396 325 1423 αἰώνων.
347 1396 444 1432 Ἀμήν.

182 1472 204 1488 ³⁵
220 1474 280 1502 Col.
302 1482 332 1507 τι,
348 1474 393 1501 20.
423 1473 446 1489 ⁸⁸
459 1474 517 1501 Col.
533 1483 570 1507 ιιι,
584 1475 610 1508 5,
629 1475 655 1502 4.
697 1474 720 1490 ⁸⁷
735 1475 804 1502 Ibid.
829 1474 856 1502 5.

146 1570 891 1587 ===m‘

985 1028 1111 1062 ruptione
1133 1028 1160 1055 in
1179 1028 1426 1063 incorruptionem,
1443 1037 1476 1056 ex
1492 1033 1579 1056 morte
1593 1029 1620 1056 in
1631 1029 1727 1062 vitam,
1739 1036 1772 1057 ex

984 1075 1142 1102 infirmitate
1158 1075 1185 1101 in
1204 1075 1365 1109 potentiam,
1378 1083 1411 1102 ex
1431 1075 1580 1110 ignominia
1598 1075 1625 1103 in
1645 1075 1771 1111 gloriam,

983 1128 1016 1147 ex
1033 1124 1192 1147 mensurato
1211 1128 1244 1147 ac
1260 1120 1373 1147 deﬁnito
1390 1124 1513 1154 tempore
1527 1120 1555 1147 in
1576 1115 1772 1155 sempiternam

983 1165 1077 1192 vitam.
1090 1165 1130 1192 lta
1146 1165 1220 1192 enim
1238 1165 1321 1191 etiam
1343 1172 1405 1191 cum
1427 1164 1486 1199 ipso
1506 1163 1616 1191 Christo
1638 1170 1772 1199 perpetuo

983 1210 1088 1238 erimus
1102 1219 1108 1237 :
1122 1218 1171 1246 per
1184 1218 1276 1246 quem,
1290 1215 1318 1238 et
1329 1218 1391 1238 cum
1403 1217 1467 1245 quo,
1481 1210 1537 1238 Deo
1548 1218 1580 1238 ac
1599 1210 1672 1238 Patri
1686 1211 1770 1246 gloria

983 1261 1010 1284 et
1020 1257 1168 1292 imperium
1181 1265 1244 1284 cum
1259 1261 1354 1284 sancto
1370 1256 1474 1292 Spiritu
1497 1257 1524 1284 in
1543 1258 1641 1285 saecula
1660 1257 1768 1285 Steculo-

983 1311 1055 1330 rum.
1074 1303 1171 1331 Amen.

937 1573 1764 1592 rw
996 1580 1202 1586 —

412 1651 808 1713 ΓΛΑΦΥΡΩΝ
846 1656 968 1713 ΕΙΣ
1000 1657 1158 1713 ΤΗΝ
1195 1657 1517 1714 ΓΕΝΕΣΙΝ

799 1768 1017 1812 ΒΙΒΛΙΟΝ
1052 1764 1111 1812 Ε’.

255 1886 716 1934 GLAPHYBORUM
746 1890 1104 1967 INVGERLESIM
1146 1893 1322 1938 LIBER
1369 1894 1655 1946 QUINTUS.

394 2012 464 2046 Περὶ
483 2013 536 2040 τοῦ
559 2012 673 2040 Ἰακώϐ.

170 2081 211 2106 α’.
229 2077 398 2114 Πολυμερῶς
429 2078 477 2105 καὶ
505 2078 682 2114 πολυτρόπως
705 2080 721 2115 ἠ
750 2079 928 2115 θεόπνευστος

137 2123 235 2160 Γραφὴ
247 2124 298 2160 τῆς
316 2123 360 2150 διὰ
371 2123 490 2160 Χριστοῦ
507 2125 644 2160 σωτηρίας
659 2129 851 2161 προαναφωνεῖ
863 2129 928 2161 τοὺς

137 2171 256 2202 τύπους,
280 2170 310 2197 οὗ
340 2169 453 2206 μετρίαν
486 2170 611 2197 ἐντεῦθεν
643 2173 700 2203 τοῖς
725 2172 928 2209 ἐντευξομένοις

137 2215 246 2242 τιθεῖσα
262 2214 312 2250 τὴν
337 2215 441 2249 ἦνησιν.
465 2214 570 2250 ὀνπερ
592 2215 646 2251 γὰρ
667 2216 768 2252 τρόπον
788 2217 813 2243 οἱ
833 2218 881 2254 τὴν
898 2220 926 2245 ἐν

137 2260 245 2293 πίναξιν
266 2261 422 2296 ἐπιστήμην
441 2261 480 2292 είς
498 2259 572 2287 ἅπαν
592 2261 784 2298 ἐξησκημένοι,
794 2265 854 2296 ταῖς
871 2265 925 2291 τῶν

135 2307 289 2342 χρωμάτων
303 2306 455 2333 πολυειδέσι
469 2308 587 2341 μορφαῖς
609 2308 860 2342 καταποικίλλουσι,
877 2311 926 2343 τὰς

137 2353 217 2384 σκιὰς
236 2353 276 2385 είς
297 2352 507 2388 ἐμφανεστέραν
524 2352 637 2387 ἄγοντες
652 2352 723 2387 ὄψιν,
741 2355 789 2381 καὶ
809 2356 876 2382 πολὺ
896 2357 926 2383 τὸ

137 2397 248 2433 ἐπίχαρι
263 2398 444 2433 καταχέοντες
458 2399 507 2434 τῆς
522 2399 633 2434 γραφῆς
645 2408 651 2414 ·
668 2399 739 2426 οὕτω
750 2401 797 2427 καὶ
815 2402 832 2437 ἡ
848 2401 925 2428 τοῦδε

135 2443 183 2470 τοῦ
197 2444 297 2476 παντὸς
314 2445 431 2480 τεχνῖτις
444 2445 535 2479 σοφία,
546 2445 670 2472 τουτέστι
687 2446 764 2479 Θεὸς,
777 2446 822 2473 διὰ
835 2448 924 2474 ποικί-

136 2489 189 2517 λων
210 2490 282 2516 ὅσων
310 2489 479 2525 αὐχημάτων
509 2491 707 2526 προαναφαίνει
741 2491 849 2524 λεπτῶς
878 2493 924 2520 τοῦ

136 2536 286 2570 μυστηρίου
298 2536 328 2563 τὸ
341 2536 449 2568 κάλλος,
468 2536 511 2563 ἶνα
525 2537 661 2569 συνιέντες
676 2537 713 2569 ὡς
726 2538 755 2564 ὲν
769 2538 923 2574 αίνίγμασι,

138 2582 181 2608 καὶ
207 2581 349 2617 μονονουχὶ
373 2583 580 2618 προκατήχησιν
603 2583 651 2610 καὶ
673 2583 851 2620 προεισΰολὴν
882 2586 923 2618 εἰς

136 2627 244 2653 σύνεσιν
260 2627 290 2653 τὺ
307 2628 423 2663 πρᾶγμα
443 2629 616 2666 ποιούμενοι,
633 2629 702 2666 πρὸς
722 2629 772 2665 τὴν
788 2630 839 2665 τῆς
859 2630 923 2666 ἁλη-

134 2670 207 2703 θείας
222 2671 390 2707 παραδοχὴν,
406 2672 574 2708 ἑτοιμότεροί
588 2682 645 2706 πως
667 2671 722 2700 εἷεν
738 2674 762 2700 oi
778 2682 924 2710 μυσταγω-

132 2716 273 2752 γούμενοι.
297 2717 479 2753 Διατρίϐομεν
496 2719 587 2746 τοίνυν
612 2719 641 2746 ὲν
663 2719 732 2755 τῷδε
752 2719 791 2755 τῷ
816 2721 920 2756 κόσμῳ,

134 2761 232 2797 μικρὸν
246 2761 421 2797 διαφέροντες
431 2782 438 2794 ,
452 2763 468 2797 ἦ
484 2763 553 2798 τάχα
572 2772 623 2791 που
640 2765 686 2792 καὶ
702 2764 853 2800 ἡττώμενοι
869 2766 922 2792 τῶν

132 2809 238 2842 ἀλόγων
255 2808 335 2840 ζώων
346 2829 353 2841 ,
369 2808 449 2845 εἴπερ
464 2809 550 2846 ἀληθῆ
574 2810 623 2845 τὴν
644 2810 790 2846 ἐπίπληξιν
805 2812 921 2838 ἐποιεῖτο

164 2888 187 2905 ⁸·
205 2888 290 2917 Hebr.
305 2898 323 2924 ι,
343 2889 351 2917 l
372 2897 450 2925 seqq.

1250 2016 1329 2054 ιω
1340 2017 1380 2044 De
1389 2016 1481 2045 Iacob.

1015 2076 1041 2103 I.
1057 2075 1139 2103 Varie
1158 2082 1190 2103 ac
1207 2075 1385 2102 multifariam
1397 2081 1475 2103 sacra
1501 2076 1643 2110 Scriptura
1669 2076 1766 2104 salutis

978 2129 1028 2158 per
1043 2121 1185 2149 Christum
1200 2125 1279 2157 typos
1294 2121 1429 2156 pmdicit,
1445 2128 1501 2148 non
1517 2121 1684 2149 mediocrem
1700 2121 1764 2150 inde

976 2167 1038 2203 ejus
1050 2167 1182 2195 studiosis
1206 2167 1354 2195 utilitatem
1381 2166 1503 2194 afferens
1522 2165 1556 2193 ³⁸.
1579 2166 1764 2200 Quemadmo-

977 2214 1043 2241 dum
1056 2213 1129 2241 enim
1150 2213 1274 2248 pictoriaa
1287 2213 1356 2241 artis
1383 2212 1506 2248 magistri
1532 2214 1621 2240 varias
1642 2214 1764 2242 colorum

977 2257 1078 2293 ﬁguras
1090 2258 1196 2286 umbris
1206 2258 1378 2289 inducentcs.
1391 2258 1423 2284 ad
1432 2258 1608 2285 amoeniorem
1624 2263 1764 2293 aspectum

976 2311 1023 2330 eas
1034 2303 1201 2338 perducunt,
1223 2304 1395 2338 multumque
1413 2304 1508 2338 gratia:
1536 2311 1568 2330 ac
1591 2303 1700 2332 decoris
1718 2306 1766 2338 pi-

976 2353 1062 2377 cturae
1075 2349 1241 2383 conciliant;
1261 2349 1299 2376 ita
1309 2349 1391 2376 etiam
1409 2349 1494 2376 totius
1523 2348 1644 2376 universi
1672 2349 1767 2384 opifex

976 2396 1122 2431 sapientia,
1139 2396 1212 2424 Deus
1224 2395 1367 2427 nimirum,
1385 2394 1596 2429 quamplurimis
1609 2395 1679 2431 typis
1703 2403 1763 2431 my-

977 2442 1053 2469 sterii
1072 2441 1307 2477 pulchritudinem
1337 2439 1477 2467 subtiliter
1503 2445 1713 2475 praemonstrat,
1734 2446 1764 2468 ut

976 2489 1161 2524 intelligentes
1174 2487 1261 2515 veluti
1280 2487 1308 2514 in
1324 2486 1429 2521 figuris,
1445 2489 1527 2520 atque
1544 2486 1578 2513 iis
1590 2486 1673 2514 veluti
1694 2494 1764 2521 prae-

976 2534 1059 2561 Iudiis
1077 2541 1125 2560 seu
1146 2531 1430 2568 prmexercitamcntis
1453 2531 1487 2558 ad
1505 2532 1681 2566 prudentiam
1708 2532 1761 2564 usi,

975 2579 1008 2606 ad
1025 2579 1170 2606 veritatem
1183 2577 1383 2613 suscipiendam
1397 2577 1548 2612 paratiores
1561 2576 1764 2611 quodammodo

975 2632 1058 2652 sacra:
1071 2622 1223 2659 disciplinae
1234 2623 1373 2651 candidati
1385 2622 1659 2650 etliciantur.Versati
1670 2623 1762 2657 itaque

976 2677 1071 2697 sumus
1088 2671 1116 2696 in
1130 2669 1184 2697 hoc
1200 2668 1304 2696 mundo
1320 2676 1417 2703 parum
1444 2675 1459 2695 a
1477 2667 1567 2695 brutis
1591 2667 1760 2699 differentes,

977 2717 1031 2744 imo
1062 2715 1206 2744 inferiores
1238 2714 1295 2742 fere
1317 2714 1406 2742 brutis
1428 2713 1602 2745 animalibus.
1632 2714 1655 2741 si
1680 2713 1762 2740 modo

975 2763 1048 2790 Deus
1061 2770 1125 2790 vere
1150 2761 1288 2789 Israclitas
1308 2760 1472 2795 increpavit.
1500 2760 1537 2787 ita
1556 2759 1668 2787 dicens:
1688 2758 1760 2786 «Co-

975 2810 1129 2846 gnovitbos
1146 2815 1331 2844 possessorem
1351 2814 1442 2838 suum,
1462 2810 1489 2833 et
1515 2806 1608 2833 asinus
1640 2813 1761 2841 prmscpe
