1990 3050
255 161 307 188 2‘27

768 161 796 188 S.
817 159 953 189 CYBILLI
975 157 1206 187 ALEXANDRINI
1227 158 1384 187 ARCHIEP.

1828 162 1882 191 εεε

257 217 362 245 domini
381 218 440 245 sui:
453 218 537 246 Israel
555 223 646 246 autem
659 226 703 246 me
722 226 779 245 non
804 218 940 253 cognovit,
956 222 984 244 et
995 224 1038 250 po-

1094 215 1159 248 Θεὸς
1183 216 1254 243 κατὰ
1277 216 1330 243 τῶν
1353 215 1382 249 ἐξ
1404 216 1526 251 Ἰσραὴλ.
1542 215 1612 242 οὕτω
1637 217 1732 250 λέγων’
1753 227 1762 243 ι
1790 220 1881 253 Ἔγνω

258 264 339 299 pultis
352 271 431 291 meus
443 272 499 291 non
519 264 654 292 intellexit
674 264 708 290 ⁸ο.
723 273 732 289 ι
753 264 781 291 Si
797 271 863 291 vero
886 263 973 298 legem
993 262 1042 288 ha-

257 309 355 336 bentes
373 309 548 344 paedagogum
565 309 722 336 Iudaeorum
742 308 847 343 populi,
861 307 930 335 adeo
953 306 1044 342 gravis

256 355 421 390 ignorantiae
431 355 552 382 accusati
568 359 642 387 sunt,
658 362 782 389 quamam
803 362 816 380 a
831 353 958 388 gentibus
973 353 1044 381 ratio

258 399 393 434 exigenda
420 399 514 431 fuerit,
535 399 708 426 densissimis
737 398 861 426 tenebris
877 398 982 426 erroris
1008 397 1043 424 de

257 444 373 472 deorum
393 445 550 480 pluralitate
570 445 726 473 immersis?
738 445 871 472 Deorsum
881 445 955 473 enim
972 453 1042 480 quo-

259 490 405 518 dammodo
420 498 529 525 semper
541 495 693 525 vergentes,
709 495 738 518 et
760 490 904 518 desideriis
917 490 1041 523 involuti,

259 538 376 564 terrenis
401 541 506 564 tantum
531 536 742 570 cogitationibus
765 537 908 568 vacabant,
925 544 960 563 ne
982 540 1042 563 tan-

259 583 347 609 tillum
360 583 471 617 quidem
488 582 589 610 mentis
612 582 723 609 oculum
753 582 786 610 ad
817 582 927 617 pietatis
950 582 1042 617 splen-

257 629 356 655 dorem
374 628 481 662 erigere
494 628 626 654 valentes.
650 628 753 654 Idcirco
780 628 955 662 deplorantes
981 634 1041 659 nos,

257 678 285 700 et
301 677 405 700 tantum
420 681 474 700 non
484 673 640 708 iacentibus
650 673 851 709 illacrymantes
862 674 958 701 beatos
977 681 1042 708 pro-

257 718 356 753 phetas
372 718 473 753 passim
494 718 624 752 reperias.
642 718 742 745 Beatus
761 718 834 745 enim
855 718 954 745 Isaias:
976 727 985 742 ι
998 718 1044 744 Di-

257 762 361 794 latavit,
377 773 385 788 )
401 763 498 798 inquit,
516 773 524 788 ι
538 763 785 790 iul‘ernusanimam
800 771 888 795 suam,
898 767 925 790 et
936 763 1043 798 aperuit

256 817 287 836 os
303 817 394 841 suum,
407 818 441 836 ne
463 815 583 836 cessaret
600 810 635 836 9°.
646 820 655 835 ι
671 810 764 844 Neque
780 810 853 837 enim
868 804 1042 837 declinabant

256 862 272 881 a
286 855 374 888 malo;
389 856 554 882 intolerabili
583 864 649 883 vero
675 856 878 890 quodammodo
899 855 1041 891 tyrannide

1096 261 1158 296 βοῦς
1173 262 1219 289 τὸν
1236 262 1426 297 κτησάμενον,
1443 262 1490 288 καὶ
1502 261 1561 293 ὄνος
1578 261 1626 297 τὴν
1646 263 1751 297 φάτνην
1768 263 1812 290 τοῦ
1834 273 1881 290 κυ-

1096 308 1154 343 ρίου
1169 308 1262 336 αὑτοῦ*
1282 308 1390 343 Ἰσραὴλ
1404 308 1430 334 δέ
1449 316 1483 343 με
1502 309 1552 334 οὐκ
1566 308 1645 343 ἔγνω,
1659 310 1706 336 καὶ
1724 313 1737 336 ὸ
1751 310 1813 342 λαός
1829 320 1880 345 μου

1094 353 1124 378 οὺ
1144 354 1271 387 συνῆκεν.
1290 361 1299 377 r
1320 353 1351 378 Εἰ
1365 352 1394 378 δὲ
1407 352 1490 387 νόμον
1503 352 1610 388 ἔχοντες
1629 354 1674 380 τὸν
1695 355 1880 389 παιδαγωγὸν.

1094 398 1140 424 ἐπὶ
1151 399 1210 429 ταῖς
1223 397 1293 424 οὕτω
1307 398 1409 429 δειναῖς
1424 398 1556 433 ἀμαθίαις
1570 400 1594 425 οι
1608 399 1663 425 τῶν
1683 400 1818 426 Ἰουδαίων
1832 401 1878 436 δῆ-

1095 453 1141 480 μοι
1163 444 1413 479 κατεγινώσκοντο,
1429 445 1470 476 τίς
1485 445 1518 471 ἂν
1536 445 1642 479 γένοιτο
1662 445 1754 471 λοιπὴν
1769 445 1848 478 λόγος
1868 446 1882 471 ὁ

1095 489 1261 524 ζητούμενος
1283 490 1346 525 περὶ
1359 490 1413 516 τῶν
1428 490 1524 521 ἐθνῶν,
1548 487 1588 521 οἷς
1603 490 1652 524 τῆς
1669 490 1799 516 πολυθέου
1813 489 1881 516 πλά-

1094 545 1142 571 νης
1169 537 1182 562 ὁ
1205 535 1289 570 βαθὺς
1320 535 1453 570 ἐνέσκηψε
1472 536 1580 568 σκότος-ς
1606 535 1688 562 Κάτω
1712 536 1766 569 γὰρ
1787 535 1881 569 ὥσπερ

1093 581 1295 612 διανενευκότες
1314 581 1356 606 ἀεὶ
1367 601 1374 612 ,
1390 581 1436 606 καὶ
1459 581 1519 611 ταῖς
1533 580 1584 614 τῆς
1607 580 1706 614 σαρκὸς
1722 579 1882 614 ἐπιθυμίαις

1094 625 1328 661 ὲνει).ημ[μ]ἐνοι,
1349 626 1417 660 μόνα
1431 626 1538 660 φρονεῖν
1549 625 1713 656 ἐσπούδαζον
1729 625 1762 651 τὰ
1774 625 1818 651 ἐπὶ
1832 625 1880 659 τῆς

1093 672 1156 706 γῆς,
1168 672 1221 698 οὐδ’
1236 672 1296 698 ὅσον
1311 673 1398 698 εἰπεῖν
1413 672 1458 698 τὸν
1470 671 1518 705 τῆς
1531 671 1649 702 διανοεας
1664 670 1802 704 ὀφθαλμὸν
1817 671 1881 696 ἁνα-

1093 719 1190 744 τείνειν
1208 717 1343 753 ἰσχύοντες
1371 718 1411 749 εἰς
1435 717 1469 744 τὰ
1492 718 1540 752 τῆς
1560 717 1698 752 φιλοϐεῖας
1720 717 1878 751 αὐχήματα.

1100 763 1238 789 Ἐντεῦθεν
1256 764 1321 798 ἡμῖν
1335 762 1536 798 ὲποιμώζοντες
1553 764 1601 788 καὶ
1621 762 1762 797 μονονουχὶ
1783 762 1879 796 κειμέ-

1093 819 1146 841 νοις
1172 809 1382 845 ὲπιδακρύοντες
1397 810 1420 835 οἱ
1443 809 1574 845 μακάριοι
1592 809 1746 844 προφῆται,
1767 808 1880 843 μυρίους

1092 856 1170 888 ὅσους
1195 856 1399 890 δεδαπανήκασι
1419 853 1524 889 λόγους.
1545 855 1573 881 '0
1597 855 1645 890 μὲν
1667 855 1720 890 γὰρ
1744 855 1880 889 μακάριος

259 901 335 936 14],
350 901 456 928 Satanae
478 901 504 928 in
527 909 577 928 nos
605 902 754 936 grassantis
778 901 914 936 oppressi,
929 901 1038 928 descen-

1100 902 1224 933 Ἡσαΐας.
1236 911 1244 927 ‹
1256 902 1429 934 Ἑπ).άτυνε,ι
1446 901 1553 936 φησὶν,«
1567 901 1581 926 ὁ
1592 901 1657 936 ᾅδης
1672 900 1720 935 τὴν
1734 900 1878 935 ψυχὴναύ-

256 943 357 973 derunt
368 946 479 979 quidem
496 946 523 972 in
540 946 677 973 infernum
691 946 796 978 miseri,
818 951 963 981 postquam
978 944 1042 971 inde

256 990 366 1018 liberati
382 995 484 1022 essent,
510 990 677 1026 deglutieute
704 996 803 1023 morte,
825 999 857 1018 ac
878 991 1042 1025 depascente

254 1036 458 1071 quodammodo
478 1045 528 1063 nos
549 1037 653 1071 peccati
680 1038 833 1065 inventore.
862 1037 955 1071 Neque
977 1044 1042 1064 vero

256 1081 360 1115 absque
372 1081 514 1116 lacrymis,
527 1087 558 1108 ut
570 1081 653 1108 modo
668 1081 735 1114 dixi,
758 1082 948 1117 hujuscemodi
968 1082 1042 1110 cala-

257 1126 362 1154 mitatis
373 1127 499 1154 meminit
513 1127 595 1154 etiam
611 1127 721 1155 divinus
741 1128 837 1155 David.
858 1128 896 1154 Ita
918 1128 993 1155 enim
1007 1128 1041 1155 de

256 1172 336 1200 nobis
352 1173 400 1204 ait,
419 1172 519 1199 alicubi
534 1173 663 1207 quidem:
682 1182 691 1198 ι
709 1172 787 1199 Sicut
800 1180 866 1200 oves
882 1172 910 1200 in
928 1172 1040 1200 inferno

255 1219 337 1253 positi
354 1223 428 1250 sunt,
450 1227 524 1246 mors
549 1219 676 1253 depascct
699 1226 748 1246 eos
765 1219 806 1251 ³¹;
828 1229 837 1244 ι
855 1219 955 1246 alicubi
976 1227 1042 1246 vero

256 1273 384 1292 rursum:
406 1265 477 1298 «Qui
496 1265 584 1300 pascis
599 1265 692 1297 Israel,
723 1266 845 1298 intende,
869 1267 915 1301 qui
927 1267 1042 1294 deducis

255 1310 330 1336 velut
339 1317 417 1336 ovem
429 1310 539 1344 Ioseph.
554 1310 604 1343 Qui
619 1311 698 1338 sedes
709 1319 791 1346 super
801 1311 961 1345 Cherubim,
982 1321 1040 1340 ma-

255 1355 399 1382 nifestare.
419 1356 515 1383 Excita
532 1358 681 1390 potentiam
703 1362 789 1390 tuam,
809 1362 836 1385 et
851 1359 924 1391 veni,
941 1363 971 1386 ut
987 1359 1040 1386 sal-

255 1407 304 1427 vos
316 1400 399 1427 facias
410 1408 460 1427 nos
474 1402 506 1427 ⁸³.
520 1411 529 1426 ι
546 1401 652 1428 Idcirco
667 1402 750 1429 etiam
767 1410 821 1430 non
839 1402 866 1429 in
876 1406 1041 1437 perpetuum

255 1445 306 1472 sub
331 1450 417 1472 morte
449 1446 608 1473 mansimus.
635 1447 707 1474 Misit
724 1448 797 1474 enim
822 1448 903 1476 nobis
915 1456 949 1475 ex
971 1449 1041 1477 caelo

254 1491 326 1517 Deus
342 1498 374 1517 ac
391 1491 472 1518 Pater
488 1496 623 1526 pastorem
634 1492 737 1519 bonum
749 1493 895 1521 Dominum
914 1498 1040 1521 nostrum

1093 947 1158 979 τοῦ,
1175 947 1222 974 καὶ
1238 948 1353 983 διήνοιξε
1374 947 1404 973 τὸ
1423 947 1509 982 στόμα
1532 947 1626 979 αὑτοῦ,
1643 947 1680 982 μὴ
1703 947 1848 973 διαλιπεῖν.
1868 955 1877 971 ι

1094 993 1129 1019 Οὔ
1145 993 1199 1028 γὰρ
1214 991 1248 1029 ἦν
1260 994 1406 1026 ἀπὸνευσις
1421 993 1468 1020 τοῦ
1484 993 1581 1020 κακοῦ·
1597 993 1725 1028 ἀφορήτῳ
1737 993 1764 1018 δὲ
1784 992 1880 1026 ὥσπερ

1093 1039 1234 1074 πλεονεξία
1252 1039 1467 1074 κατηχθισμένοι
1479 1040 1512 1074 τῇ
1531 1038 1577 1065 τοῦ
1601 1039 1662 1066 καθ’
1680 1039 1758 1074 ἡμῶν
1779 1045 1877 1073 τυραν-

1093 1083 1223 1116 νήσαντος
1248 1083 1373 1114 Σατανᾶ,
1392 1082 1553 1110 κατέϐαινον
1577 1083 1626 1117 μὲν
1650 1084 1688 1114 εἰς
1709 1083 1790 1118 ᾅδου,
1808 1082 1879 1109 κατὰ

1093 1126 1140 1162 τὴν
1156 1127 1280 1154 ἐντεῦθεν
1295 1128 1455 1164 ἀπαλλαγὴν
1471 1129 1495 1154 οἱ
1517 1128 1645 1159 δείλαιοι,
1659 1129 1755 1163 χανδὸν
1770 1128 1816 1154 τοῦ
1830 1128 1878 1154 ϐα-

1093 1173 1175 1199 νάτον
1200 1173 1412 1206 καταπίνοντος,
1432 1175 1479 1201 καὶ
1502 1175 1765 1209 καταποιμαίνοντος
1785 1174 1878 1209 ὥσπερ

1093 1219 1166 1254 ἡμᾶς
1180 1220 1219 1250 εἰς
1234 1220 1313 1246 τοῦτο
1327 1220 1376 1255 τῆς
1390 1221 1526 1256 ἁμαρτίας
1541 1221 1663 1256 εὑρετοῦ.
1678 1223 1732 1248 Καὶ
1749 1222 1814 1256 γοῦν
1828 1223 1877 1249 οὐκ

1092 1263 1223 1299 ἀδακρυτὶ
1235 1284 1242 1296 ,
1262 1265 1387 1300 καθάπερ
1401 1265 1468 1300 ἔφην
1484 1266 1600 1301 ἀρτίως,
1613 1267 1661 1301 τῆς
1680 1266 1787 1293 τοιᾶσδε
1806 1275 1877 1301 cup.-

1093 1309 1177 1343 φορᾶς
1191 1309 1356 1345 διεμέμνητο
1366 1311 1412 1337 καὶ
1426 1310 1505 1342 αὐτὸς
1518 1311 1531 1337 ὁ
1543 1311 1685 1342 θεσπέσιος
1697 1312 1789 1338 Δαϐἱδ.
1805 1313 1877 1346 ’Ἐςςη

1092 1355 1119 1381 δὲ
1143 1354 1215 1388 οὕτω
1230 1356 1294 1391 περὶ
1314 1356 1409 1392 ἡμῶν,
1431 1357 1496 1383 ποτὲ
1519 1357 1587 1392 μέν’
1612 1367 1621 1382 ι
1648 1358 1690 1389 Ὡς
1708 1358 1832 1393 πρόϐατα
1849 1358 1877 1384 ὲν

1092 1401 1143 1437 ᾄδῃ
1158 1401 1257 1432 ἔθεντο,
1276 1403 1388 1434 θάνατος
1403 1404 1530 1437 ποιμανεί
1543 1403 1640 1434 αὐτούς
1659 1413 1664 1418 ·
1685 1414 1693 1429 r
1713 1404 1756 1430 ὁτὲ
1784 1405 1811 1430 δὲ
1825 1405 1877 1430 πά-

1092 1447 1142 1473 λιν·
1159 1457 1169 1472 ι
1180 1448 1208 1473 '0
1225 1448 1375 1483 ποιμαίνων
1390 1449 1434 1474 τὴν
1455 1449 1564 1484 Ἰσραὴλ
1581 1451 1727 1484 πρόσσχες,
1742 1452 1756 1476 ὁ
1772 1451 1877 1486 ὁδηγῶν

1091 1492 1157 1519 ὡσεὶ
1172 1493 1306 1529 πρόϐατον
1323 1494 1367 1520 τὸν
1390 1493 1498 1529 Ἰωσήφ·
1518 1496 1532 1521 ό
1545 1495 1698 1530 καθήμενος
1716 1496 1761 1522 ἐπὶ
1773 1495 1808 1522 τὰ
1826 1496 1877 1522 Χε-

253 1536 349 1564 .lesum
366 1536 517 1568 Christum,
531 1545 585 1564 non
599 1537 626 1564 in
648 1538 785 1565 infernum
809 1544 968 1574 pascentem
993 1548 1038 1568 eos

1095 1539 1203 1573 ρουϐὶμ,
1222 1540 1370 1574 ἐμφάνηθι·
1387 1540 1524 1576 ὲξέγειρον
1540 1541 1589 1576 τὴν
1597 1541 1756 1568 δυναστείαν
1764 1550 1820 1574 σου,
1831 1541 1876 1568 καὶ

253 1581 302 1616 qui
317 1582 368 1609 sub
380 1582 440 1616 ipso
453 1586 528 1614 sunt,
542 1583 590 1610 sed
602 1583 635 1610 ad
648 1583 883 1619 incorruptionem
903 1593 934 1612 ac
955 1587 1038 1613 vitam

251 1627 446 1654 deducentem.
461 1627 550 1654 Pascit
564 1628 638 1654 enim
654 1638 664 1653 ‹
676 1628 747 1655 inter
762 1629 829 1661 lilia,
843 1633 870 1656 et
888 1630 914 1657 in
930 1632 1041 1665 pascuis

254 1672 344 1704 bonis,
360 1678 389 1700 et
404 1673 432 1699 in
448 1673 508 1700 loco
525 1673 631 1708 pingui,
645 1683 654 1698 ι
675 1674 747 1701 sicut
777 1675 909 1710 scriptum
941 1681 982 1704 est
997 1677 1038 1703 “2

254 1718 368 1745 herbam
382 1718 461 1745 nobis
478 1719 582 1753 praebet
602 1719 783 1754 spiritualem,
805 1722 987 1756 supernisque
1007 1731 1038 1750 ac

252 1763 411 1790 cmlestibus
422 1763 532 1791 liuentis
547 1764 675 1799 irrigans,
701 1770 729 1793 et
752 1766 886 1794 fecundos
906 1767 1037 1801 cliiciens,

253 1809 280 1835 iu
303 1809 463 1835 immensam
490 1815 620 1844 praeterea
644 1811 809 1845 populorum
832 1813 1037 1841 multitudinem

252 1854 357 1880 dilatat.
373 1854 458 1881 Porro
470 1855 561 1882 videat
584 1856 645 1890 quis
669 1856 695 1883 id
715 1857 788 1891 quod
811 1858 878 1891 dixi,
902 1859 987 1887 veluti
1009 1860 1052 1886 in'

252 1899 358 1927 umbris
371 1900 568 1935 signiﬁcantem
593 1901 717 1928 divinum
743 1902 837 1935 Jacob,
861 1911 975 1938 quaeque
1002 1904 1037 1932 de

251 1952 284 1971 eo
300 1945 402 1980 scripta
414 1950 490 1977 sunt,
503 1949 532 1972 et
545 1946 619 1980 quod
638 1947 665 1974 in
692 1947 805 1974 historia
823 1948 968 1976 obscurius
993 1949 1034 1976 vi-

251 1990 373 2023 debitur,
384 1991 473 2025 quoad
491 1992 551 2026 ejus
564 1991 622 2019 ﬁeri
635 1993 746 2027 poterit,
765 1994 974 2028 explicabimus.
996 1995 1035 2023 Ita

239 2035 336 2070 igitur
354 2036 486 2070 scriptum
498 2040 556 2063 est:
571 2046 579 2061 ι
595 2037 706 2064 Factum
718 2042 760 2064 est
770 2041 862 2064 autem
876 2042 905 2064 ut
927 2039 1037 2073 peperit

250 2082 351 2110 Rachel
367 2082 479 2116 Ioseph,
497 2082 566 2110 dixit
577 2083 661 2110 Iacob
675 2083 708 2109 ad
727 2083 835 2110 Laban:
850 2084 962 2111 Dimitte
979 2093 1032 2118 me,

250 2131 282 2153 u‘t
295 2130 417 2153 revertar
432 2127 459 2153 in
487 2126 576 2154 locum
603 2134 694 2154 meum
717 2132 744 2154 et
766 2127 793 2154 in
810 2134 912 2155 terram
934 2137 1032 2156 meam.

250 2171 344 2199 Redde
364 2171 430 2198 mihi
451 2179 549 2199 uxores
565 2180 640 2200 meas
659 2177 686 2199 et
705 2172 775 2200 ﬁlios
798 2181 884 2206 mcos,
903 2182 953 2208 pro
970 2174 1034 2209 qui~

1092 1584 1151 1610 ὲλῡὲ
1174 1586 1213 1616 εἰς
1232 1584 1262 1610 τὸ
1279 1585 1364 1611 σῶσαι
1391 1586 1474 1620 ἡμᾶς.
1495 1595 1502 1611 ι
1526 1585 1660 1622 Ταύτῃτοι
1678 1587 1725 1613 καὶ
1738 1587 1768 1613 οὐ
1795 1587 1875 1622 μέχρι

1091 1630 1191 1661 παντὸς
1208 1630 1260 1656 ὑπὸ
1279 1630 1317 1665 τῷ
1331 1631 1438 1666 θανάτῳ
1455 1632 1659 1666 μεμενήκαμεν.
1677 1632 1808 1666 Πέπομφε
1822 1632 1877 1668 γὰρ

1091 1676 1156 1710 ἡμῖν
1173 1675 1202 1708 ἐξ
1214 1676 1328 1710 οὐρανοῦ
1343 1678 1356 1703 ὁ
1368 1677 1434 1708 Θεὸς
1451 1678 1496 1703 καὶ
1506 1670 1601 1713 Πατῆρ
1615 1679 1732 1713 ποιμένα
1749 1678 1794 1705 τὸν
1811 1680 1876 1713 ἁγα-

1091 1721 1135 1748 ωλν
1148 1721 1248 1757 Κύριον
1267 1722 1345 1757 ἡμῶν
1365 1723 1467 1757 Ἰησοῦν
1479 1724 1607 1758 Χριστόν·
1619 1725 1668 1751 οὐκ
1684 1725 1724 1756 εἰς
1739 1724 1802 1760 ᾅδου
1821 1734 1876 1752 ποι-

1091 1767 1220 1802 μαίνοντα
1231 1769 1295 1800 τοὺς
1309 1768 1355 1794 ὐπ’
1371 1769 1451 1795 αὑτὸν
1463 1769 1634 1804 γενομένους,
1648 1769 1705 1800 ἀλλ’
1719 1771 1759 1802 εἰς
1771 1770 1875 1806 ἀφθαίμ

1090 1813 1149 1840 clm
1177 1813 1224 1840 καὶ
1247 1813 1318 1849 ζωὴν
1342 1814 1523 1849 ἀποφέροντα.
1551 1815 1705 1850 Κατανέμει
1731 1816 1782 1851 γὰρ
1809 1825 1818 1842 ι
1844 1816 1873 1842 ὲν

1088 1860 1202 1894 κρίνοις,
1223 1859 1270 1885 καὶ
1290 1861 1318 1886 ὲν
1333 1861 1402 1894 νομῇ
1419 1860 1507 1895 ἀγαθῇ
1521 1881 1527 1892 ,
1551 1860 1598 1886 καὶ
1619 1861 1648 1886 ὲν
1669 1861 1743 1895 τόπῳ
1759 1861 1840 1893 πίονι,
1861 1871 1870 1886 ι

1088 1905 1158 1932 κατὰ
1181 1906 1211 1931 τὸ
1237 1907 1439 1941 γεγραμμένον·
1466 1907 1535 1932 πόαν
1555 1907 1619 1941 ἡμῖν
1641 1907 1804 1942 παρατιθεὶς
1824 1907 1874 1943 τὴν

1087 1951 1285 1986 πνευματικὴν,
1301 1952 1346 1978 καὶ
1360 1953 1415 1984 τοῖς
1436 1952 1540 1979 ἄνωθεν
1555 1952 1641 1985 uati-:5
1658 1952 1772 1988 ούρανοῦ
1787 1962 1874 1980 κατα-

1088 1998 1231 2032 μεθύσκων
1254 1998 1376 2032 νάμασι,
1394 1998 1441 2024 καὶ
1464 1998 1621 2033 ἑγκάρπους
1644 1998 1799 2031 ἀποτελῶν,
1825 2000 1873 2026 καὶ

1086 2043 1154 2078 πρός
1173 2052 1204 2077 γε
1218 2043 1249 2078 δὴ
1273 2043 1387 2075 τούτοις,
1403 2044 1442 2075 εἰς
1466 2043 1572 2079 πληθὺν
1596 2044 1750 2079 ἀμέτρητον
1773 2054 1872 2072 κατευ-

1087 2090 1160 2126 ρύνει
1175 2089 1256 2116 λαῶν.
1273 2090 1328 2116 Καί
1345 2099 1390 2124 μοι
1405 2090 1485 2117 πάλιν
1501 2090 1539 2122 ὡς
1561 2091 1589 2117 ἐν
1605 2092 1695 2122 σκιαῖς
1710 2092 1812 2118 κατίδοι
1827 2101 1869 2124 τις

1085 2135 1136 2166 ἂν.
1151 2136 1218 2170 ὅπερ
1240 2135 1318 2170 ἔφην,
1336 2135 1383 2161 τὸν
1404 2135 1549 2162 θεσπέσιον
1572 2134 1668 2162 Ἰακὼὸ
1680 2158 1687 2169 ,
1707 2137 1754 2163 καὶ
1770 2137 1804 2163 τὰ
1827 2137 1871 2163 ἐπ’

1084 2181 1158 2217 αὐτῷ
1174 2181 1353 2217 γεγραμμένα
1377 2182 1572 2217 παρατιθέντος
1592 2182 1637 2209 τοῦ
1658 2183 1749 2217 λόγου,
1763 2183 1809 2210 καὶ
1821 2185 1871 2220 τῆς

250 2216 303 2244 bus
319 2217 417 2244 servivi
432 2217 491 2249 tibi,
507 2222 537 2244 ut
551 2217 657 2244 abeam.
676 2217 716 2245 'I‘u
731 2218 804 2245 enim
841 2219 893 2246 scis
914 2220 1034 2247 servitu—

1089 2228 1207 2264 ἱστορίας
1222 2228 1251 2254 τὸ
1265 2227 1359 2254 δοκοῦν
1371 2225 1441 2254 εἶναί
1456 2237 1514 2260 πως
1535 2229 1694 2264 ἁσυμφανὲς
1711 2228 1749 2260 ὡς
1770 2230 1810 2256 ἔνι
1821 2238 1871 2256 κα-

250 2267 306 2290 tem
320 2270 401 2297 quam
417 2262 517 2289 servivi
531 2262 592 2295 tibi,
605 2268 633 2290 et
648 2267 752 2298 quanta
775 2267 853 2291 erant
874 2272 973 2299 pecora
988 2269 1034 2293 tua

251 2307 467 2335 utecum.Parva
492 2308 564 2334 enim
588 2313 667 2336 erant
695 2317 865 2344 quaecunque
888 2310 938 2337 tibi
954 2315 1032 2338 erant

247 2361 343 2381 coram
363 2361 417 2385 me,
431 2357 459 2380 et
471 2358 550 2381 aucta
567 2359 631 2381 sunt
655 2354 681 2381 in
706 2355 927 2384 multitudinem:
944 2361 972 2384 et
986 2357 1034 2385 be-

249 2397 354 2425 nedixit
365 2397 532 2424 teDominus
545 2397 572 2424 in
590 2397 660 2432 pede
677 2406 747 2426 meo.
765 2399 845 2426 Nunc
858 2407 923 2435 ergo
944 2408 1032 2435 quan-

247 2441 284 2469 do
310 2441 408 2469 t‘aeiam
420 2446 507 2477 etego
527 2442 594 2468 mihi
616 2443 667 2477 ipsi
678 2442 809 2470 domum?
831 2443 865 2470 Et
891 2443 961 2471 dixit
980 2444 1032 2471 La-

248 2487 301 2515 ban
318 2487 371 2514 illi:
389 2486 459 2520 Quid
471 2487 541 2514 dabo
559 2487 630 2514 tibi?
644 2487 689 2515 Ait
701 2492 791 2515 autem
805 2488 843 2515 illi
859 2488 958 2516 Jacob:
970 2489 1030 2516 Non

246 2533 326 2560 dabis
338 2533 405 2559 mihi
419 2532 578 2568 quidquam.
592 2532 619 2560 Si
629 2533 729 2561 feceris
747 2534 814 2561 mihi
835 2535 949 2561 verbum
966 2535 1028 2567 hoc,

247 2579 350 2606 iterum
369 2586 484 2612 pascam
498 2585 562 2605 oves
577 2582 647 2610 tuas,
661 2583 690 2606 et
699 2579 862 2606 custodiam.
878 2579 1030 2607 Transeant

246 2631 342 2651 omnes
351 2631 417 2650 Oves
430 2628 482 2650 tum
495 2623 587 2655 hodie,
603 2628 630 2651 et
641 2632 737 2659 separa
749 2624 812 2652 inde
833 2632 941 2652 omnem
951 2633 1029 2653 ovem

246 2669 331 2696 variis
344 2669 459 2696 maculis
472 2669 641 2702 distinctam,
655 2674 683 2697 et
702 2678 812 2698 omnem
833 2679 911 2698 ovem
926 2671 1030 2700 fuscam

246 2716 273 2743 in
285 2715 373 2750 agnis,
388 2720 416 2742 et
426 2723 506 2742 omne
532 2715 676 2743 subalbum
694 2721 722 2743 et
749 2724 873 2752 sparsum
895 2717 923 2744 in
940 2719 1032 2752 capris

243 2761 377 2788 eritmihi
398 2768 513 2794 merces,
536 2765 564 2788 et
580 2761 708 2789 exaudiet
732 2771 775 2790 me
794 2763 899 2798 justitia
919 2772 979 2791 mea
1002 2764 1028 2791 in

279 2862 301 2876 "‘
318 2861 368 2888 Isa,
391 2870 410 2895 I,
431 2863 457 2889 5.
505 2863 528 2878 ⁹⁰
544 2862 594 2889 lsa.
616 2872 641 2896 ν,
657 2863 700 2889 9.3.
739 2864 758 2879 θ’
776 2864 847 2890 Psal.
866 2860 959 2895 XLVIII,
977 2865 1016 2892 l5.

1085 2273 1315 2311 ταλευκαίνοντος.
1331 2272 1489 2308 Γέγραπται
1497 2273 1586 2299 τοίνυν
1601 2273 1658 2299 ὡδί·
1672 2283 1681 2299 ε
1694 2273 1869 2307 Ἐγένετοδὲ,

1084 2319 1122 2350 ὡς
1139 2318 1216 2345 ἔτεκε
1237 2318 1337 2352 Ῥαχὴλ
1356 2318 1401 2344 τὸν
1425 2318 1539 2353 Ἰωσὴφ,
1552 2317 1628 2345 εἶπεν
1649 2318 1745 2345 Ἰακὼό
1759 2319 1798 2354 τῷ
1814 2319 1871 2346 Λά-

1085 2364 1145 2391 ϐαν·
1165 2363 1339 2392 Ἀπόστειλον
1355 2372 1388 2399 με
1408 2364 1452 2391 ἵνα
1464 2363 1573 2391 ἀπέλθω
1590 2365 1630 2396 εις
1643 2365 1688 2391 τδν
1702 2365 1784 2391 τόπον
1807 2374 1869 2400 μου.

1085 2411 1131 2437 καὶ
1146 2411 1185 2442 εις
1197 2409 1247 2446 τὴν
1263 2409 1314 2445 γῆν
1330 2418 1392 2444 μου·
1408 2410 1507 2441 ἀπόδος
1529 2418 1573 2445 μοι
1592 2410 1640 2442 τὰς
1655 2411 1787 2445 γυναῖκάς
1807 2420 1868 2446 μου,

1084 2457 1132 2483 καὶ
1156 2455 1190 2482 τὰ
1214 2455 1306 2482 παιδία
1332 2464 1401 2490 μου,
1423 2456 1487 2490 περὶ
1510 2452 1548 2482 ὦν
1566 2456 1727 2483 δεδούλευκά
1745 2465 1802 2488 σοι,
1826 2457 1868 2484 ἶνα

1083 2501 1202 2528 ἀπέλθω.
1227 2501 1263 2528 Σὺ
1283 2501 1337 2536 γὰρ
1353 2501 1500 2535 γινώσκεις
1513 2501 1562 2537 τὴν
1581 2502 1712 2535 δουλείαν,
1727 2503 1760 2538 ἣν
1776 2503 1869 2530 δεδού-

1083 2547 1167 2573 λευκά
1183 2555 1233 2573 σοι’
1250 2547 1297 2572 καὶ
1318 2547 1366 2572 ὅσα
1381 2544 1415 2581 ἦν
1433 2547 1517 2582 κτήνη
1535 2555 1581 2574 σου
1600 2548 1657 2582 μετ’
1674 2548 1752 2583 ἐμοῦ.
1773 2549 1868 2584 Μικρὰ

1083 2591 1136 2626 γὰρ
1155 2589 1189 2626 ἦν
1209 2591 1259 2618 ὅσα
1277 2599 1318 2617 σοι
1339 2588 1373 2626 ἦν
1395 2591 1515 2618 ἐναντίον
1538 2600 1608 2626 μου,
1630 2593 1676 2618 καὶ
1698 2593 1803 2629 ηὐξήθη
1829 2595 1868 2626 εἰς

1082 2637 1194 2672 πλῆθος.
1219 2637 1274 2663 Καὶ
1293 2636 1428 2672 ηὺλόγησὲ
1444 2645 1474 2662 σε
1494 2636 1595 2672 Κύριος
1609 2637 1655 2664 ὲπὶ
1671 2638 1709 2672 τῷ
1726 2639 1785 2665 ποδί
1804 2648 1866 2674 μου.

1081 2682 1138 2709 Νῦν
1157 2680 1202 2709 οὖν
1219 2682 1282 2709 ποτε
1309 2683 1415 2717 ποιήσω
1437 2681 1514 2716 κάγὼ
1530 2682 1639 2718 ἐμαυτῴ
1659 2681 1745 2715 οἶκον;
1759 2685 1813 2711 Καὶ
1829 2683 1868 2711 εἷ-

1082 2737 1132 2755 πεν
1145 2728 1219 2763 αὑτῷ
1236 2728 1338 2755 Λάϐαν·
1355 2728 1386 2754 ΤΞ
1399 2737 1439 2754 σοι
1456 2728 1548 2759 ὀὼσως
1564 2729 1618 2754 Καὶ
1635 2728 1710 2755 εἶπεν
1723 2730 1798 2765 αὐτῷ
1817 2731 1867 2757 Ἰα-

1082 2774 1154 2801 κώὸσ
1176 2775 1212 2801 υὺ
1239 2773 1333 2805 δώσεις
1360 2783 1404 2809 μοι
1429 2774 1516 2800 οὐδέν.
1544 2774 1608 2801 Ἐὰν
1632 2776 1748 2812 ποιήσῃς
1770 2785 1816 2810 μοι
1837 2775 1866 2802 τὸ

1067 2866 1089 2881 ⁰¹
1101 2866 1171 2892 l’sal.
1183 2873 1272 2896 LXXIX,
1287 2865 1313 2896 “2,
1329 2865 1354 2891 5.
1419 2866 1441 2881 θ’
1452 2865 1530 2893 Cant.
1547 2875 1576 2900 II,
1595 2867 1643 2899 l6;
1661 2867 1730 2895 Psal.
1758 2877 1821 2900 xxxi,
1835 2869 1863 2896 ‘2.
