1990 3050
208 135 261 163 Ecl

719 127 747 155 s.
769 127 907 155 CYRlLLl
926 104 1163 158 ALEXAnnmm
1183 123 1345 153 ARCHIEP.

1787 122 1841 150 ΞΜ

209 189 289 217 Patre
301 195 353 225 per
369 188 574 217 multitudinem
591 187 669 222 panis
686 194 718 214 ac
732 187 789 214 vini
808 196 814 214 :
828 187 878 222 ipsi
895 187 996 214 servie-

1058 185 1154 222 ιατρδς
1165 186 1209 212 διὰ
1224 185 1342 221 πλήθους
1359 184 1432 211 σίτου
1449 185 1496 211 καὶ
1511 183 1590 210 οἴνου.
1611 183 1690 219 Αὐτῷ
1704 183 1842 211 δεδουλεύ-

209 240 274 263 mnt
285 239 391 270 gentes,
401 239 430 262 ct
440 235 625 262 adoraverunt
641 234 795 269 principes,
815 238 843 260 et
860 243 868 259 ι
884 233 998 260 maledi-

210 289 275 309 eens
296 282 321 308 ei
341 285 383 309 est
403 281 584 313 maledictus,
610 280 777 308 benedicens
799 287 864 307 vero
887 278 1002 306 benedi-

211 332 273 355 ctus
301 328 341 356 ".
370 337 380 354 ›
408 329 485 364 juxta
515 326 737 355 benedictionem
760 326 850 353 ‘lsaac.
879 325 941 360 Ipse
968 325 1001 352 ad

211 374 420 402 similitudinem
439 374 523 402 Iacob
543 374 628 401 veluti
650 377 794 408 paternam
816 371 927 399 domum
940 375 1003 398 tan-

214 426 273 448 tum
293 429 349 448 non
364 421 495 448 deserens
521 421 620 448 malum
639 420 672 446 ad
695 418 788 446 Laban
818 425 847 445 se
876 418 1002 450 contulit,

211 467 259 502 qui
289 467 392 494 mundo
418 466 620 501 comparandus
649 469 692 492 est
717 463 849 491 nescienti
874 464 936 499 quis
958 471 1004 490 es-

212 516 253 540 set
279 513 442 540 naturalitcr
463 512 552 544 Deus;
580 515 608 538 et
629 510 722 546 potius
751 510 932 537 vehementer
958 517 1004 536 er—

214 567 275 586 rore
310 559 344 587 de
373 559 528 594 pluralitate
556 558 672 584 deorum
706 556 853 584 laboranti.
886 555 1004 583 Idolola-

213 610 254 632 tra
272 605 347 631 enim
369 606 453 631 etiam
474 608 534 630 erat
555 603 658 630 Laban.
685 602 817 637 Proprias
840 602 924 637 igitur
946 606 1006 629 erat

212 650 295 677 etiam
322 649 441 676 mundus
473 648 587 679 Christi,
615 652 748 682 quantum
772 647 934 674 naturaliter
963 647 1007 673 in-

213 695 344 730 telligitur
368 695 451 726 Deus,
471 698 499 722 et
523 694 608 721 totius
624 694 745 721 universi
767 693 900 720 Dominus
924 699 1006 727 atque

213 740 312 774 opifex.
326 740 385 766 Non
408 740 537 774 proprius
551 743 641 766 autem
658 747 755 766 rursus
766 739 801 766 ob
813 739 1006 779 defectionem,

213 784 310 819 ctquia
321 784 430 812 videtur
440 784 555 811 alterius
565 791 624 811 esse
635 783 722 811 factus
731 788 843 818 propter
853 788 1006 819 peceatum.

214 830 344 857 Satanam
369 831 443 858 enim
471 837 563 865 regem
584 829 712 857 habebat.
738 830 886 857 Descendit
917 830 1007 864 itaque

215 876 334 902 Verbum
357 883 372 902 e
393 875 478 908 coelo,
495 879 607 910 paterna
629 875 832 910 quodammodo
853 875 935 902 domo
963 883 1007 902 re~
1023 866 1044 895 Β

215 921 278 948 licta
292 922 355 957 (hoc
372 922 446 949 enim
475 922 556 949 modo
569 921 648 958 dixi),
670 926 785 957 eratque
807 921 892 949 veluti
907 922 1007 957 hospes

216 967 243 993 in
257 967 366 1002 proprio
383 975 414 994 ac
433 975 483 994 suo
499 968 618 1000 mundo,
630 967 702 1002 quod
719 972 746 994 et
767 968 875 1003 sapiens
889 968 1007 995 Joannes

217 1012 369 1043 testabitur,
383 1012 478 1039 dicens
492 1021 498 1038 :
517 1022 525 1038 ι
540 1013 569 1039 ln
587 1013 690 1040 mundo
704 1016 774 1044 erat,
787 1017 815 1040 et
827 1012 946 1040 mundus
957 1021 1007 1047 per

216 1059 305 1094 ipsum
318 1059 405 1086 factus
418 1063 470 1092 est,
488 1063 516 1086 et
527 1059 646 1087 mundus
656 1067 719 1087 eum
732 1067 786 1086 non
802 1059 929 1094 cognovit
940 1060 973 1086 ⁹⁷.
994 1069 1003 1085 ι

217 1104 269 1132 Sed
283 1105 341 1132 haec
352 1105 467 1131 fortasse
485 1105 649 1132 conveniant
661 1105 748 1140 ipsius
755 1105 890 1132 adventus
903 1109 1008 1139 tempo-

216 1150 302 1177 ribus.
317 1149 395 1183 Quod
405 1157 471 1177 vero
487 1151 570 1178 etiam
594 1156 658 1178 ante
670 1150 886 1177 incarnationem
899 1150 927 1176 in
942 1157 1007 1185 pro-

217 1195 285 1230 priis
298 1199 368 1228 erat,
389 1200 420 1222 ut
433 1196 506 1223 Deus
523 1205 529 1222 :
548 1196 658 1231 ignotus
675 1200 767 1223 autem
786 1196 899 1228 mundo,
920 1196 1007 1223 nostri

216 1247 310 1266 curam
333 1240 462 1267 habuerit
473 1248 507 1267 ex
523 1240 616 1268 innata
641 1240 693 1276 ipsi
709 1241 843 1274 bonitate,
861 1241 1008 1276 divinaque

217 1286 394 1321 benignitate,
409 1286 493 1314 Jacob
506 1286 532 1313 in
541 1294 570 1314 se
583 1287 667 1314 veluti
678 1287 705 1314 in
714 1291 778 1323 typo
788 1288 868 1315 nobis
877 1287 1007 1315 declarat.

217 1331 295 1359 Pavit
315 1331 388 1358 enim
405 1339 471 1359 oves
499 1332 609 1364 Laban,
633 1333 737 1360 nullam
758 1334 871 1361 omnino
887 1334 921 1360 a‘b
949 1334 1009 1368 ipso

218 1378 373 1407 mercedem
385 1378 539 1413 accipiens,
555 1386 602 1413 spe
615 1387 680 1406 vero
691 1379 749 1406 sola
769 1379 804 1406 ad
812 1380 864 1407 hoc
875 1379 1010 1407 adductus

217 1426 290 1461 quod
303 1426 409 1453 duabus
420 1427 479 1461 ejus
493 1424 602 1453 filiabus
621 1425 809 1460 conjugandus
828 1430 910 1458 esset,
928 1429 955 1452 et
972 1426 1010 1453 le-

218 1472 376 1507 gitimorum
391 1471 510 1499 ﬁliorum
538 1475 616 1506 pater
637 1470 827 1499 declarandus.
842 1471 891 1498 Lia
917 1476 1009 1499 autem

217 1521 296 1545 erant
309 1521 337 1544 et
349 1517 461 1544 Rachel.
474 1517 548 1544 Deus
563 1517 637 1544 enim
653 1517 786 1545 exsistens
798 1517 949 1545 secundum
959 1525 1009 1545 na-
1022 1536 1045 1565 ε

221 1566 312 1591 turam
329 1563 414 1591 Filius
427 1564 455 1590 in
475 1563 579 1590 mundo
594 1568 656 1591 erat
674 1564 739 1599 (hoc
747 1564 821 1591 enim
834 1569 876 1592 est
893 1564 1007 1600 Laban),

218 1614 246 1637 et
265 1610 339 1644 pavit
349 1610 566 1644 quodammodo,
580 1610 742 1645 impartiens
763 1615 793 1638 ut
806 1611 879 1638 Deus
898 1610 959 1645 quaé
975 1611 1009 1638 ad

219 1655 303 1682 vitam
318 1654 522 1682 sustentandam
540 1659 605 1682 sunt
632 1655 798 1688 necessaria,
821 1649 928 1683 don‘ans
950 1655 1009 1682 fru-

220 1705 282 1728 ctus
294 1704 385 1733 terrm,
399 1701 530 1728 emittens
544 1701 633 1728 fontes
645 1709 790 1736 aquarum,
817 1705 846 1729 et
866 1701 1010 1728 ﬂuminum

220 1753 327 1778 cursus,
348 1755 356 1771 ι
383 1746 468 1773 solem
488 1754 569 1773 suum
586 1746 654 1773 oriri
674 1746 789 1779 faciens,
809 1756 818 1772 ›
847 1747 919 1774 sicut
942 1747 1009 1774 scri-

221 1794 296 1826 ptum
313 1795 355 1818 est
366 1791 400 1823 ⁸⁸,
425 1790 634 1826 lM'pluvias
655 1791 812 1823 demittens,
842 1792 941 1819 indcns
957 1790 1014 1819 hu-‘

220 1843 309 1863 mana:
324 1840 430 1863 natura:
447 1835 567 1863 innatam
591 1836 775 1870 prudentiam.
801 1837 860 1871 Ipse
880 1837 953 1864 enim
970 1841 1011 1864 est

220 1889 315 1910 verum
340 1882 443 1914 lumen,
459 1891 468 1907 ί
482 1881 556 1917 quod
580 1882 717 1910 illuminat
737 1890 846 1910 omnem
872 1882 1011 1910 hominem

222 1927 379 1956 venientem
407 1928 436 1955 in
456 1928 590 1955 mundum
606 1929 639 1956 ".
657 1939 665 1955 I
686 1929 811 1964 Implevit
835 1933 927 1956 autem
954 1929 1012 1957 haec

221 1973 313 2000 omnia
332 1977 443 2008 propter
456 1973 553 2006 solam,
568 1978 598 2001 ut
611 1974 677 2006 dixi,
690 1974 810 2001 innatam
823 1974 874 2009 ipsi
886 1975 1011 2010 benigni-

222 2023 304 2047 tatem
316 2038 324 2051 ,
344 2023 372 2046 et
387 2019 541 2047 mercedem
555 2019 665 2054 quidem
684 2021 787 2047 nullam
808 2020 843 2047 ab
863 2021 896 2048 iis
913 2021 960 2056 qui
985 2022 1011 2049 in

221 2064 324 2092 tnundo
346 2069 411 2092 sunt
432 2065 587 2100 accipiens,
609 2072 664 2092 non
686 2065 912 2099 glorificationem
927 2087 935 2099 ,
957 2075 1011 2094 non

221 2110 424 2143 adorationem,
449 2119 504 2138 non
527 2115 630 2138 rectam
645 2111 816 2146 opinionem,
840 2116 888 2139 aut
909 2113 1013 2140 erroris

220 2160 361 2190 expertem
384 2155 419 2183 de
434 2163 467 2183 eo
489 2156 672 2189 sententiam;
690 2157 837 2191 praesciens
855 2166 920 2185 vero
939 2159 1011 2194 quod

222 2202 291 2229 duas
307 2209 436 2230 successu
448 2202 578 2237 temporis
589 2210 688 2229 uxores
699 2206 772 2230 esset
787 2203 941 2237 habiturus,
953 2213 1014 2240 qua:

223 2247 273 2281 ipsi
302 2247 485 2282 legitimorum
503 2247 622 2274 ﬁliorum
645 2252 748 2275 matres
773 2253 866 2277 essent
891 2249 1008 2283 futura),

223 2293 403 2328 spiritualiter
426 2293 575 2328 parientes.
598 2292 728 2326 Quaenam
759 2302 826 2321 vero
849 2295 910 2322 hic?
932 2296 1010 2324 Prior

219 2337 336 2373 quidem
355 2342 419 2365 natu
442 2337 581 2373 grandior,
602 2338 654 2365 hoc
668 2342 720 2370 est,
737 2339 796 2372 Lia,
818 2345 910 2376 typum
927 2341 1011 2377 Syna-

223 2390 299 2418 εοεαε
313 2383 469 2410 Iudaeorum
487 2391 542 2418 prae
566 2391 596 2411 se
615 2383 677 2411 fert.
700 2384 790 2412 Altera
800 2394 875 2419 vero,
891 2387 943 2414 hoc
956 2393 1009 2420 est,

223 2429 342 2456 secunda
366 2433 447 2464 atque
470 2429 543 2456 illam
564 2433 686 2464 tempore
708 2431 863 2464 subsecuta,
889 2433 1011 2468 impense

223 2478 321 2505 amata,
335 2474 429 2509 junior
440 2478 482 2501 est
494 2474 605 2506 Rachel,
619 2475 673 2502 hoc
683 2479 734 2508 est,
747 2475 869 2504 Ecclesia
880 2486 913 2504 cx
922 2478 1011 2513 genti-

224 2519 284 2551 bus,
296 2527 357 2554 quze
368 2519 451 2547 etiam
475 2520 583 2555 peperit
601 2521 713 2556 Joseph,
737 2522 784 2556 qui
802 2523 1010 2558 interpretatur,

223 2565 322 2592 additio
349 2564 408 2592 Dei.
432 2565 548 2593 Additus
569 2567 643 2594 enim
661 2572 703 2595 est
727 2567 857 2596 lsraelitis
888 2570 1011 2605 gentium

223 2617 298 2646 grex.
313 2609 476 2645 intelligitur
493 2618 560 2638 vero
574 2611 656 2639 etiam
675 2612 754 2640 aliter
774 2613 946 2642 credentium
963 2623 1012 2651 per

224 2661 331 2691 tempus
342 2656 498 2689 additione,
513 2657 540 2684 in
559 2657 718 2685 immensam
733 2659 938 2688 multitudinem
949 2669 1010 2689 cre—

224 2703 304 2730 visse.
315 2703 450 2731 Cancrum
467 2703 654 2731 animadverte
671 2705 1008 2742 rationem,juveritenim

224 2748 401 2775 vehementer
423 2748 521 2776 horum
547 2754 642 2777 exacta
667 2751 795 2785 cognitio.
822 2752 932 2787 Peperit
961 2753 1008 2781 Lia

259 2838 283 2853 ”
295 2838 361 2865 Gen.
379 2847 459 2872 xxv",
483 2840 527 2868 29.
579 2842 600 2857 ’⁷
618 2842 696 2869 Joan.
711 2851 729 2874 ι,
749 2842 790 2869 10.

839 2843 861 2859 ν⁸
879 2845 974 2874 llattlz.
990 2854 1020 2880 γ,

1053 241 1130 258 κασιν
1143 232 1218 267 ἔθνη,
1234 232 1281 258 καί
1294 231 1550 266 προσκεκυνήκασιν
1568 230 1707 265 ἄρχοντες.
1727 238 1736 255 ι
1754 230 1809 257 Καὶ
1829 231 1843 256 ὸ

1051 278 1247 313 καταρώμενος
1259 276 1341 303 αὐτὸν
1361 277 1576 311 ἐπικατάρατος·
1592 277 1606 302 ό
1620 276 1648 302 δέ
1663 275 1781 310 εὐλογῶν
1796 276 1842 302 εὑ-

1051 324 1217 359 ).ογημένος,
1243 332 1253 349 ι
1274 322 1346 349 κατὰ
1368 322 1417 358 τὴν
1440 321 1567 354 εὐλογίαν
1591 322 1693 348 Ἰσαάκ.
1722 322 1808 353 Αὐτὸς
1829 323 1843 349 ό

1052 370 1114 396 καθ’
1134 370 1281 404 ὁμοιότητα
1295 369 1345 404 τὴν
1372 368 1470 394 Ἰακὼϐ
1485 368 1611 403 καθάπερ
1631 367 1692 394 τινὰ
1712 367 1842 403 πατρῴαν

1053 416 1147 442 ἑστίαν
1164 416 1305 451 μονονουχὶ
1318 414 1504 446 ἀπολελοιπὼς
1515 415 1561 441 τὸν
1577 414 1702 450 οὐρανὸν,
1715 414 1762 440 καὶ
1775 413 1843 449 πρὸς

1053 462 1146 490 Λὰὃαν
1159 462 1319 497 ἀφιγμένος.
1331 461 1360 487 ὃν
1370 460 1409 496 τῷ
1423 461 1518 496 κόσμῳ
1527 454 1739 495 παρεικαστέον,
1752 460 1790 495 τῷ
1806 460 1843 494 μὴ

1053 508 1136 534 είδότι
1162 507 1227 533 ποτὲ
1252 507 1294 538 τίς
1314 507 1328 533 ὁ
1353 505 1433 541 φύσει
1455 506 1531 538 Θεὸς,
1556 505 1797 541 κατηρῤωστηκότι
1816 504 1844 530 δὲ

1054 553 1149 588 ὥσπερ
1168 553 1237 587 ἄγαν
1257 552 1306 587 τὴν
1331 551 1461 578 πολύθεον
1482 552 1624 587 πλάνησιν·
1651 550 1844 586 εἰδωλολάτρης

1055 599 1110 634 γὰρ
1123 599 1170 625 καὶ
1183 600 1197 625 ὁ
1212 598 1315 625 Λάὸαν.
1336 598 1415 629 Ἴδιος
1439 598 1488 633 μὲν
1501 595 1546 624 οὖν
1562 599 1609 624 καὶ
1625 598 1640 624 ὁ
1662 597 1761 631 κόσμος
1778 597 1845 632 Χρι-

1057 644 1130 677 στοῦ,
1148 645 1213 671 καθὸ
1224 645 1271 670 καὶ
1282 645 1363 678 φύσει
1377 645 1478 670 νοεῖται
1491 643 1566 675 Θεὸς,
1580 643 1628 669 καὶ
1638 642 1692 669 τῶν
1703 642 1772 669 ὅλων
1787 641 1844 668 Κύ-

1057 700 1114 726 ριος
1138 692 1185 717 καὶ
1209 690 1386 726 δημιουργὸς,
1408 692 1459 717 οὐκ
1489 691 1554 722 ἴδιος
1582 690 1610 716 δὲ
1632 690 1713 716 πάλιν
1733 689 1777 716 διὰ
1796 689 1846 723 τὴν

1059 737 1220 770 ἀπόστασιν,
1240 738 1286 763 καὶ
1302 737 1332 763 τὸ
1350 737 1401 772 ἤδη
1420 746 1478 769 πως
1499 737 1586 763 δοκεῖν
1608 737 1700 772 ἐτέρου
1719 735 1846 770 γενέσθαι

1057 783 1102 810 διὰ
1123 783 1173 818 τὴν
1198 782 1346 818 ἁμαρτίαν.
1375 782 1563 818 Ἐπεγράφετο
1586 783 1639 818 γὰρ
1664 782 1776 818 βασιλέα
1801 781 1847 808 τὸν

1060 822 1190 856 Σατανᾶν.
1209 827 1313 856 Οὐκοῦν
1327 828 1516 862 καταΰέὸηκεν
1534 829 1549 854 ὁ
1568 828 1653 863 Λόγος
1669 827 1698 860 ἐξ
1713 826 1828 863 οὐρανοῦ
1839 847 1846 859 ,

1058 877 1106 912 τὴν
1129 874 1257 910 πατρῴαν
1285 873 1378 909 ὥσπερ
1403 873 1604 905 καταλελοιπὼς
1628 874 1731 900 ἑστίαν.
1763 873 1849 900 Τοῦτο

1057 921 1112 957 γὰρ
1124 921 1191 956 ἔφην
1202 920 1313 956 ἀρτίως.
1328 919 1382 946 Καὶ
1395 917 1429 955 ἦν
1443 920 1479 950 ὡς
1492 919 1565 952 ξένος
1580 920 1608 945 ἐν
1621 919 1677 954 ἰδίῳ
1689 918 1727 954 τῷ
1741 919 1845 954 κόσμῳ.

1058 967 1111 994 Καὶ
1128 967 1300 1003 μαρτυρήσει
1314 965 1399 1000 λέγων
1416 967 1430 992 ὁ
1444 965 1525 998 σοφὸς
1547 965 1689 1000 Ἰωάννης·
1714 974 1722 990 ι
1749 964 1794 992 Ἑν
1808 965 1847 998 τῷ

1058 1014 1152 1048 κόσμῳ
1173 1011 1223 1048 ἦν,
1245 1012 1293 1039 καὶ
1315 1013 1329 1038 ὁ
1350 1012 1451 1046 κόσμος
1466 1011 1499 1038 δι’
1519 1011 1600 1038 αὑτοῦ
1621 1011 1744 1045 ἐγένετο,
1766 1011 1813 1037 καὶ
1833 1012 1848 1037 ὀ

1059 1059 1160 1094 κόσμος
1184 1059 1266 1086 αὑτὸν
1287 1059 1337 1084 οὐκ
1361 1058 1441 1092 ἔγνω.
1468 1067 1476 1082 ι
1505 1057 1585 1084 ’Λλλὰ
1609 1058 1686 1084 ταυτὶ
1711 1058 1760 1093 μὲν
1783 1058 1847 1089 ἴσως

1059 1105 1205 1140 ἁρμόσειεν
1227 1104 1260 1131 ἂν
1276 1104 1387 1135 εἰκότως
1407 1104 1463 1134 τοῖς
1486 1103 1536 1137 τῆς
1558 1103 1705 1139 ἐπιδημίας
1731 1104 1846 1139 καιροῖς.

1060 1152 1122 1178 ’Ὁτι
1138 1151 1166 1178 δὲ
1182 1151 1229 1177 καὶ
1242 1150 1295 1186 πρὸ
1309 1150 1358 1184 τῆς
1376 1149 1608 1185 ἐνανθρωπήσεως
1623 1150 1651 1176 ἐν
1666 1149 1741 1180 ἰδίοις
1755 1147 1790 1185 ἦν
1810 1149 1848 1181 ὡς

1059 1197 1141 1230 Θεός·
1169 1197 1350 1232 ἀγνοούμενος
1375 1196 1403 1222 δὲ
1427 1195 1466 1231 τῷ
1491 1195 1594 1230 κόσμῳ,
1609 1195 1664 1222 τῶν
1691 1195 1751 1222 καθ’
1775 1196 1848 1231 ἡμᾶς

1032 1263 1044 1273 ,
1059 1245 1177 1270 ἐποιεῖτο
1200 1244 1343 1279 πρόνοιαν,
1365 1242 1396 1275 ἐξ
1421 1242 1541 1278 ἐμφύτου
1575 1242 1776 1277 καλοκάγαθίας
1801 1241 1850 1268 καὶ

1060 1290 1230 1326 θεοπρεποῦς
1253 1290 1435 1325 ἡμερότητος,
1451 1287 1639 1324 παραδείξειεν
1664 1287 1697 1315 ἂν
1726 1287 1807 1319 εὐθὺς
1836 1289 1850 1313 ὸ

1060 1336 1204 1368 θεσπέσιος
1223 1335 1319 1363 Ἰακὼὸ
1329 1336 1366 1367 ὡς
1380 1336 1408 1361 ἐν
1420 1335 1497 1370 τύπῳ
1512 1334 1550 1370 τῷ
1561 1334 1621 1361 καθ’
1635 1334 1739 1361 ἑαυτόν.
1760 1333 1850 1360 Ἐποί-

1062 1390 1142 1417 μαινε
1155 1381 1210 1417 γὰρ
1232 1382 1265 1408 τὰ
1281 1381 1405 1416 πρόῦατσ.
1427 1381 1537 1413 Λάὁαν,
1562 1380 1651 1407 καίτοι
1668 1380 1763 1415 μισθὸν
1780 1379 1849 1415 ἔχων

1061 1427 1126 1463 παρ’
1144 1427 1227 1454 αὐτοῦ
1244 1427 1274 1453 τὸ
1299 1426 1408 1461 σύμπαν
1423 1426 1517 1453 οὺδένα
1530 1434 1536 1441 ·
1552 1426 1638 1452 ἐλπίδι
1657 1426 1686 1452 δὲ
1707 1426 1774 1461 μόνῃ
1785 1445 1792 1457 ,
1809 1426 1850 1456 εἰς

1060 1472 1139 1499 τοῦτο
1160 1472 1280 1508 ἠγμένος
1297 1474 1356 1499 ταῖν
1378 1471 1450 1499 δυοῖν
1469 1471 1551 1498 αὑτοῦ
1569 1471 1750 1498 συνάπτεσθαι
1767 1471 1850 1505 θυγα·

1060 1520 1165 1555 τέραιν,
1182 1519 1229 1545 καὶ
1242 1514 1345 1545 τέκνων
1359 1518 1479 1554 γνησίων
1492 1518 1732 1553 ἀναδειχθήσεσθαι
1747 1519 1848 1553 πατὴρ.

1060 1565 1127 1592 Λεία
1139 1564 1167 1591 δὲ
1185 1564 1269 1599 ἠστην
1287 1565 1334 1591 καὶ
1352 1564 1462 1599 Ῥαχήλ.
1479 1563 1545 1596 Θεὸς
1557 1564 1610 1600 γὰρ
1625 1564 1663 1592 ὢν
1685 1566 1756 1591 κατὰ
1770 1564 1849 1598 φύσιν

1060 1610 1074 1636 ό
1089 1610 1164 1641 Υἱὸς,
1181 1610 1210 1636 ἐν
1226 1610 1264 1645 τῷ
1281 1609 1377 1645 κόσμῳ
1392 1607 1440 1645 ἦν·
1458 1609 1538 1636 τοῦτο
1554 1610 1607 1646 γὰρ
1631 1610 1644 1636 ό
1669 1609 1772 1637 Λάϐαν.
1795 1609 1848 1635 Καὶ

1061 1657 1257 1692 κατεποίμαινε
1275 1655 1303 1681 δέ
1324 1663 1384 1681 τινα
1403 1655 1504 1690 τρόπον
1518 1654 1668 1690 οἰκονομῶν
1680 1655 1718 1686 ὼς
1731 1654 1797 1687 Θεὸς
1816 1655 1850 1682 τὰ

1061 1701 1174 1737 ξωαρκῆ
1185 1722 1192 1732 ,
1209 1700 1379 1736 δωρούμενος
1394 1701 1457 1732 τοὺς
1472 1701 1525 1728 ἀπὸ
1542 1703 1593 1737 γῆς
1609 1702 1731 1738 καρποὺς
1742 1723 1749 1735 ,
1765 1702 1851 1733 ἀνιεὶς

1062 1748 1152 1782 πηγὰς
1168 1747 1291 1778 ὑδάτων,
1309 1747 1357 1774 καὶ
1376 1747 1505 1783 ποταμῶν
1525 1748 1645 1782 νάματα,
1674 1757 1683 1774 ι
1709 1748 1753 1774 τὸν
1776 1749 1852 1784 ἥλιον

1062 1791 1145 1819 αὐτοῦ
1164 1791 1327 1823 ἀνατέλλων,
1351 1801 1360 1816 ι
1382 1791 1453 1818 κατὰ
1475 1791 1506 1817 τὸ
1528 1792 1735 1827 γεγραμμένον,
1757 1792 1851 1824 ὑετοὶ-ς

1063 1838 1184 1871 καθιεὶς,
1205 1837 1320 1868 ἐντιθεὶς
1341 1839 1374 1873 τῇ
1399 1837 1544 1873 ἀνθρώπου
1564 1838 1643 1871 φύσει
1661 1838 1710 1873 τὴν
1732 1838 1852 1873 ἔμφυτον

1063 1883 1202 1919 φρόνησιν.
1219 1883 1305 1914 Αὐτὸς
1318 1883 1373 1918 γάρ
1396 1883 1455 1909 ἐστι
1469 1892 1477 1908 ε
1497 1883 1534 1909 Τὸ
1549 1883 1605 1917 φῶς
1620 1883 1650 1910 τὸ
1673 1883 1812 1918 ἀληθινὸν,
1838 1884 1852 1910 ὃ

1063 1928 1175 1963 φωτίζει
1185 1928 1272 1955 πάντα
1286 1927 1428 1963 ἄνθρωπον
1444 1928 1592 1964 ἐρχόμενον
1605 1930 1642 1960 εἰς
1653 1929 1698 1955 τὸν
1709 1929 1821 1964 κόσμον.
1838 1940 1847 1955 ο

1069 1974 1203 2010 Ἐπλήρου
1221 1974 1249 2000 δὲ
1263 1974 1349 2001 ταῦτα
1362 1973 1407 2000 διὰ
1427 1974 1521 2010 μόνην,
1538 1974 1576 2006 ὼς
1588 1974 1667 2010 ἔφην,
1686 1975 1736 2009 τὴν
1751 1976 1853 2011 ἡμερόο

1062 2029 1131 2055 τητα
1142 2020 1190 2055 τὴν
1202 2019 1331 2054 ἔμφυτον·
1341 2020 1389 2046 καὶ
1399 2019 1494 2055 μισθὸν
1507 2020 1555 2055 μὲν
1565 2020 1660 2056 ὥσπερ
1670 2021 1762 2047 οὐδένα
1776 2023 1852 2054 παρὰ

1062 2066 1116 2092 τῶν
1130 2066 1159 2092 ἐν
1173 2065 1268 2100 κόσμῳ
1282 2064 1408 2100 τηνικάδε
1424 2064 1578 2100 δεχόμενος,
1594 2065 1624 2093 οὺ
1641 2065 1803 2100 δοξολογίαν,
1820 2067 1850 2093 οὐ

1064 2111 1259 2148 προσκύνησιν,
1274 2111 1305 2137 οὗ
1324 2110 1402 2144 δόξαν
1418 2111 1517 2147 ὀρθὴν,
1535 2111 1584 2138 καὶ
1605 2112 1712 2148 ἀπλανῆ
1726 2112 1852 2147 διάληψιν

1063 2157 1112 2192 τὴν
1127 2157 1191 2193 περὶ
1201 2156 1295 2183 αὑτοῦ·
1311 2156 1493 2193 προεγνωκὼς
1504 2157 1531 2183 δὲ
1541 2157 1582 2184 ὃτι
1596 2157 1643 2184 δύο
1657 2160 1788 2192 γυναῖκας
1797 2159 1852 2192 ἔξει

1031 2212 1052 2238 υ
1065 2202 1133 2229 κατὰ
1153 2202 1280 2238 καιροὺς,
1299 2201 1328 2228 αἳ
1343 2201 1463 2236 γνησίων
1477 2201 1552 2237 αὐτῷ
1562 2202 1664 2229 τέκνων
1679 2202 1784 2230 ἔσονται
1797 2212 1852 2238 μηδ

1061 2248 1298 2284 τέρες,τίκτουσαι
1311 2247 1511 2283 νοητῶς.[1οῖαι
1528 2247 1556 2274 δὲ
1576 2245 1672 2282 αὗται,
1689 2248 1787 2284 Πρώτη
1804 2249 1854 2284 μὲν

1062 2297 1079 2330 ἡ
1090 2294 1274 2330 πρεσϐυτέρα,
1285 2293 1419 2326 τουτέστι,
1433 2294 1510 2327 Λεία,
1526 2295 1575 2330 τῆς
1583 2294 1718 2321 Ἰουδαίων
1729 2295 1853 2330 Συναγω-

1065 2340 1115 2374 γῆς
1129 2339 1175 2365 τὸν
1196 2338 1280 2366 τύπον
1296 2339 1528 2374 ἁποπεραίνουσα.
1543 2339 1660 2375 Δευτέρα
1678 2340 1706 2367 δὲ
1725 2341 1772 2367 καὶ
1793 2343 1852 2377 μετ’

1065 2386 1095 2412 οὑ
1116 2385 1183 2412 πολὺ
1207 2386 1254 2412 καὶ
1277 2385 1457 2421 τριπόθητος,
1477 2386 1494 2420 ἡ
1507 2386 1627 2422 νεωτέρα
1652 2387 1761 2422 Ῥαχὴλ,
1775 2396 1853 2414 τουτ-

1061 2433 1145 2464 έστιν,
1173 2432 1190 2466 ἠ
1213 2431 1243 2463 ἐξ
1262 2431 1347 2457 ἐθνῶν
1372 2431 1538 2467 Ἐκκλησία,
1569 2433 1587 2468 ἢ
1614 2433 1661 2460 καὶ
1688 2434 1783 2461 τέτοκε
1807 2435 1853 2461 τδηι

1067 2479 1180 2514 Ἰωσὴφ,
1196 2478 1270 2505 Θεοῦ
1291 2479 1472 2513 προσθήκην
1491 2479 1716 2515 ἑρμηνευόμενον.
1735 2481 1849 2516 Προπέ-

1061 2526 1147 2552 θειται
1165 2525 1214 2560 μὲν
1231 2525 1286 2560 γὰρ
1300 2526 1357 2556 τοῖς
1382 2525 1411 2558 ἐξ
1439 2526 1550 2562 Ἰσραὴλ
1571 2526 1588 2561 ἡ
1601 2526 1631 2558 ἐξ
1648 2527 1733 2553 ἐθνῶν
1754 2528 1851 2563 ἀγέλη.

1061 2573 1170 2598 Νοεῖται
1191 2571 1220 2598 δέ
1242 2572 1290 2599 καὶ
1304 2572 1417 2606 ἑτέρως,
1440 2573 1501 2604 ταῖς
1524 2573 1595 2599 κατὰ
1614 2570 1708 2609 καιρὸν
1730 2575 1784 2600 τῶν
1806 2583 1853 2601 πι-

1066 2618 1214 2645 στευόντων
1229 2617 1397 2653 προσθήκαις
1411 2619 1450 2650 εἰς
1467 2618 1573 2653 πληθὺν
1589 2619 1742 2655 ἀμέτρητον
1763 2620 1849 2648 ἰοῦσα.

1064 2663 1137 2698 Πλὴν
1165 2664 1216 2698 ὅρα
1241 2663 1289 2699 τὴν
1316 2664 1491 2700 ἐπιτήρησιν.
1517 2665 1636 2700 Ὀνίνησι
1662 2664 1714 2701 γὰρ
1741 2665 1799 2692 λίαν
1822 2667 1851 2694 τὸ

1064 2709 1176 2745 ἀκριϐὲς
1195 2711 1223 2736 ἐν
1239 2710 1355 2742 τούτοις·
1371 2710 1536 2745 Γεγέννηκεν
1555 2711 1569 2746 ἡ
1587 2711 1652 2738 Λεία
1668 2711 1720 2747 πρὸ
1741 2712 1849 2748 Ῥαχὴλ’

1062 2753 1121 2781 εἶτα
1133 2755 1234 2790 μεταξὺ
1249 2756 1389 2783 παιδίσκαι
1401 2756 1447 2784 δύο
1458 2757 1546 2786 Βάλλα
1560 2766 1588 2784 τε
1603 2759 1650 2785 καὶ
1664 2758 1764 2794 Ζελφᾶι,
1783 2759 1852 2786 Ἀλλ’

1124 2849 1147 2864 εν
1158 2848 1236 2876 Joan.
1256 2856 1274 2882 ι,
1288 2848 1315 2875 9.
