1990 3050
138 144 191 173 233

646 145 908 175 GLAPHYBORUM
927 147 961 175 lN
979 146 1129 175 GENESIM
1148 146 1213 176 LIB.
1234 147 1266 175 ν.

1723 147 1775 175 SM

139 202 239 238 ἠρέμει.
261 201 332 234 τέιὸς
362 201 474 230 ’1ακώ6”
501 203 566 230 [διον
593 203 624 232 δὲ
653 202 727 232 οἷκον
750 204 827 232 οὔπω
851 206 931 232 ποιεῖκ

987 205 1065 240 prius
1083 211 1164 240 quam
1189 204 1292 232 Rachel
1308 212 1313 230 ι
1333 203 1432 232 deinde
1456 205 1562 232 ancilla:
1582 204 1642 233 duae
1654 204 1728 233 Balla
1746 211 1775 234 et

139 249 297 276 ἐσκέπτετο.
316 248 433 276 Τέτοκεν
448 249 464 286 ὴ
484 249 583 286 Ῥαχὴλ
601 250 647 277 τὸν
670 250 781 286 Ἰωσὴφ,
795 252 842 279 καὶ
859 249 933 279 οἷκον

139 294 231 321 λοιπὸν
255 294 308 330 ἐρᾷ
323 301 329 307 ·
355 304 366 321 ι
386 294 456 321 Πότε
483 295 554 332 γὰρ,
583 297 665 331 φησὶ,
693 298 798 333 ποιήσω
822 297 934 333 ἐμαυτῷ

137 336 228 372 οῖκον;
248 349 257 365 ι
275 339 376 366 Τέτοκε
394 340 444 376 μὲν
461 341 543 377 γὰρὴ
560 341 615 369 τῶν
635 342 769 369 Ἰουδαίων
784 343 933 378 Συναγωγή

138 386 202 417 τοὺς
216 386 255 418 είς
268 386 391 414 δουλείαν
404 387 454 422 τὴν
468 387 520 414 ὑπὸ
533 387 626 423 νόμον.
646 388 715 415 Ἀλλ’
730 388 806 415 οὔπω
817 388 934 424 Χριστὸς

141 433 206 460 [διον
219 430 294 459 οἷκον
308 433 380 468 ἔχειν
393 433 527 469 ὡμολόγει
542 435 646 468 σαφῶς.
664 434 701 461 Οὐ
718 434 773 470 γάρ
786 434 934 470 ἀπεδέχετο

136 478 198 506 λίαν
215 479 260 506 τὸν
275 480 307 506 ἐκ
320 479 402 506 λίθων
418 479 492 512 ναὸν,
506 480 537 506 ὂν
552 479 678 515 Σολομὼν
695 481 863 516 ἀνεδείματο.
879 481 934 508 Καὶ

139 524 204 559 γοῦν
230 524 367 551 Ἰουδαίων
382 525 609 562 ἐξωφρυωμένοις
627 526 697 561 ἄγαν
719 527 766 554 ἐπὶ
782 527 851 562 τῷδέ
867 536 934 554 ποτε

139 569 283 605 μονονουχὶ
294 570 342 597 καὶ
357 570 517 606 ἐπιπλήττει
538 570 625 606 λέγων
637 579 644 587 ·
670 581 680 599 ι
712 572 741 598 '0
755 572 869 608 οὐρανός
887 582 933 608 μοι

139 616 244 652 θρόνος,
263 617 280 651 ἡ
303 616 331 643 δὲ
353 618 388 652 γῆ
407 617 552 644 ὑποπόδιον
575 618 629 644 τῶν
651 618 739 645 ποδῶν
766 627 828 654 μου.
853 619 934 646 Ποῖον

139 660 214 689 οἶκον
232 662 425 699 οἰκοδομήσετέ
441 673 502 700 μοι,
519 664 593 699 λέγει
612 665 731 701 Κύριος·
749 666 766 701 ἢ
788 665 830 697 τίς
851 666 933 698 τόπος

139 708 188 744 τῆς
204 709 403 741 καταπαύσεώς
425 719 492 746 μους
517 720 526 736 ι
550 710 620 738 Ἀλλ’
639 711 700 740 οὐδὲ
714 709 787 743 οἶκος
804 711 871 738 Θεοῦ
885 712 933 746 γέ-

138 763 202 790 γονε
217 755 312 792 νοητὸς
325 756 340 782 ὁ
358 756 478 792 Ἰσραήλ.
494 757 532 783 Οὺ
545 757 599 793 γὰρ
612 757 774 793 κατῴκηκεν
787 758 816 784 ἐν
829 758 932 790 αὐτοῖς.

146 802 256 838 Ἐπειδὴ
271 803 299 829 δὲ
314 803 424 830 τέτοκεν
437 804 453 838 ἡ
468 803 498 835 ἐξ
513 803 597 830 ἐθνῶν
615 804 764 839 Ἐκκλησία
776 804 823 831 τὸν
834 804 893 831 νέον
903 813 933 832 τε

138 850 186 878 καὶ
201 851 230 877 ἐν
251 851 422 886 προσθήκαις
441 850 520 882 λαὸν,
536 848 610 877 οἷκον
627 850 691 877 ἴδιον
711 850 800 886 ἑαυτῷ
815 850 907 878 λοιπὸν
919 851 934 877 ὁ

986 251 1099 286 Zelpha.
1109 251 1191 286 Atqui
1201 251 1323 286 quietem
1343 250 1449 278 interea
1459 250 1514 285 agit
1527 250 1622 284 Iacob,
1635 259 1725 286 neque
1742 252 1777 280 de

986 295 1111 324 facienda
1122 295 1233 331 propria
1243 295 1327 323 domo
1338 295 1454 323 laborat.
1471 295 1618 330 Postquam
1638 304 1704 325 vero
1722 297 1777 324 Ra-

987 342 1048 370 chel
1067 341 1174 376 peperit
1198 341 1317 376 Joseph,
1333 340 1478 377 propriam
1506 341 1637 376 deinceps
1665 341 1778 369 domum

986 388 1071 423 cupit.
1088 397 1097 414 ι
1119 387 1234 421 Quando
1247 387 1332 419 enim,
1352 387 1451 422 inquit,
1468 387 1566 415 faciam
1585 387 1654 414 mihi
1666 387 1717 423 ipsi
1731 388 1779 416 do-

986 442 1062 461 mum
1075 433 1084 450 ¹
1095 434 1106 460 ?
1118 434 1229 470 Peperit
1238 435 1312 462 enim
1323 433 1463 470 Synagoga
1472 433 1631 461 Iudaeorum
1652 434 1779 469 subleges

987 481 1015 508 in
1024 479 1195 508 servitutem.
1212 479 1349 508 Caeterum
1359 480 1481 507 nondum
1498 479 1625 507 Christus
1639 479 1776 514 propriam

986 527 1099 554 domum
1115 526 1216 553 habere
1242 529 1336 561 aperte
1355 525 1496 561 professus
1516 529 1568 553 est.
1588 525 1682 560 Neque
1703 525 1778 552 enin.

986 572 1102 600 charum
1113 571 1210 599 habuit
1219 571 1369 599 admodum
1386 571 1519 606 templum
1538 571 1687 606 lapideum,
1703 569 1778 606 quod

987 618 1116 646 Salomon
1127 618 1272 646 exstruxit.
1283 617 1389 645 Idcirco
1403 617 1512 645 Iudaeos
1523 617 1641 644 maxime
1656 625 1738 652 super
1746 624 1779 643 eo

986 664 1135 700 gloriantes
1160 667 1264 691 tantum
1287 671 1343 690 non
1366 663 1493 698 obiurgat
1509 662 1604 690 dicens
1625 671 1658 689 ε(
1672 662 1779 690 Caelum

987 710 1055 737 mihi
1070 710 1195 742 thronus,
1211 713 1285 737 terra
1295 717 1360 737 vero
1372 709 1521 737 seabellum
1533 708 1634 744 pedum
1642 716 1779 736 meorum.

986 755 1098 790 Qualem
1117 757 1229 784 domum
1243 755 1416 783 aediticabitis
1434 755 1520 788 mihi,
1539 755 1607 782 dicit
1621 755 1754 782 Dominus
1770 764 1777 782 :

986 806 1033 829 aut
1053 803 1115 837 quis
1137 803 1216 830 locus
1236 801 1415 829 habitationis
1439 802 1530 829 mete’
1543 801 1554 828 ?
1569 811 1579 827 ι
1610 801 1664 829 Sed
1688 809 1779 836 neque

986 848 1117 884 spiritalis
1129 849 1178 876 Dei
1194 848 1292 876 domus
1305 848 1357 876 fuit
1366 848 1459 875 Israel.
1472 848 1567 883 Neque
1583 847 1658 875 enim
1669 847 1778 875 habita-

139 895 235 931 Σωτὴρ
245 896 472 928 κατεσκευάζετο.
483 896 539 923 Καὶ
549 896 590 928 τίς
601 896 632 932 δὴ
644 893 720 928 οὗτός
731 896 821 930 ἐστιν;
841 896 931 931 Ἡμεῖς

987 894 1027 921 vit
1042 893 1069 921 in
1083 894 1133 921 eis.
1144 894 1295 929 Postquam
1306 901 1373 921 vero
1386 893 1495 929 peperit
1511 893 1635 921 Ecclesia
1645 901 1680 921 ex
1688 893 1778 929 genti-

139 943 165 968 οί
185 942 397 975 πιστεύσαντες,
423 942 487 978 περὶ¹
509 939 548 969 ὧν
568 950 635 977 φησι
658 942 705 969 καὶ
728 942 773 969 διὰ
797 942 936 978 προφήτου

141 988 243 1023 φωνῆς·
267 997 277 1014 ι
294 988 389 1020 Διδοῦς
402 988 502 1023 νόμους
522 996 572 1023 μου
585 988 625 1019 είς
637 988 686 1022 τὴν
701 988 820 1015 διάνοιαν
833 989 934 1022 αὐτῶν,

140 1035 188 1062 καὶ
209 1035 256 1061 ἐπὶ
272 1035 387 1069 καρδίας
406 1034 496 1062 αὐτῶν
512 1035 657 1070 ἐπιγράψω
676 1034 784 1067 αὐτούς.
805 1035 860 1062 Καὶ
877 1035 936 1062 ἐσο-

142 1089 190 1116 μαι
204 1081 295 1112 αὐτοῖς
308 1081 348 1111 είς
360 1080 437 1111 Θεὸν,
452 1079 498 1106 καὶ
513 1080 591 1106 αὐτοὶ
602 1079 710 1107 ἔσονταί
725 1088 770 1114 μοι
781 1081 821 1112 εἰς
829 1080 903 1106 λαόν.
923 1089 932 1105 ι

141 1127 273 1153 Κατοικεῖ
287 1127 316 1153 ἐν
328 1127 395 1162 ἡμῖν
406 1126 450 1153 διὰ
459 1126 507 1153 τοῦ
518 1125 588 1153 Πνεύ
593 1135 688 1161 ματος,
696 1125 822 1161 καθάπερ
834 1125 935 1161 ἀρτίως

141 1172 224 1208 ἔφην,
241 1173 270 1200 ού
286 1173 455 1208 κατοικήσας
468 1173 497 1199 ἐν
520 1171 638 1208 Ἰσραήλ.
659 1172 721 1198 Ὅτι
735 1171 790 1207 γὰρ
806 1171 934 1207 ἁμέτοχοι

140 1219 187 1245 τοῦ
202 1218 378 1254 Πνεῦμα-τος,
392 1218 429 1250 ὡς
445 1218 474 1245 ἐν
488 1217 566 1254 τύπῳ
584 1217 657 1252 λέγω
670 1217 709 1253 τῷ
727 1217 788 1244 καθ’
801 1218 888 1253 ἡμᾶς,
909 1218 934 1244 oi

141 1265 193 1300 πρὸ
213 1265 263 1300 τῆς
285 1265 450 1300 ἐπιδημίας,
479 1265 605 1300 σαφηνιεῖ
632 1264 719 1298 λέγων
741 1264 756 1289 ὁ
780 1263 934 1298 σοφώτατος

141 1309 273 1346 Ἰωάννης
282 1319 288 1324 ·
300 1320 310 1337 ‹
322 1310 405 1337 Οὔπω
414 1310 469 1346 γὰρ
483 1308 516 1346 ἦν
528 1309 650 1345 Πνεῦμα,
659 1310 700 1336 ὅτι
711 1309 816 1345 Ἰησοῦς
829 1309 934 1336 οὐδέπω

140 1356 282 1391 ἐδοξάσθη.
295 1366 304 1381 ι
325 1356 529 1392 Ἐγηγερμένος
538 1356 593 1390 γὰρ
606 1357 638 1382 ἐκ
652 1355 766 1392 νεκρῶν,
781 1355 829 1383 καὶ
843 1356 884 1388 είς
897 1357 934 1382 εί-

140 1403 206 1429 κόνα
229 1403 279 1438 τὴν
303 1403 379 1429 θείαν
402 1402 452 1438 τὴν
473 1402 618 1438 ἀνθρώπου
641 1401 723 1437 φύσιν
747 1402 930 1437 ἀναμορφῶν,

139 1448 260 1484 πρώτοις
275 1448 425 1484 ἐνεφύσησε
447 1449 504 1480 τοῖς
522 1448 611 1483 ἁγίοις
631 1448 807 1480 ἀποστόλοις,
829 1447 930 1482 λέγων·

142 1504 152 1519 ι
170 1495 274 1521 Λάϐετε
289 1495 401 1530 Πνεῦμα
417 1495 504 1529 ἆγιον.
519 1504 527 1521 ι
541 1495 614 1529 Ἔφη
632 1494 660 1521 δέ
675 1492 726 1521 που
742 1495 789 1521 καὶ
802 1494 817 1520 ὁ
834 1494 932 1521 θεσπέ-

140 1549 196 1572 σιος
221 1541 337 1572 Παῦλος·
364 1550 374 1567 ι
397 1540 435 1567 Οὐ
459 1540 513 1576 γὰρ
539 1540 650 1568 ἐλάϐετε
678 1539 789 1575 Πνεῦμα
812 1539 932 1571 δουλείας
946 1561 968 1590 c

141 1586 221 1614 πάλιν
237 1588 277 1619 είς
294 1587 387 1621 φόϐον,
407 1587 464 1613 ἀλλ’
484 1586 594 1614 ἐλάϐετε
612 1587 725 1622 Πνεῦμα
741 1585 888 1617 υἱοθεσίας,
904 1586 933 1611 ἐν

139 1630 161 1667 ᾧ
175 1633 313 1669 κράζομεν
330 1639 338 1647 ·
361 1633 456 1666 Ἀ66ἄ,
470 1634 484 1659 ὁ
501 1633 624 1667 Πατήρ.»
638 1630 743 1658 Οὐκοῦν
757 1630 870 1665 Πνεῦμα
886 1630 935 1665 μὲν

139 1679 260 1712 δουλείας
274 1677 308 1714 ἦν
322 1680 351 1706 ἐν
371 1678 480 1714 Ἰσραήλ
490 1685 497 1694 ”
511 1678 540 1704 ἐν
557 1678 623 1713 ἡμῖν
637 1677 666 1704 δὲ
680 1678 735 1709 τοῖς
749 1676 803 1703 ἀπὸ
821 1675 932 1712 Ῥαχὴλ,

139 1725 279 1758 τουτέστι,
297 1724 347 1759 τῆς
368 1723 399 1757 ἐξ
419 1723 504 1750 ἐθνῶν
534 1722 714 1758 Ἐκκλησίας,
736 1722 849 1758 Πνεῦμα
865 1721 933 1749 Θεοῦ

139 1772 209 1808 πρὸς
225 1771 372 1804 υἱοθεσίαν,
386 1769 460 1797 οἶκον
472 1770 546 1806 ἡμᾶς
560 1769 709 1797 ἀποτελοῦν
724 1769 769 1796 τὸν
784 1778 932 1804 πνευματι-

138 1819 197 1845 κόν.
219 1817 373 1852 Ἐλεύθεροι
387 1817 442 1852 γὰρ
460 1817 485 1843 οί
504 1816 560 1843 ἀπὸ
578 1816 696 1852 Ῥαχὴλ,
710 1813 744 1852 ἦς
762 1816 787 1842 οἱ
799 1815 933 1851 ὀφθαλμοὶ

139 1863 217 1891 καλοὶ
231 1863 278 1890 καὶ
294 1864 401 1899 ὡραῖοι,
416 1863 504 1889 καίτοι
518 1863 568 1898 τῆς
581 1862 664 1894 Λείας
678 1863 727 1897 οὐχ
741 1859 793 1889 ὧδε
805 1862 931 1897 ἐχούσης.

144 1909 213 1944 Ὁρᾷ
225 1909 279 1945 γὰρ
296 1909 344 1944 οὐχ
357 1908 442 1943 ὑγιῶς
454 1909 471 1943 ή
483 1908 537 1934 τῶν
555 1907 688 1935 Ἰουδαίων
703 1907 863 1943 Συναγωγή.
878 1907 932 1933 Καὶ

139 1955 311 1990 μαρτυρήσει
325 1955 411 1989 λέγων
423 1955 437 1980 ὸ
451 1953 606 1988 σοφώτατος
618 1953 723 1985 Παῦλος
733 1961 740 1968 ·
758 1961 768 1978 ι
786 1953 866 1988 Ἀχρι
878 1951 932 1987 γὰρ

137 2001 189 2035 τῆς
204 2001 324 2036 σήμερον
344 2001 452 2036 ἡμέρας
470 2000 502 2027 τὸ
525 2000 590 2028 αὐτὸ
604 2000 736 2036 κάλυμμα
754 2000 801 2026 ἐπὶ
815 2001 848 2035 τῇ
864 2001 931 2027 ἀνα-

137 2046 237 2081 γνώσει
252 2047 302 2082 τῆς
326 2047 448 2079 Παλαιᾶς
464 2047 602 2083 Διαθήκης
626 2048 718 2082 μένει,
738 2047 775 2083 μὴ
796 2047 932 2075 ἀνακαλυ‹

138 2092 272 2127 πτόμενον
284 2111 291 2124 ,
315 2092 329 2118 ὅ
348 2100 374 2118 τι
390 2092 419 2118 ἐν
438 2091 548 2127 Χριστῷ
570 2093 758 2128 καταργεῖται.
788 2092 857 2119 Ἀλλ’
879 2092 931 2124 ἕως

138 2139 259 2174 σήμερον
273 2137 354 2174 ἡνίκα
371 2137 588 2172 ἀναγινώσκεται
602 2138 705 2173 Μωσῆς
715 2159 722 2170 ,
739 2138 871 2174 κάλυμμα
885 2139 931 2165 ἐπὶ

137 2183 186 2219 τὴν
199 2183 314 2219 καρδίαν
328 2184 418 2211 αὐτῶν
431 2185 529 2212 κεῖται.
554 2184 649 2212 Ἦνίκα
667 2184 696 2211 δὲ
714 2185 762 2212 ἐὰν
777 2185 930 2223 ἐπιστρέψῃ

138 2230 207 2276 πρὸς
221 2229 335 2276 Κύριον,
351 2232 534 2276 περιαιρεῖται
546 2230 577 2257 τὸ
590 2231 730 2266 κάλυμμα.
750 2231 779 2258 '0
789 2231 817 2258 δὲ
827 2231 928 2267 Κύριος
945 2248 967 2276 D

136 2275 166 2303 τὸ
191 2275 305 2310 Πνεῦμά
330 2277 415 2304 ἐστιν.
440 2273 477 2304 οὗ
500 2277 528 2303 δέ
551 2277 582 2304 τὺ
605 2277 718 2313 Πνεῦμα
730 2278 851 2314 Κυρίου,
871 2279 930 2305 ἐκεῖ

136 2320 287 2356 ἐλευθερία.
306 2321 375 2348 Ἀλλ’
386 2322 468 2358 ἡμεῖς
484 2321 614 2354 ἅπαντες,
626 2322 664 2354 ὡς
679 2322 730 2358 ἔφη
746 2323 826 2350 πάλιν
838 2324 930 2358 αὐτὸς,

135 2366 392 2403 ἀνακεκαλυμμένῳ
412 2368 551 2403 προσώπῳ
573 2368 622 2403 τὴν
640 2368 719 2402 δόξαν
738 2368 841 2404 Κυρίου
865 2377 930 2396 κατ-

135 2413 339 2449 οπτριζόμενοι,
350 2414 400 2450 τὴν
414 2414 499 2450 αὐτὴν
513 2414 606 2441 είκόνα
616 2415 864 2451 μεταμορφούμεθα
874 2415 928 2443 ἀπὸ

135 2458 213 2492 δόξης
225 2458 265 2490 είς
280 2457 370 2490 δόξαν,
386 2459 513 2495 καθάπερ
531 2460 586 2487 ἀπὸ
605 2461 708 2496 Κυρίου
724 2461 892 2496 Πνεύματος.
913 2471 923 2488 ι

136 2503 231 2538 Συνίης
259 2504 300 2530 ὅτι
322 2504 414 2536 καλοῖς
435 2504 584 2540 ὀφθαλμοῖς
607 2506 654 2532 καὶ
674 2506 926 2543 ἀνακεκαλυμμένῳ

135 2549 274 2584 προσώπῳ
287 2549 337 2585 τὴν
354 2549 433 2582 δόξαν
453 2551 557 2586 Κυρίου
571 2552 828 2588 κατοπτριζόμεθα;
849 2554 926 2589 Δαμ-

135 2595 199 2630 προὶ
220 2595 275 2631 γὰρ
294 2596 319 2622 οἱ
346 2596 396 2631 τῆς
413 2596 514 2632 Ῥαχὴλ
538 2598 685 2634 ὀφθαλμοὶ,
707 2599 832 2636 καθάπερ
858 2599 925 2634 ἐφην

134 2640 244 2675 ἀρτίως.
266 2640 375 2677 Ἐπειδὴ
387 2642 477 2669 τοίνυν
489 2644 506 2678 ή
517 2644 638 2680 νεωτάτη
656 2645 756 2681 Ῥαχὴλ
766 2645 810 2673 τὸν
827 2646 926 2682 Ἰωσὴφ

134 2686 286 2718 ἐκτέτοκεν,
318 2687 410 2714 οἴκαδε
439 2688 489 2723 μὲν
519 2689 586 2716 ἰέναι
613 2690 769 2717 διασπεύδει
796 2691 891 2718 λοιπὸν
912 2692 927 2718 ὁ

134 2731 277 2764 θεσπέσιος
297 2732 404 2761 Ἰακώϐ.
419 2734 616 2762 Μεταποιεῖται
631 2735 659 2761 δὲ
673 2735 777 2768 Δάόαν,
791 2737 837 2763 καὶ
852 2737 926 2764 εὐλο-

169 2833 177 2850 ¹
195 2833 262 2861 Gen.
278 2842 340 2866 xxx,
358 2834 401 2862 50.
441 2836 450 2851 ²
467 2835 516 2862 lsa.
545 2835 595 2867 66.
623 2836 648 2864 l.

133 2868 143 2882 “
159 2869 238 2897 Rom.
258 2878 315 2902 vm,
328 2870 372 2898 15.
410 2870 420 2885 ⁷
433 2870 454 2897 ll
468 2870 531 2898 Cor.
546 2871 688 2903 "nu-18.

295 2916 431 2947 pATnOL.
455 2916 514 2947 Gn.
537 2917 637 2951 LXIX.

988 940 1040 968 bus
1054 948 1155 967 novum
1168 944 1197 967 et
1213 939 1371 967 addititium
1382 939 1514 975 populum
1526 960 1533 972 ,
1546 940 1686 975 propriam
1699 940 1779 968 dein-

987 995 1051 1023 ceps
1074 988 1127 1015 sibi
1141 988 1193 1023 ipsi
1208 987 1320 1015 domum
1338 987 1462 1014 Salvator
1482 986 1638 1014 aediﬁcavit.
1649 986 1779 1020 Quanam

986 1042 1053 1062 vero
1064 1041 1097 1062 ea
1112 1033 1174 1061 est?
1185 1033 1252 1065 Nos,
1267 1033 1313 1068 qui
1326 1032 1408 1060 ﬁdem
1426 1032 1542 1067 amplexi
1553 1039 1658 1065 sumus,
1672 1032 1706 1060 de
1716 1032 1779 1067 qui-

986 1080 1039 1108 bus
1060 1081 1145 1108 etiam
1169 1087 1219 1115 per
1235 1087 1332 1108 vocem
1355 1078 1498 1114 prophetae
1510 1078 1549 1106 ait
1567 1087 1573 1105 :
1593 1087 1602 1104 ι
1617 1079 1690 1105 Dans
1706 1078 1780 1113 leges

986 1134 1061 1154 meas
1072 1126 1100 1153 in
1114 1131 1205 1154 mente
1219 1133 1326 1158 eorum,
1343 1129 1371 1152 et
1382 1125 1411 1152 in
1428 1124 1557 1153 cordibus
1568 1132 1665 1152 eorum
1680 1123 1778 1151 inscri-

986 1172 1048 1200 bam
1065 1180 1112 1200 eas
1125 1181 1132 1199 ε
1146 1175 1175 1200 et
1185 1180 1234 1200 ero
1247 1172 1314 1207 ipsis
1325 1171 1353 1198 in
1366 1171 1465 1203 Deum,
1483 1170 1535 1206 ipsi
1544 1173 1699 1198 veroerunt
1710 1170 1778 1197 mihi

985 1218 1012 1246 in
1020 1218 1152 1254 populum
1163 1219 1182 1245 ⁸.
1190 1228 1198 1244 ι
1208 1218 1319 1246 Habitat
1326 1217 1399 1245 enim
1409 1218 1437 1245 in
1446 1216 1527 1245 nobis
1537 1224 1587 1252 per
1595 1216 1739 1251 Spiritum,
1749 1222 1779 1243 ιιι

984 1269 1048 1293 ante
1062 1265 1128 1297 dixi,
1141 1263 1553 1297 nonhabitansinlsrael.Quod
1565 1263 1639 1291 enim
1653 1267 1779 1298 expertes

984 1312 1089 1340 fuerint
1102 1312 1226 1347 spiritus,
1238 1316 1269 1339 ut
1280 1311 1308 1338 in
1322 1315 1396 1347 typo,
1406 1310 1529 1345 inquam,
1536 1310 1612 1345 juxta
1625 1316 1685 1341 nos,
1697 1309 1717 1336 ii
1730 1309 1778 1344 qui

984 1362 1048 1386 ante
1062 1359 1211 1386 adventum
1228 1357 1306 1393 145
1319 1356 1421 1385 Christi
1442 1356 1622 1388 exstiterunt,
1635 1355 1779 1390 sapientis-

983 1405 1071 1432 simus
1084 1405 1204 1432 Joannes
1226 1403 1358 1436 declarat,
1383 1403 1479 1430 dicens
1497 1411 1503 1428 :
1524 1411 1533 1427 ι
1556 1400 1684 1428 Nondum
1701 1400 1776 1428 enim

983 1455 1041 1479 erat
1054 1451 1173 1486 Spiritus
1183 1453 1304 1483 sanctus,
1318 1449 1381 1484 quia
1390 1449 1469 1476 Jesus
1478 1448 1599 1475 nondum
1611 1446 1787 1482 gloriﬁcatusi

982 1502 1042 1526 erat
1053 1502 1073 1525 ⁸.
1091 1507 1100 1524 ›
1114 1497 1268 1525 Suscitatus
1279 1496 1353 1523 enim
1373 1503 1389 1523 a
1407 1495 1533 1526 mortuis,
1551 1498 1633 1528 atque
1650 1493 1684 1520 ad
1705 1493 1777 1521 divi:

983 1551 1046 1570 nam
1056 1544 1201 1578 imaginem
1216 1543 1337 1570 hominis
1349 1545 1476 1569 naturam
1498 1540 1661 1572 rel‘ormans,
1679 1539 1777 1574 primis

987 1589 1091 1616 sanctis
1115 1588 1248 1623 apostolis
1269 1587 1436 1620 insuﬂlavit,
1463 1587 1559 1614 dicens
1586 1595 1592 1613 :
1620 1595 1629 1612 ι
1653 1585 1776 1620 Accipite

986 1635 1120 1670 Spiritum
1133 1639 1258 1662 sanctum
1269 1634 1290 1661 ⁸.
1308 1643 1317 1659 ι
1330 1634 1376 1662 Ait
1384 1641 1450 1661 vero
1461 1633 1562 1660 alicubi
1573 1632 1656 1660 etiam
1665 1631 1776 1659 divinus

985 1681 1105 1709 Paulus:
1124 1691 1133 1707 ι
1150 1681 1211 1709 Non
1221 1680 1294 1708 enim
1312 1680 1457 1716 accepistis
1481 1679 1609 1715 spiritum
1635 1678 1777 1707 servitutis

985 1734 1096 1754 rursum
1117 1727 1145 1754 in
1167 1726 1296 1754 timorem
1309 1746 1317 1759 ,
1337 1725 1386 1754 sed
1411 1725 1558 1760 accepistis
1579 1724 1706 1759 spiritum
1725 1723 1774 1751 ad-

984 1773 1113 1808 optionis,
1130 1773 1159 1800 in
1173 1781 1228 1808 quo
1236 1773 1396 1804 clamamus,
1408 1772 1495 1804 Abba,
1509 1772 1589 1799 Pater
1598 1772 1618 1797 ⁸.
1629 1780 1638 1797 ›
1658 1770 1776 1806 Spiritus

984 1821 1068 1856 igitur
1080 1820 1221 1848 servitutis
1234 1824 1294 1848 erat
1314 1820 1343 1847 in
1355 1819 1455 1857 _lsrael.
1470 1819 1500 1846 in
1521 1818 1602 1846 nobis
1617 1825 1693 1850 vero,
1711 1817 1776 1844 ﬁliis

984 1866 1097 1899 Rachel,
1111 1866 1164 1894 hoc
1184 1871 1236 1898 est,
1257 1865 1386 1893 Ecclesiae
1399 1865 1533 1900 gentium,
1548 1863 1666 1898 Spiritus
1677 1863 1725 1890 Dei
1740 1862 1774 1890 ad

983 1912 1155 1944 ﬁliationem,
1173 1911 1326 1946 spiritalem
1340 1911 1453 1938 domum
1467 1917 1518 1937 nos
1530 1909 1660 1937 elliciens.
1681 1909 1774 1936 Liberi

983 1957 1057 1985 enim
1070 1957 1119 1984 lilii
1128 1957 1241 1989 Rachel,
1253 1957 1331 1992 cujus
1346 1956 1419 1983 oculi
1434 1955 1527 1983 decori
1540 1962 1573 1982 ac
1581 1954 1704 1989 pulchri;
1719 1953 1774 1981 Lire

983 2011 1049 2031 vero
1058 2011 1114 2031 non
1127 2003 1202 2030 item.
1217 2002 1312 2037 Neque
1326 2001 1401 2029 enim
1415 2002 1523 2036 integro
1536 2001 1596 2029 visu
1608 2001 1722 2036 praedita
1732 2005 1774 2028 est

982 2050 1139 2078 Iudaeorum
1153 2050 1292 2085 Synagoga
1312 2057 1318 2076 :
1337 2048 1411 2083 quod
1431 2051 1459 2076 et
1473 2048 1575 2075 Paulus
1592 2051 1719 2079 testatur,
1733 2046 1774 2074 di-

982 2104 1047 2124 cens
1061 2105 1067 2123 :
1085 2106 1094 2122 ι
1113 2096 1182 2123 Nam
1193 2103 1281 2130 usque
1293 2094 1321 2122 in
1336 2094 1501 2132 hodiernum
1519 2093 1591 2120 diem
1606 2094 1731 2121 velamen
1745 2093 1772 2120 in

981 2142 1099 2170 lectione
1109 2141 1214 2169 Veteris
1228 2140 1396 2168 Testamenti
1408 2143 1501 2166 manet
1516 2147 1523 2165 ε
1541 2146 1594 2166 nec
1607 2138 1713 2166 tollitur
1724 2146 1771 2166 ve-

980 2187 1048 2220 lum,
1061 2187 1135 2222 quod
1150 2194 1200 2222 per
1209 2186 1349 2214 Christum
1362 2185 1496 2213 aboletur.
1526 2184 1579 2212 Sed
1593 2184 1626 2211 ad
1639 2185 1712 2212 hunc
1728 2193 1774 2212 us-

981 2241 1034 2269 que
1046 2233 1119 2261 diem
1127 2240 1190 2260 cum
1199 2232 1299 2268 legitur
1308 2231 1424 2267 Moyses,
1436 2231 1561 2258 velamen
1573 2230 1702 2258 cordibus
1713 2231 1772 2258 illo-

982 2287 1043 2307 rum
1058 2278 1217 2314 impositum
1231 2281 1282 2306 est.
1294 2277 1330 2304 At
1341 2277 1388 2304 ubi
1402 2276 1527 2304 conversi
1543 2275 1647 2303 fuerint
1664 2276 1698 2303 ad
1716 2276 1770 2302 Do-

981 2327 1098 2358 minum,
1114 2325 1227 2352 tolletur
1244 2324 1378 2351 velamen.
1395 2323 1529 2350 Dominus
1551 2327 1642 2350 autem
1658 2322 1772 2357 spiritus

979 2375 1031 2400 est.
1051 2371 1136 2398 Porro
1145 2370 1192 2398 ubi
1207 2369 1325 2405 Spiritus
1337 2369 1456 2401 Domini,
1470 2369 1508 2396 ibi
1519 2369 1639 2396 libertas.
1654 2368 1708 2396 Sed
1720 2376 1772 2396 nos

978 2425 1074 2445 omnes
1101 2415 1354 2452 (quemadmodum
1378 2423 1475 2443 rursus
1490 2414 1548 2451 ait)
1571 2419 1674 2443 retecta
1702 2415 1771 2442 facie

979 2463 1093 2499 gloriam
1105 2462 1213 2490 Domini
1224 2462 1251 2489 in
1269 2462 1380 2497 speculo
1393 2466 1632 2497 repraesentantes,
1647 2462 1680 2489 ad
1696 2470 1770 2489 eam-

979 2510 1041 2537 dem
1058 2509 1205 2544 imaginem
1216 2507 1443 2535 transformamur
1464 2515 1480 2534 a
1493 2507 1581 2542 gloria
1598 2507 1625 2534 in
1642 2507 1767 2542 gloriam,

980 2558 1110 2589 tanquam
1124 2560 1139 2580 a
1161 2552 1267 2580 Domini
1282 2551 1417 2587 Spiritu'.
1434 2561 1443 2578 ι
1466 2552 1599 2588 lntelligis
1612 2552 1685 2587 quod
1706 2552 1769 2587 pul-

978 2599 1053 2627 chris
1076 2599 1173 2630 oculis,
1199 2601 1228 2626 et
1253 2598 1373 2625 revelata
1387 2597 1456 2625 facie
1480 2598 1595 2633 gloriam
1614 2598 1662 2626 Dei
1677 2598 1769 2626 intue-

980 2646 1056 2672 mur?
1070 2645 1213 2681 Splendidi
1238 2645 1313 2672 enim
1333 2648 1398 2671 sunt
1412 2644 1484 2672 oculi
1506 2645 1620 2678 Rachel,
1633 2648 1665 2671 ut
1687 2645 1770 2672 modo

979 2692 1045 2719 dixi.
1053 2692 1233 2726 Posteaquam
1246 2691 1329 2726 igitur
1341 2690 1436 2726 junior
1448 2691 1551 2718 Rachel
1565 2691 1713 2726 Josephum
1721 2698 1769 2725 pe-

979 2738 1062 2773 perit,
1078 2737 1162 2765 Jacoh
1179 2737 1272 2765 statim
1284 2736 1396 2764 domum
1412 2736 1501 2765 redire
1518 2736 1669 2765 contendit.
1685 2736 1771 2764 Reni-

689 2838 699 2853 '
712 2838 813 2866 Jerem.
848 2847 930 2872 xui,
951 2838 1002 2873 33;
1028 2839 1111 2867 Hebr.
1129 2847 1160 2872 ιι,
1179 2840 1222 2867 l6.
1263 2839 1273 2855 ⁵
1286 2839 1365 2868 Joan.
1381 2848 1433 2874 vn,
1459 2838 1502 2868 59.
1531 2839 1541 2855 ⁵
1554 2839 1631 2867 Joan.
1652 2845 1705 2870 1.x,
1719 2836 1764 2865 22.

1569 2907 1588 2935 8
