1990 3050
215 161 268 188 255

713 161 741 188 S.
763 159 900 189 CYlilI.”
918 157 1152 187 ALEXANDRINI
1172 156 1332 185 ARCHll-JP.

1789 158 1840 185 936

213 221 280 249 titur
296 224 387 247 autent
405 221 429 248 ei
447 220 550 253 Labau,
564 226 590 249 et
613 221 787 248 benedictum
796 229 824 248 sc
838 221 885 251 ait,
900 227 995 255 propa-

1052 219 1158 253 γεῖσοαί
1169 227 1252 254 φησιν
1273 220 1312 250 εἰς
1326 219 1429 254 πληθὺν
1451 218 1534 254 ἄρδην
1553 219 1601 254 τῆς
1616 218 1717 254 ἀγέλης
1731 220 1842 254 εὐρυνο-

212 271 273 301 gato
291 266 343 302 ipsi
359 266 386 293 in
403 275 527 302 magnam
554 267 756 295 multitudinem
776 274 866 301 grege.
893 265 997 300 indiget

211 312 284 340 enim
299 312 476 340 vehementer
491 312 609 340 mundus
626 313 690 345 Deo,
710 312 760 339 etsi
784 319 838 338 non
853 311 926 338 dicat
939 310 996 337 for-

213 365 295 391 tasse,
318 359 370 386 scit
399 362 488 386 tamen
502 366 533 385 ac
555 358 701 386 confitetur
723 357 796 393 quod
823 357 914 383 omnia
937 363 997 391 quae

211 402 264 439 ipsi
278 404 311 431 ad
334 405 417 432 vitam
446 409 511 431 sunt
530 404 685 438 bonamque
713 402 938 430 constitutionem
949 410 997 429 nc-

210 449 339 481 ccssaria,
357 457 371 476 a
383 450 438 476 Deo
449 451 513 477 sint.
529 449 617 484 Exigit
629 453 719 476 autem
737 447 889 475 mercedem
902 447 998 475 beatus

211 494 305 527 Jacob,
323 503 411 530 neque
433 495 483 530 ipsi
496 495 613 529 amplius
622 495 706 529 gratis
718 494 830 521 subesse
848 496 915 521 vult.
933 494 998 521 Erat

212 546 302 569 autem
318 549 422 568 merces
433 541 484 576 ipsi
499 541 570 567 haud
583 548 678 575 parum
693 544 795 575 optata,
810 548 875 568 oves
884 541 998 568 maculis

214 595 313 622 sparsae
324 592 352 615 et
362 587 537 615 subcinericii
552 586 660 613 coloris.
680 586 875 621 Superioribus
886 587 998 622 quidem

213 643 246 662 ac
260 634 407 669 praeteritis
423 632 594 667 temporibus
614 632 707 659 innata
728 633 896 668 benignitate
916 641 998 660 mun—

213 681 277 707 dum
290 680 456 715 gubernans,
471 685 521 713 per
531 685 613 713 quem
629 679 721 705 omnia
730 678 800 706 facta
817 679 909 711 sunt',
925 679 999 706 Deus

211 725 341 756 Verbum,
355 723 479 758 permisit
488 731 536 750 eos
551 723 598 758 qui
614 723 640 750 in
654 723 712 758 ipso
725 727 803 750 erant
826 734 834 749 ι
859 724 999 751 ambulare

211 770 240 798 in
256 769 308 796 viis
323 769 390 800 suis,
408 778 417 794 ι
437 769 509 796 sicut
526 769 658 804 scriptum
672 770 745 796 est’.
759 769 839 805 146
852 770 1000 805 Postquam

210 822 274 842 vero
282 815 388 849 peperit
402 815 523 842 Ecclesia
536 823 637 842 novum
647 823 809 850 semperque
831 821 1000 844 crescentem

210 860 340 895 populum
352 880 359 892 ,
375 860 427 888 hoc
447 865 506 893 est,
525 869 572 888 eos
588 862 633 896 qui
648 870 696 897 per
712 862 792 889 fidem
807 863 958 898 spiritalem
972 863 1000 891 in

1053 266 1145 301 μένης.
1166 267 1255 292 Δεῖται
1272 265 1326 301 γὰρ
1345 264 1405 292 λίαν
1427 266 1440 291 ὁ
1464 264 1565 300 κόσμος
1589 265 1671 298 Θεοῦ,
1688 264 1739 292 κᾶν
1760 266 1784 291 εἰ
1807 265 1844 301 μὴ
1893 263 1897 267 “

1051 311 1122 345 λέγει
1143 311 1233 346 τυχὸν,
1259 311 1316 337 ἀλλ’
1342 308 1388 337 οὖν
1411 311 1451 346 τῷ
1467 311 1565 337 ειδέναι
1582 311 1629 337 καὶ
1649 311 1788 346 ὁμολογεῖν
1803 312 1844 338 ὅτι

1051 356 1139 383 πάντα
1155 356 1228 390 αὑτῴ
1245 356 1278 382 τά
1291 364 1321 382 τε
1335 355 1457 391 ζωαρκῆ,
1476 356 1522 382 καὶ
1537 355 1571 382 τὰ
1585 357 1623 387 είς
1641 354 1670 383 εὖ
1683 354 1752 383 εἶναι
1768 357 1844 392 παρὰ

1050 402 1128 428 Θεοῦ.
1161 401 1277 433 Ἐξαιτεῐ
1291 401 1318 428 δὲ
1342 401 1437 437 μισθὸν
1457 402 1472 428 ὁ
1495 402 1630 438 μακάριος
1662 402 1757 429 Ἰακὼϐ
1782 403 1843 438 εἰκῆ

1051 448 1180 482 παρεῖναι
1201 447 1237 482 μὴ
1262 447 1422 482 ἐνεχόμενος
1444 446 1494 473 ἔτι.
1516 448 1572 474 Καὶ
1591 445 1626 482 ἦν
1647 449 1661 474 ὁ
1679 447 1773 483 μισθὸς
1794 447 1844 474 οὐκ

1051 492 1211 528 ἀνεθέλητος
1228 493 1318 528 αὐτῷ,
1339 492 1373 519 τὰ
1395 493 1611 528 κατερῤαμμένα
1632 493 1667 520 τὰ
1691 493 1841 528 σποδοειδῆ.

1051 538 1130 564 Κατά
1145 539 1194 573 μὲν
1206 536 1252 565 οὖν
1266 539 1330 571 τοὺς
1345 538 1448 565 ἄνωθεν
1462 539 1501 565 ἔτι
1511 539 1558 565 καὶ
1573 539 1772 574 παρῳχηκότας
1784 547 1844 565 καις

1053 584 1126 619 ρους.
1136 584 1225 611 καίτοι
1240 585 1349 611 διοικῶν
1367 585 1412 612 τὸν
1435 586 1537 620 κόσμον
1557 584 1594 618 ἐξ
1607 585 1775 621 ἡμερότητος
1794 586 1844 621 τῆς

1052 630 1174 665 ἐμφύτου
1186 631 1232 657 καὶ
1249 631 1430 667 θεοπρεποῦς,
1448 633 1462 658 ὁ
1477 632 1510 660 δι’
1522 628 1552 658 οὗ
1567 632 1600 659 τὰ
1615 633 1703 659 πάντα
1714 632 1780 663 Θεὸς
1795 632 1844 658 Λό-

1052 683 1110 709 γος,
1129 676 1206 710 ἠφίει
1220 677 1282 707 τοὺς
1296 677 1325 703 ὲν
1336 677 1411 712 αὺτῷ
1429 687 1438 702 ι
1460 676 1624 713 πορεύεσθαι
1636 679 1696 709 ταῖς
1711 677 1780 709 ὁδοῖς
1793 678 1844 703 αὖ-

1052 721 1117 754 τῶν,
1136 731 1144 747 ι
1164 721 1236 748 κατά
1252 722 1282 748 τὸ
1298 723 1501 758 γεγραμμένον.
1524 722 1634 758 Ἐπειδὴ
1650 723 1678 749 δὲ
1699 723 1809 749 τέτοκεν
1825 723 1843 758 ή

1059 766 1218 802 Ἐκκλησία,
1241 767 1287 793 τὸν
1311 768 1339 794 ὲν
1359 768 1529 803 προσθήκαις
1552 768 1595 795 ἀεὶ
1617 768 1664 795 καὶ
1687 768 1746 795 νέον
1770 768 1843 799 λαὸν,

1053 813 1185 843 τουτέστι.
1199 813 1262 845 τοὺς
1274 813 1317 840 διὰ
1330 814 1447 846 πίστεως
1461 814 1510 849 τῆς
1525 815 1565 846 εἰς
1577 815 1656 841 αὑτὸν
1666 815 1845 850 ἀναγέννησιν

1053 859 1103 894 ήδη
1118 858 1249 894 λαχόντας
1265 860 1314 895 τὴν
1329 861 1533 895 πνευματικὴν.
1551 861 1662 888 ἀπαιτεί
1677 862 1723 888 τὸν
1741 862 1844 896 κόσμον

210 906 301 941 ipsum
327 907 564 941 regenerationem
595 912 660 935 sunt
687 909 847 940 consecuti,
883 910 968 945 exigit
985 918 995 936 ε

1053 905 1148 940 μισθὸν
1159 905 1252 940 ὥσπερ
1268 906 1329 932 τινὰ
1342 907 1392 941 τῆς
1405 906 1476 942 ὑπὲρ
1489 906 1571 933 αὑτοῦ
1587 907 1716 943 προνοίας
1729 907 1792 938 τοὺς
1804 908 1844 939 είς

209 951 313 978 mundo
327 951 412 978 veluti
427 952 583 980 mercedem
593 954 739 988 quamdam
752 962 808 982 sua:
824 955 857 982 de
868 963 901 982 eo
916 964 999 989 curm,

208 997 339 1025 nimirum
357 998 390 1025 ad
406 998 486 1025 fidem
497 1000 694 1034 promptiores,
704 1008 821 1035 quorum
837 1000 948 1036 quidem
961 1007 1001 1037 ty-

209 1051 261 1078 pus
272 1048 336 1071 sunt
351 1044 488 1071 maculosa
499 1049 527 1072 et
548 1045 687 1073 cinericia.
703 1046 774 1079 Quid
791 1054 857 1074 vero
872 1047 923 1075 hoc
947 1048 999 1075 sibi

208 1088 287 1115 vult?
304 1087 418 1123 Semper
437 1088 495 1116 fere
512 1089 540 1116 in
553 1089 645 1116 ovium
661 1094 689 1117 et
708 1098 852 1125 caprarum
872 1092 1000 1127 gregibus

209 1142 270 1169 qua:
296 1134 379 1161 unius
394 1135 496 1162 coloris
514 1140 589 1168 sunt,
602 1136 761 1170 pastoribus
784 1137 904 1171 gratiora
919 1143 997 1171 sunt;

207 1179 282 1206 varia
294 1184 386 1207 autem
397 1184 425 1206 et
438 1179 577 1207 maculosa
590 1180 742 1208 secundum
756 1181 847 1209 locum
861 1182 997 1215 obtinent,

207 1233 298 1261 neque
310 1226 407 1254 eodem
423 1233 486 1253 cum
503 1226 566 1253 aliis
577 1227 603 1253 in
615 1227 708 1262 pretio
720 1231 793 1254 sunt.
802 1227 876 1254 Lana
885 1228 958 1255 enim
970 1229 998 1256 in

208 1271 242 1299 iis
256 1279 312 1299 non
324 1276 366 1299 est
379 1271 533 1303 uniformis,
553 1271 601 1299 sed
614 1272 750 1308 variegata
775 1273 900 1300 nonnihil
913 1278 941 1301 et
954 1274 998 1301 di—

207 1316 358 1344 versicolor
375 1323 408 1343 ac
422 1316 507 1343 veluti
534 1316 658 1344 confusa.
676 1317 784 1352 Accipit
803 1317 896 1353 itaque
916 1318 998 1346 Chri-

207 1366 266 1389 stus
276 1370 291 1389 a
302 1361 415 1393 mundo,
427 1369 483 1389 non
502 1370 562 1397 quae
574 1363 686 1390 omnino
696 1363 725 1390 in
742 1371 776 1390 eo
787 1369 852 1392 sunt
867 1364 997 1399 pretiosa,

206 1411 235 1435 et
250 1407 284 1434 ab
304 1407 463 1435 hominibus
484 1408 583 1435 selecta
596 1428 603 1441 ,
628 1409 675 1436 sed
697 1409 791 1444 potius
809 1417 870 1444 qua:
885 1409 998 1436 inferio—

209 1461 237 1481 ra
250 1453 413 1488 minoreque
430 1453 457 1480 in
475 1454 563 1489 pretio
578 1455 650 1489 apud
669 1463 718 1482 eos
729 1455 874 1483 habentur.
890 1455 997 1483 Confir-

206 1503 263 1526 mat
271 1503 362 1527 autem
377 1500 430 1528 hoc
443 1500 554 1527 divinus
564 1501 674 1534 Paulus,
692 1499 728 1528 ita
743 1502 921 1529 credentibus
932 1503 999 1529 scri-

206 1545 295 1572 bens:
311 1554 320 1571 ι
338 1545 435 1573 Videte
457 1546 531 1573 enim
546 1547 718 1574 vocationem
741 1538 872 1580 vestram,
885 1548 996 1580 fratres,

205 1591 270 1626 quia
280 1599 335 1619 non
359 1592 438 1621 multi
452 1592 590 1627 sapientes
616 1592 768 1619 secundum
791 1600 902 1620 carnem
915 1613 922 1625 ,
942 1600 996 1620 non

206 1638 286 1665 multi
304 1642 441 1673 potentes,
456 1646 512 1666 non
536 1638 615 1665 multi
629 1638 736 1665 nobiles
749 1648 755 1664 :
767 1638 815 1665 sed
839 1646 900 1673 qua:
914 1639 996 1666 stulta

206 1687 272 1710 sunt
285 1683 381 1710 mundi
391 1684 474 1718 elegit
490 1683 580 1716 Deus,
602 1688 632 1711 ut
644 1683 794 1711 confundat
809 1683 956 1718 sapientes,
969 1690 997 1711 et

206 1729 314 1757 inﬁma
330 1730 425 1757 mundi
441 1730 522 1765 elegit
538 1730 620 1762 Deus,
636 1734 667 1757 ut
679 1730 831 1757 confundat
843 1730 922 1757 fortia
935 1731 966 1757 ιο.
983 1741 992 1757 ι

205 1775 292 1804 Porro
303 1776 356 1803 alia
372 1776 455 1804 etiam
471 1775 578 1803 ratione
592 1775 706 1811 intelligi
723 1780 824 1810 potest,
833 1776 855 1802 si
867 1776 929 1811 quis
938 1776 996 1804 haec

205 1821 366 1857 diligentius
377 1821 518 1856 inquirere
543 1821 621 1854 velit,
645 1821 798 1848 cineratum
814 1821 993 1849 maculosum.

203 1866 257 1900 Qui
273 1867 347 1894 enim
362 1867 390 1894 in
404 1866 513 1894 Christo
533 1866 654 1902 insignes
674 1871 748 1899 sunt,
761 1867 847 1894 veluti
862 1867 995 1895 varietate

204 1911 233 1940 in
247 1913 377 1948 operibus
390 1917 419 1940 et
434 1913 526 1941 verbis
544 1912 652 1948 praditi
667 1913 904 1941 sunt:obscurum
920 1914 995 1941 enim

203 1962 232 1986 et
243 1959 352 1995 nigrum
367 1959 453 1995 ﬁgura
469 1955 511 1987 est
524 1963 606 1994 atque
626 1959 724 1987 umbra
738 1960 861 1995 mysterii
879 1959 993 1993 Christi,

204 2004 435 2040 tenebrosumque
446 2009 474 2032 et
490 2005 638 2032 obscurum
649 2004 730 2040 vulgo
741 2004 775 2031 de
794 2012 827 2031 eo
838 2012 993 2033 sermonem

201 2058 264 2079 esse
274 2051 410 2086 signiﬁcat
423 2060 429 2078 :
449 2051 488 2078 ait
503 2051 578 2078 enim
592 2050 694 2078 alicubi
715 2050 798 2077 etiam
815 2050 924 2078 divinus
940 2051 993 2078 Da-

202 2097 248 2124 vid
271 2098 299 2124 in
316 2097 387 2124 libro
404 2097 573 2125 Psalmorum
591 2104 598 2123 :
625 2105 634 2121 ι
658 2095 753 2123 Posuit
775 2096 903 2124 tenebras
932 2097 994 2124 lati-

202 2142 298 2169 buium
310 2149 402 2174 suum.
423 2142 452 2169 in
467 2142 583 2169 circuitu
594 2142 654 2176 ejus
671 2141 879 2169 tabernaculum
895 2141 992 2178 ipsius.

202 2188 359 2216 Tenebrosa
374 2196 443 2223 aqua
466 2188 495 2215 in
513 2187 635 2215 nubibus
653 2187 763 2220 aeris",
782 2196 792 2213 ι
805 2187 993 2216 difﬁcultatem

201 2235 361 2270 dogmatum
381 2235 416 2262 de
429 2235 486 2262 Deo
501 2241 564 2261 cum
585 2233 762 2261 tabernaculo
774 2241 946 2268 comparans,
965 2238 994 2262 et
1008 2245 1033 2275 ι)

202 2282 331 2309 tenebras
339 2281 490 2316 appellans,
506 2283 534 2307 et
558 2289 567 2305 ι
584 2287 682 2314 aquam
699 2280 873 2307 tenebrosam
889 2280 916 2308 in
937 2287 990 2307 nu-

201 2325 284 2353 bibus
308 2325 389 2353 aeris.
413 2335 422 2351 ι
442 2325 487 2352 Ait
502 2332 568 2351 vero
587 2324 670 2351 etiam
686 2322 825 2359 Sapientia
839 2325 870 2357 ",
895 2324 992 2353 datum

202 2379 262 2398 esse
275 2371 415 2398 nonnullis
427 2370 548 2402 abunde,
568 2378 648 2406 posse
665 2371 818 2406 intelligere
836 2370 989 2406 parabolas,

201 2423 229 2443 et
246 2416 601 2448 tenebrosumsermonem,
628 2416 756 2451 dictaque
784 2416 938 2451 sapientum
963 2421 992 2444 et

201 2461 352 2496 amigmata.
368 2461 586 2489 Profunditatem
597 2462 688 2497 itaque
703 2470 734 2490 ac
741 2462 912 2497 nigredinem
927 2461 993 2495 dog-

201 2511 304 2534 matum
333 2508 367 2534 de
387 2507 498 2534 Christo
521 2508 615 2535 fuscus
645 2507 721 2535 color
740 2507 820 2535 nobis
843 2507 988 2543 signiﬁcat.

201 2553 380 2585 Splendidum
392 2561 456 2581 vero
470 2562 530 2582 esse
543 2563 575 2582 ac
586 2555 663 2590 quasi
676 2555 863 2590 perspicuum,
882 2554 910 2581 in
926 2561 991 2589 ope-

201 2599 290 2631 ribus,
307 2600 428 2635 inquam,
441 2600 562 2636 pietatis,
573 2608 622 2636 per
629 2601 758 2632 alterum,
768 2600 821 2628 hoc
830 2604 873 2627 est
884 2599 989 2631 album,

200 2645 378 2681 signiﬁcatur.
391 2647 497 2674 Idcirco
509 2647 591 2675 etiam
609 2647 731 2674 omnium
748 2647 881 2674 Dominus
894 2646 990 2682 purifi-

200 2692 335 2720 cationem
351 2701 400 2728 per
422 2693 503 2721 ﬁdem
526 2694 554 2721 in
572 2693 712 2721 Christum
736 2693 926 2728 praeiudicavit
948 2693 990 2721 di-

199 2745 265 2765 cens
287 2746 335 2773 per
351 2746 445 2767 vocem
473 2740 613 2774 prophetae
633 2748 639 2767 :
657 2749 665 2765 ι
686 2739 789 2767 Discite
810 2735 988 2771 benefacere,

200 2785 313 2819 quaerite
328 2786 472 2821 judicium,
489 2787 632 2814 subvenite
651 2794 792 2823 oppresso,
811 2785 889 2822 14⁵1
917 2786 989 2822 judi-

237 2875 336 2905 “Joan.
351 2877 403 2911 1,3.
441 2878 452 2894 ⁵
466 2877 597 2911 Zach.m,
614 2877 640 2904 'I.

1050 951 1082 977 τὸ
1100 950 1238 977 πιστεύειν
1250 951 1450 987 ἑτοιμοτέρους,
1465 948 1502 978 ὦν
1519 952 1551 979 ἂν
1567 954 1607 984 εἰς
1625 952 1710 979 τύπον
1727 954 1760 980 τὰ
1779 962 1844 980 σπο-

1050 998 1136 1033 δοειδῆ
1151 999 1197 1025 καὶ
1209 999 1303 1033 ραντά.
1317 999 1349 1024 Τί
1362 999 1393 1034 δὴ
1406 999 1484 1026 τοῦτό
1500 1000 1590 1032 tat-tv;
1610 1000 1664 1026 Ἀεί
1677 1008 1729 1034 περ
1740 1001 1768 1025 ὲν
1783 1002 1844 1032 ταῖς

1050 1043 1112 1070 ὀΐων
1133 1051 1162 1070 τε
1174 1044 1221 1071 καὶ
1235 1044 1324 1078 αίγῶν
1340 1045 1452 1078 ἀγέλαις
1471 1045 1505 1071 τὰ
1521 1045 1642 1080 μονοειδῆ
1655 1046 1712 1077 τοῖς
1728 1046 1843 1081 τρέφου-

1051 1098 1092 1117 σιν
1111 1089 1278 1125 αίρετώτερα
1288 1098 1295 1105 ⁵
1312 1089 1347 1117 τὰ
1365 1091 1393 1117 δὲ
1408 1091 1493 1126 ραντά
1509 1091 1556 1117 καὶ
1572 1091 1775 1126 κατεστιγμένα
1793 1092 1842 1118 τά-

1051 1135 1090 1168 ξιν
1105 1135 1161 1171 ἔχει
1179 1136 1322 1171 δευτέραν,
1339 1137 1385 1163 καὶ
1401 1137 1451 1163 οὐκ
1469 1137 1498 1163 ἐν
1513 1138 1563 1172 ῑσῳ
1577 1137 1648 1172 λόγῳ
1669 1139 1725 1170 τοῖς
1741 1138 1841 1170 ἄλλοις.

1051 1182 1144 1217 Ἐριον
1158 1182 1213 1218 γὰρ
1235 1183 1264 1208 ὲν
1287 1183 1380 1214 αὐταῖς
1403 1183 1433 1209 οὒ
1458 1183 1605 1217 μονοειδὲς,
1629 1183 1686 1210 ἀλλ’
1707 1185 1735 1210 ὲν
1754 1183 1841 1220 βραχὺ

1049 1227 1202 1263 παραλλὰξ,
1225 1227 1387 1263 ὲτερόχρουν
1406 1227 1435 1253 δέ
1461 1228 1535 1254 ἔστιν
1556 1228 1604 1255 καὶ
1621 1229 1703 1255 οἱονεὶ
1725 1237 1842 1264 περιπε-

1050 1273 1199 1308 φυρμένον.
1219 1273 1331 1308 Δέχεται
1344 1273 1433 1300 τοίνυν
1450 1273 1504 1300 ἀπὸ
1519 1273 1566 1300 τοῦ
1589 1273 1691 1310 κόσμου
1713 1275 1841 1310 Χριστὸς,

1049 1318 1108 1352 οὐχὶ
1118 1317 1149 1352 δή
1166 1326 1217 1344 που
1232 1318 1342 1349 πάντως
1352 1318 1385 1344 τὰ
1399 1318 1427 1344 ὲν
1440 1318 1515 1353 αὐτῷ
1530 1318 1618 1353 τίμια.
1631 1319 1679 1345 καὶ
1692 1319 1720 1345 ἐν
1733 1319 1841 1354 ἀνθρώσ

1049 1372 1112 1395 ποις
1127 1364 1276 1396 ἀπόλεκτα,
1292 1363 1349 1390 ἀλλ’
1369 1364 1418 1390 ὅσα
1434 1364 1534 1398 μᾶλλον
1547 1365 1575 1391 ὲν
1591 1365 1682 1394 αὐτοῖς
1700 1365 1729 1391 ὲν
1746 1365 1842 1400 ὑφέσει

1047 1418 1077 1437 τε
1095 1408 1164 1436 εἶναι
1179 1410 1261 1443 δοκεῖ,
1283 1410 1329 1436 καὶ
1345 1410 1395 1436 οὐκ
1418 1411 1447 1436 ἐν
1465 1409 1510 1446 ἴσῃ
1529 1410 1602 1446 δόξῃ.
1624 1410 1794 1438 Πιστώσεται
1811 1411 1840 1438 δὲ

1049 1456 1095 1482 τὸν
1110 1456 1189 1490 λόγον
1205 1457 1251 1482 καὶ
1263 1457 1278 1482 ὁ
1298 1456 1441 1487 θεσπέσιος
1458 1456 1580 1489 Παῦλος,
1601 1457 1765 1484 ἐπιστέλλων
1785 1458 1842 1489 τοῖς

1049 1502 1261 1528 πεπιστευκόσι·
1278 1511 1287 1527 ι
1302 1501 1419 1528 Βλέπετε
1433 1502 1489 1537 γὰρ
1500 1502 1550 1538 τὴν
1560 1502 1654 1538 κλῆσιν
1668 1502 1754 1537 ὑμῶν,
1766 1502 1841 1529 ἀδελ-

1050 1548 1105 1582 φοὶ,
1124 1548 1164 1575 ὅτι
1178 1548 1209 1574 οὐ
1230 1548 1321 1574 πολλοὶ
1342 1547 1421 1582 σοφοὶ
1433 1548 1506 1574 κατὰ
1522 1549 1626 1584 σάρκα,
1640 1549 1670 1575 οὒ
1687 1548 1779 1575 πολλοὶ
1795 1549 1841 1575 δυ-

1051 1593 1135 1626 νατοὶ,
1145 1594 1176 1620 οὐ
1190 1593 1282 1620 πολλοὶ
1298 1594 1432 1628 εὐγενεῖς·
1448 1594 1517 1621 ἀλλά
1529 1595 1563 1621 τὰ
1578 1595 1658 1631 μωρὰ
1671 1596 1719 1622 τοῦ
1737 1595 1840 1630 κόσμον

1048 1639 1189 1672 ἐξελέξατο
1210 1640 1225 1666 ὁ
1237 1639 1314 1673 Θεὸς,
1335 1640 1379 1665 ἵνα
1393 1641 1563 1676 καταισχύνῃ
1578 1642 1642 1672 τοὺς
1662 1642 1776 1675 σοφοὺς,
1793 1643 1841 1669 καὶ

1046 1685 1080 1711 τά
1102 1684 1201 1720 ἀσθενῆ
1216 1683 1264 1711 τοῦ
1283 1685 1385 1721 κόσμου
1401 1685 1541 1717 ἐξελέξατο
1555 1685 1570 1711 ὁ
1588 1685 1665 1717 Θεδς,
1682 1686 1725 1712 ἵνα
1745 1694 1841 1712 uacat-

1048 1730 1132 1766 σχύνῃ
1149 1730 1182 1757 τὰ
1201 1731 1308 1765 ἰσχυρά.
1327 1740 1336 1756 ι
1351 1731 1469 1766 Νοηθείη
1485 1731 1509 1757 δ’
1523 1731 1556 1758 ἂν
1570 1731 1618 1758 καὶ
1630 1732 1741 1767 ἑτέρως,
1760 1731 1842 1767 εἴπερ

1048 1776 1168 1812 βούλοιτό
1191 1785 1234 1808 τις
1253 1777 1414 1812 ἐξακριϐοῦν
1431 1777 1464 1804 τὰ
1483 1778 1584 1809 τοιάδε,
1603 1777 1756 1809 σποδοειδὲς
1773 1779 1839 1813 ῥαν-

1046 1822 1102 1849 τόν.
1127 1822 1252 1849 Ποικίλον
1273 1823 1328 1858 γάρ
1348 1831 1407 1854 πως
1422 1824 1447 1849 oi
1471 1824 1499 1849 ὲν
1521 1824 1632 1859 Χριστῷ
1651 1824 1681 1850 τὸ
1703 1825 1840 1860 εὐπρεπὲς

1046 1867 1154 1902 ἔχοντες
1169 1867 1207 1898 ὡς
1218 1868 1246 1893 ὲν
1259 1867 1351 1903 ἔργοις
1363 1876 1392 1894 τε
1408 1868 1454 1894 καὶ
1469 1867 1567 1902 λόγοις.
1585 1868 1620 1894 Ἰὸ
1637 1869 1685 1904 μὲν
1695 1869 1748 1903 γὰρ
1760 1869 1840 1904 φαιόν

1046 1921 1076 1939 τε
1097 1913 1145 1940 καὶ
1163 1912 1247 1948 μέλαν
1269 1912 1478 1948 καταλογισοείη
1495 1914 1536 1944 είς
1559 1913 1674 1948 αἴνιγμα
1691 1914 1738 1940 καὶ
1758 1915 1839 1940 σκιὰν

1045 1957 1093 1985 τοῦ
1108 1958 1179 1985 κατὰ
1194 1958 1310 1993 Χριστὸν
1328 1958 1488 1993 μυστηρίου,
1505 1958 1551 1985 καὶ
1566 1959 1612 1985 τὸν
1627 1959 1669 1985 ἐπ’
1686 1959 1760 1994 αὐτῷ
1776 1967 1840 1985 σιορ

1045 2003 1134 2029 τεινὸν
1161 2003 1308 2038 ἀσυμφανῆ
1323 2003 1380 2034 τοῖς
1413 2003 1522 2035 πολλοῖς
1550 2003 1722 2039 καταγράψαι
1748 2003 1836 2037 λόγον.

1048 2049 1119 2084 Ἔφη
1136 2049 1190 2084 γάρ
1205 2057 1256 2075 που
1272 2049 1318 2076 καὶ
1332 2049 1346 2075 ό
1360 2049 1502 2080 θεσπέσιος
1517 2049 1598 2076 Δαϐὶδ
1612 2050 1640 2076 ὲν
1657 2049 1752 2086 βιϐλίῳ
1761 2051 1839 2077 Ψαλ-

1047 2093 1116 2129 μῶν,
1141 2094 1181 2120 ὅτι
1201 2103 1209 2119 ι
1225 2093 1321 2120 "lies-ro
1338 2094 1433 2126 σκότος
1444 2094 1606 2130 ἀποκρυφὴν
1625 2095 1707 2121 αὐτοῦ
1719 2115 1725 2127 ,
1744 2095 1838 2130 κύκλῳ

1045 2139 1128 2167 αὐτοῦ
1149 2139 1166 2175 ή
1189 2139 1275 2175 σκηνὴ
1298 2139 1391 2166 αὑτοῦ.
1413 2140 1554 2167 Σκοτεινὺν
1575 2140 1647 2175 ὓδωρ
1667 2141 1696 2166 ὲν
1711 2141 1838 2174 νεφέλαις

1045 2186 1153 2221 ἀέρων·
1174 2195 1183 2212 ι
1207 2185 1238 2212 τὺ
1259 2186 1342 2212 οἱονεὶ
1361 2185 1584 2221 δυσκατάληπτον
1607 2186 1662 2212 τῶν
1684 2187 1749 2222 περὶ
1768 2186 1837 2213 Θεοῦ

1046 2231 1191 2268 δογμάτων
1203 2234 1290 2268 σκηνῇ
1304 2232 1490 2268 παρεικάζων,
1507 2233 1554 2259 καὶ
1565 2232 1706 2267 ὀνομάζων
1716 2233 1761 2258 τὸν
1774 2233 1838 2259 σκό-

1044 2286 1102 2312 τον,
1129 2279 1176 2306 καὶ
1201 2287 1211 2306 ι
1228 2278 1300 2314 ὕδωρ
1333 2279 1469 2306 σκοτεινὸν
1490 2279 1519 2305 ὲν
1546 2279 1671 2313 νεφέλαις
1694 2278 1795 2312 ἀέρων.
1824 2286 1834 2304 ι

1042 2325 1299 2360 Κατεπαγγέλλεται
1326 2325 1356 2353 δὲ
1380 2326 1427 2353 καὶ
1450 2326 1467 2361 ἡ
1493 2325 1578 2359 Σοφία
1599 2323 1656 2350 τισὶ
1680 2321 1834 2358 χαριεῖσθαι

1043 2372 1178 2404 πλουσίως
1192 2372 1222 2398 τὸ
1236 2373 1306 2399 νοεῖν
1317 2371 1445 2398 δύνασθαι
1462 2370 1622 2406 παραϐολὰς
1634 2369 1680 2396 καὶ
1696 2367 1834 2394 σκοτεινὸν

1043 2417 1137 2452 λόγον,
1154 2417 1248 2452 ῥήσεις
1268 2425 1298 2443 τε
1321 2417 1410 2451 σοφῶν
1430 2416 1478 2443 καὶ
1497 2416 1655 2452 αἰνίγματα.
1681 2414 1787 2441 Οὐκοῦν
1805 2414 1837 2441 τὸ

1044 2463 1112 2499 βαθὺ
1125 2463 1172 2490 καὶ
1184 2463 1265 2489 οἱονεὶ
1282 2463 1366 2498 μέλαν
1379 2462 1432 2489 τῶν
1445 2462 1491 2488 ἐπὶ
1505 2461 1623 2498 Χριστοῦ
1639 2461 1792 2496 δογμάτων,
1806 2460 1837 2486 τὸ

1044 2509 1122 2544 φαιὸν
1135 2510 1200 2545 ἡμῖν
1219 2509 1404 2536 ὑπαινίττεται
1417 2508 1527 2544 χρῶμα.
1553 2507 1590 2535 Τὸ
1615 2507 1643 2534 δέ
1660 2515 1691 2542 γε
1708 2506 1836 2542 λαμπρὸν

1043 2557 1091 2584 καὶ
1110 2556 1247 2592 οἰονείπερ
1264 2556 1408 2591 διαφανὲς,
1424 2556 1454 2582 τὸ
1469 2555 1507 2586 ὡς
1522 2555 1552 2581 ἐν
1573 2554 1664 2590 ἔργοις
1682 2553 1754 2589 φημὶ
1778 2555 1835 2586 τοῖς

1043 2603 1102 2630 κατ’
1125 2602 1265 2628 εὐσέϐειαν
1289 2601 1444 2637 παραθήσει
1465 2600 1496 2627 τὸ
1515 2601 1625 2635 ἕτερον,
1645 2600 1786 2632 τουτέστι,
1805 2599 1836 2625 τὸ

1043 2648 1149 2675 λευκόν.
1174 2648 1318 2683 Τοιγάρτοι
1338 2647 1386 2674 καὶ
1409 2648 1423 2673 ὁ
1443 2647 1550 2674 πάντων
1569 2645 1708 2680 Δεσπότης
1731 2645 1781 2680 τὴν
1806 2646 1834 2671 ἐν

1042 2693 1153 2729 Χριστῷ
1183 2692 1302 2724 πίστεως
1330 2692 1464 2727 κάθαρσιν
1491 2691 1718 2727 προκαταμηνύει
1746 2691 1834 2724 λέγων

1042 2739 1086 2766 διὰ
1110 2739 1159 2774 τῆς
1188 2739 1234 2766 τοῦ
1262 2740 1402 2774 προφήτου
1431 2739 1540 2773 φωνῆς·
1571 2748 1580 2764 ι
1613 2737 1722 2765 Μάθετε
1752 2737 1834 2764 καλὸν

1042 2786 1148 2818 ποιεῖν,
1171 2785 1340 2821 ὲκζητήσατε
1363 2784 1473 2820 κρίσιν,
1494 2783 1613 2819 ῥύσασθε
1638 2783 1832 2818 ἀδικούμενον,

682 2876 703 2892 ³³
716 2875 726 2903 l
741 2875 804 2904 Cor.
824 2883 842 2906 ι.
854 2875 899 2904 26.
911 2875 955 2902 27.
998 2874 1018 2890 "
1031 2873 1101 2901 Psal.
1134 2881 1197 2906 xvu,
1221 2873 1264 2900 12.
1304 2872 1421 2901 "Eccli.
1437 2879 1527 2904 nam,
1544 2871 1555 2898 l
1574 2878 1651 2906 seqq.
