1990 3050
144 161 198 190 9'57

650 145 910 177 GLAPHYRORUM
928 145 961 172 IN
983 143 1133 172 GENESIM
1154 143 1217 170 LIB.
1239 142 1270 169 V.

1724 144 1778 171 238

146 222 256 258 κρίνατε
270 217 381 255 ὀρφανῷ
392 238 399 249 ,
416 216 463 242 καὶ
480 212 641 240 δικαιώσατε
655 212 753 247 χήραν,
781 209 827 236 καὶ
841 207 917 234 δεῦτε
928 227 935 239 ,

676 257 694 258 η
718 256 722 258 -
753 254 759 258 ι
771 255 776 258 -
822 249 834 258 ’ν
929 252 935 258 .

999 210 1047 233 :atc
1064 204 1178 239 pupillo,
1208 207 1235 230 et
1252 201 1399 238 justiﬁcate
1427 200 1545 233 viduam,
1572 206 1600 229 et
1624 203 1725 236 venite,
1750 209 1778 230 ει

999 251 1014 258 ..
1084 254 1091 258 .
1164 257 1168 258 ,
1203 249 1261 258 ιι...
1277 248 1406 258 ,ιι-λη-
1435 247 1462 258 σε
1474 255 1535 258 _.-__
1554 247 1631 258 ,ωηεν
1646 253 1652 258 .

147 249 194 293 καὶ
211 249 409 298 διαλεχθῶμεν,
436 260 511 293 λέγει
536 258 649 294 Κύριος.
675 256 729 282 Καὶ
751 254 799 280 ἐὰν
819 249 885 280 ὦσιν
909 252 936 278 αἱ

148 312 281 346 ἁμαρτιαι
307 307 384 343 ὑμῶν
408 307 445 338 ὡς
469 304 618 341 φοινικοῦν,
642 303 679 334 ὼς
705 301 780 337 χιόνα
803 298 935 326 λευκανῶ.

132 357 139 393 ξ
154 357 216 382 Ἐὰν
226 355 247 381 δ’
261 351 328 380 ὦσιν
341 354 380 384 ὡς
390 352 525 381 κόκκινον,
538 350 575 381 ὡς
589 350 661 385 ἔριον
673 345 805 373 λευκανὼ.
824 354 833 370 ι
858 342 938 370 Ἀπό-

149 403 237 429 λεκτοι
252 400 341 428 τοίνυν
354 400 401 426 καὶ
416 399 445 424 ὲν
455 398 526 432 λόγῳ
543 396 581 431 τῷ
594 394 739 430 προῦχοντι
758 391 834 428 παρά
851 399 883 425 γε
900 389 939 424 τῷ

149 449 257 476 πάντων
274 447 381 481 Σωτῆρι
396 443 506 480 Χριστῷ
521 443 545 469 οἱ
564 440 692 476 δευτέραν
714 439 763 474 μὲν
785 438 892 473 ἔχοντες
911 437 939 462 ἐν

147 494 188 530 τῷ
204 494 297 529 κόσμῳ
313 492 400 524 τάξιν.
425 488 583 523 Τεθειμὲνοι
598 487 626 513 δὲ
640 485 734 521 ὥσπερ
756 483 820 519 παρ’
843 482 940 513 ἄλλους

195 539 311 574 μείοσιν,
325 537 373 564 καὶ
387 537 415 562 ἐν
435 535 498 570 δόξῃ
515 531 770 567 πλεονεκτούμενοι,
785 529 941 564 κατερραμ-

152 572 227 619 μένοι
241 583 268 608 δὲ
279 581 373 616 ὥσπερ
386 580 432 606 καὶ
445 579 474 606 τὸ
490 577 609 604 ποικίλον
621 576 728 611 ἔχοντες
743 572 844 609 νοητῶς
859 572 896 603 ὡς
911 572 941 596 ἐν

151 618 229 665 βάθει
244 627 387 662 δογμάτων
402 626 455 652 τῶν
471 625 535 660 περὶ
550 623 617 650 Θεοῦ
629 643 635 654 ,
654 622 700 649 καὶ
716 621 760 647 τὴν
777 621 834 651 τοῖς
851 618 941 649 ἄλλοις

150 675 297 710 ἀσυμφανῆ
315 670 564 701 καταπ).ουτοῦντες
579 669 669 703 λόγον,
686 665 846 701 φαιδρότητί
863 673 891 690 τε
907 665 940 698 τῇ

150 708 212 749 κατς
229 721 369 747 εὐσέϐειαν
385 716 414 745 εὖ
432 717 504 754 μάλα
518 716 692 751 διαπρεπεῖς.
710 712 814 740 Μισθὸν
834 712 882 747 μὲν
896 708 943 737 οὖν

157 767 254 794 Ἰακὼϐ
269 766 302 793 τὰ
319 763 544 801 κατερῤαμμένα.
561 762 629 789 Τίνα
642 761 670 787 δὲ
685 760 785 796 τρόπον
798 757 944 791 κατεσοφίι

151 812 213 844 ζετο
234 813 283 848 μὲν
305 812 350 838 τὸν
374 807 495 842 Λάϐαν,’
506 808 621 834 πλεῖστα
634 806 662 833 δὲ
677 806 727 832 ὅσα
744 804 779 831 τὰ
800 802 943 838 αἱρεθέντα

151 860 233 891 ποιεῖ,
248 855 532 890 πολυπραγμονῶμεν,
547 854 571 879 εί
584 852 666 883 δοκεῖ,
681 850 727 876 καὶ
741 849 772 881 ἐξ
782 847 872 875 αὐτῶν
882 846 944 872 ἀνα-

153 905 283 940 μάθωμεν
299 903 353 929 τῶν
370 901 449 937 ἱερῶν
472 899 656 936 Γραμμάτων.
675 897 751 932 Ἔχει
768 895 823 930 γὰρ
837 893 940 924 οὓτως·

154 939 163 976 ὲ
184 950 284 977 Ἔλαϐε
302 949 330 975 δὲ
351 947 442 981 ἑαυτῷ
464 945 562 973 Ἰακὼϐ
581 944 679 979 ῥάϐδον
696 941 860 977 στυρακίνην
873 939 942 975 χλω-

151 994 212 1030 ρὰν,
226 994 272 1020 καὶ
283 993 426 1028 καρυῖνην,
444 993 490 1017 καὶ
508 989 659 1016 πλατάνου.
679 987 735 1014 Καὶ
752 987 878 1013 ὲλέπισεν
895 985 942 1011 αὖ·

150 1040 200 1071 τὰς
220 1039 317 1066 Ἰακὼϐ
330 1038 485 1072 λεπίσματα
497 1036 592 1068 λευκὰ,
609 1034 766 1070 περισὺρων
780 1033 810 1059 τὸ
827 1032 941 1068 χλωρόν.

157 1085 300 1120 Ἐφαὶνετο
312 1084 340 1110 δὲ
364 1083 410 1110 ἐπὶ
423 1083 484 1113 ταῖς
501 1081 610 1117 ῥάϐδοις
631 1080 662 1106 τὺ
677 1079 785 1110 λευκὸν,
800 1078 814 1104 ὃ
835 1077 943 1104 ἐλέπισε

152 1131 283 1157 ποικίλον.
302 1130 356 1156 Καὶ
371 1129 514 1163 παρέθηκε
536 1127 585 1158 τὰς
611 1125 736 1162 ῥάϐδους,
754 1124 787 1156 ἂς
808 1123 943 1154 ἑλέπισεν,

151 1177 181 1202 ὲν
193 1178 252 1207 ταῖς
267 1175 357 1210 ληνοῖς
377 1173 432 1200 τῶν
448 1171 632 1208 ποτιστηρίων
653 1170 700 1197 τοῦ
715 1169 827 1201 ὕδατος,
840 1168 895 1199 ἵνα,
907 1167 944 1199 ὡς

153 1220 186 1247 ἂν
211 1220 307 1246 ἔλθωσι
328 1218 362 1245 τὰ
388 1217 513 1253 πρόϐατα
528 1218 611 1248 πιεῖν,
627 1215 743 1242 ἐνώπιον
763 1212 817 1240 τῶν
839 1212 959 1248 ῥάϐδων’

153 1265 284 1292 ἐλθόντων
303 1264 392 1291 αὐτῶν
413 1263 453 1294 εἰς
468 1263 500 1289 τὸ
515 1263 598 1294 πιεῖν,
613 1262 801 1295 ἐγκισσὴσωσι
824 1258 859 1285 τὰ
879 1257 946 1293 πρό-

153 1312 223 1338 ϐατα
240 1313 280 1343 εἰς
297 1311 346 1342 τὰς
361 1309 485 1345 ῥάϐδους.
504 1309 559 1335 Καὶ
573 1308 678 1334 ἔτικτον
694 1306 730 1333 τὰ
746 1306 870 1342 πρόϐατα
886 1304 945 1331 διά-

152 1360 236 1386 λευκα
249 1380 257 1392 ,
274 1359 320 1385 καὶ
336 1358 458 1390 ποικίλα,
480 1356 528 1383 καὶ
550 1354 690 1390 σποδοειδῆ
712 1353 807 1389 ραντά.
828 1352 898 1383 Τοὺς
917 1351 946 1378 δὲ

153 1406 256 1442 ἀμνοὶις
270 1404 415 1432 διέστειλεν
443 1402 555 1434 Ἰακὼϐ,
571 1401 618 1428 καὶ
633 1401 731 1435 ἔθηκεν
755 1399 876 1426 ἐναντίον
892 1397 947 1424 τῶν

153 1450 298 1485 προϐάτων
316 1448 391 1484 κριὸν
406 1446 557 1477 διάλευκον,
574 1446 620 1472 καὶ
641 1447 694 1471 πᾶν
709 1443 828 1471 ποικίλον
847 1443 875 1468 ὲν
890 1443 947 1473 τοῖς

154 1497 259 1531 ἁμνοίς.
279 1495 332 1521 Καὶ
345 1494 502 1529 διεχώρισεν
521 1490 611 1527 ἑαυτῷ
628 1490 743 1525 ποίμνια
756 1488 817 1516 καθ’
837 1487 946 1520 ἑαυτὸν,

154 1543 200 1569 καὶ
221 1542 272 1568 οὐκ
296 1540 389 1576 ἔμιξεν
413 1539 482 1567 αὐτὰ
500 1540 538 1571 εἰς
561 1538 596 1564 τὰ
621 1537 745 1572 πρόϐατα
769 1535 817 1562 τοῦ
843 1535 946 1561 Λάϐαν.

161 1589 283 1623 Ἐγένετο
293 1588 321 1614 δὲ
337 1589 365 1614 ὲν
382 1586 420 1622 τῷ
436 1585 524 1621 καιρῷ
534 1581 555 1619 ᾧ
571 1583 718 1610 ὲνεκίσσων
731 1582 765 1608 τὰ
780 1580 903 1616 πρόϐατα
920 1581 948 1606 ἐν

155 1635 255 1670 γαστρὶ
265 1634 451 1669 λαμϐάνοντα,
465 1632 561 1666 ἔθηκεν
580 1629 677 1656 Ἰακὼϐ
688 1628 737 1659 τὰς
748 1628 862 1663 ῥάϐδους
874 1627 949 1652 ὲναν-

156 1682 212 1708 τίον
229 1681 282 1707 τῶν
297 1679 441 1715 προϐάτων
464 1679 492 1704 ὲν
516 1677 575 1708 ταῖς
594 1675 694 1711 ληνοῖς,
715 1673 761 1700 τοῦ
784 1672 948 1706 ὲγκισσῆσαι

156 1727 226 1755 αὐτὰ
240 1727 311 1754 κατὰ
328 1725 377 1756 τὰς
394 1723 519 1759 ῥάϐδους.
540 1721 638 1749 Ἤνίκα
649 1721 677 1747 δὲ
690 1719 723 1747 ἃν
741 1718 817 1746 ἔτεκε
835 1717 868 1744 τὰ
883 1717 948 1752 πρό-

158 1773 227 1801 ϐατα
237 1794 244 1805 ,
260 1772 312 1798 οὒκ
323 1770 418 1798 ἐτίθει.
438 1770 561 1804 Ἐγένετο
573 1767 601 1794 δὲ
614 1767 649 1794 τὰ
663 1766 758 1801 ἄσημα
776 1763 823 1791 τοῦ
844 1763 947 1795 Λάϐαν,

156 1818 194 1845 τὰ
209 1818 238 1844 δὲ
253 1816 377 1852 ἐπίσημα
392 1814 438 1841 τοῦ
459 1813 566 1841 Ἰακώϐ¹
581 1812 629 1839 καὶ
643 1810 809 1845 ἐπλούτησεν
821 1811 834 1836 ὁ
847 1807 950 1844 ἀνθρω-

157 1872 208 1895 πος
223 1863 324 1898 σφόδρα
337 1861 450 1897 σφόδρα.
470 1869 479 1886 ι
493 1858 658 1895 Ποιμενικῆς
673 1857 720 1893 μὲν
735 1854 780 1883 οὖν
794 1855 949 1889 ἐπιστήμης

158 1911 188 1938 τὸ
203 1910 301 1937 εἰδέναι
315 1908 415 1944 φαμὲν,
429 1907 471 1934 ὃτι
484 1907 539 1938 τοῖς
551 1905 699 1943 ὁρωμένοις
710 1903 744 1930 τὰ
760 1901 866 1938 ἐμφερῆ
881 1901 949 1928 πάν-

157 1965 210 1984 των
225 1964 254 1982 τε
269 1955 316 1982 καὶ
332 1954 440 1986 πάντως
457 1952 615 1980 ἁποτέκοιεν
634 1950 666 1977 ἂν
685 1950 740 1981 bis;
755 1957 784 1975 τε
799 1949 845 1975 καὶ
861 1944 948 1980 αἶγες,

158 2002 205 2029 καὶ
228 2002 285 2033 τοῖς
308 2000 363 2027 τῶν
387 1998 619 2035 παραπιπτόντων
645 1996 774 2031 χρώμασι
795 1994 892 2028 γένοιτ’
917 1992 949 2019 ἂν

159 2047 270 2084 ὁμοειδῆ
280 2047 315 2073 τὰ
325 2046 355 2078 ὲξ
365 2045 465 2079 αὐτῶν,
475 2045 498 2071 εἰ
514 2045 542 2071 ὲν
554 2043 593 2079 τῷ
605 2043 701 2078 κιττᾷν
711 2041 848 2068 θεάσαιτο.
858 2038 949 2065 Ἔοικε

158 2093 186 2121 δέ
201 2102 260 2125 πως
273 2094 329 2124 τοῖς
345 2091 415 2119 κατὰ
430 2091 511 2126 φύσιν
527 2090 558 2117 τδ
578 2089 672 2125 χρῆμα
692 2085 889 2122 κατορθοῦσθαι
908 2085 951 2112 νό-

161 2148 232 2175 μοις.
256 2139 382 2175 Ἀῥρητα
400 2138 428 2164 δὲ
451 2137 486 2164 τὰ
509 2135 621 2163 τοιαῦτα
643 2132 802 2164 παντελῶς,
822 2131 870 2158 καὶ
891 2130 951 2161 ταῖς

161 2186 308 2221 ἡμετέραις
330 2184 444 2215 ἐννοίαις
467 2181 577 2216 ἀστιϐῆ.
609 2179 759 2207 ’Δπόλεκτα
779 2177 807 2205 δὲ
831 2177 866 2203 τὰ
884 2183 950 2202 σπο-

988 251 1184 285 disceptemus,
1198 249 1264 276 dicit
1277 248 1417 275 Dominus.
1435 247 1464 274 Si
1474 255 1539 275 vero
1553 247 1655 275 fuerint
1667 253 1778 283 peccata

988 302 1080 325 vestra
1094 301 1125 324 ut
1146 296 1300 327 coccinum,
1311 295 1390 330 quasi
1404 295 1453 322 nix
1471 295 1673 323 dealbabuntur
1690 304 1697 322 :
1715 300 1742 323 et
1755 296 1778 323 si

989 342 1092 370 fuerint
1119 342 1202 368 rubra
1226 341 1305 376 quasi
1325 341 1504 372 vermiculus,
1528 340 1604 368 velut
1628 341 1690 368 alba
1718 342 1779 369 lana

989 388 1110 416 erunt”.
1131 398 1139 413 ι
1160 387 1263 415 Delecti
1286 387 1370 422 igitur
1391 386 1544 422 majorique
1560 386 1589 413 in
1608 386 1697 421 pretio
1717 391 1781 415 sunt

990 434 1061 468 apud
1074 433 1197 461 omnium
1211 433 1380 461 Salvatorem
1392 433 1545 465 Christum.
1554 432 1601 468 qui
1614 433 1781 460 deteriorem

991 482 1019 509 in
1038 480 1141 508 mundo
1165 481 1257 508 locum
1272 480 1409 511 obtinent,
1438 484 1466 507 et
1481 480 1509 506 in
1537 479 1662 507 inferiori
1684 479 1782 507 ordine

990 535 1047 563 prae
1067 527 1128 554 aliis
1159 527 1296 559 collocati,
1325 526 1466 561 gloriaque
1485 526 1625 561 superati;
1650 526 1781 553 maculosi

990 581 1058 601 vero
1078 573 1290 608 quodammodo,
1303 577 1331 600 et
1342 573 1521 608 spiritualiter
1532 573 1662 608 variegati
1674 573 1702 599 in
1716 580 1781 607 pro-

992 620 1126 647 funditate
1140 620 1298 654 dogmatum
1313 619 1346 646 de
1360 619 1425 651 Deo,
1439 626 1623 653 sermoneque
1633 619 1693 647 aliis
1705 618 1782 646 inco-

992 667 1068 702 gnito
1087 666 1256 701 locupletati,
1277 669 1301 693 et
1321 665 1467 700 splendore
1492 665 1603 699 pietatis
1628 664 1781 699 conspicui.
1822 682 1825 685 ν

994 713 1098 740 Merces
1113 711 1297 746 itaqueJacob
1313 711 1388 738 varia
1400 716 1427 738 et
1450 711 1598 738 maculosa.
1611 710 1672 743 Quo
1690 715 1783 737 autem

993 762 1073 794 pacto
1085 752 1225 794 deceperit
1247 757 1352 789 Laban,
1375 757 1522 792 omniaque
1539 764 1601 792 quae
1609 756 1728 784 voluerit
1743 756 1783 784 l'e-

993 805 1071 837 cerit,
1088 804 1270 839 inquiramus,
1286 803 1307 830 si
1320 803 1418 838 placet.
1443 807 1526 838 atque
1550 811 1584 830 ex
1609 803 1677 838 ipsis
1698 803 1786 830 sacris

994 850 1106 878 Litteris
1117 850 1265 877 discamus.
1276 849 1316 876 lta
1331 849 1403 876 enim
1416 849 1534 876 habent:
1550 859 1558 874 ι
1571 849 1783 884 Accepitautem

994 896 1078 923 Jacob
1092 895 1196 930 virgam
1207 895 1352 930 populeam
1364 895 1491 927 viridem,
1508 898 1534 922 et
1552 902 1678 927 nuceam,
1689 898 1716 922 et
1725 895 1784 930 pla-

996 942 1063 974 tani,
1084 945 1112 969 et
1129 941 1310 969 decorticavit
1329 941 1369 968 eis
1390 941 1474 968 Jacob
1490 941 1607 968 cortices
1633 941 1718 973 albas,
1733 941 1787 968 cir-

995 988 1165 1016 cumvellens
1175 987 1273 1014 viride.
1289 987 1423 1021 Apparuit
1437 991 1529 1013 autem
1540 986 1568 1013 in
1580 986 1663 1021 virgis
1682 986 1785 1019 album,

996 1035 1070 1070 quod
1089 1033 1285 1066 decorticavit,
1306 1034 1423 1065 varium,
1448 1036 1476 1059 et
1486 1033 1579 1068 posuit
1609 1033 1701 1067 virgas
1719 1040 1788 1068 quas

997 1080 1196 1112 decorticavit,
1220 1080 1249 1107 in
1269 1079 1412 1107 canalibus
1436 1079 1604 1106 concharum
1619 1087 1715 1114 aqum,
1741 1083 1786 1109 ut,

997 1135 1061 1154 cum
1084 1127 1212 1154 venirent
1238 1134 1304 1153 oves
1329 1126 1362 1153 ad
1385 1125 1555 1157 bibendum,
1586 1126 1614 1152 in
1639 1129 1789 1160 conspectu

997 1172 1135 1207 virgarum
1151 1171 1326 1198 venientibus
1343 1170 1408 1205 ipsis
1428 1170 1462 1197 ad
1474 1169 1639 1202 bibendum,
1663 1169 1790 1204 concipe-

998 1223 1136 1246 rentoves
1147 1218 1180 1245 ad
1193 1217 1292 1253 virgas.
1308 1217 1342 1244 Et
1352 1220 1519 1252 pepererunt
1535 1223 1600 1243 oves
1616 1215 1746 1243 subalbas
1761 1220 1791 1243 et

997 1264 1098 1295 varias,
1113 1263 1285 1291 etcineratas
1300 1269 1417 1298 sparsas.
1433 1262 1468 1288 At
1482 1269 1565 1296 agnos
1585 1262 1723 1296 separavit
1743 1262 1789 1289 Ja-

999 1310 1061 1343 cob,
1077 1315 1105 1337 et
1114 1309 1206 1344 posuit
1221 1316 1313 1336 coram
1332 1307 1430 1336 ovibus
1445 1307 1558 1334 arietem
1571 1307 1716 1334 subalbum
1729 1328 1735 1339 ,
1763 1312 1791 1335 ct

999 1363 1081 1383 omne
1094 1356 1201 1382 varium
1214 1354 1242 1381 in
1259 1354 1345 1389 agnis.
1365 1354 1399 1381 Et
1413 1354 1549 1388 separavit
1568 1353 1621 1380 sibi
1633 1361 1729 1389 greges
1743 1361 1792 1389 per

999 1401 1130 1436 seipsum,
1147 1405 1175 1428 et
1186 1408 1241 1427 non
1255 1400 1368 1427 miscuit
1378 1407 1425 1426 eos
1434 1407 1496 1426 cum
1507 1399 1606 1426 ovibus
1619 1399 1722 1426 Laban.
1738 1399 1791 1427 Fa-

1000 1450 1075 1473 etum
1092 1449 1134 1472 cst
1145 1449 1237 1472 autem
1251 1445 1278 1471 in
1303 1449 1426 1478 tempore
1448 1451 1503 1478 quo
1515 1448 1702 1478 conceperunt
1726 1450 1792 1472 oves

1001 1493 1029 1520 in
1043 1496 1121 1519 utero
1138 1491 1314 1526 accipientes,
1327 1490 1419 1525 posuit
1429 1490 1514 1517 Jacob
1528 1490 1618 1525 virgas
1629 1497 1721 1517 coram
1734 1491 1794 1517 ovi-

1001 1538 1053 1565 bus
1068 1538 1096 1564 in
1110 1537 1261 1569 canalibus,
1271 1536 1485 1570 uteonciperent
1496 1535 1561 1571 ipsae
1573 1535 1724 1563 secundum
1734 1537 1792 1564 vir-

1002 1590 1058 1617 gas.
1076 1581 1190 1614 Quando
1210 1585 1300 1608 autem
1326 1580 1470 1615 pariebant
1487 1588 1563 1612 oves,
1590 1588 1646 1607 non
1662 1579 1792 1615 ponebat.

1002 1628 1084 1655 Facta
1099 1632 1164 1655 sunt
1176 1630 1267 1654 autem
1286 1634 1340 1654 non
1351 1626 1456 1661 signata
1468 1625 1573 1657 Laban,
1588 1630 1615 1653 at
1630 1625 1734 1661 signata
1746 1626 1793 1653 Ja-

1002 1673 1063 1700 cob.
1077 1673 1111 1700 Et
1128 1673 1231 1700 ditatus
1242 1677 1284 1699 est
1299 1672 1382 1699 homo
1395 1671 1475 1698 valde
1497 1670 1581 1699 nimis
1593 1671 1624 1698 ¹⁸.
1642 1680 1652 1696 ι
1669 1671 1793 1698 Pastori~

1004 1718 1048 1745 tiae
1061 1718 1145 1753 igitur
1168 1717 1289 1744 scientiae
1303 1721 1345 1744 est
1358 1716 1443 1746 scire.
1456 1716 1578 1750 inquam,
1598 1716 1672 1751 quod
1684 1723 1751 1743 oves
1765 1719 1794 1744 et

1003 1772 1090 1799 caprae
1101 1763 1205 1795 similes
1218 1763 1298 1798 plane
1315 1762 1388 1789 l‘etus
1404 1761 1439 1789 iis
1455 1762 1538 1789 rebus
1558 1769 1626 1796 quas
1647 1761 1791 1795 vidissent,

1003 1813 1151 1845 parerent,
1179 1814 1207 1837 et
1225 1809 1396 1844 objectorum
1422 1815 1483 1842 quae
1503 1815 1598 1835 earum
1620 1808 1708 1841 visui,
1727 1808 1793 1836 dum

1003 1855 1190 1890 conciperent,
1214 1857 1410 1885 occurrerent,
1425 1853 1533 1880 colores
1548 1861 1605 1888 pra:
1626 1860 1656 1880 se
1678 1853 1793 1881 ferrent.

1003 1901 1119 1929 Videtur
1134 1904 1227 1927 autem
1248 1899 1275 1926 id
1290 1898 1408 1926 naturali
1418 1898 1536 1933 quadam
1549 1899 1608 1934 lege
1623 1899 1794 1935 contingere.

1002 1947 1038 1976 At
1046 1955 1111 1975 vero
1124 1945 1281 1981 hujusmodi
1296 1944 1381 1971 nullis
1393 1944 1486 1971 verbis
1512 1943 1646 1979 explicari
1668 1948 1793 1980 possunt,

1005 2001 1096 2029 neque
1108 1992 1208 2020 mentis
1220 1994 1320 2019 nostra:
1334 1990 1408 2018 acies
1422 1997 1457 2017 eo
1470 1990 1609 2025 pertingit.
1627 1990 1711 2018 Jacob
1728 1998 1796 2018 vero

1003 2040 1114 2068 divinus
1126 2045 1221 2066 rursus
1238 2036 1359 2064 cinerata
1389 2039 1418 2063 et
1431 2043 1541 2070 aspersa
1558 2036 1635 2071 juxta
1659 2037 1794 2065 visionem

1003 2087 1125 2115 divinam
1139 2083 1249 2120 delegit.
1268 2082 1349 2118 “.8
1370 2081 1444 2109 Dixit
1459 2081 1534 2109 enim
1547 2081 1648 2109 alicubi
1663 2082 1697 2109 ad
1715 2082 1793 2110 Liam

1003 2137 1032 2161 et
1050 2132 1154 2160 Rachel
1170 2140 1176 2158 :
1198 2139 1206 2157 ι
1233 2130 1268 2158 Et
1294 2129 1396 2157 factum
1416 2132 1469 2161 est,
1485 2127 1595 2163 quando
1607 2134 1795 2164 eonceperunt

1005 2183 1084 2207 utero
1106 2185 1181 2209 oves,
1196 2179 1224 2204 et
1243 2175 1299 2203 vidi
1314 2174 1400 2202 oculis
1414 2173 1484 2201 meis
1511 2173 1539 2201 in
1554 2181 1666 2206 somno,
1682 2178 1710 2201 et
1729 2181 1795 2202 ecce

160 2219 309 2267 deamque).
322 2227 539 2266 κατερῤαμμένα
553 2225 624 2254 κατὰ
641 2225 716 2252 θείαν
731 2224 822 2260 ὀμφὴν
834 2223 946 2249 ἐποιεῖτε

1005 2223 1075 2252 hirci
1087 2228 1116 2251 et
1131 2222 1233 2250 arietes
1245 2224 1326 2249 erant
1341 2219 1522 2247 ascendentes
1535 2226 1618 2254 super
1635 2227 1702 2246 oves
1709 2223 1737 2246 et
1750 2227 1796 2248 ca-

161 2276 242 2304 πάλιν
254 2277 268 2302 ὀ
283 2275 424 2306 θεσπέσιος
440 2272 550 2300 Ἰακώϐ.
566 2272 638 2306 Ἔφη
651 2271 705 2306 γάρ
721 2277 772 2295 που
787 2268 855 2303 πρὸς
870 2267 951 2294 Λείαν

162 2331 191 2349 τε
203 2323 251 2349 καὶ
269 2321 373 2358 Ραχήλ’
390 2331 399 2347 ι
408 2320 463 2347 Καὶ
472 2319 581 2354 ἐγένετο
591 2317 671 2354 ἡνίκα
685 2315 831 2343 ὲνεκίσσων
845 2313 953 2344 τὰπρό-

163 2369 233 2395 ϐατα
247 2369 276 2394 ὲν
289 2367 389 2402 γαστρὶ
409 2365 601 2402 λαμϐάνοντα,
620 2362 669 2390 καὶ
688 2359 758 2388 εἶδον
776 2361 833 2391 τοῖς
850 2358 954 2394 ὀφθαλ-

164 2416 224 2450 μοῖς
241 2423 291 2449 μου
302 2415 331 2440 ὲν
343 2413 382 2448 τῷ
394 2412 481 2448 ὕπνῳ.
496 2410 552 2438 Καὶ
565 2409 619 2437 ίδοὺ
635 2409 659 2436 οἱ
673 2407 769 2444 τράγοι
784 2406 832 2433 καὶ
844 2406 868 2432 οἱ
881 2405 954 2441 κριοὶ

162 2460 353 2491 ἀναϐαίνοντες
376 2458 447 2495 ἦσαν
463 2458 509 2485 ἐπὶ
530 2457 579 2489 τὰς
595 2454 677 2490 αἶγας
697 2455 743 2481 καὶ
756 2453 791 2480 τὰ
812 2451 952 2488 πρόϐατα,

162 2507 296 2534 statam;
311 2507 358 2533 καὶ
377 2505 511 2538 ποικίλοι,
527 2504 575 2531 καὶ
593 2501 754 2532 σποδοειδείς
771 2498 872 2536 ῥαντοί.
900 2498 954 2525 Καὶ

164 2550 223 2580 εἷπὲ
248 2561 292 2588 μοι
308 2553 323 2579 ό
347 2551 462 2586 ἄγγελος
484 2549 531 2578 τοῦ
554 2548 620 2576 Θεοῦ
644 2547 703 2575 καθ’
724 2546 824 2573 ὕπνον·
844 2543 952 2571 Ἰακώϐ.

1005 2277 1078 2305 pras,
1088 2268 1194 2296 subalbi
1208 2272 1237 2295 et
1245 2266 1324 2299 varii,
1334 2266 1537 2300 ciueratiqueet
1547 2264 1676 2300 respersi;
1688 2269 1716 2292 et
1727 2265 1796 2292 dixit

1005 2315 1072 2343 mihi
1088 2313 1202 2349 angelus
1222 2312 1271 2339 Dei
1299 2312 1326 2338 in
1346 2318 1443 2338 somno
1463 2318 1469 2336 :
1485 2309 1579 2337 Iacob.
1594 2309 1629 2336 Et
1654 2309 1794 2344 respondi,

1005 2359 1077 2394 Quid
1101 2359 1165 2386 est?
1178 2357 1213 2385 Et
1224 2356 1293 2384 dixit
1304 2355 1372 2382 mihi
1391 2365 1398 2381 ε
1416 2355 1532 2390 Respice
1555 2354 1644 2382 oculis
1668 2355 1742 2388 tuis,
1767 2358 1796 2381 et

1007 2405 1071 2433 vide
1085 2404 1178 2431 hircos
1190 2405 1218 2430 et
1233 2401 1335 2429 arietes
1344 2400 1525 2428 ascendentes
1536 2407 1618 2435 super
1630 2407 1696 2427 oves
1707 2403 1736 2427 et
1747 2407 1795 2427 ca-

1008 2460 1083 2488 pras,
1095 2450 1235 2481 subalbos,
1245 2448 1347 2478 varios.
1357 2446 1495 2474 cineratos
1508 2451 1537 2474 et
1548 2454 1658 2482 sparsos
1670 2446 1701 2473 ¹⁸.
1713 2456 1721 2472 ι
1733 2446 1796 2475 Haec

1007 2499 1090 2533 igitur
1101 2497 1138 2523 ait
1146 2502 1221 2523 sacra
1229 2493 1382 2528 Scriptura.
1398 2491 1533 2520 Caeterum
1541 2500 1601 2528 age,
1611 2492 1796 2527 praetermisso

1007 2542 1106 2571 humili
1118 2541 1241 2569 historiae
1256 2546 1350 2571 sensu,
1367 2538 1401 2566 ad
1410 2537 1545 2573 spiritalia
1562 2537 1794 2566 conscendamus.

169 2596 240 2632 Ἐγὼ
248 2583 282 2625 ’δὲ
296 2597 361 2625 εἶπα
371 2583 379 2612 ί
391 2583 427 2624 Ἦ
441 2597 516 2628 ἐστι;
536 2595 593 2622 Καὶ
617 2593 702 2620 εἳπεψ
723 2591 886 2626 Ἀνάϐλεψον
901 2592 956 2622 τοῖς
975 2589 1124 2624 ὀφθαλμοῖς
1152 2595 1211 2618 σου,
1222 2586 1269 2612 καὶ
1287 2585 1325 2611 ῑδὲ
1343 2584 1407 2617 τοὺς
1421 2584 1552 2620 τράγους,
1564 2583 1612 2610 καὶ
1628 2583 1691 2615 τοὺς
1703 2583 1796 2619 κριοὺς

165 2631 358 2675 ἀναϐαίνοντας
375 2643 421 2669 ἐπὶ
436 2642 470 2668 τὰ
484 2640 609 2677 πρόϐατα
624 2640 672 2667 καὶ
694 2639 744 2671 τὰς
757 2637 836 2673 αῐγας
850 2637 1018 2669 διαλεύκους,
1033 2636 1080 2663 καὶ
1106 2633 1261 2665 ποικίλους,
1283 2632 1330 2659 καὶ
1349 2631 1513 2663 σποδοειδεῖς
1535 2631 1659 2667 ραντούς.
1677 2641 1687 2658 ι
1709 2631 1795 2658 Ταυτὶ

168 2692 218 2727 μὲν
231 2688 277 2716 οὖν
290 2697 357 2724 φησι
374 2687 405 2714 τὸ
418 2676 540 2723 Γραμμα
556 2685 586 2712 τὺ
600 2685 680 2721 ἱερόν.
699 2683 781 2710 Ἀλλὰ
801 2683 866 2719 φέρε
882 2682 932 2714 ei;
955 2680 1074 2717 ἱστορίας
1089 2680 1119 2706 τὸ
1133 2677 1273 2714 χθαμαλὸν
1303 2676 1500 2713 ὑποτρέχοντες
1510 2695 1518 2708 ,
1543 2676 1732 2713 ἀναϐαινωμεν
1749 2677 1796 2705 ἐπὶ

168 2738 204 2766 τὰ
224 2733 409 2771 πνευματικά.

205 2784 238 2811 δ’.
252 2781 363 2812 Ῥάϐδος
372 2781 437 2815 ἡμῖν
447 2776 656 2813 αἱνιγματοῶὦς
667 2774 816 2811 ἐπιγράφει
830 2774 912 2801 πάλιν
922 2773 968 2800 τὸν

1038 2773 1066 2800 4.
1084 2771 1164 2807 Virga
1180 2769 1259 2798 nobis
1269 2769 1383 2806 ﬁgurate
1397 2769 1571 2798 adumbravit
1582 2770 1673 2798 denuo
1684 2769 1796 2796 Emma-

175 2826 360 2865 Ἐμμανουήλ.
376 2814 539 2861 Ὦνόμασται
556 2823 610 2859 γὰρ
621 2823 670 2849 ὡδὶ
687 2821 761 2858 παρὰ
783 2822 817 2856 τῇ
837 2819 946 2847 θεοπνεύ

1001 2817 1121 2845 nuelcm.
1133 2817 1171 2844 Ita
1182 2815 1255 2843 enim
1267 2815 1295 2843 in
1306 2815 1455 2852 Scripturis
1463 2820 1577 2844 vocatus
1586 2818 1638 2843 est.
1653 2824 1661 2840 ι
1675 2814 1709 2842 Et
1719 2821 1796 2850 egre-

210 2886 233 2904 ¹³
245 2886 327 2919 15.1.1,
350 2882 450 2917 17,18.
544 2882 565 2898 ’⁵ο
582 2881 722 2912 Gcn.xxx,
751 2879 795 2912 37,
818 2877 861 2904 l5.

901 2877 920 2892 ”
948 2875 1016 2903 Gen.
1045 2881 1117 2907 χχχι,
1142 2872 1232 2900 10-12.
