1990 3050
184 129 240 156 239

701 128 729 156 S.
751 129 889 158 CYRILLl
911 126 1148 155 ALEXANDRINI
1168 127 1326 154 ARClllEP.

1770 123 1825 151 ειο

188 187 280 214 dictur
288 187 389 223 vlrga,»
403 186 491 222 inquit
505 185 614 214 divinus
623 185 717 219 Isaias,
731 196 740 212 ‹
751 195 785 214 ex
792 186 883 214 radice
892 185 979 217 Jesse,

1033 201 1088 228 στῳ
1100 193 1206 228 Γραφῇ.
1225 193 1339 223 Ἡσαΐας
1353 191 1403 227 μὲν
1418 191 1472 227 γὰρ
1483 191 1497 217 6
1513 188 1670 221 θεσπέσιος“
1689 197 1698 214 ι
1710 189 1765 216 Καὶ
1782 188 1824 221 ἐξ-

188 235 216 258 et
227 232 277 260 llos
292 231 326 259 de
339 231 431 260 radice
446 232 552 259 orietur
567 231 598 258 ”.
617 241 626 258 ι
642 231 682 259 Ad
697 231 836 259 caelestem
848 238 915 257 vero
927 230 978 257 Pa-

189 281 258 304 trcm
272 285 304 305 ac
322 278 418 310 Deum,
435 278 530 305 induta
542 285 659 313 persona
674 277 855 309 credentium,
869 275 979 303 divinus

187 322 274 350 David
291 323 424 350 exclamat
445 332 452 350 :
469 333 477 349 ι
494 323 574 358 Virga
590 327 637 350 tua
657 326 686 350 et
701 322 816 350 baculus
837 327 902 349 tuus
923 321 981 356 ipsa

188 377 232 396 me
245 370 384 396 consolata
395 373 459 396 sunt
472 369 502 395 ⁸⁷.
520 379 528 394 ι
544 368 678 395 Solatium
691 368 764 395 enim
776 367 867 402 adepti
886 374 981 394 sumus

189 415 217 441 in
225 414 345 447 Christo,
357 419 386 441 et
396 414 485 449 ipsum
497 414 623 441 columen
638 418 760 440 nostrum
772 412 895 440 fecimus.
909 412 982 440 Scri-

187 464 265 495 ptum
279 465 322 488 est
335 461 410 487 enim
423 469 429 487 ι
446 469 455 486 ι
477 459 657 487 Conﬁrmabit
669 459 757 494 justos
773 458 904 486 Dominus
920 458 952 485 ¹⁸.
967 467 976 484 ›

147 500 152 503 ’
186 506 274 534 Nobis
283 507 374 542 itaque
385 506 475 541 capris
484 505 663 532 rationalibus
672 505 801 540 gregibus
810 513 858 540 per
869 505 981 532 univcr-

186 560 250 580 sum
269 552 364 580 orbem
381 557 526 584 terrarum,
539 555 621 586 atque
637 550 664 578 in
680 554 736 578 toto
752 551 865 584 mundo,
877 551 980 586 virgam

184 597 394 634 quodammodo
407 597 554 631 quamdam
564 596 692 624 Christus
707 597 827 631 seipsum
840 597 978 632 proponit.

188 644 298 679 Virgam
310 647 400 670 autem
413 650 467 669 non
481 643 652 678 simpliciter,
664 642 712 670 sed
723 643 878 678 populeam,
892 647 919 670 et
929 651 982 669 nu-

186 697 274 721 ceam,
289 697 320 716 ac
340 689 425 715 veluti
444 696 478 715 ex
490 689 610 723 platano.
629 689 720 716 Arbor
734 697 801 716 vero
816 689 874 716 hzec
889 689 916 716 in
935 697 979 717 re-

186 735 330 762 ctitudinis
341 735 528 762 testimonium
541 736 662 770 ponitur.
680 735 799 770 Populea
815 743 881 764 vero
904 743 980 763 mor-

186 781 222 808 tis
234 781 341 816 signum
353 785 403 808 est.
417 781 594 808 Aromatibus
605 781 678 808 enim
695 786 868 809 mortuorum
882 790 980 817 corpus

185 831 314 859 curatur;
333 826 525 853 suavissimum
548 831 638 854 autem
655 831 810 854 aromatum
832 831 874 854 est
891 832 979 862 styra-

185 871 290 898 cinutn.
308 871 430 898 Mortuus
450 879 514 898 vero
531 876 572 898 est
593 876 706 906 propter
725 879 775 899 nos
794 871 930 905 Christus,
951 876 978 899 et
995 869 1014 895 Β

184 918 320 952 sepultus,
332 917 409 952 juxta
424 917 580 952 Scripturas
593 918 624 944 ι’.
637 918 718 953 Virga
728 925 794 945 vero
809 926 895 945 nucea
907 918 977 953 vigi—

187 963 277 990 lantia:
288 967 329 990 est
341 963 458 998 signum.
472 963 537 991 Tale
549 964 622 990 enim
635 964 700 998 quid
713 964 874 991 naturaliter
886 964 913 991 in
926 972 978 992 nos

184 1008 230 1039 bis
243 1013 382 1042 operatur.
397 1008 536 1036 Excitatus
552 1013 645 1036 autem
667 1017 717 1044 pro
735 1010 816 1037 nobis
831 1010 957 1038 Christus
970 1020 976 1037 ε

186 1061 275 1088 neque
299 1053 372 1080 enim
397 1054 484 1088 portis
507 1054 605 1082 inferni
625 1055 744 1082 detineri
762 1057 867 1090 potuit,
888 1064 978 1091 neque

186 1105 253 1124 vero
274 1098 302 1124 iu
320 1097 479 1124 universum
498 1098 595 1125 mortis
616 1099 733 1126 vinculis
749 1099 801 1127 fuit
818 1100 977 1128 obstrictus.

186 1143 273 1169 Porro
288 1143 363 1178 virga
380 1151 413 1170 ex
425 1143 534 1178 platano
546 1151 655 1171 cursum
670 1145 697 1171 in
714 1145 800 1172 altum
818 1153 850 1173 ac
861 1147 978 1174 sublimo

187 1188 332 1222 signiﬁcat,
353 1189 404 1215 hoc
421 1193 472 1221 est,
491 1190 592 1216 Christi
614 1189 641 1217 in
661 1190 762 1218 cwlum
778 1191 976 1219 ascensionem.

187 1233 304 1261 Proecra
323 1234 395 1260 enim
413 1234 440 1260 in
462 1235 558 1269 primis
578 1235 661 1262 arbor
677 1240 759 1270 atque
772 1237 825 1263 alta
836 1242 878 1264 est
891 1238 978 1272 plata-

187 1286 249 1305 nus.
264 1279 405 1306 Exaltatus
419 1284 511 1306 autem
525 1283 564 1307 est
580 1287 595 1306 a
608 1281 688 1307 Patre
699 1281 793 1308 Filius.
806 1281 851 1308 Sic
861 1281 934 1308 enim
945 1282 978 1308 de

188 1323 248 1358 ipso
263 1324 361 1351 Petrus
375 1333 380 1350 :
398 1334 407 1349 ‹
424 1324 522 1351 Dextra
543 1325 626 1360 igitur
645 1326 692 1353 Dci
707 1326 841 1353 cxaltutus
852 1327 884 1353 ".
902 1337 910 1352 ι
924 1327 980 1354 Nec

188 1378 243 1397 non
264 1370 365 1397 Paulus
383 1379 392 1395 ι
408 1371 640 1405 superettaltatum
666 1371 754 1406 ipsum
771 1372 824 1404 ait,
850 1376 878 1399 et
902 1380 980 1400 accc-

184 1417 260 1451 pisse
277 1423 377 1443 nomen
393 1416 466 1450 quod
485 1420 526 1443 est
540 1424 623 1451 super
639 1424 720 1444 omne
735 1424 835 1444 nomen
851 1418 890 1450 “;
913 1427 921 1442 ι
940 1417 980 1444 id-

188 1469 241 1496 que
257 1465 285 1488 ut
302 1461 339 1488 ab
354 1461 482 1489 omnibus
500 1462 639 1489 adoretur.
663 1462 690 1490 Si
712 1463 774 1497 quis
790 1468 880 1490 autem
902 1463 978 1495 velit,

190 1507 270 1543 149
284 1508 368 1535 alium
378 1508 461 1535 etiam
479 1515 589 1535 sensum
606 1508 671 1535 huic
684 1509 775 1536 arbori
789 1509 920 1541 tribuere,
932 1517 980 1543 p0-

185 1558 251 1588 test.
266 1553 423 1586 Quomodo?
435 1553 486 1587 Qui
501 1554 575 1581 enim
592 1554 733 1581 nominum
747 1555 924 1589 etymologias
933 1562 980 1581 cu-

189 1600 261 1627 riose
278 1601 430 1635 inquirunt,
444 1595 584 1636 platanum
596 1608 611 1627 a
625 1600 770 1627 latitudine
785 1600 914 1627 foliorum
926 1600 980 1628 dici

188 1646 294 1672 volunt.
319 1646 469 1673 Dilatamur
492 1650 583 1672 autem
606 1645 689 1672 etiam
714 1653 764 1673 nos
781 1654 830 1680 per
853 1646 933 1673 [idem
953 1651 981 1673 et

186 1699 322 1723 amorem,
337 1695 442 1718 tantum
459 1698 514 1718 non
537 1691 708 1718 adhaerentes
723 1690 844 1718 Christo.
861 1691 982 1727 Angusta

190 1737 262 1764 enim
287 1737 330 1764 lex
354 1737 501 1764 admodum
530 1741 586 1769 est,
610 1741 638 1764 et
658 1737 752 1764 stricta
775 1737 1003 1766 idololatrarum‘

188 1792 277 1812 mens.
295 1784 400 1811 Idcirco
417 1783 500 1810 etiam
519 1784 593 1818 gregi
612 1791 645 1810 ex
660 1784 788 1818 gentibus
807 1783 879 1811 Deus
895 1784 982 1812 incla-

190 1830 275 1856 mavit
297 1837 346 1864 pcr
362 1837 456 1856 vocetn
471 1829 631 1864 propheta:
650 1839 658 1855 ι
678 1830 779 1858 Discite
806 1831 912 1864 audire,
932 1839 982 1858 au-

190 1875 302 1911 gustiati
318 1876 350 1902 “.
369 1885 378 1900 ι
392 1875 493 1903 Paulus
505 1883 570 1903 vero
589 1876 740 1905 Corinthiis
755 1877 789 1904 ad
805 1882 925 1905 veterem
937 1886 982 1905 er-

192 1929 282 1957 rorem
298 1921 388 1949 redire
401 1921 557 1949 volentibus
567 1927 629 1957 post
643 1923 706 1950 ﬁdei
718 1923 902 1956 latitudinem,
916 1924 984 1951 scri-

192 1967 233 1995 bit
248 1967 359 1996 dicens:
377 1978 385 1994 ι
399 1967 435 1995 Os
450 1973 575 1996 nostrum
588 1974 713 2004 apertum
726 1974 767 1996 est
783 1970 816 1997 ad
829 1978 886 2002 vos,
903 1978 919 1997 ο
933 1970 982 1998 Co-

192 2014 288 2042 rinthii
306 2023 312 2041 :
325 2022 373 2041 cor
385 2019 509 2042 nostrum
524 2014 679 2042 dilatatam.
692 2015 731 2042 Ne
743 2016 937 2050 angustiamini
955 2016 983 2044 in

192 2061 273 2090 nobis
293 2070 299 2088 ε
320 2061 512 2096 angustiamiui
532 2065 624 2088 autem
645 2061 674 2088 in
701 2061 854 2090 visceribus
873 2063 981 2091 vestris.

193 2107 323 2135 Eamdem
334 2111 425 2134 autem
438 2107 573 2134 habentes
583 2107 832 2135 remunerationem
843 2108 983 2144 (tauquam

193 2155 257 2182 ﬁliis
276 2155 359 2190 dico),
375 2154 527 2182 dilatamini
543 2158 572 2182 et
587 2162 644 2181 vos.
663 2154 751 2182 Nolite
768 2155 864 2190 jugum
882 2155 983 2183 ducere

192 2209 256 2228 cum
269 2201 435 2228 inﬁdelibus.
449 2200 516 2233 Qure
529 2200 602 2227 enim
616 2200 908 2236 participatiojustitiae
920 2208 983 2227 cum

193 2247 354 2282 iniquitate?
366 2251 414 2274 aut
431 2254 492 2281 qua:
511 2245 629 2273 sucictas
645 2245 700 2272 luci
721 2246 754 2272 ad
769 2246 910 2274 tenebras?
923 2254 984 2281 qua:

193 2297 286 2319 autem
304 2291 449 2319 conventio
464 2290 565 2318 Christi
581 2291 614 2318 ad
634 2291 717 2317 Belial
730 2291 771 2317 πῖ)
788 2301 796 2316 ι
812 2291 897 2318 Porro
907 2292 983 2319 Psal-

195 2338 274 2365 mista
282 2337 383 2364 aiicuhi
392 2337 425 2363 ad
440 2337 527 2371 ipsum
540 2337 744 2364 Emmanuelem
756 2337 824 2371 legis
832 2337 984 2372 angustiam

195 2387 290 2409 taxans
306 2382 344 2409 ait
360 2391 365 2408 :
383 2391 390 2406 ι
408 2381 506 2408 Latum
520 2380 679 2408 mandatum
694 2385 772 2408 tuutu
785 2381 867 2408 nimis
879 2382 912 2408 ".
928 2391 937 2407 ›
952 2382 986 2408 Et

195 2436 306 2455 rursus:
318 2439 326 2453 ι
338 2428 415 2454 Viam
425 2427 614 2454 mandatorum
624 2432 734 2454 tuorum
746 2429 865 2460 cucurri,
875 2429 985 2463 quando

195 2473 314 2501 dilatasti
326 2481 374 2500 cor
384 2480 474 2500 meum
483 2473 516 2499 “.
530 2483 538 2498 ι
552 2473 684 2500 Prmtcrea
698 2481 719 2499 ι(
731 2473 764 2500 Et
775 2473 914 2507 ingressus
924 2482 984 2501 sum

195 2519 224 2547 iu
233 2518 388 2550 latitudine,
402 2518 465 2554 quia
478 2518 687 2553 justiﬁcationes
704 2522 765 2545 tuas
779 2518 914 2553 exquisivi
924 2519 956 2546 εδ.
973 2528 982 2545 ι

993 1541 1014 1568 C

195 2575 272 2609 Quod
290 2583 355 2602 vero
368 2575 442 2610 virga
452 2582 548 2607 nucca,
561 2578 590 2601 ut
603 2574 685 2601 modo
699 2574 766 2607 dixi,
780 2574 928 2609 vigilantia:
940 2583 988 2601 na-

197 2620 322 2648 turaliter
338 2620 372 2647 sit
395 2627 487 2651 causa,
510 2624 537 2647 et
557 2627 683 2646 somnum
703 2624 818 2652 avertat,
842 2620 914 2646 Deus
930 2620 987 2654 ipse

196 2671 312 2694 testatur
325 2666 357 2693 ad
372 2667 531 2701 prophetam
544 2665 701 2697 Jcremiam,
715 2665 808 2693 dicens
822 2674 828 2692 :
846 2675 855 2691 ι
870 2665 940 2698 Quid
958 2671 987 2692 tu

195 2714 282 2746 vides,
293 2713 430 2741 Jcremia?
444 2713 476 2740 Et
489 2712 555 2744 dixi,
572 2712 672 2747 inquit,
684 2711 795 2747 Virgam
813 2719 939 2738 nuccam.
952 2711 987 2739 Et

234 2815 256 2831 ‘°
277 2815 326 2842 lsa.
340 2815 416 2848 xt,l;
436 2815 494 2842 Act.
516 2823 572 2846 χιιι,
590 2813 634 2841 28.
674 2813 695 2829 ⁵⁷
711 2812 781 2841 Psal.
802 2821 867 2843 “tt,
890 2813 916 2839 ll.

197 2851 325 2886 “Philip.
341 2858 370 2884 ιι,
382 2851 408 2879 9.
445 2851 467 2866 "
479 2850 529 2878 lsa.
542 2857 630 2882 xxvtu,
641 2848 685 2876 “20.
721 2848 774 2875 "ll
785 2848 848 2876 Cor.
865 2856 901 2880 γι,
916 2847 1005 2874 Η-Ιῦ.

957 2811 978 2827 ’⁸
989 2812 1059 2839 Psal.
1073 2821 1160 2844 um,
1178 2813 1220 2840 Π.

1031 238 1170 264 ελεύσεται
1178 237 1285 274 ῥάϐδος,
1295 237 1385 272 φησιν,
1394 236 1480 270 ὲκτῆς
1490 235 1568 270 ῥίζης
1575 233 1684 266 Ἰεσσαὶ,
1694 233 1826 265 ml.de

1033 284 1065 310 ὶκ
1079 285 1128 318 τῆς
1146 283 1222 319 ῥίζης
1238 282 1412 317 ἀναϐήσεται.
1431 290 1441 308 ι
1458 279 1531 315 Πρὸς
1549 279 1577 306 δέ
1592 288 1622 314 γε
1642 278 1688 305 τδν
1702 279 1730 305 ἐν
1743 278 1825 312 οὐρα-

1032 331 1087 361 νοῖς
1110 330 1219 364 Πατέρα
1235 330 1283 356 καὶ
1299 329 1378 360 Θεὸν,
1403 327 1434 354 τὸ
1455 326 1510 353 τῶν
1538 325 1722 353 πιστευόντων
1739 326 1825 360 πρόσ-

1034 384 1108 402 ωπον
1123 375 1222 407 ὑποδὺς
1248 376 1262 401 ὁ
1285 374 1427 405 θεσπέσιος
1452 374 1518 409 ἡμῖν
1542 371 1698 406 ἀνεφώνησε
1723 371 1823 398 Δαϐίδ-

1036 431 1045 446 ι
1066 421 1099 448 'H
1110 421 1205 456 ῥάϐδος
1222 429 1268 446 σου
1284 421 1331 446 καὶ
1346 421 1362 455 ἡ
1376 419 1511 454 βακτηρία
1527 426 1574 444 σου
1587 438 1594 448 .
1608 415 1687 444 αὗταί
1704 426 1736 452 με
1752 425 1824 452 παρ-

1031 467 1174 495 εκάλεσαν.
1201 476 1209 491 ι
1238 464 1473 501 Παρακεκλὴμεθα
1494 464 1549 499 γὰρ
1566 464 1594 489 ὲν
1619 462 1750 498 Χριστῷ,
1776 463 1824 490 καὶ

1031 514 1112 540 αὑτὸν
1147 513 1262 549 ἔρεισμα
1287 511 1470 546 πεποιήμεθα.
1497 510 1656 546 Γέγραπται
1684 509 1758 545 γὰρ,
1783 509 1824 535 ὃτι

1035 568 1044 584 ι
1079 558 1285 594 ’Υπερστερίσει
1304 556 1367 587 τοὺς
1392 555 1513 586 δικαίους
1528 555 1542 580 ὀ
1565 555 1677 589 Κύριος.
1701 563 1710 579 ι
1743 554 1824 588 Ἡμῖν

1030 602 1077 632 οῦν
1092 605 1203 640 τράγοις
1218 603 1336 638 λογικοῖς
1357 601 1497 637 θρέμμασι
1519 602 1574 633 τοῖς
1592 601 1644 627 ἀνὰ
1663 601 1754 626 πᾶσαν
1775 600 1824 635 τὴν

1031 650 1205 685 οἰκουμένην,
1225 650 1272 675 καὶ
1294 649 1323 675 ὲν
1341 649 1394 683 ὅλῳ
1419 647 1458 683 τῷ
1481 647 1591 682 κόσμῳ,
1610 646 1707 681 ῥάϐδον
1730 645 1823 682 ὥσπερ

1031 697 1092 724 τινὰ
1115 697 1282 732 παρατίθησι
1302 695 1396 722 ἑαυτὸν
1412 695 1425 721 6
1441 694 1567 729 Χριστός.
1597 693 1707 720 Ῥάϐδον
1726 693 1754 719 δὲ
1774 693 1823 727 οὑχ

1032 742 1135 776 ἁπλῶς,
1151 743 1218 769 ἀλλὰ
1241 741 1418 777 στυρακίνην,
1434 741 1482 777 καί
1497 740 1641 776 καρυῖνην,
1664 739 1711 765 καὶ
1730 739 1767 770 ὡς
1792 739 1825 765 ὲκ

1031 789 1183 816 πλατάνου.
1201 788 1286 815 lu)“:th
1301 788 1328 814 δὲ
1340 788 1386 813 καὶ
1402 786 1480 813 τοῦτο
1497 786 1551 812 τῶν
1566 787 1605 818 είς
1621 785 1757 821 ὀροότητα
1775 793 1824 820 με·

1033 835 1266 871 μαρτυρημένων·
1287 833 1333 860 καὶ
1356 833 1470 860 θανάτου
1492 833 1540 867 μὲν
1565 833 1581 867 ἡ
1602 831 1749 867 στυρακίνη
1777 840 1825 867 ση-

1031 883 1115 917 μεῖον.
1135 880 1273 916 Ἀρώμασι
1285 881 1339 915 γὰρ
1352 880 1382 906 τὸ
1393 879 1522 913 τεθνηκὸς
1538 878 1719 914 θεραπεύεται
1732 877 1823 912 σῶμα,

1029 927 1183 963 ἀρωμάτων
1206 927 1234 953 δὲ
1255 926 1366 961 ἣδιστον
1392 926 1406 952 ὁ
1432 924 1544 960 στύραξ.
1571 923 1718 951 ’Λπέθανεν
1742 924 1770 950 δὲ
1790 924 1824 950 δι’

1029 974 1102 1008 ἡμᾶς
1120 973 1134 999 ὁ
1150 972 1277 1007 Χριστὸς,
1295 971 1342 997 καὶ
1358 971 1454 1004 ἐτάφη,
1475 970 1548 996 κατὰ
1561 969 1610 1001 τὰς
1624 970 1750 1005 Γραφάς·
1774 978 1825 995 κα-

1030 1019 1108 1054 ρυῖνη
1123 1017 1161 1050 δὲ,
1176 1015 1366 1053 ἐγρηγόρσεως
1381 1025 1410 1042 τε
1425 1016 1470 1043 καὶ
1485 1016 1611 1046 ἁῦπνίας.
1633 1016 1755 1050 Ἐνεργεῖ
1769 1015 1824 1051 γὰρ

1028 1065 1057 1090 ὲν
1073 1064 1137 1098 ἡμῖν
1154 1062 1188 1089 τὰ
1203 1063 1289 1089 τοιάδε
1302 1062 1418 1096 φύσεως.
1442 1062 1606 1097 Ἐγήγερται
1621 1061 1649 1087 δι
1664 1062 1733 1096 ὑπὲρ
1744 1061 1823 1096 ἡμῶν

1029 1111 1042 1135 ὁ
1059 1109 1184 1144 Χριστός.
1197 1109 1233 1134 Οὐ
1248 1108 1300 1144 γὰρ
1315 1108 1410 1142 γέγονε
1427 1108 1540 1142 κάτοχος
1556 1109 1616 1139 ταῖς
1634 1107 1697 1142 ᾂδου
1714 1107 1821 1140 πύλαις,

1028 1155 1089 1181 οὔτε
1109 1155 1157 1189 μὲν
1172 1156 1211 1185 εἰς
1226 1155 1299 1181 ἅπαν
1316 1154 1373 1189 ῆλω
1387 1155 1443 1185 τοῖς
1458 1154 1504 1180 τοῦ
1521 1154 1635 1180 θανάτου
1647 1153 1766 1188 δεσμοῖς,
1791 1154 1824 1179 'll

1029 1201 1061 1227 ὲκ
1075 1200 1209 1226 πλατάνου
1224 1199 1252 1226 δὲ
1268 1199 1348 1226 πάλιν
1360 1199 1540 1233 ὐπεμφαίνειν
1553 1198 1625 1225 ἔοικε
1638 1199 1685 1225 τὸν
1701 1200 1740 1229 εἰς
1757 1199 1823 1233 ῠᾲος

1029 1254 1057 1272 τε
1075 1247 1120 1272 καὶ
1143 1245 1209 1280 πρὸς
1222 1245 1266 1271 τὸν
1284 1246 1339 1271 ἅνω
1356 1245 1465 1280 δρόμον,
1483 1244 1633 1278 τουτέστιν,
1649 1244 1697 1279 τὴν
1714 1245 1752 1276 εἰς
1775 1245 1822 1270 οὺ-

1031 1292 1128 1326 ρανους
1139 1291 1272 1317 ἀνάϐασιν
1286 1289 1333 1316 τοῦ
1349 1289 1478 1325 Χριστοῦ.
1493 1289 1600 1324 Εὺφυὲς
1617 1289 1670 1325 γὰρ
1687 1289 1764 1321 ξύλον
1777 1291 1823 1316 καὶ

1029 1337 1084 1363 τῶν
1111 1337 1179 1370 ἄγαν
1209 1335 1456 1371 εὐμηκεστάτωνὴ
1486 1336 1628 1367 πλάτανος.
1661 1335 1770 1371 Ύψώῡη
1795 1336 1824 1362 δὲ

1030 1383 1105 1418 παρά
1119 1382 1165 1408 τοῦ
1179 1382 1286 1417 Πατρὸς
1300 1382 1313 1407 6
1340 1382 1416 1413 Υἱός.
1442 1382 1515 1417 Ἴίιρη
1533 1381 1586 1417 γὰρ
1608 1383 1622 1408 ὁ
1641 1382 1742 1417 Πέτρος
1760 1382 1824 1418 περὶ

1030 1428 1131 1455 αὑτοῦ*
1155 1438 1163 1454 ι
1184 1429 1222 1463 Τῇ
1240 1428 1314 1463 δεξιᾷ
1329 1425 1375 1454 οὖν
1398 1427 1446 1453 τοῦ
1470 1427 1536 1454 Θεοῦ
1556 1427 1681 1462 ὑιξωοείς.
1703 1437 1711 1453 t
1736 1429 1791 1455 Καὶ
1810 1429 1824 1455 ὁ

1031 1473 1147 1505 Παῦλος,
1174 1472 1377 1509 ὑπερυὲοῦσοαί
1399 1481 1481 1508 φησιν
1508 1473 1598 1505 αὑτὸν,
1614 1473 1660 1499 καὶ
1678 1473 1771 1499 λαὸεῖν
1793 1473 1824 1500 τὸ

1031 1519 1115 1555 ὄνομα
1137 1519 1168 1546 τὸ
1190 1519 1259 1554 ὑπὲρ
1284 1520 1338 1545 πᾶν
1360 1518 1445 1553 ὄνομα
1458 1539 1464 1550 ,
1483 1518 1531 1545 καὶ
1550 1518 1599 1554 τὴν
1619 1519 1693 1554 ’παρὰ
1716 1519 1824 1545 πάντων

1032 1565 1225 1600 προσκύνησιν.
1241 1565 1273 1590 Εἰ
1285 1564 1313 1590 δέ
1323 1573 1363 1595 τις
1380 1564 1508 1598 βούλοιτο,
1525 1564 1572 1590 καὶ
1587 1563 1646 1590 καθ’
1659 1564 1751 1599 ἕτερόν
1764 1573 1824 1590 τινα

1031 1611 1094 1637 νοῦν
1110 1611 1258 1646 ἐκλήψεται
1275 1610 1305 1636 τὺ
1323 1611 1415 1643 φυτόν.
1436 1610 1488 1635 Καὶ
1501 1610 1542 1641 τίς
1554 1611 1568 1636 ό
1582 1610 1698 1644 τρόποςῖ
1715 1610 1746 1635 Οἰ
1761 1610 1824 1646 περὶ

1031 1657 1080 1688 τὰς
1103 1657 1156 1682 τῶν
1187 1656 1327 1691 ὀνομάτων
1347 1655 1524 1690 ἐτυμολογίας
1544 1655 1711 1690 περιέργως,
1735 1655 1778 1682 διὰ
1795 1656 1825 1682 τὸ

1031 1702 1091 1728 λίαν
1106 1701 1266 1737 εὖρύνεσθαι
1286 1700 1325 1736 τῷ
1342 1700 1413 1736 ξύλῳ
1426 1701 1457 1726 τὸ
1479 1700 1605 1731 πέταλον,
1626 1700 1755 1737 ταύτῃ-τοι
1778 1701 1824 1727 καὶ

1032 1748 1189 1774 πλάτανον
1203 1747 1362 1782 ὠνομάσθαι
1381 1746 1472 1781 φασίν.
1497 1747 1689 1782 Πλατυνόμεθα
1706 1747 1760 1782 γὰρ
1777 1748 1824 1774 καὶ

1033 1795 1113 1830 ἡμεῖς
1126 1794 1170 1820 διὰ
1190 1794 1306 1825 πίστεως
1324 1794 1370 1820 καὶ
1392 1792 1518 1827 ἀγάπης..
1540 1793 1681 1828 μονονουχὶ
1695 1793 1825 1829 περιφῦν-

1032 1849 1077 1872 τες
1090 1840 1209 1876 Χριστῷ.
1223 1839 1316 1871 Στενὸς
1331 1839 1385 1874 γὰρ
1400 1840 1414 1864 6
1425 1838 1506 1873 νόμος
1517 1838 1576 1865 λίαν
1590 1839 1636 1865 καὶ
1648 1839 1825 1874 τεθλιμμένος

1032 1886 1086 1912 τῶν
1102 1885 1366 1921 είδωλολατρούντων
1379 1886 1392 1912 ό
1412 1885 1483 1917 νοῦς.
1506 1885 1559 1911 Καὶ
1574 1884 1639 1918 γοῦν
1652 1886 1712 1916 ταῖς
1728 1887 1776 1920 μὲν
1794 1885 1825 1918 ἐξ

1033 1933 1117 1959 ἐθνῶν
1134 1932 1243 1967 ἀγέλαις
1263 1932 1397 1966 ἐπεφώνει
1412 1932 1478 1963 Θεὸς
1495 1931 1539 1957 διὰ
1558 1932 1696 1967 προφήτου
1714 1933 1803 1967 ιέωνῆς
1814 1941 1822 1947 ·

1037 1988 1046 2004 ‹
1076 1980 1182 2006 “deus
1208 1978 1317 2005 ἀκούειν
1345 1977 1591 2013 στενοχωρούμενοι
1608 1987 1614 1993 ·
1633 1987 1643 2003 t
1671 1977 1825 2012 Κορινθίοις

1033 2025 1060 2052 δὲ
1081 2027 1095 2052 6
1114 2025 1216 2056 Παῦλος
1236 2026 1392 2052 ὑπονοστεῖν
1413 2025 1550 2061 ἑλομένοις
1566 2025 1612 2051 ἐπὶ
1634 2025 1684 2061 τὴν
1707 2025 1824 2060 ἀρχαίαν

1035 2072 1167 2106 πλάνησιν
1179 2071 1247 2107 μετὰ
1260 2071 1289 2097 τὸ
1304 2072 1333 2097 ὲν
1347 2071 1436 2098 πίστει
1449 2071 1548 2102 πλάτος
1560 2071 1711 2097 ἐπιστέλλει
1725 2071 1822 2105 λέγων·

1037 2129 1046 2145 ι
1065 2120 1100 2145 Τὸ
1120 2118 1207 2154 στόμα
1221 2118 1299 2154 ἡμῶν
1315 2118 1418 2153 ἀνέῳγε
1436 2119 1503 2153 πρὶς
1523 2118 1612 2154 ὑμᾶς,
1632 2118 1787 2153 Κορίνθιοι,
1806 2119 1823 2154 ἡ

1035 2165 1132 2200 καρδία
1149 2164 1226 2200 ἡμῶν
1239 2163 1430 2192 πεπλάτυνται.
1440 2164 1477 2190 Οὐ
1490 2164 1698 2200 στενοχωρεῖσθε
1711 2165 1738 2191 ὲν
1748 2166 1823 2200 ἡμῖν,

1001 2219 1022 2246 [)
1038 2210 1245 2245 στενοχωρεῖσθε
1261 2209 1289 2236 δὲ
1304 2209 1332 2235 ὲν
1347 2210 1511 2245 σπλάγχνοις
1526 2209 1612 2244 ὑμῶν.
1631 2208 1685 2244 Τὴν
1699 2209 1726 2235 δὲ
1739 2210 1824 2244 αὐτὴν

1035 2255 1218 2291 ἀντιμισθίαν,
1231 2255 1268 2286 ὼς
1280 2255 1386 2286 τέκνοις
1399 2255 1481 2289 λέγω,
1498 2254 1668 2290 πλατύνθητε
1679 2256 1725 2282 καὶ
1734 2256 1823 2290 ὑμεῖς,

1037 2302 1074 2338 μὴ
1093 2301 1199 2336 γίνεσθε
1220 2300 1444 2336 ἑτεροζυγοῦντες
1464 2300 1599 2332 ἀπίστοις.
1624 2301 1671 2332 Τίς
1687 2302 1741 2336 γὰρ
1759 2309 1825 2336 μετ-

1034 2346 1084 2382 οχὴ
1106 2345 1263 2380 δικαιοσύνῃ
1283 2346 1329 2372 καὶ
1353 2345 1471 2381 ἀνομίᾳ;
1493 2345 1540 2372 καὶ
1557 2346 1598 2376 τίς
1613 2345 1740 2372 κοινωνία
1756 2347 1826 2380 φωτὶ

1036 2393 1104 2427 προς
1124 2392 1236 2423 σκότος;
1261 2391 1302 2423 τίς
1325 2391 1353 2417 δὲ
1370 2391 1547 2426 συμφώνησις
1563 2391 1672 2426 Χριστῷ
1693 2392 1761 2427 πρὸς
1778 2392 1826 2418 Βε-

1037 2438 1111 2471 λίαλ;
1128 2448 1136 2464 ι
1154 2437 1208 2464 Καὶ
1223 2437 1274 2473 μὴν
1288 2437 1302 2463 6
1315 2437 1465 2472 Ψαλμῳδὸς
1476 2438 1543 2472 πρὸς
1555 2438 1635 2464 αὑτὸν
1650 2439 1678 2463 ὲν
1689 2437 1826 2472 πνεύματί

1038 2484 1089 2510 πού
1108 2492 1174 2519 φησι
1191 2484 1235 2509 τὸν
1257 2483 1440 2518 Ἐμμανουὴλ,
1455 2483 1504 2518 τὴν
1519 2484 1564 2510 τοῦ
1581 2484 1663 2518 νόμου
1681 2484 1825 2518 στενότητα

1038 2529 1182 2564 διασύρων·
1214 2528 1355 2554 (Πλατεῑα
1371 2529 1387 2561 ἡ
1411 2528 1504 2563 ἐντολή
1530 2536 1578 2554 σου
1604 2527 1721 2562 σφόδραι
1741 2537 1750 2554 ι
1771 2528 1826 2555 Καὶ

1037 2574 1128 2600 πάλιν·
1152 2585 1160 2600 ι
1173 2574 1246 2601 Ὀδὺν
1263 2574 1376 2600 ἐντολῶν
1393 2582 1440 2600 σου
1456 2574 1584 2609 ἔδραμον,
1599 2574 1661 2600 ὅταν
1674 2573 1826 2605 suum”;

1036 2620 1086 2655 τὴν
1105 2619 1217 2655 καρὸίαν
1238 2629 1299 2655 μου.
1320 2630 1329 2646 ›
1345 2620 1417 2656 Πρὸς
1431 2619 1517 2655 τούτῳ
1529 2620 1579 2646 ἔτι·
1600 2629 1609 2646 ι
1631 2621 1685 2647 Καὶ
1701 2621 1827 2654 ἐπορευό-

1039 2675 1092 2701 μην
1106 2667 1134 2692 ὲν
1160 2666 1327 2702 πλατυσμῷ,
1353 2667 1394 2693 ὅτι
1417 2666 1450 2692 τὰ
1471 2665 1644 2701 δικαιώματά
1665 2674 1711 2692 σου
1733 2666 1826 2701 ἐξεζήο

1037 2721 1117 2746 τησα.
1138 2722 1147 2738 ι
1166 2713 1226 2740 Ὅτι
1243 2714 1271 2740 δὲ
1294 2713 1340 2740 καὶ
1361 2714 1376 2749 ἡ
1399 2713 1495 2748 ῥάϐδος
1518 2714 1534 2748 ἡ
1551 2713 1664 2749 καρυῖνη
1677 2734 1684 2746 ,
1701 2713 1826 2748 καθάπερ

1261 2814 1281 2829 ¹⁹
1305 2814 1382 2840 Rom.
1398 2821 1423 2843 ν,
1440 2813 1456 2838 9
1472 2818 1498 2839 ct
1512 2813 1586 2840 alibi.
1627 2813 1649 2829 ²⁰
1664 2814 1722 2840 Act.
1737 2822 1765 2848 ll,
1779 2814 1825 2843 55.

1049 2849 1152 2875 “l’sul.
1169 2857 1256 2881 cxmt,
1271 2850 1313 2876 υϋ.
1352 2849 1450 2876 “ibid.
1469 2849 1512 2875 5'2.
1551 2850 1573 2866 ⁸⁵
1587 2848 1653 2876 ibid.
1674 2850 1718 2876 ἐὺ.
