1990 3050
154 151 206 201 έιι

660 170 921 199 GLAPHYRORUM
939 170 973 198 IN
993 171 1143 199 GENESIM
1163 171 1227 198 LIB.
1251 173 1282 199 ν,

1741 176 1796 204 ξιξ

155 230 269 264 ἔναγχος
291 228 370 264 ἔφην,
388 228 503 260 ἀῡπνίας
523 228 596 256 ἰστὶν
611 229 776 265 ὲμποιητικὴ
792 229 884 264 φύσις,
906 230 951 256 λέ-

1007 229 1074 257 dixit
1092 231 1222 259 Dominus
1237 232 1271 259 ad
1289 239 1331 259 me
1352 241 1357 258 :
1377 232 1459 259 Recte
1476 232 1585 265 vidisti,
1606 234 1669 268 quia
1686 234 1796 270 vigilavi

155 284 249 310 γοντος
266 275 333 302 Θεοῦ
353 275 422 311 πρὸς
436 275 482 302 τὸν
497 275 640 310 προφήτην
667 276 818 310 Ἱερεμίανι
838 285 847 302 ι
868 276 900 303 Τί
917 276 948 311 σὺ

155 322 232 356 ὁρᾷς,
263 310 401 356 ¹Ῑερεμία;
416 321 470 347 Καὶ
489 319 563 353 εἶπα,
579 322 657 356 φησι,
679 320 834 357 Βακτηρίαν
854 310 949 358 καρυῒζ

156 375 215 401 νην.
239 366 294 393 Καὶ
313 364 389 393 εἶπεν
410 366 513 402 Κύριος
526 367 593 402 πρός
616 375 648 402 με
661 376 667 382 ·
685 367 783 400 Καλῶς
812 367 948 403 ἑώρακας,

156 412 224 438 διότι
245 412 384 448 ἐγρήγορα
398 411 453 446 ἐγὼ
468 413 513 439 ἐπὶ
526 414 588 444 τοὺς
599 412 694 446 λόγους
709 421 760 448 μου
777 413 823 440 τοῦ
838 414 950 449 ποιῆσαι

158 458 267 490 αὐτούς.
289 468 298 484 ι
326 458 430 485 Οὐκοῦν
446 458 484 490 ὡς
500 459 529 485 ὲν
545 458 610 485 εἴδει
626 459 675 494 τῆς
691 459 789 494 ῥάϐδου
807 459 951 494 νοούμενος

159 505 255 531 ἑαυτὸν
275 505 340 540 ἡμῖν
356 504 449 540 ὥσπερ
466 505 650 540 παρατίϐησιν
667 506 681 531 6
703 505 837 541 Χριστὸς,
853 505 890 537 ὡς
904 514 950 531 τε·

159 551 281 583 θνεῶτα,
297 551 344 578 καὶ
357 551 552 586 ἐγηγερμένον,
569 551 617 577 καὶ
633 551 672 582 είς
687 551 817 586 οὐρανοὺς
834 551 952 585 ὑψούμε-

159 606 214 624 νον.
233 597 433 632 κατεορὺνοντᾶι
447 606 478 623 τε
493 597 537 623 διὰ
551 596 598 623 τοῦ
613 595 771 630 Πνεύματος
786 595 889 630 νοητῶς
904 596 954 626 τὰς

161 643 216 670 τῶν
228 643 378 678 δεχομένων
390 643 469 669 αὐτὸν
482 643 605 678 καρδίας.
624 642 704 668 Ἀλλὰ
716 641 767 668 ποῦ
778 641 827 673 τὰς
839 642 952 676 ράῦδους

161 689 283 716 τέθεικεν
295 690 310 715 6
324 688 438 722 Ὶακώ6;
460 690 504 716 Ἐν
517 690 576 720 ταῖς
590 689 682 723 ληνοῖς
690 688 743 714 τῶν
758 689 951 724 ποτιστηρίων.

160 735 271 761 Νοοῖντο
287 735 309 761 δ’
324 735 355 761 ἂν
371 735 451 762 πάλιν
463 735 539 770 ληνοί
552 743 582 760 τε
601 735 649 760 καὶ
665 735 830 770 ποτιστήρια
845 735 895 768 τῆς
908 734 953 760 λο-

161 782 244 815 γικῆς
258 781 373 815 ἀγέλης,
388 781 529 807 τουτέστιν
545 781 635 816 ἡμῶν,
654 781 799 816 συγγραφὴ
815 780 952 813 Μωσέως,

131 823 138 835 '
162 827 210 852 καὶ
220 826 253 852 τΞι
267 827 423 861 προφητικᾶ
443 826 610 862 κηρύγματα
620 848 626 860 ,
641 827 686 853 τδν
704 827 807 854 ἄνωθεν
822 827 889 862 ἡμῖν
907 826 953 853 καὶ

163 872 239 907 παρά
249 872 315 898 Θεοῦ
333 873 473 907 μονονουχὶ
490 872 606 907 βρύοντα
616 873 704 907 λόγον.
718 873 875 908 Γέγραπται
888 872 952 908 γὰρ,

162 919 203 944 ὅτι
221 927 230 943 ‹
254 919 309 945 Καὶ
331 918 478 953 ἀντλήτετε
496 918 568 954 ὕδωρ
585 919 643 953 μετ’
661 918 831 953 εὐφροσύνης
853 919 885 945 ἐκ
899 919 952 944 τῶν

165 962 258 996 πηγῶν
273 963 319 988 τοῦ
334 962 479 998 σωτηρίου.
497 972 507 989 ι
531 963 604 989 Ἑκεῖ
619 964 662 990 τὸν
683 963 857 999 Ἐμμανουήλ
871 963 953 998 εὑρή-

164 1016 246 1043 σομεν
258 1008 307 1043 τὴν
327 1008 377 1043 τῆς
393 1008 534 1043 δυνάμεως
557 1008 664 1044 ῥάϐδον,
686 1010 732 1036 καὶ
743 1009 781 1041 ὡς
801 1009 829 1035 ὲν
848 1009 954 1046 θανάτῳ

162 1054 195 1080 δι’
211 1054 294 1088 ἡμᾶς,
311 1055 357 1081 καὶ
372 1055 543 1089 πρωτότοκον
559 1056 591 1081 ὲκ
608 1055 725 1091 νεκρῶν,
741 1055 788 1082 κα)¹
803 1055 954 1090 ὑψούμενον

164 1100 191 1125 ἐν
203 1099 279 1134 δόξῃ,
295 1100 342 1126 καὶ
359 1099 527 1126 πλατύνοντα
539 1101 601 1131 τοὺς
615 1100 832 1130 πεπιστευκότας
843 1119 850 1131 ,
867 1099 954 1126 καθά-

163 1153 216 1180 περ
230 1145 297 1180 ἔφην
321 1145 431 1181 ἀρτίως.
458 1146 572 1181 Σύμπας
594 1146 649 1181 γὰρ
672 1146 767 1182 ὥσπερ
791 1146 846 1173 τῶν
869 1147 955 1181 ἁγίων

165 1191 313 1226 προφητῶν
335 1193 348 1218 ὁ
362 1191 457 1226 λόγος,
473 1192 518 1220 καὶ
532 1192 581 1227 μέν
597 1201 638 1218 τοι
652 1193 774 1223 Μωσέως
786 1192 954 1220 διανένευκεν

163 1237 210 1262 ἐπὶ
223 1236 252 1263 τὸ
263 1237 379 1272 Χριστοῦ
394 1239 553 1274 μυστήριον.
568 1238 713 1274 Τοιγάρτοι
724 1239 770 1265 καὶ
781 1239 796 1265 6
811 1239 891 1273 σοφὸς
904 1239 954 1275 ἔφη

164 1283 278 1314 Παῦλος,
297 1284 336 1310 ὅτι
351 1293 358 1309 ι
374 1284 457 1316 Τέλος
469 1284 551 1319 νόμου
563 1284 610 1310 καὶ
620 1284 767 1319 προφητῶν
778 1285 792 1310 6
801 1284 927 1319 Χριστός.
943 1294 953 1310 ι

164 1329 236 1365 Πλὴν
252 1330 374 1357 ὲλέπισεν
392 1330 489 1357 Ἰακὼϐ
506 1331 554 1363 τὰς
570 1330 682 1365 ῥάΰδους
694 1330 849 1365 λεπίσματα
861 1330 955 1363 λευκὰ,

165 1374 321 1410 περισύρων
333 1375 363 1401 τὸ
377 1375 481 1410 χλωρόν
491 1383 497 1389 ”
518 1375 633 1401 ὲκίττων
650 1384 678 1401 τε
694 1374 780 1406 οὕτως
797 1375 841 1401 ἐπ’
862 1376 957 1406 αὐταῖς

164 1420 196 1446 τὸ
213 1421 334 1447 ποικίλον
353 1421 387 1448 τὰ
406 1421 563 1457 Ορέμματα.
578 1420 725 1457 Περισύρει
749 1420 805 1456 γὰρ
825 1421 919 1456 ὥσπερ
942 1421 956 1447 ὁ

165 1466 281 1502 Χριστὸς
294 1467 343 1503 τὴν
357 1466 404 1493 τοῦ
420 1467 500 1502 νόμου
525 1467 614 1498 σκιὰν,
627 1467 674 1494 καὶ
693 1467 870 1502 προφητικῶν
890 1475 957 1502 συγ-

165 1512 337 1547 γραμμάτων
352 1512 382 1539 τὺ
402 1513 483 1538 οἱονεὶ
505 1512 709 1547 κατακάλυμμα
718 1531 726 1544 ,
743 1511 875 1538 λελευκασ
879 1511 957 1546 μένον

164 1557 193 1583 δὲ
208 1557 279 1584 οὕτω
299 1558 347 1584 καὶ
362 1558 527 1585 εὐκάτοπτον
544 1558 640 1593 κομιδῇ
665 1558 710 1584 τὸν
734 1558 763 1585 ὲν
778 1558 870 1590 αὐτοῖς
891 1557 957 1592 ἡμῖν

166 1603 324 1638 ἀποφαίνων
349 1604 439 1638 λόγον,
464 1604 572 1640 ἐπῳδὴν
595 1604 726 1638 ἀναφέρει
750 1603 953 1638 πνευματικήν·

167 1651 246 1684 μόνον
266 1651 294 1677 δὲ
316 1651 375 1685 οὐχὶ
398 1651 444 1677 καὶ
465 1650 608 1677 ἀναπείθει
637 1651 732 1684 κιττᾷν
753 1649 792 1684 τῷ
816 1649 955 1675 ὲκποικίλ-

170 1696 257 1722 ἰεσθαι
275 1696 350 1723 θέλον
372 1697 413 1727 εἰς
434 1695 545 1731 ἀρετὴν,
565 1695 648 1730 διφυᾶ
671 1703 730 1726 πως
752 1694 836 1730 αὐτὴν
861 1695 957 1730 ὲπιτη-

165 1741 301 1772 δεύοντας,
315 1741 398 1776 ἔργῳ,
410 1749 439 1767 τε
453 1740 537 1775 φημὶ,
559 1740 607 1766 καὶ
622 1739 703 1774 λόγῳ.
724 1738 779 1765 Καὶ
794 1738 860 1773 γοῦν
875 1739 900 1764 οἱ
915 1737 957 1764 Οε-

168 1787 273 1814 σπέσιοι
298 1787 436 1821 προφῆται
457 1785 511 1812 τῶν
528 1787 557 1812 ὲν
578 1785 667 1812 πίστει
691 1784 909 1819 δεδικαιωμένων
927 1783 957 1810 τὸ

167 1834 313 1869 πρόσωπον
344 1832 539 1867 ὑποτρέχοντες
568 1831 789 1866 ἀνακεκράγασιν
814 1829 956 1866 ἐναργῶς·

170 1889 179 1906 ι
198 1879 246 1906 Διὰ
260 1879 304 1906 τὸν
320 1879 402 1914 φόϐον
416 1888 475 1911 σου,
487 1878 583 1913 Κύριε,
598 1879 626 1905 ἐν
640 1877 738 1913 γαστρὶ
751 1877 894 1912 ἐλάϐομεν,
910 1876 957 1904 καὶ

168 1926 349 1961 ὼδινήσαμεν,
366 1926 412 1952 καὶ
428 1925 558 1960 ὲτέκυμεν
581 1925 688 1959 πνεῦμα
711 1923 847 1959 σωτηρίας
864 1932 922 1950 σου.
944 1933 954 1950 ν

171 1973 242 2006 Ἔφη
265 1971 294 1998 δέ
314 1980 365 1998 που
392 1971 439 1998 καὶ
467 1971 546 1998 πάλιν
576 1971 648 2002 ίδίως
677 1971 691 1996 6
718 1970 799 2001 αὐτὸς
824 1969 958 2005 μακάριος

174 2017 304 2048 Ἡσαΐας·
324 2026 333 2042 ι
351 2016 501 2051 Ίσχύτατε,
515 2017 606 2051 χεῖρες
621 2015 772 2050 ἀνειμέναι,
791 2016 838 2042 καὶ
857 2015 958 2049 γόνατα

170 2062 388 2097 παραλελυμένοι.
424 2061 648 2097 Παρακαλέσατε,
675 2061 699 2087 ot
734 2061 891 2096 ὀλιγόψυχοι
923 2062 957 2096 τῇ

170 2108 282 2143 διανοίᾳ,
301 2107 445 2143 ἰσχύσατε,
468 2109 504 2144 μὴ
523 2108 658 2142 φοϐεῖσθε.
683 2108 749 2134 Ἰδοὺ
766 2108 780 2134 6
799 2107 864 2138 Θεὸς
880 2106 958 2142 ήμῶν

170 2155 260 2190 κρίσιν
282 2154 495 2186 ἀνταποδίδωσι,
510 2155 557 2182 καὶ
578 2153 774 2181 ἀνταποδώσει.
793 2163 803 2180 ι
829 2153 885 2180 Καὶ
907 2153 958 2182 πά-

170 2201 220 2228 λιν·
236 2211 247 2227 ο
270 2201 346 2233 Ἰδοὺ,
359 2201 461 2236 Κύριος
474 2201 543 2236 μετὰ
560 2201 651 2236 ἰσχύος
670 2199 791 2235 ἔρχεται,
808 2201 854 2227 καὶ
868 2201 881 2227 6
897 2200 960 2234 βρα-

170 2248 236 2282 χίων
260 2247 342 2275 αὑτοῦ
368 2248 437 2283 μετά
461 2247 576 2282 κυρίας,
595 2247 632 2278 ὡς
661 2247 763 2282 ποιμὴν
778 2248 906 2282 ποιμανεῖ
929 2247 959 2273 τὸ

172 2293 295 2328 ποίμνιον
304 2293 397 2325 αὑτοῦ,
410 2292 502 2328 καὶτῷ
515 2293 638 2328 βραχίονι
647 2292 729 2320 αὑτοῦ
742 2293 850 2325 συνάξει
864 2293 958 2327 ἄρνας,

171 2339 218 2366 καὶ
231 2339 279 2371 τὰς
293 2341 322 2367 ἐν
334 2341 432 2375 γαστρὶ
448 2339 563 2375 ἐχούσας
586 2339 788 2374 παρακαλέσει,
800 2347 810 2364 ›
825 2339 958 2370 τουτέστι,

173 2385 343 2419 παράκλησις
364 2384 440 2420 ἔσται
467 2384 638 2419 πνευματικὴ
661 2385 717 2416 τοῖς
743 2384 793 2420 ἤδη
822 2384 867 2410 τὸν
889 2384 960 2410 θεῖον

172 2431 295 2457 ὠδίνουσι
311 2430 400 2464 λόγου,
424 2430 461 2462 ὡς
484 2431 632 2466 ὲγκάρποις
653 2430 808 2465 ἐσομένοις,
830 2430 878 2456 καὶ
899 2430 960 2456 ὅσον

172 2478 277 2504 οὐδέπω
296 2477 423 2513 μέλλουσι
439 2479 528 2504 τεκεῖν
548 2478 597 2513 τῆς
619 2476 801 2511 εὐαγγελικῆς
823 2476 961 2508 πολιτείας

173 2524 207 2550 τὰ
223 2524 381 2560 αὐχήματα.
393 2524 509 2560 Καρπὸς
530 2524 583 2559 γὰρ
605 2520 682 2555 οὗτος
701 2524 777 2555 ὁσίας
791 2531 820 2549 τε
838 2523 885 2549 καὶ
901 2523 962 2549 ἀκι-

174 2569 271 2604 εδήλου
290 2570 389 2605 ψυχῆς.
411 2570 482 2596 Ἀλλ’
499 2570 610 2605 ἐποίησε
622 2589 628 2600 ,
644 2569 711 2604 φησὶ
723 2589 731 2601 ,
759 2568 856 2595 Ἰακὼό
874 2567 962 2603 ἐαυτῷ

174 2616 286 2651 ποίμνια
298 2615 463 2650 καταμόνας.
478 2615 526 2642 καὶ
539 2616 589 2642 οὐκ
607 2615 699 2650 ἔμιξεν
712 2614 782 2641 αὐτὰ
795 2616 835 2646 εἰς
848 2614 882 2641 τὰ
896 2615 963 2649 πρό-

174 2662 244 2689 σατα
266 2663 369 2690 Λάὸαν.
395 2662 564 2698 ’Δσύμϐατον
576 2662 631 2697 γὰρ
649 2662 688 2697 τῷ
703 2662 773 2697 ἁγίῳ
789 2662 820 2688 τὸ
837 2661 959 2696 βέὗηλον·

174 2708 212 2743 τῷ
223 2708 337 2744 καθαρῷ
350 2708 382 2734 τὸ
396 2709 508 2744 ῥυποῦν.
522 2708 688 2743 Καταμόνας
704 2708 732 2734 δὲ
745 2709 770 2734 οἱ
779 2708 826 2734 τοῦ
843 2706 962 2742 Χριστοῦ

173 2754 203 2780 τὸ
216 2754 452 2789 συναναφύρεσθαι
463 2755 520 2786 τοῖς
534 2754 562 2781 ὲν
572 2754 666 2789 κόσμῳ
677 2753 900 2790 παραιτούμενοι,
916 2754 964 2780 καὶ

174 2799 353 2836 φιλοταρκίας
367 2800 477 2836 ἀπάσης
494 2801 711 2837 ἀπηλλαγμένοι,
733 2801 780 2828 καὶ
795 2801 845 2827 οὐκ
861 2800 965 2836 ἄσημοι

999 284 1049 311 ego
1061 284 1143 312 super
1157 277 1240 304 verba
1254 285 1324 309 mea,
1342 281 1372 304 ut
1382 277 1478 304 faciam
1494 285 1526 304 ea
1539 277 1572 303 ’⁷.
1592 288 1600 303 ι
1619 278 1724 306 Idcirco
1740 280 1797 306 νει-ι

999 322 1040 348 uti
1062 322 1090 349 in
1111 323 1204 357 specie
1221 323 1303 358 virgae
1325 323 1496 356 intellectu-5,
1519 323 1638 358 scipsum
1660 325 1794 358 quodam-

1001 368 1082 395 modo
1101 369 1180 396 nobis
1199 369 1326 404 proponit
1341 369 1477 401 Christus,
1495 373 1525 396 ut
1539 374 1679 396 mortuum
1692 374 1720 396 et
1733 378 1794 397 sus-

1000 413 1124 446 citatum,
1143 419 1225 450 atque
1251 415 1278 442 in
1301 416 1385 442 emlos
1405 415 1566 448 exaltatum,
1584 419 1612 443 et
1634 416 1795 444 dilatantem

1002 460 1162 494 spiritaliter
1179 468 1276 488 eorum
1292 461 1338 496 qui
1358 461 1446 496 ipsum
1468 462 1624 497 suscipiunt
1637 470 1695 489 eor.
1706 463 1796 490 Caete-

1004 512 1065 530 rum
1083 504 1193 532 ubinam
1208 506 1301 540 posuit
1313 505 1403 541 virgas
1415 506 1516 534 Jacob?
1530 507 1559 534 In
1572 507 1714 535 canalibus
1729 515 1796 535 con-

1002 550 1116 578 charum
1137 559 1224 586 aquée.
1237 551 1352 580 Canales
1370 559 1437 580 vero
1453 562 1574 587 rursum,
1589 555 1617 581 in
1631 555 1732 589 quibus
1750 555 1797 582 ad-

1003 599 1120 629 aquatur
1137 596 1278 624 rationalis
1294 605 1368 632 grex,
1386 598 1437 625 hoc
1453 603 1510 631 est,
1527 607 1592 632 nos,
1608 599 1796 635 intelligantur

1002 641 1102 676 scripta
1112 642 1219 678 Moysis,
1229 647 1258 670 et
1272 644 1439 679 prophetiae
1450 646 1668 680 praedicationes,
1676 655 1736 681 qua:
1748 655 1797 674 no-

1003 686 1046 713 bis
1062 694 1211 721 supernum
1234 693 1314 722 atque
1332 697 1347 716 a
1361 689 1415 716 Deo
1437 698 1593 717 sermonem
1614 696 1720 718 tantum
1740 699 1795 718 non

1004 733 1167 760 scaturiant.
1186 733 1324 768 Scriptum
1343 739 1385 762 est
1403 736 1494 762 enim:
1511 746 1520 761 ‹
1543 736 1680 763 Haurietis
1696 744 1796 771 aquam

1004 786 1067 806 cum
1081 779 1180 814 gaudio
1194 779 1227 806 de
1240 779 1362 807 fontibus
1375 780 1525 808 Salvatoris
1539 781 1570 807 ’³.
1590 792 1599 807 ›
1614 782 1671 809 Illic
1684 782 1795 809 Emma~

1004 824 1114 851 nuelem
1134 825 1303 859 reperiemus
1327 825 1430 860 virgam
1449 826 1587 860 potentiae,
1609 832 1636 854 et
1660 827 1746 854 veluti
1767 827 1796 854 in

1005 874 1094 897 morte
1104 874 1216 905 propter
1225 878 1285 902 nos,
1296 874 1378 905 atque
1388 871 1599 907 primogenitum
1610 880 1625 899 e
1635 873 1751 899 mortuis
1761 872 1796 906 ³⁸,

969 910 990 937 Β
1007 915 1086 950 150
1101 919 1129 942 et
1141 916 1289 943 exaltatum
1307 916 1335 943 in
1348 917 1444 951 gloria,
1457 924 1489 944 ac
1503 917 1665 945 dilatantem
1680 918 1795 945 creden—

1003 965 1054 994 tes,
1070 965 1102 989 ut
1117 962 1199 989 modo
1216 961 1282 989 dixi.
1300 961 1396 990 Omnis
1413 963 1486 990 enim
1501 967 1658 990 sanctorum
1676 963 1796 998 prophe-

1004 1011 1094 1034 tarum
1105 1015 1206 1039 sermo,
1217 1015 1330 1035 necnon
1339 1007 1448 1044 Moysis,
1459 1007 1562 1035 Christi
1578 1008 1740 1043 mysterium
1753 1007 1796 1034 in-

1003 1058 1102 1081 nuunt.
1119 1054 1223 1082 Idcirco
1239 1059 1268 1082 et
1288 1055 1398 1089 sapiens
1413 1055 1513 1082 Paulus
1533 1054 1572 1081 ait
1593 1063 1599 1080 :
1616 1063 1624 1080 ι
1642 1054 1718 1081 Finis
1732 1061 1798 1089 pro—

1003 1100 1149 1135 phetarum
1166 1108 1198 1128 ac
1212 1101 1280 1136 legis
1291 1100 1418 1129 Christus
1429 1101 1462 1128 ³⁰.
1478 1111 1486 1127 ι
1502 1101 1638 1129 Caeterum
1649 1101 1799 1128 decortica—

1003 1145 1043 1172 vit
1052 1145 1135 1173 Jaeob
1147 1146 1237 1181 virgas
1248 1146 1366 1174 cortices
1377 1147 1463 1178 albas.
1475 1147 1684 1174 circumvellens
1694 1145 1798 1178 viride;

1005 1195 1086 1226 atque
1101 1192 1138 1218 ita
1151 1196 1338 1227 conceperunt
1351 1192 1427 1227 juxta
1442 1192 1502 1219 illas
1515 1200 1580 1219 oves
1595 1192 1749 1227 varicgatos
1760 1190 1801 1218 fe»-

1005 1241 1059 1265 tus.
1075 1237 1175 1265 Avellit
1194 1238 1268 1265 enim
1286 1238 1488 1273 quodammodo
1503 1238 1630 1265 Christus
1649 1238 1717 1272 legis
1739 1245 1799 1264 unt-

1006 1284 1095 1316 bram,
1109 1288 1138 1311 et
1151 1284 1374 1319 propheticorum
1389 1283 1555 1319 scriptorum
1565 1284 1653 1314 veluti
1663 1283 1799 1314 velamen,

1006 1336 1088 1366 atque
1105 1331 1142 1358 ita
1158 1331 1250 1358 album
1267 1331 1468 1366 pulchrumque
1486 1334 1597 1364 aspectu
1614 1329 1640 1356 in
1661 1329 1727 1364 ipsis
1741 1337 1800 1356 ser-

1006 1384 1115 1404 monem
1133 1376 1292 1409 ostendens,
1310 1376 1344 1404 ad
1363 1376 1514 1411 spiritalem
1533 1375 1662 1402 transfert
1678 1379 1799 1405 cantum,

1007 1430 1039 1450 ac
1060 1427 1166 1450 tantum
1189 1430 1244 1449 non
1264 1426 1295 1449 ut
1317 1422 1384 1457 picae
1406 1421 1487 1449 modo
1508 1420 1641 1456 val-legari
1665 1420 1751 1447 velint
1766 1420 1801 1447 ad

1008 1468 1140 1495 virtutem
1167 1468 1328 1503 persuadet,
1360 1468 1497 1503 duplicent
1522 1467 1596 1494 illam
1623 1472 1799 1498 exercentes,

1008 1522 1101 1550 opere,
1113 1515 1270 1548 inquam,et
1281 1522 1416 1541 sermone.
1427 1513 1532 1540 Idcirco
1542 1518 1569 1540 et
1582 1513 1668 1539 divini
1680 1512 1801 1547 prophe-

1010 1565 1043 1588 ta:
1055 1568 1152 1588 eorum
1168 1560 1216 1595 qui
1228 1560 1256 1586 in
1273 1559 1476 1595 ﬁdejustifieati
1490 1563 1554 1586 sunt
1570 1559 1684 1593 ﬁgurant
1698 1566 1753 1593 pro:
1771 1565 1802 1586 se

1008 1607 1128 1634 ferentes
1143 1612 1237 1641 aperte
1253 1606 1372 1634 clamant
1387 1615 1392 1632 :
1411 1615 1419 1631 ι
1438 1606 1554 1640 Propter
1570 1605 1695 1632 timorem
1711 1609 1800 1635 tuum.

1009 1652 1134 1684 Domine,
1146 1652 1174 1678 in
1185 1656 1263 1679 utero
1275 1651 1441 1686 accepimus,
1454 1654 1482 1678 et
1494 1650 1700 1685 parturivimus,
1713 1654 1741 1677 et
1752 1658 1800 1684 pe,-

1009 1700 1131 1734 perimus
1147 1699 1274 1734 spiritum
1287 1697 1384 1725 salutis
1399 1701 1452 1724 tua:
1471 1697 1502 1723 ³¹.
1519 1706 1527 1722 ι
1541 1696 1620 1723 Idem
1634 1696 1717 1723 etiam
1735 1695 1801 1723 bea-

1011 1750 1055 1772 tus
1068 1745 1151 1772 Isaias
1166 1744 1268 1771 alicubi
1284 1751 1393 1771 rursum
1413 1742 1525 1777 proprie
1544 1742 1601 1769 ait:
1617 1751 1625 1767 l
1645 1741 1803 1769 Confortato

1010 1799 1107 1818 manus
1131 1791 1276 1823 remissas,
1291 1794 1319 1817 et
1333 1798 1421 1825 genua
1441 1789 1590 1823 dissoluta;
1612 1788 1802 1821 consolamini,

1010 1837 1200 1872 pusillanimes
1215 1841 1307 1864 mente
1324 1845 1332 1863 :
1349 1835 1512 1868 confortate,
1531 1843 1564 1862 ne
1583 1835 1712 1862 timeatis.
1732 1835 1803 1861 Eete

1010 1883 1082 1910 Deus
1100 1887 1194 1909 noster
1207 1882 1342 1917 judicium
1356 1881 1495 1913 retribuit,
1509 1885 1537 1908 et
1550 1881 1684 1908 retribuet
1697 1882 1729 1907 “.
1746 1890 1753 1906 ι
1770 1881 1804 1908 Et

1011 1935 1122 1955 rursum
1135 1936 1141 1953 :
1158 1936 1166 1952 ι
1182 1927 1251 1953 Ecce
1261 1927 1333 1953 Deus
1344 1933 1406 1952 cum
1417 1924 1515 1951 robore
1526 1924 1611 1956 venit,
1621 1929 1648 1951 et
1659 1924 1802 1955 brachium

1011 1972 1097 2007 ipsius
1113 1979 1175 1999 cum
1188 1970 1384 2001 dominatione,
1396 1972 1427 1995 ut
1444 1972 1537 2002 pastor
1553 1967 1718 2002 gubernabit
1732 1967 1804 1994 ovile

1011 2025 1102 2049 suum,
1123 2021 1152 2044 et
1172 2016 1286 2043 brachio
1303 2023 1353 2042 suo
1368 2015 1397 2042 in
1417 2022 1503 2042 unum
1523 2014 1642 2041 adducet
1665 2020 1757 2047 agnos,
1775 2016 1804 2039 el'.

1011 2067 1183 2099 praegnantes
1193 2061 1380 2090 consolabitur
1391 2061 1428 2094 ³²;
1445 2070 1454 2086 ›
1467 2061 1520 2088 hoc
1531 2063 1581 2092 est,
1593 2058 1724 2094 spiritalis
1739 2066 1804 2085 con-

1011 2111 1107 2138 solatio
1124 2110 1178 2137 erit
1195 2109 1238 2141 iis,
1258 2109 1305 2144 qui
1324 2109 1378 2144 jam
1395 2108 1518 2135 divinum
1538 2109 1803 2140 sermoncmpartu-

1012 2157 1096 2188 riunt,
1114 2159 1208 2190 utpote
1228 2154 1353 2182 fecundis
1376 2153 1486 2186 futuris,
1504 2157 1532 2180 et
1549 2153 1658 2188 jamjam
1673 2151 1803 2186 perituris

1011 2201 1174 2236 evangelica:
1190 2200 1254 2228 vitae
1270 2199 1456 2235 gloriationes.
1477 2198 1527 2227 llic
1545 2197 1619 2227 enim
1636 2197 1741 2224 fructus
1761 2199 1804 2224 est

1012 2252 1112 2274 saneta:
1126 2247 1345 2281 incorruptisque
1360 2244 1466 2272 animas.
1485 2244 1621 2272 Caeterum
1640 2242 1736 2270 fecisse
1758 2250 1804 2269 re-

1012 2294 1066 2321 fert
1080 2294 1131 2321 sibi
1146 2293 1229 2321 .Iacob
1249 2293 1331 2320 ovilia
1352 2293 1478 2324 seorsim,
1493 2296 1521 2320 et
1538 2300 1596 2321 non
1608 2290 1751 2318 miscuisse
1771 2298 1804 2318 ea

1014 2349 1076 2369 cum
1092 2340 1190 2368 ovibus
1206 2340 1308 2369 Laban.
1326 2340 1405 2367 Nulla
1425 2339 1498 2367 enim
1519 2343 1561 2367 est
1578 2338 1694 2367 societas
1708 2342 1804 2366 sancto

1014 2395 1076 2415 eum
1092 2387 1218 2423 profano,
1240 2394 1310 2421 puro
1329 2394 1392 2414 cum
1414 2385 1525 2413 sordido
1545 2385 1583 2418 “;
1603 2384 1722 2420 separati
1738 2392 1804 2412 vero

1014 2440 1078 2461 sunt
1090 2434 1107 2461 ii
1122 2434 1170 2469 qui
1187 2434 1289 2461 Christi
1303 2437 1376 2465 sunt,
1390 2437 1550 2460 recusantes
1568 2432 1678 2459 misceri
1692 2439 1754 2459 eum
1770 2431 1806 2459 iis

1011 2480 1059 2515 qui
1081 2479 1109 2506 in
1130 2479 1233 2507 mundo
1254 2483 1329 2511 sunt,
1350 2483 1432 2513 atque
1454 2479 1487 2506 ab
1504 2478 1633 2506 omnibus
1647 2476 1805 2505 carnalibus

1012 2526 1157 2555 desideriis
1170 2526 1249 2554 liberi
1260 2530 1342 2553 sunt:
1356 2533 1405 2552 nec
1417 2533 1483 2552 vero
1497 2533 1553 2552 non
1563 2525 1662 2559 signati
1676 2524 1737 2551 vita:
1748 2531 1804 2551 suae

1012 2574 1128 2605 ratione,
1142 2577 1169 2599 at
1182 2572 1274 2607 potius
1285 2571 1386 2598 virtute
1400 2575 1464 2598 sunt
1475 2570 1606 2605 insigniti.
1622 2580 1631 2595 ‹
1646 2570 1728 2597 Facta
1739 2573 1804 2596 sunt

1013 2619 1097 2651 enim,
1115 2617 1214 2652 inquit,
1230 2624 1265 2644 ea
1278 2624 1338 2651 quae
1352 2616 1457 2651 signata
1473 2623 1526 2642 non
1538 2618 1627 2645 erant,
1642 2614 1750 2646 Laban;
1765 2612 1803 2640 si-

1014 2669 1095 2700 gnata
1109 2671 1174 2690 vero
1191 2662 1285 2691 Jacobi
1298 2662 1330 2689 3'.
1352 2672 1361 2687 ι
1375 2661 1457 2696 Atqui
1472 2669 1527 2688 non
1541 2660 1629 2687 caruit
1643 2659 1744 2686 invidia
1758 2658 1803 2686 Ja-

1015 2711 1083 2742 cob;
1098 2714 1239 2745 postquam
1253 2710 1326 2737 enim
1345 2716 1407 2735 eum
1427 2707 1520 2740 ditari,
1533 2711 1560 2734 et
1572 2705 1710 2741 prosperis
1721 2704 1804 2732 rebus

1017 2756 1056 2784 uti
1069 2756 1208 2788 viderunt,
1221 2755 1379 2783 inviderunt
1391 2754 1416 2781 ei
1433 2754 1610 2781 vehementer
1624 2752 1671 2778 filii
1687 2751 1779 2778 Laban
1795 2759 1803 2777 :

1018 2807 1185 2838 quapropter
1200 2803 1282 2829 etiam
1295 2799 1436 2827 discedere
1451 2799 1596 2835 cogitabat,
1611 2801 1693 2832 atque
1711 2796 1738 2823 in
1755 2803 1804 2830 pa-

212 2859 234 2874 "
250 2859 350 2887 Jerem.
370 2867 388 2892 I,
403 2859 446 2886 Η.
484 2859 506 2876 ’⁵
521 2859 571 2887 Isa.
592 2867 638 2891 xu,
651 2860 677 2887 5.
714 2859 736 2874 ¹⁹
751 2857 809 2886 Col.
828 2867 846 2889 ι,
863 2858 906 2885 I8.
943 2859 954 2876 ³

1007 2869 1054 2888 1m.
1078 2869 1103 2890 χ,
1127 2860 1150 2888 4.
1192 2859 1213 2875 ³¹
1232 2859 1282 2887 Isa.
1299 2857 1426 2892 xva,I8.
1449 2857 1522 2885 a’Isa
1548 2863 1634 2890 xxxv,
1649 2854 1677 2883 ὅ,
1712 2853 1734 2870 ⁸³
1750 2853 1802 2882 Isa.

175 2902 219 2926 XL,
239 2894 280 2922 10.
320 2895 341 2910 ⁵³
356 2895 378 2923 II
390 2894 453 2923 Cor.
469 2903 504 2922 vi.
524 2895 564 2928 II,
578 2895 618 2922 I5.
657 2893 754 2922 a’Gen.
770 2902 831 2928 xxx,
851 2894 888 2921 I2.
