1990 3050
206 169 261 198 245

701 167 730 196 S.
749 168 886 196 CYRILLI
907 169 1142 196 ALEXANDRINI
1160 170 1320 198 ARCHIEP.

1783 171 1838 200 2H

207 234 313 255 ternam
329 226 428 254 reverti
444 226 567 254 domum.
586 225 663 260 151
679 224 820 260 Scriptum
839 229 882 252 est
899 225 973 251 enim
987 233 991 251 :

1049 225 1121 252 κατὰ
1141 225 1187 252 τὸν
1204 226 1271 261 βίον,
1291 225 1500 262 γνωριμώτατοι
1519 226 1547 253 δὲ
1568 225 1668 262 μᾶλλον
1685 225 1715 258 ὲε
1731 227 1842 262 ἀρετῆς-

210 283 218 299 (
234 272 267 300 Et
287 271 391 300 ditatus
404 276 446 299 est
464 271 547 299 homo
563 271 652 303 valde,
665 271 832 306 fueruntque
851 270 876 297 ei
897 278 997 305 pecora

206 319 302 352 multa,
318 323 346 346 et
362 318 456 350 boves,
473 322 502 344 et
515 317 598 349 servi,
617 320 646 344 et
667 316 782 347 ancillaz,
803 319 832 342 et
849 315 957 348 cameli,
969 320 997 343 et

205 365 286 398 asini,
299 369 327 393 et
346 365 424 392 muli.
446 363 559 391 Audivit
575 363 658 390 etiam
678 361 762 390 Iacob
775 360 859 388 verba
877 360 996 388 ﬁliorum

205 411 308 444 [.aban,
321 410 472 438 dicentium
495 419 501 436 :
522 409 596 437 Tulit
615 409 698 436 Iacob
719 408 810 435 omnia
830 415 891 442 qua:
911 408 998 442 patris

203 457 302 489 nostri,
313 461 342 484 et
351 456 385 484 de
396 456 428 483 iis
438 463 499 491 qua:
510 455 595 490 patris
609 454 706 486 nostri,
721 453 786 481 fecit
798 461 907 481 omnem
925 454 997 482 hanc

202 503 328 538 gloriam.
344 502 378 530 Et
395 501 464 529 vidit
485 501 568 529 Iacob
586 500 683 528 faciem
698 500 802 532 Laban,
816 504 845 527 ct
862 508 926 528 ecce
940 508 996 528 non

201 553 263 577 erat
279 556 341 584 erga
352 556 416 576 cum
430 549 502 576 sicut
515 547 574 574 heri
588 550 616 574 et
632 546 733 574 nudius
745 546 851 574 tertius.
866 547 938 574 Dixit
948 555 996 574 au-

203 600 257 623 tem
274 595 406 622 Dominus
422 594 455 622 ad
467 594 568 622 Iacob:
581 594 729 621 Revertere
744 593 773 621 in
792 597 892 620 terram
910 593 996 628 patris

203 643 253 675 tui,
261 647 288 670 et
294 642 326 669 ad
333 641 536 677 generationem
544 645 629 673 tuam,
636 644 717 668 etero
724 643 824 667 tecum.
832 639 996 667 Mittensau-

203 694 256 717 tem
265 688 349 716 Iacob
357 687 547 715 vocavitLiam
555 686 689 714 etRachel
706 686 733 713 in
749 694 844 721 agrum
859 685 906 713 ubi
916 690 995 713 erant

201 742 311 770 greges,
324 737 352 762 et
369 734 408 761 ait
422 733 477 761 illis
489 741 495 760 :
509 733 595 760 Video
613 740 664 768 ego
677 731 773 759 faciem
790 731 875 767 patris
894 731 992 764 vestri,

201 781 276 816 quod
292 788 347 808 non
360 785 402 808 est
413 788 478 815 erga
491 787 545 812 me,
561 780 633 807 sicut
646 779 706 806 heri
718 783 746 806 et
757 779 859 806 nudius
873 778 972 806 tertius
985 787 992 805 :

200 828 274 856 Deus
286 831 377 855 autem
392 827 479 862 patris
494 827 547 854 mei
561 826 613 853 fuit
624 833 742 853 mecum.
757 825 812 853 Vos
823 828 914 852 autem
929 825 994 860 ipsa;

200 874 288 907 scitis,
301 874 375 909 quod
396 873 424 901 in
444 873 574 901 omnibus
584 872 692 900 viribus
710 871 780 899 meis
799 871 900 898 servivi
920 871 992 906 patri

200 925 303 953 vestro,
315 925 342 948 at
360 925 438 955 pater
457 923 550 947 vester
560 919 669 954 decepit
684 926 739 951 me,
751 922 780 945 et
792 918 908 945 mutavit
919 925 993 945 mer-

201 967 296 995 cedem
310 966 405 994 decem
425 973 567 1001 agnorum.
594 974 603 991 ›
625 964 729 992 Deinde
747 964 785 991 ait
808 973 814 991 :
841 974 850 989 ι
873 963 994 991 Abstulit

199 1013 273 1041 Deus
281 1013 372 1041 omnia
380 1020 479 1048 pecora
490 1012 577 1047 patris
586 1011 682 1044 vestri,
691 1015 719 1038 et
727 1009 804 1038 dedit
811 1010 878 1038 mihi
888 1010 933 1038 illa
941 1010 989 1037 π.)

200 1059 306 1088 Revera
327 1059 400 1086 enim
421 1058 519 1086 ditavit
538 1066 590 1086 nos
609 1057 741 1085 Dominus
757 1060 852 1084 noster
867 1056 994 1084 Christus

198 1107 288 1139 Iesus,
310 1106 339 1133 in
360 1106 521 1133 immensam
541 1103 759 1136 multitudinem,
780 1110 948 1138 congregans
965 1102 993 1129 in

199 1152 303 1180 mundo
314 1159 380 1179 suos
392 1151 512 1179 cultores
526 1159 532 1177 :
545 1150 593 1185 qui
604 1149 687 1176 etiam
701 1148 875 1184 splendidum
893 1148 994 1176 mentis

197 1199 277 1226 bona:
286 1197 430 1225 donarium
442 1196 584 1224 servitutis
594 1203 650 1223 sua:
660 1195 711 1222 sub
724 1195 784 1230 ipso
792 1194 993 1222 confessionem

197 1244 312 1276 faciunt,
319 1243 443 1271 dicentes
451 1252 457 1270 :
465 1253 473 1268 ι
484 1243 539 1270 Nos
547 1245 638 1269 autem
647 1241 765 1276 populus
772 1248 881 1276 pascuae
887 1241 958 1276 ejus,
965 1244 994 1268 et

197 1298 263 1318 oves
276 1298 373 1318 manus
382 1289 482 1325 ejus".
495 1298 504 1315 ι
519 1288 655 1316 Caeterum
667 1287 716 1315 ﬁlii
728 1287 822 1315 mundi
839 1287 891 1314 hoc
901 1287 993 1314 animo

197 1336 291 1371 quieto
308 1343 363 1362 non
376 1335 523 1362 sustinent.
542 1333 693 1368 Spoliatum
710 1341 777 1360 vero
789 1332 993 1368 quodammodo

195 1383 322 1410 videntes
330 1389 410 1409 suum
421 1385 537 1416 patrem,
544 1384 573 1408 et
580 1380 645 1407 boni
654 1380 771 1415 pastoris
779 1387 889 1406 manum
899 1379 992 1407 subire

196 1428 318 1464 insignes
326 1428 463 1463 praecipue
471 1435 547 1459 oves,
563 1426 770 1461 variegatosque
781 1425 927 1460 multiplici
937 1425 993 1452 vir-

196 1479 286 1503 tutum
297 1482 397 1510 genere
405 1481 452 1501 eos
462 1472 532 1508 quia
541 1472 651 1500 Christo
660 1472 744 1508 geniti
754 1471 992 1504 sunt,obmurmu-

195 1526 258 1548 rant
270 1521 394 1548 dicentes
408 1529 413 1547 :
432 1529 440 1544 ι
455 1519 566 1554 Accepit
575 1518 659 1546 Iacob
668 1518 759 1545 omnia
773 1526 834 1553 qua:
844 1518 931 1554 patris
942 1525 991 1545 no-

1011 900 1030 927 Β

1052 280 1061 297 ι
1086 271 1209 305 Ἐγένετο
1228 272 1297 308 γὰρ,
1314 272 1398 307 φησὶ,
1411 272 1447 299 τὰ
1463 273 1557 308 ἄσημα
1578 272 1624 299 τοῦ
1639 272 1743 303 Λάϐαν·
1758 272 1792 299 τὰ
1814 271 1843 299 δὲ

1048 317 1171 354 ὲπὶσημα
1183 318 1231 345 τοῦ
1255 318 1361 347 Ἰακώϐ.
1383 328 1392 345 ι
1415 318 1487 354 Πλὴν
1503 319 1554 346 οὐκ
1570 318 1721 354 ἀφθόνητος
1734 315 1768 354 ἦν
1788 318 1842 344 Ἰα-

1048 363 1117 392 κώΰ.
1147 364 1256 400 Ἐπειδὴ
1280 364 1308 391 δὲ
1332 365 1501 393 πλουτοῦντα
1523 374 1554 392 τε
1576 365 1624 392 καὶ
1653 363 1842 401 εὐημεροῦντα

1047 409 1198 442 τεοέανται,
1211 411 1406 438 κατεδάκνοντο
1416 411 1476 438 λίαν
1483 411 1508 438 ot
1519 411 1615 438 τούτου
1624 410 1686 438 υἱοί.
1697 410 1842 446 Τοιγάρτοι

1047 456 1094 483 καὶ
1108 456 1257 492 ἀποδημεῖν
1269 457 1427 490 ἐσκέπτετο,
1436 457 1484 484 καὶ
1496 458 1536 489 είς
1547 456 1596 492 τὴν
1608 455 1737 492 πατρῴαν
1748 456 1842 483 ἑστίαν

1047 500 1125 535 αὖθις
1145 503 1307 539 ἁποςροιτᾷν.
1323 503 1482 539 Γέγραπται
1501 503 1567 538 γὰρ,
1581 502 1623 529 ὃτι
1641 511 1650 528 ι
1671 502 1727 529 Καὶ
1739 500 1840 528 ἐπλού-

1046 557 1130 585 τησεν
1144 550 1158 576 ὁ
1173 549 1221 576 ἀνθ
1227 558 1318 584 ρωπος
1328 549 1442 584 σφόδρα.
1455 549 1510 576 Kal.
1526 548 1651 583 ἐγένοντο
1665 547 1739 583 αὐτῷ
1755 549 1840 583 κτήνη

1046 595 1143 628 πολλὰ,
1160 595 1206 622 καὶ
1221 595 1293 630 βόες,
1309 595 1357 622 καὶ
1377 595 1484 628 παῖδες,
1501 595 1549 622 καὶ
1563 594 1717 626 παιδίσκαι.
1731 595 1779 621 καὶ
1791 595 1841 621 κάη

1047 641 1138 678 μηλοι,
1154 642 1200 669 καὶ
1221 641 1286 675 avet,
1308 642 1355 668 καὶ
1375 641 1491 677 ἡμίονοι.
1509 642 1629 668 Ἤκουσε
1642 641 1670 668 δὲ
1692 640 1788 669 Ἰακὼῦ
1807 641 1840 668 τὰ

1046 689 1157 725 ῥήματα
1173 688 1228 715 τῶν
1245 688 1312 715 υίῶν
1322 688 1415 716 Λάὸαν
1431 688 1567 722 λεγόντων
1579 696 1586 704 ο
1600 687 1718 723 Εῐληφεν
1741 686 1840 714 Ἰακὼϐ

1045 736 1134 762 πάντα
1151 734 1185 761 τὰ
1196 734 1243 761 τοῦ
1259 734 1362 770 πατρὸς
1381 734 1471 770 ἡμῶν,
1488 734 1535 761 καὶ
1548 734 1580 760 ὲκ
1599 733 1653 760 τῶν
1672 733 1717 760 τοῦ
1737 732 1839 768 πατρὸς

1045 781 1124 817 ήμῶν
1138 781 1273 816 πεποίηκε
1294 781 1384 808 πᾶσαν
1400 780 1449 816 τὴν
1463 779 1542 812 δόξαν
1562 779 1675 815 ταύτην.
1694 779 1749 806 Kal.
1769 777 1839 805 εἶδεν

1050 826 1147 854 Ἰακὼό
1161 826 1191 853 τὸ
1205 826 1351 862 πρόοωπον
1367 826 1461 853 Λάσαν
1474 846 1482 859 ,
1505 826 1553 853 καὶ
1569 826 1624 853 ἰδοὺ
1639 826 1690 852 οὐκ
1712 823 1746 860 ἦν
1770 824 1840 860 πρὸς

1044 873 1125 900 αὑτὸν
1139 872 1177 904 ὡς
1196 872 1259 908 χθὲς
1281 872 1327 900 καὶ
1343 872 1439 908 τρίτην
1455 872 1573 907 ἡμέραν.
1598 869 1665 898 Εἷπε
1685 871 1714 897 δὲ
1736 871 1839 906 Κύριος

1045 919 1115 955 πρὸς
1136 918 1236 946 Ἰακώϐ
1247 927 1254 934 ·
1278 918 1466 954 Ἀποστρέ-ρου
1482 919 1521 950 εἰς
1536 918 1586 953 τὴν
1600 918 1653 953 γῆν
1667 917 1713 944 τοῦ
1734 917 1839 953 πατρός

1045 975 1103 997 σου,
1128 965 1175 993 καὶ
1195 966 1234 998 εἰς
1250 965 1299 1001 τὴν
1318 965 1416 1000 γενεάν
1434 973 1492 997 σου,
1508 964 1555 991 καὶ
1571 964 1669 999 ἔσομαι
1689 964 1759 998 μετὰ
1777 963 1838 991 σοῦ.

1050 1011 1224 1044 Ἀποστείλας
1236 1011 1265 1039 δὲ
1286 1010 1384 1038 Ἰακὼὸ
1398 1010 1510 1037 ἐκάλεσε
1531 1010 1631 1045 Ῥαχὴλ
1641 1010 1688 1036 καὶ
1703 1009 1786 1036 Λείαν
1797 1009 1839 1040 εἰς

1043 1059 1073 1086 τὸ
1088 1058 1190 1090 πεδίον,
1211 1054 1241 1085 οὗ
1252 1055 1456 1094 ἧντὰποίμνια.
1468 1056 1523 1084 Καὶ
1537 1054 1614 1083 εἶπεν
1631 1055 1729 1087 αὑταῖς
1739 1063 1746 1070 ·
1763 1054 1838 1090 Ὀρῶ

1043 1105 1098 1139 ἐγὼ
1106 1105 1137 1132 τὸ
1145 1104 1292 1140 πρόσωπον
1303 1104 1351 1131 τοῦ
1361 1104 1465 1140 πατρὸς
1476 1102 1563 1139 ὑμῶν,
1575 1102 1616 1129 ὅτι
1633 1103 1684 1129 οὑκ
1700 1102 1757 1128 ἐστι
1769 1100 1837 1137 πρὸς

1042 1152 1093 1187 ἐμὲ
1111 1151 1150 1183 ὡς
1161 1151 1225 1186 χθὲς
1239 1151 1287 1177 καὶ
1303 1149 1400 1186 τρίτην
1417 1149 1535 1185 ἡμέραν.
1556 1149 1586 1175 ’0
1599 1148 1627 1174 δὲ
1642 1147 1708 1179 Θεὸς
1722 1147 1769 1174 τοῦ
1781 1155 1836 1174 παο

1041 1198 1106 1234 τρός
1123 1205 1174 1233 μου
1188 1195 1222 1233 ἦν
1242 1197 1300 1232 μετ’
1317 1195 1397 1232 ἐμοῦ.
1421 1195 1477 1223 Καὶ
1493 1195 1576 1222 αὑταὶ
1590 1194 1619 1221 δὲ
1641 1193 1730 1221 οἴδατε
1750 1193 1792 1220 ὅτι
1806 1193 1836 1219 ὲν

1043 1245 1118 1280 πάσῃ
1138 1246 1171 1281 τῇ
1189 1244 1261 1280 ἰσχύϊ
1280 1252 1332 1280 μου
1353 1242 1516 1270 δεδούλευκα
1529 1241 1570 1277 τῷ
1590 1241 1676 1277 πατρὶ
1692 1241 1780 1276 ὑμῶν.
1805 1239 1835 1268 '0

1041 1293 1070 1320 δὲ
1095 1291 1185 1328 πατὴρ
1203 1291 1280 1327 ὑμῶν
1302 1288 1513 1326 παρεκρούσατο
1534 1296 1578 1323 με,
1604 1287 1652 1314 καὶ
1667 1286 1765 1322 ἢλλαξε
1788 1285 1835 1313 τὸν

1043 1339 1138 1375 μισθόν
1155 1347 1206 1374 μου
1215 1338 1272 1365 τῶν
1282 1337 1348 1364 δέκα
1356 1335 1493 1372 ἀμνάδων.
1510 1344 1520 1360 ι
1534 1331 1601 1361 Εἶτὰ
1613 1341 1690 1368 φησι,
1704 1333 1745 1359 ὃτι
1760 1342 1769 1358 ι
1779 1331 1836 1359 Καὶ

1041 1386 1168 1421 ἀφείλετο
1182 1386 1197 1412 ὁ
1213 1384 1282 1416 Θεὸς
1301 1383 1390 1410 πάντα
1403 1383 1438 1409 τὰ
1456 1382 1542 1417 κτήνη
1561 1380 1609 1407 τοῦ
1628 1379 1731 1415 πατρὸς
1745 1379 1834 1414 ὑμῶν,

1041 1435 1088 1460 καὶ
1104 1431 1187 1459 ἔδωκέ
1204 1440 1248 1466 μοι
1266 1430 1346 1458 αὐτά.
1366 1439 1375 1456 ι
1399 1427 1576 1463 Πεπλούτηκε
1597 1426 1646 1462 μὲν
1659 1426 1713 1461 γὰρ
1726 1424 1836 1461 ἀληθῶς

1041 1477 1055 1503 ὁ
1069 1477 1171 1511 Κύριος
1185 1474 1264 1511 ἡμῶν
1285 1473 1390 1510 Ἰησοῦς
1404 1473 1534 1509 Χριστὸς,
1544 1473 1583 1504 είς
1598 1471 1704 1507 πληθὺν
1714 1470 1836 1505 ἀμέτρη-

1039 1531 1097 1554 τον.
1115 1521 1285 1557 συναγείρων
1298 1521 1326 1547 ὲν
1340 1519 1435 1556 κόσμῳ
1446 1519 1510 1551 τοὺς
1523 1518 1604 1550 ίδίους
1621 1515 1814 1553 προσκυνητάς
1826 1523 1834 1531 ”

196 1567 257 1600 stri,
267 1571 349 1602 atque
364 1574 398 1593 ex
413 1566 500 1600 patris
511 1565 598 1592 nostri
615 1564 790 1592 facultatibus
804 1564 870 1591 fecit
880 1571 989 1591 omnem

1042 1568 1067 1594 οἳ
1083 1567 1132 1594 καὶ
1149 1567 1269 1599 διανοίας
1289 1565 1394 1601 ἀγαθῆς
1415 1565 1546 1600 ἀνάθημα
1565 1563 1692 1599 λαμπρὸν
1715 1562 1766 1597 τῆς
1788 1561 1834 1588 ὑπ’

196 1615 267 1642 hanc
288 1613 403 1649 gloriam
425 1613 458 1640 ⁸⁸.
482 1622 491 1638 ›
509 1612 603 1647 Neque
622 1619 689 1638 vero
707 1611 888 1637 mentiuntur.
902 1611 990 1638 Verus

195 1660 269 1687 enim
286 1663 329 1687 est
341 1666 442 1687 sermo.
457 1658 578 1686 Adduxit
596 1657 668 1684 enim
685 1656 814 1684 Christus
831 1663 927 1683 omnes
942 1655 990 1690 qui

196 1706 224 1733 in
240 1705 343 1733 mundo
365 1709 429 1732 sunt
443 1704 477 1731 ad
491 1712 531 1735 se,
546 1703 721 1738 propriisque
734 1702 792 1729 suis
809 1701 928 1729 ovilibus
946 1701 989 1728 in-

195 1752 310 1780 cludens
326 1751 499 1780 credentium
513 1758 619 1786 greges,
631 1749 742 1776 divitias
760 1747 843 1775 habet
856 1748 912 1775 Deo
923 1755 990 1774 con-

195 1799 348 1831 venientes,
361 1802 389 1826 et
409 1797 523 1833 gloriam
535 1795 759 1831 prteemiucmem
770 1802 778 1827 ;
791 1793 829 1821 ait
846 1793 920 1820 enim
939 1792 990 1819 ali-

195 1847 260 1874 cubi
272 1850 299 1873 ct
311 1846 369 1881 ipse
381 1845 415 1872 ad
428 1845 537 1872 Patrem
550 1847 578 1870 et
589 1843 675 1870 Deum
689 1842 828 1869 cwlestem
843 1850 848 1867 :
867 1850 876 1866 ι
893 1839 990 1867 Omnia

196 1901 256 1920 mea
265 1896 310 1920 tua
319 1895 393 1923 sunt,
400 1895 428 1918 et
437 1895 482 1918 tua
490 1897 561 1922 mea,
570 1892 598 1916 et
605 1886 773 1923 gloriﬁcatus
781 1893 841 1913 sum
851 1885 878 1912 in
887 1885 926 1912 eis
934 1884 966 1911 ’9.
977 1893 986 1910 ›

194 1939 344 1966 Videamus
354 1942 445 1964 autem
455 1940 485 1963 et'
496 1934 650 1963 mercedem
658 1931 760 1961 Iacobo
772 1931 862 1958 datam
873 1940 880 1957 ε
897 1940 906 1956 ι
921 1931 991 1957 Fue—

195 1989 260 2013 runt
272 1984 475 2018 ci,ait,pccora
487 1982 583 2013 multa,
596 1984 623 2008 et
635 1980 734 2011 boves;
749 1977 820 2006 servi
835 1981 863 2004 et
873 1977 987 2009 ancillze,

194 2030 292 2058 cameli
311 2033 339 2057 et
360 2028 430 2057 asini
452 2028 485 2055 ‘°.
511 2037 520 2053 ι
538 2027 687 2054 Videamus
707 2024 882 2058 colligentem
905 2023 987 2050 etiam

194 2077 335 2104 Christum
348 2083 381 2102 ex
393 2074 467 2102 omni
480 2080 592 2109 genere,
605 2075 635 2099 ut
646 2071 779 2105 scriptum
790 2073 833 2097 cst
845 2078 851 2096 :
871 2079 879 2095 ι
894 2069 990 2097 Simile

194 2127 236 2151 est
249 2130 363 2159 regnum
382 2121 516 2149 cmlorum
535 2119 613 2154 152
634 2125 740 2153 sageme
759 2117 848 2144 missa:
861 2116 888 2143 in
902 2124 988 2147 mare,

193 2175 221 2198 ct
232 2179 265 2198 ex
278 2170 352 2198 onmi
369 2176 470 2204 genere
484 2167 601 2203 piscium
615 2164 789 2200 congreganti
804 2163 838 2191 “.
856 2173 865 2189 ι
880 2163 987 2190 Admit-

193 2218 227 2245 tit
245 2217 319 2245 cnim
341 2223 461 2247 servum,
482 2219 511 2241 ut
523 2220 587 2240 eum
602 2210 739 2238 libertatis
753 2210 838 2245 gloria
852 2210 986 2237 illustrem

194 2263 300 2291 reddat.
322 2261 449 2289 Admittit
461 2267 510 2287 eos
522 2258 570 2294 qui
589 2258 641 2285 sub
660 2257 719 2292 lege
736 2260 811 2288 sunt,
824 2256 909 2283 veluti
923 2264 987 2283 san-
1005 2249 1026 2276 D

194 2315 253 2338 ctos
266 2310 320 2345 jam
339 2313 366 2335 et
384 2307 418 2335 ad
430 2306 552 2342 spiritale
566 2309 644 2340 aptos
662 2303 839 2334 sacrificium,
852 2302 925 2338 quod
940 2310 989 2337 per

194 2365 266 2384 ovem
286 2360 310 2382 rt
328 2355 416 2381 boum
434 2351 612 2387 signiﬁcatur,
637 2353 667 2377 ut
690 2349 724 2376 ad
742 2349 906 2385 evangelicae
925 2348 988 2376 vita:

195 2402 364 2429 transferens
376 2399 560 2435 splendorem,
573 2396 670 2424 reddat
686 2396 845 2423 sanctiores.
859 2395 989 2423 Admittit

194 2451 325 2484 prazterea
338 2445 481 2481 profanant
494 2447 577 2478 atque
589 2442 728 2477 impurum
743 2449 839 2477 genus,
852 2441 925 2476 quod
938 2449 988 2476 per

193 2493 328 2526 camelum
340 2496 368 2519 ct
381 2491 489 2519 asinum
501 2488 682 2525 signiﬁcatur,
693 2492 724 2515 ut
733 2487 862 2515 sordibus
873 2487 986 2515 absum-

193 2540 248 2575 ptis
261 2538 363 2566 erroris
376 2537 410 2564 de
422 2535 577 2572 pluralitate
589 2534 704 2562 deorum
719 2541 804 2569 puros
815 2533 986 2568 mundosque

194 2590 351 2614 sanctorum
365 2583 447 2612 coetui
469 2582 626 2617 conjungat.
645 2581 725 2608 Motis
747 2580 839 2615 itaque
858 2579 892 2607 ad
915 2580 986 2607 invi-

193 2633 266 2661 diam
286 2631 349 2659 ﬁliis
365 2630 469 2661 Laban,
489 2632 571 2664 atque
586 2628 656 2656 adeo
672 2627 731 2663 ipso
744 2627 848 2658 Laban,
863 2631 986 2653 torvum-

193 2684 247 2712 que
258 2684 308 2704 nec
320 2674 422 2703 invidia
432 2674 551 2701 liberum
558 2673 664 2700 vultum
673 2680 729 2707 prae
739 2679 768 2699 se
777 2671 881 2699 ferente
892 2680 914 2698 ει
926 2671 987 2699 Non

193 2723 266 2750 enim
279 2726 347 2754 erat,
360 2721 458 2756 inquit,
470 2720 553 2748 facies
562 2720 622 2755 ejus
633 2719 704 2746 sicut
715 2718 774 2746 heri
784 2721 811 2746 et
823 2718 924 2746 nudius
933 2722 988 2746 ter-

195 2769 249 2796 tius
261 2769 283 2785 "
296 2778 301 2795 ε
318 2778 328 2795 ι
342 2768 414 2795 Deus
425 2766 520 2799 Iacob,
533 2769 565 2793 ut
584 2765 612 2792 in
623 2769 724 2792 terram
735 2772 812 2791 suam
831 2769 985 2792 revertere-

1041 1614 1123 1640 αὑτὸν
1142 1613 1264 1644 δουλείας
1281 1611 1422 1639 ποιοῦνται
1442 1611 1492 1647 τὴν
1513 1610 1669 1646 ὁμολογίαν,
1689 1609 1833 1643 λέγοντες·

1045 1669 1054 1684 ι
1076 1660 1171 1695 Ἡμεῖς
1184 1659 1211 1686 δὲ
1228 1659 1292 1691 λαὸς
1308 1659 1394 1694 νομῆς
1413 1657 1509 1689 αὑτοῦ,
1527 1656 1575 1683 καὶ
1597 1655 1723 1692 πράὸατα
1743 1653 1835 1690 χειρὸς

1041 1705 1134 1733 αὑτοῦ.
1155 1715 1163 1731 ι
1189 1705 1259 1732 Ἀλλ’
1273 1705 1389 1740 ἠρεμεῖν
1406 1703 1453 1730 ἐπὶ
1467 1703 1573 1734 τούτοις
1583 1703 1634 1729 οὐκ
1645 1701 1788 1737 ἀνέχονται
1800 1700 1835 1728 τὰ

1040 1751 1087 1777 τοῦ
1103 1750 1206 1786 κόσμου
1223 1750 1317 1778 τέκνα.
1332 1748 1491 1784 Συλώμενον
1505 1749 1534 1775 δὲ
1547 1748 1643 1783 ὥσπερ
1657 1747 1774 1783 ὁρῶντες
1787 1747 1834 1774 τὸν

1042 1796 1147 1823 ἑαυτῶν
1163 1796 1280 1832 πατέρα,
1298 1795 1346 1822 καὶ
1358 1795 1409 1830 τὴν
1425 1794 1472 1821 τοῦ
1491 1793 1598 1828 ἀγαθοῦ
1618 1794 1748 1828 ποιμένος
1768 1793 1835 1820 ὐπο-

1040 1843 1171 1878 τρὲχοντα
1187 1843 1268 1878 χεῖρα
1285 1841 1321 1868 τὰ
1332 1840 1387 1868 τῶν
1404 1840 1552 1876 προϐάτων
1569 1840 1772 1875 ἐπισημότατα·
1787 1839 1835 1877 καὶ

1041 1888 1265 1924 ποικιλλομένους
1284 1888 1346 1919 ταῖς
1370 1887 1542 1914 πολυειδέσιν
1560 1887 1672 1922 ἀρεταῖς
1694 1886 1758 1917 τοὺς
1781 1885 1836 1912 ὑπὸ

1040 1934 1151 1970 Χριστῷ
1170 1932 1370 1968 γεννωμένους,
1385 1931 1579 1967 τονθορύζουσι
1598 1931 1739 1966 λέγοντες·
1760 1940 1770 1957 ‹
1788 1931 1837 1958 Et-

1040 1980 1125 2015 ληφεν
1146 1978 1243 2006 Ἰακὼῦ
1261 1978 1351 2006 πάντα
1371 1977 1406 2004 τὰ
1430 1977 1477 2004 τοῦ
1501 1977 1604 2012 πατρὸς
1621 1977 1710 2012 ἡμῶν,
1731 1977 1778 2004 καὶ
1802 1978 1836 2004 ὲκ

1039 2027 1093 2053 τῶν
1120 2025 1167 2053 τοῦ
1191 2025 1294 2060 πατρδς
1315 2024 1396 2060 ἡμῶν
1411 2023 1546 2058 πεποίηκε
1569 2024 1659 2050 πᾶσαν
1683 2024 1734 2059 τὴν
1756 2024 1835 2056 δόξαν

1039 2074 1153 2109 ταύτην.
1174 2082 1183 2099 ι
1206 2073 1261 2099 Καὶ
1280 2070 1476 2107 ψευδοεποῦσιν
1490 2070 1627 2105 οὐδαμῶς.
1649 2070 1765 2106 Ἀληθὴς
1779 2071 1835 2106 γὰρ

1040 2121 1054 2148 ὁ
1069 2121 1156 2154 λόγος.
1171 2119 1337 2154 Συνεκόμισε
1351 2118 1406 2155 γὰρ
1423 2117 1548 2148 ἅπαντας
1564 2118 1604 2148 εἰς
1621 2117 1714 2144 ἑαυτὸν
1729 2117 1794 2149 τοὺς
1805 2118 1836 2144 ἐν

1040 2168 1135 2202 κόσμῳ
1148 2166 1276 2202 Χριστὸς,
1292 2164 1516 2200 ὲνσηκασάμενός
1525 2172 1554 2190 τε
1570 2165 1629 2195 ταῖς
1643 2163 1723 2195 ίδίαις
1738 2163 1835 2195 αὐλαῖς

1040 2212 1089 2244 τὰς
1106 2211 1160 2238 τῶν
1176 2210 1381 2237 πιπτευσὰντων
1392 2209 1503 2244 ἀγέλας,
1514 2209 1629 2235 πλοῦτον
1644 2209 1700 2244 ἔχει
1711 2208 1759 2235 τὸν
1776 2208 1835 2235 Oso-

1040 2259 1133 2293 πρεπῆ
1145 2258 1192 2284 καὶ
1207 2257 1287 2289 δόξαν
1301 2255 1484 2292 ἐξῃρημένην.
1505 2255 1576 2291 Ἔφη
1592 2255 1646 2291 γάρ
1660 2263 1711 2281 που
1729 2255 1776 2281 καὶ
1785 2254 1836 2281 αὐ-

1040 2305 1084 2337 τὸς
1101 2304 1169 2340 πρὸς
1181 2303 1227 2331 τὸν
1240 2304 1268 2329 ὲν
1283 2303 1338 2334 τοῖς
1357 2302 1484 2338 οὐρανοῖς
1503 2301 1612 2336 Πατέρα
1626 2301 1674 2327 καὶ
1689 2301 1755 2327 Θεὸν
1765 2320 1772 2333 ,
1792 2300 1834 2326 ὅτι

1043 2360 1053 2376 ι
1072 2350 1164 2376 Πάντα
1188 2348 1223 2375 τὰ
1240 2347 1295 2383 ἐμὰ
1317 2347 1352 2373 σά
1366 2347 1435 2378 ἐστι,
1456 2347 1505 2373 καὶ
1522 2346 1556 2373 τὰ
1569 2346 1603 2372 σὰ
1617 2345 1682 2380 ἐμὰ,
1701 2345 1748 2371 καὶ⁸
1763 2345 1835 2371 δεδό-

1040 2395 1142 2430 ξασμαι
1158 2394 1186 2420 ὲν
1200 2393 1302 2424 αὐτοῖς.
1319 2401 1329 2418 ι
1344 2391 1458 2426 Ίδωμεν
1473 2391 1502 2417 δὲ
1516 2390 1565 2417 καὶ
1575 2390 1656 2417 αὑτὸν
1670 2389 1718 2416 τοῦ
1737 2389 1833 2416 Ἰακὼϐ

1039 2443 1085 2469 τὸν
1099 2441 1204 2477 μισθόν.
1221 2450 1230 2466 ι
1251 2439 1391 2475 Ἐγένοντο
1400 2439 1429 2466 δὲ
1441 2439 1527 2474 αὐτῷ,
1543 2438 1620 2474 φησὶ,
1634 2438 1720 2472 κτήνη
1735 2435 1832 2467 πολλὰ,

1041 2487 1089 2514 καὶ
1115 2487 1192 2522 βόες,
1212 2485 1307 2517 παῖδές
1324 2494 1355 2512 τε
1377 2485 1426 2512 καὶ
1445 2484 1606 2516 παιδίσκαι,
1633 2482 1753 2517 κάμηλοι
1784 2481 1833 2508 καὶ

1040 2534 1106 2561 livet.
1127 2542 1137 2558 ι
1163 2532 1244 2568 Ὁρᾷς
1259 2531 1454 2566 συναγείροντα
1466 2530 1513 2557 καὶ
1525 2529 1571 2556 τὸν
1585 2528 1704 2563 Χριστὸν
1715 2529 1747 2554 ὲκ
1763 2535 1833 2553 παν-

1041 2579 1087 2611 τὸς
1105 2579 1213 2613 γένους,
1230 2577 1300 2604 κατὰ
1316 2576 1346 2603 τὸ
1360 2575 1554 2612 γεγραμμένον
1567 2583 1573 2590 ·
1589 2585 1598 2601 ‹
1616 2573 1714 2609 Ὀμοία
1728 2572 1831 2607 ἐστὶνή

1041 2624 1164 2659 βασιλεία
1174 2624 1226 2650 τῶν
1234 2622 1357 2657 οὐρανῶν
1365 2622 1470 2657 σαγήνῃ
1480 2620 1609 2656 βληθείσῃ
1618 2620 1646 2647 ὲν
1654 2621 1687 2655 τῇ
1697 2618 1843 2662 (1αλάιισῃ.ξ1

1041 2670 1088 2698 καὶ
1101 2671 1132 2696 ὲκ
1151 2669 1251 2701 παντὸς
1265 2669 1361 2703 γένους
1383 2667 1586 2702 συναγαγούσῃ.
1619 2675 1628 2692 ι
1642 2666 1756 2701 Δέχεται
1777 2663 1832 2700 γὰρ

1039 2717 1086 2743 τὸν
1106 2715 1210 2747 δοῦλον,
1227 2715 1270 2742 ἵνα
1284 2716 1339 2746 τοῖς
1356 2715 1396 2746 είς
1418 2712 1575 2749 ἐλευθερίαν
1592 2711 1750 2747 αὐχήμασιν
1764 2710 1832 2737 ἁπο-

1041 2764 1114 2799 φὴνῃ
1129 2761 1264 2798 λαμπρόν.
1288 2760 1402 2796 Δέχεται
1424 2759 1489 2791 τοὺς
1513 2758 1566 2786 ὑπὸ
1582 2758 1664 2793 νόμον
1685 2756 1722 2789 ὡς
1743 2755 1832 2792 ἱεροὺς

178 2874 181 2878 ·
235 2865 256 2880 ⁸⁸
272 2865 339 2893 Gen.
354 2874 416 2896 xxx,
435 2866 479 2897 53;
500 2873 577 2895 XXXI.
598 2864 655 2890 1-7.
695 2864 716 2878 ³⁷
743 2864 812 2891 Psal.
833 2873 901 2897 xm",
916 2866 940 2892 7.
983 2865 991 2881 ⁸

1042 2872 1088 2893 en.
1105 2871 1181 2894 xxxi,
1198 2862 1221 2889 Ι.
1261 2861 1282 2876 ³⁵
1297 2860 1374 2888 Joan.
1395 2868 1447 2889 xvu
1462 2880 1468 2892 ,
1482 2859 1522 2886 l0.
1563 2858 1584 2874 ⁸³
1601 2857 1669 2886 Gen.
1691 2861 1743 2883 xxx
1755 2873 1763 2889 ,
1786 2855 1830 2884 33.

195 2901 216 2918 “
235 2901 329 2929 Matth.
344 2910 399 2935 xm,
421 2902 464 2931 4.7.
512 2901 532 2916 ³³
547 2900 615 2928 Gen.
633 2907 704 2932 χχχι,
723 2899 739 2926 2
