1990 3050
171 153 225 182 ειδ

670 157 929 188 GLAPHYRORUM
948 161 983 188 IN
1002 160 1152 188 GENESiM
1172 159 1236 187 LIB.
1257 159 1288 187 V.

1742 159 1797 190 εις

172 212 223 247 ἢδη
249 211 298 237 καῖ
317 212 357 243 είς
383 211 478 238 Θυσίαν
499 213 666 248 ἐπιτηδείους
685 215 735 250 τὴν
756 217 955 252 πνευματικὴν,

1011 221 1064 249 tur,
1081 217 1225 252 praecepit;
1241 216 1287 251 qui
1301 215 1445 243 accersivit
1458 222 1556 242 uxores
1568 223 1641 247 suas,
1656 215 1731 243 Liam
1753 219 1798 244 nl-

173 258 211 290 ὼς
237 258 265 284 ὲν
291 258 348 290 οἰὸς
376 257 450 290 τάξει
469 258 517 284 καὶ
539 259 633 292 βοός·
654 260 698 287 ίνα
727 263 899 298 μεταστήσας
918 264 958 295 εἰς

174 303 342 338 φαιδρότητα
351 303 489 336 πολιτείας
500 305 693 341 εὺαᾎγελικῆς,
706 307 867 343 ἱερωτέρους
878 309 960 344 ἐργά-

174 358 265 385 σηται.
284 349 396 385 Δέχεται
411 350 440 377 δὲ
450 351 518 386 πρὸς
531 352 636 384 τούτοις
649 354 695 380 καὶ
710 354 740 380 τὸ
754 354 860 390 ἀνίερον
872 364 902 382 τε
913 356 960 382 καὶ

173 394 330 430 ἀκάθαρτον
346 395 441 429 γένος⁸
455 396 493 427 ὼς
507 397 536 423 ὲν
553 396 628 430 τάξει
653 398 777 434 καμήλου
798 399 844 426 καὶ
867 399 959 435 μέντοι

177 439 227 467 καὶ
241 440 312 472 ὖνου,
328 440 372 468 ἵνα
390 441 440 475 τῆς
456 441 587 468 πολυθέου
603 442 707 478 πλάνης
721 443 766 470 τὸν
780 443 864 480 ῥύπον
880 445 961 480 ἐκτή-

176 485 236 518 ξας,
260 485 398 521 καθαρούς
410 495 440 513 τε
459 487 507 513 καὶ
527 487 706 522 ὴγνισμένους
727 490 782 520 τοῖς
799 489 853 516 τῶν
875 490 961 523 ἁγίων

175 532 282 567 συνάψῃ
295 533 395 567 χοροῖς.
418 534 614 568 Κεκινημένων
631 533 663 569 δὴ
682 532 728 561 οὖν
745 534 783 565 εἰς
799 534 894 569 φθόνον
907 534 961 562 τῶν

175 579 266 606 Λάὸαν
278 578 354 611 υἱῶν,
369 578 415 605 καὶ
429 579 510 606 αὑτοῦ
522 579 549 605 δὲ
565 579 611 606 τοῦ
626 580 729 612 Δάϐαν,
750 580 848 616 ἀμειδῆ
866 590 896 608 τε
915 582 961 608 καὶ

176 623 429 659 σκυθρωπάζουσαν
449 624 496 651 καὶ
516 624 667 659 βασκανίας
687 626 738 652 οὐκ
750 626 895 662 ἐλευθέραν
911 628 961 661 τὴν

173 670 260 705 ὀφρὺν
272 670 468 704 ἀποφαίνοντος
478 677 499 696 ¹(
513 670 550 696 Οὐ
565 670 619 706 γὰρ
628 669 662 707 ἦν
671 672 702 700 τὸ
711 673 855 708 πρόσωπον
867 673 960 705 αὑτοῦ,

174 715 259 749 φησὶ,
285 714 375 746 καθὼς
392 715 454 750 χθὲς
469 716 516 742 καὶ
533 716 626 751 τρίτην
641 717 764 752 ἡμέραν·
787 727 797 744 ι
814 719 962 754 ἐπανήκειν

174 761 214 792 εἰς
239 760 274 786 τὰ
289 761 375 787 οἰκεῖα
395 761 433 796 τῷ
461 761 556 788 Ἰακὼὸ
578 763 731 790 ἐνετέλλετο
743 763 819 795 Θεός.
842 765 871 791 '0
885 765 962 791 δὲτὰ

139 801 147 813 ’
174 805 273 840 γύναια
292 807 493 842 μετεπέμπετο,
508 808 589 835 Λείαν
603 808 632 835 τέ
645 817 716 843 φημι
731 809 777 836 καὶ
798 809 906 846 Ῥαχὴλ,
915 811 963 837 καὶ

174 851 224 886 τὴν
238 852 287 887 μὲν
306 852 352 878 τοῦ
370 854 471 887 πατρὸς
488 854 593 880 ἀδικίαν
611 854 743 889 ἀφηγεῖτο
756 856 858 890 σαφῶς.
876 857 960 893 Προσ-

175 898 259 925 ετίθει
270 899 307 930 δὲ,
322 899 362 926 ὅτι
380 909 388 925 ι
407 899 542 934 Ἀφείλετο
557 900 645 932 ὁθεὸς
660 901 749 928 πάντα
763 902 797 928 τὰ
810 903 895 938 κτήνη
912 903 959 930 τοῦ

176 944 279 978 πατρὸς
295 944 382 979 ὑμῶν,
398 946 445 972 καὶ
460 945 542 972 ἔδωκέ
557 954 602 980 μοι
619 946 698 973 αὑτά.
715 948 770 974 Καὶ
780 947 961 984 ἀποκριθεῖσα

182 990 280 1025 Ῥαχὴλ
292 991 338 1017 καὶ
351 990 429 1022 Λεία,
447 989 523 1018 εἷπον
538 991 612 1026 αὑτῷ
623 1001 630 1008 ·
650 993 696 1028 Μὴ
715 993 772 1020 ἔστι
785 994 864 1030 μερὶς
882 995 960 1030 ἡμῖν,

173 1036 190 1071 ἢ
207 1036 374 1072 κληρονομία
387 1038 415 1063 ἐν
428 1037 466 1073 τῷ
480 1039 546 1073 οἴκῳ
562 1038 608 1065 τοῦ
630 1039 733 1074 πατρὸς
744 1041 839 1075 ἡμῶν;
853 1042 909 1076 Οὐχ
923 1041 961 1073 ὡς

173 1082 202 1108 αἱ
219 1081 356 1117 ἀλλότριαι
373 1082 553 1119 λελογίσμεθα
564 1084 653 1119 αὖτῷς
670 1085 796 1120 πέπρακε
807 1087 861 1122 γὰρ
874 1087 959 1122 ἡμᾶς.

174 1129 220 1154 καὶ
231 1128 369 1163 κατέφαγε
389 1129 560 1165 καταὸρώσει
575 1130 606 1157 τὸ
618 1131 748 1166 ἀργύριον
764 1131 852 1167 ἡμῶν.
868 1133 961 1160 Πάντα

172 1175 219 1201 τὸν
242 1175 357 1202 πλοῦτον
377 1176 424 1203 καὶ
442 1177 492 1211 τὴν
505 1176 585 1209 δόξαν
600 1178 633 1213 ἢν
649 1178 777 1212 ἀφείλετο
795 1179 810 1205 6
826 1179 891 1210 Θεὸς
912 1179 959 1206 τοῦ

173 1221 277 1256 πατρὸς
293 1222 391 1257 ἡμῶν,
419 1223 486 1258 ἡμῖν
505 1223 581 1251 ἔσται
600 1224 647 1251 κα)⁴
669 1225 726 1256 τοῖς
742 1224 848 1256 τέκνοις
869 1225 958 1262 ἡμῶν.

173 1266 230 1293 Νῦν
245 1265 291 1294 οὖν
304 1268 355 1295 ὅσα
370 1268 465 1304 εἴρηκέ
484 1278 526 1296 σοι
546 1270 561 1296 6
582 1270 648 1302 Θεός
662 1279 720 1302 σου,
739 1271 820 1299 ποίει.
841 1280 851 1298 ι
868 1273 960 1299 Κατα-

174 1313 369 1347 στυγνάζοντος
382 1314 436 1350 γὰρ
455 1315 501 1342 ἐπὶ
516 1316 627 1352 Χριστῷ
642 1316 689 1343 τοῦ
704 1317 819 1352 κόσμου,
840 1318 887 1345 καὶ
904 1318 960 1346 τῶν

173 1358 255 1385 αὑτοῦ
272 1359 384 1392 τέκνων,
401 1361 574 1397 παράκλησις
590 1361 693 1389 ἄνωθεν
708 1363 754 1389 καὶ
774 1363 804 1396 ἐξ
824 1364 939 1400 οὐρανοῦ
951 1384 959 1397 ,

174 1404 306 1437 τουτέπτι,
331 1406 407 1441 παρὰ
426 1406 543 1442 Πατρὸς,
566 1408 627 1439 ταῖς
647 1407 694 1434 τοῦ
714 1409 839 1445 Σωτῆρος
860 1409 960 1438 δίδοται

174 1449 304 1484 νύμφαις,
325 1451 397 1485 φημὶ
416 1451 449 1487 δὴ
463 1452 523 1483 ταῖς
546 1452 729 1488 Ἐκκλησίαις,
748 1453 821 1489 Πλὴν
836 1454 852 1489 ἡ
870 1455 960 1490 παρά-

175 1494 280 1530 κλησις,
291 1495 324 1521 δι’
340 1495 403 1522 Tia-3
417 1497 696 1532 παραπορθμεύοντος
708 1497 802 1535 ὥσπερ
816 1500 882 1535 ⁴ἡμῖν
897 1500 961 1532 τοὺς

141 1538 145 1541 ”
174 1541 250 1576 παρὰ
266 1542 371 1577 Πατρὺς
383 1542 487 1577 λόγους.
505 1544 551 1570 Ὂν
566 1544 621 1578 γὰρ
639 1544 797 1571 ἀπέστειλεν
808 1546 821 1571 6
835 1546 912 1578 Θεὸς,
926 1545 961 1572 τὰ

175 1585 285 1620 ῥήματα
304 1586 349 1612 τοῦ
365 1587 432 1613 Θεοῦ
455 1588 540 1621 λαλεῖ,
560 1589 631 1615 κατὰ
647 1588 698 1623 τὴν
719 1589 841 1617 Ἰωάννου
856 1591 958 1626 φωνήν.

176 1631 270 1666 Ἀθρει
284 1631 425 1673 γὰρνὸπως
444 1634 603 1669 προσελάλει
625 1635 674 1670 μὲν
686 1636 701 1662 6
711 1636 777 1668 Θεὸς
790 1636 829 1672 τῷ
852 1636 959 1670 Ἰακὼϐ,

173 1678 188 1703 6
204 1677 232 1703 δὲ
250 1679 310 1708 ταῖς
323 1677 406 1705 αὐτοῦ
420 1678 550 1714 νύμφαις,
557 1680 624 1716 Λείᾳ
634 1689 675 1715 τε,
686 1681 768 1717 φημὶ,
786 1683 834 1709 καὶ
849 1682 959 1718 Ῥαχὴλ.

179 1723 209 1750 '0
224 1724 253 1750 δὲ
267 1723 316 1758 τῆς
335 1725 536 1760 παρακλήσεως
555 1726 633 1760 λόγος
650 1724 695 1762 ἦν,
717 1727 748 1754 τὸ
764 1727 818 1754 δεῖν
833 1728 960 1764 ἀπαίρειν

173 1770 257 1801 αὐτὰς
272 1770 330 1804 ἅμα
347 1771 386 1805 τῷ
404 1770 460 1806 ἰδίῳ
479 1771 590 1807 νυμφίῳ
608 1773 657 1807 τῆς
671 1773 718 1800 τοῦ
739 1774 841 1810 πατρὸς
857 1774 959 1805 ἑστίας.

174 1813 252 1841 οὕτω
266 1815 313 1841 καὶ
329 1816 342 1841 ὀ
356 1815 489 1852 μακάριος
513 1817 666 1852 Ψαλμῳδὸς
685 1818 714 1845 ὲν
734 1819 870 1854 πνεύματι
893 1820 960 1854 πρὸς

171 1860 221 1896 τὴν
243 1860 405 1896 Ἐκκλησίαν
423 1861 499 1897 φησί·
518 1872 527 1888 ι
547 1863 690 1896 Ἄκουσον,
706 1864 835 1900 θύγατερ,
847 1865 894 1891 καὶ
910 1865 958 1898 ἴδε,

172 1907 220 1932 καὶ
238 1906 328 1933 κλῖνον
346 1907 377 1933 τὸ
395 1905 440 1939 οὖς
456 1916 514 1939 σου,
532 1909 578 1935 καὶ
601 1909 729 1936 ἐπιλάθου
744 1910 792 1937 τοῦ
814 1910 879 1938 λαοῦ
902 1920 958 1944 σου,

172 1953 220 1980 καὶ
237 1953 284 1980 τοῦ
305 1953 380 1981 οῐκου
402 1954 450 1981 τοῦ
469 1956 572 1991 πατρός
597 1965 655 1983 σου.
671 1957 730 1983 Ὀτι
747 1957 922 1993 ἐπεθύμησεν
945 1959 960 1985 6

173 2000 300 2035 βασιλεὺς
319 2000 367 2027 τοῦ
383 2000 497 2033 κάλλους
519 2010 577 2029 σου.
598 2003 660 2029 Ὅτι
675 2003 756 2035 αὐτός
779 2005 837 2030 ἐστι
859 2004 960 2040 Κύριός

173 2054 231 2077 σοι),
247 2046 293 2072 καὶ
308 2047 508 2081 προσκυνήσεις
521 2047 606 2083 αὐτῷ.
619 2057 629 2071 ι
642 2048 747 2075 Οὐκοῦν
760 2048 795 2075 τὰ
808 2049 883 2085 παρά
891 2049 959 2076 Θεοῦ

172 2092 231 2122 ταῖς
244 2091 326 2118 αὐτοῦ
342 2091 460 2127 νύμφαις
481 2091 629 2128 λελάληκεν
647 2094 661 2119 6
680 2092 786 2122 Ἰακώϐ.
801 2094 856 2121 Καὶ
870 2094 911 2126 τίς
926 2092 960 2130 ἦν

172 2137 186 2163 ὁ
198 2137 292 2171 λόγος;
311 2138 414 2173 μέμψις
429 2138 499 2165 κατά
512 2138 558 2165 τοῦ
570 2139 662 2166 Λάϐαν
672 2147 678 2154 '
694 2139 732 2172 ὡς
742 2139 785 2176 εἴη
803 2140 852 2175 μὲν
868 2140 961 2172 ἄδικός

171 2192 202 2210 τε
213 2184 260 2210 καὶ
276 2184 404 2220 πονηρὸς,
418 2184 465 2211 καὶ
485 2184 585 2220 βραδὺς
605 2185 644 2216 είς
661 2184 778 2219 ἔκτισιν,
799 2183 837 2212 ὧν
857 2185 890 2212 ἂν
914 2186 960 2212 ὲπ-

1009 263 1110 290 mirum
1121 268 1150 291 et
1159 262 1270 294 Rachel,
1280 269 1312 289 ac
1319 262 1404 297 patris
1411 261 1522 296 quidem
1535 261 1648 296 injurias
1659 261 1693 289 iis
1703 268 1797 297 aperte

1009 310 1136 344 explicat.
1149 308 1256 344 Adjecit
1266 316 1348 336 vero:
1361 317 1370 333 ι
1382 307 1502 334 Abstulit
1514 307 1586 334 Deus
1595 307 1685 334 omnia
1697 316 1796 342 pecora

1009 357 1096 391 patris
1108 356 1201 388 vestri,
1212 359 1241 383 et
1251 354 1317 381 mihi
1330 361 1362 381 ea
1373 353 1457 381 dedit.
1471 352 1730 388 Respondentesque
1745 353 1798 381 Ra-

1011 402 1070 429 chel
1091 407 1118 429 et
1134 401 1191 433 Lia,
1205 401 1333 429 dixerunt
1350 401 1375 428 ei
1388 410 1394 427 :
1407 400 1536 435 Nunquid
1555 404 1598 427 est
1611 400 1690 427 nobis
1708 400 1798 428 adhuc

1011 456 1075 483 pars
1086 448 1254 475 hiereditatis
1267 448 1294 474 in
1306 447 1387 475 domo
1399 447 1485 483 patris
1498 447 1602 474 nostri?
1613 454 1704 474 nonne
1718 447 1797 481 quasi

1011 494 1107 521 aliena;
1121 498 1251 529 reputatae
1261 502 1356 521 sumus
1367 494 1411 521 ei?
1423 493 1547 521 vendidit
1557 493 1630 520 enim
1641 501 1701 526 nos,
1713 498 1742 520 et
1751 493 1794 521 de-

1011 540 1118 567 voravit
1139 540 1316 567 devoratione
1329 544 1471 575 argentum
1489 544 1623 567 nostrum.
1637 539 1737 567 Omnes
1755 540 1798 568 di-

1011 585 1093 612 vitias
1122 588 1150 612 et
1161 585 1273 620 gloriam
1285 592 1367 619 quam
1385 585 1498 611 abstulit
1509 585 1582 611 Deus
1599 584 1684 619 patris
1695 584 1798 618 nostri,

1012 630 1092 658 nobis
1102 631 1155 657 erit
1168 636 1196 657 et
1214 631 1309 658 liberis
1329 631 1440 657 nostris.
1460 630 1537 657 Nunc
1553 638 1617 665 ergo
1629 637 1799 665 qutecunque

1012 676 1080 703 dixit
1093 677 1142 704 tibi
1158 677 1230 704 Deus
1242 680 1314 709 tuus,
1329 676 1401 711 agito
1419 676 1452 703 ⁸³.
1469 685 1477 702 ι
1493 676 1589 703 Maasto
1607 676 1681 703 enim
1696 675 1800 703 mundo

1012 729 1095 756 super
1103 721 1211 749 Christo
1220 722 1333 757 ejusque
1341 721 1415 753 ﬁliis,
1425 721 1575 748 consolatio
1587 729 1704 756 superne
1717 725 1800 756 atque

1012 775 1046 794 ex
1065 768 1134 795 cmlo
1155 768 1219 803 (hoc
1235 771 1277 795 est
1289 775 1304 794 a
1321 766 1411 802 Patre)
1424 767 1486 794 data
1502 770 1544 795 est
1555 767 1662 802 sponsis
1675 766 1799 796 Salvato~

1013 812 1061 844 ris,
1079 812 1106 840 id
1121 817 1173 845 est,
1194 813 1334 840 Ecclesiis.
1352 812 1486 840 Caeterum
1508 812 1658 839 consolatio
1678 811 1730 839 fuit
1750 819 1800 847 per

1013 857 1112 884 Filium
1125 857 1346 885 transvehentem
1356 857 1435 884 nobis
1445 857 1645 892 quodammodo
1659 865 1801 885 sermones

1013 911 1029 929 a
1041 903 1131 930 Patre.
1145 902 1231 935 Quem
1245 903 1319 930 enim
1334 903 1406 930 Deus
1424 902 1499 929 misit
1509 902 1592 930 verba
1607 902 1654 929 Dei
1667 902 1800 937 loquitur,

1011 949 1088 983 juxta
1109 948 1221 976 Joannis
1238 956 1343 976 vocem.
1363 948 1554 976 Animadverte
1568 949 1642 976 enim
1654 956 1709 985 quo
1721 952 1802 984 pacto

1013 995 1149 1022 allocutus
1159 994 1270 1029 quidem
1284 994 1320 1021 sit
1332 995 1405 1022 Deus
1415 994 1547 1022 Iacobum
1562 1003 1569 1020 :
1583 994 1628 1022 ille
1639 1001 1706 1022 vero
1717 1001 1801 1028 spon-

1013 1048 1058 1068 sas
1072 1048 1145 1072 suas,
1156 1040 1243 1073 Liam,
1257 1040 1378 1075 inquam,
1390 1043 1418 1067 et
1430 1040 1586 1067 Rachelem.
1601 1039 1802 1068 Consolationis

1012 1090 1104 1113 autem
1126 1086 1196 1113 ratio
1214 1088 1288 1118 erat,
1303 1089 1430 1121 oportere
1450 1093 1496 1113 eas
1511 1085 1654 1113 discedere
1672 1093 1736 1113 cum
1751 1093 1802 1113 suo

1013 1139 1113 1166 sponso
1132 1132 1241 1159 a‘domo
1260 1135 1386 1166 paterna.
1401 1130 1440 1158 ita
1453 1130 1538 1158 etiam
1551 1130 1647 1158 beatus
1658 1130 1756 1159 Psalmi
1762 1134 1806 1158 sta

1013 1177 1042 1204 in
1067 1178 1166 1213 spiritu
1185 1177 1219 1204 ad
1246 1177 1397 1204 Ecclesium
1427 1177 1466 1204 ait
1494 1185 1501 1204 :
1525 1186 1534 1202 ι
1567 1176 1648 1209 Audi,
1669 1176 1742 1210 filia,
1777 1180 1806 1206 et

1012 1224 1075 1251 vide
1088 1244 1095 1256 ,
1114 1227 1142 1251 et
1161 1223 1262 1250 inclina
1288 1231 1383 1251 aurem
1410 1229 1504 1255 tuam,
1524 1227 1551 1251 et
1569 1222 1732 1250 obliviscere
1750 1229 1802 1257 po—

1013 1270 1070 1305 puli
1091 1270 1146 1302 tui,
1165 1274 1195 1297 et
1211 1269 1309 1297 domus
1322 1269 1407 1304 patris
1428 1269 1478 1296 tui.
1499 1268 1568 1302 Quia
1583 1268 1742 1304 concupivit
1754 1275 1802 1295 rex

1012 1315 1246 1351 pulchritudinem
1277 1320 1368 1348 tuam,
1399 1315 1528 1350 quoniam
1556 1315 1614 1350 ipse
1637 1318 1680 1342 est
1707 1313 1801 1341 Domi-

1012 1370 1065 1390 nus
1084 1367 1163 1395 tuus,
1177 1366 1206 1390 et
1223 1362 1352 1390 adorabis
1369 1369 1433 1389 eum
1447 1361 1481 1389 “.
1505 1371 1513 1387 ι
1532 1361 1618 1397 Igitur
1632 1369 1694 1396 quae
1711 1369 1726 1388 a
1744 1360 1801 1388 Deo

1015 1408 1093 1443 153
1106 1411 1249 1443 acceperat
1266 1407 1364 1440 Jacob,
1376 1415 1409 1435 ea
1420 1407 1528 1442 sponsis
1546 1408 1604 1434 suis
1617 1407 1727 1434 locutus
1747 1410 1800 1434 est.

1012 1453 1144 1487 Quisnam
1167 1458 1259 1481 autem
1279 1458 1340 1481 erat
1361 1454 1472 1481 sermo?
1488 1452 1606 1486 Querela
1627 1452 1661 1480 de
1686 1452 1779 1480 Laban
1793 1472 1801 1484 ,

1013 1499 1087 1534 quod
1111 1499 1243 1526 nimirum
1268 1498 1380 1533 iniquus
1401 1502 1474 1526 esset
1493 1506 1525 1525 ac
1537 1498 1636 1531 malus,
1657 1502 1686 1525 et
1707 1497 1803 1526 tardus

1013 1545 1148 1572 mercedis
1160 1565 1168 1578 ,
1182 1553 1263 1580 quam
1276 1544 1404 1577 debebat,
1417 1549 1617 1580 compensator.
1634 1545 1743 1573 Incusat
1754 1553 1802 1572 au-

1012 1595 1067 1617 tem
1092 1590 1175 1617 etiam
1199 1589 1324 1617 Christus
1342 1589 1476 1616 mundum
1504 1589 1622 1625 ingentis
1643 1589 1800 1622 vecordiae,

1011 1635 1085 1670 quod
1097 1635 1212 1662 Domino
1229 1634 1331 1669 gratias
1349 1641 1399 1668 pro
1411 1633 1553 1662 beneﬁciis
1565 1634 1686 1669 acceptis
1695 1634 1802 1669 persol-

1011 1688 1076 1708 vere
1100 1680 1185 1708 nollet
1197 1700 1203 1713 ,
1217 1688 1249 1708 ac
1262 1680 1347 1707 veluti
1363 1679 1488 1707 debitum
1509 1680 1566 1706 sive
1580 1679 1737 1707 mercedem
1750 1687 1807 1717 pro;

1011 1734 1094 1758 cura,
1116 1734 1198 1761 quam
1219 1726 1252 1753 de
1267 1734 1300 1753 eo
1322 1730 1461 1761 gesserat,
1484 1725 1638 1760 spiritualia
1665 1733 1803 1757 muneras,

1012 1772 1092 1799 (idem
1103 1793 1109 1804 ,
1123 1772 1246 1806 inquam,
1260 1776 1288 1799 et
1300 1771 1475 1799 dilectionem
1492 1770 1648 1801 retribuere
1664 1769 1804 1798 detrectar-

1011 1823 1063 1846 ret.
1086 1818 1222 1846 Caeterum
1245 1818 1295 1846 sub
1319 1818 1404 1853 ipsius
1425 1821 1587 1852 potestatem
1615 1817 1706 1845 omnia
1732 1816 1802 1844 facta

1010 1868 1091 1896 sunt,
1113 1863 1270 1891 conferente
1292 1863 1320 1890 in
1336 1863 1421 1898 ipsius
1445 1870 1572 1897 sagenam
1590 1863 1645 1889 Deo
1657 1870 1689 1891 ac
1710 1862 1801 1891 Patre.

1012 1909 1057 1937 Sic
1069 1910 1142 1937 enim
1152 1909 1253 1937 alicubi
1268 1909 1302 1936 ad
1315 1917 1379 1937 eum
1396 1909 1482 1937 Filius
1495 1918 1501 1937 ί
1518 1919 1526 1934 ι
1540 1908 1614 1941 Quos
1622 1907 1721 1937 dedisti
1734 1907 1802 1934 mihi

1010 1965 1044 1984 cx
1057 1957 1110 1984 hoc
1126 1956 1229 1983 mundo
1248 1955 1285 1982 tui
1299 1958 1388 1987 erant,
1400 1960 1428 1982 et
1440 1959 1469 1983 tu
1483 1955 1551 1982 mihi
1571 1961 1619 1981 eos
1631 1953 1729 1980 dedisti
1739 1952 1772 1980 ".
1790 1962 1798 1978 ι

1010 2002 1099 2038 Atque
1112 2003 1164 2030 hoc
1175 2006 1234 2030 erat
1246 2001 1313 2028 illud
1325 2011 1331 2029 :
1351 2011 1359 2027 ι
1373 2001 1494 2028 Abstulit
1512 2001 1585 2028 Deus
1596 2000 1689 2027 omnia
1701 2007 1803 2035 pecora

1011 2049 1099 2084 patris
1111 2048 1207 2080 vestri,
1221 2052 1249 2075 et
1261 2047 1336 2075 dedit
1348 2054 1380 2074 ea
1397 2046 1465 2073 mihi
1480 2045 1513 2072 ⁴⁶.
1531 2055 1539 2071 ι
1556 2045 1623 2080 Ipsa:
1635 2052 1700 2072 vero
1714 2045 1801 2072 hone-

1011 2099 1059 2122 sta:
1084 2094 1235 2122 Salvatoris
1256 2101 1364 2130 sponsae
1385 2097 1527 2120 secuturas
1558 2099 1587 2119 se
1617 2091 1800 2126 promittunt;

1010 2140 1137 2168 venditas
1149 2140 1223 2167 enim
1236 2147 1265 2167 se
1276 2137 1479 2174 quodammodo
1493 2136 1544 2172 ipsi
1563 2144 1579 2163 a
1590 2136 1693 2163 mundo
1713 2135 1800 2163 aiunt.

1010 2186 1136 2214 Christus
1150 2186 1224 2213 enim
1236 2186 1303 2213 emit
1319 2185 1451 2220 sanguine
1464 2191 1513 2211 suo
1532 2182 1680 2214 Ecclesias,
1694 2185 1722 2209 et
1733 2182 1801 2210 alie-

171 2230 266 2266 οερλοίη
284 2230 398 2265 μισθῶν.
412 2230 547 2265 Γράφεται
563 2231 589 2257 δὲ
603 2232 649 2258 καὶ
662 2231 742 2263 αὐτὸς
754 2233 768 2258 6
781 2232 897 2268 Χριστὸς
913 2232 960 2259 ἐπὶ

1014 2231 1070 2259 nati
1083 2235 1147 2259 sunt
1159 2239 1174 2259 a
1185 2236 1264 2266 patre
1280 2230 1367 2258 veteri
1381 2230 1413 2257 ⁸⁷.
1431 2229 1509 2256 Nulla
1525 2228 1659 2263 siquidem
1673 2228 1743 2255 ratio
1759 2235 1803 2255 so-

171 2275 259 2310 πολλῇ
277 2275 337 2302 λίαν
357 2276 522 2312 ἀναισθησία
538 2276 582 2303 τὸν
598 2277 710 2312 κόσμον,
728 2277 897 2304 ἀποτιννύειν
911 2278 962 2305 οὐκ

171 2321 335 2356 ἀνεχόμενον
355 2321 393 2353 ὡς
407 2323 530 2358 Δεσπότῃ
550 2323 584 2350 τὰ
603 2324 780 2359 χαριστήρια,
799 2323 846 2350 καὶ
871 2324 909 2355 ὼς
932 2325 962 2351 ὲν

170 2367 329 2402 ὀφλήματος
345 2367 421 2400 τάξει
441 2369 488 2395 καὶ
506 2369 602 2404 μισθοῦ
616 2370 649 2396 τὰ
666 2369 736 2405 ὑπὲρ
758 2371 807 2405 τῆς
823 2370 962 2406 φροντίδος

171 2414 221 2448 τῆς
241 2415 280 2446 εἰς
293 2414 375 2441 αὐτὸν
391 2415 465 2448 ξένια
482 2415 667 2450 πνευματικὰ,
680 2416 773 2443 πίστιν
787 2417 818 2452 δὴ
832 2417 904 2452 λέγω
915 2417 962 2445 καὶ

172 2460 295 2495 ἀγάπην,
316 2460 509 2497 προσκομίζειν
524 2463 573 2488 οὐκ
584 2462 720 2490 ἐθέλοντα.
738 2463 811 2499 Πλὴν
828 2464 874 2490 ὑπ’
887 2463 961 2499 αὐτῷ

172 2506 206 2533 τὰ
219 2507 306 2533 πάντα
320 2508 417 2542 γέγονε
433 2507 628 2543 σαγηνεύοντος
641 2508 688 2535 τοῦ
700 2508 767 2536 Θεοῦ
780 2509 827 2536 καὶ
842 2510 959 2546 Πατρός,

175 2552 247 2588 Ἔφη
262 2553 316 2588 γάρ
330 2562 381 2579 που
394 2553 462 2588 πρὸς
475 2553 557 2581 αὑτὸν
570 2555 584 2581 ὁ
600 2553 663 2586 Υἱός
675 2562 682 2569 °
697 2564 706 2580 ι
719 2554 772 2586 Οὓς
783 2555 900 2587 δέδωκάς
915 2565 960 2591 μοι

169 2599 201 2624 ἐκ
219 2599 264 2625 τοῦ
279 2599 384 2633 κόσμου
400 2600 441 2626 σοὶ
454 2597 535 2636 ἦσαν,
551 2601 598 2627 καὶ
612 2601 673 2636 ἐμοὶ
690 2601 789 2633 αὐτοὺς
802 2601 931 2633 δέδωκας.
949 2611 957 2627 ι

173 2645 228 2671 Καὶ
244 2644 322 2672 τοῦτο
337 2643 372 2681 ἦν
391 2646 445 2681 ἆρα
460 2645 500 2679 τὸ,
519 2656 528 2672 ι
560 2646 681 2681 Ἀφεῖλεν
697 2647 712 2674 6
733 2647 798 2679 Θεὺς
813 2647 901 2674 πάντα
928 2647 962 2674 τὰ

171 2692 259 2727 κτήνη
272 2691 318 2718 τοῦ
332 2692 435 2727 πατρὸς
446 2692 533 2727 ὑμῶν,
546 2693 593 2719 καὶ
604 2693 689 2720 ἐδωκέ
705 2702 750 2728 μοι
766 2694 845 2721 αὐτά.
866 2704 874 2720 ι
891 2695 923 2720 At
935 2694 962 2721 δὲ

173 2737 270 2771 σεμναὶ
283 2736 330 2763 τοῦ
346 2737 472 2772 Σωτῆρος
486 2736 590 2773 νύμφαι
602 2738 810 2767 κατακολουθεῖν
827 2739 876 2772 μὲν
891 2739 961 2766 ἑτοί-

172 2790 232 2817 μως
247 2782 474 2816 ὲπαγγέλλονταν
489 2784 645 2819 πεπρᾶσθαι
657 2784 789 2820 δὲῶσπερ
802 2785 876 2820 αὐτῷ
887 2784 961 2820 παρὰ

210 2876 232 2892 ⁵³
244 2876 312 2904 Gcn.
335 2884 408 2911 xxxt,
426 2877 515 2905 [4-16.

1011 2278 1119 2306 cietatis
1135 2282 1183 2305 aut
1193 2277 1327 2313 partionis
1347 2280 1389 2304 est
1406 2275 1473 2311 ipsis
1492 2283 1555 2302 cum
1576 2274 1689 2307 mundo,
1703 2281 1736 2301 ex
1747 2282 1803 2310 quo

1010 2325 1100 2353 vocati
1116 2329 1203 2352 sunt:
1225 2329 1252 2351 at
1275 2332 1342 2351 vero
1368 2323 1471 2351 divitia:
1486 2323 1608 2358 ipsarum
1630 2326 1658 2350 et
1681 2322 1802 2350 ﬁliorum

1012 2372 1134 2416 ipsorum
1145 2375 1188 2398 est
1202 2370 1329 2398 Christus
1340 2370 1406 2405 ipse,
1421 2372 1543 2396 mentem
1554 2376 1663 2396 omnem
1676 2372 1703 2396 et
1717 2368 1802 2396 ratio-

1012 2414 1075 2444 nem
1098 2423 1241 2451 superans.
1265 2416 1324 2450 Ipse
1337 2423 1432 2443 earum
1453 2415 1543 2449 portio
1566 2422 1596 2441 ac
1620 2422 1691 2446 sors,
1703 2414 1762 2441 laus
1774 2417 1804 2441 et

1014 2460 1150 2496 gloriatio,
1170 2468 1332 2495 summaque
1352 2460 1435 2487 totius
1458 2459 1598 2486 fclicitatis
1615 2467 1646 2486 ac
1661 2459 1802 2494 prosperi-

1011 2507 1088 2544 tatis.
1111 2506 1268 2534 Maastitiam
1285 2507 1376 2540 itaque
1398 2506 1475 2533 vultu
1496 2514 1551 2540 prae
1566 2514 1594 2533 se
1609 2505 1663 2533 fert
1683 2505 1803 2533 mundus

1014 2561 1076 2581 cum
1089 2553 1147 2580 Suis
1163 2552 1225 2580 ﬁliis
1237 2552 1272 2580 ob
1286 2552 1436 2586 Christum,
1450 2553 1614 2588 invidiaeque
1627 2552 1734 2580 ﬂamma
1746 2552 1803 2579 uri-

1014 2605 1070 2632 tur,
1083 2599 1180 2627 videns
1197 2607 1261 2627 eum
1277 2598 1304 2626 in
1323 2603 1427 2626 tantum
1439 2599 1580 2634 dignitatis
1590 2606 1621 2626 ac
1632 2598 1725 2634 gloriae
1743 2598 1802 2625 cul-
1838 2605 1842 2607 '

1015 2649 1227 2678 menevectum,
1241 2649 1272 2672 ut
1291 2645 1450 2672 universum
1471 2645 1566 2672 orbem
1589 2649 1724 2672 terrarum
1749 2643 1801 2671 sibi

1014 2692 1151 2726 subjiciat,
1172 2691 1354 2726 omnibusque
1368 2691 1529 2718 mortalibus
1543 2690 1711 2718 dominetur.
1723 2689 1801 2722 Quod

1014 2746 1079 2765 vero
1091 2738 1180 2772 ipsius
1193 2737 1299 2765 insania
1312 2737 1382 2764 ultra
1393 2744 1421 2764 sc
1438 2737 1576 2770 extendat,
1591 2737 1718 2771 quodque
1736 2743 1801 2771 pcr-

1015 2790 1145 2819 sequatur
1155 2789 1182 2811 et
1193 2784 1310 2817 occidat,
1323 2791 1354 2811 ac
1365 2788 1469 2811 tantum
1483 2792 1538 2811 non
1553 2783 1642 2818 reipsa
1654 2782 1801 2811 Salvatorts

555 2877 575 2892 ³⁵
590 2877 660 2905 Psal.
674 2885 742 2911 λων,
763 2877 804 2912 ll,
825 2877 864 2905 l2.
905 2877 925 2894 ‘~‘
942 2877 1019 2906 Joan.
1035 2877 1127 2910 “1,6.
1162 2878 1184 2893 ³⁵
1202 2877 1270 2905 Gen.
1288 2885 1359 2910 xxxi,
1380 2877 1408 2905 9.
1445 2876 1466 2892 ⁵⁷
1482 2875 1541 2903 Act.
1554 2881 1597 2908 xx,
1612 2874 1656 2905 ‘28,
