1990 3050
185 129 237 157 247

698 132 726 160 S.
747 132 884 161 CYRILLI
904 131 1138 160 ALEXANDRINI
1159 131 1318 160 ARCHIEP.

1768 129 1822 159 248

183 187 279 224 gloriae
289 187 415 222 obsistat,
433 189 619 226 Ecclesiisque
629 211 636 225 ,
659 199 721 226 quae
733 192 759 219 ei
771 191 888 219 subdita:
901 196 975 224 sunt,

1031 192 1076 218 τοῦ
1096 190 1201 227 κόσμου
1217 190 1310 226 φασίν.
1334 189 1495 225 Ἑξεπρίατο
1517 189 1571 224 γὰρ
1591 189 1629 224 τῷ
1647 188 1705 223 ἰδίῳ
1723 188 1822 223 αἵματι

184 239 267 270 alque
278 235 337 271 ejus
349 235 429 270 filiis,
456 236 510 264 hoc
533 241 576 265 est
605 238 777 265 credentium
794 237 978 271 multitudini,

186 280 380 309 infestissimus
389 281 625 317 deprehendatur,
639 283 719 310 facile
731 287 774 310 est
783 283 877 310 videre
889 282 923 310 iis
934 283 981 317 qui

185 326 213 354 id
229 327 299 354 scire
319 327 425 359 velint,
449 335 484 355 ex
502 328 536 355 iis
558 335 619 363 qua
642 332 806 362 sequuntur.
832 336 842 353 ι
857 327 978 363 Sui-gens

185 373 269 406 enim,
289 373 389 408 inquit,
413 373 497 401 Jacoh
521 374 627 408 accepit
644 381 745 400 uxores
766 381 831 401 suas
862 377 890 401 et
911 373 982 400 ﬁlios

186 426 251 447 suos
271 427 354 455 super
378 419 517 452 camelos,
538 424 566 447 et
581 419 696 446 abduxit
718 427 829 447 omnem
849 419 980 447 familiam

187 474 275 499 suam,
286 474 452 501 omnemque
465 465 665 500 supellectilem
678 472 767 497 suam,
780 473 862 500 quam
876 465 903 492 in
921 465 979 493 Me-

187 512 339 547 sopotamia
359 511 520 547 acquisivit,
543 515 571 538 et
591 511 683 539 omnia
702 519 751 539 sua
765 532 772 544 ,
793 516 824 539 ut
842 512 933 539 abiret
944 511 978 539 ad

187 558 263 585 lsaac
276 562 382 593 patrem
395 566 475 585 suum
494 558 522 584 in
540 561 641 585 terram
654 557 794 585 Chanaan.
815 558 910 585 Laban
928 567 978 586 au-

187 608 243 631 tem
255 604 323 631 abiit
334 604 368 630 ad
383 603 550 631 tondendum
563 611 628 631 oves
639 611 711 631 suas.
724 604 824 631 Furata
835 609 877 632 est
887 610 980 632 autem

187 650 289 677 Rachel
303 650 375 677 idola
389 650 475 685 patris
485 650 527 677 sui
543 659 549 676 :
565 650 709 677 abscondit
722 655 814 678 autem
826 651 910 679 Jacob
926 651 978 679 La-

187 697 241 724 ban
256 697 335 734 154
347 697 425 733 Syro,
438 705 473 724 ne
486 697 622 725 indicaret
642 697 666 725 ei
686 697 761 732 quod
772 697 850 732 fugit.
866 697 899 725 Et
910 697 980 732 fugit

187 743 245 777 ipse
258 746 286 769 et
297 750 345 769 sua
357 743 460 775 omnia,
475 747 503 771 et
522 743 651 770 transivit
663 743 777 775 ﬂumen,
795 747 823 770 et
840 743 979 772 festinavit

185 788 214 815 in
227 792 348 816 montem
356 788 467 817 Galaad.
479 789 639 816 Nuntiatum
650 793 692 816 est
702 793 794 817 autem
807 789 898 817 Laban
911 790 980 826 Syro

186 834 230 861 die
254 835 336 862 tertia
355 835 429 870 quod
454 834 523 870 fugit
544 835 638 863 Jacob.
660 836 694 863 Et
712 844 856 863 assumens
878 835 979 863 fratres

186 888 252 908 suos
262 888 324 908 cum
336 889 385 914 eo,
398 886 562 916 persecutus
574 885 616 908 est
638 889 702 909 eum
724 882 796 909 viam
816 881 922 908 dierum
936 889 979 908 se—

185 930 271 961 ptem,
284 930 312 954 et
325 927 535 961 comprehendit
546 934 609 955 eum
624 926 651 953 in
671 930 763 954 monte
776 926 887 954 Galaad.
897 926 979 954 Venit

185 977 279 999 autem
296 972 367 1000 Deus
377 972 412 1000 ad
423 972 516 1000 Laban
528 972 626 1008 Syrum
641 981 690 1008 per
706 979 832 1000 somnum
847 977 939 1004 nocte,
951 976 979 999 et

185 1018 254 1045 dixit
262 1019 287 1046 ei
299 1018 382 1046 :Cave
391 1026 425 1046 ne
434 1018 504 1046 forte
517 1018 678 1053 loquarisad
689 1018 773 1047 Jacob
782 1018 980 1045 mala.Etcom-

184 1065 333 1100 prehendit
345 1065 435 1092 Laban
442 1065 537 1098 Jacob,
547 1065 632 1093 Jacob
642 1069 734 1092 autem
745 1064 803 1091 fixit
816 1064 980 1091 tabernacu-

185 1111 242 1138 lum
260 1118 341 1138 suum
361 1111 391 1138 in
407 1115 500 1138 monte
520 1120 526 1137 :
547 1111 640 1139 Laban
660 1115 752 1138 autem
767 1111 863 1138 statuit
878 1110 979 1138 fratres

183 1165 250 1185 suos
270 1157 298 1184 in
321 1160 414 1185 monte
428 1156 570 1185 Galaad".
586 1167 595 1183 ι
612 1157 744 1185 Adoritur
765 1157 857 1192 itaque
872 1157 977 1189 Laban,

185 1204 347 1239 incusatque
362 1204 463 1231 acriter
474 1204 599 1231 divinum
613 1204 697 1231 Jacob
707 1225 714 1237 ,
728 1204 802 1239 quod
822 1204 978 1232 clanculum

184 1249 310 1283 fugisset,
334 1249 442 1276 furatus
456 1253 562 1277 tantum
581 1258 637 1277 non
659 1250 729 1277 filias
742 1250 839 1285 ipsius,
854 1258 978 1285 quosque

185 1296 260 1323 domi
288 1295 407 1323 habebat
429 1296 506 1324 deos.
533 1296 572 1324 lta
592 1297 666 1324 enim
687 1297 725 1325 ait
743 1306 749 1324 :
770 1307 778 1323 ι
795 1297 874 1325 Nunc
894 1297 978 1333 igitur

184 1343 265 1375 vade;
284 1343 422 1370 desiderio
444 1343 518 1371 enim
531 1343 694 1371 desiderasti
708 1344 736 1371 in
759 1343 873 1371 domum
891 1344 978 1378 patris

185 1390 322 1418 tuiabire.
335 1390 425 1423 Quare
437 1390 545 1418 furatus
556 1398 596 1422 es,
622 1390 723 1425 inquit,
742 1390 808 1418 deos
822 1391 913 1418 meos?
923 1390 978 1417 Nc-

185 1436 290 1464 sciebat
302 1440 404 1468 autem,
418 1436 517 1471 inquit,
529 1436 625 1469 Jacob,
638 1436 712 1471 quod
726 1437 829 1464 Rachel
839 1445 908 1464 uxor
918 1438 978 1472 ejus

185 1483 274 1510 furata
297 1486 371 1510 esset
393 1490 449 1510 eos.
470 1482 615 1510 Scrutatus
641 1482 733 1516 itaque
754 1482 847 1510 Laban
865 1483 977 1510 domum

1032 239 1082 271 τὰς
1101 237 1264 272 Ἐκκλησιας
1275 237 1289 263 6
1309 235 1494 271 Ἐμμανουὴλ,
1509 235 1557 261 καλ⁵
1571 234 1764 270 ὴλλοτρίωνται
1774 233 1822 260 τοῦ

1033 285 1117 312 πάλαι
1128 283 1243 319 πατρός.
1259 282 1345 316 Λόγος
1356 282 1410 317 γὰρ
1422 283 1518 313 αὐταῖς
1528 281 1669 312 κοινωνίας
1682 281 1699 316 ἢ
1716 280 1822 316 μερίδος

1031 330 1116 362 οὐδείς
1131 331 1189 356 ἐστι.
1202 329 1271 364 πρὸς
1289 328 1401 363 κόσμον,
1417 327 1447 359 ἐξ
1457 324 1487 355 οὗ
1500 327 1547 354 καὶ
1561 327 1719 362 κέκληνται.
1735 326 1822 353 Πλοῦ-

1030 385 1077 409 τος
1091 377 1119 404 δὲ
1140 376 1240 411 μᾶλλον
1256 375 1352 406 αὐταῖς
1367 374 1415 401 καὶ
1429 374 1484 406 τοῖς
1499 373 1603 405 τέκνοις
1618 373 1709 400 αὐτῶν
1724 373 1738 399 6
1752 372 1822 407 ὑπὲρ

1031 424 1094 451 νοῦν
1116 423 1164 450 καὶ
1185 423 1282 456 λόγον’
1304 421 1385 452 αὐτὸς
1401 422 1418 456 ἡ
1440 420 1519 455 μερὶς
1539 420 1586 447 καὶ
1600 420 1614 446 6
1633 419 1742 455 κλῆρος,
1757 418 1822 451 δόξα

1030 480 1060 498 τε
1083 470 1130 498 καὶ
1146 469 1288 505 καύχημα,
1305 468 1352 494 καὶ
1373 468 1427 493 πᾶν
1442 466 1530 494 ὁτιοῦν
1545 467 1600 493 τῶν
1617 465 1765 492 τελούντων
1781 465 1822 496 είς

1030 515 1211 551 λαμπρότητα
1228 514 1274 540 καὶ
1289 512 1452 548 εὐημερίαν.
1471 510 1669 546 Σκυθρωπάζει
1685 510 1734 545 μὲν
1748 508 1794 536 οὖν
1807 510 1822 536 6

1030 563 1134 597 κόσμος
1147 560 1215 596 ὁμοῦ
1233 561 1289 591 τοῖς
1311 559 1388 590 ἰδίοις
1401 559 1508 589 τέκνοις
1524 558 1570 584 ἐπὶ
1584 558 1704 593 Χριστῷ,
1721 557 1768 583 καὶ
1782 556 1822 592 τῷ

1029 610 1079 644 τῆς
1099 607 1249 643 βασκανίας
1263 606 1415 633 δαπανᾶται
1429 605 1505 640 πυρὶ,
1520 604 1676 640 προήκοντα
1690 603 1770 638 δόξης
1781 603 1822 634 είς

1029 654 1108 681 τοῦτο
1124 653 1230 689 βλέπων
1241 652 1276 684 ὡς
1289 652 1353 687 ὅλην
1368 651 1412 685 ὑφ’
1428 650 1517 685 ἑαυτῷ
1532 649 1698 685 ποιήσασθαι
1713 649 1763 683 τὴν
1775 647 1822 677 ὑπ’

1029 700 1153 736 οὐρανὸν,
1173 699 1220 725 καὶ
1233 698 1441 733 κατακρατῆσαι
1458 696 1512 723 τῶν
1525 696 1571 721 ἐπὶ
1581 695 1631 730 τῆς
1642 695 1704 729 γῆς.
1722 695 1781 721 Ὅτι
1793 693 1822 720 δὲ

1029 744 1220 780 τονθορυσμῶν
1235 744 1363 770 ἐπέκεινα
1374 763 1381 775 ,
1396 744 1441 769 καὶ
1460 741 1599 777 λοιδοριῶν
1613 741 1647 767 τὰ
1658 740 1708 775 τῆς
1724 740 1822 775 μανίας

1032 790 1106 826 αὑτῷ
1124 789 1329 826 παρατείνεται,
1352 789 1398 815 καὶ
1416 787 1520 820 διώκει,
1535 787 1583 814 καὶ
1604 787 1683 822 φονᾷ,
1702 786 1748 812 καὶ
1760 786 1823 812 ὅσον

1031 838 1117 864 εἰπεῖν
1133 838 1172 868 εἰς
1194 835 1404 871 ἐγχειρημάτων
1427 834 1543 869 δύναμιν
1569 834 1603 869 τῇ
1618 833 1666 859 τοῦ
1694 832 1822 867 Σωτῆρος

1030 877 1282 918 ἀναφέρεταιδόξῃ,
1308 881 1356 908 καὶ
1380 881 1441 912 ταῖς
1460 879 1505 906 ὑπ’
1523 879 1606 906 αὐτοῦ
1635 878 1822 913 Ἐκκλησίαις,

1030 930 1076 957 καὶ
1089 931 1145 961 τοῖς
1160 928 1243 956 αὑτοῦ
1254 928 1370 959 τέκνοις,
1385 926 1518 958 τουτέστι,
1532 927 1565 961 τῇ
1573 924 1628 952 τῶν
1639 924 1823 951 πιστευόντων

1030 974 1131 1010 πληθύῖ
1155 973 1353 1008 καταφωρᾱται
1385 970 1601 1007 πολεμιώτατος,
1630 969 1823 1004 ἀταλαίπωρον

1031 1021 1095 1048 ἰδεῖν
1110 1020 1190 1047 τοῦτο
1203 1019 1299 1054 μαθεῖν
1313 1018 1451 1053 ἑλομένοις
1464 1017 1508 1044 διὰ
1521 1016 1576 1043 τῶν
1588 1016 1696 1051 ἑφεξῆς·
1711 1024 1720 1041 ι
1744 1015 1823 1041 Ἀνα-

1030 1067 1096 1099 στὰς
1113 1066 1177 1102 γὰρ,
1193 1065 1270 1101 φησὶ,
1298 1064 1407 1097 Ἰακὼϐ,
1420 1063 1499 1090 ἔλαϐε
1516 1062 1566 1093 τὰς
1579 1063 1713 1097 γυναῖκας
1727 1060 1821 1094 αὑτοῦ,

1030 1116 1076 1142 καὶ
1093 1114 1127 1141 τὰ
1147 1114 1241 1140 παιδία
1251 1112 1334 1140 αὑτοῦ
1349 1112 1397 1138 ἐπὶ
1408 1111 1458 1143 τὰς
1468 1110 1621 1146 καμήλους,
1635 1109 1683 1136 καὶ
1693 1108 1822 1143 ιπήγαγε

1030 1162 1119 1188 πάντα
1128 1160 1163 1187 τὰ
1171 1160 1329 1196 ὑπάρχοντα
1340 1158 1433 1191 αὑτοῦ,
1444 1158 1491 1185 καὶ
1498 1158 1591 1184 πᾶσαν
1603 1156 1652 1192 τὴν
1666 1155 1823 1190 ἀποσκευὴν

1029 1207 1123 1240 αὑτοῦ,
1144 1207 1177 1243 ἣν
1198 1206 1412 1242 περιεποιήσατο
1436 1205 1465 1231 ὲν
1482 1205 1515 1239 τῇ
1539 1202 1750 1237 Μεσοποταμίᾳ,
1775 1202 1823 1228 καὶ

1029 1254 1118 1281 πάντα
1135 1253 1170 1279 τὰ
1192 1252 1286 1285 αὐτοῦ,
1303 1253 1350 1279 καὶ
1373 1251 1480 1286 ἀπῆλθε
1503 1250 1570 1283 πρὸς
1594 1249 1687 1276 Ἰσαὰκ
1703 1249 1748 1275 τὸν
1768 1257 1822 1275 πα-

1028 1300 1096 1335 τέρα
1114 1299 1197 1326 αὑτοῦ
1213 1299 1241 1325 έν
1263 1300 1298 1333 γῇ
1319 1297 1440 1324 Χαναὰν.
1463 1296 1556 1324 Λάόαν
1570 1296 1599 1322 δὲ
1618 1295 1705 1330 ᾣχετο
1731 1296 1823 1329 κεῖραι

1028 1346 1063 1372 τὰ
1087 1345 1211 1380 πρόϐατα
1228 1344 1320 1372 αὑτοῦ.
1348 1344 1467 1379 Ἔκλεψε
1494 1343 1523 1369 δὲ
1548 1343 1649 1378 Ῥαχὴλ
1672 1342 1706 1369 τὰ
1725 1341 1822 1368 εἴδωλα

1028 1392 1075 1419 τοῦ
1092 1392 1195 1427 πατρὸς
1210 1392 1310 1426 αὐτῆς·
1326 1391 1429 1426 ἔκρυψε
1450 1390 1479 1417 δὲ
1498 1389 1596 1417 Ἰακὼὸ
1610 1388 1703 1415 Λάόαν
1716 1389 1761 1414 τὸν
1772 1387 1823 1414 Σύ-

1031 1446 1077 1473 ρον
1090 1437 1136 1464 τοῦ
1153 1437 1189 1472 μὴ
1208 1436 1370 1471 ἀναγγεῖλαι
1392 1435 1478 1470 αὐτῷ,
1500 1435 1542 1462 ὅτι
1557 1434 1748 1470 ἀπεδίδρασκε.
1767 1433 1823 1460 Καὶ

1030 1484 1137 1518 ἀπέδρα
1154 1483 1246 1514 αὐτὸς,
1271 1483 1318 1510 καὶ
1337 1483 1427 1509 πάντα
1449 1481 1484 1508 τὰ
1503 1480 1597 1514 αὑτοῦ,
1616 1481 1663 1507 καὶ
1680 1480 1756 1515 διέϐη
1777 1479 1823 1506 τὸν

185 1529 251 1561 Liae,
274 1529 340 1556 deos
353 1537 418 1556 suos
434 1536 489 1556 non
508 1529 627 1563 reperit,
653 1528 701 1556 sed
714 1536 804 1563 neque
825 1529 853 1556 in
873 1529 978 1556 aedibus

1031 1530 1163 1564 ποταμὸν,
1188 1530 1234 1556 καὶ
1250 1529 1385 1564 ⁸ὥρμησεν
1403 1530 1442 1561 είς
1455 1528 1486 1555 τὸ
1503 1528 1565 1564 ὅρος
1584 1528 1699 1555 Γαλαὰδ.
1726 1528 1824 1562 Ἀνηγ-

185 1575 348 1602 ancillarum
362 1575 443 1602 Ballae
455 1578 482 1601 et
503 1574 614 1609 Zelpha:
625 1575 657 1602 ".
675 1584 684 1600 ι
696 1574 765 1602 Cum
784 1582 850 1602 vero
869 1579 980 1609 putaret

186 1620 288 1647 Rachel
296 1628 343 1648 eos
356 1620 515 1655 diligentius
526 1620 690 1655 quaerendos
702 1627 716 1647 a
729 1624 807 1655 patre
816 1641 823 1652 ,
840 1621 981 1656 eleganter

186 1675 249 1693 eum
263 1667 382 1701 decepit.
401 1676 410 1692 ‹
425 1667 538 1701 Accepit
556 1667 630 1694 enim
642 1687 649 1699 ,
671 1667 776 1701 inquit,
791 1667 875 1699 idola,
896 1671 924 1694 et
936 1667 979 1693 in-

183 1713 251 1748 jecit
269 1720 300 1740 ea
314 1713 341 1740 in
359 1717 509 1741 stramenta
532 1713 640 1746 cameli,
656 1718 683 1740 et
700 1713 772 1740 sedit
783 1721 867 1748 super
887 1713 937 1744 eis,
953 1717 981 1740 ct

187 1760 256 1787 dixit
279 1759 348 1794 patri
364 1767 414 1786 suo
438 1768 445 1785 :
464 1759 504 1787 Ne
524 1759 644 1794 graviter
659 1758 748 1792 feras,
771 1759 882 1786 domine
900 1768 907 1786 :
924 1767 979 1786 non

187 1810 283 1840 potero
296 1813 408 1840 surgere
421 1813 512 1832 coram
528 1809 565 1838 te,
578 1805 643 1840 quia
654 1806 732 1841 juxta
749 1805 979 1832 consuetudinem

187 1853 351 1879 feminarum
365 1860 439 1878 nunc
458 1852 560 1879 accidit
578 1852 655 1879 mihi.
678 1852 823 1879 Scrutatus
834 1855 876 1879 est
887 1855 980 1879 autem

188 1899 279 1925 Lahan
293 1899 319 1925 in
333 1899 406 1925 Ollllli
420 1898 511 1931 domo,
526 1902 553 1925 et
567 1906 622 1925 non
637 1897 742 1925 invenit
753 1897 825 1925 idola
833 1898 866 1924 "°.
884 1908 893 1924 ι
911 1898 980 1926 Cum

189 1945 279 1978 itaque
295 1944 372 1978 inops
384 1947 456 1970 esset
467 1943 584 1976 consilii,
598 1947 626 1971 et
637 1944 753 1971 deorum
765 1951 879 1971 suorum
889 1944 980 1979 jactu-

187 1997 261 2021 ram,
276 1993 305 2015 ut
321 1980 471 2016 verisimile
491 1993 550 2022 est,
573 1988 743 2024 deploraret,
766 1988 891 2024 increpat
916 1996 979 2016 eum

189 2036 287 2062 merito
317 2036 414 2062 beatus
441 2035 542 2068 Iacob,
567 2035 641 2071 quod
664 2035 768 2062 frustra
798 2035 887 2070 ipsum
915 2043 979 2070 per—

187 2087 366 2117 sequeretur,
401 2091 462 2110 eum
490 2082 564 2110 nulla
589 2082 697 2109 ratione
722 2081 812 2117 ipsum
838 2081 980 2109 criminari

187 2134 289 2164 posset.
307 2129 410 2156 Deinde
429 2129 462 2155 de
474 2127 622 2156 concordia
634 2127 900 2162 pactoqueineundo
913 2126 980 2162 ipsis

189 2176 254 2202 moti
268 2180 331 2202 sunt
349 2182 500 2202 sermones.
519 2183 528 2199 ι
544 2173 725 2209 llespondens
737 2174 812 2201 enim
828 2173 922 2201 Laban
935 2173 979 2201 di-

1031 1576 1097 1610 γέλη
1114 1575 1141 1601 δὲ
1157 1575 1250 1601 Λάϐαν
1265 1575 1304 1609 τῷ
1326 1574 1405 1610 Σύρῳ
1419 1576 1452 1610 τῇ
1466 1575 1546 1610 τρίτῃ
1560 1574 1651 1610 ἡμέρᾳ
1664 1575 1704 1601 ὅτι
1719 1573 1823 1609 ἀπέδρα

1038 1620 1145 1646 Ἰακώ6.
1161 1621 1216 1646 Καὶ
1225 1629 1261 1646 πα
1267 1619 1392 1655 ραλαϐὼν
1409 1620 1513 1651 πάντας
1521 1620 1584 1651 τοὺς
1598 1619 1730 1654 ἀδελφοὺς
1740 1617 1822 1646 αὑτοῦ

1033 1669 1092 1703 μετ’
1105 1667 1199 1700 αὐτοῦ,
1216 1667 1325 1699 ἐδίωξεν
1343 1667 1430 1694 ὀπίσω
1446 1667 1528 1693 αὐτοῦ
1546 1667 1604 1694 δδδν
1615 1667 1726 1702 ἡμερῶν
1742 1666 1822 1698 ἑπτὰ,

1032 1715 1078 1741 καὶ
1096 1714 1242 1740 κατέλαϐεν
1262 1714 1345 1741 αὑτὸν
1364 1715 1393 1740 ὲν
1409 1714 1447 1749 τῷ
1467 1714 1525 1749 ὄρει
1538 1713 1654 1740 Γαλαὰδ.
1672 1712 1757 1739 Ἦλθε
1771 1713 1798 1740 δὲ
1809 1713 1824 1739 6

1031 1760 1098 1792 Θεὸς
1120 1760 1188 1795 πρὸς
1206 1760 1299 1787 Λάδαν
1315 1760 1361 1786 τὸν
1381 1760 1467 1795 Σύρον
1482 1760 1543 1786 καθ’
1560 1759 1643 1786 ὖπλον
1658 1759 1709 1793 τὴν
1726 1759 1822 1791 νύκτα,

1031 1806 1078 1833 καὶ
1090 1804 1166 1833 εἶπεν
1174 1806 1259 1842 αὐτῷ.
1269 1805 1387 1838 Φύλαξαι
1404 1806 1516 1833 σεαυτὸν
1527 1806 1573 1832 τοῦ
1585 1806 1621 1841 μὴ
1631 1806 1744 1840 λαλῆσαι
1755 1806 1823 1840 πρὸς

1037 1852 1133 1879 Ἰακὼϐ
1144 1852 1259 1887 πονηρά.
1273 1853 1327 1879 Καὶ
1338 1852 1471 1879 κατέλαϐε
1489 1852 1632 1880 Λάϐαντὺν
1648 1851 1754 1879 Ἰακώϐ.
1773 1852 1824 1878 Ἰα-

1031 1898 1090 1925 κὼὸ
1105 1898 1134 1926 δὲ
1151 1898 1235 1934 ἔπηξε
1251 1898 1300 1934 τὴν
1316 1899 1419 1934 σκηνὴν
1434 1898 1515 1925 αὑτοῦ
1537 1898 1566 1924 ἐν
1582 1896 1621 1933 τῷ
1645 1897 1713 1933 ὄρει.
1731 1896 1824 1923 Λάσαν

1030 1946 1058 1972 δὲ
1075 1945 1172 1981 ἔστησε
1187 1945 1250 1977 τοὺς
1265 1945 1397 1979 ἀδελφοὺς
1415 1944 1498 1971 αὑτοῦ
1506 1945 1536 1971 ὲν
1550 1944 1589 1979 τῷ
1604 1943 1662 1979 δρει
1676 1943 1791 1970 Γαλαάδ.
1812 1951 1821 1968 ι

1031 1992 1230 2028 Περιτυγχάνει
1247 1991 1296 2027 μὲν
1315 1991 1362 2019 οὖν
1384 1992 1398 2018 6
1420 1991 1524 2022 Λάϐαν,
1547 1991 1704 2017 ἐπαιτιᾶται
1722 1989 1751 2016 δὲ
1764 1989 1824 2016 λίαν

1030 2037 1076 2065 τὸν
1095 2038 1238 2064 θεσπέσιον
1259 2036 1366 2069 Ἰακὼϐ,
1382 2036 1583 2071 ὄτιλεληθότως
1596 2036 1713 2071 ἀπέδρα,
1729 2043 1824 2070 μονον-

1031 2084 1093 2120 ουχὶ
1116 2082 1258 2118 κεκλοφὼς
1277 2083 1327 2115 τὰς
1350 2082 1504 2118 θυγατέρας
1523 2081 1618 2114 αὑτοῦ,
1639 2082 1686 2108 καὶ
1708 2081 1771 2113 τοὺς
1795 2081 1825 2107 ὲν

1031 2130 1097 2165 οἴκῳ
1110 2128 1197 2161 θεούς.
1215 2129 1288 2163 Ἔφη
1302 2127 1357 2164 γὰρ
1375 2127 1422 2154 ὡδί
1438 2136 1445 2143 ·
1471 2136 1480 2153 ι
1498 2126 1555 2154 Νῦν
1569 2125 1616 2153 οὖν
1637 2126 1823 2161 πεπόρευσαιι

1032 2175 1165 2211 ἐπιθυμίᾳ
1177 2175 1231 2211 γὰρ
1246 2174 1423 2209 ἐπεθύμησας
1438 2173 1565 2201 ἀπελθεῖν
1580 2173 1620 2204 εἰς
1632 2172 1678 2199 τὸν
1691 2169 1766 2198 οἶκον
1776 2170 1824 2197 τοῦ

188 2222 227 2248 xit
239 2221 322 2248 Jacob
338 2221 429 2248 :Filia:
442 2223 494 2247 tua:
506 2220 567 2247 filim
585 2227 653 2247 mea:
673 2223 751 2252 sunt,
765 2224 794 2247 et
808 2219 857 2246 ﬁlii
878 2220 917 2247 tui
931 2219 979 2247 filii

1034 2222 1135 2257 πατρὸς
1151 2231 1209 2249 σου.
1225 2222 1283 2248 Ἵνα
1298 2221 1324 2247 τί
1340 2220 1468 2255 ἔκλεψας,
1489 2220 1567 2256 φησὶ,
1583 2219 1647 2251 τοὺς
1660 2218 1737 2248 θεούς
1755 2225 1823 2252 μους

187 2267 254 2299 mei,
271 2271 299 2294 et
315 2274 413 2302 pecora
435 2272 481 2294 tua
500 2274 602 2301 pecora
622 2274 683 2294 mea
695 2287 703 2299 ,
716 2270 745 2294 et
761 2267 852 2294 omnia
874 2275 935 2302 quae
951 2272 980 2295 tu

188 2313 266 2340 rides
279 2321 338 2339 mea
347 2316 422 2344 sunt,
434 2315 462 2339 ct
476 2311 594 2339 filiarum
604 2320 739 2339 mearum.
751 2312 823 2345 Quid
837 2312 935 2340 faciam
947 2313 981 2341 iis

189 2359 282 2391 hodie,
296 2363 344 2386 aut
356 2358 419 2385 ﬁliis
430 2365 536 2390 earum,
546 2365 616 2393 quos
627 2362 796 2393 pepererunt
806 2358 906 2386 ?Nunc
914 2366 981 2394 ergo

188 2405 270 2437 veni,
284 2405 455 2440 deponamus
468 2403 558 2432 faadus
570 2411 620 2440 ego
640 2407 668 2431 et
687 2408 727 2436 tu,
745 2407 774 2432 et
786 2404 840 2432 erit
856 2403 884 2431 in
900 2404 979 2432 testi—

189 2452 312 2480 monium
323 2452 396 2479 inter
415 2454 497 2478 meet
512 2455 550 2479 te.
565 2450 638 2478 Dixit
648 2454 740 2478 autem
759 2450 785 2478 ei
799 2458 806 2477 :
820 2450 900 2484 Vide,
916 2450 980 2477 nul-

188 2500 232 2527 lus
244 2499 389 2526 nobiscum
403 2502 455 2530 est,
469 2497 543 2525 Deus
558 2496 636 2532 155
650 2496 727 2525 testis
747 2496 820 2524 inter
836 2503 881 2523 me
900 2499 927 2523 el
941 2499 979 2523 te.

189 2545 333 2580 Accipiens
343 2549 434 2572 autem
447 2543 532 2572 Iacob
544 2543 675 2579 lapidem,
686 2543 784 2571 statuit
794 2550 857 2580 eu’m
871 2542 899 2570 in
912 2542 980 2569 titu-

191 2593 257 2618 lum.
274 2591 345 2618 Dixit
363 2596 454 2618 autem
465 2590 549 2618 Iacob
566 2590 698 2617 fratribus
716 2589 791 2617 suis:
804 2589 930 2624 Colligite
942 2589 980 2616 la-

191 2638 278 2672 pides.
292 2638 325 2665 Et
337 2637 505 2673 collegerunt
521 2636 643 2674 lapides,
667 2640 696 2663 et
721 2635 848 2663 fecerunt
864 2635 979 2668 collem,

191 2687 218 2710 et
229 2684 409 2711 comederunt
424 2683 480 2710 illic
491 2689 574 2717 super
590 2682 699 2710 collem.
714 2681 748 2709 Et
760 2681 829 2709 dixit
838 2681 864 2709 ei
875 2681 979 2709 Laban:

191 2730 325 2757 'l'umulus
339 2729 383 2757 hic
396 2729 448 2757 erit
463 2728 651 2756 testimonium
665 2727 737 2756 inter
747 2735 791 2755 me
803 2731 832 2754 et
853 2731 878 2754 te
887 2726 980 2754 hodie.

191 2777 225 2803 Et
242 2776 351 2804 vocavit
364 2784 426 2804 cum
444 2775 537 2803 Laban
547 2795 554 2807 ,
569 2774 704 2802 'I‘umulus
720 2773 867 2801 testimonii
880 2782 886 2806 ;
900 2773 983 2801 Jacob

191 2828 282 2850 autem
295 2831 358 2850 eum
371 2822 488 2854 vocavit,
501 2821 635 2848 Tumulus
646 2820 723 2848 testis
734 2820 766 2847 ⁸¹.
785 2830 793 2844 ι

1039 2269 1110 2295 Ἀλλ’
1137 2268 1186 2295 οὐκ
1208 2268 1278 2303 ᾔδει,
1295 2267 1387 2303 φησὶν,
1408 2267 1516 2298 Ἰακὼϐ,
1531 2268 1572 2294 ὄτι
1598 2265 1699 2301 Ῥαχὴλ
1720 2266 1735 2301 ἠ
1755 2264 1824 2299 γυνὴ

1033 2315 1116 2342 αὐτοῦ
1135 2314 1249 2350 ἔκλεψεν
1270 2314 1380 2345 αὐτούς.
1404 2314 1571 2350 Ἐρευνήσας
1594 2313 1623 2339 δὲ
1646 2312 1739 2339 Λάϐαν
1760 2311 1825 2342 τοὺς

1035 2361 1117 2394 ἰδίους
1134 2361 1223 2394 θεοὺς,
1239 2361 1288 2396 οὐχ
1304 2360 1429 2396 εὑρίσκει
1444 2360 1518 2395 παρὰ
1540 2360 1572 2395 τῇ
1596 2359 1675 2393 Λείᾳ,
1695 2357 1752 2384 ἁλλ’
1764 2357 1825 2383 οὐδὲ

1033 2409 1062 2435 ὲν
1080 2407 1119 2443 τῷ
1142 2408 1208 2443 οῐκῳ
1234 2406 1409 2442 θεραπαινῶν
1430 2406 1535 2438 Βάλλας
1559 2414 1589 2432 τε
1611 2405 1658 2432 καὶ
1679 2404 1793 2438 Ζελφᾶς.
1811 2411 1821 2428 ι

1040 2454 1150 2490 Ἐπειδὴ
1164 2454 1192 2481 δὲ
1215 2454 1417 2490 προσεδόκησεν
1439 2454 1455 2489 ὴ
1478 2452 1579 2488 Ῥαχὴλ
1596 2450 1825 2487 ἐρευνηθήσεσθαι

1035 2500 1111 2537 παρὰ
1128 2500 1175 2528 τοῦ
1190 2500 1304 2536 πατρὸς,
1320 2500 1370 2527 οὐκ
1384 2499 1515 2534 ἀκόμψως
1531 2498 1561 2525 τὸ
1584 2498 1660 2534 ῥῆμα
1675 2495 1825 2532 κατασοφί-

1034 2547 1119 2579 ζεται.
1139 2556 1147 2572 ι
1168 2546 1269 2573 Ἐλαὸε
1283 2545 1338 2581 γὰρ
1354 2546 1389 2572 τὰ
1411 2545 1518 2576 εἴδωλα,
1534 2544 1612 2579 φησὶ,
1637 2545 1684 2571 καὶ
1698 2543 1826 2571 ἐνέϐαλεν

1033 2593 1103 2620 αὐτὰ
1118 2593 1159 2624 εἰς
1171 2593 1205 2620 τὰ
1222 2593 1352 2628 σάγματα
1363 2592 1413 2627 τῆς
1434 2591 1570 2626 καμήλου,
1592 2591 1640 2617 καὶ
1660 2591 1824 2618 ἐπεκάθισεν

1032 2639 1134 2671 αὐτοῖς,
1150 2639 1198 2666 καὶ
1215 2636 1275 2665 εἶπε
1291 2638 1331 2673 τῷ
1348 2637 1431 2673 πατρὶ
1446 2638 1540 2673 αὐτῆς·
1554 2637 1601 2671 Μὴ
1618 2636 1723 2673 βαρέως
1745 2637 1822 2673 φέρε,

1033 2685 1123 2721 κύριε,
1139 2685 1168 2711 οὺ
1184 2684 1303 2720 δύναμαι
1324 2684 1474 2720 ἀναστῆναι
1490 2683 1606 2710 ἐνώπιόν
1627 2692 1685 2712 σου.
1705 2684 1746 2711 ὅτι
1761 2684 1823 2710 κατ’

1033 2730 1145 2765 ἐθισμὸν
1158 2730 1212 2757 τῶν
1225 2730 1364 2765 γυναικῶν
1381 2730 1425 2765 μοί
1437 2730 1505 2757 ἐστι.
1524 2729 1672 2765 Ἦρεύνησε
1684 2729 1711 2755 δὲ
1730 2729 1824 2756 Λάὸαν

1034 2777 1064 2802 ἑν
1082 2776 1135 2812 ὅλῳ
1153 2776 1192 2811 τῷ
1214 2777 1280 2811 οἴκῳ
1302 2776 1395 2809 αὑτοῦ,
1417 2776 1463 2803 καὶ
1485 2776 1532 2811 οὐχ
1551 2772 1615 2811 εὗρε
1630 2775 1664 2802 τὰ
1686 2775 1793 2802 εἴδωλα.
1810 2784 1820 2802 ι

1042 2821 1226 2857 Ἦπορηκὸτος
1239 2821 1328 2847 τοίνυν
1346 2821 1395 2857 ἤδη
1411 2831 1479 2854 πως,
1494 2821 1692 2856 ὀλοφυρομένου
1704 2830 1733 2847 τε
1754 2819 1823 2848 κατὰ

228 2880 250 2897 ⁸⁸
274 2880 340 2909 Gen.
356 2877 431 2915 xm,
445 2875 544 2907 ΤΙ-25.
578 2877 604 2894 Ἥ
623 2877 689 2905 ibid.
709 2877 802 2905 5065.
842 2877 864 2893 ⁸ο
888 2877 979 2906 ibid?

1031 2878 1071 2906 55.
1111 2878 1132 2895 “
1163 2877 1230 2907 ibid.
1253 2876 1347 2905 -55-48.
