1990 3050
118 157 172 186 229
625 159 889 190 GLAPHYROBUM
908 161 943 189 ΙΝ
961 160 1111 189 GENESIM
1129 161 1193 188 LIB.
1215 161 1245 189 V.
1700 165 1754 194 950

118 214 150 241 τὸ
166 213 250 246 είκδς,
263 213 319 241 τῶν
341 214 414 242 ἰδίων
439 215 509 243 θεῶν
533 216 582 253 τὴν
605 217 755 251 ἀπώλειαν,
779 219 912 254 ἐπῃτιᾶτο
930 219 1023 245 λοιπὸν
1040 219 1154 250 εἰκότως
1174 219 1188 245 6
1205 218 1340 254 μακάριος
1365 218 1472 252 Ἰακὼϐ,
1487 219 1524 251 ὡς
1551 220 1612 255 ιίκῆ
1644 221 1753 248 διώκειν

118 260 201 287 αὐτὸν
216 261 364 296 ᾑρημένον,
380 262 427 289 καὶ
450 263 576 298 ἐγκαλεῖν
593 265 645 291 οὐκ
658 265 754 300 ἔχοντα
771 266 911 298 παντελῶς
929 266 1017 294 οὐδέν.
1027 264 1094 293 Εἶτα
1108 267 1171 302 περὶ
1202 266 1363 302 συμϐάσεως
1391 267 1484 299 αὐτοῖς
1495 267 1650 303 κεκίνηνται
1666 269 1750 303 λόγοι,

119 309 167 336 καὶ
191 309 298 341 σύνεσις
322 311 386 346 παρ’
408 311 509 346 ἀμφοῖν
534 313 574 344 εἰς
598 313 710 349 εἰρήνην
734 313 894 349 ἐπράττετο.
918 323 928 340 1
952 314 1124 350 Ἀποκριθεὶς
1138 314 1192 350 γὰρ
1210 315 1223 341 6
1242 313 1352 347 Λάϐαν,
1379 314 1477 350 φησὶν,
1499 312 1558 342 εἰπε
1575 315 1613 350 τῷ
1638 316 1750 343 Ἰακώϐ·

119 355 154 381 Δί
171 354 320 390 θυγατέρες
340 365 387 383 σου
407 356 557 394 θυγατέρες
576 367 641 394 μου,
656 360 704 388 καὶ
723 361 777 387 υἱοί
803 369 861 392 σου,
878 360 930 387 υἰοί
950 369 1012 396 μου,
1029 362 1076 388 καὶ
1104 361 1139 388 τὰ
1152 361 1237 396 κτήνη
1255 370 1300 388 σου
1315 362 1400 397 κτήνη
1413 370 1475 397 μου,
1493 362 1540 389 καὶ
1551 362 1639 389 πάντα
1652 363 1702 389 ὅσα
1720 363 1752 390 σὺ

119 400 196 436 ὁρᾷς,
215 402 270 436 ὲμά
287 403 355 436 ἐστι,
367 403 482 431 καὶτῶν
503 404 661 441 θυγατέρων
678 415 741 441 μου.
776 407 809 433 Τί
838 407 945 443 ποιήσω
965 407 1077 439 ταύταις
1095 408 1224 443 σήμερον,
1238 408 1285 434 καὶ
1300 409 1356 439 τοῖς
1367 408 1471 440 τέκνοις
1488 408 1577 435 αὐτῶν
1587 405 1628 440 οἷς
1642 408 1750 441 ἕτεκον;

120 446 178 489 Νύν
191 444 237 473 οὖν
253 446 343 482 δεῦρο,
358 447 515 484 διαθώμεθα
529 449 662 486 διαθήκην
675 450 731 485 ἐγὼ
745 451 793 478 καὶ
809 451 852 483 σὺ,
865 452 912 478 καὶ
930 452 1007 479 ἔσται
1024 453 1064 484 εἰς
1099 453 1251 488 μαρτυρίαν
1268 452 1319 479 ἀνὰ
1337 453 1418 488 μέσον
1453 453 1521 489 ἐμοῦ
1540 453 1586 480 καὶ
1602 453 1658 479 σοῦ.
1683 451 1751 480 Eine

119 493 147 519 δὲ
159 493 251 528 αὐτῷ·
272 493 337 520 Ἰδοὺ
375 494 463 527 οὐδεὶς
483 495 541 530 μεθ’
556 496 634 532 ἡμῶν
656 498 739 529 ἑστιν,
764 497 802 524 ἰδὲ
822 499 836 524 6
860 498 926 530 Θεὸς
947 498 1053 534 μάρτυς
1072 498 1124 525 ἀνὰ
1147 499 1228 534 μέσον
1250 499 1318 534 ἐμοῦ
1335 499 1381 525 καὶ
1398 498 1456 526 σοῦ.
1473 498 1571 526 Λαϐὼν
1604 499 1632 525 δὲ
1654 497 1752 524 Ἰακὼὸ

119 537 203 571 λίθον,
220 538 334 574 ἔστησεν
358 540 440 568 αὐτὸν
459 541 571 577 στήλην.
596 541 665 570 Εἶπε
703 543 732 570 δὲ
754 543 851 570 Ὶακὼὸ
871 545 928 575 τοῖς
966 544 1091 579 ἀδελφοῖς
1115 545 1196 571 αὐτοῦ
1211 545 1378 579 ’Συλλὲγετε
1403 545 1504 577 λίθους.
1530 545 1584 572 Καὶ
1609 544 1752 577 συνέλεξαν

118 583 218 617 λίθους,
237 585 285 612 καὶ
302 586 435 622 ἐποίησαν
457 587 560 622 βουνὸν,
584 589 630 616 καὶ
652 589 753 624 ἔφαγον
777 590 836 617 ἐκεῖ
859 590 905 617 ἐπὶ
923 590 971 617 τοῦ
986 590 1092 626 βουνοῦ.
1113 591 1166 618 Καὶ
1182 588 1258 617 εἶπεν
1278 591 1352 626 αὺτῴ
1370 591 1464 618 Λάὸαν
1479 599 1485 605 ·
1509 591 1538 617 '0
1561 591 1653 626 βουνὸς
1675 588 1751 621 οὗτος

121 634 256 667 μαρτυρεῖ
269 633 320 659 ἀνὰ
332 633 415 666 μέσον
429 634 496 669 ἐμοῦ
528 635 576 662 καὶ
607 636 654 664 σοῦ
673 637 804 673 σήμερον.
820 638 875 665 Καὶ
897 638 1027 666 ἐκάλεσεν
1048 639 1129 666 αὑτὸν
1162 639 1264 674 Λάϐαν,
1282 639 1381 672 Βουνδς
1406 639 1571 675 μαρτυρίας.
1601 637 1699 665 Ἰακὼό
1722 637 1750 664 δὲ

120 678 249 704 ἐκάλεσεν
266 679 357 711 αὑτὸν,
376 679 476 712 Βουνὸς
495 681 610 717 μάρτυς.

154 741 185 764 ε’.
207 737 405 773 Ἐπιτροχάδην
424 738 474 774 μὲν
488 737 534 766 οὖν
551 740 580 767 ὲν
591 740 697 773 τούτοις
713 742 761 769 καὶ¹
780 741 905 769 κολοϐοὒν

997 740 1023 767 5.
1049 738 1174 766 Breviter
1190 738 1274 774 igitur
1293 739 1321 766 in
1340 739 1386 766 his
1398 739 1435 773 ﬁet
1449 740 1589 768 succincte
1605 741 1750 774 historiam

119 782 157 816 ὡς
172 783 211 809 ἔνι
226 784 470 821 σπουδάζοντεςκτὰ
478 785 528 821 τῆς
544 786 663 822 ἱστορίας
678 787 854 823 ἀφηγήμεθα.
867 787 909 814 Τὰ

119 829 149 856 δὲ
163 830 202 860 εἰς
215 829 276 856 νοῦν
289 829 339 865 ήδη
359 829 406 857 τὸν
425 831 555 858 ἐσωτάτω
569 832 730 868 διατρανοῦν
746 834 907 867 ἀναγκαῖον.

120 875 182 902 Ὅτι
197 875 285 902 τοίνυν
297 876 462 911 ὲπεμάνισεν
476 878 490 903 6
506 878 610 912 κόσμος
623 878 784 906 πλουτοῦντι
797 879 908 915 Χριστῷ

119 922 168 953 τὰς
182 921 236 948 τῶν
250 921 431 949 πιστευόντων
444 923 556 957 ἀγέλας,
573 925 620 951 καὶ
636 925 804 961 ἐπιθρώσκει
819 926 909 952 λελυτ-

119 967 221 1001 τηκὼς,
235 967 265 993 οὐ
284 968 399 1003 μακρῶν
412 968 446 996 ἂν
459 969 546 997 δέοιτο
560 970 650 1005 λόγων
666 980 709 1003 τις
720 972 760 1004 εἰς
780 972 908 1008 παράδει-

120 1014 160 1047 ειν
179 1014 293 1050 ἐναργῆ.
317 1015 372 1042 Θέα
387 1015 442 1051 γὰρ
457 1016 531 1049 ὅπως
553 1017 718 1052 ἀπαίροντος
740 1018 786 1045 τοῦ
809 1017 907 1045 Ἰακὼὸ

118 1059 211 1087 διώκει
236 1060 332 1094 φωνῶν
353 1061 368 1087 6
393 1062 486 1089 Λάὸαν
511 1063 580 1098 ὁμοῦ
604 1065 661 1096 τοῖς
691 1063 766 1094 ἰδίοις
789 1064 905 1096 τέκνοις.

125 1106 250 1142 ’Δπαίρει
265 1107 293 1133 δὲ
310 1107 404 1144 ὥσπερ
422 1109 469 1136 καὶ
492 1110 547 1136 ἀπὸ
569 1110 674 1145 κόσμου
699 1110 816 1145 Χριστὸς
838 1110 906 1146 ὁμοῦ

119 1149 178 1183 τὰἳς
189 1151 287 1178 ἑαυτοῦ
300 1152 432 1188 νύμφαις,
444 1153 571 1181 τουτέστι
586 1156 647 1186 ταῖς
662 1154 847 1190 Ἐκκλησίαις,
860 1155 908 1182 καὶ

118 1198 199 1224 οἰονεί
215 1199 325 1225 πανοικὶ
346 1199 550 1234 μετανίσταται,
565 1201 669 1237 νοητῶς
681 1203 738 1233 τοῖς
756 1202 830 1234 ἰδίοις
847 1203 907 1228 ὲπι-

119 1244 225 1278 φωνῶν·
248 1254 258 1270 1
270 1245 435 1281 Ἐγείρεσθε,
454 1246 567 1281 ἄγωμεν
585 1247 721 1274 ἐντεῦθεν.
738 1257 748 1273 ι
771 1248 801 1274 '0
816 1248 844 1274 δὲ
857 1248 907 1283 τῆς

117 1292 265 1327 ἀπάρσεως
281 1293 381 1328 τρόπος
398 1293 448 1319 οὐκ
467 1294 612 1329 αἰσθητῶς,
627 1294 688 1321 οὔτε
707 1294 760 1330 μὴν
774 1295 814 1326 είς
826 1295 906 1321 τόπον

118 1338 148 1364 ὲκ
171 1338 255 1364 τόπου
277 1339 440 1374 σωματικῶς
464 1340 643 1375 ὲκπράττοιτο
659 1341 702 1368 ἄν.
728 1341 833 1376 Κομιδῇ
851 1340 906 1375 γὰρ

118 1382 199 1418 ἄηθες
209 1384 239 1410 τὸ
249 1381 300 1410 ὧδε
318 1386 428 1420 φρονεῖν
443 1386 459 1421 ἢ
475 1386 576 1420 λέγειν.
600 1386 670 1413 Ἀλλ·
687 1388 719 1412 ὲκ
731 1387 778 1413 τοῦ
796 1388 905 1422 φρονεῖν

118 1429 151 1455 τὰ
159 1430 206 1456 τοῦ
223 1429 326 1465 κόσμου
342 1431 452 1466 πρὸςιτδ
460 1432 526 1467 δρᾷν
541 1431 646 1458 ἐθέλειν
658 1432 691 1459 τὰ
701 1432 831 1459 δοκοῦντα
845 1432 906 1468 Θεῷ

117 1476 261 1511 χρησίμως
275 1476 499 1512 ἀποπεραίνεται.
522 1477 566 1509 Ὠς
584 1478 639 1513 γὰρ
655 1479 669 1504 ὁ
688 1479 823 1513 μακάριος
836 1479 906 1513 γρά-

119 1529 162 1554 φει
182 1521 304 1553 Παῦλος,
329 1522 379 1548 οὐκ
396 1521 492 1557 ἔχομεν
506 1519 558 1549 ὧδε
581 1523 715 1558 μένουσαν
730 1524 817 1555 πόλιν,
838 1524 906 1551 ἀλλὰ

117 1565 165 1601 τὴν
178 1566 327 1600 μέλλουσαν
337 1567 530 1603 ἐπιζητοῦμεν,
539 1566 572 1603 ἧς
580 1569 704 1604 τεχνίτης
715 1570 763 1596 καὶ
774 1570 905 1605 δημιουρ-

117 1612 164 1646 γὸς
177 1613 191 1638 6
205 1612 281 1643 Θεός.
295 1613 398 1648 Γράφει
412 1613 441 1640 δὲ
452 1614 500 1640 καὶ
514 1614 607 1649 ἕτερος
620 1614 674 1640 τῶν
690 1615 775 1649 ἁγίων
788 1616 905 1642 ἀποστό-

118 1658 188 1685 λων·
208 1668 217 1684 1
237 1659 392 1694 Παρακαλῶ
408 1659 446 1691 ὡς
465 1660 612 1695 παροίκους
625 1660 672 1687 καὶ
686 1661 904 1696 παρεπιδήμους,

118 1705 252 1740 ἀπέχεσθε
273 1705 326 1732 τῶν
347 1706 486 1741 σαρκικῶν
506 1706 673 1741 ἐπιθυμιῶν,
692 1707 794 1738 αἵτινες
823 1716 906 1742 στρα-

117 1749 242 1778 τεύονται
257 1751 328 1778 κατὰ
346 1751 394 1786 τῆς
414 1751 514 1787 ψυχῆς.
539 1761 549 1777 ι
574 1752 795 1787 Περιπατοῦντες
810 1753 838 1780 δὲ
858 1752 905 1784 ἐπὶ

117 1796 165 1828 τῆς
181 1797 242 1831 γῆς,
258 1796 296 1828 ὡς
308 1797 337 1823 ἐν
348 1796 456 1833 οὐρανῷ
476 1796 618 1832 ποιώμεθα
630 1797 660 1824 τὸ
673 1797 836 1834 πολίτευμα,
851 1798 905 1825 δια-

118 1844 167 1878 ζῇν
181 1843 380 1875 σπουδάζοντες
394 1843 533 1879 σαρκικῶς
543 1843 592 1878 μὲν
602 1844 652 1870 οὐκ
661 1843 712 1876 ἐτι,
726 1844 904 1880 ἁγιοπρεπῶς

117 1890 144 1916 δὲ
168 1889 268 1925 μᾶλλον
296 1891 344 1917 καὶ
372 1889 575 1924 πνευματικῶς.
599 1890 758 1926 Διανίστησι
784 1891 812 1917 δὲ
837 1891 905 1926 πρὸς

116 1934 193 1961 τοῦτο
204 1936 279 1970 ἡμᾶς
293 1935 457 1962 ἐπιστέλλων
477 1936 491 1962 6
504 1935 609 1967 Παῦλος
622 1945 630 1953 ·
645 1945 654 1961 1
671 1936 717 1972 Μὴ
733 1936 905 1971 συσχηματί-

117 1981 194 2013 ζεσϐε
212 1982 251 2017 τῷ
263 1981 341 2008 αἰῶνι
354 1982 456 2017 τούτῳ,
472 1981 540 2008 ἀλλὰ
558 1981 771 2017 συμμορφοῦσθε
787 1983 820 2018 τῇ
837 1983 904 2009 ἀνα-

118 2026 246 2054 καινώσει
260 2027 306 2054 τοῦ
321 2028 380 2059 νοὸς
393 2027 487 2062 ὑμῶν,
505 2029 545 2059 εἰς
562 2028 592 2054 τὸ
606 2027 764 2063 δοκιμάζειν
789 2028 862 2062 ὑμᾶς
877 2028 904 2056 τί

959 785 1161 813 enarravimus.
1175 785 1367 812 Necessarium
1382 793 1448 813 vero
1467 790 1509 813 est
1521 787 1682 816 interiorem
1701 796 1749 816 eo-

959 839 1022 858 rum
1037 838 1149 858 sensum
1170 830 1318 865 explicare.
1333 830 1411 864 Quod
1426 831 1517 866 itaque
1532 832 1654 861 oti'ensus
1665 834 1749 862 fuerit

959 876 1079 903 mundus
1099 876 1220 908 Christo,
1240 876 1413 903 credentium
1428 885 1510 913 grege
1523 878 1620 911 ditato,
1634 884 1662 906 et
1672 881 1749 908 rabie

959 922 1076 958 quadam
1088 922 1210 957 percitus
1223 922 1362 950 insultarit
1375 943 1382 954 ,
1403 930 1576 958 nequaquam
1596 925 1677 960 longo
1689 934 1734 954 ser

958 976 1039 995 mone
1051 976 1120 1003 opus
1131 968 1214 996 fuerit
1225 968 1259 995 ad
1272 968 1500 996 conﬁrmandum.
1519 970 1588 997 Vide
1604 971 1678 998 enim
1695 980 1751 1007 quo

957 1019 1037 1049 pacto
1054 1014 1212 1042 discedente
1223 1014 1325 1041 Jacobo
1337 1015 1513 1049 persequitur
1522 1016 1643 1043 clamans
1656 1017 1750 1045 Laban

958 1068 1021 1088 cum
1046 1060 1110 1088 ﬁliis
1125 1061 1192 1088 suis.
1213 1060 1336 1088 Discedit
1354 1068 1422 1088 vero
1438 1061 1640 1095 quodammodo
1666 1063 1750 1090 etiam

957 1107 1084 1135 Christus
1099 1115 1114 1134 a
1136 1107 1239 1134 mundo
1256 1114 1318 1134 cum
1343 1107 1451 1142 sponsis
1474 1108 1549 1140 suis,
1566 1108 1619 1136 hoc
1632 1112 1674 1136 est
1700 1109 1751 1136 Ec-

958 1155 1059 1186 clesiis,
1081 1162 1113 1181 ac
1127 1154 1211 1181 veluti
1229 1161 1291 1181 eum
1312 1154 1440 1181 universa
1454 1154 1536 1182 domo
1558 1155 1747 1191 transmigrat,

957 1199 1120 1235 spiritaliter
1145 1200 1203 1226 suis
1231 1199 1384 1227 inclamans
1405 1208 1412 1226 :
1436 1209 1445 1225 1
1464 1199 1592 1235 Surgite,
1620 1201 1752 1229 abeamus

957 1247 1023 1273 hinc
1034 1247 1068 1273 ⁵⁵.
1086 1256 1094 1271 ι
1109 1245 1291 1273 Profectionis
1305 1253 1372 1273 vero
1389 1253 1422 1273 ac
1433 1246 1571 1274 discessus
1583 1248 1682 1276 modus
1693 1256 1751 1277 non

957 1293 993 1320 sit
1005 1292 1150 1324 sensualis,
1166 1299 1257 1326 neque
1270 1299 1337 1318 vero
1353 1291 1387 1319 de
1404 1291 1464 1319 loco
1481 1292 1510 1319 in
1527 1293 1617 1320 locum
1631 1294 1678 1321 ﬁat
1690 1302 1751 1322 cor-

957 1338 1089 1373 poraliter
1101 1338 1246 1373 (absonum
1258 1337 1332 1364 enim
1345 1337 1372 1364 in
1385 1338 1482 1372 primis
1494 1338 1521 1365 id
1532 1338 1615 1366 fuerit
1628 1341 1750 1376 cogitare

957 1386 1001 1412 vel
1015 1384 1131 1419 dicere),
1150 1384 1198 1411 sed
1221 1392 1255 1410 ex
1270 1384 1484 1419 cogitationibus
1496 1385 1644 1414 mundanis
1661 1387 1694 1413 ad
1708 1387 1750 1414 fa-

957 1430 1054 1457 cienda
1068 1437 1101 1456 ea
1112 1436 1173 1464 qua:
1185 1429 1242 1455 Deo
1260 1429 1378 1463 placent,
1399 1429 1540 1457 fructuose
1553 1430 1639 1457 vitam
1653 1431 1750 1458 termi-

957 1481 1013 1504 nat.
1024 1477 1103 1508 Nam,
1120 1479 1150 1504 ut
1162 1476 1259 1503 beatus
1271 1476 1371 1503 Paulus
1384 1476 1492 1507 scribit,
1517 1486 1526 1501 1
1541 1476 1600 1504 Non
1615 1477 1751 1506 habemus

957 1523 1003 1551 hic
1013 1527 1169 1550 manentem
1183 1522 1332 1554 civitatem,
1342 1522 1390 1550 sed
1400 1522 1520 1549 futuram
1530 1523 1746 1558 inquirimus",r

957 1569 1035 1604 cujus
1048 1568 1140 1603 opifex
1161 1571 1189 1595 et
1211 1573 1321 1595 creator
1336 1572 1378 1595 est
1394 1569 1477 1595 Deus.
1492 1568 1569 1596 Alius
1585 1576 1650 1596 vero
1666 1569 1751 1597 etiam

956 1622 991 1642 ex
1011 1614 1112 1641 sanctis
1124 1614 1255 1649 apostolis
1268 1614 1306 1640 ita
1324 1614 1440 1641 scribit:
1457 1623 1466 1639 1
1486 1613 1673 1647 Obsecrovos,
1692 1619 1750 1643 tan-

956 1667 1037 1694 quam
1052 1660 1172 1687 advenas
1186 1664 1213 1686 et
1224 1660 1394 1694 peregrinos,
1404 1660 1543 1687 abstinere
1561 1668 1610 1687 vos
1623 1668 1639 1687 a
1652 1668 1751 1688 carna-

956 1706 1029 1734 libus
1042 1706 1195 1737 desideriis,
1214 1713 1275 1740 qua:
1287 1705 1406 1732 militant
1418 1705 1550 1733 adversus
1564 1706 1682 1733 animam
1691 1705 1723 1732 ⁸⁸.
1737 1715 1747 1732 ι

956 1752 1135 1780 Ambulantes
1147 1756 1238 1779 autem
1253 1759 1335 1786 super
1349 1755 1450 1779 terram
1463 1752 1549 1779 veluti
1564 1752 1592 1779 in
1604 1753 1673 1780 coelo
1683 1760 1751 1780 con-

956 1805 1101 1825 versemur
1117 1797 1150 1830 5',
1165 1805 1220 1824 non
1239 1797 1351 1832 quidem
1369 1797 1489 1832 amplius
1500 1798 1648 1825 carnaliter
1656 1798 1751 1826 vivere

955 1845 1093 1876 volentes,
1118 1848 1146 1871 at
1163 1844 1255 1879 potius
1282 1847 1376 1871 sancte
1412 1849 1440 1871 et
1471 1844 1639 1879 spiritaliter.
1663 1844 1752 1880 Erigit

954 1898 1023 1918 vero
1040 1899 1091 1917 nos
1102 1890 1135 1917 ad
1156 1890 1208 1917 hoc
1220 1890 1322 1917 Paulus
1340 1890 1377 1917 ita
1390 1890 1515 1917 scribens
1530 1899 1536 1916 :
1556 1899 1565 1915 1
1588 1891 1627 1918 Nc
1640 1890 1752 1917 confor-

956 1935 1069 1962 memini
1079 1934 1179 1962 saeculo
1192 1934 1257 1961 huic
1266 1954 1273 1966 ,
1286 1933 1334 1960 sed
1348 1933 1558 1961 conformemini
1579 1934 1751 1961 renovationi

957 1981 1058 2008 mentis
1071 1983 1181 2012 vestrae,
1193 1984 1225 2006 ut
1235 1979 1359 2014 probetis
1369 1987 1427 2011 vos,
1441 1987 1501 2014 quae
1513 1979 1548 2006 sit
1558 1980 1686 2006 voluntas
1702 1970 1750 2006 Dei

957 2027 1043 2059 bona,
1068 2034 1100 2054 ac
1121 2026 1191 2053 bene
1214 2026 1325 2060 placens
1346 2029 1374 2053 et
1393 2025 1515 2060 perfecta
1529 2026 1563 2052 ⁵⁵.
1578 2035 1586 2051 ι
1603 2025 1751 2060 Postquam

117 2073 145 2099 τὸ
161 2073 270 2109 θέλημα
291 2073 338 2100 τοῦ
359 2073 428 2100 Θεοῦ
443 2073 474 2100 τὺ
488 2074 602 2108 ἀγαθὸν,
620 2074 668 2100 καὶ
681 2074 838 2108 εὐάρεστον,
857 2075 905 2102 καὶ

956 2080 1023 2100 vero
1031 2080 1205 2107 nequaquam
1219 2072 1321 2099 mundo
1333 2071 1496 2099 conformati
1512 2071 1656 2103 fuerimus,
1669 2079 1751 2098 mun-

117 2118 225 2146 τέλειον.
243 2128 252 2144 ι
274 2119 384 2154 Ἐπειδὴ
396 2119 459 2146 δὲού
473 2119 511 2154 τῷ
525 2120 620 2155 κόσμῳ
632 2120 906 2156 συνεσχηματίσμεθα

116 2167 164 2201 τὴν
174 2166 310 2201 κοσμικὴν
326 2166 435 2201 ἀπάτην
446 2166 628 2199 ὲκΰαίνοντες,
649 2166 825 2202 μιμησόμεθα
841 2167 906 2202 παρ’

117 2211 209 2239 αὑτοῦ.
231 2212 287 2238 Καὶ
307 2212 386 2238 τοῦτο
405 2211 483 2243 εἰδὼς
499 2211 587 2244 οὕτως
601 2211 662 2248 ἕχον
679 2212 799 2247 ἔφασκεν
816 2212 830 2238 6
849 2212 906 2238 Σω-

115 2258 168 2293 τήρ
186 2266 193 2272 ·
213 2267 222 2283 1
244 2257 276 2283 Εἰ
291 2258 324 2284 ἐκ
339 2258 386 2284 τοῦ
402 2257 505 2293 κόσμου
522 2255 581 2293 ἦτε,
596 2259 611 2285 ὸ
623 2258 727 2294 κόσμος
740 2258 773 2284 ἂν
788 2257 819 2283 τὺ
839 2257 905 2284 ἴδιον

116 2304 201 2338 ἐφίλει
214 2313 221 2320 ·
241 2303 335 2339 ἐπειδὴ
356 2304 385 2331 δὲ
403 2305 436 2331 ὲκ
456 2304 560 2339 κόσμου
576 2304 626 2331 οὐκ
651 2304 713 2331 ἐστὲ
727 2324 734 2336 ,
765 2303 810 2330 διὰ
826 2303 906 2330 τοῦτο

117 2351 190 2386 μισεῖ
209 2351 282 2385 ὑμᾶς
297 2351 312 2377 6
334 2350 445 2386 κόσμος.
468 2361 477 2378 ι
500 2350 604 2378 Οὐκοῦν
621 2350 713 2377 διώκει
739 2350 836 2385 μισῶν.
855 2351 906 2377 Φο-

116 2396 202 2423 νῶντα
218 2396 248 2423 δὲ
263 2397 309 2423 καί¹
325 2396 565 2434 ἀποταυρούμενον
575 2398 616 2429 εἰς
630 2396 800 2428 ἀκαθέκτους
810 2395 904 2431 ὀργὰς,

115 2441 292 2478 ἀνασειράζει
314 2442 391 2474 Θεὸς,
411 2442 465 2469 οὐδ’
489 2443 552 2470 ὅσον
574 2443 663 2469 εἰπεῖν
685 2442 802 2477 ἀπηνέσι
816 2441 906 2476 λόγοις

115 2487 281 2514 καταλυπεῖν
297 2487 393 2521 ἑφιείς.
406 2488 479 2523 Ἔφη
488 2487 543 2523 γὰρ
555 2487 624 2522 πρὸς
637 2488 683 2514 τὸν
695 2488 788 2515 Λάὸαν
800 2489 814 2515 6
828 2487 905 2520 Θεὸς,

115 2532 202 2567 φησι·
228 2540 238 2558 1
260 2531 378 2565 Φύλαξαι
405 2533 518 2560 σεαυτὸν
543 2534 580 2569 μή
606 2542 664 2565 πως
688 2533 812 2569 λαλήσῃς
835 2533 906 2560 κατά

121 2577 217 2604 Ἰακὼὸ
230 2579 345 2614 πονηρά.
369 2588 377 2604 ι
403 2579 472 2606 Ἀλλ’
484 2579 642 2607 ἐπαιτιᾶται
659 2580 708 2616 μὲν
723 2580 737 2606 6
753 2580 855 2615 κόσμος
869 2579 907 2611 ὠς

116 2622 310 2659 σεσυλημένος,
326 2624 373 2652 καὶ
387 2624 566 2652 ἀπολωλότων
579 2626 654 2662 αὐτῷ
663 2626 718 2653 τῶν
733 2625 813 2653 θεῶν.
831 2627 908 2654 Ἐκε-

115 2668 210 2703 κλόφει
224 2669 252 2696 δὲ
265 2669 377 2702 τούτους
391 2671 408 2706 ὴ
428 2671 541 2707 Ῥαχήλ.
558 2672 632 2708 Πλὴν
643 2673 694 2708 δρα
703 2672 753 2708 τὴν
767 2672 908 2708 ἐπιχείρη-

117 2721 169 2741 σιν.
191 2714 342 2751 Ἦρεύνησε
359 2715 435 2751 παρὰ
450 2718 483 2752 τῇ
503 2718 572 2753 Λείᾳ
594 2719 659 2750 τοὺς
675 2718 753 2751 θεοὺς
773 2719 787 2745 ό
802 2718 906 2750 Δάὸαν,

116 2759 165 2786 καὶ
185 2759 236 2795 μέν
257 2768 299 2787 τοι
313 2761 360 2788 καὶ
382 2762 459 2793 παρὰ
474 2764 535 2790 ταῖν
547 2763 595 2790 δύο
612 2763 802 2800 θεραπαίναιν,
824 2773 833 2790 1
857 2763 904 2790 καὶ

152 2856 345 2898 "_{oan:_xlv,
367 2859 410 2887 31.
450 2861 571 2898 "Allobr.
598 2872 654 2897 xui,
680 2865 720 2892 Μ.
761 2864 808 2893 “l
828 2865 900 2892 Petr.
914 2872 942 2898 ιι,
962 2864 1003 2892 ll.

118 2899 163 2927 ιι,
186 2892 228 2922 l9.
266 2894 368 2923 "Gen.
386 2903 457 2930 xxxi,
473 2896 516 2925 24.

957 2118 1045 2144 danos
1066 2124 1176 2144 errores
1204 2116 1324 2152 egressii,
1344 2116 1498 2143 imitatores
1523 2115 1611 2149 ipsius
1635 2114 1748 2142 erimus.

956 2161 1035 2196 Quod
1049 2162 1153 2197 optime
1166 2162 1324 2196 intelligens
1348 2161 1386 2188 ita
1399 2169 1428 2189 se
1445 2161 1548 2188 habere
1569 2161 1694 2188 Salvator
1706 2160 1750 2187 di-

955 2209 1016 2236 xit:
1034 2217 1043 2233 1
1065 2208 1093 2235 Si
1118 2207 1151 2235 de
1165 2208 1269 2235 mundo
1285 2207 1424 2239 fuissetis,
1444 2206 1564 2234 mundus
1577 2206 1650 2241 quod
1669 2214 1751 2233 suum

956 2257 1015 2281 erat
1027 2253 1155 2288 diligeret
1172 2261 1180 2279 :
1193 2253 1258 2288 quia
1277 2261 1343 2280 vero
1357 2253 1392 2280 de
1405 2253 1509 2280 mundo
1520 2260 1576 2279 nou
1591 2252 1657 2279 estis
1666 2273 1673 2284 ,
1684 2260 1750 2287 pro-

956 2304 1050 2334 pterea
1062 2299 1120 2326 odit
1131 2307 1180 2326 vos
1193 2299 1313 2326 mundus
1325 2299 1358 2326 ⁵⁷.
1377 2309 1386 2324 ›
1400 2299 1679 2333 Persequituritaque
1687 2298 1751 2326 odio

956 2353 1136 2381 prosequens.
1160 2345 1315 2380 Spirantem
1337 2346 1403 2372 vero
1423 2345 1528 2376 credes,
1554 2349 1582 2372 et
1606 2345 1751 2379 impotenti

956 2393 997 2420 ira
1008 2393 1210 2420 inﬂammatum
1223 2391 1342 2419 retrahit
1353 2399 1385 2418 ac
1398 2390 1550 2425 compescit
1571 2390 1650 2426 156
1664 2391 1747 2423 Deus,

956 2446 991 2466 ne
1010 2438 1147 2466 tantillum
1156 2437 1268 2473 quidem
1285 2437 1390 2472 asperis
1402 2436 1494 2464 verbis
1503 2437 1623 2472 amigerc
1635 2438 1751 2472 pennit-

957 2488 1028 2512 tens.
1044 2484 1118 2511 Dixit
1135 2484 1209 2511 enim
1234 2483 1269 2510 ad
1286 2483 1380 2510 Laban
1402 2483 1476 2510 Deus
1496 2491 1503 2509 :
1522 2492 1531 2508 1
1551 2483 1624 2510 Cave
1647 2484 1697 2511 tibi
1717 2492 1752 2511 ne

956 2531 1107 2567 quidquam
1120 2538 1218 2565 aspere
1241 2529 1368 2565 loquaris
1384 2534 1480 2558 contra
1497 2530 1583 2558 Iacob
1595 2530 1628 2557 ⁸⁸.
1645 2541 1653 2556 ι
1666 2530 1752 2559 Caete-

956 2585 1018 2605 rum
1031 2576 1194 2604 criminatur
1206 2576 1317 2611 quidem
1333 2576 1462 2609 mundus,
1476 2577 1549 2611 quod
1562 2577 1694 2611 spoliatus
1704 2577 1750 2609 sit,

957 2623 1087 2659 quodque
1098 2622 1165 2650 deos
1176 2630 1241 2649 suos
1257 2622 1419 2657 perdiderit.
1432 2622 1533 2649 Furata
1545 2625 1636 2649 autem
1649 2626 1692 2649 est
1704 2629 1752 2650 eos

957 2668 1069 2697 Rachel.
1083 2667 1167 2704 Atqui
1179 2667 1302 2704 videquo
1317 2671 1397 2704 pacto
1418 2676 1463 2696 res
1488 2672 1563 2704 gesta
1576 2668 1623 2696 sit.
1639 2668 1748 2696 Scruta-

959 2720 1003 2744 tus
1013 2720 1056 2744 est
1068 2715 1142 2751 apud
1158 2714 1234 2742 Liam
1249 2714 1317 2742 deos
1331 2714 1437 2747 Laban,
1451 2723 1504 2742 nec
1526 2722 1581 2742 non
1595 2714 1666 2749 apud
1684 2714 1752 2741 duas

958 2763 1082 2795 ancillas,
1100 2771 1108 2788 1
1123 2766 1152 2790 et
1164 2769 1219 2789 non
1232 2761 1350 2794 invenit,
1367 2771 1375 2786 ι
1390 2761 1490 2796 inquit.
1505 2760 1642 2788 Insidebat
1659 2764 1751 2787 autem

1061 2865 1083 2881 "
1099 2863 1199 2899 Philip.
1219 2863 1314 2896 “1,20.
1355 2863 1377 2877 ⁵⁸⁸
1394 2862 1472 2890 Rom.
1490 2869 1537 2894 xu,
1553 2860 1581 2887 '2.
1631 2859 1654 2875 "
1672 2858 1750 2886 Joan.
