1990 3050
242 181 291 210 ἰ51
755 181 784 210 S.
805 181 942 209 CYRlLLl
961 181 1195 210 ALEXANDRJNI
1214 183 1371 211 ARCHIEP.
1817 182 1871 212 252

241 244 283 271 eis
306 243 420 277 Rachel,
440 243 666 271 consuetudinem
693 243 858 271 feminarum
889 251 1027 271 excusans.

1085 244 1134 279 οὐχ
1151 241 1228 279 εὗρε,
1251 254 1259 270 ι
1279 245 1355 279 φησί.
1384 243 1553 276 Ἐπεκάὒητο
1569 243 1596 269 δὲ
1616 243 1706 275 αὐτοῖς
1723 244 1739 277 ὴ
1759 242 1869 278 Ῥαχὴλ,

242 289 373 323 Quaenam
390 289 473 324 igitur
486 289 584 316 horum
597 289 666 316 ratio
679 289 740 317 est?
753 289 892 316 ldolorum
912 289 1028 316 sublatio

1084 289 1306 325 προφασιζομένη
1319 290 1352 316 τὰ
1367 290 1429 316 κατ’
1444 289 1564 324 ἐθισμόν.
1585 289 1618 315 Τί
1635 287 1681 316 οὖν
1694 289 1707 315 6
1721 289 1815 323 λόγος;
1833 289 1869 315 Οὐ

241 343 296 362 non
309 340 369 362 erat
388 343 458 370 opus
478 334 624 371 Synagogse
645 335 812 367 Iudaeorum,
833 342 922 369 neque
935 342 1027 362 eorum

1085 335 1132 370 τῆς
1152 335 1286 362 Ἰουδαίων
1301 334 1474 370 Συναγωγῆς,
1487 335 1544 361 ἀλλ’
1559 334 1618 361 οὐδὲ
1631 334 1685 361 τῶν
1700 335 1739 367 εἰς
1750 334 1871 366 δουλείας

242 383 290 417 qui
310 383 337 410 in
358 382 520 410 servitutem
534 382 591 409 nati
605 386 685 414 sunt;
712 381 760 409 sed
781 381 900 416 junioris
912 381 1028 414 Rachel,

1084 381 1274 416 γεγενημένων
1293 380 1464 416 κατόρθωσις
1483 378 1516 416 ἦν
1536 382 1552 417 ἡ
1572 380 1626 408 τῶν
1642 371 1760 407 εἰδώλων
1774 380 1870 406 καθαί-

242 428 295 455 hoc
307 434 364 460 est,
385 428 514 455 Ecclesia:
529 428 601 455 idola
629 435 712 454 manu
735 426 807 453 facta
823 426 973 461 ignominia
990 426 1028 453 af-

1084 434 1174 461 ρεσις·
1189 425 1258 452 ἀλλὰ
1268 426 1318 461 τῆς
1329 425 1448 461 νεώττης
1467 426 1579 462 Ῥαχὴλ,
1592 425 1723 457 τουτέστι,
1739 425 1790 460 τῆς
1810 425 1870 451 Ἐκ-

243 473 376 507 ﬁcicntis,
393 483 424 502 ac
440 479 545 502 tantum
560 482 614 501 non
631 473 771 508 implentis
785 473 813 500 in
836 473 870 500 iis
890 473 963 508 quod
982 481 1029 508 per

1112 472 1199 508 ιησίας
1214 472 1310 508 ἀτιμίᾳ
1324 473 1524 508 περιϐαλούσης
1535 473 1569 499 τὰ
1580 472 1758 508 χειροποίητα
1768 480 1775 486 ·
1789 471 1871 506 μόνον
1891 498 1898 508 ἱ

248 527 340 546 vocem
360 519 500 554 prophetae
521 519 624 545 dictum
652 522 695 545 est
716 526 722 544 :
747 527 756 543 ι
775 518 809 545 Et
828 518 937 545 auferes
961 517 1033 545 idola

1084 518 1110 544 δὲ
1126 519 1185 553 οὐχὶ
1199 518 1246 544 καὶ
1261 518 1417 554 πληρούσης
1431 519 1474 544 ἐπ’
1486 519 1577 548 αὐτοῖς
1590 517 1620 543 τὸ
1631 517 1674 543 διὰ
1685 517 1734 552 τῆς
1749 516 1791 542 τοῦ
1804 524 1870 552 προ-

243 565 432 600 deargcntala,
447 569 476 592 et
492 564 624 592 deaurata
645 564 828 595 comminues,
846 568 875 591 ct
889 564 1029 600 disperges

1084 563 1169 598 φήτου
1192 563 1283 598 φωνῆς
1304 563 1466 600 εἰρημένον·
1487 573 1496 589 ι
1522 563 1577 589 Καὶ
1598 563 1705 598 ὲξαρεῖς
1720 562 1754 589 τὰ
1774 562 1870 589 εἴδωλα

243 611 423 644 sicutaquam
447 613 636 638 menstruam.
660 614 688 636 et
712 609 782 636 sicut
794 615 901 637 stercus
921 609 1029 645 abjicies

1085 608 1118 635 τὰ
1141 609 1412 644 περιηργυρωμένα,
1435 609 1482 635 καὶ
1503 608 1765 644 περικεχρυσωμένα
1784 607 1871 635 λετι-ιὰ

242 663 274 683 ea
289 656 322 682 ⁸³.
336 665 344 681 ι
361 656 506 689 Postquam
519 663 585 682 vero
596 663 652 682 non
663 660 728 682 sunt
740 655 843 682 inventi
857 663 872 682 a
884 656 977 683 Laban
994 655 1028 683 dii

1083 655 1224 689 ποιήσεις,
1240 655 1288 681 καὶ
1305 655 1452 690 λικμήσεις
1473 654 1540 681 ὡσεὶ
1554 654 1626 689 ὕδωρ
1640 653 1869 688 ἀποκαθημένης,

242 701 338 736 ipsius,
355 701 388 727 de
403 700 573 727 conﬁcienda
584 708 649 735 pace
661 707 722 727 cum
740 700 824 728 Iacob
837 701 902 736 egit.
916 701 1028 729 Mundus

1084 701 1130 728 καὶ
1148 700 1186 732 ὡς
1200 700 1302 735 κόπρον
1323 700 1404 732 ῶσεις
1417 700 1497 727 αὑτά.
1515 709 1525 726 ι
1552 699 1661 735 Ἐπειδὴ
1677 699 1726 734 οὐχ
1739 698 1870 735 εὕρηνται.

241 745 314 772 enim
340 752 402 771 cum
418 752 472 772 non
492 745 609 779 amplius
622 745 721 772 habeat
740 745 801 772 falsi
816 745 936 772 nominis
955 745 1027 779 deos,

1083 746 1159 782 παρὰ
1171 746 1219 773 τοῦ
1231 746 1325 773 Λάὸαν
1339 747 1363 772 ol
1376 746 1458 773 αὐτοῦ
1472 747 1538 778 θεοὶ,
1552 746 1601 777 τὰς
1617 747 1657 777 εἰς
1673 745 1784 780 εἰρήνην
1799 753 1869 780 συμ-

241 790 346 817 amicus
361 789 414 816 crit
430 798 436 815 τ
455 793 482 816 at
502 789 595 823 potius
613 793 656 816 est
679 789 791 817 Christo
810 790 865 824 jam
886 790 959 824 pacis
970 790 1027 817 vin-

1083 792 1205 824 ϐιϐάσεις
1219 791 1306 819 έποίει
1319 792 1348 818 τὸ
1361 791 1454 818 λοιπὸν
1467 792 1535 828 πρὸς
1547 792 1592 818 τὸν
1601 791 1744 817 Θεσπέσιον
1761 789 1869 818 Ἰακώϐ.

241 835 344 862 culum.
366 835 426 869 Ipse
449 843 514 862 vero
529 843 639 862 rursum
663 839 705 862 est
721 835 791 870 lapis
807 836 1027 870 probatissimos,

1084 838 1141 864 Οὐκ
1152 837 1192 864 ἔτι
1204 837 1259 873 γὰρ
1273 837 1343 872 ἔχων
1354 838 1368 864 6
1385 837 1487 871 κόσμος
1498 837 1561 869 τοὺς
1575 836 1768 871 ψευδωνύμους
1782 835 1870 868 θεοὺς,

241 880 389 915 angularia,
403 880 551 915 pretiosus,
570 880 616 916 qui
631 881 658 908 in
674 885 757 915 caput
768 881 870 916 anguli,
886 885 914 908 et
928 881 956 908 in
971 881 1027 909 fun-

1085 883 1159 917 φίλος
1175 883 1266 910 ἔσται·
1288 883 1388 918 μᾶλλον
1404 883 1433 909 δὲ
1447 883 1558 917 γέγονεν
1571 881 1680 917 Χριστῷ
1693 882 1743 917 ἤδη
1763 882 1871 916 καὶτῆς

241 914 370 954 damento
378 914 444 954 Sion
458 927 564 961 positus
578 914 620 954 est
632 927 666 953 “.
683 937 692 952 ι
708 914 907 960 Statuitenim,
929 928 1027 963 inquit,

1086 914 1195 966 εἰρήνης
1208 930 1222 956 ό
1241 914 1400 965 σύνδεσμος.
1418 914 1503 961 A616;
1518 930 1578 956 ἐστι
1597 914 1678 956 πάλιν
1691 914 1709 955 ό⁷
1723 914 1872 963 ευδοχιμῶ-

240 972 324 999 Iacob
343 972 475 1007 lapidem,
500 983 509 998 ι
533 973 561 1000 in
579 977 672 1008 typum
684 973 797 1000 Christi.
817 973 1026 1001 Accumulantoi

1085 983 1163 1006 τατος
1172 975 1254 1007 λίθος,
1266 976 1280 1002 6
1295 974 1453 1010 πολυτελὴς,
1470 975 1484 1001 6
1498 975 1705 1009 ἀκρογωνιαῖος,
1721 975 1736 1000 ό
1752 973 1871 1006 ἔντιμος,

241 1022 332 1045 autem
350 1018 431 1045 etiam
451 1019 496 1046 alii
522 1019 627 1054 lapides
645 1023 803 1046 sanctorum
822 1020 1007 1054 apostolorum
1022 1040 1027 1054 ,

1085 1022 1098 1048 6
1119 1021 1160 1053 είς
1182 1020 1303 1056 κεφαλὴν
1328 1020 1450 1055 γωνίας,
1471 1021 1519 1047 καὶ
1545 1021 1585 1052 εἰς
1609 1020 1644 1047 τὰ
1661 1019 1774 1054 θεμέλια
1792 1018 1871 1046 Σιών.

240 1063 300 1090 sive
313 1072 408 1091 eorum
423 1065 470 1099 qui
491 1072 540 1099 per
554 1065 634 1092 tidem
647 1065 787 1100 justiticati
801 1069 874 1098 sunt,
888 1070 917 1093 et
928 1066 1026 1094 sancti-

1087 1076 1097 1093 ι
1118 1067 1236 1101 Ἔστησε
1253 1067 1308 1102 γὰρ
1319 1087 1327 1098 ,
1343 1065 1548 1102 φησὶνι,”ῐακὼ6
1570 1065 1683 1100 στήλην,
1702 1074 1711 1089 ι
1731 1065 1772 1096 είς
1787 1064 1873 1091 τύπον

243 1110 314 1138 ticali
326 1110 433 1145 spiritu,
447 1111 652 1146 prastigurantes
665 1112 804 1146 eleganter
820 1119 984 1139 concursum
996 1112 1029 1140 ad

1087 1112 1212 1148 Χριστοῦ.
1238 1111 1461 1147 Συσσωρεύονται
1483 1111 1513 1138 δὲ
1539 1111 1587 1137 καὶ
1612 1111 1702 1146 ἕτεροι
1730 1110 1799 1136 λίθοι
1818 1110 1873 1136 τῶν

242 1155 391 1183 Christum.
403 1157 470 1183 Nam
482 1157 516 1184 de
525 1157 627 1184 sanctis
646 1157 776 1192 apostolis
784 1158 962 1192 propheticus
971 1166 1028 1186 ser-

1085 1158 1170 1192 ἁγίων
1181 1158 1348 1190 ὰποστόλων,
1360 1158 1421 1193 ἦτοι
1431 1157 1486 1184 τῶν
1500 1157 1528 1184 ὲν
1538 1157 1628 1183 πίστει
1644 1156 1871 1190 δεδικαιωμένων,

244 1209 289 1228 mo
300 1202 354 1229 ait:
370 1211 379 1227 ι
394 1202 574 1237 Quialapides
600 1203 687 1230 sancti
708 1203 857 1230 volvuntur
875 1211 959 1238 super
976 1207 1030 1231 ter-

1088 1205 1131 1232 καὶ
1136 1204 1309 1240 ἡγιασμένων
1315 1204 1343 1230 ὲν
1353 1203 1418 1230 πνεύ
1424 1211 1638 1239 ματι,προανατυ
1642 1202 1754 1234 ποῦντες
1759 1201 1874 1234 ἀστείως

243 1256 302 1276 ram
311 1249 344 1276 “.
358 1258 368 1275 ι
387 1249 549 1277 Universum
560 1249 633 1276 enim
645 1250 740 1277 orbem
756 1253 893 1277 terrarum
905 1257 1029 1285 peragra-

1087 1251 1133 1287 τὴν
1148 1252 1193 1278 ἐπὶ
1209 1252 1319 1288 Χριστῷ
1333 1253 1493 1288 συνδρομήν.
1511 1252 1579 1288 Περὶ
1594 1251 1642 1287 μὲν
1656 1250 1709 1286 γὰρ
1723 1249 1777 1277 τῶν
1788 1249 1873 1283 ἁγίων

244 1299 308 1322 runt
321 1295 409 1322 sancti
431 1295 573 1331 discipuli,
592 1296 772 1331 Evangelium
784 1296 915 1331 gentibus
928 1296 1030 1331 praedi-

1089 1298 1240 1325 Ξιποστόλων
1248 1299 1415 1334 προφητικὺς
1427 1298 1478 1334 ἔφη
1492 1298 1572 1332 λόγος
1583 1305 1590 1312 '
1606 1307 1616 1323 ι
1634 1297 1706 1324 Διότι
1717 1296 1787 1323 λίθοι
1801 1295 1875 1330 ἆγιο.

242 1345 348 1369 cantes.
367 1341 480 1376 Sapiens
496 1349 563 1369 vero
585 1342 686 1369 Paulus
698 1341 732 1369 ad
753 1349 811 1374 eos,
825 1343 873 1377 qui
890 1350 939 1377 per
951 1342 1028 1370 ﬁdem

1088 1343 1222 1371 κυλίονται
1234 1344 1281 1371 ἐπὶ
1290 1345 1339 1380 τῆς
1346 1344 1409 1379 γῆς.
1426 1353 1436 1370 ι
1445 1344 1594 1380 Διέδραμον
1607 1343 1662 1378 γὰρ
1673 1343 1722 1378 τὴν
1729 1341 1874 1377 σύμπασαν

242 1387 382 1422 iustiﬁcati
395 1391 469 1420 sunt,
483 1388 579 1415 scribit
589 1387 704 1415 dicens:
723 1397 732 1414 ‹
760 1388 789 1414 ln
817 1395 872 1423 quo
881 1391 909 1415 et
921 1395 970 1416 vos
985 1396 1028 1416 co-

1089 1389 1138 1425 γῆν
1153 1390 1177 1417 οἱ
1192 1389 1330 1417 θεσπέσιοι
1346 1390 1477 1426 μαθηταὶ,
1490 1390 1520 1416 τὸ
1528 1388 1706 1423 εὐαγγελικδν
1718 1388 1774 1418 τοῖς
1787 1386 1875 1413 ἔθνεσι

242 1431 416 1458 mdiﬁcamini
427 1431 455 1459 in
465 1431 651 1459 habitaculum
661 1432 708 1459 Dei
721 1431 749 1458 in
759 1431 864 1467 Spiritu
875 1437 970 1460 sancto
980 1433 1028 1460 “.n

1089 1435 1287 1471 διακομίζοντες
1297 1436 1438 1472 κήρυγμα.
1450 1436 1522 1472 Πρὸς
1536 1435 1564 1462 δὲ
1579 1435 1642 1466 τοὺς
1657 1435 1687 1461 ὲν
1698 1434 1788 1460 πίστει
1803 1432 1875 1458 δεδι-

243 1476 344 1504 Vocata
357 1478 447 1512 itaque
459 1483 501 1505 est
512 1478 633 1512 lapidum
645 1479 816 1506 coacervatio
827 1478 951 1506 Tumulus
963 1481 1029 1507 testi-

1090 1483 1256 1517 καιωμένους
1281 1484 1295 1510 6
1311 1483 1391 1517 σοφὸς
1402 1482 1555 1509 ἐπιστέλλει
1569 1480 1675 1512 Παῦλος
1688 1488 1694 1494 ·
1711 1489 1720 1506 ι
1732 1480 1776 1506 Ἐν
1793 1475 1816 1513 ᾧ
1830 1479 1876 1505 καὶ

243 1524 325 1550 monii
337 1531 351 1550 a
367 1523 459 1551 Laban
474 1532 481 1550 :
493 1524 604 1551 divinus
618 1531 683 1551 vero
695 1524 779 1552 Jacoh
787 1524 822 1552 ad
836 1525 924 1560 majus
933 1526 1029 1553 multo-

1089 1528 1165 1563 ὑμεῖς
1189 1527 1422 1563 συνοικοδομεῖσθε
1439 1528 1479 1558 εἰς
1500 1527 1660 1557 κατοίκησιν
1680 1524 1728 1552 τοῦ
1751 1523 1819 1551 Θεοῦ
1846 1524 1875 1549 ὲν

242 1577 297 1604 que
308 1569 464 1602 sublimius,
479 1570 532 1597 hoc
542 1574 594 1602 est,
609 1570 643 1597 ad
655 1570 794 1598 Christum
805 1578 916 1598 sensum
930 1572 1028 1604 refert,

1090 1573 1228 1608 Πνεύματι
1249 1572 1329 1608 ἁγίῳ.
1359 1582 1369 1599 ι
1397 1572 1534 1608 Κέκληται
1562 1572 1651 1598 τοίνυν
1673 1572 1690 1606 ἡ
1716 1570 1770 1597 τῶν
1794 1569 1876 1596 λίθων

245 1615 387 1642 Tumulum
403 1616 475 1642 testis
501 1616 651 1650 appellans.
667 1616 755 1650 Caput
773 1617 847 1643 enim
861 1617 1031 1644 credentium

1089 1617 1220 1652 Ξθροισις,
1242 1617 1355 1650 Βουνὸς
1366 1617 1532 1652 μαρτυρίας
1558 1615 1635 1651 παρά
1659 1623 1692 1650 γε
1715 1614 1754 1650 τῷ
1772 1614 1875 1646 Λάὀαν,

245 1661 303 1695 ipse
318 1665 360 1688 est
377 1661 514 1688 Christus.
528 1660 607 1694 Quod
624 1668 691 1687 vero
706 1661 821 1688 salvanti
834 1669 899 1689 suos
911 1661 1031 1688 omnium

1091 1665 1100 1690 5
1115 1663 1144 1689 δὲ
1159 1663 1300 1695 θεσπέσιος
1322 1663 1418 1690 Ἰακὼϐ
1432 1663 1479 1688 ἐπὶ
1489 1662 1518 1689 τὺ
1529 1662 1568 1688 ἔτι
1585 1661 1677 1697 μεῖζόν
1689 1670 1719 1688 τε
1732 1661 1780 1688 καὶ
1792 1661 1877 1695 ὑπερ-

246 1705 382 1732 Salvatori
398 1705 520 1737 Christo,
542 1705 620 1740 157
640 1709 668 1732 et
687 1713 722 1732 ex
741 1705 879 1732 mundana
901 1705 1032 1740 pravitate

1092 1708 1181 1744 τεροῦν
1194 1709 1380 1745 ἀσυγκρίτως,
1392 1709 1516 1735 τουτέστι
1529 1709 1655 1743 Χριστὸν,
1672 1707 1833 1742 ἀνακομίζει
1848 1705 1878 1733 τὸ

244 1752 386 1784 educanti,
400 1752 558 1787 angelorum
570 1751 718 1778 multitudo
730 1751 766 1778 sit
778 1751 904 1779 adfutura
912 1752 1030 1779 serviens

1089 1755 1187 1790 νόημα,
1206 1755 1322 1788 Βουνὸς
1342 1755 1458 1789 μάρτυς
1478 1754 1615 1789 ὀνομάσας
1633 1753 1664 1780 τὸ
1682 1753 1875 1788 γεγενημένον.

246 1798 256 1834 (
273 1797 448 1825 manifestum
469 1805 534 1824 vero
560 1797 634 1832 quod
651 1802 679 1825 et
699 1797 872 1832 designatum
888 1797 939 1832 ipsi
954 1797 1032 1824 mini-

1091 1801 1200 1837 Κεφαλὴ
1213 1801 1268 1837 γὰρ
1281 1802 1334 1828 τῶν
1351 1801 1534 1828 πιστευόντων
1546 1801 1628 1831 αὐτὸς
1643 1801 1657 1827 6
1672 1799 1800 1835 Χριστός.
1815 1800 1877 1825 Ὅτι

245 1844 362 1871 stcrinm
371 1843 544 1881 exsequens),
557 1843 636 1870 facile
648 1843 710 1878 quis
718 1843 801 1870 etiam
811 1851 845 1870 ex
859 1843 894 1870 iis
906 1851 967 1878 qua
987 1843 1031 1870 ad.

1090 1847 1116 1873 δὲ
1133 1846 1245 1879 σώζοντι
1260 1847 1322 1878 τοὺς
1337 1847 1418 1879 ἰδίους
1434 1847 1473 1882 τῷ
1494 1846 1605 1873 πάντων
1621 1846 1727 1880 Σωτῆρι
1749 1845 1859 1880 Χριστῷ
1869 1864 1876 1876 ,

244 1890 387 1925 jiciuntur,
408 1897 504 1917 rursus
528 1890 672 1924 intelligat.
695 1889 858 1917 Discedente
882 1890 956 1916 enim
981 1890 1030 1925 jan

1091 1893 1135 1919 καὶ
1148 1893 1197 1928 τῆς
1209 1894 1237 1919 ὲν
1249 1892 1343 1928 κόσμῳ
1357 1893 1455 1924 κακίας
1473 1892 1607 1926 ὲξάγοντι,
1623 1891 1670 1918 καὶ
1687 1891 1704 1924 ἡ
1721 1891 1775 1916 τῶν
1793 1889 1877 1923 ἀγγέε

247 1935 351 1967 Laban,
368 1939 397 1963 et
419 1935 531 1970 paciﬁce
542 1935 655 1963 domum
673 1935 804 1962 redeunte
815 1955 822 1967 ,
835 1944 844 1960 ι
867 1934 1033 1969 Suspiciens,

1091 1939 1142 1966 λων
1170 1939 1304 1975 παρέσται
1330 1940 1434 1975 πληθὺς
1458 1938 1662 1974 λειτουργοῦσα,
1685 1937 1764 1973 δῆλον
1784 1936 1813 1962 δὲ
1837 1936 1877 1962 ὄτι

248 1982 347 2016 inquit,
361 1981 444 2009 Jacob
455 1982 523 2009 vidit
533 1985 620 2009 castra
630 1981 677 2008 Dei
689 1984 892 2013 castrametata,
903 1984 931 2008 et
942 1980 1034 2008 obvia-

1091 1984 1137 2010 xati.
1154 1983 1202 2018 τὴν
1223 1984 1396 2019 τεταγμένην
1413 1985 1504 2016 αὐτοῖς
1522 1983 1720 2019 ἀποπληροῦσα
1741 1980 1877 2013 δουλείαν,

247 2032 349 2055 verunt
359 2028 384 2055 ei
402 2028 490 2063 angeli
509 2028 568 2054 Dei.
592 2027 666 2054 Dixit
681 2032 773 2054 autem
787 2026 872 2054 Jacob
890 2026 958 2053 visis
975 2027 1016 2054 eis
1030 2035 1033 2053 :

1093 2029 1224 2064 ἀναμάθοι
1239 2038 1279 2061 τις
1296 2029 1329 2057 ἂν
1341 2030 1459 2062 εὐκόλως
1473 2031 1519 2058 καὶ
1534 2030 1579 2057 διὰ
1590 2029 1673 2056 τῶνδε
1688 2028 1778 2055 πάλιν.
1799 2027 1879 2053 ’Δποσ

247 2075 343 2102 Castra
359 2074 406 2101 Dei
429 2074 495 2106 ista,
515 2078 543 2100 et
559 2073 666 2100 vocavit
689 2080 790 2100 nomen
814 2073 868 2100 loci
890 2071 1033 2102 illius.Ca-

1092 2074 1242 2110 χωροῦντος
1261 2075 1316 2111 γὰρ
1332 2075 1384 2112 ἤδη
1403 2076 1451 2102 τοῦ
1470 2075 1573 2107 Λάϐαν,
1607 2074 1698 2101 οἴκαδέ
1721 2082 1750 2100 τε
1779 2073 1878 2099 ὑπονο-

249 2124 305 2147 slra
322 2120 354 2146 ⁸³.
373 2129 382 2145 ι
400 2119 538 2154 Scriptum
547 2122 588 2146 est
603 2122 694 2146 autem
710 2127 716 2145 :
737 2118 812 2153 quod
835 2127 844 2143 ι
859 2121 1035 2146 castrameta-

1094 2120 1215 2153 στοῦντος
1240 2121 1399 2157 εἰρηνικῶς,
1424 2130 1433 2147 ι
1454 2120 1633 2155 Ἀναϐλέψας,
1660 2119 1754 2155 φησὶν,
1783 2117 1880 2144 Ἰακωὸ

249 2166 324 2193 bitur
346 2166 460 2200 angelus
476 2165 582 2192 Domini
605 2164 634 2191 in
658 2164 774 2190 circuitu
797 2163 953 2191 timentium
965 2171 1035 2195 eum,

1093 2163 1144 2192 εἶδε
1164 2166 1338 2202 παρεμὸολὴν
1354 2165 1626 2202 παρεμϐεϐληκυῖαν,
1643 2164 1692 2191 καὶ
1709 2163 1879 2198 συνήντησαν

249 2216 277 2239 et
290 2215 413 2246 proteget
434 2211 522 2238 eos“.
537 2220 546 2236 ι
561 2211 719 2237 Etrursus:
735 2219 744 2235 ι
760 2210 871 2245 Angelis
887 2210 945 2238 suis
965 2218 1035 2237 man-

1095 2212 1166 2247 αὑτῷ
1182 2212 1207 2238 οἱ
1221 2212 1332 2246 ἄγγελοι
1352 2211 1399 2238 τοῦ
1422 2211 1502 2239 Θεοῦ.
1526 2209 1594 2238 Εἷπε
1616 2210 1645 2237 δὲ
1666 2208 1778 2242 Ἰακὼὸ,
1800 2207 1881 2243 ἡνίκα

250 2259 326 2286 (lavit
337 2258 371 2285 de
387 2263 424 2290 te,
438 2261 467 2285 ut
478 2256 634 2284 custodiant
649 2256 710 2284 tein
721 2256 850 2284 omnibus
861 2256 913 2283 viis
925 2256 1035 2283 tuis“.i

1095 2257 1146 2285 εἶδε
1161 2258 1271 2290 αὐτούς·
1289 2258 1453 2294 Παρεμϐολὴ
1468 2257 1536 2285 Θεοῦ
1558 2257 1639 2292 αῦτη,
1656 2256 1703 2282 καὶ
1725 2254 1839 2282 ἐκάλεσε
1851 2252 1881 2279 τὴ

252 2305 344 2332 Salvat
355 2309 446 2331 autem
459 2311 554 2330 omnes
564 2306 688 2330 amantes
702 2303 791 2337 ipsum
802 2302 935 2329 Dominus
946 2306 1038 2329 noster

1096 2303 1183 2337 θνομα
1202 2302 1251 2329 τοῦ
1269 2303 1363 2336 τόπου,
1380 2302 1566 2338 Παρεμὸολαί.
1584 2311 1593 2327 ι
1615 2301 1770 2336 Γέγραπται
1795 2299 1824 2325 δὲ
1841 2298 1882 2325 ὅτι

250 2351 330 2379 .lesus
346 2350 482 2381 Christus,
510 2357 557 2383 per
571 2356 652 2384 quem
678 2353 707 2376 et
723 2356 785 2376 cum
798 2356 853 2383 quo
869 2349 926 2376 Deo
937 2355 970 2376 ac
988 2348 1036 2375 Pa-

1098 2359 1107 2375 ι
1125 2349 1299 2384 Παρεμὸαλεῖ
1312 2349 1426 2383 ἄγγελος
1439 2348 1542 2383 Κυρίου
1559 2347 1652 2382 κύκλῳ
1669 2346 1722 2373 τῶν
1745 2343 1881 2379 φοὸοι)μέ‹

253 2397 286 2424 tri
302 2396 388 2432 gloria
401 2402 462 2423 cum
475 2398 569 2422 sancto
586 2394 691 2430 Spiritu
706 2394 734 2422 in
747 2395 847 2422 saecula
860 2394 1037 2422 saeculorum.

1097 2403 1147 2421 νων
1159 2395 1250 2426 αὑτὸν,
1259 2395 1306 2421 καὶ
1316 2394 1426 2430 ῥύσεται
1439 2394 1564 2425 αὐτούς.»
1578 2393 1632 2420 Καὶ
1644 2392 1734 2421 πάλιν,
1745 2391 1786 2417 ὅτι
1799 2399 1807 2415 ι
1821 2390 1883 2419 Τοῖς

252 2445 350 2472 Amen.
1094 2441 1220 2475 ἀγγέλοις
1239 2441 1322 2468 αὐτοῦ
1339 2441 1487 2468 ἐντελεῖται
1506 2440 1571 2476 περὶ
1588 2438 1634 2466 σοῦ
1654 2437 1702 2464 τοῦ
1719 2435 1884 2470 διαφυλάξαι

253 2498 282 2516 σε
301 2491 330 2515 ὲν
354 2490 455 2518 πάσαις
477 2488 537 2517 ταῖς
557 2487 627 2519 ὁδοῖς
650 2495 706 2514 σου.
732 2495 758 2528 ι.
778 2485 863 2518 Σώζει
881 2485 914 2521 δὴ
934 2485 1058 2518 ἅπαντας
1076 2487 1139 2518 τοὺς
1157 2487 1322 2521 ἀγαπῶντας
1341 2487 1422 2514 αὑτὸν
1436 2488 1450 2513 6
1465 2486 1568 2521 Κύριος
1583 2483 1661 2519 ἡμῶν
1678 2480 1798 2528 ,ἸησοῦςΔ
1817 2479 1884 2513 Χρι’

254 2540 314 2571 στὸς
325 2549 331 2554 ·
347 2540 381 2566 δι’
400 2536 431 2566 οὗ
455 2539 502 2566 καὶ
524 2536 583 2574 μεθ’
604 2533 634 2564 οὗ
649 2536 688 2572 τῷ
702 2526 761 2572 Θεῷ
779 2535 826 2562 καὶ
840 2535 928 2570 Πατρὶ
940 2536 957 2570 ή
976 2534 1038 2567 δόξα
1057 2535 1115 2570 ἅμα
1128 2535 1167 2570 τῷ
1179 2536 1248 2571 ἁγίῳ
1261 2536 1400 2570 Πνεύματι
1418 2535 1458 2566 εἰς
1474 2535 1538 2565 τοὺς
1556 2533 1657 2563 αἰῶνας
1668 2530 1722 2557 τῶν
1752 2526 1861 2554 αἰώνων
1875 2544 1884 2552 .

259 2589 285 2615 Ἀ
294 2588 356 2615 μήν.

293 2598 356 2625 μην.

499 2634 619 2670 Amplius
643 2634 674 2660 de
700 2633 791 2660 Iacob.

1318 2627 1368 2654 ’Έτ
1374 2636 1383 2654 ι
1399 2626 1464 2661 περὶ
1474 2625 1528 2652 τοῦ
1549 2623 1659 2652 Ἰακώϐ.

290 2693 313 2719 t.
327 2692 387 2720 Non
402 2696 494 2719 carent
505 2690 684 2718 admiratione
705 2697 794 2716 mores
805 2693 960 2715 sanctorum
970 2685 1042 2721 apud

1132 2687 1167 2711 α’.
1183 2683 1240 2710 Οὐκ
1253 2683 1428 2718 ἀθαύμαστος
1447 2682 1494 2717 μὲν
1506 2681 1560 2708 τῶν
1574 2680 1660 2714 ἁγίων
1672 2680 1686 2706 6
1697 2677 1798 2714 τρόπος
1810 2677 1885 2713 παρά

255 2748 302 2768 eos
314 2739 358 2774 qui
374 2743 446 2766 recte
464 2738 544 2764 vitam
556 2737 700 2764 instituere
713 2735 808 2762 volunt
824 2743 829 2760 :
846 2734 905 2761 laus
919 2741 984 2760 vero
1001 2733 1041 2767 ip-

1099 2737 1130 2763 γε
1149 2730 1206 2759 τοῖς
1221 2728 1319 2763 ἄριστα
1338 2727 1412 2761 βιοῦν
1430 2725 1578 2762 ᾑρημένοις
1591 2735 1597 2741 -
1619 2725 1649 2750 τὸ
1663 2723 1691 2750 δὲ
1707 2724 1755 2758 τῆς
1773 2722 1885 2749 ἐκείνων

257 2793 349 2812 sarum
361 2785 422 2811 \‘itze
435 2790 543 2810 omnem
552 2782 703 2809 orationem
715 2783 834 2814 supcrat.
845 2778 939 2805 Fuerit
952 2781 1043 2804 autem

1099 2774 1238 2804 πολιτείας
1248 2773 1358 2804 εὐκλεὲς
1374 2772 1448 2806 παρὰ
1465 2772 1513 2806 μὲν
1527 2770 1627 2802 παντὸς
1637 2770 1777 2805 οἰχήσεται
1791 2768 1883 2802 λόγου.

291 2873 314 2887 ’⁵⁸³
337 2873 386 2900 lsa.
405 2881 465 2903 xxx,
486 2872 529 2898 “2‘2.
567 2871 589 2885 εδ
602 2870 701 2904 Εριιρς.
721 2867 980 2904 ιι,Ξ’.0;1ςξι,τςγιιι,
1001 2866 1040 2893 16.

1122 2864 1234 2891 Zachar.
1258 2872 1293 2896 ιι,
1316 2863 1356 2891 lii.
1396 2863 1417 2878 "
1436 2862 1535 2897 Ephcs.
1551 2870 1604 2894 xxi,
1619 2861 1646 2889 2.
1686 2859 1787 2887 r"Gen.
1801 2867 1885 2893 χχχιι,

261 2909 284 2942 l,
305 2908 331 2936 ‘2.
371 2908 394 2924 *ι
411 2908 479 2935 l'sal.
498 2914 590 2938 nam,
605 2903 630 2932 8Q
669 2905 690 2919 ⁵³
703 2904 773 2932 l‘sai.
790 2911 830 2936 λι,
849 2903 889 2928 ll.
