1990 3050
110 167 164 195 ὶῦὅ

622 165 881 195 GLAPHYRORUM
900 168 934 196 IN
952 168 1102 197 GENESIM
1121 171 1187 199 LIB.
1207 172 1238 199 ν.

1683 179 1738 208 σει

112 223 221 250 Γένοιτο
246 222 269 249 δ’
293 222 327 249 ἂν
347 222 403 254 τοῖς
427 221 550 248 ἐθέλουσι
578 222 700 250 εὐσεϐεῖν
725 224 899 257 ὑὶτατύπωσις

954 227 995 260 iis,
1016 229 1063 263 qui
1075 229 1120 264 pie
1134 230 1225 257 vivere
1238 230 1334 258 volunt
1346 231 1490 266 pulchrum
1502 234 1651 269 exemplar,
1669 243 1738 270 quo-

111 269 203 304 ἀγαθὴ
213 289 220 300 ,
234 269 265 295 τὸ
279 268 340 295 τινα
362 267 416 303 χρὴ
431 268 531 303 τρόπον
546 269 606 295 κατ’
624 269 688 296 εὐθὺ
708 270 839 305 φέρεσθαι
854 271 901 298 τοῦ

111 315 217 347 εἰκότος
231 316 277 342 καὶ
291 315 450 346 ἀνδάνοντος
469 314 528 349 Θεῷ
538 335 545 347 ,
563 315 743 351 διατρανοῧσα
761 317 900 349 ποικίλως.

111 361 219 397 Χρῆναι
235 361 288 397 γὰρ
307 360 395 395 ἔγωγέ
416 369 506 396 φημι,
528 361 628 396 μᾶλλον
647 362 675 388 δὲ
692 362 738 389 καὶ
757 363 837 394 αὐτὸς
852 363 901 398 τῆς

111 407 292 434 θεοπνεύστου
326 406 437 442 Γραφῆς
462 407 476 433 6
503 406 600 441 λόγος,
629 407 683 434 τῶν
716 409 902 444 ἀρχαιοτέρων

112 453 197 488 ἁγίων
214 452 435 489 ἀναθεωροῦντας
452 452 540 488 ὀρθῶς
557 453 607 488 τὴν
628 453 743 481 ἑκϐασιν
768 455 816 489 τῆς
835 455 902 481 ἀνα-

113 497 232 532 στροφῆς
249 497 391 532 μιμεῖσθαι
416 497 466 532 τὴν
483 497 591 524 πίστιν’
618 498 697 533 μόνον
720 499 748 524 δὲ
769 498 829 534 οὐχὶ
855 499 901 526 καὶ

112 544 172 569 κατ’
198 544 271 578 ίχνος
298 542 368 569 ίέναι
390 543 441 578 τῆς
467 542 580 578 ἐνούσης
604 544 695 576 αὐτοῖς
712 544 823 579 ἀρετῆς.
846 544 902 571 Καὶ

111 589 166 624 γάρ
189 590 248 615 ἐστι
270 588 324 619 τῶν
348 588 467 621 ἀτόπων,
493 589 556 620 τοὺς
586 589 636 624 μὲν
655 590 712 616 ὅσοι
731 590 834 625 τεχνῶν
855 599 902 625 γε-

111 635 221 670 γόνασιν
245 635 428 670 ἐπιστήμονες
456 634 509 661 τῶν
543 634 690 670 βασιλικῶν
705 657 713 669 ,
742 635 902 672 καθηγητὰς

111 682 151 713 είς
171 681 252 708 τοῦτο
273 681 410 708 ποιεῖσθαι
433 681 497 713 τοὺς
523 681 577 717 πρὸ
604 681 705 713 αὐτῶν,
731 682 778 709 καὶ
803 681 901 717 ζηλοῦν

111 726 269 761 ἐπείγεσθαι
278 727 341 758 τοὺς
354 726 396 753 ὄτι
404 726 436 762 δὴ
449 727 566 762 μάλιστα
577 727 607 754 τὸ
618 727 738 759 ἐπιεικὲς
750 728 779 754 ἐν
789 728 902 759 ταύταις

111 772 320 807 ὴκριὸωκὸτας¹
339 772 414 807 ἡμᾶς
435 772 464 798 δὲ
485 772 601 804 αὐτοὺς,
621 770 662 805 οἷς
678 773 708 799 τδ
720 773 868 809 κατορθοῦν
887 773 901 799 ὁ

112 817 213 849 σκοπὸς
229 818 278 853 τὴν
291 817 403 853 ἀρετὴν,
418 817 456 853 μὴ
473 817 533 853 οὐχὶ
545 817 595 853 τῆς
607 818 727 850 διανοίας
741 819 786 845 τὸν
801 818 902 853 ὀφθαλ-

112 863 161 898 μὸν
183 863 366 899 ὲνερείδοντας
389 865 448 896 ταῖς
460 864 515 890 τῶν
536 863 721 900 ἀρχαιοτέρων
736 866 900 898 ἐπιεικείαις

110 910 314 945 ἀναμάττεσθαι
339 909 441 944 τρόπον
467 909 529 941 τινὰ
553 911 618 946 παρ’
644 911 734 937 αὐτῶν
755 911 788 938 τὰ
809 911 842 938 δι’
864 908 901 939 ὧν

109 955 143 982 ἂν
152 956 238 982 έσοιτό
246 965 287 987 τις
300 956 376 992 παρὰ
390 955 449 991 Θεῷ
462 955 714 991 δοκιμώτατος,καὶ
724 957 775 991 τῆς
786 957 903 992 εὐαγοῦς

109 1001 248 1033 πολιτείας
262 1002 434 1037 ἐπιστήμονα
453 1001 500 1028 τὸν
511 1002 610 1028 οἰκεῖον
626 1002 706 1034 αὐτὸς
719 1003 903 1038 ἀπεργάσαιτο

109 1047 181 1075 νοῦν.
201 1047 358 1082 Προκείσοω
371 1047 403 1083 δὴ
415 1045 461 1074 οὖν
483 1048 589 1079 οὐδενὸς
604 1045 684 1083 ἦττον
697 1049 763 1084 ἡμῖν
774 1049 789 1075 ὁ
804 1049 902 1076 θεσπέ-

110 1101 168 1126 σιος
185 1092 295 1124 Ἰακὼ6,
307 1093 508 1129 ἀνεπίπληκτον
521 1093 570 1128 μὲν
580 1093 616 1126 ὼς
627 1094 685 1129 ἐνῇ,
703 1094 750 1120 καὶ
759 1094 799 1129 τῷ
813 1095 903 1130 καιρῷ

109 1139 269 1174 πρέπουσαν
287 1139 326 1174 τῷ
351 1139 478 1174 τηνικάδε
500 1139 572 1174 φημὶ
594 1139 653 1166 ὁδὸν
671 1140 834 1176 διαστείχων
850 1141 900 1176 τὴν

109 1185 147 1217 ὡς
157 1185 186 1212 ἐν
198 1194 230 1219 γε
242 1185 364 1220 πολιτείᾳ.
378 1185 463 1220 ζωῆς,
481 1185 654 1221 συλλήπτορα
669 1186 697 1212 δὲ
708 1186 755 1213 καὶ
767 1195 902 1222 προεστη-

109 1231 178 1258 κότα
200 1231 245 1258 τὸν
262 1231 316 1257 τῶν
334 1231 403 1257 ὅλων
421 1230 490 1266 ἔχων
507 1230 589 1263 Θεὸν,
609 1230 702 1264 πόνοις
724 1231 772 1267 μὲν
785 1231 845 1258 ἐσθ’
857 1232 902 1258 ὅτε

109 1278 267 1313 περιτυχεῖν
285 1276 396 1311 ἐφιέντα
417 1276 570 1312 χρησίμως·
603 1277 634 1303 οὐ
652 1276 707 1312 γὰρ
724 1277 757 1304 ἂν
776 1277 904 1313 ἀνιδρωτὶ

111 1322 314 1357 γρατακτήσαιτό
333 1331 375 1354 τις
388 1322 422 1349 τὰ
434 1323 475 1354 εἰς
491 1322 592 1358 ἀρετὴν
608 1323 757 1358 αὐχήματα
772 1331 778 1338 ·
794 1323 863 1358 μετά
874 1323 903 1350 δέ

110 1377 141 1403 γε
158 1368 193 1395 τὰ
209 1369 394 1404 γυμνάσματα
410 1368 593 1403 στεφανοῦντα
607 1370 667 1400 ταῖς
682 1368 840 1404 εὐθυμίαις,
857 1369 904 1396 καὶ

111 1411 155 1441 οἷά
170 1423 231 1441 τινα
244 1414 297 1440 τῶν
311 1415 382 1448 ἄγαν
396 1414 615 1440 εὐσθενεστάτων
631 1414 790 1448 ἀγωνιστῶν
804 1416 837 1450 τῇ
849 1414 904 1441 τῶν

111 1460 199 1488 ἄθλων
215 1461 386 1496 ἀμφιλαφεία
398 1459 658 1491 καταπλουτίζοντα.
680 1460 726 1496 Μὴ
747 1460 803 1496 γὰρ
823 1460 905 1496 εἴπῃς

111 1506 183 1533 κατὰ
198 1507 295 1533 σαυτόν
307 1515 313 1522 ·
337 1506 407 1533 ’Δνο’
424 1507 485 1533 ὅτου
503 1506 540 1541 μὴ
563 1506 662 1533 ἄπονον
686 1506 813 1542 ἐδωρεῖτο
837 1506 904 1538 Θεὸς

111 1555 168 1584 τοῖς
190 1553 279 1587 ἁγίοις
299 1553 330 1580 τδ
350 1552 562 1587 κατευφραίνειν
581 1552 669 1585 εῐδός;
685 1549 770 1578 Τοῦτο
791 1552 846 1587 γὰρ
869 1549 903 1588 ἦν

111 1598 304 1633 ἀγυμνάστους
328 1598 395 1633 say,
413 1600 460 1624 καὶ
483 1597 584 1631 ἥκιστα
615 1596 664 1631 μὲν
692 1595 787 1630 μισθὸν
804 1595 904 1631 ἀρετῆς

111 1644 259 1679 ἀπονέμειν
275 1644 368 1675 αὐτοῖς
384 1644 414 1670 τὸ
427 1640 457 1669 εὗ
479 1642 546 1669 εἶναι
561 1641 642 1677 τυχόν
654 1648 661 1656 ·
679 1640 859 1667 ἀΰασανίστου
877 1640 905 1666 δὲ

113 1689 213 1725 μᾶλλον
236 1688 399 1723 θελημάτων
422 1686 509 1723 ῥοπῆς
530 1685 666 1712 ποιεῖσθαι
689 1684 795 1723 καρπὸν
814 1684 844 1709 τὺ
861 1683 903 1709 ἐπ’

111 1737 203 1767 αὐτοῖς
218 1735 349 1770 εὐμενὲς,
365 1735 413 1761 καὶ
426 1735 475 1769 τὴν
487 1732 618 1768 λαμπράν
634 1740 665 1757 τε
679 1730 728 1757 καὶ
743 1730 904 1764 ἀξιόληπτον

110 1784 164 1809 τῶν
184 1781 365 1817 χαρισμάτων
384 1779 550 1816 φιλοτιμίαν.
576 1776 651 1805 Ἔδει
665 1778 693 1804 δὲ
713 1777 813 1812 μᾶλλον
831 1776 905 1802 εὐδο-

111 1828 258 1863 κιμοῦντας
268 1827 396 1862 ὁρᾶσθαι,
410 1826 455 1853 καὶ
475 1826 567 1862 ἔργοις
581 1825 674 1857 αὐτοῖς
685 1824 777 1857 ἀξίους
786 1830 904 1858 προαναρ

110 1874 253 1908 φαίνεσθαι
268 1873 323 1899 τῶν
337 1873 412 1908 παρὰ
424 1871 492 1900 Θεοῦ
508 1880 514 1887 ’
528 1871 690 1907 προκεῖσθαι
703 1870 730 1897 δὲ
748 1869 842 1904 ὥσπερ
858 1869 904 1895 καὶ

109 1922 166 1952 τοῖς
184 1920 244 1955 μετ’
261 1919 360 1950 αὐτοὺς
378 1919 418 1950 εῑς
431 1918 608 1954 παράδειγμά
622 1926 652 1943 τε
667 1917 714 1943 καὶ
728 1915 904 1943 ὑποτύπωσιν

111 1966 216 2001 ἐναργῆ
236 1965 282 1992 τοῦ
305 1965 361 1992 δεῖν
385 1965 495 1992 ἑλέσθαι
523 1963 753 1999 φιλεργεστάτους
773 1961 903 1989 εἶναικαὶ

110 2012 264 2044 νεανικοὺς,
281 2010 438 2042 ἐννοοῦντας
453 2011 493 2037 ὅτι
506 2011 562 2041 τοῖς
579 2010 628 2044 μὲν
643 2008 835 2043 ἀταλαίπωρον
856 2007 903 2033 καὶ

109 2056 338 2092 κατεγνωσμένον
365 2055 497 2083 διαδιοῦσι
525 2054 609 2090 ζωὴν,
633 2054 720 2085 οὐδεὶς
743 2053 776 2080 ἀν
800 2053 904 2087 γένοιτο

113 2104 222 2138 μισθὸς,
233 2103 327 2137 ἕψεται
346 2101 376 2128 δὲ
397 2102 506 2131 πάντως
525 2100 561 2127 τὰ.
575 2100 684 2127 πάντων
696 2099 833 2134 ἐξαίρετα,
847 2099 904 2130 τοῖς

113 2148 155 2174 ὅτι
183 2147 303 2182 μάλιστα
326 2147 554 2182 φιλοπονωτάτοις
569 2165 576 2177 ,
601 2146 649 2172 καί
671 2144 771 2180 ἱδρῶτα
793 2143 839 2170 τὸν
859 2143 903 2170 ἐπ’

110 2195 224 2228 ἀγαθοῖς
249 2194 304 2220 τῶν
329 2193 445 2229 ἡδίστων
470 2192 525 2218 τῶν
551 2192 579 2218 ὲν
603 2191 652 2226 βίῳ
680 2189 901 2225 προτετιμηκόσι.

952 282 1014 302 nam
1029 276 1112 315 modo
1132 280 1257 312 oporteat
1271 277 1306 304 ad
1318 277 1345 305 id
1358 277 1431 312 quod
1450 278 1553 305 bonum
1569 285 1612 307 est
1627 281 1738 316 Deoque

952 322 1062 356 placens
1074 327 1147 350 recta
1158 323 1335 356 contendere,
1346 324 1420 355 varie
1431 325 1589 359 explanans.
1598 325 1654 361 Ego
1665 327 1738 355 enim

952 373 1078 402 oportere
1096 370 1223 397 existimo
1244 370 1282 405 (at
1293 371 1385 406 potius
1407 371 1465 406 ipse
1484 379 1569 399 sacra:
1589 372 1739 408 Scriptura:

951 413 1052 449 sermo)
1065 419 1189 442 veterum
1201 420 1356 443 sanctorum
1377 417 1593 444 conversationis
1610 423 1739 445 eventum

952 464 1027 487 recte
1044 462 1270 496 contemplantes,
1286 462 1366 490 ﬁdem
1382 463 1492 494 imitari,
1507 471 1539 490 ac
1558 467 1664 490 tantum
1684 472 1740 491 non

951 505 1062 534 virtutis
1076 515 1129 541 qua
1141 507 1247 541 praediti
1260 508 1382 540 fuerunt,
1399 508 1522 543 vestigiis
1539 513 1666 544 prompte
1685 509 1741 537 ala-

951 551 1088 587 criterque
1098 553 1233 580 insistere.
1247 553 1402 581 Absurdum
1415 554 1486 581 enim
1504 562 1565 581 cum
1579 555 1675 590 primis
1686 560 1738 588 est,

951 603 999 623 eos
1010 596 1057 630 qui
1073 597 1172 624 artium
1187 598 1322 633 regiarum
1333 599 1413 633 periti
1433 603 1507 631 sunt,
1524 600 1669 635 magistros
1685 600 1738 628 sibi

951 649 1116 676 proponere,
1125 643 1171 677 qui
1182 647 1244 671 ante
1259 644 1333 678 ipsos
1345 644 1466 677 fuerunt,
1477 645 1634 680 imitarique
1646 646 1739 674 conari

951 693 1009 718 eos,
1026 687 1074 721 qui
1090 687 1117 714 in
1132 695 1165 715 eo
1176 689 1472 722 genereexcelluerint,
1492 697 1543 717 nos
1556 698 1623 717 vero
1638 691 1740 725 quibus

951 732 1082 759 virtutem
1092 740 1221 761 exercere
1232 734 1403 768 propositum
1415 738 1467 766 est,
1482 742 1537 762 non
1557 735 1658 762 mentis
1671 743 1740 763 ocu—

951 777 986 804 lis
996 777 1161 811 adnitentes,
1174 782 1298 805 veterum
1312 783 1422 814 patrum
1433 779 1477 815 pie
1490 780 1560 808 facta
1586 781 1739 814 ruminare,

951 826 980 849 et
991 830 1024 850 ex
1036 823 1069 850 iis
1081 831 1188 851 sumere
1205 831 1237 851 ea
1249 832 1298 858 per
1305 832 1366 859 quae
1381 825 1443 860 quis
1454 826 1526 861 apud
1537 827 1622 854 Deum
1638 827 1740 861 proba-

953 867 1076 895 tissimus
1092 868 1199 901 evadat,
1220 873 1374 903 sanctasque
1396 870 1460 897 vitae
1480 871 1597 905 peritam
1619 878 1740 899 mentem

954 921 1033 942 suam
1048 913 1157 941 eﬂiciat.
1176 914 1348 948 Proponatur
1373 915 1466 951 itaque
1475 917 1554 944 nobis
1562 917 1742 945 nihilominus

953 958 1064 986 divinus
1086 958 1180 990 Jacob,
1208 959 1288 993 158
1319 959 1591 994 irreprehensibilem
1611 961 1740 996 quidem,

952 1004 1042 1039 quoad
1052 1003 1111 1031 ﬁeri
1126 1007 1226 1039 potest,
1234 1004 1283 1036 illi,
1294 1004 1415 1039 inquam,
1427 1006 1543 1040 tempori
1554 1006 1743 1034 accommoda-

953 1053 1008 1076 tam
1021 1050 1093 1076 viam
1117 1049 1257 1082 incedens,
1277 1049 1305 1076 in
1325 1049 1388 1077 vita:
1411 1058 1468 1077 sua:
1485 1050 1741 1084 administratione;

952 1094 1105 1130 adjutorem
1126 1103 1193 1122 vero
1214 1098 1242 1122 et
1263 1095 1422 1130 praefectum
1442 1096 1635 1124 universorum
1656 1097 1743 1125 Deum

953 1139 1071 1172 habens,
1088 1147 1286 1175 nonnunquam
1297 1141 1407 1175 quidem
1419 1149 1482 1169 eum
1495 1141 1524 1168 in
1539 1142 1648 1170 labores
1666 1142 1743 1170 utili-

953 1189 994 1213 ter
1007 1186 1128 1214 incidere
1144 1186 1279 1214 sinentem
1289 1186 1388 1222 (neque
1398 1187 1470 1215 enim
1483 1187 1626 1223 quisquam
1637 1188 1741 1224 absque

953 1233 1053 1261 sudore
1071 1233 1181 1261 virtutis
1189 1233 1304 1269 gloriam
1320 1234 1535 1270 consequatur),
1554 1239 1617 1270 post
1635 1235 1742 1262 exerci-

953 1277 991 1304 tia
1002 1285 1068 1304 vero
1078 1277 1178 1312 gaudio
1193 1282 1380 1311 coronantem,
1394 1287 1426 1308 ac
1438 1280 1522 1307 veluti
1535 1280 1682 1315 quemdam
1698 1287 1742 1308 ro-

953 1322 1142 1350 bustissimum
1151 1324 1270 1360 pugilem
1281 1324 1458 1359 praemiorum
1468 1326 1586 1353 utilitate
1598 1326 1742 1354 ditantem.

953 1368 1047 1404 Neque
1060 1377 1125 1396 vero
1137 1370 1241 1398 dixeris
1254 1371 1326 1406 apud
1339 1375 1364 1399 te
1377 1380 1383 1398 :
1396 1371 1451 1399 Cur
1465 1379 1521 1399 non
1533 1372 1636 1407 absque
1650 1372 1745 1400 labore

953 1415 1068 1450 largitus
1087 1419 1128 1443 est
1149 1416 1222 1443 Deus
1248 1417 1350 1444 sanctis
1374 1417 1402 1444 id
1427 1417 1499 1452 quod
1528 1418 1648 1445 delectat
1661 1422 1745 1453 atque

954 1460 1105 1488 exhilarat?
1130 1461 1187 1488 Hoc
1197 1461 1271 1488 enim
1293 1465 1354 1488 erat
1375 1461 1569 1489 inexercitatos
1594 1462 1696 1494 sinere,
1716 1467 1746 1490 et

954 1514 1126 1541 nequaquam
1141 1506 1181 1534 eis
1191 1507 1345 1534 mercedem
1357 1507 1478 1541 virtutis,
1491 1508 1622 1535 nimirum
1636 1508 1745 1536 utbene

955 1552 992 1580 sit
1003 1552 1125 1579 tribuere
1146 1561 1153 1578 :
1169 1552 1216 1579 sed
1230 1553 1322 1587 potius
1341 1553 1521 1586 voluntatem,
1539 1554 1618 1589 cujus
1633 1554 1744 1589 pericu-

955 1597 1012 1625 lum
1028 1597 1129 1624 factum
1143 1606 1196 1624 non
1210 1604 1293 1631 esset,
1306 1598 1497 1626 benevolentia
1512 1607 1562 1626 sua
1578 1599 1746 1634 splendidis-

955 1650 1009 1678 que
1027 1647 1056 1670 et
1073 1643 1240 1670 admirandis
1258 1644 1400 1672 beneficiis
1421 1645 1572 1672 cumulare.
1596 1644 1747 1680 Oportebat

954 1696 1020 1716 vero
1031 1689 1121 1723 potius
1139 1697 1187 1716 eos
1212 1689 1290 1723 prius
1304 1690 1436 1724 probatos
1448 1690 1546 1723 videri,
1568 1695 1596 1718 et
1614 1691 1747 1726 operibus

955 1735 1020 1770 ipsis
1033 1735 1130 1770 dignos
1141 1735 1242 1766 divinis
1257 1735 1398 1762 beneﬁciis
1407 1736 1537 1770 judicari,
1552 1744 1583 1763 ac
1596 1737 1680 1764 veluti
1690 1745 1747 1764 ma-

955 1780 1053 1807 nifesto
1071 1779 1196 1814 exemplo
1207 1780 1325 1815 posteris
1337 1781 1466 1816 proponi,
1488 1789 1537 1809 eos
1552 1781 1680 1810 laborare
1703 1782 1746 1809 vi-

954 1827 1096 1861 riliterque
1107 1834 1163 1853 rem
1180 1834 1277 1861 gerere
1295 1826 1407 1859 debere,
1423 1827 1607 1863 intelligentes
1617 1828 1688 1863 quod
1701 1828 1746 1862 iis,

954 1872 1000 1906 qui
1017 1871 1151 1907 ignaviam
1164 1879 1195 1898 ac
1212 1871 1357 1898 vecordem
1371 1872 1456 1900 vitam
1478 1874 1645 1909 transigunt,
1670 1874 1748 1902 nulla

953 1918 1043 1944 danda
1066 1917 1102 1945 sit
1121 1925 1226 1945 merces
1243 1926 1249 1944 :
1267 1918 1359 1945 omnia
1383 1926 1449 1946 vero
1477 1919 1579 1947 eximia
1592 1920 1686 1956 deberi
1700 1920 1745 1953 iis,

954 1961 1054 1996 quibus
1069 1961 1148 1988 labor
1164 1961 1241 1988 cordi
1260 1965 1311 1994 est,
1327 1962 1429 1997 quique
1445 1963 1574 1991 sudorem
1596 1972 1645 1999 pro
1664 1965 1747 1992 rebus

954 2008 1043 2039 bonis,
1065 2008 1180 2035 summis
1204 2008 1287 2043 hujus
1307 2008 1370 2035 vita:
1393 2008 1501 2036 deliciis
1523 2010 1683 2044 pmferunt.
1708 2011 1747 2038 ita

954 2052 1065 2087 quidam
1083 2053 1237 2088 sapientum
1249 2053 1318 2082 dixit
1342 2062 1349 2081 :
1376 2064 1385 2079 ι
1400 2054 1467 2087 Fili,
1497 2055 1519 2082 si
1546 2057 1698 2085 accesseris
1712 2058 1746 2085 ad

953 2099 1129 2126 serviendum
1141 2099 1267 2132 Domino,
1281 2107 1403 2135 prmpara
1413 2101 1531 2128 animam
1547 2106 1620 2129 tuam
1638 2103 1673 2130 ad
1686 2108 1747 2130 ten-

954 2144 1097 2176 tationem,
1110 2144 1197 2179 dirige
1222 2152 1271 2172 cor
1295 2149 1382 2178 tuum,
1407 2151 1435 2173 et
1456 2147 1561 2174 sustine
1583 2147 1615 2174 ⁸⁸.
1634 2158 1642 2174 ι
1669 2148 1747 2176 Parit

953 2190 1027 2216 enim
1043 2199 1052 2215 ι
1069 2190 1213 2218 tolerantia
1227 2192 1431 2226 probationem,
1444 2193 1571 2228 probatio
1585 2201 1650 2220 vero
1658 2201 1746 2228 spem,

111 2240 190 2267 Οὕτω
204 2249 246 2272 τις
258 2240 361 2274 ἔφασκε
376 2239 429 2265 τῶν
445 2237 549 2272 σοφῶν·
568 2247 577 2263 ‹
595 2237 705 2269 Τέκνον,
721 2237 745 2263 εἰ
763 2236 902 2272 προσέρχῃ

955 2243 1018 2270 spes
1025 2244 1091 2264 vero
1104 2245 1160 2264 non
1175 2238 1326 2270 erubescit,
1341 2248 1350 2264 δ
1366 2238 1437 2266 sicut
1448 2239 1580 2274 scriptum
1591 2242 1635 2267 est
1645 2239 1679 2267 ⁸⁷.
1697 2239 1748 2268 Se-

111 2285 248 2312 δουλλύειν
265 2285 303 2322 τῷ
329 2285 441 2320 Κυρίῳ,
458 2284 605 2319 ἑτοίμασον
622 2283 671 2317 τὴν
687 2281 778 2317 ψυχήν
802 2290 849 2308 σου
865 2282 904 2313 εἰς

957 2289 1073 2316 quemur
1087 2282 1180 2318 itaque
1192 2284 1364 2318 propositum
1382 2292 1505 2319 scopum.

112 2335 278 2370 πειρασμὸν,
314 2333 427 2360 εὔθυνον
464 2332 513 2368 τὴν
531 2331 647 2367 καρδίαν
677 2339 735 2362 σου,
752 2330 798 2356 καὶ
819 2329 999 2364 καρτέρησον.
1023 2339 1032 2356 ι
1059 2330 1151 2357 Τίκτει
1172 2331 1221 2366 μὲν
1242 2331 1294 2366 γὰρ
1312 2341 1321 2357 ι
1345 2333 1360 2367 ἡ
1381 2333 1507 2368 ὑπομονὴ
1524 2332 1651 2368 δοκιμὴν,
1668 2333 1685 2368 ἡ
1719 2332 1748 2362 δὲ

111 2382 211 2416 δοκιμὴ
227 2380 337 2407 ἐλπίδα·
355 2380 372 2415 ἡ
387 2379 415 2405 δὲ
429 2378 507 2410 ἐλπὶς
534 2378 565 2404 οὐ
578 2375 767 2412 καταισχύνει,
785 2385 794 2402 ι
813 2375 883 2402 κατὰ
915 2375 945 2401 τὸ
963 2376 1167 2412 γεγραμμένον.
1201 2377 1340 2412 Ἐψόμεθα
1373 2377 1403 2404 δὲ
1431 2377 1463 2413 δὴ
1497 2377 1536 2414 τῷ
1571 2378 1748 2414 προκειμένῳ

112 2438 218 2456 σκοπῶ.

148 2477 180 2511 β’.
206 2475 284 2503 Μετὰ
309 2475 359 2510 τὴν
379 2474 427 2501 τοῦ
446 2473 539 2501 Λάὸαν
561 2473 650 2500 τοίνυν
669 2471 843 2507 ἀποχώρησιν
858 2470 907 2506 τὴν

112 2523 145 2549 ὲκ
157 2522 205 2549 τοῦ
221 2522 302 2556 ὅρους
319 2520 424 2547 Γαλαὰδ
435 2541 441 2553 ,
457 2520 497 2551 εἰς
512 2519 563 2554 τὴν
584 2516 749 2551 ὲνεγκοῦσαν
765 2516 905 2550 ἠπείγετο,

111 2569 161 2595 καὶ
177 2567 349 2594 διασπεύδειν
367 2566 463 2601 ἢθελεν
480 2566 495 2592 ὁ
510 2563 654 2594 Θεσπέσιος
675 2561 783 2589 Ἰακώϐ.
805 2561 892 2596 ’Δπηλ

88 2645 90 2650 _
111 2614 251 2648 λαγμένος
266 2613 295 2639 δὲ
312 2613 388 2648 μόλις
406 2612 455 2646 τῆς
468 2611 560 2638 Λάὸαν
577 2609 682 2644 ἐφόδου,
706 2608 754 2634 καὶ
773 2606 892 2634 ἀναπνεύ

113 2670 162 2692 σας
177 2660 264 2695 βραχῦ
278 2681 285 2692 ,
304 2659 505 2694 χαλεπωτέροις
523 2657 603 2688 εὐθὺς
616 2655 776 2691 περιπίπτει
786 2654 902 2688 δείμασι.

118 2706 230 2741 Ἐπειδὴ
246 2705 301 2741 γὰρ
318 2705 372 2732 ἔδει
388 2705 438 2740 τῆς
455 2703 664 2738 Μεσοποτομίας
676 2701 838 2736 ἀπαίροντα,
857 2701 903 2727 καὶ

112 2752 152 2783 είς
167 2752 219 2786 γῆν
246 2750 358 2778 Χαναὰν
373 2749 571 2785 ἀποτρέχοντα,
592 2748 636 2775 διὰ
658 2747 743 2782 μέσης
764 2747 832 2773 ἱέναι
856 2745 905 2780 τῆς

113 2797 206 2834 Σηεὶρ,
221 2798 250 2824 ὲν
305 2795 466 2830 κατῴκησεν
487 2794 582 2826 Ἡσαῦ,
598 2793 723 2829 περιδεὴς
735 2792 763 2818 δὲ
778 2793 846 2826 ἄγαν
862 2789 904 2826 ἦν.

148 2888 170 2904 ⁸⁶
183 2887 269 2915 Eccli.
281 2895 310 2920 ιι,
330 2887 354 2914 Ι.
395 2886 513 2921 δῖκίιοιιι.
529 2893 555 2917 v,
573 2883 638 2917 1,3;
653 2883 721 2910 Psal.
736 2891 805 2915 xxiv,
818 2882 862 2909 20.

993 2469 1020 2496 2.
1040 2469 1106 2496 Post
1128 2468 1281 2496 discessum
1303 2467 1407 2495 Labani
1428 2475 1462 2495 ex
1477 2470 1569 2494 monte
1589 2464 1701 2498 Galaad,
1714 2464 1747 2493 ad

958 2515 1239 2551 patriam'contendit,
1258 2519 1286 2542 et
1300 2518 1465 2550 praevertere
1483 2513 1580 2541 beatus
1594 2511 1679 2539 Jacob
1698 2519 1749 2538 νος

956 2561 1017 2588 luit.
1039 2562 1089 2589 Vix
1101 2569 1168 2588 vero
1180 2561 1314 2588 liberatus
1325 2561 1359 2587 ab
1378 2560 1482 2587 insultu
1500 2559 1604 2591 Laban,
1627 2563 1749 2593 cumque

957 2608 1069 2635 vixdum
1081 2608 1254 2642 respirasset,
1268 2607 1295 2634 in
1305 2607 1357 2634 alia
1371 2607 1463 2634 statim
1476 2605 1602 2642 graviora
1626 2603 1749 2639 pericula

958 2654 1064 2681 incidit.
1086 2654 1155 2682 Cum
1180 2654 1253 2681 enim
1276 2657 1418 2687 oporteret
1440 2660 1503 2680 eum
1520 2660 1535 2679 a
1554 2649 1748 2684 Mesopotamia

958 2700 1143 2728 discedentem
1155 2720 1161 2732 ,
1172 2704 1200 2727 et
1216 2700 1243 2727 in
1266 2704 1364 2728 terram
1383 2699 1511 2727 Chanaan
1527 2697 1676 2732 fugientem
1700 2702 1750 2729 per

959 2746 1080 2773 medium
1094 2749 1172 2773 terrm
1185 2746 1245 2774 Scir
1258 2747 1395 2778 incedere,
1406 2746 1432 2772 in
1446 2753 1498 2780 qua
1513 2742 1653 2771 habitabat
1665 2741 1748 2771 Esau,

961 2792 1084 2826 trepidus
1096 2792 1242 2821 admodum
1256 2792 1316 2820 fuit.
1332 2793 1426 2828 Neque
1438 2791 1511 2819 enim
1528 2788 1680 2825 ignorabat,
1692 2791 1750 2822 quo
