1990 3050
258 190 312 219 εδδ

783 187 810 215 S.
831 185 969 214 CYRILLI
987 183 1220 212 ALEXANDRINI
1237 181 1386 210 ARClllEP

1837 177 1890 206 256

258 251 337 282 pacto
350 254 413 274 eum
427 245 588 274 oil‘endisset
601 244 636 272 ob
655 244 876 272 benedictionem
890 248 918 270 et
940 242 1040 278 primo-

1097 240 1134 267 Οὐ
1151 240 1205 275 γὰρ
1218 239 1480 274 ἡγνόειλελυπηκως
1494 239 1544 274 τῆς
1558 247 1589 265 τε
1603 237 1729 272 εὐλογίας
1738 237 1831 270 ἕνεκα,
1844 237 1891 264 καὶ

257 291 348 328 genita
362 291 503 326 subrepta.
518 289 642 323 Quonam
655 297 721 316 vero
734 288 816 315 modo
831 288 905 314 hunc
922 287 1046 314 dolorem

256 337 400 369 amoverit,
417 341 498 372 atque
510 336 544 363 ad
556 343 678 363 amorem
691 334 942 368 humanitatemque
955 332 1048 359 tradu-

255 384 328 411 xerit
338 384 461 415 fratrem,
480 390 535 418 quo
552 386 631 417 pacto
643 389 698 408 non
721 380 834 415 dignum
851 379 934 406 fuerit
951 378 1047 406 videre

256 434 284 457 et
297 429 406 456 mirari?
417 428 554 463 Scriptum
566 427 649 462 igitur
660 430 720 454 est:
737 435 746 451 ι
763 425 836 452 Misit
848 430 941 452 autem
962 425 1046 452 Jacob

255 477 367 503 nuntios
380 480 442 502 ante
462 482 492 502 se
511 473 547 501 ad
573 474 646 500 Esau
669 472 781 499 fratrem
793 479 873 499 suum
895 471 922 498 in
945 475 1046 498 terram

256 521 328 552 Seir,
340 521 368 548 in
382 520 519 554 regionem
534 517 631 550 Edom,
656 517 735 552 159
752 520 780 544 et
792 516 922 551 praecepit
937 516 988 548 eis,
1002 516 1046 543 di-

255 574 321 594 cens
333 575 339 592 :
351 566 397 593 Sic
407 565 506 592 dicetis
516 564 628 591 domino
640 571 701 590 meo
713 563 785 590 Esau
798 572 804 589 :
819 562 864 590 Sic
874 562 1046 590 dixitservus

256 617 319 639 tuus
332 612 414 640 Jacob
435 610 523 637 :Cum
538 609 631 636 Laban
651 609 784 641 liabitavi,
800 613 828 636 et
843 612 965 636 moratus
984 616 1045 635 sum

256 665 341 691 usque
350 664 422 683 nunc
435 665 441 681 :
453 660 481 682 et
491 655 603 683 fuerunt
618 655 685 681 mihi
695 655 789 686 boves,
801 658 829 681 et
840 654 920 686 asini,
931 657 960 681 et
969 661 1044 686 oves,

254 707 282 729 et
295 703 366 729 servi
383 706 410 728 et
421 701 536 729 ancillae.
550 701 584 729 Et
598 700 660 728 misi
672 700 785 728 domino
801 707 862 727 meo
883 700 954 727 Esau
972 707 1045 726 utin-

256 749 333 779 tiare,
347 751 377 774 ut
394 747 515 774 inveniat
527 754 624 774 servus
636 751 701 774 tuus
716 746 832 781 gratiam
845 753 938 773 coram
955 750 990 772 te.
1012 746 1046 772 Et

255 793 358 820 reversi
371 798 435 819 sunt
447 792 535 819 nuntii
549 792 582 819 ad
591 791 687 823 Jacob,
707 791 831 818 dicentes
847 799 853 816 :
867 790 999 818 Venimus
1010 790 1043 818 ad

254 837 366 864 fratrem
383 842 459 864 tuum
475 837 557 869 Esau,
570 841 598 864 et
614 843 678 864 ecce
690 836 748 870 ipse
764 835 839 863 venit
852 835 880 862 in
899 843 1045 862 occursum

255 887 342 915 tuum,
358 888 385 910 et
401 882 593 917 quadringenti
606 882 657 909 viri
676 889 738 909 eum
761 889 804 908 eo.
830 881 934 908 Timuit
953 884 1045 908 autem

251 930 336 957 Jacob
348 930 437 961 valde,
454 933 481 956 et
493 930 572 963 inops
584 928 692 956 consilii
705 929 766 955 fuit.
783 928 818 955 Et
832 927 926 955 divisit
952 935 1042 963 popu-

253 976 309 1003 lum
329 976 375 1010 qui
388 983 451 1002 eum
464 983 506 1007 eo,
525 979 554 1002 et
567 975 651 1001 boves
662 979 691 1001 et
710 982 776 1001 oves
790 974 817 1001 in
837 973 904 1001 duas
928 977 1042 1007 turmas,

252 1021 357 1047 etdixit
372 1020 455 1048 Jaeob
473 1030 479 1046 :
494 1020 521 1047 Si
540 1020 647 1047 venerit
666 1020 737 1047 Esau
755 1020 788 1047 ad
814 1024 932 1046 turmam
950 1027 1042 1053 unam,

252 1069 280 1092 et
292 1065 461 1099 percusserit
479 1073 550 1097 eam,
563 1065 616 1092 erit
626 1069 716 1092 turma
729 1064 849 1092 secunda
870 1069 899 1091 ut
911 1065 1041 1093 salvetur.

254 1110 326 1137 Dixit
348 1114 438 1137 autem
451 1110 535 1137 Jacob
553 1110 644 1137 :Deus
671 1110 756 1144 patris
773 1109 826 1136 mei
855 1109 1044 1142 Abraham,et

255 1157 326 1184 Deus
348 1156 435 1191 patris
453 1156 506 1183 mei
524 1156 609 1188 Isaac,
629 1156 755 1188 Domine,
773 1156 820 1190 qui
836 1156 929 1183 dixisti
949 1156 1016 1183 mihi
1035 1166 1041 1184 :

254 1203 402 1230 Revertere
415 1202 442 1228 in
452 1206 553 1229 terram
565 1201 717 1229 nativitatis
729 1205 837 1234 tuae,_ut
853 1202 922 1229 bene
937 1203 985 1230 tibi
1000 1203 1043 1230 fa-

252 1248 338 1280 ciam;
355 1247 471 1275 suﬂiciat
482 1248 548 1274 mihi
562 1248 597 1275 ab
608 1247 683 1274 omni
694 1248 812 1283 justitia,
826 1253 854 1275 et
866 1249 900 1275 ab
912 1249 986 1276 omni
997 1257 1044 1277 ve-

253 1294 343 1325 ritate,
356 1302 437 1329 quam
449 1294 537 1321 fecisti
553 1301 632 1321 servo
660 1297 717 1321 tuo.
738 1294 767 1321 lu
783 1294 859 1330 virga
877 1295 950 1322 enim
982 1303 1043 1323 mea

253 1340 303 1367 hac
318 1341 429 1368 transivi
445 1340 608 1373 10rdanem,‘
623 1348 698 1368 nunc
711 1345 802 1369 autem
818 1341 906 1368 factus
930 1349 991 1368 sum
1015 1341 1043 1368 in

251 1387 320 1413 duas
333 1392 445 1414 turmas.
459 1387 531 1414 Erue
539 1395 581 1414 me
590 1387 624 1414 de
634 1395 716 1414 manu
730 1388 823 1414 fratris
835 1387 900 1419 mei,
913 1387 947 1415 de
960 1395 1042 1415 manu

252 1433 321 1459 Esau
333 1441 339 1465 ;
351 1433 416 1467 quia
433 1433 516 1459 timeo
533 1441 583 1468 ego
597 1441 671 1466 eum,
691 1441 726 1461 ne
737 1433 808 1461 forte
821 1434 935 1462 veniens
946 1441 1043 1468 percu-

252 1480 300 1507 tiat
311 1488 364 1511 me,
385 1485 412 1507 et
431 1484 546 1507 matrem
565 1488 648 1516 super
665 1481 746 1508 ﬁlios.
761 1481 802 1508 Tu
818 1486 910 1508 autem
926 1481 1019 1508 dixisti
1034 1489 1040 1508 :

251 1526 322 1553 Bene
331 1526 381 1554 tibi
397 1525 504 1558 faciam,
520 1531 548 1554 et
559 1533 659 1561 ponam
675 1533 770 1554 semen
791 1532 868 1555 tuum
889 1527 961 1554 sicut
979 1535 1041 1555 are—

1062 914 1082 941 Β

250 1580 313 1599 nam
328 1573 422 1604 maris,
445 1581 506 1607 qua:
531 1581 585 1599 non
608 1573 802 1600 numerabitur
816 1581 872 1608 prae
886 1573 1042 1600 multitudi-
1055 1583 1076 1611 ρ

250 1627 284 1647 ne
304 1619 335 1645 ".
353 1629 361 1645 ι
376 1619 506 1654 intelligis
514 1628 568 1654 quo
577 1623 658 1654 pacto
672 1627 701 1646 se
716 1619 817 1646 blande
827 1619 949 1646 insinuat
962 1619 1042 1646 fratri

250 1664 332 1696 Esau,
355 1672 388 1691 ac
407 1668 512 1691 tantum
533 1672 588 1691 non
605 1664 676 1691 irato
699 1664 840 1696 adulatur,
861 1668 889 1691 et
909 1663 1043 1691 blandilo-

249 1710 314 1745 quio
333 1711 379 1738 ira:
391 1710 478 1745 ipsius
488 1710 688 1742 vehementiam
701 1711 827 1746 mitigare
848 1715 972 1738 conatur.
988 1710 1041 1737 Ta-

249 1756 329 1783 metsi
348 1755 421 1783 enim
437 1756 564 1790 superior
574 1760 642 1788 erat,
663 1756 700 1783 ob
711 1756 933 1784 benedictionem
944 1756 1040 1791 patris,

248 1805 276 1828 et
301 1801 336 1828 ob
353 1800 598 1835 primogenitorum
624 1801 748 1836 gloriam,
766 1802 907 1836 Deumque
924 1801 1040 1828 auxilia~

249 1851 337 1874 torem
359 1846 486 1878 habebat,
514 1847 651 1874 submittit
679 1855 719 1880 se,
743 1847 811 1874 illud
830 1848 943 1874 oumino
966 1848 1041 1882 quod

248 1897 358 1920 sanctos
378 1892 457 1920 decet
471 1897 601 1926 praestare
617 1893 731 1928 cupiens
752 1903 758 1920 :
784 1903 793 1918 «
816 1893 844 1920 Si
862 1892 920 1920 fieri
939 1897 1040 1928 potest,

248 1938 320 1972 quod
336 1942 422 1965 estex
436 1937 524 1969 vobis,
541 1945 604 1964 eum
621 1938 750 1965 omnibus
764 1938 924 1965 hominibus
944 1946 1040 1972 pacem

249 1983 346 2011 habete
363 1983 396 2010 ⁸³.
414 1993 422 2009 ι
446 1983 542 2010 Sermo
553 1984 627 2010 enim
643 1991 839 2019 nonnunquam
850 1992 940 2018 asper,
957 1989 1039 2019 atque

247 2030 409 2066 arrogantiae
426 2031 522 2065 plenus
548 2030 730 2057 intolerabilis
748 2030 915 2064 quibusdam
936 2035 986 2058 est.
1004 2031 1039 2058 Ut

247 2083 314 2103 vero
330 2076 439 2111 sapiens
449 2075 639 2103 Parmmiastes
658 2075 695 2102 ait
714 2084 720 2102 :
742 2085 750 2100 ι
769 2075 923 2110 Responsio
948 2076 1039 2103 mollis

248 2131 280 2150 ac
290 2123 425 2150 submissa
440 2123 540 2150 avertit
563 2122 630 2149 iram
643 2122 676 2148 ⁷ο.
693 2131 702 2148 ι
717 2122 802 2149 Porro
820 2122 882 2149 vide
904 2117 1037 2149 artificio-

247 2169 378 2203 samjusti
392 2168 530 2203 pietatem.
545 2167 626 2194 Mittit
638 2167 712 2194 enim
725 2167 837 2194 nuntios
858 2175 953 2201 pacem
984 2175 1032 2202 pe-

247 2219 347 2245 tentes,
366 2213 613 2247 blaudissimosquc
629 2212 662 2239 ad
675 2213 743 2239 Esau
760 2220 902 2240 sermones
916 2213 1035 2240 transfe-

1098 285 1187 312 αὐτῶν
1200 286 1229 312 δὲ
1242 285 1297 312 τῶν
1314 285 1515 320 πρωτοτοκίων.
1537 285 1605 311 Τίνα
1620 284 1648 311 δὲ
1669 284 1766 319 τρόπον
1778 284 1827 319 τὴν
1842 283 1892 309 ἐπὶ

1098 331 1204 363 τούτοις
1211 330 1301 366 λύπην
1311 329 1516 362 ἀπεσκευάζετο
1527 350 1534 362 ,
1544 330 1637 362 xciet;
1645 329 1756 364 ἀγάπην
1765 328 1812 355 καὶ
1823 329 1892 363 ἡμε-

1099 377 1200 412 ρότητα
1208 376 1324 410 καθίστη
1335 375 1380 402 τὸν
1392 375 1516 410 ἀδελφὺν,
1533 375 1592 406 πῶς
1601 375 1652 401 οὐκ
1666 374 1740 407 ἄξιον
1755 373 1828 405 ἰδεῖν,
1844 373 1892 400 καὶ

1098 422 1167 458 πρός
1179 430 1210 456 γε
1222 421 1310 457 τούτῳ
1328 421 1484 457 θαυμάσαις
1499 420 1657 456 Γέγραπται
1679 419 1771 446 τοίνυν
1782 427 1789 434 ·
1805 428 1815 444 ‹
1826 419 1892 445 Ἀπ-

1098 468 1199 494 έστειλε
1206 468 1233 494 δὲ
1241 467 1338 494 Ἰακὼϐ
1344 467 1475 501 ἀγγέλους
1482 467 1635 503 ἔμπροσθεν
1641 466 1723 493 αὑτοῦ
1730 466 1798 502 πρὸς
1805 464 1890 491 Ἥσαῦ

1098 513 1144 539 τὸν
1160 512 1272 547 ἀδελφὸν
1286 512 1369 539 αὑτοῦ
1388 513 1428 544 εἰς
1445 513 1497 548 γῆν
1514 512 1606 547 Σηεὶρ,
1623 513 1663 544 είς
1678 513 1770 546 χώραν
1789 509 1890 546 Ἑδὼμ,

1099 559 1145 585 καὶ
1157 559 1310 585 ἐνετείλατο
1328 559 1430 591 αὐτοῖς,
1441 559 1536 593 λέγων·
1547 558 1643 593 Οὕτως,
1654 559 1740 593 ἐρεῖτε
1751 558 1789 592 τῷ
1802 557 1891 592 κυρίῳ
1912 574 1916 579 ι

1100 614 1150 640 μου
1172 605 1258 633 Ἠσαῦ
1271 613 1278 621 ’
1291 605 1384 638 Οὕτως
1396 605 1469 639 λέγει
1494 607 1508 632 ό
1531 607 1596 637 παῖς
1611 614 1658 632 σου
1681 604 1795 631 Ἰακώϐ·
1813 603 1892 630 Μετὰ
1917 599 1927 605 ’“

1099 652 1192 679 Λάϐαν
1216 651 1381 687 παρῴκησα,
1405 652 1452 678 καὶ
1479 652 1606 687 ὲχρόνισα
1628 651 1680 683 ἕως
1694 651 1741 677 τοῦ
1762 651 1819 677 νῦν·
1844 650 1891 676 καὶ¹

1098 699 1222 733 ἐγένοντό
1237 707 1283 734 μοι
1295 697 1366 733 βόες,
1384 698 1431 725 καὶ
1444 698 1509 729 ὄνοι,
1527 697 1573 724 καὶ
1589 697 1723 732 πρόϐατα,
1739 697 1786 723 καὶ
1796 695 1891 728 παῖδες

1097 746 1145 771 καὶ
1159 745 1310 771 παιδίσκαι.
1332 745 1386 771 Καὶ
1411 744 1559 771 ἀπέστειλα
1583 744 1709 778 ἀγγεῖλαι
1732 743 1772 778 τῷ
1801 742 1890 777 κυρίῳ

1098 801 1147 826 μου
1168 791 1265 823 Ἠσαῦ,
1281 791 1326 818 ἵνα
1341 790 1409 826 εὕρῃ
1426 791 1440 817 ὁ
1459 792 1522 822 παῖς
1535 799 1581 817 σου
1602 791 1682 826 χάριν
1696 789 1816 816 ἐναντίον
1831 797 1888 815 σου.

1096 837 1151 864 Kai
1166 835 1341 871 ἀπέστρεψαν
1358 836 1383 862 οἱ
1408 835 1519 870 ἄγγελοι
1543 836 1611 871 πρὸς
1630 835 1739 867 Ἰακὼϐ,
1753 835 1888 868 λέγοντες

1099 882 1235 916 Ἤλθομεν
1246 882 1314 918 πρὸς
1322 882 1367 908 τὸν
1375 881 1488 916 ἀδελφόν
1501 890 1546 908 σου
1562 881 1658 913 Ἡσαῦ,
1670 883 1716 908 καὶ
1728 881 1837 916 ἔρχεται
1849 880 1889 912 εἰς

1098 929 1271 963 συνάντησιν,
1301 929 1350 954 καὶ
1377 928 1547 963 τετρακόσιοι
1576 928 1671 964 ἄνδρες
1703 929 1761 962 μετ’
1793 926 1888 954 αὑτοῦ.

1095 975 1232 1010 Ἐφοϐήθη
1246 975 1274 1002 δὲ
1288 974 1387 1002 Ἰακὼϐ
1400 975 1511 1010 σφόδρα,
1530 975 1577 1001 καὶ
1590 975 1730 1009 ἠπορεῖτο.
1747 974 1801 1000 Καὶ
1809 972 1890 999 διεῖλε

1094 1021 1139 1048 τὸν
1151 1021 1215 1047 λαὸν
1232 1020 1278 1047 τὸν
1296 1021 1356 1056 μεθ’
1369 1020 1477 1052 ἑαυτοῦ,
1493 1021 1612 1051 καὶτοὺς
1626 1019 1700 1054 βόας,
1712 1020 1759 1045 καὶ
1774 1019 1807 1045 τὰ
1823 1019 1890 1053 πρό-

1094 1067 1164 1094 ϐατα
1174 1068 1213 1099 είς
1223 1067 1269 1094 δύο
1281 1067 1464 1103 παρεμϐολάς.
1477 1067 1531 1094 Καὶ
1540 1064 1615 1093 εἶπεν
1629 1066 1736 1092 Ἰακώϐ’
1750 1066 1811 1092 Ἐὰν
1825 1065 1889 1101 ἔλθῃ

1101 1112 1185 1139 Ἡσαῦ
1203 1114 1242 1144 είς
1262 1112 1437 1148 παρεμϐολὴν
1450 1113 1523 1147 μίαν,
1537 1112 1583 1138 καὶ
1594 1111 1698 1147 ἐκκόψῃ
1710 1111 1804 1146 αὐτὴν,
1814 1111 1889 1137 ἔσται

1095 1157 1300 1193 ὴ-’παρεμϐολὴ
1328 1158 1344 1193 ὴ
1363 1157 1476 1192 δευτέρα
1501 1157 1541 1188 εἰς
1559 1157 1588 1182 τὸ
1613 1156 1757 1187 σώζεσθαι.
1774 1154 1840 1182 Eine
1860 1155 1889 1182 δὲ

1100 1203 1207 1230 Ἰακώϐ·
1231 1204 1260 1230 '0
1273 1203 1340 1235 Θεὸς
1352 1203 1400 1229 τοῦ
1413 1203 1515 1238 πατρός
1526 1211 1576 1238 μου
1592 1202 1732 1238 Ἀϐραὰμ,
1745 1202 1812 1229 καὶὸ
1822 1201 1888 1233 θεὸς

1093 1248 1140 1275 τοῦ
1153 1249 1255 1285 πατρός
1271 1258 1321 1284 μου
1330 1249 1435 1281 Ἰσαὰκ,
1448 1248 1547 1284 Κύριε,
1556 1247 1662 1275 ὁείπὼν
1673 1256 1728 1283 μοι,
1740 1248 1889 1282 Ἀπότρεχε

1093 1295 1134 1327 είς
1149 1295 1197 1330 τὴν
1221 1295 1273 1330 γῆν
1297 1295 1346 1330 τῆς
1374 1294 1509 1329 γενέσεώς
1525 1303 1582 1326 σου,
1607 1295 1652 1321 καὶ
1672 1293 1701 1321 εὖ
1725 1303 1754 1320 σε
1771 1294 1887 1329 ποιήσω,

1095 1341 1247 1369 ίκανούσοω
1272 1350 1317 1377 μοι
1335 1341 1389 1368 ἀπὸ
1400 1341 1490 1373 πάσης
1502 1340 1686 1376 δικαιοσύνης,
1702 1341 1748 1367 καὶ
1767 1341 1821 1366 ἀπὸ
1837 1340 1889 1366 πά-

1095 1396 1144 1424 σης
1162 1388 1302 1424 ἀληθείας,
1319 1385 1353 1423 ἧς
1366 1387 1500 1418 ἐποίησας
1511 1387 1551 1422 τῷ
1568 1387 1643 1414 παιδί
1658 1395 1716 1413 σου.
1727 1387 1771 1413 Ἑν
1782 1385 1836 1421 γὰρ

1095 1434 1185 1470 ῥάϐδῳ
1206 1442 1256 1468 μου
1277 1433 1363 1469 ταύτῃ
1378 1433 1471 1468 διέϐην
1486 1434 1532 1460 τὸν
1552 1433 1700 1469 Ἰορδάνην,
1724 1432 1783 1460 νυνὶ
1798 1433 1826 1459 δὲ
1842 1433 1887 1467 γέν

1093 1489 1159 1514 γονα
1175 1481 1215 1511 εἰς
1231 1479 1277 1506 δύο
1292 1479 1479 1515 παρεμϐολάς.
1504 1478 1611 1512 Ἐξελοῦ
1631 1488 1664 1515 με
1678 1480 1710 1506 ὲκ
1730 1480 1819 1516 χειρὸς
1840 1479 1887 1506 τοῦ

1093 1525 1208 1560 ἀδελφοῦ
1221 1535 1275 1561 μου·
1290 1525 1387 1558 Ἡσαῦ,
1399 1526 1440 1552 ὅτι
1454 1525 1588 1561 φοϐοῦμαι
1603 1525 1658 1559 ἐγὼ
1668 1525 1758 1557 αὑτὸν,
1772 1527 1807 1561 μή
1822 1535 1887 1552 ποτε

1093 1570 1178 1597 ὲλθὼν
1193 1570 1300 1607 πατάξῃ
1328 1580 1374 1607 με,
1390 1571 1437 1598 καὶ
1463 1571 1570 1607 μητέρα
1594 1571 1640 1597 ὲπὶ
1666 1571 1781 1602 τέκνοις.
1803 1572 1838 1597 Σὺ
1858 1571 1887 1598 δὲ

1093 1615 1174 1648 εἶπας
1186 1624 1194 1633 '
1208 1616 1307 1648 Καλῶς
1322 1625 1351 1643 σε
1363 1617 1477 1652 ποιήσω,
1488 1617 1535 1644 καὶ
1547 1617 1622 1652 θήσω
1633 1616 1663 1643 τὸ
1674 1616 1784 1651 σπέρμα
1794 1624 1839 1642 σου
1849 1616 1887 1648 ὡς

1092 1663 1143 1698 τὴν
1154 1662 1246 1697 ἄμμον
1259 1663 1308 1698 τῆς
1319 1662 1468 1698 θαλάσσης,
1483 1664 1530 1690 καὶ
1543 1663 1593 1690 οὐκ
1602 1663 1820 1698 ἀριθμηθήσεται
1834 1662 1887 1689 ἀπὸ

1092 1710 1139 1737 τοῦ
1155 1710 1287 1746 πλήθους.
1305 1720 1314 1736 ›
1331 1711 1437 1742 Συνιεῖς
1454 1710 1528 1742 ὅπως
1541 1710 1688 1745 ὑποτρέχει
1699 1710 1828 1742 θωπικῶς
1841 1709 1886 1737 τὸν

1097 1756 1195 1789 Ἡσαῦ,
1213 1757 1293 1791 μόνον
1311 1756 1339 1782 δὲ
1361 1756 1421 1791 οὐχὶ
1437 1756 1590 1792 περισαίνει
1612 1755 1812 1792 λελυπημένον,
1839 1756 1887 1783 καὶ

1093 1801 1274 1828 ὑποκλέπτειν
1305 1802 1434 1837 πειρᾶται
1461 1801 1505 1828 διά
1530 1810 1562 1835 γε
1583 1801 1630 1828 τοῦ
1658 1803 1836 1837 [piget-ostii:
1855 1801 1888 1828 τὸ

1091 1847 1212 1882 ἀκρατὲς
1223 1847 1273 1883 τῆς
1288 1848 1384 1883 ὀργῆς.
1405 1847 1500 1874 Καίτοι
1512 1848 1566 1882 γὰρ
1580 1847 1609 1873 τὸ
1633 1848 1662 1874 ὲν
1675 1848 1798 1882 ἀμείνοσι
1816 1845 1886 1874 εἶναι

1091 1892 1182 1927 λαχὼν
1209 1892 1254 1919 διὰ
1277 1893 1326 1928 τὴν
1341 1893 1387 1920 τοῦ
1411 1892 1514 1928 πατρὸς
1540 1893 1676 1927 εὐλογίαν,
1703 1893 1749 1919 καὶ
1775 1895 1807 1927 τῇ
1831 1893 1886 1920 τῶν

1091 1938 1272 1973 πρωτοτόκων
1299 1938 1362 1974 δόξῃ
1393 1938 1619 1974 προκεκριμένος,
1650 1939 1697 1965 καὶ
1722 1939 1788 1965 Θεὸν
1815 1939 1886 1974 ἔχων

1089 1983 1232 2017 ἐπαρωγὸν
1246 1983 1422 2018 καουῳίχοιτο
1439 1983 1626 2018 ἀγιοπρεπῶς,
1642 1984 1729 2010 ἐκεῖνό
1745 1993 1796 2010 που
1817 1984 1885 2011 πάν-

1089 2038 1143 2061 τως
1162 2029 1311 2065 κατορθοῦν
1328 2029 1476 2065 ᾑρημένος·
1495 2040 1504 2056 (
1523 2029 1554 2056 Εἰ
1565 2030 1686 2063 δυνατὸν,
1707 2031 1738 2057 τὸ
1755 2030 1784 2063 ἐξ
1807 2030 1885 2065 ὑμῶν

1090 2076 1159 2111 μετὰ
1185 2075 1294 2102 πάντων
1317 2075 1469 2111 ἀνθρώπων
1497 2076 1662 2112 εἰρηνεύετε.
1686 2085 1695 2102 t
1723 2077 1809 2110 Λόγος
1835 2076 1884 2111 μιν

1087 2122 1141 2157 γὰρ
1155 2122 1211 2148 ἔσθ’
1232 2123 1275 2148 ὅτε
1292 2121 1339 2148 καὶ
1353 2123 1456 2157 τραχὺς
1470 2122 1516 2148 καὶ
1531 2123 1648 2157 ἀνάντης
1663 2123 1710 2149 καὶ
1733 2122 1885 2159 ὑπεροψίας

1087 2165 1212 2201 ἔμπλεως
1228 2167 1363 2202 ἀφόρητος
1375 2166 1452 2194 ἔσται
1469 2167 1548 2194 τισίν.
1569 2168 1612 2199 Ὠς
1625 2168 1654 2194 δὲ
1678 2168 1759 2202 σοφὸς
1778 2168 1883 2203 ἔγραφε

1089 2212 1303 2248 Παροιμιαστὴς,
1328 2212 1500 2248 «Ἂπὸκρισις
1514 2213 1702 2241 ὑποπίπτουσα
1716 2214 1883 2249 ἀποστρέφει

248 2264 349 2291 rentes,
375 2259 531 2294 passimque
554 2259 647 2286 dicere
667 2258 797 2294 pnecepit
820 2267 826 2284 :
852 2267 861 2283 ι
887 2259 950 2286 Ηίοο
969 2259 1036 2286 dicit

1092 2255 1184 2292 θυμόν.
1206 2267 1215 2283 ι
1236 2257 1290 2284 Καί
1308 2266 1354 2292 μοι
1371 2258 1453 2293 βλέπε
1465 2258 1512 2285 τοῦ
1527 2259 1630 2286 δικαίου
1642 2260 1671 2286 τὺ
1685 2260 1725 2291 είς
1740 2260 1884 2287 εὐσέϐειαν

247 2313 343 2333 servus
360 2310 423 2332 tuus
437 2305 521 2333 Jacob
535 2304 569 2331 τί.
589 2314 597 2329 ι
618 2304 678 2339 Ipse
695 2312 761 2331 vero
784 2312 894 2331 rursum
917 2305 950 2332 ad
976 2313 1038 2340 pre.-

246 2351 364 2378 eandum
392 2358 421 2378 se
445 2350 569 2382 confert,
595 2350 792 2385 auxiliumque,
829 2351 901 2385 quod
927 2359 1036 2386 semper

246 2401 346 2432 pratsto
369 2400 412 2423 est
434 2395 467 2423 ad
491 2395 662 2427 salvanduut,
692 2396 851 2431 implorans,
866 2405 921 2423 non
935 2402 1034 2424 cessat.

244 2443 394 2470 Confirmat
404 2447 494 2469 autem
503 2442 576 2476 quod
586 2442 788 2477 prieteritorum
797 2443 965 2478 experientia
977 2452 1036 2470 cer-

245 2493 299 2514 tam
312 2488 337 2515 ei
355 2488 388 2514 de
396 2487 497 2514 futuris
508 2495 583 2522 spem
601 2488 731 2522 praebeat,
743 2488 838 2515 dicens
855 2498 861 2515 :
880 2489 960 2523 160
979 2499 987 2514 ι
1004 2489 1035 2516 In

245 2535 319 2569 virga
331 2542 391 2561 mea
401 2534 452 2561 liae
463 2534 575 2561 transivi
587 2534 744 2566 Iordanem,
757 2543 831 2561 nunc
847 2540 937 2561 autem
949 2535 1036 2562 factus

244 2587 304 2606 sum
326 2579 353 2605 in
365 2578 434 2606 duas
461 2583 565 2606 turmas
580 2580 613 2606 τ’.
632 2588 641 2604 ›
665 2578 710 2606 Ait
727 2580 800 2606 enim
815 2588 821 2605 :
838 2579 914 2606 llanc
948 2579 1033 2606 solam

245 2624 349 2651 habens
364 2631 379 2651 e
393 2623 475 2652 domo
489 2625 602 2659 virgam,
619 2624 734 2651 transivi
755 2624 912 2656 Iordanem,
932 2628 1033 2659 tuaque

245 2670 421 2705 benignitate,
429 2671 553 2703 Domine,
563 2670 650 2698 factus
659 2678 719 2698 sum
733 2670 861 2698 dominus
869 2671 1030 2698 multorum.

245 2716 379 2743 Docemur
392 2719 457 2744 Vero
472 2717 555 2744 etiam
567 2725 600 2744 ex
620 2716 665 2744 his
688 2716 769 2744 mites
786 2724 818 2743 ac
832 2716 961 2751 pacificos
983 2724 1034 2744 nos

244 2769 304 2789 esse
325 2761 436 2794 debere,
452 2762 581 2798 omnique
604 2763 711 2790 ratione
743 2770 850 2793 curare,
874 2767 906 2789 ut
929 2762 1033 2798 absque

245 2815 333 2843 pugna
343 2808 427 2836 vitam
441 2809 632 2845 transigamus.
649 2819 658 2834 ί
678 2808 795 2836 Servum
807 2809 881 2836 enim
910 2809 1030 2841 Domini,

280 2904 302 2919 "
315 2905 381 2934 Gen.
401 2914 482 2940 xxxii,
499 2905 576 2934 5—12.
616 2906 637 2923 θ’
655 2907 734 2936 Rom.
755 2915 801 2941 λιι,
826 2907 866 2934 18.

910 2908 932 2923 ⁷⁸
952 2908 1032 2936 Ριόγ.
1064 2916 1107 2942 xv,
1142 2907 1164 2934 l.

1087 2302 1221 2337 εὐτεχνές.
1253 2303 1424 2330 Ἀποστέλλει
1456 2304 1505 2339 μὲν
1529 2305 1584 2341 γὰρ
1609 2305 1743 2340 ἀγγέλους
1770 2308 1882 2342 εἰρήνην

1088 2350 1259 2384 αἰτήσοντας,
1275 2350 1321 2376 καὶ
1334 2351 1562 2386 τρυφερωτάτους
1578 2352 1643 2386 πρὸς
1659 2353 1705 2378 τὸν
1723 2352 1809 2380 Ἠσαῦ
1822 2354 1882 2379 δια-

1087 2394 1250 2430 κομίσοντας
1265 2395 1371 2429 λόγους·
1385 2396 1441 2422 ἄνω
1457 2404 1487 2422 τε
1496 2396 1550 2431 γὰρ
1563 2397 1610 2423 καὶ
1625 2397 1699 2424 κάτω
1710 2398 1880 2433 προστέταχι

1087 2441 1187 2475 λέγειν’
1207 2450 1215 2466 t
1232 2441 1301 2468 Τάδε
1317 2442 1416 2475 λέγειὸ
1432 2443 1496 2473 παῖς
1506 2450 1552 2468 σου
1563 2443 1577 2468 ὁ
1589 2442 1697 2469 Ἰακώϐ.
1716 2453 1724 2468 ι
1742 2444 1879 2479 Τρέπεται

1086 2487 1113 2513 δὲ
1131 2487 1211 2513 πάλιν
1226 2487 1306 2518 αὐτὸς
1317 2488 1356 2519 εἰς
1371 2487 1463 2522 εὐχὰς,
1477 2488 1524 2514 καὶ
1539 2488 1588 2523 τὴν
1601 2483 1644 2515 ἀεὶ
1664 2488 1802 2521 σώζουσαν
1821 2491 1880 2516 ὲπι-

1087 2533 1198 2568 κουρίαν
1210 2533 1299 2560 αὐτῶν
1318 2534 1348 2560 οὐ
1372 2534 1556 2569 διαλιμπάνει.
1572 2535 1701 2570 Ἐμπεδοῖ
1720 2535 1760 2568 δὲ,
1774 2536 1816 2562 ὅτι
1829 2536 1879 2571 τὴν

1088 2580 1126 2611 εἰς
1143 2580 1171 2606 τὸ
1185 2579 1283 2614 μᾶλλον
1295 2579 1390 2607 ἐλπίδα
1405 2580 1458 2607 τῶν
1475 2580 1524 2616 ἤδη
1541 2581 1745 2616 παρῳχηκότων
1764 2583 1780 2617 ἡ
1796 2584 1878 2617 πεῖρα

1087 2624 1220 2658 διεσάφει,
1242 2625 1339 2659 λέγων·
1363 2635 1372 2650 ‹
1391 2626 1436 2651 Ἐν
1451 2627 1484 2661 τῇ
1508 2626 1599 2661 ῥάϐδῳ
1623 2635 1672 2661 μου
1690 2626 1776 2663 ταύτῃ
1785 2628 1877 2663 διέϐην

1086 2671 1132 2697 τὸν
1147 2670 1294 2706 Ἰορδάνην,
1306 2670 1365 2696 νυνὶ
1376 2670 1404 2696 δὲ
1422 2671 1522 2706 γέγονα
1538 2672 1577 2704 είς
1592 2672 1638 2698 δύο
1656 2674 1841 2708 παρεμϐολάς.
1863 2684 1872 2700 ι

1088 2716 1161 2751 Ἔφη
1177 2716 1242 2751 γὰρ,
1253 2716 1294 2742 ὃτι
1305 2715 1394 2751 Αὐτὴν
1407 2717 1491 2752 μόνην
1503 2717 1553 2752 τὴν
1568 2717 1674 2745 οἴκοθεν
1687 2718 1757 2753 ἔχων
1776 2719 1873 2754 ῥάϐδον

1085 2762 1177 2797 διέϐην
1193 2762 1236 2788 τὸν
1263 2762 1409 2797 Ἰορδάνην,
1427 2763 1474 2790 καὶ
1493 2763 1598 2791 πολλῶν
1614 2765 1714 2799 γέγονα
1729 2765 1873 2800 δεσπότης,

1085 2808 1115 2835 τὸ
1130 2808 1175 2834 σὺν
1192 2807 1263 2843 ἔχων
1272 2807 1396 2843 εὐμενὲς,
1409 2805 1432 2836 ὦ
1445 2808 1578 2838 Δέσποτα.
1601 2810 1737 2846 Εἰσόμεθα
1754 2811 1797 2839 διά
1811 2811 1875 2840 τού-

1205 2908 1229 2923 ⁷¹
1266 2907 1332 2935 Geu.
1361 2916 1441 2942 xxxu,
1458 2908 1483 2935 5.
1524 2910 1544 2926 ⁷¹
1566 2909 1631 2937 ibid.
1653 2910 1692 2937 10.
