1990 3050
133 139 186 169 251

651 140 916 173 GLAPHYRORUH
930 143 964 173 IN
982 145 1130 176 GENESIM
1151 147 1215 176 LIB.
1236 149 1267 177 V.

1711 151 1764 179 258

133 207 189 225 των
203 196 294 224 τοίνυν
311 197 359 224 καί
374 197 464 234 ἡμεῖς.
481 197 522 225 δτι
540 198 644 234 πράους
652 198 722 226 εἶναι
734 199 774 226 δεῖ
788 201 835 227 καὶ
851 202 921 238 ιίρη-

977 204 1077 240 inquit,
1102 214 1158 234 non
1171 211 1279 242 oportet
1300 215 1431 243 pugnare,
1444 208 1492 236 sed
1513 208 1606 237 mitem
1626 217 1687 238 esse
1698 219 1762 246 erga

134 243 237 275 νικοὺς,
261 243 308 269 καὶ
320 242 366 270 διὰ
393 243 494 275 παντὸς
510 243 646 280 θηρᾶσθαι
662 245 764 280 τρόπου
785 246 815 273 τὸ
831 246 926 283 διαζῇν

134 289 233 324 ἀμαχί.
261 297 272 315 ι
290 288 388 314 Δοῦλον
416 288 470 323 γὰρ
493 289 608 325 Κυρίου,
627 290 720 325 φησιν,
739 292 770 318 οὑ
786 292 827 319 δεῖ
841 293 927 328 μάχε-

134 335 207 368 σθαι,
223 334 280 362 ἀλλ’
304 335 386 370 ἤπιον
402 332 473 361 εἶναι
494 335 564 370 πρὸς
577 336 692 368 πάντας,
712 346 722 362 ι
743 338 815 365 κατὰ
830 339 860 365 τὺ
879 348 926 373 γε-

134 381 304 417 γραμμένον.
323 381 542 416 ’Δποκεχρῆσθαι
559 381 608 416 μὲν
620 382 673 418 γὰρ
688 383 734 410 καὶ
746 385 805 415 ταῖς
821 384 926 420 ἀνθρω-

134 427 227 458 πίναις
242 427 316 462 ἡμᾶς
330 426 481 461 εὐτεχνίαις
497 427 536 458 είς
549 427 580 453 τὸ
601 427 716 460 ἀγαθὸν,
740 428 771 455 τὸ
795 430 926 465 ἀπεῖργον

133 473 219 505 οὐδὲν,
234 473 278 507 εἴη
286 473 307 498 δ’
318 472 362 505 ἂν,
376 470 464 507 οἶμαι,
474 472 528 499 τῶν
538 473 597 499 λίαν
606 474 820 509 ἐπαινουμένων.
830 476 924 510 Ζητεῖν

134 518 164 546 δὲ
189 519 308 553 ἀνάγκη,
329 519 381 545 κᾶν
409 518 433 544 εί
458 519 536 545 τοῦτο
556 519 661 553 γένοιτο
678 522 741 556 παρ’
759 520 847 556 ήμῶν,
876 521 924 557 τὴν

134 565 210 600 παρὰ
235 564 303 591 Θεοῦ
328 565 465 600 φροντίδα,
486 565 533 592 καὶ
559 566 608 600 τὴν
633 566 735 593 ἄνωθεν
752 567 923 602 ἐπικουρίαν,

136 611 190 637 «οὐ
219 611 382 646 φρονοῦντας
409 611 443 638 τὰ
467 611 566 647 ὑψηλάο
590 621 599 636 ι
625 612 870 647 διενθυμουμένους
896 613 924 639 δὲ

134 657 233 693 μᾶλλον
250 658 280 684 τὸ
299 658 491 693 γεγραμμένον
505 667 512 674 ·
533 667 543 684 ι
561 657 635 693 ’Ὀσῳ
652 659 737 694 μέγας
750 658 784 691 εί,
804 659 924 695 τοσούτῳ

131 703 258 730 ταπεινοῦ
272 704 394 736 σεαυτὸν,
403 704 451 731 καὶ
463 704 553 731 ἔναντι
566 705 668 740 Κυρίου
680 706 805 741 εὑρήσεις
816 706 903 741 χάριν.
911 715 920 731 ι

133 750 212 777 οὕτω
224 752 331 786 φρονεῖν
346 758 374 776 τε
389 751 435 776 καὶ
446 750 512 786 δρᾷν
529 751 662 786 ᾑρημένοι
682 751 716 778 τὰ
727 753 759 778 ἐκ
780 752 828 787 τῆς
846 753 923 787 εἰρή-

132 804 182 831 νης
195 795 379 832 κερδανοῦμεν
395 795 495 830 ἀγαθὰ,
512 797 633 828 καὶτοὺς
648 797 709 823 καθ’
722 797 800 833 ἡμῶν
818 797 924 833 ἀγριαί-

132 850 226 874 νοντας
238 843 278 873 είς
296 842 454 877 ἡμερότητα
475 841 706 878 μεταστρέψομεν.
727 843 844 878 ‹,Θῆρες
867 844 922 879 γὰρ

130 888 232 923 ἄγριοι,
250 888 342 922 φησιν,
369 887 556 923 είρηνεύσουσί
573 897 624 915 σοι.
641 898 650 913 ι
681 888 766 915 Τοῦτο
781 889 921 924 πέπραχεν

132 933 240 961 Ἰακώϐ.
256 935 293 960 Οὐ
306 933 359 969 γὰρ
373 934 463 968 μόνοις
479 933 524 960 τὸν
536 934 649 968 ἀδελφὺν
661 934 786 969 αἱμύλοις
798 936 845 962 καὶ
855 936 922 962 ἁπα-

130 980 185 1012 λοῖς
200 980 403 1015 ἐκμειλίσσεται
418 980 516 1014 λόγοις,
540 981 607 1007 ἀλλὰ
619 981 666 1007 καὶ
681 981 774 1013 ξενίων
800 982 848 1008 καὶ
867 981 920 1008 τῶν

129 1026 215 1052 ὄντων
238 1026 356 1051 ἐποιεῖτο
379 1025 518 1058 κοινωνὸν,
536 1026 632 1061 μερίδα
644 1026 834 1063 λιπαρωτάτην
855 1028 922 1054 ἀπο-

129 1071 220 1106 νέμων
249 1071 335 1106 αὐτῷ,
356 1071 482 1106 πρόϐατά
510 1080 539 1098 τε
564 1072 611 1098 καὶ
636 1071 710 1107 βόας.
730 1070 811 1107 αῐγάς
823 1081 851 1099 τε
874 1073 920 1100 καὶ

128 1117 217 1149 ὄνους,
236 1118 377 1153 καμήλους
393 1118 440 1144 καὶ
455 1117 580 1153 μόσχους,
596 1118 736 1154 Κρείττων
756 1119 810 1154 γὰρ
825 1120 920 1155 εἰρήνη

127 1164 289 1198 χρημάτων,
305 1164 352 1190 καὶ
376 1164 543 1199 προοιχέσθω
563 1164 653 1198 φιλίας
667 1166 716 1200 τῆς
732 1166 771 1196 εἰς
788 1165 918 1200 ἀδελφοὺς

127 1208 182 1234 τῶν
194 1209 370 1244 προσκαίρων
384 1210 400 1244 η
413 1210 520 1244 κτῆσις.
536 1210 592 1237 Καὶ
610 1209 675 1244 γοῦν
693 1211 788 1237 ἐδεδίει
806 1211 866 1246 μὲν,
882 1211 919 1243 ὡς

129 1255 208 1289 ἔφην,
224 1256 238 1281 6
248 1255 390 1287 θεσπέσιος
399 1255 506 1288 Ἰακὼϐ,
522 1256 568 1282 τὸν
581 1256 695 1291 ἀδελφὺν
712 1257 808 1289 Ἠσαῦ,
825 1258 871 1284 καὶ
882 1258 919 1289 ὡς

128 1299 230 1326 αὐτίκα
243 1300 275 1334 δὴ
292 1300 364 1334 μάλα
377 1300 410 1326 τὰ
425 1301 454 1333 ἐξ
469 1301 554 1336 ὀργῆς
567 1301 736 1336 πεισόμενος,
752 1302 855 1337 ἄθυμος
873 1300 917 1338 ἧν,

129 1345 176 1371 καὶ
198 1345 294 1379 φθόνον
311 1347 436 1381 πατήσας
448 1347 494 1373 τὸν
509 1348 537 1373 ἐν
560 1347 658 1382 ἀρχαῖς
679 1348 795 1383 περιέφυ
807 1348 851 1374 τὸν
867 1349 920 1375 Ἰα-

129 1391 198 1423 κὼὸ,
225 1393 273 1418 καὶ
297 1392 346 1418 σὺν
365 1392 493 1428 δακρύοις
517 1392 665 1426 ἠσπάζετο,
680 1393 791 1425 καὶτοῖς
811 1393 918 1428 φύσεως

128 1435 222 1470 νόμοις
242 1436 273 1462 τὸ
297 1436 437 1471 βραδύνειν
450 1437 577 1464 δύνασθαι
591 1439 625 1464 τὰ
639 1439 680 1470 εἰς
694 1438 804 1474 ἀγάπην
821 1439 916 1466 ἐδίδου.

129 1481 288 1517 Γέγραπται
302 1483 368 1518 γὰρ,
384 1483 429 1522 ὅτι
454 1491 464 1508 ι
488 1483 541 1509 Καὶ
562 1483 745 1519 προσδραμὼν
773 1484 859 1511 Ἠσαῦ
878 1486 919 1516 είς

130 1529 292 1564 συνάντησιν
305 1529 390 1564 αὐτῷ,
405 1530 452 1556 καὶ
468 1530 622 1565 περιλαϐὼν
632 1530 712 1557 αὑτὸν
733 1531 854 1566 ἐφίλησε,
872 1531 918 1557 καὶ

129 1573 300 1608 προσέπεσεν
313 1574 360 1600 ἐπὶ
383 1574 429 1601 τὸν
444 1575 575 1610 τράχηλον
599 1575 693 1606 αὑτοῦ,
721 1576 767 1602 καὶ
785 1576 919 1603 ἔκλαυσαν

129 1620 290 1655 ἀμφότεροι.
307 1630 316 1645 ι
334 1620 389 1646 Καὶ
403 1622 487 1647 ταῦτα
497 1622 528 1655 δὴ
540 1621 628 1647 πάντα
642 1621 674 1646 τὰ
689 1621 839 1656 πραότητος
853 1630 919 1648 κατ-

129 1665 289 1702 ορθώματα.
308 1666 414 1702 καρπὸς
437 1666 581 1701 ὑφειμένου
593 1667 640 1693 καὶ
653 1667 840 1702 ἀφιλοκόμπου
854 1676 919 1703 φρο-

130 1712 261 1747 νήματος,
287 1712 334 1738 καὶ
359 1711 445 1744 ξένιον
460 1712 602 1747 εὐμενείας
625 1712 694 1738 Θεοῦ
712 1714 767 1744 τοῖς
792 1713 919 1746 ἀγαπῶσι

131 1757 224 1789 αὑτὸν,
239 1757 450 1791 καταφιλοῦντος
474 1756 504 1782 τὸ
519 1756 642 1788 ἄναντες,
663 1756 711 1782 καὶ
725 1757 919 1783 καταλιαίνον-

130 1811 176 1834 τος
196 1803 227 1828 τὸ
250 1803 348 1838 τραχὺ,
373 1802 421 1829 καὶ
443 1803 503 1833 ταῖς
531 1801 674 1837 εὐθυμίαις
695 1802 920 1834 καταπιαίνοντος

129 1856 194 1878 τους
212 1847 286 1882 αὐτῷ
303 1847 479 1884 προσκεῖσθαι
492 1846 701 1879 σπουδάζοντας.
714 1847 783 1874 Ἀλλ’
796 1845 819 1873 οἷ
824 1856 873 1882 μαι
890 1847 922 1882 δὴ

976 257 1074 279 omnes
1082 252 1116 285 ",
1131 261 1141 278 ι
1169 252 1241 280 sicut
1266 253 1400 288 scriptum
1413 257 1465 281 est.
1485 253 1559 281 Nihil
1577 254 1652 282 enim
1673 256 1765 283 obstat

976 296 1124 330 quominus
1146 305 1197 325 nos
1212 298 1294 325 etiam
1310 293 1436 326 humanis
1454 298 1630 326 adminiculis
1651 300 1684 326 ad
1713 300 1764 327 bo-

975 347 1042 367 num
1067 345 1192 375 utamur;
1210 343 1266 370 imo
1282 351 1347 370 vero
1373 344 1510 373 laudabile
1530 346 1559 372 in
1582 346 1688 381 primis.
1709 347 1764 373 lm-

975 386 1108 420 ploranda
1122 395 1188 415 vero
1205 392 1247 415 est
1255 389 1367 416 omnino
1386 389 1503 426 (etiamsi
1517 391 1569 418 hoc
1582 399 1597 418 a
1611 391 1691 419 nobis
1705 391 1762 426 ﬁat)

974 432 1023 459 Dei
1037 440 1113 465 cura,
1126 441 1329 469 supernumque
1347 435 1489 468 auxilium,
1514 446 1522 461 ι
1542 444 1597 463 non
1617 437 1671 464 alta
1691 437 1764 472 cogi-

976 478 1102 511 tando";
1117 489 1125 504 ι
1136 479 1203 506 illud
1216 488 1290 512 vero,
1307 481 1380 515 quod
1394 481 1527 515 scriptum
1545 485 1597 513 est,
1618 482 1762 509 nobiscum

974 524 1127 558 reputando
1139 534 1148 550 ι
1162 533 1173 551 r
1183 525 1290 558 Quanto
1305 527 1392 561 major
1411 534 1450 559 es,
1468 531 1543 554 tanto
1560 528 1722 555 submissius
1736 533 1762 554 te

974 577 1061 603 geras,
1081 575 1109 598 et
1125 570 1248 598 invenies
1258 572 1371 607 gratiam
1381 581 1469 600 coram
1483 574 1538 601 Deo
1547 575 1580 601 ⁷³.
1601 584 1610 600 ι
1633 574 1671 602 Ita
1688 575 1761 602 enim

975 615 1126 649 cogitantes
1143 625 1175 645 ac
1193 618 1334 650 facientes,
1347 619 1418 646 bona
1433 627 1494 654 qua:
1510 627 1543 646 ex
1566 628 1632 655 pace
1650 621 1761 655 profici—

975 665 1090 688 scuntur
1104 662 1319 697 lucrifaciemus,
1339 670 1366 692 et
1377 673 1424 693 eos
1432 666 1479 700 qui
1492 666 1622 693 adversus
1630 674 1680 693 nos
1688 666 1761 694 fero-

975 706 1062 739 ciunt,
1079 708 1113 734 ad
1130 708 1326 744 benignitatem
1340 710 1525 739 traducemus.
1550 721 1559 737 ‹
1580 712 1677 739 Bestiae
1687 713 1762 739 enim

974 751 1049 785 ferae,
1065 753 1161 788 inquit,
1178 755 1296 789 pacifica:
1307 760 1389 783 erunt
1407 756 1456 783 tibi
1472 757 1505 784 ⁷⁸.
1525 767 1534 783 ι
1552 757 1609 785 Hoc
1634 758 1763 792 praestitit

973 798 1067 826 Jacob.
1079 799 1172 834 Neque
1185 801 1258 827 enim
1277 802 1365 828 solum
1382 803 1511 830 mollibus
1530 811 1562 830 ac
1578 804 1686 831 blandis
1699 812 1760 831 ver-

974 843 1016 870 bis
1028 844 1140 872 fratrem
1154 846 1296 880 mitigavit,
1311 847 1357 873 sed
1373 847 1456 874 etiam
1480 849 1642 876 muneribus
1664 857 1760 884 prose-

975 893 1056 916 cutus
1065 893 1116 921 est,
1132 894 1159 917 et
1171 890 1327 917 facultatum
1346 899 1456 918 suarum
1471 893 1630 928 participem
1648 893 1740 922 ctl‘ecit
1752 914 1760 926 ,

973 936 1059 970 magis
1075 936 1194 970 opimam
1205 940 1310 970 partem
1323 937 1372 971 ipsi
1391 938 1524 970 tribuens,
1545 946 1610 966 oves
1623 944 1650 966 et
1665 939 1760 971 boves,

974 987 1070 1015 capras
1081 985 1109 1007 et
1121 981 1223 1013 asinos,
1241 985 1269 1008 et
1286 982 1406 1008 camelos
1425 987 1453 1009 et
1471 983 1581 1010 vitulos.
1606 983 1701 1010 Melior
1720 990 1762 1012 est

973 1027 1047 1054 enim
1061 1035 1112 1062 pax
1129 1027 1241 1059 divitiis,
1258 1032 1285 1054 et
1300 1028 1527 1062 temporariorum
1550 1029 1685 1056 bonorum
1697 1037 1761 1064 pos—

974 1073 1059 1100 sessio
1070 1073 1157 1100 amori
1171 1073 1291 1101 fraterno
1305 1078 1346 1100 est
1361 1074 1558 1109 postponenda.
1575 1075 1660 1102 Porro
1671 1075 1761 1102 timuit

973 1119 1096 1155 quidem,
1128 1123 1159 1146 ut
1173 1119 1239 1151 dixi,
1265 1120 1376 1147 divinus
1388 1120 1472 1147 Jacob
1498 1120 1610 1147 fratrem
1633 1120 1714 1151 Esau,
1728 1128 1762 1148 ac

974 1166 1052 1200 quasi
1067 1165 1178 1200 jamjam
1201 1165 1270 1192 iram
1287 1166 1372 1200 ipsius
1388 1170 1563 1200 experturus,
1582 1166 1668 1193 tristis
1689 1170 1759 1193 erat.

973 1204 1020 1238 Ille
1038 1219 1104 1238 vero
1112 1211 1216 1245 abjecta
1231 1215 1323 1238 vetere
1334 1210 1437 1238 invidia
1447 1212 1589 1246 amplexus
1601 1216 1643 1239 est
1663 1212 1759 1243 Jacob,

973 1260 1002 1284 et
1016 1265 1078 1284 cum
1091 1257 1220 1292 lacrymis
1231 1257 1370 1284 osculatus
1388 1261 1440 1289 est,
1455 1261 1482 1283 et
1494 1262 1598 1284 naturae
1609 1257 1715 1292 legibus
1726 1258 1761 1285 ad

973 1309 1094 1329 amorem
1109 1302 1323 1336 provocantibus
1336 1302 1428 1329 cessit.
1447 1301 1584 1338 Scriptum
1600 1307 1641 1330 est
1659 1304 1731 1330 enim
1751 1313 1758 1330 :

976 1357 986 1373 ι
1005 1348 1039 1374 Ει
1058 1355 1205 1375 aceurrens
1222 1348 1293 1375 Esau
1311 1348 1338 1374 in
1360 1355 1504 1375 occursum
1532 1348 1568 1380 ei,
1591 1349 1762 1383 amplexatus

972 1397 1016 1419 est
1034 1400 1108 1424 eum,
1128 1396 1156 1419 et
1169 1392 1269 1419 cecidit
1289 1400 1371 1427 super
1389 1393 1490 1420 collum
1509 1393 1604 1427 ipsius,
1627 1398 1655 1420 et
1675 1394 1759 1422 fleve-

973 1442 1037 1464 runt
1051 1438 1131 1465 ambo
1144 1439 1177 1465 ⁷⁷.
1194 1448 1203 1464 ι
1216 1440 1304 1472 Atque
1320 1438 1377 1465 lnee
1391 1438 1501 1473 quidem
1521 1439 1612 1466 omnia
1631 1447 1758 1468 mansuc-

973 1484 1076 1511 tndinis
1098 1492 1191 1518 opera,
1224 1488 1288 1510 sunt
1313 1483 1418 1511 fructus
1437 1483 1566 1510 submissi
1592 1484 1760 1520 minimeque

972 1529 1036 1556 elati
1050 1529 1144 1560 animi,
1155 1534 1183 1555 ct
1197 1536 1297 1555 munus
1305 1528 1481 1564 benignitatis
1499 1529 1558 1561 Dei,
1584 1529 1632 1563 qui
1646 1530 1760 1556 amanti-

972 1575 1024 1602 bus
1039 1575 1138 1609 ipsum,
1151 1573 1271 1601 difﬁcilia
1286 1577 1368 1608 atque
1387 1573 1472 1600 ardua
1494 1574 1609 1607 emollit,
1634 1575 1759 1610 leviaque

971 1619 1064 1651 efﬁcit,
1090 1619 1243 1654 gaudioque
1255 1619 1341 1654 replet
1353 1627 1400 1646 eos
1413 1619 1460 1654 qui
1476 1619 1527 1654 ipsi
1542 1620 1680 1648 adhaerere
1691 1628 1758 1648 con—

972 1665 1098 1693 tendunt.
1116 1665 1251 1692 Caeterum
1264 1665 1446 1691 necessarium
1461 1673 1521 1692 esse
1535 1666 1654 1693 arbitror
1667 1674 1760 1694 narra-

972 1711 1075 1737 tionem
1087 1710 1121 1737 ad
1132 1710 1301 1745 spiritualem
1314 1710 1573 1744 contemplationem
1587 1711 1736 1739 transferre
1751 1721 1758 1739 ε

972 1760 1053 1790 atque
1067 1763 1116 1790 age
1127 1755 1252 1782 dicamus
1263 1762 1417 1782 sermonem
1433 1755 1467 1782 ab
1490 1755 1569 1783 initio
1592 1760 1757 1784 retexentes.

977 1802 1101 1837 1611121
1113 1803 1186 1829 enim
1208 1802 1339 1829 studiosis
1362 1802 1464 1830 Christi
1475 1803 1760 1839 mysteriummanife-

976 1853 1047 1875 stum
1061 1848 1153 1875 fuerit.

129 1894 184 1921 δεῖν
202 1895 242 1926 είς
259 1893 377 1930 θεωρίαν
395 1894 583 1929 πνευματικὴν
602 1895 668 1929 ἡμῖν
703 1895 937 1929 μεταπλάττεσθαι
957 1895 988 1921 τὸ
1003 1895 1134 1931 διήγημα.
1155 1895 1208 1922 Καὶ
1222 1896 1287 1931 φέρε
1302 1895 1334 1932 δὴ
1348 1895 1471 1931 λέγωμεν
1485 1897 1579 1925 ἀνόπιν
1606 1899 1700 1931 ἰόντες,
1713 1901 1760 1927 καὶ

129 1943 170 1973 εἰς
192 1941 280 1977 ἀρχὴν
307 1942 500 1978 ἁνατρέχοντες
520 1941 565 1968 τοῦ
594 1942 693 1974 παντὸς
715 1942 803 1977 λόγου.
831 1943 918 1977 Σαφὲς
937 1943 991 1979 γὰρ
1004 1943 1036 1970 ἂν
1048 1944 1150 1978 γένοιτο
1164 1945 1220 1975 τοῖς
1248 1944 1446 1979 χρηστομαθεῖν
1477 1946 1623 1981 ᾑρημένοις
1642 1947 1671 1973 τὸ
1691 1949 1758 1984 Χρι-

131 1989 195 2017 στοῦ
213 1998 248 2025 μυ
253 1990 300 2025 στή
305 1998 372 2025 ριον.

164 2038 330 2072 γ’.Φονῶντα
336 2038 424 2065 τοίνυν
432 2038 476 2064 τὸν
483 2038 597 2073 ἀδελφὺν
610 2039 655 2065 καὶ
664 2038 803 2074 θηριωδῶς
813 2038 919 2074 ἀγριαί-

1010 2037 1036 2064 3.
1051 2037 1173 2064 Fratrem
1185 2036 1276 2070 itaque
1289 2040 1405 2063 mortem
1420 2037 1470 2071 ipsi
1484 2036 1696 2070 machinantem,
1716 2043 1758 2065 at-

130 2092 209 2111 νοντα
223 2083 342 2115 δεδειὼς,
366 2084 403 2115 ὡς
419 2084 541 2115 εἰκότως,
556 2085 570 2111 ὁ
585 2083 726 2115 θεσπέσιος
748 2084 856 2116 Ἰακὼϐ,
873 2084 921 2119 τὴν

973 2090 1026 2117 que
1036 2083 1120 2109 instar
1131 2081 1228 2108 bellum
1240 2080 1380 2116 cujusdam
1391 2081 1568 2108 ferocientem
1580 2087 1715 2114 metuens,
1729 2089 1758 2110 ut

130 2131 170 2162 εἰς
182 2130 296 2166 Χαρράν
307 2138 338 2156 τε
354 2129 400 2156 καὶ
412 2129 504 2156 Δάϐαν
521 2129 676 2164 ἀποδημίαν
694 2129 842 2161 ἐστέλλετο,
860 2138 920 2156 συν⁸

973 2136 1023 2163 par
1033 2132 1102 2161 erat,
1118 2129 1202 2157 Iacob
1218 2128 1415 2163 profectionem
1434 2128 1467 2154 ad
1478 2127 1599 2155 Charran
1614 2133 1642 2156 et
1663 2129 1757 2156 Laban

131 2175 267 2208 αινοῦντος
279 2175 355 2210 αὑτῷ
369 2175 419 2210 τὴν
433 2175 589 2211 ἁποδρομὴν
602 2173 649 2201 τοῦ
671 2174 783 2210 πατρὸς,
800 2175 921 2201 τουτέστι

973 2174 1100 2207 instituit,
1115 2174 1283 2209 approbante
1298 2173 1384 2208 ipsius
1397 2172 1546 2200 discessum
1554 2178 1640 2209 patre,
1655 2175 1706 2202 hoe
1716 2180 1758 2202 est

128 2221 177 2248 τοῦ
196 2221 300 2248 Ἰσαάκ.
329 2218 432 2247 Ἐδόκει
454 2220 509 2255 γὰρ
524 2219 575 2256 ᾧδε
597 2219 840 2255 παρακρούσασθαι
867 2220 921 2246 δεῖν

973 2220 1056 2247 Isaac.
1071 2221 1110 2248 lta
1122 2221 1195 2248 enim
1208 2219 1354 2247 videbatur
1365 2218 1542 2247 submotunis
1567 2229 1582 2247 a
1606 2228 1634 2248 se
1656 2221 1757 2249 rabiosi

127 2267 175 2294 τοῦ
187 2267 376 2302 λελυπημένου
385 2267 434 2302 τὴν
450 2248 552 2301 ἐλροδον.
574 2248 737 2302 ’Δφιγμένος
751 2266 782 2301 δὴ
796 2264 842 2293 οὖν
855 2266 921 2301 πρὸς

973 2266 1093 2293 hominis
1107 2266 1233 2293 insultus.
1247 2265 1314 2293 Cum
1328 2265 1419 2300 itaque
1430 2265 1598 2300 pervenisset
1609 2266 1641 2293 ad
1653 2267 1756 2300 Laban,

129 2313 235 2345 Δάῦαν,
246 2313 427 2348 ἐμνηστεύετο
443 2313 492 2348 μὲν
510 2312 560 2345 τὰς
576 2312 623 2340 τοῦ
643 2312 740 2347 ἀνδρὸς
758 2312 921 2348 θυγατέρας,

974 2312 1050 2339 duxit
1066 2312 1140 2339 illius
1157 2311 1236 2344 ﬁlias,
1257 2311 1332 2338 Liam
1346 2310 1476 2338 nimirum
1493 2315 1521 2338 et
1536 2311 1653 2344 Rachel,
1673 2312 1757 2340 ﬁlios-

129 2360 211 2386 Λείαν
217 2368 247 2386 τε
259 2360 332 2394 φημὶ
346 2360 392 2386 καὶ
405 2359 516 2394 Ῥαχὴλ,
534 2359 581 2386 καὶ⁵
595 2359 627 2394 δὴ
643 2359 690 2385 καὶ
706 2359 809 2385 τέκνων
823 2358 921 2385 ἐπλού-

973 2367 1028 2394 que
1046 2364 1143 2386 nactus
1152 2363 1204 2390 est,
1214 2363 1241 2385 et
1253 2365 1381 2393 pecorum
1390 2365 1495 2392 greges,
1509 2365 1540 2384 ac
1553 2362 1683 2392 praeterea
1692 2359 1758 2386 alias

128 2414 170 2432 τει
184 2405 278 2441 γονὴν,
295 2405 342 2432 καὶ
355 2405 520 2440 θρεμμάτων
537 2405 649 2440 ἀγέλας,
666 2405 714 2432 καὶ
734 2405 802 2439 πρὸς
818 2404 921 2436 τούτοις

973 2404 1056 2431 etiam
1084 2403 1237 2430 facultates.
1266 2401 1335 2429 Cum
1355 2406 1447 2428 autem
1468 2401 1502 2429 ad
1534 2406 1635 2429 tantam
1665 2411 1757 2431 rerum

129 2451 170 2478 ἔτι
185 2451 236 2486 τὴν
251 2451 348 2487 ἑτέραν
359 2451 464 2479 οὐσίαν,
483 2451 590 2486 Ἐπειδὴ
609 2451 637 2477 δὲ
647 2448 714 2487 ἧκεν
726 2451 766 2482 εἰς
782 2450 860 2477 τοῦτο
870 2450 921 2477 λοι-

973 2448 1140 2476 aﬂluentiam
1166 2447 1345 2483 pervenisset,
1366 2447 1504 2482 propriam
1522 2447 1634 2475 domum
1656 2449 1758 2478 habere

129 2497 180 2523 πὺν
191 2482 327 2530 adeum},
344 2495 418 2524 οἷκον
426 2497 490 2524 ἴδιον
498 2498 571 2533 ἐχειν
584 2482 740 2529 ἐσκέπτετο,
750 2497 797 2523 καὶ
809 2496 920 2531 ἀπαίρει

973 2494 1090 2527 curavit,
1118 2501 1150 2520 ac
1166 2482 1283 2520 discedit
1306 2492 1417 2528 quidem
1436 2500 1452 2520 e
1472 2492 1603 2526 Charran,
1637 2499 1718 2529 atque
1742 2482 1781 2530 at

130 2544 181 2579 μὲν
193 2543 242 2578 τῆς
258 2544 371 2579 Χαρρὰν
383 2543 430 2570 καὶ
445 2543 492 2578 τῆς
501 2543 593 2570 Λὰὁαν
607 2542 709 2573 ἑστίας,
725 2541 792 2578 ὁμοῦ
805 2543 859 2573 τοῖς
870 2550 920 2568 πε-

973 2539 1055 2567 domo
1068 2539 1159 2566 Laban
1172 2546 1234 2566 cum
1253 2538 1287 2565 iis
1299 2546 1361 2573 quae
1387 2538 1563 2574 acquisierat,
1591 2543 1672 2574 atque
1689 2549 1757 2567 uxo-

129 2589 317 2624 πορισμένοις,
331 2589 377 2615 καὶ
390 2588 443 2624 μὴν
453 2589 501 2615 καὶ
515 2589 585 2624 μερὰ
594 2589 730 2623 γυναικῶν
748 2588 794 2614 καὶ
806 2588 918 2614 τέκνων.

973 2586 1049 2613 ribus
1073 2589 1100 2612 et
1115 2585 1188 2611 (iliis.
1215 2584 1400 2618 Persequente
1421 2591 1488 2611 vero
1505 2584 1608 2618 Laban,
1632 2593 1757 2620 compre-

128 2634 277 2666 Aubxovto;
289 2634 317 2660 δὲ
327 2634 374 2660 τοῦ
393 2634 496 2667 Λάϐαν,
511 2634 730 2669 κατελαμϐάνετο
743 2634 804 2668 μὲν,
816 2633 920 2660 συνετί-

973 2632 1077 2660 hensus
1087 2630 1199 2665 quidem
1213 2634 1265 2662 est,
1283 2630 1432 2664 composita
1444 2635 1536 2657 autem
1549 2638 1593 2658 res
1604 2636 1645 2658 est
1655 2632 1689 2659 ad
1711 2640 1759 2667 pa-

128 2680 170 2707 0:t
186 2680 214 2706 δὲ
229 2680 263 2706 τὰ
276 2679 344 2714 πρὸς
358 2681 479 2715 εἰρήνην,
502 2679 548 2706 καί⁸
569 2680 619 2714 τῆς
641 2679 750 2713 ἀγάπης
763 2679 809 2704 τὸν
827 2678 919 2705 σύνδε-

973 2685 1051 2713 cem,
1075 2676 1230 2711 amorisque
1250 2675 1392 2702 vinculum
1417 2676 1589 2703 confirmavit
1621 2677 1760 2706 Christus.

129 2735 199 2760 σμον
219 2725 344 2752 ἑὸεὸαίου
373 2725 491 2761 Χριστός
525 2725 716 2760 ’Λνεστηλοῦτο
738 2725 792 2760 γὰρ
815 2725 829 2751 ὀ
848 2725 920 2756 λίθος

973 2724 1088 2751 Erectus
1101 2723 1174 2749 enim
1186 2727 1228 2750 est
1243 2723 1312 2757 lapis
1324 2721 1351 2749 in
1365 2727 1460 2757 typum
1476 2722 1572 2757 ipsius.
1586 2723 1682 2750 Postea
1693 2731 1758 2751 vero

127 2774 167 2804 εἰς
184 2772 269 2799 τύπον
281 2771 374 2799 αὑτοῦ.
389 2770 454 2798 Εἶτα
470 2771 539 2807 μετὰ
553 2771 632 2798 τοῦτο
643 2770 818 2807 μεταθέοντος
831 2770 920 2797 οἶκαδε

973 2778 1036 2798 cum
1051 2771 1107 2806 jam
1119 2769 1212 2797 Laban
1227 2769 1339 2796 domum
1350 2769 1487 2802 rediissct,
1504 2777 1598 2805 pacem
1608 2769 1688 2796 etiam
1698 2770 1759 2796 iniit

164 2865 188 2882 ⁷³
199 2865 223 2894 ll
235 2865 306 2893 Tim.
320 2874 349 2899 ιι,
364 2866 408 2893 24.
448 2865 470 2881 ⁷’·
491 2865 558 2893 Rom
585 2873 648 2898 xx",
664 2865 706 2893 l6.
745 2865 767 2881 "
779 2864 862 2893 Eccli.
881 2872 921 2899 in,

982 2864 1104 2902 ;Philip.
1124 2872 1153 2898 ιι,
1172 2865 1198 2892 5.
1235 2864 1319 2893 "Job
1331 2873 1356 2898 ν,
1370 2864 1414 2892 22.
1453 2865 1475 2880 ⁷⁷
1495 2865 1562 2891 Gen.
1585 2871 1678 2894 xxxiii,
1693 2862 1718 2889 4.
