1990 3050
251 159 304 188 259

762 162 790 189 S.
811 162 948 190 CYRILIJ
968 160 1204 189 ALEXANDRINI
1223 160 1381 188 ARCHIEP.

1827 162 1879 189 ΞΑῑῠ

250 223 314 243 cum
327 215 412 243 veteri
424 216 512 248 hoste,
523 216 570 252 qui
584 217 670 252 ipsius
695 217 758 246 vitae
774 218 901 246 ferociter
925 217 1034 245 insidia-

1091 216 1183 244 λοιπὸν
1203 218 1250 245 καὶ
1266 217 1446 253 ἀποιχομένου
1469 217 1516 244 τοῦ
1530 217 1634 248 Λάϐαν,
1652 217 1823 252 συμὸέὸηκεν
1838 219 1878 250 εἰς

251 261 341 294 batur,
362 262 444 295 Esau,
462 263 585 298 inquam.
598 263 719 292 Osculati
731 265 805 292 enim
821 270 885 292 sunt
910 265 1038 297 invicem,

251 311 404 341 spontaneo
418 308 620 342 quodammodo
633 309 662 336 in
679 314 806 337 mutuum
833 317 957 337 amorem
971 317 1039 336 eon-

251 360 335 380 cursu
353 354 522 388 praeteritum
535 361 682 381 mmrorem
693 354 879 382 oblitterante.
893 355 922 382 In
937 355 980 382 his
991 355 1041 382 ita—

250 405 304 432 que
315 399 398 425 totius
406 399 527 426 historia:
537 407 627 426 sermo
636 403 678 427 est
685 405 873 435 consumptus.
884 401 1040 428 Meminisse

250 451 316 470 vero
329 448 447 478 oportet,
462 445 545 472 Jacob
563 445 665 472 Christi
687 453 832 480 personam
853 454 868 474 a
893 447 973 474 nobis
991 447 1040 474 tri-

250 489 344 517 butam
361 498 432 523 esse,
459 499 656 526 nonnunquam
681 492 765 519 etiam
790 500 887 519 eorum
916 493 963 528 qui
991 500 1040 527 per

250 534 484 570 [idemjustiﬁcati
515 540 587 563 sunt.
616 537 688 565 Esau
705 542 797 565 autem
821 539 952 574 populum
984 539 1039 566 cir-

249 581 400 607 cumcisum
411 584 439 608 et
464 581 515 608 sub
538 581 597 616 lege
609 590 665 616 pra:
679 590 709 610 se
719 582 792 610 ferre
806 583 925 612 diximus
939 593 944 610 :
957 584 1040 619 idque

249 624 395 660 praecipue,
407 625 470 659 quia
490 625 682 654 universorum
708 627 842 656 Dominus
866 629 948 661 Deus,
976 637 1039 657 cum

248 669 339 696 adhuc
348 673 427 696 utero
438 674 557 704 gestaret
569 672 699 706 gemellos
712 672 847 706 Rebecca,
864 673 903 700 illi
916 674 1007 709 inquit
1030 684 1035 702 :

252 725 262 741 ‹
281 715 346 743 Duae
360 719 466 751 gentes,
484 720 513 744 et
524 717 580 744 duo
599 719 693 754 populi
715 724 854 748 exventre
881 724 928 748 tuo
945 721 1038 749 orien-

249 763 303 792 tur,
318 765 345 788 et
360 762 477 796 populus
487 763 618 797 populum
631 764 782 799 superabit,
797 769 824 792 et
837 766 924 801 major
936 767 1039 795 serviet

247 806 348 832 minori
360 805 393 833 ⁷⁸.
405 816 414 832 ι
435 807 512 840 Quod
523 808 633 843 quidem
650 809 802 844 perfectum
820 815 862 838 est
889 819 938 846 per
957 811 1037 840 Chri-

1090 263 1202 298 είρήνην
1222 263 1270 290 καὶ
1285 262 1358 298 αὺτῷ
1369 262 1408 298 τῷ
1420 263 1503 290 πάλαι
1517 263 1631 297 φονῶντι
1642 263 1689 290 καὶ
1701 263 1877 298 ἀγριαίνοντι,

1089 309 1227 336 τουτέστιν
1240 307 1338 336 Ἡσαῦ.
1349 309 1564 344 Κατησπάζοντο
1574 309 1628 344 γὰρ
1639 308 1779 344 ἀλλήλους,
1793 318 1879 336 κατα-

1089 355 1239 391 χωννύντες
1251 355 1351 391 τρόπον
1365 354 1426 381 τινὰ
1441 356 1501 386 ταῖς
1522 355 1562 386 εἰς
1581 354 1755 390 φιλαλληλίαν
1768 355 1880 390 συνδρο-

1091 403 1165 438 μαῖς,
1181 402 1231 436 τὴν
1256 401 1303 428 ἐπὶ
1319 402 1376 433 τοῖς
1396 401 1515 436 φθάσασι
1530 400 1691 436 δυσθυμίαν.
1716 402 1760 428 Ἐν
1773 401 1880 434 τούτοις

1090 447 1140 484 μὲν
1152 449 1166 474 ὁ
1186 447 1297 483 σύμπας
1308 447 1357 482 τῆς
1377 447 1496 482 ἱστορίας
1514 447 1699 483 διεπεραίνετο
1722 447 1810 482 λόγος,
1832 456 1880 483 με-

1090 494 1217 529 μνήμεθα
1234 493 1261 519 δὲ
1280 494 1327 520 καὶ
1351 494 1430 528 ἡμεῖς
1445 492 1484 528 τῷ
1502 493 1551 528 μὲν
1575 492 1670 519 Ἰακὼϐ
1691 493 1721 519 τὸ
1734 494 1816 520 αὑτοῦ
1832 493 1879 520 τοῦ

1088 540 1206 576 Χριστοῦ
1220 539 1375 575 περιθέντες
1390 539 1545 574 πρόσωπον,
1565 539 1607 571 εἰς
1620 539 1648 565 δέ
1658 547 1708 565 που
1725 539 1812 566 καὶτὸ
1825 539 1880 566 τῶν

1088 585 1117 612 ὲν
1129 585 1216 612 πίστει
1226 584 1454 619 δεδικαιωμένων.
1468 584 1519 610 Τὸν
1535 583 1564 610 δέ
1577 592 1608 618 γε
1629 583 1714 610 Ἡσαῦ
1725 583 1880 610 ἀνατυποῦν

1088 631 1193 667 ἔφαμεν
1209 631 1251 666 ἐφ’
1275 630 1365 666 ἐαυτῷ
1388 630 1434 657 τὸν
1450 630 1483 657 ἐκ
1509 630 1658 665 περιτομῆς
1680 630 1727 656 καὶ
1751 631 1779 656 ἐν
1805 629 1879 666 νόμῳ

1088 677 1151 705 λαόν
1162 686 1168 693 ·
1182 677 1288 712 μάλισθ’
1301 677 1341 703 ὅτι
1358 676 1404 702 καὶ
1418 676 1499 708 αὐτὸς
1514 676 1528 702 ό
1543 675 1652 702 πάντων
1665 676 1802 710 Δεσπότης
1812 675 1879 708 Θεὸς

1089 724 1118 750 ἐν
1131 723 1224 750 ὠδῖσιν
1247 723 1286 749 ἔτι
1302 721 1352 758 τὴν
1367 722 1422 749 τῶν
1443 722 1592 755 νεανίσκων
1614 722 1712 757 ἐχούσῃ
1731 722 1825 753 δυάδα,
1845 723 1878 758 τῇ

1094 768 1227 803 Ῥεϐέκκα
1239 768 1324 804 φησί’
1346 777 1355 794 ι
1370 767 1422 794 Δύο
1440 767 1503 803 ἔθνη
1519 768 1566 794 καὶ
1583 767 1630 794 δύο
1648 767 1706 794 λαοὶ
1722 768 1754 794 ἐκ
1776 767 1878 799 κοιλίας

1090 823 1136 842 σου
1156 814 1396 850 διασταλήσονται,
1423 814 1471 841 καὶ
1501 813 1564 846 λαὸς
1589 813 1653 840 λαοῦ
1675 813 1811 849 ὑπερέξει,
1832 813 1878 840 καὶ

247 855 330 878 stum.
344 852 426 879 Primi
440 853 513 880 enim
536 854 701 882 exsistentes
717 857 849 891 temporis
874 858 981 885 ratione
1000 858 1034 886 Ιε·

1088 862 1102 887 ό
1120 861 1221 897 μείζων
1232 860 1369 888 δουλεύσει
1379 860 1417 896 τῷ
1431 861 1564 888 ἐλάσσονι.
1581 871 1589 887 ι
1613 862 1645 887 ’Ὁ
1660 860 1691 896 δὴ
1708 861 1756 887 καὶ
1773 859 1876 887 τετέλε-

247 898 360 930 raelitae,
392 899 508 934 ideoque
535 901 624 928 vocati
649 902 836 938 primogeniti,
871 905 1034 938 posteriores

1091 896 1151 934 σται
1162 907 1206 934 διὰ
1217 907 1345 943 Χριστοῦ.
1357 907 1462 942 Πρῶτοι
1475 906 1528 942 γὰρ
1542 907 1618 939 ὄντες
1636 908 1673 938 ὡς
1692 906 1762 933 κατὰ
1782 907 1877 941 χρόνον

246 943 311 971 facti
327 948 400 977 sunt,
412 949 440 972 et
451 953 465 972 a
477 949 553 981 tergo
564 947 646 981 positi
660 947 694 975 iis
701 948 749 982 qui
760 956 809 983 per
821 948 902 976 ﬁdem
920 950 947 977 in
961 950 1038 977 Chri-

247 992 300 1021 sto,
320 990 367 1024 qui
386 993 414 1016 ct
437 990 612 1025 primogeniti
633 992 749 1027 gloriam
773 993 828 1020 sibi
851 993 1036 1028 vindicarunt,

246 1039 360 1069 propter
373 1042 436 1062 eum
450 1034 498 1069 qui
513 1035 541 1062 in
557 1035 623 1070 ipsis
639 1041 682 1064 est
695 1037 906 1073 primogenitus,
928 1041 1037 1067 tametsi

246 1080 283 1107 sit
294 1080 460 1116 unigenitus,
473 1081 517 1108 cui
537 1082 620 1109 etiam
642 1083 798 1112 conformes
815 1084 880 1112 facti
908 1089 973 1112 sunt
988 1094 1038 1121 per

246 1126 385 1161 spiritum,
407 1127 540 1155 habentes
565 1129 803 1163 regenerationem
827 1131 856 1158 in
882 1133 1037 1160 sanctiﬁca-

247 1171 349 1200 tionem
363 1177 445 1207 atque
456 1173 702 1210 incorruptionem.
714 1176 819 1204 Invidia
827 1177 919 1213 itaque
933 1178 1040 1206 inﬂam-

246 1221 336 1245 matus
350 1218 431 1251 Esau,
448 1219 501 1247 hoc
519 1225 562 1248 est
580 1220 680 1254 Israel,
700 1227 865 1256 persecutus
887 1228 928 1250 est
942 1224 1036 1257 Iacob,

245 1263 396 1296 Christum,
413 1264 536 1300 inquam.
548 1266 713 1294 Indiﬂ‘erens
726 1275 803 1300 vero,
816 1273 846 1296 ut
859 1269 926 1301 dixi,
946 1269 974 1296 in
994 1270 1038 1298 his

246 1308 326 1335 nobis
347 1313 392 1336 est
412 1317 514 1343 sermo,
546 1318 655 1346 semper
677 1311 808 1340 decorum
825 1314 986 1347 observans,
1005 1323 1037 1344 ac

245 1353 363 1381 subinde
380 1354 491 1388 quidem
503 1355 537 1382 ad
556 1355 696 1384 Christum
708 1357 830 1386 referens
847 1360 925 1394 162
936 1361 1035 1395 Iacob;

245 1399 363 1427 subinde
376 1408 442 1428 vero
458 1401 491 1428 ad
508 1409 608 1428 novum
622 1410 655 1430 ac
669 1403 776 1431 ﬁdelem
791 1406 933 1440 populum.
949 1407 1036 1434 Vexa-

245 1449 291 1473 tus
305 1446 396 1481 itaque
415 1447 617 1481 quodammodo
631 1453 659 1476 et
674 1449 771 1477 nolens
781 1451 907 1479 Christus
925 1452 952 1479 in
969 1461 1037 1488 gen-

246 1491 314 1518 tium
330 1492 469 1527 regionem
482 1492 560 1525 abiit,
582 1498 676 1528 aperte
695 1495 838 1523 clamans:
864 1507 873 1522 ι
899 1498 1036 1534 Dereliqui

244 1535 356 1563 domum
379 1545 485 1570 meam,
511 1538 603 1566 dimisi
626 1539 814 1568 haereditatem
834 1550 942 1575 meam,
969 1543 1032 1570 dedi
1046 1560 1068 1590 ο

244 1580 373 1609 dilectam
384 1582 503 1609 animam
519 1591 607 1610 meam
618 1583 646 1610 in
662 1591 760 1611 manus
775 1585 950 1614 inimicorum
961 1589 1031 1623 ejus.

244 1626 326 1654 Facta
345 1631 388 1654 est
411 1627 558 1655 haereditas
582 1636 642 1656 mea
656 1629 723 1656 mihi
736 1631 813 1665 quasi
838 1632 882 1658 leo
900 1632 928 1659 in
954 1633 1032 1661 silva;

244 1672 325 1699 Dedit
338 1677 433 1700 contra
447 1681 491 1700 me
505 1681 601 1701 vocem
612 1682 688 1702 suam
704 1684 711 1708 ;
726 1675 788 1703 ideo
803 1677 877 1704 odivi
896 1685 956 1705 eam
969 1679 1002 1706 τ’.
1021 1688 1029 1705 ι

244 1718 379 1746 Caeterum
396 1719 479 1746 etiam
492 1720 655 1748 mulieribus
674 1721 702 1748 in
722 1722 802 1749 horto
821 1728 882 1758 post
907 1732 1033 1752 resurre-

244 1764 366 1791 ctionem
387 1772 402 1791 a
428 1765 545 1793 mortuis
568 1774 618 1800 pro
644 1774 694 1794 sua
717 1767 887 1804 benignitate
912 1770 1033 1805 seipsum

244 1809 439 1842 manifestavit,
449 1810 545 1839 dicens
556 1812 661 1845 :Abitc,
669 1814 794 1841 nuntiate
808 1814 940 1842 fratribus
952 1817 1030 1848 meis,

244 1860 275 1883 ut
288 1856 387 1883 abeant
410 1856 437 1883 in
450 1856 600 1890 Galilaaam,
621 1858 658 1884 ibi
675 1866 718 1886 me
729 1859 863 1887 videbunt
875 1859 911 1886 3°.
931 1870 940 1886 ›
963 1861 1031 1888 Pro-

243 1902 331 1929 fectus
357 1902 439 1937 igitur
462 1903 490 1930 in
506 1902 655 1936 Galilaeam,
680 1908 710 1931 ut
729 1908 758 1932 et
780 1905 877 1932 beatus
905 1906 988 1934 Iacob
1003 1907 1031 1934 in

242 1944 376 1979 Charran,
392 1947 466 1981 pavit
476 1944 541 1975 oves
556 1947 660 1981 Laban,
683 1949 736 1976 hoc
749 1953 791 1976 est
806 1950 911 1983 mundi,
923 1951 970 1986 qui
984 1959 1031 1979 co-

243 1991 316 2019 lebat
331 1996 481 2025 creaturas,
503 1997 584 2028 atque
595 1994 717 2026 errabat,
731 1995 838 2022 sicutet
851 1996 1031 2024 Laban.Cum

241 2037 315 2064 enim
330 2037 367 2064 ibi
383 2042 465 2071 esset,
483 2039 568 2066 veluti
581 2047 698 2074 sponsus
712 2039 847 2075 quispiam
870 2042 1031 2076 spiritaliter

243 2082 271 2109 in
282 2082 392 2110 domum
413 2091 491 2110 suam
513 2084 665 2111 introducit
687 2085 820 2120 virginem
842 2091 954 2120 castam,
980 2089 1032 2116 Ec-

241 2127 353 2155 clesiam
364 2137 398 2155 ex
410 2130 548 2164 gentibus,
564 2130 615 2157 hoc
632 2134 675 2157 est
691 2131 804 2163 Rachel,
826 2131 959 2161 inducens
977 2143 1030 2162 una

241 2181 303 2200 cum
315 2174 373 2209 ipsa
386 2175 468 2202 etiam
484 2183 544 2203 eam
561 2184 622 2211 quae
633 2180 713 2203 antea
729 2185 779 2211 per
790 2178 877 2213 legem
892 2179 942 2214 ipsi
962 2188 1029 2208 con-

1088 954 1112 979 οί
1127 952 1156 986 ἐξ
1177 952 1296 988 Ἰσραὴλ,
1324 952 1516 988 ὠνομασμένοι
1530 952 1574 979 διὰ
1593 952 1674 979 τοῦτο
1699 953 1876 988 πρωτότοκοι,

1088 998 1202 1026 κατόπιν
1218 998 1356 1033 γεγόνασι,
1382 998 1430 1024 καὶ
1449 998 1488 1029 είς
1510 997 1594 1024 νῶτον
1609 997 1743 1024 τέθεινται
1764 997 1819 1024 τῶν
1833 997 1878 1024 διὰ

1088 1044 1205 1076 πίστεως
1219 1045 1248 1071 ἐν
1263 1043 1383 1079 Χριστῷ,
1398 1043 1422 1069 οἳ
1444 1043 1491 1069 καὶ
1504 1043 1553 1077 τὴν
1568 1043 1616 1069 τοῦ
1637 1043 1809 1078 πρωτοτόκου
1829 1051 1876 1070 κε-

1088 1090 1311 1126 κληρονομήκασι
1325 1090 1415 1122 δόξαν,
1427 1090 1471 1116 διὰ
1487 1090 1532 1115 τὸν
1544 1089 1573 1115 ὲν
1587 1089 1677 1120 αὐτοῖς
1694 1089 1876 1124 πρωτότοκον,

1088 1136 1112 1162 εἰ
1131 1135 1177 1162 καὶ
1203 1135 1260 1162 ἐστι
1276 1134 1430 1170 μονογενὴς,
1455 1130 1477 1167 ᾧ
1496 1134 1543 1161 καὶ
1563 1133 1718 1169 σύμμορφοι
1737 1134 1873 1168 γεγόνασι,

1087 1180 1137 1216 τὴν
1162 1179 1207 1206 διὰ
1224 1179 1379 1215 πνεύματος
1401 1179 1580 1214 ἁναγέννησιν
1597 1179 1703 1214 ἔχοντες
1718 1179 1756 1210 εἰς
1772 1179 1877 1214 ἀφθαρ-

1088 1227 1148 1253 σίαν
1173 1235 1203 1253 τε
1223 1226 1270 1253 καί
1294 1226 1439 1261 ἁγιασμόν.
1470 1225 1560 1259 Φθόνῳ
1583 1224 1629 1252 οὖν
1650 1225 1875 1260 διακεκαυμένος,

1094 1273 1189 1305 Ἡσαῦ,
1209 1272 1372 1299 τουτέστινὸ
1390 1271 1507 1307 Ἰσραὴλ,
1527 1271 1621 1298 ἐδίωκε
1633 1271 1679 1299 τὸν
1701 1271 1808 1305 Ἰακὼϐ,
1823 1281 1876 1308 φη-

1089 1319 1119 1354 μί
1137 1319 1169 1355 δὴ
1192 1318 1239 1346 τὸν
1254 1318 1381 1354 Χριστόν.
1404 1319 1558 1354 Ἀδιαφορεῖ
1572 1318 1609 1351 δέ,
1626 1318 1664 1350 ὡς
1679 1318 1756 1353 ἔφην,
1771 1319 1800 1344 ἐν
1818 1317 1876 1344 τού-

1086 1374 1144 1397 τοις
1168 1366 1234 1401 ἡμῖν
1252 1366 1266 1392 ὁ
1291 1365 1379 1398 λόγος.
1406 1365 1437 1391 τὸ
1461 1365 1565 1400 πρέπον
1579 1365 1621 1391 ἀεὶ
1638 1364 1804 1400 θηρώμενος»
1828 1364 1875 1391 καὶ

1086 1411 1151 1437 ποτέ
1164 1410 1213 1446 μέν
1228 1412 1268 1442 εἰς
1283 1411 1399 1446 Χριστὸν
1416 1411 1560 1446 ἀναφέρων
1572 1410 1617 1437 τὸν
1639 1410 1753 1442 Ἰακὼϐ,
1767 1410 1832 1436 ποτὲ
1847 1410 1874 1436 δὲ

1086 1456 1127 1486 εἰς
1140 1455 1186 1482 τὸν
1209 1455 1268 1482 νέον
1287 1457 1316 1482 ἐν
1332 1455 1422 1482 πίστει
1443 1455 1516 1482 λαόν.
1538 1455 1723 1491 Δεδιωγμένος
1735 1455 1763 1481 δὲ
1774 1455 1875 1490 τρόπον

1086 1501 1148 1528 τινὰ
1165 1501 1213 1528 καὶ
1226 1501 1275 1537 οὐχ
1291 1501 1360 1528 έκὼν
1379 1502 1393 1527 ὁ
1404 1502 1520 1536 Χριστὸς
1533 1501 1573 1533 εἰς
1588 1501 1638 1537 τὴν
1653 1500 1707 1527 τῶν
1720 1500 1804 1527 ἐθνῶν
1822 1501 1875 1528 ἁπ-

1086 1548 1206 1585 εδήμησε
1221 1548 1323 1584 χώραν,
1334 1548 1482 1584 διαρρήδην
1495 1547 1702 1583 ἀνακεκραγώς·
1719 1557 1728 1574 ι
1746 1547 1877 1582 Ἑγκατα-

1085 1594 1197 1621 λέλοιπα
1213 1595 1259 1621 τὸν
1270 1593 1344 1621 οἶκόν
1363 1603 1425 1630 μου,
1436 1594 1532 1629 ἀφῆκα
1552 1594 1600 1630 τὴν
1616 1594 1797 1630 κληρονομίαν
1811 1603 1874 1629 μου,

1084 1640 1172 1667 ἔδωκα
1185 1641 1234 1675 τὴν
1250 1640 1432 1675 ἠγαπημένην
1447 1640 1536 1675 ψυχήν
1552 1648 1604 1674 μου
1618 1641 1658 1672 εις
1666 1641 1759 1675 χεῖρας
1769 1639 1873 1675 ἐχθρῶν

1084 1687 1179 1721 αὐτῆς.
1202 1687 1380 1722 Ἑγεννήθηὴ
1401 1686 1568 1722 κληρονομία
1599 1694 1649 1720 μου
1673 1685 1734 1721 ἐμοὶ
1752 1685 1789 1717 ὡς
1805 1686 1874 1712 λέων

1084 1733 1112 1758 ἐν
1126 1732 1231 1767 δρυμῷ.
1247 1732 1367 1758 Ἔδωκεν
1397 1732 1440 1758 ἐπ’
1460 1731 1510 1767 ἐμὲ
1528 1731 1579 1767 τὴν
1595 1731 1686 1766 φωνὴν
1708 1731 1806 1764 αὐτῆς,
1829 1732 1874 1758 διὰ

1083 1777 1161 1804 τοῦτο
1181 1777 1300 1812 ἐμίσησα
1313 1777 1409 1812 αὑτήν.
1429 1787 1438 1802 ι
1459 1776 1538 1804 Ἀλλὰ
1556 1778 1603 1803 καὶ
1624 1777 1684 1808 ταῖς
1700 1777 1728 1802 ἐν
1736 1776 1774 1811 τῷ
1793 1776 1874 1812 κήπῳ

1083 1821 1190 1856 γυναιξὶ
1216 1822 1284 1856 μετὰ
1304 1822 1352 1857 τὴν
1383 1823 1415 1848 ἐκ
1437 1821 1543 1856 νεκρῶν
1558 1822 1705 1848 ἀνάστασιν
1720 1820 1748 1853 ἐξ
1773 1821 1874 1856 ἡμερό-

1082 1876 1163 1904 τητος
1177 1868 1223 1894 καὶ
1240 1867 1443 1902 φιλανθρωπίας
1456 1867 1551 1893 ἑαυτὸν
1569 1867 1675 1901 ἐμφανῆ
1690 1866 1816 1901 καθίστη,
1831 1867 1873 1893 λέ-

1083 1922 1149 1949 γων·
1169 1924 1178 1939 ι
1202 1913 1542 1948 ’Υπάγετε,ἀπαγγείλατε
1553 1914 1607 1944 τοῖς
1620 1913 1742 1947 ἀδελφοῖς
1759 1912 1872 1948 μου,ἱ’να

1083 1961 1238 1988 ἀπέλθωσιν
1264 1961 1304 1992 εἰς
1318 1960 1367 1995 τὴν
1389 1960 1544 1992 Γαλιλαίαν,
1565 1960 1645 1986 κάκεῖ
1661 1968 1694 1995 με
1722 1960 1842 1995 ὕψονται.
1860 1970 1869 1986 ι

1089 2007 1254 2042 ’Λφιγμένος
1278 2006 1310 2041 δὴ
1327 2004 1373 2032 οὖν
1386 2006 1426 2038 είς
1448 2005 1496 2041 τὴν
1518 2005 1671 2039 Γαλιλαίαν,
1696 2005 1767 2032 καθὰ
1789 2006 1836 2032 καὶ
1858 2006 1872 2031 ὁ

1082 2053 1224 2084 θεσπέσιος
1247 2052 1343 2079 Ἰακὼὸ
1356 2053 1395 2084 εις
1410 2051 1533 2088 Χαρρὰν,
1554 2052 1694 2087 ἐποίμαινε
1714 2052 1747 2078 τὰ
1767 2052 1873 2086 πρόϐα-

1082 2107 1116 2126 τα
1132 2099 1235 2131 Λάϐαν,
1251 2098 1373 2125 τουτέστι
1389 2098 1436 2124 τοῦ
1452 2098 1566 2133 κόσμου,
1583 2098 1630 2124 τοῦ
1644 2099 1676 2133 τῇ
1694 2097 1782 2124 κτίσει
1794 2098 1872 2124 λελα·

1080 2145 1235 2180 τρευκότος,
1261 2144 1308 2171 καὶ
1337 2143 1558 2179 πεπλανημένον,
1581 2143 1651 2170 καθὰ
1674 2143 1749 2170 καὶὸ
1766 2144 1869 2170 Λάῦαν.

1089 2192 1163 2218 Ἐκεῖ
1177 2189 1307 2225 γεγονὼς,
1321 2187 1365 2217 οἷά
1379 2198 1421 2221 τις
1442 2189 1558 2224 νυμφίος
1576 2189 1751 2222 εἰσοικίξεται
1767 2190 1871 2224 νοητῶς

238 2220 332 2254 juncta
348 2221 584 2253 crat,Judaeorum
605 2222 772 2257 Synagogam
793 2224 871 2259 cujus
890 2229 968 2261 typus
989 2231 1031 2253 est

1085 2236 1216 2272 παρθένον
1228 2236 1323 2272 ἁγνὴν,
1338 2235 1387 2270 τὴν
1401 2235 1430 2268 ἐξ
1450 2235 1535 2262 ἐθνῶν
1561 2235 1734 2270 Ἐκκλησίαν,
1747 2235 1870 2262 τουτέστι

241 2264 299 2292 Lia.
318 2274 326 2290 ι
339 2265 453 2294 Salvata:
467 2267 541 2294 enim
559 2272 623 2294 sunt
638 2268 762 2303 reliquiae
776 2269 859 2297 Israel
873 2270 906 2303 ⁸¹,
921 2281 930 2297 ι
951 2272 1029 2307 juxta

241 2311 381 2346 propheta:
403 2320 513 2344 vocem,
535 2313 642 2340 etiamsi
667 2322 723 2341 non
739 2315 865 2343 universa
882 2317 1029 2346 multitudo

240 2356 355 2391 gratiam
376 2357 403 2384 in
418 2357 528 2385 Christo
550 2366 599 2393 per
624 2358 704 2386 ﬁdem
726 2359 755 2386 in
774 2361 863 2395 pretio
889 2363 1027 2392 habuerit.

239 2401 372 2429 Ostensus
389 2403 481 2437 itaque
505 2411 622 2438 sponsus
648 2406 776 2440 gentibus
799 2406 936 2440 Christus,
965 2418 1027 2437 cum

238 2448 457 2482 quamplurimos
477 2455 665 2484 regenerasset
679 2453 765 2486 gratia
780 2453 808 2480 in
824 2453 982 2482 ﬁliationem
1000 2456 1028 2483 in

237 2494 347 2528 spiritu,
363 2498 390 2521 et
403 2495 576 2523 rationalium
598 2505 728 2532 pecorum
744 2499 972 2529 innumerabilem
985 2510 1029 2530 re—

238 2557 303 2576 vera
317 2550 520 2579 multitudinem
530 2559 731 2589 congregasset,
740 2562 903 2590 persecutus
914 2563 956 2586 est
964 2567 1028 2586 cum

238 2595 367 2623 mundus.
393 2597 592 2632 Repugnarunt
615 2600 689 2627 enim
717 2608 909 2636 saepenumero
933 2604 1027 2639 gloria:

236 2640 338 2668 Christi
350 2642 461 2676 quidam
475 2651 583 2677 eorum,
595 2646 642 2679 qui
655 2645 682 2672 in
694 2647 797 2674 mundo
815 2649 920 2683 magnis
935 2650 1023 2678 hono-

237 2685 316 2714 ribus
336 2695 497 2722 summaque
508 2690 630 2724 potentia
648 2691 755 2726 praediti
769 2697 856 2720 erant.
871 2694 924 2721 Sed
940 2695 1023 2722 etiam

237 2732 312 2760 hunc
335 2734 454 2768 placavit
470 2735 562 2763 divina
578 2737 675 2772 gratia.
696 2738 812 2767 Mundus
836 2748 902 2767 vero
928 2749 1023 2776 pacem

236 2785 299 2806 cum
314 2779 423 2807 Christo
437 2780 509 2814 iniit,
525 2782 756 2817 quemadmodum
767 2790 795 2812 et
806 2785 898 2813 Laban
907 2795 968 2814 cum
981 2787 1025 2815 Ja-

271 2870 295 2887 "
309 2871 375 2900 Gen.
394 2883 454 2910 xxv,
469 2876 511 2903 23.
552 2878 574 2893 ⁷⁹
589 2878 690 2906 .lcrem.
713 2889 759 2914 xu,
775 2883 800 2909 7.

841 2884 863 2899 ‘"
875 2884 969 2912 Matth.
986 2894 1076 2918 xxvm,
1094 2886 1136 2914 10.

1088 2281 1200 2317 Ῥαχὴλ,
1212 2281 1380 2315 συνεισάγων
1392 2281 1459 2317 αὐτῇ
1474 2281 1521 2308 καὶ
1535 2280 1584 2316 τὴν
1597 2281 1646 2316 ἠδη
1655 2281 1698 2308 διὰ
1707 2281 1788 2316 νόμου
1804 2290 1870 2317 προ-

1082 2328 1304 2364 κατεζευγμένην
1317 2327 1402 2363 αὐτῷ,
1416 2328 1466 2363 τὴν
1478 2327 1532 2355 τῶν
1551 2328 1684 2354 Ἰουδαίων
1693 2329 1867 2364 Συναγωγὴν,

1081 2371 1115 2409 ἧς
1131 2373 1216 2405 τύπος
1241 2374 1258 2408 ἡ
1276 2373 1352 2400 Λεία.
1382 2383 1392 2400 ‹
1411 2373 1548 2400 Σέσωσται
1566 2373 1619 2410 γὰρ
1640 2374 1670 2400 τὸ
1693 2374 1868 2410 κατάλειμμα

1081 2419 1128 2446 τοῦ
1151 2419 1270 2455 Ἰσραὴλ,
1289 2429 1298 2445 ι
1318 2419 1389 2446 κατὰ
1410 2419 1458 2455 τὴν
1480 2418 1528 2446 τοῦ
1553 2420 1692 2454 προφήτου
1716 2421 1819 2457 φωνὴν,
1843 2422 1867 2448 εξ

1080 2465 1128 2491 καὶ
1155 2465 1192 2500 μὴ
1219 2465 1294 2491 πᾶσα
1319 2465 1399 2500 τυχὸν
1415 2466 1431 2499 ὴ
1453 2464 1557 2500 πληθὺς
1572 2465 1620 2501 τὴν
1639 2466 1690 2492 διὰ»
1701 2466 1818 2498 πίστεως
1837 2467 1866 2493 ὲν

1080 2511 1192 2546 Χριστῷ
1217 2511 1348 2546 τετίμηκε
1376 2511 1465 2546 χάριν.
1498 2511 1734 2546 Ἀναδεδειγμένος
1762 2512 1796 2548 δὴ
1819 2510 1866 2540 οὗν

1079 2557 1093 2582 ὁ
1101 2557 1216 2592 νυμφίος
1225 2556 1300 2591 παρά
1309 2557 1365 2588 τοῖς
1378 2556 1482 2583 ἔθνεσιν
1494 2558 1508 2583 ὁ
1516 2557 1643 2594 Χριστὸς,
1659 2558 1706 2584 καὶ
1719 2557 1866 2594 ἀναγεννή-

1079 2611 1128 2634 σας
1147 2604 1179 2638 τῇ
1192 2602 1283 2638 χάριτι
1303 2601 1446 2634 πλείστους
1457 2603 1536 2635 ὅσους
1551 2604 1590 2635 είς
1603 2603 1736 2630 υἱοθεσίαν
1749 2605 1777 2631 ἐν
1786 2604 1866 2631 πνεύ-

1079 2658 1155 2684 ματι,
1169 2649 1216 2675 καὶ
1232 2649 1396 2684 θρεμμάτων
1409 2648 1524 2683 λογικῶν
1542 2649 1591 2676 οὑκ
1604 2649 1787 2685 εὐαρίθμητον
1799 2650 1865 2685 ἀλη-

1078 2695 1132 2727 θῶς
1157 2694 1286 2730 ἁθροίσας
1310 2695 1421 2730 ἀγέλην,
1448 2694 1564 2730 ἐδιώχθη
1584 2695 1660 2731 παρὰ
1685 2695 1732 2722 τοῦ
1750 2696 1862 2731 κόσμου.

1078 2741 1289 2777 Πεπολεμήκασι
1306 2742 1360 2776 γὰρ
1376 2743 1408 2777 τῇ
1430 2741 1493 2778 δόξῃ
1515 2740 1634 2777 Χριστοῦ
1653 2742 1708 2768 τῶν
1725 2742 1754 2769 ἐν
1769 2743 1864 2778 κόσμῳ

1077 2787 1149 2820 τινὲς
1162 2787 1211 2820 τὰς
1236 2787 1380 2823 ὑπερτάτω
1403 2788 1486 2823 τιμὰς
1506 2789 1653 2824 ἀνειμένοι,
1679 2789 1727 2816 καὶ
1745 2790 1863 2816 δυσκατ-

1182 2885 1202 2902 "
1216 2887 1306 2914 Judie.
1319 2896 1345 2920 γ,
1359 2888 1407 2920 l5;
1422 2887 1471 2915 lsa.
1492 2896 1518 2921 ιι,
1535 2888 1589 2922 29.;
1608 2888 1687 2916 Rom.
1701 2896 1737 2920 ix,
1751 2888 1796 2914 27.
