1990 3050
129 127 179 154 261

629 124 890 154 GLAPIIYRORUM
910 127 943 155 IN
963 125 1111 155 GENESIM
1129 126 1192 154 LIB.
1216 127 1245 154 ν.

1710 125 1762 155 262

131 186 283 219 αγώνιστον
295 185 344 211 ἐπὶ.
360 185 412 219 γῆς
429 185 578 219 ἐσχηκότες
596 185 646 220 τὴν
662 184 830 212 δυναστείαν.
850 185 924 212 Ἀλλᾶ

982 185 1043 213 cob.
1062 185 1170 213 Ultimis
1185 193 1250 212 vero
1262 184 1432 219 temporibus
1447 183 1578 212 Dominus
1595 189 1689 212 noster
1715 186 1761 212 Je-

137 231 184 258 καὶ
199 229 296 258 τούτου
311 232 328 265 ὴ
348 230 408 257 θεία
421 229 598 265 δεδυσώπηκε
616 230 704 265 χάρις.
719 231 820 266 Συνέὸη
836 231 863 258 δὲ
880 232 926 259 καὶ

134 278 150 304 ὸ
165 275 267 311 κόσμος
285 276 326 306 εἰς
337 276 449 311 εἰρήνην
460 275 583 311 Χριστῷ,
603 275 675 302 καθὰ
688 276 734 302 καὶ
745 277 759 302 ὁ
770 276 861 312 Λάὖαν
888 276 926 312 τῷ

93 312 97 316 ’
143 321 251 349 Ἰακώϐ,
268 322 339 348 Ἀλλ’
365 322 394 347 ὲν
419 322 543 357 ὑστέροις
562 323 668 356 καιροῖς
695 323 709 348 ό
731 322 832 357 Κύριος
848 323 926 358 ἡμῶν

143 367 247 401 Ἰησοῦς
269 367 387 403 Χριστὸς
411 368 458 394 καὶ
482 367 563 394 αὐτὸν
588 367 758 394 οἰκειώσεται
780 368 826 394 τὸν
844 368 926 395 πάλαι

135 411 254 448 διώκτην
276 413 394 447 Ἰσραὴλ,
410 412 535 447 καθάπερ
552 413 648 448 ἀμέλει
670 414 718 440 καὶ
740 415 754 440 ὁ
768 413 866 441 Ἰακὼὸ
880 414 927 440 τὸν

143 458 243 492 Ἡσαῦ,
259 458 328 494 μετὰ
339 458 388 493 τὴν
400 459 432 485 ἐκ
446 459 495 494 τῆς
506 459 619 494 Χαρρὰν
638 460 765 486 ἐπάνοδον
778 460 925 494 ἠσπάζετο.

138 503 200 530 ὀτι
216 504 270 539 γὰρ
292 504 494 539 είσδεχθήσεται
517 504 586 540 μετὰ
612 505 723 539 καιροὺς
746 505 792 531 καὶ
810 505 891 537 αὐτὸς
913 506 928 532 ὁ

138 549 248 585 Ἰσραὴλ
264 550 304 581 είς
319 550 459 585 ἀγάπησιν
484 550 533 586 τὴν
546 550 591 576 ἐπὶ
607 551 718 586 Χριστῷ
740 550 784 578 διὰ
798 551 925 584 πίστεως,

138 595 328 630 ἑνδοιάσαιμεν
352 596 385 622 ἂν
409 596 510 631 ἥκιστά
532 604 564 630 γε
590 597 645 628 τοῖς
669 596 718 631 τῆς
748 596 926 624 Θεοπνεύστου

138 641 254 676 Γραφῆς
270 641 390 673 εἴκοντες
407 641 506 675 λόγοις.
525 642 596 677 Ἔφη
612 642 664 678 γάρ
685 651 734 669 που
752 642 784 669 δι’
796 642 854 674 ἑνὸς
874 643 928 669 τῶν

139 687 226 720 ἁγίων
242 686 389 721 προφητῶν
402 687 415 712 ὁ
428 686 481 726 τέὶιν
496 687 563 714 ὅλων
587 687 736 722 Δεσπότηςο
752 697 761 713 ι
777 689 848 714 Διότι
860 688 927 723 ἡμέ-

139 743 191 770 ρας
202 734 302 765 πολλὰς
315 734 469 761 καθίσονται
481 735 505 761 οἱ
523 735 575 761 υίοὶ
591 735 711 770 Ἰσραὴλ,
726 735 775 761 οὐκ
789 735 863 766 ὄντος
879 735 926 769 βα-

139 780 249 812 σιλέως,
264 779 323 806 οὐδὲ
337 780 413 811 ὄντος
431 779 570 816 ἄρχοντος,
585 780 634 806 οὐκ
651 779 733 815 οὔσης
746 780 849 811 θυσίας,
867 780 928 806 οὐδὲ

137 825 214 857 δντος
229 825 430 860 θυσιαστηρίου,
447 825 510 852 οὔτε
532 826 677 861 ἱερατείας,
695 825 756 852 οὕτε
768 825 865 861 δήλων,
882 826 927 853 καὶ

977 239 1024 259 sus
1044 231 1170 259 Christus
1183 232 1266 258 etiam
1284 236 1405 258 veterem
1419 233 1624 265 persecutorem
1635 231 1761 259 Israeiem

977 278 1029 305 sibi
1041 277 1208 309 conciliabit,
1221 276 1492 312 quemadmodnm‘et
1503 276 1586 303 Jacob
1601 276 1683 308 Esau,
1701 282 1763 309 post
1786 275 1789 277 ’

977 323 1096 349 reditum
1112 331 1146 349 ex
1157 322 1288 355 Charran,
1300 321 1438 349 osculatus
1453 320 1591 352 cst.Quod
1602 321 1677 348 enim
1692 323 1761 353 reci,-

977 367 1093 402 piendus
1108 368 1144 395 sit
1160 375 1290 395 successu
1306 366 1436 402 temporis
1446 367 1528 393 etiam
1545 366 1602 400 ipse
1629 366 1709 393 Israel
1728 367 1763 394 ad

977 413 1149 441 dilectionem
1178 413 1206 440 in
1231 413 1340 440 Christo
1365 420 1414 447 per
1438 412 1528 444 ﬁdem,
1546 419 1626 438 nemo
1653 412 1763 446 quidem

977 460 1120 493 dubitarit,
1145 467 1228 487 sacra;
1251 459 1399 494 Scriptura;
1424 458 1589 485 auscultans.
1619 457 1664 485 Ait
1688 458 1763 486 enim

977 506 1080 533 alicubi
1112 506 1304 533 universorum
1337 504 1469 532 Dominus
1499 512 1547 539 per
1581 512 1674 531 vocem
1708 511 1766 531 cu-

974 551 1085 587 jusdam
1109 551 1275 586 prophetae:
1305 560 1313 575 ι
1341 549 1410 582 Quia
1439 549 1536 577 diebus
1559 550 1654 577 multis
1683 549 1764 577 sede-

977 597 1048 624 bunt
1059 597 1107 623 ﬁlii
1124 597 1204 624 Israel
1216 604 1271 624 non
1281 597 1429 623 exsistente
1442 604 1514 631 rege,
1526 604 1614 631 neque
1628 596 1763 631 principe,

980 643 1057 678 163
1069 650 1158 677 neque
1179 643 1325 670 exsistcnte
1346 642 1489 674 sacriﬁcio,
1508 650 1596 676 neque
1615 643 1763 670 exsistente

978 689 1068 720 altari,
1086 696 1175 723 neque
1192 687 1355 719 sacerdotio,
1374 695 1461 722 neque
1481 688 1699 715 manifestatione
1713 698 1719 714 :
1736 693 1765 716 et

978 738 1039 768 post
1053 734 1111 761 haec
1126 738 1300 761 revertentur
1319 733 1366 759 lilii
1385 733 1476 765 Israel,
1494 737 1521 760 et
1534 737 1655 768 qum-ent
1670 734 1762 761 Domi-

978 787 1044 807 num
1057 780 1143 807 Deum
1162 787 1254 811 suum,
1276 783 1304 806 et
1319 778 1405 805 David
1427 786 1518 813 regem
1537 787 1627 811 suum,
1650 784 1678 807 et
1700 787 1762 814 spe-

978 825 1077 852 rabunt
1099 825 1125 852 in
1151 825 1266 852 Domino
1285 829 1313 851 et
1333 824 1361 851 in
1382 824 1461 851 bouis
1482 825 1540 859 ejus
1567 825 1594 852 in
1615 825 1764 853 novissimo

139 871 211 906 μετὰ
234 870 320 897 ταῦτα
335 857 543 906 ἐπιστρέφουσιν
559 857 587 897 οἱ
602 871 654 897 υἱοὶ
670 857 850 906 Ἰσραὴλ-καὶ
868 872 924 897 ἐπι-

977 869 1084 896 dierum
1095 869 1128 896 θ’.
1145 879 1154 895 ι
1187 869 1337 904 Colligente
1368 870 1441 896 enim
1468 870 1558 898 adhuc
1583 878 1615 897 ex
1637 871 1764 905 gentibus

138 916 288 952 ζητήσουσι
301 916 402 952 Κύριον
412 917 457 943 τὸν
470 917 535 943 Θεὸν
551 917 650 950 αὐτῶν,
669 917 716 944 καὶ
726 917 808 944 Δαὸὶδ
823 918 868 944 τὸν
883 917 927 952 βα-

138 963 215 989 σιλέα
235 962 349 995 ἑαυτῶν,
363 963 410 990 καὶ
423 963 578 990 ἐλπίσονται
592 963 639 989 ἐπὶ
650 963 689 998 τῷ
705 963 864 998 Κυρίῳ,καὶ
879 963 927 989 ἐπὶ

136 1010 195 1040 τοῖς
211 1008 324 1042 ἀγαθοῖς
338 1008 419 1034 αὑτοῦ
431 1009 474 1035 ἐπ’
485 1009 600 1043 ἐσχάτου
617 1008 739 1044 ἡμερῶν.
758 1018 767 1034 ι
781 1008 926 1043 Συλλέγον-

136 1063 183 1086 τος
202 1055 256 1089 γὰρ
272 1055 313 1081 ἔτι
327 1055 391 1086 τοὺς
406 1054 434 1088 ἐξ
459 1055 544 1081 ἐθνῶν
555 1055 772 1086 πεπιστευκότας
787 1055 834 1081 τοῦ
858 1055 924 1081 πάν-

135 1109 192 1128 των
222 1101 301 1136 ἡμῶν
322 1101 448 1136 Σωτῆρος
473 1100 604 1136 Χριστοῦ,
631 1101 810 1136 κατηρέμησέ
835 1109 894 1131 πως
913 1101 927 1126 ὁ

143 1147 262 1182 Ἰσραὴλ,
271 1147 300 1173 οὺ
311 1147 391 1182 νόμον
403 1146 471 1181 ἔχων
487 1147 541 1173 τῶν
552 1147 698 1182 πρακτέων
708 1147 752 1172 τὸν
763 1146 926 1181 βραϐευτὴν,

136 1193 169 1220 οὐ
181 1192 220 1228 τῷ
235 1192 301 1228 θείῳ
313 1192 499 1228 θυσιαστηρίῳ
513 1192 547 1219 τὰ
558 1193 739 1228 νενομισμένα
753 1192 925 1230 προσφέρων·

136 1239 293 1274 περιμένων
301 1238 340 1271 δὲ,
351 1238 425 1265 ὥσπε
430 1247 444 1273 ρ
458 1241 489 1264 ἐκ
502 1238 552 1273 τῆς
562 1238 616 1264 τῶν
632 1237 715 1264 ἐθνῶν
726 1238 846 1273 κλήσεως
860 1238 926 1264 ὐπο-

137 1285 290 1319 στρέφοντα
302 1284 431 1319 Χριστὸν,
448 1284 494 1310 ἐπὶ
515 1284 545 1310 τὸ
560 1285 658 1319 χρῆναι
676 1283 767 1310 λοιπὸν
782 1284 829 1310 καὶ
846 1284 927 1310 αὑτὸν

135 1330 181 1357 διὰ
194 1330 313 1361 πίστεως
334 1330 541 1362 είσοικίσασθαι,
553 1330 600 1356 καὶ
613 1329 650 1365 τῷ
667 1329 716 1364 τῆς
734 1330 843 1365 ἀγάπης
853 1330 927 1365 νόμῳ

137 1377 280 1411 μννονουχὶ
297 1376 344 1402 καὶ
358 1375 488 1410 συνοῆσαι
502 1377 560 1407 τοῖς
577 1375 677 1407 ἄλλοις.
698 1376 838 1411 Ἐπιτήρει
861 1376 925 1411 γὰρ,

135 1421 177 1449 ὅτι
191 1422 295 1457 χαίρων
312 1422 359 1448 ἐπὶ
373 1422 477 1448 τέκνων
492 1423 594 1456 γοναῖς,
617 1421 664 1448 καὶ
679 1421 790 1453 πολλαῖς
804 1421 927 1457 θρεμμά-

135 1476 189 1494 των
205 1468 328 1502 ἀγέλαις,
356 1467 521 1503 ὑποστρέφει
548 1468 596 1503 μὲν
622 1468 654 1494 ὲκ
680 1467 794 1503 Χαρρὰν
816 1467 925 1501 Ἰακὼϐ,

134 1514 273 1550 ἐκδέχεται
296 1514 325 1541 δὲ
339 1514 409 1541 οὕτω
418 1514 510 1541 λοιπὸν
526 1515 572 1541 καὶ
586 1514 666 1541 αὑτὸν
676 1515 715 1546 εἰς
732 1514 871 1550 ἀγάπησιν
880 1514 925 1540 τὸν

140 1560 238 1588 Ἡσαῦ.
269 1561 444 1596 Ἐπιστρέψει
460 1561 551 1588 τοίνυν
571 1560 641 1587 κατὰ
658 1561 771 1595 καιροὺς
792 1561 861 1595 μετὰ
875 1561 925 1596 τὴν

133 1606 189 1633 τῶν
201 1606 286 1633 ἐθνῶν
301 1607 397 1641 κλῆσιν
412 1608 426 1633 ό
441 1606 558 1642 Ἰσραὴλ,
569 1607 617 1633 καὶ
631 1606 712 1632 αὐτὸν
723 1606 750 1632 δὲ
761 1605 806 1633 τὴν
817 1606 845 1632 ὲν
856 1606 924 1641 Χρι-

135 1653 191 1689 στῷ
207 1652 321 1680 πλοῦτον
334 1653 478 1688 θαυμάσει,
498 1653 606 1679 Ἔνεστι
616 1652 671 1687 γὰρ
683 1651 800 1683 εὐκόλως
813 1651 856 1678 διὰ
871 1651 925 1678 τῶν

134 1700 281 1736 ιστορικῶς
290 1699 493 1734 πεπραγμένων
508 1699 554 1725 καὶ
568 1697 647 1724 τοῦτο
660 1697 726 1724 αὐτὸ
739 1699 793 1729 τοῖς
804 1697 924 1724 ἐθέλουσι

134 1745 292 1780 καταθρείν.
312 1744 483 1771 Ἀπέστειλεν
498 1744 596 1770 Ἰακὼϐ
617 1743 693 1776 ξένια
708 1743 747 1779 τῷ
768 1743 852 1770 Ἠσαῦ
875 1752 924 1779 με-

133 1791 255 1823 τατιθεὶς
270 1792 309 1823 είς
326 1791 475 1826 ἀγάπησιν,
497 1790 545 1816 καὶ
559 1791 618 1821 ταῖς
637 1789 692 1815 τῶν
715 1789 808 1824 δώρων
822 1789 924 1824 φιλοτι-

135 1837 222 1871 μίαις.
249 1835 468 1872 Προσαπέστειλε
491 1835 520 1862 δὲ
544 1835 591 1862 καὶ
613 1834 745 1869 ἀγγέλους
769 1835 925 1871 εἰρηνικοὺς

134 1883 203 1918 πρὸς
217 1882 299 1908 αὑτὸν
316 1881 436 1916 ἐρῶντας
460 1880 566 1915 λόγους.
582 1880 637 1906 Καὶ
658 1880 698 1906 ὄτι
715 1879 861 1916 παρέσται,
876 1879 925 1905 καὶ

134 1929 184 1955 οὑκ
197 1929 237 1960 εἰς
259 1927 368 1963 μακρὰν
384 1926 419 1952 τὰ
438 1927 478 1958 είς
494 1926 583 1961 φιλίαν
600 1925 690 1952 αὐτῶν
708 1926 922 1961 καταστήσοντα,

133 1975 249 2010 ἐναργὲς
263 1973 442 2009 ἀποπεραίνει
458 1972 528 1999 κατὰ
543 1972 655 2007 καιροὺς
672 1971 718 1998 καὶ
734 1971 814 1998 τοῦτο
830 1972 844 1998 ὁ
856 1972 923 2007 Χρι-

135 2020 206 2052 στός.
223 2020 296 2054 Ἔφη
312 2019 367 2054 γάρ
384 2027 435 2045 που
449 2018 517 2053 πρὸς
534 2018 680 2049 Ἰουδαίους
694 2017 738 2044 διὰ
749 2017 839 2052 φωνῆς
856 2026 923 2052 προ-

134 2066 230 2100 φήτου·
249 2073 259 2090 ι
273 2064 328 2091 Καὶ
344 2064 410 2096 ἰδοὺ,
437 2062 493 2097 ἐγὼ
517 2062 659 2089 ἀποστελῶ
683 2062 746 2097 ὑμῖν
766 2062 857 2088 Ἠλίαν
879 2063 924 2090 τὸν

133 2110 277 2145 Θεσσίτην,
294 2110 358 2145 πρὶν
379 2109 465 2136 ἐλθεῖν
486 2109 536 2145 τὴν
560 2109 666 2145 ἡμέραν
686 2108 791 2145 Κυρίου
810 2108 859 2143 τὴν
877 2117 924 2143 με-

133 2157 219 2192 γάλην
236 2157 284 2183 καὶ
298 2156 428 2191 ἐπιφανῆ.
444 2157 492 2188 Ὃς
505 2155 726 2190 ἀποκαταστήσει
743 2154 856 2190 καρδίαν
869 2162 923 2180 πα-

976 914 1122 942 credentes
1140 915 1262 941 omnium
1279 918 1403 941 nostrum
1420 914 1560 942 Salvatore
1576 915 1695 948 Christo,
1715 917 1764 944 de—

976 964 1066 988 sertus
1085 964 1128 988 est
1147 960 1348 995 quodammodo
1367 961 1461 993 Israel,
1474 969 1530 988 non
1546 962 1632 996 legem
1649 962 1762 995 habens,

976 1005 1165 1033 faciendorum
1184 1006 1356 1041 magistrum,
1369 1014 1423 1033 non
1443 1006 1536 1034 divino
1551 1007 1627 1033 altari
1644 1015 1704 1042 qua:
1724 1007 1764 1035 le-

976 1051 1056 1086 gibus
1075 1051 1177 1078 sancita
1194 1054 1268 1082 sunt,
1288 1051 1422 1083 offerens;
1444 1055 1605 1086 exspectans
1617 1059 1682 1079 vero
1695 1060 1764 1086 quo-

976 1096 1123 1123 dammodo
1139 1104 1173 1123 ex
1191 1096 1313 1132 gentium
1327 1097 1470 1124 vocatione
1487 1102 1670 1124 revertentem
1684 1097 1764 1124 Chri-

977 1145 1060 1174 stum,
1080 1147 1109 1170 nt
1125 1142 1213 1177 ipsum
1229 1143 1310 1170 etiam
1323 1143 1452 1178 deinceps
1468 1151 1517 1177 per
1536 1142 1616 1170 ﬁdem
1639 1143 1764 1171 introdu-

977 1192 1029 1221 cat,
1044 1192 1072 1214 et
1086 1188 1242 1215 dilectionis
1263 1189 1322 1224 lege
1342 1193 1447 1216 tantum
1464 1197 1518 1216 non
1536 1189 1597 1216 aliis
1610 1194 1763 1217 connectat.

975 1233 1170 1260 Animadverte
1184 1233 1258 1260 enim
1274 1233 1347 1268 quod
1367 1233 1489 1268 gaudens
1501 1233 1534 1260 de
1549 1233 1667 1260 ﬁliorum
1682 1242 1764 1269 gene-

976 1280 1099 1312 ratione,
1124 1279 1212 1314 deque
1247 1279 1340 1307 multis
1370 1287 1499 1314 pecorum
1523 1280 1668 1315 gregibus,
1694 1281 1766 1308 redit

976 1325 1087 1360 quidem
1106 1333 1139 1352 ex
1155 1325 1276 1352 Charran
1296 1325 1389 1357 Jacob,
1411 1326 1515 1360 recepit
1531 1333 1597 1353 vero
1619 1326 1671 1354 hoc
1685 1332 1765 1361 pacto

976 1372 1105 1406 deinceps
1118 1372 1144 1398 in
1159 1371 1307 1399 amicitiam
1328 1379 1404 1398 suam
1419 1372 1502 1398 Esau.
1517 1371 1699 1399 Convertetur
1713 1373 1765 1400 ita-

975 1425 1029 1452 que
1048 1417 1213 1444 succedente
1231 1422 1352 1451 tempore
1372 1417 1454 1444 Israel
1471 1421 1530 1452 post
1548 1418 1669 1452 gentium
1685 1426 1765 1445 voca-

976 1462 1088 1495 tionem,
1110 1462 1237 1497 ipsasque
1256 1462 1283 1488 in
1306 1461 1416 1489 Christo
1440 1462 1550 1489 divitias
1573 1462 1762 1490 admirabitur.

977 1508 1067 1535 Facile
1083 1508 1157 1535 enim
1177 1507 1261 1535 fuerit
1278 1511 1306 1534 et
1325 1507 1376 1535 hoc
1390 1507 1470 1535 exiis
1482 1516 1543 1543 quae
1557 1509 1686 1536 historice
1705 1512 1764 1536 acta

976 1557 1051 1584 sunt,
1068 1552 1230 1588 intelligere.
1247 1552 1320 1579 Misit
1336 1552 1419 1580 Iacob
1437 1553 1469 1580 ad
1485 1553 1556 1581 Esau
1570 1561 1692 1585 munera,
1707 1554 1763 1589 ipsa

975 1598 1058 1626 etiam
1079 1605 1225 1625 munerum
1251 1598 1452 1633 magniﬁcentia
1474 1599 1509 1626 ad
1534 1607 1653 1626 amorem
1677 1605 1765 1627 trans-

976 1644 1076 1671 ferens.
1089 1643 1162 1670 Misit
1172 1643 1255 1671 etiam
1269 1644 1390 1677 nuntios,
1402 1644 1449 1679 qui
1462 1645 1582 1679 paciﬁcis
1595 1645 1685 1672 verbis
1701 1654 1763 1673 eum

976 1689 1181 1724 compellarent.
1199 1689 1277 1722 Quod
1296 1697 1362 1716 vero
1382 1690 1510 1717 adfutura
1528 1691 1584 1718 sint
1602 1698 1690 1725 neque
1708 1697 1764 1719 tar-

975 1734 1073 1761 datura
1095 1742 1127 1761 ea
1148 1742 1209 1769 qua:
1226 1742 1274 1762 eos
1293 1734 1327 1762 ad
1345 1734 1494 1762 amicitiam
1508 1743 1674 1764 conversum
1690 1741 1763 1770 sunt,

975 1779 1101 1806 Christus
1129 1779 1186 1814 ipse
1211 1784 1365 1814 opportune
1392 1781 1567 1808 manifestum
1595 1781 1668 1809 facit.
1694 1782 1766 1810 Dicit

975 1825 1048 1852 enim
1062 1824 1163 1852 alicubi
1173 1825 1206 1852 ad
1218 1825 1326 1853 Judteos
1336 1834 1385 1860 per
1394 1834 1488 1854 vocem
1497 1826 1638 1862 propheta;
1651 1836 1657 1854 :
1671 1837 1681 1853 ι
1694 1827 1765 1855 Ecce

975 1878 1026 1906 ego
1045 1871 1151 1898 mittam
1170 1871 1249 1898 vobis
1267 1871 1353 1898 Eliam
1370 1871 1539 1905 Thesbitem,
1553 1876 1698 1907 antequam
1716 1881 1764 1900 ve-

975 1917 1033 1944 niat
1046 1917 1105 1944 dies
1119 1917 1226 1944 Domini
1248 1924 1344 1952 magna
1363 1921 1390 1943 et
1409 1917 1532 1944 illustris.
1552 1917 1603 1951 Qui
1622 1923 1764 1947 convertet

975 1971 1023 1991 cor
1040 1964 1125 1998 patris
1149 1963 1183 1990 ad
1198 1963 1295 1996 ﬁlium,
1309 1967 1336 1991 et
1353 1971 1400 1990 cor
1413 1964 1533 1990 hominis
1554 1964 1588 1990 ad
1609 1964 1761 1998 proximum

975 2017 1066 2041 suum,
1087 2017 1122 2036 ne
1148 2009 1219 2036 forte
1242 2008 1357 2035 veniens
1379 2008 1531 2043 percutiam
1559 2013 1659 2035 terram
1688 2009 1764 2043 peni-

975 2059 1019 2084 tus
1033 2056 1066 2083 ⁸³.
1083 2065 1092 2081 )
1114 2056 1160 2083 Ille
1181 2063 1243 2082 cum
1264 2055 1381 2087 venerit,
1402 2055 1523 2087 reducet,
1542 2059 1571 2082 ut
1587 2063 1635 2089 par
1647 2060 1697 2087 est,
1719 2056 1762 2082 in-

975 2100 1144 2128 tractabilem
1160 2100 1298 2132 Israclcm,
1315 2104 1343 2126 et
1358 2108 1372 2126 a
1386 2099 1472 2127 veteri
1493 2100 1532 2127 ira
1544 2100 1682 2132 abducet,
1695 2101 1763 2127 ami-

975 2165 1093 2193 cumque
1117 2157 1214 2184 reddet
1236 2161 1264 2184 et
1285 2157 1427 2191 paciﬁcum
1446 2156 1565 2189 Christo,
1582 2161 1687 2184 tantum
1707 2165 1761 2185 non

132 2203 196 2238 τρὸς
210 2202 278 2237 πρὸς
292 2202 358 2234 υἱὸν,
368 2202 415 2228 καὶ
428 2201 542 2237 καρδίαν
556 2200 700 2236 ἀνθρώπου
715 2200 784 2235 πρὸς
798 2200 844 2226 τὺν
858 2199 924 2234 πλη-

976 2203 1120 2239 praesentia
1133 2203 1280 2230 ostendens
1291 2203 1377 2238 ipsius
1389 2202 1561 2230 liberalitatis
1573 2210 1696 2236 munera,
1709 2203 1762 2231 hoc

133 2249 189 2275 σίον
198 2248 292 2281 αὑτοῦ,
308 2248 346 2284 μὴ
361 2247 445 2275 ὲλθὼν
461 2247 574 2280 πατάξω
586 2247 635 2283 τὴν
647 2246 698 2281 γῆν
713 2246 823 2281 ἄρδην.»
834 2245 921 2271 Ἐκεῖ-

133 2303 176 2326 νος
191 2294 277 2321 ἐλθὼν
293 2293 417 2329 ἐντρέψει
435 2302 487 2329 μου
499 2293 606 2320 κατὰτὸ
621 2292 694 2323 εἰκὸς
705 2291 749 2318 τὸν
763 2291 921 2325 δυσάγωγον

132 2340 252 2376 Ἰσραὴλ,
268 2341 419 2375 ἀποστήσει
435 2339 484 2374 τῆς
499 2339 613 2374 ἀρχαίας
628 2338 722 2375 ὀργῆς,
743 2338 818 2373 φίλον
835 2346 921 2364 κατα-

134 2387 263 2413 σκευάσει
291 2386 337 2412 καὶ
361 2384 498 2420 εἰρηνικὸν
513 2383 551 2419 τῷ
569 2383 690 2420 Χριστῷ,
705 2384 847 2419 μονονουχὶ
874 2384 921 2410 καὶ

133 2431 253 2467 παρόντα
272 2431 403 2457 δεικνύων
429 2430 479 2464 τῆς
505 2430 571 2465 παρ’
595 2429 677 2456 αὑτοῦ
707 2429 862 2465 φιλοτιμίας
885 2429 920 2456 τὰ

133 2477 217 2511 ξένια,
247 2478 380 2509 τουτέστι,
404 2477 453 2513 τὴν
471 2477 526 2503 τῶν
554 2476 735 2504 πιστευόντων
761 2476 865 2504 ἐλπίδα.
884 2477 920 2503 Οὐ

103 2545 111 2549 .
133 2523 185 2560 γὰρ
204 2524 244 2555 είς
261 2523 349 2558 μῆκος
371 2523 410 2549 ἔτι
427 2522 530 2558 καιρῶν
546 2522 579 2549 τὰ
594 2523 644 2557 τῆς
666 2521 833 2556 ἐπαγγελίας
850 2523 924 2558 οἰχή-

134 2578 208 2596 σεται
215 2571 272 2600 τοῖς
279 2569 405 2603 τηνικάδε
415 2569 598 2602 πιστεύουσιν,
608 2568 674 2595 ἀλλὰ
684 2568 781 2602 γείτων
793 2569 809 2604 ἡ
823 2568 922 2604 δωρεὰ,

975 2254 1027 2282 est,
1039 2249 1209 2277 credentium
1228 2257 1314 2285 spem.
1327 2250 1420 2284 Neque
1432 2249 1504 2277 enim
1521 2249 1548 2276 in
1561 2249 1759 2284 longitudinem

976 2293 1108 2329 temporis
1127 2295 1319 2330 prorogabitur
1339 2294 1528 2330 promissionis
1543 2294 1647 2321 fructus
1664 2294 1697 2321 iis
1713 2295 1759 2329 qui

974 2345 1040 2368 tunc
1052 2340 1228 2374 crediderint,
1242 2341 1290 2368 sed
1308 2341 1462 2376 propinqua
1475 2341 1528 2368 erit
1540 2340 1694 2373 retributio,
1713 2340 1761 2368 ob-

973 2386 1072 2421 viaque
1094 2386 1190 2421 gratia,
1212 2386 1314 2414 abolito
1333 2387 1444 2421 quidem
1464 2386 1555 2413 statim
1572 2385 1628 2413 ﬁlio
1644 2386 1758 2421 peccati,

974 2432 1158 2460 descendente
1171 2439 1236 2459 vero
1256 2440 1317 2459 cum
1337 2432 1439 2468 angelis
1451 2440 1484 2459 ex
1496 2433 1565 2460 caelo
1577 2433 1697 2460 omnium
1712 2441 1764 2460 nn—

975 2483 1062 2506 strum
1072 2477 1210 2505 Salvatore
1222 2477 1342 2510 Christo,
1353 2486 1402 2513 per
1413 2486 1495 2513 quem
1515 2482 1542 2505 et
1556 2486 1617 2506 cum
1630 2487 1685 2513 quo
1703 2479 1760 2514 glo-

974 2524 1014 2551 ria
1026 2524 1100 2551 Patri
1115 2532 1176 2551 cum
1191 2529 1286 2552 sancto
1307 2525 1410 2560 Spiritu
1428 2525 1457 2552 in
1473 2525 1570 2553 saecula
1586 2525 1758 2552 saeculorum.

975 2570 1072 2597 Amen.

134 2617 179 2644 mi
194 2615 264 2643 κατὰ
285 2616 368 2647 πόδας
379 2616 395 2649 ἡ
412 2616 502 2652 χάρις.
522 2615 753 2650 Καταργουμένου
772 2614 919 2650 μὲνεεύὒὺς
936 2615 983 2642 τοῦ
1017 2616 1066 2651 τῆς
1082 2615 1219 2650 ἁμαρτίας
1242 2616 1311 2648 υἱοῦ,
1345 2617 1561 2651 καταφοιτῶντος
1576 2617 1603 2644 δὲ
1618 2616 1685 2651 μετὰ
1704 2616 1759 2642 ritu

133 2663 216 2697 ἁγίων
230 2662 355 2697 ἀγγέλων
371 2662 400 2694 ἐξ
414 2661 528 2696 οὐρανοῦ
548 2661 594 2687 τοῦ
611 2661 718 2688 πάντων
747 2660 826 2696 ἡμῶν
844 2662 970 2696 Σωτῆρος
1001 2661 1129 2697 Χριστοῦ,
1153 2662 1186 2689 δι’
1207 2659 1237 2690 οὖ
1262 2663 1309 2690 καὶ
1341 2663 1401 2698 μεθ’
1422 2659 1452 2690 οὗ
1472 2663 1512 2699 τῷ
1531 2663 1618 2700 Πατρὶ
1645 2662 1662 2698 ἡ
1693 2660 1759 2693 δόξα

134 2712 180 2739 σὺν
198 2711 268 2746 ἁγίῳ
289 2709 430 2745 Πνεύματι
451 2710 491 2741 εἰς
512 2710 575 2740 τοὺς
597 2708 697 2740 αἰῶνας
721 2708 774 2735 τῶν
801 2708 917 2736 αἰώνων.
937 2709 1036 2745 Ἀμήν.

183 2836 205 2852 ’⁸
221 2836 242 2862 ll
257 2836 338 2865 Pura.
355 2844 401 2869 xv,
417 2834 464 2867 53;
477 2834 546 2861 Osee
561 2841 599 2866 ιιι,
621 2833 645 2865 ό,
724 2833 745 2848 ⁸³
761 2833 875 2861 Malach.
890 2841 925 2865 ιγ,

951 2833 976 2866 5,
999 2833 1025 2860 ὓ,
1410 2850 1424 2865 ο
