1990 3050
243 160 299 190 ’63

465 214 546 252 ι,θᾷ
564 214 654 243 Adhuc
672 216 704 243 de
721 215 812 244 Iacob.

761 160 789 188 S.
806 159 946 190 CYRILLI
965 156 1200 186 ALEXANDle
1215 156 1362 185 ARCHIEP

1820 158 1872 187 261

1301 212 1367 239 Ἔτι
1385 210 1452 245 περί
1469 210 1522 238 τοῦ
1549 210 1662 238 Ἰακώϐ.

280 270 306 298 Ι.
327 269 414 305 Lapsa
428 270 540 305 quidem
556 275 599 298 est
615 270 734 298 humana
750 276 850 299 natura
867 277 917 305 per
935 276 1032 305 pecca-

1122 272 1156 296 a’.
1194 267 1345 303 Κατῴχετο
1371 267 1422 303 μὲν
1441 266 1458 302 ἡ
1480 266 1624 302 ἀνθρώπου
1645 267 1726 301 φύσις
1753 266 1798 293 διὰ
1824 266 1874 302 τῆς

243 319 304 344 tum
323 316 351 343 in
368 319 495 343 mortem.
511 316 581 344 Cum
592 324 658 345 vero
671 317 698 344 in
715 317 875 344 universum
893 316 927 343 ab
940 323 974 343 eo
985 315 1033 350 qui

243 363 350 391 nature
359 362 447 395 novit,
456 363 593 391 alienatus
601 367 684 395 esset,
693 363 859 397 mancipium
867 366 1037 390 tantumnon

243 414 286 435 est
305 408 430 440 eti‘ectus,
443 408 490 443 qui
512 408 546 435 ad
566 408 687 435 divinam
708 408 853 443 imaginem
865 407 953 435 factus
964 411 1034 439 erat,

243 454 459 489 gravissimoque
481 454 623 481 servitutis
639 453 761 488 pondere
782 461 940 489 oppressus.
962 453 1034 481 Sub-

243 499 313 526 didit
330 500 403 527 enim
417 500 553 527 cervicem
566 499 675 526 etiamsi
690 507 745 526 non
757 499 846 527 libens
858 504 973 535 tyranno
984 499 1034 527 Sa-

243 548 324 575 tanae,
337 544 382 579 qui
407 551 462 579 prae
485 544 589 578 ingenti
604 544 733 579 superbia
748 543 889 580 (arrogans
902 544 977 572 enim
989 552 1035 572 su-

242 597 291 625 pra
309 589 420 616 modum
435 593 477 617 est
491 589 605 624 spiritus
620 589 718 624 malus)
739 590 870 618 adversus
886 598 991 623 omnes,
1004 595 1036 618 ut

242 635 363 663 breviter
379 635 478 667 dicam,
501 635 630 662 mortales
651 635 795 663 libidinem
815 644 892 664 suam
912 637 1035 664 exercuit

242 681 357 708 dicens:
375 690 383 705 ι
399 680 612 715 Apprehendam
631 681 727 708 orbem
746 685 882 709 terrarum
902 689 985 709 manu
1004 687 1036 709 ut

242 725 339 752 nidum
361 725 512 759 pullorum,
525 730 553 752 et
569 730 698 761 tanquam
714 734 765 754 ova
782 727 913 754 derelicta
929 727 1033 759 tollam,

241 776 270 798 et
280 779 335 798 non
347 775 389 799 est
401 771 448 806 qui
460 771 572 807 eﬂ‘ugiat
589 780 642 806 me,
655 777 702 800 aut
711 773 881 800 contradicat
893 773 960 800 mihi
974 773 1007 800 ⁸⁸.
1021 783 1031 799 ι

243 817 377 853 Regnavit
389 818 463 845 enim
477 826 526 854 pro
543 826 592 846 sua
605 819 730 851 libidine,
744 823 774 846 ut
786 819 852 852 dixi,
866 823 1035 855 vocatusque

242 868 284 891 est
296 864 368 891 Deus
386 864 467 899 hujus
484 865 587 892 saeculi.
605 864 737 892 Adoravit
753 865 826 893 enim
845 865 935 900 ipsum
955 873 1035 893 mun-

242 909 304 943 dus,
327 911 467 946 coluitque
481 915 634 938 creaturam
655 911 741 946 magis
761 919 843 946 quam
863 911 1032 939 Creatorem.

242 956 389 991 Postquam
403 964 469 984 vero
485 957 514 983 in
526 961 630 984 tantam
646 957 785 984 miseriam
805 956 939 985 adductos
957 965 1034 985 com-

241 1003 386 1030 miseratus
402 1007 443 1030 cst
454 1003 537 1036 Deus,
553 1003 702 1031 missurum
720 1011 749 1031 se
762 1004 843 1032 nobis
858 1011 891 1031 ex
906 1004 976 1032 coelo
991 1004 1035 1031 Fi-

242 1048 308 1075 lium
325 1056 404 1075 suum
417 1049 553 1084 promisit,
575 1049 622 1084 qui
639 1049 760 1077 hominis
778 1055 903 1078 naturam
917 1050 1034 1085 pristino

242 1093 324 1120 statui
344 1094 513 1121 restitueret.
536 1104 545 1120 ι
560 1095 635 1122 Nova
657 1095 794 1131 siquidem
815 1099 941 1123 creatura
963 1096 1034 1123 facta

241 1142 283 1165 est
299 1138 326 1165 in
338 1138 458 1172 Christo,
472 1149 480 1165 ι
497 1140 574 1175 juxta
593 1140 750 1175 Scripturas
765 1140 800 1167 ⁸⁸.
822 1141 1034 1169 Transvectores

241 1188 333 1211 autem
355 1184 492 1212 bonorum
519 1186 552 1212 ad
574 1194 625 1213 nos
647 1194 804 1214 sermonum
828 1187 941 1214 fuerunt
961 1186 1034 1214 beati

239 1230 390 1265 prophetae,
420 1240 429 1256 ι
448 1230 500 1264 Qui
518 1231 552 1259 de
573 1231 665 1259 futura
680 1233 708 1260 in
719 1233 800 1260 nobis
814 1233 900 1268 gratia
915 1233 1035 1268 prophe-

241 1281 379 1310 taverunt,
397 1282 553 1305 scrutantes
565 1278 593 1305 in
607 1279 680 1314 quod
695 1283 742 1306 aut
759 1280 838 1314 quale
852 1284 961 1315 tempus
974 1288 1033 1307 ma-

240 1323 386 1351 nifestatus
403 1324 438 1352 sit
456 1324 483 1351 in
501 1325 567 1360 ipsis
580 1325 694 1360 spiritus
713 1326 827 1359 Christi,
846 1326 1034 1361 praanuntians

240 1376 287 1397 eas
303 1378 363 1404 quae
385 1370 412 1397 in
433 1370 544 1398 Christo
566 1375 630 1399 sunt
650 1372 791 1407 passiones
815 1377 842 1400 et
865 1374 1034 1408 posteriores

240 1414 340 1450 glorias
355 1424 361 1441 :
377 1416 477 1451 quibus
493 1417 642 1444 revelatum
658 1422 701 1445 est
716 1418 790 1453 quod
809 1427 864 1446 non
887 1420 939 1447 sibi
954 1421 1031 1455 ipsis,

239 1460 289 1487 sed
308 1461 388 1488 nobis
409 1469 440 1489 ea
461 1462 691 1490 administrabant
704 1464 736 1490 ⁸⁸.
756 1474 764 1490 ι
787 1465 827 1492 ita
847 1466 920 1493 enim
937 1466 1034 1494 scribit

240 1506 389 1534 Salvatoris
412 1507 574 1543 discipulus.
600 1509 680 1543 Atqui
707 1510 811 1538 multus
834 1511 946 1546 quidem
967 1512 1034 1547 ipsis

1087 315 1224 351 ἁμαρτίας
1244 315 1285 345 εἰς
1301 313 1426 341 θάνατον.
1450 313 1559 349 Ἐπειδὴ
1573 313 1601 340 δὲ
1617 314 1657 345 εἰς
1667 313 1742 341 ἅπαν
1760 313 1808 340 τοῦ
1820 314 1874 340 σώ-

1086 361 1142 394 ζειν
1154 360 1255 392 εἰδότος
1268 357 1478 393 ἀπενοσφίξετο,
1495 359 1637 395 μονονουχὶ
1651 360 1699 386 καὶ
1709 359 1876 395 δορύληπτος

1083 404 1118 442 ἦν
1134 407 1148 433 ό
1162 406 1223 432 κατ’
1248 404 1339 432 είκόνα
1360 405 1410 440 τὴν
1426 404 1502 432 Θείαν
1521 405 1804 440 τετεχνουργημένος,
1828 406 1876 432 κα)⁵

1084 451 1124 487 τῷ
1136 451 1186 487 τῆς
1198 450 1321 482 δουλείας
1333 449 1410 485 ἄχθει
1425 448 1644 484 κατεφορτίζετο.
1668 449 1805 476 ’Υπετίθει
1819 450 1874 485 γὰρ

1085 498 1118 534 δὴ
1137 497 1185 524 καὶ
1198 497 1248 532 οὐχ
1264 496 1334 524 ἑκὼν
1350 496 1400 532 τὴν
1411 495 1513 531 αὐχένα
1528 495 1567 530 τῷ
1580 496 1808 531 πλεονεκτήσαντι
1822 497 1876 523 Σα-

1085 544 1165 579 τανᾷ,
1178 543 1208 575 ὃς
1224 543 1271 570 καὶ
1286 544 1319 569 ὲκ
1335 542 1436 577 πολλῆς
1452 541 1512 569 λίαν
1526 541 1577 577 τῆς
1592 542 1749 578 ἀγερωχίας
1772 542 1876 579 (ὺπέρ-

1086 598 1155 625 οφρυ
1171 589 1225 625 γὰρ
1239 588 1269 615 τὸ
1285 588 1392 624 πνεῦμα
1404 588 1435 614 τὸ
1450 587 1589 624 πονηρὸν),
1607 589 1744 620 ἁπάντων,
1763 589 1800 621 ὡς
1813 589 1877 620 ἔπος

1086 637 1184 668 εἰπεῖν,
1195 636 1249 662 τῶν
1264 635 1310 661 ἐπὶ
1323 635 1371 670 τῆς
1388 634 1440 669 γῆς
1453 635 1680 670 κατεθρασύνετο,
1693 634 1789 668 λέγων·
1805 635 1877 671 «Τὴν

1085 681 1247 716 οἰκουμένην
1264 681 1328 716 ὅλην
1343 680 1534 716 καταλήψομαι
1550 682 1582 716 τῇ
1599 681 1672 717 χειρὶ
1690 681 1735 712 ’ὡς
1755 681 1877 715 νοσσιὰν,

1084 728 1131 754 καὶ
1148 727 1187 758 ὡς
1209 726 1450 761 καταλελειμμένα
1471 725 1513 752 ὠὰ
1533 725 1602 761 ἀρῶ,
1621 726 1668 752 καὶ
1686 725 1737 752 οὐκ
1761 725 1834 752 ἐστιν
1848 725 1878 757 ὃς

1083 773 1257 808 διαφεύξεταί
1280 781 1323 808 με,
1349 773 1365 808 ἢ
1383 772 1505 799 ἀντείπει
1529 781 1584 807 μοι.
1603 782 1612 799 ι
1629 772 1810 799 Βεὸασίλευκε
1823 772 1877 808 γὰρ

1084 819 1116 846 ὲκ
1131 819 1308 851 πλεονεξίας,
1325 818 1362 850 ὡς
1383 818 1461 853 ἔφην,
1490 818 1538 845 καὶ
1566 818 1725 853 ὠνόμασται
1749 818 1815 850 Θεὸς
1829 818 1877 845 τοῦ

1086 864 1183 896 αἰῶνος
1205 864 1311 891 τούτου.
1337 863 1548 899 Προσκεκύνηκε
1566 863 1621 899 γὰρ
1635 864 1649 890 ό
1668 863 1769 898 κόσμος
1791 861 1877 896 αὐτῷ,

1086 911 1133 937 καὶ
1147 910 1309 945 λελάτρευκε
1323 912 1357 946 τῇ
1372 910 1459 937 κτίσει
1476 910 1552 945 παρὰ
1564 910 1610 936 τὸν
1625 909 1766 936 κτίσαντα.
1786 910 1878 936 Ἐπει-

1085 956 1116 992 δὴ
1130 957 1159 983 δὲ
1172 957 1218 983 καὶ
1229 957 1268 988 εἰς
1281 956 1361 983 τοῦτο
1381 955 1579 990 ὲνηνεγμένους
1603 954 1793 990 ταλαιπωρίας
1813 963 1879 981 κατ-

1085 1003 1159 1038 ηλέει
1177 1002 1254 1035 Θεὸς,
1278 1002 1454 1029 ἀποστέλλειν
1481 1002 1546 1037 ἡμῖν
1560 1002 1604 1028 τὸν
1630 1001 1695 1028 Υἰδν
1714 1001 1744 1034 ἐξ
1762 1000 1878 1036 οὐρανοῦ

1085 1049 1279 1084 ἐπηγγέλλετο,
1291 1048 1339 1084 τὴν
1352 1048 1497 1084 ἀνθρώπου
1511 1048 1592 1082 φύσιν
1606 1047 1812 1082 ἀνακομίσαντα
1825 1047 1878 1074 πά-

1085 1095 1127 1122 λιν
1151 1096 1190 1127 είς
1213 1096 1281 1130 ὅπερ
1303 1093 1337 1130 ἦν
1363 1096 1392 1122 ὲν
1415 1095 1524 1130 ἀρχαῖς,
1550 1103 1559 1120 t
1587 1093 1675 1129 Καινὴ
1697 1094 1785 1125 κτίσις
1800 1093 1835 1120 τὰ
1848 1094 1878 1119 ὲν

1085 1142 1205 1177 Χριστῷ,
1226 1151 1235 1168 ι
1254 1141 1326 1168 κατὰ
1351 1141 1401 1174 τὰς
1430 1141 1554 1177 Γραφάς.
1580 1141 1760 1175 Διακομισταὶ
1774 1139 1803 1166 δὲ
1821 1140 1876 1167 τῶν

1085 1190 1125 1221 εἰς
1146 1189 1219 1225 ἡμᾶς
1240 1188 1350 1222 ἀγαθῶν
1363 1188 1449 1222 λόγων
1462 1188 1608 1222 γεγόνασιν
1622 1188 1646 1213 oi
1663 1186 1793 1222 μακάριοι
1807 1195 1875 1222 προ-

1085 1235 1179 1271 φῆται,
1196 1245 1205 1261 ι
1226 1235 1312 1270 ’Υπὲρ
1325 1234 1375 1269 τῆς
1392 1235 1430 1266 εἰς
1453 1235 1526 1270 ἡμᾶς
1541 1234 1651 1269 χάριτος
1667 1233 1876 1268 προφητεύσαν-

1084 1291 1141 1315 τες,
1158 1281 1323 1318 ἐρευνῶντες
1336 1282 1375 1313 εἰς
1394 1281 1457 1307 τίνα
1473 1280 1520 1306 καὶ
1536 1281 1611 1306 ποῖον
1627 1278 1722 1314 καιρὸν
1737 1279 1831 1314 ἐδήλου
1846 1278 1877 1305 τὸ

1085 1329 1114 1355 ὲν
1126 1327 1217 1359 αὐτοῖς
1230 1327 1338 1362 πνεῦμα
1353 1325 1482 1362 Χριστοῦ,
1499 1324 1777 1361 προμαρτυρούμενον
1790 1325 1825 1351 τὰ
1837 1326 1876 1356 εἰς

1084 1374 1201 1410 Χριστὸν
1221 1373 1382 1408 παθήματα,
1403 1372 1512 1403 καὶτὰς
1533 1371 1601 1407 μετὰ
1621 1371 1706 1398 ταῦτα
1721 1371 1809 1404 δόξας,
1835 1368 1876 1402 οἷς

1084 1419 1276 1454 ἀπεκαλύφθη,
1289 1419 1330 1446 ὃτι
1344 1418 1393 1454 οὑχ
1407 1418 1525 1450 ἑαυτοῖς,
1546 1418 1611 1453 ἡμῖν
1628 1417 1656 1444 δὲ
1667 1417 1809 1453 διηκόνουν
1826 1417 1875 1443 αὺ-

1084 1467 1127 1493 τά.
1160 1476 1169 1492 ι
1196 1466 1298 1501 Γράφει
1315 1465 1369 1500 γὰρ
1388 1464 1475 1496 οὕτως
1499 1464 1548 1490 τοῦ
1566 1464 1692 1499 Σωτῆρος
1711 1463 1725 1489 δ
1741 1463 1874 1498 μαθητής.

1085 1512 1139 1539 Καὶ
1159 1512 1243 1544 πολὺς
1268 1511 1317 1547 μὲν
1333 1512 1348 1538 ό
1366 1510 1432 1546 παρ’
1449 1511 1541 1542 αὐτοῖς
1562 1510 1625 1546 περί
1647 1510 1696 1545 τῆς
1716 1508 1763 1535 τοῦ
1785 1509 1876 1543 Σωτῆ-

240 1551 274 1579 de
294 1552 443 1580 Salvatoris
465 1555 550 1581 nostri
577 1555 766 1583 incarnatione
788 1564 877 1584 sermo
896 1562 938 1585 est
954 1558 1032 1585 habi—

1087 1567 1132 1595 ρος
1148 1558 1227 1593 ἡμῶν
1246 1557 1480 1592 ὲνανθρωπήσεως
1496 1556 1586 1590 λόγος,
1603 1555 1651 1582 καὶ
1668 1556 1708 1582 ὅτι
1729 1555 1800 1581 κατὰ
1815 1562 1876 1580 και-

241 1603 295 1632 tus,
316 1599 442 1634 quodque
459 1608 588 1627 successu
609 1602 740 1635 temporis
759 1601 918 1637 redemptor
933 1608 1031 1630 ventu-

241 1652 287 1672 rus
303 1650 385 1671 esset.
402 1645 475 1672 Nihil
493 1654 558 1672 vero
579 1647 700 1673 olifuorit
717 1649 848 1676 nonnulla
867 1648 894 1676 in
911 1649 1032 1676 medium

240 1690 340 1717 aﬂ'erre
366 1691 399 1718 ad
426 1692 567 1719 meliorem
598 1694 787 1721 studiosorum
810 1695 1030 1722 instructionem.

240 1734 391 1763 Conveniat
404 1745 470 1764 vero
485 1745 543 1765 rem
561 1738 631 1765 hanc
650 1739 677 1766 in
697 1739 863 1767 calumniam
875 1741 1031 1768 Judteorum

240 1782 349 1816 populis
362 1786 490 1815 statuere,
505 1788 535 1810 ut
549 1791 582 1810 ex
596 1784 662 1819 ipsis
677 1785 761 1812 rebus
771 1786 865 1813 videre
876 1786 949 1813 licet.
963 1786 1031 1813 Cum

240 1825 313 1851 enim
334 1833 368 1852 ex
386 1826 554 1860 propheticis
575 1829 750 1856 sermonibus
773 1830 900 1865 colligere
921 1835 1032 1865 possent

241 1868 390 1897 Salvatoris
404 1871 561 1905 adventum,
578 1881 610 1900 ac
621 1874 713 1908 potius
731 1883 764 1901 ex
783 1875 840 1910 ipsa
856 1876 921 1910 legis
934 1876 1031 1903 umbra

242 1914 268 1941 id
283 1915 476 1950 iutclligcntes,
490 1918 583 1953 miseri
595 1920 774 1953 pertinaciter
790 1926 976 1956 repugnarunt
987 1922 1031 1948 di-

241 1961 312 1988 vinis
321 1963 448 1995 oraculis,
464 1968 545 1999 atque
557 1965 626 1992 adeo
638 1966 689 2001 ipsi
700 1966 818 1999 Christo,
829 1967 946 2001 tametsi,
958 1968 1030 2003 quod

241 2007 349 2042 sapiens
364 2008 464 2037 Paulus
484 2011 564 2038 nobis
585 2011 632 2044 ait,
652 2022 661 2037 ι
676 2012 790 2040 Caecitas
801 2021 833 2040 ex
845 2018 922 2048 parte
937 2014 1030 2041 lsraeli

241 2054 341 2080 accidit
349 2054 382 2070 "'
390 2075 397 2087 ,
417 2060 447 2082 ut
456 2056 581 2084 videntes
589 2065 644 2084 non
656 2058 776 2090 videant,
786 2062 813 2085 et
821 2059 965 2087 audientes
976 2068 1031 2088 non

241 2099 363 2132 audiant,
371 2109 460 2135 neque
471 2102 625 2138 intelligant
632 2103 670 2136 ⁸⁷;
682 2113 690 2129 ι
708 2105 939 2139 quemadmodum
948 2107 1030 2134 etiam

241 2144 299 2179 ipse
312 2145 435 2173 Salvator
446 2147 493 2174 ait.
504 2148 548 2174 Ait
556 2156 632 2183 ergo,
644 2153 671 2175 at
680 2150 772 2184 potius
781 2150 858 2185 165
867 2151 1031 2179 Emmanue-

240 2191 293 2218 lem
305 2191 393 2226 ipsum
403 2193 485 2220 lsaias
499 2193 525 2220 in
535 2193 646 2229 scriptis
654 2194 710 2221 suis
718 2200 810 2230 aperte
820 2196 977 2231 loquentem
986 2198 1031 2225 in—

1087 1604 1151 1639 ροὺς
1164 1604 1289 1638 ἀφίξεται
1300 1603 1455 1638 λυτρωτής.
1471 1602 1543 1637 Πρὸς
1558 1601 1706 1636 εὐμάθειαν
1720 1600 1748 1627 δὲ
1764 1600 1819 1627 τῶν
1833 1601 1876 1627 ὲν-

1083 1649 1253 1684 τευξομένων
1285 1649 1364 1683 ὀλίγα
1381 1657 1434 1683 περ
1455 1649 1576 1682 ἐνεγκεῖν
1601 1647 1632 1673 τὸ
1658 1646 1759 1674 λυποῦν
1787 1647 1873 1673 οὐδέν.

1090 1695 1245 1730 Ἐπίκλημα
1259 1694 1286 1721 δὲ
1304 1695 1360 1725 τοῖς
1377 1694 1510 1720 Ἰουδαίων
1522 1694 1618 1729 δήμοις
1632 1692 1662 1719 τὸ
1679 1694 1774 1728 χρῆμα
1789 1695 1875 1719 ποιεῖ-

1085 1741 1146 1768 σθαι
1164 1741 1264 1776 πρέποι
1278 1740 1320 1770 ἂν,
1335 1741 1373 1771 ὡς
1389 1739 1418 1771 ἐξ
1428 1740 1517 1766 αὐτῶν
1531 1739 1619 1766 ἔνεστι
1635 1739 1688 1766 τῶν
1704 1739 1875 1775 πραγμάτων

1085 1786 1157 1813 ίδεῖν.
1185 1786 1280 1812 Χαίτοι
1295 1786 1349 1821 γὰρ
1365 1786 1423 1812 ἐνὸν
1438 1786 1470 1812 ὲκ
1489 1785 1667 1821 προφητικῶν
1685 1785 1731 1812 τοῦ
1750 1786 1875 1821 Σωτῆρος

1084 1831 1255 1866 καταθρῆσαι
1274 1831 1361 1865 λόγων
1386 1831 1436 1867 τὴν
1455 1831 1557 1865 ἄφιξιν,
1578 1832 1677 1867 μᾶλλον
1691 1832 1719 1858 δὲ
1734 1832 1805 1866 τάχα
1823 1841 1875 1858 που

1085 1878 1131 1904 καὶ
1145 1877 1279 1908 συνιέντες
1298 1878 1321 1903 οἰ
1339 1877 1453 1908 τάλανες
1472 1878 1520 1904 καὶ
1533 1877 1562 1910 ἐξ
1580 1878 1665 1913 αὐτῆς
1680 1877 1731 1912 τῆς
1749 1879 1777 1905 ὲν
1801 1878 1876 1914 νόμῳ

1084 1925 1174 1955 σκιᾶς,
1199 1923 1376 1959 ἀντεφέροντο
1402 1923 1561 1958 δυστρόπως
1586 1925 1642 1955 τοῖς
1666 1923 1758 1950 θεόθεν
1773 1930 1876 1959 κεχρη-

1084 1968 1293 2003 σμῳδημένοις,
1316 1968 1363 1995 καὶ
1396 1968 1471 2004 αὑτῷ
1498 1968 1537 2004 τῷ
1564 1969 1685 2005 Χριστῷ,
1705 1969 1721 2005 ἢ
1742 1970 1789 1996 καὶ
1807 1971 1876 2006 ὅπερ

1087 2015 1138 2050 ἔφη
1157 2014 1263 2047 Παῦλος
1276 2015 1343 2050 ἡμῖν
1366 2016 1380 2041 δ
1403 2015 1500 2050 σοφός·
1523 2025 1532 2041 ι
1553 2015 1687 2052 Πώρωσις
1707 2016 1760 2042 ἀπὸ
1777 2016 1875 2052 μέρους

1082 2061 1179 2095 γέγονε
1196 2060 1235 2096 τῷ
1257 2060 1376 2096 Ἰσραὴλ,
1395 2061 1439 2087 ἵνα
1455 2060 1600 2096 βλέποντες
1616 2061 1653 2097 μὴ
1671 2061 1807 2096 βλέπωσι,
1827 2063 1875 2088 καὶ

1083 2096 1227 2138 ἀκούοντες
1252 2106 1289 2142 μὴ
1314 2106 1460 2140 ἀκούσωσι,
1482 2107 1548 2142 μηδὲ
1566 2096 1685 2134 συνιῶσι.
1707 2117 1716 2133 ι
1734 2107 1813 2134 Καθὰ
1828 2108 1876 2135 καὶ

1083 2153 1165 2184 αὐτὸς
1183 2153 1294 2190 εἴρηκεν
1308 2154 1322 2180 ό
1340 2154 1446 2189 Σωτήρ.
1467 2153 1540 2188 Ἔφη
1553 2154 1654 2186 τοίνυν,
1674 2154 1773 2189 μᾶλλον
1788 2155 1816 2181 δὲ
1828 2156 1876 2181 καὶ

1082 2198 1164 2226 αὐτὸν
1187 2199 1254 2234 ἡμῖν
1277 2199 1453 2233 εἰσκεκόμικε
1473 2199 1519 2225 τὸν
1550 2200 1723 2235 Ἐμμανουὴλ
1745 2201 1773 2227 ὲν
1797 2200 1875 2232 ἰδίαις

240 2237 317 2264 ducit
332 2246 338 2264 :
354 2238 488 2273 «Spiritus
496 2239 603 2266 Domini
616 2247 699 2275 super
713 2248 767 2274 me,
778 2242 855 2277 cujus
865 2250 946 2270 causa
954 2244 1032 2272 unxit

1087 2227 1259 2281 συγγραιραῖς
1280 2245 1295 2271 ὁ
1321 2227 1464 2278 θεσπέσιος
1485 2227 1736 2281 Ἦσαταςιλέγοντα
1764 2227 1873 2281 σαφῶςζ

240 2291 294 2315 me,
304 2284 493 2318 evangelizare
510 2286 679 2320 pauperibus
695 2287 770 2314 misit
785 2296 840 2321 me,
858 2297 955 2317 sanare
965 2298 1032 2318 con-

241 2330 322 2357 tritos
338 2329 433 2362 corde,
446 2331 595 2365 pmdicare
606 2332 722 2367 captivis
731 2334 932 2369 remissionem,
943 2341 970 2364 et
979 2345 1030 2365 cae-

239 2375 279 2403 cis
292 2376 380 2403 visum
400 2384 407 2403 :
428 2384 525 2404 vocare
536 2385 639 2405 annum
652 2379 761 2408 Domini
773 2383 984 2417 acceptabilem,
1003 2389 1031 2411 et

239 2421 311 2448 diem
333 2422 526 2453 retributionis
538 2422 572 2453 ³³.
592 2436 601 2452 ›
618 2426 680 2454 Haec
692 2427 765 2454 enim
780 2427 893 2456 fuerunt
911 2430 1028 2458 illustria

239 2467 369 2496 adventus
390 2468 463 2498 illius
477 2479 570 2506 opera.
585 2471 669 2499 Oseas
681 2480 746 2500 vero
759 2481 867 2501 rursum
880 2474 981 2503 alicubi
994 2476 1029 2504 de

242 2517 300 2552 ipso
313 2517 428 2551 loquens
443 2527 450 2544 :
467 2528 476 2544 ι
495 2518 529 2545 Et
544 2519 782 2553 congregabuntur
795 2519 844 2547 filii
855 2520 925 2549 Iuda
938 2527 966 2549 et
980 2523 1028 2551 ﬁlii

240 2562 323 2590 Israel
340 2561 432 2594 simul,
446 2566 473 2589 et
492 2566 595 2597 ponent
615 2563 668 2590 sibi
689 2564 871 2600 principatum
887 2574 990 2601 unum;
1004 2574 1032 2597 et

239 2608 389 2636 ascendent
406 2608 440 2636 de
462 2614 546 2641 terra,
562 2609 692 2644 quoniam
715 2618 830 2646 magnus
851 2612 912 2640 dies
937 2614 1030 2642 chra-

240 2654 284 2681 hcl
296 2652 329 2681 ".
346 2664 355 2680 ›
373 2654 572 2690 Quamplurimi
595 2656 669 2683 enim
691 2664 740 2691 per
757 2661 879 2692 tempora
893 2659 965 2693 apud
981 2660 1030 2688 Ju-

240 2700 313 2727 (ἵεσθε
333 2700 464 2735 praefecti,
480 2702 545 2728 solis
565 2702 646 2729 labiis
661 2702 853 2730 universorum
876 2705 966 2737 Deum,
985 2714 1031 2734 co-

241 2746 296 2774 lere
310 2746 455 2775 suadentes
479 2752 506 2775 et
519 2748 650 2775 docentes
661 2747 810 2782 doctrinas,
822 2756 959 2786 praecepta
972 2760 1031 2780 om~

273 2840 296 2880 ξι
306 2840 357 2868 lsa.
374 2849 401 2873 χ,
416 2841 459 2880 μ.
482 2842 562 2880 -ΫἈΙΙ
574 2842 673 2880 Conv.
691 2843 733 2878 l7;
749 2845 881 2879 Galat.v1,
896 2847 937 2874 lii.
975 2848 997 2863 ³⁸
1013 2847 1023 2875 l

1087 2855 1108 2874 r.
1125 2848 1145 2880 1,
1160 2846 1251 2874 10-12.
1290 2846 1313 2863 ⁸⁸
1329 2849 1335 2857 ⁵
1355 2847 1434 2875 Rom.
1451 2855 1486 2880 χι,
1508 2844 1553 2873 25.

239 2874 262 2891 ⁸⁵
277 2875 328 2903 isa.
347 2885 399 2909 LXI,
418 2877 443 2904 1.
481 2877 504 2894 υ
518 2877 587 2906 Osee
603 2886 621 2911 ι,
639 2878 682 2906 tl.

1088 2301 1097 2318 ι
1118 2291 1230 2327 Πνεῦμα
1243 2291 1345 2327 Κυρίου
1360 2293 1403 2319 ἐπ’
1420 2292 1482 2328 ἐμὲ,
1496 2289 1526 2320 οὗ
1539 2293 1643 2319 εἵνεκεν
1657 2293 1749 2328 ἐχρισέ
1766 2302 1812 2329 με,
1830 2294 1875 2320 εύ-

1084 2337 1280 2372 αγγελίσασθαι
1298 2338 1417 2372 πτωχοῖς
1438 2338 1594 2365 ἀπέσταλκέ
1610 2347 1653 2374 με,
1668 2339 1794 2366 ἰάσασθαι
1811 2340 1875 2371 τοὺς

1084 2384 1332 2419 συντετριμμένους
1346 2385 1396 2420 τὴν
1413 2385 1539 2420 καρδίαν,
1563 2385 1679 2420 κηρύξαι
1691 2386 1874 2421 αἰχμαλώτοις

1082 2430 1190 2464 ἄφεσιν,
1206 2430 1253 2457 καὶ
1266 2430 1376 2465 τυφλοῖς
1390 2430 1546 2465 ἀνάϐλεψιν,
1556 2431 1669 2457 καλέσαι
1680 2432 1802 2458 ἐνιαυτὸν
1817 2433 1874 2459 Κυ-

1085 2477 1142 2512 ρίου
1157 2477 1259 2508 δεκτδν,
1272 2477 1319 2503 καὶ
1332 2477 1437 2513 ἡμέραν
1453 2477 1669 2509 ἀνταποδόσεως.
1685 2486 1694 2502 ι
1710 2476 1804 2505 Ταῦτα
1819 2477 1874 2513 γὰρ

1082 2515 1177 2557 γέγονε
1203 2523 1237 2549 τὰ
1260 2523 1374 2558 λαμπρὰ
1402 2523 1451 2559 τῆς
1471 2523 1618 2558 ἐπιδημίας
1634 2522 1716 2550 αὐτοῦ
1733 2524 1872 2560 κατορθώ-

1083 2579 1166 2606 ματα.
1191 2570 1271 2605 Ὠσηὲ
1291 2570 1319 2596 δὲ
1335 2570 1417 2597 πάλιν
1436 2569 1489 2605 ἔφη
1512 2578 1563 2596 που
1585 2569 1650 2605 περὶ
1663 2569 1745 2596 αὐτοῦ
1759 2578 1765 2585 ·
1788 2579 1797 2595 ι
1819 2568 1873 2596 Καὶ

1082 2615 1297 2651 συναχθήσονται
1319 2616 1373 2642 υἱοὶ
1401 2615 1499 2647 Ἰούδα,
1513 2615 1560 2641 καὶ
1581 2615 1633 2641 υἱοὶ
1655 2614 1763 2650 Ἰσραὴλ
1782 2615 1828 2641 ὲπὶ
1842 2615 1873 2641 τὸ

1081 2661 1156 2694 αὐτὸ,
1175 2661 1222 2687 καὶ
1239 2661 1367 2696 θήσονται
1390 2661 1495 2692 ἑαυτοῖς
1516 2660 1603 2696 ἀρχὴν
1621 2659 1695 2695 μίαν,
1712 2660 1759 2686 καὶ
1770 2659 1872 2696 ἀναδή-

1081 2714 1173 2732 σονται
1186 2706 1219 2733 ὲκ
1228 2706 1277 2741 τῆς
1287 2706 1348 2740 γῆς,
1360 2706 1400 2732 ὃτι
1412 2705 1517 2741 μεγάλη
1531 2706 1547 2740 ὴ
1558 2704 1649 2740 ἡμέρα
1661 2704 1708 2731 τοῦ
1721 2704 1868 2741 Ἰεζραήλ.›

1080 2751 1204 2778 Πλεῖστοι
1226 2751 1276 2786 μὲν
1304 2751 1359 2786 γὰρ
1380 2751 1437 2777 ὅσοι
1462 2750 1532 2777 κατὰ
1559 2751 1673 2785 καιροὺς
1687 2752 1711 2777 οἰ
1724 2750 1799 2786 παρὰ
1815 2751 1870 2783 τοῖς

1604 2845 1626 2862 ⁸⁷
1642 2845 1736 2874 Matth.
1747 2852 1807 2878 xm,
1825 2845 1865 2872 l5.
