1990 3050
146 168 199 197 Ξϐὅ

652 167 911 197 GLAI’HYIiUBUM
932 167 963 194 IN
985 167 1132 198 CENESIM
1152 172 1214 200 LIB.
1237 174 1267 201 V.

1719 184 1771 212 2136

151 225 287 257 Ἰουδαίοις
306 226 458 261 καθηγηταί
479 226 570 261 μόνοις
584 228 665 262 τιμᾷν
681 228 736 258 τοῖς
752 227 851 262 χείλεσι
868 228 918 254 ἀνα

983 235 1048 254 num
1067 231 1183 265 populos
1201 232 1252 258 sibi
1271 233 1403 260 subditos.
1427 234 1501 263 Unus
1521 245 1584 264 vero
1600 243 1696 267 contra
1710 249 1770 269 om—

144 272 284 303 πείθοντες
300 271 344 298 τὸν
366 271 419 298 τῶν
434 272 502 298 ὅλων
515 271 592 303 Θεὸν,
613 273 660 299 καὶ
678 272 848 303 διδάσκοντες
863 273 935 299 διδα-

147 318 258 345 σκαλίαν
280 318 434 353 ἐντάλματα
446 318 596 353 ἀνθρώπων
610 320 672 350 τοὺς
687 319 740 345 ὑπὸ
751 321 828 355 χεῖρα
843 319 933 351 λαούς.

143 364 200 391 Μία
222 364 251 391 δὲ
275 365 291 399 ἡ
312 364 382 391 κατὰ
405 364 513 391 πάντων
539 373 569 390 τε
590 365 636 391 καὶ
659 366 705 392 ἐπὶ
733 366 836 397 πάντας
863 365 934 401 ἁρχὴ

142 409 260 436 τέθειται
279 409 406 444 Χριστὸς,
429 410 476 436 καὶ
499 410 635 445 άνέϐημεν
662 412 693 437 ἐκ
715 411 764 446 τῆς
783 412 843 447 γῆς,
858 420 931 438 vouc-

142 455 218 487 ἐστι,
244 456 277 482 τὰ
299 456 355 483 ἄνω
375 457 484 491 φρονεῖν
504 456 691 491 δεδιδάγμεθει.
715 466 724 482 ι
750 458 862 492 Μεγάλη
879 457 932 493 γὰρ

147 503 285 539 ἀληεῶςή
302 504 392 539 ἡμέρα
413 504 459 531 τοῦ
482 504 617 539 Ὶεζραὴλ,
643 514 651 530 ι
672 505 803 536 τουτέστι,
819 505 868 540 τῆς
887 505 932 531 τοῦ

140 547 208 574 Θεοῦ
229 549 344 584 σπορᾶς,
367 549 427 584 ἤτοι
453 549 500 575 τοῦ
520 548 596 576 Υίοῦ.
620 550 728 585 Ταύτης
745 550 773 576 δὲ
797 551 862 585 ἡμῖν
882 550 933 584 τῆς

140 594 247 629 ἡμέρας
263 594 428 629 διεμέμνητο
454 594 540 629 λέγων
569 595 616 622 καὶ
642 596 656 622 ὁ
673 595 816 628 θεσπέσιος
833 596 930 623 Δαὸίδ·

142 649 151 664 ι
168 639 242 674 Αὕτη
254 641 269 676 ή
283 639 373 675 ἡμέρα
387 641 420 675 ἣν
435 641 561 676 ἐποίησεν
577 642 591 667 6
602 641 715 676 Κύριος,
730 641 934 676 ἀγαλλιασώμε-

139 684 173 712 οα
183 686 231 712 καὶ
247 686 444 721 εὐφρανθῶμεν
463 686 492 712 ὲν
507 687 586 722 αὐτῇ.
602 696 611 712 ι
628 687 682 713 Καὶ
697 687 809 723 προσέτι
826 687 932 719 Παῦλος

139 732 204 765 ἡμῖν
224 732 238 758 6
256 731 421 765 σοφώτατος·
442 741 452 758 ι
472 732 536 759 Ἰδοὺ
546 732 594 759 νῦν
613 732 708 769 καιρὸς
724 732 930 768 εὐπρόσδεκτος,

140 777 195 804 ἰδοὺ
208 778 256 805 νῦν
270 779 285 813 ἡ
302 778 392 814 ἡμέρα
407 778 545 814 σωτηρίας
556 797 563 810 ,
585 787 594 804 ι
612 779 675 806 καθ’
691 779 725 815 ἢν
744 779 866 815 δηλονότι
883 780 931 806 καὶ

139 824 440 861 σεσώσμεθα,Χριστοῦ
456 825 603 859 καλοῦντος
621 827 661 858 εἰς
677 826 766 853 τοῦτο.
786 827 830 858 Ὠς
845 827 900 862 γὰρ
917 828 931 853 6

139 869 221 903 σοφὸς
250 871 343 905 εἴρηκε
363 870 505 906 μαθητής·
525 881 534 897 ι
559 872 617 898 οὐκ
641 871 714 898 ἔστιν
738 872 824 907 ὄνομα
837 871 931 907 ἕτερον

142 901 195 941 ὑπο
222 915 266 941 τὸν
278 901 407 951 ᾈόρωὶδν,
425 901 612 952 ’τὸ-δεδομένον
627 901 792 952 ἀνθρώποις,
809 919 838 944 ὲν
855 901 931 952 ᾧΙδεῖ
945 901 966 929 Β

110 959 113 961 λ
138 961 259 997 σωθῆναι
277 963 361 997 ἡμᾶς.
382 972 391 988 ι
413 963 505 1000 Πεύσῃ
530 963 559 990 δὲ
582 964 705 999 λέγοντος
727 965 773 991 καὶ
797 964 928 1001 Ἰερεμίου

138 1006 244 1041 σαφῶς·
264 1016 273 1032 ‹
302 1007 365 1034 Ἰδοὺ
380 1008 482 1043 ἡμέραι
505 1008 647 1044 ἔρχονται,
663 1009 737 1044 λέγει
754 1010 866 1045 Κύριος,
882 1010 929 1037 καὶ

137 1054 284 1089 ἀναστήσω
308 1053 347 1089 τῷ
368 1052 450 1081 Δαϐὶδ
470 1055 602 1092 ἀνατολὴν
620 1055 743 1083 δικαίαν·
774 1056 927 1091 βασιλεύσει

138 1099 275 1134 βασιλεὺς,
288 1100 335 1127 καὶ
347 1101 469 1136 συνήσει,
486 1102 533 1128 καὶ
545 1103 653 1137 ποιήσει
666 1103 754 1138 κρῖμα
766 1103 811 1129 καὶ
826 1103 926 1129 δικαιο-

137 1144 222 1179 σύνην
236 1146 283 1172 ἐπὶ
299 1146 348 1181 τῆς
365 1146 427 1181 γῆς.
452 1145 501 1173 Ἐν
521 1148 582 1178 ταῖς
603 1147 720 1182 ἡμέραις
740 1147 822 1174 αὐτοῦ
840 1147 928 1183 σωθή-

136 1199 213 1217 σεται
234 1191 344 1223 Ἰούδας,
363 1193 410 1218 καὶ
441 1192 549 1227 Ἰσραὴλ
572 1192 780 1227 κατασκηνώσει
799 1192 927 1219 πεποιθό-

135 1245 199 1267 τως.
227 1237 281 1263 Καὶ
303 1237 382 1264 τοῦτο
407 1237 437 1263 τὸ
463 1238 550 1272 δνομα
567 1237 666 1270 αὑτοῦ,
682 1238 696 1265 ὃ
720 1238 829 1265 καλέοει
846 1238 926 1265 αὑτὸν

135 1283 238 1318 Κύριος
261 1283 394 1315 Ἰωσεδὲκ,
410 1284 439 1310 ὲν
453 1286 509 1315 τοῖς
525 1285 691 1319 προφήταις.
713 1294 722 1310 ι
742 1284 925 1311 Βεϐασίλευκε

134 1329 189 1364 γὰρ
216 1329 258 1363 ἐφ’
275 1330 348 1364 ἡμᾶς
370 1329 472 1362 δίκαιος
498 1330 625 1365 βασιλεὺς
649 1331 664 1357 6
686 1331 814 1366 Χριστὸς,
838 1332 925 1367 κρῖμα

134 1374 269 1409 πεποίηκε
284 1376 331 1402 καὶ
341 1375 526 1411 δικαιοσύνην,
539 1376 696 1409 ἀπαλλάξας
705 1377 848 1412 ἁμαρτιῶν
862 1377 926 1409 τοῦς

135 1420 339 1456 ἠπατημένους,
352 1422 399 1448 καὶ
415 1422 599 1454 καταδικάσας
611 1423 656 1449 τὸν
667 1423 816 1459 ὲχϐροντοῦ
828 1423 923 1450 πλεον-

134 1468 302 1502 εκτήσαντος
330 1469 448 1497 Σατανᾶ.
480 1468 605 1504 Τοῦνομα
629 1469 657 1496 δὲ
680 1470 754 1505 αὐτῷ
780 1470 922 1502 Ἰωσεδὲκ,

134 1513 278 1546 τουτέστι,
304 1513 481 1549 δικαιοσύνη
503 1515 587 1542 Θεοῦ.
620 1525 629 1540 ι
646 1514 851 1549 Δεδικαιώμεθα
869 1515 923 1551 γάρ

985 282 1035 302 nes
1045 281 1073 302 et
1085 283 1167 311 super
1177 284 1272 305 omnes
1285 279 1390 313 positus
1402 285 1442 307 est
1453 282 1621 318 principatus
1632 284 1768 321 Christus,

984 322 1212 358 ascendimusque
1232 332 1247 352 e
1268 329 1352 357 terra,
1373 326 1424 353 hoc
1447 332 1498 360 est,
1514 336 1630 364 superna
1651 333 1769 367 cogitare

984 366 1057 394 docti
1071 375 1175 396 sumus.
1194 379 1202 395 ι
1220 370 1333 405 Magnus
1348 373 1422 399 enim
1445 381 1538 401 revera
1553 380 1595 403 est
1610 376 1669 404 dies
1681 366 1770 406 .iezra-

985 412 1041 445 he],
1060 424 1068 439 ι
1092 415 1144 443 hoc
1158 421 1209 448 est,
1223 416 1419 446 incarnationis
1440 419 1498 454 Dei,
1521 421 1578 448 sive
1590 422 1661 449 Filii.
1684 424 1770 459 Hujus

984 464 1075 487 autem
1091 461 1146 489 diei
1161 463 1287 490 meminit
1303 464 1386 491 etiam
1403 465 1513 493 divinus
1527 469 1661 503 propheta
1674 470 1768 503 David,

983 505 1079 533 dicens
1094 515 1102 535 :
1124 516 1133 534 ι
1151 507 1212 535 llaec
1228 513 1269 536 est
1282 509 1340 536 dics
1351 518 1432 544 quam
1446 510 1510 538 fecit
1525 512 1666 547 Dominus,
1680 517 1770 544 exsul~

984 556 1073 579 temus
1084 558 1112 580 et
1124 553 1247 581 laetemur
1267 555 1293 581 in
1307 563 1338 582 ea
1352 556 1384 582 '“.
1401 567 1409 582 ι
1425 556 1497 589 Quin
1510 563 1537 586 et
1551 560 1770 594 sapientissimus

983 596 1083 625 Paulus
1095 599 1175 626 nobis
1191 600 1229 626 ait
1243 609 1248 627 :
1269 610 1277 626 ‹
1293 601 1362 629 Ecce
1378 610 1452 630 nunc
1469 607 1576 639 tempus
1590 607 1768 641 acceptabile,
1805 632 1819 640 ,,

982 651 1047 671 ecce
1066 653 1140 673 nunc
1156 646 1215 674 dies
1231 648 1327 675 salutis
1338 649 1370 682 ",
1390 659 1398 674 ι
1417 650 1444 677 in
1458 659 1512 685 quo
1529 652 1660 680 nimirum
1673 654 1769 683 salvati

982 698 1087 724 sumus,
1106 697 1220 721 vocante
1243 694 1276 721 ad
1297 694 1349 722 hoc
1370 695 1489 724 Christo.
1508 698 1585 731 Nam,
1605 703 1636 726 ut
1660 701 1769 735 sapiens

982 734 1133 770 discipulus
1153 737 1233 765 docet
1249 746 1255 764 :
1276 747 1284 763 ι
1307 739 1367 766 Non
1384 744 1426 767 est
1439 748 1539 769 nomen
1551 743 1625 770 aliud
1637 734 1769 773 subicualo

982 781 1075 809 datum
1091 783 1258 816 hominibus,
1272 784 1299 812 in
1317 793 1372 819 quo
1386 790 1510 820 oporteat
1526 795 1575 815 nos
1592 789 1690 817 salvari
1702 791 1734 818 ".
1754 800 1764 817 ›

981 827 1083 856 Audies
1112 837 1178 856 vero
1203 830 1285 857 etiam
1315 831 1577 867 Jeremiam‘aperte
1601 834 1739 864 dicentem
1760 846 1766 863 :

985 882 994 898 ι
1008 873 1079 901 Ecce
1099 874 1157 901 dies
1178 875 1302 908 veniunt,
1325 876 1392 904 dicit
1413 878 1544 906 Dominus
1561 888 1567 906 ι
1584 885 1612 907 et
1631 882 1769 910 suscitabo

980 918 1065 946 David
1089 927 1200 954 germen
1218 920 1332 955 justum,
1353 926 1380 949 et
1398 923 1523 957 regnabit
1542 932 1599 957 rex,
1613 929 1641 952 et
1659 928 1768 962 sapiens

980 964 1043 997 erit,
1056 969 1083 991 et
1101 964 1183 992 faciet
1193 965 1326 1000 judicium
1339 968 1511 1002 etjustitiam
1524 970 1551 997 in
1564 975 1646 998 terra.
1663 972 1693 999 In
1707 973 1766 1001 die-

979 1009 1031 1037 bus
1052 1010 1112 1045 ejus
1132 1011 1281 1039 salvabitur
1290 1012 1370 1045 Juda,
1387 1017 1415 1040 et
1434 1013 1515 1042 Israel
1534 1016 1669 1045 habitabit
1683 1019 1768 1046 confi—

979 1055 1085 1083 denter.
1099 1057 1133 1083 Et
1146 1057 1198 1084 hoc
1209 1062 1362 1085 estnomen
1374 1059 1443 1094 ejus,
1456 1060 1529 1095 quod
1543 1062 1680 1090 vocabunt
1691 1071 1766 1097 eum,

978 1101 1110 1129 Dominus
1128 1103 1242 1130 Josedec
1260 1103 1287 1130 in
1306 1105 1448 1139 prophetis
1462 1106 1495 1132 ".
1514 1116 1523 1131 ι
1544 1107 1678 1142 Regnavit
1691 1109 1766 1137 enim

979 1155 1061 1182 super
1079 1155 1130 1175 nos
1146 1148 1237 1183 justus
1253 1157 1299 1176 rex
1313 1149 1592 1186 Christus,justitiam
1605 1153 1670 1181 fecit
1682 1155 1765 1190 etju-

977 1193 1090 1227 dicium,
1105 1195 1225 1222 liberans
1241 1203 1256 1222 a
1274 1196 1393 1231 peccatis
1409 1205 1457 1224 eos
1484 1199 1531 1233 qui
1551 1199 1658 1234 decepti
1675 1205 1764 1234 erant,

977 1244 1005 1267 et
1018 1240 1204 1268 condemnans
1217 1241 1324 1269 hostem
1338 1242 1454 1276 Satanae,
1470 1244 1642 1279 tyrannidem
1666 1245 1694 1273 in
1715 1254 1766 1274 nos

976 1287 1140 1314 exercentis.
1153 1287 1258 1314 Nomen
1270 1295 1335 1315 vero
1347 1288 1398 1323 ipsi
1417 1289 1543 1322 Josedec,
1558 1290 1611 1318 hoc
1625 1295 1676 1323 est,
1684 1293 1766 1327 justi-

978 1332 1036 1359 titia
1050 1332 1108 1359 Dei.
1132 1342 1140 1357 ι
1155 1332 1299 1360 Justificati
1319 1334 1392 1361 enim
1410 1342 1505 1363 sumus
1524 1336 1553 1363 in
1574 1336 1642 1371 ipso,
1657 1344 1712 1364 non
1731 1345 1765 1367 ex

976 1378 1105 1412 operibus
1121 1378 1236 1413 iustitiae
1261 1387 1321 1414 quae
1338 1379 1452 1408 fecimus
1473 1389 1534 1414 nos,
1549 1382 1597 1409 sed
1613 1384 1764 1411 secundum

976 1431 1101 1459 magnam
1126 1425 1212 1459 ipsius
1236 1425 1452 1453 misericordiam
1466 1428 1497 1454 ".
1520 1437 1528 1453 ι
1553 1428 1658 1456 Idcirco
1679 1429 1762 1456 etiam

975 1469 1041 1496 dicit
1057 1469 1129 1497 Deus
1142 1477 1174 1496 ac
1186 1470 1266 1497 Pater
1281 1479 1287 1496 :
1307 1480 1316 1493 ι
1327 1470 1536 1506 Appropinquat
1548 1473 1674 1500 celeriter
1684 1474 1764 1508 justi~

976 1515 1012 1543 tia
1026 1523 1097 1548 mea,
1107 1520 1135 1543 et
1148 1516 1334 1543 misericordia
1354 1524 1413 1543 mea
1431 1517 1597 1544 revelabitur
1608 1518 1640 1545 ⁸⁸.
1660 1528 1669 1544 ι
1685 1519 1763 1546 Mise-

133 1558 162 1585 ἄν
176 1559 260 1594 αὐτῷ,
276 1560 322 1585 καὶ
341 1560 391 1586 οὐκ
414 1560 443 1593 ἐξ
458 1560 545 1596 ἔργων
567 1560 740 1595 δικαιοσύνης
758 1560 776 1587 ἃ.
793 1561 923 1596 ἐποιήσα-

977 1561 1096 1589 ricordia
1111 1562 1185 1589 enim
1200 1565 1227 1589 et
1239 1562 1345 1596 justitia
1359 1562 1437 1597 166
1447 1563 1526 1590 nobis
1538 1563 1624 1591 factus
1633 1568 1675 1591 est
1684 1564 1763 1592 Chri-

136 1614 184 1641 μεν
206 1607 302 1641 ἡμεῖς,
322 1606 390 1633 ἀλλὰ
410 1606 479 1633 κατὰ
502 1607 532 1633 τὸ
553 1607 620 1633 πολὺ
635 1607 717 1633 αὐτοῦ
732 1606 815 1637 ἕλεος.
836 1616 844 1632 ι
861 1607 923 1633 Τοι-

134 1653 229 1687 γάρτοι
250 1653 297 1679 καὶ
317 1653 436 1686 ἔφασκεν
454 1654 468 1679 ό
491 1653 555 1685 Θεὸς
580 1654 626 1680 καὶ
650 1654 755 1688 Πατήρ·
774 1662 782 1678 ι
805 1652 922 1687 Ἑγγίξει

133 1700 202 1733 ταχὺ
219 1699 235 1734 ή
252 1699 409 1734 δικαιοσύνη
435 1708 503 1735 μου,
525 1699 573 1725 καὶ
594 1699 625 1725 τὸ
652 1699 725 1730 ἔλεός
744 1707 794 1734 μου
820 1699 923 1725 ἀποκα-

134 1743 311 1778 λυφθήσεται.
330 1754 338 1769 ι
367 1744 462 1775 Ἔλεος
483 1744 537 1779 γὰρ
562 1744 608 1770 καὶ
635 1743 793 1777 δικαιοσύνη
812 1743 923 1777 γέγονεν

133 1790 199 1824 ἡμῖν
217 1789 293 1824 παρὰ
307 1789 355 1816 τοῦ
371 1789 439 1816 Θεοῦ
458 1790 505 1816 καὶ
521 1790 628 1825 lla-cpe;
640 1790 654 1816 6
670 1789 797 1824 Χριστὸς,
810 1789 838 1816 ὃν
849 1789 924 1825 αὐτῷ

133 1835 165 1871 δὴ
181 1835 269 1871 τούτῳ
283 1836 321 1871 τῷ
338 1836 448 1871 ὀνόματι
463 1836 510 1863 καὶ
530 1836 544 1862 ὁ
557 1835 685 1871 λαμπρὸς
704 1835 758 1862 τῶν
770 1836 855 1870 άγίων
870 1836 923 1863 ὰπ-

133 1882 226 1908 εκάλει
241 1883 331 1917 χορός.
348 1882 376 1909 '0
391 1882 439 1917 μὲν
461 1882 516 1918 γὰρ
534 1883 667 1918 μακάριος
682 1882 817 1918 Σαμουὴλ,
832 1883 846 1909 ὁ
866 1882 924 1909 δια-

133 1927 231 1962 εόητος
250 1929 279 1954 ὲν
293 1928 456 1963 προφήταις,
467 1928 629 1964 προσελάλει
643 1930 698 1959 τοῖς
713 1928 741 1961 ἐξ
760 1927 923 1963 Ἰσραὴλ,λὲ‹

133 1981 190 2007 γων
204 1980 211 1988 ⁸
233 1983 241 1998 ι
260 1973 314 1999 Καὶ
339 1973 404 2006 ἰδοὺ,
422 1973 477 2007 ἐγὼ
491 1973 635 2009 διελήλυθα
656 1972 771 1999 ἐνώπιον
794 1974 870 2009 ὑμῶν
891 1974 923 2000 ὲκ

132 2017 262 2052 νεότητός
300 2026 352 2053 μου
388 2019 434 2045 καὶ
459 2018 511 2051 ἕως
527 2019 576 2053 τῆς
595 2018 700 2054 ἡμέρας
722 2018 833 2053 ταὺτης.
858 2019 922 2046 Ἰδοὺ

132 2063 205 2097 ἐγὼ,
224 2064 391 2098 άποκρίθητε
418 2065 478 2091 κατ’
499 2063 566 2099 ἐμοῦ
596 2063 711 2091 ἐνώπιον
731 2065 850 2101 Κυρίου,
877 2065 924 2091 καὶ

133 2110 251 2137 ἐνώπιον
276 2111 395 2146 Χριστοῦ
419 2110 512 2138 αὑτοῦ.
535 2120 544 2137 ι
570 2111 625 2137 Καὶ
646 2111 744 2138 πάλιν·
776 2121 785 2137 ι
810 2111 924 2146 Μάρτυς

133 2155 237 2191 Κύριος
260 2156 289 2182 ὲν
313 2156 394 2189 ὑμῖν,
415 2157 463 2183 καὶ
490 2155 595 2191 μάρτυς
611 2156 728 2190 Χριστὸς
745 2155 826 2182 αὑτοῦ
844 2156 873 2183 ἐν
888 2157 921 2191 τῇ

133 2202 225 2237 ἡμέρᾳ
236 2201 333 2237 ταύτῃ,
351 2202 392 2228 ὅτι
405 2203 454 2237 οὐχ
469 2202 606 2238 εὑρήκατε
620 2202 651 2228 ὲν
666 2203 698 2237 τῇ
717 2202 789 2237 χειρί
805 2210 856 2237 μου
874 2202 919 2229 οὐ·

132 2247 187 2274 δέν.
202 2258 211 2273 ι
228 2248 406 2283 Σαφεστέρως
421 2248 449 2274 δὲ
462 2249 509 2275 καὶ
523 2250 536 2276 6
555 2248 691 2284 μακάριος
707 2248 789 2275 Δαϐὶδ
803 2249 852 2280 τὰς
867 2248 922 2276 τῶν

139 2293 275 2320 Ἰουδαίων
293 2294 431 2325 ἀπονοίας,
449 2295 496 2321 καὶ
509 2294 540 2320 τὸ
556 2294 681 2328 ἀχάλινον
693 2294 793 2329 θράσος
808 2294 838 2321 τδ
853 2294 922 2321 κατὰ

131 2338 263 2374 Χριστοῦ,
281 2339 327 2365 καὶ
335 2339 364 2365 τὸ
376 2340 477 2367 εἰκαῖον
485 2340 514 2365 ὲν
523 2340 674 2375 σκέμμασι,
684 2340 731 2366 καὶ
744 2340 922 2375 μειρακιῶδες

133 2385 163 2410 ὲν
171 2384 320 2418 λογισμοῖς,
330 2385 468 2420 μονονουχὶ
477 2385 525 2412 καὶ
530 2387 703 2413 καταιτιᾶται
712 2386 740 2412 λέ
744 2394 809 2420 γων-
816 2396 825 2412 ι
831 2386 889 2413 ’Ἰνα
895 2386 921 2413 τι

133 2430 274 2465 ἐφρύαξαν
288 2430 419 2465 lemma!
433 2431 493 2457 λαοὶ
506 2431 674 2467 ἐμελέτησαν
692 2431 767 2465 κενά;
779 2431 921 2467 Παρέστη-

134 2483 184 2502 σαν
195 2475 220 2501 οἱ
234 2475 353 2510 βασιλεῖς
361 2476 410 2511 τῆς
425 2477 487 2511 γῆς,
501 2477 548 2504 καὶ
562 2477 587 2503 οῑ
604 2476 735 2512 ἄρχοντες
750 2476 922 2512 συνήχθησαν

133 2521 180 2547 ἐπὶ
199 2521 230 2547 τὸ
246 2521 322 2553 αὐτὸ,
344 2522 415 2549 κατὰ
437 2521 485 2549 τοῦ
504 2523 607 2558 Κυρίου
628 2523 675 2550 καὶ
698 2521 770 2549 κατὰ
790 2522 837 2549 τοῦ
855 2523 923 2559 Χρι-

134 2566 198 2593 στοῦ
224 2567 317 2594 αὐτοῦ.
345 2576 356 2593 ι
384 2567 458 2596 Κενὰ
473 2569 528 2604 γάρ
552 2568 636 2599 δντως
663 2568 697 2594 τὰ
720 2568 770 2603 τῆς
790 2568 922 2595 Ἰουδαίων

133 2611 254 2646 ἀμαθίας
275 2613 347 2640 κατὰ
360 2613 479 2649 Χριστοῦ
498 2613 679 2649 βουλεύματα.
699 2614 736 2640 Ob
754 2613 807 2650 γὰρ
823 2613 856 2640 ἂν
871 2614 923 2641 άπ-

133 2658 230 2685 έθανεν
242 2658 335 2695 ήζωὴ,
350 2659 404 2686 οὐδ’
419 2662 449 2686 ἐν
462 2661 521 2692 ταῖς
537 2659 601 2696 ᾅδου
616 2659 716 2691 πύλαις
727 2660 822 2693 γέγονε
855 2659 922 2687 κάτ-

133 2713 206 2738 οχος,
218 2706 233 2732 ὁ
245 2705 291 2732 καὶ
305 2706 361 2737 τοῖς
375 2706 450 2733 κάτω
462 2705 616 2742 πνεύμασιν
632 2705 726 2732 εἰπών’
746 2717 754 2732 ι
766 2705 919 2741 Ἑξέλθητε’

134 2753 182 2779 καὶ
196 2753 253 2784 τοῖς
265 2753 294 2779 ὲν
307 2752 345 2787 τῷ
362 2752 461 2779 σκότει’
477 2752 709 2788 Ἀνακαλύφθητε.
724 2762 733 2778 ›
751 2752 921 2789 Κατεθρήνει

165 2857 190 2873 ’⁸
200 2857 272 2885 Psal.
292 2865 372 2889 cxvii,
388 2857 432 2884 24.
486 2857 507 2872 ⁹¹
519 2857 541 2884 II
555 2856 618 2884 Cor.
630 2865 667 2888 vr,
679 2857 706 2884 2.

761 2857 783 2873 ”
796 2856 854 2884 Act.
870 2864 906 2889 IV,
924 2858 969 2885 12.

976 1612 1034 1634 stus
1045 1615 1060 1634 ο
1072 1607 1128 1635 Deo
1139 1615 1171 1635 ac
1182 1607 1274 1639 Patre;
1289 1615 1369 1641 quem
1384 1608 1493 1642 quidem
1506 1609 1557 1634 hoc
1568 1609 1627 1644 ipso
1640 1610 1760 1644 nomine,

975 1653 1088 1680 illustris
1118 1657 1276 1680 sanctorum
1305 1653 1406 1680 chorus
1435 1654 1591 1689 appellavit.
1621 1655 1762 1690 Siquidem

974 1699 1071 1726 beatus
1081 1699 1126 1726 ille
1138 1698 1257 1731 Samuel,
1271 1698 1388 1725 celebris
1402 1699 1474 1726 inter
1488 1700 1645 1734 prophetas,
1660 1701 1762 1728 allocu-

975 1748 1020 1771 tus
1030 1748 1071 1771 est
1084 1744 1231 1776 lsraelitas,
1245 1744 1340 1771 dicens
1354 1754 1359 1770 :
1378 1754 1387 1771 ι
1404 1745 1437 1772 Ει
1452 1753 1515 1772 ecce
1535 1753 1586 1780 ego
1602 1753 1764 1781 progressus

975 1797 1034 1816 sum
1050 1797 1141 1817 eorum
1160 1789 1238 1816 vobis
1254 1789 1288 1816 ab
1304 1789 1487 1817 adolescentia
1504 1797 1573 1822 mea,
1589 1794 1617 1817 et
1630 1798 1716 1825 usque
1733 1791 1762 1818 in

974 1835 1047 1862 diem
1061 1835 1141 1862 hanc.
1153 1834 1224 1862 Ecce
1246 1842 1311 1870 ego;
1326 1835 1489 1870 respondete
1504 1840 1600 1863 contra
1613 1844 1656 1864 me
1670 1844 1762 1864 coram

974 1880 1103 1913 Domino,
1117 1884 1145 1908 et
1164 1888 1255 1908 coram
1278 1880 1388 1908 Christo
1401 1881 1486 1916 ipsius
1498 1880 1532 1908 ".
1550 1891 1559 1907 ι
1586 1882 1620 1910 Et
1641 1890 1737 1911 rursus
1754 1892 1761 1910 :

979 1936 987 1953 ι
1007 1927 1097 1955 Testis
1107 1926 1240 1954 Dominus
1255 1926 1283 1954 in
1299 1926 1386 1959 vobis,
1400 1932 1428 1954 et
1442 1928 1519 1956 testis
1533 1928 1660 1956 Christus
1677 1928 1762 1963 ipsius

974 1972 1002 1999 in
1012 1972 1056 1999 die
1068 1971 1130 2004 hac,
1140 1971 1212 2007 quod
1223 1979 1278 1998 non
1290 1971 1435 1999 invenistis
1446 1972 1474 1999 in
1485 1980 1528 2000 me
1537 1973 1687 2008 quidquam
1699 1974 1732 2000 θ’.
1749 1983 1759 1998 ι

973 2018 1143 2046 Manifestius
1166 2025 1232 2045 vero
1257 2017 1414 2045 Iudaeorum
1440 2019 1657 2050 contumaciam,
1681 2023 1762 2053 atque

973 2064 1105 2091 etfrenem
1118 2063 1259 2091 audaciam
1275 2063 1408 2091 adversus
1421 2063 1572 2097 Christum,
1584 2073 1723 2099 vanusque
1734 2069 1762 2092 et

972 2109 1093 2145 pueriles
1120 2109 1299 2144 cogitationes
1326 2113 1431 2136 tantum
1454 2117 1509 2137 non
1535 2115 1644 2138 accusat
1663 2111 1759 2141 David,

973 2155 1086 2183 dicens:
1103 2164 1111 2180 ι
1127 2154 1215 2188 Quare
1226 2155 1398 2182 fremuerunt
1408 2160 1511 2191 gentes,
1526 2160 1554 2183 et
1565 2157 1658 2192 populi
1675 2157 1760 2184 medi-

975 2201 1025 2229 tati
1036 2206 1101 2229 sunt
1114 2201 1205 2229 inania
1210 2202 1221 2227 ’ἒ
1233 2201 1290 2229 Asti
1295 2206 1388 2229 terunt
1398 2210 1475 2237 reges
1484 2206 1572 2235 term,
1584 2206 1611 2229 et
1621 2203 1760 2238 prim-ipes

936 2238 960 2268 D
974 2247 1129 2282 congregati
1152 2251 1218 2274 sunt
1243 2247 1271 2274 in
1292 2255 1388 2280 unum,
1402 2247 1533 2275 adversus
1557 2247 1713 2280 Dominum,
1733 2253 1761 2275 et

975 2295 1107 2322 adversus
1128 2293 1268 2322 Christum
1291 2295 1378 2329 ipsius
1394 2295 1427 2321 ν’.
1446 2304 1455 2320 ι
1479 2295 1555 2322 Vana
1571 2295 1644 2322 enim
1665 2303 1759 2322 revera

975 2342 1086 2369 fuerunt
1109 2340 1266 2368 Judaiorum
1292 2340 1436 2376 imperitia;
1464 2341 1594 2369 adversus
1620 2340 1761 2369 Christum

975 2387 1099 2414 consilia.
1114 2387 1209 2422 Neque
1224 2386 1297 2413 enim
1312 2389 1418 2413 mortua
1430 2390 1472 2414 est
1481 2387 1548 2419 vita,
1558 2395 1647 2422 neque
1661 2387 1761 2414 inferni

974 2433 1060 2468 portis
1072 2433 1237 2460 constrictus
1250 2432 1311 2465 fuit,
1324 2434 1370 2468 qui
1391 2433 1474 2460 etiam
1491 2432 1607 2460 infernis
1618 2432 1762 2467 spiritibus

974 2477 1044 2505 dixit
1058 2486 1064 2504 :
1082 2487 1091 2503 ‹
1108 2478 1200 2510 Exite;
1217 2482 1245 2505 et
1259 2478 1294 2505 iis
1311 2478 1359 2513 qui
1379 2479 1407 2506 in
1428 2477 1549 2505 tenebris
1567 2476 1758 2508 versabantur,

974 2523 1143 2551 Revelamini
1155 2524 1189 2550 θ’.
1203 2534 1212 2549 )
1233 2524 1389 2558 Deploravit
1408 2527 1498 2551 autem
1512 2522 1663 2551 Jerusalem
1678 2521 1760 2549 etiam

973 2570 1106 2605 propheta
1124 2570 1265 2602 Ieremias,
1279 2574 1310 2597 ut
1325 2570 1446 2605 impiam,
1468 2573 1497 2597 ut
1515 2568 1623 2596 Domini
1647 2566 1761 2595 interfe-

974 2615 1096 2647 ctricem,
1111 2620 1142 2642 ut
1163 2615 1314 2650 profanam,
1331 2620 1361 2643 ut
1382 2616 1526 2651 ingratam.
1547 2615 1587 2642 Ita
1607 2614 1680 2642 enim
1701 2613 1758 2641 ait:

980 2671 988 2687 ι
1003 2661 1121 2697 Spiritus
1140 2666 1203 2689 ante
1222 2661 1319 2689 faciem
1338 2666 1461 2689 nostram
1478 2661 1604 2689 Christus
1617 2660 1759 2690 Dominus,

976 2707 1190 2742 comprehensus
1200 2711 1242 2735 est
1254 2708 1281 2734 in
1293 2707 1548 2743 incorruptionibus
1556 2707 1622 2739 suis,
1632 2705 1680 2733 ubi
1691 2704 1761 2732 dixi-

959 2755 962 2760 '
976 2761 1038 2780 mus
1050 2762 1057 2779 ε
1070 2753 1100 2780 In
1114 2753 1211 2781 umbra
1222 2753 1308 2788 ipsius
1319 2754 1442 2781 vivemus
1456 2753 1483 2780 in
1496 2752 1624 2788 gentibus
1635 2751 1652 2778 ι.
1668 2760 1677 2776 ι
1691 2749 1760 2778 Cum

1019 2857 1042 2873 ”
1058 2857 1158 2884 Jerem.
1178 2864 1252 2888 xxtn,
1268 2857 1293 2888 5,
1305 2856 1332 2883 6.
1384 2856 1407 2871 "
1420 2856 1499 2883 Rom.
1518 2862 1556 2887 III,
1571 2854 1615 2881 24.
1670 2851 1692 2868 ³⁸
1705 2846 1766 2881 lea;

135 2899 190 2929 ινι,
206 2892 229 2919 I.
269 2893 291 2908 "
303 2892 313 2919 I
326 2893 391 2928 Reg.
408 2899 455 2925 xu,
467 2892 494 2924 2,
515 2892 541 2919 5.
579 2893 601 2908 ⁸⁷
616 2891 684 2919 Ibid.
699 2891 724 2918 5.
763 2891 786 2907 ⁸⁸
804 2892 873 2930 Psal.
893 2901 921 2927 ιι,

977 2893 995 2921 ι.
1033 2893 1056 2909 ’⁵
1073 2892 1124 2920 Isa.
1138 2900 1208 2926 χιιι,
1226 2891 1253 2919 9.
1292 2892 1300 2908 ¹
1317 2891 1417 2920 Thren.
1438 2898 1475 2925 Iv,
1491 2889 1534 2918 ΞΟ.

296 2938 432 2971 ΡΑτιιοι..
456 2938 513 2968 Gn.
533 2937 635 2970 LXIX.

1542 2935 1559 2965 9
