1990 3050
146 145 200 172 283

659 142 917 172 GLAPHYRORUM
937 143 970 171 IN
990 144 1140 173 GENESIM
1159 145 1223 172 LIB.
1246 145 1276 172 V.

1728 149 1782 176 9.70

146 202 289 239 ἀπαίροντι
325 202 410 238 μέσης
439 202 484 228 καὶ
506 202 553 236 τῆς
577 201 623 228 τοῦ
651 201 743 228 Λάϐαν
763 201 869 234 ἑστίας,
889 201 936 227 καὶ

989 201 1160 233 excessisset,
1187 200 1312 235 atquein
1336 201 1456 236 patrium
1480 203 1659 231 contenderet
1680 205 1780 238 solum,

147 250 187 280 είς
200 248 248 284 τὴν
265 248 396 284 πατρῴαν
412 247 499 274 ὲλθείν
513 247 698 274 διασπεὺδοντι
714 247 776 282 γῆν,
792 247 868 274 πᾶσά
877 255 936 279 πως

146 293 180 330 ἦν
197 294 303 329 ἀνάγκη
323 294 359 320 δι’
383 293 470 328 Ἐδὼμ
488 293 622 320 ποιεῖσθαι
643 294 692 329 τὴν
713 293 881 329 ἁποδρομὴν,
898 295 936 320 οἱ-

147 340 374 376 κονομικωτάτως
397 339 456 366 λίαν
474 340 523 374 τὴν
543 340 610 374 πρὸς
627 339 671 366 τὸν
690 339 803 373 ἀδελφὸν
826 340 936 375 εἰρήνην

147 385 296 421 ἠσπάζετο,
317 385 364 412 καὶ
375 385 407 420 δὴ
421 385 467 411 καὶ
481 385 613 418 ἀγγέλους
634 384 722 417 ξενίας
736 384 793 419 ἅμα
809 384 938 420 λαμπρὰς

147 431 319 467 προϐαδίζειν
343 429 436 461 εἶπεν,
463 431 503 456 ὅτι
531 430 578 457 καὶ
596 430 677 462 αὐτὸς
702 430 835 465 ὸᾲόμενος
858 430 936 465 ἥξει,

149 477 291 514 προσερῶν
306 485 334 503 τε
347 477 405 511 ἅμα
423 478 660 511 προκαταμὴνυειν
674 475 782 502 ἐκέλευε
795 475 890 511 δώροις
908 484 938 502 τε

148 523 195 550 καὶ
207 523 297 557 λόγοις
314 523 452 550 τιθάσσων
468 522 613 556 ἀποφαίνει
634 521 678 548 τὸν
702 521 786 548 πάλαι
806 521 929 556 φονῶντα

148 571 196 597 καὶ
207 569 390 606 ἀγριαίνοντα.
412 568 519 604 Ἐπειδὴ
534 569 561 595 δὲ
572 568 697 604 παρῆσαν
712 569 737 594 ot
749 568 938 603 ηπροεσταλμέη

149 625 210 646 νοι,
233 615 374 649 λέγοντεςε
397 625 404 640 ι
432 615 570 650 Ἦλθομεν
595 615 663 650 προς
686 614 732 640 τὸν
755 614 868 649 ἀδελφόν
892 622 938 640 σου

155 662 249 692 Ἡσαῦ,
265 662 312 688 καὶ
337 661 390 688 ἰδοὺ
412 662 492 693 αὐτὸς
511 661 621 697 ἔρχεταί
647 669 687 687 σοι
708 661 748 693 εἰς
766 662 938 696 συκάντησιν,

148 709 196 735 καὶ
214 707 236 734 υ¹
249 707 344 743 ἄνδρες
362 708 419 742 μετ’
435 707 533 735 αὑτοῦ·
560 717 568 732 ι
593 707 720 742 περιδεὴς
744 706 772 734 δὲ
789 705 821 742 ἦν
841 706 910 740 ἄγαν
927 707 940 732 6

148 753 291 785 θεσπέσιος
316 752 414 780 Ἰακώϐ
428 753 476 779 ὀὐ
494 753 548 788 γὰρ
565 752 634 787 ἔχων
653 752 750 778 εἰδέναι
771 751 863 785 σαφῶς
889 759 940 776 πο-

147 799 220 834 τέρῳ
232 799 265 834 δὴ
277 798 344 833 φίλῳ
359 799 406 825 καὶ
422 798 551 834 εἰρηνικῷ
566 797 763 833 περιτεύξεται,
781 797 797 832 ἢ
815 797 853 828 ὼς
865 796 939 823 οὐδὲν

147 843 230 881 ἦττον
246 844 441 880 ἁνεπτοημένῳ
464 843 532 879 πρὸς
552 844 582 870 τὸ
603 843 677 878 αὐτῷ
695 843 809 878 σύνηθες
828 842 938 878 θράσος,

986 254 1098 275 necesse
1113 247 1193 282 plane
1219 252 1278 274 erat
1297 254 1347 281 per
1369 247 1454 274 Edom
1478 247 1530 274 iter
1551 247 1650 276 facere.
1674 249 1783 285 Optimo
1823 242 1826 244 ⁷

987 293 1070 328 igitur
1086 293 1201 320 consilio
1212 300 1306 328 pacem
1321 300 1383 320 cum
1408 293 1491 320 fratre
1511 294 1616 326 ambiit,
1634 299 1663 322 et
1678 297 1784 324 nuntiis

988 347 1042 366 una
1055 347 1117 366 cum
1130 339 1280 373 splendidis
1302 339 1464 366 muneribus
1478 339 1575 374 praeire
1595 340 1689 375 jussis,
1710 342 1782 376 quod

988 385 1046 419 ipse
1061 392 1124 411 eum
1138 385 1248 412 visurus
1258 390 1285 412 et
1297 385 1510 420 compellaturus
1523 386 1639 418 veniret,
1656 385 1785 422 praeiudi-

988 437 1051 457 care
1059 429 1149 465 jussit,
1167 429 1301 464 donisque
1313 433 1341 456 et
1364 429 1455 456 verbis
1472 435 1593 457 veterem
1611 431 1716 459 hostem
1743 433 1783 459 fe-

989 476 1139 504 rocientem
1152 475 1242 502 adhuc
1257 475 1364 510 placare
1382 476 1532 503 contendit.
1550 477 1619 504 Cum
1631 486 1697 505 vero
1709 479 1783 506 redi-

989 521 1074 548 issent
1087 521 1189 553 nuntii,
1203 521 1326 548 dicentes
1345 530 1350 547 :
1371 531 1379 546 ι
1400 521 1480 557 168
1498 523 1598 550 [vimus
1612 523 1645 550 ad
1672 524 1783 552 fratrem

990 571 1067 594 tuum
1076 567 1158 599 Esau,
1172 572 1200 594 et
1213 574 1277 594 ecce
1299 567 1357 602 ipse
1374 568 1449 595 venit
1465 568 1513 595 tibi
1537 569 1564 596 in
1578 577 1734 603 occursum,
1759 577 1785 598 et

990 612 1183 648 quadringenti
1198 612 1249 639 viri
1264 620 1328 640 cum
1349 620 1382 640 eo
1398 612 1420 645 ‘,
1441 622 1448 638 ι
1466 614 1610 648 perculsus
1627 619 1669 642 est
1682 616 1785 650 ingenti
1815 605 1832 610 .-

990 658 1088 685 timore
1099 658 1182 685 Iacob
1199 667 1204 684 :
1219 659 1320 693 quippe
1334 659 1381 693 qui
1397 659 1567 694 exploratum
1590 669 1646 688 non
1671 662 1785 688 haberet

990 710 1024 730 an
1038 711 1101 730 eum
1116 703 1235 731 amicum
1250 709 1278 731 et
1301 704 1445 739 pacificum
1461 710 1533 732 esset
1555 706 1727 740 offensurus;
1750 715 1785 734 an

990 756 1058 776 vero
1069 749 1249 777 nihilominus
1259 750 1338 777 solita
1348 750 1398 784 ipsi
1410 751 1450 778 ira
1465 757 1546 786 atque
1561 753 1710 780 invidentia
1723 760 1786 788 per-

991 795 1087 827 citum,
1112 795 1266 830 damnaque
1290 795 1457 823 molientem.
1475 807 1484 822 ‹
1504 797 1665 825 Trausmisit
1692 799 1784 833 itaque

990 840 1073 868 Iacob
1098 842 1188 868 omnia
1201 849 1260 874 sua,
1286 846 1313 869 et
1325 843 1455 870 remansit
1469 844 1543 870 solus
1554 844 1563 859 ⁷
1579 854 1584 870 :
1605 854 1613 869 ι
1632 845 1678 877 ita,
1694 849 1724 871 ut
1738 852 1784 871 ar-

148 892 195 918 κιιὶ
206 891 239 918 τὰ
253 892 285 918 ὲκ
301 890 398 925 φθόνου
413 891 479 926 δρᾷν
493 890 634 926 ᾑρημένῳ·
656 899 664 916 ι
679 890 835 916 Διεῆίὸασεν
851 890 865 916 6
887 889 939 915 Ἰα-

990 887 1089 920 bitror,
1105 895 1196 915 secum
1211 892 1343 920 statuens,
1367 889 1439 923 quod
1456 891 1478 917 si
1492 897 1554 916 eum
1570 890 1676 918 facilem
1690 898 1721 918 ac
1734 891 1785 920 be-

148 934 206 964 κὼδ
234 937 323 964 πάντα
345 936 380 964 τὰ
404 936 503 968 αὐτοῦ,
529 937 575 963 καὶ
599 936 793 972 ἁπομεμένηκε
818 934 908 970 μὸνο;’
925 944 934 960 ι

147 984 246 1016 ἓκεῖνο,
271 980 348 1018 οἶμαί
359 991 421 1016 που,
438 982 545 1013 πάντως
570 981 632 1008 καθ’
645 981 740 1009 ἑαυτὸν
759 980 935 1016 ἐννενοηκὼς,

145 1029 184 1061 ὡς
199 1029 223 1055 εί
242 1029 290 1064 μὲν
310 1028 406 1064 ὀφθείη
429 1028 547 1064 χρηστός
575 1037 605 1055 τε
631 1028 679 1055 καὶ
699 1029 796 1064 πρᾶος,
820 1027 937 1063 χαὶεπον

145 1075 220 1102 οὐδὲν
233 1074 356 1111 παρεῖναί
372 1082 402 1101 τε
420 1075 467 1101 καὶ
478 1073 860 1110 προσειπεῖν,διαὸιὸασϐέντα
880 1073 935 1100 πέμ

145 1121 188 1148 λιν
196 1120 296 1156 γύναιά
307 1129 337 1147 τε
351 1121 399 1147 καὶ
415 1120 507 1148 τέκνα.
518 1120 549 1147 El
560 1120 588 1146 δὲ
599 1120 661 1156 ἥκοι
677 1119 793 1156 σχληρὺς
813 1119 860 1147 καὶ
873 1119 936 1146 δύσ-

145 1175 205 1203 ερις
219 1167 269 1200 ἔτι,
284 1167 333 1193 καὶ
352 1166 397 1193 τοῦ
423 1167 506 1202 φονᾷν
523 1166 574 1193 οὐκ
589 1166 718 1201 ἀμείνων,
743 1165 867 1199 φείσεται
887 1166 936 1200 μὲν

147 1213 262 1248 νηπίων,
275 1212 364 1239 καὶτὸ
380 1212 434 1239 τῶν
447 1211 566 1247 γυναίων
582 1211 687 1245 ἐλεήσει
704 1211 830 1246 δάκρυον·
853 1219 936 1238 κατα-

145 1258 236 1286 λαϐὼν
260 1259 289 1285 δὲ
309 1258 389 1294 μόνον
412 1258 643 1294 αὑτὸν,ὲκπλήσει
667 1257 701 1284 τὰ
724 1257 756 1284 ὲκ
781 1257 936 1293 (tottot—2,121

145 1305 273 1341 ἀποχρῶν
290 1305 366 1332 ἐσται
385 1305 454 1340 πρὸς
469 1305 582 1340 ἄρκεσιν
599 1303 673 1339 αὐτῷ
688 1304 734 1331 τοῦ
754 1304 935 1340 λελυπηκότος

146 1353 162 1379 ὁ
179 1352 302 1384 θάνατος.
317 1351 390 1387 Πλὴν
407 1352 448 1378 ’ότι
463 1351 510 1378 καὶ
530 1351 636 1383 ἐλπίδος
653 1350 780 1378 ἐπέκεινα
799 1351 876 1377 τοῦτο
891 1351 937 1377 αὺ-

147 1397 185 1433 τῷ
201 1397 357 1434 προϐέϐηκε
388 1397 502 1433 δυνάμει
529 1396 613 1430 Θεοῦ,
640 1397 677 1428 ὡς
708 1397 860 1431 φθάσαντες
884 1395 935 1431 ἤδη

147 1444 323 1480 προείπομεν.
352 1453 362 1470 ι
394 1443 567 1471 Ἠσπάσαντο
590 1443 645 1479 γὰρ
669 1443 809 1478 ἀλλήλους.
832 1453 840 1467 ι
869 1442 936 1470 Ἀπὸ

148 1491 236 1517 τοίνυν
253 1489 299 1517 τοῦ
315 1489 527 1524 συμῦεϐηκότος,
544 1489 591 1516 τοῦ
603 1489 751 1524 μυστηρίου
765 1489 812 1523 τὴν
822 1488 935 1523 δυνάμιν

147 1535 315 1562 ἐπαιδεύετο.
331 1535 421 1570 nam
436 1535 496 1561 τίνα
509 1535 618 1570 τρόπον,
633 1535 687 1570 ἐρῶ
700 1534 731 1570 δὴ
744 1534 833 1561 πᾶλιν,
849 1533 935 1560 Διεϐί-

148 1582 214 1608 ϐασε
232 1581 281 1617 μὲν
297 1582 350 1616 γὰρ
367 1581 455 1608 πάντα
473 1581 555 1608 αὐτοῦ
569 1581 614 1607 τὸν
629 1581 807 1617 χειμάρρουν.
829 1580 936 1616 Ἐπειδὴ

148 1628 176 1654 δὲ
187 1628 381 1664 ἀπομεμένηχε
398 1627 487 1663 μόνος,
507 1627 636 1655 ἐπάλαιεν
653 1627 795 1663 ἄνθρωπος
815 1628 872 1663 μετ’
888 1628 936 1654 αὺ-

148 1674 194 1700 τοῦ
214 1674 266 1706 ἓως
287 1675 368 1710 πρωϊ.
393 1674 443 1700 Τὸν
469 1673 519 1709 μὲν
542 1672 589 1701 οὖν
610 1674 830 1710 προσπαλαίοντα
846 1683 936 1710 φαμεν

149 1717 225 1752 ἅγιον
242 1717 368 1752 ἄγγελον,
386 1717 469 1744 τύπον
487 1718 605 1754 Χριστοῦ
620 1718 666 1745 τοῦ
686 1718 745 1745 καθ’
761 1720 834 1754 ἡμᾶς
849 1719 891 1746 διὰ
907 1720 937 1745 τὸ

148 1762 327 1798 ἀνθρώπινον.
345 1763 405 1789 ’Ότι
428 1762 455 1789 δὲ
473 1763 510 1798 μὴ
534 1763 581 1790 καὶ
597 1763 677 1795 αὐτὸς
692 1765 748 1796 τοῖς
765 1764 852 1796 ἄλλοις
869 1765 936 1799 ὁμοῦ

148 1808 224 1843 διέϐη
240 1808 286 1836 τὸν
299 1809 475 1845 χειμάρρουν,
493 1809 553 1844 ἦτοι
567 1810 613 1836 τὸν
626 1809 733 1845 Ἰασὼχ,
744 1810 772 1842 6;
787 1811 936 1846 ἑρμηνεύε-

147 1863 193 1881 ται
207 1854 298 1888 πάλη,
318 1855 428 1889 γέγονεν
444 1855 536 1886 αὐτοῖς
557 1856 574 1891 ἡ
597 1855 712 1883 δοκοῦσα
730 1856 814 1892 μάχη.
833 1857 937 1888 Kal-tt;

148 1900 181 1927 ἂν
194 1902 279 1928 νοοῖτο
296 1900 376 1928 πάλιν
390 1901 404 1927 ὁ
418 1900 494 1927 τοῦδε
506 1901 595 1935 λόγος,
610 1901 669 1936 ἤτοι
685 1901 746 1933 νοῦς
762 1903 776 1928 6
790 1902 934 1934 ὲσωτάτως

150 1945 227 1981 Πρὸς-
241 1945 291 1981 μὲν
315 1946 370 1981 γὰρ
385 1945 448 1977 τοὺς
463 1945 650 1977 διαϐαίνοντας
671 1945 716 1972 τὸν
738 1945 872 1981 Ἰορδάνην
882 1966 889 1978 ,
906 1942 936 1972 οὗ

150 1993 196 2020 καὶ
207 1994 249 2025 εἰς
267 1992 350 2020 τύπον
365 1994 379 2019 6
403 1992 508 2028 Ἰασὼχ,
523 1993 554 2019 οὐ
570 1993 679 2019 παλαίει
693 1992 818 2028 Χριστὸς,
830 1993 889 2019 οὐδὲ
909 1994 938 2019 ἐν

148 2037 222 2072 τάξει
235 2038 370 2073 πολεμίων
387 2038 403 2073 ἢ
427 2037 582 2065 ἀντιπάλων
595 2039 713 2064 ποιεῖται
732 2037 795 2069 τοὺς
808 2037 842 2063 τὰ
855 2037 937 2064 αὐτοῦ

149 2083 286 2118 τιμῶντας
301 2084 448 2119 μυστήρια.
468 2083 599 2115 Διασώζει
611 2083 640 2109 δὲ
658 2083 757 2118 μᾶλλον
774 2083 821 2110 καὶ
835 2091 938 2118 νενικη-

149 2128 279 2160 κόταςτδν
288 2128 398 2164 κόσμον,
405 2128 443 2160 ὡς
450 2129 478 2155 ὲν
489 2129 561 2164 μάχῃ
567 2130 612 2164 τῇ,
619 2127 795 2164 φημὶ,νοητῇ,
802 2130 936 2164 στεφανοῖ,

149 2175 196 2201 καὶ
222 2176 283 2206 ταῖς
308 2175 438 2202 ἀνωτάτω
457 2174 669 2210 χαταφαιδρύνει
695 2176 798 2210 τιμαῖς.
821 2175 895 2211 ΙΙὰλη
909 2175 938 2202 δὲ

991 934 1104 970 nignum
1117 935 1298 970 experiretur,
1311 943 1483 970 nequaquam
1495 935 1602 963 diﬂicile
1613 936 1681 969 fore,
1694 937 1784 972 ipsum

990 981 1066 1009 adire
1078 986 1160 1017 atque
1174 982 1286 1017 alloqui,
1303 989 1457 1016 uxoresque
1474 986 1500 1009 et
1516 982 1586 1009 ﬁlios
1599 989 1738 1010 revocare.
1755 983 1784 1011 Si

990 1036 1056 1056 vero
1071 1028 1177 1064 rigidus
1202 1029 1293 1056 adhuc
1307 1033 1334 1056 et
1347 1028 1430 1056 cazdis
1444 1033 1577 1063 appetens
1590 1029 1707 1061 veniret,
1719 1038 1784 1064 par-

990 1078 1066 1102 ceret
1081 1074 1192 1110 quidem
1205 1075 1308 1110 pueris,
1323 1075 1503 1110 femineisque
1516 1074 1643 1110 lacrymis
1655 1074 1688 1102 ad
1701 1075 1784 1103 mise-

991 1120 1135 1147 ricordiam
1156 1125 1332 1148 moveretur:
1347 1121 1406 1156 ipso
1419 1128 1485 1164 vero
1502 1120 1700 1155 comprehenso
1716 1121 1785 1149 iram

989 1174 1064 1193 suam
1084 1167 1216 1202 expleret,
1232 1166 1360 1202 quodque
1374 1167 1433 1202 ejus
1448 1167 1494 1202 qui
1519 1167 1608 1202 ipsum
1633 1166 1786 1194 offenderat

989 1219 1072 1244 mors,
1085 1211 1158 1239 illius
1169 1212 1290 1239 furorem
1302 1211 1458 1247 mitigatum
1469 1216 1549 1239 esset.
1564 1211 1698 1240 Caeterum
1711 1213 1784 1247 quod

989 1256 1046 1283 hzec
1054 1257 1145 1284 omnia
1158 1256 1219 1292 ipsi,
1234 1257 1289 1284 Deo
1301 1257 1425 1293 juvantc,
1443 1257 1542 1284 melius
1553 1265 1634 1292 quam
1644 1257 1784 1284 existima—

990 1310 1040 1334 rat,
1064 1304 1258 1336 successerint,
1279 1304 1335 1340 jam
1363 1303 1491 1331 diximus.
1523 1314 1532 1329 ι
1563 1303 1683 1331 Osculati
1709 1304 1784 1331 enim

989 1354 1051 1376 sunt
1072 1357 1100 1376 se
1115 1350 1231 1377 invicem
1245 1349 1266 1377 ⁸.
1284 1359 1292 1376 ι
1310 1351 1348 1377 Ex
1362 1351 1415 1378 hoc
1438 1350 1521 1385 igitur
1537 1355 1637 1378 eventu
1661 1351 1784 1386 mysterii

989 1397 1043 1423 vim
1051 1396 1220 1424 edoctuscst.
1234 1397 1357 1430 Quanam
1366 1404 1432 1424 vero
1442 1397 1559 1429 ratione,
1573 1397 1671 1424 dicam.
1685 1397 1785 1425 Trans-

989 1440 1063 1467 misit
1088 1440 1198 1475 quidem
1222 1441 1313 1468 omnia
1341 1449 1390 1468 sua
1420 1445 1666 1469 torrentem2cum
1691 1445 1783 1470 autem

989 1486 1134 1515 mansisset
1148 1487 1232 1519 solus,
1248 1487 1366 1514 luctatus
1381 1491 1420 1514 cst
1443 1495 1504 1514 cum
1519 1487 1577 1522 ipso
1599 1487 1681 1514 homo
1696 1496 1783 1524 usque

989 1533 1022 1560 ad
1046 1541 1134 1561 mane.
1161 1533 1291 1560 Sanctum
1313 1533 1405 1568 itaque
1430 1534 1554 1568 angelum
1578 1534 1781 1565 colluetantem.

989 1579 1106 1608 dicimus
1117 1587 1177 1608 esse
1197 1584 1289 1616 typum
1311 1575 1424 1612 Christi.
1440 1581 1516 1616 juxta
1530 1589 1559 1607 ac
1574 1589 1623 1608 uos
1639 1581 1703 1608 facti
1717 1589 1782 1616 pro—

989 1631 1050 1661 pter
1063 1626 1274 1659 humanitatem,
1291 1626 1369 1660 Quod
1382 1635 1448 1654 vero
1465 1627 1521 1661 ipse
1543 1635 1715 1662 nequaquam
1729 1635 1783 1655 una

989 1680 1050 1700 cum
1064 1673 1126 1700 aliis
1139 1673 1279 1700 transierit
1302 1677 1450 1700 torrentem
1468 1673 1524 1699 sive
1545 1673 1658 1706 Iahoch,
1678 1674 1725 1708 qui
1740 1674 1782 1701 in-

990 1721 1155 1752 terpretatur
1178 1716 1258 1750 lucta,
1280 1717 1349 1744 facta
1366 1721 1408 1744 est
1430 1717 1497 1752 ipsis
1524 1717 1581 1744 haec
1600 1726 1660 1752 qutc
1674 1718 1784 1746 videtur

988 1771 1088 1799 pugna.
1103 1763 1232 1796 Quaenam
1246 1771 1311 1791 vero
1325 1771 1436 1791 rursum
1455 1764 1536 1799 hujus
1553 1764 1591 1791 rei
1608 1765 1677 1792 ratio
1701 1756 1785 1793 fuerit

989 1814 1035 1836 aut
1049 1809 1166 1836 interior
1192 1809 1306 1836 sensus?
1332 1809 1400 1837 Cum
1421 1809 1455 1836 iis
1482 1810 1555 1836 enim
1570 1810 1616 1845 qui
1642 1814 1784 1839 transeunt

988 1853 1146 1887 Iordanem,
1173 1854 1251 1890 cujus
1273 1861 1353 1890 typus
1382 1859 1424 1882 est
1448 1854 1562 1887 Iaboch,
1586 1863 1641 1882 non
1665 1856 1784 1883 luctatur

988 1900 1124 1933 Christus,
1146 1908 1235 1935 neque
1261 1901 1323 1928 loco
1350 1900 1471 1928 hostium
1495 1904 1541 1928 aut
1562 1900 1783 1929 adversariorum

989 1947 1073 1974 habet
1088 1955 1136 1975 eos
1158 1946 1204 1982 qui
1226 1946 1312 1981 ipsius
1338 1946 1466 1981 mysteria
1488 1951 1665 1974 venerantur.
1693 1947 1784 1975 Salvat

990 2001 1054 2021 vero
1064 1993 1167 2028 potius,
1181 1996 1209 2020 et
1222 1992 1339 2019 victores
1351 1991 1446 2019 mundi
1459 1991 1572 2019 effectos
1589 1992 1630 2028 (ut
1651 1993 1679 2019 in
1699 1994 1783 2028 spiri—

990 2039 1036 2067 tali
1053 2039 1183 2066 nimirum
1200 2037 1300 2073 pugna)
1319 2041 1442 2070 coronat,
1459 2045 1490 2065 ac
1507 2038 1644 2072 supremis
1669 2038 1783 2066 honori-

988 2085 1040 2112 bus
1047 2088 1171 2112 exornat.
1185 2084 1289 2111 Nomen
1299 2092 1363 2111 vero
1371 2083 1476 2111 [lumini
1489 2088 1529 2111 est
1539 2084 1622 2112 lucta.
1638 2094 1647 2110 ‹
1659 2085 1782 2120 Regnum

988 2130 1060 2158 enim
1069 2130 1201 2157 caelorum
1214 2129 1266 2156 vim
1276 2129 1388 2164 patitur,
1397 2132 1424 2156 et
1432 2128 1544 2156 violenti
1553 2130 1734 2164 rapiuntillud
1742 2131 1763 2157 θ.
1771 2141 1779 2155 ι

988 2175 1021 2202 Et
1036 2183 1041 2200 :
1061 2185 1069 2198 ε
1085 2174 1206 2209 Angusta
1219 2173 1365 2200 admodum
1377 2177 1417 2200 est
1426 2173 1468 2200 via
1479 2180 1540 2208 quae
1555 2173 1630 2200 ducit
1641 2173 1674 2200 ad
1687 2173 1781 2203 vitam,

147 2220 231 2255 ὄνομα
247 2220 284 2256 τῷ
300 2220 438 2256 ποταμῷ.‹
451 2221 553 2256 Βιαστὴ
567 2222 619 2257 γάρ
632 2222 706 2248 ἐστιν
719 2222 735 2257 ἡ
751 2220 873 2256 βασιλεία
883 2221 936 2248 τῶν

989 2220 1122 2255 paucique
1135 2223 1198 2246 sunt
1218 2219 1262 2254 qui
1277 2219 1420 2246 inveniunt
1436 2219 1509 2245 illam
1529 2219 1560 2246 ¹⁰.
1583 2229 1592 2243 ι
1608 2218 1685 2252 Quod
1699 2219 1784 2254 igitur

147 2266 329 2302 οὖρανῶν,καὶ
344 2267 452 2302 βιασταὶ
465 2267 634 2303 ἁρπάζουσιν
642 2268 737 2304 αὐτήν.
746 2269 839 2300 »Καὶμ
853 2268 936 2304 Στενὴ

147 2313 209 2339 ὶῑαν
237 2313 254 2348 ὴ
268 2312 349 2348 πύλη,
364 2313 411 2340 καὶ
422 2312 589 2349 τεθλιμμένη
605 2314 621 2349 ἡ
633 2313 692 2345 ὁδὸς
705 2315 721 2350 ἠ
735 2314 876 2349 ἀπάγουσα
896 2315 937 2346 εἰς

147 2358 196 2393 τὴν
206 2357 287 2394 ζωὴν,
299 2359 346 2384 καὶ
353 2358 438 2393 ὀλίγοι
447 2359 515 2385 εἰσιν
525 2359 550 2385 οἱ
560 2359 731 2395 εὑρίσκοντες
744 2360 839 2395 αὐτήν.
861 2361 936 2386 »Ὅτι

146 2403 236 2430 τοίνυν
255 2404 366 2439 ἔμελλον
382 2403 464 2440 Ῐοίῖὲξ
485 2404 581 2432 Ἰακὼὸ
597 2405 720 2441 ἐσόμενοι
732 2406 802 2433 κατὰ
814 2406 936 2441 καιροὺς,

147 2449 208 2476 οὗτε
223 2450 400 2485 διαϐήσεσθαι
414 2451 459 2478 τὸν
476 2451 620 2487 Ἰορδάνην,
634 2451 823 2487 τουτέστι,τὴν
833 2452 876 2478 διὰ
888 2451 935 2478 τοῦ

148 2496 227 2531 ἁγίου
239 2496 425 2532 βαπτίσματος
442 2497 531 2533 χάριν,
542 2498 588 2525 καὶ
605 2498 718 2530 ἀνοσίως
733 2499 875 2533 ἀτιμάσαι,
889 2500 936 2525 καὶ

147 2541 229 2568 αὐτὸν
257 2542 285 2569 δὲ
309 2542 400 2569 λοιπὸν
426 2543 573 2570 ἀντίπαλον
592 2543 663 2576 ἕξειν
680 2544 726 2571 τὸν
745 2544 933 2580 Ἐμμανουὴλ,

148 2587 278 2623 ὑπεδήλου
300 2588 331 2615 τὸ
358 2589 478 2623 γεγονός.
498 2590 559 2627 Ὅτι
578 2590 632 2625 γὰρ
652 2591 676 2617 οἱ
696 2590 733 2625 μὴ
753 2590 885 2626 τιμῶντες
902 2590 934 2625 τῇ

148 2633 238 2659 πίστει
268 2633 546 2670 καταλογισθήσονται
577 2636 666 2671 πάντη
695 2644 724 2662 τε
753 2636 800 2662 καὶ
825 2635 934 2667 πάντως

147 2679 186 2709 εἰς
199 2678 406 2714 ἀνθεστηκότας,
411 2680 464 2716 πλη
468 2681 569 2716 ροφορή
573 2690 614 2708 σει
622 2681 709 2715 λέγων
719 2681 800 2712 αὐτὸς
806 2681 820 2707 6
826 2681 902 2716 Σωτή
907 2689 932 2714 ρ·

150 2733 159 2749 α
182 2723 211 2750 '0
229 2723 266 2760 μὴ
275 2724 312 2751 ὣν
326 2726 384 2759 μετ’
401 2725 479 2760 ἐμοῦ,
495 2726 555 2753 κατ’
569 2726 636 2762 ἐμοῦ
657 2728 740 2754 ἐστιν.
754 2737 764 2753 ι
785 2726 866 2754 Ἀλλὰ
875 2727 934 2762 μετ’

146 2768 229 2796 αὐτοῦ
242 2770 291 2804 μὲν
304 2767 360 2796 εἷεν
370 2771 394 2796 οί
410 2771 634 2804 πεπιστευκότες.
660 2772 772 2808 Ἀληθὲς
787 2772 815 2799 δὲ
834 2773 875 2799 ὃτι
888 2771 934 2798 καὶ

182 2830 192 2844 ⁸
204 2829 273 2857 Gen.
289 2838 371 2861 xxxu,
385 2830 411 2857 6.
467 2831 477 2846 ⁷
497 2831 566 2860 lbid.
590 2833 633 2860 25.

148 2863 168 2881 "
187 2864 255 2892 Gen.
277 2873 359 2899 xxxii,
378 2865 423 2899 26,
439 2865 483 2893 25.

689 2833 699 2849 ⁸
715 2833 782 2860 Gen.
800 2841 892 2865 xxxtu,
908 2833 933 2859 4.
973 2833 983 2848 ⁹
999 2831 1093 2859 Matth.
1107 2839 1144 2863 xt,
1172 2831 1213 2857 12.
1254 2830 1274 2846 ¹⁰
1288 2828 1382 2856 Matth.
1394 2836 1440 2861 vn,
1457 2829 1499 2856 14.

989 2265 1090 2302 posteri
1107 2265 1190 2293 Iacob
1210 2272 1336 2292 successu
1365 2264 1504 2300 temporis,
1532 2272 1620 2298 neqtte
1636 2264 1781 2291 Iordanem

990 2311 1130 2338 transituri
1147 2314 1239 2338 essent
1257 2310 1319 2346 (hoc
1336 2313 1377 2337 est
1393 2317 1442 2344 per
1453 2309 1567 2344 gratiam
1592 2308 1676 2336 sancti
1692 2309 1781 2344 bapti-

990 2356 1094 2392 smatis)
1117 2357 1257 2391 impieque
1285 2355 1440 2390 despecturi
1458 2358 1558 2386 essent,
1586 2359 1667 2390 atque
1691 2355 1780 2390 ipsum

989 2403 1162 2438 postmodum
1191 2401 1395 2429 Emmanuelem
1422 2401 1612 2428 adversarium
1649 2400 1779 2433 habituri,

991 2457 1033 2476 res
1060 2449 1117 2476 haec
1141 2447 1312 2483 significavit.
1331 2446 1408 2479 Quod
1428 2447 1501 2474 enim
1529 2447 1547 2474 ii
1561 2446 1608 2482 qui
1627 2446 1708 2474 ﬁdem
1725 2455 1782 2474 non

990 2495 1092 2526 colunt,
1118 2495 1212 2522 hostes
1230 2493 1258 2520 in
1281 2493 1440 2520 universum
1459 2492 1539 2528 169
1557 2493 1687 2520 censendi
1715 2493 1780 2524 sint.

990 2541 1113 2568 Salvator
1136 2540 1194 2575 ipse
1221 2542 1346 2571 testatur,
1372 2539 1484 2566 dicens:
1504 2548 1512 2564 ι
1528 2538 1579 2572 Qui
1594 2547 1648 2566 non
1663 2543 1705 2566 est
1722 2548 1781 2567 me—

990 2594 1062 2618 eum,
1078 2591 1173 2613 contra
1198 2591 1241 2612 me
1259 2589 1301 2611 est
1317 2584 1363 2610 ".2
1395 2583 1478 2618 Atqui
1496 2591 1558 2611 cum
1581 2584 1640 2619 ipso
1657 2586 1781 2620 suntqui

988 2631 1038 2667 ipsi
1051 2630 1147 2658 conﬁsi
1166 2635 1239 2658 sunt.
1257 2629 1336 2662 Quod
1352 2637 1419 2658 vero
1433 2630 1602 2657 contrarium
1619 2638 1715 2658 verum
1734 2631 1780 2661 sit.

988 2686 1042 2714 quo
1055 2682 1134 2713 pacto
1149 2676 1262 2703 dubium
1273 2684 1332 2704 esse
1349 2676 1458 2712 potest?
1471 2676 1607 2704 Ceterum
1622 2686 1630 2703 ι
1648 2677 1781 2705 Luctatus

988 2729 1039 2757 est,
1056 2734 1065 2750 ›
1075 2723 1174 2758 inquit,
1188 2732 1196 2748 ι
1208 2722 1291 2749 homo
1307 2729 1368 2749 cum
1379 2721 1462 2750 Iacob
1476 2729 1561 2757 usque
1575 2722 1608 2750 ad
1622 2730 1717 2756 mane;
1736 2723 1779 2749 vis

989 2772 1082 2806 ditque
1095 2769 1168 2804 quod
1185 2777 1239 2797 non
1255 2772 1347 2805 posset
1364 2768 1453 2803 ipsum
1467 2776 1597 2804 superare
1611 2769 1641 2794 ’³.
1660 2778 1668 2794 ι
1692 2768 1779 2796 Audis

1557 2829 1577 2845 “
1596 2827 1663 2856 Luc.
1679 2836 1716 2862 ιι,
1731 2828 1776 2856 23.
