1990 3050
210 145 266 172 ἐῖι

730 145 756 173 S.
778 146 915 173 CYRILLI
935 146 1171 177 ALEXANDRINI
1189 151 1348 180 ARCHIEP.

1791 159 1845 187 272

215 211 270 237 quo
282 207 362 238 pacto
383 208 462 231 nocte
483 203 556 231 lucta
575 203 668 232 habita
681 205 734 232 sit?
749 205 900 233 Procubuit
916 210 996 234 auten

1059 208 1090 235 τὸ
1103 209 1230 244 ἔμπαλιν,
1240 213 1297 244 πῶς
1312 213 1344 240 ἂν
1357 214 1500 242 ἐνδοιάσειέ
1512 224 1570 248 “nc;
1588 216 1663 252 Πλὴν
1672 227 1680 243 ι
1698 217 1840 251 Ἐπάλαιε,

217 249 357 285 victusque
387 254 429 278 est
459 250 505 285 qui
533 251 712 286 impossibilia
740 251 871 283 tentabat,
898 251 1008 286 Deoque

214 296 396 331 omnipotenti
424 304 575 332 repugnare
594 297 712 329 volebat,
736 297 962 331 superioremque
979 305 1008 324 se

213 342 330 370 evadere
350 350 429 377 posse
447 343 568 377 putabat.
586 343 651 375 lloc,
675 348 704 370 ut
724 342 852 374 arbitror,
869 349 910 369 BSt
935 342 1007 377 quod

213 394 241 416 et
263 389 377 417 divinus
401 389 485 416 David
501 389 535 416 de
560 389 692 416 lsraelitis
712 389 799 420 canit;
820 388 893 423 quod
913 389 1006 424 gravia

213 441 295 471 atque
317 435 444 464 immania
462 435 594 462 adversus
611 443 690 462 suum
709 435 830 470 ipsorum
846 439 928 469 caput
945 439 1006 462 ten-

213 482 308 514 tarint,
322 481 451 508 nedicam
465 480 604 508 Christum
621 489 627 506 :
649 490 657 504 ι
678 479 875 515 Cogitaverunt
891 480 1006 508 consilia

211 535 272 561 qua:
286 534 339 553 non
353 530 500 561 potuerunt
512 525 636 552 stabilire
650 525 681 551 ".
703 535 711 550 ι
729 525 901 560 Repugnavit
913 525 1006 561 itaque

211 571 295 599 Israel
311 571 419 600 Christo
432 571 459 598 in
478 570 599 598 tenebris
614 570 789 603 constitutus,
804 571 856 598 hoc
868 575 919 604 est,
933 571 1005 599 divi-

212 625 274 644 nam
288 617 315 645 in
333 620 424 644 mente
439 616 528 643 lucem
543 622 599 641 non
621 615 736 647 habens,
752 623 841 650 neque
858 615 1005 651 splenden-

211 667 267 690 tem
278 662 360 693 diem,
388 669 477 696 neque
495 660 639 687 luciferum
659 660 820 695 spiritaliter
842 661 870 688 in
887 661 1004 688 creden-

212 708 280 736 tium
298 706 428 735 cordibus
443 706 621 733 exorientem.
646 706 798 734 Permansit
817 706 890 734 enim
914 707 1004 734 incre-

209 754 302 786 dulus,
318 757 410 788 atque,
425 757 456 780 ut
477 752 566 787 inquit
582 751 732 787 propheta:
749 761 758 777 ι
777 751 1005 787 Exspectantibus

209 801 277 837 ipsis
290 800 389 832 lucem,
403 799 480 826 facta:
492 803 557 826 sunt
570 798 635 833 ipsis
650 797 768 825 tenebrae
782 807 788 824 :
816 802 1004 833 exspectantes

176 839 178 842 V
208 847 392 883 splendorem,
414 846 442 873 in
469 845 585 880 caligine
598 844 771 872 ambularunt
793 844 823 871 “.
844 854 854 870 ›
867 844 1002 872 ϐωιετυιιι

208 880 320 919 divinus
328 891 428 919 Paulus
440 890 474 917 iis
483 890 530 925 qui
546 898 595 925 per
608 889 688 917 ﬁdem
702 889 842 925 justiﬁcati
854 895 927 923 sunt,
939 891 1002 917 illu-
1019 880 1039 909 Β

208 938 440 973 minationemque
452 945 501 972 per
514 937 646 972 Spiritum
657 936 760 972 adepti,
774 936 879 969 scribit,
889 936 1000 963 dicens:

207 984 268 1013 Non
279 992 375 1012 sumus
386 984 484 1016 noctis,
497 991 586 1018 neque
600 982 785 1014 tenebrarum,
801 982 848 1010 sed
869 982 916 1010 ﬁlii
931 982 1002 1010 lucis

207 1037 236 1060 et
255 1031 308 1059 diei
326 1031 358 1058 “‘.
375 1040 383 1056 ›
408 1029 485 1063 Quod
501 1036 567 1056 vero
586 1029 742 1056 Judmorum
759 1028 896 1063 imperitia
917 1036 1000 1063 supe-

207 1077 293 1105 riores
308 1076 370 1104 facti
385 1075 450 1108 sint,
467 1075 715 1110 convenientesque
728 1074 794 1109 ipsis
805 1074 933 1101 tenebras
947 1074 1001 1101 dis-

205 1122 352 1155 cusserint,
372 1129 404 1149 ac
423 1121 617 1156 praeterierint,
634 1120 769 1157 signiﬁcat
784 1120 897 1147 dicens:
917 1129 925 1144 ι
940 1119 1000 1147 Nox

205 1168 355 1205 pmcessit,
375 1167 434 1195 dies
456 1171 547 1195 autem
571 1166 808 1202 appropinquavit.
833 1165 1000 1201 Abjiciamus

205 1215 290 1251 igitur
299 1222 384 1250 opera
406 1213 592 1245 tenebrarum.
606 1217 634 1240 et
659 1211 806 1239 induamur
829 1219 904 1239 arma
919 1212 999 1245 lucis,

204 1261 288 1288 veluti
301 1260 329 1287 in
343 1259 398 1292 die,
412 1259 543 1286 decenter
561 1258 733 1285 ambulemus
744 1258 776 1285 “‘.
793 1267 802 1284 ›
822 1257 930 1286 Fideles
947 1258 999 1285 ita-

202 1313 258 1342 que
273 1306 301 1333 in
311 1305 356 1334 die
365 1305 511 1333 versantur
525 1304 673 1331 :increduii
695 1311 772 1336 vero,
786 1303 872 1331 veluti
881 1303 909 1331 in
917 1309 998 1332 nocte

201 1357 231 1380 et
245 1351 376 1384 tenebris,
394 1355 546 1386 repugnant
557 1349 676 1378 Christo.
689 1349 747 1377 Hoc
760 1349 885 1377 fecerunt
895 1350 998 1386 posteri

203 1398 296 1426 Jacob.
307 1397 442 1425 Cancrum
452 1395 597 1424 inferiores
604 1395 725 1428 fuerunt,
737 1396 911 1431 superatique
922 1400 996 1429 sunt,

203 1452 292 1478 neque
317 1447 390 1471 recte
410 1442 558 1470 succedere
575 1441 675 1468 valent.
700 1451 709 1467 ί
730 1441 832 1477 Tetigit
846 1441 931 1474 enim,
954 1441 998 1469 in-

202 1487 271 1522 quit,
288 1486 370 1514 homo
387 1486 494 1514 luctans
509 1493 570 1512 cum
587 1486 670 1513 Jacob
688 1486 860 1513 latitudinem
883 1486 997 1514 femoris

1059 256 1136 290 φησι,
1154 257 1222 291 μετὰ
1236 258 1330 286 Ἰακὼῦ
1350 261 1364 287 ὀ
1379 261 1520 297 ἅνθρωπος
1535 263 1587 293 ἕως
1612 263 1695 299 πρωῒ,
1710 264 1757 291 καὶ
1773 262 1842 291 εἶδεν

1058 301 1098 327 ὅτι
1115 303 1144 328 οὐ
1156 303 1266 330 δύναται
1283 306 1351 340 πρὸς
1363 306 1454 334 αὐτόν.
1469 317 1478 333 ι
1497 308 1628 340 Ἀκούεις,
1643 309 1716 340 ὅπως
1728 310 1756 336 ὲν
1766 311 1843 336 νυκϊ)¹

1058 348 1170 382 γέγονεν
1226 350 1297 386 πάλη
1314 359 1320 383 ;
1349 352 1492 388 Ἡλέγχετο
1507 354 1535 380 δὲ
1560 355 1666 381 πίπτων
1687 355 1734 382 καὶ
1761 356 1843 382 κακῶς
1880 351 1884 354 Δ

1058 403 1149 428 μενος,
1166 396 1207 422 ὅτι
1221 396 1254 423 τὰ
1273 398 1405 433 ἀνέφικτα
1416 400 1516 434 ἐζήτει,
1531 399 1676 435 θεομαχεῖν
1692 401 1840 436 ᾑρημένος,

1058 441 1104 471 καὶ
1116 442 1327 476 περισσεύεσθαι
1342 443 1390 470 τοῦ
1406 445 1495 472 πάντα
1510 445 1648 480 ἰσχύοντος
1663 446 1842 479 Θεοῦ.Τοῦτο,

1056 483 1144 522 οἶμαι.
1156 488 1249 530 αέστὶν,
1268 489 1336 524 ὅπερ
1351 489 1403 524 ἔφη
1417 490 1527 525 ψάλλων
1540 491 1585 518 καὶ
1604 492 1617 518 ό
1631 491 1772 523 θεσπέσιος
1788 494 1841 518 Δα-

1057 532 1100 560 616
1114 533 1178 567 περὶ
1195 533 1250 560 τῶν
1262 533 1291 568 ἑξ
1311 534 1419 570 Ἰσραὴλ
1429 555 1436 568 ,
1448 535 1573 563 ὅτιῦεινὰ
1589 536 1659 563 κατὰ
1671 537 1720 572 τῆς
1736 536 1842 564 ἑαυτῶν

1056 579 1176 615 κεφαλῆς
1191 580 1363 611 ἐσκέπτοντο,
1378 581 1421 609 ἵνα.
1438 581 1475 617 μὴ
1491 581 1597 617 λέγοιμι
1615 581 1743 618 Χριστοῦ·
1766 593 1776 609 ι
1795 584 1840 609 Δι‹

1055 624 1315 662 ελογίσαντοβουλὴν
1327 627 1394 663 ἠνοὺ
1407 627 1444 663 μὴ
1453 627 1581 655 δύνωνται
1593 628 1700 663 στῆσαι.
1718 637 1727 654 ι
1756 629 1841 664 Ἐμα-

1055 671 1167 707 χαίσατο
1179 673 1266 699 τοίνυν
1277 674 1291 700 ὁ
1312 674 1420 710 Ἰσραὴλ
1429 673 1467 709 τῷ
1484 675 1603 710 Χριστῷ,
1617 675 1643 701 ἐν
1658 675 1745 709 σκότῳ
1761 682 1841 708 γεγο-

1055 717 1117 749 νὼς,
1126 719 1260 750 τουτέστι,
1269 720 1313 747 τὸν
1330 719 1401 746 θεῖον
1413 721 1474 747 νοῦν
1489 722 1528 752 εἰς
1539 720 1678 756 φωτισμὸν
1693 720 1743 747 οὐκ
1759 720 1840 755 ἔχων,

1055 762 1118 789 οὔτε
1137 764 1190 799 μὴν
1208 765 1257 800 τὴν
1277 765 1478 799 διαυγάζουσαν
1494 766 1601 802 ἡμέραν
1613 787 1620 798 ,
1643 765 1704 792 οὕτε
1726 766 1771 792 ’τὸν
1793 767 1841 792 ἀν⁴

1056 808 1163 844 ίσχοντα
1184 812 1288 846 νοητῶς¹
1303 813 1439 848 ἑωσφόρον
1461 814 1490 839 ἐν
1508 815 1568 844 ταῖς
1585 812 1638 840 τῶν
1655 812 1840 839 πιστευόντων

1054 855 1189 891 καρδίαις.
1206 858 1396 894 Διαμεμένηκε
1410 859 1464 894 γὰρ
1477 858 1605 893 ἀπειθὴς,
1621 859 1667 886 καὶ
1688 858 1726 890 ὡς
1743 860 1757 885 ό
1773 866 1840 893 προ-

1054 902 1142 937 φήτης
1155 903 1249 937 φησὶν,
1267 913 1277 929 ‹
1303 904 1521 940 Ὑπομεινάντων
1538 905 1628 932 αὐτῶν
1645 904 1714 938 φῶς.
1730 903 1842 938 ἐγένετο

1053 948 1144 980 αὐτοῖς
1162 949 1270 980 σκότος·
1290 950 1431 984 μείναντες
1448 950 1545 985 αὐτὴν,
1561 952 1589 978 ὲν
1603 950 1691 985 ἀωρίᾳ
1706 949 1840 985 περιεπά-

1052 1001 1146 1028 τησαν.
1170 1003 1179 1020 ι
1205 994 1274 1021 Ἀλλ’
1290 996 1335 1030 ὅγε
1350 995 1492 1028 θεσπέσιος
1505 996 1621 1028 Παῦλος,
1637 997 1693 1027 τοῖς
1707 996 1735 1022 ὲν
1748 995 1840 1021 πίστει

1052 1039 1283 1075 δεδικαιωμένοις,
1297 1042 1344 1068 καὶ
1363 1042 1409 1069 τὸν
1425 1042 1470 1069 διὰ
1485 1039 1644 1078 Πνεῦματος
1666 1041 1834 1076 πλουτισμδν

1052 1085 1303 1121 έκπεπλουτηκόσιν
1331 1088 1501 1121 ἐπιστέλλει,
1528 1088 1625 1122 λέγων·
1645 1098 1654 1114 ι
1678 1089 1734 1116 οὐκ
1754 1087 1838 1122 ἐσμὲν

1051 1130 1158 1162 νυκτὸς,
1173 1131 1233 1157 οὐδὲ
1250 1131 1373 1164 σκότους,
1391 1132 1448 1159 ἀλλ’
1462 1133 1516 1159 υἱοὶ
1530 1133 1619 1168 φωτὸς
1632 1133 1679 1160 καὶ
1693 1133 1808 1167 ἡμέρας.
1825 1141 1835 1157 ι

1052 1176 1113 1202 ’Ότι
1132 1175 1160 1203 δὲ
1180 1176 1307 1212 ἀμείνους
1326 1178 1377 1212 τῆς
1396 1178 1530 1205 Ἰουδαίων
1551 1178 1672 1213 ἀμαθίας
1696 1178 1836 1212 γεγόνασι,

1050 1219 1098 1246 καὶ
1111 1220 1156 1247 τὸν
1176 1221 1291 1254 ἐκείνοις
1310 1222 1451 1258 πρέποντα
1467 1223 1628 1258 παρήλασαν
1645 1224 1740 1250 σκότον
1756 1244 1764 1256 ,
1782 1223 1836 1249 ὑπ-

1049 1266 1142 1302 εδήλου
1158 1268 1327 1304 προστιθείς·
1348 1278 1356 1294 ι
1377 1269 1409 1295 Ίι
1421 1269 1469 1301 νὺξ
1484 1269 1646 1304 προέκοψεν,
1663 1270 1679 1304 ἡ
1696 1269 1724 1296 δὲ
1745 1269 1837 1304 ἡμέρα

1049 1313 1174 1348 ἤγγικεν.
1197 1313 1374 1349 Ἀποθώμεθα
1390 1312 1436 1342 οῦν
1449 1315 1482 1342 τὰ
1499 1315 1568 1350 ἔργα
1582 1315 1628 1341 τοῦ
1647 1315 1773 1347 σκότους,
1790 1314 1837 1342 καὶ

1050 1357 1224 1394 ἐνδυσώμεθα
1236 1358 1269 1386 τὰ
1279 1359 1347 1386 ὅπλα
1361 1359 1407 1386 τοῦ
1422 1360 1520 1394 φωτός-
1533 1360 1571 1392 ὡς
1590 1361 1618 1386 ὲν
1630 1360 1730 1396 ἡμέρᾳ,
1741 1360 1837 1396 εὐσχη-

1050 1405 1138 1440 μόνως
1153 1406 1396 1444 περιπατήσῳμεν.
1422 1415 1431 1431 ι
1450 1405 1566 1438 Οὐκοῦν,
1583 1407 1612 1433 ὲν
1632 1406 1724 1442 ἡμέρᾳ
1740 1406 1789 1442 μὲν
1811 1406 1836 1432 οι

1049 1451 1258 1484 πιστεύσαντες,
1281 1453 1303 1478 οἱ
1326 1452 1354 1478 δὲ
1375 1451 1497 1483 ἀπειθεῖς
1520 1451 1558 1483 ὡς
1579 1452 1608 1478 ὲν
1630 1453 1707 1479 νυκτὶ
1735 1452 1782 1479 καὶ
1806 1453 1836 1478 ἐν

1050 1497 1137 1532 σκότῳ
1162 1497 1293 1532 μάχονται
1316 1496 1354 1532 τῷ
1372 1497 1491 1532 Χριστῷ.
1513 1496 1599 1523 Τοῦτο
1621 1496 1794 1532 πεπράχασιν
1807 1495 1831 1522 οξ

202 1532 300 1568 ipsius,
320 1536 348 1560 et
361 1532 496 1560 emarcuit
512 1531 628 1559 latitudo
644 1532 755 1560 lenioris
771 1532 856 1560 Jacob
876 1540 938 1560 cum
952 1533 996 1560 lu—

1048 1543 1078 1575 ἐξ
1104 1542 1217 1575 Ἰακὼϐ,
1239 1543 1308 1578 πλὴν
1333 1542 1500 1577 ἡσθενήκασι
1527 1542 1575 1569 καὶ
1597 1542 1769 1577 νενίκηνται,
1788 1541 1835 1568 καὶ

201 1583 323 1606 ctaretur
338 1586 399 1606 cum
420 1578 479 1613 ipso
495 1578 525 1604 "’.
546 1577 635 1611 »ριιίό
651 1576 773 1606 νθγοῖιίο
788 1579 996 1614 intelligendum

201 1624 248 1658 sit,
269 1633 316 1660 age
340 1633 389 1660 pro
402 1632 435 1651 eo
448 1632 479 1652 ac
499 1624 559 1651 ﬁeri
584 1629 674 1660 potest
687 1624 820 1652 dicamus.
846 1626 946 1653 Femur
967 1626 997 1653 in

201 1670 287 1698 sacris
297 1669 408 1697 Litteris
423 1675 452 1698 ut
465 1670 612 1704 plurimum
637 1675 728 1705 partes
742 1671 776 1698 ad
793 1672 996 1706 generationem

201 1717 370 1744 necessarias
394 1716 538 1750 signiﬁcat,
569 1716 708 1751 ipsamque
730 1716 808 1747 adeo,
827 1725 887 1751 quae
910 1717 995 1744 veluti

200 1769 235 1789 ex
248 1762 301 1789 hoc
329 1761 367 1794 ﬁt,
395 1761 610 1797 generationem.
639 1761 747 1790 Femori
769 1763 843 1791 enim
868 1764 996 1792 omnibus

201 1807 323 1834 membra
339 1806 531 1842 proliﬁcationi
556 1811 618 1841 apta
632 1807 767 1843 adjacent.
792 1808 896 1837 Idcirco
912 1810 995 1837 etiam

201 1852 299 1879 beatus
311 1851 458 1883 Abraham,
472 1852 582 1887 quando
594 1860 703 1880 servum
715 1861 794 1881 suum
815 1862 926 1882 uxorem
939 1854 994 1883 ﬁlio

200 1905 251 1924 suo
262 1897 336 1924 isaac
348 1898 528 1932 quaesiturum
544 1898 572 1925 in
584 1898 805 1934 Mesopotamiam
817 1900 895 1935 170
908 1901 991 1933 misit,

197 1943 291 1978 jurare
315 1943 405 1978 jussit,
430 1943 467 1970 ita
494 1944 611 1972 dicens:
642 1954 650 1970 ι
683 1945 757 1972 Pone
779 1953 891 1972 manum
919 1951 993 1974 tuam

200 1995 283 2023 super
294 1988 384 2016 femur
404 1997 495 2017 meum
517 1990 549 2024 ¹⁸,
567 2000 575 2016 ι
593 1990 644 2017 hoc
657 1993 710 2022 est,
738 1991 801 2026 jura
828 1999 877 2026 per
895 1992 991 2026 Deum,

199 2033 282 2061 etiam
301 2041 350 2069 per
366 2041 415 2062 eos
427 2034 474 2069 qui
487 2034 572 2062 futuri
584 2039 648 2062 sunt
660 2043 691 2062 ex
707 2042 750 2062 me
765 2036 907 2064 etsemine
920 2036 993 2065 beri-

199 2079 229 2106 li.
245 2079 345 2107 Femur
362 2079 454 2116 itaque
473 2087 521 2107 eos
534 2080 581 2115 qui
594 2088 626 2107 ex
639 2079 742 2108 femore
754 2080 891 2114 oriuntur,
906 2082 992 2117 signi-

200 2123 272 2152 ﬁcat.
308 2124 449 2153 Emarcuit
489 2125 572 2161 igitur
598 2125 687 2153 femur
715 2125 809 2163 ξηροί).
848 2126 991 2156 Claudica-

198 2179 297 2202 verum
308 2174 382 2202 enim
395 2174 442 2208 qui
456 2181 488 2201 ex
498 2173 602 2200 femore
618 2172 703 2208 ipsius
715 2174 766 2201 orti
786 2179 858 2207 sunt,
873 2175 925 2203 hoc
937 2181 990 2210 cst,

1047 1588 1202 1624 ὀρθοποδεζν
1222 1588 1272 1614 οὐκ
1287 1587 1402 1622 ἔχουσιν.
1423 1597 1430 1614 ι
1451 1587 1559 1622 Ἥψατο
1577 1597 1585 1613 ι
1609 1587 1798 1622 γὰρμφησὶν,
1819 1588 1835 1614 ὀ

1047 1633 1168 1660 παλαίων
1184 1633 1325 1668 ἄνθρωπος
1347 1633 1415 1668 μετὰ
1441 1633 1488 1661 τοῦ
1534 1633 1630 1660 Ἰακὼὸ
1647 1632 1695 1660 τοῦ
1716 1633 1833 1665 πλάτους

1046 1679 1092 1706 τοῦ
1110 1679 1197 1714 μηροῦ
1214 1678 1306 1711 αὑτοῦ,
1324 1679 1371 1705 καὶ
1390 1679 1527 1714 ὲνόιρκησε
1548 1679 1579 1706 τὸ
1599 1679 1699 1710 πλάτος
1714 1678 1760 1705 τοῦ
1778 1687 1832 1714 μη-

1048 1723 1094 1760 ροῦ
1117 1724 1213 1750 Ὶακὼὸ
1233 1724 1261 1750 ὲν
1277 1723 1316 1759 τῷ
1333 1724 1458 1751 παλαίειν
1479 1725 1561 1751 αὑτὸν
1584 1725 1642 1759 μετ’
1657 1720 1782 1752 αὑτοῦ.ἰ
1799 1724 1832 1751 Τί

1044 1769 1073 1795 δὲ
1089 1769 1120 1804 δὴ
1138 1769 1192 1805 ἄρα
1212 1770 1360 1797 κάντεῦθεν
1376 1771 1524 1806 εἰσόμεθα,
1546 1771 1610 1806 φέρε
1631 1770 1766 1806 λέγωμεν.
1789 1771 1833 1802 Ὠς

1044 1814 1073 1841 δὲ
1085 1817 1099 1842 ό
1113 1816 1199 1851 μηρὸς
1215 1815 1252 1848 ὡς
1271 1816 1372 1843 ἐπίπαν
1389 1818 1465 1852 παρά
1481 1825 1512 1851 γε
1527 1819 1560 1852 τῇ
1577 1816 1748 1852 θεοπνεύστῳ
1762 1817 1831 1852 Γραο

1044 1861 1081 1896 φῇ
1098 1861 1132 1888 τὰ
1147 1862 1187 1893 είς
1203 1861 1306 1889 τέκνων
1325 1862 1407 1898 γονὴν
1421 1864 1558 1897 ἀναγκαῖα
1578 1862 1624 1890 τοῦ
1641 1863 1766 1898 σώματος
1783 1863 1832 1889 ὑπ-

1043 1907 1171 1943 εμφαίνει
1192 1908 1285 1944 μόρια,
1306 1909 1352 1935 καὶ
1367 1908 1453 1943 αὐτὴν
1470 1908 1499 1935 δὲ
1514 1908 1607 1935 λοιπὸν
1630 1908 1669 1940 ὡς
1686 1909 1718 1935 ἐκ
1732 1908 1830 1936 τούτου

1042 1953 1092 1989 τὴν
1113 1954 1205 1989 γονήν.
1230 1955 1297 1990 Περϊ
1321 1955 1425 1990 μηροὺς
1445 1954 1499 1990 γὰρ
1523 1955 1609 1982 ἅπασι
1627 1955 1660 1982 τὰ
1683 1955 1831 1990 παιδογὼια

1043 2001 1132 2027 κεῖται
1145 2000 1225 2036 μέλη.
1244 2001 1299 2027 Καὶ
1313 2000 1377 2034 γοῦν
1392 2001 1407 2027 ὀ
1423 2001 1557 2036 μακάριος
1575 2000 1711 2035 Ἀϐραὰμ,
1729 2001 1773 2027 ὅτε
1785 2000 1830 2026 τὸν

1042 2045 1154 2080 γνήσιον
1173 2045 1282 2081 οἰκέτην
1303 2047 1420 2080 γυναῖκα
1439 2046 1594 2081 ληψόμενον
1614 2045 1654 2081 τῷ
1677 2045 1770 2072 Ἰσαὰκ
1789 2046 1829 2077 είς

1040 2091 1091 2126 τὴν
1103 2091 1156 2118 τῶν
1167 2091 1297 2126 ποταμῶν
1308 2091 1446 2126 ἐξέπεμψε
1458 2092 1554 2127 μέσην,
1563 2091 1674 2127 ὀμνύειν
1690 2091 1827 2124 ἐκέλευεν,

1041 2136 1113 2164 οὓτω
1133 2137 1230 2172 λέγων·
1255 2147 1265 2164 ι
1289 2138 1340 2169 Θὲς
1364 2138 1414 2174 τὴν
1436 2138 1515 2174 χεῖρά
1537 2147 1583 2165 σου
1607 2138 1660 2165 ὺπδ
1675 2139 1721 2164 τὸν
1742 2138 1830 2173 μηρόν

1044 2191 1093 2218 μου
1106 2192 1112 2199 '
1131 2192 1140 2209 ι
1158 2183 1293 2217 τουτέστι,
1311 2183 1428 2218 ὐμνυθι
1444 2183 1514 2211 κατὰ
1529 2183 1608 2217 Θεοῦ,
1623 2184 1670 2211 καὶ
1691 2183 1761 2210 κατὰ
1774 2183 1829 2210 τῶν

197 2219 245 2253 qui
258 2227 291 2246 ex
302 2219 395 2246 Israel.
411 2219 554 2251 Testisque
566 2222 608 2246 est
620 2218 678 2253 ipse
689 2218 822 2253 Salvator,
835 2228 884 2256 per
896 2229 989 2249 vocem

1048 2228 1178 2262 ίσομένων
1200 2229 1231 2261 ἐξ
1254 2229 1338 2265 ἐμοῦ,
1361 2230 1408 2257 καὶ
1431 2230 1513 2265 γονῆς
1532 2230 1581 2264 τῆς
1602 2229 1776 2263 δεσποτικῆς.
1799 2229 1828 2255 '0

198 2264 282 2293 David
295 2265 332 2293 ita
347 2265 464 2292 dicens:
486 2274 495 2290 ι
512 2264 572 2291 Filii
597 2264 680 2292 alieni
700 2265 841 2294 inveterati
867 2272 941 2299 sunt,
960 2273 989 2296 et

198 2310 425 2338 (-laudicaverunt
442 2318 457 2337 a
472 2309 578 2338 semitis
604 2310 662 2337 suis
679 2311 709 2336 η.
728 2321 736 2336 ι
757 2311 835 2345 Quod
849 2321 914 2341 vero
934 2315 989 2349 spi-

199 2357 325 2384 ritualem
347 2356 574 2383 claudicationem
592 2364 688 2390 passus
709 2356 745 2384 sit
768 2357 863 2391 lsrael,
880 2360 988 2394 sapiens

197 2401 280 2428 etiam
294 2400 395 2428 Paulus
408 2400 493 2427 novit.
509 2399 611 2428 Scribit
622 2400 713 2435 itaque
726 2403 807 2430 etiam
826 2404 883 2438 ipse
897 2414 903 2431 :
919 2415 927 2430 ι
944 2405 988 2432 ιιι-

197 2448 270 2474 circo
289 2454 385 2474 manus
401 2446 527 2474 remissas
541 2451 568 2474 et
581 2455 668 2482 genua
685 2449 818 2477 dissoluta
837 2451 944 2485 erigite,
960 2456 988 2479 et

196 2492 307 2519 semitas
321 2496 407 2519 rectas
427 2491 506 2519 facite
522 2492 637 2527 pedibus
652 2495 749 2522 vestris
760 2495 792 2527 '°,
811 2505 819 2521 ι
834 2504 868 2523 ne
881 2496 986 2524 claudi-

196 2537 268 2564 catio
283 2536 454 2572 detorqueat,
468 2542 581 2564 curetur
593 2543 683 2566 autem
695 2541 794 2574 potius.
805 2541 908 2568 Medela
921 2550 985 2569 vero

196 2582 384 2616 hujuscemodi
415 2582 627 2611 claudicationis
653 2592 707 2611 non
736 2585 816 2612 aliter
838 2585 885 2614 ﬁat
903 2595 985 2622 quam

195 2636 244 2663 per
258 2629 343 2656 solam
368 2628 394 2655 in
417 2628 556 2657 Christum
577 2630 657 2658 ﬁdem
683 2636 711 2658 et
727 2631 912 2660 dilectionem.
933 2633 985 2666 Qui

195 2678 285 2702 autem
299 2674 380 2702 ﬁdem
395 2683 449 2702 non
463 2681 653 2711 susceperunt,
671 2679 865 2706 tuanscruntin
879 2679 985 2707 claudi-

195 2719 301 2748 catione
319 2725 346 2747 et
366 2720 391 2747 in
411 2729 523 2748 excessu
545 2722 644 2753 morbi,
665 2723 742 2758 juxta
758 2723 831 2751 beati
845 2724 921 2752 Pauli
936 2734 984 2753 vo-

231 2821 252 2837 ¹⁸
265 2821 334 2848 Psal.
355 2830 398 2853 xx,
411 2823 450 2850 l2.
490 2824 512 2839 “
527 2824 643 2855 lsa..ux,
660 2824 686 2851 9.

211 2856 296 2884 "Psal
322 2865 383 2891 xvn,
398 2858 441 2886 46.
481 2859 504 2875 ’⁸
519 2859 602 2886 Hebr.
621 2867 667 2893 an,
696 2855 736 2893 l2,
758 2861 801 2887 15.

1040 2275 1127 2311 μηρὸς
1140 2273 1186 2303 οὖν
1197 2295 1204 2307 ,
1220 2275 1285 2307 τοὺς
1300 2275 1333 2301 ὲκ
1357 2275 1453 2311 μηρῶν
1474 2276 1646 2310 σημαίνεται.
1678 2274 1829 2310 Ἐνάρκησε

1039 2321 1128 2348 τοίνυν
1155 2321 1170 2347 ό
1183 2321 1268 2358 μηρὸς
1289 2320 1397 2348 Ἰακώὸ.
1430 2321 1585 2356 Ἑχώλαναν
1611 2319 1665 2355 γὰρ
1681 2320 1706 2346 oi
1729 2318 1828 2346 ἐκτῶν

1041 2366 1136 2402 μηρῶν
1156 2366 1239 2393 αὑτοῦ
1256 2367 1416 2401 γεγονότες,
1435 2367 1594 2398 τουτέστιν,
1610 2367 1634 2393 οἱ
1650 2366 1679 2399 ἐξ
1705 2364 1827 2400 Ἰσραήλ.

1040 2411 1094 2438 Καὶ
1114 2411 1219 2447 μάρτυς
1238 2411 1319 2444 αὐτὸς
1337 2413 1352 2438 ὸ
1374 2412 1470 2448 Σωτὴρ
1488 2412 1532 2440 διὰ
1551 2412 1644 2446 φωνῆς
1664 2410 1711 2437 τοῦ
1733 2409 1826 2440 Δαὸὶδ,

1040 2455 1112 2483 οὓτω
1128 2456 1224 2491 λέγων·
1247 2466 1256 2483 ι
1284 2457 1344 2484 Υἱοὶ
1365 2457 1501 2493 ἀλλότριοι
1522 2456 1670 2493 ἐψεύσαντο
1691 2464 1746 2491 μοι·
1773 2456 1828 2482 υιοὶ

1040 2501 1174 2537 ἀλλότριοι
1189 2501 1412 2537 ἐπαλαιώθησαν,
1425 2504 1472 2530 καὶ
1484 2503 1624 2539 ὲχώλαναν
1635 2502 1688 2529 ἀπὸ
1701 2502 1755 2528 τῶν
1769 2501 1827 2536 τρί-

1040 2546 1096 2574 ϐων
1117 2548 1217 2575 αὐτῶν.
1245 2557 1252 2574 ι
1271 2549 1331 2576 ’Ὁτι
1359 2549 1387 2576 δὲ
1407 2549 1549 2585 χωλότητα
1569 2549 1667 2584 νοητὴν
1686 2548 1826 2583 ὑπομεμέ-

1039 2600 1121 2627 νηκεν
1146 2594 1159 2620 ὁ
1193 2594 1316 2630 Ἰσραὴλ,
1341 2595 1389 2622 καὶ
1405 2596 1419 2622 ό
1443 2595 1524 2630 σοφὸς
1549 2595 1683 2630 ἠπίστατο
1708 2594 1823 2624 Παῦλος.

1039 2638 1141 2674 Γράφει
1158 2639 1221 2674 γοῦν
1243 2642 1290 2668 καὶ
1305 2641 1397 2673 αὐτός’
1416 2651 1425 2668 ι
1445 2642 1492 2668 Διὺ
1505 2641 1554 2673 τὰς
1576 2640 1745 2675 παρειμένας
1769 2640 1828 2674 χεῖ-

1040 2693 1099 2719 ρας,
1113 2686 1159 2712 καὶ
1176 2686 1209 2712 τὰ
1225 2686 1435 2722 παραλελυμένα
1451 2687 1553 2720 γόνατα
1572 2685 1759 2721 ἀνορθώσατε,
1778 2686 1825 2710 καὶ

1038 2730 1148 2765 τροχιὰς
1169 2731 1251 2767 ὀρθὰς
1276 2732 1408 2767 ποιήσατε
1427 2734 1483 2764 τοῖς
1501 2732 1579 2758 ποσὶν
1592 2731 1680 2767 ὑμῶν,
1699 2739 1708 2756 ι
1726 2730 1769 2756 ἵνα
1785 2727 1824 2763 μὴ

737 2825 890 2872 ηιξτῧθεε-
905 2836 928 2861 ν,
941 2830 967 2858 5.
1007 2831 1027 2847 ¹⁶
1039 2833 1116 2861 Rom.
1129 2843 1185 2868 xm,
1206 2836 1246 2863 1'2.
1274 2838 1308 2867 _”
1323 2837 1390 2866 Gen.
1404 2846 1485 2872 xxxn,
1506 2839 1551 2866 9.5.
1591 2839 1612 2855 ¹⁹
1628 2838 1696 2866 Gen.
1709 2837 1820 2872 nume.
