1990 3050
136 213 190 243 273

643 210 902 240 GLAPHl'llOIlUH
923 212 955 240 IN
976 212 1125 241 GENESIM
1147 214 1209 241 LIB.
1232 210 1258 241 νζ

1713 217 1766 246 273

136 273 168 300 τὸ
181 272 267 308 χωλὴν
290 271 432 308 ἐκτραπῇ,
455 270 517 307 ἰαθῇ
535 271 563 298 δὲ
589 271 698 306 μᾶλλον.
717 273 804 303 Ἴασις
824 273 852 298 δὲ
873 272 922 308 τῆς

978 281 1033 301 cem
1045 274 1077 302 ".
1092 275 1194 303 Vitium
1209 282 1274 302 vero
1286 275 1360 310 quod
1370 276 1468 303 femori
1476 276 1559 304 Iacob
1573 278 1644 305 inter
1658 279 1766 307 luctan-

136 318 243 347 τοιᾶσδε
269 318 422 354 χωλότητος
449 317 500 344 οὐκ
530 317 564 344 ἂν
590 318 692 353 ἑτέρως
712 318 817 352 γένοιτό
845 326 922 350 ποτε,

138 365 208 401 πλὴν
234 365 275 391 ὃτι
294 364 340 391 διὰ
363 364 448 400 μόνης
468 364 518 399 τῆς
542 364 582 396 είς
604 364 720 399 Χριστὸν
743 364 862 396 πίστεως
877 364 924 391 καὶ

138 412 258 446 ἀγάπης.
274 411 305 437 Οἱ
319 410 346 436 δὲ
362 410 410 446 τὴν
429 410 519 437 πίστιν
537 410 567 436 οὐ
583 410 788 446 προσηκάμενοι
807 411 925 446 μεμενή-

140 466 218 484 κασιν
230 457 258 483 ἐν
270 455 413 491 χωλότητι,
429 455 477 482 καὶ
491 456 520 482 ὲν
532 456 653 491 ἐκτροπῇ
665 456 710 483 τοῦ
724 456 837 488 πάθους,
855 456 925 483 κατὰ

137 503 186 538 τὴν
207 502 253 529 τοῦ
280 502 416 538 μακαρίου
441 501 548 529 Παύλου
566 502 669 536 φωνήν.
685 503 804 539 ᾼῖνιγμα
824 502 856 538 δὴ
878 500 925 529 οὖν

137 548 187 581 τῆς
215 547 323 583 Ἰσραὴλ
341 547 493 582 χωλότητος
509 547 617 581 νοητῆς,
642 546 673 572 τὸ
690 547 865 582 συμϐεϐηκὸς
886 546 926 582 τῷ

144 591 241 619 Ἰακὼὸ
262 593 327 628 περὶ
348 592 436 628 μηρὸν
461 592 546 623 πάθος
570 593 599 618 ἐν
623 592 662 626 τῷ
685 591 811 619 τωλαίειν
832 591 924 619 αὐτόν.

138 639 211 674 Πλὴν
224 639 266 665 ὃτι
281 638 521 674 ψευδοεπήσαιμεν
537 638 570 664 ἆν
585 637 615 664 οὗ
634 638 660 664 τι
674 645 737 670 που,
753 637 925 665 διαϐεϐαιού-

139 684 216 719 μενοι
235 693 264 710 τε
278 684 327 710 καὶ
343 683 478 718 λέγοντες,
492 684 533 710 ὅτι
546 684 603 714 τοῖς
621 684 650 710 ὲν
667 683 744 710 νυκτὶ
761 683 808 710 καὶ
826 692 927 710 σκοτει-

137 730 182 757 νὸν
197 730 288 765 ἔχουσι
305 730 367 756 νοῦν
383 729 557 764 ἀντιφέρεται
576 729 679 765 τρόπον
692 729 754 756 τινὰ
777 730 824 757 καὶ
840 738 925 765 προσ-

138 776 247 802 παλαίει
284 776 420 811 Χριστὺς,
449 775 598 811 παραλύων
629 777 668 807 εις
701 775 843 811 χωλότητα
876 776 925 810 τὴν

137 821 328 857 πνευματικὴν
338 841 345 853 ,
362 821 498 856 ἀναμὰθοι
511 829 554 851 τις
574 822 607 848 ἃν
621 821 697 847 οὐδὲν
712 818 794 856 ἦττον
807 821 925 852 εὐκόλως

138 867 185 894 καὶ
198 867 241 893 διὰ
257 866 309 893 τῶν
320 866 431 901 ἑφεξῆς.
446 867 519 901 Ἔφη
534 866 588 901 γὰρ
605 866 644 901 τῷ
665 866 761 893 Ἰακὼϐ
773 868 787 893 ὁ
802 875 926 902 προσπα-

137 913 221 940 λαίων
246 913 399 948 ἄνθρωπος·
419 922 429 938 ι
459 912 631 940 Ἀπόστειλον
655 921 704 948 με·
729 913 814 946 άνὲῦη
839 913 893 948 γὰρ
911 914 925 940 ό

136 958 246 993 ὄρθρος.
259 967 268 983 ι
281 957 389 992 Συνίης,
399 957 473 988 ὅπως
483 958 533 984 οὑκ
547 958 675 992 ἀνέχεται
683 957 807 984 παλαίειν
818 959 927 991 διαυγα-
943 954 961 980 Β

137 1005 238 1039 ζούσης
253 1004 370 1040 ἡμέρας.
387 1004 425 1030 Οὐ
439 1003 493 1039 γὰρ
512 1004 630 1039 μάχεται
642 1006 699 1036 τοῖς
719 1005 747 1030 ὲν
763 1004 832 1038 φωτὶ
846 1012 926 1038 γεγο-

136 1051 205 1077 νόσι.
223 1047 270 1081 Οἷς
281 1049 313 1077 ἂν
330 1049 372 1085 εἴη
387 1050 503 1085 πρέπον,
513 1051 570 1081 τοῖς
583 1051 623 1082 εἰς
637 1050 718 1076 τοῦτο
733 1050 926 1085 λαμπρότατον

136 1096 320 1132 διεληλυθόσι,
336 1096 427 1123 καὶτὸ
440 1096 521 1130 φάναι
537 1095 648 1123 λοιπόν·
667 1107 676 1123 ε
688 1097 716 1123 '0
737 1096 813 1128 Θεὸς,
832 1097 846 1123 ὁ
860 1095 926 1128 Θεός

139 1150 202 1177 μου,
217 1142 286 1177 πρὸς
303 1141 332 1168 σὲ
351 1141 481 1177 όρθρίζω.
502 1151 512 1167 ι
528 1142 583 1168 Καὶ
599 1141 668 1178 πρός
683 1150 714 1176 γε
728 1141 760 1177 δὴ
777 1140 870 1173 τοῦτο,
885 1141 924 1173 τὸ,

140 1197 151 1212 ι
170 1187 246 1224 npth
264 1187 412 1223 είσακούσῃ
431 1189 482 1222 τῆς
499 1188 591 1223 φωνῆς
607 1196 676 1222 μου,
694 1187 767 1223 πρωῒ
787 1187 928 1222 παραστή-

139 1232 219 1267 σομαι
236 1240 293 1262 σοι.
308 1232 355 1258 καὶ
380 1232 492 1266 ὲπόψεις
516 1240 561 1266 με.
594 1232 762 1267 Ἀνίσχοντος
784 1232 839 1267 γὰρ
855 1231 926 1258 κατὰ

139 1276 201 1303 νοῦν
227 1277 293 1312 ἡμῖν
328 1276 376 1303 τοῦ
400 1276 449 1310 τῆς
475 1276 648 1312 δικαιοσύνης
674 1277 779 1312 φωτὸς,
805 1277 926 1303 τουτέστι

138 1323 260 1358 Χριστοῦ
272 1343 279 1354 ,
303 1323 350 1349 καὶ
373 1323 471 1358 νοητὴν
486 1324 515 1350 ὲν
530 1323 654 1358 καρδίαις
678 1323 757 1358 ἡμῶν
775 1323 860 1355 ἱέντος
879 1323 927 1349 αύ-

138 1369 200 1405 γὴν,
216 1369 278 1396 τότε
292 1369 395 1405 δὴ,τότε
409 1369 456 1396 καὶ
469 1369 542 1404 μάλα
557 1369 679 1404 λαμπροὶ
693 1369 928 1405 παραστησόμεθὰ

137 1423 168 1442 τε
184 1416 258 1451 αὐτῷ
277 1415 320 1442 διὰ
335 1416 385 1450 τῆς
398 1417 438 1448 εις
457 1416 530 1442 ἆπιν
551 1415 712 1447 ἐπιεικείας.
729 1416 776 1442 καὶ
794 1416 843 1447 τῆς
862 1415 928 1442 ἅνω-

139 1460 185 1488 θεν
198 1460 346 1493 ἐποπτείας
356 1460 470 1492 ἑαυτοὺς
482 1460 666 1495 ἅποψανῶμεν
678 1460 779 1492 ἀξίους⁸
796 1470 804 1486 ι
816 1458 928 1494 ’(ὶιρθαλ.

143 1506 190 1541 μοὶ
204 1506 259 1541 γὰρ
276 1505 392 1542 Κυρίου,
411 1506 509 1541 φησὶν,
525 1506 571 1531 ἐπὶ
584 1505 715 1537 δικαίους.
737 1515 745 1530 ι
766 1505 882 1540 Ὄρορου
895 1505 927 1541 δὴ

140 1551 187 1579 οὖν
210 1553 366 1587 ἀνίσχοντος
392 1553 452 1588 ήδη,
471 1551 599 1579 καταλύει
624 1552 673 1588 τὴν
693 1551 791 1586 πάλην.
815 1551 871 1578 Θέα
895 1551 927 1586 δὴ

140 1599 214 1630 ὅπως
234 1597 413 1633 οἰκονομικῶς
434 1598 481 1624 καὶ
506 1598 703 1633 εύτεχνέστατα
723 1599 784 1624 λίαν
804 1598 927 1625 διδάσκει

141 1645 187 1671 τὸν
208 1643 305 1670 Ἰακὼῦ
329 1643 479 1679 dno-{much
503 1644 648 1678 ἐθέλοντα,
673 1643 879 1678 μεταποιεῖσθαί
898 1652 927 1670 τε

141 1691 189 1718 καὶ
198 1690 258 1717 λίαν
274 1690 418 1725 ἐπιθυμεῖν
434 1690 572 1717 ἐπιδοῦναι
587 1691 642 1718 τῶν
656 1690 815 1724 ἀναγκαίων
827 1691 866 1721 εἰς
879 1697 929 1716 σω-

141 1736 239 1772 τηρίαν
258 1735 343 1771 αύτῷ.
363 1736 393 1763 '0
408 1735 463 1772 γὰρ
478 1736 545 1766 ὅλως
561 1735 714 1771 νενικηκὼς
724 1755 731 1767 ,
747 1735 794 1762 καὶ
809 1735 929 1769 ἀποστῆ-

141 1790 185 1808 ναι
198 1782 348 1816 δυνάμενος
359 1802 366 1813 ,
391 1782 443 1808 κᾶν
464 1783 489 1808 εἰ
507 1781 544 1817 μὴ
564 1781 673 1817 μεθοῖτο
694 1781 776 1816 τυχὸν
792 1782 806 1808 ό
821 1789 929 1816 νενικη-

144 1827 235 1862 μένος.
265 1827 387 1859 ἐξουσίαν
416 1828 445 1854 δὲ
470 1827 564 1865 ὥσπερ
592 1827 728 1859 ἐπιδιδοὺς
758 1827 825 1858 τοῦ,
849 1827 929 1863 εἴπερ

143 1873 241 1905 ελοιτο,
255 1875 300 1900 καὶ
314 1873 400 1909 ἀπρὶξ
416 1873 525 1909 ἔχεσθαι
539 1874 630 1909 τυχὸν,
650 1884 659 1900 ι
671 1873 843 1901 ’Δπόστειλόν
857 1882 901 1909 με,
917 1883 926 1899 ι

144 1919 220 1956 φησι.
242 1920 337 1955 Τούτῳ
353 1920 514 1956 προσεοικὸς
535 1921 688 1956 εὑρήσομεν
701 1912 731 1946 τὸ
746 1920 814 1954 πρὸς
829 1920 930 1947 Munia.

145 1966 222 2001 παρὰ
242 1966 308 1993 Θεοῦ
334 1966 423 2000 σοφῶς
447 1975 477 1993 τε
498 1967 545 1993 καὶ
569 1967 748 2002 οἰκονομικῶς
771 1966 928 2002 εἰρημένον.

151 2011 290 2038 Ἐϐούλετο
310 2012 360 2047 μὲν
373 2012 428 2048 γὰρ
444 2012 689 2048 είδωλολατροῦντα
705 2012 777 2040 κατὰ
798 2013 846 2041 τὴν
866 2012 931 2047 ἔρηη

147 2065 195 2092 μον
207 2057 440 2092 (μεμοτχοποίηκε
464 2057 529 2094 γὰρ)
558 2057 702 2093 ἐξαιτῆσαι
717 2058 793 2090 δίκας
810 2058 855 2085 τὸν
866 2059 932 2085 ἁπό-

147 2102 266 2137 πληκτον
296 2103 415 2138 Ἰσραήλ.
446 2103 546 2135 Ἐφιεὶς
570 2103 598 2130 δὲ
623 2103 718 2138 ὥσπερ
738 2103 777 2138 τῷ
804 2103 931 2139 μακαρίῳ

145 2148 251 2178 Μωσεῖ,
266 2148 461 2180 κατακωλύειν,
471 2149 495 2175 εί
511 2149 693 2184 βούλοιτο,τὴν
710 2149 806 2184 ὀργὴν,
822 2149 931 2181 καὶτὰς

146 2194 215 2228 ὑπὲρ
228 2195 281 2221 τῶν
293 2194 491 2230 ἡμαρτηκότων
507 2195 641 2222 ποιεῖσθαι
654 2195 740 2227 λιτὰς,
759 2205 767 2221 ε
786 2195 931 2231 Λελάληκα

147 2240 214 2275 πρὸς
233 2240 263 2267 οὲ
273 2261 280 2271 ,
296 2241 394 2275 φησὶν,
409 2240 483 2274 ἅπαξ
497 2241 543 2268 καὶ
558 2241 598 2272 δὶς
608 2262 615 2273 ,
630 2241 726 2275 λέγων·
746 2240 875 2277 Ἑώρακα
886 2241 931 2267 τὸν

973 320 1039 348 dum
1051 321 1160 354 accidit,
1173 326 1253 358 typus
1264 325 1306 349 est
1318 321 1449 357 spiritalis
1459 322 1767 354 lsraelclandicationis.

974 366 1060 393 Porro
1071 366 1146 401 quod
1159 375 1248 402 neque
1259 374 1274 394 a
1286 374 1354 395 vero
1366 366 1588 396 aberraverimus
1601 367 1767 398 aillrmantrs

973 420 1006 440 ac
1015 413 1139 441 dicentes
1161 413 1235 448 quod
1248 413 1282 440 iis
1295 413 1342 448 qui
1359 413 1386 440 in
1399 417 1480 441 nocte
1495 419 1640 442 versantur
1649 419 1677 442 et
1689 420 1765 443 tene-
1794 444 1797 450 λ

975 458 1084 485 brosam
1101 464 1222 486 mentem
1240 458 1353 491 habent,
1371 464 1506 495 repugnat
1525 460 1727 495 quodammodo
1739 465 1767 489 et

974 504 1126 532 reluctatur
1142 504 1278 538 Christus,
1302 506 1330 533 in
1360 506 1510 540 spiritalem
1538 506 1766 534 claudicationem

974 550 1140 584 dissolvens;
1166 551 1194 579 id
1212 552 1323 587 quidem
1339 552 1419 580 facile
1440 553 1502 587 quis
1516 561 1550 580 ex
1569 553 1603 580 iis
1625 561 1685 588 quae
1701 553 1768 588 adji—

974 597 1083 624 cientnr
1095 597 1236 633 intelligat.
1255 598 1300 625 Ait
1314 599 1386 626 enim
1402 599 1435 626 ad
1447 599 1530 626 Jacob
1552 599 1633 626 homo
1645 600 1691 634 qui
1705 607 1768 626 eum

974 649 1007 669 eo
1024 642 1197 670 luctabatur:
1211 652 1219 667 ‹
1237 643 1346 671 Dimitte
1366 652 1425 677 me;
1439 643 1564 671 ascendit
1573 644 1646 672 enim
1658 644 1768 671 dilucu-

975 689 1031 715 lum
1046 689 1078 715 ".
1096 699 1104 714 ι
1125 689 1257 724 lntelligis
1268 697 1322 724 quo
1337 695 1418 725 pacto
1439 698 1494 717 non
1507 690 1561 718 fert
1580 691 1691 722 luctam,
1708 690 1770 718 illu-

975 740 1100 762 cescente
1115 735 1170 762 die.
1185 735 1278 770 Neque
1293 736 1365 763 enim
1381 737 1502 764 luctatur
1518 744 1580 763 cum
1608 736 1642 764 iis
1654 736 1701 771 qui
1711 737 1767 771 jam

976 777 1004 805 in
1025 779 1086 806 luce
1107 783 1261 806 versantur.
1276 779 1383 812 Quibus
1402 780 1513 814 quidem
1532 780 1698 808 conveniens
1721 780 1766 812 sit.

976 825 1010 852 ad
1026 828 1130 852 tantum
1154 825 1329 860 splendorem
1345 825 1486 860 perductis
1508 825 1599 853 dicere
1616 825 1747 860 deinceps
1761 834 1768 852 :

980 881 989 896 ι
1006 871 1087 902 Deus,
1099 871 1172 898 Deus
1184 879 1272 903 meus,
1283 871 1316 898 ad
1332 876 1357 899 te
1369 871 1403 898 de
1417 872 1478 899 luce
1491 871 1573 907 vigilo
1586 872 1634 898 ³³.»
1650 872 1769 899 Praeter-

976 924 1008 944 ea
1023 926 1029 943 :
1049 926 1058 942 ι
1074 917 1151 944 Mane
1169 916 1300 944 cxaudies
1320 925 1414 944 vocem
1437 924 1535 949 meam,
1551 925 1630 945 mane
1644 917 1770 944 assistam

978 963 1038 995 tibi,
1051 967 1080 990 et
1094 963 1210 998 aspicies
1230 971 1274 991 me
1287 964 1319 990 ".
1338 973 1346 989 ι
1367 963 1514 990 Exoriente
1534 963 1607 990 enim
1629 963 1657 990 in
1678 967 1770 991 meum

976 1014 1070 1037 nostra
1081 1009 1194 1044 justitice
1206 1009 1320 1040 lumine.
1336 1009 1388 1036 hoc
1400 1013 1442 1036 est
1453 1009 1573 1041 Christo,
1582 1013 1610 1035 et
1621 1008 1770 1043 spiritalem

977 1057 1005 1084 in
1013 1056 1097 1084 corda
1109 1061 1202 1083 nostra
1211 1056 1384 1091 splendorem
1395 1056 1570 1087 immittente,
1584 1059 1650 1082 tunc
1660 1055 1771 1083 demum

977 1103 1098 1131 illustres
1114 1103 1261 1130 admodum
1273 1103 1323 1137 ipsi
1336 1103 1507 1134 assistemur,
1521 1101 1670 1136 divinoque
1692 1107 1773 1136 aspe-

977 1155 1020 1178 ctu
1038 1149 1113 1185 digni
1126 1148 1287 1177 eﬂiciemur.
1311 1158 1319 1174 ι
1341 1148 1420 1176 Oculi
1432 1148 1517 1180 enim,
1542 1147 1641 1183 inquit,
1662 1145 1772 1174 Domini

976 1204 1059 1231 super
1070 1196 1197 1232 iustos".
1205 1205 1214 1221 ι
1223 1195 1336 1222 Oriente
1348 1195 1432 1231 igitur
1445 1194 1578 1227 diluculo,
1586 1198 1674 1221 cessat
1686 1194 1771 1221 lucta.

977 1243 1045 1271 Vide
1058 1247 1150 1270 autem
1175 1249 1229 1277 quo
1251 1246 1330 1277 pacto
1354 1241 1502 1268 artiﬁciose
1525 1240 1672 1267 admodum
1692 1240 1774 1267 docet

976 1289 1107 1316 Iacobum
1118 1289 1200 1316 reniti
1213 1288 1249 1319 ei,
1270 1287 1317 1322 qui
1330 1287 1472 1315 discedere
1492 1286 1611 1319 volebat,
1628 1285 1704 1321 171
1727 1290 1772 1313 ut—

977 1344 1030 1371 que
1043 1335 1222 1363 vehementer
1239 1335 1332 1370 cupiat
1345 1333 1448 1361 addere
1476 1333 1579 1368 aliquid
1600 1339 1696 1360 eorum
1712 1339 1774 1367 quae

977 1383 1029 1417 ipsi
1043 1382 1201 1413 necessaria
1217 1386 1281 1408 sunt
1302 1381 1337 1408 ad
1354 1381 1482 1408 salutem.
1500 1380 1567 1407 Nam
1590 1379 1638 1414 qui
1659 1379 1773 1405 omnino

977 1427 1114 1459 vincebat,
1127 1431 1155 1454 et
1175 1427 1305 1454 recedere
1326 1426 1446 1458 valebat,
1468 1425 1575 1452 etiamsi
1588 1433 1642 1452 non
1658 1424 1772 1459 permit—

978 1478 1050 1502 teret
1062 1474 1166 1506 victus,
1177 1473 1318 1500 licentiam
1331 1471 1535 1507 quodammodo
1546 1471 1614 1498 dans
1627 1471 1686 1506 ejus
1699 1469 1773 1504 quod

977 1519 1060 1546 vellet
1071 1517 1220 1551 faciendi.fc
1236 1517 1346 1544 Dimitte
1360 1524 1413 1548 me,
1430 1526 1439 1541 ι
1452 1515 1542 1550 inquit
1555 1514 1588 1541 ".
1601 1513 1671 1541 Huic
1682 1513 1772 1540 simile

978 1564 1035 1592 fere
1052 1563 1224 1591 inveniemus
1244 1563 1277 1590 ad
1298 1563 1400 1590 Mosem
1414 1570 1429 1590 a
1446 1563 1502 1589 Deo
1519 1561 1657 1596 sapienter
1670 1568 1702 1587 ac
1717 1559 1774 1586 sin-

979 1609 1066 1644 3ulari
1089 1608 1206 1639 oonsilio
1227 1608 1342 1635 dictum.
1360 1607 1499 1634 Statuerat
1519 1607 1593 1634 enim
1606 1605 1773 1640 supplicium

978 1662 1089 1683 sumere
1098 1655 1132 1682 de
1148 1655 1249 1690 popqu
1262 1654 1422 1685 Israelitico,
1438 1652 1620 1680 idololatriam
1633 1652 1660 1678 in
1673 1651 1772 1678 solitu-

979 1701 1043 1729 dine
1065 1704 1212 1729 exercente
1226 1699 1337 1736 (vitulos
1363 1699 1437 1726 enim
1463 1698 1516 1726 sibi
1530 1697 1677 1732 erexerat).
1706 1697 1774 1724 Per-

979 1746 1091 1774 mittens
1101 1750 1192 1774 autem
1207 1745 1410 1781 quodammodo
1427 1745 1507 1772 beato
1520 1743 1598 1776 Mosi,
1611 1747 1736 1771 avertere
1750 1742 1773 1770 si

980 1791 1062 1818 vellet
1074 1790 1154 1823 iram,
1166 1790 1304 1825 precibus,
1325 1796 1376 1824 pro
1396 1788 1431 1815 iis
1442 1788 1489 1823 qui
1514 1788 1697 1823 deliquerant,
1712 1794 1775 1822 age-

980 1843 1031 1862 re:
1050 1844 1059 1861 ι
1078 1835 1200 1863 Locutus
1219 1841 1291 1865 sum.
1315 1833 1415 1868 inquit,
1432 1833 1481 1860 tibi
1499 1833 1582 1860 semel
1610 1839 1642 1859 ac
1663 1832 1716 1863 bis,
1730 1832 1775 1859 di-

979 1888 1045 1910 oens
1059 1889 1065 1907 :
1079 1880 1141 1909 Vidi
1163 1880 1294 1915 populum
1323 1879 1407 1910 hunc,
1434 1883 1462 1906 et
1477 1885 1541 1906 ecce
1559 1874 1678 1913 populus
1698 1877 1780 1904 dura

980 1926 1097 1955 cervicis
1116 1929 1175 1959 est;
1207 1926 1266 1953 sine
1287 1933 1346 1957 me;
1367 1924 1523 1959 disperdam
1546 1931 1604 1955 eos,
1626 1927 1655 1950 et
1677 1923 1774 1950 delebo

979 1981 1081 2001 nomen
1092 1980 1189 2000 eorum
1201 1972 1235 1999 de
1249 1971 1344 1999 subter
1352 1970 1432 2002 ccelo,
1445 1974 1474 1997 et
1487 1969 1582 1997 faciam
1594 1973 1620 1996 te
1631 1969 1657 1995 in
1664 1973 1776 2003 gentem

981 2026 1105 2054 magnam
1115 2019 1148 2044 ’⁷.
1156 2027 1164 2043 ι
1180 2018 1326 2051 Postquam
1334 2023 1401 2043 vero
1414 2015 1549 2042 intellexit
1560 2015 1664 2050 Moyses
1675 2014 1775 2041 divinze

980 2064 1158 2100 benignitatis
1176 2063 1313 2098 singulare
1348 2061 1502 2093 consilium,
1530 2061 1563 2088 ad
1597 2060 1774 2088 avertendam

981 2113 1091 2139 iramse
1112 2110 1227 2142 oonfert,
1252 2113 1279 2137 et
1301 2109 1357 2136 ait:
1375 2120 1383 2133 ι
1401 2108 1542 2143 Siquidem
1568 2106 1707 2134 remiseris
1734 2107 1780 2134 eis

981 2161 1134 2193 peccatum,
1156 2156 1282 2188 remitte;
1312 2155 1354 2182 sin
1371 2154 1472 2186 minus,
1490 2153 1551 2181 dele
1566 2153 1648 2180 etiam
1670 2159 1712 2179 me
1740 2159 1774 2179 ex

980 2203 1051 2230 libro
1066 2202 1118 2229 hoc
1139 2208 1220 2236 quem
1233 2200 1368 2235 scripsisti
1387 2200 1418 2226 ".
1437 2209 1446 2224 ι
1474 2197 1667 2234 llujuseemodi
1692 2196 1775 2232 igitur

981 2252 1062 2283 pacto
1075 2247 1178 2274 dictum
1195 2245 1280 2273 fuerit
1301 2245 1335 2272 ad
1358 2245 1442 2272 Jacob
1457 2254 1463 2271 :
1485 2253 1492 2269 ε
1510 2243 1622 2272 Dimitte
1639 2251 1692 2275 me,
1708 2254 1716 2269 ι
1740 2244 1780 2270 alr

146 2286 209 2312 λαὸν
229 2285 341 2319 τοῦτον,
356 2287 404 2313 καὶ
423 2287 478 2314 ἰδοὺ
497 2287 561 2318 λαὸς
583 2287 822 2323 σκληροτράχηλός
844 2287 928 2313 ἐστιν·

985 2302 1018 2323 eo
1039 2293 1087 2329 qui
1102 2301 1165 2321 cum
1180 2293 1239 2327 ipso
1265 2292 1427 2319 luctabatur.
1447 2290 1498 2324 Qui
1515 2291 1607 2318 statim
1620 2289 1774 2324 intelligens

147 2331 226 2360 Ιασόν
254 2342 299 2368 με,
322 2333 504 2369 ἱξολοθρεύσω
531 2334 645 2366 αὐτοὺς.
668 2333 715 2360 καὶ
743 2331 876 2367 ἐξαλείψω
901 2332 932 2359 τὺ

146 2378 231 2414 δνομα
250 2379 340 2406 αὐτῶν
360 2379 537 2406 ὑποκάτωθεν
552 2380 599 2406 τοῦ
619 2378 747 2416 οὐρανοῦ,
764 2379 812 2406 καὶ
827 2378 933 2413 ποιήσω

148 2434 179 2452 σε
199 2426 240 2457 εἰς
260 2425 336 2458 ἔθνος
355 2426 437 2461 μέγα.
459 2435 468 2452 ι
493 2425 602 2461 Ἐπειδὴ
618 2425 647 2452 δὲ
668 2425 784 2460 συνῆκεν
802 2425 816 2451 ό
830 2423 934 2459 Μωσῆς

147 2470 197 2505 τῆς
207 2471 284 2504 θείοις
295 2472 462 2507 ἡμερότητος
476 2471 525 2507 τὴν
537 2471 703 2506 οἰκονομίαν,
712 2470 759 2497 ὲπὶ
766 2469 795 2496 τὸ
804 2468 924 2496 κωλύειν

148 2516 273 2552 ἔρχεται,
289 2517 335 2544 καί
353 2526 445 2552 φησιν·
461 2527 470 2543 ι
481 2518 512 2544 El
524 2520 574 2551 μὶν
587 2518 661 2552 ἀφῇς
677 2517 768 2547 αὐτοῖς
784 2515 933 2551 ἁμαρτίαν,

148 2562 226 2596 ἄφες·
240 2563 265 2589 εί
280 2562 308 2589 δὲ
322 2562 370 2598 μὴ.
383 2562 456 2597 κάμὲ
468 2562 608 2598 ἑξάλειψον
622 2563 654 2589 ὲκ
668 2561 717 2596 τῆς
728 2561 821 2596 βίόλου
833 2560 934 2595 ταύτης

149 2605 182 2643 ἧς
205 2608 341 2644 ἔγραψας.
366 2619 376 2634 ι
394 2609 499 2636 Οὐκοῦν
520 2609 592 2637 κατὰ.
615 2608 717 2636 τοιόνδε
742 2607 843 2643 τρόπον
866 2607 933 2642 πρὸς

156 2654 253 2681 Ἰακὼὸ
272 2655 379 2691 εἴρηται
408 2656 453 2687 τὸ.
471 2665 479 2682 ί
506 2654 677 2682 ’Δπόστειλόν
699 2663 746 2689 με.
768 2663 776 2679 ι
795 2653 870 2689 παρὰ
888 2653 934 2680 τοῦ

151 2700 311 2733 παλαίοντος
327 2702 396 2738 πρὸς
405 2702 496 2728 αὐτόν.
518 2702 547 2728 ὐ
560 2701 588 2728 δὲ
602 2702 670 2736 τάχυ
687 2709 737 2727 που
753 2700 851 2732 συνιεὶς
866 2699 907 2731 τίς
922 2700 936 2725 ό

150 2744 274 2772 παλαίων
294 2746 367 2778 ἐστὶ,
385 2747 431 2773 καὶ
455 2747 485 2773 ὲν
504 2746 629 2781 αἰσθήσει
649 2745 742 2772 λοιπὸν
765 2745 811 2771 τοῦ
836 2746 936 2776 παντὸς

152 2790 271 2824 γεγονὼς
290 2792 453 2827 πράγματος
463 2813 470 2824 ,
490 2793 677 2827 μεταποιεῖται
690 2791 762 2823 λίαν,
777 2792 822 2818 καί
838 2798 932 2826 φησιν’

153 2843 162 2860 α
182 2835 218 2862 Οὐ
236 2837 272 2871 μή
289 2845 318 2863 σε
332 2837 399 2870 ἀνῶ,
417 2838 463 2864 ἐὰν
479 2839 516 2872 μή
530 2846 564 2872 με
582 2837 740 2873 εὐλογήσῃς.
758 2847 765 2861 ι
781 2837 933 2872 naM-mm

187 2905 208 2921 "
225 2904 307 2932 liebr.
321 2913 370 2937 xu,
388 2905 430 2936 19.
447 2905 488 2932 15.

151 2947 235 2971 xxxii.
250 2940 293 2968 26.

525 2905 625 2933 "Gen.
643 2905 779 2935 xxxn.‘26.
820 2906 841 2921 ”
863 2905 932 2932 Psal.
953 2913 1015 2933 nn.
1036 2905 1079 2931 5i.

333 2942 353 2956 ’⁷
374 2941 459 2968 Exod.
479 2942 594 2974 nxn,9,
612 2941 656 2973 10;
675 2949 767 2970 xxxm.
847 2941 869 2956 "
888 2940 974 2967 Exod.
997 2948 1078 2971 xxx".
1093 2941 1138 2974 3i,
1157 2941 1201 2967 5'2.
1241 2940 1262 2955 ”
1278 2939 1346 2968 Gen.
1368 2946 1450 2970 xxx",
1464 2938 1507 2965 26.

981 2341 1106 2376 quisnam
1119 2343 1193 2367 esset
1204 2339 1331 2369 luctator,
1354 2341 1493 2371 totamque
1515 2335 1552 2363 rei
1574 2335 1707 2362 rationem
1725 2342 1774 2362 ex-

982 2387 1115 2423 ploratam
1128 2385 1234 2413 habens
1246 2384 1386 2415 renititur,
1403 2383 1498 2410 dicens
1512 2391 1517 2409 :
1540 2392 1548 2407 ι
1568 2382 1628 2409 Non
1642 2385 1667 2409 te
1679 2380 1775 2409 dimit-

983 2437 1048 2465 tam,
1063 2432 1117 2459 nisi
1138 2430 1312 2459 benedixeris
1329 2429 1396 2456 mihi
1414 2431 1447 2456 “.
1461 2438 1470 2455 ι
1489 2428 1656 2456 Benedictus
1682 2432 1780 2455 autem

981 2479 1043 2510 fuit.
1053 2485 1085 2507 ac
1097 2479 1209 2514 quidem
1217 2477 1417 2505 benedictionis
1428 2476 1527 2504 modus
1538 2476 1600 2509 fuit,
1612 2475 1782 2511 prioris-nm

982 2525 1065 2554 minis
1076 2525 1103 2552 in
1115 2524 1190 2552 aliud
1199 2523 1401 2551 transmutatio.
1417 2533 1426 2549 α
1435 2523 1495 2551 Non
1505 2522 1740 2553 vocabiturenim,
1761 2531 1775 2546 ι

983 2572 1081 2607 inquit,
1096 2581 1105 2596 ε
1117 2578 1216 2598 nomen
1231 2575 1307 2597 tuum
1326 2569 1442 2604 amplius
1458 2569 1552 2601 Iacob,
1569 2568 1619 2596 sed
1628 2568 1711 2595 Israel
1723 2568 1778 2595 erit

983 2625 1082 2645 nomen
1106 2623 1182 2644 tuum
1203 2617 1235 2643 ’°.
1262 2626 1270 2640 ι
1291 2615 1360 2643 Cum
1388 2615 1500 2650 quidem
1524 2614 1607 2642 Iacob
1640 2614 1774 2650 significet

982 2663 1221 2699 supplantatorem,
1236 2663 1287 2690 hoc
1308 2666 1359 2694 est,
1372 2662 1481 2689 virilem
1492 2665 1518 2689 et
1532 2665 1674 2688 strenuum
1687 2661 1720 2688 ad
1741 2667 1774 2687 ea

984 2718 1044 2745 qua:
1057 2714 1165 2745 oportet
1188 2708 1341 2744 praestanda
1355 2717 1362 2735 :
1375 2708 1457 2735 Israel
1475 2715 1540 2735 vero
1553 2711 1671 2734 mentem
1683 2707 1773 2734 viden-

989 2756 1145 2782 temDeum.
1169 2755 1298 2788 Quaenam
1324 2759 1415 2782 autem
1432 2754 1530 2781 horum
1551 2753 1622 2781 ratio
1644 2752 1689 2784 sit.
1713 2758 1773 2787 age,

989 2803 1122 2833 dicamus,
1137 2802 1323 2830 narrationem
1335 2801 1415 2835 paulo
1428 2801 1511 2829 altius
1526 2802 1691 2835 repetentes.

1131 2905 1152 2920 "‘
1168 2905 1237 2932 Psal.
1253 2912 1280 2935 γ,
1296 2905 1320 2931 ι.
1361 2905 1382 2920 ’⁸
1398 2903 1466 2931 Psal.
1487 2910 1576 2932 “xm,
1592 2901 1632 2929 16.
1671 2901 1692 2916 ¹⁶
1705 2899 1772 2928 Gen.

1133 2960 1138 2964 .
1157 2941 1201 2964 δὲ.
1241 2940 1262 2955 ’³
1278 2939 1346 2964 Gen.
1368 2946 1450 2964 um.
1464 2938 1507 2964 26.
1548 2937 1570 2954 ⁸⁹
1591 2935 1657 2964 ibid.
1676 2935 1721 2962 28.
