1990 3050
217 203 271 232 S75
732 203 759 232 S.
780 201 917 233 CYRILLI
938 203 1173 231 ALEXANDRINI
1192 204 1349 232 ABCHIEP.
1790 201 1842 229 270

215 263 261 294 δὲ,
283 261 329 288 καὶ
347 261 459 296 γέγονεν
482 261 556 298 αὒτῷ
580 261 628 298 τῆς
652 261 777 297 εὐλογίας
797 263 811 288 ὁ
843 262 959 298 τρόπος,
974 262 988 288 ὀ
1008 261 1039 294 ἐξ
1058 261 1190 297 ὀνόματος
1214 261 1262 288 τοῦ
1284 261 1392 298 πρώτον
1417 261 1483 297 πρὸς
1503 261 1595 296 ἓτερον
1625 258 1840 295 μεταειεασμός.

220 320 228 336 ι
245 310 283 337 υὺ
297 309 462 345 κληθήσεται
478 310 541 346 γὰρ,
558 310 650 346 φησὶν,
664 309 704 337 ἔτι
716 310 746 336 τὸ
760 309 846 345 ὄνομά
860 318 908 336 σου
929 308 1038 342 Ἰακὼὸ,
1050 309 1251 345 ἀλλ’ἢΊσραὴλ
1262 309 1338 336 ἔσται
1355 309 1384 336 τὸ
1399 309 1485 344 ὖνομά
1494 317 1550 336 σου·
1567 318 1576 334 ›
1592 307 1649 344 [τοῦ
1664 307 1712 342 μὲν
1733 305 1842 341 Ἰακὼϐ]

216 355 397 390 σημαίνοντος
412 356 465 383 τὸν
478 354 678 391 πτερνίζοντα,
692 355 832 387 τουτέστι,
843 355 888 381 τὸν
900 354 1016 390 εὺδρανῆ
1031 355 1078 381 καὶ
1097 355 1228 390 νηφάλιον
1236 356 1275 387 είς
1292 355 1321 381 τδ
1335 354 1465 381 δύνασθαι
1480 353 1628 390 κατορθοῦν
1645 353 1663 380 ὃ.
1679 352 1732 379 δεῖ·
1747 351 1794 378 τοῦ
1814 352 1843 378 δὲ

222 402 330 439 Ἰσραὴλ
344 403 406 430 νοῦν
421 403 535 438 δρῶντα
551 402 624 430 Θεὸν
645 402 874 438 ἐρμηνευομένου.
893 403 942 433 Τίς
957 399 1003 428 οὖν
1022 403 1036 428 ὁ
1055 401 1144 436 λόγος,
1161 402 1226 438 φέρε
1241 402 1273 438 δὴ
1302 402 1438 437 λέγωμεν,
1457 401 1543 436 βραχὺ
1559 400 1609 435 τὴν
1627 399 1766 434 ἀφήγησιν
1781 398 1844 424 ἀνό-

215 459 262 476 πιν
281 449 517 485 ἀνασειράζοντες.

250 498 278 525 ι.
300 498 384 526 Jacob
407 498 480 526 lucta
505 497 594 526 vietus
617 497 783 532 femoriSque
809 501 950 533 stuporem
977 497 1007 524 in

1091 493 1111 520 δ’
1116 515 1123 521 .
1143 492 1282 524 Παλαίσας
1298 492 1312 518 ὁ
1333 491 1428 518 Ἰακὼϐ
1446 491 1493 517 καὶ
1515 490 1705 526 νενικημένος,
1721 489 1769 516 καὶ
1791 498 1843 516 πα-

217 544 340 572 tenebris
365 552 471 579 passus,
501 544 604 571 detinet
630 544 779 571 luctantem
806 547 835 571 ιιι
863 543 1002 579 paciﬁcus,

216 591 377 625 splendente
389 591 444 626 jam
459 591 531 623 luce,
546 590 671 625 laetoque
687 590 819 623 diluculo,
839 594 1003 625 coactusque

216 643 283 663 vero
298 639 340 663 est
352 635 516 663 benedicere
530 643 604 662 eum.
627 636 712 663 Porro
734 636 895 664 benedictus
922 637 1003 664 etiam

216 684 268 712 est,
291 680 499 715 cognominatus
517 680 653 715 siquidem
669 685 711 708 est
730 681 822 708 Israel.
842 682 1005 716 licpugnans

216 725 290 751 enim
313 724 395 752 lsrael
420 725 603 758 Emmanueli,
626 731 656 753 ut
681 726 838 754 incredulus
861 732 889 754 et
910 727 1005 755 inobe-

216 769 305 802 dicns,
328 774 456 798 caeterum
481 771 564 799 veluti
588 772 615 798 in
638 772 792 807 ignorantia
819 777 846 800 et
873 773 1002 806 tenebris,

216 815 360 851 inperitiae
377 816 508 844 nimirum
531 816 673 852 (obduruit
694 818 791 854 enim),
803 820 929 854 cognovit
945 820 1004 846 vix-

215 862 282 889 dum
299 862 392 890 oriens
405 862 488 890 etiam
515 864 566 898 ipsi
587 864 615 891 in
641 869 732 892 mente
757 865 879 892 divinum
901 865 1002 893 lumen.

216 908 381 937 Benedictus
396 909 469 937 enim
487 914 530 937 est
540 918 555 936 a
568 910 689 942 Christo,
703 911 810 938 etiamsi
825 919 879 938 non
896 912 1005 938 univcr-

216 961 264 981 sus
283 953 409 986 fortasse,
425 955 504 989 172
519 959 593 982 certe
608 955 635 981 in
650 959 727 989 parte
740 955 857 990 quadam
871 955 1002 983 ﬁdelium.

220 1006 229 1022 ι
250 996 338 1024 Facta:
357 998 431 1025 enim
456 1003 520 1026 sunt
540 999 662 1034 reliquiae
678 1000 829 1027 secundum
842 1001 1003 1028 electionem

216 1043 310 1078 gratim
335 1043 427 1071 lsraeli
453 1044 539 1080 (juxta
554 1045 579 1072 id
593 1045 667 1080 quod
678 1046 810 1080 scriptum
821 1050 864 1074 est
878 1046 922 1081 3').
937 1047 1004 1075 Cre-

217 1088 401 1124 dideruiitque
421 1090 577 1118 .Iudmorutn
597 1099 651 1119 non
669 1092 748 1126 pauci
760 1100 876 1120 numero
887 1092 927 1126 ";
949 1103 956 1118 ι
973 1101 1004 1120 ac

217 1142 274 1173 pra:
296 1135 357 1163 aliis
374 1135 459 1163 divini
478 1137 615 1172 discipuli,
626 1139 674 1172 qui
687 1138 798 1172 quidem
810 1139 894 1166 Iacob
906 1147 960 1174 prae
975 1147 1004 1166 se

1055 539 1108 566 θὼν
1123 540 1150 566 ὲν
1168 539 1257 573 σκότῳ
1275 537 1324 573 τὴν
1338 538 1484 573 νάρκωσιν,
1501 537 1549 572 τὴν
1565 537 1594 563 ὲν
1612 536 1692 572 μηρῷ
1708 535 1842 572 δηλονότι,

1054 585 1147 612 λοιπον
1157 585 1298 620 ἀντέχεται
1311 583 1358 610 τοῦ
1374 583 1534 615 παλαίοντος
1548 583 1586 614 ὡς
1598 582 1754 618 εἰρηνικῶς,
1768 582 1842 608 διαυ-

1055 632 1183 666 γαζοντος
1201 630 1306 665 φωτὸς,
1327 630 1374 657 καὶ
1394 629 1493 665 ὄρθρου
1506 629 1599 655 λοιπὸν
1617 629 1666 664 ἤδη
1687 628 1840 663 γεγονότος·

1055 676 1209 710 ἐξεϐιάζετο
1223 677 1250 703 δὲ
1273 676 1366 712 ὥσπερ
1380 676 1419 707 είς
1434 675 1559 709 εὐλογίας
1573 675 1654 703 αὑτὸν
1665 694 1671 706 ,
1689 675 1736 701 καὶ
1748 674 1780 710 δὴ
1795 674 1842 701 καὶ

1055 724 1212 760 ηὐλόγηται’
1229 723 1435 758 μετωνόμασται
1453 722 1507 756 γὰρ
1529 721 1647 757 Ἰσραήλ.
1672 721 1841 754 Ἀντεξάγων

1054 770 1110 805 γὰρ
1131 770 1225 805 ὥσπερ
1249 770 1263 794 ὁ
1290 769 1397 803 Ἰσραὴλ
1421 768 1460 803 τῷ
1487 767 1660 803 Ἐμμανουήλ
1682 767 1712 793 τὸ
1732 766 1843 797 ἀπειθὲς

1055 816 1102 842 xui
1125 815 1297 848 δυσάγωγον,
1319 815 1389 848 πλὴν
1403 814 1439 844 ὡς
1460 815 1487 839 ἐν
1508 813 1603 848 ἀγνοίᾳ
1620 812 1667 839 καὶ
1684 811 1788 847 σκότῳ,
1803 810 1843 845 τῷ

1055 862 1102 896 τῆς
1123 861 1250 896 ἀμαθίας,
1273 861 1354 896 φημί.
1369 859 1523 894 Πεπώρωτο
1545 859 1609 895 γαρ-
1634 858 1739 892 ἐπέγνω
1765 857 1842 893 μόλις

1055 908 1209 941 ἀνίσχοντος
1231 907 1278 933 καὶ
1298 905 1372 941 αὐτῷ
1394 905 1464 932 κατὰ
1487 905 1549 932 νοῦν
1571 905 1619 931 τοῦ
1643 904 1716 931 θείου
1742 903 1841 938 φωτός.

1056 953 1210 988 Ηὺλὸγηταί
1224 961 1253 979 τε
1267 952 1341 986 παρὰ
1359 951 1488 987 Χριστοῦ,
1504 952 1528 978 εἰ
1542 951 1588 978 καὶ
1608 951 1644 986 μὴ
1658 951 1730 981 ἄπας
1749 949 1841 985 τυχὸν,

1054 998 1110 1025 ἀλλ’
1129 996 1175 1024 οὖν
1191 998 1221 1024 ἐν
1235 997 1317 1033 μοίρᾳ
1328 998 1380 1024 τινὶ
1394 997 1448 1023 τῶν
1472 996 1702 1023 πεπιστευκότων.
1722 1005 1729 1020 ι
1745 995 1842 1029 Γέγονε

1055 1044 1108 1079 γὰρ
1122 1044 1223 1079 λεῖμμα
1237 1045 1295 1070 κατ’
1312 1042 1425 1078 ἐκλογὴν
1440 1043 1549 1078 χάριτος
1565 1052 1573 1067 ι
1593 1041 1630 1076 τῷ
1640 1040 1756 1076 Ἰσραὴλ,
1772 1040 1844 1067 κατὰ

1055 1091 1084 1117 τὸ
1107 1090 1315 1126 γεγραμμένον,
1339 1090 1386 1116 καὶ
1410 1088 1608 1116 πεπιστεύκασι
1624 1087 1678 1113 τῶν
1705 1086 1842 1113 Ἰουδαίων

1055 1136 1104 1162 οὑκ
1125 1135 1208 1169 ὀλίγοι
1223 1135 1268 1161 τὸν
1287 1134 1413 1169 ἀριθμόν.
1443 1133 1498 1160 Καὶ
1513 1133 1566 1168 πρό
1583 1140 1615 1166 γε
1646 1131 1698 1158 τῶν
1715 1131 1802 1159 ἄλλων
1817 1131 1842 1156 οι

217 1181 353 1214 ferebant,
382 1183 460 1218 legali
485 1183 581 1211 robore
604 1185 726 1219 praediti,
749 1193 780 1213 ac
804 1187 1004 1221 quodammodo

1058 1182 1194 1208 υεσπὲσιοι
1213 1180 1342 1216 μαθηταὶ,
1356 1180 1381 1207 οἳ
1397 1180 1460 1206 ποτὲ
1478 1180 1527 1215 μὲν
1541 1177 1610 1214 ἦσαν
1629 1178 1733 1209 Ἰακὼῦ,
1748 1178 1777 1204 τὸ
1809 1179 1842 1204 ἁ-

217 1227 434 1262 supplantantes,
447 1236 676 1265 suminopereque
687 1231 855 1260 detestantes
867 1233 953 1259 Deum
966 1232 1007 1260 of-

217 1274 340 1302 fendere.
370 1275 627 1310 lrreprehensibiles
656 1277 730 1304 enim
757 1282 836 1306 erant
855 1279 1006 1306 secundum

215 1321 350 1356 justitiam
372 1329 434 1356 qua:
451 1326 493 1349 est
505 1322 530 1349 in
543 1323 602 1358 lege
619 1332 624 1350 ε
640 1323 703 1351 facti
720 1329 812 1352 autem
836 1329 900 1352 sunt
912 1330 1005 1360 postea

217 1367 300 1398 etiam
324 1367 417 1399 Israel,
441 1368 492 1395 hoc
514 1373 567 1401 est,
589 1370 711 1397 translati
734 1375 798 1398 sunt
823 1371 953 1412 deinceps
977 1373 1005 1400 in

218 1416 337 1439 mentem
349 1412 485 1440 videntem
494 1414 589 1440 Deum.
599 1414 769 1450 Cognoscere
777 1416 1004 1451 cnimChristum,

217 1458 345 1492 quisnam
364 1459 409 1491 sit,
429 1463 458 1486 et
475 1459 556 1492 unde,
576 1467 607 1487 ac
627 1462 765 1496 quomodo
779 1463 868 1491 factus
882 1464 918 1491 sit
929 1464 1006 1499 juxta

218 1511 250 1530 ac
270 1511 331 1536 nos,
351 1509 379 1532 et
397 1505 535 1539 quodnam
547 1505 629 1533 fuerit
641 1507 700 1541 ejus
712 1507 908 1536 incarnationis
917 1510 1007 1538 consi-

217 1548 296 1582 lium,
318 1549 371 1577 hoc
392 1558 451 1579 esse
470 1556 560 1580 statuo
581 1561 674 1580 verum
697 1554 744 1581 Dei
764 1559 891 1590 aspectus
913 1555 1005 1583 lumen

218 1600 311 1624 mente
331 1598 482 1632 suscipere.
498 1599 576 1632 Quod
589 1608 654 1628 vero
670 1602 754 1636 major
767 1606 848 1637 atque
861 1602 966 1635 utilior,
979 1608 1008 1630 ct

218 1642 472 1677 incomparabiliter
494 1645 591 1672 melior
612 1646 647 1673 sit
673 1647 727 1674 vita
751 1646 829 1682 legali
843 1648 963 1683 cognitio
972 1648 1006 1675 de

218 1686 286 1720 Deo,
316 1687 431 1722 ipsemet
451 1694 567 1717 testatur
590 1699 638 1725 per
652 1692 798 1726 quemdam
811 1693 1006 1728 prophetarum

220 1733 259 1762 ita
283 1732 396 1761 dicens:
420 1745 428 1759 ι
444 1735 513 1768 Quia
534 1736 749 1765 misericordiam
771 1739 843 1772 volo,
857 1743 886 1766 et
897 1747 951 1767 non
966 1747 1009 1766 sa—

220 1776 365 1809 criﬁcium,
377 1782 405 1805 et
418 1780 601 1814 cognitionem
615 1782 662 1810 Dei
682 1783 766 1818 magis
783 1791 865 1818 quam
876 1783 1007 1812 holocau-

221 1826 337 1849 stomata
355 1823 386 1850 ³³.
405 1833 413 1849 ι
430 1824 501 1858 Quin
517 1830 545 1853 et
559 1827 660 1855 Paulus
677 1832 770 1855 natum
785 1829 896 1864 quidem
918 1837 947 1857 se
969 1830 1008 1858 ait

225 1877 234 1892 ι
245 1868 463 1905 juxtajustitiam
476 1880 535 1907 quze
547 1878 589 1900 est
602 1873 629 1900 in
640 1873 697 1910 lege
710 1875 741 1907 “,
758 1885 767 1900 ι
783 1875 915 1908 illustrem
926 1880 1008 1911 atque

222 1915 503 1952 irreprehensibilem,
532 1930 540 1946 ι
560 1921 731 1950 existimasse
753 1930 818 1950 vero
843 1923 934 1950 omnia
952 1924 1010 1952 haec

222 1960 417 1990 detrimentum
447 1969 558 2000 propter
584 1968 816 2001 pmeminentiam
846 1969 1010 2004 cognitionis

221 2007 324 2035 Christi
344 2008 376 2035 ".
399 2019 407 2035 ι
429 2009 507 2043 Quod
518 2019 583 2039 vero
600 2013 708 2040 sincera
719 2014 838 2049 cognitio
852 2014 886 2042 de
900 2014 1010 2043 Christo

221 2054 395 2087 praestantior
422 2056 458 2083 sit
476 2057 620 2092 splendore
640 2066 764 2093 operum,
786 2060 886 2088 Paulus
901 2069 1010 2089 rursum

222 2099 354 2133 declarat,
368 2101 402 2128 ad
415 2101 588 2130 Timotheum
603 2104 736 2136 scribens,
755 2113 836 2140 quem
850 2107 883 2133 ad
901 2107 1010 2141 pietatis

221 2146 383 2174 exercitium
394 2148 520 2176 hortatur
533 2158 539 2175 :
555 2159 563 2174 ι
572 2149 721 2185 Corporale
734 2152 806 2178 enim
818 2153 1006 2185 exercitium,»

223 2191 321 2227 inquit,
339 2203 346 2218 ι
360 2193 394 2220 ad
406 2201 493 2228 pauca
502 2195 567 2223 utile
579 2201 629 2223 est.
642 2197 733 2225 Pietas
744 2206 808 2224 vero
820 2199 854 2225 ad
866 2200 957 2226 omnia
968 2204 1011 2227 est

222 2238 307 2270 utilis,
333 2239 541 2273 promissionem
562 2242 666 2270 habens
684 2243 747 2271 vitae
760 2251 819 2279 quae
834 2252 907 2272 nunc
919 2250 969 2278 est,
982 2250 1011 2274 et

221 2283 322 2312 futurae
344 2284 375 2311 ³⁸.
392 2294 400 2310 ι
417 2285 653 2318 Quemadmodum
671 2289 743 2316 enim
761 2289 885 2317 Salvator
899 2291 956 2325 ipse
973 2292 1010 2318 ait

221 2331 256 2358 ad
273 2330 383 2360 Patrem
397 2332 536 2362 cmleslem
550 2343 556 2360 :
574 2344 582 2359 ι
598 2335 660 2362 Haec
676 2341 717 2363 est
728 2336 784 2363 vita
793 2342 905 2369 aeterna,
920 2342 949 2364 ut
962 2345 1010 2365 co—

221 2384 353 2412 gnoscant
374 2384 401 2407 te
417 2381 505 2408 solum
528 2389 624 2408 verum
647 2382 744 2415 Deum,
764 2387 792 2410 et
818 2392 899 2418 quem
912 2385 1009 2412 misisti

221 2424 315 2452 Jesum
337 2425 476 2454 Christum
502 2427 533 2454 ⁸⁷.
554 2438 562 2452 ι
583 2427 727 2461 Quocirca,
740 2429 847 2457 etiamsi
867 2430 929 2465 quis
952 2431 1010 2458 for-

223 2475 295 2498 tasse
311 2470 393 2498 Jacob
413 2472 458 2505 sit,
478 2473 530 2500 hoc
546 2478 598 2505 cst,
611 2474 633 2501 si
647 2474 821 2509 supplantare
833 2476 931 2509 valeat,
948 2478 1010 2512 pul-

1057 1227 1152 1262 δρανὲς
1178 1227 1284 1262 ἔχοντες
1309 1228 1338 1253 ἐν
1359 1226 1451 1261 νόμῳ,
1466 1226 1514 1252 καὶ
1538 1226 1618 1252 οἱονεὶ¹
1642 1223 1842 1260 πτερνίζοντες,

1058 1274 1269 1310 περιπνεύοντές
1284 1282 1314 1300 τε
1333 1273 1459 1308 γοργῶς,
1480 1273 1526 1298 καὶ
1542 1272 1582 1298 ὅτι
1607 1271 1723 1306 μάλιστα
1741 1278 1848 1304 παραιστ

1056 1320 1182 1356 τούμενοι
1199 1320 1228 1346 τὸ
1246 1319 1427 1355 προσκρούειν
1442 1317 1511 1353 Θεῷ.
1531 1318 1685 1352 Ἀμεμπτοι
1701 1316 1755 1352 γὰρ
1772 1313 1843 1351 ἦσαν

1057 1367 1129 1394 κατὰ
1141 1366 1313 1401 δικαιοσύνην
1327 1365 1376 1401 τὴν
1390 1366 1418 1391 ἐν
1434 1364 1473 1399 τῷ
1490 1364 1574 1399 νόμῳ.
1592 1363 1721 1396 Γεγόνασι
1731 1362 1758 1387 δὲ
1775 1361 1843 1396 μετὰ

1056 1413 1135 1440 τοῦτο
1156 1412 1204 1439 καὶ
1224 1411 1347 1447 Ἰσραὴλ,
1364 1410 1505 1441 τουτέστι,
1523 1408 1783 1444 μετακεχωρήκασιν
1803 1406 1843 1437 εἰς

1057 1461 1119 1488 νοῦν
1133 1460 1240 1496 ὁρῶντα
1253 1459 1318 1485 θεὸν
1326 1457 1429 1484 λοιπόν.
1443 1457 1479 1483 Τὸ
1490 1457 1545 1492 γὰρ
1556 1455 1655 1482 εἰδέναι
1671 1452 1844 1490 Χριστὸν,τίς

1057 1507 1088 1542 δὴ
1102 1507 1166 1542 ἄρα,
1183 1506 1229 1532 καὶ
1245 1505 1326 1531 πόθεν
1342 1505 1438 1538 γέγονε
1459 1503 1519 1530 καθ’
1536 1503 1619 1538 ἡμᾶς,
1637 1501 1653 1537 ἢ
1674 1502 1747 1532 ποῖος
1768 1499 1844 1534 αὐτῷ

1057 1554 1106 1588 τῆς
1125 1552 1193 1587 μετὰ
1212 1551 1313 1586 σαρκὸς
1332 1549 1489 1585 οἰκονομίας
1507 1550 1521 1575 ὁ
1544 1548 1654 1583 τρόπος·
1672 1547 1751 1573 τοῦτο
1774 1544 1844 1572 εἷναί

1058 1598 1192 1634 φημι,τῆς
1201 1596 1315 1632 ἀληθοῦς
1323 1595 1489 1631 θεοπτ[ε]ίας
1496 1594 1525 1621 τὸ
1534 1594 1590 1628 φῶς
1599 1592 1766 1625 εἰσδέξασθαι
1775 1591 1846 1618 κατὰ

1058 1644 1130 1672 νοῦν.
1147 1645 1207 1670 Ὅτι
1219 1643 1247 1669 δὲ
1263 1643 1375 1678 μείζων,
1392 1643 1438 1668 καὶ
1453 1640 1676 1676 προῳερεστέρα,
1698 1639 1744 1665 καὶ
1759 1639 1845 1672 ἀσυγ-

1059 1691 1159 1726 κρίτως
1183 1689 1303 1724 ἀμείνων
1319 1688 1369 1722 τῆς
1383 1689 1411 1714 ὲν
1428 1687 1502 1722 νόμῳ
1516 1685 1652 1716 πολιτείας
1666 1685 1682 1719 ἡ
1697 1684 1761 1720 περὶ
1776 1683 1845 1710 Θεοῦ

1057 1736 1178 1771 γνῶσις,
1203 1735 1407 1770 πληροφορήσει
1430 1733 1518 1766 λέγων
1544 1731 1624 1763 αὐτὸς
1653 1731 1686 1757 δι’
1707 1730 1766 1762 ἑνὸς
1789 1729 1845 1756 τῶν

1059 1781 1222 1818 προφητῶν·
1242 1789 1251 1806 ι
1280 1780 1341 1807 Ὂτι
1359 1780 1433 1806 ἔλεον
1450 1778 1533 1811 θέλω,
1548 1778 1594 1804 καὶ
1615 1777 1645 1803 οὺ
1671 1776 1782 1802 θυσίαν·
1801 1776 1847 1802 καὶ

1059 1828 1206 1862 ἐπίγνωσιν
1222 1826 1290 1853 Θεοῦ
1305 1825 1346 1861 ,ἢ
1370 1824 1594 1859 ὁλοκαυτώματα.
1616 1832 1625 1848 ι
1652 1823 1706 1849 Καὶ
1729 1821 1845 1852 Παῦλος,

1062 1874 1099 1905 ὡς
1113 1873 1243 1908 γεγένητο
1263 1871 1313 1906 μὲν
1333 1880 1343 1896 ι
1357 1870 1429 1897 κατὰ
1441 1868 1615 1904 δικαιοσύνην
1629 1868 1678 1903 τὴν
1696 1868 1725 1893 ἐν
1737 1866 1822 1901 νόμῳ,
1834 1875 1843 1891 ι

1061 1919 1186 1956 λαμπρός
1199 1927 1230 1944 τε
1243 1918 1289 1944 καὶ
1303 1917 1455 1952 ἄμεμπτος·
1477 1926 1485 1941 ι
1509 1916 1631 1949 Ἦγεῖται
1645 1914 1672 1940 δὲ
1687 1913 1721 1940 τὰ
1736 1912 1848 1939 τοιαῦτα

1062 1965 1219 2001 ζημίαν,διὰ
1233 1964 1263 1990 τὸ
1278 1963 1410 1998 ὑπερέχον
1423 1962 1471 1996 τῆς
1486 1961 1612 1996 γνώσεως
1623 1959 1670 1986 τοῦ
1687 1958 1817 1994 Χριστοῦ.
1834 1966 1843 1982 ι

1063 2013 1124 2039 Ὅτι
1139 2011 1168 2037 δέ
1179 2012 1236 2037 ἐστι
1257 2009 1304 2036 καὶ
1320 2009 1369 2044 τῆς
1384 2009 1412 2035 ἐν
1429 2008 1519 2044 ἔργοις
1531 2005 1717 2042 φαιδρότητος,
1730 2005 1757 2030 ὲν
1768 2004 1848 2039 ἀμεί-

1061 2058 1160 2093 νοσινή
1176 2056 1368 2091 mamma;
1385 2054 1486 2088 γνῶσις
1501 2053 1565 2088 περὶ
1576 2051 1705 2088 Χριστοῦ,
1721 2051 1848 2086 σαφηνιεῖ

1061 2103 1093 2140 δὴ
1112 2103 1192 2130 πάλιν
1210 2101 1336 2138 Τιμοθέῳ
1359 2101 1472 2137 γράφων
1487 2100 1502 2125 ό
1520 2099 1642 2131 Παῦλος,
1660 2097 1847 2133 γυμνάζεσθαι

1062 2152 1142 2179 αὑτὸν
1158 2151 1225 2186 πρὸς
1236 2149 1386 2176 εὐσέϐειαν·
1405 2156 1415 2174 ι
1437 2148 1470 2174 Ἠ
1484 2147 1538 2182 γὰρ
1550 2145 1693 2181 σωματικὴ
1709 2144 1848 2179 γυμνασία

1062 2197 1130 2234 πρὸς
1155 2196 1243 2229 ὀλίγον
1263 2194 1337 2222 ἐστὶν
1362 2192 1509 2228 ὠφέλιμος,
1536 2192 1552 2227 ἡ
1578 2191 1606 2218 δὲ
1630 2190 1756 2217 εὐσέϐεια
1779 2189 1848 2225 πρὸς

1062 2243 1150 2270 πάντα
1172 2240 1310 2275 ὠφέλιμός
1340 2240 1431 2270 ἐστιν,
1459 2237 1626 2271 ἐπαγγελίαν
1651 2235 1752 2270 ἔχουσα
1775 2234 1847 2269 ζωῆς

1062 2291 1112 2326 τῆς
1139 2290 1185 2317 νῦν
1201 2289 1248 2315 καὶ
1270 2288 1319 2322 τῆς
1341 2286 1501 2322 μελλούσης.
1518 2295 1528 2311 ι
1547 2285 1591 2317 Ὠς
1605 2285 1658 2320 γὰρ
1677 2284 1758 2316 αὐτὸς
1773 2283 1850 2318 sipri-

1062 2339 1136 2365 κενὸ
1148 2337 1243 2371 Σωτὴρ
1259 2333 1327 2370 πρὸς
1339 2333 1383 2360 τὸν
1400 2334 1429 2359 ἐν
1452 2332 1576 2367 οὐρανοῖς
1598 2331 1719 2366 Πατέρα,
1741 2340 1750 2356 ‹
1773 2329 1847 2365 Αὕτη

1063 2384 1138 2410 ἐστὶν
1155 2383 1172 2417 ἡ
1193 2380 1301 2411 οίίώνιος
1323 2378 1398 2413 ζωὴ,
1414 2377 1457 2404 ἴνα
1470 2375 1624 2411 γινώσκωσι
1650 2383 1680 2401 σε
1700 2375 1746 2401 τὸν
1769 2375 1850 2409 μόνον

1063 2429 1189 2464 ἀληθινὸν
1199 2427 1275 2458 Θεὸν,
1286 2426 1333 2451 καὶ
1345 2425 1374 2451 ὃν
1391 2423 1555 2454 ἀπέστειλας
1576 2421 1680 2456 Ἰησοῦν
1692 2421 1819 2455 Χριστόν.
1838 2430 1847 2446 ι

1064 2475 1168 2503 Οὐκοῦν
1190 2473 1241 2500 κᾶν
1259 2473 1284 2498 εί
1301 2479 1342 2503 τις
1356 2470 1398 2506 εἴη
1421 2469 1503 2504 τυχὸν
1524 2467 1631 2501 Ἰακὼϐ,
1654 2467 1810 2498 τουτέστιν,
1826 2467 1850 2492 εἰ

222 2517 344 2552 ehreque
354 2526 385 2546 ac
395 2518 503 2547 fortiter
511 2520 631 2555 eli‘ugere
640 2528 720 2548 omne
730 2521 756 2548 id
770 2522 842 2556 quod
852 2523 1007 2551 destruendi

1064 2520 1218 2557 πτερνίζειν
1237 2518 1354 2551 δύναιτο,
1375 2517 1422 2544 καὶ
1449 2514 1648 2550 διαδιδράσκειν
1665 2513 1780 2544 ἀστείως
1804 2512 1850 2539 καὶ

222 2563 277 2590 vim
297 2564 389 2597 habet,
407 2569 488 2600 atque
507 2566 540 2593 ad
556 2572 697 2601 peceatum
717 2568 802 2600 ducit,
826 2569 950 2603 proﬁciet
964 2578 1013 2604 per

222 2610 372 2643 Christum,
393 2611 475 2638 etiam
495 2613 528 2639 ad
548 2613 667 2640 divinam
681 2615 874 2649 cognitionem.
896 2617 1012 2643 Vocabi—

223 2659 268 2682 tur
279 2660 371 2683 autem
387 2657 470 2684 etiam
482 2657 574 2691 Israel,
588 2658 640 2686 hoc
654 2663 706 2692 est,
727 2660 810 2687 Deum
825 2661 921 2688 videns.
935 2661 1012 2688 Tune

223 2701 334 2729 demum
353 2702 425 2729 inter
436 2703 560 2731 homines
570 2705 622 2731 erit
634 2710 731 2740 potens
743 2706 938 2734 corroboratus
950 2715 1011 2734 cum

223 2746 290 2774 Deo.
313 2747 406 2782 Neque
430 2749 503 2776 enim
530 2751 630 2778 mentis
655 2752 797 2779 imbecilla:
823 2753 905 2780 fuerit
925 2754 1010 2780 Deum

224 2799 304 2820 nosse
325 2794 564 2830 cognitionemque
584 2796 617 2824 de
634 2805 667 2824 eo
686 2797 822 2832 accipere,
848 2799 955 2826 tametsi
983 2799 1011 2825 in

225 2838 336 2871 speculo
361 2844 441 2876 atque
466 2841 608 2877 aenigmate
635 2843 725 2872 videat
752 2845 794 2877 η;
815 2845 862 2872 sed
886 2845 945 2880 ejus
963 2844 1010 2879 qui

233 2936 253 2970 Ι,
274 2933 298 2961 5.
338 2934 359 2950 ⁵⁸
378 2935 388 2963 1
408 2936 536 2970 (Ἰωκκιιι,
554 2937 596 2964 12.

1063 2566 1192 2597 νεανικῶς
1210 2565 1263 2591 πᾶν
1281 2565 1350 2599 ὅπερ
1366 2562 1424 2588 ἐστὶ
1437 2560 1588 2596 παραλύειν
1603 2559 1672 2591 εἰδὺς
1687 2559 1733 2585 καὶ¹
1750 2558 1851 2584 καλοῦν

1063 2615 1102 2646 είς
1123 2611 1275 2648 ἁμαρτίαν,
1294 2608 1425 2644 προκόψει
1446 2607 1490 2633 διὰ
1513 2606 1632 2640 Χριστοῦ
1655 2605 1702 2632 καὶ
1732 2605 1772 2635 είς
1789 2604 1851 2631 σύν-

1064 2669 1120 2687 εσιν
1145 2657 1311 2693 ἀγιοπρεπῆ.
1338 2654 1509 2689 Κεκλήσεται
1530 2652 1558 2678 δὲ
1579 2652 1626 2678 καὶ
1647 2650 1772 2686 Ἰσραὴλ,
1790 2659 1852 2677 του-

1063 2706 1147 2737 τέστι,
1162 2703 1236 2730 Θεὸν
1251 2700 1336 2736 ὀρῶν.
1347 2700 1413 2726 Τότε
1427 2699 1468 2730 δὴ,
1482 2698 1541 2724 τότε
1557 2697 1603 2724 καὶ
1620 2696 1689 2732 μετὰ
1699 2696 1851 2731 ἀνθρώπων

1065 2752 1142 2778 ἕσται
1151 2749 1271 2779 δυνατὸς,
1287 2747 1431 2781 ὲνισχύσας
1453 2744 1521 2779 μετᾶ
1540 2743 1618 2770 Θεοῦ,
1637 2743 1675 2769 Οὐ
1693 2742 1746 2778 γὰρ
1762 2739 1807 2768 οὗν
1821 2741 1852 2768 τὸ

1065 2797 1162 2824 ἇναλκι
1175 2792 1436 2829 κατηρρωττηκότος
1452 2790 1532 2826 ἔργον
1546 2789 1579 2816 ἂν
1592 2789 1696 2822 γένοιτο
1711 2789 1741 2814 τὸ
1753 2787 1852 2814 εἰδέναι

1064 2843 1145 2874 Θεὸν,
1172 2841 1218 2868 καὶ
1239 2839 1288 2874 τὴν
1309 2839 1351 2864 ἐπ’
1376 2836 1450 2872 αὑτῴ
1467 2835 1567 2870 γνῶσιν
1590 2835 1677 2867 ἑλεῖν,
1703 2834 1727 2860 εί
1754 2833 1802 2860 καὶ
1823 2833 1852 2860 ἐν

258 2897 366 2937 “diem.
378 2900 452 2937 ituri.
495 2901 516 2916 ³¹
530 2901 588 2928 Aet.
606 2911 668 2934 n‘n,
685 2903 726 2930 l2.
766 2903 878 2937 "Osce,
894 2912 930 2935 γι,
943 2903 968 2930 6.
1006 2913 1007 2918 η

1058 2902 1146 2937 ⁷1ιί1ῑρ.
1169 2909 1207 2933 ιιι,
1223 2901 1249 2928 6.
1290 2899 1310 2914 ³·
1324 2897 1394 2925 Ibid.
1409 2897 1432 2923 8.
1464 2895 1485 2911 "
1501 2896 1511 2923 l
1532 2895 1601 2923 Tim.
1627 2904 1662 2928 Iv,
1677 2895 1702 2922 8.
1734 2895 1756 2911 ³⁷
1771 2895 1853 2922 Ioan.
