1990 3050
180 135 234 164 [9

674 133 700 162 S.
721 132 859 162 CYRIIJJ
878 132 1113 162 ALEXANDle
1132 132 1291 162 ARCHIEP.

1757 134 1811 162 230

180 200 290 220 ocurum
305 191 396 224 fuerit,
412 189 446 219 iis
461 191 508 227 qui
527 198 600 220 recte
612 193 714 221 sentire.
725 193 820 226 velint,
834 200 877 220 res
888 193 965 227 hujus

1020 192 1121 218 τέλειον
1140 191 1309 227 ἁφιγμένοις’
1331 191 1410 218 «Ui/‘4
1431 189 1528 226 ἔχομεν
1547 186 1597 217 ὧδε
1613 190 1744 226 μένουσαν
1765 193 1812 219 πό-

126 268 128 271 ,
179 237 275 266 mundi
295 245 344 273 pro
364 238 584 273 peregrinatione
604 239 744 267 habendas
754 245 814 266 eSse
828 238 862 265 iis
874 238 921 273 qui
931 237 965 264 ad

179 283 267 312 Deum
300 282 432 318 aspirant,
466 287 640 319 mentemque
663 284 825 311 illustratam
852 282 964 310 habent.

179 328 284 357 Deinde
304 328 372 356 abiit
387 339 395 354 ι
411 329 438 356 in
454 328 543 356 Salem
556 329 693 356 civitatem
709 328 892 356 Sichimorum
905 328 937 359 ⁵⁸,
953 339 962 354 ι

180 382 240 409 qua}
259 378 301 402 est
320 375 349 402 in
367 379 439 402 terra
455 375 583 402 Chanaan
599 384 605 401 :
624 375 670 404 ubi
689 382 799 402 rursum
817 374 908 410 justus
923 375 965 401 lu-

180 425 269 448 ctatus
296 427 348 454 est,
373 421 487 456 injurias
510 421 571 448 ﬁlia:
592 429 648 448 sua:
667 421 746 448 Dirue
766 420 854 447 illatas
864 420 964 447 ferens.

179 465 242 494 llmc
253 467 337 499 enim,
352 471 382 494 ut
393 467 482 502 puclla
493 471 520 494 et
532 467 608 501 virgo
622 466 711 493 adhuc
721 466 831 499 blanda,
846 466 967 502 paternis

180 512 365 540 tabernaculis
375 520 483 547 egressa
494 516 545 543 est,
560 512 710 539 incolarum
721 511 791 539 ﬁlias
798 512 964 546 conspicata.

179 557 222 584 Fit
237 557 310 584 enim
326 557 495 592 plerumque,
513 561 542 584 ut
557 557 690 584 muliebre
705 565 791 592 genus
803 564 967 592 congressus

180 610 243 630 cum
268 603 415 631 coaetaneis
429 603 507 630 avide
535 607 655 638 appetat.
675 603 791 638 Egressa
813 603 903 638 itaque
924 607 967 630 est

179 649 288 683 puclla;
306 649 417 676 Emmor
431 656 496 676 vero
509 649 582 676 ﬁlius
594 649 702 676 Sichem
725 649 751 676 ei
773 649 888 684 turpiter
909 649 966 676 vim

178 692 440 728 intulitzstupravit
463 693 537 720 enim
560 693 703 729 virginem,
727 699 809 729 atque
831 694 966 728 intempe-

177 739 249 766 ranti
269 739 407 766 desiderio
424 745 530 775 captus,
543 740 662 775 puellam
677 747 790 767 uxorem
804 740 904 768 ducere
918 748 965 767 co-

177 785 289 820 gitabat.
311 785 421 813 Simeon
443 794 515 814 vero,
533 790 563 814 et
584 786 650 813 Levi
671 785 770 813 fratres
790 786 824 813 ad
842 786 910 813 iram
922 795 967 814 ac-

177 831 262 863 censi,
281 831 481 860 intolerabilem
496 832 567 860 hanc
578 833 773 859 contumeliam
787 837 964 864 censuerunt,

1020 237 1072 270 λιν,
1085 237 1153 265 ἀλλὰ
1168 238 1218 273 τὴν
1233 237 1383 273 μέλλουσαν
1405 237 1601 274 ἐπιζητοῦμεν,
1615 247 1623 263 ι
1639 235 1672 273 ἧς
1686 238 1811 274 τεχνίτης

1020 284 1068 310 καὶ
1085 283 1250 319 δημιουργὸς
1261 285 1276 311 ὁ
1287 283 1363 315 Θεὸς.
1382 283 1417 310 Τὸ
1434 284 1462 310 ὲν
1484 285 1596 320 σκηναῖς
1606 281 1654 310 οὖν
1673 285 1726 318 ἄρα
1747 292 1812 310 κατ-

1019 331 1104 357 οικεῖν
1122 329 1230 357 ἑλέσθαι
1255 329 1300 357 τὸν
1325 330 1467 357 θεσπέσιον
1492 329 1599 362 Ἰακὼϐ,
1618 330 1676 364 ἦτοι
1696 329 1743 357 τὸν
1765 331 1812 356 Ὶσ-

1021 376 1100 411 ραὴλ,
1121 377 1233 411 σημεῖον
1245 376 1277 402 ἂν
1300 376 1416 410 γένοιτο,
1432 376 1479 402 καὶ
1501 375 1588 402 οὐδενί
1603 384 1655 402 που
1668 376 1737 411 τάχα
1757 375 1811 403 τῶν

1020 420 1222 457 εὐφρανούντων
1248 422 1418 456 ἁσυμφανὲς,
1449 421 1478 448 τὺ
1510 421 1656 456 παροικίαν
1684 421 1810 456 ἡγεῖσθαι

1021 467 1137 502 πρέπειν
1145 467 1179 494 τὰ
1191 468 1220 494 ὲν
1230 467 1297 503 τῷδε
1311 467 1350 502 τῷ
1361 467 1457 502 κόσμῳ
1473 467 1634 502 πράγματα,
1659 467 1720 498 τοὺς
1745 468 1810 493 ἀνα‹

1022 510 1138 545 μύοντας
1162 512 1211 547 ήδη
1245 511 1313 548 πρὸς
1338 511 1415 545 Θεὸν,
1430 512 1476 538 καὶ
1495 511 1541 538 τὸν
1554 511 1615 538 νοῦν
1633 511 1743 547 ἔχοντας
1762 513 1809 538 ὲκ-

1020 556 1273 593 λε).αμπρυσμένον.
1291 555 1358 584 Εἶτα
1372 558 1477 593 μέτεισι
1496 567 1505 584 ι
1516 557 1556 587 εἰς
1568 557 1662 593 Σαλὴμ
1675 557 1753 584 πόλιν
1765 558 1807 583 Σι-

1021 602 1121 638 κίμων,
1137 613 1146 630 ι
1159 603 1176 638 ἧ
1194 604 1269 629 ἐστιν
1285 603 1313 629 ὲν
1332 604 1366 638 γῇ
1385 602 1505 629 Χαναὰν·
1536 599 1566 628 οὗ
1589 602 1621 637 δὴ
1649 602 1730 629 πάλιν
1744 602 1757 628 ὁ
1769 601 1809 628 δί-

1020 658 1097 681 καιος
1111 650 1327 686 ἐγυμνάζετο,τὰ
1343 649 1390 676 ἐπὶ
1412 650 1477 685 Δίνᾳ
1494 651 1528 685 τῇ
1544 649 1658 684 θυγατρὶ
1669 648 1811 680 πεπονθὼς

1020 695 1187 730 ἀδικήματα.
1207 696 1239 722 Ἦ
1258 695 1373 730 μὲνγὰρ
1392 692 1437 722 οἷά
1455 704 1485 722 τε
1502 696 1593 726 νεᾶνις
1607 695 1654 722 καὶ
1676 695 1810 730 παρθένος

1020 740 1060 767 ἔτι
1077 741 1251 776 κουρίζουσα,
1270 741 1318 775 τῆς
1333 741 1379 768 τοῦ
1396 741 1499 776 πατρὸς
1516 740 1604 773 ἐξέθει
1629 741 1741 776 σκηνῆς,
1761 740 1811 772 τὰς

1019 786 1073 812 τῶν
1087 786 1227 821 ἐγχωρίων
1246 786 1435 813 ἐποπτεύουσα
1452 786 1614 822 θυγατέρας.
1634 786 1810 821 ’Λνεπτὸηται

1019 832 1078 868 γὰρ,
1090 833 1134 859 ἀεὶ
1147 831 1177 858 τὸ
1192 832 1257 868 θῆλυ
1273 833 1350 865 γένος
1362 833 1401 864 είς
1420 833 1450 859 τδ
1465 833 1575 868 ἀγαπᾷν
1592 832 1749 867 ἐπείγεσθαι
1764 832 1810 859 τὸν

175 877 334 912 atrociaque
359 878 491 905 adversus
517 886 565 905 eos
584 878 632 913 qui
647 884 708 905 eam
727 878 856 913 iujnriam
868 877 965 905 intule-

1023 878 1140 913 ἰσήλικα.
1170 878 1274 905 Οὐκοῦν
1297 878 1382 912 ὲξέθει
1414 878 1495 914 μὲνὴ
1518 879 1624 911 νεᾶνις·
1656 879 1770 914 Ἑμμὼρ
1782 879 1810 906 δὲ

176 926 255 954 rant,
285 923 398 951 consilia
425 924 555 951 inierunt.
582 923 753 952 Persuadent
774 923 847 950 enim
871 923 969 950 incolis

176 967 370 1001 Sichimorum,
387 974 417 996 ut
429 970 549 1004 ipsorum
562 969 799 997 circumcisionem
815 977 830 996 a
844 968 968 1004 patribus

175 1021 315 1050 acceptam
338 1020 420 1051 atque
441 1016 569 1044 usitatam
587 1016 829 1051 amplecterentur.
851 1014 967 1042 interfe-

175 1066 273 1089 cerunt
293 1067 383 1090 autem
399 1071 456 1095 eos,
470 1063 544 1090 omni
561 1062 589 1090 in
600 1063 759 1090 universum
777 1060 967 1088 misericordia

175 1106 292 1135 sublata.
314 1108 449 1136 Caeterum
471 1108 582 1143 indigne
607 1107 635 1135 id
661 1107 724 1134 tulit
743 1107 854 1134 divinus
871 1106 966 1138 Jacob,

175 1152 383 1188 increpavitque
406 1161 453 1181 eos
475 1153 588 1192 dicens:
616 1152 769 1181 «Odiosum
787 1161 830 1179 me
853 1152 966 1185 fecistis,

175 1200 213 1228 ita
232 1204 263 1226 ut
282 1199 371 1227 malus
389 1199 440 1226 sim
453 1200 580 1227 omnibus
593 1199 782 1226 habitantibus
794 1204 892 1226 terram
905 1199 936 1225 ⁸⁸.
955 1208 963 1224 ι

174 1247 268 1281 Neque
284 1245 358 1274 enim
375 1245 567 1274 interfectores
581 1246 649 1273 iram
667 1252 746 1273 suam
770 1248 966 1279 temperarunt,

175 1299 265 1327 neque
283 1295 313 1318 ut
330 1299 345 1318 a
368 1295 445 1325 patre
463 1292 537 1326 justo
557 1291 676 1323 educati,
692 1290 841 1326 quidquam
863 1290 966 1325 cogita-

175 1343 242 1365 runt
260 1345 357 1365 eorum
383 1345 444 1373 qua:
471 1346 526 1364 non
543 1337 623 1372 plane
646 1337 750 1364 nefaria
762 1341 863 1364 essent.
881 1336 969 1371 Depo-

174 1384 260 1418 pulati
283 1384 356 1411 enim
383 1388 448 1411 sunt
477 1388 558 1418 atque
583 1383 791 1416 interfecerunt,
811 1386 840 1409 et
856 1382 967 1417 quidem

174 1437 222 1457 eos
250 1430 298 1464 qui
316 1430 392 1465 paria
410 1437 473 1457 cum
491 1429 557 1464 ipsis
573 1429 693 1464 cogitare
710 1429 850 1460 volebant,
866 1429 968 1464 quique

174 1475 242 1510 ipsis
256 1476 440 1503 conﬁdebant.
454 1475 583 1508 Quaenam
599 1476 682 1511 igitur
698 1476 763 1503 hinc
773 1475 853 1503 nobis
864 1475 968 1502 utilitas

174 1521 385 1557 proficiscatur?
399 1523 493 1557 Neque
506 1523 580 1550 enim
599 1523 655 1550 ullo
666 1526 746 1557 pacto
758 1522 846 1550 otiosa
858 1529 889 1549 ac
899 1530 967 1549 vana

1018 924 1104 959 αὐτὴν
1120 925 1133 950 ὁ
1149 925 1234 959 Σιχὲμ.
1257 924 1307 951 οὐκ
1326 925 1354 950 ὲν
1377 925 1471 959 κόσμῳ
1487 924 1676 957 κατεϐιάζετο.
1690 926 1809 961 Axs-iup—

1019 969 1127 996 θένευσε
1153 970 1218 1005 γὰρ,
1244 971 1290 996 καὶ
1306 970 1428 1005 ἀσχέτως
1451 970 1501 1006 ήδη
1523 979 1581 1002 πως
1605 971 1753 1006 ἐπιθυμίας
1771 972 1812 998 ἔνη

1018 1016 1109 1048 alo-3;,
1127 1017 1173 1043 καὶ
1191 1017 1313 1044 σύνοικον
1324 1017 1399 1051 ἠξίου
1415 1017 1548 1043 ποιεῖσθαι
1563 1017 1612 1052 τὴν
1630 1017 1725 1053 κόρην.
1743 1018 1810 1044 Τότε

1017 1062 1061 1098 δὴ,
1079 1061 1139 1088 τότε
1164 1061 1275 1096 Συμεὼν
1292 1062 1340 1088 καὶ
1356 1062 1431 1093 Λευῖ,
1445 1062 1469 1088 οἱ
1482 1062 1530 1097 τῆς
1547 1062 1666 1094 νεάνιδος
1689 1062 1809 1097 ἀδελφοὶ,

1018 1107 1209 1144 παρεθήγοντο
1233 1108 1302 1145 πρὸς
1320 1109 1415 1145 ὀργὰς,
1442 1110 1488 1136 καὶ
1512 1109 1648 1145 ἀφόρητον
1672 1109 1812 1136 ἔποιοῦντο

1018 1154 1067 1190 τὴν
1081 1154 1170 1190 ὓϐριν,
1186 1154 1282 1182 ἀνόσιά
1296 1163 1325 1181 τε
1342 1155 1435 1182 λοιπὸν
1449 1150 1500 1182 καὶ
1519 1156 1590 1182 κατὰ
1614 1155 1668 1182 τῶν
1683 1155 1812 1191 ἠδικηκόο

1018 1209 1071 1227 των
1092 1201 1255 1228 ἐσκέπτοντο
1277 1201 1353 1237 δρᾷν.
1380 1201 1568 1228 Ἀναπείθουσι
1594 1201 1643 1236 μὲν
1669 1201 1723 1236 γὰρ
1748 1202 1811 1233 τοὺς

1018 1245 1071 1273 ἀπὺ
1091 1246 1221 1281 Σικίμων,
1234 1247 1283 1282 τὴν
1297 1245 1428 1282 πατρῴαν
1448 1247 1539 1278 αὐτοῖς
1551 1247 1598 1274 καὶ
1612 1246 1811 1282 νενομισμένην

1019 1291 1176 1319 συνελέσθαι
1194 1293 1356 1328 περιτομήν.
1386 1293 1565 1320 Ἀπεκτόνασι
1582 1293 1610 1319 δὲ
1634 1293 1734 1324 παντὸς
1753 1291 1811 1319 ἐλέ-

1017 1345 1064 1368 ους
1094 1338 1141 1364 καὶ
1171 1338 1321 1374 οἰκτιρμῶν
1345 1339 1385 1370 είς
1418 1338 1492 1365 ἅπαν
1519 1337 1706 1374 ἐξῃρημένων.
1739 1337 1810 1364 Ἀλλ’

1017 1384 1167 1419 ἠγανάκτει
1195 1384 1262 1419 πρὸς
1293 1383 1373 1411 τοῦτο
1397 1385 1458 1411 λίαν
1488 1385 1502 1410 ὁ
1532 1384 1676 1416 θεσπέσιος
1693 1383 1803 1414 Ἰακὼϐ.

1018 1429 1135 1465 ἐπετίμα
1152 1439 1182 1456 τε
1200 1429 1305 1464 λέγων*
1325 1440 1333 1455 ι
1354 1431 1476 1466 Μισητόν
1494 1439 1527 1466 με
1545 1431 1721 1466 πεποιήκατε,
1739 1429 1810 1456 ὥστε

1018 1475 1134 1511 πονηρόν
1153 1485 1185 1511 με
1202 1473 1340 1508 εἶναιτοῖς
1361 1476 1583 1511 κατοικοῦσιιτὴν
1604 1476 1667 1510 γῆν.
1681 1485 1690 1501 ι
1706 1476 1743 1502 υὺ
1756 1475 1811 1512 γὰρ

1021 1521 1192 1557 μεμέτρηται
1213 1523 1269 1554 τοῖς
1291 1522 1454 1549 ἀπεκτονόσι
1469 1522 1502 1549 τὰ
1522 1523 1550 1555 ἐξ
1571 1522 1664 1557 ὀργῆς,
1683 1521 1743 1548 οὔτε
1757 1521 1810 1557 μὴν

174 1556 217 1596 est
225 1569 316 1596 divina
335 1556 486 1603 Scriptura.
499 1569 578 1605 175
592 1568 647 1604 Age
661 1556 763 1603 itaque,
776 1575 827 1602 pro
843 1567 915 1595 virili
927 1567 965 1594 di-

1019 1568 1056 1598 ὡς
1072 1567 1124 1594 ὑπὸ
1145 1568 1228 1603 πατρὶ
1251 1567 1436 1604 τεθραμμένοι
1461 1568 1558 1603 δικαίῳ
1582 1566 1770 1603 πεφρονήκασί
1785 1575 1810 1593 τι

174 1623 279 1642 camus.

1017 1613 1071 1640 τῶν
1100 1614 1150 1640 οὐκ
1178 1615 1218 1645 εἰς
1252 1614 1324 1641 ἅπαν
1348 1615 1588 1650 ὲκτετραμμένων.
1613 1614 1810 1650 Πεπορθήκασι

174 1662 240 1697 γὰρ,
273 1662 439 1688 ἀπεκτόνασι
463 1662 491 1688 δὲ
513 1662 576 1692 τοὺς
600 1661 797 1696 συνελομένους
816 1662 849 1687 τὰ
880 1662 930 1690 ,ἶσα
944 1661 1054 1696 φρονεῖν
1079 1662 1181 1694 αὐτοῖς,
1201 1663 1248 1688 καὶ
1267 1662 1358 1689 πίστει
1383 1662 1597 1698 τεθαρρηκότας.
1629 1662 1677 1694 Τίς
1700 1659 1746 1689 οὖν
1767 1662 1811 1688 ὲν-

174 1707 268 1734 τίῦθεν
284 1707 388 1741 γένοιτο
408 1706 440 1734 ἂν
456 1707 495 1738 είς
512 1707 584 1742 ἡμᾶς
617 1707 633 1742 ἡ
660 1707 754 1742 ὄνησις
783 1706 976 1742 (είχαιόμυθος
995 1706 1049 1742 γὰρ
1062 1707 1188 1743 οὐδαμῶς
1206 1709 1222 1743 ἡ
1245 1708 1425 1741 θεόπνευστος
1442 1709 1559 1745 Γραφὴὶ,
1578 1708 1644 1743 φέρε
1663 1707 1694 1743 δή
1722 1707 1809 1742 λέγω⁴

176 1763 226 1790 μεν
243 1755 280 1787 ὡς
297 1755 345 1782 ἔνι.

211 1805 236 1832 5.
257 1804 378 1839 Spiritali
399 1806 574 1840 generatione
597 1805 681 1840 geniti
695 1813 802 1838 sumus,
817 1805 885 1833 etin
898 1806 968 1833 ﬁlios

175 1852 224 1879 Dei
242 1852 321 1879 asciti
345 1859 394 1886 per
413 1851 563 1879 Christum.
579 1851 607 1879 Si
620 1859 684 1887 ergo
697 1851 837 1887 contingat
848 1853 967 1879 animam

176 1906 236 1933 qua:
252 1899 307 1933 jam
331 1899 548 1933 regeneratasit
570 1906 619 1934 per
642 1903 767 1926 sanctum
789 1899 966 1934 baptismum.

176 1943 286 1979 ﬁliaque
309 1944 356 1971 Dei
378 1944 457 1977 facta,
474 1945 614 1980 corrumpi
633 1945 749 1973 fortasse
767 1945 802 1972 ab
814 1945 847 1972 iis
863 1953 924 1980 quae
940 1945 966 1972 id

176 1989 265 2017 facere
286 1990 385 2022 solent,
407 1990 538 2018 nimirum
557 1991 590 2018 ad
610 1991 730 2018 carnalia
750 1990 888 2018 desideria
904 1999 968 2026 pro-

175 2035 262 2070 lapsa,
288 2039 335 2062 aut
353 2035 455 2071 alioqui
478 2036 511 2063 ad
522 2035 656 2064 absurdas
668 2035 856 2071 cogitationes,
873 2043 966 2063 veram

177 2079 211 2107 de
230 2080 286 2108 Deo
298 2080 483 2115 cognitionem
496 2080 703 2108 subvertentes:
724 2079 880 2115 hujusmodi
892 2080 966 2107 enim

177 2134 272 2154 revera
290 2131 354 2154 sunt
376 2127 524 2162 impiorum
544 2127 735 2154 haereticorum
747 2126 901 2161 opiniones,
919 2126 966 2162 qui

177 2173 277 2209 injuria
293 2174 397 2201 allectat
411 2173 562 2201 secundum
574 2173 656 2200 ﬁdem
669 2172 770 2199 fratres
781 2176 855 2204 sunt,
868 2172 925 2200 sive
937 2172 965 2199 in

177 2220 340 2248 sacerdotali
362 2220 460 2247 ordine
481 2220 537 2246 sint
556 2218 709 2250 constituti,
735 2218 964 2253 quemadmodum

178 2265 234 2294 fere
245 2266 310 2294 Levi
318 2266 374 2293 sive
388 2266 416 2293 in
426 2270 498 2293 statu
509 2265 683 2293 subditorum
690 2268 763 2298 sunt,
773 2264 883 2292 Simeon
891 2265 964 2292 enim

177 2312 375 2346 interpretatur
400 2311 563 2342 obedientia,
591 2310 701 2346 indigne
725 2310 835 2345 quidem
865 2309 963 2342 ferant,

176 2358 199 2384 si
223 2357 358 2392 quispiam
379 2365 473 2384 eorum
494 2356 542 2391 qui
558 2356 710 2384 secundum
724 2356 804 2384 ﬁdem
817 2356 964 2384 familiares

176 2403 244 2439 ipsis
268 2407 342 2435 sunt,
368 2403 470 2438 injuria
494 2403 609 2430 allectus
625 2402 678 2430 sit:
701 2402 748 2429 sed
761 2410 815 2429 non
827 2402 917 2430 adhuc
930 2403 963 2430 ad

176 2449 336 2485 sanguinem
355 2448 515 2483 procedant,
536 2455 625 2484 neque
649 2449 781 2476 immanes
793 2456 808 2476 a
820 2454 965 2483 corrupto-

176 2495 253 2523 ribus
263 2503 359 2531 ptenas
374 2494 493 2530 exigant,
506 2502 541 2522 ne
555 2494 669 2522 audiant
677 2494 817 2522 Christum
827 2494 965 2522 dicentem

177 2540 243 2575 ipsis
256 2549 264 2567 :
290 2550 299 2564 ι
313 2540 445 2576 Odiosum
466 2547 510 2567 me
521 2539 634 2572 fecistis,
649 2539 726 2571 itaut
737 2539 825 2567 malus
840 2539 891 2567 sim
904 2547 964 2566 om-

176 2587 258 2615 nibus
297 2586 485 2614 habitantibus
522 2590 632 2613 terram.
662 2595 671 2611 ι
701 2586 856 2613 Meminisse
890 2585 964 2613 enim

176 2638 285 2674 oportet
302 2634 375 2669 quod
395 2639 424 2661 et
442 2633 566 2661 Salvator
584 2633 642 2668 ipse
660 2633 770 2661 beatum
785 2633 909 2665 Petrum,
930 2641 963 2660 eo

176 2681 250 2716 quod
264 2680 383 2716 gladium
392 2680 547 2716 stringeret,
556 2679 720 2715 objurgavit,
732 2679 827 2707 dicens
840 2688 846 2705 :
864 2689 874 2704 α
889 2679 964 2706 Mitte

176 2727 296 2762 gladium
321 2732 397 2754 tuum
419 2727 446 2753 in
469 2727 592 2762 vaginam
608 2733 684 2753 suam
699 2735 705 2752 :
719 2733 815 2753 omnes
829 2725 903 2753 enim
916 2725 963 2760 qui

146 2768 152 2773 ’
177 2772 295 2807 gladium
313 2773 460 2807 accipiunt,
480 2772 507 2799 in
519 2771 608 2807 gladio
623 2772 776 2798 morientur
790 2770 821 2798 ‘7.
843 2781 852 2794 ι
870 2771 963 2805 Neque

212 2864 311 2893 "Gen.
327 2874 419 2900 xum,
433 2866 474 2894 18.
515 2866 536 2883 ³⁸
557 2866 624 2894 Gen.
647 2873 734 2898 xxxtv,
751 2864 793 2892 '50.

1054 1808 1084 1831 ε’.
1101 1805 1229 1839 Γέννησιν
1249 1804 1299 1839 μὲν
1321 1804 1376 1839 γὰρ
1401 1803 1589 1840 γεγεννήμεθα
1608 1803 1809 1840 πνευματικὴν,

1019 1850 1066 1878 καὶ
1090 1851 1118 1878 ἐν
1134 1851 1240 1882 τέκνοις
1258 1850 1326 1878 Θεοῦ
1346 1851 1502 1886 τετάγμεθα
1525 1850 1569 1877 διὰ
1586 1850 1713 1886 Χριστοῦ.
1738 1851 1810 1877 Οὐκο

1017 1897 1064 1924 οῦν
1092 1898 1116 1923 εἰ
1141 1897 1246 1930 γένοιτο
1270 1896 1359 1932 ψυχὴν
1375 1896 1601 1932 ἀναγεννηθεϊσαν
1624 1896 1673 1932 ήδη
1694 1896 1738 1923 διὰ
1761 1896 1809 1923 τοῦ
1850 1932 1853 1933 ν

1017 1944 1095 1978 ἁγίου
1117 1943 1315 1979 βαπτίσματος,
1336 1943 1384 1970 καὶ
1409 1944 1450 1974 είς
1479 1942 1616 1978 θυγατέρα
1641 1942 1708 1968 Θεοῦ
1728 1941 1810 1968 τεθει·

1019 1989 1113 2025 μένην,
1126 1989 1336 2025 καταφθαρῆναι
1351 1990 1431 2024 τυχὸν
1448 1989 1500 2016 ὑπὸ
1510 1989 1565 2016 τῶν
1577 1987 1655 2015 τοῦτο
1669 1988 1734 2024 δρᾷν
1746 1989 1808 2015 eim-

1017 2035 1113 2067 θότων,
1133 2035 1149 2071 ἦ
1172 2035 1214 2066 είς
1229 2034 1259 2061 τὸ
1281 2036 1392 2070 φρονεῖν
1412 2034 1519 2061 ἑλέσθαι
1540 2033 1574 2060 τὰ
1598 2034 1718 2069 σαρκικὰ
1737 2042 1808 2069 παρα

1017 2081 1237 2117 ενηνεγμένην,ἧ
1249 2080 1286 2113 ὡς
1296 2082 1334 2113 εἱς
1342 2082 1374 2108 ὲκ
1383 2081 1464 2108 τόπου
1477 2080 1694 2116 διεστραμμένας
1705 2080 1809 2112 ἑννοίας

1016 2127 1064 2159 τὰς
1079 2127 1143 2162 περὶ
1157 2126 1224 2154 Θεοῦ
1236 2126 1358 2162 (τοιαῦτα
1382 2127 1436 2162 γὰρ
1453 2126 1560 2162 ἀληθῶς
1573 2126 1607 2153 τὰ.
1622 2126 1675 2152 τῶν
1694 2126 1808 2153 ἀνοσίων

982 2186 1004 2212 D
1019 2171 1162 2209 αἱρετικῶν
1178 2171 1310 2207 δοξάρια)·
1330 2172 1354 2200 ot
1369 2171 1419 2207 τῆς
1428 2171 1596 2207 ἠδικημένης
1624 2172 1694 2198 κατὰ
1717 2171 1809 2198 πίστιν

1019 2219 1140 2253 ἀδελφοὶ,
1155 2219 1206 2246 κᾶν
1231 2220 1256 2246 εἰ
1280 2219 1356 2252 τάξιν
1369 2219 1456 2254 ἔχοιεν
1482 2218 1531 2254 τὴν
1548 2217 1699 2254 ἱερουργὸν,
1720 2216 1807 2244 καθά-

1019 2272 1072 2300 περ
1085 2265 1180 2300 ἀμέλει
1199 2265 1246 2291 καὶ
1257 2265 1271 2291 ὁ
1288 2263 1365 2297 Λευτ,
1383 2263 1434 2291 κᾶν
1446 2264 1500 2290 εἴτε
1519 2262 1631 2298 Συμεὼν
1648 2263 1749 2289 νοοῖντο
1762 2271 1809 2288 τυ-

1018 2311 1074 2346 χὸν.
1088 2311 1237 2342 τουτέστιν,
1255 2312 1279 2337 ot
1300 2312 1329 2337 ὲν
1357 2311 1432 2343 τάξει
1454 2309 1507 2336 τῶν
1535 2309 1663 2344 ὑπηκόων
1688 2308 1809 2344 κείμενοι

1018 2357 1209 2393 (ἑρμηνεύεται
1230 2356 1279 2392 μὲν
1300 2356 1354 2392 γὰρ
1373 2355 1492 2389 ὑπακοὴ
1521 2355 1660 2390 Συμεὼν)⁹
1688 2356 1808 2388 ἀγανακ-

1019 2403 1136 2431 τοῦν-των
1157 2403 1216 2438 μὲν,
1231 2403 1273 2429 ὅτι
1295 2402 1490 2429 πεπλεόνεκταί
1504 2411 1545 2433 τις
1563 2401 1617 2428 τῶν
1631 2401 1702 2428 κατὰ
1717 2401 1807 2427 πίστιν

1018 2450 1126 2477 οἰκείων
1140 2450 1247 2481 αὐτοῖς·
1262 2449 1298 2485 μὴ
1316 2449 1369 2484 μὴν
1383 2449 1428 2476 καὶ
1446 2449 1486 2481 είς
1498 2446 1567 2484 αἷμα
1582 2448 1740 2483 χωρούντων
1754 2448 1806 2480 ἔτι,

1020 2496 1088 2530 μήτε
1105 2495 1158 2530 μὴν
1180 2495 1279 2531 ἀγρίας
1307 2495 1370 2526 τοὺς
1388 2495 1610 2530 κατεφθαρκότας
1629 2494 1806 2527 ἑξαιτοὺντων

1017 2542 1104 2576 δίκας,
1118 2543 1162 2569 ἵνα
1182 2542 1219 2578 μὴ
1247 2541 1392 2569 ἀκούσειαν
1406 2541 1524 2577 Χριστοῦ
1551 2542 1674 2576 λέγοντος
1695 2542 1805 2573 αὐτοῖς·

1022 2598 1030 2612 ‹
1041 2587 1162 2622 Μισητόν
1174 2596 1207 2623 με
1217 2588 1392 2622 πεποιήκατε,
1407 2586 1477 2613 ὥστε
1494 2587 1611 2622 πονηρόν
1625 2593 1658 2621 με
1669 2585 1737 2612 εἶναι
1751 2587 1806 2617 τοῖς

1018 2633 1174 2660 κατοικοῦσι
1189 2633 1238 2668 τὴν
1253 2633 1314 2668 γῆν.
1328 2643 1336 2659 ι
1352 2632 1515 2668 Μεμνῆσοαι
1531 2632 1584 2667 γὰρ
1597 2633 1754 2666 ἀναγκαῖον,
1764 2632 1805 2658 ὅτι

1017 2679 1063 2706 καὶ
1079 2679 1159 2711 αὐτὸς
1170 2680 1183 2705 ὁ
1198 2679 1293 2714 Σωτὴρ
1311 2678 1459 2714 γυμνοῦντι
1471 2679 1519 2713 τὴν
1532 2679 1669 2714 μάχαιραν
1687 2678 1804 2713 ἐπετίμα

1017 2726 1082 2752 ποτὲ
1113 2724 1152 2760 τῷ
1177 2724 1312 2760 Θεσπεσίῳ
1331 2725 1439 2760 Πέτρῳ,
1468 2724 1572 2758 λέγων·
1593 2734 1602 2750 ι
1619 2723 1804 2759 Ἀπόστρεψον

1017 2771 1065 2807 τὴν
1081 2771 1217 2807 μάχαιράν
1239 2779 1284 2798 σου
1305 2771 1344 2803 εἰς
1361 2771 1410 2807 τὴν
1425 2770 1510 2806 θήκην
1524 2770 1621 2805 αὐτῆς
1642 2770 1740 2802 πάντες
1753 2769 1804 2804 γὰρ

831 2865 851 2880 "7
867 2864 961 2892 Matth.
976 2871 1037 2890 χιιιί
1051 2883 1057 2895 ,
1077 2862 1119 2890 52.
