  <div class='ocr_page' id='page_1' title='image "/cluster/home/n/w/nwhite01/storage/ocr_20150623/69/njp.32101077772729/164.png"; bbox 0 0 1990 3050; ppageno 0'>
   <div class='ocr_carea' id='block_1_1' title="bbox 124 173 174 203">
    <p class='ocr_par' dir='ltr' id='par_1_1' title="bbox 124 173 174 203">
     <span class='ocr_line' id='line_1_1' title="bbox 124 173 174 203; baseline 0 0"><span class='ocrx_word' id='word_1_1' title='bbox 124 173 174 203; x_wconf 64' lang='lat'><strong>181</strong></span> 
     </span>
    </p>
   </div>
   <div class='ocr_carea' id='block_1_2' title="bbox 625 167 1242 199">
    <p class='ocr_par' dir='ltr' id='par_1_2' title="bbox 625 167 1242 199">
     <span class='ocr_line' id='line_1_2' title="bbox 625 167 1242 199; baseline -0.005 -1"><span class='ocrx_word' id='word_1_2' title='bbox 625 167 887 199; x_wconf 76' lang='lat' dir='ltr'><strong>GLAPHYRORUM</strong></span> <span class='ocrx_word' id='word_1_3' title='bbox 903 169 937 196; x_wconf 82' lang='lat' dir='ltr'><strong>IN</strong></span> <span class='ocrx_word' id='word_1_4' title='bbox 955 167 1105 197; x_wconf 73' lang='lat' dir='ltr'><strong>GENESIM</strong></span> <span class='ocrx_word' id='word_1_5' title='bbox 1126 167 1188 196; x_wconf 80' lang='lat' dir='ltr'><strong>LIB.</strong></span> <span class='ocrx_word' id='word_1_6' title='bbox 1211 167 1242 195; x_wconf 67' lang='grc' dir='ltr'><strong>Υ.</strong></span> 
     </span>
    </p>
   </div>
   <div class='ocr_carea' id='block_1_3' title="bbox 1703 169 1758 198">
    <p class='ocr_par' dir='ltr' id='par_1_3' title="bbox 1703 169 1758 198">
     <span class='ocr_line' id='line_1_3' title="bbox 1703 169 1758 198; baseline 0 0"><span class='ocrx_word' id='word_1_7' title='bbox 1703 169 1758 198; x_wconf 68' lang='grc' dir='ltr'><strong>ἳ82</strong></span> 
     </span>
    </p>
   </div>
   <div class='ocr_carea' id='block_1_4' title="bbox 127 227 923 270">
    <p class='ocr_par' dir='ltr' id='par_1_4' title="bbox 127 229 915 270">
     <span class='ocr_line' id='line_1_4' title="bbox 127 229 915 270; baseline -0.008 -9"><span class='ocrx_word' id='word_1_8' title='bbox 127 235 150 262; x_wconf 67' lang='lat' dir='ltr'><strong>si</strong></span> <span class='ocrx_word' id='word_1_9' title='bbox 167 232 295 264; x_wconf 74' lang='grc' dir='ltr'>λαϐόντες</span> <span class='ocrx_word' id='word_1_10' title='bbox 314 231 461 270; x_wconf 79' lang='grc' dir='ltr'>μάχαιραν,</span> <span class='ocrx_word' id='word_1_11' title='bbox 476 231 503 258; x_wconf 84' lang='grc' dir='ltr'><strong>ὲν</strong></span> <span class='ocrx_word' id='word_1_12' title='bbox 519 232 639 266; x_wconf 68' lang='grc' dir='ltr'>μαχαίρᾳ</span> <span class='ocrx_word' id='word_1_13' title='bbox 663 229 836 257; x_wconf 70' lang='grc' dir='ltr'>ἀπολοῦνται.</span> <span class='ocrx_word' id='word_1_14' title='bbox 851 239 860 255; x_wconf 72' lang='grc' dir='ltr'><strong>ι</strong></span> <span class='ocrx_word' id='word_1_15' title='bbox 878 229 915 256; x_wconf 81' lang='grc' dir='ltr'><strong>Οὐ</strong></span> 
     </span>
    </p>
   </div>
   <div class='ocr_carea' id='block_1_5' title="bbox 974 227 1757 270">
    <p class='ocr_par' dir='ltr' id='par_1_5' title="bbox 974 227 1757 265">
     <span class='ocr_line' id='line_1_5' title="bbox 974 227 1757 265; baseline -0.001 -9"><span class='ocrx_word' id='word_1_16' title='bbox 974 229 1041 256; x_wconf 67' lang='lat' dir='ltr'><strong>anim</strong></span> <span class='ocrx_word' id='word_1_17' title='bbox 1061 229 1160 265; x_wconf 74' lang='lat' dir='ltr'><strong>gladiis</strong></span> <span class='ocrx_word' id='word_1_18' title='bbox 1181 228 1281 256; x_wconf 83' lang='lat' dir='ltr'><strong>armari</strong></span> <span class='ocrx_word' id='word_1_19' title='bbox 1295 227 1424 255; x_wconf 75' lang='lat' dir='ltr'><strong>convenit</strong></span> <span class='ocrx_word' id='word_1_20' title='bbox 1441 234 1501 259; x_wconf 78' lang='lat' dir='ltr'><strong>nos,</strong></span> <span class='ocrx_word' id='word_1_21' title='bbox 1517 228 1563 262; x_wconf 85' lang='lat' dir='ltr'><strong>qui</strong></span> <span class='ocrx_word' id='word_1_22' title='bbox 1581 227 1614 255; x_wconf 84' lang='lat' dir='ltr'><strong>ad</strong></span> <span class='ocrx_word' id='word_1_23' title='bbox 1628 228 1757 262; x_wconf 82' lang='lat' dir='ltr'><strong>pietatem</strong></span> 
     </span>
    </p>
   </div>
   <div class='ocr_carea' id='block_1_6' title="bbox 129 275 915 315">
    <p class='ocr_par' dir='ltr' id='par_1_6' title="bbox 129 275 915 315">
     <span class='ocr_line' id='line_1_6' title="bbox 129 275 915 315; baseline -0.008 -8"><span class='ocrx_word' id='word_1_24' title='bbox 129 280 181 315; x_wconf 74' lang='grc' dir='ltr'>γάρ</span> <span class='ocrx_word' id='word_1_25' title='bbox 196 288 238 306; x_wconf 86' lang='grc' dir='ltr'><strong>τοι</strong></span> <span class='ocrx_word' id='word_1_26' title='bbox 255 277 403 314; x_wconf 72' lang='grc' dir='ltr'><strong>μαχαίραις</strong></span> <span class='ocrx_word' id='word_1_27' title='bbox 418 276 606 310; x_wconf 73' lang='grc' dir='ltr'>ἐξοπλίζεσθαι</span> <span class='ocrx_word' id='word_1_28' title='bbox 620 276 680 303; x_wconf 83' lang='grc' dir='ltr'>κατ’</span> <span class='ocrx_word' id='word_1_29' title='bbox 695 275 800 311; x_wconf 80' lang='grc' dir='ltr'><strong>ἐχθρῶν</strong></span> <span class='ocrx_word' id='word_1_30' title='bbox 815 275 915 310; x_wconf 77' lang='grc' dir='ltr'>πρέποι</span> 
     </span>
    </p>
   </div>
   <div class='ocr_carea' id='block_1_7' title="bbox 128 319 916 361">
    <p class='ocr_par' dir='ltr' id='par_1_7' title="bbox 128 319 916 361">
     <span class='ocr_line' id='line_1_7' title="bbox 128 319 916 361; baseline -0.009 -9"><span class='ocrx_word' id='word_1_31' title='bbox 128 326 159 353; x_wconf 78' lang='grc' dir='ltr'><strong>ἂν</strong></span> <span class='ocrx_word' id='word_1_32' title='bbox 177 325 263 361; x_wconf 73' lang='grc' dir='ltr'>ἡμᾶς,</span> <span class='ocrx_word' id='word_1_33' title='bbox 285 325 348 356; x_wconf 80' lang='grc' dir='ltr'>τοὺς</span> <span class='ocrx_word' id='word_1_34' title='bbox 370 324 420 357; x_wconf 80' lang='grc' dir='ltr'>τῆς</span> <span class='ocrx_word' id='word_1_35' title='bbox 441 323 482 354; x_wconf 83' lang='grc' dir='ltr'><strong>εἰς</strong></span> <span class='ocrx_word' id='word_1_36' title='bbox 505 321 572 348; x_wconf 77' lang='grc' dir='ltr'><strong>Θεὸν</strong></span> <span class='ocrx_word' id='word_1_37' title='bbox 597 320 736 352; x_wconf 80' lang='grc' dir='ltr'>εὐσεϐείας</span> <span class='ocrx_word' id='word_1_38' title='bbox 752 319 916 354; x_wconf 79' lang='grc' dir='ltr'>ὑπεραθλεῖν</span> 
     </span>
    </p>
   </div>
   <div class='ocr_carea' id='block_1_8' title="bbox 128 365 916 407">
    <p class='ocr_par' dir='ltr' id='par_1_8' title="bbox 128 365 916 407">
     <span class='ocr_line' id='line_1_8' title="bbox 128 365 916 407; baseline -0.009 -9"><span class='ocrx_word' id='word_1_39' title='bbox 128 371 296 407; x_wconf 74' lang='grc' dir='ltr'>ᾑρημένους·</span> <span class='ocrx_word' id='word_1_40' title='bbox 333 370 389 397; x_wconf 84' lang='grc' dir='ltr'>ἀλλ’</span> <span class='ocrx_word' id='word_1_41' title='bbox 401 366 469 395; x_wconf 78' lang='grc' dir='ltr'>εἶναι</span> <span class='ocrx_word' id='word_1_42' title='bbox 487 368 536 403; x_wconf 77' lang='grc' dir='ltr'><strong>μὲν</strong></span> <span class='ocrx_word' id='word_1_43' title='bbox 559 367 717 402; x_wconf 71' lang='grc' dir='ltr'>τληπαθεῖς,</span> <span class='ocrx_word' id='word_1_44' title='bbox 738 366 784 393; x_wconf 75' lang='grc' dir='ltr'>καὶ</span> <span class='ocrx_word' id='word_1_45' title='bbox 807 366 831 392; x_wconf 83' lang='grc' dir='ltr'><strong>εί</strong></span> <span class='ocrx_word' id='word_1_46' title='bbox 855 365 916 392; x_wconf 83' lang='grc' dir='ltr'><strong>διώ-</strong></span> 
     </span>
    </p>
   </div>
   <div class='ocr_carea' id='block_1_9' title="bbox 128 411 916 448">
    <p class='ocr_par' dir='ltr' id='par_1_9' title="bbox 128 411 916 448">
     <span class='ocr_line' id='line_1_9' title="bbox 128 411 916 448; baseline -0.009 -4"><span class='ocrx_word' id='word_1_47' title='bbox 128 426 185 444; x_wconf 68' lang='grc' dir='ltr'>κειν</span> <span class='ocrx_word' id='word_1_48' title='bbox 204 416 305 443; x_wconf 82' lang='grc' dir='ltr'>’ἐλοιντό</span> <span class='ocrx_word' id='word_1_49' title='bbox 329 424 410 447; x_wconf 77' lang='grc' dir='ltr'>τινες,</span> <span class='ocrx_word' id='word_1_50' title='bbox 433 414 551 448; x_wconf 76' lang='grc' dir='ltr'><strong>εὐλογεῖν</strong></span> <span class='ocrx_word' id='word_1_51' title='bbox 566 413 593 439; x_wconf 81' lang='grc' dir='ltr'><strong>δὲ</strong></span> <span class='ocrx_word' id='word_1_52' title='bbox 616 412 844 448; x_wconf 74' lang='grc' dir='ltr'><strong>λοιδορουμένους,</strong></span> <span class='ocrx_word' id='word_1_53' title='bbox 865 411 916 438; x_wconf 75' lang='grc' dir='ltr'><strong>πά-</strong></span> 
     </span>
    </p>
   </div>
   <div class='ocr_carea' id='block_1_10' title="bbox 129 457 918 498">
    <p class='ocr_par' dir='ltr' id='par_1_10' title="bbox 129 457 918 498">
     <span class='ocr_line' id='line_1_10' title="bbox 129 457 918 498; baseline -0.008 -8"><span class='ocrx_word' id='word_1_54' title='bbox 129 471 241 498; x_wconf 59' lang='grc' dir='ltr'>σχοντας</span> <span class='ocrx_word' id='word_1_55' title='bbox 261 463 298 498; x_wconf 78' lang='grc' dir='ltr'>μὴ</span> <span class='ocrx_word' id='word_1_56' title='bbox 312 462 437 496; x_wconf 79' lang='grc' dir='ltr'><strong>ἀπηχεῖν,</strong></span> <span class='ocrx_word' id='word_1_57' title='bbox 455 459 630 496; x_wconf 79' lang='grc' dir='ltr'><strong>παραδιδόναι</strong></span> <span class='ocrx_word' id='word_1_58' title='bbox 646 459 674 485; x_wconf 77' lang='grc' dir='ltr'><strong>δὲ</strong></span> <span class='ocrx_word' id='word_1_59' title='bbox 696 459 794 494; x_wconf 82' lang='grc' dir='ltr'>μᾶλλον</span> <span class='ocrx_word' id='word_1_60' title='bbox 807 458 846 493; x_wconf 78' lang='grc' dir='ltr'>τῷ</span> <span class='ocrx_word' id='word_1_61' title='bbox 857 457 918 493; x_wconf 89' lang='grc' dir='ltr'>κρί-</span> 
     </span>
    </p>
   </div>
   <div class='ocr_carea' id='block_1_11' title="bbox 128 503 916 542">
    <p class='ocr_par' dir='ltr' id='par_1_11' title="bbox 128 503 916 542">
     <span class='ocr_line' id='line_1_11' title="bbox 128 503 916 542; baseline -0.009 -6"><span class='ocrx_word' id='word_1_62' title='bbox 128 517 199 536; x_wconf 72' lang='grc' dir='ltr'>νοντι</span> <span class='ocrx_word' id='word_1_63' title='bbox 214 509 335 540; x_wconf 82' lang='grc' dir='ltr'>δικαίως.</span> <span class='ocrx_word' id='word_1_64' title='bbox 350 506 580 542; x_wconf 75' lang='grc' dir='ltr'>Παραφυλακτέον</span> <span class='ocrx_word' id='word_1_65' title='bbox 599 507 628 533; x_wconf 82' lang='grc' dir='ltr'>δὲ</span> <span class='ocrx_word' id='word_1_66' title='bbox 651 507 708 537; x_wconf 85' lang='grc' dir='ltr'>τοῖς</span> <span class='ocrx_word' id='word_1_67' title='bbox 730 503 916 540; x_wconf 79' lang='grc' dir='ltr'>παραιτουμέ-</span> 
     </span>
    </p>
   </div>
   <div class='ocr_carea' id='block_1_12' title="bbox 129 551 917 591">
    <p class='ocr_par' dir='ltr' id='par_1_12' title="bbox 129 551 917 591">
     <span class='ocr_line' id='line_1_12' title="bbox 129 551 917 591; baseline -0.008 -9"><span class='ocrx_word' id='word_1_68' title='bbox 129 565 184 588; x_wconf 82' lang='grc' dir='ltr'>νοις</span> <span class='ocrx_word' id='word_1_69' title='bbox 200 556 250 591; x_wconf 83' lang='grc' dir='ltr'><strong>τὴν</strong></span> <span class='ocrx_word' id='word_1_70' title='bbox 267 554 452 590; x_wconf 76' lang='grc' dir='ltr'>καταφθορὰν,</span> <span class='ocrx_word' id='word_1_71' title='bbox 466 554 496 580; x_wconf 80' lang='grc' dir='ltr'>τὸ</span> <span class='ocrx_word' id='word_1_72' title='bbox 524 553 561 588; x_wconf 83' lang='grc' dir='ltr'>μὴ</span> <span class='ocrx_word' id='word_1_73' title='bbox 586 552 773 588; x_wconf 77' lang='grc' dir='ltr'>ὲξοιχήσεσθαί</span> <span class='ocrx_word' id='word_1_74' title='bbox 799 559 845 577; x_wconf 90' lang='grc' dir='ltr'><strong>ποι</strong></span> <span class='ocrx_word' id='word_1_75' title='bbox 868 551 917 585; x_wconf 74' lang='grc' dir='ltr'>τῆς</span> 
     </span>
    </p>
   </div>
   <div class='ocr_carea' id='block_1_13' title="bbox 128 595 918 636">
    <p class='ocr_par' dir='ltr' id='par_1_13' title="bbox 128 595 918 636">
     <span class='ocr_line' id='line_1_13' title="bbox 128 595 918 636; baseline -0.006 -9"><span class='ocrx_word' id='word_1_76' title='bbox 128 600 258 636; x_wconf 73' lang='grc' dir='ltr'>πατρῴας</span> <span class='ocrx_word' id='word_1_77' title='bbox 273 600 386 635; x_wconf 80' lang='grc' dir='ltr'>σκηνῆς,</span> <span class='ocrx_word' id='word_1_78' title='bbox 400 599 533 628; x_wconf 80' lang='grc' dir='ltr'>τουτέστι.</span> <span class='ocrx_word' id='word_1_79' title='bbox 552 598 599 624; x_wconf 76' lang='grc' dir='ltr'><strong>τοῦ</strong></span> <span class='ocrx_word' id='word_1_80' title='bbox 617 598 692 624; x_wconf 78' lang='grc' dir='ltr'>οίκου</span> <span class='ocrx_word' id='word_1_81' title='bbox 711 595 852 627; x_wconf 69' lang='grc' dir='ltr'>τοιΤΘεοῢ,</span> <span class='ocrx_word' id='word_1_82' title='bbox 866 604 918 630; x_wconf 86' lang='grc' dir='ltr'><strong>μη-</strong></span> 
     </span>
    </p>
   </div>
   <div class='ocr_carea' id='block_1_14' title="bbox 128 642 916 679">
    <p class='ocr_par' dir='ltr' id='par_1_14' title="bbox 128 642 916 679">
     <span class='ocr_line' id='line_1_14' title="bbox 128 642 916 679; baseline -0.006 -6"><span class='ocrx_word' id='word_1_83' title='bbox 128 646 157 673; x_wconf 72' lang='grc' dir='ltr'><strong>δὲ</strong></span> <span class='ocrx_word' id='word_1_84' title='bbox 169 648 227 678; x_wconf 81' lang='grc' dir='ltr'>ταῖς</span> <span class='ocrx_word' id='word_1_85' title='bbox 247 645 301 672; x_wconf 85' lang='grc' dir='ltr'><strong>τῶν</strong></span> <span class='ocrx_word' id='word_1_86' title='bbox 325 645 492 679; x_wconf 67' lang='grc' dir='ltr'>ἀλλοφύλων,</span> <span class='ocrx_word' id='word_1_87' title='bbox 505 644 634 679; x_wconf 57' lang='lat' dir='ltr'><strong>ﬁsos-.11;</strong></span> <span class='ocrx_word' id='word_1_88' title='bbox 649 643 702 670; x_wconf 82' lang='grc' dir='ltr'>τῶν</span> <span class='ocrx_word' id='word_1_89' title='bbox 718 642 916 677; x_wconf 76' lang='grc' dir='ltr'>ἐτεροφρόνων,</span> 
     </span>
    </p>
   </div>
   <div class='ocr_carea' id='block_1_15' title="bbox 129 687 917 727">
    <p class='ocr_par' dir='ltr' id='par_1_15' title="bbox 129 687 917 727">
     <span class='ocr_line' id='line_1_15' title="bbox 129 687 917 727; baseline -0.006 -10"><span class='ocrx_word' id='word_1_90' title='bbox 129 691 308 727; x_wconf 76' lang='grc' dir='ltr'>προσϐάλλειν</span> <span class='ocrx_word' id='word_1_91' title='bbox 327 690 447 724; x_wconf 81' lang='grc' dir='ltr'>ἀγέλαις,</span> <span class='ocrx_word' id='word_1_92' title='bbox 473 688 632 721; x_wconf 78' lang='grc' dir='ltr'>Ἐξελθοῠσα</span> <span class='ocrx_word' id='word_1_93' title='bbox 644 688 699 723; x_wconf 85' lang='grc' dir='ltr'><strong>γὰρ</strong></span> <span class='ocrx_word' id='word_1_94' title='bbox 713 687 778 714; x_wconf 81' lang='grc' dir='ltr'>Δίνα</span> <span class='ocrx_word' id='word_1_95' title='bbox 795 687 845 721; x_wconf 78' lang='grc' dir='ltr'>τῆς</span> <span class='ocrx_word' id='word_1_96' title='bbox 865 695 917 713; x_wconf 83' lang='grc' dir='ltr'>πα-</span> 
     </span>
    </p>
   </div>
   <div class='ocr_carea' id='block_1_16' title="bbox 130 732 918 773">
    <p class='ocr_par' dir='ltr' id='par_1_16' title="bbox 130 732 918 773">
     <span class='ocr_line' id='line_1_16' title="bbox 130 732 918 773; baseline -0.006 -10"><span class='ocrx_word' id='word_1_97' title='bbox 130 737 219 773; x_wconf 78' lang='grc' dir='ltr'>τρῴας</span> <span class='ocrx_word' id='word_1_98' title='bbox 230 736 344 771; x_wconf 83' lang='grc' dir='ltr'><strong>σκηνῆς,</strong></span> <span class='ocrx_word' id='word_1_99' title='bbox 363 736 403 766; x_wconf 77' lang='grc' dir='ltr'><strong>είς</strong></span> <span class='ocrx_word' id='word_1_100' title='bbox 420 733 495 762; x_wconf 83' lang='grc' dir='ltr'>οἷκον</span> <span class='ocrx_word' id='word_1_101' title='bbox 512 734 652 770; x_wconf 81' lang='grc' dir='ltr'><strong>ἀπηνέχθη</strong></span> <span class='ocrx_word' id='word_1_102' title='bbox 668 733 764 769; x_wconf 81' lang='grc' dir='ltr'>Σιχέμ.</span> <span class='ocrx_word' id='word_1_103' title='bbox 785 732 853 759; x_wconf 81' lang='grc' dir='ltr'>Ἀλλ’</span> <span class='ocrx_word' id='word_1_104' title='bbox 868 732 918 759; x_wconf 78' lang='grc' dir='ltr'><strong>οὐκ</strong></span> 
     </span>
    </p>
   </div>
   <div class='ocr_carea' id='block_1_17' title="bbox 130 777 918 817">
    <p class='ocr_par' dir='ltr' id='par_1_17' title="bbox 130 777 918 817">
     <span class='ocr_line' id='line_1_17' title="bbox 130 777 918 817; baseline -0.009 -7"><span class='ocrx_word' id='word_1_105' title='bbox 130 783 163 810; x_wconf 78' lang='grc' dir='ltr'>ἂν</span> <span class='ocrx_word' id='word_1_106' title='bbox 182 782 297 817; x_wconf 80' lang='grc' dir='ltr'>ὑϐρίσθη</span> <span class='ocrx_word' id='word_1_107' title='bbox 314 782 379 808; x_wconf 74' lang='grc' dir='ltr'>ποτὲ</span> <span class='ocrx_word' id='word_1_108' title='bbox 390 782 446 813; x_wconf 87' lang='grc' dir='ltr'>τοῖς</span> <span class='ocrx_word' id='word_1_109' title='bbox 461 780 506 807; x_wconf 88' lang='grc' dir='ltr'><strong>τοῦ</strong></span> <span class='ocrx_word' id='word_1_110' title='bbox 528 779 630 815; x_wconf 77' lang='grc' dir='ltr'>πατρὸς</span> <span class='ocrx_word' id='word_1_111' title='bbox 646 779 791 814; x_wconf 78' lang='grc' dir='ltr'><strong>δωματίοις</strong></span> <span class='ocrx_word' id='word_1_112' title='bbox 805 777 918 813; x_wconf 73' lang='grc' dir='ltr'>ἐμφιλο-</span> 
     </span>
    </p>
   </div>
   <div class='ocr_carea' id='block_1_18' title="bbox 129 823 919 864">
    <p class='ocr_par' dir='ltr' id='par_1_18' title="bbox 129 823 919 864">
     <span class='ocr_line' id='line_1_18' title="bbox 129 823 919 864; baseline -0.006 -10"><span class='ocrx_word' id='word_1_113' title='bbox 129 828 264 864; x_wconf 77' lang='grc' dir='ltr'>χωροῦσα,</span> <span class='ocrx_word' id='word_1_114' title='bbox 280 828 327 854; x_wconf 70' lang='grc' dir='ltr'>καὶ</span> <span class='ocrx_word' id='word_1_115' title='bbox 343 828 455 862; x_wconf 85' lang='grc' dir='ltr'><strong>σκηναῖς</strong></span> <span class='ocrx_word' id='word_1_116' title='bbox 470 826 555 860; x_wconf 80' lang='grc' dir='ltr'><strong>ἁγίων</strong></span> <span class='ocrx_word' id='word_1_117' title='bbox 571 824 773 860; x_wconf 75' lang='grc' dir='ltr'>ἐνδιαιτωμένη.</span> <span class='ocrx_word' id='word_1_118' title='bbox 792 824 854 850; x_wconf 86' lang='grc' dir='ltr'>Ὅτι</span> <span class='ocrx_word' id='word_1_119' title='bbox 865 823 919 859; x_wconf 87' lang='grc' dir='ltr'>γὰρ</span> 
     </span>
    </p>
   </div>
   <div class='ocr_carea' id='block_1_19' title="bbox 129 870 918 909">
    <p class='ocr_par' dir='ltr' id='par_1_19' title="bbox 129 870 918 909">
     <span class='ocr_line' id='line_1_19' title="bbox 129 870 918 909; baseline -0.006 -9"><span class='ocrx_word' id='word_1_120' title='bbox 129 874 158 900; x_wconf 73' lang='grc' dir='ltr'><strong>τὸ</strong></span> <span class='ocrx_word' id='word_1_121' title='bbox 175 873 268 909; x_wconf 81' lang='grc' dir='ltr'>χρῆμα</span> <span class='ocrx_word' id='word_1_122' title='bbox 286 872 377 905; x_wconf 79' lang='grc' dir='ltr'>καλὸν,</span> <span class='ocrx_word' id='word_1_123' title='bbox 395 872 440 899; x_wconf 81' lang='grc' dir='ltr'>καὶ</span> <span class='ocrx_word' id='word_1_124' title='bbox 454 873 493 904; x_wconf 85' lang='grc' dir='ltr'>εἰς</span> <span class='ocrx_word' id='word_1_125' title='bbox 508 871 599 906; x_wconf 80' lang='grc' dir='ltr'>ὕνησιν</span> <span class='ocrx_word' id='word_1_126' title='bbox 613 871 663 898; x_wconf 77' lang='grc' dir='ltr'><strong>οὐκ</strong></span> <span class='ocrx_word' id='word_1_127' title='bbox 685 870 838 901; x_wconf 74' lang='grc' dir='ltr'>ἀσυντελὲς,</span> <span class='ocrx_word' id='word_1_128' title='bbox 853 870 918 896; x_wconf 81' lang='grc' dir='ltr'>ἁνα-</span> 
     </span>
    </p>
   </div>
   <div class='ocr_carea' id='block_1_20' title="bbox 129 915 918 954">
    <p class='ocr_par' dir='ltr' id='par_1_20' title="bbox 129 915 918 954">
     <span class='ocr_line' id='line_1_20' title="bbox 129 915 918 954; baseline -0.006 -8"><span class='ocrx_word' id='word_1_129' title='bbox 129 919 218 946; x_wconf 70' lang='grc' dir='ltr'>πείσει</span> <span class='ocrx_word' id='word_1_130' title='bbox 237 918 345 954; x_wconf 48' lang='lat' dir='ltr'><strong>emam</strong></span> <span class='ocrx_word' id='word_1_131' title='bbox 362 920 376 945; x_wconf 85' lang='grc' dir='ltr'>ὁ</span> <span class='ocrx_word' id='word_1_132' title='bbox 395 918 529 953; x_wconf 80' lang='grc' dir='ltr'>μακάριος</span> <span class='ocrx_word' id='word_1_133' title='bbox 549 917 639 944; x_wconf 83' lang='grc' dir='ltr'><strong>Δαϐἱδ·</strong></span> <span class='ocrx_word' id='word_1_134' title='bbox 659 916 749 944; x_wconf 87' lang='grc' dir='ltr'>ιΜίαν</span> <span class='ocrx_word' id='word_1_135' title='bbox 773 915 918 951; x_wconf 76' lang='grc' dir='ltr'><strong>ᾐτησάμην</strong></span> 
     </span>
    </p>
   </div>
   <div class='ocr_carea' id='block_1_21' title="bbox 129 962 919 1001">
    <p class='ocr_par' dir='ltr' id='par_1_21' title="bbox 129 962 919 1001">
     <span class='ocr_line' id='line_1_21' title="bbox 129 962 919 1001; baseline -0.006 -9"><span class='ocrx_word' id='word_1_136' title='bbox 129 966 205 1001; x_wconf 68' lang='grc' dir='ltr'>παρὰ</span> <span class='ocrx_word' id='word_1_137' title='bbox 223 965 338 1000; x_wconf 82' lang='grc' dir='ltr'>Κυρίου,</span> <span class='ocrx_word' id='word_1_138' title='bbox 354 965 455 999; x_wconf 68' lang='grc' dir='ltr'>ταύτην</span> <span class='ocrx_word' id='word_1_139' title='bbox 476 964 597 999; x_wconf 83' lang='grc' dir='ltr'><strong>ζητήσω,</strong></span> <span class='ocrx_word' id='word_1_140' title='bbox 615 962 661 989; x_wconf 80' lang='grc' dir='ltr'>τοῦ</span> <span class='ocrx_word' id='word_1_141' title='bbox 677 963 814 989; x_wconf 74' lang='grc' dir='ltr'><strong>κατοικεῖν</strong></span> <span class='ocrx_word' id='word_1_142' title='bbox 843 969 876 997; x_wconf 85' lang='grc' dir='ltr'><strong>με</strong></span> <span class='ocrx_word' id='word_1_143' title='bbox 890 962 919 988; x_wconf 80' lang='grc' dir='ltr'><strong>ἐν</strong></span> 
     </span>
    </p>
   </div>
   <div class='ocr_carea' id='block_1_22' title="bbox 130 1007 918 1047">
    <p class='ocr_par' dir='ltr' id='par_1_22' title="bbox 130 1007 918 1047">
     <span class='ocr_line' id='line_1_22' title="bbox 130 1007 918 1047; baseline -0.005 -9"><span class='ocrx_word' id='word_1_144' title='bbox 130 1012 195 1047; x_wconf 65' lang='grc' dir='ltr'><strong>οἴκῳ</strong></span> <span class='ocrx_word' id='word_1_145' title='bbox 215 1012 317 1047; x_wconf 81' lang='grc' dir='ltr'><strong>Κυρίου</strong></span> <span class='ocrx_word' id='word_1_146' title='bbox 338 1012 427 1043; x_wconf 78' lang='grc' dir='ltr'>πάσας</span> <span class='ocrx_word' id='word_1_147' title='bbox 442 1011 491 1042; x_wconf 81' lang='grc' dir='ltr'><strong>τὰς</strong></span> <span class='ocrx_word' id='word_1_148' title='bbox 506 1010 612 1045; x_wconf 75' lang='grc' dir='ltr'>ἡμέρας</span> <span class='ocrx_word' id='word_1_149' title='bbox 640 1009 691 1044; x_wconf 80' lang='grc' dir='ltr'>τῆς</span> <span class='ocrx_word' id='word_1_150' title='bbox 706 1008 778 1044; x_wconf 79' lang='grc' dir='ltr'>ζωῆς</span> <span class='ocrx_word' id='word_1_151' title='bbox 796 1017 857 1043; x_wconf 86' lang='grc' dir='ltr'>μου,</span> <span class='ocrx_word' id='word_1_152' title='bbox 872 1007 918 1034; x_wconf 78' lang='grc' dir='ltr'>τοῦ</span> 
     </span>
    </p>
   </div>
   <div class='ocr_carea' id='block_1_23' title="bbox 130 1054 921 1094">
    <p class='ocr_par' dir='ltr' id='par_1_23' title="bbox 130 1054 921 1094">
     <span class='ocr_line' id='line_1_23' title="bbox 130 1054 921 1094; baseline -0.005 -10"><span class='ocrx_word' id='word_1_153' title='bbox 130 1059 242 1094; x_wconf 75' lang='grc' dir='ltr'>Θεωρεῖν</span> <span class='ocrx_word' id='word_1_154' title='bbox 257 1066 291 1093; x_wconf 82' lang='grc' dir='ltr'><strong>με</strong></span> <span class='ocrx_word' id='word_1_155' title='bbox 314 1057 363 1093; x_wconf 88' lang='grc' dir='ltr'>τὴν</span> <span class='ocrx_word' id='word_1_156' title='bbox 389 1057 557 1092; x_wconf 81' lang='grc' dir='ltr'>τερπνότητα</span> <span class='ocrx_word' id='word_1_157' title='bbox 571 1056 684 1091; x_wconf 68' lang='grc' dir='ltr'>Κτυρίου,</span> <span class='ocrx_word' id='word_1_158' title='bbox 699 1055 745 1081; x_wconf 69' lang='grc' dir='ltr'>καὶ</span> <span class='ocrx_word' id='word_1_159' title='bbox 759 1054 921 1081; x_wconf 79' lang='grc' dir='ltr'>ἐπισκέπτε-</span> 
     </span>
    </p>
   </div>
   <div class='ocr_carea' id='block_1_24' title="bbox 131 1100 920 1136">
    <p class='ocr_par' dir='ltr' id='par_1_24' title="bbox 131 1100 920 1136">
     <span class='ocr_line' id='line_1_24' title="bbox 131 1100 920 1136; baseline -0.008 -5"><span class='ocrx_word' id='word_1_160' title='bbox 131 1105 192 1131; x_wconf 69' lang='grc' dir='ltr'>ςῡαι</span> <span class='ocrx_word' id='word_1_161' title='bbox 209 1104 255 1130; x_wconf 74' lang='grc' dir='ltr'>τὸν</span> <span class='ocrx_word' id='word_1_162' title='bbox 274 1104 337 1130; x_wconf 60' lang='grc' dir='ltr'>ναὸν</span> <span class='ocrx_word' id='word_1_163' title='bbox 363 1103 410 1130; x_wconf 80' lang='grc' dir='ltr'>τὸν</span> <span class='ocrx_word' id='word_1_164' title='bbox 436 1103 514 1136; x_wconf 81' lang='grc' dir='ltr'>ἆγιον</span> <span class='ocrx_word' id='word_1_165' title='bbox 539 1102 631 1129; x_wconf 75' lang='grc' dir='ltr'>αὑτοῦ.</span> <span class='ocrx_word' id='word_1_166' title='bbox 650 1102 711 1127; x_wconf 85' lang='grc' dir='ltr'>Ὅτι</span> <span class='ocrx_word' id='word_1_167' title='bbox 728 1100 830 1136; x_wconf 60' lang='grc' dir='ltr'>ἔκρυψέ</span> <span class='ocrx_word' id='word_1_168' title='bbox 842 1108 875 1134; x_wconf 87' lang='grc' dir='ltr'><strong>με</strong></span> <span class='ocrx_word' id='word_1_169' title='bbox 891 1100 920 1126; x_wconf 83' lang='grc' dir='ltr'><strong>ὲν</strong></span> 
     </span>
    </p>
   </div>
   <div class='ocr_carea' id='block_1_25' title="bbox 131 1146 920 1186">
    <p class='ocr_par' dir='ltr' id='par_1_25' title="bbox 131 1146 920 1186">
     <span class='ocr_line' id='line_1_25' title="bbox 131 1146 920 1186; baseline -0.005 -10"><span class='ocrx_word' id='word_1_170' title='bbox 131 1151 220 1186; x_wconf 74' lang='grc' dir='ltr'>σκηνῇ</span> <span class='ocrx_word' id='word_1_171' title='bbox 243 1150 337 1182; x_wconf 74' lang='grc' dir='ltr'>αὐτοῦ,</span> <span class='ocrx_word' id='word_1_172' title='bbox 354 1150 382 1176; x_wconf 77' lang='grc' dir='ltr'>ἐν</span> <span class='ocrx_word' id='word_1_173' title='bbox 394 1150 487 1186; x_wconf 80' lang='grc' dir='ltr'>ἡμέρᾳ</span> <span class='ocrx_word' id='word_1_174' title='bbox 504 1148 596 1176; x_wconf 83' lang='grc' dir='ltr'>κακῶν</span> <span class='ocrx_word' id='word_1_175' title='bbox 613 1156 662 1183; x_wconf 88' lang='grc' dir='ltr'><strong>μου</strong></span> <span class='ocrx_word' id='word_1_176' title='bbox 685 1146 820 1173; x_wconf 77' lang='grc' dir='ltr'>ὲσκέπααέ</span> <span class='ocrx_word' id='word_1_177' title='bbox 843 1155 876 1182; x_wconf 88' lang='grc' dir='ltr'><strong>με</strong></span> <span class='ocrx_word' id='word_1_178' title='bbox 892 1147 920 1173; x_wconf 81' lang='grc' dir='ltr'><strong>ἐν</strong></span> 
     </span>
    </p>
   </div>
   <div class='ocr_carea' id='block_1_26' title="bbox 130 1193 921 1231">
    <p class='ocr_par' dir='ltr' id='par_1_26' title="bbox 130 1193 921 1231">
     <span class='ocr_line' id='line_1_26' title="bbox 130 1193 921 1231; baseline -0.005 -9"><span class='ocrx_word' id='word_1_179' title='bbox 130 1196 282 1231; x_wconf 68' lang='grc' dir='ltr'>ἀποκρύφῳ</span> <span class='ocrx_word' id='word_1_180' title='bbox 295 1196 342 1229; x_wconf 83' lang='grc' dir='ltr'>τῆς</span> <span class='ocrx_word' id='word_1_181' title='bbox 368 1196 469 1231; x_wconf 82' lang='grc' dir='ltr'><strong>σκηνῆς</strong></span> <span class='ocrx_word' id='word_1_182' title='bbox 489 1195 602 1223; x_wconf 68' lang='grc' dir='ltr'>αὑτοῦ.ι</span> <span class='ocrx_word' id='word_1_183' title='bbox 625 1193 742 1228; x_wconf 82' lang='grc' dir='ltr'>Περιδεᾶ</span> <span class='ocrx_word' id='word_1_184' title='bbox 758 1193 849 1219; x_wconf 83' lang='grc' dir='ltr'>τοίνυν</span> <span class='ocrx_word' id='word_1_185' title='bbox 874 1193 921 1218; x_wconf 76' lang='grc' dir='ltr'>καὶ</span> 
     </span>
    </p>
   </div>
   <div class='ocr_carea' id='block_1_27' title="bbox 130 1237 922 1278">
    <p class='ocr_par' dir='ltr' id='par_1_27' title="bbox 130 1237 922 1278">
     <span class='ocr_line' id='line_1_27' title="bbox 130 1237 922 1278; baseline -0.006 -9"><span class='ocrx_word' id='word_1_186' title='bbox 130 1243 234 1278; x_wconf 78' lang='grc' dir='ltr'>ἄθυμον</span> <span class='ocrx_word' id='word_1_187' title='bbox 250 1242 380 1276; x_wconf 65' lang='grc' dir='ltr'>γεγονῦτα</span> <span class='ocrx_word' id='word_1_188' title='bbox 405 1241 503 1276; x_wconf 84' lang='grc' dir='ltr'>κομιδῇ</span> <span class='ocrx_word' id='word_1_189' title='bbox 522 1240 567 1267; x_wconf 85' lang='grc' dir='ltr'><strong>τὸν</strong></span> <span class='ocrx_word' id='word_1_190' title='bbox 585 1238 693 1272; x_wconf 85' lang='grc' dir='ltr'>Ἰακὼϐ,</span> <span class='ocrx_word' id='word_1_191' title='bbox 711 1239 839 1274; x_wconf 77' lang='grc' dir='ltr'>ἀπαίρειν</span> <span class='ocrx_word' id='word_1_192' title='bbox 863 1237 922 1264; x_wconf 77' lang='grc' dir='ltr'><strong>ὲκέ-</strong></span> 
     </span>
    </p>
   </div>
   <div class='ocr_carea' id='block_1_28' title="bbox 132 1283 922 1323">
    <p class='ocr_par' dir='ltr' id='par_1_28' title="bbox 132 1283 922 1323">
     <span class='ocr_line' id='line_1_28' title="bbox 132 1283 922 1323; baseline -0.008 -7"><span class='ocrx_word' id='word_1_193' title='bbox 132 1290 209 1317; x_wconf 80' lang='grc' dir='ltr'>λευσε</span> <span class='ocrx_word' id='word_1_194' title='bbox 225 1289 301 1320; x_wconf 73' lang='grc' dir='ltr'>Θεός.</span> <span class='ocrx_word' id='word_1_195' title='bbox 322 1289 398 1323; x_wconf 83' lang='grc' dir='ltr'>Ἔχει</span> <span class='ocrx_word' id='word_1_196' title='bbox 417 1288 446 1315; x_wconf 80' lang='grc' dir='ltr'><strong>δὲ</strong></span> <span class='ocrx_word' id='word_1_197' title='bbox 460 1288 561 1319; x_wconf 82' lang='grc' dir='ltr'>οὕτως·</span> <span class='ocrx_word' id='word_1_198' title='bbox 582 1296 591 1312; x_wconf 76' lang='grc' dir='ltr'><strong>ι</strong></span> <span class='ocrx_word' id='word_1_199' title='bbox 603 1284 670 1313; x_wconf 79' lang='grc' dir='ltr'>Εἷπε</span> <span class='ocrx_word' id='word_1_200' title='bbox 693 1286 721 1312; x_wconf 85' lang='grc' dir='ltr'>δὲ</span> <span class='ocrx_word' id='word_1_201' title='bbox 736 1286 749 1312; x_wconf 85' lang='grc' dir='ltr'>ὁ</span> <span class='ocrx_word' id='word_1_202' title='bbox 768 1284 834 1316; x_wconf 86' lang='grc' dir='ltr'>Θεὸς</span> <span class='ocrx_word' id='word_1_203' title='bbox 854 1283 922 1320; x_wconf 78' lang='grc' dir='ltr'>πρὸς</span> 
     </span>
    </p>
   </div>
   <div class='ocr_carea' id='block_1_29' title="bbox 137 1329 921 1367">
    <p class='ocr_par' dir='ltr' id='par_1_29' title="bbox 137 1329 921 1367">
     <span class='ocr_line' id='line_1_29' title="bbox 137 1329 921 1367; baseline -0.008 -6"><span class='ocrx_word' id='word_1_204' title='bbox 137 1334 252 1361; x_wconf 81' lang='grc' dir='ltr'>Ἰακὼϐ·</span> <span class='ocrx_word' id='word_1_205' title='bbox 273 1334 404 1365; x_wconf 73' lang='grc' dir='ltr'>’Δναστὰς</span> <span class='ocrx_word' id='word_1_206' title='bbox 429 1332 544 1367; x_wconf 79' lang='grc' dir='ltr'>ἀνάϐηθι</span> <span class='ocrx_word' id='word_1_207' title='bbox 567 1333 606 1364; x_wconf 85' lang='grc' dir='ltr'>εἰς</span> <span class='ocrx_word' id='word_1_208' title='bbox 631 1331 677 1358; x_wconf 75' lang='grc' dir='ltr'><strong>τὸν</strong></span> <span class='ocrx_word' id='word_1_209' title='bbox 702 1330 783 1357; x_wconf 81' lang='grc' dir='ltr'>τόπον</span> <span class='ocrx_word' id='word_1_210' title='bbox 809 1329 921 1364; x_wconf 79' lang='grc' dir='ltr'>Βαιθὴλ,</span> 
     </span>
    </p>
   </div>
   <div class='ocr_carea' id='block_1_30' title="bbox 131 1374 922 1413">
    <p class='ocr_par' dir='ltr' id='par_1_30' title="bbox 131 1374 922 1413">
     <span class='ocr_line' id='line_1_30' title="bbox 131 1374 922 1413; baseline -0.008 -7"><span class='ocrx_word' id='word_1_211' title='bbox 131 1381 178 1407; x_wconf 69' lang='grc' dir='ltr'><strong>καὶ</strong></span> <span class='ocrx_word' id='word_1_212' title='bbox 196 1380 265 1406; x_wconf 84' lang='grc' dir='ltr'>οίκει</span> <span class='ocrx_word' id='word_1_213' title='bbox 289 1381 356 1410; x_wconf 79' lang='grc' dir='ltr'>ἐκεῖ,</span> <span class='ocrx_word' id='word_1_214' title='bbox 375 1379 421 1405; x_wconf 69' lang='grc' dir='ltr'>καὶ</span> <span class='ocrx_word' id='word_1_215' title='bbox 445 1379 556 1413; x_wconf 86' lang='grc' dir='ltr'>ποίησον</span> <span class='ocrx_word' id='word_1_216' title='bbox 584 1378 643 1404; x_wconf 81' lang='grc' dir='ltr'>ἐκεῖ</span> <span class='ocrx_word' id='word_1_217' title='bbox 663 1376 858 1410; x_wconf 81' lang='grc' dir='ltr'>θυσιαστήριον</span> <span class='ocrx_word' id='word_1_218' title='bbox 882 1374 922 1410; x_wconf 83' lang='grc' dir='ltr'>τῷ</span> 
     </span>
    </p>
   </div>
   <div class='ocr_carea' id='block_1_31' title="bbox 131 1416 924 1461">
    <p class='ocr_par' dir='ltr' id='par_1_31' title="bbox 131 1416 924 1461">
     <span class='ocr_line' id='line_1_31' title="bbox 131 1416 924 1461; baseline -0.009 -8"><span class='ocrx_word' id='word_1_219' title='bbox 131 1426 190 1461; x_wconf 82' lang='grc' dir='ltr'><strong>Θεῷ</strong></span> <span class='ocrx_word' id='word_1_220' title='bbox 199 1426 236 1461; x_wconf 82' lang='grc' dir='ltr'>τῷ</span> <span class='ocrx_word' id='word_1_221' title='bbox 245 1425 411 1460; x_wconf 73' lang='grc' dir='ltr'>ὀφθέντισοι,</span> <span class='ocrx_word' id='word_1_222' title='bbox 425 1424 453 1450; x_wconf 77' lang='grc' dir='ltr'>ἐν</span> <span class='ocrx_word' id='word_1_223' title='bbox 467 1423 506 1458; x_wconf 87' lang='grc' dir='ltr'>τῷ</span> <span class='ocrx_word' id='word_1_224' title='bbox 516 1422 723 1458; x_wconf 79' lang='grc' dir='ltr'><strong>ἀποδιδράσκειν</strong></span> <span class='ocrx_word' id='word_1_225' title='bbox 732 1429 762 1447; x_wconf 86' lang='grc' dir='ltr'><strong>σε</strong></span> <span class='ocrx_word' id='word_1_226' title='bbox 776 1416 829 1447; x_wconf 65' lang='grc' dir='ltr'>ἀπὸ</span> <span class='ocrx_word' id='word_1_227' title='bbox 843 1428 924 1455; x_wconf 77' lang='grc' dir='ltr'>προσ·</span> 
     </span>
    </p>
   </div>
   <div class='ocr_carea' id='block_1_32' title="bbox 131 1468 924 1505">
    <p class='ocr_par' dir='ltr' id='par_1_32' title="bbox 131 1468 924 1505">
     <span class='ocr_line' id='line_1_32' title="bbox 131 1468 924 1505; baseline -0.009 -5"><span class='ocrx_word' id='word_1_228' title='bbox 131 1473 205 1500; x_wconf 72' lang='grc' dir='ltr'>ώπου</span> <span class='ocrx_word' id='word_1_229' title='bbox 221 1471 305 1499; x_wconf 81' lang='grc' dir='ltr'><strong>Ἡσαῦ</strong></span> <span class='ocrx_word' id='word_1_230' title='bbox 316 1471 363 1498; x_wconf 77' lang='grc' dir='ltr'>τοῦ</span> <span class='ocrx_word' id='word_1_231' title='bbox 379 1470 493 1505; x_wconf 80' lang='grc' dir='ltr'><strong>ἀδελφοῦ</strong></span> <span class='ocrx_word' id='word_1_232' title='bbox 505 1479 562 1497; x_wconf 90' lang='grc' dir='ltr'>σου.</span> <span class='ocrx_word' id='word_1_233' title='bbox 572 1468 638 1496; x_wconf 80' lang='grc' dir='ltr'>Είπε</span> <span class='ocrx_word' id='word_1_234' title='bbox 654 1470 681 1495; x_wconf 78' lang='grc' dir='ltr'><strong>δὲ</strong></span> <span class='ocrx_word' id='word_1_235' title='bbox 698 1468 794 1495; x_wconf 85' lang='grc' dir='ltr'>Ἰακὼϐ</span> <span class='ocrx_word' id='word_1_236' title='bbox 806 1468 844 1504; x_wconf 77' lang='grc' dir='ltr'>τῷ</span> <span class='ocrx_word' id='word_1_237' title='bbox 856 1468 924 1503; x_wconf 80' lang='grc' dir='ltr'>οἴκῳ</span> 
     </span>
    </p>
   </div>
   <div class='ocr_carea' id='block_1_33' title="bbox 132 1513 924 1552">
    <p class='ocr_par' dir='ltr' id='par_1_33' title="bbox 132 1513 924 1552">
     <span class='ocr_line' id='line_1_33' title="bbox 132 1513 924 1552; baseline -0.008 -7"><span class='ocrx_word' id='word_1_238' title='bbox 132 1518 225 1550; x_wconf 70' lang='grc' dir='ltr'>αὑτοῦ,</span> <span class='ocrx_word' id='word_1_239' title='bbox 241 1518 286 1544; x_wconf 81' lang='grc' dir='ltr'>καὶ</span> <span class='ocrx_word' id='word_1_240' title='bbox 298 1519 364 1545; x_wconf 66' lang='grc' dir='ltr'>πᾶσι</span> <span class='ocrx_word' id='word_1_241' title='bbox 379 1518 434 1548; x_wconf 83' lang='grc' dir='ltr'>τοῖς</span> <span class='ocrx_word' id='word_1_242' title='bbox 451 1516 508 1552; x_wconf 75' lang='grc' dir='ltr'>μετ’</span> <span class='ocrx_word' id='word_1_243' title='bbox 525 1515 618 1542; x_wconf 72' lang='grc' dir='ltr'><strong>αὑτοῦ⁹</strong></span> <span class='ocrx_word' id='word_1_244' title='bbox 633 1515 735 1550; x_wconf 72' lang='grc' dir='ltr'>’Δρατε</span> <span class='ocrx_word' id='word_1_245' title='bbox 763 1514 826 1545; x_wconf 75' lang='grc' dir='ltr'>τοὺς</span> <span class='ocrx_word' id='word_1_246' title='bbox 846 1513 924 1545; x_wconf 65' lang='grc' dir='ltr'>θεοὺς</span> 
     </span>
    </p>
   </div>
   <div class='ocr_carea' id='block_1_34' title="bbox 967 273 1756 309">
    <p class='ocr_par' dir='ltr' id='par_1_34' title="bbox 967 273 1756 309">
     <span class='ocr_line' id='line_1_34' title="bbox 967 273 1756 309; baseline -0.004 -6"><span class='ocrx_word' id='word_1_247' title='bbox 967 275 995 303; x_wconf 96' lang='lat' dir='ltr'><strong>in</strong></span> <span class='ocrx_word' id='word_1_248' title='bbox 1018 275 1104 303; x_wconf 88' lang='lat' dir='ltr'><strong>Deum</strong></span> <span class='ocrx_word' id='word_1_249' title='bbox 1127 274 1330 307; x_wconf 77' lang='lat' dir='ltr'><strong>contendimus,</strong></span> <span class='ocrx_word' id='word_1_250' title='bbox 1352 274 1400 301; x_wconf 87' lang='lat' dir='ltr'><strong>sed</strong></span> <span class='ocrx_word' id='word_1_251' title='bbox 1420 273 1511 309; x_wconf 87' lang='lat' dir='ltr'><strong>potius</strong></span> <span class='ocrx_word' id='word_1_252' title='bbox 1535 280 1594 301; x_wconf 83' lang='lat' dir='ltr'><strong>esse</strong></span> <span class='ocrx_word' id='word_1_253' title='bbox 1612 274 1756 308; x_wconf 84' lang='lat' dir='ltr'><strong>patientes,</strong></span> 
     </span>
    </p>
   </div>
   <div class='ocr_carea' id='block_1_35' title="bbox 966 319 1759 355">
    <p class='ocr_par' dir='ltr' id='par_1_35' title="bbox 966 319 1759 355">
     <span class='ocr_line' id='line_1_35' title="bbox 966 319 1759 355; baseline -0.004 -6"><span class='ocrx_word' id='word_1_254' title='bbox 966 321 1074 349; x_wconf 86' lang='lat' dir='ltr'><strong>etiamsi</strong></span> <span class='ocrx_word' id='word_1_255' title='bbox 1095 320 1221 349; x_wconf 84' lang='lat' dir='ltr'><strong>nonnulli</strong></span> <span class='ocrx_word' id='word_1_256' title='bbox 1250 328 1301 348; x_wconf 87' lang='lat' dir='ltr'><strong>nos</strong></span> <span class='ocrx_word' id='word_1_257' title='bbox 1326 320 1457 355; x_wconf 85' lang='lat' dir='ltr'><strong>persequi</strong></span> <span class='ocrx_word' id='word_1_258' title='bbox 1477 319 1573 351; x_wconf 82' lang='lat' dir='ltr'><strong>velim,</strong></span> <span class='ocrx_word' id='word_1_259' title='bbox 1594 319 1759 347; x_wconf 79' lang='lat' dir='ltr'><strong>benedicere</strong></span> 
     </span>
    </p>
   </div>
   <div class='ocr_carea' id='block_1_36' title="bbox 966 365 1756 401">
    <p class='ocr_par' dir='ltr' id='par_1_36' title="bbox 966 365 1756 401">
     <span class='ocr_line' id='line_1_36' title="bbox 966 365 1756 401; baseline -0.005 -6"><span class='ocrx_word' id='word_1_260' title='bbox 966 375 1033 395; x_wconf 91' lang='lat' dir='ltr'><strong>vero</strong></span> <span class='ocrx_word' id='word_1_261' title='bbox 1046 367 1268 395; x_wconf 86' lang='lat' dir='ltr'><strong>conviciantibus</strong></span> <span class='ocrx_word' id='word_1_262' title='bbox 1283 375 1290 393; x_wconf 87' lang='lat'><strong>:</strong></span> <span class='ocrx_word' id='word_1_263' title='bbox 1304 367 1451 401; x_wconf 78' lang='lat' dir='ltr'><strong>patientes,</strong></span> <span class='ocrx_word' id='word_1_264' title='bbox 1463 365 1610 400; x_wconf 83' lang='lat' dir='ltr'><strong>ncquidem</strong></span> <span class='ocrx_word' id='word_1_265' title='bbox 1624 371 1756 396; x_wconf 83' lang='lat' dir='ltr'><strong>mussare,</strong></span> 
     </span>
    </p>
   </div>
   <div class='ocr_carea' id='block_1_37' title="bbox 967 408 1759 447">
    <p class='ocr_par' dir='ltr' id='par_1_37' title="bbox 967 408 1759 447">
     <span class='ocr_line' id='line_1_37' title="bbox 967 408 1759 447; baseline -0.004 -7"><span class='ocrx_word' id='word_1_266' title='bbox 967 413 1075 440; x_wconf 80' lang='lat' dir='ltr'><strong>tradere</strong></span> <span class='ocrx_word' id='word_1_267' title='bbox 1087 417 1178 440; x_wconf 86' lang='lat' dir='ltr'><strong>autem</strong></span> <span class='ocrx_word' id='word_1_268' title='bbox 1192 412 1284 447; x_wconf 92' lang='lat' dir='ltr'><strong>potius</strong></span> <span class='ocrx_word' id='word_1_269' title='bbox 1293 411 1425 447; x_wconf 84' lang='lat' dir='ltr'><strong>judicanti</strong></span> <span class='ocrx_word' id='word_1_270' title='bbox 1434 411 1517 446; x_wconf 82' lang='lat' dir='ltr'><strong>juste.</strong></span> <span class='ocrx_word' id='word_1_271' title='bbox 1527 408 1684 437; x_wconf 78' lang='lat' dir='ltr'><strong>Cavendum</strong></span> <span class='ocrx_word' id='word_1_272' title='bbox 1692 417 1759 437; x_wconf 84' lang='lat' dir='ltr'><strong>vero</strong></span> 
     </span>
    </p>
   </div>
   <div class='ocr_carea' id='block_1_38' title="bbox 966 456 1760 494">
    <p class='ocr_par' dir='ltr' id='par_1_38' title="bbox 966 456 1760 494">
     <span class='ocr_line' id='line_1_38' title="bbox 966 456 1760 494; baseline -0.008 -7"><span class='ocrx_word' id='word_1_273' title='bbox 966 462 1009 487; x_wconf 90' lang='lat' dir='ltr'><strong>est</strong></span> <span class='ocrx_word' id='word_1_274' title='bbox 1032 459 1066 486; x_wconf 89' lang='lat' dir='ltr'><strong>iis</strong></span> <span class='ocrx_word' id='word_1_275' title='bbox 1087 458 1135 494; x_wconf 89' lang='lat' dir='ltr'><strong>qui</strong></span> <span class='ocrx_word' id='word_1_276' title='bbox 1156 458 1298 486; x_wconf 82' lang='lat' dir='ltr'><strong>interitum</strong></span> <span class='ocrx_word' id='word_1_277' title='bbox 1314 458 1401 485; x_wconf 84' lang='lat' dir='ltr'><strong>vitare</strong></span> <span class='ocrx_word' id='word_1_278' title='bbox 1415 456 1512 487; x_wconf 80' lang='lat' dir='ltr'><strong>velint.</strong></span> <span class='ocrx_word' id='word_1_279' title='bbox 1531 463 1566 482; x_wconf 89' lang='lat' dir='ltr'><strong>ne</strong></span> <span class='ocrx_word' id='word_1_280' title='bbox 1595 459 1708 490; x_wconf 87' lang='lat' dir='ltr'><strong>paterno</strong></span> <span class='ocrx_word' id='word_1_281' title='bbox 1720 459 1760 482; x_wconf 81' lang='lat' dir='ltr'><strong>ta-</strong></span> 
     </span>
    </p>
   </div>
   <div class='ocr_carea' id='block_1_39' title="bbox 967 500 1758 538">
    <p class='ocr_par' dir='ltr' id='par_1_39' title="bbox 967 500 1758 538">
     <span class='ocr_line' id='line_1_39' title="bbox 967 500 1758 538; baseline -0.006 -6"><span class='ocrx_word' id='word_1_282' title='bbox 967 505 1128 537; x_wconf 86' lang='lat' dir='ltr'><strong>bernaculo,</strong></span> <span class='ocrx_word' id='word_1_283' title='bbox 1148 505 1201 532; x_wconf 86' lang='lat' dir='ltr'><strong>hoc</strong></span> <span class='ocrx_word' id='word_1_284' title='bbox 1211 508 1264 536; x_wconf 85' lang='lat' dir='ltr'><strong>est,</strong></span> <span class='ocrx_word' id='word_1_285' title='bbox 1275 504 1357 531; x_wconf 91' lang='lat' dir='ltr'><strong>domo</strong></span> <span class='ocrx_word' id='word_1_286' title='bbox 1375 503 1422 531; x_wconf 86' lang='lat' dir='ltr'><strong>Dei</strong></span> <span class='ocrx_word' id='word_1_287' title='bbox 1439 500 1626 538; x_wconf 81' lang='lat' dir='ltr'><strong>egrediantur,</strong></span> <span class='ocrx_word' id='word_1_288' title='bbox 1641 508 1710 528; x_wconf 84' lang='lat' dir='ltr'><strong>neve</strong></span> <span class='ocrx_word' id='word_1_289' title='bbox 1725 500 1758 528; x_wconf 84' lang='lat' dir='ltr'><strong>ad</strong></span> 
     </span>
    </p>
   </div>
   <div class='ocr_carea' id='block_1_40' title="bbox 967 547 1758 586">
    <p class='ocr_par' dir='ltr' id='par_1_40' title="bbox 967 547 1758 586">
     <span class='ocr_line' id='line_1_40' title="bbox 967 547 1758 586; baseline -0.006 -8"><span class='ocrx_word' id='word_1_290' title='bbox 967 551 1183 586; x_wconf 78' lang='lat' dir='ltr'><strong>alienigenarum</strong></span> <span class='ocrx_word' id='word_1_291' title='bbox 1202 551 1260 578; x_wconf 87' lang='lat' dir='ltr'><strong>sive</strong></span> <span class='ocrx_word' id='word_1_292' title='bbox 1281 549 1473 577; x_wconf 69' lang='lat' dir='ltr'><strong>haereticorum</strong></span> <span class='ocrx_word' id='word_1_293' title='bbox 1499 555 1594 583; x_wconf 77' lang='lat' dir='ltr'><strong>greges</strong></span> <span class='ocrx_word' id='word_1_294' title='bbox 1617 547 1758 574; x_wconf 84' lang='lat' dir='ltr'><strong>accedant.</strong></span> 
     </span>
    </p>
   </div>
   <div class='ocr_carea' id='block_1_41' title="bbox 968 594 1759 633">
    <p class='ocr_par' dir='ltr' id='par_1_41' title="bbox 968 594 1759 633">
     <span class='ocr_line' id='line_1_41' title="bbox 968 594 1759 633; baseline -0.006 -8"><span class='ocrx_word' id='word_1_295' title='bbox 968 598 1083 633; x_wconf 78' lang='lat' dir='ltr'><strong>Egressa</strong></span> <span class='ocrx_word' id='word_1_296' title='bbox 1093 598 1166 625; x_wconf 86' lang='lat' dir='ltr'><strong>enim</strong></span> <span class='ocrx_word' id='word_1_297' title='bbox 1177 597 1244 624; x_wconf 89' lang='lat' dir='ltr'><strong>Dina</strong></span> <span class='ocrx_word' id='word_1_298' title='bbox 1255 605 1270 624; x_wconf 87' lang='lat' dir='ltr'><strong>e</strong></span> <span class='ocrx_word' id='word_1_299' title='bbox 1283 596 1460 623; x_wconf 83' lang='lat' dir='ltr'><strong>tabernaculo</strong></span> <span class='ocrx_word' id='word_1_300' title='bbox 1471 599 1595 629; x_wconf 85' lang='lat' dir='ltr'><strong>paterno,</strong></span> <span class='ocrx_word' id='word_1_301' title='bbox 1609 594 1636 621; x_wconf 89' lang='lat' dir='ltr'><strong>in</strong></span> <span class='ocrx_word' id='word_1_302' title='bbox 1648 594 1759 621; x_wconf 84' lang='lat' dir='ltr'><strong>domum</strong></span> 
     </span>
    </p>
   </div>
   <div class='ocr_carea' id='block_1_42' title="bbox 969 639 1760 676">
    <p class='ocr_par' dir='ltr' id='par_1_42' title="bbox 969 639 1760 676">
     <span class='ocr_line' id='line_1_42' title="bbox 969 639 1760 676; baseline -0.008 -5"><span class='ocrx_word' id='word_1_303' title='bbox 969 644 1078 671; x_wconf 89' lang='lat' dir='ltr'><strong>Sichem</strong></span> <span class='ocrx_word' id='word_1_304' title='bbox 1089 643 1179 670; x_wconf 88' lang='lat' dir='ltr'><strong>ablata</strong></span> <span class='ocrx_word' id='word_1_305' title='bbox 1190 647 1241 670; x_wconf 85' lang='lat' dir='ltr'><strong>est.</strong></span> <span class='ocrx_word' id='word_1_306' title='bbox 1254 642 1398 676; x_wconf 83' lang='lat' dir='ltr'><strong>Nunquam</strong></span> <span class='ocrx_word' id='word_1_307' title='bbox 1410 648 1474 668; x_wconf 88' lang='lat' dir='ltr'><strong>vero</strong></span> <span class='ocrx_word' id='word_1_308' title='bbox 1486 639 1652 667; x_wconf 84' lang='lat' dir='ltr'><strong>contumelia</strong></span> <span class='ocrx_word' id='word_1_309' title='bbox 1662 639 1760 666; x_wconf 75' lang='lat' dir='ltr'><strong>affecta</strong></span> 
     </span>
    </p>
   </div>
   <div class='ocr_carea' id='block_1_43' title="bbox 968 685 1759 724">
    <p class='ocr_par' dir='ltr' id='par_1_43' title="bbox 968 685 1759 724">
     <span class='ocr_line' id='line_1_43' title="bbox 968 685 1759 724; baseline -0.008 -7"><span class='ocrx_word' id='word_1_310' title='bbox 968 688 1075 721; x_wconf 78' lang='lat' dir='ltr'><strong>fuisset,</strong></span> <span class='ocrx_word' id='word_1_311' title='bbox 1086 689 1109 716; x_wconf 86' lang='lat' dir='ltr'><strong>si</strong></span> <span class='ocrx_word' id='word_1_312' title='bbox 1124 688 1246 724; x_wconf 81' lang='lat' dir='ltr'><strong>palemis</strong></span> <span class='ocrx_word' id='word_1_313' title='bbox 1258 688 1364 715; x_wconf 63' lang='lat' dir='ltr'><strong>aedibus</strong></span> <span class='ocrx_word' id='word_1_314' title='bbox 1375 687 1509 718; x_wconf 69' lang='lat' dir='ltr'><strong>hmsisset,</strong></span> <span class='ocrx_word' id='word_1_315' title='bbox 1523 690 1551 713; x_wconf 88' lang='lat' dir='ltr'><strong>et</strong></span> <span class='ocrx_word' id='word_1_316' title='bbox 1565 686 1592 712; x_wconf 93' lang='lat' dir='ltr'><strong>in</strong></span> <span class='ocrx_word' id='word_1_317' title='bbox 1603 685 1705 713; x_wconf 85' lang='lat' dir='ltr'><strong>sanctis</strong></span> <span class='ocrx_word' id='word_1_318' title='bbox 1718 689 1759 712; x_wconf 88' lang='lat' dir='ltr'><strong>ta-</strong></span> 
     </span>
    </p>
   </div>
   <div class='ocr_carea' id='block_1_44' title="bbox 969 731 1762 766">
    <p class='ocr_par' dir='ltr' id='par_1_44' title="bbox 969 731 1762 766">
     <span class='ocr_line' id='line_1_44' title="bbox 969 731 1762 766; baseline -0.009 -3"><span class='ocrx_word' id='word_1_319' title='bbox 969 735 1126 763; x_wconf 85' lang='lat' dir='ltr'><strong>bernaculis</strong></span> <span class='ocrx_word' id='word_1_320' title='bbox 1135 735 1242 762; x_wconf 85' lang='lat' dir='ltr'><strong>assidue</strong></span> <span class='ocrx_word' id='word_1_321' title='bbox 1250 737 1357 761; x_wconf 83' lang='lat' dir='ltr'><strong>versata</strong></span> <span class='ocrx_word' id='word_1_322' title='bbox 1363 733 1469 760; x_wconf 81' lang='lat' dir='ltr'><strong>fuisset.</strong></span> <span class='ocrx_word' id='word_1_323' title='bbox 1479 732 1556 765; x_wconf 82' lang='lat' dir='ltr'><strong>Quod</strong></span> <span class='ocrx_word' id='word_1_324' title='bbox 1565 732 1638 758; x_wconf 87' lang='lat' dir='ltr'><strong>enim</strong></span> <span class='ocrx_word' id='word_1_325' title='bbox 1648 731 1762 766; x_wconf 85' lang='lat' dir='ltr'><strong>pulchra</strong></span> 
     </span>
    </p>
   </div>
   <div class='ocr_carea' id='block_1_45' title="bbox 969 777 1761 816">
    <p class='ocr_par' dir='ltr' id='par_1_45' title="bbox 969 777 1761 816">
     <span class='ocr_line' id='line_1_45' title="bbox 969 777 1761 816; baseline -0.008 -7"><span class='ocrx_word' id='word_1_326' title='bbox 969 781 1170 816; x_wconf 87' lang='lat' dir='ltr'><strong>utilissimaque</strong></span> <span class='ocrx_word' id='word_1_327' title='bbox 1189 787 1222 807; x_wconf 83' lang='lat' dir='ltr'><strong>ea</strong></span> <span class='ocrx_word' id='word_1_328' title='bbox 1240 787 1284 806; x_wconf 89' lang='lat' dir='ltr'><strong>res</strong></span> <span class='ocrx_word' id='word_1_329' title='bbox 1309 778 1345 806; x_wconf 89' lang='lat' dir='ltr'><strong>sit</strong></span> <span class='ocrx_word' id='word_1_330' title='bbox 1360 779 1458 806; x_wconf 80' lang='lat' dir='ltr'><strong>beatus</strong></span> <span class='ocrx_word' id='word_1_331' title='bbox 1473 777 1557 805; x_wconf 87' lang='lat' dir='ltr'><strong>David</strong></span> <span class='ocrx_word' id='word_1_332' title='bbox 1575 777 1706 808; x_wconf 83' lang='lat' dir='ltr'><strong>declarat,</strong></span> <span class='ocrx_word' id='word_1_333' title='bbox 1724 777 1761 803; x_wconf 76' lang='lat' dir='ltr'><strong>ita</strong></span> 
     </span>
    </p>
   </div>
   <div class='ocr_carea' id='block_1_46' title="bbox 970 823 1762 860">
    <p class='ocr_par' dir='ltr' id='par_1_46' title="bbox 970 823 1762 860">
     <span class='ocr_line' id='line_1_46' title="bbox 970 823 1762 860; baseline -0.009 -5"><span class='ocrx_word' id='word_1_334' title='bbox 970 835 1072 855; x_wconf 83' lang='lat' dir='ltr'><strong>canens</strong></span> <span class='ocrx_word' id='word_1_335' title='bbox 1088 836 1094 853; x_wconf 92' lang='lat'><strong>:</strong></span> <span class='ocrx_word' id='word_1_336' title='bbox 1114 836 1122 852; x_wconf 84' lang='grc' dir='ltr'><strong>ι</strong></span> <span class='ocrx_word' id='word_1_337' title='bbox 1138 826 1225 854; x_wconf 87' lang='lat' dir='ltr'><strong>Unam</strong></span> <span class='ocrx_word' id='word_1_338' title='bbox 1238 825 1302 860; x_wconf 86' lang='lat' dir='ltr'><strong>petii</strong></span> <span class='ocrx_word' id='word_1_339' title='bbox 1317 833 1331 852; x_wconf 81' lang='grc' dir='ltr'><strong>ο</strong></span> <span class='ocrx_word' id='word_1_340' title='bbox 1346 824 1472 856; x_wconf 91' lang='lat' dir='ltr'><strong>Domino,</strong></span> <span class='ocrx_word' id='word_1_341' title='bbox 1484 824 1555 850; x_wconf 89' lang='lat' dir='ltr'><strong>hanc</strong></span> <span class='ocrx_word' id='word_1_342' title='bbox 1565 823 1715 857; x_wconf 85' lang='lat' dir='ltr'><strong>requiram,</strong></span> <span class='ocrx_word' id='word_1_343' title='bbox 1730 824 1762 849; x_wconf 85' lang='lat' dir='ltr'><strong>ut</strong></span> 
     </span>
    </p>
   </div>
   <div class='ocr_carea' id='block_1_47' title="bbox 970 869 1760 901">
    <p class='ocr_par' dir='ltr' id='par_1_47' title="bbox 970 869 1760 901">
     <span class='ocr_line' id='line_1_47' title="bbox 970 869 1760 901; baseline -0.008 0"><span class='ocrx_word' id='word_1_344' title='bbox 970 874 1092 901; x_wconf 86' lang='lat' dir='ltr'><strong>habitem</strong></span> <span class='ocrx_word' id='word_1_345' title='bbox 1104 873 1131 900; x_wconf 92' lang='lat' dir='ltr'><strong>in</strong></span> <span class='ocrx_word' id='word_1_346' title='bbox 1149 872 1231 900; x_wconf 92' lang='lat' dir='ltr'><strong>domo</strong></span> <span class='ocrx_word' id='word_1_347' title='bbox 1243 870 1350 899; x_wconf 88' lang='lat' dir='ltr'><strong>Domini</strong></span> <span class='ocrx_word' id='word_1_348' title='bbox 1365 870 1494 898; x_wconf 89' lang='lat' dir='ltr'><strong>omnibus</strong></span> <span class='ocrx_word' id='word_1_349' title='bbox 1504 870 1601 896; x_wconf 89' lang='lat' dir='ltr'><strong>diebus</strong></span> <span class='ocrx_word' id='word_1_350' title='bbox 1610 869 1672 896; x_wconf 53' lang='lat' dir='ltr'><strong>vitae.</strong></span> <span class='ocrx_word' id='word_1_351' title='bbox 1682 875 1760 899; x_wconf 76' lang='lat' dir='ltr'><strong>meae,</strong></span> 
     </span>
    </p>
   </div>
   <div class='ocr_carea' id='block_1_48' title="bbox 971 914 1762 954">
    <p class='ocr_par' dir='ltr' id='par_1_48' title="bbox 971 914 1762 954">
     <span class='ocr_line' id='line_1_48' title="bbox 971 914 1762 954; baseline -0.009 -6"><span class='ocrx_word' id='word_1_352' title='bbox 971 926 1002 948; x_wconf 90' lang='lat' dir='ltr'><strong>ut</strong></span> <span class='ocrx_word' id='word_1_353' title='bbox 1018 920 1126 948; x_wconf 82' lang='lat' dir='ltr'><strong>videam</strong></span> <span class='ocrx_word' id='word_1_354' title='bbox 1142 919 1309 954; x_wconf 83' lang='lat' dir='ltr'><strong>voluptatem</strong></span> <span class='ocrx_word' id='word_1_355' title='bbox 1323 917 1443 945; x_wconf 90' lang='lat' dir='ltr'><strong>Domini.</strong></span> <span class='ocrx_word' id='word_1_356' title='bbox 1457 920 1485 943; x_wconf 89' lang='lat' dir='ltr'><strong>et</strong></span> <span class='ocrx_word' id='word_1_357' title='bbox 1501 916 1607 942; x_wconf 79' lang='lat' dir='ltr'><strong>visitem</strong></span> <span class='ocrx_word' id='word_1_358' title='bbox 1628 914 1762 949; x_wconf 84' lang='lat' dir='ltr'><strong>templum</strong></span> 
     </span>
    </p>
   </div>
   <div class='ocr_carea' id='block_1_49' title="bbox 970 960 1763 1001">
    <p class='ocr_par' dir='ltr' id='par_1_49' title="bbox 970 960 1763 1001">
     <span class='ocr_line' id='line_1_49' title="bbox 970 960 1763 1001; baseline -0.011 -6"><span class='ocrx_word' id='word_1_359' title='bbox 970 971 1094 995; x_wconf 87' lang='lat' dir='ltr'><strong>sanctum</strong></span> <span class='ocrx_word' id='word_1_360' title='bbox 1115 966 1184 1001; x_wconf 82' lang='lat' dir='ltr'><strong>ejus.</strong></span> <span class='ocrx_word' id='word_1_361' title='bbox 1204 963 1284 1000; x_wconf 76' lang='lat'><strong>176</strong></span> <span class='ocrx_word' id='word_1_362' title='bbox 1297 963 1366 997; x_wconf 85' lang='lat' dir='ltr'><strong>Quia</strong></span> <span class='ocrx_word' id='word_1_363' title='bbox 1389 962 1534 990; x_wconf 83' lang='lat' dir='ltr'><strong>abscondit</strong></span> <span class='ocrx_word' id='word_1_364' title='bbox 1558 969 1602 988; x_wconf 92' lang='lat' dir='ltr'><strong>me</strong></span> <span class='ocrx_word' id='word_1_365' title='bbox 1619 962 1647 988; x_wconf 95' lang='lat' dir='ltr'><strong>in</strong></span> <span class='ocrx_word' id='word_1_366' title='bbox 1671 960 1763 987; x_wconf 83' lang='lat' dir='ltr'><strong>taber—</strong></span> 
     </span>
    </p>
   </div>
   <div class='ocr_carea' id='block_1_50' title="bbox 969 1005 1762 1044">
    <p class='ocr_par' dir='ltr' id='par_1_50' title="bbox 969 1005 1762 1044">
     <span class='ocr_line' id='line_1_50' title="bbox 969 1005 1762 1044; baseline -0.013 -3"><span class='ocrx_word' id='word_1_367' title='bbox 969 1013 1068 1041; x_wconf 86' lang='lat' dir='ltr'><strong>naculo</strong></span> <span class='ocrx_word' id='word_1_368' title='bbox 1081 1019 1142 1044; x_wconf 89' lang='lat' dir='ltr'><strong>suo,</strong></span> <span class='ocrx_word' id='word_1_369' title='bbox 1160 1011 1188 1038; x_wconf 94' lang='lat' dir='ltr'><strong>in</strong></span> <span class='ocrx_word' id='word_1_370' title='bbox 1204 1011 1249 1038; x_wconf 88' lang='lat' dir='ltr'><strong>die</strong></span> <span class='ocrx_word' id='word_1_371' title='bbox 1264 1010 1399 1037; x_wconf 86' lang='lat' dir='ltr'><strong>malorum</strong></span> <span class='ocrx_word' id='word_1_372' title='bbox 1409 1015 1534 1035; x_wconf 86' lang='lat' dir='ltr'><strong>meorum</strong></span> <span class='ocrx_word' id='word_1_373' title='bbox 1547 1006 1667 1042; x_wconf 82' lang='lat' dir='ltr'><strong>protexit</strong></span> <span class='ocrx_word' id='word_1_374' title='bbox 1677 1013 1720 1032; x_wconf 90' lang='lat' dir='ltr'><strong>me</strong></span> <span class='ocrx_word' id='word_1_375' title='bbox 1734 1005 1762 1032; x_wconf 93' lang='lat' dir='ltr'><strong>in</strong></span> 
     </span>
    </p>
   </div>
   <div class='ocr_carea' id='block_1_51' title="bbox 970 1051 1764 1093">
    <p class='ocr_par' dir='ltr' id='par_1_51' title="bbox 970 1051 1764 1093">
     <span class='ocr_line' id='line_1_51' title="bbox 970 1051 1764 1093; baseline -0.011 -8"><span class='ocrx_word' id='word_1_376' title='bbox 970 1056 1106 1093; x_wconf 82' lang='lat' dir='ltr'><strong>profundo</strong></span> <span class='ocrx_word' id='word_1_377' title='bbox 1128 1054 1297 1083; x_wconf 83' lang='lat' dir='ltr'><strong>tabernaculi</strong></span> <span class='ocrx_word' id='word_1_378' title='bbox 1319 1054 1361 1081; x_wconf 88' lang='lat' dir='ltr'><strong>sui</strong></span> <span class='ocrx_word' id='word_1_379' title='bbox 1379 1053 1412 1080; x_wconf 70' lang='lat'><strong>&quot;&#39;.</strong></span> <span class='ocrx_word' id='word_1_380' title='bbox 1438 1062 1446 1078; x_wconf 75' lang='grc' dir='ltr'><strong>ι</strong></span> <span class='ocrx_word' id='word_1_381' title='bbox 1470 1051 1609 1078; x_wconf 89' lang='lat' dir='ltr'><strong>Timidum</strong></span> <span class='ocrx_word' id='word_1_382' title='bbox 1629 1051 1721 1085; x_wconf 84' lang='lat' dir='ltr'><strong>itaque</strong></span> <span class='ocrx_word' id='word_1_383' title='bbox 1735 1053 1764 1076; x_wconf 84' lang='lat' dir='ltr'><strong>et</strong></span> 
     </span>
    </p>
   </div>
   <div class='ocr_carea' id='block_1_52' title="bbox 971 1095 1763 1131">
    <p class='ocr_par' dir='ltr' id='par_1_52' title="bbox 971 1095 1763 1131">
     <span class='ocr_line' id='line_1_52' title="bbox 971 1095 1763 1131; baseline -0.011 -1"><span class='ocrx_word' id='word_1_384' title='bbox 971 1107 1099 1130; x_wconf 73' lang='lat' dir='ltr'><strong>mmstum</strong></span> <span class='ocrx_word' id='word_1_385' title='bbox 1120 1101 1200 1128; x_wconf 80' lang='lat' dir='ltr'><strong>valde</strong></span> <span class='ocrx_word' id='word_1_386' title='bbox 1218 1099 1347 1127; x_wconf 79' lang='lat' dir='ltr'><strong>etl‘ectum</strong></span> <span class='ocrx_word' id='word_1_387' title='bbox 1366 1098 1461 1129; x_wconf 83' lang='lat' dir='ltr'><strong>Iacob,</strong></span> <span class='ocrx_word' id='word_1_388' title='bbox 1486 1097 1559 1124; x_wconf 87' lang='lat' dir='ltr'><strong>Deus</strong></span> <span class='ocrx_word' id='word_1_389' title='bbox 1572 1095 1708 1131; x_wconf 73' lang='lat' dir='ltr'><strong>proficisci</strong></span> <span class='ocrx_word' id='word_1_390' title='bbox 1718 1095 1763 1130; x_wconf 83' lang='lat' dir='ltr'><strong>ju-</strong></span> 
     </span>
    </p>
   </div>
   <div class='ocr_carea' id='block_1_53' title="bbox 971 1140 1762 1177">
    <p class='ocr_par' dir='ltr' id='par_1_53' title="bbox 971 1140 1762 1177">
     <span class='ocr_line' id='line_1_53' title="bbox 971 1140 1762 1177; baseline -0.013 0"><span class='ocrx_word' id='word_1_391' title='bbox 971 1149 1027 1177; x_wconf 85' lang='lat' dir='ltr'><strong>bet.</strong></span> <span class='ocrx_word' id='word_1_392' title='bbox 1042 1149 1082 1176; x_wconf 83' lang='lat' dir='ltr'><strong>Ita</strong></span> <span class='ocrx_word' id='word_1_393' title='bbox 1094 1154 1160 1175; x_wconf 86' lang='lat' dir='ltr'><strong>vero</strong></span> <span class='ocrx_word' id='word_1_394' title='bbox 1174 1146 1277 1174; x_wconf 84' lang='lat' dir='ltr'><strong>habet:</strong></span> <span class='ocrx_word' id='word_1_395' title='bbox 1302 1155 1311 1171; x_wconf 86' lang='grc'><em>‹</em></span> <span class='ocrx_word' id='word_1_396' title='bbox 1324 1145 1398 1172; x_wconf 84' lang='lat' dir='ltr'><strong>Dixit</strong></span> <span class='ocrx_word' id='word_1_397' title='bbox 1415 1148 1506 1171; x_wconf 90' lang='lat' dir='ltr'><strong>autem</strong></span> <span class='ocrx_word' id='word_1_398' title='bbox 1524 1143 1597 1170; x_wconf 89' lang='lat' dir='ltr'><strong>Deus</strong></span> <span class='ocrx_word' id='word_1_399' title='bbox 1614 1141 1647 1169; x_wconf 84' lang='lat' dir='ltr'><strong>ad</strong></span> <span class='ocrx_word' id='word_1_400' title='bbox 1659 1140 1762 1168; x_wconf 88' lang='lat' dir='ltr'><strong>Iacob:</strong></span> 
     </span>
    </p>
   </div>
   <div class='ocr_carea' id='block_1_54' title="bbox 973 1186 1763 1231">
    <p class='ocr_par' dir='ltr' id='par_1_54' title="bbox 973 1186 1763 1231">
     <span class='ocr_line' id='line_1_54' title="bbox 973 1186 1763 1231; baseline -0.013 -8"><span class='ocrx_word' id='word_1_401' title='bbox 973 1196 1092 1231; x_wconf 77' lang='lat' dir='ltr'><strong>Surgens</strong></span> <span class='ocrx_word' id='word_1_402' title='bbox 1119 1193 1236 1221; x_wconf 89' lang='lat' dir='ltr'><strong>ascende</strong></span> <span class='ocrx_word' id='word_1_403' title='bbox 1263 1193 1291 1219; x_wconf 93' lang='lat' dir='ltr'><strong>in</strong></span> <span class='ocrx_word' id='word_1_404' title='bbox 1311 1192 1403 1219; x_wconf 85' lang='lat' dir='ltr'><strong>locum</strong></span> <span class='ocrx_word' id='word_1_405' title='bbox 1422 1189 1528 1221; x_wconf 86' lang='lat' dir='ltr'><strong>Betbel,</strong></span> <span class='ocrx_word' id='word_1_406' title='bbox 1545 1193 1573 1216; x_wconf 86' lang='lat' dir='ltr'><strong>et</strong></span> <span class='ocrx_word' id='word_1_407' title='bbox 1586 1187 1679 1215; x_wconf 85' lang='lat' dir='ltr'><strong>habita</strong></span> <span class='ocrx_word' id='word_1_408' title='bbox 1698 1186 1763 1219; x_wconf 81' lang='lat' dir='ltr'><strong>illic,</strong></span> 
     </span>
    </p>
   </div>
   <div class='ocr_carea' id='block_1_55' title="bbox 972 1233 1765 1273">
    <p class='ocr_par' dir='ltr' id='par_1_55' title="bbox 972 1233 1765 1273">
     <span class='ocr_line' id='line_1_55' title="bbox 972 1233 1765 1273; baseline -0.014 -3"><span class='ocrx_word' id='word_1_409' title='bbox 972 1246 1000 1270; x_wconf 92' lang='lat' dir='ltr'><strong>et</strong></span> <span class='ocrx_word' id='word_1_410' title='bbox 1018 1242 1059 1269; x_wconf 87' lang='lat' dir='ltr'><strong>fac</strong></span> <span class='ocrx_word' id='word_1_411' title='bbox 1074 1241 1112 1268; x_wconf 84' lang='lat' dir='ltr'><strong>ibi</strong></span> <span class='ocrx_word' id='word_1_412' title='bbox 1129 1240 1214 1268; x_wconf 87' lang='lat' dir='ltr'><strong>altare</strong></span> <span class='ocrx_word' id='word_1_413' title='bbox 1233 1239 1299 1271; x_wconf 84' lang='lat' dir='ltr'><strong>Deo,</strong></span> <span class='ocrx_word' id='word_1_414' title='bbox 1319 1238 1367 1273; x_wconf 88' lang='lat' dir='ltr'><strong>qui</strong></span> <span class='ocrx_word' id='word_1_415' title='bbox 1379 1236 1506 1272; x_wconf 87' lang='lat' dir='ltr'><strong>apparuit</strong></span> <span class='ocrx_word' id='word_1_416' title='bbox 1518 1235 1566 1262; x_wconf 84' lang='lat' dir='ltr'><strong>tibi</strong></span> <span class='ocrx_word' id='word_1_417' title='bbox 1582 1242 1643 1261; x_wconf 90' lang='lat' dir='ltr'><strong>cum</strong></span> <span class='ocrx_word' id='word_1_418' title='bbox 1658 1233 1765 1268; x_wconf 80' lang='lat' dir='ltr'><strong>fugeres</strong></span> 
     </span>
    </p>
   </div>
   <div class='ocr_carea' id='block_1_56' title="bbox 972 1278 1765 1316">
    <p class='ocr_par' dir='ltr' id='par_1_56' title="bbox 972 1278 1765 1316">
     <span class='ocr_line' id='line_1_56' title="bbox 972 1278 1765 1316; baseline -0.014 0"><span class='ocrx_word' id='word_1_419' title='bbox 972 1297 988 1316; x_wconf 87' lang='lat' dir='ltr'><strong>a</strong></span> <span class='ocrx_word' id='word_1_420' title='bbox 1010 1288 1080 1316; x_wconf 84' lang='lat' dir='ltr'><strong>facie</strong></span> <span class='ocrx_word' id='word_1_421' title='bbox 1105 1287 1176 1314; x_wconf 87' lang='lat' dir='ltr'><strong>Esau</strong></span> <span class='ocrx_word' id='word_1_422' title='bbox 1198 1285 1291 1313; x_wconf 83' lang='lat' dir='ltr'><strong>fratris</strong></span> <span class='ocrx_word' id='word_1_423' title='bbox 1312 1284 1362 1311; x_wconf 94' lang='lat' dir='ltr'><strong>tui.</strong></span> <span class='ocrx_word' id='word_1_424' title='bbox 1383 1282 1456 1310; x_wconf 75' lang='lat' dir='ltr'><strong>Dixit</strong></span> <span class='ocrx_word' id='word_1_425' title='bbox 1470 1286 1562 1308; x_wconf 87' lang='lat' dir='ltr'><strong>autem</strong></span> <span class='ocrx_word' id='word_1_426' title='bbox 1575 1279 1659 1308; x_wconf 89' lang='lat' dir='ltr'><strong>Iacob</strong></span> <span class='ocrx_word' id='word_1_427' title='bbox 1672 1278 1765 1306; x_wconf 86' lang='lat' dir='ltr'><strong>domui</strong></span> 
     </span>
    </p>
   </div>
   <div class='ocr_carea' id='block_1_57' title="bbox 972 1325 1765 1367">
    <p class='ocr_par' dir='ltr' id='par_1_57' title="bbox 972 1325 1765 1367">
     <span class='ocr_line' id='line_1_57' title="bbox 972 1325 1765 1367; baseline -0.015 -5"><span class='ocrx_word' id='word_1_428' title='bbox 972 1343 1039 1367; x_wconf 65' lang='lat' dir='ltr'><strong>sua},</strong></span> <span class='ocrx_word' id='word_1_429' title='bbox 1057 1337 1085 1361; x_wconf 88' lang='lat' dir='ltr'><strong>et</strong></span> <span class='ocrx_word' id='word_1_430' title='bbox 1100 1333 1228 1360; x_wconf 88' lang='lat' dir='ltr'><strong>omnibus</strong></span> <span class='ocrx_word' id='word_1_431' title='bbox 1244 1331 1292 1366; x_wconf 84' lang='lat' dir='ltr'><strong>qui</strong></span> <span class='ocrx_word' id='word_1_432' title='bbox 1307 1338 1370 1357; x_wconf 86' lang='lat' dir='ltr'><strong>cum</strong></span> <span class='ocrx_word' id='word_1_433' title='bbox 1383 1337 1417 1356; x_wconf 89' lang='lat' dir='ltr'><strong>eo</strong></span> <span class='ocrx_word' id='word_1_434' title='bbox 1433 1337 1438 1355; x_wconf 93' lang='lat'>:</span> <span class='ocrx_word' id='word_1_435' title='bbox 1458 1327 1556 1355; x_wconf 87' lang='lat' dir='ltr'><strong>Tollite</strong></span> <span class='ocrx_word' id='word_1_436' title='bbox 1575 1326 1641 1353; x_wconf 91' lang='lat' dir='ltr'><strong>deos</strong></span> <span class='ocrx_word' id='word_1_437' title='bbox 1663 1325 1765 1352; x_wconf 80' lang='lat' dir='ltr'><strong>alienos</strong></span> 
     </span>
    </p>
   </div>
   <div class='ocr_carea' id='block_1_58' title="bbox 974 1374 1767 1409">
    <p class='ocr_par' dir='ltr' id='par_1_58' title="bbox 974 1374 1767 1409">
     <span class='ocr_line' id='line_1_58' title="bbox 974 1374 1767 1409; baseline -0.015 0"><span class='ocrx_word' id='word_1_438' title='bbox 974 1382 1007 1409; x_wconf 90' lang='lat' dir='ltr'><strong>de</strong></span> <span class='ocrx_word' id='word_1_439' title='bbox 1025 1380 1117 1408; x_wconf 90' lang='lat' dir='ltr'><strong>medio</strong></span> <span class='ocrx_word' id='word_1_440' title='bbox 1127 1383 1262 1409; x_wconf 87' lang='lat' dir='ltr'><strong>vestrum,</strong></span> <span class='ocrx_word' id='word_1_441' title='bbox 1275 1382 1303 1405; x_wconf 87' lang='lat' dir='ltr'><strong>et</strong></span> <span class='ocrx_word' id='word_1_442' title='bbox 1321 1374 1504 1406; x_wconf 85' lang='lat' dir='ltr'><strong>mundamini,</strong></span> <span class='ocrx_word' id='word_1_443' title='bbox 1522 1377 1549 1400; x_wconf 90' lang='lat' dir='ltr'><strong>et</strong></span> <span class='ocrx_word' id='word_1_444' title='bbox 1561 1376 1664 1399; x_wconf 85' lang='lat' dir='ltr'><strong>mutate</strong></span> <span class='ocrx_word' id='word_1_445' title='bbox 1676 1376 1767 1398; x_wconf 82' lang='lat' dir='ltr'><strong>vestes</strong></span> 
     </span>
    </p>
   </div>
   <div class='ocr_carea' id='block_1_59' title="bbox 973 1415 1767 1458">
    <p class='ocr_par' dir='ltr' id='par_1_59' title="bbox 973 1415 1767 1458">
     <span class='ocr_line' id='line_1_59' title="bbox 973 1415 1767 1458; baseline -0.014 -5"><span class='ocrx_word' id='word_1_446' title='bbox 973 1429 1088 1457; x_wconf 84' lang='lat' dir='ltr'><strong>vestras,</strong></span> <span class='ocrx_word' id='word_1_447' title='bbox 1113 1428 1140 1451; x_wconf 89' lang='lat' dir='ltr'><strong>et</strong></span> <span class='ocrx_word' id='word_1_448' title='bbox 1159 1427 1304 1458; x_wconf 78' lang='lat' dir='ltr'><strong>surgentes</strong></span> <span class='ocrx_word' id='word_1_449' title='bbox 1320 1419 1500 1448; x_wconf 86' lang='lat' dir='ltr'><strong>ascendamus</strong></span> <span class='ocrx_word' id='word_1_450' title='bbox 1520 1419 1546 1445; x_wconf 96' lang='lat' dir='ltr'><strong>in</strong></span> <span class='ocrx_word' id='word_1_451' title='bbox 1560 1417 1666 1448; x_wconf 86' lang='lat' dir='ltr'><strong>Betbel,</strong></span> <span class='ocrx_word' id='word_1_452' title='bbox 1680 1420 1709 1444; x_wconf 87' lang='lat' dir='ltr'><strong>et</strong></span> <span class='ocrx_word' id='word_1_453' title='bbox 1723 1415 1767 1442; x_wconf 80' lang='lat' dir='ltr'><strong>fa-</strong></span> 
     </span>
    </p>
   </div>
   <div class='ocr_carea' id='block_1_60' title="bbox 974 1461 1766 1502">
    <p class='ocr_par' dir='ltr' id='par_1_60' title="bbox 974 1461 1766 1502">
     <span class='ocr_line' id='line_1_60' title="bbox 974 1461 1766 1502; baseline -0.014 -3"><span class='ocrx_word' id='word_1_454' title='bbox 974 1472 1079 1499; x_wconf 89' lang='lat' dir='ltr'><strong>ciamus</strong></span> <span class='ocrx_word' id='word_1_455' title='bbox 1096 1470 1134 1498; x_wconf 89' lang='lat' dir='ltr'><strong>ibi</strong></span> <span class='ocrx_word' id='word_1_456' title='bbox 1153 1470 1239 1497; x_wconf 87' lang='lat' dir='ltr'><strong>altare</strong></span> <span class='ocrx_word' id='word_1_457' title='bbox 1255 1469 1322 1500; x_wconf 90' lang='lat' dir='ltr'><strong>Deo,</strong></span> <span class='ocrx_word' id='word_1_458' title='bbox 1341 1467 1389 1502; x_wconf 86' lang='lat' dir='ltr'><strong>qui</strong></span> <span class='ocrx_word' id='word_1_459' title='bbox 1399 1465 1541 1494; x_wconf 76' lang='lat' dir='ltr'><strong>exaudivit</strong></span> <span class='ocrx_word' id='word_1_460' title='bbox 1556 1471 1600 1490; x_wconf 88' lang='lat' dir='ltr'><strong>me</strong></span> <span class='ocrx_word' id='word_1_461' title='bbox 1611 1463 1638 1490; x_wconf 94' lang='lat' dir='ltr'><strong>in</strong></span> <span class='ocrx_word' id='word_1_462' title='bbox 1657 1463 1700 1489; x_wconf 86' lang='lat' dir='ltr'><strong>die</strong></span> <span class='ocrx_word' id='word_1_463' title='bbox 1716 1461 1766 1490; x_wconf 81' lang='lat' dir='ltr'><strong>tri--</strong></span> 
     </span>
    </p>
   </div>
   <div class='ocr_carea' id='block_1_61' title="bbox 975 1507 1767 1550">
    <p class='ocr_par' dir='ltr' id='par_1_61' title="bbox 975 1507 1767 1550">
     <span class='ocr_line' id='line_1_61' title="bbox 975 1507 1767 1550; baseline -0.013 -6"><span class='ocrx_word' id='word_1_464' title='bbox 975 1516 1134 1548; x_wconf 84' lang='lat' dir='ltr'><strong>bulationis,</strong></span> <span class='ocrx_word' id='word_1_465' title='bbox 1151 1515 1197 1550; x_wconf 89' lang='lat' dir='ltr'><strong>qui</strong></span> <span class='ocrx_word' id='word_1_466' title='bbox 1213 1514 1265 1541; x_wconf 79' lang='lat' dir='ltr'><strong>fuit</strong></span> <span class='ocrx_word' id='word_1_467' title='bbox 1287 1520 1394 1540; x_wconf 86' lang='lat' dir='ltr'><strong>mecum</strong></span> <span class='ocrx_word' id='word_1_468' title='bbox 1417 1516 1445 1539; x_wconf 86' lang='lat' dir='ltr'><strong>et</strong></span> <span class='ocrx_word' id='word_1_469' title='bbox 1464 1510 1579 1537; x_wconf 72' lang='lat' dir='ltr'><strong>salvavit</strong></span> <span class='ocrx_word' id='word_1_470' title='bbox 1602 1517 1645 1536; x_wconf 92' lang='lat' dir='ltr'><strong>me</strong></span> <span class='ocrx_word' id='word_1_471' title='bbox 1668 1509 1695 1535; x_wconf 93' lang='lat' dir='ltr'><strong>in</strong></span> <span class='ocrx_word' id='word_1_472' title='bbox 1723 1507 1767 1534; x_wconf 85' lang='lat' dir='ltr'><strong>via</strong></span> 
     </span>
    </p>
   </div>
   <div class='ocr_carea' id='block_1_62' title="bbox 132 1552 923 1601">
    <p class='ocr_par' dir='ltr' id='par_1_62' title="bbox 132 1559 922 1599">
     <span class='ocr_line' id='line_1_62' title="bbox 132 1559 922 1599; baseline -0.008 -8"><span class='ocrx_word' id='word_1_473' title='bbox 132 1566 197 1596; x_wconf 67' lang='grc' dir='ltr'>τοῦς</span> <span class='ocrx_word' id='word_1_474' title='bbox 216 1564 374 1599; x_wconf 78' lang='grc' dir='ltr'>ἀλλοτρίους</span> <span class='ocrx_word' id='word_1_475' title='bbox 392 1565 424 1590; x_wconf 76' lang='grc' dir='ltr'>ἐκ</span> <span class='ocrx_word' id='word_1_476' title='bbox 446 1564 528 1598; x_wconf 79' lang='grc' dir='ltr'>μέσου</span> <span class='ocrx_word' id='word_1_477' title='bbox 550 1562 638 1597; x_wconf 76' lang='grc' dir='ltr'>ὑμῶν,</span> <span class='ocrx_word' id='word_1_478' title='bbox 655 1562 703 1588; x_wconf 77' lang='grc' dir='ltr'>καὶ</span> <span class='ocrx_word' id='word_1_479' title='bbox 726 1559 922 1596; x_wconf 78' lang='grc' dir='ltr'>καθαρίσθητε,</span> 
     </span>
    </p>
   </div>
   <div class='ocr_carea' id='block_1_63' title="bbox 974 1552 1768 1601">
    <p class='ocr_par' dir='ltr' id='par_1_63' title="bbox 975 1552 1768 1599">
     <span class='ocr_line' id='line_1_63' title="bbox 975 1552 1768 1599; baseline -0.011 -8"><span class='ocrx_word' id='word_1_480' title='bbox 975 1571 1029 1599; x_wconf 87' lang='lat' dir='ltr'><strong>qua</strong></span> <span class='ocrx_word' id='word_1_481' title='bbox 1046 1561 1193 1590; x_wconf 85' lang='lat' dir='ltr'><strong>ambulavi.</strong></span> <span class='ocrx_word' id='word_1_482' title='bbox 1212 1559 1246 1587; x_wconf 88' lang='lat' dir='ltr'><strong>Et</strong></span> <span class='ocrx_word' id='word_1_483' title='bbox 1265 1558 1402 1587; x_wconf 82' lang='lat' dir='ltr'><strong>dederunt</strong></span> <span class='ocrx_word' id='word_1_484' title='bbox 1418 1558 1501 1586; x_wconf 87' lang='lat' dir='ltr'><strong>Iacob</strong></span> <span class='ocrx_word' id='word_1_485' title='bbox 1515 1557 1581 1584; x_wconf 88' lang='lat' dir='ltr'><strong>deos</strong></span> <span class='ocrx_word' id='word_1_486' title='bbox 1600 1556 1703 1583; x_wconf 81' lang='lat' dir='ltr'><strong>alienos</strong></span> <span class='ocrx_word' id='word_1_487' title='bbox 1719 1552 1768 1589; x_wconf 82' lang='lat' dir='ltr'><strong>qui</strong></span> 
     </span>
    </p>
   </div>
   <div class='ocr_carea' id='block_1_64' title="bbox 133 1606 920 1645">
    <p class='ocr_par' dir='ltr' id='par_1_64' title="bbox 133 1606 920 1645">
     <span class='ocr_line' id='line_1_64' title="bbox 133 1606 920 1645; baseline -0.008 -8"><span class='ocrx_word' id='word_1_488' title='bbox 133 1612 179 1638; x_wconf 77' lang='grc' dir='ltr'>καὶ</span> <span class='ocrx_word' id='word_1_489' title='bbox 195 1609 326 1642; x_wconf 68' lang='grc' dir='ltr'>ἀλλὰξκτε</span> <span class='ocrx_word' id='word_1_490' title='bbox 342 1610 390 1640; x_wconf 73' lang='grc' dir='ltr'><strong>τὰς</strong></span> <span class='ocrx_word' id='word_1_491' title='bbox 405 1608 499 1639; x_wconf 81' lang='grc' dir='ltr'>στολὰς</span> <span class='ocrx_word' id='word_1_492' title='bbox 514 1607 601 1643; x_wconf 77' lang='grc' dir='ltr'>ὑμῶν,</span> <span class='ocrx_word' id='word_1_493' title='bbox 617 1608 663 1634; x_wconf 70' lang='grc' dir='ltr'>καὶ</span> <span class='ocrx_word' id='word_1_494' title='bbox 677 1607 842 1645; x_wconf 69' lang='grc' dir='ltr'>ἀναστάντες</span> <span class='ocrx_word' id='word_1_495' title='bbox 855 1606 920 1632; x_wconf 86' lang='grc' dir='ltr'>ἀνα-</span> 
     </span>
    </p>
   </div>
   <div class='ocr_carea' id='block_1_65' title="bbox 133 1651 922 1692">
    <p class='ocr_par' dir='ltr' id='par_1_65' title="bbox 133 1651 922 1692">
     <span class='ocr_line' id='line_1_65' title="bbox 133 1651 922 1692; baseline -0.009 -9"><span class='ocrx_word' id='word_1_496' title='bbox 133 1657 225 1692; x_wconf 80' lang='grc' dir='ltr'>ϐὦμεν</span> <span class='ocrx_word' id='word_1_497' title='bbox 242 1658 280 1688; x_wconf 84' lang='grc' dir='ltr'><strong>είς</strong></span> <span class='ocrx_word' id='word_1_498' title='bbox 295 1655 406 1691; x_wconf 79' lang='grc' dir='ltr'>Βαιθὴλ,</span> <span class='ocrx_word' id='word_1_499' title='bbox 418 1655 465 1681; x_wconf 75' lang='grc' dir='ltr'>καὶ</span> <span class='ocrx_word' id='word_1_500' title='bbox 481 1654 639 1689; x_wconf 80' lang='grc' dir='ltr'>ποιήσωμεν</span> <span class='ocrx_word' id='word_1_501' title='bbox 654 1653 712 1678; x_wconf 79' lang='grc' dir='ltr'>ἐκεῖ</span> <span class='ocrx_word' id='word_1_502' title='bbox 728 1651 922 1686; x_wconf 80' lang='grc' dir='ltr'>θυσιαστήριον</span> 
     </span>
    </p>
   </div>
   <div class='ocr_carea' id='block_1_66' title="bbox 132 1697 923 1739">
    <p class='ocr_par' dir='ltr' id='par_1_66' title="bbox 132 1697 923 1739">
     <span class='ocr_line' id='line_1_66' title="bbox 132 1697 923 1739; baseline -0.009 -9"><span class='ocrx_word' id='word_1_503' title='bbox 132 1703 172 1739; x_wconf 82' lang='grc' dir='ltr'>τῷ</span> <span class='ocrx_word' id='word_1_504' title='bbox 187 1703 246 1736; x_wconf 79' lang='grc' dir='ltr'><strong>Θεῷ</strong></span> <span class='ocrx_word' id='word_1_505' title='bbox 267 1703 307 1737; x_wconf 80' lang='grc' dir='ltr'>τῷ</span> <span class='ocrx_word' id='word_1_506' title='bbox 328 1700 510 1729; x_wconf 75' lang='grc' dir='ltr'>ἐπακούσαντί</span> <span class='ocrx_word' id='word_1_507' title='bbox 528 1709 572 1736; x_wconf 86' lang='grc' dir='ltr'><strong>μοι</strong></span> <span class='ocrx_word' id='word_1_508' title='bbox 598 1700 627 1726; x_wconf 80' lang='grc' dir='ltr'><strong>ὲν</strong></span> <span class='ocrx_word' id='word_1_509' title='bbox 641 1699 734 1734; x_wconf 80' lang='grc' dir='ltr'>ἡμέρᾳ</span> <span class='ocrx_word' id='word_1_510' title='bbox 753 1697 878 1732; x_wconf 77' lang='grc' dir='ltr'>θλίψεως,</span> <span class='ocrx_word' id='word_1_511' title='bbox 893 1697 923 1728; x_wconf 84' lang='grc' dir='ltr'>ὃς</span> 
     </span>
    </p>
   </div>
   <div class='ocr_carea' id='block_1_67' title="bbox 134 1740 924 1785">
    <p class='ocr_par' dir='ltr' id='par_1_67' title="bbox 134 1740 924 1785">
     <span class='ocr_line' id='line_1_67' title="bbox 134 1740 924 1785; baseline -0.01 -9"><span class='ocrx_word' id='word_1_512' title='bbox 134 1747 167 1785; x_wconf 75' lang='grc' dir='ltr'><strong>ἦν</strong></span> <span class='ocrx_word' id='word_1_513' title='bbox 185 1749 243 1784; x_wconf 76' lang='grc' dir='ltr'>μετ’</span> <span class='ocrx_word' id='word_1_514' title='bbox 260 1748 337 1783; x_wconf 80' lang='grc' dir='ltr'><strong>ἐμοῦ,</strong></span> <span class='ocrx_word' id='word_1_515' title='bbox 353 1748 400 1774; x_wconf 76' lang='grc' dir='ltr'>καὶ</span> <span class='ocrx_word' id='word_1_516' title='bbox 414 1746 526 1773; x_wconf 71' lang='grc' dir='ltr'>διέσωσε</span> <span class='ocrx_word' id='word_1_517' title='bbox 549 1754 582 1780; x_wconf 85' lang='grc' dir='ltr'><strong>με</strong></span> <span class='ocrx_word' id='word_1_518' title='bbox 605 1746 632 1771; x_wconf 78' lang='grc' dir='ltr'><strong>ἐν</strong></span> <span class='ocrx_word' id='word_1_519' title='bbox 650 1745 683 1779; x_wconf 85' lang='grc' dir='ltr'><strong>τῇ</strong></span> <span class='ocrx_word' id='word_1_520' title='bbox 711 1742 763 1778; x_wconf 79' lang='grc' dir='ltr'>οδῴ</span> <span class='ocrx_word' id='word_1_521' title='bbox 810 1741 924 1778; x_wconf 80' lang='grc' dir='ltr'>ἐπορεύ-</span> 
     </span>
    </p>
   </div>
   <div class='ocr_carea' id='block_1_68' title="bbox 135 1789 923 1832">
    <p class='ocr_par' dir='ltr' id='par_1_68' title="bbox 135 1789 923 1832">
     <span class='ocr_line' id='line_1_68' title="bbox 135 1789 923 1832; baseline -0.009 -10"><span class='ocrx_word' id='word_1_522' title='bbox 135 1796 194 1832; x_wconf 76' lang='grc' dir='ltr'><strong>θην.</strong></span> <span class='ocrx_word' id='word_1_523' title='bbox 215 1795 268 1822; x_wconf 79' lang='grc' dir='ltr'><strong>Καὶ</strong></span> <span class='ocrx_word' id='word_1_524' title='bbox 290 1794 392 1821; x_wconf 66' lang='grc' dir='ltr'>ἔδωκαν</span> <span class='ocrx_word' id='word_1_525' title='bbox 407 1793 444 1828; x_wconf 85' lang='grc' dir='ltr'>τῷ</span> <span class='ocrx_word' id='word_1_526' title='bbox 465 1791 561 1819; x_wconf 84' lang='grc' dir='ltr'>Ἰακὼϐ</span> <span class='ocrx_word' id='word_1_527' title='bbox 577 1791 640 1822; x_wconf 81' lang='grc' dir='ltr'>τοὺς</span> <span class='ocrx_word' id='word_1_528' title='bbox 667 1790 744 1822; x_wconf 83' lang='grc' dir='ltr'>Θεοὺς</span> <span class='ocrx_word' id='word_1_529' title='bbox 766 1789 923 1824; x_wconf 82' lang='grc' dir='ltr'>ἀλλοτρίους</span> 
     </span>
    </p>
   </div>
   <div class='ocr_carea' id='block_1_69' title="bbox 134 1835 923 1876">
    <p class='ocr_par' dir='ltr' id='par_1_69' title="bbox 134 1835 923 1876">
     <span class='ocr_line' id='line_1_69' title="bbox 134 1835 923 1876; baseline -0.009 -9"><span class='ocrx_word' id='word_1_530' title='bbox 134 1842 158 1868; x_wconf 82' lang='grc' dir='ltr'>οἳ</span> <span class='ocrx_word' id='word_1_531' title='bbox 173 1839 243 1876; x_wconf 74' lang='grc' dir='ltr'>ἦσαν</span> <span class='ocrx_word' id='word_1_532' title='bbox 262 1840 291 1866; x_wconf 82' lang='grc' dir='ltr'>ὲν</span> <span class='ocrx_word' id='word_1_533' title='bbox 302 1839 360 1870; x_wconf 83' lang='grc' dir='ltr'>ταῖς</span> <span class='ocrx_word' id='word_1_534' title='bbox 373 1839 466 1875; x_wconf 68' lang='grc' dir='ltr'>χερσὶν</span> <span class='ocrx_word' id='word_1_535' title='bbox 483 1837 582 1869; x_wconf 81' lang='grc' dir='ltr'>αὐτῶν,</span> <span class='ocrx_word' id='word_1_536' title='bbox 595 1837 643 1864; x_wconf 77' lang='grc' dir='ltr'>καὶ</span> <span class='ocrx_word' id='word_1_537' title='bbox 658 1835 694 1863; x_wconf 72' lang='grc' dir='ltr'><strong>τὰ</strong></span> <span class='ocrx_word' id='word_1_538' title='bbox 712 1835 811 1862; x_wconf 76' lang='grc' dir='ltr'>ἐνώτια</span> <span class='ocrx_word' id='word_1_539' title='bbox 837 1835 872 1861; x_wconf 81' lang='grc' dir='ltr'><strong>τὰ</strong></span> <span class='ocrx_word' id='word_1_540' title='bbox 894 1835 923 1862; x_wconf 81' lang='grc' dir='ltr'><strong>ὲν</strong></span> 
     </span>
    </p>
   </div>
   <div class='ocr_carea' id='block_1_70' title="bbox 135 1880 925 1919">
    <p class='ocr_par' dir='ltr' id='par_1_70' title="bbox 135 1880 925 1919">
     <span class='ocr_line' id='line_1_70' title="bbox 135 1880 925 1919; baseline -0.01 -5"><span class='ocrx_word' id='word_1_541' title='bbox 135 1889 190 1919; x_wconf 76' lang='grc' dir='ltr'>τοῖς</span> <span class='ocrx_word' id='word_1_542' title='bbox 205 1887 272 1913; x_wconf 76' lang='grc' dir='ltr'><strong>ὠσὶν</strong></span> <span class='ocrx_word' id='word_1_543' title='bbox 291 1886 390 1917; x_wconf 83' lang='grc' dir='ltr'>αὐτῶν,</span> <span class='ocrx_word' id='word_1_544' title='bbox 407 1885 454 1912; x_wconf 70' lang='grc' dir='ltr'>καὶ</span> <span class='ocrx_word' id='word_1_545' title='bbox 477 1884 649 1918; x_wconf 83' lang='grc' dir='ltr'>κατέκρυψεν</span> <span class='ocrx_word' id='word_1_546' title='bbox 670 1882 740 1909; x_wconf 77' lang='grc' dir='ltr'>αὐτὰ</span> <span class='ocrx_word' id='word_1_547' title='bbox 762 1880 860 1908; x_wconf 87' lang='grc' dir='ltr'>Ἰακὼϐ</span> <span class='ocrx_word' id='word_1_548' title='bbox 873 1880 925 1907; x_wconf 72' lang='grc' dir='ltr'>ὑπὸ</span> 
     </span>
    </p>
   </div>
   <div class='ocr_carea' id='block_1_71' title="bbox 136 1926 924 1969">
    <p class='ocr_par' dir='ltr' id='par_1_71' title="bbox 136 1926 924 1969">
     <span class='ocr_line' id='line_1_71' title="bbox 136 1926 924 1969; baseline -0.01 -9"><span class='ocrx_word' id='word_1_549' title='bbox 136 1934 184 1969; x_wconf 76' lang='grc' dir='ltr'>τὴν</span> <span class='ocrx_word' id='word_1_550' title='bbox 196 1932 350 1967; x_wconf 77' lang='grc' dir='ltr'>τερέϐινοον</span> <span class='ocrx_word' id='word_1_551' title='bbox 371 1931 419 1966; x_wconf 86' lang='grc' dir='ltr'>τὴν</span> <span class='ocrx_word' id='word_1_552' title='bbox 433 1931 462 1957; x_wconf 81' lang='grc' dir='ltr'><strong>ἐν</strong></span> <span class='ocrx_word' id='word_1_553' title='bbox 477 1930 612 1965; x_wconf 76' lang='grc' dir='ltr'>Σικίμοις,</span> <span class='ocrx_word' id='word_1_554' title='bbox 633 1929 680 1956; x_wconf 79' lang='grc' dir='ltr'>καὶ</span> <span class='ocrx_word' id='word_1_555' title='bbox 694 1927 840 1955; x_wconf 80' lang='grc' dir='ltr'><strong>ἀπώλεσαν</strong></span> <span class='ocrx_word' id='word_1_556' title='bbox 855 1926 924 1953; x_wconf 73' lang='grc' dir='ltr'>αὐτὰ</span> 
     </span>
    </p>
   </div>
   <div class='ocr_carea' id='block_1_72' title="bbox 135 1972 926 2014">
    <p class='ocr_par' dir='ltr' id='par_1_72' title="bbox 135 1972 926 2014">
     <span class='ocr_line' id='line_1_72' title="bbox 135 1972 926 2014; baseline -0.008 -9"><span class='ocrx_word' id='word_1_557' title='bbox 135 1980 188 2011; x_wconf 78' lang='grc' dir='ltr'>ἕως</span> <span class='ocrx_word' id='word_1_558' title='bbox 206 1979 256 2014; x_wconf 79' lang='grc' dir='ltr'>τῆς</span> <span class='ocrx_word' id='word_1_559' title='bbox 270 1979 388 2014; x_wconf 78' lang='grc' dir='ltr'>σήμερον</span> <span class='ocrx_word' id='word_1_560' title='bbox 404 1977 520 2012; x_wconf 80' lang='grc' dir='ltr'>ἡμέρας.</span> <span class='ocrx_word' id='word_1_561' title='bbox 534 1985 543 2002; x_wconf 74' lang='grc' dir='ltr'><strong>ι</strong></span> <span class='ocrx_word' id='word_1_562' title='bbox 561 1974 728 2011; x_wconf 80' lang='grc' dir='ltr'>Προσεκόιλει</span> <span class='ocrx_word' id='word_1_563' title='bbox 756 1973 805 2009; x_wconf 80' lang='grc' dir='ltr'><strong>μὲν</strong></span> <span class='ocrx_word' id='word_1_564' title='bbox 830 1972 862 2008; x_wconf 84' lang='grc' dir='ltr'>δὴ</span> <span class='ocrx_word' id='word_1_565' title='bbox 881 1973 926 1999; x_wconf 81' lang='grc' dir='ltr'>τὸν</span> 
     </span>
    </p>
   </div>
   <div class='ocr_carea' id='block_1_73' title="bbox 136 2018 926 2057">
    <p class='ocr_par' dir='ltr' id='par_1_73' title="bbox 136 2018 926 2057">
     <span class='ocr_line' id='line_1_73' title="bbox 136 2018 926 2057; baseline -0.006 -8"><span class='ocrx_word' id='word_1_566' title='bbox 136 2023 240 2050; x_wconf 79' lang='grc' dir='ltr'>δίκαιον</span> <span class='ocrx_word' id='word_1_567' title='bbox 253 2023 291 2054; x_wconf 78' lang='grc' dir='ltr'><strong>εἰς</strong></span> <span class='ocrx_word' id='word_1_568' title='bbox 303 2021 404 2057; x_wconf 80' lang='grc' dir='ltr'>Βαιϐὴλ</span> <span class='ocrx_word' id='word_1_569' title='bbox 417 2021 471 2048; x_wconf 76' lang='grc' dir='ltr'>ἀπὸ</span> <span class='ocrx_word' id='word_1_570' title='bbox 485 2021 606 2055; x_wconf 81' lang='grc' dir='ltr'>Σικίμων</span> <span class='ocrx_word' id='word_1_571' title='bbox 621 2021 636 2047; x_wconf 80' lang='grc' dir='ltr'>ὁ</span> <span class='ocrx_word' id='word_1_572' title='bbox 648 2019 703 2046; x_wconf 84' lang='grc' dir='ltr'><strong>τῶν</strong></span> <span class='ocrx_word' id='word_1_573' title='bbox 717 2019 785 2046; x_wconf 84' lang='grc' dir='ltr'>ὅλων</span> <span class='ocrx_word' id='word_1_574' title='bbox 800 2018 876 2050; x_wconf 80' lang='grc' dir='ltr'>Θεός.</span> <span class='ocrx_word' id='word_1_575' title='bbox 897 2018 926 2044; x_wconf 86' lang='lat'><strong>&#39;0</strong></span> 
     </span>
    </p>
   </div>
   <div class='ocr_carea' id='block_1_74' title="bbox 136 2063 926 2104">
    <p class='ocr_par' dir='ltr' id='par_1_74' title="bbox 136 2063 926 2104">
     <span class='ocr_line' id='line_1_74' title="bbox 136 2063 926 2104; baseline -0.009 -8"><span class='ocrx_word' id='word_1_576' title='bbox 136 2069 164 2096; x_wconf 75' lang='grc' dir='ltr'><strong>δὲ</strong></span> <span class='ocrx_word' id='word_1_577' title='bbox 179 2067 211 2104; x_wconf 81' lang='grc' dir='ltr'>ἦν</span> <span class='ocrx_word' id='word_1_578' title='bbox 229 2069 279 2096; x_wconf 74' lang='grc' dir='ltr'>οὒκ</span> <span class='ocrx_word' id='word_1_579' title='bbox 300 2068 425 2103; x_wconf 79' lang='grc' dir='ltr'>ἀπειθὴς.</span> <span class='ocrx_word' id='word_1_580' title='bbox 445 2065 512 2094; x_wconf 78' lang='grc' dir='ltr'>Εἶτα</span> <span class='ocrx_word' id='word_1_581' title='bbox 526 2065 645 2101; x_wconf 83' lang='grc' dir='ltr'>γεγονὼς</span> <span class='ocrx_word' id='word_1_582' title='bbox 667 2066 695 2091; x_wconf 78' lang='grc' dir='ltr'>ὲν</span> <span class='ocrx_word' id='word_1_583' title='bbox 714 2064 805 2096; x_wconf 78' lang='grc' dir='ltr'>Λουζά</span> <span class='ocrx_word' id='word_1_584' title='bbox 818 2063 862 2090; x_wconf 76' lang='grc' dir='ltr'><strong>διὰ</strong></span> <span class='ocrx_word' id='word_1_585' title='bbox 878 2063 926 2099; x_wconf 82' lang='grc' dir='ltr'><strong>μέ-</strong></span> 
     </span>
    </p>
   </div>
   <div class='ocr_carea' id='block_1_75' title="bbox 139 2107 927 2149">
    <p class='ocr_par' dir='ltr' id='par_1_75' title="bbox 139 2107 927 2149">
     <span class='ocr_line' id='line_1_75' title="bbox 139 2107 927 2149; baseline -0.011 -7"><span class='ocrx_word' id='word_1_586' title='bbox 139 2123 197 2144; x_wconf 70' lang='grc' dir='ltr'>σον.</span> <span class='ocrx_word' id='word_1_587' title='bbox 214 2115 259 2141; x_wconf 75' lang='grc' dir='ltr'>καὶ</span> <span class='ocrx_word' id='word_1_588' title='bbox 270 2112 439 2149; x_wconf 77' lang='grc' dir='ltr'>ϐεοπτ[ε]ἰας</span> <span class='ocrx_word' id='word_1_589' title='bbox 447 2111 608 2147; x_wconf 73' lang='grc' dir='ltr'>ἠξιωμένος,</span> <span class='ocrx_word' id='word_1_590' title='bbox 623 2110 669 2137; x_wconf 78' lang='grc' dir='ltr'><strong>καὶ</strong></span> <span class='ocrx_word' id='word_1_591' title='bbox 682 2110 722 2136; x_wconf 82' lang='grc' dir='ltr'>ὅτι</span> <span class='ocrx_word' id='word_1_592' title='bbox 733 2109 839 2135; x_wconf 81' lang='grc' dir='ltr'>πολλῶν</span> <span class='ocrx_word' id='word_1_593' title='bbox 852 2107 927 2134; x_wconf 71' lang='grc' dir='ltr'>ἔσται</span> 
     </span>
    </p>
   </div>
   <div class='ocr_carea' id='block_1_76' title="bbox 139 2154 929 2196">
    <p class='ocr_par' dir='ltr' id='par_1_76' title="bbox 139 2154 929 2196">
     <span class='ocr_line' id='line_1_76' title="bbox 139 2154 929 2196; baseline -0.011 -8"><span class='ocrx_word' id='word_1_594' title='bbox 139 2161 230 2196; x_wconf 72' lang='grc' dir='ltr'>πατὴρ</span> <span class='ocrx_word' id='word_1_595' title='bbox 247 2159 330 2187; x_wconf 74' lang='grc' dir='ltr'>ἐθνῶν</span> <span class='ocrx_word' id='word_1_596' title='bbox 342 2161 402 2191; x_wconf 84' lang='grc' dir='ltr'>ταῖς</span> <span class='ocrx_word' id='word_1_597' title='bbox 414 2157 590 2192; x_wconf 79' lang='grc' dir='ltr'>ἐπαγγελίαις</span> <span class='ocrx_word' id='word_1_598' title='bbox 603 2155 813 2191; x_wconf 75' lang='grc' dir='ltr'>ὲμπεδούμενος,</span> <span class='ocrx_word' id='word_1_599' title='bbox 825 2164 833 2180; x_wconf 90' lang='grc'><strong>‹</strong></span> <span class='ocrx_word' id='word_1_600' title='bbox 841 2154 929 2180; x_wconf 74' lang='grc' dir='ltr'>’Λνει-</span> 
     </span>
    </p>
   </div>
   <div class='ocr_carea' id='block_1_77' title="bbox 141 2200 929 2242">
    <p class='ocr_par' dir='ltr' id='par_1_77' title="bbox 141 2200 929 2242">
     <span class='ocr_line' id='line_1_77' title="bbox 141 2200 929 2242; baseline -0.011 -7"><span class='ocrx_word' id='word_1_601' title='bbox 141 2217 182 2235; x_wconf 78' lang='grc' dir='ltr'>σιν</span> <span class='ocrx_word' id='word_1_602' title='bbox 196 2209 235 2240; x_wconf 76' lang='grc' dir='ltr'><strong>εἰς</strong></span> <span class='ocrx_word' id='word_1_603' title='bbox 248 2206 359 2242; x_wconf 83' lang='grc' dir='ltr'>Βαιθὴλ,</span> <span class='ocrx_word' id='word_1_604' title='bbox 376 2205 422 2232; x_wconf 79' lang='grc' dir='ltr'>καὶ</span> <span class='ocrx_word' id='word_1_605' title='bbox 435 2204 548 2239; x_wconf 75' lang='grc' dir='ltr'>ἔστησεν</span> <span class='ocrx_word' id='word_1_606' title='bbox 559 2203 626 2234; x_wconf 77' lang='grc' dir='ltr'>ἐκεῖ,</span> <span class='ocrx_word' id='word_1_607' title='bbox 639 2202 730 2238; x_wconf 70' lang='grc' dir='ltr'><strong>φησὶν,</strong></span> <span class='ocrx_word' id='word_1_608' title='bbox 752 2200 850 2228; x_wconf 81' lang='grc' dir='ltr'>Ἰακὼϐ</span> <span class='ocrx_word' id='word_1_609' title='bbox 866 2200 929 2235; x_wconf 80' lang='grc' dir='ltr'>στή-</span> 
     </span>
    </p>
   </div>
   <div class='ocr_carea' id='block_1_78' title="bbox 972 1601 1768 1640">
    <p class='ocr_par' dir='ltr' id='par_1_78' title="bbox 972 1601 1768 1640">
     <span class='ocr_line' id='line_1_78' title="bbox 972 1601 1768 1640; baseline -0.014 -3"><span class='ocrx_word' id='word_1_610' title='bbox 972 1614 1051 1637; x_wconf 89' lang='lat' dir='ltr'><strong>erant</strong></span> <span class='ocrx_word' id='word_1_611' title='bbox 1068 1609 1095 1635; x_wconf 91' lang='lat' dir='ltr'><strong>in</strong></span> <span class='ocrx_word' id='word_1_612' title='bbox 1114 1607 1242 1635; x_wconf 88' lang='lat' dir='ltr'><strong>manibus</strong></span> <span class='ocrx_word' id='word_1_613' title='bbox 1264 1606 1398 1640; x_wconf 85' lang='lat' dir='ltr'><strong>ipsorum,</strong></span> <span class='ocrx_word' id='word_1_614' title='bbox 1419 1606 1447 1631; x_wconf 86' lang='lat' dir='ltr'><strong>ct</strong></span> <span class='ocrx_word' id='word_1_615' title='bbox 1466 1604 1578 1630; x_wconf 83' lang='lat' dir='ltr'><strong>inaures</strong></span> <span class='ocrx_word' id='word_1_616' title='bbox 1593 1609 1654 1636; x_wconf 73' lang='lat' dir='ltr'><strong>quas</strong></span> <span class='ocrx_word' id='word_1_617' title='bbox 1677 1601 1704 1627; x_wconf 86' lang='lat' dir='ltr'><strong>in</strong></span> <span class='ocrx_word' id='word_1_618' title='bbox 1721 1608 1768 1627; x_wconf 90' lang='lat' dir='ltr'><strong>au-</strong></span> 
     </span>
    </p>
   </div>
   <div class='ocr_carea' id='block_1_79' title="bbox 973 1647 1767 1689">
    <p class='ocr_par' dir='ltr' id='par_1_79' title="bbox 973 1647 1767 1689">
     <span class='ocr_line' id='line_1_79' title="bbox 973 1647 1767 1689; baseline -0.013 -6"><span class='ocrx_word' id='word_1_619' title='bbox 973 1656 1051 1683; x_wconf 85' lang='lat' dir='ltr'><strong>ribus</strong></span> <span class='ocrx_word' id='word_1_620' title='bbox 1066 1653 1199 1689; x_wconf 88' lang='lat' dir='ltr'><strong>ipsorum,</strong></span> <span class='ocrx_word' id='word_1_621' title='bbox 1223 1655 1252 1679; x_wconf 88' lang='lat' dir='ltr'><strong>et</strong></span> <span class='ocrx_word' id='word_1_622' title='bbox 1266 1650 1411 1678; x_wconf 84' lang='lat' dir='ltr'><strong>abscondit</strong></span> <span class='ocrx_word' id='word_1_623' title='bbox 1434 1657 1466 1676; x_wconf 88' lang='lat' dir='ltr'><strong>ca</strong></span> <span class='ocrx_word' id='word_1_624' title='bbox 1483 1648 1567 1677; x_wconf 83' lang='lat' dir='ltr'><strong>Iacob</strong></span> <span class='ocrx_word' id='word_1_625' title='bbox 1579 1648 1631 1676; x_wconf 87' lang='lat' dir='ltr'><strong>sub</strong></span> <span class='ocrx_word' id='word_1_626' title='bbox 1643 1647 1767 1674; x_wconf 73' lang='lat' dir='ltr'><strong>terebin-</strong></span> 
     </span>
    </p>
   </div>
   <div class='ocr_carea' id='block_1_80' title="bbox 973 1692 1770 1735">
    <p class='ocr_par' dir='ltr' id='par_1_80' title="bbox 973 1692 1770 1735">
     <span class='ocr_line' id='line_1_80' title="bbox 973 1692 1770 1735; baseline -0.011 -7"><span class='ocrx_word' id='word_1_627' title='bbox 973 1701 1021 1728; x_wconf 83' lang='lat' dir='ltr'><strong>tho</strong></span> <span class='ocrx_word' id='word_1_628' title='bbox 1049 1707 1109 1735; x_wconf 66' lang='lat' dir='ltr'><strong>qure</strong></span> <span class='ocrx_word' id='word_1_629' title='bbox 1127 1700 1155 1726; x_wconf 91' lang='lat' dir='ltr'><strong>in</strong></span> <span class='ocrx_word' id='word_1_630' title='bbox 1171 1697 1312 1728; x_wconf 82' lang='lat' dir='ltr'><strong>Sicbimis,</strong></span> <span class='ocrx_word' id='word_1_631' title='bbox 1327 1701 1354 1724; x_wconf 86' lang='lat' dir='ltr'><strong>et</strong></span> <span class='ocrx_word' id='word_1_632' title='bbox 1367 1695 1489 1731; x_wconf 88' lang='lat' dir='ltr'><strong>perdidit</strong></span> <span class='ocrx_word' id='word_1_633' title='bbox 1508 1702 1540 1722; x_wconf 85' lang='lat' dir='ltr'><strong>ea</strong></span> <span class='ocrx_word' id='word_1_634' title='bbox 1558 1702 1645 1729; x_wconf 85' lang='lat' dir='ltr'><strong>usque</strong></span> <span class='ocrx_word' id='word_1_635' title='bbox 1670 1693 1697 1719; x_wconf 93' lang='lat' dir='ltr'><strong>in</strong></span> <span class='ocrx_word' id='word_1_636' title='bbox 1720 1692 1770 1720; x_wconf 82' lang='lat' dir='ltr'><strong>lio-</strong></span> 
     </span>
    </p>
   </div>
   <div class='ocr_carea' id='block_1_81' title="bbox 974 1737 1769 1776">
    <p class='ocr_par' dir='ltr' id='par_1_81' title="bbox 974 1737 1769 1776">
     <span class='ocr_line' id='line_1_81' title="bbox 974 1737 1769 1776; baseline -0.011 -2"><span class='ocrx_word' id='word_1_637' title='bbox 974 1747 1100 1774; x_wconf 88' lang='lat' dir='ltr'><strong>diernum</strong></span> <span class='ocrx_word' id='word_1_638' title='bbox 1119 1745 1192 1772; x_wconf 93' lang='lat' dir='ltr'><strong>diem</strong></span> <span class='ocrx_word' id='word_1_639' title='bbox 1210 1744 1242 1770; x_wconf 67' lang='lat'><strong>‘9.</strong></span> <span class='ocrx_word' id='word_1_640' title='bbox 1265 1753 1273 1768; x_wconf 79' lang='grc' dir='ltr'><strong>ι</strong></span> <span class='ocrx_word' id='word_1_641' title='bbox 1298 1742 1450 1770; x_wconf 81' lang='lat' dir='ltr'><strong>Advocavit</strong></span> <span class='ocrx_word' id='word_1_642' title='bbox 1474 1740 1586 1776; x_wconf 81' lang='lat' dir='ltr'><strong>quidem</strong></span> <span class='ocrx_word' id='word_1_643' title='bbox 1601 1740 1705 1775; x_wconf 82' lang='lat' dir='ltr'><strong>justum</strong></span> <span class='ocrx_word' id='word_1_644' title='bbox 1723 1737 1769 1766; x_wconf 86' lang='lat' dir='ltr'><strong>Ia—</strong></span> 
     </span>
    </p>
   </div>
   <div class='ocr_carea' id='block_1_82' title="bbox 974 1783 1770 1820">
    <p class='ocr_par' dir='ltr' id='par_1_82' title="bbox 974 1783 1770 1820">
     <span class='ocr_line' id='line_1_82' title="bbox 974 1783 1770 1820; baseline -0.013 0"><span class='ocrx_word' id='word_1_645' title='bbox 974 1792 1027 1820; x_wconf 88' lang='lat' dir='ltr'><strong>cob</strong></span> <span class='ocrx_word' id='word_1_646' title='bbox 1045 1791 1074 1818; x_wconf 87' lang='lat' dir='ltr'><strong>in</strong></span> <span class='ocrx_word' id='word_1_647' title='bbox 1094 1790 1189 1818; x_wconf 89' lang='lat' dir='ltr'><strong>Bcthel</strong></span> <span class='ocrx_word' id='word_1_648' title='bbox 1200 1797 1234 1816; x_wconf 82' lang='lat' dir='ltr'><strong>ex</strong></span> <span class='ocrx_word' id='word_1_649' title='bbox 1250 1787 1381 1816; x_wconf 89' lang='lat' dir='ltr'><strong>Sicbimis</strong></span> <span class='ocrx_word' id='word_1_650' title='bbox 1390 1787 1464 1814; x_wconf 89' lang='lat' dir='ltr'><strong>Deus</strong></span> <span class='ocrx_word' id='word_1_651' title='bbox 1481 1786 1564 1813; x_wconf 88' lang='lat' dir='ltr'><strong>totius</strong></span> <span class='ocrx_word' id='word_1_652' title='bbox 1574 1783 1706 1812; x_wconf 78' lang='lat' dir='ltr'><strong>universi.</strong></span> <span class='ocrx_word' id='word_1_653' title='bbox 1718 1783 1770 1817; x_wconf 82' lang='lat' dir='ltr'><strong>Qui</strong></span> 
     </span>
    </p>
   </div>
   <div class='ocr_carea' id='block_1_83' title="bbox 975 1830 1771 1874">
    <p class='ocr_par' dir='ltr' id='par_1_83' title="bbox 975 1830 1771 1874">
     <span class='ocr_line' id='line_1_83' title="bbox 975 1830 1771 1874; baseline -0.011 -9"><span class='ocrx_word' id='word_1_654' title='bbox 975 1837 1087 1874; x_wconf 86' lang='lat' dir='ltr'><strong>quidem</strong></span> <span class='ocrx_word' id='word_1_655' title='bbox 1109 1836 1162 1872; x_wconf 89' lang='lat' dir='ltr'><strong>ipsi</strong></span> <span class='ocrx_word' id='word_1_656' title='bbox 1179 1842 1284 1862; x_wconf 88' lang='lat' dir='ltr'><strong>morem</strong></span> <span class='ocrx_word' id='word_1_657' title='bbox 1311 1833 1406 1869; x_wconf 77' lang='lat' dir='ltr'><strong>gessit.</strong></span> <span class='ocrx_word' id='word_1_658' title='bbox 1433 1832 1537 1860; x_wconf 80' lang='lat' dir='ltr'><strong>Deinde</strong></span> <span class='ocrx_word' id='word_1_659' title='bbox 1569 1839 1630 1859; x_wconf 90' lang='lat' dir='ltr'><strong>cum</strong></span> <span class='ocrx_word' id='word_1_660' title='bbox 1651 1830 1771 1857; x_wconf 87' lang='lat' dir='ltr'><strong>venisset</strong></span> 
     </span>
    </p>
   </div>
   <div class='ocr_carea' id='block_1_84' title="bbox 976 1875 1771 1916">
    <p class='ocr_par' dir='ltr' id='par_1_84' title="bbox 976 1875 1771 1916">
     <span class='ocr_line' id='line_1_84' title="bbox 976 1875 1771 1916; baseline -0.009 -5"><span class='ocrx_word' id='word_1_661' title='bbox 976 1884 1004 1911; x_wconf 90' lang='lat' dir='ltr'><strong>in</strong></span> <span class='ocrx_word' id='word_1_662' title='bbox 1016 1883 1099 1915; x_wconf 80' lang='lat' dir='ltr'><strong>Luza,</strong></span> <span class='ocrx_word' id='word_1_663' title='bbox 1115 1882 1263 1916; x_wconf 88' lang='lat' dir='ltr'><strong>divinoque</strong></span> <span class='ocrx_word' id='word_1_664' title='bbox 1274 1884 1386 1915; x_wconf 89' lang='lat' dir='ltr'><strong>aspectu</strong></span> <span class='ocrx_word' id='word_1_665' title='bbox 1400 1879 1499 1915; x_wconf 77' lang='lat' dir='ltr'><strong>dignus</strong></span> <span class='ocrx_word' id='word_1_666' title='bbox 1519 1878 1639 1909; x_wconf 82' lang='lat' dir='ltr'><strong>habitus,</strong></span> <span class='ocrx_word' id='word_1_667' title='bbox 1656 1881 1683 1904; x_wconf 90' lang='lat' dir='ltr'><strong>ct</strong></span> <span class='ocrx_word' id='word_1_668' title='bbox 1698 1875 1771 1912; x_wconf 88' lang='lat' dir='ltr'><strong>quod</strong></span> 
     </span>
    </p>
   </div>
   <div class='ocr_carea' id='block_1_85' title="bbox 976 1921 1770 1965">
    <p class='ocr_par' dir='ltr' id='par_1_85' title="bbox 976 1921 1770 1965">
     <span class='ocr_line' id='line_1_85' title="bbox 976 1921 1770 1965; baseline -0.013 -8"><span class='ocrx_word' id='word_1_669' title='bbox 976 1932 1055 1965; x_wconf 85' lang='lat' dir='ltr'><strong>pater</strong></span> <span class='ocrx_word' id='word_1_670' title='bbox 1075 1929 1187 1956; x_wconf 80' lang='lat' dir='ltr'><strong>futurus</strong></span> <span class='ocrx_word' id='word_1_671' title='bbox 1207 1931 1280 1954; x_wconf 84' lang='lat' dir='ltr'><strong>esset</strong></span> <span class='ocrx_word' id='word_1_672' title='bbox 1300 1925 1449 1952; x_wconf 89' lang='lat' dir='ltr'><strong>multarum</strong></span> <span class='ocrx_word' id='word_1_673' title='bbox 1468 1924 1589 1959; x_wconf 77' lang='lat' dir='ltr'><strong>gentium</strong></span> <span class='ocrx_word' id='word_1_674' title='bbox 1609 1921 1770 1958; x_wconf 86' lang='lat' dir='ltr'><strong>promissio-</strong></span> 
     </span>
    </p>
   </div>
   <div class='ocr_carea' id='block_1_86' title="bbox 977 1967 1768 2005">
    <p class='ocr_par' dir='ltr' id='par_1_86' title="bbox 977 1967 1768 2005">
     <span class='ocr_line' id='line_1_86' title="bbox 977 1967 1768 2005; baseline -0.014 -2"><span class='ocrx_word' id='word_1_675' title='bbox 977 1975 1060 2003; x_wconf 81' lang='lat' dir='ltr'><strong>nibus</strong></span> <span class='ocrx_word' id='word_1_676' title='bbox 1074 1973 1263 2005; x_wconf 82' lang='lat' dir='ltr'><strong>conﬁrmatus,</strong></span> <span class='ocrx_word' id='word_1_677' title='bbox 1280 1981 1288 1997; x_wconf 89' lang='grc'><strong>‹</strong></span> <span class='ocrx_word' id='word_1_678' title='bbox 1303 1970 1426 1998; x_wconf 85' lang='lat' dir='ltr'><strong>ascendit</strong></span> <span class='ocrx_word' id='word_1_679' title='bbox 1439 1970 1466 1996; x_wconf 91' lang='lat' dir='ltr'><strong>in</strong></span> <span class='ocrx_word' id='word_1_680' title='bbox 1478 1969 1584 1996; x_wconf 82' lang='lat' dir='ltr'><strong>Bethel.</strong></span> <span class='ocrx_word' id='word_1_681' title='bbox 1596 1968 1629 1994; x_wconf 82' lang='lat' dir='ltr'><strong>Et</strong></span> <span class='ocrx_word' id='word_1_682' title='bbox 1640 1967 1744 1998; x_wconf 83' lang='lat' dir='ltr'><strong>statuit,</strong></span> <span class='ocrx_word' id='word_1_683' title='bbox 1758 1976 1768 1992; x_wconf 75' lang='grc' dir='ltr'><strong>ι</strong></span> 
     </span>
    </p>
   </div>
   <div class='ocr_carea' id='block_1_87' title="bbox 978 2013 1773 2056">
    <p class='ocr_par' dir='ltr' id='par_1_87' title="bbox 978 2013 1773 2056">
     <span class='ocr_line' id='line_1_87' title="bbox 978 2013 1773 2056; baseline -0.011 -8"><span class='ocrx_word' id='word_1_684' title='bbox 978 2021 1079 2056; x_wconf 85' lang='lat' dir='ltr'><strong>inquit,</strong></span> <span class='ocrx_word' id='word_1_685' title='bbox 1104 2029 1112 2045; x_wconf 84' lang='grc' dir='ltr'><strong>ι</strong></span> <span class='ocrx_word' id='word_1_686' title='bbox 1127 2019 1165 2046; x_wconf 88' lang='lat' dir='ltr'><strong>ibi</strong></span> <span class='ocrx_word' id='word_1_687' title='bbox 1187 2018 1271 2046; x_wconf 88' lang='lat' dir='ltr'><strong>Iacob</strong></span> <span class='ocrx_word' id='word_1_688' title='bbox 1291 2017 1403 2044; x_wconf 91' lang='lat' dir='ltr'><strong>titulum</strong></span> <span class='ocrx_word' id='word_1_689' title='bbox 1431 2016 1459 2042; x_wconf 93' lang='lat' dir='ltr'><strong>in</strong></span> <span class='ocrx_word' id='word_1_690' title='bbox 1474 2015 1534 2042; x_wconf 89' lang='lat' dir='ltr'><strong>loco</strong></span> <span class='ocrx_word' id='word_1_691' title='bbox 1552 2015 1580 2041; x_wconf 93' lang='lat' dir='ltr'><strong>in</strong></span> <span class='ocrx_word' id='word_1_692' title='bbox 1597 2022 1651 2047; x_wconf 77' lang='lat' dir='ltr'><strong>quo</strong></span> <span class='ocrx_word' id='word_1_693' title='bbox 1664 2013 1773 2040; x_wconf 89' lang='lat' dir='ltr'><strong>locutus</strong></span> 
     </span>
    </p>
   </div>
   <div class='ocr_carea' id='block_1_88' title="bbox 978 2060 1772 2096">
    <p class='ocr_par' dir='ltr' id='par_1_88' title="bbox 978 2060 1772 2096">
     <span class='ocr_line' id='line_1_88' title="bbox 978 2060 1772 2096; baseline -0.014 -1"><span class='ocrx_word' id='word_1_694' title='bbox 978 2071 1021 2095; x_wconf 90' lang='lat' dir='ltr'><strong>est</strong></span> <span class='ocrx_word' id='word_1_695' title='bbox 1042 2074 1104 2094; x_wconf 88' lang='lat' dir='ltr'><strong>cum</strong></span> <span class='ocrx_word' id='word_1_696' title='bbox 1125 2073 1159 2093; x_wconf 86' lang='lat' dir='ltr'><strong>eo</strong></span> <span class='ocrx_word' id='word_1_697' title='bbox 1181 2065 1263 2095; x_wconf 88' lang='lat' dir='ltr'><strong>Deus,</strong></span> <span class='ocrx_word' id='word_1_698' title='bbox 1283 2063 1392 2091; x_wconf 88' lang='lat' dir='ltr'><strong>titulum</strong></span> <span class='ocrx_word' id='word_1_699' title='bbox 1408 2061 1557 2096; x_wconf 85' lang='lat' dir='ltr'><strong>lapideum,</strong></span> <span class='ocrx_word' id='word_1_700' title='bbox 1577 2060 1772 2093; x_wconf 79' lang='lat' dir='ltr'><strong>ctfecitsuper</strong></span> 
     </span>
    </p>
   </div>
   <div class='ocr_carea' id='block_1_89' title="bbox 979 2107 1773 2144">
    <p class='ocr_par' dir='ltr' id='par_1_89' title="bbox 979 2107 1773 2144">
     <span class='ocr_line' id='line_1_89' title="bbox 979 2107 1773 2144; baseline -0.014 -3"><span class='ocrx_word' id='word_1_701' title='bbox 979 2121 1042 2141; x_wconf 87' lang='lat' dir='ltr'><strong>eum</strong></span> <span class='ocrx_word' id='word_1_702' title='bbox 1058 2112 1187 2143; x_wconf 87' lang='lat' dir='ltr'><strong>libamen,</strong></span> <span class='ocrx_word' id='word_1_703' title='bbox 1199 2114 1227 2138; x_wconf 87' lang='lat' dir='ltr'><strong>et</strong></span> <span class='ocrx_word' id='word_1_704' title='bbox 1239 2109 1337 2138; x_wconf 82' lang='lat' dir='ltr'><strong>eﬂ&#39;udit</strong></span> <span class='ocrx_word' id='word_1_705' title='bbox 1354 2116 1438 2144; x_wconf 86' lang='lat' dir='ltr'><strong>super</strong></span> <span class='ocrx_word' id='word_1_706' title='bbox 1453 2115 1516 2136; x_wconf 90' lang='lat' dir='ltr'><strong>eum</strong></span> <span class='ocrx_word' id='word_1_707' title='bbox 1534 2107 1635 2138; x_wconf 89' lang='lat' dir='ltr'><strong>oleum,</strong></span> <span class='ocrx_word' id='word_1_708' title='bbox 1654 2109 1682 2132; x_wconf 88' lang='lat' dir='ltr'><strong>et</strong></span> <span class='ocrx_word' id='word_1_709' title='bbox 1695 2112 1773 2131; x_wconf 87' lang='lat' dir='ltr'><strong>voca-</strong></span> 
     </span>
    </p>
   </div>
   <div class='ocr_carea' id='block_1_90' title="bbox 979 2151 1772 2189">
    <p class='ocr_par' dir='ltr' id='par_1_90' title="bbox 979 2151 1772 2189">
     <span class='ocr_line' id='line_1_90' title="bbox 979 2151 1772 2189; baseline -0.015 -1"><span class='ocrx_word' id='word_1_710' title='bbox 979 2159 1020 2188; x_wconf 91' lang='lat' dir='ltr'><strong>vit</strong></span> <span class='ocrx_word' id='word_1_711' title='bbox 1034 2159 1118 2188; x_wconf 86' lang='lat' dir='ltr'><strong>Iacob</strong></span> <span class='ocrx_word' id='word_1_712' title='bbox 1131 2165 1232 2186; x_wconf 87' lang='lat' dir='ltr'><strong>nomen</strong></span> <span class='ocrx_word' id='word_1_713' title='bbox 1246 2156 1300 2184; x_wconf 88' lang='lat' dir='ltr'><strong>loci</strong></span> <span class='ocrx_word' id='word_1_714' title='bbox 1313 2155 1397 2187; x_wconf 84' lang='lat' dir='ltr'><strong>illius,</strong></span> <span class='ocrx_word' id='word_1_715' title='bbox 1417 2154 1443 2182; x_wconf 91' lang='lat' dir='ltr'><strong>in</strong></span> <span class='ocrx_word' id='word_1_716' title='bbox 1459 2161 1513 2189; x_wconf 86' lang='lat' dir='ltr'><strong>quo</strong></span> <span class='ocrx_word' id='word_1_717' title='bbox 1529 2153 1638 2180; x_wconf 88' lang='lat' dir='ltr'><strong>locutus</strong></span> <span class='ocrx_word' id='word_1_718' title='bbox 1650 2151 1675 2178; x_wconf 89' lang='lat' dir='ltr'><strong>ei</strong></span> <span class='ocrx_word' id='word_1_719' title='bbox 1690 2151 1772 2182; x_wconf 82' lang='lat' dir='ltr'><strong>Deus,</strong></span> 
     </span>
    </p>
   </div>
   <div class='ocr_carea' id='block_1_91' title="bbox 981 2198 1774 2233">
    <p class='ocr_par' dir='ltr' id='par_1_91' title="bbox 981 2198 1774 2233">
     <span class='ocr_line' id='line_1_91' title="bbox 981 2198 1774 2233; baseline -0.014 0"><span class='ocrx_word' id='word_1_720' title='bbox 981 2205 1076 2233; x_wconf 86' lang='lat' dir='ltr'><strong>Betbel</strong></span> <span class='ocrx_word' id='word_1_721' title='bbox 1102 2204 1135 2230; x_wconf 80' lang='lat'><strong>&#39;°.</strong></span> <span class='ocrx_word' id='word_1_722' title='bbox 1153 2213 1162 2229; x_wconf 71' lang='grc' dir='ltr'><strong>ι</strong></span> <span class='ocrx_word' id='word_1_723' title='bbox 1188 2203 1272 2230; x_wconf 88' lang='lat' dir='ltr'><strong>Multa</strong></span> <span class='ocrx_word' id='word_1_724' title='bbox 1291 2204 1461 2230; x_wconf 87' lang='lat' dir='ltr'><strong>concurrunt</strong></span> <span class='ocrx_word' id='word_1_725' title='bbox 1473 2199 1546 2226; x_wconf 85' lang='lat' dir='ltr'><strong>haud</strong></span> <span class='ocrx_word' id='word_1_726' title='bbox 1562 2198 1679 2225; x_wconf 88' lang='lat' dir='ltr'><strong>obscura</strong></span> <span class='ocrx_word' id='word_1_727' title='bbox 1692 2204 1774 2232; x_wconf 68' lang='lat' dir='ltr'><strong>argu-</strong></span> 
     </span>
    </p>
   </div>
   <div class='ocr_carea' id='block_1_92' title="bbox 139 2242 923 2290">
    <p class='ocr_par' dir='ltr' id='par_1_92' title="bbox 139 2247 923 2290">
     <span class='ocr_line' id='line_1_92' title="bbox 139 2247 923 2290; baseline -0.011 -9"><span class='ocrx_word' id='word_1_728' title='bbox 139 2254 188 2290; x_wconf 87' lang='grc' dir='ltr'>λην</span> <span class='ocrx_word' id='word_1_729' title='bbox 207 2255 236 2280; x_wconf 78' lang='grc' dir='ltr'><strong>ἐν</strong></span> <span class='ocrx_word' id='word_1_730' title='bbox 252 2253 291 2288; x_wconf 88' lang='grc' dir='ltr'>τῷ</span> <span class='ocrx_word' id='word_1_731' title='bbox 307 2252 381 2287; x_wconf 84' lang='grc' dir='ltr'>τόπῳ</span> <span class='ocrx_word' id='word_1_732' title='bbox 405 2248 427 2285; x_wconf 85' lang='grc' dir='ltr'><strong>ᾧ</strong></span> <span class='ocrx_word' id='word_1_733' title='bbox 443 2250 556 2285; x_wconf 77' lang='grc' dir='ltr'>ὲλάλησε</span> <span class='ocrx_word' id='word_1_734' title='bbox 574 2248 632 2284; x_wconf 80' lang='grc' dir='ltr'>μετ’</span> <span class='ocrx_word' id='word_1_735' title='bbox 644 2247 726 2275; x_wconf 78' lang='grc' dir='ltr'>αὑτοῦ</span> <span class='ocrx_word' id='word_1_736' title='bbox 739 2248 752 2273; x_wconf 78' lang='grc' dir='ltr'><strong>ὁ</strong></span> <span class='ocrx_word' id='word_1_737' title='bbox 771 2247 847 2279; x_wconf 76' lang='grc' dir='ltr'>Θεὸς,</span> <span class='ocrx_word' id='word_1_738' title='bbox 865 2247 923 2280; x_wconf 84' lang='grc' dir='ltr'>στή-</span> 
     </span>
    </p>
   </div>
   <div class='ocr_carea' id='block_1_93' title="bbox 974 2242 1772 2290">
    <p class='ocr_par' dir='ltr' id='par_1_93' title="bbox 983 2242 1772 2280">
     <span class='ocr_line' id='line_1_93' title="bbox 983 2242 1772 2280; baseline -0.014 -1"><span class='ocrx_word' id='word_1_739' title='bbox 983 2257 1075 2280; x_wconf 83' lang='lat' dir='ltr'><strong>menta</strong></span> <span class='ocrx_word' id='word_1_740' title='bbox 1100 2259 1151 2278; x_wconf 90' lang='lat' dir='ltr'><strong>cur</strong></span> <span class='ocrx_word' id='word_1_741' title='bbox 1188 2256 1317 2277; x_wconf 87' lang='lat' dir='ltr'><strong>reversus</strong></span> <span class='ocrx_word' id='word_1_742' title='bbox 1342 2248 1378 2275; x_wconf 87' lang='lat' dir='ltr'><strong>sit</strong></span> <span class='ocrx_word' id='word_1_743' title='bbox 1402 2245 1536 2275; x_wconf 53' lang='lat' dir='ltr'><strong>Iacobsin</strong></span> <span class='ocrx_word' id='word_1_744' title='bbox 1555 2249 1656 2272; x_wconf 90' lang='lat' dir='ltr'><strong>terram</strong></span> <span class='ocrx_word' id='word_1_745' title='bbox 1678 2242 1772 2273; x_wconf 84' lang='lat' dir='ltr'><strong>Israel,</strong></span> 
     </span>
    </p>
   </div>
   <div class='ocr_carea' id='block_1_94' title="bbox 140 2292 931 2337">
    <p class='ocr_par' dir='ltr' id='par_1_94' title="bbox 140 2292 931 2337">
     <span class='ocr_line' id='line_1_94' title="bbox 140 2292 931 2337; baseline -0.011 -10"><span class='ocrx_word' id='word_1_746' title='bbox 140 2301 189 2337; x_wconf 71' lang='grc' dir='ltr'>λην</span> <span class='ocrx_word' id='word_1_747' title='bbox 205 2300 320 2335; x_wconf 69' lang='grc' dir='ltr'><strong>λιθίνην.</strong></span> <span class='ocrx_word' id='word_1_748' title='bbox 343 2300 390 2325; x_wconf 67' lang='grc' dir='ltr'>καὶ</span> <span class='ocrx_word' id='word_1_749' title='bbox 412 2298 539 2324; x_wconf 82' lang='grc' dir='ltr'>ἔσπεισεν</span> <span class='ocrx_word' id='word_1_750' title='bbox 563 2296 606 2322; x_wconf 68' lang='grc' dir='ltr'><strong>ἐπ’</strong></span> <span class='ocrx_word' id='word_1_751' title='bbox 620 2295 705 2331; x_wconf 70' lang='grc' dir='ltr'>αὐτὴν</span> <span class='ocrx_word' id='word_1_752' title='bbox 733 2293 860 2329; x_wconf 83' lang='grc' dir='ltr'>σπονδὴν,</span> <span class='ocrx_word' id='word_1_753' title='bbox 885 2292 931 2320; x_wconf 84' lang='grc' dir='ltr'>καὶ</span> 
     </span>
    </p>
   </div>
   <div class='ocr_carea' id='block_1_95' title="bbox 140 2338 932 2382">
    <p class='ocr_par' dir='ltr' id='par_1_95' title="bbox 140 2338 932 2382">
     <span class='ocr_line' id='line_1_95' title="bbox 140 2338 932 2382; baseline -0.013 -8"><span class='ocrx_word' id='word_1_754' title='bbox 140 2347 254 2382; x_wconf 76' lang='grc' dir='ltr'>ἐπέχεεν</span> <span class='ocrx_word' id='word_1_755' title='bbox 279 2346 321 2372; x_wconf 72' lang='grc' dir='ltr'><strong>ἐπ’</strong></span> <span class='ocrx_word' id='word_1_756' title='bbox 335 2344 419 2379; x_wconf 82' lang='grc' dir='ltr'>αὐτὴν</span> <span class='ocrx_word' id='word_1_757' title='bbox 449 2344 547 2369; x_wconf 72' lang='grc' dir='ltr'>ἔλαιον.</span> <span class='ocrx_word' id='word_1_758' title='bbox 570 2341 625 2368; x_wconf 77' lang='grc' dir='ltr'><strong>Καὶ</strong></span> <span class='ocrx_word' id='word_1_759' title='bbox 640 2342 769 2368; x_wconf 76' lang='grc' dir='ltr'>ἐκάλεσεν</span> <span class='ocrx_word' id='word_1_760' title='bbox 787 2338 884 2366; x_wconf 83' lang='grc' dir='ltr'>Ἰακὼϐ</span> <span class='ocrx_word' id='word_1_761' title='bbox 901 2338 932 2364; x_wconf 82' lang='grc' dir='ltr'>τὸ</span> 
     </span>
    </p>
   </div>
   <div class='ocr_carea' id='block_1_96' title="bbox 140 2385 930 2427">
    <p class='ocr_par' dir='ltr' id='par_1_96' title="bbox 140 2385 930 2427">
     <span class='ocr_line' id='line_1_96' title="bbox 140 2385 930 2427; baseline -0.013 -7"><span class='ocrx_word' id='word_1_762' title='bbox 140 2393 226 2427; x_wconf 73' lang='grc' dir='ltr'>δνομα</span> <span class='ocrx_word' id='word_1_763' title='bbox 255 2391 300 2418; x_wconf 79' lang='grc' dir='ltr'><strong>τοῦ</strong></span> <span class='ocrx_word' id='word_1_764' title='bbox 320 2390 402 2416; x_wconf 76' lang='grc' dir='ltr'>τόπου</span> <span class='ocrx_word' id='word_1_765' title='bbox 433 2390 461 2415; x_wconf 78' lang='grc' dir='ltr'>ὲν</span> <span class='ocrx_word' id='word_1_766' title='bbox 482 2386 503 2422; x_wconf 81' lang='grc' dir='ltr'>ᾧ</span> <span class='ocrx_word' id='word_1_767' title='bbox 519 2388 634 2423; x_wconf 80' lang='grc' dir='ltr'>ὲλὰλησε</span> <span class='ocrx_word' id='word_1_768' title='bbox 651 2388 709 2422; x_wconf 78' lang='grc' dir='ltr'>μετ’</span> <span class='ocrx_word' id='word_1_769' title='bbox 726 2385 808 2414; x_wconf 68' lang='grc' dir='ltr'>αὺτοῦ</span> <span class='ocrx_word' id='word_1_770' title='bbox 824 2386 838 2411; x_wconf 84' lang='grc' dir='ltr'>ὁ</span> <span class='ocrx_word' id='word_1_771' title='bbox 854 2385 930 2417; x_wconf 73' lang='grc' dir='ltr'>Θεὸς,</span> 
     </span>
    </p>
   </div>
   <div class='ocr_carea' id='block_1_97' title="bbox 142 2431 931 2473">
    <p class='ocr_par' dir='ltr' id='par_1_97' title="bbox 142 2431 931 2473">
     <span class='ocr_line' id='line_1_97' title="bbox 142 2431 931 2473; baseline -0.011 -8"><span class='ocrx_word' id='word_1_772' title='bbox 142 2437 272 2473; x_wconf 79' lang='grc' dir='ltr'>Βαιϐήλ.»</span> <span class='ocrx_word' id='word_1_773' title='bbox 306 2435 394 2462; x_wconf 67' lang='grc' dir='ltr'>Πολλὰ</span> <span class='ocrx_word' id='word_1_774' title='bbox 419 2434 490 2461; x_wconf 81' lang='grc' dir='ltr'>κατὰ</span> <span class='ocrx_word' id='word_1_775' title='bbox 516 2435 614 2460; x_wconf 70' lang='grc' dir='ltr'>ταυτὸν</span> <span class='ocrx_word' id='word_1_776' title='bbox 643 2434 682 2465; x_wconf 80' lang='grc' dir='ltr'><strong>είς</strong></span> <span class='ocrx_word' id='word_1_777' title='bbox 717 2432 853 2465; x_wconf 76' lang='grc' dir='ltr'>ἀπόδειξιν</span> <span class='ocrx_word' id='word_1_778' title='bbox 881 2431 931 2457; x_wconf 73' lang='grc' dir='ltr'>οὐκ</span> 
     </span>
    </p>
   </div>
   <div class='ocr_carea' id='block_1_98' title="bbox 141 2477 930 2519">
    <p class='ocr_par' dir='ltr' id='par_1_98' title="bbox 141 2477 930 2519">
     <span class='ocr_line' id='line_1_98' title="bbox 141 2477 930 2519; baseline -0.01 -9"><span class='ocrx_word' id='word_1_779' title='bbox 141 2483 290 2519; x_wconf 76' lang='grc' dir='ltr'>ἁσυμφανῆ</span> <span class='ocrx_word' id='word_1_780' title='bbox 312 2481 358 2508; x_wconf 73' lang='grc' dir='ltr'><strong>τοῦ</strong></span> <span class='ocrx_word' id='word_1_781' title='bbox 378 2480 612 2516; x_wconf 63' lang='grc' dir='ltr'>μετατετραφέναι</span> <span class='ocrx_word' id='word_1_782' title='bbox 630 2479 674 2505; x_wconf 67' lang='grc' dir='ltr'><strong>τὸν</strong></span> <span class='ocrx_word' id='word_1_783' title='bbox 700 2477 797 2504; x_wconf 87' lang='grc' dir='ltr'>Ἰακὼϐ</span> <span class='ocrx_word' id='word_1_784' title='bbox 823 2478 863 2509; x_wconf 81' lang='grc' dir='ltr'>εἰς</span> <span class='ocrx_word' id='word_1_785' title='bbox 879 2477 930 2512; x_wconf 82' lang='grc' dir='ltr'><strong>γῆν</strong></span> 
     </span>
    </p>
   </div>
   <div class='ocr_carea' id='block_1_99' title="bbox 147 2523 929 2565">
    <p class='ocr_par' dir='ltr' id='par_1_99' title="bbox 147 2523 929 2565">
     <span class='ocr_line' id='line_1_99' title="bbox 147 2523 929 2565; baseline -0.009 -9"><span class='ocrx_word' id='word_1_786' title='bbox 147 2528 268 2565; x_wconf 74' lang='grc' dir='ltr'>Ἰσραὴλ,</span> <span class='ocrx_word' id='word_1_787' title='bbox 281 2529 328 2554; x_wconf 69' lang='grc' dir='ltr'>καὶ</span> <span class='ocrx_word' id='word_1_788' title='bbox 348 2528 387 2557; x_wconf 73' lang='grc' dir='ltr'><strong>εἰς</strong></span> <span class='ocrx_word' id='word_1_789' title='bbox 401 2527 430 2553; x_wconf 73' lang='grc' dir='ltr'>τὸ</span> <span class='ocrx_word' id='word_1_790' title='bbox 453 2527 564 2561; x_wconf 83' lang='grc' dir='ltr'>ἄμεινον</span> <span class='ocrx_word' id='word_1_791' title='bbox 577 2524 750 2560; x_wconf 80' lang='grc' dir='ltr'>ἀσυγκρίτως</span> <span class='ocrx_word' id='word_1_792' title='bbox 766 2523 929 2558; x_wconf 73' lang='grc' dir='ltr'>μεταφοίτη-</span> 
     </span>
    </p>
   </div>
   <div class='ocr_carea' id='block_1_100' title="bbox 143 2568 930 2608">
    <p class='ocr_par' dir='ltr' id='par_1_100' title="bbox 143 2568 930 2608">
     <span class='ocr_line' id='line_1_100' title="bbox 143 2568 930 2608; baseline -0.011 -5"><span class='ocrx_word' id='word_1_793' title='bbox 143 2584 185 2602; x_wconf 79' lang='grc' dir='ltr'><strong>σιν</strong></span> <span class='ocrx_word' id='word_1_794' title='bbox 198 2575 278 2602; x_wconf 81' lang='grc' dir='ltr'>ἑλεῖν.</span> <span class='ocrx_word' id='word_1_795' title='bbox 294 2572 445 2608; x_wconf 79' lang='grc' dir='ltr'>Κατῲκησε</span> <span class='ocrx_word' id='word_1_796' title='bbox 458 2572 507 2607; x_wconf 87' lang='grc' dir='ltr'>μὲν</span> <span class='ocrx_word' id='word_1_797' title='bbox 519 2572 573 2607; x_wconf 86' lang='grc' dir='ltr'><strong>γὰρ</strong></span> <span class='ocrx_word' id='word_1_798' title='bbox 584 2572 612 2597; x_wconf 79' lang='grc' dir='ltr'><strong>ὲν</strong></span> <span class='ocrx_word' id='word_1_799' title='bbox 630 2571 751 2604; x_wconf 80' lang='grc' dir='ltr'>σκηναίς,</span> <span class='ocrx_word' id='word_1_800' title='bbox 763 2570 776 2595; x_wconf 82' lang='grc' dir='ltr'>ὁ</span> <span class='ocrx_word' id='word_1_801' title='bbox 793 2568 822 2595; x_wconf 74' lang='grc' dir='ltr'>τὸ</span> <span class='ocrx_word' id='word_1_802' title='bbox 833 2569 930 2603; x_wconf 78' lang='grc' dir='ltr'>πάροι-</span> 
     </span>
    </p>
   </div>
   <div class='ocr_carea' id='block_1_101' title="bbox 141 2614 931 2655">
    <p class='ocr_par' dir='ltr' id='par_1_101' title="bbox 141 2614 931 2655">
     <span class='ocr_line' id='line_1_101' title="bbox 141 2614 931 2655; baseline -0.011 -7"><span class='ocrx_word' id='word_1_803' title='bbox 141 2630 190 2648; x_wconf 85' lang='grc' dir='ltr'>κον</span> <span class='ocrx_word' id='word_1_804' title='bbox 213 2622 241 2647; x_wconf 77' lang='grc' dir='ltr'><strong>ἐν</strong></span> <span class='ocrx_word' id='word_1_805' title='bbox 258 2620 354 2655; x_wconf 77' lang='grc' dir='ltr'>κόσμῳ</span> <span class='ocrx_word' id='word_1_806' title='bbox 375 2618 429 2645; x_wconf 79' lang='grc' dir='ltr'>τῶν</span> <span class='ocrx_word' id='word_1_807' title='bbox 445 2618 530 2652; x_wconf 86' lang='grc' dir='ltr'>ἁγίων</span> <span class='ocrx_word' id='word_1_808' title='bbox 559 2616 588 2643; x_wconf 75' lang='grc' dir='ltr'>τὸ</span> <span class='ocrx_word' id='word_1_809' title='bbox 615 2616 693 2650; x_wconf 84' lang='grc' dir='ltr'>γένος</span> <span class='ocrx_word' id='word_1_810' title='bbox 727 2614 868 2650; x_wconf 72' lang='grc' dir='ltr'>μονονουχὶ</span> <span class='ocrx_word' id='word_1_811' title='bbox 887 2614 931 2641; x_wconf 76' lang='grc' dir='ltr'>διὰ</span> 
     </span>
    </p>
   </div>
   <div class='ocr_carea' id='block_1_102' title="bbox 142 2659 935 2699">
    <p class='ocr_par' dir='ltr' id='par_1_102' title="bbox 142 2659 935 2699">
     <span class='ocr_line' id='line_1_102' title="bbox 142 2659 935 2699; baseline -0.011 -5"><span class='ocrx_word' id='word_1_812' title='bbox 142 2666 219 2694; x_wconf 81' lang='grc' dir='ltr'>τοῦδε</span> <span class='ocrx_word' id='word_1_813' title='bbox 235 2665 423 2697; x_wconf 79' lang='grc' dir='ltr'>καταδεικνύς.</span> <span class='ocrx_word' id='word_1_814' title='bbox 439 2663 505 2692; x_wconf 81' lang='grc' dir='ltr'>Εῐτα</span> <span class='ocrx_word' id='word_1_815' title='bbox 522 2661 623 2699; x_wconf 74' lang='grc' dir='ltr'>μεταξὺ</span> <span class='ocrx_word' id='word_1_816' title='bbox 640 2661 674 2688; x_wconf 74' lang='grc' dir='ltr'><strong>τὰ</strong></span> <span class='ocrx_word' id='word_1_817' title='bbox 697 2661 743 2687; x_wconf 75' lang='grc' dir='ltr'><strong>ἐπὶ</strong></span> <span class='ocrx_word' id='word_1_818' title='bbox 763 2661 796 2696; x_wconf 88' lang='grc' dir='ltr'><strong>τῇ</strong></span> <span class='ocrx_word' id='word_1_819' title='bbox 820 2659 935 2695; x_wconf 74' lang='grc' dir='ltr'>θυγατρὶ</span> 
     </span>
    </p>
   </div>
   <div class='ocr_carea' id='block_1_103' title="bbox 145 2706 935 2748">
    <p class='ocr_par' dir='ltr' id='par_1_103' title="bbox 145 2706 935 2748">
     <span class='ocr_line' id='line_1_103' title="bbox 145 2706 935 2748; baseline -0.011 -8"><span class='ocrx_word' id='word_1_820' title='bbox 145 2712 338 2748; x_wconf 76' lang='grc' dir='ltr'>συμϐεϐηκότα</span> <span class='ocrx_word' id='word_1_821' title='bbox 362 2710 465 2743; x_wconf 77' lang='grc' dir='ltr'>παθὼν,</span> <span class='ocrx_word' id='word_1_822' title='bbox 494 2710 541 2737; x_wconf 78' lang='grc' dir='ltr'>καὶ</span> <span class='ocrx_word' id='word_1_823' title='bbox 563 2708 749 2742; x_wconf 76' lang='grc' dir='ltr'>λελυπημένος</span> <span class='ocrx_word' id='word_1_824' title='bbox 770 2707 800 2733; x_wconf 81' lang='grc' dir='ltr'>οὑ</span> <span class='ocrx_word' id='word_1_825' title='bbox 817 2706 935 2742; x_wconf 77' lang='grc' dir='ltr'>μετρίως</span> 
     </span>
    </p>
   </div>
   <div class='ocr_carea' id='block_1_104' title="bbox 144 2753 932 2793">
    <p class='ocr_par' dir='ltr' id='par_1_104' title="bbox 144 2753 932 2793">
     <span class='ocr_line' id='line_1_104' title="bbox 144 2753 932 2793; baseline -0.011 -6"><span class='ocrx_word' id='word_1_826' title='bbox 144 2762 200 2792; x_wconf 88' lang='grc' dir='ltr'>τοῖς</span> <span class='ocrx_word' id='word_1_827' title='bbox 220 2759 342 2793; x_wconf 78' lang='grc' dir='ltr'>ἀγεννῶς</span> <span class='ocrx_word' id='word_1_828' title='bbox 373 2757 542 2793; x_wconf 79' lang='grc' dir='ltr'>ἡττωμένοις</span> <span class='ocrx_word' id='word_1_829' title='bbox 574 2755 626 2781; x_wconf 74' lang='grc' dir='ltr'><strong>ὑπὸ</strong></span> <span class='ocrx_word' id='word_1_830' title='bbox 649 2753 747 2789; x_wconf 82' lang='grc' dir='ltr'>θυμοῦ,</span> <span class='ocrx_word' id='word_1_831' title='bbox 762 2753 874 2788; x_wconf 82' lang='grc' dir='ltr'>Συμεών</span> <span class='ocrx_word' id='word_1_832' title='bbox 890 2761 932 2785; x_wconf 79' lang='grc' dir='ltr'><strong>τε,</strong></span> 
     </span>
    </p>
   </div>
   <div class='ocr_carea' id='block_1_105' title="bbox 144 2799 936 2841">
    <p class='ocr_par' dir='ltr' id='par_1_105' title="bbox 144 2799 936 2841">
     <span class='ocr_line' id='line_1_105' title="bbox 144 2799 936 2841; baseline -0.01 -8"><span class='ocrx_word' id='word_1_833' title='bbox 144 2807 278 2841; x_wconf 66' lang='grc' dir='ltr'>φημ.ὶ,καὶ</span> <span class='ocrx_word' id='word_1_834' title='bbox 290 2803 485 2838; x_wconf 69' lang='grc' dir='ltr'>Λευῗ,ὲπετίμα</span> <span class='ocrx_word' id='word_1_835' title='bbox 491 2801 765 2836; x_wconf 79' lang='grc' dir='ltr'>δεινῶς,ἁγιοπρεπὲς</span> <span class='ocrx_word' id='word_1_836' title='bbox 773 2800 812 2826; x_wconf 83' lang='grc' dir='ltr'>ὅτι</span> <span class='ocrx_word' id='word_1_837' title='bbox 822 2799 875 2835; x_wconf 69' lang='grc' dir='ltr'>[τὸ]</span> <span class='ocrx_word' id='word_1_838' title='bbox 889 2800 936 2826; x_wconf 65' lang='grc' dir='ltr'>ἀνα</span> 
     </span>
    </p>
   </div>
   <div class='ocr_carea' id='block_1_106' title="bbox 181 2895 454 2930">
    <p class='ocr_par' dir='ltr' id='par_1_106' title="bbox 181 2895 454 2930">
     <span class='ocr_line' id='line_1_106' title="bbox 181 2895 454 2930; baseline -0.018 -5"><span class='ocrx_word' id='word_1_839' title='bbox 181 2897 203 2913; x_wconf 76' lang='lat'><strong><em>“</em></strong></span> <span class='ocrx_word' id='word_1_840' title='bbox 216 2897 286 2925; x_wconf 68' lang='lat' dir='ltr'><strong>Psnl.</strong></span> <span class='ocrx_word' id='word_1_841' title='bbox 303 2904 374 2930; x_wconf 59' lang='grc' dir='ltr'>χχιι,</span> <span class='ocrx_word' id='word_1_842' title='bbox 387 2896 412 2928; x_wconf 67' lang='grc' dir='ltr'><strong>αἱ,</strong></span> <span class='ocrx_word' id='word_1_843' title='bbox 430 2895 454 2921; x_wconf 70' lang='lat' dir='ltr'><strong>li.</strong></span> 
     </span>
    </p>
   </div>
   <div class='ocr_carea' id='block_1_107' title="bbox 982 2292 1775 2332">
    <p class='ocr_par' dir='ltr' id='par_1_107' title="bbox 982 2292 1775 2332">
     <span class='ocr_line' id='line_1_107' title="bbox 982 2292 1775 2332; baseline -0.014 -7"><span class='ocrx_word' id='word_1_844' title='bbox 982 2301 1064 2332; x_wconf 83' lang='lat' dir='ltr'><strong>atque</strong></span> <span class='ocrx_word' id='word_1_845' title='bbox 1084 2297 1111 2323; x_wconf 94' lang='lat' dir='ltr'><strong>in</strong></span> <span class='ocrx_word' id='word_1_846' title='bbox 1133 2294 1386 2330; x_wconf 86' lang='lat' dir='ltr'><strong>incomparabiliter</strong></span> <span class='ocrx_word' id='word_1_847' title='bbox 1407 2292 1548 2319; x_wconf 88' lang='lat' dir='ltr'><strong>meliorem</strong></span> <span class='ocrx_word' id='word_1_848' title='bbox 1570 2293 1670 2317; x_wconf 89' lang='lat' dir='ltr'><strong>statum</strong></span> <span class='ocrx_word' id='word_1_849' title='bbox 1686 2293 1775 2316; x_wconf 86' lang='lat' dir='ltr'><strong>trans-</strong></span> 
     </span>
    </p>
   </div>
   <div class='ocr_carea' id='block_1_108' title="bbox 968 2335 1773 2371">
    <p class='ocr_par' dir='ltr' id='par_1_108' title="bbox 968 2335 1773 2371">
     <span class='ocr_line' id='line_1_108' title="bbox 968 2335 1773 2371; baseline -0.014 0"><span class='ocrx_word' id='word_1_850' title='bbox 968 2336 1063 2371; x_wconf 62' lang='lat' dir='ltr'><strong>~latus.</strong></span> <span class='ocrx_word' id='word_1_851' title='bbox 1082 2341 1222 2369; x_wconf 81' lang='lat' dir='ltr'><strong>Habitavit</strong></span> <span class='ocrx_word' id='word_1_852' title='bbox 1233 2340 1307 2368; x_wconf 90' lang='lat' dir='ltr'><strong>enim</strong></span> <span class='ocrx_word' id='word_1_853' title='bbox 1330 2339 1357 2366; x_wconf 89' lang='lat' dir='ltr'><strong>in</strong></span> <span class='ocrx_word' id='word_1_854' title='bbox 1377 2337 1582 2367; x_wconf 77' lang='lat' dir='ltr'><strong>tabernaculis:</strong></span> <span class='ocrx_word' id='word_1_855' title='bbox 1598 2335 1773 2371; x_wconf 79' lang='lat' dir='ltr'><strong>peregrinum</strong></span> 
     </span>
    </p>
   </div>
   <div class='ocr_carea' id='block_1_109' title="bbox 983 2380 1775 2425">
    <p class='ocr_par' dir='ltr' id='par_1_109' title="bbox 983 2380 1775 2425">
     <span class='ocr_line' id='line_1_109' title="bbox 983 2380 1775 2425; baseline -0.011 -8"><span class='ocrx_word' id='word_1_856' title='bbox 983 2389 1120 2425; x_wconf 86' lang='lat' dir='ltr'><strong>siquidem</strong></span> <span class='ocrx_word' id='word_1_857' title='bbox 1141 2395 1201 2416; x_wconf 88' lang='lat' dir='ltr'><strong>esse</strong></span> <span class='ocrx_word' id='word_1_858' title='bbox 1230 2387 1354 2417; x_wconf 87' lang='lat' dir='ltr'><strong>interra,</strong></span> <span class='ocrx_word' id='word_1_859' title='bbox 1372 2391 1459 2420; x_wconf 79' lang='lat' dir='ltr'><strong>genus</strong></span> <span class='ocrx_word' id='word_1_860' title='bbox 1476 2386 1634 2411; x_wconf 86' lang='lat' dir='ltr'><strong>sanctorum</strong></span> <span class='ocrx_word' id='word_1_861' title='bbox 1654 2389 1703 2416; x_wconf 86' lang='lat' dir='ltr'><strong>per</strong></span> <span class='ocrx_word' id='word_1_862' title='bbox 1723 2380 1775 2408; x_wconf 82' lang='lat' dir='ltr'><strong>hoc</strong></span> 
     </span>
    </p>
   </div>
   <div class='ocr_carea' id='block_1_110' title="bbox 984 2427 1774 2462">
    <p class='ocr_par' dir='ltr' id='par_1_110' title="bbox 984 2427 1774 2462">
     <span class='ocr_line' id='line_1_110' title="bbox 984 2427 1774 2462; baseline -0.013 0"><span class='ocrx_word' id='word_1_863' title='bbox 984 2440 1089 2462; x_wconf 87' lang='lat' dir='ltr'><strong>tantum</strong></span> <span class='ocrx_word' id='word_1_864' title='bbox 1116 2441 1170 2461; x_wconf 91' lang='lat' dir='ltr'><strong>non</strong></span> <span class='ocrx_word' id='word_1_865' title='bbox 1199 2432 1350 2459; x_wconf 87' lang='lat' dir='ltr'><strong>declarans.</strong></span> <span class='ocrx_word' id='word_1_866' title='bbox 1376 2430 1510 2457; x_wconf 68' lang='lat' dir='ltr'><strong>Praeterea</strong></span> <span class='ocrx_word' id='word_1_867' title='bbox 1535 2427 1570 2455; x_wconf 76' lang='lat' dir='ltr'><strong>ob</strong></span> <span class='ocrx_word' id='word_1_868' title='bbox 1593 2427 1654 2453; x_wconf 68' lang='lat' dir='ltr'><strong>tiliae</strong></span> <span class='ocrx_word' id='word_1_869' title='bbox 1682 2433 1774 2453; x_wconf 88' lang='lat' dir='ltr'><strong>casum</strong></span> 
     </span>
    </p>
   </div>
   <div class='ocr_carea' id='block_1_111' title="bbox 983 2472 1776 2513">
    <p class='ocr_par' dir='ltr' id='par_1_111' title="bbox 983 2472 1776 2513">
     <span class='ocr_line' id='line_1_111' title="bbox 983 2472 1776 2513; baseline -0.014 -4"><span class='ocrx_word' id='word_1_870' title='bbox 983 2488 1114 2511; x_wconf 82' lang='lat' dir='ltr'><strong>mcerens.</strong></span> <span class='ocrx_word' id='word_1_871' title='bbox 1135 2486 1224 2513; x_wconf 80' lang='lat' dir='ltr'><strong>neque</strong></span> <span class='ocrx_word' id='word_1_872' title='bbox 1249 2476 1425 2510; x_wconf 84' lang='lat' dir='ltr'><strong>mediocriter</strong></span> <span class='ocrx_word' id='word_1_873' title='bbox 1444 2481 1594 2502; x_wconf 84' lang='lat' dir='ltr'><strong>succensus</strong></span> <span class='ocrx_word' id='word_1_874' title='bbox 1614 2473 1677 2500; x_wconf 83' lang='lat' dir='ltr'><strong>ﬁliis</strong></span> <span class='ocrx_word' id='word_1_875' title='bbox 1695 2472 1776 2507; x_wconf 83' lang='lat' dir='ltr'><strong>dege-</strong></span> 
     </span>
    </p>
   </div>
   <div class='ocr_carea' id='block_1_112' title="bbox 984 2516 1774 2555">
    <p class='ocr_par' dir='ltr' id='par_1_112' title="bbox 984 2516 1774 2555">
     <span class='ocr_line' id='line_1_112' title="bbox 984 2516 1774 2555; baseline -0.014 -1"><span class='ocrx_word' id='word_1_876' title='bbox 984 2527 1043 2554; x_wconf 90' lang='lat' dir='ltr'><strong>neri</strong></span> <span class='ocrx_word' id='word_1_877' title='bbox 1061 2526 1102 2553; x_wconf 88' lang='lat' dir='ltr'><strong>ira</strong></span> <span class='ocrx_word' id='word_1_878' title='bbox 1120 2524 1210 2555; x_wconf 84' lang='lat' dir='ltr'><strong>victis,</strong></span> <span class='ocrx_word' id='word_1_879' title='bbox 1227 2522 1358 2553; x_wconf 84' lang='lat' dir='ltr'><strong>Simeoni,</strong></span> <span class='ocrx_word' id='word_1_880' title='bbox 1380 2521 1502 2555; x_wconf 84' lang='lat' dir='ltr'><strong>inquam,</strong></span> <span class='ocrx_word' id='word_1_881' title='bbox 1520 2523 1549 2546; x_wconf 89' lang='lat' dir='ltr'><strong>ct</strong></span> <span class='ocrx_word' id='word_1_882' title='bbox 1566 2518 1642 2549; x_wconf 86' lang='lat' dir='ltr'><strong>Levi,</strong></span> <span class='ocrx_word' id='word_1_883' title='bbox 1658 2516 1774 2552; x_wconf 78' lang='lat' dir='ltr'><strong>graviter</strong></span> 
     </span>
    </p>
   </div>
   <div class='ocr_carea' id='block_1_113' title="bbox 984 2563 1771 2607">
    <p class='ocr_par' dir='ltr' id='par_1_113' title="bbox 984 2563 1771 2607">
     <span class='ocr_line' id='line_1_113' title="bbox 984 2563 1771 2607; baseline -0.013 -8"><span class='ocrx_word' id='word_1_884' title='bbox 984 2580 1032 2600; x_wconf 90' lang='lat' dir='ltr'><strong>eos</strong></span> <span class='ocrx_word' id='word_1_885' title='bbox 1058 2571 1193 2607; x_wconf 79' lang='lat' dir='ltr'><strong>objurgat.</strong></span> <span class='ocrx_word' id='word_1_886' title='bbox 1215 2568 1374 2604; x_wconf 84' lang='lat' dir='ltr'><strong>patientiam</strong></span> <span class='ocrx_word' id='word_1_887' title='bbox 1398 2565 1624 2599; x_wconf 80' lang='lat' dir='ltr'><strong>tolerantiamque</strong></span> <span class='ocrx_word' id='word_1_888' title='bbox 1640 2563 1667 2590; x_wconf 91' lang='lat' dir='ltr'><strong>in</strong></span> <span class='ocrx_word' id='word_1_889' title='bbox 1685 2565 1771 2590; x_wconf 89' lang='lat' dir='ltr'><strong>tenta-</strong></span> 
     </span>
    </p>
   </div>
   <div class='ocr_carea' id='block_1_114' title="bbox 985 2608 1777 2646">
    <p class='ocr_par' dir='ltr' id='par_1_114' title="bbox 985 2608 1777 2646">
     <span class='ocr_line' id='line_1_114' title="bbox 985 2608 1777 2646; baseline -0.014 -2"><span class='ocrx_word' id='word_1_890' title='bbox 985 2616 1106 2645; x_wconf 89' lang='lat' dir='ltr'><strong>tionibus</strong></span> <span class='ocrx_word' id='word_1_891' title='bbox 1125 2613 1226 2642; x_wconf 87' lang='lat' dir='ltr'><strong>sanctis</strong></span> <span class='ocrx_word' id='word_1_892' title='bbox 1249 2612 1396 2640; x_wconf 89' lang='lat' dir='ltr'><strong>convenire</strong></span> <span class='ocrx_word' id='word_1_893' title='bbox 1418 2611 1508 2646; x_wconf 89' lang='lat' dir='ltr'><strong>reipsa</strong></span> <span class='ocrx_word' id='word_1_894' title='bbox 1523 2609 1603 2636; x_wconf 88' lang='lat' dir='ltr'><strong>nobis</strong></span> <span class='ocrx_word' id='word_1_895' title='bbox 1618 2608 1777 2635; x_wconf 88' lang='lat' dir='ltr'><strong>ostendens.</strong></span> 
     </span>
    </p>
   </div>
   <div class='ocr_carea' id='block_1_115' title="bbox 985 2652 1772 2697">
    <p class='ocr_par' dir='ltr' id='par_1_115' title="bbox 985 2652 1772 2697">
     <span class='ocr_line' id='line_1_115' title="bbox 985 2652 1772 2697; baseline -0.014 -7"><span class='ocrx_word' id='word_1_896' title='bbox 985 2663 1132 2697; x_wconf 84' lang='lat' dir='ltr'><strong>Postquam</strong></span> <span class='ocrx_word' id='word_1_897' title='bbox 1159 2667 1226 2687; x_wconf 80' lang='lat' dir='ltr'><strong>vero</strong></span> <span class='ocrx_word' id='word_1_898' title='bbox 1243 2664 1357 2687; x_wconf 84' lang='lat' dir='ltr'><strong>vocatus</strong></span> <span class='ocrx_word' id='word_1_899' title='bbox 1378 2662 1420 2685; x_wconf 88' lang='lat' dir='ltr'><strong>est</strong></span> <span class='ocrx_word' id='word_1_900' title='bbox 1435 2665 1450 2684; x_wconf 88' lang='lat' dir='ltr'><strong>a</strong></span> <span class='ocrx_word' id='word_1_901' title='bbox 1473 2657 1539 2689; x_wconf 87' lang='lat' dir='ltr'><strong>Deo,</strong></span> <span class='ocrx_word' id='word_1_902' title='bbox 1555 2654 1732 2688; x_wconf 82' lang='lat' dir='ltr'><strong>ascenditque</strong></span> <span class='ocrx_word' id='word_1_903' title='bbox 1745 2652 1772 2679; x_wconf 91' lang='lat' dir='ltr'><strong>in</strong></span> 
     </span>
    </p>
   </div>
   <div class='ocr_carea' id='block_1_116' title="bbox 985 2700 1770 2739">
    <p class='ocr_par' dir='ltr' id='par_1_116' title="bbox 985 2700 1770 2739">
     <span class='ocr_line' id='line_1_116' title="bbox 985 2700 1770 2739; baseline -0.013 -4"><span class='ocrx_word' id='word_1_904' title='bbox 985 2707 1155 2739; x_wconf 81' lang='lat' dir='ltr'><strong>Bethel.hoc</strong></span> <span class='ocrx_word' id='word_1_905' title='bbox 1163 2710 1216 2739; x_wconf 88' lang='lat' dir='ltr'><strong>est,</strong></span> <span class='ocrx_word' id='word_1_906' title='bbox 1228 2706 1257 2733; x_wconf 91' lang='lat' dir='ltr'><strong>in</strong></span> <span class='ocrx_word' id='word_1_907' title='bbox 1274 2705 1385 2733; x_wconf 87' lang='lat' dir='ltr'><strong>domum</strong></span> <span class='ocrx_word' id='word_1_908' title='bbox 1404 2703 1464 2736; x_wconf 89' lang='lat' dir='ltr'><strong>Dei,</strong></span> <span class='ocrx_word' id='word_1_909' title='bbox 1482 2703 1534 2730; x_wconf 89' lang='lat' dir='ltr'><strong>hoc</strong></span> <span class='ocrx_word' id='word_1_910' title='bbox 1547 2701 1621 2730; x_wconf 87' lang='lat' dir='ltr'><strong>enim</strong></span> <span class='ocrx_word' id='word_1_911' title='bbox 1640 2700 1770 2734; x_wconf 74' lang='lat' dir='ltr'><strong>interpre-</strong></span> 
     </span>
    </p>
   </div>
   <div class='ocr_carea' id='block_1_117' title="bbox 987 2743 1770 2784">
    <p class='ocr_par' dir='ltr' id='par_1_117' title="bbox 987 2743 1770 2784">
     <span class='ocr_line' id='line_1_117' title="bbox 987 2743 1770 2784; baseline -0.013 -4"><span class='ocrx_word' id='word_1_912' title='bbox 987 2757 1059 2781; x_wconf 83' lang='lat' dir='ltr'><strong>tatur</strong></span> <span class='ocrx_word' id='word_1_913' title='bbox 1079 2752 1183 2784; x_wconf 85' lang='lat' dir='ltr'><strong>Bethel,</strong></span> <span class='ocrx_word' id='word_1_914' title='bbox 1210 2750 1345 2779; x_wconf 82' lang='lat' dir='ltr'><strong>sacriﬁcat</strong></span> <span class='ocrx_word' id='word_1_915' title='bbox 1366 2750 1432 2781; x_wconf 84' lang='lat' dir='ltr'><strong>Deo.</strong></span> <span class='ocrx_word' id='word_1_916' title='bbox 1457 2753 1484 2776; x_wconf 88' lang='lat' dir='ltr'><strong>ct</strong></span> <span class='ocrx_word' id='word_1_917' title='bbox 1499 2747 1628 2784; x_wconf 89' lang='lat' dir='ltr'><strong>princeps</strong></span> <span class='ocrx_word' id='word_1_918' title='bbox 1647 2753 1678 2773; x_wconf 85' lang='lat' dir='ltr'><strong>ac</strong></span> <span class='ocrx_word' id='word_1_919' title='bbox 1691 2743 1770 2779; x_wconf 74' lang='lat' dir='ltr'><strong>magi-</strong></span> 
     </span>
    </p>
   </div>
   <div class='ocr_carea' id='block_1_118' title="bbox 988 2789 1775 2827">
    <p class='ocr_par' dir='ltr' id='par_1_118' title="bbox 988 2789 1775 2827">
     <span class='ocr_line' id='line_1_118' title="bbox 988 2789 1775 2827; baseline -0.014 -2"><span class='ocrx_word' id='word_1_920' title='bbox 988 2802 1043 2826; x_wconf 89' lang='lat' dir='ltr'><strong>ster</strong></span> <span class='ocrx_word' id='word_1_921' title='bbox 1069 2804 1208 2825; x_wconf 86' lang='lat' dir='ltr'><strong>sacrorum</strong></span> <span class='ocrx_word' id='word_1_922' title='bbox 1233 2796 1396 2824; x_wconf 72' lang='lat' dir='ltr'><strong>declaratur.</strong></span> <span class='ocrx_word' id='word_1_923' title='bbox 1421 2793 1480 2827; x_wconf 84' lang='lat' dir='ltr'><strong>Quo</strong></span> <span class='ocrx_word' id='word_1_924' title='bbox 1492 2792 1564 2820; x_wconf 79' lang='lat' dir='ltr'><strong>enim</strong></span> <span class='ocrx_word' id='word_1_925' title='bbox 1576 2795 1653 2826; x_wconf 83' lang='lat' dir='ltr'><strong>pacto</strong></span> <span class='ocrx_word' id='word_1_926' title='bbox 1665 2789 1775 2816; x_wconf 88' lang='lat' dir='ltr'><strong>domum</strong></span> 
     </span>
    </p>
   </div>
   <div class='ocr_carea' id='block_1_119' title="bbox 498 2890 1009 2925">
    <p class='ocr_par' dir='ltr' id='par_1_119' title="bbox 498 2890 1009 2925">
     <span class='ocr_line' id='line_1_119' title="bbox 498 2890 1009 2925; baseline -0.012 -3"><span class='ocrx_word' id='word_1_927' title='bbox 498 2895 517 2910; x_wconf 64' lang='grc' dir='ltr'><strong>δ’</strong></span> <span class='ocrx_word' id='word_1_928' title='bbox 529 2894 595 2922; x_wconf 84' lang='lat' dir='ltr'><strong>Gen.</strong></span> <span class='ocrx_word' id='word_1_929' title='bbox 609 2901 688 2925; x_wconf 71' lang='lat' dir='ltr'><strong>xxxv,</strong></span> <span class='ocrx_word' id='word_1_930' title='bbox 705 2892 757 2919; x_wconf 69' lang='grc'><strong>1-4.</strong></span> <span class='ocrx_word' id='word_1_931' title='bbox 797 2890 819 2907; x_wconf 79' lang='grc'><em>’⁸</em></span> <span class='ocrx_word' id='word_1_932' title='bbox 833 2891 900 2919; x_wconf 86' lang='lat' dir='ltr'><strong>Ibid.</strong></span> <span class='ocrx_word' id='word_1_933' title='bbox 917 2890 1009 2917; x_wconf 69' lang='lat'><strong>“~15.</strong></span> 
     </span>
    </p>
   </div>
  </div>
