1990 3050
150 188 206 217 285

648 190 908 220 GLAPHYRORUM
927 192 960 220 IN
981 192 1130 221 GENESIM
1151 191 1215 221 LIB.
1237 191 1279 220 Vl.

1732 168 1806 218 οδε

155 244 302 280 συμφανής
314 253 320 260 '
333 244 395 271 ἐπεί
405 252 445 271 τοι
457 247 489 280 τῇ
506 245 565 282 θείᾳ
586 247 826 283 καταλαμπόμενοι
843 248 945 284 χάριτι,

1009 250 1102 285 tbsque
1123 249 1237 277 labore:
1258 246 1480 284 quandoquidem
1503 246 1596 274 divina
1617 246 1703 281 gratia
1720 245 1785 273 illu-

156 291 235 325 σοφοὶ
248 291 295 317 καὶ
312 291 442 326 ὰγχίνοοι,
458 292 578 327 νομικῶν
587 301 616 319 τε
631 293 676 320 καὶ
687 294 865 329 προφητικῶν
880 302 945 328 συγ-

155 335 329 371 γραμμάτων
343 337 412 363 εἰσὶν
427 337 524 372 ima-:1)
529 346 619 372 μονες.
632 339 687 365 Καὶ
698 338 763 373 γοῦν
775 339 788 365 ό
802 339 947 371 θεσπέσιος

157 382 270 417 Πέτρος,
287 383 301 409 ό
327 382 454 418 προῦχων
481 384 512 411 ὲν
533 384 677 420 μαθηταῖς,
707 385 754 412 καὶ
775 385 829 412 τῶν
859 385 946 413 ἄλλων

157 429 373 463 ὐπερκείμενος,
404 429 540 464 ὡμολόγει
567 431 616 466 μὲν
645 430 694 466 τὴν
725 431 817 459 πίστιν
846 432 949 468 ὀρθῶς·

156 475 241 509 ﬁxo-ae
266 474 294 500 δὲ
317 474 392 510 παρὰ
408 474 537 510 Χριστοῦ·
559 484 568 501 ι
582 476 726 511 Μακάριος
741 474 775 509 εἴ,
786 477 876 512 Σίμων
890 477 947 513 Βὰρ

163 521 250 552 Ἰωνᾶ,
267 521 308 547 ὅτι
327 520 395 556 σὰρξ
407 521 454 547 καὶ
465 518 535 556 αἷμα
547 521 598 548 οὐκ
614 522 773 557 ἀπεκάλυψέ
792 531 832 549 σοι
842 543 849 555 ,
865 523 921 550 ἀλλ’
934 525 948 550 ό

157 567 255 602 Πατήρ
271 575 322 602 μου
345 567 360 593 ὁ
382 567 411 594 ὲν
433 569 490 599 τοῖς
504 568 637 603 οὐρανοῖς.
658 577 668 594 ι
685 569 869 604 Μυσταγωγεῖ
894 570 948 606 γὰρ

156 613 233 647 ἡμᾶς
248 614 262 639 ὁ
274 613 339 644 Θεὸς
357 613 404 639 καὶ
426 613 521 649 Πατὴρ
536 613 581 640 τὸν
597 614 640 648 ἐφ’
659 614 716 649 Υίῷ
730 614 809 648 λόγον
819 623 826 631 ⁸
844 615 949 642 ἀνασώ-

158 659 200 690 ζει
215 667 245 685 τε
259 658 330 686 οὕτω
347 659 438 686 λοιπὸν
452 659 489 691 ὡς
506 660 613 695 Σωτῆρι
630 660 816 696 καὶΛυτρωτῇ
834 669 950 695 προσκο-

161 704 248 738 μίζων
267 705 352 740 αὐτῷ.
371 714 379 730 ι
398 705 492 737 Οὐδεὶς
507 705 561 740 γὰρ
577 706 686 741 ἔρχεται
708 706 776 742 πρός
794 715 838 741 με,
855 707 948 741 φησὶν,

158 751 208 777 ἐὰν
222 751 258 786 μὴ
274 752 288 778 ό
305 752 400 787 Πατήρ
419 761 469 787 μου
492 753 506 778 ὁ
525 753 636 787 πέμψας
655 761 688 787 με
711 753 812 788 ἑλκύσῃ
827 754 919 780 αὐτόν.
939 763 947 779 ›

161 797 221 824 ’Ὶνα
234 797 324 824 τοίνυν
342 798 385 824 διὰ
410 798 510 833 πάσης,
532 799 569 830 ὡς
595 798 659 830 ἔπος
681 800 777 831 εἰπεῖν,
800 799 849 834 τῆς
870 799 952 833 ἁγίας

159 844 273 879 Γραφῆς
296 844 342 871 τὸν
365 845 408 871 ἐπ’
425 845 499 880 αὑτῷ
524 840 661 877 συνιέντες
680 845 769 879 λόγον,
782 846 827 872 καὶ
843 846 951 882 ἀπλανῆ

159 891 210 925 τὴν
222 890 312 917 πίστιν
326 890 510 925 συλλέγοντες,
524 891 562 926 μὴ
576 892 637 923 ταῖς
654 891 802 926 ὲπαράτοις
815 891 952 926 διψυχίαις

160 935 304 971 σειομένην
328 936 423 971 ὥσπερ
443 937 490 963 καὶ
522 937 750 972 καταμεθύουσαν
780 937 887 972 έχωμεν
904 937 953 972 τὴν

160 981 275 1018 καρδίαν
289 990 296 997 '
316 983 384 1018 μηδὲ
399 984 454 1014 τοῖς
479 982 508 1015 ἐξ
528 983 647 1018 ἀμαθίας
663 983 874 1018 περιπίπτοντες
891 983 955 1010 κλό-

159 1035 215 1057 vos:
228 1035 235 1042 '
249 1027 340 1054 λοιπὸν
352 1028 496 1063 ἀκούωμεν
509 1028 633 1062 λέγοντος
645 1028 713 1056 Θεοῦ
725 1029 768 1055 διὰ
782 1028 875 1063 φωνῆς
888 1037 955 1064 προ-

159 1072 265 1108 φητῶν·
284 1083 293 1099 ι
311 1073 472 1110 Ἦγάπησαν
497 1075 580 1100 κινεῖν
607 1074 689 1106 πόδας
711 1074 811 1108 αὐτῶν,
838 1075 885 1101 καὶ
905 1075 955 1100 οὐκ

159 1118 316 1153 ἐφείσαντο,
332 1120 379 1145 καὶ
403 1121 417 1145 ὁ
439 1119 504 1151 Θεὸς
528 1120 578 1146 οὐκ
602 1120 755 1156 ηὐδόκησεν
774 1121 803 1147 ἐν
820 1120 920 1152 αὐτοῖς.
943 1129 952 1145 ›

160 1164 297 1200 Ταύτῃτοι
312 1165 356 1191 διὰ
382 1165 487 1200 μυρίων
511 1166 580 1192 ὅσων
607 1165 720 1192 εἰκόνιον
745 1166 819 1200 ἡμᾶς
842 1165 956 1201 ἐμπεδοῖ

160 1210 230 1245 πρὸς
242 1210 291 1246 τὴν
303 1210 442 1246 ἀλήθειαν,
455 1211 500 1237 καὶ
509 1211 560 1246 τὴν
572 1212 614 1237 ἐπ’
625 1211 699 1246 αὐτῷ
711 1211 802 1237 πίστιν
812 1211 956 1247 χρησίμως

161 1255 383 1292 προκατεῶλετο
394 1257 426 1282 τὰ
437 1257 506 1283 κατὰ
518 1257 613 1291 καιρὸν
625 1256 817 1292 συμϐαίνοντα,
826 1257 955 1292 λαμπρὰς

161 1302 257 1338 ῶσπερ
279 1303 416 1334 ἀνατιθεὶς
441 1303 490 1337 τῆς
516 1304 560 1329 ἐπ’
587 1303 662 1338 αὐτῷ
686 1303 813 1337 γνώσεως
835 1303 954 1335 εἰκόνας.

163 1348 280 1385 Ἶδωμεν
295 1350 384 1375 τοίνυν
401 1349 447 1376 καὶ
462 1351 490 1376 ἐν
510 1351 566 1381 τοῖς
581 1348 652 1376 κατὰ
669 1349 715 1375 τὸν
735 1349 878 1377 θεσπέσιον
900 1351 956 1376 Ὶω-

163 1394 230 1429 σὴψ,
242 1395 266 1420 εί
285 1394 332 1430 μὴ,
351 1395 419 1429 ὅπερ
441 1393 520 1429 ἔφην,
532 1394 631 1429 ἀληθὲς
648 1394 681 1420 ἂν
707 1394 750 1429 εἴη
770 1395 861 1421 πάλιν.
879 1395 956 1430 Ἔχει

161 1440 192 1467 δὲ
210 1439 296 1472 οὕτως
315 1441 349 1467 τὰ
365 1441 408 1466 ἐπ’
426 1440 510 1476 αὐτῷ·
530 1450 539 1466 ι
564 1439 648 1467 Αὗται
671 1441 698 1467 δὲ
721 1442 749 1467 αί
766 1441 888 1475 γενέσεις
905 1442 957 1468 Ἰα-

164 1485 233 1511 κώϐ·
255 1485 356 1520 Ἰωσὴφ
380 1485 517 1512 δεκαεπτὰ
544 1485 611 1512 ἐτῶν
650 1485 782 1520 γεγονὼς,
805 1486 955 1521 ποιμαίνων

163 1531 199 1567 ἧν
216 1532 285 1567 μετὰ
301 1531 355 1559 τῶν
374 1532 498 1567 ἀδελφῶν
513 1533 594 1559 αὐτοῦ
611 1533 644 1559 τὰ
667 1532 801 1568 πρόϐατα,
826 1534 885 1563 νέος
907 1532 954 1564 ῶν,

997 296 1076 324 strati
1083 296 1220 331 sapientes
1227 299 1308 330 atque
1318 293 1456 326 industrii,
1464 292 1544 327 etiqui
1553 292 1786 327 legaliumpariter

996 347 1024 371 et
1047 342 1274 378 propheticorum
1291 339 1457 375 scriptorum
1475 343 1539 365 sunt
1554 337 1646 373 periti.
1663 337 1742 365 Unde
1756 342 1785 365 et

998 389 1108 416 divinus
1118 389 1217 416 Petrus
1224 386 1352 421 princeps
1364 384 1572 419 discipulorum,
1580 383 1694 417 aliisque
1708 382 1787 418 longe

997 436 1135 471 superior,
1148 435 1290 470 professus
1301 435 1412 471 quidem
1424 438 1466 462 est
1481 434 1563 461 ﬁdem
1581 437 1670 465 recte;
1683 431 1788 459 audivit

997 489 1064 509 vero
1076 489 1091 508 a
1108 481 1218 509 Christo
1231 491 1237 508 :
1259 492 1266 507 ι
1280 482 1378 509 Beatus
1393 489 1433 512 es,
1448 481 1542 508 Simon
1561 478 1707 510 Bar-Ioua,
1723 477 1788 512 quia

999 536 1064 556 caro
1077 532 1105 555 ct
1124 528 1234 563 sanguis
1247 536 1302 555 non
1315 527 1447 555 revelavit
1464 526 1525 557 tibi.
1546 525 1594 553 sed
1609 525 1689 552 Pater
1711 530 1788 550 meus

999 575 1046 609 qui
1062 579 1104 601 est
1126 574 1153 600 in
1177 573 1254 601 ctelis
1273 574 1305 600 ".
1324 583 1333 599 ι
1360 572 1475 601 Instruit
1496 572 1568 599 enim
1591 578 1642 597 nos
1665 570 1738 597 Deus
1758 576 1790 595 ac

1000 620 1080 646 Pater
1095 626 1221 646 sermone
1231 619 1264 646 de
1274 619 1354 651 Filio,
1367 624 1448 653 atque
1464 618 1500 644 ita
1513 617 1658 647 instaurat,
1670 614 1789 642 oﬂ‘erens

1000 672 1051 692 nos
1063 665 1113 699 ipsi
1126 670 1155 692 ut
1166 664 1300 692 Saivatori
1313 669 1393 699 atque
1402 662 1590 697 Redemptori.
1605 671 1613 687 ι
1622 661 1707 688 Νοιηο
1716 659 1789 687 enim

1001 710 1076 737 venit
1088 710 1121 737 ad
1140 718 1194 741 me,
1208 709 1307 744 inquit,
1320 710 1373 736 nisi
1389 709 1468 736 Pater
1489 715 1567 735 meus
1587 706 1633 741 qui
1653 705 1727 732 misit
1747 712 1790 731 me

1003 756 1093 782 trahat
1108 763 1171 782 eum
1184 755 1233 782 ⁵⁷.»
1246 755 1280 782 Ut
1297 755 1389 789 itaque
1400 762 1448 789 per
1461 760 1582 784 omnem,
1594 755 1624 778 ut
1639 752 1675 778 ita
1688 750 1788 781 dicam,

1003 809 1106 828 sacram
1119 801 1301 835 Scripturam.
1314 807 1468 827 sermonem
1480 799 1513 826 de
1524 798 1583 833 ipso
1595 797 1789 831 intelligentcs,

1003 854 1034 873 ac
1058 846 1193 873 sinceram
1229 845 1309 872 ﬁdem
1339 845 1509 879 colligentes,
1538 851 1593 870 non
1636 841 1791 869 detestabili

1004 893 1087 920 animi
1108 892 1268 926 duplicitate
1283 891 1413 918 vacillans
1427 889 1628 925 quodammodo
1644 894 1671 915 et
1682 888 1791 915 ebrium

1004 946 1052 965 eor
1064 938 1223 969 habeamus,
1237 944 1326 972 neque
1345 935 1506 971 ignorantiae
1520 934 1629 961 turbine
1642 934 1791 968 rapiamur,

1005 984 1149 1011 audiamus
1156 984 1242 1010 Deum
1252 990 1300 1017 per
1317 989 1409 1009 vocem
1425 981 1623 1016 prophetarum
1635 979 1771 1006 dicentem
1785 986 1791 1004 :

1009 1040 1017 1056 ι
1031 1030 1193 1057 Dilexerunt
1211 1036 1321 1056 movere
1346 1027 1429 1063 pedes
1449 1034 1523 1058 suos,
1543 1031 1570 1053 et
1592 1033 1645 1052 non
1662 1031 1794 1060 peperce-

1005 1081 1080 1108 runt,
1095 1080 1123 1103 et
1135 1075 1207 1103 Deus
1225 1082 1280 1102 non
1293 1073 1457 1108 complacuit
1469 1072 1522 1100 sibi
1535 1072 1561 1099 in
1574 1072 1674 1104 cisia.»
1688 1070 1794 1097 Idcirco

1004 1129 1054 1156 per
1073 1119 1288 1148 innumerabiles
1303 1118 1435 1152 imagines
1447 1124 1478 1144 ac
1490 1115 1590 1151 ﬁguras
1609 1122 1658 1142 nos
1675 1113 1708 1140 ad
1720 1111 1794 1140 veri-

1005 1172 1089 1194 tatem
1102 1166 1258 1197 conﬁrmat,
1269 1165 1404 1200 ﬁdemque
1415 1164 1442 1191 in
1454 1164 1544 1199 ipsum
1557 1161 1662 1189 utiliter
1673 1162 1795 1195 praestat,

1005 1222 1038 1242 ea
1054 1221 1114 1248 qua:
1132 1221 1181 1248 per
1202 1219 1310 1248 tempus
1325 1212 1497 1243 acciderunt,
1519 1210 1608 1238 claros
1630 1207 1797 1244 cognitionis

1006 1260 1039 1287 de
1056 1261 1115 1294 ipso
1137 1263 1216 1295 typos
1236 1259 1418 1286 constituens.
1435 1257 1584 1285 Videamus
1603 1254 1695 1288 itaque
1715 1251 1798 1279 etiam

1007 1307 1034 1333 in
1047 1306 1080 1333 iis
1101 1314 1162 1340 quae
1181 1305 1276 1332 divino
1293 1303 1393 1338 Ioseph
1411 1304 1573 1333 evenerunt,
1596 1307 1630 1326 an
1654 1306 1714 1333 quae
1741 1296 1798 1324 dixi

1005 1360 1070 1379 vera
1079 1359 1175 1379 rursus
1187 1354 1345 1386 appareant.
1357 1350 1396 1377 Ita
1408 1357 1473 1376 vero
1485 1348 1589 1375 habent
1602 1355 1608 1373 :
1622 1355 1631 1371 ‹
1644 1345 1691 1372 Ila:
1705 1349 1798 1371 autem

1006 1402 1070 1425 sunt
1084 1397 1277 1433 generationes
1300 1395 1395 1423 Iacob.
1414 1393 1514 1428 Ioseph
1533 1400 1594 1420 cum
1614 1394 1687 1418 esset
1710 1395 1797 1416 anno-

1007 1452 1067 1471 rum
1076 1442 1282 1478 septemdecim,
1294 1441 1421 1476 pascebat
1432 1447 1497 1467 oves
1510 1446 1572 1465 cum
1585 1436 1717 1464 fratribus
1730 1434 1798 1467 suis.

1006 1490 1142 1517 exsistens
1155 1488 1266 1524 juvenis
1280 1495 1340 1515 cum
1354 1487 1418 1513 filiis
1431 1485 1522 1516 Balbe,
1542 1488 1642 1511 etcum
1660 1481 1723 1508 filiis
1737 1479 1798 1507 Zel-

1007 1536 1078 1571 phae,
1094 1535 1173 1570 179
1184 1541 1301 1561 uxorum
1319 1532 1404 1568 patris
1420 1531 1473 1558 sui.
1486 1530 1584 1558 Attulit
1600 1533 1690 1556 autem
1698 1525 1799 1560 Ioseph

166 1578 238 1613 μετὰ
251 1578 306 1605 τῶν
326 1578 392 1605 υίῶν
415 1579 529 1610 Βάλλας.
546 1579 594 1605 καὶ
607 1579 677 1614 μετὰ
701 1579 755 1605 τῶν
775 1578 840 1605 υἱῶν
853 1579 956 1614 Ζελφᾶς

1011 1582 1179 1616 vituperium
1203 1580 1304 1607 malum
1326 1578 1360 1605 ad
1379 1577 1463 1605 lsrael
1484 1581 1590 1612 patrem
1607 1581 1698 1602 suum.
1716 1571 1800 1600 Iacob

166 1625 221 1651 τῶν
248 1625 385 1659 γυναικῶν
410 1626 457 1651 τοῦ
486 1625 590 1660 πατρὸς
620 1625 712 1652 αὑτοῦ.
742 1626 903 1660 Κατήνεγκε
930 1625 958 1651 δὲ

172 1670 272 1706 Ἰωσὴφ
286 1671 369 1706 ψόγον
382 1672 499 1706 πονηρὸν
514 1672 582 1706 πρὸς
601 1671 712 1707 Ἰσραὴλ
725 1672 771 1699 τὸν
787 1672 895 1707 πατέρα
910 1672 956 1698 αὺ-

167 1716 227 1743 τοῦ.
251 1717 348 1743 Ἰακὼό
360 1717 388 1744 δὲ
405 1718 499 1752 ἠγάπα
516 1717 560 1744 τὸν
581 1717 680 1752 Ἰωσὴφ
695 1717 770 1753 παρὰ
781 1717 884 1749 πάντας
897 1718 960 1748 τοὺς

169 1763 245 1794 υἱοὺς
263 1761 356 1795 αὐτοῦ,
379 1763 420 1789 ὅτι
443 1763 500 1794 υἱὸς
517 1763 610 1798 γήρως
629 1760 663 1798 ἦν
680 1762 764 1798 αὐτῷ.
786 1762 913 1798 Ἐποίησε
932 1762 960 1789 δὲ

168 1809 244 1844 αὐτῷ
256 1809 357 1845 χιτῶνα
377 1809 506 1836 ποικίλον.
526 1809 636 1841 Ἰδόντες
651 1809 679 1836 δὲ
698 1809 723 1836 οί
743 1809 853 1843 ἀδελφοὶ
867 1809 960 1841 αὑτοῦ,

1007 1632 1098 1655 autem
1111 1625 1239 1661 diligebat
1253 1624 1355 1658 Ioseph
1367 1631 1450 1658 supra
1460 1629 1556 1648 omnes
1568 1620 1638 1647 ﬁlios
1649 1625 1723 1648 suos.
1735 1616 1802 1652 quia

1009 1674 1082 1701 ﬁlius
1107 1671 1258 1700 senectutis
1284 1673 1344 1698 erat
1363 1670 1399 1696 ei.
1423 1668 1500 1696 Fecit
1521 1670 1612 1694 autem
1634 1665 1658 1692 ei
1680 1662 1801 1696 tunicam

1008 1720 1121 1746 variam.
1137 1718 1267 1746 Videntes
1279 1724 1345 1744 vero
1357 1715 1456 1742 fratres
1472 1715 1533 1749 ejus
1559 1712 1633 1748 quod
1650 1718 1712 1738 eum
1728 1716 1804 1737 ama-

1009 1770 1052 1793 ret
1061 1769 1137 1800 patcr
1146 1772 1201 1800 pra:
1212 1763 1341 1791 omnibus
1352 1761 1414 1788 tiliis
1425 1760 1491 1793 suis,
1501 1760 1620 1787 oderunt
1630 1765 1703 1790 eum,
1713 1762 1802 1791 neque

1010 1814 1137 1846 poterant
1153 1810 1178 1836 ei
1199 1808 1273 1844 loqui
1291 1807 1440 1842 quidquam
1453 1805 1598 1841 paciﬁcum
1608 1804 1642 1831 ⁵⁸.
1657 1813 1666 1829 ι

168 1857 211 1883 ὅτι
226 1856 240 1882 ὁ
258 1856 348 1892 πατὴρ
366 1856 447 1883 αὑτὸν
465 1855 538 1891 φιλεῖ
549 1857 581 1882 ὲκ
597 1856 706 1882 πάντων
720 1855 775 1882 τῶν
790 1855 856 1882 υἱῶν
870 1855 962 1888 αὑτοῦ,
983 1857 1117 1892 ἐμίσησαν
1147 1855 1238 1888 αὑτὸν,
1251 1854 1298 1881 καὶ
1311 1853 1361 1880 οὐκ
1380 1852 1505 1880 ἐδύναντο
1521 1851 1610 1878 λαλεῖν
1639 1848 1714 1884 αὐτῷ
1729 1847 1804 1874 οὐδὲν

170 1905 318 1940 εἰρηνικόν.
332 1914 341 1932 ι

207 1950 240 1987 β’.
262 1951 411 1987 Πεποίηται
429 1951 479 1986 μὲν
494 1951 548 1987 γὰρ
564 1952 577 1977 ὁ
596 1951 641 1978 τοῦ
659 1951 760 1986 βιϐλίου
773 1952 956 1987 συγγραφεὺς,

169 1998 225 2024 τῶν
239 1998 267 2030 ἐξ
285 1996 368 2024 Ἠσαῦ
385 1998 533 2032 γεγονότων
550 1997 739 2033 ἀπαρίθμησιν
755 1998 865 2033 ἀκριϐῆ.
882 1997 960 2029 Τίνες

169 2044 225 2079 γὰρ
243 2043 324 2070 τίνων
340 2043 484 2077 έξέφυσαν,
501 2044 548 2070 καὶ
564 2044 624 2070 ὅποι
638 2044 702 2070 ποτὲ
717 2044 768 2079 γῆς
782 2043 893 2070 ἕκαστοι
913 2043 960 2069 αὑ-

170 2089 225 2115 τῶν
238 2090 426 2124 κατῳκήκασι,
448 2089 494 2115 καὶ
516 2089 566 2124 τὴν
581 2089 651 2116 κατὰ
668 2089 748 2116 τίνων
769 2089 890 2124 διέλαχον
910 2089 959 2124 ἅρ-

171 2135 234 2170 χὴν,
264 2135 293 2162 τὸ
311 2135 382 2170 ἱερὸν
399 2136 472 2170 ἡμᾶς
497 2134 597 2167 ἐδίδαξε
620 2135 757 2171 Γράμμα’
782 2135 902 2169 γενναῖόν
928 2143 959 2168 γε

174 2181 228 2217 μὴν
246 2181 331 2214 οὐδὲν,
348 2181 405 2207 ἀλλ’
426 2181 485 2207 οὐδὲ
510 2182 620 2216 μνήμης
642 2181 716 2213 ἄξιον
735 2182 905 2218 πεπραχότος
918 2190 959 2208 τι-

172 2228 227 2258 νός.
243 2228 392 2262 Μονονουχὶ
404 2227 433 2253 δὲ
447 2227 632 2263 παρανήχεται
646 2228 709 2259 τοὺς
723 2227 932 2262 ὠνομασμένους
947 2229 961 2254 ό

1048 1948 1074 1974 2.
1095 1947 1172 1974 Fecit
1183 1946 1300 1980 scriptor
1308 1944 1371 1972 libri
1382 1948 1504 1981 apertam
1515 1941 1804 1970 commemorationem

1012 2001 1108 2021 eorum
1121 1993 1168 2027 qui
1189 2000 1223 2019 ex
1241 1992 1312 2019 Esau
1328 1991 1382 2018 orti
1398 1993 1472 2017 sunt.
1490 1988 1541 2022 Qui
1561 1988 1634 2015 enim
1651 1995 1684 2014 ex
1703 1987 1805 2022 quibus

1013 2039 1070 2067 nati
1089 2039 1154 2071 sint,
1173 2041 1201 2065 et
1222 2044 1304 2072 quam
1318 2036 1435 2071 quisque
1454 2033 1593 2070 regionem
1614 2032 1753 2064 habitarit,
1773 2039 1805 2059 ac

1013 2085 1115 2120 quibus
1127 2084 1281 2119 imperarit,
1297 2090 1376 2110 sacra
1397 2081 1538 2116 Scriptura
1551 2087 1601 2106 nos
1614 2078 1707 2106 docuit
1720 2087 1726 2104 :
1741 2085 1804 2104 cum

1016 2130 1127 2158 interim
1151 2129 1220 2157 nihil
1244 2129 1405 2164 praeclarum
1426 2134 1517 2161 neque
1540 2125 1673 2152 memoria
1692 2123 1804 2159 dignum

1015 2177 1159 2213 quisquam
1169 2183 1264 2204 eorum
1274 2174 1398 2210 gesserit.
1408 2173 1504 2200 Ferme
1514 2171 1604 2205 itaque
1613 2177 1708 2197 eorum
1717 2168 1806 2197 nomi-

1014 2231 1049 2250 na
1060 2230 1151 2251 sermo
1163 2220 1306 2257 prmteriit,
1316 2223 1397 2254 atque
1408 2217 1441 2244 ad
1453 2216 1574 2244 divinum
1586 2215 1686 2250 Ioseph
1698 2223 1726 2241 se
1738 2222 1804 2241 con-

171 2274 260 2308 λόγος,
273 2273 399 2309 καταίρει
412 2273 440 2300 δὲ
457 2273 551 2309 ῶσπερ
566 2273 612 2300 ἐπὶ
624 2273 670 2300 τὴν
687 2273 829 2300 θεσπέσιον
850 2273 956 2309 Ἰωσήφι

1014 2268 1077 2300 fert,
1089 2268 1178 2302 deque
1195 2266 1229 2293 iis
1241 2265 1288 2301 qui
1301 2272 1335 2292 ex
1347 2263 1479 2298 sanguine
1493 2260 1578 2288 Iacob
1595 2263 1669 2291 sunt,
1681 2257 1805 2294 splendi'

173 2322 221 2348 καὶ
244 2320 308 2351 τοὺς
329 2319 358 2353 ἐξ
380 2321 494 2355 αἵματος
515 2318 611 2346 Ἰακὼϐ
634 2319 759 2355 λαμπρὸν
785 2320 901 2346 ποιεῖται
925 2318 966 2345 δι-

174 2368 281 2401 ήγημα.
294 2365 437 2396 Νεὼτατος
451 2364 499 2399 μὲν
520 2362 566 2391 οὖν
581 2364 635 2390 τῶν
649 2364 736 2391 ἄλλων
753 2365 766 2391 ὁ
788 2364 886 2400 Ἰωσὴφ
907 2367 966 2400 (ἐπ-

173 2412 322 2442 τακαίδεκα
339 2411 393 2446 γὰρ
407 2409 441 2446 ἦν
453 2410 542 2445 ἐτῶν),
560 2411 670 2446 ἱδρῶτάς
687 2419 717 2444 γε
737 2410 790 2446 μὴν
809 2410 858 2437 οὐκ
871 2410 966 2446 ἡμέλει

175 2457 335 2494 ποιμενικοῦ
348 2465 354 2471 '
372 2458 426 2488 τοῖς
437 2457 465 2483 δὲ
479 2456 568 2488 ἄλλοις
580 2457 706 2492 ἀδελφοῖς
720 2456 821 2492 ἀναμὶξ
833 2457 887 2483 τῶν
901 2457 966 2484 ἴσων

175 2505 276 2540 ἥπτετο
293 2503 520 2538 σπουδασμάτων,
538 2502 567 2529 οὐ
588 2503 637 2538 τὴν
653 2504 708 2534 τοῖς
725 2503 752 2529 ὲν
770 2502 825 2539 ἥϐῃ
840 2502 962 2538 θυμηρε-

177 2551 277 2584 στάτην
293 2550 340 2576 καὶ
357 2549 399 2575 ἀεί
417 2557 472 2580 πως
486 2548 621 2584 προσφιλῆ
636 2548 776 2584 ῥᾳστώνην
792 2549 963 2584 τετιμηκώςῑ

175 2596 205 2622 οὖ
220 2595 268 2630 τὴν
284 2595 407 2630 πρόωρον
430 2593 476 2620 τοῦ
501 2594 558 2629 βίου
584 2595 711 2629 φροντίδα
736 2595 963 2630 παραιτούμενος,

176 2641 236 2668 οῦδὲ
249 2641 280 2666 τὸ
297 2640 416 2666 ἀνεῖσθαι
443 2639 542 2674 μᾶλλον
561 2639 710 2673 ἠγαπηκὼς
722 2658 730 2670 ν
757 2640 805 2666 ἆτε
827 2639 858 2673 δὴ
876 2640 923 2665 καὶ¹
938 2639 966 2665 ἐν

179 2687 332 2722 μειρακίοις
348 2686 388 2712 ἑτι
403 2685 495 2711 τελῶν·
516 2685 573 2711 ἀλλ’
590 2683 632 2711 οἷα
653 2685 818 2720 πρεσϐύτης,
841 2685 870 2711 ὲν
892 2685 967 2720 εὐδίᾳ

180 2733 230 2768 μὲν
242 2733 291 2768 ἤδη
308 2732 445 2766 λογισμῶν
462 2731 588 2765 γεγονὼς,
599 2731 644 2757 καί
659 2730 704 2756 τὸν
724 2730 785 2757 νοῦν
799 2730 868 2764 ἔχων
881 2727 910 2756 εὖ
922 2729 967 2763 βε-

178 2778 282 2813 ϐηκότα
295 2786 301 2792 ·
320 2777 405 2811 πολιῷ
423 2785 451 2802 τε
468 2777 506 2811 τῷ
524 2776 594 2810 λόγῳ
611 2775 761 2811 χρώμενος,
776 2776 823 2802 καὶ
843 2775 891 2809 τῆς
906 2775 966 2800 ὲσο-

181 2825 265 2859 μένης
278 2823 467 2858 λαμπρότητος
486 2822 694 2858 προαναφαῐνων
714 2821 744 2847 τὸ
764 2820 869 2853 κάλλος,
886 2820 966 2846 ἐθαυ-

1016 2314 1077 2341 dam
1105 2312 1292 2341 narrationem
1316 2308 1446 2337 instituit.
1476 2307 1604 2334 Minimus
1627 2306 1720 2339 itaque
1739 2307 1804 2331 natu

1016 2359 1087 2386 inter
1096 2358 1166 2386 ﬁlios
1173 2357 1283 2392 Ioseph,
1297 2353 1492 2390 septemdecim
1502 2352 1575 2379 enim
1588 2355 1648 2378 erat
1658 2358 1804 2381 annorum,

1016 2405 1139 2431 laborem
1153 2401 1326 2438 pastoritium
1342 2407 1395 2426 non
1415 2397 1589 2429 detrectavit,
1605 2396 1653 2423 sed
1671 2403 1724 2422 una
1744 2402 1807 2421 cum

1016 2451 1077 2479 aliis
1098 2450 1229 2477 fratribus
1247 2447 1343 2475 iisdem
1368 2444 1467 2473 studiis
1490 2443 1614 2475 vacabat,
1636 2449 1690 2469 non
1707 2441 1804 2473 otium,

1016 2505 1070 2533 quo
1085 2497 1213 2532 juventus
1236 2492 1372 2528 imprimis
1387 2491 1548 2521 delectatur,
1564 2493 1681 2519 sectans,
1697 2495 1750 2514 non
1766 2487 1806 2514 in-

1018 2542 1210 2577 tempestivum
1236 2545 1386 2575 parumque
1407 2540 1499 2571 aptum
1513 2534 1584 2562 aetati
1611 2542 1666 2561 sua;
1683 2533 1805 2560 laborem

1019 2587 1233 2623 subterfugiens,
1246 2592 1335 2619 neque
1348 2591 1444 2610 vacare
1457 2581 1597 2612 adamans,
1611 2584 1705 2615 utpote
1718 2578 1808 2606 adhuc

1021 2625 1167 2671 pueritiam
1187 2639 1280 2668 agens,
1297 2630 1344 2658 sed
1359 2628 1443 2656 veluti
1460 2636 1553 2658 senex,
1565 2632 1593 2654 et
1613 2626 1807 2661 cogitationum

1020 2680 1187 2717 pnestantia,
1209 2677 1362 2711 mentisque
1385 2675 1484 2702 robore
1498 2671 1645 2708 ’prmditus,
1672 2680 1704 2699 ac
1729 2671 1808 2698 senili

1021 2726 1126 2754 ratione
1144 2730 1240 2756 utens,
1261 2722 1401 2756 futurique
1422 2719 1575 2755 splendoris
1592 2718 1807 2753 pulcherrimum

1021 2772 1159 2808 specimen
1170 2771 1265 2799 edens,
1279 2768 1375 2795 merito
1387 2767 1467 2794 beato
1481 2756 1721 2798 amantissimoque
1737 2761 1812 2797 patri

1020 2807 1229 2846 admirationem
1255 2815 1297 2842 sui
1317 2812 1480 2843 concitavit,
1502 2815 1530 2839 et
1552 2811 1585 2837 ad
1614 2809 1744 2845 majorem
1766 2807 1808 2835 sui

217 2917 240 2934 “
251 2917 346 2946 Matth.
363 2925 415 2951 im,
432 2916 473 2943 i7.
515 2914 731 2950 “’Ioan.\1,ii.
772 2915 792 2933 ³³
806 2915 907 2942 Ierem.
923 2922 956 2941 λιι

1009 2913 1034 2939 0.
1068 2913 1089 2928 ‘9
1108 2912 1175 2939 Gen.
1191 2917 1288 2944 xxxv",
1309 2905 1368 2935 Qui.
