1990 3050
164 119 182 146 ‘2
188 120 221 146 39

673 120 932 149 CLAPllYBORUM
951 121 983 149 IN
1004 121 1153 150 GENESIM
1174 123 1236 151 LIB.
1260 124 1301 152 Vl.

1746 129 1799 160 290

167 179 208 211 εἰς
219 179 405 214 εὐτολμότατα
419 180 590 215 τολμήματα,
606 181 651 207 καὶ
663 181 692 208 τὸ
705 182 840 216 τληπαθὲς
852 181 940 208 ἐλὲσϐε

991 204 995 214 λ
1011 188 1082 209 mam
1105 181 1176 209 bona
1194 182 1285 210 indole
1298 182 1467 218 probataque
1492 187 1518 210 et
1546 185 1622 220 181
1638 185 1796 223 incorrupta

168 225 251 260 τιμᾷν
266 224 453 256 ἀναπείθουσι,
462 225 496 252 τὰ
507 226 575 262 γέρα
588 227 829 262 προαγορεύοντες,
839 226 856 254 ἃ.
868 228 899 262 τῇ
911 226 956 253 τοῦ

167 271 246 306 νικᾷν
262 271 402 298 συνθέουσι
417 271 480 306 δόξῃ
496 272 522 298 αἱ
535 272 589 299 τῶν
600 272 839 306 ἁγωνοθετούντων
855 272 956 307 φιλοτι-

170 317 240 351 μίαι,
258 317 309 349 τὰς
320 317 396 353 παρὰ
407 317 462 344 τῶν
479 318 624 353 θεωμένων
641 318 788 354 εὐφημίας,
802 319 865 350 τοὺς
877 318 956 345 ἐπαί-

167 370 241 394 νους,
259 362 323 393 τοὺς
337 362 460 397 κρότους-
480 361 511 388 οὗ
517 371 554 389 τω
570 363 617 389 καὶ
629 364 644 390 6
658 363 711 390 τῶν
725 363 793 390 ὅλων
803 363 878 394 Θεὸς,
893 363 956 389 ὅταν

167 406 209 440 ῐδῃ
236 406 324 441 ψυχὴν
349 407 453 441 εὐφυᾶ,
478 407 582 443 δοκίμῳ
607 417 637 434 τε
664 409 711 435 καὶ
734 408 870 444 ἁκιΰδήλῳ
896 408 954 435 δια-

166 452 325 488 πρέπουσαν
345 452 393 488 νῷ,
409 453 457 480 καὶ
478 453 546 488 πρὸς
567 455 621 480 πᾶν
639 454 694 480 τῶν
710 454 828 490 ἀρίστων
843 454 956 489 ἔχουσαν

164 498 335 533 ἐπιτηδείως,
361 499 438 525 καλεῖ
457 499 489 534 δὴ
510 499 570 526 τότε
591 500 658 535 πρὸς
672 500 701 527 τὸ
719 500 784 536 δρᾷν
800 500 907 527 ἑλέσθαι
925 500 954 526 τὺ

164 542 283 578 ἀγαθόν·
309 544 523 580 προαναδεικνὺς
541 545 575 571 τὰ
596 545 723 580 ἐσόμενα,
746 545 793 571 καὶ
816 544 955 576 διανιστὰς

162 589 343 624 οἰκονομικῶς
368 590 409 622 εἰς
436 589 600 626 προθυμίαν,
624 590 701 625 δῆλον
723 591 752 617 δὲ
777 591 818 617 ὃτι
836 590 886 626 τὴν
910 591 953 617 ἐπ’

162 635 284 670 ἀρεταῖς.
301 635 412 670 ’Ὀραμα
427 635 515 662 τοίνυν
527 635 574 662 καὶ
586 635 660 671 ὀμφή
672 644 713 668 τις
728 634 830 663 ἄνωθεν
844 635 952 670 ἐπεφοί-

160 681 228 714 τησὲ
246 689 312 707 ποτε
335 681 374 716 τῷ
393 680 455 716 νέῳ,
477 681 548 716 φημὶ
564 680 596 717 δὴ
612 681 651 716 τῷ
669 682 782 717 Ἰωσήφ·
797 682 810 708 6
826 681 865 714 δὲ,
876 679 952 716 οἶμαί

162 733 226 756 που,
240 725 386 760 θαυμάσας
409 726 582 753 ἀνεκοινοῦτο
597 728 652 758 τοῖς
673 726 807 762 ἀδελφοῖς,
824 726 895 753 οὕτω
911 726 953 752 λέ-

162 780 233 804 γωνι
256 781 264 796 ι
290 771 438 799 Ἀκούσατε
456 772 502 799 τοῦ
523 773 649 799 ἐνυπνίου
664 773 759 800 τούτου
778 770 808 800 οὗ
826 773 952 799 ἐνυπνιά-

160 817 240 852 σθην·
259 818 348 853 ᾬμην
369 819 442 853 ἡμᾶς
466 818 607 854 δεσμεύειν
622 819 765 854 δράγματα
777 819 806 845 ἐν
823 818 896 854 μέσῳ
912 818 950 854 τῷ

1009 232 1098 255 mente
1116 228 1269 262 praeditam,
1288 232 1369 263 alque
1387 229 1420 256 ad
1433 237 1542 256 omnem
1554 231 1683 258 virtutem
1694 234 1796 268 optime

1008 278 1203 307 comparatam,
1218 277 1275 300 tum
1288 273 1398 301 demum
1414 279 1492 302 vocat
1503 275 1536 302 ad
1548 275 1651 302 bonum
1663 282 1795 311 praestan-

1007 318 1082 350 dum,
1092 324 1304 354 prtemonstrans
1310 320 1412 353 futura,
1420 321 1596 356 excitatisque
1603 322 1795 352 miroartificio

1007 364 1041 391 ad
1059 365 1174 392 virtutes
1190 365 1317 393 alacriter
1329 367 1543 401 amplcctendas.
1557 367 1633 394 Visio
1655 367 1746 402 itaque
1767 373 1795 397 et

1007 417 1058 437 vox
1066 411 1188 446 quaedam
1196 412 1304 439 coalitus
1313 412 1407 447 juveni
1415 412 1661 447 accidit,Josepho,
1670 414 1792 448 inquam;

1006 456 1096 491 qui,ut
1109 457 1559 490 reor,admiratus,commnnicavit
1569 459 1595 486 id
1605 459 1747 492 fratribus;
1756 460 1792 488 ita

1005 501 1118 529 dicens:
1135 512 1144 528 ‹
1159 503 1258 531 Audite
1274 505 1410 531 somnium
1432 512 1522 532 meum
1543 506 1616 540 quod
1633 506 1767 533 somniavi
1783 514 1790 532 :

1004 548 1136 576 Putabam
1156 549 1207 577 nos
1228 550 1312 585 ligare
1334 551 1489 586 manipulos
1510 551 1537 578 in
1560 552 1651 578 medio
1672 559 1747 587 agro,
1764 555 1792 579 et

1004 594 1123 621 surrexit
1136 602 1214 622 meus
1235 595 1391 630 manipulus
1412 600 1440 623 et
1461 600 1569 623 erectus
1587 601 1645 630 est;
1665 597 1790 625 conversi

1003 646 1095 668 autem
1114 642 1247 676 manipuli
1259 643 1341 669 vestri
1356 643 1538 670 adoraverunt
1551 651 1641 670 meum
1663 644 1790 679 manipu-

1002 686 1069 714 lum.
1085 687 1218 714 Dixerunt
1229 692 1319 716 autem
1337 688 1362 716 ei
1375 688 1473 717 fratres
1489 690 1548 724 cjus
1564 698 1569 715 :
1584 689 1723 724 Numquid
1744 698 1788 718 re-

1002 740 1088 767 gnans
1104 733 1230 768 regnabis
1241 741 1323 768 super
1336 740 1395 764 nos,
1412 737 1459 760 aut
1469 733 1614 761 dominans
1627 734 1788 762 dominabe—

1002 777 1041 804 ris
1058 777 1155 805 nobis?
1167 779 1201 805 Et
1219 777 1385 805 addiderunt
1396 778 1486 805 adhuc
1506 778 1570 805 odio
1591 778 1693 806 habere
1709 786 1784 812 eum,

1001 827 1114 857 propter
1126 823 1231 850 somnia
1243 824 1302 858 ejus
1315 827 1342 850 et
1361 823 1445 850 verba
1456 823 1487 851 Μ.
1505 833 1513 848 ι
1529 823 1597 850 Vide
1620 823 1711 858 itaque
1731 831 1787 859 quo

158 864 254 898 πεδίῳ,
269 865 316 890 καὶ
328 865 426 899 ἀνέστη
439 864 468 892 τὸ
479 865 545 900 ἐμὸν
556 865 666 900 δράγμα
677 866 723 892 καὶ
732 863 857 899 ὼροώθη·
870 872 940 899 περιι

999 874 1078 903 pacto
1102 870 1131 896 in
1156 869 1189 896 iis
1211 873 1316 896 crescat
1337 869 1449 901 invidia,
1472 877 1504 896 ac
1527 869 1611 896 veluti
1634 869 1786 896 fomentum

157 910 314 945 στραφέντα
327 910 355 937 δὲ
371 911 404 937 τὰ
417 911 560 947 δράγματα
579 911 667 946 ὑμῶν,
685 911 893 947 προσεκύνησαν
909 910 948 945 τῷ

157 956 218 991 ἐμῷ
234 956 379 991 δράγμα-ει.
396 955 480 983 Εἶπον
494 957 522 983 δὲ
533 956 606 992 αὺτῷ
623 958 647 984 οἱ
663 956 787 990 ἀδελφοί·
804 955 850 991 Μὴ
872 956 948 991 βασι-

155 1003 243 1030 λεύων
257 1003 426 1038 βασιλεύσεις
447 1004 489 1038 ἐφ’
506 1005 589 1039 ἡμᾶς,
608 1003 772 1039 ἢκυριεύων
794 1002 947 1038 κυριεύσεις

155 1048 250 1084 ήμῶνς
269 1049 324 1076 Καὶ
340 1049 503 1085 προσέθεντο
515 1049 555 1075 ἔτι
572 1051 661 1084 μισεῖν
675 1049 767 1080 αὑτὸν,
780 1049 872 1075 ἕνεκεν
892 1048 946 1074 τῶν

154 1095 289 1122 ἐνυπνίων
309 1095 404 1127 αὑτοῦ,
419 1095 467 1123 καὶ
490 1095 584 1122 ἕνεκεν
604 1094 657 1122 τῶν
675 1095 804 1131 ῥημάτων
818 1093 899 1121 αὑτοῦ
932 1103 942 1121 ›

155 1139 252 1176 ’Δθρει
273 1141 304 1176 δὴ
319 1139 376 1175 οὖν,
392 1141 432 1168 ὅτι
458 1141 524 1178 πρὸς
538 1141 657 1168 ἐπίδοσιν
677 1141 766 1172 αὐτοῖς
779 1140 813 1167 τὰ
826 1141 873 1175 τῆς
895 1140 944 1175 βα-

154 1187 268 1218 σκανίας
287 1188 399 1223 οἴχεται.
424 1188 471 1214 καὶ
492 1188 596 1223 τροφὴν
612 1188 706 1222 ὥσπερ
726 1187 787 1214 τινὰ
806 1186 943 1214 ποιοῦνται

152 1232 192 1268 τῷ
208 1232 298 1268 φθόνῳ
334 1232 368 1260 τὰ
389 1234 420 1260 ἐκ
444 1232 498 1260 τῶν
514 1233 647 1260 ἐνυπνίων
673 1231 887 1268 ὑποδηλοόμενα.
911 1233 943 1258 Ol

153 1279 206 1314 γὰρ
222 1279 290 1310 ὅλως
302 1279 352 1315 τὴν
368 1279 455 1315 ἀρχὴν
473 1279 503 1306 οὺ
525 1280 642 1315 μετρίως
657 1279 943 1314 ἁσχὰλλοντες,διαφε-

154 1326 254 1360 ρόντως
273 1326 312 1352 ὅτι
334 1326 474 1360 τετίμητο,
498 1324 556 1357 πῶς
576 1324 608 1352 ἂν
622 1325 710 1351 οἰστὸν
726 1325 888 1361 ἐποιήσαντο
911 1325 942 1352 τὺ

152 1369 260 1396 ἑλέσθαι
276 1369 321 1396 καὶ
334 1371 507 1404 προσκυνεῖν,
523 1371 569 1396 καὶ
583 1369 658 1402 τάξιν
674 1369 747 1405 αὑτῷ
760 1370 878 1405 τηρῆσαι
891 1370 941 1406 τὴν

151 1411 204 1441 ὧδε
216 1415 318 1451 σεπτὴν
331 1415 378 1442 καὶ
391 1415 457 1442 πολὺ
471 1415 529 1442 λίαν
544 1415 753 1451 ὑπερηρμένηνς
767 1415 839 1451 Πλὴν
853 1417 941 1443 ἐκεῖνο

151 1462 226 1494 ἄξιον
248 1462 322 1493 ίδείν,
344 1461 403 1493 πῶς
418 1462 461 1489 ἀεὶ
477 1463 490 1489 6
507 1462 602 1496 φθόνος
626 1462 737 1489 ἀνοσίαν
757 1462 812 1496 ἔχει
828 1462 877 1497 τὴν
893 1461 940 1495 ἐφ-

150 1511 220 1545 οδον,
237 1513 283 1538 καὶ
294 1512 338 1539 διὰ
347 1511 401 1538 τῶν
416 1511 480 1538 ἴσων
492 1510 601 1547 ἔρχεται
618 1508 720 1535 κακῶν.
737 1508 896 1542 Εὑρήσομεν
909 1507 938 1533 δὲ

149 1558 249 1592 τυφλόν
263 1566 293 1584 τε
305 1559 350 1585 καὶ
361 1558 494 1593 θεομάχον
508 1558 549 1584 ὅτι
570 1555 688 1591 μάλιστα
698 1554 729 1580 τδ
742 1553 844 1589 θηρίον.
864 1554 938 1580 Ἐπι-

148 1605 227 1640 τίλρει
241 1604 305 1640 γὰρ,
324 1605 397 1636 ὃπως
412 1603 479 1630 Θεοῦ
492 1602 721 1639 προαγγέλλοντος
733 1599 771 1634 τῷ
779 1600 878 1635 Ἰωσὴφ
888 1599 937 1635 τὴν

151 1651 200 1686 τῆς
228 1651 361 1686 ἐσομένης
391 1650 516 1682 εὐκλείας
543 1648 732 1684 λαμπρότητα,
760 1647 818 1673 δέον
850 1647 937 1673 ἐκεῖνο

147 1696 350 1732 διενθνμεῖσθαι
367 1696 460 1731 σαφῶς
471 1716 479 1728 ,
494 1696 531 1727 ὡς
547 1696 596 1722 οὐκ
611 1695 644 1722 ἂν
658 1695 672 1721 ὁ
684 1694 718 1721 τὰ
728 1693 819 1721 δίκαια
837 1692 937 1729 κρίνων

147 1742 214 1774 Θεὸς
226 1742 360 1769 ὲποίσειεν
372 1741 405 1768 ἂν
419 1743 475 1774 τοῖς
494 1742 542 1777 οὐχ
560 1741 629 1768 ἑλεῖν
643 1740 729 1773 ἀξίοις
743 1739 791 1772 τὰς
807 1739 937 1766 ἀνωτάτω

147 1789 240 1823 τιμὰς,
263 1787 322 1815 εἶτα
333 1789 436 1825 χαίρειν
446 1789 488 1815 ἐπ’
499 1787 606 1823 ἀδελφῷ
619 1787 834 1822 διαφανεστάτην
848 1785 936 1821 ἔχοντι

147 1835 196 1870 τὴν
219 1835 314 1862 ἐλπίδα
335 1836 382 1862 καὶ
400 1835 460 1870 θείᾳ
481 1835 564 1870 ψήφῳ
585 1833 774 1869 τετιμημένῳ-
793 1832 871 1858 τοῦτο
886 1831 935 1867 μὲν

146 1880 176 1906 οὐ
191 1879 364 1914 δεδράκασιν,
387 1879 530 1915 ἁδρότερον
548 1879 576 1905 δὲ
597 1877 644 1905 τοῦ
665 1877 761 1912 φθόνου
779 1876 934 1903 διανιστὼσι

145 1925 176 1952 τὸ
190 1925 312 1960 κέντρον,
327 1925 374 1952 καὶ
390 1925 480 1960 θηρῶν
494 1925 571 1960 δίκην
589 1923 820 1959 ὲπιμεμανήκασι,
840 1930 935 1958 μονον-

144 1971 204 2007 ουχὶ
227 1972 274 1998 καὶ
297 1971 476 2007 ἐπιτιμῶντες
499 1970 558 2006 Θεῷ
574 1970 613 2006 τῷ
632 1971 680 2005 τὴν
693 1970 771 2002 δόξαν
787 1970 934 2004 ὑπισχνου-

146 2017 230 2052 μένῳ,
242 2017 289 2044 καὶ
301 2017 342 2043 ὅτι
354 2017 498 2052 περίοπτος
509 2016 586 2043 ἔσται
597 2016 838 2052 προαναφαίνοντι.
850 2014 934 2042 Τοῦτο

144 2063 257 2096 γεγονὸς
272 2063 424 2098 εὑρήσομεν
445 2063 491 2089 ὲπί
509 2071 538 2089 τε
556 2063 626 2089 Κάῖν
642 2062 688 2088 καὶ
709 2061 802 2088 Ἅϐελ.
826 2060 933 2096 Ἐπειδὴ

146 2107 196 2143 γὰρ
208 2109 223 2135 ὁ
233 2108 287 2135 τῶν
298 2108 366 2134 ὅλων
376 2108 441 2141 Θεὸς
453 2108 500 2144 τὴν
512 2108 596 2135 ’Ἅϐελ
609 2107 704 2134 θυσίαν
716 2107 833 2134 ἐπαίνων
845 2106 932 2142 ἠξίου,

144 2153 190 2179 καὶ
203 2153 260 2188 περ
274 2152 379 2185 καθιεὶς
393 2153 550 2196 οὐρανόθεν,
567 2153 672 2188 ἐδέχετο
692 2152 741 2188 τὴν
752 2151 932 2187 δωροφορίαν.

143 2200 176 2233 τῇ
191 2199 238 2225 τοῦ
261 2199 330 2226 Κατν
349 2199 379 2225 οὺ
396 2198 602 2234 προσεσχηκώς·
627 2199 671 2226 τὸν
687 2199 830 2235 μιαιφόνον
852 2197 932 2229 ερθὺς
948 2210 970 2238 η

144 2243 293 2279 εἰσεδέχετο
304 2244 409 2279 φθόνον,
421 2244 467 2271 καὶ
478 2245 539 2277 ταῖς
548 2244 651 2272 ἄνωθεν
662 2244 762 2280 ψήφοις
772 2244 822 2279 τὴν
830 2243 932 2271 οἰκείαν

143 2289 237 2326 ὥσπερ
255 2289 410 2323 ἀντεξάγων
424 2290 520 2326 ὀργὴν,
535 2290 603 2326 δόλῳ
628 2290 732 2326 μέτεισι
748 2291 793 2317 τὸν
807 2290 930 2326 ἀδελφὺν,

144 2336 190 2361 καὶ
205 2335 238 2371 δὴ
252 2336 299 2361 καὶ
317 2335 444 2362 διόλλυσι.
465 2335 623 2371 Καταλήγει
638 2336 692 2371 γάρ
705 2344 763 2367 πως
777 2337 806 2362 ἐν
826 2335 931 2367 τούτοις

142 2381 156 2406 6
168 2379 265 2415 φθόνος
280 2380 336 2414 ἀεί..
359 2380 438 2406 ’Λλλὰ
451 2381 492 2412 τίς
509 2380 542 2407 ἃν
566 2380 671 2414 γένοιτο
687 2381 741 2408 τῶν
755 2381 901 2416 ὁραμάτων
916 2381 930 2407 6

143 2424 219 2458 vaﬁg;
235 2425 352 2460 Δράγμα
373 2425 401 2452 δὲ
419 2426 474 2461 γὰρ
486 2427 526 2457 είς
540 2425 635 2462 καιροῦ
657 2427 767 2461 σημεῖον
783 2425 930 2461 παραδεξό-

144 2470 223 2504 μεθα.
238 2470 274 2496 Τό
291 2478 322 2504 γε
341 2469 394 2505 μὴν
408 2470 437 2496 ὲν
451 2469 514 2506 δόξῃ
531 2469 677 2506 περιφανὲς
691 2470 708 2505 ἡ
719 2469 766 2495 τοῦ
777 2469 834 2501 ἑνὸς
852 2469 930 2504 ἔγερ-

144 2524 183 2546 σις
202 2515 387 2550 ὑπεμφήνειεν
404 2515 513 2542 ἄν.”υτι
529 2515 620 2541 τοίνυν
634 2514 695 2550 ἥξει
708 2515 815 2550 καιρὸς,
825 2514 886 2541 καθ’
900 2513 929 2541 ὃν

143 2561 218 2588 ἔσται
232 2562 281 2596 μὲν
297 2560 410 2596 εὐκλεὴς
429 2562 444 2587 ὀ
458 2561 601 2592 θεσπέσιος
620 2560 728 2596 Ἰωσὴφ,
751 2561 928 2587 ὑποπεσεῖται

142 2607 170 2634 δὲ
193 2606 287 2643 ὥσπερ
309 2606 383 2642 αὐτῷ
410 2608 457 2634 καὶ
483 2607 697 2643 ὕπενεχθήσεται
719 2607 765 2634 καὶ
787 2605 856 2642 αὑτὴ
874 2606 928 2633 τῶν

143 2652 264 2687 ἀδελφῶν
285 2653 302 2688 ἡ
321 2653 434 2689 πληθὺς,
460 2653 653 2688 προῦπέδειξεν
670 2652 879 2689 αἰνιγματωδῶς
898 2652 928 2680 τὸ

142 2696 223 2724 αὐτοῦ
252 2696 364 2731 δράγμα
386 2697 460 2732 παρὰ
476 2697 530 2724 τῶν
551 2697 653 2733 ἐτέρων
679 2698 926 2734 προσκυνούμενον.

149 2742 215 2771 Ἀλλ’
229 2742 259 2769 οὐ
278 2742 360 2778 μέχρι
378 2742 480 2770 τούτων
497 2743 536 2779 τῷ
555 2744 654 2780 Ἰωσὴφ
667 2743 700 2771 τὰ
712 2744 840 2772 ἐνύπνια·
859 2745 927 2772 ἀλ)ιά

176 2837 198 2854 ⁶¹
213 2837 281 2865 Gen.
296 2844 397 2871 xxxv",
411 2836 470 2867 6-8.

951 1539 972 1567 C

998 914 1134 950 quoddam
1153 915 1191 942 illi
1210 915 1350 950 prtebeant
1368 923 1398 942 ea
1414 923 1475 950 quze
1486 923 1535 950 per
1548 915 1685 942 somnium
1699 915 1785 950 signi-

997 960 1122 989 ficantur.
1142 961 1194 994 Qui
1210 961 1282 988 enim
1304 961 1382 988 initio
1400 961 1542 996 aegerrime
1568 960 1693 987 ferebant
1711 960 1786 995 quod

996 1005 1102 1033 honore
1117 1005 1281 1037 afﬁceretur,
1294 1013 1413 1040 quonam
1436 1009 1515 1040 pacto
1533 1005 1675 1033 tolerabile
1689 1006 1785 1033 existi-

996 1051 1095 1078 maturi
1115 1055 1194 1079 crant
1208 1051 1296 1086 ipsum
1315 1051 1422 1079 adorari
1440 1055 1521 1086 atque
1541 1051 1568 1078 in
1588 1051 1657 1078 adeo
1672 1051 1783 1079 sublimi
1822 1071 1825 1074 μ

996 1095 1127 1131 dignitate
1160 1096 1401 1123 constituendum?
1429 1096 1564 1123 Cmterum
1595 1096 1662 1123 iilud
1693 1104 1783 1131 operae

995 1142 1114 1177 pretium
1126 1146 1167 1169 est
1180 1142 1284 1174 videre,
1299 1151 1353 1178 quo
1364 1147 1445 1177 pacto
1457 1142 1559 1170 invidia
1573 1142 1687 1177 impium
1708 1151 1781 1170 sem-

994 1194 1042 1222 per
1055 1187 1207 1222 ingressum
1226 1187 1318 1218 habet,
1332 1192 1359 1214 et
1372 1195 1420 1222 per
1434 1186 1547 1222 aequalia
1563 1187 1633 1214 mala
1646 1187 1780 1222 procedit.

993 1232 1168 1261 Inveniemus
1183 1237 1274 1261 autem
1289 1233 1362 1261 illam
1373 1241 1432 1261 esse
1446 1233 1530 1261 feram
1551 1241 1659 1266 cmcam,
1671 1234 1781 1270 Deoque

993 1283 1201 1314 repugnantem.
1214 1279 1410 1308 Animadverte
1420 1280 1506 1312 enim,
1518 1287 1580 1307 cum
1594 1279 1666 1306 Deus
1679 1279 1780 1315 Ioseph

992 1325 1189 1358 prtenuntiaret
1206 1324 1306 1351 futurae
1317 1324 1409 1359 gloriae
1428 1324 1599 1360 dignitatem,
1616 1332 1648 1352 ae
1667 1333 1780 1354 necesse

991 1373 1063 1397 esset
1084 1370 1158 1405 ipsos
1177 1370 1214 1398 ita
1235 1378 1327 1398 secum
1343 1370 1474 1406 cogitare,
1495 1375 1626 1405 certoque
1646 1375 1778 1405 statuere,

992 1415 1077 1442 Deum
1098 1420 1171 1443 recte
1188 1415 1356 1450 judicantem
1375 1424 1549 1451 nequaquam
1569 1417 1778 1446 immerentibus

991 1468 1112 1488 summos
1121 1461 1240 1488 honores
1251 1461 1405 1489 delaturum
1417 1470 1424 1494 ;
1445 1461 1556 1495 deinde,
1569 1470 1630 1490 cum
1644 1471 1694 1498 par
1705 1467 1779 1492 esset

990 1513 1038 1533 eos
1056 1507 1141 1534 laetari
1154 1507 1190 1534 ob
1203 1506 1325 1540 fratrem,
1343 1508 1387 1535 cui
1408 1507 1575 1543 amplissima
1594 1516 1657 1544 spes
1675 1517 1777 1544 propo-

991 1551 1052 1584 sita,
1071 1556 1099 1579 et
1113 1552 1204 1581 divina
1221 1553 1362 1591 voluntate
1381 1553 1532 1581 honoratus
1554 1560 1622 1586 erat,
1639 1555 1690 1582 hoc
1711 1555 1776 1590 qui-

989 1597 1051 1624 dem
1073 1605 1127 1624 non
1149 1597 1283 1631 fecerunt,
1306 1602 1334 1626 at
1354 1599 1445 1634 potius
1469 1599 1559 1627 acrius
1583 1600 1615 1627 ad
1645 1600 1776 1629 invidiam

988 1643 1207 1675 exstimulantur,
1229 1648 1310 1679 atque
1330 1644 1416 1671 instar
1442 1644 1563 1672 ferarum
1592 1645 1774 1679 insanierunt,

988 1693 1093 1716 tantum
1106 1697 1160 1716 non
1172 1693 1364 1717 suceensentes
1376 1690 1441 1722 Deo,
1452 1690 1498 1725 qui
1508 1691 1560 1725 ipsi
1569 1699 1631 1718 eum
1641 1691 1774 1719 honorem

987 1734 1159 1769 promiserat,
1170 1735 1298 1770 quodque
1311 1735 1481 1763 admirabilis
1493 1736 1601 1764 futurus
1611 1741 1693 1770 esset,
1706 1745 1776 1771 prae-

987 1778 1132 1806 indicarat.
1145 1779 1202 1807 Hoc
1213 1779 1302 1816 ipsum
1315 1780 1348 1807 de
1359 1781 1425 1808 Cain
1446 1785 1474 1808 et
1492 1781 1559 1808 Abel
1580 1781 1680 1808 factum
1697 1782 1773 1809 inve-

986 1825 1104 1853 niemus.
1129 1825 1197 1852 Cum
1222 1825 1295 1853 enim
1318 1825 1390 1853 Deus
1418 1826 1582 1853 sacrificium
1611 1826 1704 1854 Abelis
1724 1834 1774 1862 ap—

986 1870 1132 1906 probaret,
1158 1870 1332 1906 demissoque
1365 1872 1426 1906 igne
1457 1872 1582 1903 ccelitus,
1606 1872 1773 1900 oblationem

986 1917 1162 1953 suscepisset,
1185 1922 1212 1945 et
1230 1916 1308 1945 Caini
1335 1917 1501 1944 sacrificium
1527 1922 1669 1945 aversatus
1689 1923 1771 1950 esset.

985 1963 1219 1998 sanguinolentam
1225 1962 1316 1990 statim
1326 1962 1454 1989 invidiam
1463 1963 1598 1997 concepit,
1606 1967 1632 1990 et
1641 1963 1772 1991 adversus

984 2015 1131 2043 supernam
1150 2007 1318 2035 voluntatem
1335 2007 1472 2044 propriam
1486 2007 1687 2042 quodammodo
1702 2008 1770 2035 iram

984 2054 1013 2082 in
1032 2055 1119 2082 aciem
1142 2054 1273 2087 educens.
1292 2054 1355 2081 dolo
1377 2054 1488 2082 fratrem
1509 2053 1668 2089 aggreditur
1690 2058 1771 2089 atque

984 2101 1123 2129 interficit.
1136 2101 1250 2137 Semper
1261 2101 1334 2129 enim
1347 2101 1375 2128 in
1387 2101 1439 2128 hoc
1451 2100 1552 2128 desinit
1566 2100 1644 2135 182
1657 2100 1770 2128 invidia.

983 2147 1117 2175 Caeterum
1130 2147 1260 2182 quidnam
1274 2147 1316 2174 11$
1328 2146 1446 2174 visiones
1465 2146 1638 2181 significent?
1649 2145 1772 2180 Manipu-

984 2193 1041 2221 lum
1053 2183 1164 2228 quidem
1177 2193 1205 2220 in
1223 2193 1330 2228 signum
1343 2192 1474 2227 temporis
1493 2191 1669 2225 accipiemus.
1683 2190 1771 2218 Unius

984 2246 1050 2266 vero
1060 2237 1193 2273 manipuli
1205 2238 1308 2265 erectio
1319 2237 1471 2273 gloriosum
1484 2237 1573 2271 ipsum
1590 2236 1712 2263 futurum
1726 2235 1769 2262 in-

984 2284 1124 2312 dicaverit.
1144 2283 1221 2317 Quod
1241 2284 1323 2320 igitur
1339 2287 1484 2311 venturum
1500 2286 1573 2310 esset
1593 2283 1770 2317 tempus’quo

982 2329 1083 2365 Ioseph
1097 2330 1125 2357 in
1139 2337 1247 2357 summo
1259 2329 1365 2356 honore
1380 2336 1412 2356 ac
1429 2327 1561 2362 dignitate
1576 2329 1649 2354 esset
1669 2325 1770 2354 consti-

983 2376 1112 2408 tuendus,
1135 2375 1263 2411 quodque
1292 2374 1342 2409 ipsi
1367 2372 1538 2408 subjicienda
1564 2376 1638 2400 esset
1662 2372 1768 2407 reliqua

981 2422 1097 2449 fratrum
1115 2420 1393 2455 multitudo,figurate
1409 2417 1628 2454 praemonstravit
1641 2417 1768 2452 manipu-

983 2466 1026 2494 lus
1038 2466 1124 2502 ipsius
1136 2466 1170 2493 ab
1183 2465 1244 2492 aliis
1253 2464 1392 2492 adoratus.
1401 2463 1536 2490 Caeterum
1548 2470 1602 2489 non
1614 2461 1667 2489 hoc
1679 2462 1767 2489 solum

982 2512 1150 2540 insomnium
1161 2511 1280 2546 Josepho
1297 2509 1407 2540 accidit,
1420 2509 1468 2536 sed
1482 2508 1557 2535 aliud
1572 2507 1654 2535 etiam
1670 2507 1704 2534 ad
1715 2507 1769 2534 hoc

983 2567 1061 2587 usum
1068 2559 1159 2586 denuo
1165 2557 1245 2585 beato
1253 2555 1325 2592 patri
1333 2563 1365 2583 ac
1373 2555 1504 2583 fratribus
1512 2554 1643 2581 narravit.
1651 2553 1748 2583 «Vidit,
1756 2562 1765 2577 ι

980 2605 1067 2637 enim,
1083 2603 1183 2639 inquit,
1203 2613 1211 2629 ι
1226 2607 1253 2631 et
1278 2602 1394 2630 alterum
1420 2602 1569 2633 somnium,
1593 2603 1621 2627 et
1646 2599 1768 2627 narravit

981 2651 1048 2679 illud
1062 2650 1133 2686 patri
1145 2658 1195 2677 suo
1212 2654 1239 2677 et
1254 2648 1385 2676 fratribus
1399 2648 1466 2680 suis,
1486 2650 1513 2675 et
1528 2646 1614 2674 dixit:
1630 2643 1767 2673 Somniavi

981 2705 1045 2726 ecce
1057 2697 1193 2725 somnium
1209 2696 1340 2723 alterum:
1352 2695 1424 2722 sicut
1436 2694 1511 2721 solet
1525 2693 1588 2720 luna
1600 2696 1628 2720 et
1640 2691 1767 2719 undecim

982 2744 1067 2772 stellae
1080 2743 1232 2771 adorabant
1244 2750 1297 2769 me.
1310 2741 1343 2773 Et
1357 2740 1509 2776 increpavit
1522 2747 1585 2767 eum
1602 2743 1680 2775 pater
1689 2743 1766 2769 suos,
