1990 3050
200 123 250 152 ⁸291

730 123 757 151 S.
777 121 914 151 CYRILLI
932 118 1166 147 ALEXANDRINI
1186 118 1344 147 ARCHIEP.

1773 115 1826 143 €192

198 187 227 211 et
242 181 345 209 dixitei
366 191 372 208 :
393 181 465 215 Quid
487 181 624 209 somnium
649 182 701 209 hoc
736 181 808 217 quod
831 179 989 208 somniasti?

1042 187 1066 205 τι
1082 178 1128 205 καὶ
1144 179 1238 213 ἓτερον
1255 179 1300 204 ἐπὶ
1316 177 1382 212 τῷδε
1395 176 1568 211 τεθεαμένος,
1583 175 1729 210 ἀφηγεῖται
1746 175 1826 201 πάλιν

199 226 337 263 Numquid
356 229 649 257 venientesveniemus
663 237 724 264 ego,
739 233 767 255 et
785 232 874 255 mater
889 231 946 257 tua,
961 230 989 253 et

199 274 298 302 fratres
310 274 359 306 tui,
373 274 407 301 ad
421 275 591 302 adorandum
607 281 633 303 te
650 282 733 310 super
750 274 868 301 terram?
880 273 989 300 Invide-

201 324 266 347 runt
279 324 369 346 autem
390 320 416 347 ei
436 320 536 348 fratres
554 322 622 356 ejus,
640 324 668 348 at
690 324 767 355 pater
790 320 849 354 ejus
871 318 990 346 servavit

201 366 317 392 verbum
331 365 557 393 ".DAf‘liﬁCiOSUS
570 374 665 396 senex,
679 371 706 393 et
716 373 833 400 superna
844 365 989 400 prudentia

201 411 348 438 excellens.
362 411 491 446 intelligit
505 412 578 438 enim
593 412 730 438 visionum
749 411 803 438 vim
818 420 824 437 :
839 410 990 446 increpavit

202 461 293 484 autem
314 456 542 488 lilium,dicens:
559 466 568 482 ο
582 456 721 491 Numquid
738 456 880 484 venientes
894 456 989 484 venie—

203 511 264 530 mus
280 511 340 538 ego,
353 507 380 530 et
395 505 548 536 materjtua,
561 507 589 529 et
603 503 700 530 fratres
712 503 761 534 tui,
776 503 809 530 ad
819 502 989 530 adorandum

204 551 230 574 te
243 555 326 581 super
338 550 458 574 terram?
471 557 479 572 ι
495 547 528 574 Ει
542 547 604 582 quis
619 547 761 574 advertat?
778 552 808 574 ut
827 547 938 581 sapiens
957 555 990 574 ac

203 592 358 620 necessaria
379 592 529 627 increpatio
543 592 676 619 adhibita.
691 591 818 619 Occurrit
838 592 913 619 enim
931 592 989 619 ele-

203 642 298 672 ganter
308 637 478 665 audientium
492 637 645 670 invidize,et
656 638 740 665 nimia
753 637 917 665 confidentia
928 645 991 673 per-

203 683 294 710 fusum
309 684 438 717 juvenem
458 684 608 718 compescit
621 691 652 711 ac
666 688 810 718 temperat,
823 691 911 718 neque
925 683 991 711 sinit

204 728 404 756 adolescentem
429 729 630 756 insomniorum
653 737 701 764 spe
723 730 822 757 fratres
838 729 989 764 despicere,

203 781 293 808 neque
314 774 446 801 honorem
463 775 534 809 patri
553 775 677 802 debitum
699 776 782 803 stulte
803 780 989 808 contemnere,

205 819 422 854 intempestivam
444 820 543 848 futura:
562 821 703 856 dignitatis
723 822 911 849 excellentiam
937 822 990 850 sibi

204 866 365 901 arrogando.
379 866 447 894 Vide
461 867 534 894 enim
553 875 607 901 quo
628 871 707 902 pacto
727 867 866 903 ingeniose
887 868 991 895 insom-
1007 859 1028 886 Β

205 911 315 938 niorurn
329 912 384 938 vim
402 912 435 940 ad
459 916 566 940 certum
591 920 731 948 egressum
754 913 862 949 redigit.
885 913 991 941 Mortua

204 956 279 983 enim
295 957 351 991 jam
371 957 484 990 Rachel,
505 967 566 994 qua:
580 959 729 994 Josephum
743 960 870 999 peperit:
887 960 991 987 «Num-

205 1002 272 1037 quid
285 1010 345 1038 ego,
359 1003 456 1038 inquit,
466 1008 493 1031 et
505 1009 592 1032 mater
607 1009 652 1032 tua
665 1005 841 1032 adorabimus
853 1009 878 1033 te
886 1005 993 1033 ?»Fecit

206 1053 298 1077 autem
317 1050 353 1082 id,
367 1054 396 1077 ut
416 1051 496 1077 modo
509 1051 575 1083 dixi,
588 1054 618 1078 ut
630 1051 761 1086 juvenilis
776 1051 876 1079 mentis
893 1051 992 1080 fastum

206 1093 384 1130 infringeret,
407 1100 434 1123 et
459 1097 622 1123 concitatam
644 1097 700 1132 jam
720 1097 747 1124 in
769 1097 858 1132 ipsum
878 1097 992 1126 fratrum

208 1140 340 1168 invidiam
371 1142 485 1176 sopiret.
510 1142 696 1170 Nihilominus
727 1147 820 1170 tamen
851 1147 993 1178 exspectat

205 1186 288 1214 etiam
302 1187 359 1221 ipse
374 1195 432 1214 rem
444 1187 480 1214 ita
497 1192 667 1215 eventuram.
683 1187 876 1215 Audivitenim
888 1196 992 1224 nequa-

207 1239 288 1267 quam
301 1232 439 1267 languide,
451 1232 498 1260 sed
512 1241 562 1261 nec
577 1233 726 1261 obliviosos
740 1234 830 1262 reddit
841 1223 991 1266 sermones,

207 1277 317 1304 tametsi
335 1278 374 1305 rei
398 1278 547 1305 vanitatem
574 1278 723 1306 incusaret.
745 1289 754 1304 ι
775 1279 900 1307 Servavit
919 1280 992 1307 enim

206 1323 292 1359 ipsos,
308 1334 317 1350 ›
333 1324 430 1359 inquit,
443 1324 563 1352 confisus
575 1325 705 1352 nimirum
730 1325 856 1353 celeriter
869 1325 895 1352 id
910 1326 992 1360 perfi-

207 1370 345 1399 ciendum.
368 1369 402 1397 At
416 1377 483 1397 vero
498 1374 559 1405 post
579 1371 658 1405 183
679 1370 877 1398 insomniorum
895 1379 992 1398 narra-

208 1417 310 1444 tionem
326 1425 334 1440 ‹
346 1415 473 1443 abierunt
488 1415 600 1450 quidem
622 1416 730 1448 fratres,
743 1425 797 1443 una
817 1424 879 1444 eum
900 1421 992 1451 pasto-

207 1461 284 1489 ribus
304 1461 339 1488 ad
358 1460 525 1496 pascendum
543 1461 571 1488 in
588 1460 697 1488 Sichem
718 1461 750 1488 ".
765 1471 773 1486 ι
789 1462 892 1489 Deinde
909 1470 993 1497 parvo

207 1510 269 1541 post
279 1505 370 1540 elapso
387 1509 509 1540 tempore
521 1505 606 1532 mittit
623 1510 701 1540 pater
714 1506 842 1540 juvenem
860 1507 991 1541 quwsitu-

207 1560 268 1579 rum
284 1551 401 1579 fratres:
419 1561 427 1576 ί
443 1551 581 1586 Numquid
602 1552 701 1578 fratres
714 1552 752 1578 tui
775 1557 890 1586 pascunt
903 1553 930 1580 in
949 1553 993 1579 Si-

207 1598 304 1626 chem?
317 1597 396 1629 Veni,
416 1597 522 1624 mittam
541 1601 568 1624 te
588 1597 621 1623 ad
641 1604 698 1624 eos.
718 1597 751 1624 Et
772 1598 841 1624 dixit
860 1598 885 1625 ei
901 1608 906 1624 :
924 1598 993 1625 Ecce

206 1651 268 1679 ego.
287 1643 362 1670 Dixit
386 1647 478 1670 autem
502 1643 527 1669 ei
551 1642 653 1669 Israel:
682 1643 790 1670 Vadens
808 1643 870 1670 vide
893 1643 914 1670 si
935 1644 993 1670 sani

207 1692 272 1716 sunt
295 1688 394 1715 fratres
420 1689 474 1720 tui,
499 1693 527 1715 et
554 1696 629 1719 oves,
651 1692 677 1715 et
699 1689 826 1715 renuntia
846 1689 913 1715 mihi
929 1689 961 1715 “.
981 1698 989 1713 ι

207 1733 412 1768 Promptissime
428 1733 510 1769 igitur
524 1742 553 1761 se
564 1734 666 1761 iturum
680 1734 825 1769 promittit,
839 1742 871 1761 ac
882 1734 992 1769 quidem

206 1779 399 1814 proficiscitur,
412 1779 593 1814 discessitque
608 1787 623 1806 e
638 1780 706 1807 valle
719 1779 856 1807 Chebron.
869 1780 993 1814 Cumque

207 1825 387 1860 percurrisset
401 1829 483 1852 totam
498 1825 684 1858 solitudinem,
697 1826 795 1853 obvius
806 1825 916 1861 quidam
929 1833 992 1852 eum

207 1871 323 1907 rogavit,
344 1877 425 1906 quam
443 1871 478 1899 ob
501 1879 622 1904 causam,
643 1872 724 1905 unde,
746 1880 810 1907 quo,
828 1876 855 1900 et
872 1871 905 1899 ad
924 1880 992 1906 quos

208 1918 270 1946 iret.
287 1927 295 1942 ι
310 1917 361 1951 Qui
379 1918 471 1946 statim
489 1918 650 1953 respondit:
664 1918 773 1946 Fratres
789 1918 865 1945 meos
880 1926 989 1953 quaero;

208 1963 298 1992 indica
318 1963 386 1991 mihi
408 1963 454 1990 ubi
474 1969 599 1998 pascunt.
623 1964 696 1992 Dixit
719 1969 809 1992 autem
832 1964 857 1992 ei
878 1964 959 1992 homo
983 1974 989 1991 :

207 2009 389 2038 Recesserunt
404 2009 469 2036 hinc
486 2018 492 2036 :
509 2010 602 2037 audivi
620 2011 693 2038 enim
713 2018 761 2037 eos
780 2010 922 2038 dicentes:
940 2011 990 2037 Ea-

206 2063 267 2082 mus
282 2055 309 2081 in
329 2054 456 2082 Dothaim
471 2055 503 2081 ⁶³.
522 2065 530 2080 ι
545 2055 604 2088 Quo
617 2063 678 2083 cum
696 2056 879 2090 pervenisset,
900 2055 990 2090 inopi-

205 2106 270 2128 nato
288 2101 490 2131 circumventus
518 2106 567 2128 est.
592 2102 750 2137 Opportune
777 2103 850 2129 enim
877 2102 990 2134 invidia,

205 2147 278 2182 quod
298 2146 362 2173 olim
380 2147 522 2181 cogitarat,
535 2147 636 2174 effecit.
657 2147 811 2174 interficere
830 2148 911 2182 igitur
925 2155 989 2174 eum

1040 225 1121 252 αὑτοῦ
1149 224 1267 260 πέριτῷ
1294 223 1421 259 μακαρίῳ
1448 222 1530 257 πατρὶ
1555 222 1601 249 καὶ
1619 222 1674 252 τοῖς
1689 221 1824 255 ἀδελφοῖς.

1043 279 1052 297 ι
1071 268 1131 297 Εἶδε
1146 271 1210 305 γὰρ,
1227 270 1321 304 φησὶν,
1340 268 1466 295 ἐνύπνιον
1491 267 1593 303 ἕτερον,
1615 268 1662 294 καὶ
1679 266 1826 302 διηγήσατο

1040 318 1107 346 αὐτὸ
1124 318 1163 353 τῷ
1184 319 1266 352 πατρὶ
1289 315 1371 343 αὑτοῦ
1388 316 1434 342 καὶ
1457 315 1512 346 τοῖς
1528 314 1651 348 ἀδελφοῖς
1668 313 1760 343 αὐτοῦ.
1779 314 1826 340 καὶ

1041 362 1117 390 εἶπεν
1129 373 1135 378 ·
1157 363 1222 390 Ἰδοὺ
1239 361 1444 396 ὲνυπνιασάμην
1459 361 1582 387 ἐνύπνιον
1601 360 1704 396 ἕτερον·
1722 360 1827 389 ’Ὠσπερ

1040 412 1054 437 ὀ
1075 410 1149 446 ἣλιος
1173 410 1247 444 καὶὴ
1271 409 1369 444 σελήνη
1386 408 1433 435 καὶ
1447 407 1542 434 ἕνδεκα
1563 406 1676 441 ἀστέρες
1694 405 1828 441 προσεκὺα

1040 466 1102 484 νουν
1118 465 1161 492 με.
1178 457 1233 483 Καὶ
1252 455 1416 490 ἐπετίμησεν
1439 454 1513 489 αὐτῷ
1526 455 1540 480 ό
1557 453 1647 487 πατὴρ
1669 452 1762 483 αὑτοῦ,
1782 453 1827 478 καὶ

1041 500 1117 529 εἶπεν
1141 501 1229 537 αὐτῷ·
1252 502 1284 527 Τί
1300 501 1331 527 τὸ
1351 500 1474 527 ἐνύπνιον
1497 500 1576 526 τοῦτο
1601 498 1825 532 ὒένυπνιάσθης;

1040 547 1114 583 Ἀρά
1126 556 1157 581 γε
1171 547 1292 578 ἐλθόντες
1303 545 1469 581 ἐλευσόμεθα
1481 545 1534 579 ἐγώ
1547 553 1575 571 τε
1591 545 1662 579 καὶὴ
1676 547 1765 579 μήτηρ
1779 551 1826 569 σου

1042 595 1088 622 καὶ
1096 595 1119 621 al
1128 595 1235 628 ἀδελφοί
1247 602 1293 620 σου
1301 592 1489 630 προσκυνῆσαί
1500 600 1540 619 σοι
1550 592 1596 618 ἐπὶ
1607 591 1655 626 τὴν
1663 591 1730 625 γῆν;
1749 590 1827 625 Ἐζή-

1041 641 1130 667 λωσαν
1145 640 1172 666 δὲ
1189 639 1270 666 αὑτὸν
1290 639 1314 666 οἱ
1331 638 1440 673 ἀδελφοὶ
1455 637 1548 670 αὐτοῦ,
1562 638 1576 664 ὁ
1592 637 1620 663 δέ
1638 636 1728 671 πατὴρ
1744 635 1825 662 αὑτοῦ

1041 687 1157 721 διετήρει
1169 685 1199 712 τὸ
1210 687 1295 721 ῥῆμα.
1318 693 1326 709 ι
1344 683 1479 718 Εὑτεχνὴς
1493 684 1507 709 ὁ
1524 681 1689 717 πρεσϐύτης,
1706 681 1752 707 καὶ
1767 681 1827 710 ταῖς

1041 731 1171 759 ἀνωτάτω
1183 730 1336 766 διαπρεπὴς
1351 729 1509 765 ἁγχινοῖαις.
1526 728 1635 763 Συνίησι
1647 728 1696 762 μὲν
1710 726 1762 761 γὰρ
1774 726 1827 753 τῶν

1041 778 1185 813 ὁραμάτων
1193 777 1241 812 τὴν
1258 777 1372 811 δύναμιν
1383 785 1388 791 η
1399 775 1518 810 ἐπετίμα
1536 774 1564 801 δέ
1573 773 1610 808 τῷ
1621 773 1705 805 παιδὶ,
1722 771 1809 806 λέγων
1820 781 1826 786 ·

1045 833 1054 850 ι
1072 822 1145 860 Ἀρά
1159 831 1190 858 γε
1206 823 1327 854 ἐλθόντες
1342 821 1507 857 ἐλευσόμεθα
1523 820 1578 854 ἐγώ
1593 828 1623 846 τε
1639 820 1687 846 καὶ
1703 820 1716 854 ἡ
1738 819 1828 854 μήτηρ

1043 878 1090 896 σου
1102 869 1148 896 καὶ
1159 870 1183 895 οἱ
1191 868 1300 904 ἀδελφοί
1313 876 1358 894 σου
1367 866 1552 904 προσκυνῆσαι
1564 874 1605 892 σοι
1616 865 1662 892 ἐπὶ
1672 865 1720 900 τὴν
1732 864 1783 899 γῆν
1794 871 1800 896 ;
1818 875 1826 889 ι

1042 914 1098 941 Καὶ
1121 913 1163 945 τίς
1184 914 1216 940 ἂν
1232 914 1334 946 νοοῖτο;
1356 912 1437 947 σοφὸς
1457 911 1486 938 δέ
1500 911 1574 942 ὃπως
1586 911 1633 938 καὶ
1648 910 1794 944 ἀναγκαῖος
1815 910 1830 936 ὁ

1043 959 1092 995 τῆς
1108 959 1291 994 ἐπιτιμήσεως
1314 958 1424 993 τρόπος.
1456 956 1615 984 Ἀνακόπτει
1637 956 1686 991 μέν
1711 955 1766 991 γὰρ
1784 955 1829 981 εὑ-

1044 1004 1119 1039 φυῶς
1136 1004 1189 1031 τῶν
1200 1003 1383 1039 ἀκροωμένων
1398 1002 1443 1029 τὸν
1459 1001 1565 1037 φθόνον,
1587 1001 1633 1028 καὶ
1652 1000 1747 1036 θράσει
1762 1001 1830 1035 ἀφο-

1045 1052 1119 1086 ρήτῳ
1134 1050 1179 1077 τδν
1196 1050 1336 1076 νεανίσκον
1352 1048 1552 1084 καταχεόμενον
1566 1047 1719 1075 τιθασσεύει
1737 1046 1831 1074 λοιπὺν

1043 1097 1142 1134 τρόπον
1153 1095 1223 1127 τινὰ,
1237 1096 1283 1122 καὶ
1298 1095 1375 1122 καλεῖ
1390 1094 1457 1130 πρὸς
1469 1094 1499 1121 τὸ
1513 1094 1616 1129 ἥμερον
1627 1103 1633 1109 ·
1651 1094 1700 1120 οὐκ
1715 1094 1746 1129 ἐᾷ
1760 1093 1788 1120 δέ
1799 1093 1830 1120 τὺ

1045 1143 1186 1178 μειράκιον
1200 1143 1231 1177 τῇ
1245 1141 1298 1168 τῶν
1318 1141 1448 1167 ἐνυπνίων
1466 1140 1553 1167 ἐλπίδι
1571 1139 1830 1172 καταλαζονεύεσθαι

1043 1190 1097 1216 τῶν
1112 1189 1243 1223 ἀδελφῶν,
1263 1188 1319 1215 ἀλλ’
1334 1188 1394 1215 οὓδέ
1408 1188 1458 1222 τῆς
1472 1189 1511 1220 εἰς
1527 1188 1634 1224 πατέρα
1652 1189 1734 1223 τιμῆς
1748 1182 1830 1215 ἀϐού-

1044 1235 1096 1266 λως
1109 1234 1260 1269 ὀλιγωρεῖν,
1281 1233 1421 1268 μονονουχὶ
1434 1233 1481 1260 καὶ
1497 1233 1620 1268 πρόωρον
1635 1233 1683 1268 τῆς
1698 1233 1830 1269 ἐσομένης

1043 1281 1230 1316 λαμπρότητος
1242 1279 1290 1315 τὴν
1302 1279 1438 1314 ὑπεροχὴν
1453 1279 1586 1314 ἁρπάζειν
1601 1281 1630 1306 ἐν
1645 1279 1744 1314 ἐαυτῷ.
1758 1280 1830 1316 Ὅρα

1044 1327 1097 1362 γὰρ
1112 1327 1186 1358 ὅπως
1202 1325 1372 1361 περιίστησιν
1393 1325 1499 1359 εὐφυῶς
1514 1327 1554 1357 εἰς
1566 1325 1677 1351 ἔκϐασιν
1695 1326 1744 1352 οὐκ
1755 1325 1829 1352 ἑνδε-

1044 1373 1162 1408 χομένην
1176 1372 1229 1398 τῶν
1244 1373 1388 1408 ὁραμάτων
1399 1372 1447 1406 τὴν
1463 1371 1585 1406 δύναμιν.
1604 1370 1760 1406 Τεθνεὼσης
1775 1372 1830 1407 γὰρ

1045 1419 1094 1454 ἤδη
1114 1420 1163 1454 τῆς
1180 1418 1288 1454 Ῥαχὴλ,
1303 1418 1320 1454 ἧ
1335 1419 1379 1445 τὴν
1399 1417 1498 1452 Ἰωσὴφ
1514 1416 1637 1444 ἐκτέτοκε
1648 1437 1655 1450 ,
1675 1426 1684 1442 ι
1705 1418 1748 1452 Μὴ
1763 1416 1828 1451 ἐγὼ,

1045 1465 1122 1499 φησὶ,
1137 1464 1183 1490 καὶ
1199 1465 1215 1499 ἡ
1232 1465 1322 1498 μήτηρ
1340 1472 1386 1489 σου
1401 1462 1624 1498 προσκυνήσομέν
1640 1470 1695 1494 σοι;
1718 1471 1727 1488 ι
1745 1462 1830 1498 Ἐδρι

1046 1510 1073 1536 δέ
1088 1509 1174 1541 τοῦτο,
1189 1509 1314 1544 καθάπερ
1335 1509 1401 1544 ἔφην
1418 1508 1528 1544 ἀρτίως,
1546 1508 1593 1534 καὶ
1610 1508 1657 1542 τῆς
1673 1508 1718 1535 τοῦ
1741 1508 1830 1535 νεανί-

1047 1564 1111 1582 σκου
1128 1555 1224 1589 φρενὸς
1241 1553 1402 1588 κατασύρων
1417 1553 1461 1580 τὸν
1474 1554 1565 1586 δγκον,
1581 1553 1627 1579 καὶ
1641 1553 1694 1579 τῶν
1709 1553 1831 1587 ἀδελφῶν

1044 1602 1090 1628 τὸν
1117 1602 1301 1636 ἐγηγερμένον
1334 1601 1376 1626 ἐπ’
1406 1600 1486 1626 αὑτὸν
1517 1599 1689 1628 κατευνάζων
1722 1599 1829 1634 φθόνον.

1047 1647 1174 1672 Ἐσεσοαί
1185 1655 1216 1680 γε
1235 1645 1286 1681 μὴν
1299 1645 1435 1680 προιδοκᾷ
1448 1645 1476 1671 τὸ
1492 1645 1584 1680 χρῆμα
1599 1645 1689 1676 αὐτός.
1715 1645 1830 1680 Ἀκήκοε

1044 1692 1098 1727 γὰρ
1112 1692 1142 1718 οὐ
1167 1691 1323 1726 παρέργως,
1340 1691 1396 1717 ἀλλ’
1417 1691 1478 1717 οὐδὲ
1502 1691 1586 1725 λήθης
1602 1691 1694 1723 ἀξίους
1713 1693 1833 1718 ποιεῖται

1044 1738 1106 1768 τοὺς
1122 1737 1227 1771 λόγους,
1254 1738 1277 1763 εὶ
1301 1737 1346 1762 καὶ
1367 1736 1397 1762 τὸ
1420 1738 1522 1763 εἰκαῖον
1550 1737 1638 1764 αὐτῶν
1663 1728 1830 1772 κατέγραφε.

1047 1794 1056 1810 ι
1077 1784 1216 1818 Τετήρηκε
1239 1783 1293 1818 γὰρ
1308 1782 1417 1814 αὐτοὺς,
1439 1792 1447 1808 ι
1465 1783 1505 1809 ὅτι
1522 1783 1568 1809 καὶ
1581 1783 1620 1814 εἰς
1644 1783 1730 1817 πέρας
1745 1782 1830 1818 ἐκὸήο

1045 1838 1136 1856 σονται
1157 1829 1226 1864 τάχα
1253 1837 1303 1855 που
1319 1827 1506 1865 τεθαρρηκώς.
1527 1828 1603 1854 Μετὰ
1622 1828 1648 1854 δέ
1663 1837 1693 1861 γε
1711 1828 1756 1863 τὴν
1776 1829 1830 1854 τῶν

1045 1876 1176 1902 ἐνυπνίων
1199 1876 1350 1910 ἀφήγησιν,
1385 1885 1394 1900 ι
1429 1874 1580 1909 ’Λπῴχοντο
1608 1874 1657 1909 μὲν
1680 1875 1703 1900 οἱ
1721 1875 1830 1908 ἀδελφοὶ

1043 1925 1099 1954 τοῖς
1112 1922 1244 1953 αἰπολίοις
1257 1921 1324 1957 ὁμοῦ
1340 1921 1503 1956 κατανέμειν
1519 1921 1548 1948 ἐν
1564 1921 1658 1956 Σιχὲμ.
1678 1931 1687 1947 ›
1705 1918 1770 1948 Εἶτα
1784 1929 1830 1956 μι-

1044 1968 1108 2004 κροῦ
1127 1968 1170 1995 διὰ
1196 1968 1276 2002 μέσου
1304 1967 1486 2003 παραθέοντος
1506 1967 1612 2002 χρόνου,
1635 1967 1783 2002 προτρέπει
1800 1967 1831 1992 τὸ

1046 2014 1185 2050 μειράκιον
1206 2013 1321 2048 οπατὴρ
1342 2012 1557 2047 ἐπισκεψόμενον
1582 2013 1647 2038 ἰέναι
1670 2012 1734 2043 τοὺς
1752 2011 1827 2038 ἀδελ-

1044 2060 1120 2093 φούς.
1143 2069 1152 2084 ι
1177 2059 1242 2094 Οὐχὶ
1268 2058 1332 2094 γὰρ,
1357 2058 1449 2093 φησιν,
1479 2058 1503 2083 οἱ
1521 2057 1628 2092 ἀδελφοί
1654 2065 1700 2082 σου
1717 2057 1829 2091 ποιμαί-

1044 2115 1133 2132 νουσιν
1148 2107 1176 2132 ἐν
1193 2106 1294 2140 Σιχέμ;
1317 2105 1402 2139 Δεῦρο
1419 2103 1560 2130 ἀποστελῶ
1577 2111 1605 2129 σε
1628 2104 1695 2138 ’πρὸς
1719 2104 1828 2134 αὐτούς.

1043 2153 1097 2179 Καὶ
1115 2149 1190 2178 εἶπεν
1210 2151 1293 2186 αὐτῷ·
1315 2151 1378 2177 Ἰδοὺ
1392 2149 1456 2184 ἐγώ.
1476 2147 1542 2176 Εἷπε
1566 2148 1594 2175 δὲ
1609 2149 1682 2184 αὑτῷ
1706 2149 1826 2184 Ἰσραήλ·

205 2193 319 2220 omnino
335 2194 481 2228 cupiebant
497 2193 543 2220 filii
569 2193 741 2225 ancillarum,
755 2193 846 2224 Ballm.
863 2193 985 2228 inquam,

1042 2197 1185 2233 Πορευῡεὶς
1215 2196 1251 2222 ἴδε
1274 2197 1297 2221 st
1321 2195 1485 2229 ὑγιαίνουσιν
1502 2196 1526 2221 οἱ
1542 2195 1649 2228 ἀδελφοί
1665 2203 1711 2221 σου
1732 2194 1777 2221 καὶ
1796 2195 1829 2222 τὰ

205 2244 234 2266 et
253 2239 371 2273 Zelphaa.
386 2239 519 2266 Dixerunt
539 2239 612 2265 enim
628 2248 634 2265 ;
654 2248 662 2264 ι
677 2238 745 2266 Ecce
765 2239 915 2266 somniator
942 2236 987 2265 ille

206 2285 290 2311 venit.
302 2285 380 2312 Nunc
389 2292 455 2319 ergo
466 2284 597 2316 accedite,
606 2284 762 2311 occidamus
776 2291 850 2315 eum,
863 2289 891 2311 et
906 2283 990 2318 proji-

204 2330 308 2357 ciamus
318 2338 380 2358 eum
390 2330 416 2357 in
431 2337 512 2357 unam
523 2329 712 2362 cisternarum,
721 2329 876 2357 etdicemus
886 2339 892 2356 :
901 2329 991 2356 Bestia

206 2376 276 2404 mala
289 2376 431 2404 devoravit
444 2383 522 2408 eum;
535 2379 562 2403 et
574 2375 728 2403 videbimus
740 2375 804 2410 quid
817 2375 871 2402 sint
886 2376 991 2402 somnia

204 2433 272 2469 ejus.
288 2433 409 2461 Audiens
421 2441 486 2460 vero
501 2433 608 2465 Ruben,
619 2433 733 2459 abstulit
745 2440 807 2459 eum
822 2431 855 2459 de
865 2431 992 2459 manibus

204 2485 311 2509 eorum,
326 2477 439 2505 dicens:
456 2477 514 2505 Non
535 2477 721 2512 percutiamus
737 2484 798 2503 eum
818 2477 844 2503 in
859 2476 988 2504 animam.

204 2523 277 2551 Dixit
295 2527 384 2550 autem
405 2523 445 2551 eis
463 2523 578 2550 Ruben:
595 2523 634 2550 Ne
649 2523 797 2550 eﬂ‘undatis
813 2523 990 2558 sanguinem;

204 2570 329 2606 projicite
338 2577 400 2596 eum
412 2570 439 2596 in
450 2577 530 2596 unam
543 2569 724 2596 cisternarum
734 2569 841 2600 harum,
855 2577 914 2603 qnze
927 2574 990 2596 sunt

203 2617 231 2644 in
247 2616 406 2648 solitudine,
421 2623 530 2642 manum
543 2619 634 2643 autem
646 2623 680 2642 ne
694 2615 842 2642 intuleritis
859 2615 895 2641 ei.
917 2615 990 2642 Dixit

203 2666 294 2690 autem
321 2661 361 2689 sic
386 2666 416 2688 ut
438 2662 557 2696 eriperet
577 2669 639 2688 cum
666 2660 700 2687 de
724 2661 851 2687 manibus
883 2668 989 2692 eorum,

202 2711 231 2734 et
257 2705 382 2733 redderet
411 2713 472 2732 eum
498 2705 680 2740 patrisuo“.
698 2714 706 2730 ›
732 2704 870 2732 Ementes
899 2705 991 2740 itaque

202 2752 302 2786 Joseph
333 2756 406 2778 veste
444 2751 537 2783 varia,
575 2751 743 2778 demiserunt
776 2750 803 2777 in
833 2750 990 2781 cisternam.

236 2843 256 2858 ι’
273 2843 339 2870 Gen.
358 2851 453 2877 xxxvn,
470 2842 541 2870 9—H.
581 2843 602 2858 ’⁵³
615 2843 683 2870 lbid.
699 2843 738 2870 l2.
773 2844 793 2858 "
806 2843 874 2870 Ibid.
889 2843 928 2875 13,
954 2843 993 2870 l4.

1042 2243 1174 2280 πρόϐατα,
1198 2242 1243 2269 καὶ
1261 2242 1418 2276 ἀνάγγειλόν
1443 2250 1495 2277 μοι.
1517 2251 1526 2267 ›
1556 2241 1752 2276 Προθυμότατα
1779 2241 1828 2275 μὲν

1042 2289 1087 2317 οὖν
1113 2289 1180 2316 ἱέναι
1206 2287 1470 2321 κατεπαγγέλλεται,
1503 2287 1549 2313 καὶ
1576 2286 1607 2322 δὴ
1632 2287 1679 2313 καὶ
1703 2286 1826 2321 ἀπαίρει.

1043 2337 1089 2363 καὶ
1113 2334 1325 2369 ἀποκεχώρηκεν
1345 2334 1375 2359 ὲκ
1396 2333 1445 2367 τῆς
1471 2333 1591 2364 κοιλάδος
1611 2331 1734 2368 Χεϐρών.
1766 2333 1827 2358 Ἐκ-

1042 2380 1192 2417 περιοέοντι
1212 2380 1239 2406 δέ
1263 2379 1311 2414 τὴν
1333 2379 1442 2414 ἔρημον,
1468 2379 1519 2413 ἔφη
1544 2387 1586 2410 τις
1609 2378 1760 2414 περιτυχὼν
1784 2379 1826 2412 ἐφ’

1040 2430 1093 2464 ὅτῳ
1107 2437 1135 2454 τε
1148 2428 1221 2463 ἥκοι,
1238 2427 1284 2454 καὶ
1296 2427 1356 2453 ὅποι
1371 2427 1445 2456 ποτὲ,
1467 2426 1513 2452 καὶ
1525 2426 1572 2452 ἐπὶ
1584 2425 1658 2457 τίνας
1672 2426 1751 2452 ἵεται.
1767 2435 1776 2450 ι
1799 2425 1828 2451 ’0

1040 2474 1068 2501 δὲ
1092 2473 1160 2509 πρὸς
1188 2472 1273 2499 ταῦτα
1299 2471 1394 2503 εὐθύς·
1419 2472 1488 2502 Teii;
1514 2471 1646 2505 ἀδελφούς
1665 2480 1715 2506 μου
1741 2471 1825 2506 ζητῶ,

1041 2518 1207 2553 ἀπάγγειλόν
1219 2526 1262 2554 μοι
1278 2517 1328 2543 ποῦ
1346 2517 1498 2552 {iano-nm.
1513 2516 1579 2544 Εἷπε
1594 2517 1622 2543 δὲ
1634 2517 1718 2552 αὐτῷ,
1734 2518 1825 2551 φησιν,

1041 2567 1054 2592 ό
1072 2565 1222 2600 ἄνθρωπος,
1238 2563 1394 2598 ἁπήρκασιν
1414 2562 1546 2589 ἐντεῦθεν.
1565 2563 1687 2590 Ἤκουσα
1710 2563 1764 2598 γὰρ
1779 2563 1826 2589 αὑ-

1039 2611 1092 2637 τῶν
1116 2611 1263 2644 λεγόντων·
1291 2609 1469 2644 Πορευοῶμεν
1496 2609 1534 2641 εἰς
1565 2609 1675 2644 Δοοαῖμ.
1696 2618 1705 2633 ι
1725 2606 1762 2635 Οἶ)
1780 2608 1826 2635 καὶ

1039 2658 1200 2694 ἀφιγμένος,
1215 2658 1354 2692 ἀδοκήτως
1365 2655 1570 2683 ἐπεϐουλεύετο.
1590 2655 1650 2682 Ἐπὶ
1663 2653 1759 2689 καιροῦ
1773 2654 1826 2690 γὰρ

1041 2705 1134 2740 ὥσπερ
1147 2706 1161 2730 ὸ
1176 2704 1270 2737 φθόνος
1283 2703 1313 2730 τὸ
1331 2703 1413 2730 πάλαι
1429 2701 1523 2729 δοκοῦν
1540 2700 1692 2737 εἰργάζετο.
1711 2701 1826 2735 Διαχρή-

1042 2750 1140 2777 σασοαι
1166 2750 1213 2785 μὲν
1236 2747 1281 2776 οὖν
1307 2750 1345 2780 εἰς
1368 2748 1443 2774 ἅπαν
1470 2746 1622 2782 ἐπεθύμουν
1639 2746 1718 2773 αὐτὸν
1735 2746 1758 2771 οἱ
1773 2743 1827 2771 ἀπὸ

1036 2843 1056 2859 ³⁵
1070 2843 1138 2871 Ibid.
1155 2843 1241 2870 l5-l7.
1273 2842 1294 2858 “
1308 2841 1375 2869 lbid.
1394 2841 1483 2870 19-22.
