1990 3050
211 120 262 149 235

732 117 760 144 S.
781 115 920 144 CYRILLI
939 114 1176 142 ALEXANDNNI
1196 114 1355 143 ARCHIEP.

1790 113 1843 142 Ξῦϐ

213 181 254 204 tes
268 183 317 204 eos
334 180 361 203 et
379 178 494 202 onustos
510 174 544 202 ad
559 174 715 202 libertatem
733 181 783 208 per
803 172 883 200 tidem
898 171 999 198 vocavit

1055 171 1091 203 ὼς
1113 171 1265 203 κοπιῶντας
1285 171 1384 202 αὐτοὺς
1409 171 1454 196 καὶ
1473 168 1716 205 κατηχθισμένους,
1737 170 1778 202 είς
1793 170 1843 206 τὴν

212 223 308 250 dicens
323 230 329 248 :
347 231 355 247 ι
367 221 464 249 Venite
475 220 509 248 ad
520 228 575 252 me,
587 227 683 247 omnes
696 219 743 254 qui
756 219 887 246 laboratis
899 222 926 244 et
935 225 1000 244 one-

213 268 264 296 rati
283 267 360 299 estis,
378 271 406 294 et
421 274 472 301 ego
490 266 610 293 reﬁciam
623 273 672 292 vos
688 265 720 290 ⁷³.
739 274 747 289 ι
768 263 821 291 Sed
843 262 1000 298 hujusmodi

211 315 323 349 quidem
345 317 387 340 est
405 312 454 339 Lia
475 321 482 338 τ
502 311 565 346 puri
582 314 673 338 autem
689 313 753 336 sunt
767 308 913 335 admodum
927 307 1000 335 oculi

212 360 324 387 Rachel.
340 358 414 386 Vidit
436 358 511 385 enim
538 356 661 384 Ecclesia
681 363 715 382 ex
738 354 865 390 gentibus
885 353 999 388 gloriam

211 404 323 436 Christi,
335 408 362 431 et
376 404 403 431 in
423 403 482 438 ipso
498 403 607 430 Patrem
621 410 627 428 :
640 404 734 427 vocata
750 405 839 427 autem
856 404 898 426 est
913 399 946 426 ad
959 399 1000 426 l‘a-

211 451 398 478 miliaritatem
411 448 561 484 spiritualis
572 446 676 482 sponsi,
689 446 742 472 hoc
753 450 804 478 est,
814 445 926 477 Christi,
939 449 1001 480 post

211 497 338 532 primam.
353 495 432 530 185
444 495 504 529 lpsa
514 494 587 520 enim
602 492 750 520 novissima
765 496 817 524 est,
831 500 926 527 rugam
945 499 1000 518 non

211 543 325 573 habens.
350 541 491 575 antiquata
513 539 611 574 prima,
635 546 667 566 ac
685 542 829 573 postquam
842 538 995 569 consenuit,

211 595 296 623 prope
309 587 381 614 facto
391 586 451 621 ejus
464 584 589 611 interitu.
602 584 802 618 interpretatur
815 587 906 610 autem
918 582 1001 610 etiam

212 633 324 664 Rachel,
337 631 385 658 Dei
395 630 471 658 ovile.
485 629 562 657 Ovile
574 629 648 657 enim
661 628 853 656 Salvatorisest
862 627 999 655 Ecclesia:

210 679 258 714 qui
270 677 372 705 Judaais
394 676 506 711 quidem
527 675 596 702 dixit
613 682 663 710 per
683 674 828 709 quemdam
844 677 1002 701 sanctorum

210 723 410 759 prophetarum
429 731 435 748 :
459 732 468 747 ι
483 721 517 749 Et
540 722 597 749 dixi
613 730 619 747 :
637 721 697 748 Non
717 728 825 755 pascam
847 727 906 748 vos.
922 719 1001 753 Quod

211 769 340 800 moritur,
361 769 505 800 moriatur,
521 772 549 796 et
565 767 639 803 quod
655 766 757 799 deﬁcit,
774 766 892 798 deﬁciat,
910 770 938 793 et
957 773 1001 793 re-

210 815 318 852 liquiis;
332 815 447 842 devnret
457 815 647 850 unusquisque
660 821 757 841 carnes
767 813 883 848 proximi
898 813 940 840 sui
949 811 998 839 ".I

211 862 250 890 De
265 862 346 889 nobis
359 869 425 888 vero
441 870 447 888 :
466 871 475 887 ι
490 860 561 888 Oves
581 868 649 888 meae
664 867 760 887 vocem
777 867 864 886 meam
879 858 1004 890 audiunt,

211 912 240 936 et
249 912 404 943 sequuntur
416 915 478 940 me;
491 911 519 934 et
527 915 577 942 ego
589 907 624 934 do
638 907 704 942 ipsis
714 907 799 933 vitam
810 910 940 933 reternam
950 905 999 931 νδ.»

211 955 261 983 Est
277 955 360 990 igitur
378 959 472 989 pastor
490 955 591 985 bonus,
612 957 640 980 et
669 953 697 980 in
717 952 845 980 omnibus
866 952 923 986 ipse
944 950 1003 986 pri-

213 1009 270 1029 mas
283 1000 421 1027 obtinens.
442 999 559 1027 Vocatus
572 1002 663 1026 autem
679 1003 721 1026 est
739 999 823 1025 etiam
839 997 908 1028 ovis,
925 1000 1003 1031 post-

212 1054 293 1080 quam
304 1045 392 1073 factus
400 1045 541 1072 esthomo.
549 1044 654 1072 idcirco
661 1042 1004 1079 sapiensloannesludazo-

213 1097 274 1117 rum
294 1090 402 1125 populis
420 1089 508 1124 ipsum
527 1088 658 1120 ostendit,
669 1088 765 1115 dicens
780 1097 785 1114 :
803 1097 812 1113 ι
827 1087 898 1115 Ecce
910 1087 1004 1122 Agnus

215 1135 262 1162 llei
294 1135 393 1162 tollens
423 1138 534 1169 peccata
564 1133 660 1161 mundi
677 1134 710 1160 ".
730 1143 739 1159 ι
766 1133 904 1160 lnnumeri
929 1133 1003 1160 enim

213 1179 322 1207 mactati
342 1183 415 1210 sunt,
431 1179 507 1215 juxta
530 1178 597 1214 legis
616 1178 742 1210 formam,
755 1178 803 1205 sed
821 1178 914 1205 nullus
930 1178 1004 1205 dele-

212 1225 252 1252 vit
265 1229 375 1260 peccata
386 1224 492 1252 mundi.
507 1234 515 1249 ι
526 1224 695 1259 lmpossibile
702 1224 776 1251 enim
786 1227 828 1251 est
842 1224 1002 1259 sanguinem

215 1273 356 1297 taurorum
380 1273 408 1296 et
433 1269 574 1296 hircorum
599 1269 694 1297 tollere
707 1273 818 1304 peccata
832 1269 865 1295 ".
879 1279 887 1294 ι
903 1269 1003 1296 Abstu-

213 1315 244 1343 lit
257 1319 349 1342 autem
363 1320 474 1350 peccata
488 1315 583 1342 mundi
597 1314 690 1350 Agnus
705 1312 1001 1348 immaculatus'verus,

213 1361 418 1390 immaculatum
436 1361 610 1388 sacriﬁcium.
631 1361 695 1388 ldeo
711 1361 793 1388 etiam
806 1366 836 1388 ut
849 1362 908 1389 ovis
922 1369 1003 1397 repu-

214 1411 285 1434 tatus
294 1411 336 1434 est
349 1407 490 1434 uobiscum
509 1408 541 1434 7“.
556 1407 675 1434 Vocetur
687 1411 779 1434 autem
796 1407 899 1435 idcirco
909 1408 1003 1436 Eccle—

211 1452 258 1480 size
269 1452 350 1484 ﬁlius,
364 1458 394 1480 ut
407 1453 607 1487 primogenilus
620 1453 648 1479 in
661 1452 793 1480 fratribus
806 1454 839 1480 ".
854 1454 1001 1482 Sciendum

211 1502 276 1524 vero
293 1497 364 1532 quod
376 1501 403 1524 et
414 1497 513 1533 .loscph
528 1497 734 1532 interpretatur,
752 1498 864 1534 adjectio
876 1503 902 1526 ct
916 1500 1001 1526 intre-

212 1546 329 1569 meutum
344 1542 402 1569 Dei.
425 1542 539 1578 Semper
550 1543 623 1570 enim
635 1547 751 1578 augetur
761 1547 789 1570 et
799 1544 897 1571 crescit
911 1550 1003 1576 sancta

212 1587 329 1614 ﬁliorum
343 1587 472 1614 Ecclesiae
485 1587 640 1615 multitudo.
655 1587 787 1620 Quocirca
801 1588 884 1615 etiam
899 1589 1003 1617 dictum

212 1638 255 1660 cst
265 1632 298 1659 ad
310 1640 370 1659 eam
388 1641 394 1659 :
418 1642 426 1658 ι
440 1633 516 1660 Tolle
529 1633 556 1660 in
569 1633 686 1660 circuitu
699 1633 793 1660 oculos
805 1638 876 1666 tuos,
889 1634 966 1667 Sion,
976 1639 1004 1662 et

212 1679 285 1706 vide.
306 1678 376 1705 Ecce
385 1679 550 1714 congregati
571 1683 644 1711 sunt,
659 1683 688 1706 et
702 1683 837 1706 venerunt
854 1679 887 1706 ad
901 1684 926 1706 te
941 1680 974 1706 ⁸ο.
990 1689 999 1705 ι

213 1722 247 1750 Et
260 1730 367 1749 rursum
382 1731 387 1748 :
408 1732 416 1748 ι
432 1723 502 1751 Ecce
516 1724 543 1751 hi
561 1724 594 1751 de
608 1724 686 1759 longe
700 1725 823 1757 veniunt,
836 1724 864 1752 hi
878 1725 913 1752 ab
926 1725 1004 1760 aqui-

213 1767 286 1799 lone,
304 1771 332 1794 et
350 1767 377 1794 hi
395 1775 410 1794 a
425 1768 494 1795 mari
508 1777 514 1794 :
529 1769 576 1795 alii
589 1776 655 1795 vero
669 1776 683 1796 e
698 1773 769 1796 terra
782 1769 927 1797 Persarum
941 1771 973 1798 ⁸³.
990 1780 998 1796 ι

214 1812 352 1848 Scriptum
370 1818 413 1841 est
428 1819 519 1842 autem
533 1815 616 1842 etiam
634 1815 662 1842 in
677 1815 791 1843 Actibus
803 1817 1001 1851 apostolorum,

214 1859 314 1886 alicubi
327 1860 448 1895 quidem,
463 1860 535 1895 quod
555 1861 655 1896 adjecit
675 1861 785 1896 quidem
803 1862 936 1890 Dominus
947 1863 1001 1890 sal-

212 1909 289 1932 vatos
301 1905 424 1940 quotidie
439 1906 465 1933 in
478 1906 549 1933 idem
559 1907 597 1940 8’;
613 1907 713 1935 alicubi
725 1915 789 1934 vero
803 1916 809 1934 :
828 1907 926 1935 (Λυοιί
937 1916 1002 1936 vero

212 1955 277 1978 sunt
298 1952 390 1986 potius
409 1952 554 1980 credentes
574 1953 699 1985 Domino,
717 1953 906 1981 multitudines
925 1955 1001 1982 viro—

213 2004 273 2024 rum
294 2001 322 2024 ct
344 1998 490 2024 mulierum
502 1998 534 2024 ⁸³.
551 2008 560 2023 ι
578 1998 694 2030 idcirco,
710 2003 741 2026 ut
753 2000 834 2034 paulo
855 2004 918 2028 ante
933 2001 999 2034 dixi,

213 2042 310 2069 merito
327 2048 472 2070 censeatur
491 2044 642 2078 spiritualis
658 2043 768 2079 Joscph,
781 2045 833 2073 hoc
845 2051 896 2079 est,
909 2048 956 2082 qui
972 2048 1001 2075 in

210 2087 330 2120 Christo,
344 2088 462 2124 adiectio
474 2089 531 2116 sive
543 2089 743 2116 incrementum
757 2090 815 2119 Dei.
829 2091 923 2126 Neque
935 2099 1000 2120 vero

209 2140 226 2161 a
246 2141 329 2170 scopo
350 2134 580 2167 aberraverimus,
594 2135 617 2162 si
637 2135 780 2164 credentes
798 2136 826 2164 in
845 2137 944 2172 ipsum,
957 2142 999 2166 at-

210 2187 263 2214 que
276 2180 424 2216 ipsummet
435 2181 472 2208 ita
486 2181 664 2216 appellemus.
677 2181 737 2216 lpse
750 2182 825 2209 enim
839 2187 881 2210 est
896 2188 979 2219 caput
991 2193 997 2211 :

210 2233 310 2261 corpus
320 2230 412 2253 autem
424 2231 452 2254 et
465 2227 589 2254 membra
601 2235 634 2254 ex
645 2232 722 2263 parte
734 2237 783 2257 nos
796 2229 829 2257 ⁸⁸.
840 2229 928 2266 Atque
940 2231 998 2266 ipse

209 2271 321 2306 quidem
333 2272 398 2299 vitis
412 2281 418 2299 :
433 2272 598 2308 inhaagemus
611 2278 701 2301 autem
714 2275 765 2309 ipsi
780 2283 830 2304 nos
844 2276 931 2305 instar
941 2278 998 2312 pal-

210 2322 317 2349 mltum,
335 2318 441 2345 unitate
462 2319 613 2346 secundum
633 2320 760 2354 spiritum
780 2329 829 2357 per
845 2324 998 2351 sanctiﬁca-

209 2363 310 2394 tionem
335 2364 464 2399 colIigati.
490 2364 626 2393 Caeterum
650 2376 658 2392 ι
679 2371 753 2398 erat.
772 2367 874 2403 inquit,
895 2369 996 2405 Ioseph

208 2408 404 2443 septemdecim
423 2410 601 2438 annorum".
621 2421 630 2438 ι
647 2412 681 2440 Et
696 2413 768 2448 quod
788 2414 900 2448 quidem
916 2416 996 2451 juveo

208 2451 250 2481 nis
269 2451 428 2485 admodum,
443 2454 524 2490 186
537 2455 658 2484 declarat
676 2464 725 2492 per
742 2458 804 2490 hoc,
820 2462 850 2486 ut
863 2460 993 2494 arbitror,

208 2497 287 2525 nobis
301 2505 376 2525 sacra
391 2498 543 2535 Scriptura.
564 2501 747 2530 Novissimum
762 2509 853 2532 autem
870 2507 993 2534 omnium

206 2543 289 2570 etiam
309 2543 399 2579 ipsum
411 2545 616 2574 Emmanuelem
635 2556 695 2576 esse
714 2549 840 2583 dicimus,
862 2553 994 2588 temporis

206 2588 317 2623 quidem
331 2589 522 2626 antiquitatem
540 2592 573 2620 iis
594 2593 640 2628 qui
658 2597 721 2621 ante
741 2594 831 2630 ipsum
845 2597 902 2625 nati
917 2603 991 2631 sunt,

206 2634 392 2669 ascribentes,
415 2641 447 2665 ut
471 2638 538 2666 Mosi
564 2642 593 2666 et
616 2640 758 2675 prophetis
779 2650 784 2669 :
807 2643 994 2672 examinantes

206 2687 272 2708 vero
292 2682 457 2717 scriptorum
474 2683 540 2717 vim,
561 2685 635 2712 aliud
666 2686 731 2721 quid
747 2687 830 2715 etiam
849 2688 893 2717 his
908 2690 993 2726 signi-

241 2749 265 2786 [³
278 2749 372 2777 Matth.
388 2759 423 2781 χι.
442 2752 485 2779 28.
524 2753 547 2769 "
565 2753 647 2782 Zach.
669 2763 706 2786 x1.
731 2756 757 2783 9.

205 2818 304 2857 Ephes.
320 2829 345 2853 ν,
357 2821 400 2850 50,
439 2822 461 2838 ⁸³
476 2823 542 2851 Gen.
560 2818 659 2858 xxxx-il,
678 2825 702 2852 i.

243 2759 265 2765 --
279 2759 372 2777 manu.
388 2759 423 2781 χι.
442 2759 485 2779 Ζδ.
524 2759 547 2769 "
565 2759 647 2782 Lach.
669 2763 706 2786 x1.
731 2759 757 2783 9.
810 2759 835 2775 ⁷⁸
849 2759 926 2787 Joan.
941 2768 969 2792 χ,
984 2763 999 2788 ν

204 2784 227 2800 η
242 2784 308 2800 Ωιι...
337 2794 382 2800 υ...
407 2787 440 2800 am
489 2787 510 2800 an
522 2789 560 2800 πμ»
591 2798 647 2800 ,ημν
678 2791 709 2800 ιο
808 2794 814 2800 .
868 2795 887 2800 -.
904 2795 912 2800 .

1132 2763 1160 2800 ’ᾗ
1173 2764 1278 2796 Joan.r,
1292 2765 1336 2792 29.

242 2784 318 2831 Ilium.
337 2794 393 2831 vui:
407 2787 461 2831 99;!
478 2787 510 2831 :5
522 2789 572 2815 Isa.
590 2798 659 2822 xux,
675 2784 724 2831 1.8;
746 2800 790 2825 Lx,
802 2794 827 2821 4.
849 2784 999 2825 ’ίῖἶέιιῖξί

1053 2784 1100 2826 Ti.
1139 2797 1162 2814 ιι
1173 2784 1251 2828 ἷι“εἲ’.’”
1260 2784 1350 2831 ἒξ,ῒὶ

1053 216 1096 243 διὰ
1123 217 1240 248 πίστεως
1267 217 1359 246 ἄνεσιν
1382 216 1474 242 ἐκάλει
1495 216 1592 249 λέγων·
1612 224 1621 240 ι
1641 215 1724 242 Δεῦτε
1744 216 1843 248 πάντες

1054 262 1120 296 πρός
1140 271 1185 297 με,
1199 263 1223 289 oi
1234 262 1384 294 κοπιῶντες
1398 262 1444 288 καὶ
1460 260 1765 297 πεφορτισμένοι,κάγὼ
1778 262 1842 288 ἀνοι-

1054 307 1151 334 πτύσω
1174 308 1254 342 ὑμεῖς.
1275 317 1284 333 ι
1310 307 1390 334 Ἀλλὰ
1407 307 1473 333 Λεία
1496 308 1544 342 μὲν
1564 308 1592 333 ὲν
1613 307 1728 338 τούτοις.
1753 307 1843 334 Καθα·

1057 354 1096 389 pot
1115 353 1142 379 δὲ
1166 353 1235 386 ἄγαν
1259 354 1283 379 οἱ
1302 353 1350 387 τῆς
1370 352 1471 387 Ῥαχὴλ
1486 352 1630 388 ὀφθαλμοί.
1645 352 1777 379 Τεθέαται
1790 353 1844 388 γὰρ

1054 399 1108 434 ήὲξ
1123 399 1207 426 ἐθνῶν
1222 398 1368 433 Ἐκκλησία
1380 399 1428 434 τὴν
1440 399 1517 431 δόξαν
1534 398 1663 433 Χριστοῇ
1674 399 1721 425 καὶ
1732 399 1760 424 ὲν
1771 398 1845 433 αὐτῷ

1053 445 1098 474 τὴν
1123 444 1245 479 Πατέρα·
1275 444 1402 479 κέκληται
1423 444 1450 470 δὲ
1469 444 1537 479 προς
1559 444 1694 470 οἰκείωσιν
1715 443 1762 469 τοῦ
1782 452 1844 479 νοη-

1053 489 1099 516 τοῦ
1122 489 1251 524 νυμφίου,
1272 488 1393 515 τουτέστι
1418 488 1547 524 Χριστοῦ,
1565 489 1634 524 μετὰ
1649 491 1698 524 τὴν
1721 493 1842 524 πρωτην.

1055 535 1130 571 Αὕτη
1146 536 1229 571 γὰρὴ
1247 535 1368 570 νεωτάτη
1395 535 1488 570 ῥυτίδα
1507 535 1543 571 μὴ
1561 536 1670 570 ἔχουσα,
1690 536 1779 562 καίτοι
1796 545 1845 562 πα-

1054 581 1217 616 λαιωθείσης
1246 581 1295 616 τῆς
1319 581 1442 616 πρώτης,
1467 581 1515 608 καὶ
1537 583 1599 608 ἐπεί
1619 591 1660 608 τοι
1677 584 1843 618 γεγήρακενι,

1055 627 1138 662 ἐγγὺς
1161 627 1311 662 γενομένης
1335 627 1498 663 ἀφανισμοῦ.
1524 627 1719 662 Ἐρμηνεύεται
1745 629 1772 654 δὲ
1797 628 1844 654 καὶ

1055 674 1071 707 ἡ
1090 673 1200 708 Ῥαχὴλ,
1217 673 1291 700 Θεοῦ
1306 673 1454 706 ποίμνιον.
1474 673 1603 708 Ποίμνιον
1617 673 1671 710 γὰρ
1690 673 1736 700 τοῦ
1755 674 1846 710 Σωτῆ-

1057 718 1132 753 ροςὴ
1151 718 1317 753 Ἐκκλησία·
1341 717 1370 749 ὃς
1392 717 1527 748 Ἰουδαίοις
1546 718 1595 752 μὲν
1613 717 1715 752 ἔφασκε
1741 719 1773 745 δι’
1786 718 1844 750 ἑνὸς

1055 764 1108 790 τῶν
1119 763 1203 797 ἁγίων
1211 763 1367 800 προφητῶν·
1381 773 1391 789 ι
1410 763 1465 790 Καὶ
1477 761 1552 789 εἶπεν
1565 764 1603 790 Οὐ
1620 764 1745 799 ποιμανῶ
1760 765 1843 799 ὑμᾶς.

1055 810 1092 836 Τὸ
1106 809 1277 844 ἀποθνῆσκον
1292 809 1499 845 ἀποθνησκέτω,
1515 811 1562 837 καὶ
1576 810 1607 836 τὸ
1623 811 1747 837 ἐκλεῖπον
1762 811 1846 836 ἐκλειο

1022 859 1043 886 Β
1058 855 1132 882 πέτω
1143 875 1150 887 ,
1176 855 1223 881 καὶ
1245 855 1279 882 τὰ
1300 855 1467 882 κατάλοιπαι
1484 855 1650 883 κατεσθιέτω
1667 856 1780 887 ἕκαστος
1795 856 1846 888 τὰς

1058 901 1164 937 σάρκας
1190 901 1237 928 τοῦ
1260 901 1374 936 πλησίον
1399 901 1492 928 αὑτοῦ.
1514 911 1523 927 ι
1543 902 1636 937 Ἦμῶν
1659 902 1688 928 δὲ
1716 902 1748 938 δὴ
1769 903 1845 939 πέρι,

1060 956 1069 974 ι
1084 947 1125 974 Τὰ
1149 946 1273 982 πρόϐατα
1304 946 1339 973 τὰ
1366 946 1420 982 ὲμὰ
1446 947 1494 982 τῆς
1513 947 1605 982 φωνῆς
1628 956 1678 982 μου
1706 948 1845 978 ἀκούουσι,

1057 993 1104 1020 καὶ
1131 992 1306 1020 ἀκολουθοῦσί
1339 1001 1405 1028 μοι,
1434 993 1513 1028 κάγὼ
1539 993 1635 1029 δίδωμι
1664 994 1756 1026 αὐτοῖς
1773 995 1847 1030 ζωὴν

1057 1038 1178 1066 αἰώνιον.
1197 1048 1206 1066 ι
1220 1040 1297 1066 Ἐστι
1317 1040 1365 1075 μὲν
1381 1037 1427 1066 οὖν
1442 1039 1543 1076 ποιμὴν
1561 1040 1672 1074 ἀγαθὸς,
1689 1042 1735 1068 καί
1752 1043 1780 1068 ὲν
1795 1042 1847 1069 τεᾶ-

1058 1093 1099 1112 σιν
1111 1085 1192 1116 αὐτὸς
1208 1085 1364 1120 πρωτεύων.
1381 1086 1575 1122 Κεχρημάτικε
1586 1086 1614 1113 δὲ
1634 1086 1683 1113 καὶ
1698 1087 1844 1122 πρόϐατον,

1057 1131 1169 1158 ἑπείτοι
1186 1131 1280 1166 γέγονε
1296 1131 1356 1158 καθ’
1367 1133 1450 1167 ἡμᾶς.
1471 1132 1524 1160 Καὶ
1541 1132 1606 1167 γοῦν
1620 1133 1634 1159 ὁ
1657 1134 1737 1167 σοφὸς
1757 1134 1847 1160 Ἰωάν-

1057 1186 1104 1212 νης
1123 1179 1179 1209 τοῖς
1197 1177 1330 1204 Ἰουδαίων
1351 1178 1446 1213 δήμοις
1467 1178 1547 1205 αὑτὸν
1569 1178 1725 1214 παρέδειξε,
1741 1179 1844 1214 λέγων·

1059 1231 1068 1248 ι
1090 1222 1141 1248 Ἴδε
1158 1223 1172 1248 ό
1187 1222 1272 1257 ἀμνὸς
1290 1222 1336 1249 τοῦ
1359 1223 1426 1249 Θεοῦ
1447 1224 1461 1250 ό
1477 1224 1563 1260 αἴρων
1577 1223 1626 1260 τὴν
1644 1225 1780 1260 ἁμαρτίαν
1797 1225 1845 1252 τοῦ

1056 1267 1169 1302 κόσμου.
1189 1277 1198 1292 ι
1213 1267 1313 1302 Μυρίοι
1334 1267 1383 1303 μὲν
1395 1268 1449 1304 γὰρ
1464 1268 1638 1302 ἐσφάττοντο,
1655 1270 1726 1296 κατὰ
1740 1270 1786 1297 τὸν
1798 1269 1846 1298 τοῦ

1055 1313 1137 1349 νόμου
1163 1313 1259 1346 τύπον,
1286 1314 1343 1341 ἀλλ’
1372 1315 1459 1346 οὐδεὶς
1483 1316 1618 1351 ἀπήλειψε
1641 1317 1690 1353 τὴν
1709 1317 1847 1352 ἁμαρτίαν

1055 1359 1102 1386 τοῦ
1132 1359 1244 1395 κόσμου.
1273 1369 1282 1386 ι
1307 1360 1453 1388 Ἀδύνατον
1485 1361 1535 1397 γὰρ
1564 1360 1632 1398 αἷμα
1663 1364 1770 1398 ταύρων
1799 1363 1847 1390 καὶ

1055 1405 1164 1440 τράγων
1187 1406 1314 1441 ἀφαιρεῖν
1337 1406 1483 1441 ἁμαρτίαν.
1506 1417 1514 1432 ι
1539 1407 1671 1443 Ἀνῄρηκε
1689 1408 1716 1434 δὲ
1734 1408 1780 1434 τοῦ
1801 1408 1847 1435 κό-

1056 1459 1124 1485 σμου
1143 1451 1191 1486 τὴν
1214 1452 1351 1487 ἁμαρτίαν
1367 1453 1381 1478 ὁ
1405 1453 1490 1488 ἀμνὸς
1510 1453 1524 1478 ὸ
1543 1453 1667 1488 ἄμωμος,
1679 1454 1692 1480 ὁ
1708 1454 1845 1488 ἀληθινὸς.

1056 1497 1085 1523 τὸ
1105 1497 1219 1532 ἄμωμον
1241 1498 1347 1533 ἱερεῖον.
1374 1498 1480 1525 Οὐκοῦν
1496 1499 1542 1525 καὶ
1561 1499 1598 1530 ὡς
1620 1499 1756 1535 πρόὸατον
1772 1500 1846 1527 λελό-

1018 1537 1040 1566 C
1062 1551 1153 1577 γισται
1177 1543 1235 1578 μεθ’
1248 1543 1335 1578 ἡμῶν.
1352 1544 1469 1571 Καλοῖτο
1488 1544 1510 1571 δ’
1531 1545 1563 1572 ἂν
1577 1545 1620 1572 διὰ
1637 1546 1716 1573 τοῦτο
1731 1547 1778 1574 καὶ
1797 1547 1846 1582 τῆς

1062 1589 1224 1624 Ἐκκλησίας
1237 1590 1292 1621 υἱὸς
1307 1590 1343 1622 ὡς
1360 1591 1531 1625 πρωτότοκος
1548 1592 1576 1618 ἐν
1590 1592 1722 1626 ἀδελφοῖς.
1747 1593 1845 1619 Ἱστέον

1055 1634 1084 1661 δὲ
1101 1635 1140 1661 ὅτι
1167 1635 1212 1662 καὶ
1234 1636 1332 1670 Ἰωσὴφ
1350 1636 1530 1672 ἑρμηνεύεται
1547 1639 1704 1672 προσθήκη
1727 1640 1774 1665 καὶ.
1793 1639 1845 1666 αῦ-

1056 1680 1146 1714 ξησις
1163 1681 1247 1708 Θεοῦ.
1271 1682 1326 1708 Ἀεὶ
1340 1682 1395 1717 γὰρ
1410 1684 1450 1714 εἰς
1467 1682 1579 1717 αὔξησιν
1592 1684 1646 1711 τῶν
1662 1685 1710 1720 τῆς
1731 1685 1845 1720 Ἑκκλη⁸

1055 1724 1114 1756 σίας
1127 1725 1229 1752 τέκνων
1244 1726 1258 1761 ἡ
1274 1726 1338 1760 ἁγία
1353 1726 1457 1762 πληθὺς
1471 1728 1626 1756 ὲπιδίδοται.
1639 1729 1786 1764 Τοιγάρτοι
1798 1731 1844 1756 καὶ

1054 1771 1160 1806 εἴρηται
1176 1771 1243 1807 πρὸς
1256 1772 1339 1808 αὐτήν
1349 1781 1355 1788 ·
1374 1782 1384 1798 ι
1398 1771 1482 1809 ⁷Λρον
1504 1774 1594 1810 κύκλῳ
1609 1776 1671 1807 τοὺς
1689 1776 1844 1811 ὀφθαλμούς

1054 1816 1206 1849 σου,Σιὼν,
1225 1817 1273 1844 καὶ
1302 1818 1340 1845 ἰδὲ
1364 1819 1477 1861 πάντας.
1503 1820 1568 1847 Ἰδοὺ
1597 1821 1777 1856 συνήχθησαν,
1796 1823 1843 1850 καὶ

1053 1862 1169 1898 ἧλθοσαν
1181 1863 1248 1898 πρὸς
1260 1863 1289 1890 σέ
1299 1884 1307 1891 .
1322 1873 1331 1889 ι
1343 1865 1398 1891 Καὶ
1411 1865 1503 1892 πάλιν·
1517 1876 1526 1891 ι
1539 1866 1604 1893 Ἰδοὺ
1615 1864 1688 1894 οὗτοι
1702 1868 1843 1903 πόρρωθεν

1052 1908 1187 1943 ἔρχονται,
1205 1906 1278 1936 οὗτοι
1292 1909 1344 1935 ἀπὺ
1359 1909 1454 1945 βορρᾶ,
1467 1911 1515 1937 καὶ
1532 1908 1604 1938 οὗτοι
1618 1912 1672 1938 ἀπο
1692 1912 1841 1948 θαλάσσης,

1052 1952 1127 1980 ἄλλοι
1142 1953 1170 1979 δὲ
1182 1954 1213 1979 ὲκ
1225 1954 1273 1989 τῆς
1286 1954 1409 1990 Περσῶν.
1422 1965 1431 1980 ι
1452 1956 1606 1991 Γέγραπται
1627 1957 1654 1983 δὲ
1668 1958 1715 1984 καὶ
1734 1959 1762 1984 ὲν
1782 1960 1843 1990 ταῖς

1051 1999 1171 2035 Πράξεσι
1190 2000 1244 2027 τῶν
1267 2001 1424 2028 ἀποστόλων
1440 2009 1447 2016 ·
1466 2002 1504 2037 πῆ
1521 2003 1580 2037 μὲν,
1591 2005 1631 2030 ὅτι
1644 2005 1658 2030 ό
1675 2004 1723 2039 μὲν
1740 2004 1842 2040 Κύριος

1053 2047 1204 2082 προσετίθει
1212 2048 1274 2079 τοὺς
1282 2049 1450 2083 σωζομένους
1458 2049 1518 2076 καθ’
1528 2050 1634 2086 ἡμέραν
1644 2051 1690 2078 ἐπὶ
1698 2051 1789 2078 ταυτόι
1803 2051 1841 2086 πῆ

1050 2093 1078 2120 δὲ
1098 2093 1129 2129 δὴ
1148 2092 1181 2121 αὖ
1193 2103 1199 2110 ·
1219 2094 1345 2121 «Μᾶλλον
1359 2095 1387 2121 δὲ
1405 2096 1595 2131 προσετίθεντο
1611 2097 1783 2130 πιστεύοντες
1801 2098 1841 2133 τῷ

1051 2140 1145 2174 Κυρίῳ
1163 2140 1251 2175 πλήθη
1271 2140 1376 2176 ἀνδρῶν
1393 2149 1423 2167 τε
1445 2142 1491 2168 καὶ
1502 2142 1648 2175 γυναικῶν.
1665 2152 1674 2167 ι
1694 2142 1839 2179 Ταύτῃτοι,

1051 2186 1176 2222 καθάπερ
1198 2187 1248 2222 ἥδη
1275 2188 1416 2222 προεῖπον.
1434 2189 1512 2214 νοοῖτ*
1528 2187 1561 2215 ἂν
1585 2189 1696 2220 εἰκότως
1717 2191 1730 2216 ὁ
1746 2190 1840 2225 νοητὸς
1864 2209 1870 2214 -

1057 2232 1166 2268 Ἰωσὴφ,
1181 2232 1329 2263 τουτέστιν,
1340 2233 1364 2258 οξ
1378 2232 1407 2258 ὲν
1422 2233 1690 2270 Χριστῷ.προσθήκη
1703 2234 1839 2262 Θεοῦ.”Ῑοι

1047 2277 1068 2304 δ’
1082 2277 1115 2304 ἂν
1124 2279 1188 2314 ἡμῖν
1200 2279 1213 2305 ὁ
1223 2278 1300 2312 λόγος
1317 2279 1367 2305 οὐκ
1380 2279 1433 2305 ἀπο
1446 2280 1546 2306 σκοποῦ
1559 2281 1623 2312 τοὺς
1639 2282 1679 2312 είς
1700 2282 1782 2308 αὐτὸν
1794 2291 1839 2309 πι-

1048 2323 1214 2356 στεύσαντας
1224 2323 1324 2350 ὡσανεὶ
1339 2323 1386 2350 καὶ
1401 2325 1482 2351 αὐτὸν
1491 2326 1671 2362 οἰκονομικῶς
1686 2328 1836 2363 ὀνομάζων.

1048 2370 1125 2396 Ἐστι
1140 2370 1286 2406 γὰρ,αὑτὺς
1299 2371 1347 2405 μὲν
1357 2371 1374 2405 ἡ
1388 2371 1502 2406 κεφαλή·
1520 2372 1598 2408 σῶμα
1613 2373 1640 2399 δὲ
1655 2373 1701 2400 καὶ
1717 2374 1795 2410 μέλη,
1805 2375 1839 2402 ἐκ

1047 2415 1148 2450 μέρους
1162 2417 1252 2450 ἡμεῖς.
1260 2416 1315 2442 Καὶ
1323 2416 1403 2448 αὐτὸς
1415 2417 1464 2451 μὲν
1472 2418 1489 2452 ἡ
1498 2417 1837 2456 ἄμπελος-ἐμπεφύκαμεν

1048 2461 1076 2487 δὲ
1091 2461 1238 2496 κλημάτων
1251 2461 1329 2496 δίκην
1345 2462 1539 2498 ἠμεῖς,ἑνώσει
1556 2466 1588 2500 τῇ
1599 2465 1669 2492 κατὰ
1680 2465 1791 2502 πνεῦμα
1801 2466 1836 2494 δι’

1049 2507 1184 2543 ἀγιασμοῦ
1193 2508 1376 2544 συνδοὺμενοι.
1387 2509 1454 2536 Ἀλλ⁴
1467 2507 1546 2543 «⁷Ην,
1559 2511 1650 2546 φησὶν,
1660 2513 1758 2548 Ἰωσὴφ
1768 2512 1834 2540 δέκα
1843 2524 1849 2528 ·

1048 2554 1095 2581 καὶ
1110 2554 1180 2581 ἑπτὰ
1198 2553 1277 2581 ἐτῶν.
1301 2564 1310 2580 ι
1329 2555 1384 2582 Καὶ
1400 2555 1442 2583 ὅτι
1468 2557 1517 2592 μὲν
1536 2557 1596 2590 νέος
1616 2558 1725 2594 κομιδῇ.
1744 2567 1834 2595 παρα-

1046 2600 1159 2634 δείξειεν
1170 2600 1215 2632 ἂν.
1231 2599 1307 2636 οἶμαί
1322 2610 1382 2633 που.
1393 2602 1439 2628 καὶ
1453 2602 1496 2629 διὰ
1509 2603 1611 2630 τούτων
1624 2605 1689 2640 ἡμῖν
1700 2605 1716 2639 ὴ
1729 2604 1832 2639 Γραερή.

1046 2646 1191 2674 Νεώτατον
1208 2646 1236 2675 δὲ
1249 2647 1303 2674 τῶν
1318 2648 1406 2675 ἄλλων
1425 2650 1471 2675 καὶ
1495 2650 1576 2676 αὑτὸν
1588 2648 1658 2678 εἷναί
1675 2659 1766 2686 φαμεν
1788 2651 1833 2677 τὸν

1053 2692 1236 2729 Ἐμμανουήλ,
1258 2694 1289 2721 τὸ
1305 2694 1333 2720 ὲν
1344 2694 1431 2730 χρόνῳ
1449 2695 1633 2732 πρεσϐύτερον
1648 2699 1703 2729 τοῖς
1717 2697 1770 2733 πρὸ
1786 2697 1834 2733 αὐτ

1388 2766 1503 2794 "Hebr.
1520 2775 1546 2798 κ,
1565 2768 1591 2795 4.
1631 2768 1716 2796 "lsa.
1729 2776 1784 2801 Llll,
1804 2770 1829 2798 7.

1389 2802 1412 2817 "
1427 2802 1486 2830 Act.
1500 2810 1526 2833 γ,
1543 2803 1584 2831 Η,
1624 2802 1645 2819 ⁸⁵
1666 2803 1723 2832 Col.
1745 2805 1828 2840 1,18;
