  <div class='ocr_page' id='page_1' title='image "/cluster/home/n/w/nwhite01/storage/ocr_20150623/69/njp.32101077772729/172.png"; bbox 0 0 1990 3050; ppageno 0'>
   <div class='ocr_carea' id='block_1_1' title="bbox 127 175 207 204">
    <p class='ocr_par' dir='ltr' id='par_1_1' title="bbox 127 175 207 204">
     <span class='ocr_line' id='line_1_1' title="bbox 127 175 207 204; baseline 0 0"><span class='ocrx_word' id='word_1_1' title='bbox 127 175 207 204; x_wconf 65' lang='lat'><strong>291‘</strong></span> 
     </span>
    </p>
   </div>
   <div class='ocr_carea' id='block_1_2' title="bbox 632 175 1266 204">
    <p class='ocr_par' dir='ltr' id='par_1_2' title="bbox 632 175 1266 204">
     <span class='ocr_line' id='line_1_2' title="bbox 632 175 1266 204; baseline 0 -1"><span class='ocrx_word' id='word_1_2' title='bbox 632 176 894 204; x_wconf 69' lang='lat' dir='ltr'><strong>GLAPHYRORIIM</strong></span> <span class='ocrx_word' id='word_1_3' title='bbox 916 176 947 203; x_wconf 81' lang='lat' dir='ltr'><strong>lN</strong></span> <span class='ocrx_word' id='word_1_4' title='bbox 968 175 1118 204; x_wconf 74' lang='lat' dir='ltr'><strong>GENESIM</strong></span> <span class='ocrx_word' id='word_1_5' title='bbox 1139 176 1202 204; x_wconf 84' lang='lat' dir='ltr'><strong>LIB.</strong></span> <span class='ocrx_word' id='word_1_6' title='bbox 1222 176 1266 204; x_wconf 81' lang='lat' dir='ltr'><strong>Vl.</strong></span> 
     </span>
    </p>
   </div>
   <div class='ocr_carea' id='block_1_3' title="bbox 1715 181 1768 211">
    <p class='ocr_par' dir='ltr' id='par_1_3' title="bbox 1715 181 1768 211">
     <span class='ocr_line' id='line_1_3' title="bbox 1715 181 1768 211; baseline -0.038 0"><span class='ocrx_word' id='word_1_7' title='bbox 1715 181 1768 211; x_wconf 73' lang='lat'><strong>298</strong></span> 
     </span>
    </p>
   </div>
   <div class='ocr_carea' id='block_1_4' title="bbox 127 233 918 276">
    <p class='ocr_par' dir='ltr' id='par_1_4' title="bbox 127 233 918 273">
     <span class='ocr_line' id='line_1_4' title="bbox 127 233 918 273; baseline 0.001 -10"><span class='ocrx_word' id='word_1_8' title='bbox 127 236 174 264; x_wconf 83' lang='grc' dir='ltr'>τοῦ</span> <span class='ocrx_word' id='word_1_9' title='bbox 197 237 340 271; x_wconf 79' lang='grc' dir='ltr'>γεγονόσιν</span> <span class='ocrx_word' id='word_1_10' title='bbox 365 235 549 269; x_wconf 77' lang='grc' dir='ltr'>ἀνάπτοντες,</span> <span class='ocrx_word' id='word_1_11' title='bbox 572 233 627 264; x_wconf 71' lang='grc' dir='ltr'>οἷον</span> <span class='ocrx_word' id='word_1_12' title='bbox 644 237 730 273; x_wconf 84' lang='grc' dir='ltr'>Μωσῇ</span> <span class='ocrx_word' id='word_1_13' title='bbox 755 237 803 264; x_wconf 72' lang='grc' dir='ltr'>καὶ</span> <span class='ocrx_word' id='word_1_14' title='bbox 822 238 918 273; x_wconf 77' lang='grc' dir='ltr'>προφή-</span> 
     </span>
    </p>
   </div>
   <div class='ocr_carea' id='block_1_5' title="bbox 971 233 1766 276">
    <p class='ocr_par' dir='ltr' id='par_1_5' title="bbox 977 237 1766 273">
     <span class='ocr_line' id='line_1_5' title="bbox 977 237 1766 273; baseline 0.011 -9"><span class='ocrx_word' id='word_1_15' title='bbox 977 237 1054 265; x_wconf 85' lang='lat' dir='ltr'><strong>ﬁcari</strong></span> <span class='ocrx_word' id='word_1_16' title='bbox 1069 238 1298 266; x_wconf 74' lang='lat' dir='ltr'><strong>existimabimus.</strong></span> <span class='ocrx_word' id='word_1_17' title='bbox 1315 238 1458 266; x_wconf 87' lang='lat' dir='ltr'><strong>Describet</strong></span> <span class='ocrx_word' id='word_1_18' title='bbox 1472 239 1545 267; x_wconf 87' lang='lat' dir='ltr'><strong>enim</strong></span> <span class='ocrx_word' id='word_1_19' title='bbox 1560 241 1641 270; x_wconf 88' lang='lat' dir='ltr'><strong>nobis</strong></span> <span class='ocrx_word' id='word_1_20' title='bbox 1652 243 1766 273; x_wconf 76' lang='lat' dir='ltr'><strong>fortasse</strong></span> 
     </span>
    </p>
   </div>
   <div class='ocr_carea' id='block_1_6' title="bbox 126 281 923 319">
    <p class='ocr_par' dir='ltr' id='par_1_6' title="bbox 126 281 923 319">
     <span class='ocr_line' id='line_1_6' title="bbox 126 281 923 319; baseline -0.001 -9"><span class='ocrx_word' id='word_1_21' title='bbox 126 291 207 315; x_wconf 79' lang='grc' dir='ltr'>ταις”</span> <span class='ocrx_word' id='word_1_22' title='bbox 220 281 448 315; x_wconf 74' lang='grc' dir='ltr'>ὲκῧασανίζοντες</span> <span class='ocrx_word' id='word_1_23' title='bbox 460 282 489 309; x_wconf 79' lang='grc' dir='ltr'>δὲ</span> <span class='ocrx_word' id='word_1_24' title='bbox 503 282 556 309; x_wconf 85' lang='grc' dir='ltr'><strong>τῶν</strong></span> <span class='ocrx_word' id='word_1_25' title='bbox 571 283 774 319; x_wconf 66' lang='grc' dir='ltr'>γεγραμμένων</span> <span class='ocrx_word' id='word_1_26' title='bbox 787 283 836 319; x_wconf 80' lang='grc' dir='ltr'>τὴν</span> <span class='ocrx_word' id='word_1_27' title='bbox 843 282 923 310; x_wconf 83' lang='grc' dir='ltr'>δύναο</span> 
     </span>
    </p>
   </div>
   <div class='ocr_carea' id='block_1_7' title="bbox 128 328 924 366">
    <p class='ocr_par' dir='ltr' id='par_1_7' title="bbox 128 328 924 366">
     <span class='ocr_line' id='line_1_7' title="bbox 128 328 924 366; baseline 0.001 -11"><span class='ocrx_word' id='word_1_28' title='bbox 128 338 184 365; x_wconf 82' lang='grc' dir='ltr'>μιν,</span> <span class='ocrx_word' id='word_1_29' title='bbox 201 328 351 365; x_wconf 72' lang='grc' dir='ltr'>οἰησόμεθα</span> <span class='ocrx_word' id='word_1_30' title='bbox 363 337 389 355; x_wconf 82' lang='grc' dir='ltr'><strong>τι</strong></span> <span class='ocrx_word' id='word_1_31' title='bbox 408 330 454 356; x_wconf 70' lang='grc' dir='ltr'>καὶ</span> <span class='ocrx_word' id='word_1_32' title='bbox 466 329 560 365; x_wconf 76' lang='grc' dir='ltr'>ἕτερον</span> <span class='ocrx_word' id='word_1_33' title='bbox 571 329 615 356; x_wconf 80' lang='grc' dir='ltr'><strong>διὰ</strong></span> <span class='ocrx_word' id='word_1_34' title='bbox 638 329 734 356; x_wconf 81' lang='grc' dir='ltr'>τούτου</span> <span class='ocrx_word' id='word_1_35' title='bbox 748 330 924 366; x_wconf 80' lang='grc' dir='ltr'>κατασημαί-</span> 
     </span>
    </p>
   </div>
   <div class='ocr_carea' id='block_1_8' title="bbox 125 375 922 412">
    <p class='ocr_par' dir='ltr' id='par_1_8' title="bbox 125 375 922 412">
     <span class='ocr_line' id='line_1_8' title="bbox 125 375 922 412; baseline 0 -10"><span class='ocrx_word' id='word_1_36' title='bbox 125 375 231 403; x_wconf 84' lang='grc' dir='ltr'>νεσθαι.</span> <span class='ocrx_word' id='word_1_37' title='bbox 251 375 433 410; x_wconf 76' lang='grc' dir='ltr'>Καταγράψει</span> <span class='ocrx_word' id='word_1_38' title='bbox 458 375 512 411; x_wconf 85' lang='grc' dir='ltr'>γάρ</span> <span class='ocrx_word' id='word_1_39' title='bbox 532 384 590 408; x_wconf 85' lang='grc' dir='ltr'><strong>πως</strong></span> <span class='ocrx_word' id='word_1_40' title='bbox 617 376 683 412; x_wconf 83' lang='grc' dir='ltr'>ἡμῖν</span> <span class='ocrx_word' id='word_1_41' title='bbox 704 375 752 402; x_wconf 77' lang='grc' dir='ltr'>καὶ</span> <span class='ocrx_word' id='word_1_42' title='bbox 773 376 839 402; x_wconf 81' lang='grc' dir='ltr'>αὐτὸ</span> <span class='ocrx_word' id='word_1_43' title='bbox 853 376 922 411; x_wconf 80' lang='grc' dir='ltr'>τάχα</span> 
     </span>
    </p>
   </div>
   <div class='ocr_carea' id='block_1_9' title="bbox 125 422 921 459">
    <p class='ocr_par' dir='ltr' id='par_1_9' title="bbox 125 422 921 459">
     <span class='ocr_line' id='line_1_9' title="bbox 125 422 921 459; baseline -0.001 -9"><span class='ocrx_word' id='word_1_44' title='bbox 125 432 177 451; x_wconf 77' lang='grc' dir='ltr'><strong>που</strong></span> <span class='ocrx_word' id='word_1_45' title='bbox 194 424 245 459; x_wconf 78' lang='grc' dir='ltr'>τῆς</span> <span class='ocrx_word' id='word_1_46' title='bbox 264 423 334 458; x_wconf 81' lang='grc' dir='ltr'>μετὰ</span> <span class='ocrx_word' id='word_1_47' title='bbox 348 423 449 459; x_wconf 78' lang='grc' dir='ltr'>σαρκὸς</span> <span class='ocrx_word' id='word_1_48' title='bbox 462 423 618 458; x_wconf 80' lang='grc' dir='ltr'><strong>οἰκονομίας</strong></span> <span class='ocrx_word' id='word_1_49' title='bbox 632 423 663 449; x_wconf 81' lang='grc' dir='ltr'>τὸ</span> <span class='ocrx_word' id='word_1_50' title='bbox 676 422 743 458; x_wconf 82' lang='grc' dir='ltr'>βαθὺ</span> <span class='ocrx_word' id='word_1_51' title='bbox 762 423 921 459; x_wconf 85' lang='grc' dir='ltr'>μυστήριον,</span> 
     </span>
    </p>
   </div>
   <div class='ocr_carea' id='block_1_10' title="bbox 977 283 1767 320">
    <p class='ocr_par' dir='ltr' id='par_1_10' title="bbox 977 283 1767 320">
     <span class='ocr_line' id='line_1_10' title="bbox 977 283 1767 320; baseline 0.01 -10"><span class='ocrx_word' id='word_1_52' title='bbox 977 283 1174 312; x_wconf 72' lang='lat' dir='ltr'><strong>incarnationis</strong></span> <span class='ocrx_word' id='word_1_53' title='bbox 1190 284 1275 312; x_wconf 87' lang='lat' dir='ltr'><strong>altum</strong></span> <span class='ocrx_word' id='word_1_54' title='bbox 1293 285 1454 320; x_wconf 73' lang='lat' dir='ltr'><strong>mysterium</strong></span> <span class='ocrx_word' id='word_1_55' title='bbox 1468 287 1549 315; x_wconf 88' lang='lat' dir='ltr'><strong>etiam</strong></span> <span class='ocrx_word' id='word_1_56' title='bbox 1566 296 1699 317; x_wconf 87' lang='lat' dir='ltr'><strong>annorum</strong></span> <span class='ocrx_word' id='word_1_57' title='bbox 1715 299 1767 319; x_wconf 86' lang='lat' dir='ltr'><strong>nu-</strong></span> 
     </span>
    </p>
   </div>
   <div class='ocr_carea' id='block_1_11' title="bbox 977 330 1766 371">
    <p class='ocr_par' dir='ltr' id='par_1_11' title="bbox 977 330 1766 371">
     <span class='ocr_line' id='line_1_11' title="bbox 977 330 1766 371; baseline 0.01 -14"><span class='ocrx_word' id='word_1_58' title='bbox 977 337 1078 358; x_wconf 87' lang='lat' dir='ltr'><strong>merus.</strong></span> <span class='ocrx_word' id='word_1_59' title='bbox 1102 330 1131 358; x_wconf 88' lang='lat' dir='ltr'><strong>Id</strong></span> <span class='ocrx_word' id='word_1_60' title='bbox 1156 330 1237 358; x_wconf 92' lang='lat' dir='ltr'><strong>modo</strong></span> <span class='ocrx_word' id='word_1_61' title='bbox 1259 331 1352 366; x_wconf 87' lang='lat' dir='ltr'><strong>aliquo</strong></span> <span class='ocrx_word' id='word_1_62' title='bbox 1378 332 1489 366; x_wconf 84' lang='lat' dir='ltr'><strong>planum</strong></span> <span class='ocrx_word' id='word_1_63' title='bbox 1511 333 1610 368; x_wconf 80' lang='lat' dir='ltr'><strong>facere,</strong></span> <span class='ocrx_word' id='word_1_64' title='bbox 1633 341 1766 371; x_wconf 77' lang='lat' dir='ltr'><strong>quantum</strong></span> 
     </span>
    </p>
   </div>
   <div class='ocr_carea' id='block_1_12' title="bbox 975 376 1766 417">
    <p class='ocr_par' dir='ltr' id='par_1_12' title="bbox 975 376 1766 417">
     <span class='ocr_line' id='line_1_12' title="bbox 975 376 1766 417; baseline 0.01 -14"><span class='ocrx_word' id='word_1_65' title='bbox 975 376 1050 409; x_wconf 86' lang='lat' dir='ltr'><strong>licet,</strong></span> <span class='ocrx_word' id='word_1_66' title='bbox 1071 376 1243 410; x_wconf 85' lang='lat' dir='ltr'><strong>conabimur,</strong></span> <span class='ocrx_word' id='word_1_67' title='bbox 1263 381 1293 404; x_wconf 91' lang='lat' dir='ltr'><strong>ut</strong></span> <span class='ocrx_word' id='word_1_68' title='bbox 1309 377 1392 405; x_wconf 89' lang='lat' dir='ltr'><strong>etiam</strong></span> <span class='ocrx_word' id='word_1_69' title='bbox 1412 379 1440 406; x_wconf 87' lang='lat' dir='ltr'><strong>in</strong></span> <span class='ocrx_word' id='word_1_70' title='bbox 1463 380 1525 408; x_wconf 89' lang='lat' dir='ltr'><strong>aliis</strong></span> <span class='ocrx_word' id='word_1_71' title='bbox 1544 380 1665 410; x_wconf 85' lang='lat' dir='ltr'><strong>diximus</strong></span> <span class='ocrx_word' id='word_1_72' title='bbox 1686 383 1766 417; x_wconf 88' lang='lat' dir='ltr'><strong>locis,</strong></span> 
     </span>
    </p>
   </div>
   <div class='ocr_carea' id='block_1_13' title="bbox 975 424 1312 459">
    <p class='ocr_par' dir='ltr' id='par_1_13' title="bbox 975 424 1312 459">
     <span class='ocr_line' id='line_1_13' title="bbox 975 424 1312 459; baseline 0 -8"><span class='ocrx_word' id='word_1_73' title='bbox 975 431 1109 459; x_wconf 86' lang='lat' dir='ltr'><strong>quantum</strong></span> <span class='ocrx_word' id='word_1_74' title='bbox 1127 424 1312 452; x_wconf 88' lang='lat' dir='ltr'><strong>commemini.</strong></span> 
     </span>
    </p>
   </div>
   <div class='ocr_carea' id='block_1_14' title="bbox 126 470 1767 514">
    <p class='ocr_par' dir='ltr' id='par_1_14' title="bbox 126 470 1767 514">
     <span class='ocr_line' id='line_1_14' title="bbox 126 470 1767 514; baseline 0.004 -17"><span class='ocrx_word' id='word_1_75' title='bbox 126 472 172 497; x_wconf 72' lang='grc' dir='ltr'>καὶ</span> <span class='ocrx_word' id='word_1_76' title='bbox 190 471 204 498; x_wconf 84' lang='grc' dir='ltr'><strong>ό</strong></span> <span class='ocrx_word' id='word_1_77' title='bbox 218 470 273 498; x_wconf 81' lang='grc' dir='ltr'><strong>τῶν</strong></span> <span class='ocrx_word' id='word_1_78' title='bbox 288 470 354 498; x_wconf 75' lang='grc' dir='ltr'>ἐτῶν</span> <span class='ocrx_word' id='word_1_79' title='bbox 371 470 497 506; x_wconf 84' lang='grc' dir='ltr'>ἀριθμός.</span> <span class='ocrx_word' id='word_1_80' title='bbox 517 471 572 497; x_wconf 71' lang='grc' dir='ltr'><strong>Καὶ</strong></span> <span class='ocrx_word' id='word_1_81' title='bbox 585 470 647 498; x_wconf 81' lang='grc' dir='ltr'>τινα</span> <span class='ocrx_word' id='word_1_82' title='bbox 673 470 705 506; x_wconf 86' lang='grc' dir='ltr'>δὴ</span> <span class='ocrx_word' id='word_1_83' title='bbox 720 471 831 508; x_wconf 81' lang='grc' dir='ltr'><strong>τρόπον,</strong></span> <span class='ocrx_word' id='word_1_84' title='bbox 853 471 1014 508; x_wconf 83' lang='grc' dir='ltr'>διατρανοῠν</span> <span class='ocrx_word' id='word_1_85' title='bbox 1035 471 1073 504; x_wconf 86' lang='grc' dir='ltr'>ὡς</span> <span class='ocrx_word' id='word_1_86' title='bbox 1096 473 1135 499; x_wconf 74' lang='grc' dir='ltr'>ἔνι</span> <span class='ocrx_word' id='word_1_87' title='bbox 1156 473 1339 508; x_wconf 76' lang='grc' dir='ltr'>πειράσομαι”</span> <span class='ocrx_word' id='word_1_88' title='bbox 1367 474 1405 506; x_wconf 84' lang='grc' dir='ltr'>ὡς</span> <span class='ocrx_word' id='word_1_89' title='bbox 1429 475 1483 512; x_wconf 81' lang='grc' dir='ltr'><strong>γὰρ</strong></span> <span class='ocrx_word' id='word_1_90' title='bbox 1517 476 1586 512; x_wconf 72' lang='grc' dir='ltr'>ἔφην</span> <span class='ocrx_word' id='word_1_91' title='bbox 1604 478 1654 514; x_wconf 74' lang='grc' dir='ltr'>ήδη</span> <span class='ocrx_word' id='word_1_92' title='bbox 1675 480 1722 506; x_wconf 78' lang='grc' dir='ltr'>καὶ</span> <span class='ocrx_word' id='word_1_93' title='bbox 1738 479 1767 505; x_wconf 82' lang='grc' dir='ltr'>ὲν</span> 
     </span>
    </p>
   </div>
   <div class='ocr_carea' id='block_1_15' title="bbox 125 516 511 553">
    <p class='ocr_par' dir='ltr' id='par_1_15' title="bbox 125 516 511 553">
     <span class='ocr_line' id='line_1_15' title="bbox 125 516 511 553; baseline 0 -10"><span class='ocrx_word' id='word_1_94' title='bbox 125 517 239 552; x_wconf 83' lang='grc' dir='ltr'>ἑτέροις·</span> <span class='ocrx_word' id='word_1_95' title='bbox 258 517 434 553; x_wconf 80' lang='grc' dir='ltr'><strong>μεμνήσομαι</strong></span> <span class='ocrx_word' id='word_1_96' title='bbox 446 516 511 552; x_wconf 86' lang='grc' dir='ltr'>γάρ.</span> 
     </span>
    </p>
   </div>
   <div class='ocr_carea' id='block_1_16' title="bbox 159 561 923 598">
    <p class='ocr_par' dir='ltr' id='par_1_16' title="bbox 159 561 923 598">
     <span class='ocr_line' id='line_1_16' title="bbox 159 561 923 598; baseline -0.003 -8"><span class='ocrx_word' id='word_1_97' title='bbox 159 563 190 590; x_wconf 85' lang='grc' dir='ltr'><strong>δ’.</strong></span> <span class='ocrx_word' id='word_1_98' title='bbox 215 562 298 595; x_wconf 85' lang='grc' dir='ltr'>Ἐθος</span> <span class='ocrx_word' id='word_1_99' title='bbox 313 563 346 598; x_wconf 84' lang='grc' dir='ltr'><strong>τῇ</strong></span> <span class='ocrx_word' id='word_1_100' title='bbox 362 561 421 598; x_wconf 77' lang='grc' dir='ltr'>θείᾳ</span> <span class='ocrx_word' id='word_1_101' title='bbox 440 561 548 597; x_wconf 81' lang='grc' dir='ltr'><strong>Γραφῇ,</strong></span> <span class='ocrx_word' id='word_1_102' title='bbox 572 561 636 593; x_wconf 81' lang='grc' dir='ltr'>τοὺς</span> <span class='ocrx_word' id='word_1_103' title='bbox 650 561 746 589; x_wconf 78' lang='grc' dir='ltr'>ἀνόπιν</span> <span class='ocrx_word' id='word_1_104' title='bbox 768 561 856 593; x_wconf 83' lang='grc' dir='ltr'><strong>ἰόντας</strong></span> <span class='ocrx_word' id='word_1_105' title='bbox 869 561 923 589; x_wconf 82' lang='grc' dir='ltr'><strong>τῶν</strong></span> 
     </span>
    </p>
   </div>
   <div class='ocr_carea' id='block_1_17' title="bbox 125 605 921 643">
    <p class='ocr_par' dir='ltr' id='par_1_17' title="bbox 125 605 921 643">
     <span class='ocr_line' id='line_1_17' title="bbox 125 605 921 643; baseline -0.003 -9"><span class='ocrx_word' id='word_1_106' title='bbox 125 607 261 643; x_wconf 76' lang='grc' dir='ltr'><strong>ἀριθμῶν,</strong></span> <span class='ocrx_word' id='word_1_107' title='bbox 286 606 356 642; x_wconf 82' lang='grc' dir='ltr'><strong>μετὰ</strong></span> <span class='ocrx_word' id='word_1_108' title='bbox 376 606 426 640; x_wconf 82' lang='grc' dir='ltr'><strong>τὴν</strong></span> <span class='ocrx_word' id='word_1_109' title='bbox 441 606 533 638; x_wconf 85' lang='grc' dir='ltr'>αὐτοῖς</span> <span class='ocrx_word' id='word_1_110' title='bbox 550 605 721 641; x_wconf 79' lang='grc' dir='ltr'><strong>τεταγμένην</strong></span> <span class='ocrx_word' id='word_1_111' title='bbox 738 605 921 641; x_wconf 74' lang='grc' dir='ltr'>ἐκπλήρωσιν,</span> 
     </span>
    </p>
   </div>
   <div class='ocr_carea' id='block_1_18' title="bbox 123 649 922 688">
    <p class='ocr_par' dir='ltr' id='par_1_18' title="bbox 123 649 922 688">
     <span class='ocr_line' id='line_1_18' title="bbox 123 649 922 688; baseline -0.003 -8"><span class='ocrx_word' id='word_1_112' title='bbox 123 654 295 688; x_wconf 77' lang='grc' dir='ltr'><strong>τελειότητος</strong></span> <span class='ocrx_word' id='word_1_113' title='bbox 326 651 463 679; x_wconf 81' lang='grc' dir='ltr'>ποιεῖσθαι</span> <span class='ocrx_word' id='word_1_114' title='bbox 482 652 621 688; x_wconf 45' lang='grc' dir='ltr'>σύμϐολαη</span> <span class='ocrx_word' id='word_1_115' title='bbox 643 649 707 678; x_wconf 76' lang='grc' dir='ltr'>Οἷόν</span> <span class='ocrx_word' id='word_1_116' title='bbox 722 651 748 678; x_wconf 87' lang='grc' dir='ltr'><strong>τί</strong></span> <span class='ocrx_word' id='word_1_117' title='bbox 768 660 856 687; x_wconf 81' lang='grc' dir='ltr'><strong>φημι⁹</strong></span> <span class='ocrx_word' id='word_1_118' title='bbox 870 651 922 678; x_wconf 87' lang='grc' dir='ltr'><strong>Τὸν</strong></span> 
     </span>
    </p>
   </div>
   <div class='ocr_carea' id='block_1_19' title="bbox 124 697 921 735">
    <p class='ocr_par' dir='ltr' id='par_1_19' title="bbox 124 697 921 735">
     <span class='ocr_line' id='line_1_19' title="bbox 124 697 921 735; baseline -0.003 -9"><span class='ocrx_word' id='word_1_119' title='bbox 124 699 191 726; x_wconf 82' lang='grc' dir='ltr'>δέκα</span> <span class='ocrx_word' id='word_1_120' title='bbox 207 700 287 735; x_wconf 75' lang='grc' dir='ltr'>εἴπερ</span> <span class='ocrx_word' id='word_1_121' title='bbox 305 707 348 730; x_wconf 87' lang='grc' dir='ltr'><strong>τις</strong></span> <span class='ocrx_word' id='word_1_122' title='bbox 363 699 585 734; x_wconf 81' lang='grc' dir='ltr'>ἅναμετρήσαιτο</span> <span class='ocrx_word' id='word_1_123' title='bbox 595 698 643 725; x_wconf 76' lang='grc' dir='ltr'>καὶ</span> <span class='ocrx_word' id='word_1_124' title='bbox 656 697 834 734; x_wconf 81' lang='grc' dir='ltr'>ὺπερτρέχειν</span> <span class='ocrx_word' id='word_1_125' title='bbox 851 697 921 724; x_wconf 71' lang='grc' dir='ltr'>ἕλοι-</span> 
     </span>
    </p>
   </div>
   <div class='ocr_carea' id='block_1_20' title="bbox 123 744 921 781">
    <p class='ocr_par' dir='ltr' id='par_1_20' title="bbox 123 744 921 781">
     <span class='ocr_line' id='line_1_20' title="bbox 123 744 921 781; baseline -0.004 -7"><span class='ocrx_word' id='word_1_126' title='bbox 123 755 165 779; x_wconf 83' lang='grc' dir='ltr'>το,</span> <span class='ocrx_word' id='word_1_127' title='bbox 185 746 267 773; x_wconf 78' lang='grc' dir='ltr'>πάλιν</span> <span class='ocrx_word' id='word_1_128' title='bbox 286 746 318 771; x_wconf 86' lang='grc' dir='ltr'>ὲκ</span> <span class='ocrx_word' id='word_1_129' title='bbox 342 746 452 780; x_wconf 78' lang='grc' dir='ltr'>μονάδος</span> <span class='ocrx_word' id='word_1_130' title='bbox 479 744 602 781; x_wconf 77' lang='grc' dir='ltr'><strong>ἄρξεται,</strong></span> <span class='ocrx_word' id='word_1_131' title='bbox 622 745 747 781; x_wconf 82' lang='grc' dir='ltr'>καθάπερ</span> <span class='ocrx_word' id='word_1_132' title='bbox 775 745 815 777; x_wconf 75' lang='grc' dir='ltr'>εὶς</span> <span class='ocrx_word' id='word_1_133' title='bbox 845 745 921 777; x_wconf 84' lang='grc' dir='ltr'>τέλος</span> 
     </span>
    </p>
   </div>
   <div class='ocr_carea' id='block_1_21' title="bbox 124 791 922 829">
    <p class='ocr_par' dir='ltr' id='par_1_21' title="bbox 124 791 922 829">
     <span class='ocr_line' id='line_1_21' title="bbox 124 791 922 829; baseline -0.001 -9"><span class='ocrx_word' id='word_1_134' title='bbox 124 793 263 829; x_wconf 79' lang='grc' dir='ltr'>καταίρων</span> <span class='ocrx_word' id='word_1_135' title='bbox 275 792 367 819; x_wconf 84' lang='grc' dir='ltr'>αὐτόν.</span> <span class='ocrx_word' id='word_1_136' title='bbox 384 792 500 827; x_wconf 84' lang='grc' dir='ltr'><strong>Ὁμοίως</strong></span> <span class='ocrx_word' id='word_1_137' title='bbox 519 792 566 818; x_wconf 75' lang='grc' dir='ltr'><strong>ἐπὶ</strong></span> <span class='ocrx_word' id='word_1_138' title='bbox 580 791 629 826; x_wconf 81' lang='grc' dir='ltr'>τῆς</span> <span class='ocrx_word' id='word_1_139' title='bbox 646 791 808 827; x_wconf 44' lang='grc' dir='ltr'>ἑϐδομάδος,</span> <span class='ocrx_word' id='word_1_140' title='bbox 826 791 922 827; x_wconf 80' lang='grc' dir='ltr'><strong>Ἀρξά-</strong></span> 
     </span>
    </p>
   </div>
   <div class='ocr_carea' id='block_1_22' title="bbox 126 835 921 874">
    <p class='ocr_par' dir='ltr' id='par_1_22' title="bbox 126 835 921 874">
     <span class='ocr_line' id='line_1_22' title="bbox 126 835 921 874; baseline -0.004 -9"><span class='ocrx_word' id='word_1_141' title='bbox 126 847 205 874; x_wconf 79' lang='grc' dir='ltr'>μενος</span> <span class='ocrx_word' id='word_1_142' title='bbox 236 837 291 874; x_wconf 85' lang='grc' dir='ltr'><strong>γὰρ</strong></span> <span class='ocrx_word' id='word_1_143' title='bbox 309 838 342 864; x_wconf 80' lang='grc' dir='ltr'>ἐκ</span> <span class='ocrx_word' id='word_1_144' title='bbox 364 837 494 873; x_wconf 82' lang='grc' dir='ltr'>πρώτης,</span> <span class='ocrx_word' id='word_1_145' title='bbox 514 836 601 864; x_wconf 81' lang='grc' dir='ltr'>ἄνεισι</span> <span class='ocrx_word' id='word_1_146' title='bbox 624 836 674 871; x_wconf 82' lang='grc' dir='ltr'>μὲν</span> <span class='ocrx_word' id='word_1_147' title='bbox 698 835 796 871; x_wconf 77' lang='grc' dir='ltr'>ἑφεξῆς</span> <span class='ocrx_word' id='word_1_148' title='bbox 811 836 857 863; x_wconf 73' lang='grc' dir='ltr'><strong>ἐπὶ</strong></span> <span class='ocrx_word' id='word_1_149' title='bbox 872 837 921 871; x_wconf 79' lang='grc' dir='ltr'>τὴν</span> 
     </span>
    </p>
   </div>
   <div class='ocr_carea' id='block_1_23' title="bbox 124 876 958 923">
    <p class='ocr_par' dir='ltr' id='par_1_23' title="bbox 124 876 958 923">
     <span class='ocr_line' id='line_1_23' title="bbox 124 876 958 923; baseline -0.004 -9"><span class='ocrx_word' id='word_1_150' title='bbox 124 887 243 923; x_wconf 55' lang='lat' dir='ltr'><strong>gmw;</strong></span> <span class='ocrx_word' id='word_1_151' title='bbox 255 895 262 901; x_wconf 91' lang='grc'><strong>·</strong></span> <span class='ocrx_word' id='word_1_152' title='bbox 291 885 349 913; x_wconf 74' lang='grc' dir='ltr'>εἶτα</span> <span class='ocrx_word' id='word_1_153' title='bbox 371 885 556 917; x_wconf 69' lang='grc' dir='ltr'><strong>κατακλείσας</strong></span> <span class='ocrx_word' id='word_1_154' title='bbox 578 886 618 916; x_wconf 73' lang='lat' dir='ltr'><strong>ei;</strong></span> <span class='ocrx_word' id='word_1_155' title='bbox 633 885 709 917; x_wconf 85' lang='grc' dir='ltr'>τέλος</span> <span class='ocrx_word' id='word_1_156' title='bbox 724 885 770 911; x_wconf 81' lang='grc' dir='ltr'>τὸν</span> <span class='ocrx_word' id='word_1_157' title='bbox 785 884 838 911; x_wconf 83' lang='grc' dir='ltr'><strong>τῶν</strong></span> <span class='ocrx_word' id='word_1_158' title='bbox 853 885 920 920; x_wconf 88' lang='grc' dir='ltr'>ἡμε-</span> <span class='ocrx_word' id='word_1_159' title='bbox 936 876 958 903; x_wconf 79' lang='grc' dir='ltr'>Β</span> 
     </span>
    </p>
   </div>
   <div class='ocr_carea' id='block_1_24' title="bbox 124 930 922 969">
    <p class='ocr_par' dir='ltr' id='par_1_24' title="bbox 124 930 922 969">
     <span class='ocr_line' id='line_1_24' title="bbox 124 930 922 969; baseline -0.004 -9"><span class='ocrx_word' id='word_1_160' title='bbox 124 933 181 969; x_wconf 83' lang='grc' dir='ltr'><strong>ρῶν</strong></span> <span class='ocrx_word' id='word_1_161' title='bbox 203 932 330 969; x_wconf 79' lang='grc' dir='ltr'>ἀριθμὸν,</span> <span class='ocrx_word' id='word_1_162' title='bbox 346 932 476 967; x_wconf 78' lang='grc' dir='ltr'><strong>ἐπανήξει</strong></span> <span class='ocrx_word' id='word_1_163' title='bbox 494 931 575 958; x_wconf 79' lang='grc' dir='ltr'>πάλιν</span> <span class='ocrx_word' id='word_1_164' title='bbox 595 931 641 958; x_wconf 77' lang='grc' dir='ltr'><strong>ἐπὶ</strong></span> <span class='ocrx_word' id='word_1_165' title='bbox 663 931 712 967; x_wconf 86' lang='grc' dir='ltr'>τὴν</span> <span class='ocrx_word' id='word_1_166' title='bbox 729 930 849 966; x_wconf 86' lang='grc' dir='ltr'>πρώτην.</span> <span class='ocrx_word' id='word_1_167' title='bbox 872 932 922 957; x_wconf 84' lang='grc' dir='ltr'>Τε-</span> 
     </span>
    </p>
   </div>
   <div class='ocr_carea' id='block_1_25' title="bbox 121 976 921 1014">
    <p class='ocr_par' dir='ltr' id='par_1_25' title="bbox 121 976 921 1014">
     <span class='ocr_line' id='line_1_25' title="bbox 121 976 921 1014; baseline -0.004 -8"><span class='ocrx_word' id='word_1_168' title='bbox 121 979 261 1014; x_wconf 80' lang='grc' dir='ltr'>λειότητος</span> <span class='ocrx_word' id='word_1_169' title='bbox 285 976 331 1005; x_wconf 83' lang='grc' dir='ltr'>οὖν</span> <span class='ocrx_word' id='word_1_170' title='bbox 353 979 408 1014; x_wconf 81' lang='grc' dir='ltr'><strong>ἄρα</strong></span> <span class='ocrx_word' id='word_1_171' title='bbox 433 978 562 1014; x_wconf 67' lang='grc' dir='ltr'>ταύτῃ-τοι</span> <span class='ocrx_word' id='word_1_172' title='bbox 589 978 708 1004; x_wconf 75' lang='grc' dir='ltr'>ποιεῖται</span> <span class='ocrx_word' id='word_1_173' title='bbox 736 978 837 1011; x_wconf 85' lang='grc' dir='ltr'>σημεῖα</span> <span class='ocrx_word' id='word_1_174' title='bbox 858 977 921 1008; x_wconf 80' lang='grc' dir='ltr'>τοὺς</span> 
     </span>
    </p>
   </div>
   <div class='ocr_carea' id='block_1_26' title="bbox 122 1023 920 1061">
    <p class='ocr_par' dir='ltr' id='par_1_26' title="bbox 122 1023 920 1061">
     <span class='ocr_line' id='line_1_26' title="bbox 122 1023 920 1061; baseline -0.004 -8"><span class='ocrx_word' id='word_1_175' title='bbox 122 1023 175 1053; x_wconf 83' lang='grc' dir='ltr'>ὦδε</span> <span class='ocrx_word' id='word_1_176' title='bbox 194 1026 305 1061; x_wconf 77' lang='grc' dir='ltr'>ἔχοντας</span> <span class='ocrx_word' id='word_1_177' title='bbox 328 1025 383 1051; x_wconf 83' lang='grc' dir='ltr'>τῶν</span> <span class='ocrx_word' id='word_1_178' title='bbox 407 1024 532 1060; x_wconf 76' lang='grc' dir='ltr'>ἀριθμῶν</span> <span class='ocrx_word' id='word_1_179' title='bbox 556 1024 571 1050; x_wconf 99' lang='lat'><strong>6</strong></span> <span class='ocrx_word' id='word_1_180' title='bbox 593 1024 665 1060; x_wconf 79' lang='grc' dir='ltr'>ἱερὸς</span> <span class='ocrx_word' id='word_1_181' title='bbox 681 1025 746 1060; x_wconf 80' lang='grc' dir='ltr'>ἡμῖν</span> <span class='ocrx_word' id='word_1_182' title='bbox 762 1025 850 1059; x_wconf 84' lang='grc' dir='ltr'>λόγος.</span> <span class='ocrx_word' id='word_1_183' title='bbox 866 1024 920 1050; x_wconf 72' lang='grc' dir='ltr'><strong>Καὶ</strong></span> 
     </span>
    </p>
   </div>
   <div class='ocr_carea' id='block_1_27' title="bbox 122 1070 920 1108">
    <p class='ocr_par' dir='ltr' id='par_1_27' title="bbox 122 1070 920 1108">
     <span class='ocr_line' id='line_1_27' title="bbox 122 1070 920 1108; baseline -0.003 -9"><span class='ocrx_word' id='word_1_184' title='bbox 122 1073 188 1108; x_wconf 81' lang='grc' dir='ltr'>γοῦν</span> <span class='ocrx_word' id='word_1_185' title='bbox 204 1074 237 1108; x_wconf 86' lang='grc' dir='ltr'><strong>τῇ</strong></span> <span class='ocrx_word' id='word_1_186' title='bbox 253 1072 306 1099; x_wconf 82' lang='grc' dir='ltr'><strong>τῶν</strong></span> <span class='ocrx_word' id='word_1_187' title='bbox 317 1071 457 1098; x_wconf 76' lang='grc' dir='ltr'><strong>ταλάντων</strong></span> <span class='ocrx_word' id='word_1_188' title='bbox 472 1071 600 1106; x_wconf 83' lang='grc' dir='ltr'><strong>διανομῇ,</strong></span> <span class='ocrx_word' id='word_1_189' title='bbox 616 1071 662 1097; x_wconf 78' lang='grc' dir='ltr'>τὸν</span> <span class='ocrx_word' id='word_1_190' title='bbox 673 1071 713 1103; x_wconf 80' lang='grc' dir='ltr'>εἰς</span> <span class='ocrx_word' id='word_1_191' title='bbox 728 1070 804 1106; x_wconf 81' lang='grc' dir='ltr'><strong>λῆξιν</strong></span> <span class='ocrx_word' id='word_1_192' title='bbox 817 1071 920 1106; x_wconf 76' lang='grc' dir='ltr'>ἥκοντα</span> 
     </span>
    </p>
   </div>
   <div class='ocr_carea' id='block_1_28' title="bbox 121 1117 920 1155">
    <p class='ocr_par' dir='ltr' id='par_1_28' title="bbox 121 1117 920 1155">
     <span class='ocr_line' id='line_1_28' title="bbox 121 1117 920 1155; baseline -0.004 -9"><span class='ocrx_word' id='word_1_193' title='bbox 121 1119 265 1155; x_wconf 79' lang='grc' dir='ltr'>φιλεργίας</span> <span class='ocrx_word' id='word_1_194' title='bbox 287 1118 337 1153; x_wconf 81' lang='grc' dir='ltr'>τῆς</span> <span class='ocrx_word' id='word_1_195' title='bbox 353 1119 423 1144; x_wconf 77' lang='grc' dir='ltr'>κατὰ</span> <span class='ocrx_word' id='word_1_196' title='bbox 435 1117 512 1149; x_wconf 80' lang='grc' dir='ltr'>Θεδν,</span> <span class='ocrx_word' id='word_1_197' title='bbox 531 1117 598 1144; x_wconf 80' lang='grc' dir='ltr'>δέκα</span> <span class='ocrx_word' id='word_1_198' title='bbox 614 1117 696 1152; x_wconf 67' lang='grc' dir='ltr'>φησιν</span> <span class='ocrx_word' id='word_1_199' title='bbox 712 1117 854 1152; x_wconf 83' lang='grc' dir='ltr'>εἰληφέναι</span> <span class='ocrx_word' id='word_1_200' title='bbox 871 1117 920 1143; x_wconf 86' lang='grc' dir='ltr'><strong>τά-</strong></span> 
     </span>
    </p>
   </div>
   <div class='ocr_carea' id='block_1_29' title="bbox 121 1163 917 1201">
    <p class='ocr_par' dir='ltr' id='par_1_29' title="bbox 121 1163 917 1201">
     <span class='ocr_line' id='line_1_29' title="bbox 121 1163 917 1201; baseline -0.004 -8"><span class='ocrx_word' id='word_1_201' title='bbox 121 1167 222 1196; x_wconf 80' lang='grc' dir='ltr'>λαντα,</span> <span class='ocrx_word' id='word_1_202' title='bbox 236 1165 282 1192; x_wconf 75' lang='grc' dir='ltr'>καὶ</span> <span class='ocrx_word' id='word_1_203' title='bbox 302 1166 355 1201; x_wconf 84' lang='grc' dir='ltr'><strong>μὴν</strong></span> <span class='ocrx_word' id='word_1_204' title='bbox 377 1165 424 1192; x_wconf 68' lang='grc' dir='ltr'><strong>καὶ</strong></span> <span class='ocrx_word' id='word_1_205' title='bbox 441 1165 536 1191; x_wconf 78' lang='grc' dir='ltr'>ἐπάνω</span> <span class='ocrx_word' id='word_1_206' title='bbox 549 1163 687 1191; x_wconf 81' lang='grc' dir='ltr'>τεθεῖσθαι</span> <span class='ocrx_word' id='word_1_207' title='bbox 706 1164 811 1191; x_wconf 82' lang='grc' dir='ltr'>πόλεων</span> <span class='ocrx_word' id='word_1_208' title='bbox 832 1163 898 1190; x_wconf 82' lang='grc' dir='ltr'>δέκα</span> <span class='ocrx_word' id='word_1_209' title='bbox 910 1171 917 1178; x_wconf 83' lang='grc'><strong>”</strong></span> 
     </span>
    </p>
   </div>
   <div class='ocr_carea' id='block_1_30' title="bbox 121 1211 920 1248">
    <p class='ocr_par' dir='ltr' id='par_1_30' title="bbox 121 1211 920 1248">
     <span class='ocr_line' id='line_1_30' title="bbox 121 1211 920 1248; baseline -0.003 -9"><span class='ocrx_word' id='word_1_210' title='bbox 121 1214 164 1240; x_wconf 81' lang='grc' dir='ltr'>ὅτι</span> <span class='ocrx_word' id='word_1_211' title='bbox 176 1211 230 1239; x_wconf 83' lang='grc' dir='ltr'><strong>τῶν</strong></span> <span class='ocrx_word' id='word_1_212' title='bbox 246 1212 450 1248; x_wconf 75' lang='grc' dir='ltr'><strong>εὐδοκιμήσεων</strong></span> <span class='ocrx_word' id='word_1_213' title='bbox 464 1211 614 1247; x_wconf 80' lang='grc' dir='ltr'><strong>τελειότητι</strong></span> <span class='ocrx_word' id='word_1_214' title='bbox 628 1211 717 1246; x_wconf 81' lang='grc' dir='ltr'><strong>πάντη</strong></span> <span class='ocrx_word' id='word_1_215' title='bbox 733 1220 763 1238; x_wconf 87' lang='grc' dir='ltr'><strong>τε</strong></span> <span class='ocrx_word' id='word_1_216' title='bbox 783 1211 830 1237; x_wconf 70' lang='grc' dir='ltr'>καὶ</span> <span class='ocrx_word' id='word_1_217' title='bbox 852 1212 920 1238; x_wconf 81' lang='grc' dir='ltr'>πάν-</span> 
     </span>
    </p>
   </div>
   <div class='ocr_carea' id='block_1_31' title="bbox 121 1257 920 1294">
    <p class='ocr_par' dir='ltr' id='par_1_31' title="bbox 121 1257 920 1294">
     <span class='ocr_line' id='line_1_31' title="bbox 121 1257 920 1294; baseline -0.003 -9"><span class='ocrx_word' id='word_1_218' title='bbox 121 1268 175 1291; x_wconf 84' lang='grc' dir='ltr'><strong>τως</strong></span> <span class='ocrx_word' id='word_1_219' title='bbox 192 1258 362 1294; x_wconf 77' lang='grc' dir='ltr'>ἰσομοιρήσει</span> <span class='ocrx_word' id='word_1_220' title='bbox 383 1257 418 1284; x_wconf 78' lang='grc' dir='ltr'>τὰ</span> <span class='ocrx_word' id='word_1_221' title='bbox 435 1257 515 1293; x_wconf 82' lang='grc' dir='ltr'>γέρα,</span> <span class='ocrx_word' id='word_1_222' title='bbox 538 1257 582 1284; x_wconf 80' lang='grc' dir='ltr'>διὰ</span> <span class='ocrx_word' id='word_1_223' title='bbox 596 1257 692 1284; x_wconf 84' lang='grc' dir='ltr'>τούτου</span> <span class='ocrx_word' id='word_1_224' title='bbox 710 1257 888 1290; x_wconf 84' lang='grc' dir='ltr'>καταδεικνὺς</span> <span class='ocrx_word' id='word_1_225' title='bbox 906 1260 920 1284; x_wconf 81' lang='grc' dir='ltr'><strong>ό</strong></span> 
     </span>
    </p>
   </div>
   <div class='ocr_carea' id='block_1_32' title="bbox 120 1302 918 1339">
    <p class='ocr_par' dir='ltr' id='par_1_32' title="bbox 120 1302 918 1339">
     <span class='ocr_line' id='line_1_32' title="bbox 120 1302 918 1339; baseline 0 -8"><span class='ocrx_word' id='word_1_226' title='bbox 120 1304 226 1332; x_wconf 80' lang='grc' dir='ltr'>τούτων</span> <span class='ocrx_word' id='word_1_227' title='bbox 241 1304 395 1339; x_wconf 82' lang='grc' dir='ltr'>διανομεὺς,</span> <span class='ocrx_word' id='word_1_228' title='bbox 412 1302 536 1330; x_wconf 78' lang='grc' dir='ltr'><strong>τουτέστι</strong></span> <span class='ocrx_word' id='word_1_229' title='bbox 554 1303 672 1339; x_wconf 84' lang='grc' dir='ltr'>Χριστός</span> <span class='ocrx_word' id='word_1_230' title='bbox 684 1311 690 1318; x_wconf 89' lang='grc'>·</span> <span class='ocrx_word' id='word_1_231' title='bbox 706 1304 821 1339; x_wconf 80' lang='grc' dir='ltr'>Στεῖραν</span> <span class='ocrx_word' id='word_1_232' title='bbox 836 1303 865 1330; x_wconf 83' lang='grc' dir='ltr'><strong>δέ</strong></span> <span class='ocrx_word' id='word_1_233' title='bbox 887 1312 918 1338; x_wconf 90' lang='grc' dir='ltr'><strong>γε</strong></span> 
     </span>
    </p>
   </div>
   <div class='ocr_carea' id='block_1_33' title="bbox 120 1348 919 1385">
    <p class='ocr_par' dir='ltr' id='par_1_33' title="bbox 120 1348 919 1385">
     <span class='ocr_line' id='line_1_33' title="bbox 120 1348 919 1385; baseline -0.003 -8"><span class='ocrx_word' id='word_1_234' title='bbox 120 1351 212 1377; x_wconf 78' lang='grc' dir='ltr'>τεκεῖν</span> <span class='ocrx_word' id='word_1_235' title='bbox 231 1350 311 1382; x_wconf 75' lang='grc' dir='ltr'>ἑπτὰ,</span> <span class='ocrx_word' id='word_1_236' title='bbox 327 1350 381 1376; x_wconf 85' lang='grc' dir='ltr'>τῶν</span> <span class='ocrx_word' id='word_1_237' title='bbox 397 1350 483 1384; x_wconf 82' lang='grc' dir='ltr'>ἁγίων</span> <span class='ocrx_word' id='word_1_238' title='bbox 494 1358 536 1382; x_wconf 88' lang='grc' dir='ltr'><strong>τις</strong></span> <span class='ocrx_word' id='word_1_239' title='bbox 554 1350 618 1385; x_wconf 72' lang='grc' dir='ltr'>ἔφη,</span> <span class='ocrx_word' id='word_1_240' title='bbox 634 1348 665 1375; x_wconf 83' lang='grc' dir='ltr'>τὸ</span> <span class='ocrx_word' id='word_1_241' title='bbox 680 1349 757 1376; x_wconf 79' lang='grc' dir='ltr'>ἑπτά</span> <span class='ocrx_word' id='word_1_242' title='bbox 772 1358 823 1375; x_wconf 85' lang='grc' dir='ltr'><strong>που</strong></span> <span class='ocrx_word' id='word_1_243' title='bbox 836 1349 919 1382; x_wconf 73' lang='grc' dir='ltr'>τιθεὶς</span> 
     </span>
    </p>
   </div>
   <div class='ocr_carea' id='block_1_34' title="bbox 121 1396 919 1434">
    <p class='ocr_par' dir='ltr' id='par_1_34' title="bbox 121 1396 919 1434">
     <span class='ocr_line' id='line_1_34' title="bbox 121 1396 919 1434; baseline 0.001 -11"><span class='ocrx_word' id='word_1_244' title='bbox 121 1396 184 1423; x_wconf 73' lang='grc' dir='ltr'>ἀντὶ</span> <span class='ocrx_word' id='word_1_245' title='bbox 202 1396 249 1422; x_wconf 79' lang='grc' dir='ltr'>τοῦ</span> <span class='ocrx_word' id='word_1_246' title='bbox 265 1396 377 1428; x_wconf 70' lang='grc' dir='ltr'>πολλὰ,</span> <span class='ocrx_word' id='word_1_247' title='bbox 394 1396 442 1423; x_wconf 68' lang='grc' dir='ltr'>καὶ</span> <span class='ocrx_word' id='word_1_248' title='bbox 459 1397 509 1423; x_wconf 77' lang='grc' dir='ltr'>ὅσα</span> <span class='ocrx_word' id='word_1_249' title='bbox 530 1396 611 1431; x_wconf 82' lang='grc' dir='ltr'>τυχὸν</span> <span class='ocrx_word' id='word_1_250' title='bbox 629 1397 668 1428; x_wconf 83' lang='grc' dir='ltr'>εὶς</span> <span class='ocrx_word' id='word_1_251' title='bbox 684 1396 785 1424; x_wconf 82' lang='grc' dir='ltr'>τέλειον</span> <span class='ocrx_word' id='word_1_252' title='bbox 803 1397 919 1434; x_wconf 74' lang='grc' dir='ltr'>ἀριθμὸν</span> 
     </span>
    </p>
   </div>
   <div class='ocr_carea' id='block_1_35' title="bbox 121 1441 917 1482">
    <p class='ocr_par' dir='ltr' id='par_1_35' title="bbox 121 1441 917 1482">
     <span class='ocr_line' id='line_1_35' title="bbox 121 1441 917 1482; baseline 0.003 -14"><span class='ocrx_word' id='word_1_253' title='bbox 121 1442 243 1476; x_wconf 83' lang='grc' dir='ltr'>καταλογ</span> <span class='ocrx_word' id='word_1_254' title='bbox 248 1442 345 1469; x_wconf 83' lang='grc' dir='ltr'>ισθεῑεν</span> <span class='ocrx_word' id='word_1_255' title='bbox 351 1441 384 1469; x_wconf 87' lang='grc' dir='ltr'>ἂν</span> <span class='ocrx_word' id='word_1_256' title='bbox 391 1441 443 1469; x_wconf 84' lang='grc' dir='ltr'>ὑπό</span> <span class='ocrx_word' id='word_1_257' title='bbox 451 1451 498 1469; x_wconf 82' lang='grc' dir='ltr'><strong>του</strong></span> <span class='ocrx_word' id='word_1_258' title='bbox 505 1442 557 1469; x_wconf 74' lang='grc' dir='ltr'><strong>τῶν</strong></span> <span class='ocrx_word' id='word_1_259' title='bbox 563 1442 637 1478; x_wconf 58' lang='lat' dir='ltr'><strong>aha]</strong></span> <span class='ocrx_word' id='word_1_260' title='bbox 646 1445 755 1482; x_wconf 72' lang='grc' dir='ltr'>μετρεῖν</span> <span class='ocrx_word' id='word_1_261' title='bbox 761 1444 814 1480; x_wconf 79' lang='grc' dir='ltr'>ᾑρη</span> <span class='ocrx_word' id='word_1_262' title='bbox 819 1444 917 1479; x_wconf 85' lang='grc' dir='ltr'>μένων.</span> 
     </span>
    </p>
   </div>
   <div class='ocr_carea' id='block_1_36' title="bbox 122 1486 918 1524">
    <p class='ocr_par' dir='ltr' id='par_1_36' title="bbox 122 1486 918 1524">
     <span class='ocr_line' id='line_1_36' title="bbox 122 1486 918 1524; baseline 0.003 -10"><span class='ocrx_word' id='word_1_263' title='bbox 122 1488 209 1514; x_wconf 86' lang='grc' dir='ltr'>Ὀταν</span> <span class='ocrx_word' id='word_1_264' title='bbox 225 1487 313 1514; x_wconf 78' lang='grc' dir='ltr'>τοίνυν</span> <span class='ocrx_word' id='word_1_265' title='bbox 332 1487 444 1522; x_wconf 79' lang='grc' dir='ltr'>λέγηται</span> <span class='ocrx_word' id='word_1_266' title='bbox 466 1488 530 1523; x_wconf 78' lang='grc' dir='ltr'>περὶ</span> <span class='ocrx_word' id='word_1_267' title='bbox 553 1486 600 1514; x_wconf 78' lang='grc' dir='ltr'>τοῦ</span> <span class='ocrx_word' id='word_1_268' title='bbox 624 1488 732 1523; x_wconf 66' lang='grc' dir='ltr'>Ἰωσὴφ,</span> <span class='ocrx_word' id='word_1_269' title='bbox 744 1489 784 1516; x_wconf 82' lang='grc' dir='ltr'>ὅτι</span> <span class='ocrx_word' id='word_1_270' title='bbox 800 1487 834 1524; x_wconf 87' lang='grc' dir='ltr'>ἦν</span> <span class='ocrx_word' id='word_1_271' title='bbox 850 1489 918 1516; x_wconf 80' lang='grc' dir='ltr'>ἐτῶν</span> 
     </span>
    </p>
   </div>
   <div class='ocr_carea' id='block_1_37' title="bbox 122 1534 917 1571">
    <p class='ocr_par' dir='ltr' id='par_1_37' title="bbox 122 1534 917 1571">
     <span class='ocr_line' id='line_1_37' title="bbox 122 1534 917 1571; baseline 0.001 -10"><span class='ocrx_word' id='word_1_272' title='bbox 122 1534 188 1561; x_wconf 76' lang='grc' dir='ltr'>δέκα</span> <span class='ocrx_word' id='word_1_273' title='bbox 205 1534 250 1561; x_wconf 79' lang='grc' dir='ltr'><strong>καὶ</strong></span> <span class='ocrx_word' id='word_1_274' title='bbox 263 1534 343 1566; x_wconf 78' lang='grc' dir='ltr'>ἑπτὰ,</span> <span class='ocrx_word' id='word_1_275' title='bbox 358 1534 545 1561; x_wconf 79' lang='grc' dir='ltr'><strong>συντεθεῖσθαι</strong></span> <span class='ocrx_word' id='word_1_276' title='bbox 556 1534 677 1569; x_wconf 81' lang='grc' dir='ltr'>δώσομεν</span> <span class='ocrx_word' id='word_1_277' title='bbox 689 1534 917 1571; x_wconf 78' lang='grc' dir='ltr'>τὸνἙμμανουὴλ</span> 
     </span>
    </p>
   </div>
   <div class='ocr_carea' id='block_1_38' title="bbox 122 1580 918 1617">
    <p class='ocr_par' dir='ltr' id='par_1_38' title="bbox 122 1580 918 1617">
     <span class='ocr_line' id='line_1_38' title="bbox 122 1580 918 1617; baseline 0.001 -11"><span class='ocrx_word' id='word_1_278' title='bbox 122 1582 162 1612; x_wconf 79' lang='grc' dir='ltr'><strong>εἰς</strong></span> <span class='ocrx_word' id='word_1_279' title='bbox 179 1581 226 1607; x_wconf 75' lang='grc' dir='ltr'>ἕνα</span> <span class='ocrx_word' id='word_1_280' title='bbox 239 1580 357 1616; x_wconf 81' lang='grc' dir='ltr'>Χριστὸν</span> <span class='ocrx_word' id='word_1_281' title='bbox 372 1580 419 1607; x_wconf 78' lang='grc' dir='ltr'>καὶ</span> <span class='ocrx_word' id='word_1_282' title='bbox 432 1580 495 1606; x_wconf 75' lang='grc' dir='ltr'>Υἱὸν</span> <span class='ocrx_word' id='word_1_283' title='bbox 516 1581 548 1606; x_wconf 85' lang='grc' dir='ltr'>ὲκ</span> <span class='ocrx_word' id='word_1_284' title='bbox 560 1580 632 1607; x_wconf 81' lang='grc' dir='ltr'>δυοῖν</span> <span class='ocrx_word' id='word_1_285' title='bbox 651 1580 776 1613; x_wconf 82' lang='grc' dir='ltr'>τελείοιν,</span> <span class='ocrx_word' id='word_1_286' title='bbox 792 1581 918 1617; x_wconf 78' lang='grc' dir='ltr'>θεότητός</span> 
     </span>
    </p>
   </div>
   <div class='ocr_carea' id='block_1_39' title="bbox 122 1625 918 1662">
    <p class='ocr_par' dir='ltr' id='par_1_39' title="bbox 122 1625 918 1662">
     <span class='ocr_line' id='line_1_39' title="bbox 122 1625 918 1662; baseline -0.001 -9"><span class='ocrx_word' id='word_1_287' title='bbox 122 1635 152 1653; x_wconf 80' lang='grc' dir='ltr'><strong>τε</strong></span> <span class='ocrx_word' id='word_1_288' title='bbox 165 1627 211 1653; x_wconf 77' lang='grc' dir='ltr'>καὶ</span> <span class='ocrx_word' id='word_1_289' title='bbox 228 1626 447 1662; x_wconf 80' lang='grc' dir='ltr'>ἀνθρωπότητος.</span> <span class='ocrx_word' id='word_1_290' title='bbox 466 1626 503 1652; x_wconf 84' lang='grc' dir='ltr'><strong>Οὐ</strong></span> <span class='ocrx_word' id='word_1_291' title='bbox 524 1626 578 1661; x_wconf 82' lang='grc' dir='ltr'>γάρ</span> <span class='ocrx_word' id='word_1_292' title='bbox 596 1634 637 1652; x_wconf 85' lang='grc' dir='ltr'><strong>τοι</strong></span> <span class='ocrx_word' id='word_1_293' title='bbox 661 1625 872 1661; x_wconf 80' lang='grc' dir='ltr'>παραδεξόμεθα</span> <span class='ocrx_word' id='word_1_294' title='bbox 887 1625 918 1652; x_wconf 86' lang='grc' dir='ltr'><strong>τό</strong></span> 
     </span>
    </p>
   </div>
   <div class='ocr_carea' id='block_1_40' title="bbox 122 1672 917 1708">
    <p class='ocr_par' dir='ltr' id='par_1_40' title="bbox 122 1672 917 1708">
     <span class='ocr_line' id='line_1_40' title="bbox 122 1672 917 1708; baseline 0.001 -9"><span class='ocrx_word' id='word_1_295' title='bbox 122 1681 178 1700; x_wconf 80' lang='grc' dir='ltr'>τισι</span> <span class='ocrx_word' id='word_1_296' title='bbox 193 1673 299 1704; x_wconf 78' lang='grc' dir='ltr'>δοκοῦν,</span> <span class='ocrx_word' id='word_1_297' title='bbox 313 1673 448 1708; x_wconf 69' lang='grc' dir='ltr'>οἰομένοις</span> <span class='ocrx_word' id='word_1_298' title='bbox 461 1673 501 1699; x_wconf 77' lang='grc' dir='ltr'>ὅτι</span> <span class='ocrx_word' id='word_1_299' title='bbox 515 1672 602 1707; x_wconf 79' lang='grc' dir='ltr'>ψυχῆς</span> <span class='ocrx_word' id='word_1_300' title='bbox 613 1672 725 1707; x_wconf 83' lang='grc' dir='ltr'>λογικῆς</span> <span class='ocrx_word' id='word_1_301' title='bbox 736 1673 750 1698; x_wconf 87' lang='grc' dir='ltr'><strong>ὁ</strong></span> <span class='ocrx_word' id='word_1_302' title='bbox 761 1673 831 1704; x_wconf 81' lang='grc' dir='ltr'>θεῖος</span> <span class='ocrx_word' id='word_1_303' title='bbox 847 1674 917 1700; x_wconf 77' lang='grc' dir='ltr'>ἐκεῖ-</span> 
     </span>
    </p>
   </div>
   <div class='ocr_carea' id='block_1_41' title="bbox 122 1717 917 1753">
    <p class='ocr_par' dir='ltr' id='par_1_41' title="bbox 122 1717 917 1753">
     <span class='ocr_line' id='line_1_41' title="bbox 122 1717 917 1753; baseline 0 -8"><span class='ocrx_word' id='word_1_304' title='bbox 122 1727 168 1750; x_wconf 88' lang='grc' dir='ltr'><strong>νος</strong></span> <span class='ocrx_word' id='word_1_305' title='bbox 183 1718 319 1745; x_wconf 84' lang='grc' dir='ltr'>κεκένωτο</span> <span class='ocrx_word' id='word_1_306' title='bbox 334 1717 408 1750; x_wconf 81' lang='grc' dir='ltr'>ναὸς,</span> <span class='ocrx_word' id='word_1_307' title='bbox 424 1717 453 1744; x_wconf 83' lang='grc' dir='ltr'>ὃν</span> <span class='ocrx_word' id='word_1_308' title='bbox 471 1718 502 1744; x_wconf 81' lang='grc' dir='ltr'>ἐκ</span> <span class='ocrx_word' id='word_1_309' title='bbox 516 1718 566 1753; x_wconf 80' lang='grc' dir='ltr'>τῆς</span> <span class='ocrx_word' id='word_1_310' title='bbox 583 1717 663 1752; x_wconf 78' lang='grc' dir='ltr'>ἁγίας</span> <span class='ocrx_word' id='word_1_311' title='bbox 678 1718 816 1753; x_wconf 78' lang='grc' dir='ltr'>Παρθένου</span> <span class='ocrx_word' id='word_1_312' title='bbox 834 1719 917 1753; x_wconf 82' lang='grc' dir='ltr'>πεφό-</span> 
     </span>
    </p>
   </div>
   <div class='ocr_carea' id='block_1_42' title="bbox 124 1761 918 1800">
    <p class='ocr_par' dir='ltr' id='par_1_42' title="bbox 124 1761 918 1800">
     <span class='ocr_line' id='line_1_42' title="bbox 124 1761 918 1800; baseline 0 -10"><span class='ocrx_word' id='word_1_313' title='bbox 124 1773 210 1800; x_wconf 83' lang='grc' dir='ltr'>ρηκεν</span> <span class='ocrx_word' id='word_1_314' title='bbox 224 1765 238 1790; x_wconf 80' lang='grc' dir='ltr'><strong>ὁ</strong></span> <span class='ocrx_word' id='word_1_315' title='bbox 251 1763 316 1795; x_wconf 80' lang='grc' dir='ltr'>Θεὸς</span> <span class='ocrx_word' id='word_1_316' title='bbox 333 1764 429 1798; x_wconf 78' lang='grc' dir='ltr'>Λόγος.</span> <span class='ocrx_word' id='word_1_317' title='bbox 448 1763 519 1790; x_wconf 81' lang='grc' dir='ltr'>Ἀλλ’</span> <span class='ocrx_word' id='word_1_318' title='bbox 537 1763 632 1800; x_wconf 85' lang='grc' dir='ltr'>ὥσπερ</span> <span class='ocrx_word' id='word_1_319' title='bbox 646 1761 681 1799; x_wconf 81' lang='grc' dir='ltr'>ἦν</span> <span class='ocrx_word' id='word_1_320' title='bbox 696 1763 798 1796; x_wconf 75' lang='grc' dir='ltr'>τέλειος</span> <span class='ocrx_word' id='word_1_321' title='bbox 815 1765 844 1790; x_wconf 83' lang='grc' dir='ltr'><strong>ὲν</strong></span> <span class='ocrx_word' id='word_1_322' title='bbox 859 1764 918 1790; x_wconf 85' lang='grc' dir='ltr'>Θεό-</span> 
     </span>
    </p>
   </div>
   <div class='ocr_carea' id='block_1_43' title="bbox 123 1809 917 1846">
    <p class='ocr_par' dir='ltr' id='par_1_43' title="bbox 123 1809 917 1846">
     <span class='ocr_line' id='line_1_43' title="bbox 123 1809 917 1846; baseline -0.003 -9"><span class='ocrx_word' id='word_1_323' title='bbox 123 1819 205 1846; x_wconf 86' lang='grc' dir='ltr'>τητι,</span> <span class='ocrx_word' id='word_1_324' title='bbox 236 1809 306 1837; x_wconf 78' lang='grc' dir='ltr'>οὕτω</span> <span class='ocrx_word' id='word_1_325' title='bbox 332 1811 379 1837; x_wconf 72' lang='grc' dir='ltr'>καὶ</span> <span class='ocrx_word' id='word_1_326' title='bbox 407 1811 435 1836; x_wconf 80' lang='grc' dir='ltr'><strong>ὲν</strong></span> <span class='ocrx_word' id='word_1_327' title='bbox 469 1809 675 1844; x_wconf 74' lang='grc' dir='ltr'>ἀνθρωπότητι,</span> <span class='ocrx_word' id='word_1_328' title='bbox 710 1809 778 1845; x_wconf 83' lang='grc' dir='ltr'>πλὴν</span> <span class='ocrx_word' id='word_1_329' title='bbox 804 1810 844 1841; x_wconf 80' lang='grc' dir='ltr'><strong>εἰς</strong></span> <span class='ocrx_word' id='word_1_330' title='bbox 869 1809 917 1836; x_wconf 71' lang='grc' dir='ltr'><strong>ἕνα</strong></span> 
     </span>
    </p>
   </div>
   <div class='ocr_carea' id='block_1_44' title="bbox 125 1854 916 1893">
    <p class='ocr_par' dir='ltr' id='par_1_44' title="bbox 125 1854 916 1893">
     <span class='ocr_line' id='line_1_44' title="bbox 125 1854 916 1893; baseline -0.003 -9"><span class='ocrx_word' id='word_1_331' title='bbox 125 1858 303 1893; x_wconf 73' lang='grc' dir='ltr'>συγκείμενῡς</span> <span class='ocrx_word' id='word_1_332' title='bbox 338 1857 500 1892; x_wconf 76' lang='grc' dir='ltr'>ἀπορῤήτως</span> <span class='ocrx_word' id='word_1_333' title='bbox 529 1864 559 1882; x_wconf 89' lang='grc' dir='ltr'><strong>τε</strong></span> <span class='ocrx_word' id='word_1_334' title='bbox 590 1855 637 1882; x_wconf 73' lang='grc' dir='ltr'>καὶ</span> <span class='ocrx_word' id='word_1_335' title='bbox 659 1854 729 1891; x_wconf 79' lang='grc' dir='ltr'>ὑπὲρ</span> <span class='ocrx_word' id='word_1_336' title='bbox 746 1855 818 1882; x_wconf 81' lang='grc' dir='ltr'>νοῦν.</span> <span class='ocrx_word' id='word_1_337' title='bbox 844 1855 916 1882; x_wconf 69' lang='grc' dir='ltr'><strong>Οὖκ‹</strong></span> 
     </span>
    </p>
   </div>
   <div class='ocr_carea' id='block_1_45' title="bbox 123 1900 918 1939">
    <p class='ocr_par' dir='ltr' id='par_1_45' title="bbox 123 1900 918 1939">
     <span class='ocr_line' id='line_1_45' title="bbox 123 1900 918 1939; baseline -0.006 -8"><span class='ocrx_word' id='word_1_338' title='bbox 123 1903 172 1931; x_wconf 84' lang='grc' dir='ltr'><strong>οὖν</strong></span> <span class='ocrx_word' id='word_1_339' title='bbox 203 1903 331 1939; x_wconf 82' lang='grc' dir='ltr'>σημαίνει</span> <span class='ocrx_word' id='word_1_340' title='bbox 364 1902 413 1938; x_wconf 81' lang='grc' dir='ltr'><strong>μὲν</strong></span> <span class='ocrx_word' id='word_1_341' title='bbox 454 1901 485 1928; x_wconf 81' lang='grc' dir='ltr'>τὸ</span> <span class='ocrx_word' id='word_1_342' title='bbox 524 1901 627 1928; x_wconf 78' lang='grc' dir='ltr'>τέλειον</span> <span class='ocrx_word' id='word_1_343' title='bbox 661 1902 690 1928; x_wconf 81' lang='grc' dir='ltr'>ὲν</span> <span class='ocrx_word' id='word_1_344' title='bbox 725 1901 832 1935; x_wconf 87' lang='grc' dir='ltr'>θεότητι</span> <span class='ocrx_word' id='word_1_345' title='bbox 871 1900 918 1927; x_wconf 63' lang='grc' dir='ltr'><strong>καὶ⁹</strong></span> 
     </span>
    </p>
   </div>
   <div class='ocr_carea' id='block_1_46' title="bbox 125 1946 917 1984">
    <p class='ocr_par' dir='ltr' id='par_1_46' title="bbox 125 1946 917 1984">
     <span class='ocr_line' id='line_1_46' title="bbox 125 1946 917 1984; baseline -0.005 -7"><span class='ocrx_word' id='word_1_346' title='bbox 125 1949 314 1977; x_wconf 74' lang='grc' dir='ltr'>ὑπαινίττεται</span> <span class='ocrx_word' id='word_1_347' title='bbox 344 1958 403 1981; x_wconf 82' lang='grc' dir='ltr'><strong>πως</strong></span> <span class='ocrx_word' id='word_1_348' title='bbox 435 1948 500 1984; x_wconf 84' lang='grc' dir='ltr'>ἡμῖν</span> <span class='ocrx_word' id='word_1_349' title='bbox 523 1949 537 1974; x_wconf 85' lang='lat'><strong>6</strong></span> <span class='ocrx_word' id='word_1_350' title='bbox 573 1947 640 1975; x_wconf 86' lang='grc' dir='ltr'>δέκα</span> <span class='ocrx_word' id='word_1_351' title='bbox 665 1947 793 1983; x_wconf 82' lang='grc' dir='ltr'>ἀριθμός.</span> <span class='ocrx_word' id='word_1_352' title='bbox 822 1947 858 1973; x_wconf 83' lang='grc' dir='ltr'>Τὸ</span> <span class='ocrx_word' id='word_1_353' title='bbox 889 1946 917 1973; x_wconf 83' lang='grc' dir='ltr'>δὲ</span> 
     </span>
    </p>
   </div>
   <div class='ocr_carea' id='block_1_47' title="bbox 124 1993 917 2031">
    <p class='ocr_par' dir='ltr' id='par_1_47' title="bbox 124 1993 917 2031">
     <span class='ocr_line' id='line_1_47' title="bbox 124 1993 917 2031; baseline -0.003 -9"><span class='ocrx_word' id='word_1_354' title='bbox 124 1995 210 2027; x_wconf 72' lang='grc' dir='ltr'>οὕτως</span> <span class='ocrx_word' id='word_1_355' title='bbox 228 1994 297 2031; x_wconf 79' lang='grc' dir='ltr'>ἔχον,</span> <span class='ocrx_word' id='word_1_356' title='bbox 319 1996 347 2022; x_wconf 82' lang='grc' dir='ltr'>ὲν</span> <span class='ocrx_word' id='word_1_357' title='bbox 374 1993 564 2030; x_wconf 79' lang='grc' dir='ltr'>ἀνθρωπότητι</span> <span class='ocrx_word' id='word_1_358' title='bbox 582 1994 663 2021; x_wconf 80' lang='grc' dir='ltr'>πάλιν</span> <span class='ocrx_word' id='word_1_359' title='bbox 679 1995 865 2030; x_wconf 79' lang='grc' dir='ltr'>ὑπεμφήνειεν</span> <span class='ocrx_word' id='word_1_360' title='bbox 884 1993 917 2020; x_wconf 86' lang='grc' dir='ltr'>ἂν</span> 
     </span>
    </p>
   </div>
   <div class='ocr_carea' id='block_1_48' title="bbox 126 2039 918 2076">
    <p class='ocr_par' dir='ltr' id='par_1_48' title="bbox 126 2039 918 2076">
     <span class='ocr_line' id='line_1_48' title="bbox 126 2039 918 2076; baseline -0.003 -8"><span class='ocrx_word' id='word_1_361' title='bbox 126 2041 233 2073; x_wconf 79' lang='grc' dir='ltr'>ὁὲπτὰ,</span> <span class='ocrx_word' id='word_1_362' title='bbox 260 2040 501 2076; x_wconf 84' lang='grc' dir='ltr'>μειονεκτούμενος</span> <span class='ocrx_word' id='word_1_363' title='bbox 522 2041 571 2076; x_wconf 76' lang='grc' dir='ltr'><strong>μὲν</strong></span> <span class='ocrx_word' id='word_1_364' title='bbox 594 2040 632 2072; x_wconf 87' lang='grc' dir='ltr'>ὡς</span> <span class='ocrx_word' id='word_1_365' title='bbox 648 2041 678 2066; x_wconf 87' lang='grc' dir='ltr'><strong>ὲν</strong></span> <span class='ocrx_word' id='word_1_366' title='bbox 698 2040 792 2075; x_wconf 85' lang='grc' dir='ltr'>Τριάδι</span> <span class='ocrx_word' id='word_1_367' title='bbox 807 2039 854 2066; x_wconf 77' lang='grc' dir='ltr'>τοῦ</span> <span class='ocrx_word' id='word_1_368' title='bbox 875 2040 918 2066; x_wconf 76' lang='grc' dir='ltr'>δέο</span> 
     </span>
    </p>
   </div>
   <div class='ocr_carea' id='block_1_49' title="bbox 124 2085 916 2123">
    <p class='ocr_par' dir='ltr' id='par_1_49' title="bbox 124 2085 916 2123">
     <span class='ocr_line' id='line_1_49' title="bbox 124 2085 916 2123; baseline -0.003 -9"><span class='ocrx_word' id='word_1_369' title='bbox 124 2097 171 2120; x_wconf 78' lang='grc' dir='ltr'><strong>κα,</strong></span> <span class='ocrx_word' id='word_1_370' title='bbox 189 2086 404 2123; x_wconf 81' lang='grc' dir='ltr'>ὲπενηνεγμένος</span> <span class='ocrx_word' id='word_1_371' title='bbox 417 2086 446 2113; x_wconf 80' lang='grc' dir='ltr'>δὲ</span> <span class='ocrx_word' id='word_1_372' title='bbox 462 2086 536 2122; x_wconf 81' lang='grc' dir='ltr'>αὐτῷ</span> <span class='ocrx_word' id='word_1_373' title='bbox 553 2086 600 2113; x_wconf 79' lang='grc' dir='ltr'><strong>καὶ</strong></span> <span class='ocrx_word' id='word_1_374' title='bbox 614 2085 696 2113; x_wconf 76' lang='grc' dir='ltr'>οἱονεὶ</span> <span class='ocrx_word' id='word_1_375' title='bbox 711 2086 916 2122; x_wconf 81' lang='grc' dir='ltr'>προσκείμενος.</span> 
     </span>
    </p>
   </div>
   <div class='ocr_carea' id='block_1_50' title="bbox 125 2132 915 2168">
    <p class='ocr_par' dir='ltr' id='par_1_50' title="bbox 125 2132 915 2168">
     <span class='ocr_line' id='line_1_50' title="bbox 125 2132 915 2168; baseline -0.003 -7"><span class='ocrx_word' id='word_1_376' title='bbox 125 2133 203 2161; x_wconf 79' lang='grc' dir='ltr'>Μετὰ</span> <span class='ocrx_word' id='word_1_377' title='bbox 220 2134 275 2168; x_wconf 81' lang='grc' dir='ltr'>γάρ</span> <span class='ocrx_word' id='word_1_378' title='bbox 289 2142 331 2159; x_wconf 78' lang='grc' dir='ltr'><strong>τοι</strong></span> <span class='ocrx_word' id='word_1_379' title='bbox 346 2133 390 2159; x_wconf 85' lang='grc' dir='ltr'>τὸν</span> <span class='ocrx_word' id='word_1_380' title='bbox 405 2132 469 2159; x_wconf 81' lang='grc' dir='ltr'>δέκα</span> <span class='ocrx_word' id='word_1_381' title='bbox 489 2132 604 2168; x_wconf 69' lang='grc' dir='ltr'>ἀριθμὸν</span> <span class='ocrx_word' id='word_1_382' title='bbox 618 2132 790 2168; x_wconf 79' lang='grc' dir='ltr'>συμϐέϐηκεν</span> <span class='ocrx_word' id='word_1_383' title='bbox 804 2134 818 2159; x_wconf 87' lang='grc' dir='ltr'><em>ὁ</em></span> <span class='ocrx_word' id='word_1_384' title='bbox 837 2132 915 2159; x_wconf 84' lang='grc' dir='ltr'>ἑπτά.</span> 
     </span>
    </p>
   </div>
   <div class='ocr_carea' id='block_1_51' title="bbox 130 2178 918 2215">
    <p class='ocr_par' dir='ltr' id='par_1_51' title="bbox 130 2178 918 2215">
     <span class='ocr_line' id='line_1_51' title="bbox 130 2178 918 2215; baseline -0.003 -9"><span class='ocrx_word' id='word_1_385' title='bbox 130 2179 176 2206; x_wconf 82' lang='grc' dir='ltr'>Ἕν</span> <span class='ocrx_word' id='word_1_386' title='bbox 194 2180 315 2215; x_wconf 81' lang='grc' dir='ltr'>ὑπεροχῇ</span> <span class='ocrx_word' id='word_1_387' title='bbox 334 2178 498 2214; x_wconf 61' lang='grc' dir='ltr'>δὲτΤριάδος</span> <span class='ocrx_word' id='word_1_388' title='bbox 511 2198 519 2209; x_wconf 87' lang='grc'><strong>,</strong></span> <span class='ocrx_word' id='word_1_389' title='bbox 547 2178 670 2204; x_wconf 74' lang='grc' dir='ltr'>τουτέστι</span> <span class='ocrx_word' id='word_1_390' title='bbox 693 2178 836 2214; x_wconf 82' lang='grc' dir='ltr'>Θεότητος,</span> <span class='ocrx_word' id='word_1_391' title='bbox 856 2179 870 2204; x_wconf 89' lang='lat'><strong>6</strong></span> <span class='ocrx_word' id='word_1_392' title='bbox 885 2179 918 2204; x_wconf 78' lang='grc' dir='ltr'>ὲκ</span> 
     </span>
    </p>
   </div>
   <div class='ocr_carea' id='block_1_52' title="bbox 1010 560 1800 598">
    <p class='ocr_par' dir='ltr' id='par_1_52' title="bbox 1010 560 1800 598">
     <span class='ocr_line' id='line_1_52' title="bbox 1010 560 1800 598; baseline 0.015 -11"><span class='ocrx_word' id='word_1_393' title='bbox 1010 561 1037 588; x_wconf 67' lang='grc'><strong>4.</strong></span> <span class='ocrx_word' id='word_1_394' title='bbox 1058 560 1133 588; x_wconf 90' lang='lat' dir='ltr'><strong>Solet</strong></span> <span class='ocrx_word' id='word_1_395' title='bbox 1151 569 1228 589; x_wconf 79' lang='lat' dir='ltr'><strong>sacra</strong></span> <span class='ocrx_word' id='word_1_396' title='bbox 1249 561 1391 597; x_wconf 78' lang='lat' dir='ltr'><strong>Scriptura</strong></span> <span class='ocrx_word' id='word_1_397' title='bbox 1410 571 1541 593; x_wconf 86' lang='lat' dir='ltr'><strong>numeros</strong></span> <span class='ocrx_word' id='word_1_398' title='bbox 1557 571 1631 595; x_wconf 86' lang='lat' dir='ltr'><strong>retro</strong></span> <span class='ocrx_word' id='word_1_399' title='bbox 1650 569 1765 598; x_wconf 70' lang='lat' dir='ltr'><strong>descen&lt;</strong></span> <span class='ocrx_word' id='word_1_400' title='bbox 1798 581 1800 583; x_wconf 50' lang='grc' dir='ltr'>ν</span> 
     </span>
    </p>
   </div>
   <div class='ocr_carea' id='block_1_53' title="bbox 974 606 1764 650">
    <p class='ocr_par' dir='ltr' id='par_1_53' title="bbox 974 606 1764 650">
     <span class='ocr_line' id='line_1_53' title="bbox 974 606 1764 650; baseline 0.015 -18"><span class='ocrx_word' id='word_1_401' title='bbox 974 606 1081 639; x_wconf 88' lang='lat' dir='ltr'><strong>dentes,</strong></span> <span class='ocrx_word' id='word_1_402' title='bbox 1103 610 1164 641; x_wconf 82' lang='lat' dir='ltr'><strong>post.</strong></span> <span class='ocrx_word' id='word_1_403' title='bbox 1183 614 1231 634; x_wconf 88' lang='lat' dir='ltr'><strong>eos</strong></span> <span class='ocrx_word' id='word_1_404' title='bbox 1247 607 1302 642; x_wconf 83' lang='lat' dir='ltr'><strong>jam</strong></span> <span class='ocrx_word' id='word_1_405' title='bbox 1324 609 1448 644; x_wconf 82' lang='lat' dir='ltr'><strong>expletos</strong></span> <span class='ocrx_word' id='word_1_406' title='bbox 1467 615 1495 638; x_wconf 86' lang='lat' dir='ltr'><strong>ct</strong></span> <span class='ocrx_word' id='word_1_407' title='bbox 1516 611 1656 645; x_wconf 80' lang='lat' dir='ltr'><strong>deeursos.</strong></span> <span class='ocrx_word' id='word_1_408' title='bbox 1673 616 1764 650; x_wconf 80' lang='lat' dir='ltr'><strong>perfe-</strong></span> 
     </span>
    </p>
   </div>
   <div class='ocr_carea' id='block_1_54' title="bbox 973 652 1763 697">
    <p class='ocr_par' dir='ltr' id='par_1_54' title="bbox 973 652 1763 697">
     <span class='ocr_line' id='line_1_54' title="bbox 973 652 1763 697; baseline 0.016 -19"><span class='ocrx_word' id='word_1_409' title='bbox 973 652 1074 680; x_wconf 85' lang='lat' dir='ltr'><strong>ctionis</strong></span> <span class='ocrx_word' id='word_1_410' title='bbox 1095 653 1264 680; x_wconf 84' lang='lat' dir='ltr'><strong>constituere</strong></span> <span class='ocrx_word' id='word_1_411' title='bbox 1284 654 1370 682; x_wconf 86' lang='lat' dir='ltr'><strong>veluti</strong></span> <span class='ocrx_word' id='word_1_412' title='bbox 1395 656 1526 691; x_wconf 80' lang='lat' dir='ltr'><strong>symbols.</strong></span> <span class='ocrx_word' id='word_1_413' title='bbox 1547 658 1630 687; x_wconf 84' lang='lat' dir='ltr'><strong>Verbi</strong></span> <span class='ocrx_word' id='word_1_414' title='bbox 1653 663 1740 697; x_wconf 78' lang='lat' dir='ltr'><strong>gratia</strong></span> <span class='ocrx_word' id='word_1_415' title='bbox 1758 675 1763 692; x_wconf 85' lang='lat'><strong>:</strong></span> 
     </span>
    </p>
   </div>
   <div class='ocr_carea' id='block_1_55' title="bbox 974 698 1764 741">
    <p class='ocr_par' dir='ltr' id='par_1_55' title="bbox 974 698 1764 741">
     <span class='ocr_line' id='line_1_55' title="bbox 974 698 1764 741; baseline 0.015 -17"><span class='ocrx_word' id='word_1_416' title='bbox 974 698 1118 725; x_wconf 81' lang='lat' dir='ltr'><strong>denarium</strong></span> <span class='ocrx_word' id='word_1_417' title='bbox 1140 699 1162 726; x_wconf 90' lang='lat' dir='ltr'><strong>si</strong></span> <span class='ocrx_word' id='word_1_418' title='bbox 1182 699 1245 734; x_wconf 88' lang='lat' dir='ltr'><strong>quis</strong></span> <span class='ocrx_word' id='word_1_419' title='bbox 1266 699 1439 734; x_wconf 82' lang='lat' dir='ltr'><strong>remetiatur,</strong></span> <span class='ocrx_word' id='word_1_420' title='bbox 1457 705 1484 729; x_wconf 83' lang='lat' dir='ltr'><strong>et</strong></span> <span class='ocrx_word' id='word_1_421' title='bbox 1503 711 1667 738; x_wconf 82' lang='lat' dir='ltr'><strong>percurrere</strong></span> <span class='ocrx_word' id='word_1_422' title='bbox 1687 709 1764 741; x_wconf 82' lang='lat' dir='ltr'><strong>velit,</strong></span> 
     </span>
    </p>
   </div>
   <div class='ocr_carea' id='block_1_56' title="bbox 974 743 1765 788">
    <p class='ocr_par' dir='ltr' id='par_1_56' title="bbox 974 743 1765 788">
     <span class='ocr_line' id='line_1_56' title="bbox 974 743 1765 788; baseline 0.015 -19"><span class='ocrx_word' id='word_1_423' title='bbox 974 743 1074 770; x_wconf 85' lang='lat' dir='ltr'><strong>iterum</strong></span> <span class='ocrx_word' id='word_1_424' title='bbox 1099 743 1133 770; x_wconf 88' lang='lat' dir='ltr'><strong>ab</strong></span> <span class='ocrx_word' id='word_1_425' title='bbox 1159 751 1215 771; x_wconf 78' lang='lat' dir='ltr'><strong>uno</strong></span> <span class='ocrx_word' id='word_1_426' title='bbox 1239 744 1390 778; x_wconf 82' lang='lat' dir='ltr'><strong>inchoabit,</strong></span> <span class='ocrx_word' id='word_1_427' title='bbox 1410 747 1487 775; x_wconf 87' lang='lat' dir='ltr'><strong>velut</strong></span> <span class='ocrx_word' id='word_1_428' title='bbox 1507 749 1540 776; x_wconf 91' lang='lat' dir='ltr'><strong>ad</strong></span> <span class='ocrx_word' id='word_1_429' title='bbox 1567 749 1648 778; x_wconf 79' lang='lat' dir='ltr'><strong>finem</strong></span> <span class='ocrx_word' id='word_1_430' title='bbox 1679 760 1765 788; x_wconf 87' lang='lat' dir='ltr'><strong>usque</strong></span> 
     </span>
    </p>
   </div>
   <div class='ocr_carea' id='block_1_57' title="bbox 974 789 1763 827">
    <p class='ocr_par' dir='ltr' id='par_1_57' title="bbox 974 789 1763 827">
     <span class='ocr_line' id='line_1_57' title="bbox 974 789 1763 827; baseline 0.014 -11"><span class='ocrx_word' id='word_1_431' title='bbox 974 789 1065 824; x_wconf 89' lang='lat' dir='ltr'><strong>ipsum</strong></span> <span class='ocrx_word' id='word_1_432' title='bbox 1092 790 1271 818; x_wconf 87' lang='lat' dir='ltr'><strong>deducturus.</strong></span> <span class='ocrx_word' id='word_1_433' title='bbox 1295 791 1327 818; x_wconf 87' lang='lat' dir='ltr'><strong>In</strong></span> <span class='ocrx_word' id='word_1_434' title='bbox 1351 794 1507 827; x_wconf 84' lang='lat' dir='ltr'><strong>septenario</strong></span> <span class='ocrx_word' id='word_1_435' title='bbox 1531 795 1597 823; x_wconf 85' lang='lat' dir='ltr'><strong>item</strong></span> <span class='ocrx_word' id='word_1_436' title='bbox 1625 798 1763 827; x_wconf 87' lang='lat' dir='ltr'><strong>similiter.</strong></span> 
     </span>
    </p>
   </div>
   <div class='ocr_carea' id='block_1_58' title="bbox 974 836 1764 879">
    <p class='ocr_par' dir='ltr' id='par_1_58' title="bbox 974 836 1764 879">
     <span class='ocr_line' id='line_1_58' title="bbox 974 836 1764 879; baseline 0.014 -17"><span class='ocrx_word' id='word_1_437' title='bbox 974 836 1137 870; x_wconf 81' lang='lat' dir='ltr'><strong>Auspicatus</strong></span> <span class='ocrx_word' id='word_1_438' title='bbox 1158 836 1231 864; x_wconf 88' lang='lat' dir='ltr'><strong>enim</strong></span> <span class='ocrx_word' id='word_1_439' title='bbox 1253 837 1287 864; x_wconf 91' lang='lat' dir='ltr'><strong>ab</strong></span> <span class='ocrx_word' id='word_1_440' title='bbox 1308 838 1423 871; x_wconf 86' lang='lat' dir='ltr'><strong>unitate,</strong></span> <span class='ocrx_word' id='word_1_441' title='bbox 1442 839 1572 876; x_wconf 85' lang='lat' dir='ltr'><strong>deinceps</strong></span> <span class='ocrx_word' id='word_1_442' title='bbox 1585 843 1619 870; x_wconf 88' lang='lat' dir='ltr'><strong>ad</strong></span> <span class='ocrx_word' id='word_1_443' title='bbox 1636 849 1764 879; x_wconf 83' lang='lat' dir='ltr'><strong>septena-</strong></span> 
     </span>
    </p>
   </div>
   <div class='ocr_carea' id='block_1_59' title="bbox 972 883 1766 926">
    <p class='ocr_par' dir='ltr' id='par_1_59' title="bbox 972 883 1766 926">
     <span class='ocr_line' id='line_1_59' title="bbox 972 883 1766 926; baseline 0.015 -17"><span class='ocrx_word' id='word_1_444' title='bbox 972 883 1044 910; x_wconf 89' lang='lat' dir='ltr'><strong>rium</strong></span> <span class='ocrx_word' id='word_1_445' title='bbox 1064 883 1210 918; x_wconf 74' lang='lat' dir='ltr'><strong>pervenit;</strong></span> <span class='ocrx_word' id='word_1_446' title='bbox 1230 884 1264 911; x_wconf 89' lang='lat' dir='ltr'><strong>ad</strong></span> <span class='ocrx_word' id='word_1_447' title='bbox 1286 884 1368 912; x_wconf 80' lang='lat' dir='ltr'><strong>tinem</strong></span> <span class='ocrx_word' id='word_1_448' title='bbox 1389 894 1475 921; x_wconf 82' lang='lat' dir='ltr'><strong>usque</strong></span> <span class='ocrx_word' id='word_1_449' title='bbox 1495 895 1634 922; x_wconf 83' lang='lat' dir='ltr'><strong>emensus,</strong></span> <span class='ocrx_word' id='word_1_450' title='bbox 1652 892 1700 926; x_wconf 86' lang='lat' dir='ltr'><strong>qui</strong></span> <span class='ocrx_word' id='word_1_451' title='bbox 1723 897 1766 920; x_wconf 85' lang='lat' dir='ltr'><strong>cst</strong></span> 
     </span>
    </p>
   </div>
   <div class='ocr_carea' id='block_1_60' title="bbox 972 928 1762 971">
    <p class='ocr_par' dir='ltr' id='par_1_60' title="bbox 972 928 1762 971">
     <span class='ocr_line' id='line_1_60' title="bbox 972 928 1762 971; baseline 0.014 -17"><span class='ocrx_word' id='word_1_452' title='bbox 972 933 1076 963; x_wconf 87' lang='lat' dir='ltr'><strong>septem</strong></span> <span class='ocrx_word' id='word_1_453' title='bbox 1093 928 1201 956; x_wconf 85' lang='lat' dir='ltr'><strong>dierum</strong></span> <span class='ocrx_word' id='word_1_454' title='bbox 1219 937 1361 963; x_wconf 87' lang='lat' dir='ltr'><strong>numerus,</strong></span> <span class='ocrx_word' id='word_1_455' title='bbox 1380 931 1453 959; x_wconf 87' lang='lat' dir='ltr'><strong>redit</strong></span> <span class='ocrx_word' id='word_1_456' title='bbox 1469 932 1568 962; x_wconf 83' lang='lat' dir='ltr'><strong>deinde</strong></span> <span class='ocrx_word' id='word_1_457' title='bbox 1585 935 1619 962; x_wconf 90' lang='lat' dir='ltr'><strong>ad</strong></span> <span class='ocrx_word' id='word_1_458' title='bbox 1633 937 1762 971; x_wconf 90' lang='lat' dir='ltr'><strong>primum.</strong></span> 
     </span>
    </p>
   </div>
   <div class='ocr_carea' id='block_1_61' title="bbox 972 973 1763 1019">
    <p class='ocr_par' dir='ltr' id='par_1_61' title="bbox 972 973 1763 1019">
     <span class='ocr_line' id='line_1_61' title="bbox 972 973 1763 1019; baseline 0.014 -18"><span class='ocrx_word' id='word_1_459' title='bbox 972 973 1063 1002; x_wconf 80' lang='lat' dir='ltr'><strong>Sacrae</strong></span> <span class='ocrx_word' id='word_1_460' title='bbox 1084 974 1196 1002; x_wconf 70' lang='lat' dir='ltr'><strong>Littera:</strong></span> <span class='ocrx_word' id='word_1_461' title='bbox 1217 975 1309 1010; x_wconf 89' lang='lat' dir='ltr'><strong>itaque</strong></span> <span class='ocrx_word' id='word_1_462' title='bbox 1334 977 1526 1012; x_wconf 74' lang='lat' dir='ltr'><strong>hujuscemodi</strong></span> <span class='ocrx_word' id='word_1_463' title='bbox 1547 989 1679 1010; x_wconf 85' lang='lat' dir='ltr'><strong>numeros</strong></span> <span class='ocrx_word' id='word_1_464' title='bbox 1700 992 1763 1019; x_wconf 88' lang='lat' dir='ltr'><strong>per-</strong></span> 
     </span>
    </p>
   </div>
   <div class='ocr_carea' id='block_1_62' title="bbox 972 1020 1764 1058">
    <p class='ocr_par' dir='ltr' id='par_1_62' title="bbox 972 1020 1764 1058">
     <span class='ocr_line' id='line_1_62' title="bbox 972 1020 1764 1058; baseline 0.011 -11"><span class='ocrx_word' id='word_1_465' title='bbox 972 1020 1099 1048; x_wconf 85' lang='lat' dir='ltr'><strong>fectionis</strong></span> <span class='ocrx_word' id='word_1_466' title='bbox 1117 1021 1193 1056; x_wconf 77' lang='lat' dir='ltr'><strong>signa</strong></span> <span class='ocrx_word' id='word_1_467' title='bbox 1210 1021 1325 1049; x_wconf 76' lang='lat' dir='ltr'><strong>faciunt.</strong></span> <span class='ocrx_word' id='word_1_468' title='bbox 1340 1022 1426 1058; x_wconf 80' lang='lat' dir='ltr'><strong>Igitur</strong></span> <span class='ocrx_word' id='word_1_469' title='bbox 1444 1024 1471 1051; x_wconf 95' lang='lat' dir='ltr'><strong>in</strong></span> <span class='ocrx_word' id='word_1_470' title='bbox 1487 1025 1651 1054; x_wconf 86' lang='lat' dir='ltr'><strong>talentorum</strong></span> <span class='ocrx_word' id='word_1_471' title='bbox 1668 1028 1764 1056; x_wconf 87' lang='lat' dir='ltr'><strong>distri-</strong></span> 
     </span>
    </p>
   </div>
   <div class='ocr_carea' id='block_1_63' title="bbox 971 1066 1767 1102">
    <p class='ocr_par' dir='ltr' id='par_1_63' title="bbox 971 1066 1767 1102">
     <span class='ocr_line' id='line_1_63' title="bbox 971 1066 1767 1102; baseline 0.011 -9"><span class='ocrx_word' id='word_1_472' title='bbox 971 1066 1085 1094; x_wconf 87' lang='lat' dir='ltr'><strong>butione</strong></span> <span class='ocrx_word' id='word_1_473' title='bbox 1103 1067 1137 1095; x_wconf 90' lang='lat' dir='ltr'><strong>ad</strong></span> <span class='ocrx_word' id='word_1_474' title='bbox 1154 1073 1257 1096; x_wconf 83' lang='lat' dir='ltr'><strong>sortem</strong></span> <span class='ocrx_word' id='word_1_475' title='bbox 1274 1068 1477 1097; x_wconf 63' lang='lat' dir='ltr'><strong>laeredilariam</strong></span> <span class='ocrx_word' id='word_1_476' title='bbox 1491 1072 1647 1100; x_wconf 78' lang='lat' dir='ltr'><strong>venientem</strong></span> <span class='ocrx_word' id='word_1_477' title='bbox 1664 1074 1767 1102; x_wconf 72' lang='lat' dir='ltr'><strong>seduli-</strong></span> 
     </span>
    </p>
   </div>
   <div class='ocr_carea' id='block_1_64' title="bbox 971 1112 1762 1153">
    <p class='ocr_par' dir='ltr' id='par_1_64' title="bbox 971 1112 1762 1153">
     <span class='ocr_line' id='line_1_64' title="bbox 971 1112 1762 1153; baseline 0.011 -14"><span class='ocrx_word' id='word_1_478' title='bbox 971 1112 1035 1140; x_wconf 88' lang='lat' dir='ltr'><strong>tatis</strong></span> <span class='ocrx_word' id='word_1_479' title='bbox 1055 1120 1118 1148; x_wconf 82' lang='lat' dir='ltr'><strong>erga</strong></span> <span class='ocrx_word' id='word_1_480' title='bbox 1133 1113 1230 1146; x_wconf 88' lang='lat' dir='ltr'><strong>Deum,</strong></span> <span class='ocrx_word' id='word_1_481' title='bbox 1246 1114 1340 1141; x_wconf 87' lang='lat' dir='ltr'><strong>decem</strong></span> <span class='ocrx_word' id='word_1_482' title='bbox 1359 1116 1497 1151; x_wconf 78' lang='lat' dir='ltr'><strong>accepisse</strong></span> <span class='ocrx_word' id='word_1_483' title='bbox 1513 1118 1613 1145; x_wconf 87' lang='lat' dir='ltr'><strong>talenta</strong></span> <span class='ocrx_word' id='word_1_484' title='bbox 1631 1119 1668 1146; x_wconf 89' lang='lat' dir='ltr'><strong>ait</strong></span> <span class='ocrx_word' id='word_1_485' title='bbox 1682 1119 1717 1153; x_wconf 74' lang='grc'><strong>³⁸,</strong></span> <span class='ocrx_word' id='word_1_486' title='bbox 1735 1127 1762 1150; x_wconf 86' lang='lat' dir='ltr'><strong>et</strong></span> 
     </span>
    </p>
   </div>
   <div class='ocr_carea' id='block_1_65' title="bbox 971 1160 1767 1202">
    <p class='ocr_par' dir='ltr' id='par_1_65' title="bbox 971 1160 1767 1202">
     <span class='ocr_line' id='line_1_65' title="bbox 971 1160 1767 1202; baseline 0.011 -16"><span class='ocrx_word' id='word_1_487' title='bbox 971 1163 1046 1187; x_wconf 89' lang='lat' dir='ltr'><strong>retro</strong></span> <span class='ocrx_word' id='word_1_488' title='bbox 1055 1160 1139 1188; x_wconf 88' lang='lat' dir='ltr'><strong>urbes</strong></span> <span class='ocrx_word' id='word_1_489' title='bbox 1148 1160 1244 1188; x_wconf 87' lang='lat' dir='ltr'><strong>decem</strong></span> <span class='ocrx_word' id='word_1_490' title='bbox 1250 1161 1275 1188; x_wconf 91' lang='lat' dir='ltr'><strong>ei</strong></span> <span class='ocrx_word' id='word_1_491' title='bbox 1286 1161 1411 1195; x_wconf 59' lang='lat' dir='ltr'><strong>datasw,</strong></span> <span class='ocrx_word' id='word_1_492' title='bbox 1419 1163 1492 1198; x_wconf 91' lang='lat' dir='ltr'><strong>qucd</strong></span> <span class='ocrx_word' id='word_1_493' title='bbox 1499 1163 1533 1191; x_wconf 86' lang='lat' dir='ltr'><strong>ad</strong></span> <span class='ocrx_word' id='word_1_494' title='bbox 1545 1165 1664 1193; x_wconf 88' lang='lat' dir='ltr'><strong>nominis</strong></span> <span class='ocrx_word' id='word_1_495' title='bbox 1674 1167 1767 1202; x_wconf 79' lang='lat' dir='ltr'><strong>splen-</strong></span> 
     </span>
    </p>
   </div>
   <div class='ocr_carea' id='block_1_66' title="bbox 971 1205 1763 1249">
    <p class='ocr_par' dir='ltr' id='par_1_66' title="bbox 971 1205 1763 1249">
     <span class='ocr_line' id='line_1_66' title="bbox 971 1205 1763 1249; baseline 0.011 -16"><span class='ocrx_word' id='word_1_496' title='bbox 971 1205 1066 1234; x_wconf 91' lang='lat' dir='ltr'><strong>dorem</strong></span> <span class='ocrx_word' id='word_1_497' title='bbox 1081 1206 1244 1242; x_wconf 84' lang='lat' dir='ltr'><strong>perl‘ectioni</strong></span> <span class='ocrx_word' id='word_1_498' title='bbox 1259 1208 1333 1235; x_wconf 88' lang='lat' dir='ltr'><strong>onmi</strong></span> <span class='ocrx_word' id='word_1_499' title='bbox 1348 1212 1375 1236; x_wconf 82' lang='lat' dir='ltr'><strong>et</strong></span> <span class='ocrx_word' id='word_1_500' title='bbox 1388 1209 1491 1245; x_wconf 89' lang='lat' dir='ltr'><strong>ubique</strong></span> <span class='ocrx_word' id='word_1_501' title='bbox 1506 1212 1618 1245; x_wconf 80' lang='lat' dir='ltr'><strong>praemia</strong></span> <span class='ocrx_word' id='word_1_502' title='bbox 1630 1213 1763 1249; x_wconf 75' lang='lat' dir='ltr'><strong>adapten-</strong></span> 
     </span>
    </p>
   </div>
   <div class='ocr_carea' id='block_1_67' title="bbox 972 1251 1762 1294">
    <p class='ocr_par' dir='ltr' id='par_1_67' title="bbox 972 1251 1762 1294">
     <span class='ocr_line' id='line_1_67' title="bbox 972 1251 1762 1294; baseline 0.013 -16"><span class='ocrx_word' id='word_1_503' title='bbox 972 1255 1027 1278; x_wconf 87' lang='lat' dir='ltr'><strong>tur.</strong></span> <span class='ocrx_word' id='word_1_504' title='bbox 1049 1252 1101 1279; x_wconf 91' lang='lat' dir='ltr'><strong>Per</strong></span> <span class='ocrx_word' id='word_1_505' title='bbox 1117 1252 1175 1280; x_wconf 74' lang='lat' dir='ltr'><strong>hzec</strong></span> <span class='ocrx_word' id='word_1_506' title='bbox 1193 1253 1316 1281; x_wconf 87' lang='lat' dir='ltr'><strong>ostendit</strong></span> <span class='ocrx_word' id='word_1_507' title='bbox 1331 1251 1502 1283; x_wconf 74' lang='lat' dir='ltr'><strong>&#39;distrihutor</strong></span> <span class='ocrx_word' id='word_1_508' title='bbox 1515 1257 1626 1292; x_wconf 84' lang='lat' dir='ltr'><strong>horum,</strong></span> <span class='ocrx_word' id='word_1_509' title='bbox 1644 1259 1697 1287; x_wconf 90' lang='lat' dir='ltr'><strong>hoc</strong></span> <span class='ocrx_word' id='word_1_510' title='bbox 1711 1266 1762 1294; x_wconf 84' lang='lat' dir='ltr'><strong>est,</strong></span> 
     </span>
    </p>
   </div>
   <div class='ocr_carea' id='block_1_68' title="bbox 970 1298 1763 1340">
    <p class='ocr_par' dir='ltr' id='par_1_68' title="bbox 970 1298 1763 1340">
     <span class='ocr_line' id='line_1_68' title="bbox 970 1298 1763 1340; baseline 0.015 -14"><span class='ocrx_word' id='word_1_511' title='bbox 970 1298 1107 1333; x_wconf 86' lang='lat' dir='ltr'><strong>Christus,</strong></span> <span class='ocrx_word' id='word_1_512' title='bbox 1121 1301 1242 1329; x_wconf 87' lang='lat' dir='ltr'><strong>sterilem</strong></span> <span class='ocrx_word' id='word_1_513' title='bbox 1260 1306 1366 1338; x_wconf 90' lang='lat' dir='ltr'><strong>septem</strong></span> <span class='ocrx_word' id='word_1_514' title='bbox 1384 1305 1536 1340; x_wconf 86' lang='lat' dir='ltr'><strong>peperisse,</strong></span> <span class='ocrx_word' id='word_1_515' title='bbox 1549 1311 1581 1334; x_wconf 82' lang='lat' dir='ltr'><strong>ut.</strong></span> <span class='ocrx_word' id='word_1_516' title='bbox 1600 1307 1637 1335; x_wconf 89' lang='lat' dir='ltr'><strong>ait</strong></span> <span class='ocrx_word' id='word_1_517' title='bbox 1653 1315 1763 1338; x_wconf 86' lang='lat' dir='ltr'><strong>sancto-</strong></span> 
     </span>
    </p>
   </div>
   <div class='ocr_carea' id='block_1_69' title="bbox 971 1347 1763 1391">
    <p class='ocr_par' dir='ltr' id='par_1_69' title="bbox 971 1347 1763 1391">
     <span class='ocr_line' id='line_1_69' title="bbox 971 1347 1763 1391; baseline 0.014 -18"><span class='ocrx_word' id='word_1_518' title='bbox 971 1354 1031 1373; x_wconf 94' lang='lat' dir='ltr'><strong>rum</strong></span> <span class='ocrx_word' id='word_1_519' title='bbox 1050 1347 1201 1383; x_wconf 85' lang='lat' dir='ltr'><strong>quispiam,</strong></span> <span class='ocrx_word' id='word_1_520' title='bbox 1217 1354 1316 1384; x_wconf 76' lang='lat' dir='ltr'><strong>scplcm</strong></span> <span class='ocrx_word' id='word_1_521' title='bbox 1336 1358 1442 1385; x_wconf 89' lang='lat' dir='ltr'><strong>ponens</strong></span> <span class='ocrx_word' id='word_1_522' title='bbox 1459 1360 1509 1386; x_wconf 90' lang='lat' dir='ltr'><strong>pro</strong></span> <span class='ocrx_word' id='word_1_523' title='bbox 1526 1353 1627 1387; x_wconf 82' lang='lat' dir='ltr'><strong>multis,</strong></span> <span class='ocrx_word' id='word_1_524' title='bbox 1645 1363 1673 1383; x_wconf 88' lang='lat' dir='ltr'><strong>et</strong></span> <span class='ocrx_word' id='word_1_525' title='bbox 1685 1364 1763 1391; x_wconf 65' lang='lat' dir='ltr'><strong>quae-</strong></span> 
     </span>
    </p>
   </div>
   <div class='ocr_carea' id='block_1_70' title="bbox 971 1395 1764 1438">
    <p class='ocr_par' dir='ltr' id='par_1_70' title="bbox 971 1395 1764 1438">
     <span class='ocr_line' id='line_1_70' title="bbox 971 1395 1764 1438; baseline 0.014 -17"><span class='ocrx_word' id='word_1_526' title='bbox 971 1401 1079 1429; x_wconf 89' lang='lat' dir='ltr'><strong>cunque</strong></span> <span class='ocrx_word' id='word_1_527' title='bbox 1101 1395 1263 1430; x_wconf 88' lang='lat' dir='ltr'><strong>obveniunt,</strong></span> <span class='ocrx_word' id='word_1_528' title='bbox 1284 1397 1318 1425; x_wconf 85' lang='lat' dir='ltr'><strong>ad</strong></span> <span class='ocrx_word' id='word_1_529' title='bbox 1341 1398 1493 1433; x_wconf 77' lang='lat' dir='ltr'><strong>perfectum</strong></span> <span class='ocrx_word' id='word_1_530' title='bbox 1515 1403 1639 1430; x_wconf 88' lang='lat' dir='ltr'><strong>revocari</strong></span> <span class='ocrx_word' id='word_1_531' title='bbox 1662 1409 1764 1438; x_wconf 85' lang='lat' dir='ltr'><strong>queant</strong></span> 
     </span>
    </p>
   </div>
   <div class='ocr_carea' id='block_1_71' title="bbox 970 1442 1763 1484">
    <p class='ocr_par' dir='ltr' id='par_1_71' title="bbox 970 1442 1763 1484">
     <span class='ocr_line' id='line_1_71' title="bbox 970 1442 1763 1484; baseline 0.015 -17"><span class='ocrx_word' id='word_1_532' title='bbox 970 1448 1127 1474; x_wconf 80' lang='lat' dir='ltr'><strong>numerum,</strong></span> <span class='ocrx_word' id='word_1_533' title='bbox 1143 1442 1183 1470; x_wconf 88' lang='lat' dir='ltr'><strong>sic</strong></span> <span class='ocrx_word' id='word_1_534' title='bbox 1196 1443 1269 1470; x_wconf 88' lang='lat' dir='ltr'><strong>dicta</strong></span> <span class='ocrx_word' id='word_1_535' title='bbox 1283 1445 1464 1473; x_wconf 87' lang='lat' dir='ltr'><strong>remetiendo.</strong></span> <span class='ocrx_word' id='word_1_536' title='bbox 1477 1446 1545 1474; x_wconf 89' lang='lat' dir='ltr'><strong>Cum</strong></span> <span class='ocrx_word' id='word_1_537' title='bbox 1559 1448 1651 1484; x_wconf 82' lang='lat' dir='ltr'><strong>itaque</strong></span> <span class='ocrx_word' id='word_1_538' title='bbox 1668 1450 1701 1478; x_wconf 90' lang='lat' dir='ltr'><strong>de</strong></span> <span class='ocrx_word' id='word_1_539' title='bbox 1715 1451 1763 1478; x_wconf 77' lang='lat' dir='ltr'><strong>Jo-</strong></span> 
     </span>
    </p>
   </div>
   <div class='ocr_carea' id='block_1_72' title="bbox 970 1487 1761 1528">
    <p class='ocr_par' dir='ltr' id='par_1_72' title="bbox 970 1487 1761 1528">
     <span class='ocr_line' id='line_1_72' title="bbox 970 1487 1761 1528; baseline 0.015 -15"><span class='ocrx_word' id='word_1_540' title='bbox 970 1487 1037 1522; x_wconf 88' lang='lat' dir='ltr'><strong>seph</strong></span> <span class='ocrx_word' id='word_1_541' title='bbox 1052 1487 1170 1521; x_wconf 81' lang='lat' dir='ltr'><strong>dicatur,</strong></span> <span class='ocrx_word' id='word_1_542' title='bbox 1187 1496 1322 1517; x_wconf 88' lang='lat' dir='ltr'><strong>annorum</strong></span> <span class='ocrx_word' id='word_1_543' title='bbox 1338 1490 1421 1519; x_wconf 78' lang='lat' dir='ltr'><strong>fuisse</strong></span> <span class='ocrx_word' id='word_1_544' title='bbox 1438 1493 1645 1528; x_wconf 83' lang='lat' dir='ltr'><strong>septemdecim,</strong></span> <span class='ocrx_word' id='word_1_545' title='bbox 1659 1498 1761 1525; x_wconf 88' lang='lat' dir='ltr'><strong>consti-</strong></span> 
     </span>
    </p>
   </div>
   <div class='ocr_carea' id='block_1_73' title="bbox 972 1533 1763 1571">
    <p class='ocr_par' dir='ltr' id='par_1_73' title="bbox 972 1533 1763 1571">
     <span class='ocr_line' id='line_1_73' title="bbox 972 1533 1763 1571; baseline 0.015 -12"><span class='ocrx_word' id='word_1_546' title='bbox 972 1537 1048 1560; x_wconf 87' lang='lat' dir='ltr'><strong>tuere</strong></span> <span class='ocrx_word' id='word_1_547' title='bbox 1070 1533 1196 1562; x_wconf 86' lang='lat' dir='ltr'><strong>videatur</strong></span> <span class='ocrx_word' id='word_1_548' title='bbox 1223 1543 1255 1563; x_wconf 85' lang='lat' dir='ltr'><strong>ac</strong></span> <span class='ocrx_word' id='word_1_549' title='bbox 1286 1536 1389 1565; x_wconf 78' lang='lat' dir='ltr'><strong>referre</strong></span> <span class='ocrx_word' id='word_1_550' title='bbox 1414 1538 1620 1568; x_wconf 87' lang='lat' dir='ltr'><strong>Emmanuelcm</strong></span> <span class='ocrx_word' id='word_1_551' title='bbox 1650 1542 1677 1569; x_wconf 89' lang='lat' dir='ltr'><strong>in</strong></span> <span class='ocrx_word' id='word_1_552' title='bbox 1707 1551 1763 1571; x_wconf 81' lang='lat' dir='ltr'><strong>uno</strong></span> 
     </span>
    </p>
   </div>
   <div class='ocr_carea' id='block_1_74' title="bbox 970 1578 1761 1620">
    <p class='ocr_par' dir='ltr' id='par_1_74' title="bbox 970 1578 1761 1620">
     <span class='ocr_line' id='line_1_74' title="bbox 970 1578 1761 1620; baseline 0.016 -15"><span class='ocrx_word' id='word_1_553' title='bbox 970 1578 1080 1607; x_wconf 86' lang='lat' dir='ltr'><strong>Christo</strong></span> <span class='ocrx_word' id='word_1_554' title='bbox 1100 1588 1132 1608; x_wconf 91' lang='lat' dir='ltr'><strong>ac</strong></span> <span class='ocrx_word' id='word_1_555' title='bbox 1146 1581 1225 1614; x_wconf 87' lang='lat' dir='ltr'><strong>Filio,</strong></span> <span class='ocrx_word' id='word_1_556' title='bbox 1240 1589 1255 1609; x_wconf 88' lang='lat' dir='ltr'><strong>e</strong></span> <span class='ocrx_word' id='word_1_557' title='bbox 1272 1582 1381 1611; x_wconf 92' lang='lat' dir='ltr'><strong>duobus</strong></span> <span class='ocrx_word' id='word_1_558' title='bbox 1399 1585 1563 1620; x_wconf 80' lang='lat' dir='ltr'><strong>perfectum,</strong></span> <span class='ocrx_word' id='word_1_559' title='bbox 1577 1587 1721 1617; x_wconf 87' lang='lat' dir='ltr'><strong>divinitate</strong></span> <span class='ocrx_word' id='word_1_560' title='bbox 1736 1594 1761 1618; x_wconf 85' lang='lat' dir='ltr'><strong>ct</strong></span> 
     </span>
    </p>
   </div>
   <div class='ocr_carea' id='block_1_75' title="bbox 970 1625 1761 1668">
    <p class='ocr_par' dir='ltr' id='par_1_75' title="bbox 970 1625 1761 1668">
     <span class='ocr_line' id='line_1_75' title="bbox 970 1625 1761 1668; baseline 0.015 -16"><span class='ocrx_word' id='word_1_561' title='bbox 970 1625 1152 1654; x_wconf 86' lang='lat' dir='ltr'><strong>humanitate.</strong></span> <span class='ocrx_word' id='word_1_562' title='bbox 1165 1627 1224 1654; x_wconf 86' lang='lat' dir='ltr'><strong>Non</strong></span> <span class='ocrx_word' id='word_1_563' title='bbox 1238 1629 1312 1655; x_wconf 89' lang='lat' dir='ltr'><strong>enim</strong></span> <span class='ocrx_word' id='word_1_564' title='bbox 1326 1630 1485 1665; x_wconf 88' lang='lat' dir='ltr'><strong>recipimus,</strong></span> <span class='ocrx_word' id='word_1_565' title='bbox 1499 1632 1573 1667; x_wconf 84' lang='lat' dir='ltr'><strong>quod</strong></span> <span class='ocrx_word' id='word_1_566' title='bbox 1588 1634 1700 1668; x_wconf 82' lang='lat' dir='ltr'><strong>quidam</strong></span> <span class='ocrx_word' id='word_1_567' title='bbox 1716 1644 1761 1664; x_wconf 90' lang='lat' dir='ltr'><strong>as-</strong></span> 
     </span>
    </p>
   </div>
   <div class='ocr_carea' id='block_1_76' title="bbox 969 1673 1762 1712">
    <p class='ocr_par' dir='ltr' id='par_1_76' title="bbox 969 1673 1762 1712">
     <span class='ocr_line' id='line_1_76' title="bbox 969 1673 1762 1712; baseline 0.015 -14"><span class='ocrx_word' id='word_1_568' title='bbox 969 1677 1074 1705; x_wconf 84' lang='lat' dir='ltr'><strong>serunt,</strong></span> <span class='ocrx_word' id='word_1_569' title='bbox 1087 1673 1211 1700; x_wconf 82' lang='lat' dir='ltr'><strong>divinum</strong></span> <span class='ocrx_word' id='word_1_570' title='bbox 1228 1674 1295 1702; x_wconf 88' lang='lat' dir='ltr'><strong>illud</strong></span> <span class='ocrx_word' id='word_1_571' title='bbox 1314 1675 1362 1703; x_wconf 87' lang='lat' dir='ltr'><strong>Dei</strong></span> <span class='ocrx_word' id='word_1_572' title='bbox 1380 1677 1511 1712; x_wconf 80' lang='lat' dir='ltr'><strong>templum</strong></span> <span class='ocrx_word' id='word_1_573' title='bbox 1532 1679 1621 1707; x_wconf 82' lang='lat' dir='ltr'><strong>anima</strong></span> <span class='ocrx_word' id='word_1_574' title='bbox 1640 1681 1762 1710; x_wconf 74' lang='lat' dir='ltr'><strong>caruisse</strong></span> 
     </span>
    </p>
   </div>
   <div class='ocr_carea' id='block_1_77' title="bbox 970 1718 1761 1762">
    <p class='ocr_par' dir='ltr' id='par_1_77' title="bbox 970 1718 1761 1762">
     <span class='ocr_line' id='line_1_77' title="bbox 970 1718 1761 1762; baseline 0.014 -18"><span class='ocrx_word' id='word_1_575' title='bbox 970 1718 1108 1751; x_wconf 85' lang='lat' dir='ltr'><strong>rationali,</strong></span> <span class='ocrx_word' id='word_1_576' title='bbox 1125 1719 1198 1753; x_wconf 91' lang='lat' dir='ltr'><strong>quod</strong></span> <span class='ocrx_word' id='word_1_577' title='bbox 1211 1728 1226 1747; x_wconf 90' lang='lat' dir='ltr'><strong>e</strong></span> <span class='ocrx_word' id='word_1_578' title='bbox 1243 1725 1337 1748; x_wconf 83' lang='lat' dir='ltr'><strong>sancta</strong></span> <span class='ocrx_word' id='word_1_579' title='bbox 1348 1722 1460 1758; x_wconf 77' lang='lat' dir='ltr'><strong>Virgine</strong></span> <span class='ocrx_word' id='word_1_580' title='bbox 1476 1724 1548 1751; x_wconf 88' lang='lat' dir='ltr'><strong>Deus</strong></span> <span class='ocrx_word' id='word_1_581' title='bbox 1562 1725 1683 1753; x_wconf 81' lang='lat' dir='ltr'><strong>Verbum</strong></span> <span class='ocrx_word' id='word_1_582' title='bbox 1696 1735 1761 1762; x_wconf 86' lang='lat' dir='ltr'><strong>pro-</strong></span> 
     </span>
    </p>
   </div>
   <div class='ocr_carea' id='block_1_78' title="bbox 970 1763 1760 1803">
    <p class='ocr_par' dir='ltr' id='par_1_78' title="bbox 970 1763 1760 1803">
     <span class='ocr_line' id='line_1_78' title="bbox 970 1763 1760 1803; baseline 0.015 -14"><span class='ocrx_word' id='word_1_583' title='bbox 970 1763 1042 1790; x_wconf 88' lang='lat' dir='ltr'><strong>tulit.</strong></span> <span class='ocrx_word' id='word_1_584' title='bbox 1057 1764 1109 1791; x_wconf 80' lang='lat' dir='ltr'><strong>Setl</strong></span> <span class='ocrx_word' id='word_1_585' title='bbox 1126 1769 1156 1791; x_wconf 90' lang='lat' dir='ltr'><strong>ut</strong></span> <span class='ocrx_word' id='word_1_586' title='bbox 1171 1765 1199 1792; x_wconf 87' lang='lat' dir='ltr'><strong>in</strong></span> <span class='ocrx_word' id='word_1_587' title='bbox 1213 1766 1315 1794; x_wconf 81' lang='lat' dir='ltr'><strong>deitate</strong></span> <span class='ocrx_word' id='word_1_588' title='bbox 1332 1767 1470 1802; x_wconf 79' lang='lat' dir='ltr'><strong>perfectus</strong></span> <span class='ocrx_word' id='word_1_589' title='bbox 1481 1775 1550 1803; x_wconf 80' lang='lat' dir='ltr'><strong>erat,</strong></span> <span class='ocrx_word' id='word_1_590' title='bbox 1566 1771 1606 1799; x_wconf 90' lang='lat' dir='ltr'><strong>sic</strong></span> <span class='ocrx_word' id='word_1_591' title='bbox 1621 1777 1649 1800; x_wconf 90' lang='lat' dir='ltr'><strong>et</strong></span> <span class='ocrx_word' id='word_1_592' title='bbox 1666 1772 1692 1800; x_wconf 90' lang='lat' dir='ltr'><strong>in</strong></span> <span class='ocrx_word' id='word_1_593' title='bbox 1708 1773 1760 1800; x_wconf 87' lang='lat' dir='ltr'><strong>hu-</strong></span> 
     </span>
    </p>
   </div>
   <div class='ocr_carea' id='block_1_79' title="bbox 969 1810 1761 1847">
    <p class='ocr_par' dir='ltr' id='par_1_79' title="bbox 969 1810 1761 1847">
     <span class='ocr_line' id='line_1_79' title="bbox 969 1810 1761 1847; baseline 0.014 -11"><span class='ocrx_word' id='word_1_594' title='bbox 969 1817 1050 1837; x_wconf 88' lang='lat' dir='ltr'><strong>mana</strong></span> <span class='ocrx_word' id='word_1_595' title='bbox 1066 1810 1118 1838; x_wconf 84' lang='lat' dir='ltr'><strong>fuit</strong></span> <span class='ocrx_word' id='word_1_596' title='bbox 1137 1815 1251 1845; x_wconf 83' lang='lat' dir='ltr'><strong>natura,</strong></span> <span class='ocrx_word' id='word_1_597' title='bbox 1269 1821 1341 1841; x_wconf 88' lang='lat' dir='ltr'><strong>unus</strong></span> <span class='ocrx_word' id='word_1_598' title='bbox 1362 1818 1452 1842; x_wconf 87' lang='lat' dir='ltr'><strong>tamen</strong></span> <span class='ocrx_word' id='word_1_599' title='bbox 1470 1817 1605 1845; x_wconf 72' lang='lat' dir='ltr'><strong>exsistens</strong></span> <span class='ocrx_word' id='word_1_600' title='bbox 1629 1818 1761 1847; x_wconf 79' lang='lat' dir='ltr'><strong>ineﬂ‘abill</strong></span> 
     </span>
    </p>
   </div>
   <div class='ocr_carea' id='block_1_80' title="bbox 970 1856 1763 1900">
    <p class='ocr_par' dir='ltr' id='par_1_80' title="bbox 970 1856 1763 1900">
     <span class='ocr_line' id='line_1_80' title="bbox 970 1856 1763 1900; baseline 0.014 -17"><span class='ocrx_word' id='word_1_601' title='bbox 970 1856 1196 1893; x_wconf 84' lang='lat' dir='ltr'><strong>intellectumque</strong></span> <span class='ocrx_word' id='word_1_602' title='bbox 1214 1864 1361 1894; x_wconf 89' lang='lat' dir='ltr'><strong>superante</strong></span> <span class='ocrx_word' id='word_1_603' title='bbox 1377 1861 1468 1888; x_wconf 86' lang='lat' dir='ltr'><strong>modo.</strong></span> <span class='ocrx_word' id='word_1_604' title='bbox 1485 1862 1613 1899; x_wconf 78' lang='lat' dir='ltr'><strong>Designat</strong></span> <span class='ocrx_word' id='word_1_605' title='bbox 1629 1864 1721 1900; x_wconf 83' lang='lat' dir='ltr'><strong>itaque</strong></span> <span class='ocrx_word' id='word_1_606' title='bbox 1733 1869 1763 1894; x_wconf 85' lang='lat' dir='ltr'><strong>et</strong></span> 
     </span>
    </p>
   </div>
   <div class='ocr_carea' id='block_1_81' title="bbox 970 1903 1761 1942">
    <p class='ocr_par' dir='ltr' id='par_1_81' title="bbox 970 1903 1761 1942">
     <span class='ocr_line' id='line_1_81' title="bbox 970 1903 1761 1942; baseline 0.013 -12"><span class='ocrx_word' id='word_1_607' title='bbox 970 1903 1093 1932; x_wconf 88' lang='lat' dir='ltr'><strong>involute</strong></span> <span class='ocrx_word' id='word_1_608' title='bbox 1118 1905 1198 1932; x_wconf 83' lang='lat' dir='ltr'><strong>nobis</strong></span> <span class='ocrx_word' id='word_1_609' title='bbox 1220 1905 1356 1941; x_wconf 83' lang='lat' dir='ltr'><strong>signiﬁcat</strong></span> <span class='ocrx_word' id='word_1_610' title='bbox 1383 1908 1581 1942; x_wconf 74' lang='lat' dir='ltr'><strong>perfectionem</strong></span> <span class='ocrx_word' id='word_1_611' title='bbox 1609 1910 1636 1938; x_wconf 95' lang='lat' dir='ltr'><strong>in</strong></span> <span class='ocrx_word' id='word_1_612' title='bbox 1659 1912 1761 1940; x_wconf 80' lang='lat' dir='ltr'><strong>deitate</strong></span> 
     </span>
    </p>
   </div>
   <div class='ocr_carea' id='block_1_82' title="bbox 969 1949 1761 1993">
    <p class='ocr_par' dir='ltr' id='par_1_82' title="bbox 969 1949 1761 1993">
     <span class='ocr_line' id='line_1_82' title="bbox 969 1949 1761 1993; baseline 0.013 -17"><span class='ocrx_word' id='word_1_613' title='bbox 969 1949 1099 1978; x_wconf 85' lang='lat' dir='ltr'><strong>denarius</strong></span> <span class='ocrx_word' id='word_1_614' title='bbox 1125 1958 1268 1979; x_wconf 87' lang='lat' dir='ltr'><strong>numerus.</strong></span> <span class='ocrx_word' id='word_1_615' title='bbox 1295 1951 1374 1986; x_wconf 85' lang='lat' dir='ltr'><strong>Quod</strong></span> <span class='ocrx_word' id='word_1_616' title='bbox 1403 1962 1466 1981; x_wconf 90' lang='lat' dir='ltr'><strong>eum</strong></span> <span class='ocrx_word' id='word_1_617' title='bbox 1495 1955 1533 1983; x_wconf 89' lang='lat' dir='ltr'><strong>ita</strong></span> <span class='ocrx_word' id='word_1_618' title='bbox 1559 1956 1607 1989; x_wconf 86' lang='lat' dir='ltr'><strong>sit,</strong></span> <span class='ocrx_word' id='word_1_619' title='bbox 1633 1962 1761 1993; x_wconf 87' lang='lat' dir='ltr'><strong>septena-</strong></span> 
     </span>
    </p>
   </div>
   <div class='ocr_carea' id='block_1_83' title="bbox 970 1995 1760 2039">
    <p class='ocr_par' dir='ltr' id='par_1_83' title="bbox 970 1995 1760 2039">
     <span class='ocr_line' id='line_1_83' title="bbox 970 1995 1760 2039; baseline 0.011 -17"><span class='ocrx_word' id='word_1_620' title='bbox 970 1995 1029 2022; x_wconf 90' lang='lat' dir='ltr'><strong>rius</strong></span> <span class='ocrx_word' id='word_1_621' title='bbox 1059 1996 1180 2024; x_wconf 83' lang='lat' dir='ltr'><strong>vicissim</strong></span> <span class='ocrx_word' id='word_1_622' title='bbox 1212 1997 1412 2025; x_wconf 82' lang='lat' dir='ltr'><strong>humanitatem</strong></span> <span class='ocrx_word' id='word_1_623' title='bbox 1441 1999 1522 2028; x_wconf 85' lang='lat' dir='ltr'><strong>nobis</strong></span> <span class='ocrx_word' id='word_1_624' title='bbox 1552 2001 1690 2035; x_wconf 75' lang='lat' dir='ltr'><strong>exhibeat,</strong></span> <span class='ocrx_word' id='word_1_625' title='bbox 1713 2005 1760 2039; x_wconf 92' lang='lat' dir='ltr'><strong>qui</strong></span> 
     </span>
    </p>
   </div>
   <div class='ocr_carea' id='block_1_84' title="bbox 969 2041 1758 2084">
    <p class='ocr_par' dir='ltr' id='par_1_84' title="bbox 969 2041 1758 2084">
     <span class='ocr_line' id='line_1_84' title="bbox 969 2041 1758 2084; baseline 0.011 -16"><span class='ocrx_word' id='word_1_626' title='bbox 969 2041 1060 2068; x_wconf 88' lang='lat' dir='ltr'><strong>minor</strong></span> <span class='ocrx_word' id='word_1_627' title='bbox 1089 2046 1131 2069; x_wconf 90' lang='lat' dir='ltr'><strong>est</strong></span> <span class='ocrx_word' id='word_1_628' title='bbox 1160 2043 1273 2070; x_wconf 85' lang='lat' dir='ltr'><strong>denario</strong></span> <span class='ocrx_word' id='word_1_629' title='bbox 1302 2043 1349 2078; x_wconf 85' lang='lat' dir='ltr'><strong>qui</strong></span> <span class='ocrx_word' id='word_1_630' title='bbox 1380 2044 1408 2072; x_wconf 94' lang='lat' dir='ltr'><strong>in</strong></span> <span class='ocrx_word' id='word_1_631' title='bbox 1439 2045 1573 2074; x_wconf 84' lang='lat' dir='ltr'><strong>Trinitate</strong></span> <span class='ocrx_word' id='word_1_632' title='bbox 1604 2048 1683 2084; x_wconf 77' lang='lat'><strong>187</strong></span> <span class='ocrx_word' id='word_1_633' title='bbox 1707 2055 1758 2082; x_wconf 86' lang='lat' dir='ltr'><strong>est,</strong></span> 
     </span>
    </p>
   </div>
   <div class='ocr_carea' id='block_1_85' title="bbox 969 2087 1759 2128">
    <p class='ocr_par' dir='ltr' id='par_1_85' title="bbox 969 2087 1759 2128">
     <span class='ocr_line' id='line_1_85' title="bbox 969 2087 1759 2128; baseline 0.011 -14"><span class='ocrx_word' id='word_1_634' title='bbox 969 2091 998 2114; x_wconf 85' lang='lat' dir='ltr'><strong>et</strong></span> <span class='ocrx_word' id='word_1_635' title='bbox 1025 2087 1090 2116; x_wconf 91' lang='lat' dir='ltr'><strong>huic</strong></span> <span class='ocrx_word' id='word_1_636' title='bbox 1116 2088 1238 2117; x_wconf 89' lang='lat' dir='ltr'><strong>inclusus</strong></span> <span class='ocrx_word' id='word_1_637' title='bbox 1263 2093 1291 2117; x_wconf 82' lang='lat' dir='ltr'><strong>et</strong></span> <span class='ocrx_word' id='word_1_638' title='bbox 1313 2090 1389 2118; x_wconf 84' lang='lat' dir='ltr'><strong>velut</strong></span> <span class='ocrx_word' id='word_1_639' title='bbox 1414 2091 1562 2128; x_wconf 76' lang='lat' dir='ltr'><strong>subjectus.</strong></span> <span class='ocrx_word' id='word_1_640' title='bbox 1588 2093 1652 2121; x_wconf 77' lang='lat' dir='ltr'><strong>Post</strong></span> <span class='ocrx_word' id='word_1_641' title='bbox 1674 2094 1759 2123; x_wconf 87' lang='lat' dir='ltr'><strong>dena-</strong></span> 
     </span>
    </p>
   </div>
   <div class='ocr_carea' id='block_1_86' title="bbox 970 2133 1760 2175">
    <p class='ocr_par' dir='ltr' id='par_1_86' title="bbox 970 2133 1760 2175">
     <span class='ocr_line' id='line_1_86' title="bbox 970 2133 1760 2175; baseline 0.011 -15"><span class='ocrx_word' id='word_1_642' title='bbox 970 2133 1041 2161; x_wconf 87' lang='lat' dir='ltr'><strong>rium</strong></span> <span class='ocrx_word' id='word_1_643' title='bbox 1075 2135 1148 2162; x_wconf 89' lang='lat' dir='ltr'><strong>enim</strong></span> <span class='ocrx_word' id='word_1_644' title='bbox 1177 2136 1349 2170; x_wconf 76' lang='lat' dir='ltr'><strong>septenarius</strong></span> <span class='ocrx_word' id='word_1_645' title='bbox 1375 2137 1484 2166; x_wconf 88' lang='lat' dir='ltr'><strong>accidit.</strong></span> <span class='ocrx_word' id='word_1_646' title='bbox 1514 2139 1545 2166; x_wconf 91' lang='lat' dir='ltr'><strong>ln</strong></span> <span class='ocrx_word' id='word_1_647' title='bbox 1567 2141 1760 2175; x_wconf 79' lang='lat' dir='ltr'><strong>exsuperantia</strong></span> 
     </span>
    </p>
   </div>
   <div class='ocr_carea' id='block_1_87' title="bbox 969 2181 1761 2216">
    <p class='ocr_par' dir='ltr' id='par_1_87' title="bbox 969 2181 1761 2216">
     <span class='ocr_line' id='line_1_87' title="bbox 969 2181 1761 2216; baseline 0.011 -9"><span class='ocrx_word' id='word_1_648' title='bbox 969 2188 1035 2208; x_wconf 86' lang='lat' dir='ltr'><strong>vero</strong></span> <span class='ocrx_word' id='word_1_649' title='bbox 1068 2185 1096 2208; x_wconf 85' lang='lat' dir='ltr'><strong>et</strong></span> <span class='ocrx_word' id='word_1_650' title='bbox 1125 2181 1293 2210; x_wconf 81' lang='lat' dir='ltr'><strong>sublimitate</strong></span> <span class='ocrx_word' id='word_1_651' title='bbox 1322 2183 1483 2216; x_wconf 86' lang='lat' dir='ltr'><strong>Trinitatis,</strong></span> <span class='ocrx_word' id='word_1_652' title='bbox 1515 2186 1568 2213; x_wconf 88' lang='lat' dir='ltr'><strong>hoc</strong></span> <span class='ocrx_word' id='word_1_653' title='bbox 1599 2191 1640 2214; x_wconf 88' lang='lat' dir='ltr'><strong>est</strong></span> <span class='ocrx_word' id='word_1_654' title='bbox 1674 2187 1761 2215; x_wconf 77' lang='lat' dir='ltr'><strong>deita-</strong></span> 
     </span>
    </p>
   </div>
   <div class='ocr_carea' id='block_1_88' title="bbox 125 2222 918 2262">
    <p class='ocr_par' dir='ltr' id='par_1_88' title="bbox 125 2223 915 2260">
     <span class='ocr_line' id='line_1_88' title="bbox 125 2223 915 2260; baseline -0.003 -8"><span class='ocrx_word' id='word_1_655' title='bbox 125 2225 315 2260; x_wconf 76' lang='grc' dir='ltr'>Πατρὺς·Θεὺς</span> <span class='ocrx_word' id='word_1_656' title='bbox 337 2224 437 2258; x_wconf 87' lang='grc' dir='ltr'>Λόγος·</span> <span class='ocrx_word' id='word_1_657' title='bbox 456 2224 484 2250; x_wconf 84' lang='grc' dir='ltr'>ὲν</span> <span class='ocrx_word' id='word_1_658' title='bbox 501 2223 628 2259; x_wconf 81' lang='grc' dir='ltr'>ὑφιζήσει</span> <span class='ocrx_word' id='word_1_659' title='bbox 645 2223 673 2250; x_wconf 80' lang='grc' dir='ltr'>δὲ</span> <span class='ocrx_word' id='word_1_660' title='bbox 691 2224 720 2250; x_wconf 83' lang='grc' dir='ltr'>τὸ</span> <span class='ocrx_word' id='word_1_661' title='bbox 736 2223 915 2259; x_wconf 81' lang='grc' dir='ltr'>ἀνθρώπινον,</span> 
     </span>
    </p>
   </div>
   <div class='ocr_carea' id='block_1_89' title="bbox 971 2222 1760 2262">
    <p class='ocr_par' dir='ltr' id='par_1_89' title="bbox 971 2225 1760 2262">
     <span class='ocr_line' id='line_1_89' title="bbox 971 2225 1760 2262; baseline 0.014 -11"><span class='ocrx_word' id='word_1_662' title='bbox 971 2225 1014 2257; x_wconf 84' lang='lat' dir='ltr'><strong>tis,</strong></span> <span class='ocrx_word' id='word_1_663' title='bbox 1029 2225 1075 2260; x_wconf 90' lang='lat' dir='ltr'><strong>qui</strong></span> <span class='ocrx_word' id='word_1_664' title='bbox 1089 2234 1122 2253; x_wconf 77' lang='lat' dir='ltr'><strong>ex</strong></span> <span class='ocrx_word' id='word_1_665' title='bbox 1136 2227 1215 2254; x_wconf 87' lang='lat' dir='ltr'><strong>Patre</strong></span> <span class='ocrx_word' id='word_1_666' title='bbox 1226 2228 1298 2256; x_wconf 87' lang='lat' dir='ltr'><strong>Deus</strong></span> <span class='ocrx_word' id='word_1_667' title='bbox 1309 2229 1428 2257; x_wconf 76' lang='lat' dir='ltr'><strong>Verbum</strong></span> <span class='ocrx_word' id='word_1_668' title='bbox 1444 2240 1449 2257; x_wconf 92' lang='lat'><strong>:</strong></span> <span class='ocrx_word' id='word_1_669' title='bbox 1460 2232 1488 2258; x_wconf 91' lang='lat' dir='ltr'><strong>in</strong></span> <span class='ocrx_word' id='word_1_670' title='bbox 1500 2232 1683 2262; x_wconf 90' lang='lat' dir='ltr'><strong>submissione</strong></span> <span class='ocrx_word' id='word_1_671' title='bbox 1694 2242 1760 2262; x_wconf 85' lang='lat' dir='ltr'><strong>vero</strong></span> 
     </span>
    </p>
   </div>
   <div class='ocr_carea' id='block_1_90' title="bbox 126 2268 919 2306">
    <p class='ocr_par' dir='ltr' id='par_1_90' title="bbox 126 2268 919 2306">
     <span class='ocr_line' id='line_1_90' title="bbox 126 2268 919 2306; baseline -0.004 -8"><span class='ocrx_word' id='word_1_672' title='bbox 126 2272 172 2299; x_wconf 75' lang='grc' dir='ltr'>καὶ</span> <span class='ocrx_word' id='word_1_673' title='bbox 187 2270 254 2298; x_wconf 80' lang='grc' dir='ltr'><strong>Θεοῦ</strong></span> <span class='ocrx_word' id='word_1_674' title='bbox 270 2270 348 2306; x_wconf 80' lang='grc' dir='ltr'>δόξης</span> <span class='ocrx_word' id='word_1_675' title='bbox 359 2268 388 2297; x_wconf 84' lang='grc' dir='ltr'>ὲν</span> <span class='ocrx_word' id='word_1_676' title='bbox 403 2270 501 2305; x_wconf 81' lang='grc' dir='ltr'>μειοσι.</span> <span class='ocrx_word' id='word_1_677' title='bbox 517 2270 571 2296; x_wconf 81' lang='grc' dir='ltr'>Καὶ</span> <span class='ocrx_word' id='word_1_678' title='bbox 584 2270 598 2296; x_wconf 90' lang='lat'><strong>6</strong></span> <span class='ocrx_word' id='word_1_679' title='bbox 614 2269 662 2305; x_wconf 83' lang='grc' dir='ltr'>μὲν</span> <span class='ocrx_word' id='word_1_680' title='bbox 677 2269 742 2301; x_wconf 76' lang='grc' dir='ltr'>Θεὸς</span> <span class='ocrx_word' id='word_1_681' title='bbox 756 2269 842 2303; x_wconf 85' lang='grc' dir='ltr'>Λόγος</span> <span class='ocrx_word' id='word_1_682' title='bbox 854 2270 919 2295; x_wconf 85' lang='grc' dir='ltr'>νοεῖ-</span> 
     </span>
    </p>
   </div>
   <div class='ocr_carea' id='block_1_91' title="bbox 125 2314 917 2353">
    <p class='ocr_par' dir='ltr' id='par_1_91' title="bbox 125 2314 917 2353">
     <span class='ocr_line' id='line_1_91' title="bbox 125 2314 917 2353; baseline -0.005 -9"><span class='ocrx_word' id='word_1_683' title='bbox 125 2327 170 2344; x_wconf 80' lang='grc' dir='ltr'><strong>ται</strong></span> <span class='ocrx_word' id='word_1_684' title='bbox 196 2316 304 2353; x_wconf 79' lang='grc' dir='ltr'>προὼν,</span> <span class='ocrx_word' id='word_1_685' title='bbox 335 2316 501 2351; x_wconf 76' lang='grc' dir='ltr'>προσγέγονε</span> <span class='ocrx_word' id='word_1_686' title='bbox 524 2315 553 2341; x_wconf 78' lang='grc' dir='ltr'>δὲ</span> <span class='ocrx_word' id='word_1_687' title='bbox 578 2314 652 2350; x_wconf 83' lang='grc' dir='ltr'><strong>αὐτῷ</strong></span> <span class='ocrx_word' id='word_1_688' title='bbox 680 2315 711 2341; x_wconf 88' lang='grc' dir='ltr'>τὸ</span> <span class='ocrx_word' id='word_1_689' title='bbox 737 2314 917 2350; x_wconf 80' lang='grc' dir='ltr'>ἀνθρώπινον.</span> 
     </span>
    </p>
   </div>
   <div class='ocr_carea' id='block_1_92' title="bbox 126 2360 917 2397">
    <p class='ocr_par' dir='ltr' id='par_1_92' title="bbox 126 2360 917 2397">
     <span class='ocr_line' id='line_1_92' title="bbox 126 2360 917 2397; baseline -0.003 -7"><span class='ocrx_word' id='word_1_690' title='bbox 126 2363 232 2390; x_wconf 75' lang='grc' dir='ltr'>Οὐκοῦν</span> <span class='ocrx_word' id='word_1_691' title='bbox 246 2363 403 2397; x_wconf 76' lang='grc' dir='ltr'>ἀναγκαίως</span> <span class='ocrx_word' id='word_1_692' title='bbox 416 2361 598 2397; x_wconf 83' lang='grc' dir='ltr'>προτέτακται</span> <span class='ocrx_word' id='word_1_693' title='bbox 617 2361 666 2396; x_wconf 80' lang='grc' dir='ltr'>μὲν</span> <span class='ocrx_word' id='word_1_694' title='bbox 682 2361 696 2387; x_wconf 86' lang='lat'><strong>6</strong></span> <span class='ocrx_word' id='word_1_695' title='bbox 709 2360 775 2388; x_wconf 83' lang='grc' dir='ltr'>δέκα</span> <span class='ocrx_word' id='word_1_696' title='bbox 791 2361 917 2397; x_wconf 83' lang='grc' dir='ltr'>ἀριθμὸς,</span> 
     </span>
    </p>
   </div>
   <div class='ocr_carea' id='block_1_93' title="bbox 125 2406 918 2444">
    <p class='ocr_par' dir='ltr' id='par_1_93' title="bbox 125 2406 918 2444">
     <span class='ocr_line' id='line_1_93' title="bbox 125 2406 918 2444; baseline -0.003 -9"><span class='ocrx_word' id='word_1_697' title='bbox 125 2408 305 2444; x_wconf 81' lang='grc' dir='ltr'>ὲτιενήνεκταί</span> <span class='ocrx_word' id='word_1_698' title='bbox 322 2416 353 2442; x_wconf 86' lang='grc' dir='ltr'><strong>γε</strong></span> <span class='ocrx_word' id='word_1_699' title='bbox 373 2407 426 2443; x_wconf 80' lang='grc' dir='ltr'>μὴν</span> <span class='ocrx_word' id='word_1_700' title='bbox 447 2408 461 2434; x_wconf 85' lang='lat'><strong>6</strong></span> <span class='ocrx_word' id='word_1_701' title='bbox 482 2406 561 2434; x_wconf 76' lang='grc' dir='ltr'>ἑπτά.</span> <span class='ocrx_word' id='word_1_702' title='bbox 590 2416 598 2432; x_wconf 82' lang='grc' dir='ltr'><strong>ι</strong></span> <span class='ocrx_word' id='word_1_703' title='bbox 622 2406 720 2442; x_wconf 80' lang='grc' dir='ltr'>Ἰωσὴφ</span> <span class='ocrx_word' id='word_1_704' title='bbox 745 2406 809 2442; x_wconf 81' lang='grc' dir='ltr'>γὰρ,</span> <span class='ocrx_word' id='word_1_705' title='bbox 826 2407 918 2443; x_wconf 73' lang='grc' dir='ltr'>φησὶν,</span> 
     </span>
    </p>
   </div>
   <div class='ocr_carea' id='block_1_94' title="bbox 126 2451 921 2489">
    <p class='ocr_par' dir='ltr' id='par_1_94' title="bbox 126 2451 921 2489">
     <span class='ocr_line' id='line_1_94' title="bbox 126 2451 921 2489; baseline 0 -9"><span class='ocrx_word' id='word_1_706' title='bbox 126 2453 191 2480; x_wconf 82' lang='grc' dir='ltr'>δέκα</span> <span class='ocrx_word' id='word_1_707' title='bbox 208 2454 254 2480; x_wconf 78' lang='grc' dir='ltr'><strong>καὶ</strong></span> <span class='ocrx_word' id='word_1_708' title='bbox 270 2453 339 2479; x_wconf 79' lang='grc' dir='ltr'>ἑπτὰ</span> <span class='ocrx_word' id='word_1_709' title='bbox 350 2451 384 2488; x_wconf 81' lang='grc' dir='ltr'><strong>ἦν</strong></span> <span class='ocrx_word' id='word_1_710' title='bbox 403 2452 482 2479; x_wconf 84' lang='grc' dir='ltr'><strong>ὲτῶν.</strong></span> <span class='ocrx_word' id='word_1_711' title='bbox 498 2462 506 2478; x_wconf 79' lang='grc' dir='ltr'><strong>ι</strong></span> <span class='ocrx_word' id='word_1_712' title='bbox 524 2452 618 2488; x_wconf 78' lang='grc' dir='ltr'>’Δθρει</span> <span class='ocrx_word' id='word_1_713' title='bbox 632 2451 663 2488; x_wconf 83' lang='grc' dir='ltr'>δή</span> <span class='ocrx_word' id='word_1_714' title='bbox 682 2461 728 2487; x_wconf 92' lang='grc' dir='ltr'><strong>μοι</strong></span> <span class='ocrx_word' id='word_1_715' title='bbox 749 2453 817 2488; x_wconf 79' lang='grc' dir='ltr'>πρὸς</span> <span class='ocrx_word' id='word_1_716' title='bbox 834 2453 921 2489; x_wconf 85' lang='grc' dir='ltr'>τούτῳ</span> 
     </span>
    </p>
   </div>
   <div class='ocr_carea' id='block_1_95' title="bbox 126 2497 918 2535">
    <p class='ocr_par' dir='ltr' id='par_1_95' title="bbox 126 2497 918 2535">
     <span class='ocr_line' id='line_1_95' title="bbox 126 2497 918 2535; baseline 0 -9"><span class='ocrx_word' id='word_1_717' title='bbox 126 2499 156 2526; x_wconf 65' lang='grc' dir='ltr'><strong>τὸ</strong></span> <span class='ocrx_word' id='word_1_718' title='bbox 177 2499 344 2534; x_wconf 77' lang='grc' dir='ltr'>πρόσκαιρόν</span> <span class='ocrx_word' id='word_1_719' title='bbox 367 2507 395 2525; x_wconf 80' lang='grc' dir='ltr'><strong>τε</strong></span> <span class='ocrx_word' id='word_1_720' title='bbox 420 2499 468 2525; x_wconf 75' lang='grc' dir='ltr'>καὶ</span> <span class='ocrx_word' id='word_1_721' title='bbox 485 2498 613 2533; x_wconf 78' lang='grc' dir='ltr'>ἄναρχον,</span> <span class='ocrx_word' id='word_1_722' title='bbox 629 2498 666 2529; x_wconf 83' lang='grc' dir='ltr'>ὡς</span> <span class='ocrx_word' id='word_1_723' title='bbox 680 2497 709 2524; x_wconf 72' lang='grc' dir='ltr'><strong>ἐν</strong></span> <span class='ocrx_word' id='word_1_724' title='bbox 729 2506 759 2533; x_wconf 85' lang='grc' dir='ltr'><strong>γε</strong></span> <span class='ocrx_word' id='word_1_725' title='bbox 771 2498 803 2534; x_wconf 83' lang='grc' dir='ltr'>δὴ</span> <span class='ocrx_word' id='word_1_726' title='bbox 819 2499 918 2535; x_wconf 86' lang='grc' dir='ltr'>χρόνῳ,</span> 
     </span>
    </p>
   </div>
   <div class='ocr_carea' id='block_1_96' title="bbox 127 2544 921 2581">
    <p class='ocr_par' dir='ltr' id='par_1_96' title="bbox 127 2544 921 2581">
     <span class='ocr_line' id='line_1_96' title="bbox 127 2544 921 2581; baseline 0.001 -9"><span class='ocrx_word' id='word_1_727' title='bbox 127 2547 211 2581; x_wconf 68' lang='grc' dir='ltr'>φημὶ,</span> <span class='ocrx_word' id='word_1_728' title='bbox 238 2545 285 2573; x_wconf 83' lang='grc' dir='ltr'>τοῦ</span> <span class='ocrx_word' id='word_1_729' title='bbox 307 2544 493 2580; x_wconf 81' lang='grc' dir='ltr'>Ἐμμανουήλ.</span> <span class='ocrx_word' id='word_1_730' title='bbox 517 2545 616 2579; x_wconf 85' lang='grc' dir='ltr'>Γέγονε</span> <span class='ocrx_word' id='word_1_731' title='bbox 636 2545 684 2580; x_wconf 77' lang='grc' dir='ltr'>μὲν</span> <span class='ocrx_word' id='word_1_732' title='bbox 713 2544 767 2580; x_wconf 79' lang='grc' dir='ltr'><strong>γὰρ</strong></span> <span class='ocrx_word' id='word_1_733' title='bbox 781 2545 850 2572; x_wconf 80' lang='grc' dir='ltr'>ἐτῶν</span> <span class='ocrx_word' id='word_1_734' title='bbox 869 2546 921 2573; x_wconf 85' lang='grc' dir='ltr'><strong>ἀπ-</strong></span> 
     </span>
    </p>
   </div>
   <div class='ocr_carea' id='block_1_97' title="bbox 126 2588 917 2626">
    <p class='ocr_par' dir='ltr' id='par_1_97' title="bbox 126 2588 917 2626">
     <span class='ocr_line' id='line_1_97' title="bbox 126 2588 917 2626; baseline 0.001 -9"><span class='ocrx_word' id='word_1_735' title='bbox 126 2591 276 2626; x_wconf 82' lang='grc' dir='ltr'>αρίθμησις</span> <span class='ocrx_word' id='word_1_736' title='bbox 289 2590 326 2622; x_wconf 86' lang='grc' dir='ltr'><strong>ὡς</strong></span> <span class='ocrx_word' id='word_1_737' title='bbox 343 2588 372 2618; x_wconf 79' lang='grc' dir='ltr'>ὲν</span> <span class='ocrx_word' id='word_1_738' title='bbox 388 2590 473 2616; x_wconf 81' lang='grc' dir='ltr'>εἰκόνι</span> <span class='ocrx_word' id='word_1_739' title='bbox 486 2589 524 2625; x_wconf 87' lang='grc' dir='ltr'>τῷ</span> <span class='ocrx_word' id='word_1_740' title='bbox 532 2590 631 2626; x_wconf 83' lang='grc' dir='ltr'>Ἰωσήφ</span> <span class='ocrx_word' id='word_1_741' title='bbox 643 2598 649 2605; x_wconf 91' lang='grc'>·</span> <span class='ocrx_word' id='word_1_742' title='bbox 663 2590 719 2616; x_wconf 70' lang='grc' dir='ltr'>ἀλλ’</span> <span class='ocrx_word' id='word_1_743' title='bbox 736 2590 917 2626; x_wconf 80' lang='grc' dir='ltr'>ὲπενήνεκται</span> 
     </span>
    </p>
   </div>
   <div class='ocr_carea' id='block_1_98' title="bbox 126 2636 906 2673">
    <p class='ocr_par' dir='ltr' id='par_1_98' title="bbox 126 2636 906 2673">
     <span class='ocr_line' id='line_1_98' title="bbox 126 2636 906 2673; baseline 0 -9"><span class='ocrx_word' id='word_1_744' title='bbox 126 2637 156 2664; x_wconf 75' lang='grc' dir='ltr'>τὸ</span> <span class='ocrx_word' id='word_1_745' title='bbox 173 2648 182 2663; x_wconf 74' lang='grc' dir='ltr'><strong>ι</strong></span> <span class='ocrx_word' id='word_1_746' title='bbox 201 2637 245 2673; x_wconf 80' lang='grc' dir='ltr'><strong>ἦν.</strong></span> <span class='ocrx_word' id='word_1_747' title='bbox 271 2646 280 2662; x_wconf 80' lang='grc' dir='ltr'><strong>ι</strong></span> <span class='ocrx_word' id='word_1_748' title='bbox 301 2636 440 2672; x_wconf 80' lang='grc' dir='ltr'>Κέκληται</span> <span class='ocrx_word' id='word_1_749' title='bbox 461 2636 510 2671; x_wconf 82' lang='grc' dir='ltr'><strong>μὲν</strong></span> <span class='ocrx_word' id='word_1_750' title='bbox 534 2636 588 2671; x_wconf 86' lang='grc' dir='ltr'><strong>γὰρ</strong></span> <span class='ocrx_word' id='word_1_751' title='bbox 605 2637 645 2667; x_wconf 84' lang='grc' dir='ltr'><strong>εἰς</strong></span> <span class='ocrx_word' id='word_1_752' title='bbox 664 2636 770 2670; x_wconf 85' lang='grc' dir='ltr'>γένεσιν</span> <span class='ocrx_word' id='word_1_753' title='bbox 788 2637 837 2673; x_wconf 85' lang='grc' dir='ltr'>τὴν</span> <span class='ocrx_word' id='word_1_754' title='bbox 855 2638 906 2664; x_wconf 78' lang='grc' dir='ltr'><strong>καθ</strong></span> 
     </span>
    </p>
   </div>
   <div class='ocr_carea' id='block_1_99' title="bbox 126 2681 917 2720">
    <p class='ocr_par' dir='ltr' id='par_1_99' title="bbox 126 2681 917 2720">
     <span class='ocr_line' id='line_1_99' title="bbox 126 2681 917 2720; baseline 0.003 -11"><span class='ocrx_word' id='word_1_755' title='bbox 126 2684 201 2718; x_wconf 80' lang='grc' dir='ltr'><strong>ἡμᾶς</strong></span> <span class='ocrx_word' id='word_1_756' title='bbox 215 2682 375 2718; x_wconf 83' lang='grc' dir='ltr'>νοουμένην,</span> <span class='ocrx_word' id='word_1_757' title='bbox 391 2684 436 2709; x_wconf 72' lang='grc' dir='ltr'>καὶ</span> <span class='ocrx_word' id='word_1_758' title='bbox 446 2683 485 2714; x_wconf 76' lang='grc' dir='ltr'>εἰς</span> <span class='ocrx_word' id='word_1_759' title='bbox 502 2681 571 2708; x_wconf 78' lang='grc' dir='ltr'>ἐτῶν</span> <span class='ocrx_word' id='word_1_760' title='bbox 586 2682 701 2718; x_wconf 68' lang='grc' dir='ltr'>ἀριθμὸν</span> <span class='ocrx_word' id='word_1_761' title='bbox 713 2683 756 2709; x_wconf 76' lang='grc' dir='ltr'><strong>διὰ</strong></span> <span class='ocrx_word' id='word_1_762' title='bbox 772 2683 800 2710; x_wconf 86' lang='grc' dir='ltr'><strong>τὺ</strong></span> <span class='ocrx_word' id='word_1_763' title='bbox 812 2684 917 2720; x_wconf 86' lang='grc' dir='ltr'>ἀνθρώ-</span> 
     </span>
    </p>
   </div>
   <div class='ocr_carea' id='block_1_100' title="bbox 125 2727 918 2764">
    <p class='ocr_par' dir='ltr' id='par_1_100' title="bbox 125 2727 918 2764">
     <span class='ocr_line' id='line_1_100' title="bbox 125 2727 918 2764; baseline 0.001 -9"><span class='ocrx_word' id='word_1_764' title='bbox 125 2736 215 2761; x_wconf 73' lang='grc' dir='ltr'>πινον,</span> <span class='ocrx_word' id='word_1_765' title='bbox 233 2730 322 2756; x_wconf 84' lang='grc' dir='ltr'>καίτοι</span> <span class='ocrx_word' id='word_1_766' title='bbox 336 2729 401 2759; x_wconf 81' lang='grc' dir='ltr'>Θεὸς</span> <span class='ocrx_word' id='word_1_767' title='bbox 422 2728 459 2755; x_wconf 78' lang='grc' dir='ltr'>ὢν</span> <span class='ocrx_word' id='word_1_768' title='bbox 475 2730 488 2755; x_wconf 85' lang='grc' dir='ltr'>ὁ</span> <span class='ocrx_word' id='word_1_769' title='bbox 500 2728 593 2762; x_wconf 84' lang='grc' dir='ltr'>Λόγος.</span> <span class='ocrx_word' id='word_1_770' title='bbox 611 2727 683 2755; x_wconf 75' lang='grc' dir='ltr'>Ἀλλ’</span> <span class='ocrx_word' id='word_1_771' title='bbox 699 2729 792 2764; x_wconf 72' lang='grc' dir='ltr'>ἕψεται</span> <span class='ocrx_word' id='word_1_772' title='bbox 809 2730 918 2762; x_wconf 69' lang='grc' dir='ltr'>πάντως</span> 
     </span>
    </p>
   </div>
   <div class='ocr_carea' id='block_1_101' title="bbox 123 2773 917 2812">
    <p class='ocr_par' dir='ltr' id='par_1_101' title="bbox 123 2773 917 2812">
     <span class='ocr_line' id='line_1_101' title="bbox 123 2773 917 2812; baseline 0 -10"><span class='ocrx_word' id='word_1_773' title='bbox 123 2775 154 2803; x_wconf 75' lang='grc' dir='ltr'><strong>ιιδ</strong></span> <span class='ocrx_word' id='word_1_774' title='bbox 175 2785 185 2802; x_wconf 74' lang='grc' dir='ltr'><strong>ι</strong></span> <span class='ocrx_word' id='word_1_775' title='bbox 197 2773 231 2812; x_wconf 74' lang='grc' dir='ltr'>ἦν</span> <span class='ocrx_word' id='word_1_776' title='bbox 242 2785 252 2801; x_wconf 71' lang='grc' dir='ltr'><strong>ι</strong></span> <span class='ocrx_word' id='word_1_777' title='bbox 269 2774 354 2811; x_wconf 52' lang='grc' dir='ltr'>αθητῷ.</span> <span class='ocrx_word' id='word_1_778' title='bbox 366 2775 476 2802; x_wconf 81' lang='grc' dir='ltr'>Νοεῖται</span> <span class='ocrx_word' id='word_1_779' title='bbox 485 2775 539 2809; x_wconf 81' lang='grc' dir='ltr'><strong>γὰρ</strong></span> <span class='ocrx_word' id='word_1_780' title='bbox 551 2775 598 2801; x_wconf 77' lang='grc' dir='ltr'>καὶ</span> <span class='ocrx_word' id='word_1_781' title='bbox 607 2774 680 2801; x_wconf 74' lang='grc' dir='ltr'>ἔστιν</span> <span class='ocrx_word' id='word_1_782' title='bbox 693 2774 801 2810; x_wconf 84' lang='grc' dir='ltr'>ἀληθῶς</span> <span class='ocrx_word' id='word_1_783' title='bbox 809 2776 847 2811; x_wconf 87' lang='grc' dir='ltr'>τῷ</span> <span class='ocrx_word' id='word_1_784' title='bbox 859 2776 917 2812; x_wconf 80' lang='grc' dir='ltr'><strong>Θεῷ</strong></span> 
     </span>
    </p>
   </div>
   <div class='ocr_carea' id='block_1_102' title="bbox 126 2820 918 2858">
    <p class='ocr_par' dir='ltr' id='par_1_102' title="bbox 126 2820 918 2858">
     <span class='ocr_line' id='line_1_102' title="bbox 126 2820 918 2858; baseline 0.003 -11"><span class='ocrx_word' id='word_1_785' title='bbox 126 2824 171 2849; x_wconf 72' lang='grc' dir='ltr'>καὶ</span> <span class='ocrx_word' id='word_1_786' title='bbox 204 2822 293 2854; x_wconf 61' lang='lat' dir='ltr'><strong>Ila-:0}.</strong></span> <span class='ocrx_word' id='word_1_787' title='bbox 319 2820 470 2852; x_wconf 77' lang='grc' dir='ltr'>συναῖδιος,</span> <span class='ocrx_word' id='word_1_788' title='bbox 494 2820 551 2851; x_wconf 68' lang='grc' dir='ltr'>καὶ,</span> <span class='ocrx_word' id='word_1_789' title='bbox 576 2821 613 2851; x_wconf 78' lang='grc' dir='ltr'>ὡς</span> <span class='ocrx_word' id='word_1_790' title='bbox 633 2822 647 2847; x_wconf 88' lang='grc' dir='ltr'><strong>ὀ</strong></span> <span class='ocrx_word' id='word_1_791' title='bbox 670 2820 812 2853; x_wconf 82' lang='grc' dir='ltr'>θεσπέσιὸς</span> <span class='ocrx_word' id='word_1_792' title='bbox 835 2831 918 2858; x_wconf 71' lang='grc' dir='ltr'>φησιν</span> 
     </span>
    </p>
   </div>
   <div class='ocr_carea' id='block_1_103' title="bbox 161 2913 775 2951">
    <p class='ocr_par' dir='ltr' id='par_1_103' title="bbox 161 2913 775 2951">
     <span class='ocr_line' id='line_1_103' title="bbox 161 2913 775 2951; baseline 0.003 -8"><span class='ocrx_word' id='word_1_793' title='bbox 161 2913 187 2929; x_wconf 78' lang='grc'><strong><em>⁸⁸</em></strong></span> <span class='ocrx_word' id='word_1_794' title='bbox 199 2915 373 2948; x_wconf 75' lang='lat' dir='ltr'><strong>Mattlt.xxv,</strong></span> <span class='ocrx_word' id='word_1_795' title='bbox 388 2915 483 2942; x_wconf 71' lang='lat' dir='ltr'><strong>lli-‘29.</strong></span> <span class='ocrx_word' id='word_1_796' title='bbox 521 2916 553 2931; x_wconf 78' lang='grc'><strong>⁸⁶¹</strong></span> <span class='ocrx_word' id='word_1_797' title='bbox 571 2916 636 2944; x_wconf 85' lang='lat' dir='ltr'><strong>Luc.</strong></span> <span class='ocrx_word' id='word_1_798' title='bbox 655 2926 709 2951; x_wconf 60' lang='grc' dir='ltr'>ιιι,</span> <span class='ocrx_word' id='word_1_799' title='bbox 732 2918 775 2947; x_wconf 79' lang='grc'><strong>17.</strong></span> 
     </span>
    </p>
   </div>
   <div class='ocr_carea' id='block_1_104' title="bbox 287 2962 628 2994">
    <p class='ocr_par' dir='ltr' id='par_1_104' title="bbox 287 2962 628 2994">
     <span class='ocr_line' id='line_1_104' title="bbox 287 2962 628 2994; baseline 0.009 -3"><span class='ocrx_word' id='word_1_800' title='bbox 287 2962 426 2992; x_wconf 77' lang='grc' dir='ltr'>ΡΑτιιοι..</span> <span class='ocrx_word' id='word_1_801' title='bbox 443 2962 500 2992; x_wconf 80' lang='lat' dir='ltr'><strong>GR.</strong></span> <span class='ocrx_word' id='word_1_802' title='bbox 526 2963 628 2994; x_wconf 75' lang='lat' dir='ltr'><strong>LXIX.</strong></span> 
     </span>
    </p>
   </div>
   <div class='ocr_carea' id='block_1_105' title="bbox 970 2273 1761 2311">
    <p class='ocr_par' dir='ltr' id='par_1_105' title="bbox 970 2273 1761 2311">
     <span class='ocr_line' id='line_1_105' title="bbox 970 2273 1761 2311; baseline 0.013 -13"><span class='ocrx_word' id='word_1_803' title='bbox 970 2276 1011 2299; x_wconf 87' lang='lat' dir='ltr'><strong>est</strong></span> <span class='ocrx_word' id='word_1_804' title='bbox 1025 2273 1144 2300; x_wconf 83' lang='lat' dir='ltr'><strong>humana</strong></span> <span class='ocrx_word' id='word_1_805' title='bbox 1165 2274 1287 2302; x_wconf 89' lang='lat' dir='ltr'><strong>conditio</strong></span> <span class='ocrx_word' id='word_1_806' title='bbox 1302 2279 1330 2303; x_wconf 88' lang='lat' dir='ltr'><strong>et</strong></span> <span class='ocrx_word' id='word_1_807' title='bbox 1349 2275 1396 2303; x_wconf 88' lang='lat' dir='ltr'><strong>Dei</strong></span> <span class='ocrx_word' id='word_1_808' title='bbox 1410 2277 1495 2311; x_wconf 78' lang='lat' dir='ltr'><strong>gloria</strong></span> <span class='ocrx_word' id='word_1_809' title='bbox 1515 2278 1615 2306; x_wconf 88' lang='lat' dir='ltr'><strong>minor.</strong></span> <span class='ocrx_word' id='word_1_810' title='bbox 1633 2280 1667 2307; x_wconf 88' lang='lat' dir='ltr'><strong>Et</strong></span> <span class='ocrx_word' id='word_1_811' title='bbox 1689 2280 1761 2308; x_wconf 85' lang='lat' dir='ltr'><strong>Deus</strong></span> 
     </span>
    </p>
   </div>
   <div class='ocr_carea' id='block_1_106' title="bbox 970 2318 1759 2359">
    <p class='ocr_par' dir='ltr' id='par_1_106' title="bbox 970 2318 1759 2359">
     <span class='ocr_line' id='line_1_106' title="bbox 970 2318 1759 2359; baseline 0.011 -14"><span class='ocrx_word' id='word_1_812' title='bbox 970 2318 1081 2354; x_wconf 91' lang='lat' dir='ltr'><strong>quidem</strong></span> <span class='ocrx_word' id='word_1_813' title='bbox 1101 2319 1222 2348; x_wconf 83' lang='lat' dir='ltr'><strong>Verbum</strong></span> <span class='ocrx_word' id='word_1_814' title='bbox 1243 2322 1404 2358; x_wconf 83' lang='lat' dir='ltr'><strong>intelligitur</strong></span> <span class='ocrx_word' id='word_1_815' title='bbox 1421 2324 1619 2359; x_wconf 68' lang='lat' dir='ltr'><strong>prwexsistere,</strong></span> <span class='ocrx_word' id='word_1_816' title='bbox 1641 2325 1759 2354; x_wconf 85' lang='lat' dir='ltr'><strong>humana</strong></span> 
     </span>
    </p>
   </div>
   <div class='ocr_carea' id='block_1_107' title="bbox 969 2366 1760 2408">
    <p class='ocr_par' dir='ltr' id='par_1_107' title="bbox 969 2366 1760 2408">
     <span class='ocr_line' id='line_1_107' title="bbox 969 2366 1760 2408; baseline 0.011 -17"><span class='ocrx_word' id='word_1_817' title='bbox 969 2373 1036 2392; x_wconf 88' lang='lat' dir='ltr'><strong>vero</strong></span> <span class='ocrx_word' id='word_1_818' title='bbox 1054 2366 1081 2392; x_wconf 91' lang='lat' dir='ltr'><strong>in</strong></span> <span class='ocrx_word' id='word_1_819' title='bbox 1098 2366 1144 2394; x_wconf 93' lang='lat' dir='ltr'><strong>illo</strong></span> <span class='ocrx_word' id='word_1_820' title='bbox 1158 2372 1256 2395; x_wconf 90' lang='lat' dir='ltr'><strong>natura</strong></span> <span class='ocrx_word' id='word_1_821' title='bbox 1271 2369 1418 2397; x_wconf 88' lang='lat' dir='ltr'><strong>subsecuta</strong></span> <span class='ocrx_word' id='word_1_822' title='bbox 1431 2375 1481 2397; x_wconf 90' lang='lat' dir='ltr'><strong>est.</strong></span> <span class='ocrx_word' id='word_1_823' title='bbox 1495 2370 1677 2404; x_wconf 88' lang='lat' dir='ltr'><strong>Quamobrem</strong></span> <span class='ocrx_word' id='word_1_824' title='bbox 1689 2380 1760 2408; x_wconf 65' lang='lat' dir='ltr'><strong>pra:-</strong></span> 
     </span>
    </p>
   </div>
   <div class='ocr_carea' id='block_1_108' title="bbox 969 2410 1760 2454">
    <p class='ocr_par' dir='ltr' id='par_1_108' title="bbox 969 2410 1760 2454">
     <span class='ocr_line' id='line_1_108' title="bbox 969 2410 1760 2454; baseline 0.011 -17"><span class='ocrx_word' id='word_1_825' title='bbox 969 2410 1042 2438; x_wconf 85' lang='lat' dir='ltr'><strong>cedit</strong></span> <span class='ocrx_word' id='word_1_826' title='bbox 1058 2413 1212 2440; x_wconf 84' lang='lat' dir='ltr'><strong>necessario</strong></span> <span class='ocrx_word' id='word_1_827' title='bbox 1227 2413 1357 2442; x_wconf 87' lang='lat' dir='ltr'><strong>denarius</strong></span> <span class='ocrx_word' id='word_1_828' title='bbox 1368 2423 1514 2449; x_wconf 86' lang='lat' dir='ltr'><strong>numerus;</strong></span> <span class='ocrx_word' id='word_1_829' title='bbox 1529 2417 1654 2452; x_wconf 86' lang='lat' dir='ltr'><strong>sequitur</strong></span> <span class='ocrx_word' id='word_1_830' title='bbox 1669 2422 1760 2454; x_wconf 86' lang='lat' dir='ltr'><strong>septe—</strong></span> 
     </span>
    </p>
   </div>
   <div class='ocr_carea' id='block_1_109' title="bbox 969 2456 1761 2497">
    <p class='ocr_par' dir='ltr' id='par_1_109' title="bbox 969 2456 1761 2497">
     <span class='ocr_line' id='line_1_109' title="bbox 969 2456 1761 2497; baseline 0.011 -15"><span class='ocrx_word' id='word_1_831' title='bbox 969 2456 1074 2496; x_wconf 53' lang='lat' dir='ltr'><strong>narius,</strong></span> <span class='ocrx_word' id='word_1_832' title='bbox 1093 2467 1102 2482; x_wconf 76' lang='grc' dir='ltr'><strong>ι</strong></span> <span class='ocrx_word' id='word_1_833' title='bbox 1115 2457 1215 2493; x_wconf 80' lang='lat' dir='ltr'><strong>Joseph</strong></span> <span class='ocrx_word' id='word_1_834' title='bbox 1230 2459 1322 2494; x_wconf 86' lang='lat' dir='ltr'><strong>itaque</strong></span> <span class='ocrx_word' id='word_1_835' title='bbox 1337 2460 1432 2488; x_wconf 88' lang='lat' dir='ltr'><strong>decem</strong></span> <span class='ocrx_word' id='word_1_836' title='bbox 1452 2465 1479 2488; x_wconf 91' lang='lat' dir='ltr'><strong>et</strong></span> <span class='ocrx_word' id='word_1_837' title='bbox 1501 2466 1605 2497; x_wconf 83' lang='lat' dir='ltr'><strong>septem</strong></span> <span class='ocrx_word' id='word_1_838' title='bbox 1626 2471 1761 2491; x_wconf 85' lang='lat' dir='ltr'><strong>annorum</strong></span> 
     </span>
    </p>
   </div>
   <div class='ocr_carea' id='block_1_110' title="bbox 969 2503 1764 2545">
    <p class='ocr_par' dir='ltr' id='par_1_110' title="bbox 969 2503 1764 2545">
     <span class='ocr_line' id='line_1_110' title="bbox 969 2503 1764 2545; baseline 0.01 -16"><span class='ocrx_word' id='word_1_839' title='bbox 969 2506 1054 2530; x_wconf 66' lang='lat' dir='ltr'><strong>erat.»</strong></span> <span class='ocrx_word' id='word_1_840' title='bbox 1069 2503 1219 2531; x_wconf 85' lang='lat' dir='ltr'><strong>Considera</strong></span> <span class='ocrx_word' id='word_1_841' title='bbox 1233 2505 1301 2532; x_wconf 85' lang='lat' dir='ltr'><strong>mihi</strong></span> <span class='ocrx_word' id='word_1_842' title='bbox 1314 2506 1347 2533; x_wconf 81' lang='lat' dir='ltr'><strong>a‘d</strong></span> <span class='ocrx_word' id='word_1_843' title='bbox 1359 2506 1418 2534; x_wconf 64' lang='lat' dir='ltr'><strong>haec</strong></span> <span class='ocrx_word' id='word_1_844' title='bbox 1430 2508 1626 2543; x_wconf 83' lang='lat' dir='ltr'><strong>temporarium</strong></span> <span class='ocrx_word' id='word_1_845' title='bbox 1642 2513 1670 2536; x_wconf 88' lang='lat' dir='ltr'><strong>et</strong></span> <span class='ocrx_word' id='word_1_846' title='bbox 1686 2511 1764 2545; x_wconf 91' lang='lat' dir='ltr'><strong>prin-</strong></span> 
     </span>
    </p>
   </div>
   <div class='ocr_carea' id='block_1_111' title="bbox 969 2548 1762 2588">
    <p class='ocr_par' dir='ltr' id='par_1_111' title="bbox 969 2548 1762 2588">
     <span class='ocr_line' id='line_1_111' title="bbox 969 2548 1762 2588; baseline 0.009 -13"><span class='ocrx_word' id='word_1_847' title='bbox 969 2548 1041 2583; x_wconf 89' lang='lat' dir='ltr'><strong>cipio</strong></span> <span class='ocrx_word' id='word_1_848' title='bbox 1053 2556 1159 2582; x_wconf 85' lang='lat' dir='ltr'><strong>carens,</strong></span> <span class='ocrx_word' id='word_1_849' title='bbox 1173 2554 1202 2577; x_wconf 92' lang='lat' dir='ltr'><strong>ut</strong></span> <span class='ocrx_word' id='word_1_850' title='bbox 1214 2551 1260 2585; x_wconf 92' lang='lat' dir='ltr'><strong>qui</strong></span> <span class='ocrx_word' id='word_1_851' title='bbox 1283 2551 1310 2577; x_wconf 92' lang='lat' dir='ltr'><strong>in</strong></span> <span class='ocrx_word' id='word_1_852' title='bbox 1329 2556 1451 2587; x_wconf 88' lang='lat' dir='ltr'><strong>tempore</strong></span> <span class='ocrx_word' id='word_1_853' title='bbox 1472 2553 1533 2585; x_wconf 81' lang='lat' dir='ltr'><strong>fuit,</strong></span> <span class='ocrx_word' id='word_1_854' title='bbox 1548 2553 1634 2588; x_wconf 87' lang='lat' dir='ltr'><strong>ipsius</strong></span> <span class='ocrx_word' id='word_1_855' title='bbox 1650 2554 1762 2582; x_wconf 87' lang='lat' dir='ltr'><strong>Emma-</strong></span> 
     </span>
    </p>
   </div>
   <div class='ocr_carea' id='block_1_112' title="bbox 969 2594 1762 2633">
    <p class='ocr_par' dir='ltr' id='par_1_112' title="bbox 969 2594 1762 2633">
     <span class='ocr_line' id='line_1_112' title="bbox 969 2594 1762 2633; baseline 0.011 -12"><span class='ocrx_word' id='word_1_856' title='bbox 969 2594 1070 2622; x_wconf 87' lang='lat' dir='ltr'><strong>nuelis.</strong></span> <span class='ocrx_word' id='word_1_857' title='bbox 1082 2595 1145 2623; x_wconf 91' lang='lat' dir='ltr'><strong>Fuit</strong></span> <span class='ocrx_word' id='word_1_858' title='bbox 1159 2597 1232 2624; x_wconf 86' lang='lat' dir='ltr'><strong>enim</strong></span> <span class='ocrx_word' id='word_1_859' title='bbox 1248 2605 1383 2625; x_wconf 90' lang='lat' dir='ltr'><strong>annorum</strong></span> <span class='ocrx_word' id='word_1_860' title='bbox 1402 2600 1586 2633; x_wconf 83' lang='lat' dir='ltr'><strong>enumeratio,</strong></span> <span class='ocrx_word' id='word_1_861' title='bbox 1601 2605 1632 2628; x_wconf 89' lang='lat' dir='ltr'><strong>ut</strong></span> <span class='ocrx_word' id='word_1_862' title='bbox 1647 2601 1674 2628; x_wconf 92' lang='lat' dir='ltr'><strong>in</strong></span> <span class='ocrx_word' id='word_1_863' title='bbox 1692 2602 1762 2630; x_wconf 83' lang='lat' dir='ltr'><strong>ima-</strong></span> 
     </span>
    </p>
   </div>
   <div class='ocr_carea' id='block_1_113' title="bbox 970 2640 1758 2681">
    <p class='ocr_par' dir='ltr' id='par_1_113' title="bbox 970 2640 1758 2681">
     <span class='ocr_line' id='line_1_113' title="bbox 970 2640 1758 2681; baseline 0.01 -15"><span class='ocrx_word' id='word_1_864' title='bbox 970 2640 1032 2675; x_wconf 79' lang='lat' dir='ltr'><strong>gine</strong></span> <span class='ocrx_word' id='word_1_865' title='bbox 1043 2648 1090 2668; x_wconf 88' lang='lat' dir='ltr'><strong>seu</strong></span> <span class='ocrx_word' id='word_1_866' title='bbox 1103 2641 1197 2676; x_wconf 73' lang='lat' dir='ltr'><strong>ﬁgura.</strong></span> <span class='ocrx_word' id='word_1_867' title='bbox 1208 2644 1236 2670; x_wconf 91' lang='lat' dir='ltr'><strong>in</strong></span> <span class='ocrx_word' id='word_1_868' title='bbox 1249 2644 1378 2679; x_wconf 84' lang='lat' dir='ltr'><strong>Josepho.</strong></span> <span class='ocrx_word' id='word_1_869' title='bbox 1392 2645 1427 2672; x_wconf 87' lang='lat' dir='ltr'><strong>At</strong></span> <span class='ocrx_word' id='word_1_870' title='bbox 1439 2646 1562 2673; x_wconf 89' lang='lat' dir='ltr'><strong>additum</strong></span> <span class='ocrx_word' id='word_1_871' title='bbox 1573 2651 1625 2679; x_wconf 87' lang='lat' dir='ltr'><strong>est,</strong></span> <span class='ocrx_word' id='word_1_872' title='bbox 1637 2657 1646 2672; x_wconf 86' lang='grc'><em>‹</em></span> <span class='ocrx_word' id='word_1_873' title='bbox 1660 2653 1731 2681; x_wconf 88' lang='lat' dir='ltr'><strong>erat;</strong></span> <span class='ocrx_word' id='word_1_874' title='bbox 1749 2659 1758 2674; x_wconf 81' lang='grc' dir='ltr'><strong>ι</strong></span> 
     </span>
    </p>
   </div>
   <div class='ocr_carea' id='block_1_114' title="bbox 969 2689 1763 2725">
    <p class='ocr_par' dir='ltr' id='par_1_114' title="bbox 969 2689 1763 2725">
     <span class='ocr_line' id='line_1_114' title="bbox 969 2689 1763 2725; baseline 0.011 -12"><span class='ocrx_word' id='word_1_875' title='bbox 969 2692 1084 2714; x_wconf 87' lang='lat' dir='ltr'><strong>vocatus</strong></span> <span class='ocrx_word' id='word_1_876' title='bbox 1092 2693 1133 2716; x_wconf 91' lang='lat' dir='ltr'><strong>est</strong></span> <span class='ocrx_word' id='word_1_877' title='bbox 1143 2689 1216 2716; x_wconf 89' lang='lat' dir='ltr'><strong>enim</strong></span> <span class='ocrx_word' id='word_1_878' title='bbox 1230 2690 1263 2717; x_wconf 88' lang='lat' dir='ltr'><strong>ad</strong></span> <span class='ocrx_word' id='word_1_879' title='bbox 1278 2692 1484 2725; x_wconf 79' lang='lat' dir='ltr'><strong>generationem</strong></span> <span class='ocrx_word' id='word_1_880' title='bbox 1496 2693 1647 2721; x_wconf 86' lang='lat' dir='ltr'><strong>secundum</strong></span> <span class='ocrx_word' id='word_1_881' title='bbox 1659 2702 1709 2722; x_wconf 85' lang='lat' dir='ltr'><strong>nos</strong></span> <span class='ocrx_word' id='word_1_882' title='bbox 1721 2695 1763 2722; x_wconf 91' lang='lat' dir='ltr'><strong>in-</strong></span> 
     </span>
    </p>
   </div>
   <div class='ocr_carea' id='block_1_115' title="bbox 971 2732 1760 2769">
    <p class='ocr_par' dir='ltr' id='par_1_115' title="bbox 971 2732 1760 2769">
     <span class='ocr_line' id='line_1_115' title="bbox 971 2732 1760 2769; baseline 0.014 -11"><span class='ocrx_word' id='word_1_883' title='bbox 971 2732 1120 2765; x_wconf 87' lang='lat' dir='ltr'><strong>tellectam,</strong></span> <span class='ocrx_word' id='word_1_884' title='bbox 1143 2739 1171 2762; x_wconf 91' lang='lat' dir='ltr'><strong>et</strong></span> <span class='ocrx_word' id='word_1_885' title='bbox 1194 2736 1229 2762; x_wconf 87' lang='lat' dir='ltr'><strong>ad</strong></span> <span class='ocrx_word' id='word_1_886' title='bbox 1251 2745 1398 2764; x_wconf 89' lang='lat' dir='ltr'><strong>numerum</strong></span> <span class='ocrx_word' id='word_1_887' title='bbox 1424 2745 1558 2766; x_wconf 82' lang='lat' dir='ltr'><strong>annorum</strong></span> <span class='ocrx_word' id='word_1_888' title='bbox 1582 2740 1760 2769; x_wconf 76' lang='lat' dir='ltr'><strong>humanitatis</strong></span> 
     </span>
    </p>
   </div>
   <div class='ocr_carea' id='block_1_116' title="bbox 970 2780 1762 2817">
    <p class='ocr_par' dir='ltr' id='par_1_116' title="bbox 970 2780 1762 2817">
     <span class='ocr_line' id='line_1_116' title="bbox 970 2780 1762 2817; baseline 0.015 -13"><span class='ocrx_word' id='word_1_889' title='bbox 970 2785 1062 2811; x_wconf 84' lang='lat' dir='ltr'><strong>causa,</strong></span> <span class='ocrx_word' id='word_1_890' title='bbox 1078 2780 1128 2807; x_wconf 90' lang='lat' dir='ltr'><strong>etsi</strong></span> <span class='ocrx_word' id='word_1_891' title='bbox 1142 2786 1216 2809; x_wconf 89' lang='lat' dir='ltr'><strong>esset</strong></span> <span class='ocrx_word' id='word_1_892' title='bbox 1227 2782 1300 2811; x_wconf 89' lang='lat' dir='ltr'><strong>Deus</strong></span> <span class='ocrx_word' id='word_1_893' title='bbox 1311 2784 1442 2817; x_wconf 89' lang='lat' dir='ltr'><strong>Verbum,</strong></span> <span class='ocrx_word' id='word_1_894' title='bbox 1455 2785 1503 2813; x_wconf 88' lang='lat' dir='ltr'><strong>sed</strong></span> <span class='ocrx_word' id='word_1_895' title='bbox 1519 2785 1549 2812; x_wconf 83' lang='grc' dir='ltr'>τὸ</span> <span class='ocrx_word' id='word_1_896' title='bbox 1564 2795 1573 2811; x_wconf 74' lang='grc' dir='ltr'><strong>ε</strong></span> <span class='ocrx_word' id='word_1_897' title='bbox 1588 2790 1657 2817; x_wconf 80' lang='lat' dir='ltr'><strong>erat.</strong></span> <span class='ocrx_word' id='word_1_898' title='bbox 1675 2797 1684 2811; x_wconf 77' lang='grc' dir='ltr'>ι</span> <span class='ocrx_word' id='word_1_899' title='bbox 1702 2795 1762 2816; x_wconf 88' lang='lat' dir='ltr'><strong>om—</strong></span> 
     </span>
    </p>
   </div>
   <div class='ocr_carea' id='block_1_117' title="bbox 971 2822 1766 2864">
    <p class='ocr_par' dir='ltr' id='par_1_117' title="bbox 971 2822 1766 2864">
     <span class='ocr_line' id='line_1_117' title="bbox 971 2822 1766 2864; baseline 0.014 -16"><span class='ocrx_word' id='word_1_900' title='bbox 971 2822 1036 2850; x_wconf 87' lang='lat' dir='ltr'><strong>nino</strong></span> <span class='ocrx_word' id='word_1_901' title='bbox 1054 2823 1092 2851; x_wconf 87' lang='lat' dir='ltr'><strong>illi</strong></span> <span class='ocrx_word' id='word_1_902' title='bbox 1106 2827 1252 2860; x_wconf 33' lang='lat' dir='ltr'><strong>.convenilt</strong></span> <span class='ocrx_word' id='word_1_903' title='bbox 1268 2827 1429 2864; x_wconf 81' lang='lat' dir='ltr'><strong>lnteliigitur</strong></span> <span class='ocrx_word' id='word_1_904' title='bbox 1445 2829 1529 2861; x_wconf 87' lang='lat' dir='ltr'><strong>enim,</strong></span> <span class='ocrx_word' id='word_1_905' title='bbox 1548 2835 1645 2864; x_wconf 84' lang='lat' dir='ltr'><strong>estque</strong></span> <span class='ocrx_word' id='word_1_906' title='bbox 1666 2838 1766 2860; x_wconf 82' lang='lat' dir='ltr'><strong>revera</strong></span> 
     </span>
    </p>
   </div>
   <div class='ocr_carea' id='block_1_118' title="bbox 1519 2962 1554 2993">
    <p class='ocr_par' dir='ltr' id='par_1_118' title="bbox 1519 2962 1554 2993">
     <span class='ocr_line' id='line_1_118' title="bbox 1519 2962 1554 2993; baseline 0 0"><span class='ocrx_word' id='word_1_907' title='bbox 1519 2962 1554 2993; x_wconf 82' lang='lat'><strong>10</strong></span> 
     </span>
    </p>
   </div>
  </div>
