1990 3050
139 172 188 199 ῡοι

633 167 894 197 οιΑΡιιγιιοιιυιι
913 167 946 195 IN
967 166 1117 196 GENESIM
1138 166 1201 194 LIB.
1223 166 1266 194 γι.

140 229 296 264 πνεύματα,
311 228 448 260 δυσσεϐῶς
463 228 651 263 ὀνομάζοντες.
665 228 809 264 Τοιγάρτοι
822 228 869 255 καὶ
885 227 929 254 διὰ

989 233 1021 253 τε
1042 233 1086 253 me
1099 224 1242 252 mendacia
1254 224 1288 251 ".
1304 233 1314 250 ›
1327 223 1361 251 Ει
1376 230 1484 250 rursum
1498 231 1504 249 :
1521 232 1529 249 ι
1543 222 1648 250 Cadent
1668 223 1696 250 in
1708 223 1768 259 gla-

144 274 238 309 φωνῆς
263 274 402 309 προφήτου
429 273 478 308 τῆς
502 273 555 299 τῶν
577 273 712 300 Ἰουδαίων
731 273 931 308 ἀθυροστομίας

142 320 345 355 κατεκεκράγει
370 319 458 352 λέγων
477 319 557 351 αὐτὸς
575 321 588 345 ὁ
615 320 802 355 Ἐμμανουήλ·
834 329 843 345 ι
864 319 931 346 Οὺαὶ

141 365 243 397 αὐτοῖς,
259 366 300 392 ὅτι
314 365 493 401 ἀπεπήδησαν
509 366 557 392 ἀπ’
568 366 645 401 ἐμοῦ.
664 366 780 393 Δείλαιοί
793 367 873 399 εἰσιν,
891 366 931 392 ὅτι

142 411 279 446 ἠσέϐησαν
301 413 341 443 είς
368 411 427 446 ἐμὲ.
455 411 527 446 Ἐγὼ
551 412 578 438 δὲ
601 411 799 448 ὲλυτρωσάμην
817 411 930 446 αὺτούς,-

142 457 219 483 αὐτοὶ
232 457 259 483 δὲ
273 458 461 492 κατελάλησαν
476 457 558 493 ψευδῆ
576 458 635 485 κατ’
650 458 727 494 ἐμοῦ.
748 469 757 485 ι
772 460 825 486 Καὶ
840 459 929 486 πάλιν·

146 512 154 527 ι
168 503 318 530 Πεσοῦνται
333 505 361 530 ἐν
375 504 498 540 ῥομφαίᾳ
513 505 538 531 οἱ
552 505 682 539 ἄρχοντες
695 505 793 538 αὐτῶν,
808 506 841 532 δι’
853 507 933 532 ἀπαι-

143 547 250 574 δευσίαν
266 548 389 583 γλώττης
415 548 516 576 αὐτῶν.
539 559 547 575 ι
568 549 746 586 Πεφλυάρηκε
761 550 849 577 τοίνυν
863 549 933 576 κατὰ

144 593 262 629 Χριστοῦ
278 594 331 620 τῶν
347 595 501 630 Φαρισαίων
523 595 553 621 τὸ
573 597 674 630 στῖφος,
693 596 725 622 τὸ
737 595 822 631 θρασύ
838 605 866 622 τε
887 597 933 623 καὶ

143 639 328 675 ἀνελεύθερον.
346 641 400 667 Καὶ
417 641 507 672 τοῦτο,
523 640 611 676 οἶμαι,
633 643 690 668 ἐστὶ
711 643 741 668 τὸ
759 644 933 676 κατενεγκεῖν

144 685 207 716 τοὺς
230 686 360 720 ἀδελφοὺς
374 686 458 721 ψόγον
478 687 596 722 πονηρὸν
619 688 688 715 κατὰ
706 688 816 723 Ἰωσήφ.
833 698 841 713 ι
863 688 931 714 Ἀλλ’

145 729 282 763 ἠγαπᾶτο,
308 731 400 765 φησὶν,
419 730 495 765 παρὰ
510 731 557 757 τοῦ
575 731 688 767 πατρὸς,
707 732 748 758 ὅτι
766 732 822 763 υίὸς
839 732 933 767 γήρως

143 774 177 812 ἦν
197 776 280 812 αὑτῷ.
300 785 310 802 ι
330 776 461 810 Γεγόνασι
480 777 528 812 μὲν
545 777 600 812 γὰρ
616 778 663 804 καὶ
683 777 770 813 ἕτεροι
795 778 932 813 ποιμένες,

146 822 222 848 καλοί
248 831 278 848 τε
307 822 354 848 καὶ
372 823 478 856 ἁγαθοὶ,
506 823 559 858 πρὸ
582 823 632 858 τῆς
655 823 702 850 τοῦ
715 824 839 859 Σωτῆρος
855 824 934 859 ἡμῶν

147 867 308 898 ἀναδείξεως
322 867 372 900 τῆς
388 867 417 893 ἐν
431 867 525 902 κόσμῳ
541 869 587 894 καὶ
599 868 666 903 μετὰ
682 869 782 904 σαρκός
793 878 799 884 ’
819 869 866 895 καὶ
882 869 934 904 πρό

147 921 178 947 γε
203 913 256 939 τῶν
279 913 365 940 ἄλλων
387 914 490 948 Μωσῆς
505 913 682 946 ὸοεσπέσιος.
706 916 753 941 καὶ
772 916 795 941 οἱ
817 915 933 950 καθεξῆς

147 958 196 989 τὰς
214 958 325 991 λογικὰς
352 959 454 992 ἀγέλας
474 959 718 995 διαποιμαίνοντες.
747 960 820 995 Πλὴν
840 961 935 995 διαψε-

149 1004 248 1039 ρόντως
263 1004 390 1039 ἠγάπησε
404 1005 449 1031 τὸν
463 1005 528 1031 Υἰὸν
537 1007 550 1032 ὸ
564 1007 667 1041 Πατὴρ,
679 1006 766 1033 καίτοι
780 1007 935 1033 τελευταῖον

146 1050 210 1076 ὗντα
231 1050 300 1084 μετὰ
317 1051 381 1082 τοὺς
397 1051 504 1083 ἄλλους,
528 1052 574 1078 καὶ
591 1053 619 1078 ἐν
637 1053 761 1088 ἐσχάτοις
776 1053 823 1081 τοῦ
839 1054 935 1085 αἰῶνος

147 1095 279 1130 γεγονότα
295 1098 411 1131 καιροῖς.
433 1096 561 1132 Ἀρμόσει
580 1097 629 1132 μὲν
647 1096 692 1125 οὖν
709 1098 747 1133 τῷ
768 1098 865 1126 Ἰακὼϐ
878 1099 934 1125 υἱόν

148 1143 241 1178 γήρως
260 1141 331 1177 ἔχειν
358 1143 404 1169 τὸν
433 1143 542 1178 Ἰωσήφ.
559 1144 624 1176 Θεὸς
641 1145 668 1171 δὲ
683 1145 804 1180 ἀγήρως,
817 1145 935 1181 ἄναρχος

147 1196 178 1215 τε
193 1189 240 1216 καὶ
255 1189 383 1224 ἁναυξὴς,
394 1189 439 1216 καὶ
459 1189 501 1216 ἀεὶ
517 1191 682 1222 παντέλειος.
698 1190 831 1228 Ταύτῃτοι
847 1192 936 1226 σοφῶς

149 1235 199 1270 τῆς
215 1234 262 1261 τοῦ
277 1235 428 1270 πρέποντος
449 1235 535 1271 θήρας
556 1236 728 1272 ἀφαμαρτεῖν
749 1238 799 1264 οὐκ
815 1237 937 1272 ἐφιέντες

149 1280 196 1306 τδν
209 1279 296 1314 λόγον,
313 1281 405 1315 γήρως
425 1281 519 1316 ὥσπερ
532 1281 587 1307 υἱὸν
602 1282 782 1316 γεγεννῆσθαί
796 1291 886 1318 φαμεν
898 1282 937 1318 τῷ

150 1324 210 1360 Θεῷ
227 1325 274 1351 καὶ
290 1325 378 1360 Πατρὶ
388 1325 432 1352 τὸν
457 1326 643 1361 Ἐμμανουήλ,
663 1326 700 1358 ὠς
718 1328 746 1353 ἐν
766 1328 871 1362 χρόνοις
889 1336 936 1361 γε-

150 1370 248 1404 γονότα
274 1372 330 1402 τοῖς
350 1371 517 1402 τελευταίοις
542 1371 590 1398 τοῦ
613 1372 720 1403 αἰῶνος,
747 1373 868 1407 δηλονότι
890 1373 936 1399 τοῦ

149 1417 310 1448 ἐνεστῶτος,
331 1417 377 1443 καὶ
393 1417 452 1443 ἐπεί
463 1425 503 1443 τοι
520 1418 577 1452 μετ’
591 1417 671 1443 αὐτὸν
680 1418 772 1453 ἕτερος
786 1417 880 1450 οὐδείς
900 1419 936 1444 Οὐ

151 1462 207 1497 γὰρ
229 1463 258 1488 ἐν
282 1462 366 1497 ἑτέρῳ
387 1462 521 1493 σώζεσθαι
538 1462 742 1497 προσδοκῶμεν,
768 1463 891 1498 Ἀρκέσει
905 1464 937 1499 δὴ

153 1507 245 1543 μόνος,
271 1508 311 1535 ὅτι
332 1508 399 1543 μηδὲ
429 1508 458 1534 ὲν
482 1507 554 1544 ἄλλῳ
575 1509 679 1535 κεῖσθαί
705 1518 794 1545 φαμεν
816 1509 864 1545 τὴν
890 1509 937 1536 τοῦ

152 1553 255 1588 κόσμου
281 1553 416 1588 σωτηρίαν
447 1553 493 1579 καὶ
514 1552 597 1588 ζωήν.
627 1554 713 1586 Αὐτὸς
735 1552 780 1581 οὖν
801 1555 875 1590 ἡμᾶς
899 1556 973 1599 εἱςῦ

152 1598 256 1629 αἰῶνας
273 1600 410 1633 ποιμανεῖ,
432 1598 501 1625 κατὰ
515 1599 563 1634 τὴν
590 1599 638 1625 τοῦ
658 1599 811 1632 Ψάλλοντος
836 1599 938 1635 φωνὴν,

152 1646 200 1673 καὶ
221 1645 267 1672 ὑπ’
297 1645 372 1680 αὐτῷ
399 1645 546 1680 κεισόμεοα
575 1645 613 1680 τῷ
642 1647 788 1684 ἀγαπητῷ,
808 1647 940 1682 πεφηνότι

155 1692 204 1726 μὲν
229 1692 257 1718 ὲν
270 1692 406 1727 ’ἐσχάτοις
428 1692 475 1718 τοῦ
491 1692 587 1723 αἰῶνος
608 1694 722 1727 καιροῖς,
737 1691 861 1727 καθάπερ
874 1692 941 1726 ἔφην

153 1738 272 1772 ἀρτίως,
300 1737 366 1772 μετὰ
391 1737 506 1772 σαρκὸς,
536 1738 753 1772 προῦφεστηκότι
771 1738 799 1764 δὲ
819 1738 856 1769 ὡς
870 1737 939 1772 Θεῷ.

153 1783 246 1818 Φαμὲν
256 1782 309 1818 γὰρ
322 1781 391 1809 εἶναι
400 1783 438 1817 τῷ
450 1783 536 1818 Πατρὶ
548 1782 691 1809 συναῖδιον.
701 1783 805 1809 Οὐκοῦν
815 1784 942 1818 ἠγαπᾶτο

156 1829 207 1864 μὲν
220 1828 295 1863 παρὰ
307 1828 353 1855 τοῦ
366 1829 468 1865 πατρὸς
482 1828 662 1863 διαφερόντως
679 1830 693 1854 ὸ
714 1829 827 1864 Ἰωσήφ·
841 1829 942 1864 χιτῶνα

154 1874 185 1902 δὲ
202 1874 277 1910 αὐτῷ
306 1875 426 1902 ποικίλον
455 1875 550 1908 ἐδίδου,
569 1875 652 1910 γέρας
671 1875 765 1910 ὥσπερ
790 1875 941 1911 ἐξαίρετον,

155 1921 205 1948 καὶ
230 1921 279 1956 τῆς
299 1921 412 1956 ἐνούσης
439 1921 629 1958 φιλοστοργίας
654 1922 768 1956 μήνυσιν
790 1922 892 1958 ἐναργῆ
912 1921 943 1948 τὸ

155 1969 251 2003 χρῆμα
266 1967 359 1999 τιθείς.
369 1966 478 2003 Ἀλλ’ἦν
488 1968 535 1994 καὶ
546 1968 625 1994 τοῦτο
636 1969 692 1999 τοῖς
705 1968 828 2002 ἀδελφοῖς
840 1968 943 2002 βασκα-

155 2014 217 2045 νίας
240 2014 388 2050 ἐρέθισμα,
407 2015 455 2041 καὶ
474 2014 572 2049 φθόνου
593 2014 748 2050 πρόφασις·
776 2014 869 2044 καθὼς
896 2015 944 2041 καὶ

156 2060 223 2087 αὐτὸ
247 2060 302 2086 τῶν
327 2060 496 2096 πραγμάτων
519 2060 618 2092 διδάξει
641 2060 672 2086 τὺ
695 2059 792 2095 πέρας.
814 2059 945 2094 Ἐπεμαί-

156 2114 233 2132 νοντο
248 2105 276 2132 δὲ
297 2105 345 2132 καὶ
362 2105 387 2132 οἱ
405 2106 545 2140 Φαρισαῖοι
565 2105 604 2140 τῷ
621 2105 806 2139 ἠγαπημένῳ,
821 2104 944 2132 τουτέστι

155 2151 279 2186 Χριστῷ,
295 2151 340 2177 διά
356 2159 401 2183 ¹τοι
419 2151 448 2177 τὸ
468 2151 543 2186 παρὰ
557 2151 624 2178 Θεοῦ
643 2151 689 2178 καὶ
709 2151 816 2186 Πατρδς
829 2150 945 2176 ποικιλό-

155 2197 257 2232 τροπόν
273 2205 334 2223 τινα
355 2197 559 2232 κατημφιὲσθαι
581 2197 671 2229 δόξαν.
699 2196 878 2232 Τεθαὺμαστο
891 2196 945 2230 γὰρ

983 272 1029 300 dio
1041 271 1180 307 principes
1190 278 1297 304 eorum,
1311 273 1423 305 propter
1433 268 1597 304 imperitiam
1611 269 1710 305 lingua;
1723 277 1770 297 eo-

983 327 1044 347 rum
1053 318 1194 354 ³⁸.»1ιιψίε
1208 318 1291 353 igitur
1303 317 1411 344 locutus
1423 319 1465 343 est
1478 314 1608 342 adversus
1615 314 1768 348 Christum,

983 366 1072 393 audax
1092 369 1173 400 atque
1190 363 1335 399 impudens
1353 361 1551 390 Pharisaeorum
1571 365 1667 388 cattus.
1682 360 1770 396 Atque

983 411 1046 443 hoc,
1060 415 1091 438 ut
1107 411 1237 442 arbitror,
1251 414 1303 442 est,
1320 409 1418 436 fratres
1427 407 1578 435 obtendere
1592 406 1771 441 opprobrium

983 457 1085 485 malum
1101 457 1233 485 adversus
1250 455 1360 490 Ioseph.
1376 464 1386 480 ‹
1405 455 1489 482 Porro
1507 453 1624 481 dilectus
1638 457 1708 486 erat,
1727 453 1771 480 in-

983 503 1052 538 quit,
1068 511 1083 529 a
1097 507 1184 537 patre,
1197 502 1261 537 quia
1275 501 1348 528 ﬁlius
1362 499 1510 527 senectutis
1523 502 1582 525 erat
1596 498 1659 533 ipsi.
1675 507 1684 523 ι
1700 497 1770 526 Fue-

982 552 1048 576 runt
1064 548 1138 575 enim
1158 548 1242 575 etiam
1264 547 1310 574 alii
1332 549 1455 581 pastores
1475 544 1556 580 probi
1577 552 1609 571 ac
1625 544 1691 572 boni
1708 548 1773 571 ante

984 593 1134 621 Salvatoris
1146 593 1234 620 nostri
1247 593 1274 619 in
1284 591 1416 618 inundqu
1426 599 1476 626 per
1486 597 1596 618 carnem
1607 590 1772 623 adventum;

983 645 1065 676 atque
1078 641 1150 667 inter
1165 639 1234 666 alios
1241 638 1351 666 divinus
1360 638 1475 674 Moyses,
1488 636 1589 672 quique
1598 635 1678 671 189
1697 635 1774 663 deiu-

983 696 1048 723 ccps
1064 687 1211 715 rationales
1222 693 1318 722 greges
1332 689 1477 720 paverunt.
1489 683 1623 711 Caeterum
1635 682 1775 717 przecipuo

983 732 1101 768 quodam
1120 739 1213 759 amore
1226 734 1388 766 prosecutus
1399 733 1441 757 est
1457 729 1543 756 ﬁlium
1559 733 1648 764 pater,
1665 728 1774 756 etiamsi

983 778 1150 806 novissimus
1173 777 1257 804 fuerit
1277 781 1339 811 post
1358 776 1435 808 alios,
1457 779 1485 802 et
1506 775 1534 801 iu
1558 774 1662 802 ultimis
1682 773 1774 801 saeculi

984 824 1165 858 temporibus.
1187 823 1338 850 Conveniet
1357 822 1450 856 itaque
1470 820 1553 849 Jacob
1569 820 1655 847 ﬁlium
1672 819 1775 847 habere

984 870 1135 897 senectutis
1145 869 1258 903 Ioseph.
1271 868 1344 895 Deus
1357 872 1450 895 autem
1465 875 1604 901 nunquam
1618 866 1737 894 senescit
1747 870 1775 893 et

985 913 1121 949 principio
1140 918 1226 944 caret.
1239 920 1328 947 neque
1346 912 1514 939 incrementa
1532 912 1642 946 accipit,
1660 916 1688 938 ct
1702 919 1775 938 sem-

984 968 1034 995 per
1046 964 1089 987 est
1107 960 1237 988 omnibus
1250 960 1374 994 partibus
1387 959 1612 994 perfectissimus.
1631 958 1775 991 Quocirca.

985 1014 1020 1033 ne
1041 1014 1132 1034 sermo
1153 1015 1168 1034 a
1190 1011 1265 1034 recto
1289 1006 1414 1037 aberret,
1433 1005 1550 1032 dicimus
1570 1005 1775 1033 Emmanuelcm

985 1052 1185 1086 quodammodo
1202 1053 1300 1080 Filium
1322 1051 1472 1079 senectutis
1491 1052 1566 1079 Patri
1582 1051 1729 1084 exstitisse,
1743 1059 1776 1079 eo

986 1098 1058 1132 quod
1073 1099 1101 1125 in
1113 1099 1218 1126 ultimis
1230 1099 1322 1126 saeculi
1340 1097 1510 1133 temporibus
1522 1098 1689 1132 apparuerit,
1708 1105 1777 1132 pne-

986 1145 1073 1172 sentis
1085 1146 1226 1178 nimirum,
1239 1149 1266 1172 ct
1280 1146 1344 1180 quia
1364 1149 1425 1180 post
1439 1145 1526 1180 ipsum
1539 1145 1610 1172 alius
1618 1152 1708 1172 nemo.
1722 1145 1776 1172 Nc—

987 1198 1040 1226 que
1051 1191 1124 1217 enim
1137 1191 1163 1218 in
1175 1192 1228 1218 alio
1238 1191 1336 1218 salvari
1346 1195 1537 1226 exspectamus
1548 1190 1582 1217 ⁸⁷.
1598 1189 1702 1218 Sufﬁcit
1712 1197 1778 1217 vero

986 1237 1073 1269 solus,
1086 1237 1151 1272 quia
1169 1245 1258 1272 neque
1275 1237 1303 1264 in
1320 1238 1373 1264 alio
1388 1239 1468 1264 sitam
1481 1245 1542 1265 esse
1553 1237 1671 1264 dicimus
1682 1237 1777 1264 mundi

987 1283 1103 1310 salutem
1127 1291 1159 1311 ac
1172 1284 1266 1311 vitam.
1279 1284 1339 1318 Ipse
1351 1284 1442 1319 itaque
1456 1291 1506 1311 nos
1521 1283 1549 1311 in
1562 1283 1660 1311 saecula
1674 1288 1777 1319 pascet,

985 1329 1062 1363 juxta
1073 1329 1222 1356 Psalmistte
1231 1337 1325 1356 vocem
1336 1329 1370 1362 °",
1381 1329 1539 1364 subditique
1561 1329 1665 1356 erimus
1675 1329 1728 1364 ipsi
1738 1329 1780 1356 di-

987 1374 1070 1406 lecto,
1084 1374 1131 1408 qui
1145 1374 1273 1409 apparuit
1284 1374 1395 1409 quidem
1406 1375 1434 1401 in
1451 1374 1555 1402 ultimis
1567 1375 1659 1402 seculi
1674 1379 1780 1410 tempo-

988 1419 1076 1452 ribus,
1092 1424 1120 1447 ut
1137 1420 1219 1447 modo
1237 1420 1305 1453 dixi,
1324 1428 1406 1447 carne
1426 1424 1574 1455 assumpta,
1587 1421 1782 1455 prmexistebat

989 1469 1079 1492 autem
1087 1469 1117 1492 ut
1124 1466 1205 1493 Deus.
1213 1466 1412 1493 Dicimuscnim
1418 1473 1546 1493 cumesse
1555 1470 1721 1493 comternum
1731 1466 1781 1494 Pa-

989 1511 1036 1538 tri.
1048 1511 1182 1544 Quocirca
1191 1511 1308 1538 dilectus
1321 1511 1432 1546 quidem
1442 1515 1484 1539 est
1496 1519 1511 1539 a
1524 1515 1602 1546 patre
1613 1512 1780 1540 excellenter

989 1558 1099 1592 Ioseph.
1116 1558 1224 1586 Vestem
1240 1562 1331 1585 autem
1349 1558 1399 1593 ipsi
1412 1558 1488 1586 dedit
1500 1558 1614 1590 variam,
1627 1559 1713 1586 veluti
1724 1559 1782 1586 exi—

992 1604 1078 1631 mium
1093 1603 1195 1631 donum
1212 1609 1240 1631 et
1260 1603 1432 1631 manifestum
1449 1604 1562 1636 amoris,
1574 1612 1629 1639 quo
1639 1612 1702 1632 eum
1718 1612 1780 1640 pro-

991 1649 1168 1684 sequebatur,
1181 1654 1383 1684 argumentum.
1402 1649 1538 1677 Caeterum
1555 1653 1614 1677 erat
1633 1650 1716 1677 etiam
1729 1650 1781 1678 hoc

992 1695 1123 1722 fratribus
1139 1694 1295 1722 invidentia:
1306 1695 1508 1722 irritamentum
1529 1700 1610 1728 atque
1621 1695 1676 1722 odii
1687 1702 1779 1725 causa,

992 1740 1223 1775 quemadmodum
1236 1740 1275 1767 rei
1292 1740 1381 1767 exitus
1397 1740 1557 1768 declarabit.
1569 1740 1682 1768 Accensi
1698 1740 1780 1767 etiam

993 1790 1058 1814 sunt
1075 1787 1115 1813 ira
1128 1786 1260 1814 adversus
1278 1786 1419 1818 dilectum,
1433 1787 1486 1814 hoc
1495 1791 1537 1813 est
1549 1785 1698 1818 Christum,
1710 1786 1780 1813 Pha—

992 1831 1075 1864 risaei,
1094 1831 1156 1858 ideo
1178 1831 1251 1866 quod
1268 1839 1284 1859 a
1300 1831 1357 1858 Deo
1372 1838 1404 1858 ac
1426 1831 1505 1858 Patre
1520 1829 1681 1857 multiformi
1697 1829 1781 1864 gloria

993 1877 1106 1905 indutus
1115 1877 1208 1904 fuerit.
1223 1877 1316 1905 Multis
1325 1877 1399 1904 enim
1410 1884 1504 1904 revera
1515 1876 1604 1903 modis
1613 1875 1782 1903 admirabilis

993 1924 1055 1955 fuit,
1079 1924 1177 1959 partim
1197 1924 1309 1959 quidem
1330 1928 1362 1950 ut
1382 1923 1534 1954 viviﬁcans,
1553 1922 1653 1957 partim
1670 1929 1736 1949 vero
1752 1926 1783 1949 ut

993 1970 1050 2002 lux,
1060 1974 1087 1997 et
1099 1970 1253 1997 illuminare
1263 1969 1356 1996 valens
1364 1976 1413 1996 eos
1423 1968 1469 2003 qui
1481 1968 1509 1995 in
1521 1967 1652 1999 tenebris,
1664 1971 1695 1994 ut
1704 1974 1783 1994 mun-

994 2015 1062 2043 daus
1077 2016 1210 2050 leprosos,
1228 2015 1418 2049 suscitansque
1436 2013 1564 2040 facillime
1578 2013 1662 2040 etiam
1678 2013 1784 2040 olentes

994 2066 1129 2094 mortuos,
1146 2065 1178 2088 ut
1194 2061 1280 2088 maria
1294 2061 1448 2094 increpans,
1463 2063 1544 2093 atque
1559 2059 1625 2093 ipsis
1644 2066 1693 2086 sua
1705 2063 1783 2096 pote-

996 2111 1064 2135 state
1078 2107 1207 2134 fluctihus
1219 2110 1322 2133 vectus.
1338 2105 1443 2133 Idcirco
1454 2103 1540 2132 Judaei
1555 2103 1671 2132 subinde
1688 2104 1784 2139 inopes

996 2151 1102 2179 consilii
1120 2152 1282 2186 invidiaeque
1297 2150 1413 2178 ﬂammis
1423 2154 1604 2177 exaestuantes
1618 2150 1689 2177 inter
1702 2158 1731 2178 se
1743 2150 1784 2178 ἀι.

997 2199 1095 2225 cebant
1109 2207 1115 2224 :
1133 2207 1141 2223 ι
1156 2198 1227 2231 Quid
1241 2197 1374 2225 facimus?
1384 2196 1449 2231 quia
1460 2196 1542 2223 homo
1553 2196 1598 2224 hic
1611 2197 1696 2224 multa
1708 2197 1784 2233 signa

155 2242 229 2268 γατὰ
237 2242 359 2275 πολλοὺς,
368 2241 455 2277 οἶμαι,
468 2243 594 2278 τρόπους·
609 2243 687 2270 τοῦτο
697 2243 745 2278 μὲν
758 2243 796 2275 ὡς
807 2242 936 2274 ζωοποιδς

1000 2244 1064 2271 facit
1084 2244 1116 2271 ’³.
1133 2253 1142 2269 ι
1157 2243 1237 2271 Varia
1254 2243 1346 2278 itaque
1362 2241 1445 2269 vestis
1461 2245 1540 2277 typus
1557 2247 1599 2270 est
1610 2243 1784 2270 multiformis

157 2286 237 2314 τοῦτο
252 2288 280 2314 δὲ
293 2288 330 2320 ὡς
357 2289 414 2323 φῶς
434 2290 480 2316 καὶ
505 2289 702 2324 καταφωτὶζειν
717 2287 771 2322 οἷός
785 2298 814 2316 τε
830 2290 892 2320 τοὺς
916 2289 945 2315 ὲν

159 2334 264 2369 ¹σκάπτῳ,
289 2334 327 2366 ὼς
349 2335 465 2371 λεπροὺς
488 2335 658 2372 καθαρίζων,
688 2337 735 2363 καὶ
754 2335 869 2371 νεκροὺς
894 2335 945 2362 κᾶν

157 2380 209 2415 ἢδη
245 2380 430 2413 δυσωδοῦντας
453 2383 541 2417 ῥᾷστα
569 2383 705 2418 ἐγείρων,
733 2382 771 2414 ὠς
798 2381 946 2413 θαλάσσαις

157 2426 306 2461 ἐπιτιμῶν,
326 2427 374 2454 καὶ
395 2428 486 2460 αὐτοῖς
506 2428 550 2455 ἐπ’
564 2428 688 2461 ἐξουσίας
704 2428 886 2463 ἐποχούμενος
897 2427 946 2454 κύ-

159 2478 237 2504 μασι,
268 2471 324 2498 Καὶ
346 2472 412 2506 γοῦν
434 2473 482 2508 ἤδη
502 2482 562 2505 πως
594 2474 712 2500 Ἰουδαῖοι
738 2473 945 2509 διηπορηκότες,

157 2516 206 2542 καὶ
220 2515 260 2550 τῷ
278 2516 326 2551 τῆς
342 2517 488 2552 βασκανίας
506 2519 572 2554 πυρὶ
589 2518 680 2545 λοιπὸν
701 2519 845 2554 ἀφορήτως
860 2527 944 2545 κατα-

157 2562 331 2596 τρυχόμενοι,
350 2562 418 2598 πρὸς
437 2563 568 2599 ἀλλήλους
593 2564 694 2599 ἕλεγον-
714 2574 723 2590 ‹
746 2565 778 2590 Τί
798 2564 946 2598 ποιοῦμεν;

157 2606 199 2634 δτι
218 2605 294 2640 οὗτος
312 2609 327 2635 ὀ
351 2608 493 2646 ᾷνορωπος
510 2609 594 2636 πολλὰ
609 2612 709 2646 σημεῖα
724 2611 804 2637 ποιεῖ,
826 2619 836 2636 ›
853 2610 944 2645 Αἴνιγ-

160 2661 198 2688 μα
214 2652 246 2689 δὴ
256 2651 324 2681 οὗνὸ
335 2655 517 2690 παμποίκιλος
527 2656 593 2691 ἡμῖν
606 2655 689 2690 χιτών
704 2657 761 2683 ἐστι
776 2656 826 2692 τῆς
836 2656 945 2683 πολυει-

155 2697 221 2731 δοῦς
241 2699 377 2732 εὐκλείας,
399 2702 432 2736 ἣν
448 2701 463 2728 ό
478 2701 545 2733 Θεὸς
563 2703 610 2728 καὶ
624 2701 720 2738 Πατὴρ
738 2702 889 2737 περιθεῖναι
903 2702 945 2728 λέ-

156 2751 236 2778 γεται
246 2744 284 2779 τῷ
301 2745 358 2780 Υἱῷ
372 2746 432 2772 καθ’
445 2746 519 2781 ἡμᾶς
542 2747 680 2782 γενομένῳ
692 2745 735 2773 διὰ
758 2747 788 2773 τὸ
807 2747 945 2782 ἀνθρώπι-

159 2799 212 2819 νον.
233 2791 308 2817 Ἐπεὶ
332 2791 363 2817 τις
379 2800 410 2825 γε
433 2789 499 2827 ἧκον
518 2794 556 2824 εἰς
569 2792 636 2819 ίδίαν
649 2791 739 2826 φύσιν,
753 2793 833 2824 αὐτός
846 2794 919 2819 ἐστιν
932 2793 945 2818 ὁ

197 2882 221 2898 ’³
233 2882 303 2909 Osee
316 2890 362 2915 vn,
381 2883 423 2910 15.

476 2883 499 2898 ’⁸
512 2883 579 2910 ibid.
601 2883 643 2911 16.
684 2883 706 2900 θ’
718 2884 777 2912 Act.
793 2887 828 2917 Iv,
844 2883 886 2910 ﬂ.
924 2883 939 2899 "

989 2883 1027 2910 al.
1045 2891 1124 2915 xuu,
1142 2883 1184 2910 15.
1223 2883 1244 2898 ⁹⁹
1260 2882 1330 2910 .lnan
1354 2891 1389 2916 si,
1411 2883 1454 2910 ιτ.

997 2290 1100 2325 glorite,
1113 2296 1166 2324 qua
1178 2289 1251 2317 Deus
1261 2297 1293 2316 ac
1304 2289 1384 2316 Pater
1396 2287 1486 2315 induit
1498 2288 1606 2320 Filium,
1619 2288 1699 2316 nobis
1710 2289 1785 2316 siml-

996 2336 1050 2363 lem
1067 2335 1169 2363 factum
1186 2339 1299 2370 propter
1315 2334 1523 2362 humanitatem.
1541 2334 1682 2369 Siquidem
1700 2341 1785 2370 quan-

997 2387 1056 2410 tum
1075 2382 1108 2410 ad
1127 2382 1265 2418 propriam
1283 2381 1370 2416 ipsius
1388 2384 1515 2408 naturam
1539 2380 1647 2413 attinet,
1668 2380 1726 2415 ipse
1744 2384 1786 2408 est

997 2428 1130 2456 Dominus
1153 2428 1265 2463 glorias,
1287 2427 1414 2459 tametsi,
1441 2430 1554 2462 propter
1576 2426 1784 2454 similitudinem

999 2482 1081 2511 quam
1090 2473 1232 2501 nobiseum
1243 2472 1445 2505 hahet,dicat:«
1453 2473 1544 2505 Pater,
1557 2471 1676 2500 elaritiea
1688 2472 1784 2500 Filium

1000 2524 1078 2548 tuum
1095 2520 1115 2546 ‘.
1130 2528 1139 2545 ι
1152 2518 1200 2546 llis
1215 2518 1297 2553 igitur
1315 2517 1349 2545 de
1361 2518 1452 2545 causis
1470 2525 1537 2553 quas
1552 2517 1688 2549 recensui,
1702 2518 1785 2545 exsti-

1000 2565 1095 2593 mulati
1111 2569 1175 2593 sunt
1185 2563 1218 2592 ad
1228 2565 1295 2591 iram
1309 2567 1391 2599 atque
1405 2562 1535 2591 invidiam
1547 2562 1595 2590 ﬁlii
1607 2562 1766 2591 ancillarum
1779 2572 1786 2596 ;

1000 2617 1130 2648 prieterea
1146 2611 1174 2638 in
1185 2610 1370 2646 suspicionem
1388 2610 1544 2637 inciderunt
1562 2617 1596 2637 ex
1615 2609 1713 2637 somnii
1726 2616 1787 2636 ηομ

996 2658 1112 2685 ratione.
1123 2656 1413 2692 190Przenosccutes
1421 2655 1494 2683 enim
1501 2655 1566 2691 quia
1578 2662 1707 2682 successu
1720 2659 1787 2682 tem-

995 2703 1071 2738 poris
1085 2702 1170 2730 futuri
1181 2705 1272 2730 essent
1285 2701 1388 2729 subditi
1397 2700 1485 2734 fratri,
1501 2708 1619 2736 eumque
1634 2700 1787 2731 adoraturi.

998 2749 1088 2785 ipsum
1102 2756 1169 2776 vero
1181 2748 1261 2784 longe
1273 2747 1445 2783 superiorem
1457 2746 1527 2779 fore,
1544 2750 1625 2781 atque
1637 2745 1665 2772 in
1681 2749 1787 2773 tantum

998 2795 1090 2830 glorias
1105 2795 1244 2830 fastigium
1261 2793 1445 2826 evehendum,
1461 2797 1491 2820 ut
1503 2792 1538 2821 ab
1553 2792 1620 2828 ipsis
1637 2791 1720 2819 etiam
1739 2794 1789 2826 pa-

1495 2882 1502 2896 ¹
1511 2881 1588 2909 Joan.
1598 2888 1661 2913 xvu,
1675 2880 1700 2907 l.
