1990 3050
194 175 248 206 305

705 177 733 204 S.
754 175 890 204 CYRILLI
910 174 1144 202 ALEXANDRINI
1163 174 1321 203 ARCHIEP.

1770 173 1823 202 30.5

195 236 321 264 rentibus
333 235 505 269 adorantur,
518 235 680 263 frendebant
697 234 835 266 dentibus,
848 237 876 260 et
891 233 925 260 de
941 233 983 259 in-

1040 233 1084 268 τῆς
1097 233 1175 268 δόξης
1189 233 1289 268 Κύριος
1302 239 1309 247 ⁸
1326 232 1377 259 κᾶν
1403 232 1427 258 εί
1453 232 1527 266 λέγοι
1544 231 1623 267 τυχὸν
1646 226 1824 267 οἰκονομικῶς

195 281 356 310 terﬁciendo
366 289 399 308 eo
407 281 571 316 cogitarunt.
583 279 744 307 Exacerhati
753 286 818 306 vero
827 282 893 306 sunt
900 278 984 305 etiam

194 326 292 359 Judaei,
304 333 394 361 neque
405 333 502 361 parum
513 325 615 357 alllicti,
629 324 811 359 intelligentes
821 324 984 350 Emmanue-

194 373 248 400 lem
263 372 337 407 ipsos
353 371 436 399 etiam
451 376 560 399 sanctos
574 375 665 406 patres
679 374 882 405 superaturum,
895 369 983 404 quod-

194 426 247 453 que
262 418 296 445 ab
312 418 386 446 omni
410 418 511 453 populo
531 416 686 444 adorandus
698 420 779 448 esset,
794 415 849 443 imo
863 423 929 443 vero
949 415 984 443 ab

196 465 325 492 universa
341 468 424 491 terra.
446 463 534 499 Atque
548 463 629 498 hujus
650 462 689 489 rei
709 462 811 489 conscii
831 461 958 489 dicebant
976 471 982 488 :

199 521 207 536 ι
223 511 273 538 Hic
292 514 335 538 est
346 510 433 537 haeres
452 518 458 536 :
474 509 575 541 venite,
595 508 752 535 occidamus
770 515 844 540 eum,
861 512 888 535 et
900 515 984 536 occu-

195 565 292 593 pemus
305 556 493 584 haereditatcm
505 555 624 590 ipsius';
640 563 648 580 ι
671 553 780 581 dicente
799 554 882 582 etiam
904 554 984 582 beato

195 603 281 630 David
301 601 448 636 Unigenito
464 600 606 627 incarnato
629 608 635 625 :
651 608 660 624 ι
676 598 778 627 Omnes
801 603 896 635 gentes
917 607 985 634 quas

195 648 285 676 fecisti
298 647 419 678 venient,
432 649 460 673 et
472 645 625 673 adorabunt
643 652 734 672 coram
757 649 792 677 te,
807 645 921 672 Domine
934 645 953 677 ’ς
972 654 980 670 ι

195 693 297 720 alicubi
320 699 386 720 vero
413 698 524 718 rursum
549 690 632 718 etiam
657 690 779 725 ipsorum
800 690 984 718 lsraelitarum

195 738 328 766 adversus
348 737 490 765 Christum
511 736 643 764 invidiam
665 736 831 772 impiumque
854 737 923 763 iram
949 737 985 764 ob

194 783 290 810 oculos
303 787 421 818 ponente
446 787 528 817 atque
540 782 648 809 dicente
662 791 668 808 :
684 791 693 807 ι
708 782 839 809 Dominus
850 782 984 817 regnavit,

196 829 350 856 irascantur
363 828 456 863 populi
469 827 490 854 ⁸.
505 837 513 853 ι
529 827 602 855 Satis
618 827 710 862 itaque
726 827 831 854 crudeli
848 831 929 861 atque
942 827 984 854 in-

195 874 300 901 domita
315 874 473 902 Iudaeorum
490 873 593 900 invidia
610 878 729 905 ostensa,
742 876 896 908 opportune
909 872 985 900 dica-

1034 280 1078 307 διὰ
1092 281 1140 316 τὴν
1161 282 1230 316 πρὸς
1245 281 1319 316 ἡμᾶς
1341 279 1479 315 ὁμοίωσιν·
1498 288 1506 304 ι
1527 279 1635 315 Πάτερ,
1651 279 1761 311 δόξασόν
1776 287 1823 306 σου

1034 325 1081 352 τὸν
1099 325 1173 353 Υίόν.
1197 335 1206 351 ι
1222 325 1411 361 Παρεθήγοντο
1427 325 1459 359 δὴ
1474 321 1520 350 οὖν
1538 325 1577 355 είς
1591 324 1678 356 λύπας
1693 325 1718 351 οἱ
1732 325 1764 351 ὲκ
1779 324 1824 351 0:—
1848 324 1851 330 "

1036 371 1186 406 ραπαινῶν,
1201 371 1242 405 ἐφ’
1256 369 1296 402 οἷς
1306 370 1375 406 ἔφην
1389 370 1500 405 ἀρτίως.
1518 370 1573 396 Καὶ
1585 370 1653 406 πρός
1667 379 1698 404 γε
1715 371 1746 406 δὴ
1761 371 1823 397 τού-

1034 425 1100 448 τοις,
1116 416 1231 443 ὕποπτοι
1253 416 1381 450 γεγόνασι
1398 415 1441 442 διὰ
1456 416 1507 450 τὴν
1536 415 1590 442 τῶν
1612 416 1744 443 ἐνυπνίων
1769 417 1824 451 ἀφ-

1036 463 1146 498 ήγησιν.
1158 462 1448 498 Προαναμανθάνοντες
1456 462 1522 497 γὰρ,
1531 462 1567 494 ὡς
1574 462 1650 489 αὐτοὶ
1660 463 1708 498 μὲν
1719 462 1824 489 ἔσονται

1035 509 1106 535 κατά
1129 509 1244 544 καιροὺς
1270 509 1323 535 ὑπὸ
1346 508 1440 540 πόδας,
1465 508 1512 535 καὶ
1540 508 1726 544 προσκυνηταί
1747 516 1754 523 '
1768 508 1824 535 ὁδε

1035 553 1094 580 λίαν
1114 553 1146 589 δὴ
1167 553 1369 589 ὑπερκείσεται,
1387 554 1432 580 καὶ
1450 554 1490 585 είς
1510 553 1590 580 τοῦτο
1610 553 1689 589 δόξης
1710 554 1824 589 ἀναδρα-

1037 601 1127 635 μεῖται
1141 600 1244 632 λοιπὸν,
1265 599 1303 632 ὡς
1321 600 1368 626 καὶ
1382 600 1474 631 αὐτοῖς
1495 599 1622 634 γενέσθαι
1636 601 1824 636 προσκυνητὸν

1035 648 1091 678 τοῖς
1103 645 1296 680 γεγεννηκόσιν
1310 653 1317 660 ·
1344 645 1485 681 ἑπέτριζον
1509 646 1559 681 ἤδη
1575 644 1640 677 τνὺς
1656 646 1766 677 ὀδόντας
1777 646 1825 672 αὐ-

1035 692 1099 724 τῶν,
1115 692 1161 718 καὶ
1177 691 1226 722 τὰς
1242 691 1291 718 ὲπὶ
1309 691 1339 718 τὸ
1353 691 1451 726 χρῆναι
1475 692 1560 726 φονᾷν
1581 691 1744 726 είσεδέχοντο
1759 691 1826 725 γνώ-

1037 747 1100 773 μας.
1114 737 1308 772 Παρωξύνοντο
1327 737 1356 764 δὲ
1373 737 1420 764 καὶ⁴
1432 737 1456 764 οι
1470 737 1601 769 Ἰουδαῖοι,
1614 737 1662 764 καὶ
1676 736 1825 772 λελύπηντο

1036 783 1066 809 οὐ
1081 783 1199 817 μικρῶς,
1217 782 1398 818 μανθάνοντες
1411 783 1507 809 ὂτικαὶ
1523 783 1620 814 αὐτοὺς
1634 781 1825 817 ὑπερκείσεται

1036 829 1099 859 τοὺς
1114 828 1206 862 ἁγίους
1219 828 1368 863 Πατέραςὸ
1380 828 1563 863 Ἑμμανουὴλ,
1576 827 1623 855 καὶ
1638 826 1826 863 προσκυνητδς

1037 874 1113 900 ἔσται
1129 874 1212 901 παντὶ
1227 874 1266 909 τῷ
1289 874 1356 909 λαῷ,
1373 874 1473 909 μᾶλλον
1488 874 1516 901 δὲ
1539 875 1632 909 ἁπάσῃ
1647 875 1680 909 τῇ
1701 874 1747 908 γῇ.
1770 872 1826 899 Καὶ

196 927 258 948 mus
278 919 461 947 intolerabilia
480 921 508 946 et
523 918 730 954 sanguinolenta
747 918 879 950 facinora,
897 918 985 945 unde-

1040 920 1115 947 τοῦτο
1132 922 1267 952 συνιέντες
1283 921 1401 954 ἔφασκον
1413 929 1419 935 ·
1434 917 1517 952 Οὗτός
1530 921 1604 947 ἐστιν
1619 921 1633 946 6
1647 919 1824 954 κληρονόμος,

196 973 304 1000 quaque
319 965 461 992 historiam
479 969 625 997 sectantes,
640 968 722 999 atque
741 964 769 991 in
785 963 873 998 ipsum
893 964 984 991 incar—

1036 963 1112 990 δεῦτε
1127 963 1329 998 ἀποκτείνωμεν
1340 963 1430 996 αὑτὸν,
1444 963 1491 990 καὶ
1504 963 1685 999 κατάσχωμεν
1698 963 1746 999 τὴν
1759 963 1823 998 κλη-

197 1010 316 1038 nationis
325 1010 463 1046 Unigeniti
471 1017 584 1045 scopum
598 1013 781 1037 recurrentes.
789 1008 906 1037 Deducit
913 1008 987 1037 enim

1040 1009 1165 1045 ρονομίαν
1176 1008 1268 1035 αὐτοῦ·
1286 1019 1294 1034 ι
1313 1009 1401 1035 καίτοι
1411 1008 1458 1035 τοῦ
1471 1008 1605 1044 μακαρίου
1615 1008 1696 1034 Δαὸὶδ
1705 1009 1824 1042 ἀναφαν-

196 1065 250 1085 IOS
261 1064 295 1084 ΘΟ
310 1063 409 1084 sermo.

1040 1054 1079 1081 Ξὺν
1103 1054 1227 1089 λέγοντος
1241 1055 1464 1090 ὲνηνθρωπηκότι
1479 1055 1517 1090 τῷ
1529 1055 1686 1089 Μονογενεῖ·
1703 1064 1712 1080 ι
1732 1054 1825 1080 Πάντα

197 1103 231 1129 τὰ
254 1102 317 1138 ἔθνη
342 1102 392 1129 ὅσα
412 1102 553 1137 ἐποίησας,
569 1101 663 1137 ἥξουσι
683 1101 730 1128 καὶ
751 1100 985 1136 προσκυνήσουσιν
1005 1100 1119 1128 ἐνώπιόν
1141 1109 1199 1134 σου,
1232 1100 1320 1136 Κύριε
1337 1108 1343 1114 ·
1365 1109 1374 1126 ι
1398 1100 1491 1128 ἄλλοτε
1508 1100 1529 1126 δ’
1545 1099 1578 1127 αὖ
1591 1100 1638 1127 καὶ
1651 1099 1740 1126 αὐτῶν
1770 1098 1826 1125 τῶν

198 1149 228 1182 ἐξ
249 1147 358 1185 Ἰσραὴλ
372 1148 420 1175 τὸν
435 1148 481 1175 ἐπὶ
496 1147 606 1184 Χριστῷ
627 1148 723 1182 φθόνον
747 1148 794 1174 καὶ
825 1147 875 1182 τὴν
907 1146 1016 1173 ἀνοσίαν
1036 1147 1119 1182 ὀργὴν
1134 1147 1276 1181 καταφανῆ
1299 1146 1419 1178 τιθέντος
1433 1147 1480 1173 καὶ
1493 1146 1626 1180 λέγοντος·
1649 1156 1659 1171 ι
1678 1145 1708 1171 '0
1724 1144 1826 1180 Κύριος

199 1195 385 1228 ἐϐασίλευσεν,
400 1195 603 1231 όργιζέσθωσαν
624 1194 693 1221 λαοί.
711 1203 720 1220 ι
742 1192 936 1229 Ἀποχρώντως
952 1193 985 1228 δὴ
1003 1190 1048 1220 οὖν
1065 1194 1109 1220 τὸν
1131 1193 1223 1229 ἀπηνῆ
1256 1193 1303 1219 καὶ
1326 1193 1472 1220 ἀτίθασσον
1491 1193 1544 1219 τῶν
1569 1191 1703 1218 Ἰουδαίων
1738 1198 1822 1217 κατα-

199 1239 334 1273 δείξαντες
348 1240 455 1275 φθόνον,
471 1240 517 1266 ὲπὶ
539 1239 633 1274 καιροῦ
652 1239 777 1274 λέγωμεν
789 1239 823 1265 τὰ
836 1237 967 1265 δύσοιστά
981 1246 1011 1264 τε
1031 1238 1078 1265 καὶ
1094 1239 1223 1274 μιαιφόνα
1242 1238 1415 1273 τολμήματα,
1431 1239 1555 1273 πανταχῆ
1578 1237 1622 1264 τὸν
1638 1238 1687 1273 τῆς
1706 1236 1825 1272 ίστορίας,

201 1286 411 1321 παραθλίὸοντες
428 1285 516 1320 λόγον,
531 1286 577 1312 καὶ
594 1286 633 1317 εἰς
646 1284 727 1311 αὑτὸν
744 1285 793 1319 τῆς
811 1283 1043 1320 ὲνανθρωπήσεως
1060 1283 1107 1309 τοῦ
1141 1283 1310 1318 Μονογενοῦς
1334 1283 1492 1316 ἀναθέοντες
1524 1284 1569 1311 τὸν
1601 1284 1711 1311 σκοπόν.
1745 1278 1826 1310 Ἄνα-

199 1332 308 1367 κομίξει
328 1331 382 1367 γὰρ
399 1328 478 1361 αὖθις
490 1331 530 1362 είς
543 1329 621 1356 τοῦτο
638 1330 712 1365 ἡμᾶς
726 1330 740 1356 6
756 1329 844 1363 λόγος.

234 1379 260 1406 5.
271 1378 370 1413 Ioseph
381 1377 489 1412 quidem
504 1377 590 1412 patris
602 1376 644 1404 sui
654 1376 731 1411 jussu
746 1376 774 1403 in
785 1376 894 1404 Sichem
906 1375 988 1411 profi—

1078 1378 1108 1401 ε’.
1132 1374 1210 1400 ’ἰέναι
1229 1374 1279 1409 μὲν
1295 1374 1349 1410 γὰρ
1364 1376 1392 1401 ὲν
1407 1375 1491 1410 Σιχὲμ
1504 1374 1549 1401 τὸν
1563 1375 1705 1403 Θεσπέσιον
1727 1375 1825 1413 Ἰωσὴφ

198 1425 322 1455 ciscitur,
335 1423 522 1451 sciscitaturus
537 1430 572 1449 an
586 1421 705 1454 valeant,
722 1426 804 1456 atque
817 1421 864 1448 ubi
878 1426 906 1448 et
918 1429 988 1456 quo-

1041 1421 1071 1448 τδ
1085 1419 1131 1447 τοῦ
1152 1420 1252 1455 πατρός
1267 1421 1407 1447 ἀναπείθει
1419 1421 1586 1455 πρόσταγμα
1597 1442 1604 1454 ,
1621 1422 1699 1456 είπερ
1712 1423 1782 1449 εἰσὶν
1796 1425 1825 1450 ὲν

200 1470 281 1497 modo
294 1472 407 1504 pascant
427 1468 535 1495 fratres.
557 1468 617 1502 Ipse
631 1475 696 1494 vero
711 1467 779 1500 abit,
800 1474 832 1494 ac
846 1466 988 1494 difﬁculter

1042 1466 1213 1501 εὐρωστίαις,
1231 1467 1277 1492 καὶ
1297 1466 1357 1492 ὅποι
1369 1466 1434 1492 ποτὲ
1449 1467 1496 1493 καὶ
1517 1467 1578 1493 τίνα
1600 1467 1632 1502 δὴ
1650 1469 1748 1503 τρόπον
1768 1469 1826 1495 δια-

200 1524 249 1544 eos
264 1515 378 1547 invenit,
397 1521 451 1542 non
471 1513 582 1549 quidem
598 1514 626 1540 in
640 1513 760 1546 Sichem,
777 1517 804 1540 at
817 1513 908 1548 potius
921 1521 986 1547 pro-

200 1563 287 1590 fectos
302 1562 329 1589 in
349 1561 484 1588 Dothaim.
506 1560 592 1587 Simul
609 1564 692 1594 atque
709 1566 776 1587 vero
794 1559 987 1586 adventantem

201 1607 351 1642 conspicati
365 1609 437 1638 sunt,
450 1605 574 1632 odiosum
587 1604 654 1639 ipsis
665 1608 693 1631 ct
708 1611 818 1639 gravem
830 1603 931 1636 rident,
944 1604 988 1631 di-

201 1657 295 1682 centes
307 1662 313 1679 :
331 1661 339 1677 ι
352 1652 422 1679 Ecce
433 1651 581 1678 somniator
592 1650 638 1686 ille
648 1650 723 1676 venit
734 1649 754 1675 '.
770 1659 778 1674 ι
792 1648 915 1684 Cumque
925 1656 988 1675 eum

202 1697 358 1726 interﬁcere
373 1696 541 1728 statuissent,
557 1694 684 1730 prohibet
700 1694 807 1721 Ruben.
821 1694 989 1721 Dimiserunt

203 1744 294 1778 itaque
311 1742 339 1769 in
355 1748 436 1768 unam
454 1740 610 1771 cisternam,
623 1738 767 1765 consilium
781 1738 879 1765 Ruben
893 1745 988 1772 asper-

203 1792 310 1816 nantes.
331 1787 425 1821 Neque
445 1785 530 1812 multo
544 1789 615 1819 post,
629 1784 757 1811 eductum
776 1784 905 1818 juvenem
919 1791 934 1810 e
948 1783 988 1809 ci-

203 1838 298 1862 sterna
315 1832 497 1860 vendiderunt
513 1829 657 1858 lsmaelitis
674 1830 703 1856 in
718 1829 864 1864 Egyptum
879 1828 989 1863 prolici-

203 1879 354 1907 lcentibus.
372 1877 468 1905 Ruben
484 1884 550 1904 vero
558 1884 626 1903 .cum
639 1876 672 1902 ad
688 1876 833 1902 cisternam
846 1875 987 1907 rediisset,

203 1933 293 1961 neque
323 1925 452 1960 juvenem
476 1923 644 1958 reperisset,
676 1926 814 1949 mortuum
843 1921 898 1956 jam
927 1927 989 1947 cre-

187 1971 273 1999 ‘dens
308 1974 390 2004 atque
424 1968 458 1996 ab
485 1968 577 2003 impiis
617 1967 761 1994 homicidis
795 1965 989 1996 interfectum.

206 2015 396 2045 molestissime
417 2014 444 2042 id
461 2014 531 2041 tulit.
553 2013 586 2040 Et
604 2012 704 2047 Ioseph
725 2011 836 2046 quidem
855 2010 990 2037 abductus

201 2068 244 2092 est
263 2064 290 2091 In
312 2062 467 2097 Egyptum.
487 2061 567 2087 Pater
582 2066 646 2086 vero
667 2057 745 2090 luxit,
762 2057 905 2090 multoque
920 2059 989 2083 tem-

205 2117 272 2144 pore
307 2107 510 2135 mmstissimam
546 2105 630 2132 vitam
665 2103 728 2138 egit.
766 2102 864 2129 Missus
899 2105 990 2129 autem

205 2159 247 2184 est
275 2163 290 2182 a
318 2155 374 2182 Deo
403 2161 436 2181 ac
454 2153 532 2180 Patre
558 2152 615 2186 ipse
635 2149 766 2176 Dominus
792 2152 884 2175 noster
913 2148 992 2175 Iesus

205 2201 354 2233 Christus,
395 2202 426 2226 ut
458 2197 611 2232 exploraret
656 2194 792 2222 lsraelitas
828 2201 863 2220 an
902 2193 992 2220 adhuc

208 2246 286 2282 191
294 2245 409 2273 sanitate
416 2242 524 2279 praediti
536 2244 636 2273 essent,
647 2238 824 2267 intellectuali
837 2238 967 2265 nimirum
983 2246 990 2264 :

207 2291 327 2326 itemque
353 2298 388 2317 an
411 2296 478 2326 oves
496 2287 562 2322 ipsis
580 2285 731 2313 commissze
743 2284 771 2311 in
783 2283 864 2311 bonis
884 2283 993 2318 pascuis

206 2340 392 2367 versarentur,
408 2341 497 2369 neque
509 2336 650 2367 pastorum
665 2338 731 2357 cura
739 2329 877 2356 destituta:
890 2332 991 2356 essent.

205 2383 341 2410 (La-terum
357 2380 454 2407 fratres
470 2377 575 2406 inventi
592 2380 665 2408 sunt,
687 2383 742 2403 non
756 2375 785 2402 in
805 2375 924 2408 Sichem,
945 2375 993 2402 sed

208 2429 236 2456 in
266 2427 401 2454 Dothaim.
424 2425 532 2452 Sichem
553 2423 748 2458 interpretatur
772 2421 904 2448 humerus.
937 2420 994 2447 Hoc

207 2476 299 2500 autem
315 2471 467 2498 membrum
479 2469 585 2504 signum
599 2472 640 2495 est
656 2467 811 2502 diligentire.
828 2466 909 2493 Sacra
920 2465 993 2492 enim

207 2517 349 2552 Scriptura
361 2515 498 2544 interdum
513 2522 562 2550 pro
577 2514 685 2546 robore,
704 2512 839 2540 interdum
853 2519 903 2546 pro
913 2519 994 2545 opere

207 2565 282 2593 hunc
302 2568 394 2600 typum
415 2565 538 2596 usurpat,
559 2564 589 2587 ut
613 2559 701 2586 illud:
721 2568 729 2584 ι
743 2559 782 2586 Da
807 2566 854 2585 cor
872 2561 949 2584 tuum
966 2557 994 2583 in

207 2611 338 2638 humeros
352 2609 373 2641 ‘,
389 2619 396 2634 I
408 2608 460 2635 hoc
469 2611 520 2639 est,
538 2607 566 2633 in
580 2605 700 2633 studium
714 2603 855 2640 operandi.
867 2603 994 2630 Dothaim

208 2661 300 2684 autem
320 2655 517 2689 interpretatur
534 2653 640 2687 defectio
657 2659 762 2686 magna.
780 2649 908 2678 Israelita:
931 2657 995 2684 ergo

208 2701 371 2738 deprehensi
398 2704 471 2732 sunt,
491 2707 545 2726 non
567 2697 678 2733 quidem
697 2697 792 2724 dantes
809 2703 919 2730 operam
938 2695 995 2722 vir-

209 2749 270 2781 tuti,
284 2755 373 2783 neque
390 2747 423 2775 iis
440 2754 499 2782 quae
518 2747 561 2773 lex
578 2744 685 2779 probat,
702 2743 750 2770 sed
765 2743 793 2768 in
806 2749 902 2776 magna
914 2741 995 2775 justi-

208 2795 252 2823 tiaa
264 2798 347 2829 atque
365 2793 431 2821 adeo
449 2792 538 2819 omnis
563 2790 700 2825 aequitatis
723 2788 884 2816 defectione.
902 2787 996 2822 Neque

1039 1511 1231 1546 ποιμαίνουσιν
1258 1510 1460 1547 ὲτιοπτεύσηται
1489 1511 1553 1543 τοὺς
1572 1511 1711 1546 ἀδελφούς.
1742 1514 1770 1540 ’0
1797 1515 1825 1541 δὲ

1039 1556 1132 1583 ἄπεισι
1148 1557 1207 1591 μὲν,
1223 1556 1345 1592 εὑρίσκει
1359 1556 1386 1582 δὲ
1404 1557 1491 1592 μόλις,
1505 1557 1605 1592 ἥκιστα
1621 1558 1671 1593 μὲν
1685 1559 1713 1584 ὲν
1729 1560 1824 1595 Σιχὲμ,

1039 1603 1250 1638 κατοιχομένους
1279 1603 1308 1629 δὲ
1333 1603 1433 1638 μᾶλλον
1463 1604 1501 1634 είς
1525 1603 1637 1639 Δοθαῖμ.
1668 1605 1712 1636 Ὠς
1742 1605 1771 1632 δὲ
1793 1607 1825 1642 δὴ

1040 1649 1186 1684 προσιόντα
1199 1648 1351 1681 τεθέανται,
1369 1649 1467 1684 πικρὸν
1490 1649 1538 1676 καὶ⁹
1552 1650 1747 1685 ἀπηχθημένον
1767 1661 1826 1686 μει-

1039 1693 1126 1726 διῶσι,
1141 1694 1275 1728 λέγοντες·
1298 1704 1307 1720 ι
1330 1695 1383 1721 Ἴδε
1397 1695 1411 1720 ό
1431 1695 1612 1730 ἐνυπνιαστὴς
1631 1696 1732 1729 ἐκεῖνος
1746 1697 1826 1733 ἔρχε-

1039 1747 1094 1765 ται.
1113 1749 1122 1764 ι
1141 1739 1344 1775 Διαχρήσασθαι
1359 1739 1387 1766 δὲ
1403 1740 1580 1775 βουλομένους
1603 1741 1731 1776 ἀπείργει
1749 1742 1797 1777 μὲν
1811 1743 1825 1768 ὁ

1046 1785 1174 1820 Ῥουὸείμ
1185 1794 1192 1801 ·
1211 1785 1340 1812 καθίεσαν
1351 1786 1372 1812 δ’
1383 1783 1429 1812 οὖν
1448 1787 1487 1817 εις
1504 1787 1552 1813 ἕνα
1571 1788 1625 1814 τῶν
1643 1786 1760 1820 λάκκων,
1778 1789 1825 1815 καὶ

1039 1831 1089 1866 τῆς
1105 1831 1150 1857 τοῦ
1174 1831 1301 1866 Ῥουὸεὶμ
1323 1831 1478 1866 συμϐουλῆς
1499 1831 1691 1867 ἀλογήσαντες.
1709 1833 1776 1859 Μετ’
1794 1835 1824 1860 οὑ

1042 1877 1108 1903 πολὺ
1129 1876 1157 1903 δὲ
1177 1876 1224 1903 τοῦ
1242 1877 1344 1903 λάκκου
1363 1877 1408 1904 τὸν
1421 1878 1529 1905 νεανίαν
1543 1878 1754 1914 ἀνιμησάμενοι,
1769 1881 1825 1912 τοῖς

1047 1923 1231 1958 Ἰσμαηλίταις
1257 1923 1388 1950 ἀπέδοντο
1411 1924 1621 1950 καταϐαίνουσιν
1647 1925 1687 1957 είς
1707 1925 1756 1960 τὴν
1775 1926 1825 1952 Αί-

1040 1969 1172 2002 γυπτίων.
1201 1969 1403 2005 Ὑπονοστήσας
1420 1978 1451 2003 γε
1473 1970 1527 2005 μὴν
1555 1971 1602 1997 ἐπὶ
1621 1970 1665 1998 τὸν
1691 1970 1791 1998 λάκκον
1811 1972 1826 1997 6

1046 2014 1187 2049 Ῥουϐεὶμ,
1204 2012 1264 2041 εἶτα
1279 2015 1309 2041 τὸ
1326 2016 1469 2050 μειράκιον
1485 2016 1533 2050 οὐχ
1550 2015 1649 2052 εὑρὼν,
1667 2017 1826 2044 ὲκτεθνάναι

1041 2059 1069 2085 δὲ
1081 2059 1131 2094 ἤδη
1147 2059 1261 2094 νομίσας
1271 2079 1278 2091 ,
1297 2059 1377 2095 ἔργον
1398 2068 1428 2086 τε
1443 2060 1569 2094 γενέσθαι
1590 2061 1639 2095 τῆς
1652 2060 1707 2086 τῶν
1724 2060 1827 2096 φονών-

1042 2113 1095 2132 των
1127 2105 1319 2140 ἀνοσιότητος,
1345 2105 1544 2141 δεδυσφόρηκεν
1570 2106 1600 2132 οὐ
1635 2106 1741 2142 μικρόν.
1770 2107 1827 2133 Καὶ

1044 2149 1216 2185 ἀπεκομίσθη
1242 2150 1290 2185 μὲν
1320 2150 1419 2186 Ἰωσὴφ
1441 2151 1481 2182 είς
1502 2150 1655 2185 Αἴγυπτον·
1674 2151 1826 2187 τεθρήνηκε

1042 2195 1070 2221 δὲ
1085 2196 1099 2221 6
1119 2195 1220 2231 πατὴρ,
1235 2197 1281 2222 καὶ
1297 2196 1377 2232 μέχρι
1399 2196 1496 2223 πολλοῦ
1511 2197 1690 2232 κατοιμώξων
1703 2197 1823 2224 διετέλει.

1049 2241 1200 2276 ’Δπεστάλη
1216 2241 1244 2267 δὲ
1266 2241 1340 2276 παρά
1356 2241 1402 2268 τοῦ
1415 2241 1483 2268 Θεοῦ
1500 2242 1547 2269 καὶ
1565 2243 1671 2278 Πατρὺς
1686 2243 1732 2269 καὶ
1747 2242 1828 2274 αὐτὸς

1043 2288 1056 2313 ὁ
1075 2287 1177 2322 Κύριος
1188 2286 1265 2322 ἡμῶν
1285 2287 1389 2322 Ἰησοῦς
1400 2288 1525 2322 Χριστὸς,
1537 2288 1752 2323 ἐπισκεψόμενος
1764 2289 1828 2320 τοὺς

1044 2332 1074 2365 ἐξ
1100 2333 1219 2368 Ἰσραὴλ,
1239 2333 1263 2358 εί
1283 2332 1451 2359 διατελοῦσιν
1466 2335 1495 2360 ἐν
1514 2334 1691 2369 εὐρωστίαις,
1704 2334 1784 2368 δῆλον
1799 2334 1828 2360 δὲ

1043 2379 1151 2410 ὄτιταῖς
1163 2379 1287 2413 νοηταῖς,
1311 2379 1358 2404 καὶ
1378 2380 1403 2404 εί
1420 2379 1571 2414 μεμένηκεν
1594 2380 1623 2406 ὲν
1642 2379 1715 2414 καλῷ
1731 2379 1765 2405 τὰ
1782 2379 1828 2406 ὑπ’

1044 2424 1143 2456 αὐτοὺς
1157 2423 1316 2459 θρέμματα,
1333 2424 1383 2458 τῆς
1394 2424 1448 2451 τῶν
1463 2425 1599 2459 ποιμένων
1611 2425 1760 2456 ἐπιεικείας
1778 2425 1828 2451 οὐκ

1044 2469 1279 2504 ἀπομοιρήσαντα.
1300 2469 1368 2494 “Δ).λ“
1389 2468 1518 2504 εὕρηνται
1535 2470 1583 2505 μὲν
1607 2469 1657 2495 οὐκ
1681 2470 1710 2496 ἐν
1730 2469 1827 2504 Σιχὲμ,

1044 2514 1101 2541 ἀλλ’
1125 2515 1155 2540 ἐν
1174 2514 1287 2549 Δοθαϊμ.
1313 2514 1344 2540 Ἦ
1367 2515 1452 2549 Σιχὲμ
1471 2512 1550 2549 ὦμος
1571 2515 1761 2550 ἑρμηνεύεται.
1777 2515 1829 2550 Ση-

1047 2561 1121 2595 μείον
1133 2560 1156 2586 δ’
1173 2560 1205 2587 ἂν
1221 2561 1327 2594 γένοιτο
1342 2560 1483 2596 φιλεργίας
1497 2561 1526 2587 τὸ
1544 2561 1634 2596 μέλος.
1651 2560 1829 2587 Κατείθισται

1045 2606 1099 2640 γάρ
1122 2615 1178 2638 πως
1207 2607 1222 2642 ἡ
1247 2606 1424 2637 θεόπνευστος
1441 2607 1551 2641 Γραφὴ,
1574 2599 1639 2632 ποτε
1664 2606 1712 2641 μὲν
1741 2607 1827 2642 ίσχὺν,

1046 2652 1111 2678 ποτὲ
1127 2651 1155 2678 δὲ
1181 2652 1221 2683 είς
1242 2651 1324 2687 ἔργου
1342 2652 1426 2679 τύπον
1448 2652 1581 2678 ποιεῖσθαι
1599 2652 1645 2679 τὸν
1665 2649 1749 2687 ὦμον.
1766 2649 1829 2679 Οἷον

1047 2698 1133 2724 ἐκεῖνό
1146 2706 1235 2733 φαμεν
1248 2698 1288 2731 τὸ,
1303 2708 1312 2724 ι
1327 2698 1376 2730 Δὺς
1386 2698 1498 2733 καρδίαν
1515 2707 1561 2725 σου
1575 2700 1614 2730 είς
1627 2699 1690 2730 τοὺς
1702 2698 1805 2733 ὡμους,
1816 2708 1826 2723 ι

1047 2743 1193 2775 τουτέστιν,
1214 2744 1253 2774 είς
1269 2744 1419 2779 φιλεργίαν.
1431 2742 1532 2779 Δοθαῒμ
1545 2744 1573 2771 δὲ
1586 2744 1676 2776 πάλιν,
1693 2744 1830 2778 ἔκλειψις

1047 2790 1145 2823 ἱκανή.
1164 2790 1380 2826 Κατελήφθησαν
1400 2790 1488 2817 τοίνυν
1505 2791 1529 2816 οἱ
1553 2790 1581 2823 ἐξ
1604 2791 1782 2826 Ἰσραὴλ,οὐκ
1802 2792 1830 2818 ιν

243 2886 255 2902 ¹
266 2885 348 2913 Marc.
361 2891 408 2917 ιιι,
427 2883 452 2910 7.
494 2882 503 2898 '
519 2881 588 2908 Psal.
600 2887 694 2911 Luxv,
714 2878 739 2906 9.
780 2878 789 2894 ⁸
806 2877 875 2906 Psal.
888 2885 976 2910 xcvm,

1056 2877 1067 2892 ⁵
1083 2876 1150 2905 Gen.
1169 2883 1266 2908 xxxv",
1283 2875 1326 2902 20.
1366 2876 1375 2893 ⁸
1388 2876 1488 2905 Jerem.
1511 2883 1580 2909 xm,
1595 2876 1636 2906 21,
