1990 3050
161 175 215 204 305

663 173 923 203 GLAPHYRORUM
943 174 977 203 IN
996 174 1147 204 GENESIM
1168 175 1232 203 LIB.
1254 175 1297 203 ιτ.

1744 178 1796 205 506

162 229 317 265 φιλεργίαις
330 228 406 260 ὄντες
423 229 482 261 ταῖς
494 229 534 261 είς
551 229 666 266 ἀρετὴν,
684 229 746 258 οὔτε
764 230 818 266 μὴν
833 231 861 257 ἐν
879 230 951 257 εὐδο-

1015 232 1075 260 :nim
1090 237 1150 260 erat
1174 241 1183 258 ι
1205 232 1248 259 vel
1273 239 1344 259 unus
1360 231 1460 267 justus,
1480 239 1530 266 nec
1547 236 1606 260 erat
1630 232 1798 268 quil'aceret

163 277 292 311 κιμήσεσι
317 275 377 307 ταῖς
402 275 474 302 κατὰ
501 275 546 302 τὸν
571 276 668 311 νόμον,
693 276 751 303 ἀλλ’
781 277 809 303 ὲν
829 276 950 311 ἐκλείψει

163 321 258 357 πολλῇ,
274 321 448 357 δικαιοσύνης
462 321 583 357 δηλονότι
601 323 648 349 καὶ
665 322 774 358 ἁπάσης
788 323 949 354 ἐπιεικείας.

163 368 200 394 Oi:
213 367 268 401 γὰρ
278 364 312 402 ἦν
329 375 339 392 ‹
356 366 459 398 δίκαιος
481 367 541 394 οὐδὲ
555 365 605 401 εἷς,
621 368 671 394 οὐκ
685 365 719 404 ἦν
734 368 819 395 ποιῶν
835 368 952 404 χρηστό-

164 421 247 448 τητα,
261 413 312 440 οὐκ
330 411 364 449 ἦν
385 414 437 445 ἕως
454 414 513 445 ἑνός
526 421 533 430 ⁸
552 423 562 439 ι
579 414 648 446 ἀλλ’,
667 414 705 446 ὡς
720 414 786 446 Θεός
804 415 856 441 ποῦ
883 423 950 450 φησι

164 459 207 486 διὰ
220 460 270 495 τῆς
283 460 330 487 τοῦ
347 461 488 496 προφήτου
504 460 608 495 φωνῆς,
626 460 708 496 μόνην
723 460 798 496 αὑτῷ
812 460 952 496 προσῆγον

164 506 213 541 τὴν
227 506 282 533 ἀπὸ
293 505 414 541 γλώττης
430 506 524 542 τιμὴν,
539 506 584 533 τδν
599 506 661 533 νοῦν
682 506 796 542 ἑτέρωθι
815 507 953 542 μεταστή-

166 562 272 586 σαντες,
285 554 332 580 καὶ
351 553 398 580 τοῦ
416 554 514 589 χρῆναι
531 553 651 589 πληροῦν
664 553 699 580 τὰ
712 553 894 588 νενομισμένα
909 553 953 580 διὰ

165 600 304 633 Μωσέως,
322 600 416 636 πόρρω
438 608 491 626 που
514 600 735 635 μετοικισάμενοι
758 600 807 636 τὴν
827 600 951 636 καρδίαν.

166 646 346 681 Προσέκειντο
355 646 410 681 γὰρ
418 646 716 682 μόναιςδιδασκαλίοιις,
731 646 777 673 καὶ
789 645 953 682 ἐντάλμασιν

165 691 330 728 ἀνθρώπων.
360 692 430 719 Ἀλλ’
458 692 616 727 ἐπέγνωσαν
652 692 701 727 μὲν
733 692 856 728 παρόντα.
885 692 954 727 μετὰ

167 737 269 773 σαρκὸς
289 738 335 764 τὸν
359 738 548 774 ἠγαπημένον,
569 738 616 764 τὸν
636 737 731 774 νοητὸν
750 738 861 774 Ἰωσήφ.
881 738 953 773 Ἔφη

166 783 221 819 γὰρ
235 784 250 810 6
270 783 406 819 μακάριος
427 783 624 820 εὐαγγελιστὴς
653 784 790 820 Ἰωάννης,
807 784 881 816 ὅπως
905 783 955 819 μέν

167 837 208 855 τοι
223 828 270 856 καὶ
291 838 301 855 ‹
317 830 350 855 ὲκ
372 829 426 856 τῶν
454 829 593 866 ἀρχόντων
617 830 710 857 πολλοὶ
730 829 897 857 ἐπίστευσαν
915 830 956 862 εἰς

168 875 259 909 αὐτὸν,
277 876 345 902 ἀλλά
364 876 409 902 διὰ
423 877 486 908 τοὺς
507 876 670 912 Φαρισαίους
690 877 740 912 οὐχ
759 876 926 912 ὡμολόγουν.
943 885 952 902 ι

1001 275 1159 310 bonum,ne
1175 284 1247 303 unus
1261 275 1373 311 quidem
1390 277 1411 303 ⁷.
1433 286 1441 302 ι
1456 276 1509 308 Sed
1525 277 1596 304 sicut
1608 278 1679 306 Deus
1696 277 1799 306 alicubi

1001 329 1051 356 per
1063 329 1158 349 vocem
1168 322 1311 357 propheta:
1329 322 1376 355 ait,
1397 321 1583 351 exhibuerunt
1595 323 1621 351 ei
1640 323 1728 351 solum
1747 323 1798 351 ho-

1002 375 1098 395 norem
1120 368 1222 404 lingua,
1240 372 1332 396 mente
1346 368 1456 401 interim
1476 369 1585 402 remoti,
1602 373 1630 397 et
1651 370 1748 405 procul
1765 369 1799 397 ab

1001 414 1161 449 impletione
1185 423 1281 443 eorum
1301 423 1361 450 quae
1374 423 1422 451 per
1436 416 1546 452 Moysen
1564 420 1700 452 praecepta
1723 420 1798 450 sunt,

1003 461 1134 489 cordibus
1162 465 1226 489 sunt
1244 462 1387 490 alienati“.
1409 463 1608 491 Incumbebant
1635 463 1709 492 enim
1733 463 1800 491 solis

1003 507 1311 536 doctrinisetmandatis
1320 508 1472 536 hominum.
1484 509 1570 536 Porro
1577 513 1727 544 cognorunt
1738 510 1801 544 qui.-

1003 553 1066 580 dem
1082 553 1282 589 intelligibilem
1294 559 1322 582 et
1337 555 1468 583 dilectum
1484 555 1584 591 Ioseph
1596 556 1623 582 in
1632 563 1715 583 carne
1727 563 1800 590 pne-

1005 602 1122 626 sentem.
1134 599 1180 626 Ait
1196 599 1270 626 enim
1280 599 1380 627 beatus
1394 600 1513 628 Joannes
1527 600 1704 635 evangelista,
1726 600 1800 635 quod

1009 653 1017 669 ι
1034 644 1113 671 multi
1129 644 1240 679 quidem
1257 653 1291 672 ex
1309 645 1479 681 principibus
1493 645 1670 673 crediderunt
1685 645 1714 673 in
1736 653 1800 673 eum

1005 692 1053 719 sed
1065 697 1177 728 propter
1188 691 1341 720 Pharisaeos
1355 700 1410 720 non
1421 692 1624 720 conﬁtebantur
1637 693 1657 719 ⁵⁸.
1675 701 1683 717 ι
1696 691 1802 719 Idcirco

1006 738 1034 765 in
1051 746 1113 766 eum
1141 746 1222 773 quem
1234 739 1289 773 jam
1316 743 1509 774 cognoverant,
1534 738 1692 766 debacchati
1725 742 1799 765 sunt.

1006 782 1172 811 Occiderunt
1182 783 1266 816 enim,
1276 787 1304 811 et
1316 783 1344 810 in
1355 783 1522 819 profundum
1533 789 1614 820 atque
1625 783 1800 812 tenebrosum

1006 830 1103 857 mortis
1118 829 1290 862 barathrum,
1309 830 1361 858 hoc
1377 835 1429 863 est,
1443 831 1471 858 in
1484 831 1621 858 infernum
1639 838 1689 858 seu
1702 830 1729 857 in
1744 830 1801 857 fos-

1007 884 1065 904 sam
1079 876 1228 911 quamdam
1243 877 1431 912 conjecerunt.
1444 877 1483 904 Ita
1501 877 1574 904 enim
1594 877 1704 904 divinus
1716 876 1800 903 David

174 921 346 957 Ἔπιγνόντες
361 922 449 950 τοίνυν
473 924 705 959 πεπαρῳνήκασιν
719 924 759 956 είς
776 923 869 950 αὐτόν.
888 923 956 950 Ἀπ-

1018 929 1098 956 psum
1112 921 1193 948 nobis
1209 921 1356 956 descripsit
1373 922 1489 955 loquens
1501 921 1535 948 ad
1552 921 1662 948 Patrem
1674 924 1701 948 et
1715 919 1802 953 Deum

168 969 294 995 εκτόνασι
303 969 368 1005 γὰρ,
381 969 428 996 καὶ¹
439 969 534 1005 ὥσπερ
547 970 587 1002 εἴς
600 978 662 997 τινα
675 970 777 996 λάκκον
791 969 916 1004 καθῆκαν
932 971 956 996 ol

169 1014 299 1048 δειλαιοι,
315 1016 345 1042 τὺ
365 1016 433 1051 βαθὺ
454 1016 502 1043 καὶ
518 1016 654 1044 σκοτεινὸν
675 1016 721 1043 τοῦ
742 1016 857 1044 θανάτου
873 1016 957 1052 βάρα-

169 1062 245 1097 Θρον,
255 1062 377 1089 τουτέστι
394 1062 440 1089 τὸν
455 1062 533 1098 ᾅδην.
556 1062 634 1090 Οὒτω
654 1063 709 1099 γὰρ
728 1064 796 1100 ἡμῖν
813 1063 895 1090 αὑτὸν
911 1064 958 1090 καὶ

170 1108 183 1133 ὸ
199 1107 341 1140 θεσπέσιος
361 1107 442 1134 Δαϐὶδ
458 1109 642 1144 κατεσήμαινε
657 1109 744 1143 λέγων
762 1109 800 1140 ὼς
831 1109 899 1145 πρὸς
913 1110 958 1135 τὸν

171 1154 200 1180 ὲν
211 1153 335 1189 οὐρανοῖς
348 1148 455 1189 Πατέρα
469 1155 517 1182 καὶ
533 1155 609 1187 Θεὸν,
623 1155 659 1188 ὡς
676 1156 708 1181 ὲκ
723 1154 869 1191 προσώπου
890 1156 912 1181 Χ
917 1164 959 1191 ρι-

173 1200 247 1227 στοῦ·
271 1210 280 1226 ι
305 1200 402 1236 Κύριε,
421 1201 559 1236 ἀνήγαγες
583 1200 612 1234 ἐξ
635 1201 699 1236 ᾇδου
719 1201 769 1237 τὴν
787 1201 878 1236 ψυχήν
896 1209 958 1236 μου.

172 1245 281 1277 ἐπωπάς
305 1254 339 1281 με
357 1245 411 1272 ἀπὸ
427 1245 482 1273 τῶν
501 1245 723 1273 καταϐαινόντων
745 1246 785 1278 είς
809 1245 921 1272 λάκκον.
948 1255 957 1271 ι

174 1291 270 1327 ’Δθρει
289 1291 318 1318 δέ
341 1300 386 1328 μοι
407 1292 461 1319 τῶν
483 1292 564 1328 ἱερῶν
590 1292 767 1328 Γραμμάτων
790 1292 839 1328 τὴν
871 1293 959 1328 ἰσχὺν,

173 1338 220 1364 καὶ
235 1337 266 1364 τὸ
286 1337 353 1365 πολὺ
373 1338 433 1365 λίαν
449 1338 634 1374 ἀπεξεσμένον
652 1339 691 1370 εἰς
707 1338 737 1365 τὸ
751 1338 874 1374 ἀκριϐές·
895 1349 904 1365 ‹
931 1339 959 1365 '0

173 1385 289 1418 λάκκος,
304 1385 380 1420 φησὶ,
393 1385 487 1417 κενὸς,
499 1384 571 1420 ὕδωρ
594 1385 643 1411 οὐκ
660 1381 748 1420 εἶχεν,
769 1395 777 1411 ι
800 1385 844 1413 Eva.
867 1376 962 1419 σαξρῶς

174 1433 222 1458 καὶ
240 1431 362 1466 ἐναργῶς
381 1432 395 1458 ὁ
408 1431 483 1466 ᾅδης
497 1432 563 1467 ἡμῖν
579 1432 622 1458 διὰ
642 1432 738 1458 τούτου
752 1433 961 1468 κατασημαίνη-

175 1486 230 1504 ται.
246 1478 301 1506 Καὶ
316 1477 377 1504 τίνα
386 1477 502 1513 τρόπον,
517 1477 582 1513 ἐρῶ·
599 1476 672 1513 ὕδωρ
692 1478 740 1513 μὲν
757 1478 811 1514 γὰρ
827 1477 963 1514 σύμϐολον

175 1524 209 1551 ἃν
229 1524 271 1560 εἴη
295 1524 378 1559 ζωῆς,
403 1524 441 1555 ὡς
463 1524 604 1556 ζωοποιόν.
626 1534 635 1550 ‹
656 1524 748 1559 Ὕδωρ
774 1525 802 1551 δὲ
818 1525 869 1553 οὐκ
894 1522 964 1551 εἷναί

177 1579 260 1605 φησιν
279 1571 308 1597 ἐν
322 1569 361 1604 τῷ
375 1569 479 1605 λάκκῳ.
503 1579 512 1595 ι
532 1570 592 1596 Τῶν
614 1570 668 1606 γὰρ
684 1569 756 1606 ζωῆς
773 1571 964 1607 ὲστερημένων
978 1592 1000 1621 C

177 1617 256 1642 νοοῖτ*
275 1615 309 1643 ἂν
331 1616 443 1647 είκότως
464 1617 478 1643 ὁ
498 1616 564 1652 ᾅδης
581 1614 654 1648 οἶκός
674 1626 703 1644 τε
724 1618 772 1644 καὶ
791 1617 962 1653 ἐνδιαίτημα.

179 1663 252 1699 Πλὴν
273 1662 438 1698 ἀνεϐιϐάσθη
463 1662 493 1689 τὸ
516 1663 670 1699 παιδάριον.
696 1663 811 1691 Ἀνεϐίω
837 1664 865 1691 δὲ
886 1665 932 1691 καὶ
951 1666 965 1691 ὁ

178 1709 296 1744 Χριστὺς
312 1709 343 1735 ὲκ
363 1709 478 1744 νεκρῶν.
499 1709 536 1736 υὺ
557 1709 612 1744 γὰρ
625 1709 720 1744 γέγονε
735 1709 775 1745 τῷ
791 1709 884 1745 λάκκῳ
898 1711 965 1737 κάτ-

179 1765 251 1791 οχος.
274 1756 341 1783 Οὐδὲ
367 1756 522 1791 μεμένηκεν
533 1757 546 1784 ό
556 1757 671 1792 Χριστὸς
688 1758 728 1789 είς
741 1758 814 1794 ᾅδου,
829 1759 966 1787 κεκένωκε

179 1803 208 1828 δὲ
227 1802 326 1837 μᾶλλον
340 1802 430 1829 αὐτόν.
444 1812 453 1828 ι
467 1803 539 1838 Ἔφη
552 1803 606 1838 γὰρ
619 1804 675 1835 τοῖς
687 1805 716 1830 ἐν
730 1804 851 1839 δεσμοῖς·
874 1805 966 1838 Ἐξέλ-

181 1848 252 1875 ϐετε.
274 1857 283 1874 ι
305 1849 412 1885 Ἐπειδὴ
430 1849 458 1875 δὲ
478 1849 660 1884 ἀνεϐιϐάσθη,
675 1849 721 1876 καὶ
735 1850 784 1876 οὐκ
805 1851 845 1883 είς
859 1852 968 1887 μακρὰν

182 1896 196 1920 ό
217 1894 359 1927 θεσπέσιος
387 1895 486 1930 Ἰωσὴφ
515 1895 636 1931 ἀπῆλθεν
661 1897 701 1927 εἰς
727 1896 777 1932 τὴν
799 1897 968 1932 Αἰγυπτίων,

184 1942 376 1977 ὲιπριαμένων
388 1942 469 1971 αὑτὸν
479 1942 533 1969 τῶν
553 1942 730 1978 Ἰσμαηλιτῶν
744 1952 751 1958 ·
767 1942 837 1980 ἦσαν
855 1945 883 1971 δὲ
896 1946 970 1980 ἀρω-

185 1988 278 2023 μάτων
301 1988 427 2024 ἐμποροι.
452 1988 564 2016 Ἀνεϐίω
586 1988 636 2024 μὲν
658 1989 712 2025 γὰρ
734 1990 780 2016 καὶ
803 1991 816 2016 ὁ
840 1991 969 2027 Χριστὸς,

184 2034 231 2060 καὶ
255 2034 425 2069 ἀναϐέϐηκεν
450 2035 481 2062 ἐκ
499 2034 544 2061 τοῦ
564 2034 677 2062 λάκκου.
695 2036 922 2072 Μεταπεφοίτηκε
942 2037 969 2064 δὲ

183 2081 233 2115 τὴν
263 2080 393 2108 Ἰουδαίαν
424 2081 503 2115 ἀφεὶς
534 2082 574 2113 είς
599 2081 648 2118 τὴν
674 2081 729 2109 τῶν
753 2082 837 2110 ἐθνῶν
861 2083 968 2119 χώραν·

185 2126 388 2162 περιφερόντων
426 2127 506 2154 αὑτὸν
545 2127 601 2154 τῶν
637 2128 740 2162 νοητῶν
777 2128 969 2165 Ἰσμαηλιτῶν,

185 2170 322 2202 τουτέστι,
335 2171 390 2198 τῶν
405 2172 433 2198 ὲν
444 2172 550 2206 ὑπακοῇ
566 2171 644 2198 Θεοῦ·
661 2172 842 2209 ἑρμηνεύεται
857 2174 912 2210 γὰρ
929 2175 972 2201 οὒ-

184 2218 271 2254 τωςή
293 2218 375 2251 λέξις.
393 2219 471 2251 Τίνες
493 2219 514 2245 δ’
530 2218 562 2246 ἂν
584 2217 640 2246 εἷεν
657 2220 682 2246 οἱ
702 2220 816 2255 τοιοίδε;
843 2221 927 2248 Πάλιν
947 2223 971 2249 οί

187 2263 315 2298 μακάριοι
328 2263 458 2299 μαθηταὶ,
471 2264 501 2290 τὺ
513 2262 559 2296 οὖς
571 2265 717 2298 ὑποθέντες
732 2268 787 2299 τοῖς
799 2267 843 2294 διὰ
853 2267 970 2303 Χριστοῦ
987 2274 1009 2303 D

186 2308 360 2344 natdsduaat,
377 2309 424 2337 καὶ
440 2310 552 2347 ἀπαρχὴ
569 2312 712 2345 γεγονότες
724 2311 778 2338 τῶν
796 2313 971 2348 εὐδοκιμούν-

185 2364 238 2383 των
261 2357 290 2384 ὲν
313 2357 419 2393 ὑπακοῇ
441 2357 490 2384 καὶ
514 2358 622 2390 πίστει,
646 2358 694 2386 καὶ
714 2360 771 2391 τοῖς
795 2360 865 2396 ὑπὲρ
890 2360 972 2396 νόμον

184 2402 353 2437 αὐχήμασιν.
370 2403 401 2429 Ol
423 2403 477 2439 γὰρ
504 2404 600 2430 τοιοίδε
623 2404 718 2432 νοοῖντ’
741 2405 774 2432 ἀν
795 2405 907 2438 εἰκότως
926 2407 974 2433 καὶ

185 2448 338 2483 ἀρωμάτων
358 2448 488 2484 ἔμποροι,
505 2449 536 2476 τὸ
557 2450 674 2484 Χριστοῦ
694 2451 842 2486 μυστήριον
859 2452 972 2480 εὐωδιά-

186 2493 292 2525 ζοντες,
315 2493 362 2519 καὶ
383 2493 492 2529 ἀπάσης
514 2494 616 2530 ἀρετῆς
634 2495 705 2522 ἰδέαν
722 2497 750 2523 ὲν
772 2497 852 2528 ἰδίαις
870 2497 969 2533 ψυχαῖς

185 2539 402 2574 ἀναματτόμενοι
420 2540 546 2575 γενικῶς.
559 2538 693 2569 Οὖτοιτδν
709 2542 812 2578 Ἰ-ησοῦν
827 2543 971 2579 ἐξεπρίαν-

184 2593 215 2611 το
234 2585 334 2620 τρόπον
353 2586 431 2619 τινὰ,
455 2587 544 2614 πάντα
569 2588 617 2623 μὲν
645 2589 761 2623 ἀφέντες
790 2589 824 2616 τὰ
850 2591 879 2616 ὲν
899 2589 974 2626 νόμῳ

185 2629 310 2665 λαμπρὰ,
326 2630 371 2657 τὸν
386 2631 436 2658 ἕνα
451 2631 479 2658 δὲ
503 2632 551 2658 καὶ
573 2642 582 2658 ι
602 2632 751 2668 πολύτιμον
774 2642 783 2658 ι
800 2634 974 2669 ἐμπορευσά-

188 2683 262 2710 μ-ενοι
281 2685 290 2701 ι
315 2677 498 2712 μαργαρίτην,
518 2687 526 2702 ι
550 2677 619 2704 κατά
642 2677 690 2713 τὴν
706 2677 787 2705 αὐτοῦ
804 2678 852 2705 τοῦ
881 2678 975 2713 Σωτῆ-

187 2731 234 2757 ρος
257 2723 424 2758 παραϐολήν.
452 2719 533 2750 Οὗτοι
554 2725 611 2755 τοῖς
635 2724 723 2752 ἔθνεσι
749 2724 907 2759 διεκόμισαν
929 2725 975 2751 τὸν

186 2767 315 2804 Χριστὸν,
336 2768 540 2804 ἱερουργοῦντες
555 2769 584 2796 τὸ
597 2769 773 2804 Εὑαγγέλιον,
793 2771 839 2798 καὶ
854 2771 904 2798 ἀνὰ
923 2771 974 2797 πᾶ-

1009 968 1147 995 cmlestem
1161 967 1240 1002 quasi
1254 967 1282 994 in
1295 974 1412 1002 persona
1425 967 1545 994 Christi:
1564 975 1572 990 ι
1590 965 1715 997 Domine,
1732 965 1800 992 edu-

1007 1014 1072 1041 xisti
1082 1014 1200 1041 animam
1211 1021 1298 1041 meam
1308 1021 1342 1040 ex
1351 1013 1458 1040 inferno
1471 1021 1477 1039 ί
1488 1011 1602 1039 servasti
1613 1018 1656 1037 me
1667 1018 1681 1037 a
1691 1009 1803 1037 descen-

1009 1059 1138 1088 dentibus
1157 1060 1186 1087 in
1205 1059 1296 1087 lacum
1310 1060 1342 1092 ιο,
1366 1069 1374 1085 ι
1395 1066 1443 1086 seu
1466 1057 1493 1085 in
1509 1056 1620 1084 fossam.
1643 1056 1695 1083 llic
1710 1059 1802 1083 autem

1009 1106 1077 1134 mihi
1090 1106 1278 1134 animadverte
1295 1113 1434 1133 sacrarum
1459 1104 1627 1131 Litterarum
1643 1102 1698 1130 vim
1721 1105 1804 1136 atque

1010 1153 1204 1188 praestantiam.
1234 1162 1243 1178 ι
1270 1153 1369 1184 Fossa,
1401 1150 1507 1186 inquit,
1537 1151 1598 1176 erat
1624 1155 1727 1180 vacua,
1752 1153 1804 1174 nec

1010 1199 1235 1234 habebataquam
1247 1199 1279 1231 “,
1296 1208 1305 1224 ι
1324 1202 1354 1225 ut
1366 1198 1405 1225 sic
1419 1196 1500 1224 nobis
1514 1195 1657 1223 evidenter
1673 1196 1701 1221 et
1711 1196 1805 1228 aperte

1011 1245 1131 1280 infernus
1145 1245 1313 1280 designetur.
1333 1243 1390 1277 Qua
1409 1250 1474 1271 vero
1493 1241 1599 1269 ratione
1614 1240 1712 1268 dicam.
1727 1239 1804 1274 Sym-

1012 1291 1106 1319 bolum
1126 1291 1201 1318 enim
1226 1291 1291 1318 vitae
1316 1294 1358 1317 est
1387 1296 1467 1324 aqua,
1495 1292 1625 1323 tanquam
1650 1284 1803 1313 viviﬁcans.

1017 1347 1026 1364 ι
1042 1338 1102 1366 Non
1115 1342 1184 1370 erat,
1203 1337 1302 1372 inquit,
1321 1344 1390 1372 aqua
1401 1336 1430 1364 in
1446 1335 1534 1363 fossa:
1550 1344 1559 1360 ι
1573 1332 1709 1368 siquidem
1720 1330 1805 1358 infer-

1013 1392 1066 1411 nus
1078 1383 1178 1410 merito
1192 1391 1287 1410 eorum
1310 1383 1358 1418 qui
1374 1382 1428 1409 vita
1442 1381 1542 1416 privati
1562 1383 1636 1412 sunt,
1655 1381 1684 1406 et
1708 1377 1806 1405 domus

1013 1434 1041 1458 et
1066 1429 1172 1457 mansio
1194 1429 1301 1457 censeri
1320 1429 1409 1456 debet.
1428 1428 1532 1455 Verum
1558 1424 1688 1461 parvulus
1702 1431 1717 1451 e
1733 1423 1806 1451 fossa

1014 1474 1145 1502 reductus
1169 1479 1220 1502 est.
1236 1475 1270 1501 Et
1291 1473 1417 1501 Christus
1439 1472 1538 1500 revixit
1554 1479 1570 1499 a
1597 1469 1731 1498 mortuis:
1750 1476 1806 1496 non

1015 1521 1088 1549 enim
1104 1521 1193 1556 potuit
1205 1520 1341 1547 contineri
1356 1528 1370 1546 ιι
1387 1519 1469 1547 fossa.
1482 1518 1539 1546 Nec
1546 1517 1672 1545 Christus
1679 1523 1808 1552 perman-

1016 1568 1052 1596 sit
1069 1568 1096 1595 in
1113 1567 1229 1600 inferno,
1248 1567 1326 1603 192
1338 1566 1384 1594 sed
1398 1566 1490 1602 potius
1500 1564 1627 1593 exhausit
1640 1571 1713 1591 eum.
1734 1572 1743 1588 ι
1763 1562 1808 1590 Ait

1018 1613 1090 1641 enim
1111 1613 1164 1641 illis
1177 1613 1224 1648 qui
1250 1613 1278 1640 in
1303 1612 1420 1639 vinculis
1450 1615 1538 1643 erant,
1556 1609 1724 1646 Egredimini
1747 1609 1778 1635 ι’.
1795 1617 1804 1633 ι

1018 1660 1165 1694 Postquam
1194 1666 1260 1686 vero
1283 1658 1392 1686 divinus
1416 1657 1517 1692 Ioseph
1531 1661 1573 1684 est
1588 1656 1714 1688 eductus,
1735 1654 1808 1681 haud

1019 1705 1100 1741 longo
1110 1709 1231 1740 tempore
1243 1704 1395 1739 interiecto,
1411 1703 1439 1730 in
1450 1703 1595 1739 Egyptum
1609 1702 1687 1734 abiit,
1700 1704 1809 1735 emptus

1020 1752 1054 1778 ab
1068 1751 1225 1784 lsmaelitis;
1239 1751 1265 1777 hi
1279 1754 1371 1777 autem
1380 1753 1459 1777 erant
1469 1752 1634 1776 mercatores
1645 1750 1807 1774 aromatum.

1020 1797 1087 1825 Nam
1099 1801 1126 1824 et
1139 1796 1264 1825 Christus
1277 1796 1385 1828 revixit,
1403 1799 1431 1823 et
1446 1803 1479 1823 ex
1493 1795 1564 1822 [ossa
1573 1794 1706 1826 ascendit,
1719 1797 1809 1820 trans-

1021 1845 1071 1872 ivit
1087 1852 1153 1872 vero
1164 1844 1258 1872 relicta
1271 1843 1363 1871 Judzea
1379 1843 1407 1870 in
1420 1843 1559 1878 regionem
1567 1841 1699 1878 gentium,
1715 1839 1742 1866 in
1756 1846 1810 1874 qua

1022 1891 1164 1918 lsmaelitw
1184 1890 1379 1925 intelligibiles,
1394 1890 1447 1921 hoc
1457 1892 1510 1921 est,
1522 1889 1597 1916 dicto
1606 1888 1655 1915 Dei
1666 1886 1811 1914 audientes

1023 1936 1072 1972 (ita
1089 1936 1163 1964 enim
1180 1935 1265 1963 dictio
1280 1935 1339 1962 haec
1351 1932 1520 1969 exponitur),
1533 1933 1622 1968 ipsum
1642 1938 1734 1959 secum
1759 1930 1811 1957 du—

1023 1986 1098 2010 cunt.
1113 1982 1147 2009 At
1158 1982 1270 2017 quinam
1282 1984 1345 2008 sunt
1365 1979 1433 2007 tales
1445 1978 1606 2006 lsmaelitaa?
1619 1978 1725 2012 Rursus
1737 1976 1812 2003 beati

1023 2029 1151 2064 discipuli
1168 2028 1215 2063 qui
1230 2028 1408 2064 praebuerunt
1419 2031 1503 2053 aures
1511 2024 1644 2052 institutis
1656 2022 1769 2055 Christi,
1784 2025 1813 2049 et

1024 2074 1151 2110 primitiae
1163 2073 1227 2101 facti
1246 2077 1310 2101 sunt
1324 2079 1420 2100 eorum
1436 2071 1483 2107 qui
1507 2069 1686 2105 acquiescunt
1701 2067 1729 2095 in
1745 2067 1813 2095 obe-

1024 2121 1128 2152 dientia
1154 2125 1182 2148 et
1204 2120 1256 2148 ﬁde
1277 2119 1418 2155 gloriaque
1441 2124 1501 2153 quae
1515 2116 1629 2152 legalem
1653 2119 1764 2150 superat
1779 2114 1811 2141 ".

1025 2167 1121 2195 Merito
1133 2167 1207 2194 enim
1228 2166 1296 2194 tales
1310 2164 1439 2193 censendi
1457 2167 1521 2192 sunt
1540 2166 1691 2190 aromatum
1706 2169 1812 2189 merca-

1025 2217 1108 2248 tores,
1132 2213 1180 2249 qui
1202 2210 1305 2240 Christi
1328 2211 1488 2248 mysterium
1514 2208 1633 2237 reddunt
1657 2207 1811 2237 odoratum,

1025 2261 1164 2295 totiusque
1175 2258 1381 2287 virtutisideam
1392 2258 1420 2289 in
1432 2257 1489 2285 suis
1503 2255 1646 2283 animabus
1658 2253 1813 2282 luculenter

1023 2306 1189 2342 exprimunt.
1211 2305 1245 2333 Hi
1262 2308 1388 2333 emerunt
1407 2301 1606 2338 quodammodo
1617 2301 1720 2334 Iesum,
1747 2299 1812 2327 reli-

1021 2353 1127 2388 ctisque
1140 2352 1278 2382 omnibus.
1294 2359 1354 2388 qua;
1363 2351 1391 2378 in
1409 2350 1467 2386 lege
1480 2348 1622 2385 splendida
1643 2351 1716 2380 sunt,
1737 2353 1814 2374 com-

1022 2403 1154 2436 pararunt
1173 2399 1225 2426 sibi
1236 2399 1308 2426 hanc
1321 2404 1403 2425 unam
1419 2406 1428 2422 ι
1448 2395 1596 2431 pretiosam
1606 2393 1790 2429 margaritam,
1800 2401 1809 2417 ι

1020 2447 1097 2482 juxta
1105 2443 1347 2473 Salvatorisnostri
1358 2441 1514 2477 parabolam
1523 2440 1554 2467 ιδ.
1563 2439 1608 2472 Hi,
1616 2439 1738 2474 inquam,
1750 2445 1814 2473 gen-

1023 2493 1098 2520 tibus
1118 2492 1277 2519 obtulerunt
1287 2489 1437 2521 Christum,
1454 2487 1676 2515 administrantes
1689 2485 1814 2520 Evange-

1024 2541 1103 2571 lium,
1118 2541 1151 2568 et,
1159 2544 1207 2572 per
1227 2535 1385 2563 universum
1399 2538 1535 2561 terrarum
1552 2532 1647 2560 orbem
1660 2530 1814 2567 praedican-

1027 2589 1069 2613 tes
1085 2582 1236 2614 Christum,
1252 2585 1381 2615 tanquam
1396 2580 1482 2607 Deum
1493 2582 1521 2606 et
1537 2577 1694 2610 Dominum,
1711 2581 1739 2604 et
1756 2581 1816 2604 tan-

1025 2638 1107 2666 quam
1118 2629 1237 2664 lapidem
1251 2628 1380 2660 electum,
1397 2626 1573 2662 reprobatum
1588 2624 1699 2660 quidem
1713 2631 1728 2651 a
1746 2623 1815 2658 legis

1024 2681 1052 2705 et
1077 2676 1223 2704 mundanae
1238 2674 1377 2710 sapientiae
1400 2673 1558 2702 architectis
1571 2682 1578 2699 :
1593 2672 1640 2700 sed
1654 2672 1771 2699 electum
1786 2673 1815 2699 et

1026 2723 1176 2758 pretiosum
1191 2722 1263 2757 apud
1277 2722 1373 2753 Deum,
1387 2725 1415 2748 et
1431 2721 1544 2755 incaput
1556 2717 1812 2754 angulipositum".

1026 2770 1160 2798 Caeterum
1178 2768 1274 2796 Ruben
1288 2767 1429 2802 prohibuit
1441 2767 1539 2794 fratres
1552 2774 1567 2794 a
1584 2765 1656 2793 crede
1684 2764 1717 2791 Et
1731 2763 1816 2791 Judas

224 2871 234 2885 "
253 2870 320 2897 Psal.
336 2879 391 2901 xm.
409 2870 426 2898 3
440 2880 501 2904 ;Lu,
517 2871 541 2898 4.
562 2871 572 2887 ⁸
587 2871 638 2899 lsa.
650 2880 722 2903 xm,
737 2872 780 2904 l5;
794 2872 888 2899 Matth.
907 2881 949 2904 xv,
960 2872 994 2905 8;
1012 2872 1094 2900 Marc.
1109 2881 1154 2903 vn,
1165 2872 1190 2900 6,
1209 2873 1219 2888 ⁹
1232 2872 1308 2899 Joan.
1325 2879 1371 2903 xu,
1387 2870 1430 2897 4:2.
1459 2853 1479 2885 ιδ
1492 2869 1560 2896 Psal.
1579 2876 1650 2899 nix,
1662 2867 1686 2894 4.
1709 2866 1728 2881 ¹¹
1745 2864 1814 2892 Gen.

189 2913 271 2938 xxv",
284 2905 329 2934 24.
370 2907 453 2935 “Isti.
472 2907 579 2940 xux,9.
621 2907 671 2935 "ll
687 2908 782 2936 Thess.
802 2916 832 2942 ιι,
846 2908 887 2935 12.
930 2908 950 2924 ¹’“

1015 2908 1062 2935 tth.
1078 2917 1135 2942 xm,
1149 2909 1189 2936 Mi.
1212 2941 1220 2944 ,τ
1233 2909 1253 2923 ’⁵
1269 2907 1338 2934 Psal.
1357 2914 1436 2938 cxvn,
1451 2905 1495 2931 22.
