1990 3050
196 186 249 215 807

699 188 727 216 S.
748 185 884 216 CYRlLLI
902 184 1136 213 ALEXANDRINI
1156 186 1313 214 ARCHIEP.

1771 183 1824 214 308

195 253 305 282 quoque
318 245 428 281 indigne
450 245 523 273 tulit.
544 246 629 274 Porro
657 245 753 272 Ruben
772 250 833 273 erat
852 244 985 280 primoge-

1043 252 1092 270 σαν
1106 243 1155 280 τὴν
1175 243 1219 278 ὑφ’
1233 243 1308 278 ἥλιον
1323 242 1503 278 κηρύττοντες
1516 241 1553 274 ὡς
1572 241 1638 268 Θεὸν
1651 241 1697 268 καὶ
1709 241 1823 277 Κύριον,

195 292 281 319 nitus.
294 291 412 320 etJudas
421 300 454 320 ex
467 292 540 319 tribu
556 300 616 327 qua:
631 297 727 319 vocata
737 296 795 320 erat
805 291 838 318 ad
851 291 988 326 guberna-

195 337 257 365 cuia
280 338 367 373 regni.
392 339 463 374 Ergo
491 342 626 374 quotquot
653 338 898 365 conformationem
925 345 988 365 cum

195 383 377 419 primogenita
388 385 528 412 consecuti
543 388 616 417 sunt,
639 384 692 412 etsi
709 383 812 411 fuerint
824 391 858 411 ex
876 383 987 413 Judaeis,

194 433 223 455 et
244 433 378 464 quotquot
394 430 483 457 vocati
506 433 570 457 sunt
594 429 627 456 ad
649 437 762 464 regnum
782 429 914 457 caelorum
940 437 989 464 per

193 474 297 503 Christi
325 477 504 511 praeconium,
530 484 584 504 non
625 475 804 503 mediocriter
829 475 988 503 discruciati

195 525 259 548 sunt
269 526 382 558 propter
395 522 541 550 temeraria
555 522 686 549 adversus
698 521 837 549 Christum
855 522 985 549 facinora.

194 567 279 595 Erant
287 569 370 602 enim,
387 573 474 601 erant,
491 569 614 604 inquam,
628 576 697 603 pene
712 568 927 596 innumerabiles
941 569 987 596 illo

194 618 318 649 tempore
328 615 559 650 etHierosolymis
571 619 599 642 et
612 615 639 641 in
651 615 755 649 reliqua
765 615 857 642 Judaea
866 615 912 649 qui
923 623 988 642 con-

195 661 295 687 tristati
311 666 384 694 sunt,
404 665 432 688 et
446 661 527 688 simul
550 661 680 688 luxerunt
694 669 755 688 cum
770 661 890 693 Christo,
909 660 986 695 igno-

193 705 279 732 minia
299 705 405 733 affecto.
427 707 585 741 Deploravit
601 711 692 734 autem
709 707 791 733 etiam
811 710 889 740 pater
908 706 986 734 Jose-

192 751 288 785 phum.
309 761 317 777 l
332 751 448 780 Nolebat
469 753 553 785 enim,
576 753 623 786 ait,
642 753 698 780 ulla
719 753 904 780 consolatione
919 752 988 779 leni-

193 797 217 824 ri
233 798 263 825 ¹⁶.
283 807 291 824 ι
307 797 414 826 Licebit
426 799 518 834 itaque
531 799 613 827 etiam
625 799 689 826 hinc
698 799 802 831 videre,
817 799 889 833 quod
900 798 986 825 Deum

193 847 221 870 ct
233 843 340 871 Patrem
360 844 386 871 in
404 845 481 872 ccelis
497 845 568 872 haud
585 845 717 873 mediocri
734 844 827 871 dolore
845 844 987 871 alfecerint

193 890 363 925 Ianguinarii
381 890 420 917 illi
442 891 599 918 Judaeorum
615 891 641 918 in
659 890 798 917 Christum
819 890 936 924 impetus
959 893 987 917 et

1040 290 1085 316 καὶ
1100 289 1137 320 ὡς
1157 289 1230 316 λίθον
1249 288 1387 320 ἐκλεκτὸν,
1405 287 1658 323 ἀωδοκιμασθέντα
1681 286 1731 322 μὲν
1748 285 1824 322 παρὰ

1038 336 1092 363 τῶν
1109 337 1137 362 ἐν
1152 336 1227 371 νόμῳ
1240 335 1285 362 καὶ
1305 333 1407 370 νοητῶν
1417 333 1575 368 οἰκοδόμων,
1591 333 1717 359 ἐκλεκτον
1731 332 1760 359 δὲ
1776 332 1823 359 καὶ

1039 382 1149 417 ἔντιμον
1160 380 1235 416 παρὰ
1252 379 1320 416 Θεῷ,
1345 380 1393 406 καὶ
1417 379 1457 411 είς
1479 378 1600 414 κεφαλὴν
1614 379 1714 412 γωνίας
1727 378 1821 412 κείμε-

1038 436 1093 454 νον.
1131 426 1204 461 Πλὴν
1232 426 1272 452 ὅτι
1302 424 1458 452 κεκώλυκεν
1489 425 1503 450 ό
1532 424 1660 458 Ῥουόεὶμ
1685 424 1824 457 φονῶντας

1037 473 1100 504 τοὺς
1113 471 1255 506 ἀδελφούς⁴
1278 469 1462 504 δεδυσφόρηκε
1480 468 1509 495 δὲ
1527 468 1575 494 καὶ
1593 467 1702 499 Ἰούδας.
1720 468 1775 494 Καὶ
1789 465 1824 502 ἦν

1039 519 1088 554 μὲν
1111 519 1239 553 Ῥουὸεὶμ
1263 518 1446 552 πρωτότοκος’
1469 515 1568 546 Ἰούδας
1592 523 1623 548 γε
1651 513 1703 549 μὴν
1720 514 1752 540 ἐκ
1774 513 1824 548 τῆς

1037 566 1077 598 εἰς
1094 565 1232 601 βασιλείαν
1254 564 1426 599 κεκλημένης
1449 562 1544 598 φυλῆς.
1570 560 1675 587 Οὐκοῦν
1696 560 1752 586 ὅσοι
1774 559 1824 594 τὴν

1037 611 1083 639 τοῦ
1107 611 1281 647 πρωτοτόκου
1299 609 1475 645 συμμοριρίαν
1500 607 1723 641 πεπλουτήκασι,
1744 604 1824 638 εἰπερ

1036 656 1105 694 ἦσαν
1119 657 1148 690 ἐξ
1166 656 1308 690 Ἰουδαίων,
1325 657 1371 683 καὶ
1384 656 1440 682 ὅσοι
1454 654 1601 689 κέκληνται
1618 652 1686 688 πρὸς
1702 652 1752 686 τὴν
1769 651 1824 677 τῶν

1036 704 1157 740 οὐρανῶν
1177 703 1330 739 βασιλείαν,
1351 702 1382 728 τὸ
1401 701 1446 728 διὰ
1472 699 1590 736 Χριστοῦ
1619 698 1823 733 προσηκάμενοι

1037 752 1181 786 κήρυγμα,
1200 749 1432 784 δεδυσφορήκασιν
1449 747 1479 773 οὐ
1499 745 1604 781 μικρῶς
1622 744 1669 770 ἐπὶ
1687 745 1744 775 τοῖς
1762 742 1824 769 κατ’

1036 798 1119 824 αὐτοῦ
1129 796 1310 832 τολμήμασιν.
1322 792 1413 821 ἾΙσαν
1424 794 1488 828 γὰρ,
1501 791 1571 826 ἦσαν
1584 791 1632 818 οὒκ
1643 789 1824 824 εὐαρίθμητοι

1036 844 1096 871 κατ’
1112 844 1201 869 ἐκεῖνο
1227 841 1334 877 καιροῦ,
1351 839 1421 866 κατά
1439 847 1468 866 τε
1491 838 1541 873 τὴν
1562 836 1741 872 Ἰερουσαλὴμ.
1776 834 1824 861 καὶ

1035 890 1084 925 τὴν
1106 889 1203 924 ἑτέραν
1223 887 1278 913 τῶν
1308 885 1442 912 Ἰουδαίων
1470 883 1572 919 χώραν,
1588 883 1612 908 οἱ
1639 880 1823 916 λελυπημένοι

194 936 376 963 contumelim.
389 936 570 964 Oﬂ'cndcrunt
585 937 657 964 enim
675 937 742 964 adeo
756 936 942 967 vehementer,
957 939 985 962 ut

1037 934 1084 961 καὶ
1101 933 1320 968 συναλγήσαντες
1335 930 1446 966 Χριστῷ
1463 928 1652 965 ἡτιμασμένῳ.
1664 927 1823 962 Τεθρήνηκε

194 989 303 1009 omnem
319 982 533 1010 consolationem
548 983 681 1014 renuerit,
697 990 729 1009 ac
744 986 848 1008 tantum
867 989 922 1008 non
935 989 986 1008 ne-

194 1027 296 1055 minem
312 1028 465 1061 admiserit,
482 1029 528 1064 qui
542 1037 591 1063 pro
604 1028 669 1063 ipsis
690 1028 881 1055 intercederet.
906 1027 984 1064 193

192 1073 260 1101 Nam
276 1075 417 1110 propheta?
430 1083 618 1110 saepenumero
635 1075 752 1102 orabant
762 1078 790 1101 et
805 1074 986 1102 obsecrabant

192 1127 244 1155 pro
261 1120 371 1153 Israele,
390 1125 420 1148 ut
452 1121 544 1148 salvus
571 1120 659 1153 ﬁeret,
680 1128 836 1155 quanquam
862 1120 984 1155 graviora

193 1172 274 1200 quam
298 1166 390 1193 verbis
416 1167 531 1202 exprimi
547 1167 662 1201 possint.
689 1167 818 1194 adversus
837 1167 985 1202 prophetas

194 1213 424 1246 patrasset..Deus
434 1217 524 1240 autem
534 1221 604 1248 smpe
620 1213 734 1240 indulsit
745 1214 769 1240 ei
781 1221 831 1248 pro
841 1221 889 1240 sua
906 1214 985 1241 boni--

192 1257 466 1291 gnitate2domestici
484 1257 558 1285 enim
577 1262 658 1285 erant
674 1257 722 1292 qui
745 1258 983 1292 periclitabantur.

194 1304 228 1330 At
239 1303 286 1330 ubi
299 1303 326 1330 in
335 1303 475 1331 Christqu
484 1303 574 1338 ipsum
585 1303 744 1332 debacchati
756 1307 829 1336 sunt,
847 1304 928 1330 Pater
943 1304 984 1330 fa-

193 1353 254 1376 ctus
268 1352 311 1376 est
328 1349 514 1382 inexorabilis,
524 1353 604 1385 atque
624 1349 692 1376 iram
709 1349 907 1384 implacabilem
917 1357 984 1376 con-

193 1394 275 1429 cepit.
295 1394 356 1422 Non
375 1395 448 1422 enim
467 1395 582 1423 fuerunt
598 1395 789 1423 contumeliosi
810 1395 838 1422 in
863 1395 984 1430 prophe-

193 1445 249 1468 tam
267 1441 434 1476 quempiam,
446 1442 493 1469 sed
505 1442 533 1469 in
545 1443 734 1470 universorum
746 1441 925 1473 Salvatorem,
936 1441 983 1476 qui

192 1485 374 1521 ipsorummet
384 1487 579 1522 prophetarum
591 1488 779 1519 Dominusest,
794 1487 820 1513 in
833 1486 983 1519 Christum,

194 1532 319 1567 inquam,
334 1541 384 1567 per
399 1541 479 1567 quem
500 1538 602 1561 etcum
616 1541 671 1569 quo
692 1533 748 1560 Deo
762 1541 794 1560 ac
805 1533 877 1560 Patri
898 1533 984 1568 gloria

194 1584 258 1605 cum
268 1582 364 1606 sancto
376 1579 480 1614 Spiritu
494 1580 521 1607 in
529 1580 626 1607 smeula
639 1579 810 1606 steculorum.
820 1579 917 1606 Amen.

1036 982 1064 1008 δὲ
1085 983 1099 1009 ὁ
1113 982 1204 1017 πατὴρ
1219 980 1265 1006 τὸν
1287 980 1393 1015 Ἰωσήφ·
1412 988 1421 1004 ι
1443 979 1479 1004 Of;
1503 978 1557 1012 γὰρ
1577 976 1655 1011 ἤθελε
1678 975 1823 1009 παρακλη-

1037 1028 1132 1062 Θῆναι,
1152 1037 1160 1053 ι
1184 1026 1276 1062 φησίν.
1293 1026 1413 1061 Πάρεστι
1429 1024 1460 1059 δὴ
1473 1022 1519 1050 οὖν
1532 1022 1677 1049 κάντεῦθεν
1699 1022 1762 1047 ίδεῖν
1781 1021 1822 1047 ὅτι

1035 1075 1187 1109 λελύπηκεν
1210 1074 1240 1100 οὐ
1258 1072 1375 1108 μετρίως
1388 1071 1433 1097 τὸν
1452 1072 1480 1097 ὲν
1503 1070 1627 1105 οὐρανοῖς
1648 1068 1758 1102 Πατέρα
1775 1066 1823 1093 καὶ

1036 1121 1101 1148 Θεὸν
1117 1122 1133 1156 ἡ
1151 1121 1190 1152 είς
1212 1119 1331 1154 Χριστὸν
1355 1117 1484 1153 παροινία
1499 1116 1546 1142 καὶ
1567 1114 1600 1141 τὰ
1620 1113 1747 1149 μιαιφένα
1767 1111 1824 1138 τῶν

1042 1167 1176 1194 Ἰουδαίων
1200 1166 1398 1201 ὲγχειρήματα.
1426 1161 1669 1198 Προσκεκροὺκασι
1695 1160 1722 1185 δὲ
1749 1158 1823 1184 οὕτω

1035 1213 1144 1245 δεινῶς,
1159 1212 1197 1244 ὡς
1216 1210 1410 1247 παραιτεῖσθαι
1433 1208 1621 1244 παράκλησιν.
1638 1204 1777 1241 μονονουχὶ
1793 1203 1822 1229 δὲ

1035 1259 1082 1286 καὶ
1104 1257 1247 1293 ἀνέχεσθαι
1272 1256 1386 1292 μηδενὸς
1407 1255 1485 1289 εἴπερ
1505 1253 1592 1280 ἓλοιτό
1613 1260 1653 1283 τις
1678 1250 1727 1282 τὰς
1751 1249 1822 1284 ὑπὲρ

1035 1305 1123 1331 αὐτῶν
1139 1303 1274 1330 ποιεῖσθαι
1291 1302 1377 1334 λιτάς.
1401 1300 1562 1335 Ἐλιπάρουν
1578 1298 1628 1333 μὲν
1642 1296 1698 1331 γὰρ
1714 1297 1737 1323 ot
1753 1303 1821 1331 προ-

1035 1352 1117 1386 φῆται
1142 1349 1292 1381 πολλάκις,
1321 1349 1368 1375 καὶ
1399 1346 1534 1379 σώζεσθαι
1571 1343 1743 1380 παρεκάλουν
1775 1342 1821 1367 τὸν

1041 1397 1158 1432 Ἰσραήλ·
1175 1396 1263 1423 καίτοι
1274 1394 1424 1430 δεδρακότα
1439 1392 1471 1419 τὰ
1487 1392 1614 1418 ἐπέκεινα
1624 1390 1704 1423 λόγου
1719 1387 1820 1418 παντὸς

1035 1441 1105 1468 κατὰ
1124 1441 1178 1467 τῶν
1197 1439 1354 1477 προφητῶν.
1378 1438 1533 1471 Κατενόησε
1550 1436 1578 1462 δὲ
1599 1435 1648 1470 τὴν
1664 1433 1820 1469 ἡμερότητα

1036 1487 1164 1518 πολλάκις
1177 1487 1242 1518 Θώς
1252 1494 1259 1500 ’
1277 1485 1381 1512 οἰκέται
1394 1484 1449 1519 γὰρ
1465 1481 1535 1518 ἦσαν
1548 1483 1571 1508 οί
1591 1480 1794 1508 κινδυνεύσαντε
1835 1491 1837 1493 -

1041 1533 1117 1560 Ἐπεὶ
1143 1533 1172 1559 δὲ
1199 1531 1430 1567 πεπαρῳνήκασιν
1452 1530 1491 1560 εἰς
1517 1528 1598 1554 αὑτὸν
1620 1527 1665 1553 τὸν
1692 1524 1820 1560 Χριστὸν,

1036 1578 1232 1613 ἀπαράκλητος
1260 1579 1274 1604 ὁ
1304 1577 1411 1611 Πατὴρ,
1440 1574 1660 1609 δυσανάτρεπτος
1685 1573 1698 1598 ὁ
1724 1570 1820 1605 θυμός.

196 1623 344 1659 ’Υὸρισται
368 1625 421 1660 γὰρ
441 1626 490 1652 οὐκ
512 1626 552 1652 ἔτι
567 1635 609 1658 τις
634 1627 788 1661 προφήτης,
812 1626 870 1652 ἀλλ’
893 1627 907 1652 ὁ
928 1626 981 1652 τῶν
1000 1625 1068 1652 ὅλων
1088 1626 1200 1661 Σωτὴρ,
1235 1625 1249 1651 ὀ
1270 1624 1409 1657 Δεσπότης
1429 1622 1483 1648 τῶν
1518 1619 1680 1656 προφητῶν,
1700 1617 1822 1645 τουτέστι

195 1667 321 1703 Χριστὸς,
342 1669 376 1696 δι’
398 1667 429 1697 οὗ
452 1671 498 1698 καὶ
518 1671 578 1706 μεθ’
594 1668 624 1698 οὗ
646 1671 685 1706 τῷ
707 1671 767 1707 Θεῷ
790 1672 838 1698 καὶ
859 1672 948 1706 Ila-.91
981 1672 997 1706 ἡ
1017 1671 1081 1704 δόξα
1097 1673 1145 1698 σὺν
1166 1671 1236 1706 ἁγίῳ
1253 1671 1392 1704 Πνεύματι
1414 1669 1453 1699 εὶς
1487 1667 1548 1698 τοὺς
1566 1666 1666 1696 αἰῶνας
1683 1664 1737 1691 τῶν
1757 1663 1823 1690 αίώ-

194 1722 260 1741 νων.
282 1715 378 1750 Ἀμήν.

437 1772 474 1799 De
491 1769 562 1800 Juila
577 1778 600 1800 et
617 1773 740 1802 Thamar.

230 1827 254 1854 Ι.
265 1827 370 1863 Scopus
378 1832 459 1863 atque
474 1829 588 1856 intentio
597 1829 744 1865 Scriptura:
753 1831 885 1858 divinitus
899 1831 986 1866 inspi-

195 1877 261 1901 rata:
272 1878 325 1906 est,
339 1878 369 1901 ut
381 1875 540 1910 mysterium
554 1875 656 1903 Christi
668 1884 717 1911 per
736 1876 856 1904 inﬁnitas
868 1877 925 1904 fere
942 1885 986 1904 res

194 1919 275 1946 nobis
282 1919 415 1956 designet.
428 1921 522 1955 Neque
536 1921 674 1949 immerito
691 1923 753 1957 quis
764 1931 824 1950 eam
838 1923 987 1957 splendida:

195 1972 227 1992 ac
238 1965 388 2001 magniﬁcae
398 1966 502 1994 civitati
515 1968 723 2002 comparaverit,
736 1976 796 2003 quae
808 1968 919 2002 quidem
931 1976 986 1996 non

197 2017 279 2038 unam
298 2011 341 2039 sui
364 2013 437 2047 regis
448 2016 497 2039 aut
516 2013 690 2047 imperatoris
702 2014 783 2040 habet
796 2017 923 2046 statuam,
939 2015 986 2041 sed

195 2057 328 2093 plurimas
346 2062 372 2085 et
385 2058 495 2093 quidem
513 2058 540 2086 in
556 2059 616 2086 loco
635 2060 735 2086 celebri
758 2060 869 2092 locatas,
893 2061 939 2088 ubi
952 2061 986 2088 ab

195 2104 324 2131 omnibus
336 2104 551 2140 conspiciantur.
565 2105 634 2133 Vide
652 2105 726 2132 enim
751 2114 804 2140 quo
830 2111 909 2141 pacto
928 2107 988 2134 nul-

196 2148 236 2176 las
250 2156 295 2176 res
310 2153 409 2185 gestas,
424 2157 485 2184 qua:
496 2150 530 2177 ad
550 2150 603 2177 hoc
618 2151 773 2183 conferunt,
800 2152 908 2179 omittat
920 2161 926 2179 ε
938 2152 986 2179 sed

195 2195 317 2230 singulas
335 2199 361 2222 et
384 2196 525 2223 universas
540 2200 732 2231 prosequatur.
752 2197 808 2224 Etsi
832 2205 897 2225 vero
914 2206 985 2225 non-

195 2247 335 2274 nunquam
347 2244 436 2267 textus
447 2241 569 2268 historiae
576 2241 701 2268 videatur
713 2249 809 2276 parum
821 2243 985 2278 aptus,nihil

196 2288 287 2312 tamen
298 2285 351 2313 hoc
366 2286 479 2321 impedit
493 2286 640 2321 quominus
661 2287 687 2314 id
713 2288 785 2322 quod
814 2290 984 2324 propositum

197 2330 247 2366 ipsi
264 2337 315 2363 est,
329 2331 399 2359 bene
419 2337 546 2360 contexat
559 2337 640 2367 atque
652 2333 785 2361 absolvat.
804 2335 898 2370 Neque
911 2337 986 2364 enim

196 2376 270 2403 illius
280 2384 378 2411 scopus
389 2381 441 2410 est,
457 2383 487 2404 ut
498 2378 581 2405 vitam
600 2383 756 2406 sanctorum
768 2385 885 2414 exponat
896 2381 986 2417 (longe

1159 1774 1228 1808 Περὶ
1247 1772 1300 1800 τοῦ
1321 1771 1418 1800 Ἰούδα
1431 1770 1481 1797 καὶ
1499 1769 1554 1803 τῆς
1573 1769 1681 1802 Θάμαρ,

1072 1832 1107 1859 α’.
1131 1830 1234 1862 Σκοπὸς
1258 1830 1291 1865 τῇ
1314 1827 1487 1862 θεοπνεύστῳ
1512 1827 1625 1861 Γραφῇ,
1651 1823 1680 1851 τὸ
1702 1824 1823 1859 Χριστοῦ

1039 1878 1188 1914 μυστήριον
1198 1875 1241 1902 διὰ
1257 1875 1361 1910 μυρίων
1375 1874 1443 1900 ὅσων
1456 1873 1523 1908 ἡμῖν
1535 1870 1728 1905 κατασημῆναι
1738 1877 1832 1904 πραγ-

1039 1924 1141 1959 μάτων.
1164 1922 1336 1957 Παρεικάσαι
1354 1919 1377 1946 δ’
1402 1919 1434 1946 ἄν
1461 1926 1503 1950 τις
1531 1917 1615 1952 αὐτὴν
1638 1916 1753 1951 λαμπρᾷ
1777 1915 1824 1942 καὶ

1037 1969 1196 2003 ἁξιαγάστῳ
1208 1967 1296 1999 πόλει,
1313 1966 1358 1993 καὶ
1379 1966 1408 1992 οὺ
1425 1966 1489 2000 μίαν
1507 1963 1607 2000 ἐχούσῃ
1623 1964 1672 1996 τὴν
1691 1961 1822 1997 βασιλέως

1037 2014 1138 2044 εἰκόνα,
1160 2012 1288 2043 πλείστας
1302 2011 1330 2037 δὲ
1344 2011 1418 2040 ὅσας,
1437 2009 1484 2035 καὶ
1497 2009 1525 2033 ἐν
1539 2007 1613 2041 τόπῳ
1631 2007 1711 2032 παντὶ
1726 2005 1822 2031 ἀνατε-

1037 2059 1165 2094 θειμένας
1177 2057 1343 2093 περιφανῶς.
1358 2057 1453 2090 ’Ἂθρει
1468 2054 1521 2090 γὰρ
1535 2054 1608 2084 ὅπως
1621 2052 1675 2078 τῶν
1690 2052 1729 2082 είς
1744 2051 1823 2077 τοῦτο

1036 2106 1184 2133 τελούντων
1199 2103 1376 2138 διηγημάτων
1390 2102 1466 2129 οὐδὲν
1486 2101 1534 2136 μὲν
1549 2099 1680 2134 παρίησιν
1690 2120 1696 2130 ,
1713 2097 1823 2133 {pla-:2:

1036 2152 1063 2179 δὲ
1086 2151 1129 2178 διὰ
1145 2151 1264 2177 πάντων.
1281 2149 1339 2176 Κᾶν
1354 2150 1378 2174 εί
1394 2148 1449 2182 ἔχοι
1466 2155 1492 2173 τι
1506 2145 1537 2172 τὸ
1556 2144 1671 2175 ἀκαλλὲς
1686 2144 1734 2178 τῆς
1752 2145 1822 2170 ίστο-

1038 2199 1098 2234 ρίας
1114 2199 1126 2224 ὀ
1146 2197 1242 2231 λόγος,
1256 2196 1288 2222 δι’
1309 2194 1416 2225 οὐδενὸς
1433 2195 1548 2220 ποιεῖται
1577 2193 1612 2220 τὰ
1624 2191 1713 2217 τοιάδε
1729 2191 1821 2225 τυχὸν,

1035 2245 1063 2277 ἐς
1078 2244 1144 2271 τ’ἂν
1166 2244 1235 2278 αὐτῇ
1257 2243 1287 2269 τὸ
1312 2242 1490 2277 προκείμενον
1512 2242 1690 2275 ἐξυφαινηται
1719 2237 1819 2268 καλῶς·

1036 2291 1179 2320 Ποιεῖσθαι
1192 2290 1246 2326 γὰρ
1269 2290 1438 2325 κατάρρησιν
1460 2289 1509 2324 τῆς
1525 2289 1578 2314 τῶν
1597 2288 1681 2321 ἁγίων
1697 2285 1769 2319 ζωῆς
1789 2285 1821 2311 οὐ

1037 2338 1136 2369 σκοπὸς
1151 2338 1229 2372 αὐτῇ·
1249 2336 1346 2363 πολλοῦ
1365 2344 1397 2370 γε
1411 2335 1458 2361 καὶ
1472 2335 1521 2361 δεῖ·
1535 2334 1700 2370 διαμορφοῦν
1711 2333 1739 2359 δὲ
1755 2332 1822 2367 μᾶλ-

1036 2384 1080 2411 λον
1103 2385 1168 2419 ἡμῖν
1188 2383 1234 2409 τοῦ
1261 2383 1409 2418 μυστηρίου
1423 2381 1474 2415 τὴν
1491 2381 1602 2415 γνῶσίν,
1619 2381 1652 2407 δι’
1670 2377 1707 2406 ὧν
1722 2381 1754 2405 iv
1772 2379 1820 2412 γέ-

195 2422 268 2449 enim
281 2422 380 2458 abest),
394 2423 440 2451 sed
451 2424 543 2459 potius
551 2429 581 2452 ut
590 2433 641 2454 nos
652 2422 773 2461 mysterii
784 2426 885 2454 Christi
894 2428 985 2463 cogni-

1037 2439 1108 2458 νοιτο
1129 2430 1216 2465 σαιρής
1239 2438 1269 2455 τε
1291 2429 1338 2454 καὶ
1361 2427 1463 2462 ἀληθὴς
1485 2428 1499 2454 Ι)
1515 2428 1557 2454 ἐπ’
1575 2427 1649 2462 αὐτῷ
1671 2426 1758 2460 λόγος·
1774 2426 1821 2451 καὶ

195 2468 269 2495 tione
282 2468 400 2496 instruat
415 2477 464 2504 per
475 2470 641 2505 ejuscemodi
654 2480 709 2505 res,
729 2473 828 2508 quibus
840 2474 983 2502 manifesta

195 2521 314 2548 veraque
335 2513 368 2541 de
385 2514 445 2550 ipso
464 2516 551 2544 oratio
568 2517 627 2545 ﬁeri
651 2522 754 2553 potest;
773 2527 806 2547 ex
818 2527 873 2554 quo
885 2525 914 2547 et
938 2529 983 2548 rc-

196 2559 328 2595 prehendi
339 2561 443 2595 nequit,
463 2563 540 2596 quasi
556 2571 571 2590 a
583 2572 648 2591 vero
665 2564 829 2593 aberrasset.
846 2566 983 2593 Describi-

196 2609 241 2632 tur
255 2605 347 2640 itaque
358 2606 560 2640 quodammodo
574 2610 653 2637 nobis
666 2619 774 2638 rursum
795 2611 822 2638 in
836 2611 905 2639 Juda
916 2616 944 2639 et
956 2612 983 2639 in

196 2649 314 2678 Thamar
326 2650 520 2682 incarnationis
541 2655 689 2684 Saivatoris
712 2658 799 2685 nostri
812 2658 981 2693 mysterium.

193 2696 261 2724 Nam
284 2706 294 2722 ‹
308 2696 409 2726 factum
421 2704 472 2732 est,
486 2701 524 2728 ait
543 2706 641 2735 textus,
659 2703 686 2730 iu
709 2708 831 2739 tempore
851 2705 908 2737 illo,
934 2705 983 2732 de-

194 2743 300 2771 scendit
319 2744 404 2772 Judas
423 2753 438 2773 a
460 2745 592 2776 fratribus
610 2749 676 2782 suis,
695 2750 809 2778 etvenit
833 2751 866 2778 ad
892 2751 982 2778 virum

195 2790 339 2825 quemdam
362 2791 564 2827 Odollamitem,
588 2796 632 2822 cui
654 2804 754 2824 nomen
766 2801 825 2824 erat
839 2797 926 2825 lliras.
949 2797 983 2825 Et

195 2834 263 2863 vidit
273 2836 312 2864 ibi
323 2837 407 2865 Iudas
428 2838 511 2866 tiliam
524 2839 644 2869 hominis
659 2841 814 2875 Chananwi,
829 2843 872 2870 cui
883 2851 982 2871 nomen

231 2913 251 2928 "‘
263 2913 332 2943 Ger.
354 2923 452 2948 xxxv",
470 2915 504 2943 55

1035 2477 1183 2511 οὐδαμόθεν
1197 2475 1266 2510 ἔχων
1277 2474 1306 2500 τὸ
1318 2473 1496 2509 ἐπιτιμᾶσθαι
1508 2473 1572 2506 δεῖν,
1582 2473 1619 2504 ὡς
1630 2474 1678 2508 τῆς
1692 2472 1821 2506 ἀληθείας

1034 2521 1213 2558 ἡμαρτηκὼς.
1232 2521 1368 2555 Γραφεται
1389 2519 1479 2546 τοίνυν
1494 2520 1559 2554 ἡμῖν
1580 2519 1617 2550 ὡς
1632 2519 1660 2543 ἐν
1676 2518 1715 2552 τῷ
1737 2517 1822 2552 Ἰούδᾳ

1035 2569 1125 2601 πάλιν,
1157 2567 1203 2594 καὶ
1222 2566 1313 2601 μέντοι
1334 2566 1381 2592 καὶ
1399 2566 1431 2600 τῇ
1446 2565 1555 2603 Θάμαρ,
1569 2565 1619 2598 τῆς
1632 2563 1679 2590 τοῦ
1696 2563 1822 2598 Σωτῆρος

1034 2614 1190 2649 οἰκονομίας
1212 2613 1242 2639 τὸ
1261 2612 1418 2647 μυστήριον.
1449 2611 1571 2644 Ἐγένετο
1591 2611 1659 2646 γὰρ,
1679 2610 1776 2644 φησὶν,
1793 2610 1822 2635 ἐν

1035 2661 1073 2696 τῷ
1085 2660 1173 2696 καιρῷ
1186 2660 1298 2693 ἐκείνῳ,
1312 2658 1416 2692 κατέϐη
1443 2657 1545 2689 Ἰούδας
1560 2657 1613 2683 ἀπὸ
1632 2657 1687 2683 τῶν
1699 2656 1821 2691 ἀδελφῶν

1035 2706 1117 2734 αὑτοῦ
1129 2727 1135 2738 ,
1153 2706 1198 2732 καὶ
1215 2706 1327 2737 ἀφίκετο
1346 2704 1413 2738 πρὸς
1436 2703 1519 2737 ἄνδρα
1542 2702 1604 2729 τινὰ
1632 2702 1820 2737 Ὀδολαμίτην,

1033 2749 1054 2786 ᾧ
1080 2753 1165 2788 ονομα
1181 2752 1268 2786 Ἴρας.
1294 2751 1349 2777 Καὶ
1373 2748 1442 2777 εἶδεν
1467 2750 1525 2776 ἐκεῖ
1555 2749 1656 2780 Ἰούδας
1682 2748 1822 2784 θυγατέρα

1033 2797 1177 2833 ἀνθρώπου
1201 2796 1371 2828 Χαναναίου,
1431 2795 1515 2829 ονομα
1543 2795 1627 2822 Σαϐὰ.
1649 2795 1703 2821 Καὶ
1725 2794 1820 2821 ἐλαϐεν

1034 2844 1128 2878 αὐτὴν,
1157 2843 1203 2869 καὶ
1228 2842 1335 2876 εἰσῆλθε
1365 2841 1433 2877 πρὸς
1458 2840 1556 2876 αὐτὴν,
1580 2840 1626 2866 καὶΙ
1648 2839 1817 2866 συλλαϐοῦσα
