  <div class='ocr_page' id='page_1' title='image "/cluster/home/n/w/nwhite01/storage/ocr_20150623/69/njp.32101077772729/178.png"; bbox 0 0 1990 3050; ppageno 0'>
   <div class='ocr_carea' id='block_1_1' title="bbox 172 135 226 163">
    <p class='ocr_par' dir='ltr' id='par_1_1' title="bbox 172 135 226 163">
     <span class='ocr_line' id='line_1_1' title="bbox 172 135 226 163; baseline 0.019 -1"><span class='ocrx_word' id='word_1_1' title='bbox 172 135 226 163; x_wconf 72' lang='lat'>309</span> 
     </span>
    </p>
   </div>
   <div class='ocr_carea' id='block_1_2' title="bbox 671 135 1304 166">
    <p class='ocr_par' dir='ltr' id='par_1_2' title="bbox 671 135 1304 166">
     <span class='ocr_line' id='line_1_2' title="bbox 671 135 1304 166; baseline 0.003 -2"><span class='ocrx_word' id='word_1_2' title='bbox 671 135 931 165; x_wconf 68' lang='lat' dir='ltr'>GLAPHYRORUM</span> <span class='ocrx_word' id='word_1_3' title='bbox 950 137 983 165; x_wconf 74' lang='grc' dir='ltr'>ΓΝ</span> <span class='ocrx_word' id='word_1_4' title='bbox 1003 137 1153 166; x_wconf 77' lang='lat' dir='ltr'>GENESIM</span> <span class='ocrx_word' id='word_1_5' title='bbox 1175 138 1238 166; x_wconf 85' lang='lat' dir='ltr'>LIB.</span> <span class='ocrx_word' id='word_1_6' title='bbox 1262 137 1304 166; x_wconf 76' lang='lat' dir='ltr'>VI.</span> 
     </span>
    </p>
   </div>
   <div class='ocr_carea' id='block_1_3' title="bbox 1752 137 1813 166">
    <p class='ocr_par' dir='ltr' id='par_1_3' title="bbox 1752 137 1813 166">
     <span class='ocr_line' id='line_1_3' title="bbox 1752 137 1813 166; baseline 0 -1"><span class='ocrx_word' id='word_1_7' title='bbox 1752 137 1813 166; x_wconf 66' lang='lat'>310‘</span> 
     </span>
    </p>
   </div>
   <div class='ocr_carea' id='block_1_4' title="bbox 173 194 962 233">
    <p class='ocr_par' dir='ltr' id='par_1_4' title="bbox 173 194 959 232">
     <span class='ocr_line' id='line_1_4' title="bbox 173 194 959 232; baseline 0 -9"><span class='ocrx_word' id='word_1_8' title='bbox 173 196 267 223; x_wconf 68' lang='lat' dir='ltr'>huch</span> <span class='ocrx_word' id='word_1_9' title='bbox 282 195 356 228; x_wconf 75' lang='grc' dir='ltr'>υῑὺν,</span> <span class='ocrx_word' id='word_1_10' title='bbox 374 195 419 222; x_wconf 67' lang='grc' dir='ltr'>καὶ</span> <span class='ocrx_word' id='word_1_11' title='bbox 436 194 550 222; x_wconf 67' lang='grc' dir='ltr'>ἐκάλεσε</span> <span class='ocrx_word' id='word_1_12' title='bbox 565 195 594 222; x_wconf 78' lang='grc' dir='ltr'>τὸ</span> <span class='ocrx_word' id='word_1_13' title='bbox 611 195 696 230; x_wconf 79' lang='grc' dir='ltr'>ὖνομα</span> <span class='ocrx_word' id='word_1_14' title='bbox 711 195 794 223; x_wconf 83' lang='grc' dir='ltr'>αὐτοῦ</span> <span class='ocrx_word' id='word_1_15' title='bbox 816 195 881 232; x_wconf 82' lang='grc' dir='ltr'>Ἤρ.</span> <span class='ocrx_word' id='word_1_16' title='bbox 904 196 959 223; x_wconf 73' lang='grc' dir='ltr'>Καὶ</span> 
     </span>
    </p>
   </div>
   <div class='ocr_carea' id='block_1_5' title="bbox 1013 194 1801 233">
    <p class='ocr_par' dir='ltr' id='par_1_5' title="bbox 1013 196 1801 233">
     <span class='ocr_line' id='line_1_5' title="bbox 1013 196 1801 233; baseline 0.003 -10"><span class='ocrx_word' id='word_1_17' title='bbox 1013 196 1093 229; x_wconf 85' lang='lat' dir='ltr'>Saba,</span> <span class='ocrx_word' id='word_1_18' title='bbox 1109 201 1137 224; x_wconf 83' lang='lat' dir='ltr'>et</span> <span class='ocrx_word' id='word_1_19' title='bbox 1157 197 1262 232; x_wconf 84' lang='lat' dir='ltr'>accepit</span> <span class='ocrx_word' id='word_1_20' title='bbox 1286 204 1357 229; x_wconf 81' lang='lat' dir='ltr'>eam,</span> <span class='ocrx_word' id='word_1_21' title='bbox 1377 201 1405 224; x_wconf 88' lang='lat' dir='ltr'>et</span> <span class='ocrx_word' id='word_1_22' title='bbox 1429 197 1569 232; x_wconf 75' lang='lat' dir='ltr'>ingressus</span> <span class='ocrx_word' id='word_1_23' title='bbox 1591 202 1632 224; x_wconf 86' lang='lat' dir='ltr'>est</span> <span class='ocrx_word' id='word_1_24' title='bbox 1655 197 1688 225; x_wconf 82' lang='lat' dir='ltr'>ad</span> <span class='ocrx_word' id='word_1_25' title='bbox 1701 198 1801 233; x_wconf 73' lang='lat' dir='ltr'>ipsum;</span> 
     </span>
    </p>
   </div>
   <div class='ocr_carea' id='block_1_6' title="bbox 175 239 961 276">
    <p class='ocr_par' dir='ltr' id='par_1_6' title="bbox 175 239 961 276">
     <span class='ocr_line' id='line_1_6' title="bbox 175 239 961 276; baseline -0.001 -8"><span class='ocrx_word' id='word_1_26' title='bbox 175 241 344 268; x_wconf 76' lang='grc' dir='ltr'>συλλαϐοῦσα</span> <span class='ocrx_word' id='word_1_27' title='bbox 360 240 449 273; x_wconf 73' lang='grc' dir='ltr'>πάλιν,</span> <span class='ocrx_word' id='word_1_28' title='bbox 463 239 556 267; x_wconf 78' lang='grc' dir='ltr'>ἔτεκεν</span> <span class='ocrx_word' id='word_1_29' title='bbox 567 241 634 273; x_wconf 80' lang='grc' dir='ltr'>υἱὸν,</span> <span class='ocrx_word' id='word_1_30' title='bbox 647 241 693 267; x_wconf 78' lang='grc' dir='ltr'>καὶ</span> <span class='ocrx_word' id='word_1_31' title='bbox 705 241 818 267; x_wconf 71' lang='grc' dir='ltr'>ἐκάλεσε</span> <span class='ocrx_word' id='word_1_32' title='bbox 832 240 862 267; x_wconf 76' lang='grc' dir='ltr'>τὸ</span> <span class='ocrx_word' id='word_1_33' title='bbox 876 241 961 276; x_wconf 74' lang='grc' dir='ltr'>ὄνομα</span> 
     </span>
    </p>
   </div>
   <div class='ocr_carea' id='block_1_7' title="bbox 173 286 961 322">
    <p class='ocr_par' dir='ltr' id='par_1_7' title="bbox 173 286 961 322">
     <span class='ocr_line' id='line_1_7' title="bbox 173 286 961 322; baseline 0 -9"><span class='ocrx_word' id='word_1_34' title='bbox 173 287 256 314; x_wconf 72' lang='grc' dir='ltr'>αὑτοῦ</span> <span class='ocrx_word' id='word_1_35' title='bbox 272 287 372 314; x_wconf 75' lang='grc' dir='ltr'>Δὺνᾶν.</span> <span class='ocrx_word' id='word_1_36' title='bbox 395 287 451 313; x_wconf 68' lang='grc' dir='ltr'>Καὶ</span> <span class='ocrx_word' id='word_1_37' title='bbox 471 287 639 322; x_wconf 74' lang='grc' dir='ltr'>προσθεῖσα,</span> <span class='ocrx_word' id='word_1_38' title='bbox 659 286 700 314; x_wconf 74' lang='grc' dir='ltr'>ἔτι</span> <span class='ocrx_word' id='word_1_39' title='bbox 715 286 807 314; x_wconf 72' lang='grc' dir='ltr'>ἔτεκεν</span> <span class='ocrx_word' id='word_1_40' title='bbox 824 287 880 314; x_wconf 75' lang='grc' dir='ltr'>υίδν</span> <span class='ocrx_word' id='word_1_41' title='bbox 891 307 898 319; x_wconf 83' lang='grc'>,</span> <span class='ocrx_word' id='word_1_42' title='bbox 914 287 961 313; x_wconf 80' lang='grc' dir='ltr'>καὶ</span> 
     </span>
    </p>
   </div>
   <div class='ocr_carea' id='block_1_8' title="bbox 174 330 960 368">
    <p class='ocr_par' dir='ltr' id='par_1_8' title="bbox 174 330 960 368">
     <span class='ocr_line' id='line_1_8' title="bbox 174 330 960 368; baseline 0.003 -10"><span class='ocrx_word' id='word_1_43' title='bbox 174 332 286 359; x_wconf 69' lang='grc' dir='ltr'>ἐκάλεσε</span> <span class='ocrx_word' id='word_1_44' title='bbox 310 332 341 359; x_wconf 68' lang='grc' dir='ltr'>τὸ</span> <span class='ocrx_word' id='word_1_45' title='bbox 363 332 448 367; x_wconf 74' lang='grc' dir='ltr'>ὄνομα</span> <span class='ocrx_word' id='word_1_46' title='bbox 466 332 547 359; x_wconf 76' lang='grc' dir='ltr'>αὐτοῦ</span> <span class='ocrx_word' id='word_1_47' title='bbox 569 333 678 368; x_wconf 84' lang='grc' dir='ltr'>Σηλώμ.</span> <span class='ocrx_word' id='word_1_48' title='bbox 697 342 706 359; x_wconf 75' lang='grc' dir='ltr'>ι</span> <span class='ocrx_word' id='word_1_49' title='bbox 729 333 827 364; x_wconf 83' lang='grc' dir='ltr'>Παῖδες</span> <span class='ocrx_word' id='word_1_50' title='bbox 850 333 899 368; x_wconf 76' lang='grc' dir='ltr'>μὲν</span> <span class='ocrx_word' id='word_1_51' title='bbox 914 330 960 360; x_wconf 78' lang='grc' dir='ltr'>οὖν</span> 
     </span>
    </p>
   </div>
   <div class='ocr_carea' id='block_1_9' title="bbox 172 376 960 416">
    <p class='ocr_par' dir='ltr' id='par_1_9' title="bbox 172 376 960 416">
     <span class='ocr_line' id='line_1_9' title="bbox 172 376 960 416; baseline 0 -11"><span class='ocrx_word' id='word_1_52' title='bbox 172 376 245 406; x_wconf 73' lang='grc' dir='ltr'>οὗτοι</span> <span class='ocrx_word' id='word_1_53' title='bbox 266 378 395 414; x_wconf 82' lang='grc' dir='ltr'>γεγόνασι</span> <span class='ocrx_word' id='word_1_54' title='bbox 421 378 460 414; x_wconf 84' lang='grc' dir='ltr'>τῷ</span> <span class='ocrx_word' id='word_1_55' title='bbox 489 379 575 415; x_wconf 81' lang='grc' dir='ltr'>Ἰούδᾳ</span> <span class='ocrx_word' id='word_1_56' title='bbox 607 381 692 416; x_wconf 81' lang='grc' dir='ltr'>τρεῖς.</span> <span class='ocrx_word' id='word_1_57' title='bbox 722 379 831 414; x_wconf 78' lang='grc' dir='ltr'>Ἐπειδὴ</span> <span class='ocrx_word' id='word_1_58' title='bbox 862 379 891 406; x_wconf 81' lang='grc' dir='ltr'>δὲ</span> <span class='ocrx_word' id='word_1_59' title='bbox 921 380 960 410; x_wconf 82' lang='grc' dir='ltr'>είς</span> 
     </span>
    </p>
   </div>
   <div class='ocr_carea' id='block_1_10' title="bbox 172 423 960 462">
    <p class='ocr_par' dir='ltr' id='par_1_10' title="bbox 172 423 960 462">
     <span class='ocr_line' id='line_1_10' title="bbox 172 423 960 462; baseline 0 -10"><span class='ocrx_word' id='word_1_60' title='bbox 172 425 242 461; x_wconf 74' lang='grc' dir='ltr'>ἥῆην</span> <span class='ocrx_word' id='word_1_61' title='bbox 257 423 324 461; x_wconf 83' lang='grc' dir='ltr'>ἧκον</span> <span class='ocrx_word' id='word_1_62' title='bbox 341 426 365 452; x_wconf 80' lang='grc' dir='ltr'>οι</span> <span class='ocrx_word' id='word_1_63' title='bbox 385 425 505 458; x_wconf 87' lang='grc' dir='ltr'>νεανίαι,</span> <span class='ocrx_word' id='word_1_64' title='bbox 520 425 627 461; x_wconf 77' lang='grc' dir='ltr'>δέχεται</span> <span class='ocrx_word' id='word_1_65' title='bbox 649 425 698 461; x_wconf 79' lang='grc' dir='ltr'>τὴν</span> <span class='ocrx_word' id='word_1_66' title='bbox 717 425 831 462; x_wconf 79' lang='grc' dir='ltr'>Θάμαρ,</span> <span class='ocrx_word' id='word_1_67' title='bbox 855 425 902 452; x_wconf 69' lang='grc' dir='ltr'>καὶ</span> <span class='ocrx_word' id='word_1_68' title='bbox 922 424 960 460; x_wconf 86' lang='grc' dir='ltr'>τῷ</span> 
     </span>
    </p>
   </div>
   <div class='ocr_carea' id='block_1_11' title="bbox 173 470 958 507">
    <p class='ocr_par' dir='ltr' id='par_1_11' title="bbox 173 470 958 507">
     <span class='ocr_line' id='line_1_11' title="bbox 173 470 958 507; baseline 0 -11"><span class='ocrx_word' id='word_1_69' title='bbox 173 470 340 506; x_wconf 78' lang='grc' dir='ltr'>πρωτοτόκῳ</span> <span class='ocrx_word' id='word_1_70' title='bbox 375 471 624 507; x_wconf 83' lang='grc' dir='ltr'>συγκαθείργνυσι,</span> <span class='ocrx_word' id='word_1_71' title='bbox 656 472 795 503; x_wconf 74' lang='grc' dir='ltr'>τουτέστι,</span> <span class='ocrx_word' id='word_1_72' title='bbox 821 471 860 506; x_wconf 81' lang='grc' dir='ltr'>τῷ</span> <span class='ocrx_word' id='word_1_73' title='bbox 894 471 958 506; x_wconf 82' lang='grc' dir='ltr'>Ἤρ.</span> 
     </span>
    </p>
   </div>
   <div class='ocr_carea' id='block_1_12' title="bbox 183 514 959 553">
    <p class='ocr_par' dir='ltr' id='par_1_12' title="bbox 183 514 959 553">
     <span class='ocr_line' id='line_1_12' title="bbox 183 514 959 553; baseline 0.001 -11"><span class='ocrx_word' id='word_1_74' title='bbox 183 516 295 552; x_wconf 78' lang='grc' dir='ltr'>Ἐπειδὴ</span> <span class='ocrx_word' id='word_1_75' title='bbox 307 517 335 543; x_wconf 81' lang='grc' dir='ltr'>δὲ</span> <span class='ocrx_word' id='word_1_76' title='bbox 349 514 383 553; x_wconf 75' lang='grc' dir='ltr'>ἦν</span> <span class='ocrx_word' id='word_1_77' title='bbox 399 518 516 552; x_wconf 73' lang='grc' dir='ltr'>πονηρὸς</span> <span class='ocrx_word' id='word_1_78' title='bbox 539 518 567 544; x_wconf 82' lang='grc' dir='ltr'>ἐν</span> <span class='ocrx_word' id='word_1_79' title='bbox 582 517 730 553; x_wconf 66' lang='grc' dir='ltr'>ὀφθαλμοῖς</span> <span class='ocrx_word' id='word_1_80' title='bbox 748 518 794 544; x_wconf 86' lang='grc' dir='ltr'>τοῦ</span> <span class='ocrx_word' id='word_1_81' title='bbox 808 517 888 551; x_wconf 82' lang='grc' dir='ltr'>Θεοῦ⁷</span> <span class='ocrx_word' id='word_1_82' title='bbox 907 517 959 552; x_wconf 79' lang='grc' dir='ltr'>πρὸ</span> 
     </span>
    </p>
   </div>
   <div class='ocr_carea' id='block_1_13' title="bbox 172 563 960 599">
    <p class='ocr_par' dir='ltr' id='par_1_13' title="bbox 172 563 960 599">
     <span class='ocr_line' id='line_1_13' title="bbox 172 563 960 599; baseline -0.001 -9"><span class='ocrx_word' id='word_1_83' title='bbox 172 563 276 590; x_wconf 80' lang='grc' dir='ltr'>παίδων</span> <span class='ocrx_word' id='word_1_84' title='bbox 295 563 378 599; x_wconf 84' lang='grc' dir='ltr'>γονῆς</span> <span class='ocrx_word' id='word_1_85' title='bbox 394 563 449 590; x_wconf 85' lang='grc' dir='ltr'>τῶν</span> <span class='ocrx_word' id='word_1_86' title='bbox 474 563 534 590; x_wconf 86' lang='grc' dir='ltr'>καθ’</span> <span class='ocrx_word' id='word_1_87' title='bbox 556 564 630 599; x_wconf 80' lang='grc' dir='ltr'>ἡμᾶς</span> <span class='ocrx_word' id='word_1_88' title='bbox 645 564 841 598; x_wconf 79' lang='grc' dir='ltr'>ἀπηλλάττετο.</span> <span class='ocrx_word' id='word_1_89' title='bbox 865 573 874 589; x_wconf 93' lang='lat'>1</span> <span class='ocrx_word' id='word_1_90' title='bbox 897 563 960 589; x_wconf 77' lang='grc' dir='ltr'>’Λπ-</span> 
     </span>
    </p>
   </div>
   <div class='ocr_carea' id='block_1_14' title="bbox 171 608 958 645">
    <p class='ocr_par' dir='ltr' id='par_1_14' title="bbox 171 608 958 645">
     <span class='ocr_line' id='line_1_14' title="bbox 171 608 958 645; baseline 0 -9"><span class='ocrx_word' id='word_1_91' title='bbox 171 611 277 636; x_wconf 79' lang='grc' dir='ltr'>έκτεινε</span> <span class='ocrx_word' id='word_1_92' title='bbox 293 610 357 644; x_wconf 76' lang='grc' dir='ltr'>γὰρ,</span> <span class='ocrx_word' id='word_1_93' title='bbox 374 609 466 644; x_wconf 76' lang='grc' dir='ltr'>φησὶν,</span> <span class='ocrx_word' id='word_1_94' title='bbox 481 609 563 636; x_wconf 76' lang='grc' dir='ltr'>αὑτὸν</span> <span class='ocrx_word' id='word_1_95' title='bbox 578 609 678 641; x_wconf 81' lang='grc' dir='ltr'>ὀΘεός.</span> <span class='ocrx_word' id='word_1_96' title='bbox 695 619 704 634; x_wconf 73' lang='grc' dir='ltr'>ι</span> <span class='ocrx_word' id='word_1_97' title='bbox 725 608 791 636; x_wconf 80' lang='grc' dir='ltr'>Εἶτα</span> <span class='ocrx_word' id='word_1_98' title='bbox 807 609 958 645; x_wconf 76' lang='grc' dir='ltr'>προτρέπει</span> 
     </span>
    </p>
   </div>
   <div class='ocr_carea' id='block_1_15' title="bbox 171 654 959 691">
    <p class='ocr_par' dir='ltr' id='par_1_15' title="bbox 171 654 959 691">
     <span class='ocr_line' id='line_1_15' title="bbox 171 654 959 691; baseline -0.001 -9"><span class='ocrx_word' id='word_1_99' title='bbox 171 656 219 682; x_wconf 82' lang='grc' dir='ltr'>τὸν</span> <span class='ocrx_word' id='word_1_100' title='bbox 231 655 345 682; x_wconf 78' lang='grc' dir='ltr'>Αύνᾶνὸ</span> <span class='ocrx_word' id='word_1_101' title='bbox 362 656 470 691; x_wconf 82' lang='grc' dir='ltr'>πατὴρ,</span> <span class='ocrx_word' id='word_1_102' title='bbox 490 657 523 691; x_wconf 86' lang='grc' dir='ltr'>τῇ</span> <span class='ocrx_word' id='word_1_103' title='bbox 541 654 588 682; x_wconf 85' lang='grc' dir='ltr'>τοῦ</span> <span class='ocrx_word' id='word_1_104' title='bbox 604 654 720 689; x_wconf 77' lang='grc' dir='ltr'>ἀδελφοῦ</span> <span class='ocrx_word' id='word_1_105' title='bbox 742 654 959 689; x_wconf 76' lang='grc' dir='ltr'>συγκατευνάζε-</span> 
     </span>
    </p>
   </div>
   <div class='ocr_carea' id='block_1_16' title="bbox 173 699 959 736">
    <p class='ocr_par' dir='ltr' id='par_1_16' title="bbox 173 699 959 736">
     <span class='ocr_line' id='line_1_16' title="bbox 173 699 959 736; baseline -0.001 -10"><span class='ocrx_word' id='word_1_106' title='bbox 173 700 234 727; x_wconf 81' lang='grc' dir='ltr'>σθαι</span> <span class='ocrx_word' id='word_1_107' title='bbox 249 701 376 735; x_wconf 74' lang='grc' dir='ltr'>γυναικὶ,</span> <span class='ocrx_word' id='word_1_108' title='bbox 397 700 444 727; x_wconf 67' lang='grc' dir='ltr'>καὶ</span> <span class='ocrx_word' id='word_1_109' title='bbox 468 700 619 736; x_wconf 74' lang='grc' dir='ltr'>ἀναστῆσαι</span> <span class='ocrx_word' id='word_1_110' title='bbox 643 700 755 735; x_wconf 81' lang='grc' dir='ltr'>σπέρμα</span> <span class='ocrx_word' id='word_1_111' title='bbox 776 699 816 734; x_wconf 87' lang='grc' dir='ltr'>τῷ</span> <span class='ocrx_word' id='word_1_112' title='bbox 836 707 959 734; x_wconf 81' lang='grc' dir='ltr'>κατοιχο-</span> 
     </span>
    </p>
   </div>
   <div class='ocr_carea' id='block_1_17' title="bbox 173 744 959 781">
    <p class='ocr_par' dir='ltr' id='par_1_17' title="bbox 173 744 959 781">
     <span class='ocr_line' id='line_1_17' title="bbox 173 744 959 781; baseline -0.004 -8"><span class='ocrx_word' id='word_1_113' title='bbox 173 745 255 781; x_wconf 82' lang='grc' dir='ltr'>μένῳ.</span> <span class='ocrx_word' id='word_1_114' title='bbox 269 745 300 773; x_wconf 85' lang='grc' dir='ltr'><strong>Ὀ</strong></span> <span class='ocrx_word' id='word_1_115' title='bbox 318 745 357 778; x_wconf 76' lang='grc' dir='ltr'>δὲ,</span> <span class='ocrx_word' id='word_1_116' title='bbox 373 745 487 781; x_wconf 77' lang='grc' dir='ltr'>ἐπείπερ</span> <span class='ocrx_word' id='word_1_117' title='bbox 502 745 552 772; x_wconf 83' lang='grc' dir='ltr'>οὐκ</span> <span class='ocrx_word' id='word_1_118' title='bbox 573 745 655 772; x_wconf 83' lang='grc' dir='ltr'>αὑτοῦ</span> <span class='ocrx_word' id='word_1_119' title='bbox 673 753 755 780; x_wconf 81' lang='grc' dir='ltr'>φησιν</span> <span class='ocrx_word' id='word_1_120' title='bbox 770 744 882 779; x_wconf 79' lang='grc' dir='ltr'>ἔμελλεν</span> <span class='ocrx_word' id='word_1_121' title='bbox 900 744 959 770; x_wconf 74' lang='grc' dir='ltr'>ἔσε-</span> 
     </span>
    </p>
   </div>
   <div class='ocr_carea' id='block_1_18' title="bbox 172 790 957 826">
    <p class='ocr_par' dir='ltr' id='par_1_18' title="bbox 172 790 957 826">
     <span class='ocr_line' id='line_1_18' title="bbox 172 790 957 826; baseline -0.004 -8"><span class='ocrx_word' id='word_1_122' title='bbox 172 791 233 818; x_wconf 78' lang='grc' dir='ltr'>σθαι</span> <span class='ocrx_word' id='word_1_123' title='bbox 261 791 291 818; x_wconf 76' lang='grc' dir='ltr'>τὺ</span> <span class='ocrx_word' id='word_1_124' title='bbox 319 790 508 826; x_wconf 83' lang='grc' dir='ltr'>γεννώμενον,</span> <span class='ocrx_word' id='word_1_125' title='bbox 532 791 579 817; x_wconf 77' lang='grc' dir='ltr'>τὸν</span> <span class='ocrx_word' id='word_1_126' title='bbox 609 790 719 817; x_wconf 76' lang='grc' dir='ltr'>συνόδου</span> <span class='ocrx_word' id='word_1_127' title='bbox 752 790 832 825; x_wconf 78' lang='grc' dir='ltr'>νόμον</span> <span class='ocrx_word' id='word_1_128' title='bbox 858 790 957 825; x_wconf 69' lang='grc' dir='ltr'>ἠδίκει,</span> 
     </span>
    </p>
   </div>
   <div class='ocr_carea' id='block_1_19' title="bbox 171 836 957 873">
    <p class='ocr_par' dir='ltr' id='par_1_19' title="bbox 171 836 957 873">
     <span class='ocr_line' id='line_1_19' title="bbox 171 836 957 873; baseline -0.001 -10"><span class='ocrx_word' id='word_1_129' title='bbox 171 837 312 872; x_wconf 78' lang='grc' dir='ltr'>καταχέων</span> <span class='ocrx_word' id='word_1_130' title='bbox 330 839 369 869; x_wconf 87' lang='grc' dir='ltr'>εις</span> <span class='ocrx_word' id='word_1_131' title='bbox 386 839 452 873; x_wconf 84' lang='grc' dir='ltr'>γῆν,</span> <span class='ocrx_word' id='word_1_132' title='bbox 470 837 518 863; x_wconf 72' lang='grc' dir='ltr'>καὶ</span> <span class='ocrx_word' id='word_1_133' title='bbox 533 837 594 872; x_wconf 70' lang='grc' dir='ltr'>οὐχὶ</span> <span class='ocrx_word' id='word_1_134' title='bbox 610 836 710 872; x_wconf 80' lang='grc' dir='ltr'>μᾶλλον</span> <span class='ocrx_word' id='word_1_135' title='bbox 725 836 810 862; x_wconf 70' lang='grc' dir='ltr'>ἐδίδου</span> <span class='ocrx_word' id='word_1_136' title='bbox 824 836 873 871; x_wconf 77' lang='grc' dir='ltr'>τὴν</span> <span class='ocrx_word' id='word_1_137' title='bbox 891 844 957 862; x_wconf 82' lang='grc' dir='ltr'>σπο-</span> 
     </span>
    </p>
   </div>
   <div class='ocr_carea' id='block_1_20' title="bbox 173 879 956 917">
    <p class='ocr_par' dir='ltr' id='par_1_20' title="bbox 173 879 956 917">
     <span class='ocr_line' id='line_1_20' title="bbox 173 879 956 917; baseline -0.003 -8"><span class='ocrx_word' id='word_1_138' title='bbox 173 883 232 917; x_wconf 74' lang='grc' dir='ltr'>ράν.</span> <span class='ocrx_word' id='word_1_139' title='bbox 249 882 388 909; x_wconf 83' lang='grc' dir='ltr'>Διόλλυται</span> <span class='ocrx_word' id='word_1_140' title='bbox 404 882 432 909; x_wconf 82' lang='grc' dir='ltr'>δὲ</span> <span class='ocrx_word' id='word_1_141' title='bbox 455 883 501 909; x_wconf 70' lang='grc' dir='ltr'>καὶ</span> <span class='ocrx_word' id='word_1_142' title='bbox 517 879 596 914; x_wconf 75' lang='grc' dir='ltr'>οὗτος</span> <span class='ocrx_word' id='word_1_143' title='bbox 609 882 690 913; x_wconf 74' lang='grc' dir='ltr'>εὐθὺς</span> <span class='ocrx_word' id='word_1_144' title='bbox 712 882 744 908; x_wconf 80' lang='grc' dir='ltr'>ἐκ</span> <span class='ocrx_word' id='word_1_145' title='bbox 766 881 841 913; x_wconf 78' lang='grc' dir='ltr'>θείας</span> <span class='ocrx_word' id='word_1_146' title='bbox 861 880 956 917; x_wconf 79' lang='grc' dir='ltr'>ὀργῆς.</span> 
     </span>
    </p>
   </div>
   <div class='ocr_carea' id='block_1_21' title="bbox 172 926 957 965">
    <p class='ocr_par' dir='ltr' id='par_1_21' title="bbox 172 926 957 965">
     <span class='ocr_line' id='line_1_21' title="bbox 172 926 957 965; baseline -0.006 -8"><span class='ocrx_word' id='word_1_147' title='bbox 172 926 210 957; x_wconf 60' lang='lat' dir='ltr'>Ob</span> <span class='ocrx_word' id='word_1_148' title='bbox 233 930 395 965; x_wconf 79' lang='grc' dir='ltr'>γεγονότος,</span> <span class='ocrx_word' id='word_1_149' title='bbox 416 929 510 955; x_wconf 77' lang='grc' dir='ltr'>ἐδεδίει</span> <span class='ocrx_word' id='word_1_150' title='bbox 528 929 622 955; x_wconf 68' lang='grc' dir='ltr'>λοιπὸν</span> <span class='ocrx_word' id='word_1_151' title='bbox 639 929 653 955; x_wconf 97' lang='lat'>6</span> <span class='ocrx_word' id='word_1_152' title='bbox 676 927 777 959; x_wconf 82' lang='grc' dir='ltr'>Ἰούδας</span> <span class='ocrx_word' id='word_1_153' title='bbox 798 927 843 954; x_wconf 77' lang='grc' dir='ltr'>τὸν</span> <span class='ocrx_word' id='word_1_154' title='bbox 866 927 957 963; x_wconf 87' lang='grc' dir='ltr'>τρίτον</span> 
     </span>
    </p>
   </div>
   <div class='ocr_carea' id='block_1_22' title="bbox 171 973 959 1017">
    <p class='ocr_par' dir='ltr' id='par_1_22' title="bbox 171 973 959 1017">
     <span class='ocr_line' id='line_1_22' title="bbox 171 973 959 1017; baseline -0.004 -14"><span class='ocrx_word' id='word_1_155' title='bbox 171 977 240 1012; x_wconf 72' lang='grc' dir='ltr'>αὐτῇ</span> <span class='ocrx_word' id='word_1_156' title='bbox 259 975 478 1011; x_wconf 82' lang='grc' dir='ltr'>συγκατοικίζειν</span> <span class='ocrx_word' id='word_1_157' title='bbox 496 975 564 1007; x_wconf 79' lang='grc' dir='ltr'>υἱὸν,</span> <span class='ocrx_word' id='word_1_158' title='bbox 586 975 657 1010; x_wconf 71' lang='grc' dir='ltr'>φημὶ</span> <span class='ocrx_word' id='word_1_159' title='bbox 670 974 702 1009; x_wconf 76' lang='grc' dir='ltr'>δὴ</span> <span class='ocrx_word' id='word_1_160' title='bbox 716 974 760 1017; x_wconf 60' lang='grc' dir='ltr'>τὸν</span> <span class='ocrx_word' id='word_1_161' title='bbox 777 973 888 1009; x_wconf 84' lang='grc' dir='ltr'>Σηλώμ.</span> <span class='ocrx_word' id='word_1_162' title='bbox 905 973 959 1000; x_wconf 77' lang='grc' dir='ltr'>Καὶ</span> 
     </span>
    </p>
   </div>
   <div class='ocr_carea' id='block_1_23' title="bbox 172 1019 960 1058">
    <p class='ocr_par' dir='ltr' id='par_1_23' title="bbox 172 1019 960 1058">
     <span class='ocr_line' id='line_1_23' title="bbox 172 1019 960 1058; baseline -0.004 -8"><span class='ocrx_word' id='word_1_163' title='bbox 172 1024 226 1050; x_wconf 76' lang='grc' dir='ltr'>τῶν</span> <span class='ocrx_word' id='word_1_164' title='bbox 240 1025 279 1055; x_wconf 82' lang='grc' dir='ltr'>εἰς</span> <span class='ocrx_word' id='word_1_165' title='bbox 302 1023 381 1050; x_wconf 82' lang='grc' dir='ltr'>τοῦτο</span> <span class='ocrx_word' id='word_1_166' title='bbox 401 1023 536 1057; x_wconf 82' lang='grc' dir='ltr'>δειμάτων</span> <span class='ocrx_word' id='word_1_167' title='bbox 553 1023 570 1058; x_wconf 84' lang='grc' dir='ltr'><strong>ἡ</strong></span> <span class='ocrx_word' id='word_1_168' title='bbox 590 1022 726 1058; x_wconf 71' lang='grc' dir='ltr'>πρόφασις</span> <span class='ocrx_word' id='word_1_169' title='bbox 743 1019 787 1057; x_wconf 80' lang='grc' dir='ltr'>ἦν,</span> <span class='ocrx_word' id='word_1_170' title='bbox 810 1031 819 1047; x_wconf 98' lang='lat'>1</span> <span class='ocrx_word' id='word_1_171' title='bbox 838 1021 882 1056; x_wconf 85' lang='grc' dir='ltr'>Μὴ</span> <span class='ocrx_word' id='word_1_172' title='bbox 905 1020 960 1056; x_wconf 84' lang='grc' dir='ltr'>ἄρα</span> 
     </span>
    </p>
   </div>
   <div class='ocr_carea' id='block_1_24' title="bbox 172 1065 959 1101">
    <p class='ocr_par' dir='ltr' id='par_1_24' title="bbox 172 1065 959 1101">
     <span class='ocr_line' id='line_1_24' title="bbox 172 1065 959 1101; baseline -0.004 -7"><span class='ocrx_word' id='word_1_173' title='bbox 172 1076 230 1099; x_wconf 78' lang='grc' dir='ltr'>πως</span> <span class='ocrx_word' id='word_1_174' title='bbox 254 1067 301 1094; x_wconf 79' lang='grc' dir='ltr'>καὶ</span> <span class='ocrx_word' id='word_1_175' title='bbox 326 1067 407 1099; x_wconf 73' lang='grc' dir='ltr'>αὐτὸς</span> <span class='ocrx_word' id='word_1_176' title='bbox 432 1067 577 1098; x_wconf 79' lang='grc' dir='ltr'>ἀπόλοιτο,</span> <span class='ocrx_word' id='word_1_177' title='bbox 607 1075 617 1092; x_wconf 84' lang='grc'><strong>›</strong></span> <span class='ocrx_word' id='word_1_178' title='bbox 647 1066 740 1101; x_wconf 74' lang='grc' dir='ltr'>φησίν.</span> <span class='ocrx_word' id='word_1_179' title='bbox 770 1066 904 1092; x_wconf 77' lang='grc' dir='ltr'>Ἐποιεῖτο</span> <span class='ocrx_word' id='word_1_180' title='bbox 931 1065 959 1092; x_wconf 76' lang='grc' dir='ltr'>δὲ</span> 
     </span>
    </p>
   </div>
   <div class='ocr_carea' id='block_1_25' title="bbox 172 1111 960 1149">
    <p class='ocr_par' dir='ltr' id='par_1_25' title="bbox 172 1111 960 1149">
     <span class='ocr_line' id='line_1_25' title="bbox 172 1111 960 1149; baseline -0.003 -9"><span class='ocrx_word' id='word_1_181' title='bbox 172 1113 271 1149; x_wconf 70' lang='grc' dir='ltr'>ακῆψιν</span> <span class='ocrx_word' id='word_1_182' title='bbox 290 1112 336 1139; x_wconf 84' lang='grc' dir='ltr'>τοῦ</span> <span class='ocrx_word' id='word_1_183' title='bbox 354 1112 390 1148; x_wconf 87' lang='grc' dir='ltr'>μὴ</span> <span class='ocrx_word' id='word_1_184' title='bbox 408 1113 506 1148; x_wconf 82' lang='grc' dir='ltr'>χρῆναι</span> <span class='ocrx_word' id='word_1_185' title='bbox 524 1111 646 1148; x_wconf 78' lang='grc' dir='ltr'>πληροῦν</span> <span class='ocrx_word' id='word_1_186' title='bbox 669 1112 714 1138; x_wconf 69' lang='grc' dir='ltr'>τον</span> <span class='ocrx_word' id='word_1_187' title='bbox 737 1112 841 1147; x_wconf 81' lang='grc' dir='ltr'>γάμον,</span> <span class='ocrx_word' id='word_1_188' title='bbox 862 1112 892 1138; x_wconf 79' lang='grc' dir='ltr'>τὸ</span> <span class='ocrx_word' id='word_1_189' title='bbox 910 1112 960 1146; x_wconf 79' lang='grc' dir='ltr'>τῆς</span> 
     </span>
    </p>
   </div>
   <div class='ocr_carea' id='block_1_26' title="bbox 171 1156 958 1195">
    <p class='ocr_par' dir='ltr' id='par_1_26' title="bbox 171 1156 958 1195">
     <span class='ocr_line' id='line_1_26' title="bbox 171 1156 958 1195; baseline -0.003 -9"><span class='ocrx_word' id='word_1_190' title='bbox 171 1159 217 1186; x_wconf 79' lang='grc' dir='ltr'>τοῦ</span> <span class='ocrx_word' id='word_1_191' title='bbox 233 1159 328 1191; x_wconf 78' lang='grc' dir='ltr'>παιδὸς</span> <span class='ocrx_word' id='word_1_192' title='bbox 342 1159 451 1195; x_wconf 80' lang='grc' dir='ltr'>ἡλικίας</span> <span class='ocrx_word' id='word_1_193' title='bbox 474 1159 572 1194; x_wconf 84' lang='grc' dir='ltr'>κομιδῇ</span> <span class='ocrx_word' id='word_1_194' title='bbox 597 1157 693 1194; x_wconf 81' lang='grc' dir='ltr'>βραχύ.</span> <span class='ocrx_word' id='word_1_195' title='bbox 711 1156 778 1185; x_wconf 86' lang='grc' dir='ltr'>Εἷπε</span> <span class='ocrx_word' id='word_1_196' title='bbox 793 1158 864 1194; x_wconf 76' lang='grc' dir='ltr'>γὰρ,</span> <span class='ocrx_word' id='word_1_197' title='bbox 882 1158 958 1193; x_wconf 75' lang='grc' dir='ltr'>φησὶ,</span> 
     </span>
    </p>
   </div>
   <div class='ocr_carea' id='block_1_27' title="bbox 170 1203 961 1243">
    <p class='ocr_par' dir='ltr' id='par_1_27' title="bbox 170 1203 961 1243">
     <span class='ocr_line' id='line_1_27' title="bbox 170 1203 961 1243; baseline -0.005 -9"><span class='ocrx_word' id='word_1_198' title='bbox 170 1208 204 1243; x_wconf 76' lang='grc' dir='ltr'>τῇ</span> <span class='ocrx_word' id='word_1_199' title='bbox 218 1206 311 1243; x_wconf 75' lang='grc' dir='ltr'>νύμφῃ</span> <span class='ocrx_word' id='word_1_200' title='bbox 326 1205 419 1233; x_wconf 80' lang='grc' dir='ltr'>αὑτοῦ·</span> <span class='ocrx_word' id='word_1_201' title='bbox 438 1215 447 1231; x_wconf 73' lang='grc' dir='ltr'>ι</span> <span class='ocrx_word' id='word_1_202' title='bbox 461 1205 552 1232; x_wconf 81' lang='grc' dir='ltr'>Κάθου</span> <span class='ocrx_word' id='word_1_203' title='bbox 573 1205 646 1240; x_wconf 76' lang='grc' dir='ltr'>χήρα</span> <span class='ocrx_word' id='word_1_204' title='bbox 663 1205 692 1231; x_wconf 81' lang='grc' dir='ltr'>ὲν</span> <span class='ocrx_word' id='word_1_205' title='bbox 711 1204 749 1239; x_wconf 83' lang='grc' dir='ltr'>τῷ</span> <span class='ocrx_word' id='word_1_206' title='bbox 765 1203 832 1239; x_wconf 75' lang='grc' dir='ltr'>οἴκῳ</span> <span class='ocrx_word' id='word_1_207' title='bbox 846 1203 893 1230; x_wconf 82' lang='grc' dir='ltr'>τοῦ</span> <span class='ocrx_word' id='word_1_208' title='bbox 907 1212 961 1230; x_wconf 84' lang='grc' dir='ltr'>πα-</span> 
     </span>
    </p>
   </div>
   <div class='ocr_carea' id='block_1_28' title="bbox 170 1250 957 1290">
    <p class='ocr_par' dir='ltr' id='par_1_28' title="bbox 170 1250 957 1290">
     <span class='ocr_line' id='line_1_28' title="bbox 170 1250 957 1290; baseline -0.005 -10"><span class='ocrx_word' id='word_1_209' title='bbox 170 1254 235 1290; x_wconf 83' lang='grc' dir='ltr'>τρός</span> <span class='ocrx_word' id='word_1_210' title='bbox 257 1262 319 1285; x_wconf 88' lang='grc' dir='ltr'>σου,</span> <span class='ocrx_word' id='word_1_211' title='bbox 342 1252 394 1284; x_wconf 69' lang='grc' dir='ltr'>ἕως</span> <span class='ocrx_word' id='word_1_212' title='bbox 412 1252 498 1287; x_wconf 79' lang='grc' dir='ltr'>μέγας</span> <span class='ocrx_word' id='word_1_213' title='bbox 515 1251 628 1287; x_wconf 78' lang='grc' dir='ltr'>γένηται</span> <span class='ocrx_word' id='word_1_214' title='bbox 645 1250 744 1286; x_wconf 84' lang='grc' dir='ltr'>Σηλὼμ</span> <span class='ocrx_word' id='word_1_215' title='bbox 757 1251 771 1277; x_wconf 88' lang='lat'>6</span> <span class='ocrx_word' id='word_1_216' title='bbox 793 1251 850 1281; x_wconf 83' lang='grc' dir='ltr'>υἱός</span> <span class='ocrx_word' id='word_1_217' title='bbox 867 1259 927 1285; x_wconf 86' lang='grc' dir='ltr'>μου.</span> <span class='ocrx_word' id='word_1_218' title='bbox 946 1258 957 1276; x_wconf 71' lang='grc' dir='ltr'>ι</span> 
     </span>
    </p>
   </div>
   <div class='ocr_carea' id='block_1_29' title="bbox 170 1293 960 1336">
    <p class='ocr_par' dir='ltr' id='par_1_29' title="bbox 170 1293 960 1336">
     <span class='ocr_line' id='line_1_29' title="bbox 170 1293 960 1336; baseline -0.008 -8"><span class='ocrx_word' id='word_1_219' title='bbox 170 1300 240 1328; x_wconf 61' lang='lat' dir='ltr'>Eine</span> <span class='ocrx_word' id='word_1_220' title='bbox 254 1300 325 1336; x_wconf 82' lang='grc' dir='ltr'>γάρ·</span> <span class='ocrx_word' id='word_1_221' title='bbox 346 1309 354 1324; x_wconf 78' lang='grc' dir='ltr'>ι</span> <span class='ocrx_word' id='word_1_222' title='bbox 373 1300 418 1334; x_wconf 84' lang='grc' dir='ltr'>Μή</span> <span class='ocrx_word' id='word_1_223' title='bbox 440 1307 506 1324; x_wconf 83' lang='grc' dir='ltr'>ποτε</span> <span class='ocrx_word' id='word_1_224' title='bbox 522 1298 647 1334; x_wconf 81' lang='grc' dir='ltr'>ἀποθάνῃ</span> <span class='ocrx_word' id='word_1_225' title='bbox 662 1297 708 1323; x_wconf 71' lang='grc' dir='ltr'>καὶ</span> <span class='ocrx_word' id='word_1_226' title='bbox 722 1293 813 1329; x_wconf 65' lang='grc' dir='ltr'>οὗτος,</span> <span class='ocrx_word' id='word_1_227' title='bbox 829 1296 924 1332; x_wconf 82' lang='grc' dir='ltr'>ὥσπερ</span> <span class='ocrx_word' id='word_1_228' title='bbox 935 1296 960 1324; x_wconf 76' lang='lat' dir='ltr'>ot</span> 
     </span>
    </p>
   </div>
   <div class='ocr_carea' id='block_1_30' title="bbox 170 1342 960 1380">
    <p class='ocr_par' dir='ltr' id='par_1_30' title="bbox 170 1342 960 1380">
     <span class='ocr_line' id='line_1_30' title="bbox 170 1342 960 1380; baseline -0.006 -7"><span class='ocrx_word' id='word_1_229' title='bbox 170 1346 281 1380; x_wconf 79' lang='grc' dir='ltr'>ἀδελφοὶ</span> <span class='ocrx_word' id='word_1_230' title='bbox 294 1344 388 1372; x_wconf 74' lang='grc' dir='ltr'>αὑτοῦ.</span> <span class='ocrx_word' id='word_1_231' title='bbox 403 1353 412 1370; x_wconf 72' lang='grc' dir='ltr'>ι</span> <span class='ocrx_word' id='word_1_232' title='bbox 436 1342 606 1370; x_wconf 71' lang='grc' dir='ltr'>Ἀπελθοῦσα</span> <span class='ocrx_word' id='word_1_233' title='bbox 622 1343 650 1369; x_wconf 74' lang='grc' dir='ltr'>δὲ</span> <span class='ocrx_word' id='word_1_234' title='bbox 667 1342 765 1378; x_wconf 65' lang='grc' dir='ltr'>Θάμαρ</span> <span class='ocrx_word' id='word_1_235' title='bbox 785 1342 913 1377; x_wconf 71' lang='grc' dir='ltr'>ἐκάθητο,</span> <span class='ocrx_word' id='word_1_236' title='bbox 931 1342 960 1368; x_wconf 82' lang='grc' dir='ltr'>ὲν</span> 
     </span>
    </p>
   </div>
   <div class='ocr_carea' id='block_1_31' title="bbox 171 1386 964 1428">
    <p class='ocr_par' dir='ltr' id='par_1_31' title="bbox 171 1386 964 1428">
     <span class='ocr_line' id='line_1_31' title="bbox 171 1386 964 1428; baseline -0.008 -8"><span class='ocrx_word' id='word_1_237' title='bbox 171 1393 209 1428; x_wconf 81' lang='grc' dir='ltr'>τῷ</span> <span class='ocrx_word' id='word_1_238' title='bbox 223 1394 288 1428; x_wconf 79' lang='grc' dir='ltr'>οῐκῳ</span> <span class='ocrx_word' id='word_1_239' title='bbox 304 1391 350 1418; x_wconf 83' lang='grc' dir='ltr'>τοῦ</span> <span class='ocrx_word' id='word_1_240' title='bbox 370 1390 475 1426; x_wconf 69' lang='grc' dir='ltr'>πατρὸς</span> <span class='ocrx_word' id='word_1_241' title='bbox 494 1390 591 1424; x_wconf 79' lang='grc' dir='ltr'>αὐτῆς.</span> <span class='ocrx_word' id='word_1_242' title='bbox 607 1386 675 1415; x_wconf 84' lang='grc' dir='ltr'>Εἶτα</span> <span class='ocrx_word' id='word_1_243' title='bbox 696 1388 792 1424; x_wconf 76' lang='grc' dir='ltr'>καιροῦ</span> <span class='ocrx_word' id='word_1_244' title='bbox 806 1388 964 1423; x_wconf 85' lang='grc' dir='ltr'>διαγεγονό-</span> 
     </span>
    </p>
   </div>
   <div class='ocr_carea' id='block_1_32' title="bbox 171 1433 958 1473">
    <p class='ocr_par' dir='ltr' id='par_1_32' title="bbox 171 1433 958 1473">
     <span class='ocr_line' id='line_1_32' title="bbox 171 1433 958 1473; baseline -0.008 -7"><span class='ocrx_word' id='word_1_245' title='bbox 171 1448 229 1472; x_wconf 79' lang='grc' dir='ltr'>τος,</span> <span class='ocrx_word' id='word_1_246' title='bbox 246 1437 443 1473; x_wconf 75' lang='grc' dir='ltr'>δεδυσφόρηκεν</span> <span class='ocrx_word' id='word_1_247' title='bbox 465 1438 481 1472; x_wconf 85' lang='grc' dir='ltr'><strong>ή</strong></span> <span class='ocrx_word' id='word_1_248' title='bbox 504 1436 604 1471; x_wconf 74' lang='grc' dir='ltr'>Θάμαρ</span> <span class='ocrx_word' id='word_1_249' title='bbox 623 1435 670 1462; x_wconf 77' lang='grc' dir='ltr'>ἐπὶ</span> <span class='ocrx_word' id='word_1_250' title='bbox 681 1435 719 1470; x_wconf 84' lang='grc' dir='ltr'>τῷ</span> <span class='ocrx_word' id='word_1_251' title='bbox 744 1433 892 1470; x_wconf 81' lang='grc' dir='ltr'>μελλησμῴ</span> <span class='ocrx_word' id='word_1_252' title='bbox 911 1433 958 1461; x_wconf 83' lang='grc' dir='ltr'>τοῦ</span> 
     </span>
    </p>
   </div>
   <div class='ocr_carea' id='block_1_33' title="bbox 171 1479 960 1519">
    <p class='ocr_par' dir='ltr' id='par_1_33' title="bbox 171 1479 960 1519">
     <span class='ocr_line' id='line_1_33' title="bbox 171 1479 960 1519; baseline -0.009 -7"><span class='ocrx_word' id='word_1_253' title='bbox 171 1484 271 1519; x_wconf 77' lang='grc' dir='ltr'>γάμου.</span> <span class='ocrx_word' id='word_1_254' title='bbox 291 1483 402 1518; x_wconf 76' lang='grc' dir='ltr'>Συνίηςι</span> <span class='ocrx_word' id='word_1_255' title='bbox 418 1482 446 1509; x_wconf 78' lang='grc' dir='ltr'>δὲ</span> <span class='ocrx_word' id='word_1_256' title='bbox 464 1481 515 1518; x_wconf 76' lang='grc' dir='ltr'>ήδη</span> <span class='ocrx_word' id='word_1_257' title='bbox 533 1490 600 1513; x_wconf 83' lang='grc' dir='ltr'>πως,</span> <span class='ocrx_word' id='word_1_258' title='bbox 618 1480 655 1512; x_wconf 84' lang='grc' dir='ltr'>ὡς</span> <span class='ocrx_word' id='word_1_259' title='bbox 674 1481 725 1506; x_wconf 76' lang='grc' dir='ltr'>οὐκ</span> <span class='ocrx_word' id='word_1_260' title='bbox 743 1480 776 1506; x_wconf 84' lang='grc' dir='ltr'>ἂν</span> <span class='ocrx_word' id='word_1_261' title='bbox 797 1480 866 1506; x_wconf 72' lang='grc' dir='ltr'>οἴςει</span> <span class='ocrx_word' id='word_1_262' title='bbox 891 1479 960 1515; x_wconf 83' lang='grc' dir='ltr'>πρὸς</span> 
     </span>
    </p>
   </div>
   <div class='ocr_carea' id='block_1_34' title="bbox 172 1526 960 1566">
    <p class='ocr_par' dir='ltr' id='par_1_34' title="bbox 172 1526 960 1566">
     <span class='ocr_line' id='line_1_34' title="bbox 172 1526 960 1566; baseline -0.009 -8"><span class='ocrx_word' id='word_1_263' title='bbox 172 1531 259 1566; x_wconf 77' lang='grc' dir='ltr'>πέρας</span> <span class='ocrx_word' id='word_1_264' title='bbox 271 1530 340 1566; x_wconf 80' lang='grc' dir='ltr'>αὐτῇ</span> <span class='ocrx_word' id='word_1_265' title='bbox 354 1529 384 1556; x_wconf 79' lang='grc' dir='ltr'>τὸ</span> <span class='ocrx_word' id='word_1_266' title='bbox 399 1527 603 1563; x_wconf 73' lang='grc' dir='ltr'>ἐπηγγελμένον</span> <span class='ocrx_word' id='word_1_267' title='bbox 615 1528 629 1554; x_wconf 88' lang='lat'>6</span> <span class='ocrx_word' id='word_1_268' title='bbox 646 1526 792 1562; x_wconf 81' lang='grc' dir='ltr'>κηδεστής.</span> <span class='ocrx_word' id='word_1_269' title='bbox 804 1526 960 1560; x_wconf 82' lang='grc' dir='ltr'>Σκήπτεται</span> 
     </span>
    </p>
   </div>
   <div class='ocr_carea' id='block_1_35' title="bbox 171 1571 960 1611">
    <p class='ocr_par' dir='ltr' id='par_1_35' title="bbox 171 1571 960 1611">
     <span class='ocr_line' id='line_1_35' title="bbox 171 1571 960 1611; baseline -0.009 -7"><span class='ocrx_word' id='word_1_270' title='bbox 171 1576 311 1611; x_wconf 73' lang='grc' dir='ltr'>δὲμᾶλλον</span> <span class='ocrx_word' id='word_1_271' title='bbox 333 1574 468 1606; x_wconf 76' lang='grc' dir='ltr'>ἀνατιθεὶς</span> <span class='ocrx_word' id='word_1_272' title='bbox 485 1575 525 1605; x_wconf 77' lang='grc' dir='ltr'>εἰς</span> <span class='ocrx_word' id='word_1_273' title='bbox 546 1573 695 1608; x_wconf 73' lang='grc' dir='ltr'>ὑπέρθεσιν</span> <span class='ocrx_word' id='word_1_274' title='bbox 715 1573 763 1598; x_wconf 76' lang='grc' dir='ltr'>καὶ</span> <span class='ocrx_word' id='word_1_275' title='bbox 786 1573 826 1603; x_wconf 83' lang='grc' dir='ltr'>είς</span> <span class='ocrx_word' id='word_1_276' title='bbox 848 1571 960 1603; x_wconf 75' lang='grc' dir='ltr'>ἐλπίδας</span> 
     </span>
    </p>
   </div>
   <div class='ocr_carea' id='block_1_36' title="bbox 172 1617 962 1658">
    <p class='ocr_par' dir='ltr' id='par_1_36' title="bbox 172 1617 962 1658">
     <span class='ocr_line' id='line_1_36' title="bbox 172 1617 962 1658; baseline -0.006 -9"><span class='ocrx_word' id='word_1_277' title='bbox 172 1622 223 1650; x_wconf 83' lang='grc' dir='ltr'>οὐκ</span> <span class='ocrx_word' id='word_1_278' title='bbox 244 1621 375 1658; x_wconf 68' lang='grc' dir='ltr'>ἑπομένας</span> <span class='ocrx_word' id='word_1_279' title='bbox 390 1629 418 1647; x_wconf 86' lang='grc' dir='ltr'>το</span> <span class='ocrx_word' id='word_1_280' title='bbox 437 1619 633 1656; x_wconf 77' lang='grc' dir='ltr'>προσδοκηθὲν.</span> <span class='ocrx_word' id='word_1_281' title='bbox 650 1619 705 1645; x_wconf 73' lang='grc' dir='ltr'>Καὶ</span> <span class='ocrx_word' id='word_1_282' title='bbox 726 1619 751 1644; x_wconf 86' lang='grc' dir='ltr'>τί</span> <span class='ocrx_word' id='word_1_283' title='bbox 772 1617 804 1653; x_wconf 82' lang='grc' dir='ltr'>δὴ</span> <span class='ocrx_word' id='word_1_284' title='bbox 826 1618 879 1653; x_wconf 82' lang='grc' dir='ltr'>ἄρα</span> <span class='ocrx_word' id='word_1_285' title='bbox 894 1618 962 1653; x_wconf 63' lang='grc' dir='ltr'>πρὸξ</span> 
     </span>
    </p>
   </div>
   <div class='ocr_carea' id='block_1_37' title="bbox 172 1664 961 1705">
    <p class='ocr_par' dir='ltr' id='par_1_37' title="bbox 172 1664 961 1705">
     <span class='ocr_line' id='line_1_37' title="bbox 172 1664 961 1705; baseline -0.009 -9"><span class='ocrx_word' id='word_1_286' title='bbox 172 1671 253 1696; x_wconf 82' lang='grc' dir='ltr'>τοῦτο</span> <span class='ocrx_word' id='word_1_287' title='bbox 278 1669 432 1705; x_wconf 76' lang='grc' dir='ltr'>μηχανᾶται</span> <span class='ocrx_word' id='word_1_288' title='bbox 453 1667 562 1700; x_wconf 81' lang='grc' dir='ltr'>λοιπόν;</span> <span class='ocrx_word' id='word_1_289' title='bbox 591 1675 600 1692; x_wconf 74' lang='grc' dir='ltr'>ι</span> <span class='ocrx_word' id='word_1_290' title='bbox 628 1664 802 1700; x_wconf 78' lang='grc' dir='ltr'>’Λπηγγέλη,</span> <span class='ocrx_word' id='word_1_291' title='bbox 830 1665 911 1698; x_wconf 74' lang='grc' dir='ltr'>φησὶ,</span> <span class='ocrx_word' id='word_1_292' title='bbox 928 1665 961 1700; x_wconf 84' lang='grc' dir='ltr'>τῇ</span> 
     </span>
    </p>
   </div>
   <div class='ocr_carea' id='block_1_38' title="bbox 173 1710 962 1752">
    <p class='ocr_par' dir='ltr' id='par_1_38' title="bbox 173 1710 962 1752">
     <span class='ocr_line' id='line_1_38' title="bbox 173 1710 962 1752; baseline -0.01 -8"><span class='ocrx_word' id='word_1_293' title='bbox 173 1717 274 1752; x_wconf 71' lang='grc' dir='ltr'>Θάμαρ</span> <span class='ocrx_word' id='word_1_294' title='bbox 293 1717 326 1751; x_wconf 82' lang='grc' dir='ltr'>τῇ</span> <span class='ocrx_word' id='word_1_295' title='bbox 345 1714 439 1751; x_wconf 70' lang='grc' dir='ltr'>νύμφῃ</span> <span class='ocrx_word' id='word_1_296' title='bbox 457 1712 550 1745; x_wconf 82' lang='grc' dir='ltr'>αὑτοῦ,</span> <span class='ocrx_word' id='word_1_297' title='bbox 568 1713 705 1746; x_wconf 84' lang='grc' dir='ltr'>λέγοντες·</span> <span class='ocrx_word' id='word_1_298' title='bbox 727 1711 791 1739; x_wconf 80' lang='grc' dir='ltr'>Ἰδοὺ</span> <span class='ocrx_word' id='word_1_299' title='bbox 804 1712 818 1737; x_wconf 88' lang='lat'>6</span> <span class='ocrx_word' id='word_1_300' title='bbox 833 1710 962 1746; x_wconf 81' lang='grc' dir='ltr'>πενθερός</span> 
     </span>
    </p>
   </div>
   <div class='ocr_carea' id='block_1_39' title="bbox 174 1755 959 1795">
    <p class='ocr_par' dir='ltr' id='par_1_39' title="bbox 174 1755 959 1795">
     <span class='ocr_line' id='line_1_39' title="bbox 174 1755 959 1795; baseline -0.01 -5"><span class='ocrx_word' id='word_1_301' title='bbox 174 1772 222 1791; x_wconf 86' lang='grc' dir='ltr'>σου</span> <span class='ocrx_word' id='word_1_302' title='bbox 237 1761 376 1790; x_wconf 77' lang='grc' dir='ltr'>ἁναὸαίνει</span> <span class='ocrx_word' id='word_1_303' title='bbox 394 1761 433 1792; x_wconf 84' lang='grc' dir='ltr'>είς</span> <span class='ocrx_word' id='word_1_304' title='bbox 445 1759 540 1795; x_wconf 72' lang='grc' dir='ltr'>Θαμνὰ</span> <span class='ocrx_word' id='word_1_305' title='bbox 562 1760 653 1794; x_wconf 82' lang='grc' dir='ltr'>κεῖραι</span> <span class='ocrx_word' id='word_1_306' title='bbox 676 1758 711 1785; x_wconf 82' lang='grc' dir='ltr'>τὰ</span> <span class='ocrx_word' id='word_1_307' title='bbox 727 1757 850 1793; x_wconf 73' lang='grc' dir='ltr'>πρόϐατα</span> <span class='ocrx_word' id='word_1_308' title='bbox 866 1755 959 1783; x_wconf 70' lang='grc' dir='ltr'>αὑτοῦ.</span> 
     </span>
    </p>
   </div>
   <div class='ocr_carea' id='block_1_40' title="bbox 173 1803 962 1845">
    <p class='ocr_par' dir='ltr' id='par_1_40' title="bbox 173 1803 962 1845">
     <span class='ocr_line' id='line_1_40' title="bbox 173 1803 962 1845; baseline -0.011 -8"><span class='ocrx_word' id='word_1_309' title='bbox 173 1811 230 1837; x_wconf 72' lang='grc' dir='ltr'>Καὶ</span> <span class='ocrx_word' id='word_1_310' title='bbox 255 1808 432 1845; x_wconf 80' lang='grc' dir='ltr'>περιελομένη</span> <span class='ocrx_word' id='word_1_311' title='bbox 462 1806 497 1833; x_wconf 72' lang='grc' dir='ltr'>τὰ</span> <span class='ocrx_word' id='word_1_312' title='bbox 520 1806 618 1841; x_wconf 79' lang='grc' dir='ltr'>ἱμάτια</span> <span class='ocrx_word' id='word_1_313' title='bbox 646 1805 696 1840; x_wconf 74' lang='grc' dir='ltr'>τῆς</span> <span class='ocrx_word' id='word_1_314' title='bbox 727 1804 885 1840; x_wconf 76' lang='grc' dir='ltr'>χηρεύσεως</span> <span class='ocrx_word' id='word_1_315' title='bbox 914 1803 962 1837; x_wconf 77' lang='grc' dir='ltr'>ἀφ’</span> 
     </span>
    </p>
   </div>
   <div class='ocr_carea' id='block_1_41' title="bbox 175 1850 960 1892">
    <p class='ocr_par' dir='ltr' id='par_1_41' title="bbox 175 1850 960 1892">
     <span class='ocr_line' id='line_1_41' title="bbox 175 1850 960 1892; baseline -0.011 -8"><span class='ocrx_word' id='word_1_316' title='bbox 175 1857 284 1892; x_wconf 76' lang='grc' dir='ltr'>ἑαυτῆς,</span> <span class='ocrx_word' id='word_1_317' title='bbox 290 1864 324 1882; x_wconf 88' lang='grc' dir='ltr'>πε</span> <span class='ocrx_word' id='word_1_318' title='bbox 330 1855 422 1891; x_wconf 76' lang='grc' dir='ltr'>ριεΰάλ</span> <span class='ocrx_word' id='word_1_319' title='bbox 430 1853 467 1890; x_wconf 73' lang='grc' dir='ltr'>[λ]</span> <span class='ocrx_word' id='word_1_320' title='bbox 475 1861 519 1880; x_wconf 85' lang='grc' dir='ltr'>ετο</span> <span class='ocrx_word' id='word_1_321' title='bbox 526 1852 678 1887; x_wconf 77' lang='grc' dir='ltr'>θέριστρον,</span> <span class='ocrx_word' id='word_1_322' title='bbox 689 1851 735 1877; x_wconf 73' lang='grc' dir='ltr'>καὶ</span> <span class='ocrx_word' id='word_1_323' title='bbox 745 1850 960 1883; x_wconf 73' lang='grc' dir='ltr'>ὲκαλλωττίςατο,</span> 
     </span>
    </p>
   </div>
   <div class='ocr_carea' id='block_1_42' title="bbox 175 1896 962 1937">
    <p class='ocr_par' dir='ltr' id='par_1_42' title="bbox 175 1896 962 1937">
     <span class='ocr_line' id='line_1_42' title="bbox 175 1896 962 1937; baseline -0.011 -7"><span class='ocrx_word' id='word_1_324' title='bbox 175 1905 223 1930; x_wconf 73' lang='grc' dir='ltr'>καὶ</span> <span class='ocrx_word' id='word_1_325' title='bbox 244 1903 363 1937; x_wconf 73' lang='grc' dir='ltr'>ἐκάθητο</span> <span class='ocrx_word' id='word_1_326' title='bbox 389 1902 457 1937; x_wconf 67' lang='grc' dir='ltr'>πρὸς</span> <span class='ocrx_word' id='word_1_327' title='bbox 478 1901 537 1931; x_wconf 80' lang='grc' dir='ltr'>ταῖς</span> <span class='ocrx_word' id='word_1_328' title='bbox 559 1898 657 1929; x_wconf 79' lang='grc' dir='ltr'>πύλαις</span> <span class='ocrx_word' id='word_1_329' title='bbox 680 1897 781 1928; x_wconf 78' lang='grc' dir='ltr'>Λίνὰν,</span> <span class='ocrx_word' id='word_1_330' title='bbox 804 1896 820 1932; x_wconf 80' lang='grc' dir='ltr'>ἤ</span> <span class='ocrx_word' id='word_1_331' title='bbox 842 1896 914 1922; x_wconf 79' lang='grc' dir='ltr'>ἐστιν</span> <span class='ocrx_word' id='word_1_332' title='bbox 934 1896 962 1921; x_wconf 80' lang='grc' dir='ltr'>ὲν</span> 
     </span>
    </p>
   </div>
   <div class='ocr_carea' id='block_1_43' title="bbox 175 1941 963 1986">
    <p class='ocr_par' dir='ltr' id='par_1_43' title="bbox 175 1941 963 1986">
     <span class='ocr_line' id='line_1_43' title="bbox 175 1941 963 1986; baseline -0.013 -9"><span class='ocrx_word' id='word_1_333' title='bbox 175 1950 287 1986; x_wconf 74' lang='grc' dir='ltr'>παρόδῳ</span> <span class='ocrx_word' id='word_1_334' title='bbox 301 1947 409 1984; x_wconf 76' lang='grc' dir='ltr'>Θαμνὰ.</span> <span class='ocrx_word' id='word_1_335' title='bbox 435 1945 495 1974; x_wconf 85' lang='grc' dir='ltr'>Εἷδε</span> <span class='ocrx_word' id='word_1_336' title='bbox 512 1946 567 1981; x_wconf 78' lang='grc' dir='ltr'>γὰρ</span> <span class='ocrx_word' id='word_1_337' title='bbox 590 1945 630 1971; x_wconf 78' lang='grc' dir='ltr'>ὅτι</span> <span class='ocrx_word' id='word_1_338' title='bbox 648 1943 736 1980; x_wconf 79' lang='grc' dir='ltr'>μέγας</span> <span class='ocrx_word' id='word_1_339' title='bbox 749 1943 860 1978; x_wconf 78' lang='grc' dir='ltr'>γέγονεν</span> <span class='ocrx_word' id='word_1_340' title='bbox 878 1943 891 1968; x_wconf 90' lang='lat'>6</span> <span class='ocrx_word' id='word_1_341' title='bbox 906 1941 963 1972; x_wconf 66' lang='grc' dir='ltr'>υίὸς</span> 
     </span>
    </p>
   </div>
   <div class='ocr_carea' id='block_1_44' title="bbox 174 1986 963 2030">
    <p class='ocr_par' dir='ltr' id='par_1_44' title="bbox 174 1986 963 2030">
     <span class='ocr_line' id='line_1_44' title="bbox 174 1986 963 2030; baseline -0.014 -7"><span class='ocrx_word' id='word_1_342' title='bbox 174 1995 259 2024; x_wconf 82' lang='grc' dir='ltr'>αὑτοῦ</span> <span class='ocrx_word' id='word_1_343' title='bbox 282 1993 393 2030; x_wconf 75' lang='grc' dir='ltr'>Σηλὼμ,</span> <span class='ocrx_word' id='word_1_344' title='bbox 419 1992 500 2024; x_wconf 77' lang='grc' dir='ltr'>αὐτὸς</span> <span class='ocrx_word' id='word_1_345' title='bbox 526 1991 554 2018; x_wconf 78' lang='grc' dir='ltr'>δὲ</span> <span class='ocrx_word' id='word_1_346' title='bbox 577 1990 626 2017; x_wconf 77' lang='grc' dir='ltr'>οὐκ</span> <span class='ocrx_word' id='word_1_347' title='bbox 653 1990 753 2016; x_wconf 73' lang='grc' dir='ltr'>ἔδωκεν</span> <span class='ocrx_word' id='word_1_348' title='bbox 779 1988 864 2023; x_wconf 79' lang='grc' dir='ltr'>αὐτὴν</span> <span class='ocrx_word' id='word_1_349' title='bbox 888 1986 963 2022; x_wconf 82' lang='grc' dir='ltr'>αὐτῷ</span> 
     </span>
    </p>
   </div>
   <div class='ocr_carea' id='block_1_45' title="bbox 174 2033 962 2078">
    <p class='ocr_par' dir='ltr' id='par_1_45' title="bbox 174 2033 962 2078">
     <span class='ocr_line' id='line_1_45' title="bbox 174 2033 962 2078; baseline -0.014 -9"><span class='ocrx_word' id='word_1_350' title='bbox 174 2042 301 2078; x_wconf 82' lang='grc' dir='ltr'>γυναῖκα.</span> <span class='ocrx_word' id='word_1_351' title='bbox 321 2041 376 2075; x_wconf 60' lang='grc' dir='ltr'>Καὶ.</span> <span class='ocrx_word' id='word_1_352' title='bbox 403 2039 464 2065; x_wconf 82' lang='grc' dir='ltr'>ιδὼν</span> <span class='ocrx_word' id='word_1_353' title='bbox 487 2038 572 2073; x_wconf 73' lang='grc' dir='ltr'>αὐτὴν</span> <span class='ocrx_word' id='word_1_354' title='bbox 595 2038 608 2063; x_wconf 86' lang='lat'>6</span> <span class='ocrx_word' id='word_1_355' title='bbox 636 2035 755 2066; x_wconf 80' lang='grc' dir='ltr'>Ἰούδας,</span> <span class='ocrx_word' id='word_1_356' title='bbox 773 2033 861 2067; x_wconf 77' lang='grc' dir='ltr'>ἔδοξεν</span> <span class='ocrx_word' id='word_1_357' title='bbox 877 2033 962 2068; x_wconf 78' lang='grc' dir='ltr'>αὐτὴν</span> 
     </span>
    </p>
   </div>
   <div class='ocr_carea' id='block_1_46' title="bbox 175 2080 963 2125">
    <p class='ocr_par' dir='ltr' id='par_1_46' title="bbox 175 2080 963 2125">
     <span class='ocr_line' id='line_1_46' title="bbox 175 2080 963 2125; baseline -0.015 -9"><span class='ocrx_word' id='word_1_358' title='bbox 175 2089 280 2125; x_wconf 71' lang='grc' dir='ltr'>πόρνην</span> <span class='ocrx_word' id='word_1_359' title='bbox 296 2085 375 2114; x_wconf 70' lang='grc' dir='ltr'>εἶναι.</span> <span class='ocrx_word' id='word_1_360' title='bbox 391 2084 608 2118; x_wconf 68' lang='grc' dir='ltr'>Κατεκαλύψατο</span> <span class='ocrx_word' id='word_1_361' title='bbox 624 2082 678 2117; x_wconf 79' lang='grc' dir='ltr'>γὰρ</span> <span class='ocrx_word' id='word_1_362' title='bbox 698 2081 727 2125; x_wconf 69' lang='grc' dir='ltr'>τὸ</span> <span class='ocrx_word' id='word_1_363' title='bbox 750 2080 895 2116; x_wconf 75' lang='grc' dir='ltr'>πρόσωπον</span> <span class='ocrx_word' id='word_1_364' title='bbox 914 2088 963 2105; x_wconf 60' lang='grc' dir='ltr'>οια-</span> 
     </span>
    </p>
   </div>
   <div class='ocr_carea' id='block_1_47' title="bbox 175 2124 964 2169">
    <p class='ocr_par' dir='ltr' id='par_1_47' title="bbox 175 2124 964 2169">
     <span class='ocr_line' id='line_1_47' title="bbox 175 2124 964 2169; baseline -0.008 -8"><span class='ocrx_word' id='word_1_365' title='bbox 175 2134 236 2169; x_wconf 79' lang='grc' dir='ltr'>τῆς,</span> <span class='ocrx_word' id='word_1_366' title='bbox 258 2133 305 2160; x_wconf 78' lang='grc' dir='ltr'>καὶ</span> <span class='ocrx_word' id='word_1_367' title='bbox 330 2132 380 2158; x_wconf 79' lang='grc' dir='ltr'>οὐκ</span> <span class='ocrx_word' id='word_1_368' title='bbox 396 2130 504 2164; x_wconf 78' lang='grc' dir='ltr'>ἐπέγνω</span> <span class='ocrx_word' id='word_1_369' title='bbox 527 2128 622 2163; x_wconf 76' lang='grc' dir='ltr'>αὑτήν.</span> <span class='ocrx_word' id='word_1_370' title='bbox 645 2136 654 2152; x_wconf 76' lang='grc' dir='ltr'>ι</span> <span class='ocrx_word' id='word_1_371' title='bbox 681 2124 745 2152; x_wconf 82' lang='grc' dir='ltr'>Εἶτα</span> <span class='ocrx_word' id='word_1_372' title='bbox 771 2124 964 2160; x_wconf 70' lang='grc' dir='ltr'>συνηρπάξετο</span> 
     </span>
    </p>
   </div>
   <div class='ocr_carea' id='block_1_48' title="bbox 177 2174 962 2219">
    <p class='ocr_par' dir='ltr' id='par_1_48' title="bbox 177 2174 962 2219">
     <span class='ocr_line' id='line_1_48' title="bbox 177 2174 962 2219; baseline -0.013 -10"><span class='ocrx_word' id='word_1_373' title='bbox 177 2181 246 2219; x_wconf 72' lang='grc' dir='ltr'>πρὸς</span> <span class='ocrx_word' id='word_1_374' title='bbox 264 2180 421 2216; x_wconf 78' lang='grc' dir='ltr'>ἐπιθυμίαν·</span> <span class='ocrx_word' id='word_1_375' title='bbox 435 2177 556 2206; x_wconf 83' lang='grc' dir='ltr'>αἰτοῦντι</span> <span class='ocrx_word' id='word_1_376' title='bbox 572 2178 600 2204; x_wconf 76' lang='grc' dir='ltr'>δὲ</span> <span class='ocrx_word' id='word_1_377' title='bbox 613 2177 650 2213; x_wconf 80' lang='grc' dir='ltr'>τῷ</span> <span class='ocrx_word' id='word_1_378' title='bbox 667 2176 771 2212; x_wconf 76' lang='grc' dir='ltr'>γυναίῳ</span> <span class='ocrx_word' id='word_1_379' title='bbox 789 2174 962 2212; x_wconf 76' lang='grc' dir='ltr'>μισθώματα,</span> 
     </span>
    </p>
   </div>
   <div class='ocr_carea' id='block_1_49' title="bbox 974 871 994 897">
    <p class='ocr_par' dir='ltr' id='par_1_49' title="bbox 974 871 994 897">
     <span class='ocr_line' id='line_1_49' title="bbox 974 871 994 897; baseline 0 0"><span class='ocrx_word' id='word_1_380' title='bbox 974 871 994 897; x_wconf 82' lang='lat' dir='ltr'>Il</span> 
     </span>
    </p>
   </div>
   <div class='ocr_carea' id='block_1_50' title="bbox 1011 242 1803 278">
    <p class='ocr_par' dir='ltr' id='par_1_50' title="bbox 1011 242 1803 278">
     <span class='ocr_line' id='line_1_50' title="bbox 1011 242 1803 278; baseline 0.004 -9"><span class='ocrx_word' id='word_1_381' title='bbox 1011 250 1128 278; x_wconf 81' lang='lat' dir='ltr'>cumque</span> <span class='ocrx_word' id='word_1_382' title='bbox 1136 243 1317 278; x_wconf 88' lang='lat' dir='ltr'>concepisset,</span> <span class='ocrx_word' id='word_1_383' title='bbox 1326 243 1432 278; x_wconf 89' lang='lat' dir='ltr'>peperit</span> <span class='ocrx_word' id='word_1_384' title='bbox 1442 242 1539 275; x_wconf 82' lang='lat' dir='ltr'>filium,</span> <span class='ocrx_word' id='word_1_385' title='bbox 1550 248 1578 270; x_wconf 91' lang='lat' dir='ltr'>et</span> <span class='ocrx_word' id='word_1_386' title='bbox 1586 243 1693 270; x_wconf 71' lang='lat' dir='ltr'>vocavit</span> <span class='ocrx_word' id='word_1_387' title='bbox 1703 251 1803 272; x_wconf 81' lang='lat' dir='ltr'>nomen</span> 
     </span>
    </p>
   </div>
   <div class='ocr_carea' id='block_1_51' title="bbox 1011 287 1803 323">
    <p class='ocr_par' dir='ltr' id='par_1_51' title="bbox 1011 287 1803 323">
     <span class='ocr_line' id='line_1_51' title="bbox 1011 287 1803 323; baseline -0.001 -8"><span class='ocrx_word' id='word_1_388' title='bbox 1011 288 1070 323; x_wconf 90' lang='lat' dir='ltr'>ejus</span> <span class='ocrx_word' id='word_1_389' title='bbox 1079 289 1142 315; x_wconf 86' lang='lat' dir='ltr'>Her.</span> <span class='ocrx_word' id='word_1_390' title='bbox 1153 289 1186 316; x_wconf 86' lang='lat' dir='ltr'>Et</span> <span class='ocrx_word' id='word_1_391' title='bbox 1195 296 1289 316; x_wconf 83' lang='lat' dir='ltr'>rursus</span> <span class='ocrx_word' id='word_1_392' title='bbox 1300 287 1435 323; x_wconf 78' lang='lat' dir='ltr'>concepit,</span> <span class='ocrx_word' id='word_1_393' title='bbox 1446 288 1605 323; x_wconf 80' lang='lat' dir='ltr'>peperitque</span> <span class='ocrx_word' id='word_1_394' title='bbox 1617 287 1712 319; x_wconf 81' lang='lat' dir='ltr'>lilium,</span> <span class='ocrx_word' id='word_1_395' title='bbox 1722 295 1803 323; x_wconf 87' lang='lat' dir='ltr'>quem</span> 
     </span>
    </p>
   </div>
   <div class='ocr_carea' id='block_1_52' title="bbox 1011 333 1803 368">
    <p class='ocr_par' dir='ltr' id='par_1_52' title="bbox 1011 333 1803 368">
     <span class='ocr_line' id='line_1_52' title="bbox 1011 333 1803 368; baseline 0.001 -8"><span class='ocrx_word' id='word_1_396' title='bbox 1011 334 1117 361; x_wconf 76' lang='lat' dir='ltr'>vocarit</span> <span class='ocrx_word' id='word_1_397' title='bbox 1137 335 1244 362; x_wconf 82' lang='lat' dir='ltr'>Aunan.</span> <span class='ocrx_word' id='word_1_398' title='bbox 1266 334 1300 362; x_wconf 84' lang='lat' dir='ltr'>Et</span> <span class='ocrx_word' id='word_1_399' title='bbox 1316 334 1405 361; x_wconf 88' lang='lat' dir='ltr'>adhuc</span> <span class='ocrx_word' id='word_1_400' title='bbox 1423 333 1530 368; x_wconf 80' lang='lat' dir='ltr'>peperit</span> <span class='ocrx_word' id='word_1_401' title='bbox 1545 333 1641 365; x_wconf 86' lang='lat' dir='ltr'>lilium,</span> <span class='ocrx_word' id='word_1_402' title='bbox 1663 334 1740 368; x_wconf 88' lang='lat' dir='ltr'>cujus</span> <span class='ocrx_word' id='word_1_403' title='bbox 1753 341 1803 361; x_wconf 84' lang='lat' dir='ltr'>no-</span> 
     </span>
    </p>
   </div>
   <div class='ocr_carea' id='block_1_53' title="bbox 1011 378 1803 416">
    <p class='ocr_par' dir='ltr' id='par_1_53' title="bbox 1011 378 1803 416">
     <span class='ocr_line' id='line_1_53' title="bbox 1011 378 1803 416; baseline -0.001 -9"><span class='ocrx_word' id='word_1_404' title='bbox 1011 388 1073 407; x_wconf 90' lang='lat' dir='ltr'>men</span> <span class='ocrx_word' id='word_1_405' title='bbox 1089 381 1180 408; x_wconf 84' lang='lat' dir='ltr'>Selom</span> <span class='ocrx_word' id='word_1_406' title='bbox 1206 381 1238 408; x_wconf 75' lang='grc' dir='ltr'>ιτ.</span> <span class='ocrx_word' id='word_1_407' title='bbox 1257 390 1265 406; x_wconf 73' lang='grc' dir='ltr'>ι</span> <span class='ocrx_word' id='word_1_408' title='bbox 1287 381 1360 416; x_wconf 82' lang='lat' dir='ltr'>Ergo</span> <span class='ocrx_word' id='word_1_409' title='bbox 1373 380 1400 407; x_wconf 87' lang='lat' dir='ltr'>hi</span> <span class='ocrx_word' id='word_1_410' title='bbox 1416 385 1473 408; x_wconf 89' lang='lat' dir='ltr'>tres</span> <span class='ocrx_word' id='word_1_411' title='bbox 1494 379 1543 407; x_wconf 83' lang='lat' dir='ltr'>filii</span> <span class='ocrx_word' id='word_1_412' title='bbox 1565 384 1630 406; x_wconf 90' lang='lat' dir='ltr'>sunt</span> <span class='ocrx_word' id='word_1_413' title='bbox 1645 379 1701 406; x_wconf 89' lang='lat' dir='ltr'>nati</span> <span class='ocrx_word' id='word_1_414' title='bbox 1716 378 1803 407; x_wconf 68' lang='lat' dir='ltr'>Judze.</span> 
     </span>
    </p>
   </div>
   <div class='ocr_carea' id='block_1_54' title="bbox 1013 425 1805 462">
    <p class='ocr_par' dir='ltr' id='par_1_54' title="bbox 1013 425 1805 462">
     <span class='ocr_line' id='line_1_54' title="bbox 1013 425 1805 462; baseline 0 -8"><span class='ocrx_word' id='word_1_415' title='bbox 1013 427 1092 462; x_wconf 68' lang='grc'>194.</span> <span class='ocrx_word' id='word_1_416' title='bbox 1113 427 1260 462; x_wconf 73' lang='lat' dir='ltr'>Postquam</span> <span class='ocrx_word' id='word_1_417' title='bbox 1281 432 1373 457; x_wconf 85' lang='lat' dir='ltr'>autem</span> <span class='ocrx_word' id='word_1_418' title='bbox 1393 426 1581 454; x_wconf 66' lang='lat' dir='ltr'>adolescentes</span> <span class='ocrx_word' id='word_1_419' title='bbox 1609 431 1746 453; x_wconf 88' lang='lat' dir='ltr'>venerunt</span> <span class='ocrx_word' id='word_1_420' title='bbox 1771 425 1805 454; x_wconf 77' lang='lat' dir='ltr'>ad</span> 
     </span>
    </p>
   </div>
   <div class='ocr_carea' id='block_1_55' title="bbox 1010 471 1806 507">
    <p class='ocr_par' dir='ltr' id='par_1_55' title="bbox 1010 471 1806 507">
     <span class='ocr_line' id='line_1_55' title="bbox 1010 471 1806 507; baseline 0 -9"><span class='ocrx_word' id='word_1_421' title='bbox 1010 472 1194 506; x_wconf 69' lang='lat' dir='ltr'>pubertatem,</span> <span class='ocrx_word' id='word_1_422' title='bbox 1219 472 1304 500; x_wconf 83' lang='lat' dir='ltr'>Judas</span> <span class='ocrx_word' id='word_1_423' title='bbox 1327 472 1447 499; x_wconf 80' lang='lat' dir='ltr'><strong>Thamar</strong></span> <span class='ocrx_word' id='word_1_424' title='bbox 1470 471 1655 507; x_wconf 78' lang='lat' dir='ltr'>primogenita</span> <span class='ocrx_word' id='word_1_425' title='bbox 1679 479 1738 504; x_wconf 89' lang='lat' dir='ltr'>suo,</span> <span class='ocrx_word' id='word_1_426' title='bbox 1753 471 1806 499; x_wconf 88' lang='lat' dir='ltr'>hoc</span> 
     </span>
    </p>
   </div>
   <div class='ocr_carea' id='block_1_56' title="bbox 1010 516 1807 553">
    <p class='ocr_par' dir='ltr' id='par_1_56' title="bbox 1010 516 1807 553">
     <span class='ocr_line' id='line_1_56' title="bbox 1010 516 1807 553; baseline 0 -9"><span class='ocrx_word' id='word_1_427' title='bbox 1010 522 1061 551; x_wconf 84' lang='lat' dir='ltr'>est,</span> <span class='ocrx_word' id='word_1_428' title='bbox 1075 517 1139 550; x_wconf 90' lang='lat' dir='ltr'>Iler,</span> <span class='ocrx_word' id='word_1_429' title='bbox 1159 518 1307 553; x_wconf 83' lang='lat' dir='ltr'>copulavit.</span> <span class='ocrx_word' id='word_1_430' title='bbox 1321 517 1391 545; x_wconf 89' lang='lat' dir='ltr'>Cum</span> <span class='ocrx_word' id='word_1_431' title='bbox 1403 521 1494 544; x_wconf 89' lang='lat' dir='ltr'>autem</span> <span class='ocrx_word' id='word_1_432' title='bbox 1506 521 1580 545; x_wconf 83' lang='lat' dir='ltr'>esset</span> <span class='ocrx_word' id='word_1_433' title='bbox 1594 517 1683 544; x_wconf 89' lang='lat' dir='ltr'>malus</span> <span class='ocrx_word' id='word_1_434' title='bbox 1698 516 1726 544; x_wconf 88' lang='lat' dir='ltr'>in</span> <span class='ocrx_word' id='word_1_435' title='bbox 1740 524 1807 544; x_wconf 88' lang='lat' dir='ltr'>ocu-</span> 
     </span>
    </p>
   </div>
   <div class='ocr_carea' id='block_1_57' title="bbox 1009 561 1806 596">
    <p class='ocr_par' dir='ltr' id='par_1_57' title="bbox 1009 561 1806 596">
     <span class='ocr_line' id='line_1_57' title="bbox 1009 561 1806 596; baseline -0.003 -5"><span class='ocrx_word' id='word_1_436' title='bbox 1009 561 1043 591; x_wconf 84' lang='lat' dir='ltr'>lis</span> <span class='ocrx_word' id='word_1_437' title='bbox 1063 564 1122 596; x_wconf 92' lang='lat' dir='ltr'>Dei,</span> <span class='ocrx_word' id='word_1_438' title='bbox 1146 565 1232 591; x_wconf 89' lang='lat' dir='ltr'>orbus</span> <span class='ocrx_word' id='word_1_439' title='bbox 1254 564 1381 592; x_wconf 79' lang='lat' dir='ltr'>decessit.</span> <span class='ocrx_word' id='word_1_440' title='bbox 1399 573 1408 589; x_wconf 90' lang='lat'>1</span> <span class='ocrx_word' id='word_1_441' title='bbox 1423 563 1529 592; x_wconf 84' lang='lat' dir='ltr'>Occidit</span> <span class='ocrx_word' id='word_1_442' title='bbox 1555 563 1638 595; x_wconf 89' lang='lat' dir='ltr'>enim,</span> <span class='ocrx_word' id='word_1_443' title='bbox 1655 563 1703 596; x_wconf 86' lang='lat' dir='ltr'>ait,</span> <span class='ocrx_word' id='word_1_444' title='bbox 1727 563 1806 590; x_wconf 90' lang='lat' dir='ltr'>illum</span> 
     </span>
    </p>
   </div>
   <div class='ocr_carea' id='block_1_58' title="bbox 1009 609 1805 643">
    <p class='ocr_par' dir='ltr' id='par_1_58' title="bbox 1009 609 1805 643">
     <span class='ocr_line' id='line_1_58' title="bbox 1009 609 1805 643; baseline -0.001 -6"><span class='ocrx_word' id='word_1_445' title='bbox 1009 610 1122 638; x_wconf 76' lang='lat' dir='ltr'>Deus”.</span> <span class='ocrx_word' id='word_1_446' title='bbox 1138 620 1148 637; x_wconf 67' lang='grc' dir='ltr'>ι</span> <span class='ocrx_word' id='word_1_447' title='bbox 1176 611 1280 638; x_wconf 88' lang='lat' dir='ltr'>Deinde</span> <span class='ocrx_word' id='word_1_448' title='bbox 1310 611 1437 638; x_wconf 84' lang='lat' dir='ltr'>hortatur</span> <span class='ocrx_word' id='word_1_449' title='bbox 1454 612 1573 643; x_wconf 80' lang='lat' dir='ltr'>Aunan,</span> <span class='ocrx_word' id='word_1_450' title='bbox 1606 614 1636 638; x_wconf 90' lang='lat' dir='ltr'>ut</span> <span class='ocrx_word' id='word_1_451' title='bbox 1656 617 1717 637; x_wconf 90' lang='lat' dir='ltr'>cum</span> <span class='ocrx_word' id='word_1_452' title='bbox 1748 609 1805 637; x_wconf 83' lang='lat' dir='ltr'>fra-</span> 
     </span>
    </p>
   </div>
   <div class='ocr_carea' id='block_1_59' title="bbox 1009 655 1805 691">
    <p class='ocr_par' dir='ltr' id='par_1_59' title="bbox 1009 655 1805 691">
     <span class='ocr_line' id='line_1_59' title="bbox 1009 655 1805 691; baseline 0 -9"><span class='ocrx_word' id='word_1_453' title='bbox 1009 656 1059 683; x_wconf 92' lang='lat' dir='ltr'>tris</span> <span class='ocrx_word' id='word_1_454' title='bbox 1074 664 1158 684; x_wconf 79' lang='lat' dir='ltr'>uxore</span> <span class='ocrx_word' id='word_1_455' title='bbox 1170 657 1344 689; x_wconf 81' lang='lat' dir='ltr'>concumbat,</span> <span class='ocrx_word' id='word_1_456' title='bbox 1369 657 1538 691; x_wconf 86' lang='lat' dir='ltr'>suscitetque</span> <span class='ocrx_word' id='word_1_457' title='bbox 1557 664 1652 684; x_wconf 82' lang='lat' dir='ltr'>semen</span> <span class='ocrx_word' id='word_1_458' title='bbox 1676 655 1805 683; x_wconf 85' lang='lat' dir='ltr'>defuncto</span> 
     </span>
    </p>
   </div>
   <div class='ocr_carea' id='block_1_60' title="bbox 1008 701 1805 736">
    <p class='ocr_par' dir='ltr' id='par_1_60' title="bbox 1008 701 1805 736">
     <span class='ocr_line' id='line_1_60' title="bbox 1008 701 1805 736; baseline 0 -8"><span class='ocrx_word' id='word_1_459' title='bbox 1008 701 1095 729; x_wconf 89' lang='lat' dir='ltr'>fratri.</span> <span class='ocrx_word' id='word_1_460' title='bbox 1114 702 1167 730; x_wconf 88' lang='lat' dir='ltr'>Sed</span> <span class='ocrx_word' id='word_1_461' title='bbox 1187 702 1233 730; x_wconf 86' lang='lat' dir='ltr'>hic</span> <span class='ocrx_word' id='word_1_462' title='bbox 1252 710 1315 730; x_wconf 87' lang='lat' dir='ltr'>cum</span> <span class='ocrx_word' id='word_1_463' title='bbox 1340 703 1446 730; x_wconf 87' lang='lat' dir='ltr'>diceret</span> <span class='ocrx_word' id='word_1_464' title='bbox 1471 710 1526 730; x_wconf 88' lang='lat' dir='ltr'>non</span> <span class='ocrx_word' id='word_1_465' title='bbox 1555 702 1614 729; x_wconf 87' lang='lat' dir='ltr'>fore</span> <span class='ocrx_word' id='word_1_466' title='bbox 1636 709 1716 729; x_wconf 92' lang='lat' dir='ltr'>suum</span> <span class='ocrx_word' id='word_1_467' title='bbox 1732 701 1805 736; x_wconf 86' lang='lat' dir='ltr'>quod</span> 
     </span>
    </p>
   </div>
   <div class='ocr_carea' id='block_1_61' title="bbox 1009 747 1806 783">
    <p class='ocr_par' dir='ltr' id='par_1_61' title="bbox 1009 747 1806 783">
     <span class='ocr_line' id='line_1_61' title="bbox 1009 747 1806 783; baseline -0.001 -8"><span class='ocrx_word' id='word_1_468' title='bbox 1009 752 1178 780; x_wconf 87' lang='lat' dir='ltr'>nasceretur,</span> <span class='ocrx_word' id='word_1_469' title='bbox 1199 748 1311 776; x_wconf 78' lang='lat' dir='ltr'>violavit</span> <span class='ocrx_word' id='word_1_470' title='bbox 1340 749 1427 783; x_wconf 76' lang='lat' dir='ltr'>legem</span> <span class='ocrx_word' id='word_1_471' title='bbox 1455 748 1629 783; x_wconf 82' lang='lat' dir='ltr'>procreandi,</span> <span class='ocrx_word' id='word_1_472' title='bbox 1662 747 1806 775; x_wconf 74' lang='lat' dir='ltr'>effundens</span> 
     </span>
    </p>
   </div>
   <div class='ocr_carea' id='block_1_62' title="bbox 1009 793 1803 829">
    <p class='ocr_par' dir='ltr' id='par_1_62' title="bbox 1009 793 1803 829">
     <span class='ocr_line' id='line_1_62' title="bbox 1009 793 1803 829; baseline -0.001 -8"><span class='ocrx_word' id='word_1_473' title='bbox 1009 801 1102 821; x_wconf 88' lang='lat' dir='ltr'>semen</span> <span class='ocrx_word' id='word_1_474' title='bbox 1121 794 1149 820; x_wconf 89' lang='lat' dir='ltr'>in</span> <span class='ocrx_word' id='word_1_475' title='bbox 1165 798 1266 821; x_wconf 86' lang='lat' dir='ltr'>terram</span> <span class='ocrx_word' id='word_1_476' title='bbox 1279 803 1286 820; x_wconf 93' lang='lat'>:</span> <span class='ocrx_word' id='word_1_477' title='bbox 1299 801 1351 821; x_wconf 91' lang='lat' dir='ltr'>nee</span> <span class='ocrx_word' id='word_1_478' title='bbox 1364 794 1403 821; x_wconf 91' lang='lat' dir='ltr'>illi</span> <span class='ocrx_word' id='word_1_479' title='bbox 1418 794 1573 829; x_wconf 83' lang='lat' dir='ltr'>impertitus</span> <span class='ocrx_word' id='word_1_480' title='bbox 1586 799 1638 821; x_wconf 89' lang='lat' dir='ltr'>est.</span> <span class='ocrx_word' id='word_1_481' title='bbox 1654 793 1803 821; x_wconf 77' lang='lat' dir='ltr'>Confestim</span> 
     </span>
    </p>
   </div>
   <div class='ocr_carea' id='block_1_63' title="bbox 1009 839 1801 875">
    <p class='ocr_par' dir='ltr' id='par_1_63' title="bbox 1009 839 1801 875">
     <span class='ocr_line' id='line_1_63' title="bbox 1009 839 1801 875; baseline 0.003 -9"><span class='ocrx_word' id='word_1_482' title='bbox 1009 839 1093 874; x_wconf 82' lang='lat' dir='ltr'>igitur</span> <span class='ocrx_word' id='word_1_483' title='bbox 1120 840 1202 875; x_wconf 89' lang='lat' dir='ltr'>periit</span> <span class='ocrx_word' id='word_1_484' title='bbox 1228 840 1310 867; x_wconf 91' lang='lat' dir='ltr'>etiam</span> <span class='ocrx_word' id='word_1_485' title='bbox 1330 841 1381 867; x_wconf 90' lang='lat' dir='ltr'>iste</span> <span class='ocrx_word' id='word_1_486' title='bbox 1404 848 1438 867; x_wconf 77' lang='lat' dir='ltr'>ex</span> <span class='ocrx_word' id='word_1_487' title='bbox 1466 840 1558 868; x_wconf 88' lang='lat' dir='ltr'>divina</span> <span class='ocrx_word' id='word_1_488' title='bbox 1578 840 1628 868; x_wconf 92' lang='lat' dir='ltr'>ira.</span> <span class='ocrx_word' id='word_1_489' title='bbox 1646 840 1705 874; x_wconf 89' lang='lat' dir='ltr'>Quo</span> <span class='ocrx_word' id='word_1_490' title='bbox 1720 841 1801 872; x_wconf 87' lang='lat' dir='ltr'>facto.</span> 
     </span>
    </p>
   </div>
   <div class='ocr_carea' id='block_1_64' title="bbox 1011 886 1803 921">
    <p class='ocr_par' dir='ltr' id='par_1_64' title="bbox 1011 886 1803 921">
     <span class='ocr_line' id='line_1_64' title="bbox 1011 886 1803 921; baseline 0.003 -8"><span class='ocrx_word' id='word_1_491' title='bbox 1011 886 1124 913; x_wconf 82' lang='lat' dir='ltr'>timebat</span> <span class='ocrx_word' id='word_1_492' title='bbox 1135 887 1264 921; x_wconf 89' lang='lat' dir='ltr'>deinceps</span> <span class='ocrx_word' id='word_1_493' title='bbox 1279 887 1363 914; x_wconf 80' lang='lat' dir='ltr'>ludas</span> <span class='ocrx_word' id='word_1_494' title='bbox 1377 887 1404 914; x_wconf 91' lang='lat' dir='ltr'>ei</span> <span class='ocrx_word' id='word_1_495' title='bbox 1418 887 1527 914; x_wconf 87' lang='lat' dir='ltr'>tertium</span> <span class='ocrx_word' id='word_1_496' title='bbox 1538 887 1634 919; x_wconf 77' lang='lat' dir='ltr'>filium,</span> <span class='ocrx_word' id='word_1_497' title='bbox 1647 887 1748 920; x_wconf 87' lang='lat' dir='ltr'>Selom,</span> <span class='ocrx_word' id='word_1_498' title='bbox 1763 887 1803 915; x_wconf 90' lang='lat' dir='ltr'>in-</span> 
     </span>
    </p>
   </div>
   <div class='ocr_carea' id='block_1_65' title="bbox 1011 932 1801 968">
    <p class='ocr_par' dir='ltr' id='par_1_65' title="bbox 1011 932 1801 968">
     <span class='ocr_line' id='line_1_65' title="bbox 1011 932 1801 968; baseline 0.004 -10"><span class='ocrx_word' id='word_1_499' title='bbox 1011 939 1103 967; x_wconf 85' lang='lat' dir='ltr'>quam,</span> <span class='ocrx_word' id='word_1_500' title='bbox 1129 932 1288 968; x_wconf 81' lang='lat' dir='ltr'>adjungere.</span> <span class='ocrx_word' id='word_1_501' title='bbox 1312 932 1401 967; x_wconf 82' lang='lat' dir='ltr'>Atque</span> <span class='ocrx_word' id='word_1_502' title='bbox 1424 933 1483 960; x_wconf 57' lang='lat' dir='ltr'>hac</span> <span class='ocrx_word' id='word_1_503' title='bbox 1503 937 1561 960; x_wconf 77' lang='lat' dir='ltr'>erat</span> <span class='ocrx_word' id='word_1_504' title='bbox 1582 937 1670 960; x_wconf 87' lang='lat' dir='ltr'>metus</span> <span class='ocrx_word' id='word_1_505' title='bbox 1684 934 1801 961; x_wconf 82' lang='lat' dir='ltr'>occasio.</span> 
     </span>
    </p>
   </div>
   <div class='ocr_carea' id='block_1_66' title="bbox 1010 978 1801 1014">
    <p class='ocr_par' dir='ltr' id='par_1_66' title="bbox 1010 978 1801 1014">
     <span class='ocr_line' id='line_1_66' title="bbox 1010 978 1801 1014; baseline 0.001 -9"><span class='ocrx_word' id='word_1_506' title='bbox 1010 978 1140 1005; x_wconf 83' lang='lat' dir='ltr'>Aitenim</span> <span class='ocrx_word' id='word_1_507' title='bbox 1157 982 1248 1006; x_wconf 76' lang='lat' dir='ltr'>textus</span> <span class='ocrx_word' id='word_1_508' title='bbox 1264 987 1270 1005; x_wconf 89' lang='lat'>:</span> <span class='ocrx_word' id='word_1_509' title='bbox 1290 989 1299 1004; x_wconf 86' lang='grc'><strong>‹</strong></span> <span class='ocrx_word' id='word_1_510' title='bbox 1312 979 1463 1014; x_wconf 85' lang='lat' dir='ltr'>Nequando</span> <span class='ocrx_word' id='word_1_511' title='bbox 1475 983 1504 1006; x_wconf 87' lang='lat' dir='ltr'>et</span> <span class='ocrx_word' id='word_1_512' title='bbox 1524 979 1570 1007; x_wconf 87' lang='lat' dir='ltr'>hic</span> <span class='ocrx_word' id='word_1_513' title='bbox 1587 979 1726 1014; x_wconf 85' lang='lat' dir='ltr'>dispereat</span> <span class='ocrx_word' id='word_1_514' title='bbox 1741 980 1773 1007; x_wconf 68' lang='lat'>‘9.</span> <span class='ocrx_word' id='word_1_515' title='bbox 1792 991 1801 1006; x_wconf 77' lang='grc' dir='ltr'>ι</span> 
     </span>
    </p>
   </div>
   <div class='ocr_carea' id='block_1_67' title="bbox 1011 1022 1805 1059">
    <p class='ocr_par' dir='ltr' id='par_1_67' title="bbox 1011 1022 1805 1059">
     <span class='ocr_line' id='line_1_67' title="bbox 1011 1022 1805 1059; baseline 0.005 -10"><span class='ocrx_word' id='word_1_516' title='bbox 1011 1022 1064 1049; x_wconf 86' lang='lat' dir='ltr'>Sed</span> <span class='ocrx_word' id='word_1_517' title='bbox 1086 1024 1144 1058; x_wconf 90' lang='lat' dir='ltr'>ipse</span> <span class='ocrx_word' id='word_1_518' title='bbox 1163 1024 1312 1059; x_wconf 86' lang='lat' dir='ltr'>quominus</span> <span class='ocrx_word' id='word_1_519' title='bbox 1339 1024 1489 1052; x_wconf 83' lang='lat' dir='ltr'>conﬁceret</span> <span class='ocrx_word' id='word_1_520' title='bbox 1510 1025 1632 1059; x_wconf 80' lang='lat' dir='ltr'>nuptias,</span> <span class='ocrx_word' id='word_1_521' title='bbox 1658 1025 1805 1053; x_wconf 78' lang='lat' dir='ltr'>excusabat</span> 
     </span>
    </p>
   </div>
   <div class='ocr_carea' id='block_1_68' title="bbox 1010 1070 1806 1106">
    <p class='ocr_par' dir='ltr' id='par_1_68' title="bbox 1010 1070 1806 1106">
     <span class='ocr_line' id='line_1_68' title="bbox 1010 1070 1806 1106; baseline 0 -8"><span class='ocrx_word' id='word_1_522' title='bbox 1010 1071 1089 1106; x_wconf 85' lang='lat' dir='ltr'>pueri</span> <span class='ocrx_word' id='word_1_523' title='bbox 1102 1075 1221 1104; x_wconf 80' lang='lat' dir='ltr'>aetatem,</span> <span class='ocrx_word' id='word_1_524' title='bbox 1235 1070 1309 1105; x_wconf 92' lang='lat' dir='ltr'>quod</span> <span class='ocrx_word' id='word_1_525' title='bbox 1322 1071 1429 1098; x_wconf 86' lang='lat' dir='ltr'>scilicet</span> <span class='ocrx_word' id='word_1_526' title='bbox 1442 1071 1465 1097; x_wconf 92' lang='lat' dir='ltr'>is</span> <span class='ocrx_word' id='word_1_527' title='bbox 1477 1070 1560 1098; x_wconf 90' lang='lat' dir='ltr'>nimis</span> <span class='ocrx_word' id='word_1_528' title='bbox 1572 1072 1704 1105; x_wconf 86' lang='lat' dir='ltr'>parvulus</span> <span class='ocrx_word' id='word_1_529' title='bbox 1733 1075 1806 1099; x_wconf 89' lang='lat' dir='ltr'>esset</span> 
     </span>
    </p>
   </div>
   <div class='ocr_carea' id='block_1_69' title="bbox 1010 1115 1807 1150">
    <p class='ocr_par' dir='ltr' id='par_1_69' title="bbox 1010 1115 1807 1150">
     <span class='ocr_line' id='line_1_69' title="bbox 1010 1115 1807 1150; baseline 0.001 -8"><span class='ocrx_word' id='word_1_530' title='bbox 1010 1120 1039 1143; x_wconf 91' lang='lat' dir='ltr'>et</span> <span class='ocrx_word' id='word_1_531' title='bbox 1052 1115 1162 1149; x_wconf 86' lang='lat' dir='ltr'>ineptus</span> <span class='ocrx_word' id='word_1_532' title='bbox 1175 1115 1209 1142; x_wconf 89' lang='lat' dir='ltr'>ad</span> <span class='ocrx_word' id='word_1_533' title='bbox 1231 1115 1400 1150; x_wconf 80' lang='lat' dir='ltr'>conjugium.</span> <span class='ocrx_word' id='word_1_534' title='bbox 1413 1115 1531 1150; x_wconf 90' lang='lat' dir='ltr'>Ideoque</span> <span class='ocrx_word' id='word_1_535' title='bbox 1551 1115 1621 1142; x_wconf 81' lang='lat' dir='ltr'>dixit</span> <span class='ocrx_word' id='word_1_536' title='bbox 1639 1115 1673 1142; x_wconf 89' lang='lat' dir='ltr'>ad</span> <span class='ocrx_word' id='word_1_537' title='bbox 1688 1115 1807 1143; x_wconf 80' lang='lat' dir='ltr'><strong>Thamar</strong></span> 
     </span>
    </p>
   </div>
   <div class='ocr_carea' id='block_1_70' title="bbox 1010 1161 1806 1197">
    <p class='ocr_par' dir='ltr' id='par_1_70' title="bbox 1010 1161 1806 1197">
     <span class='ocr_line' id='line_1_70' title="bbox 1010 1161 1806 1197; baseline 0.003 -9"><span class='ocrx_word' id='word_1_538' title='bbox 1010 1169 1110 1189; x_wconf 90' lang='lat' dir='ltr'>nurum</span> <span class='ocrx_word' id='word_1_539' title='bbox 1125 1169 1203 1189; x_wconf 90' lang='lat' dir='ltr'>suam</span> <span class='ocrx_word' id='word_1_540' title='bbox 1220 1170 1228 1188; x_wconf 90' lang='lat'><strong>:</strong></span> <span class='ocrx_word' id='word_1_541' title='bbox 1248 1171 1257 1187; x_wconf 92' lang='lat'>1</span> <span class='ocrx_word' id='word_1_542' title='bbox 1277 1161 1343 1188; x_wconf 87' lang='lat' dir='ltr'>Esto</span> <span class='ocrx_word' id='word_1_543' title='bbox 1359 1161 1441 1188; x_wconf 87' lang='lat' dir='ltr'>vidua</span> <span class='ocrx_word' id='word_1_544' title='bbox 1453 1161 1481 1188; x_wconf 92' lang='lat' dir='ltr'>in</span> <span class='ocrx_word' id='word_1_545' title='bbox 1496 1161 1578 1189; x_wconf 91' lang='lat' dir='ltr'>domo</span> <span class='ocrx_word' id='word_1_546' title='bbox 1592 1162 1678 1197; x_wconf 86' lang='lat' dir='ltr'>patris</span> <span class='ocrx_word' id='word_1_547' title='bbox 1693 1161 1744 1194; x_wconf 86' lang='lat' dir='ltr'>tui,</span> <span class='ocrx_word' id='word_1_548' title='bbox 1755 1161 1806 1190; x_wconf 88' lang='lat' dir='ltr'>d0-</span> 
     </span>
    </p>
   </div>
   <div class='ocr_carea' id='block_1_71' title="bbox 1010 1207 1801 1242">
    <p class='ocr_par' dir='ltr' id='par_1_71' title="bbox 1010 1207 1801 1242">
     <span class='ocr_line' id='line_1_71' title="bbox 1010 1207 1801 1242; baseline 0.001 -8"><span class='ocrx_word' id='word_1_549' title='bbox 1010 1214 1062 1235; x_wconf 87' lang='lat' dir='ltr'>nec</span> <span class='ocrx_word' id='word_1_550' title='bbox 1085 1208 1219 1242; x_wconf 87' lang='lat' dir='ltr'>pubescat</span> <span class='ocrx_word' id='word_1_551' title='bbox 1238 1207 1310 1235; x_wconf 82' lang='lat' dir='ltr'>filius</span> <span class='ocrx_word' id='word_1_552' title='bbox 1335 1215 1414 1235; x_wconf 89' lang='lat' dir='ltr'>meus</span> <span class='ocrx_word' id='word_1_553' title='bbox 1441 1207 1532 1235; x_wconf 90' lang='lat' dir='ltr'>Selom</span> <span class='ocrx_word' id='word_1_554' title='bbox 1547 1208 1581 1234; x_wconf 74' lang='grc' dir='ltr'>ευ.</span> <span class='ocrx_word' id='word_1_555' title='bbox 1599 1217 1608 1233; x_wconf 83' lang='grc'><strong>)</strong></span> <span class='ocrx_word' id='word_1_556' title='bbox 1621 1207 1694 1235; x_wconf 84' lang='lat' dir='ltr'>Dixit</span> <span class='ocrx_word' id='word_1_557' title='bbox 1711 1207 1801 1235; x_wconf 88' lang='lat' dir='ltr'>enim:</span> 
     </span>
    </p>
   </div>
   <div class='ocr_carea' id='block_1_72' title="bbox 1014 1252 1803 1288">
    <p class='ocr_par' dir='ltr' id='par_1_72' title="bbox 1014 1252 1803 1288">
     <span class='ocr_line' id='line_1_72' title="bbox 1014 1252 1803 1288; baseline 0 -8"><span class='ocrx_word' id='word_1_558' title='bbox 1014 1262 1024 1279; x_wconf 87' lang='lat'>1</span> <span class='ocrx_word' id='word_1_559' title='bbox 1038 1253 1190 1288; x_wconf 85' lang='lat' dir='ltr'>Nequando</span> <span class='ocrx_word' id='word_1_560' title='bbox 1202 1253 1339 1280; x_wconf 86' lang='lat' dir='ltr'>moriatur</span> <span class='ocrx_word' id='word_1_561' title='bbox 1351 1257 1379 1280; x_wconf 90' lang='lat' dir='ltr'>et</span> <span class='ocrx_word' id='word_1_562' title='bbox 1391 1253 1447 1285; x_wconf 90' lang='lat' dir='ltr'>ille,</span> <span class='ocrx_word' id='word_1_563' title='bbox 1471 1253 1542 1280; x_wconf 84' lang='lat' dir='ltr'>sicut</span> <span class='ocrx_word' id='word_1_564' title='bbox 1556 1252 1654 1280; x_wconf 86' lang='lat' dir='ltr'>fratres</span> <span class='ocrx_word' id='word_1_565' title='bbox 1670 1253 1730 1288; x_wconf 85' lang='lat' dir='ltr'>ejus</span> <span class='ocrx_word' id='word_1_566' title='bbox 1741 1253 1774 1280; x_wconf 83' lang='grc'>²¹.</span> <span class='ocrx_word' id='word_1_567' title='bbox 1793 1262 1803 1279; x_wconf 74' lang='grc' dir='ltr'>ι</span> 
     </span>
    </p>
   </div>
   <div class='ocr_carea' id='block_1_73' title="bbox 1009 1298 1805 1334">
    <p class='ocr_par' dir='ltr' id='par_1_73' title="bbox 1009 1298 1805 1334">
     <span class='ocr_line' id='line_1_73' title="bbox 1009 1298 1805 1334; baseline 0.001 -8"><span class='ocrx_word' id='word_1_568' title='bbox 1009 1298 1137 1334; x_wconf 82' lang='lat' dir='ltr'>Digressa</span> <span class='ocrx_word' id='word_1_569' title='bbox 1156 1303 1248 1326; x_wconf 87' lang='lat' dir='ltr'>autem</span> <span class='ocrx_word' id='word_1_570' title='bbox 1269 1299 1389 1326; x_wconf 86' lang='lat' dir='ltr'>Thamar</span> <span class='ocrx_word' id='word_1_571' title='bbox 1407 1299 1478 1326; x_wconf 88' lang='lat' dir='ltr'>sedit</span> <span class='ocrx_word' id='word_1_572' title='bbox 1499 1299 1527 1326; x_wconf 91' lang='lat' dir='ltr'>in</span> <span class='ocrx_word' id='word_1_573' title='bbox 1542 1299 1624 1326; x_wconf 91' lang='lat' dir='ltr'>domo</span> <span class='ocrx_word' id='word_1_574' title='bbox 1648 1299 1734 1334; x_wconf 87' lang='lat' dir='ltr'>patris</span> <span class='ocrx_word' id='word_1_575' title='bbox 1752 1299 1805 1328; x_wconf 88' lang='lat' dir='ltr'>sui.</span> 
     </span>
    </p>
   </div>
   <div class='ocr_carea' id='block_1_74' title="bbox 1009 1344 1805 1381">
    <p class='ocr_par' dir='ltr' id='par_1_74' title="bbox 1009 1344 1805 1381">
     <span class='ocr_line' id='line_1_74' title="bbox 1009 1344 1805 1381; baseline 0 -9"><span class='ocrx_word' id='word_1_576' title='bbox 1009 1344 1100 1372; x_wconf 87' lang='lat' dir='ltr'>Medio</span> <span class='ocrx_word' id='word_1_577' title='bbox 1116 1348 1178 1380; x_wconf 87' lang='lat' dir='ltr'>post</span> <span class='ocrx_word' id='word_1_578' title='bbox 1203 1350 1326 1380; x_wconf 88' lang='lat' dir='ltr'>tempore</span> <span class='ocrx_word' id='word_1_579' title='bbox 1340 1353 1411 1380; x_wconf 56' lang='lat' dir='ltr'>aegre</span> <span class='ocrx_word' id='word_1_580' title='bbox 1429 1346 1494 1372; x_wconf 86' lang='lat' dir='ltr'>tulit</span> <span class='ocrx_word' id='word_1_581' title='bbox 1508 1353 1612 1372; x_wconf 88' lang='lat' dir='ltr'>moram</span> <span class='ocrx_word' id='word_1_582' title='bbox 1635 1345 1805 1381; x_wconf 87' lang='lat' dir='ltr'>nuptiarum.</span> 
     </span>
    </p>
   </div>
   <div class='ocr_carea' id='block_1_75' title="bbox 1010 1390 1807 1426">
    <p class='ocr_par' dir='ltr' id='par_1_75' title="bbox 1010 1390 1807 1426">
     <span class='ocr_line' id='line_1_75' title="bbox 1010 1390 1807 1426; baseline 0 -8"><span class='ocrx_word' id='word_1_583' title='bbox 1010 1390 1140 1426; x_wconf 82' lang='lat' dir='ltr'>Intelligit</span> <span class='ocrx_word' id='word_1_584' title='bbox 1150 1391 1224 1418; x_wconf 89' lang='lat' dir='ltr'>enim</span> <span class='ocrx_word' id='word_1_585' title='bbox 1244 1399 1277 1418; x_wconf 80' lang='lat' dir='ltr'>ex</span> <span class='ocrx_word' id='word_1_586' title='bbox 1289 1395 1378 1426; x_wconf 87' lang='lat' dir='ltr'>parte,</span> <span class='ocrx_word' id='word_1_587' title='bbox 1391 1391 1464 1426; x_wconf 90' lang='lat' dir='ltr'>quod</span> <span class='ocrx_word' id='word_1_588' title='bbox 1479 1399 1558 1418; x_wconf 89' lang='lat' dir='ltr'>socer</span> <span class='ocrx_word' id='word_1_589' title='bbox 1569 1399 1625 1418; x_wconf 88' lang='lat' dir='ltr'>non</span> <span class='ocrx_word' id='word_1_590' title='bbox 1637 1391 1671 1418; x_wconf 89' lang='lat' dir='ltr'>sit</span> <span class='ocrx_word' id='word_1_591' title='bbox 1687 1391 1807 1426; x_wconf 81' lang='lat' dir='ltr'>promis-</span> 
     </span>
    </p>
   </div>
   <div class='ocr_carea' id='block_1_76' title="bbox 1012 1436 1806 1472">
    <p class='ocr_par' dir='ltr' id='par_1_76' title="bbox 1012 1436 1806 1472">
     <span class='ocr_line' id='line_1_76' title="bbox 1012 1436 1806 1472; baseline 0 -8"><span class='ocrx_word' id='word_1_592' title='bbox 1012 1445 1071 1464; x_wconf 87' lang='lat' dir='ltr'>sum</span> <span class='ocrx_word' id='word_1_593' title='bbox 1083 1437 1135 1472; x_wconf 89' lang='lat' dir='ltr'>ipsi</span> <span class='ocrx_word' id='word_1_594' title='bbox 1148 1437 1333 1472; x_wconf 65' lang='lat' dir='ltr'>pratstiturus,</span> <span class='ocrx_word' id='word_1_595' title='bbox 1347 1436 1395 1464; x_wconf 90' lang='lat' dir='ltr'>sed</span> <span class='ocrx_word' id='word_1_596' title='bbox 1411 1440 1517 1464; x_wconf 86' lang='lat' dir='ltr'>tantum</span> <span class='ocrx_word' id='word_1_597' title='bbox 1533 1441 1666 1471; x_wconf 73' lang='lat' dir='ltr'>praztextu</span> <span class='ocrx_word' id='word_1_598' title='bbox 1678 1436 1806 1471; x_wconf 86' lang='lat' dir='ltr'>quopiam</span> 
     </span>
    </p>
   </div>
   <div class='ocr_carea' id='block_1_77' title="bbox 1012 1482 1807 1518">
    <p class='ocr_par' dir='ltr' id='par_1_77' title="bbox 1012 1482 1807 1518">
     <span class='ocr_line' id='line_1_77' title="bbox 1012 1482 1807 1518; baseline 0 -9"><span class='ocrx_word' id='word_1_599' title='bbox 1012 1486 1115 1514; x_wconf 81' lang='lat' dir='ltr'>utatur,</span> <span class='ocrx_word' id='word_1_600' title='bbox 1133 1490 1188 1518; x_wconf 91' lang='lat' dir='ltr'>quo</span> <span class='ocrx_word' id='word_1_601' title='bbox 1200 1490 1258 1509; x_wconf 90' lang='lat' dir='ltr'>rem</span> <span class='ocrx_word' id='word_1_602' title='bbox 1271 1482 1380 1510; x_wconf 72' lang='lat' dir='ltr'>differat</span> <span class='ocrx_word' id='word_1_603' title='bbox 1399 1486 1482 1516; x_wconf 88' lang='lat' dir='ltr'>atque</span> <span class='ocrx_word' id='word_1_604' title='bbox 1496 1482 1689 1517; x_wconf 86' lang='lat' dir='ltr'>procrastinet,</span> <span class='ocrx_word' id='word_1_605' title='bbox 1709 1482 1807 1517; x_wconf 77' lang='lat' dir='ltr'>ipsam-</span> 
     </span>
    </p>
   </div>
   <div class='ocr_carea' id='block_1_78' title="bbox 974 1527 1807 1570">
    <p class='ocr_par' dir='ltr' id='par_1_78' title="bbox 974 1527 1807 1570">
     <span class='ocr_line' id='line_1_78' title="bbox 974 1527 1807 1570; baseline -0.001 -15"><span class='ocrx_word' id='word_1_606' title='bbox 974 1538 997 1570; x_wconf 71' lang='grc' dir='ltr'>α</span> <span class='ocrx_word' id='word_1_607' title='bbox 1012 1536 1065 1563; x_wconf 89' lang='lat' dir='ltr'>que</span> <span class='ocrx_word' id='word_1_608' title='bbox 1078 1528 1151 1556; x_wconf 87' lang='lat' dir='ltr'>inani</span> <span class='ocrx_word' id='word_1_609' title='bbox 1166 1536 1214 1564; x_wconf 87' lang='lat' dir='ltr'>spe</span> <span class='ocrx_word' id='word_1_610' title='bbox 1235 1529 1318 1556; x_wconf 86' lang='lat' dir='ltr'>Iactet</span> <span class='ocrx_word' id='word_1_611' title='bbox 1335 1532 1363 1556; x_wconf 89' lang='lat' dir='ltr'>et</span> <span class='ocrx_word' id='word_1_612' title='bbox 1389 1528 1595 1555; x_wconf 87' lang='lat' dir='ltr'>circumveniat.</span> <span class='ocrx_word' id='word_1_613' title='bbox 1615 1527 1649 1555; x_wconf 78' lang='lat' dir='ltr'>At</span> <span class='ocrx_word' id='word_1_614' title='bbox 1671 1528 1737 1562; x_wconf 86' lang='lat' dir='ltr'>quid</span> <span class='ocrx_word' id='word_1_615' title='bbox 1749 1528 1807 1562; x_wconf 89' lang='lat' dir='ltr'>ipsa</span> 
     </span>
    </p>
   </div>
   <div class='ocr_carea' id='block_1_79' title="bbox 1014 1575 1805 1610">
    <p class='ocr_par' dir='ltr' id='par_1_79' title="bbox 1014 1575 1805 1610">
     <span class='ocr_line' id='line_1_79' title="bbox 1014 1575 1805 1610; baseline 0.001 -9"><span class='ocrx_word' id='word_1_616' title='bbox 1014 1575 1145 1610; x_wconf 87' lang='lat' dir='ltr'>deinceps</span> <span class='ocrx_word' id='word_1_617' title='bbox 1161 1579 1258 1602; x_wconf 86' lang='lat' dir='ltr'>contra</span> <span class='ocrx_word' id='word_1_618' title='bbox 1270 1575 1323 1602; x_wconf 90' lang='lat' dir='ltr'>hoc</span> <span class='ocrx_word' id='word_1_619' title='bbox 1339 1575 1531 1602; x_wconf 85' lang='lat' dir='ltr'>machinatur?</span> <span class='ocrx_word' id='word_1_620' title='bbox 1553 1585 1562 1601; x_wconf 93' lang='lat'>1</span> <span class='ocrx_word' id='word_1_621' title='bbox 1583 1575 1745 1602; x_wconf 82' lang='lat' dir='ltr'>Nuntiatum</span> <span class='ocrx_word' id='word_1_622' title='bbox 1753 1579 1805 1607; x_wconf 87' lang='lat' dir='ltr'>est,</span> 
     </span>
    </p>
   </div>
   <div class='ocr_carea' id='block_1_80' title="bbox 1013 1621 1807 1656">
    <p class='ocr_par' dir='ltr' id='par_1_80' title="bbox 1013 1621 1807 1656">
     <span class='ocr_line' id='line_1_80' title="bbox 1013 1621 1807 1656; baseline 0 -8"><span class='ocrx_word' id='word_1_623' title='bbox 1013 1621 1061 1653; x_wconf 88' lang='lat' dir='ltr'>ait,</span> <span class='ocrx_word' id='word_1_624' title='bbox 1076 1621 1194 1648; x_wconf 80' lang='lat' dir='ltr'>Thamar</span> <span class='ocrx_word' id='word_1_625' title='bbox 1217 1621 1299 1648; x_wconf 90' lang='lat' dir='ltr'>nurui</span> <span class='ocrx_word' id='word_1_626' title='bbox 1322 1629 1399 1656; x_wconf 81' lang='lat' dir='ltr'>ejus:</span> <span class='ocrx_word' id='word_1_627' title='bbox 1415 1622 1487 1648; x_wconf 76' lang='lat' dir='ltr'>Ecce</span> <span class='ocrx_word' id='word_1_628' title='bbox 1499 1629 1577 1649; x_wconf 89' lang='lat' dir='ltr'>socer</span> <span class='ocrx_word' id='word_1_629' title='bbox 1596 1624 1660 1648; x_wconf 85' lang='lat' dir='ltr'>tuus</span> <span class='ocrx_word' id='word_1_630' title='bbox 1683 1621 1807 1648; x_wconf 88' lang='lat' dir='ltr'>ascendit</span> 
     </span>
    </p>
   </div>
   <div class='ocr_carea' id='block_1_81' title="bbox 1013 1665 1808 1701">
    <p class='ocr_par' dir='ltr' id='par_1_81' title="bbox 1013 1665 1808 1701">
     <span class='ocr_line' id='line_1_81' title="bbox 1013 1665 1808 1701; baseline 0 -7"><span class='ocrx_word' id='word_1_631' title='bbox 1013 1667 1041 1694; x_wconf 91' lang='lat' dir='ltr'>in</span> <span class='ocrx_word' id='word_1_632' title='bbox 1054 1667 1178 1693; x_wconf 86' lang='lat' dir='ltr'>Thamna</span> <span class='ocrx_word' id='word_1_633' title='bbox 1190 1666 1224 1692; x_wconf 89' lang='lat' dir='ltr'>ad</span> <span class='ocrx_word' id='word_1_634' title='bbox 1239 1665 1391 1693; x_wconf 87' lang='lat' dir='ltr'>tondendas</span> <span class='ocrx_word' id='word_1_635' title='bbox 1403 1673 1468 1694; x_wconf 81' lang='lat' dir='ltr'>oves</span> <span class='ocrx_word' id='word_1_636' title='bbox 1480 1674 1552 1693; x_wconf 87' lang='lat' dir='ltr'>suas.</span> <span class='ocrx_word' id='word_1_637' title='bbox 1566 1666 1600 1693; x_wconf 87' lang='lat' dir='ltr'>Et</span> <span class='ocrx_word' id='word_1_638' title='bbox 1611 1665 1743 1701; x_wconf 86' lang='lat' dir='ltr'>depositis</span> <span class='ocrx_word' id='word_1_639' title='bbox 1754 1673 1769 1693; x_wconf 87' lang='lat' dir='ltr'>a</span> <span class='ocrx_word' id='word_1_640' title='bbox 1778 1673 1808 1694; x_wconf 81' lang='lat' dir='ltr'>se</span> 
     </span>
    </p>
   </div>
   <div class='ocr_carea' id='block_1_82' title="bbox 1012 1711 1806 1744">
    <p class='ocr_par' dir='ltr' id='par_1_82' title="bbox 1012 1711 1806 1744">
     <span class='ocr_line' id='line_1_82' title="bbox 1012 1711 1806 1744; baseline -0.001 -4"><span class='ocrx_word' id='word_1_641' title='bbox 1012 1711 1186 1740; x_wconf 81' lang='lat' dir='ltr'>vestimentis</span> <span class='ocrx_word' id='word_1_642' title='bbox 1195 1711 1347 1744; x_wconf 86' lang='lat' dir='ltr'>viduitatis,</span> <span class='ocrx_word' id='word_1_643' title='bbox 1363 1711 1452 1738; x_wconf 87' lang='lat' dir='ltr'>induit</span> <span class='ocrx_word' id='word_1_644' title='bbox 1469 1719 1497 1739; x_wconf 91' lang='lat' dir='ltr'>se</span> <span class='ocrx_word' id='word_1_645' title='bbox 1514 1712 1653 1744; x_wconf 90' lang='lat' dir='ltr'>theristro,</span> <span class='ocrx_word' id='word_1_646' title='bbox 1665 1716 1693 1739; x_wconf 88' lang='lat' dir='ltr'>et</span> <span class='ocrx_word' id='word_1_647' title='bbox 1711 1716 1806 1740; x_wconf 54' lang='lat' dir='ltr'>osten¢</span> 
     </span>
    </p>
   </div>
   <div class='ocr_carea' id='block_1_83' title="bbox 1014 1757 1808 1794">
    <p class='ocr_par' dir='ltr' id='par_1_83' title="bbox 1014 1757 1808 1794">
     <span class='ocr_line' id='line_1_83' title="bbox 1014 1757 1808 1794; baseline -0.003 -8"><span class='ocrx_word' id='word_1_648' title='bbox 1014 1758 1096 1786; x_wconf 87' lang='lat' dir='ltr'>debat</span> <span class='ocrx_word' id='word_1_649' title='bbox 1115 1758 1350 1794; x_wconf 87' lang='lat' dir='ltr'>pulchritudinem</span> <span class='ocrx_word' id='word_1_650' title='bbox 1366 1765 1453 1791; x_wconf 85' lang='lat' dir='ltr'>suam,</span> <span class='ocrx_word' id='word_1_651' title='bbox 1476 1758 1643 1792; x_wconf 82' lang='lat' dir='ltr'>sedebatque</span> <span class='ocrx_word' id='word_1_652' title='bbox 1657 1757 1691 1784; x_wconf 89' lang='lat' dir='ltr'>ad</span> <span class='ocrx_word' id='word_1_653' title='bbox 1714 1762 1808 1792; x_wconf 69' lang='lat' dir='ltr'>portas</span> 
     </span>
    </p>
   </div>
   <div class='ocr_carea' id='block_1_84' title="bbox 1013 1804 1807 1840">
    <p class='ocr_par' dir='ltr' id='par_1_84' title="bbox 1013 1804 1807 1840">
     <span class='ocr_line' id='line_1_84' title="bbox 1013 1804 1807 1840; baseline 0 -7"><span class='ocrx_word' id='word_1_654' title='bbox 1013 1806 1117 1838; x_wconf 89' lang='lat' dir='ltr'>Aenan,</span> <span class='ocrx_word' id='word_1_655' title='bbox 1134 1814 1194 1840; x_wconf 71' lang='lat' dir='ltr'>quae</span> <span class='ocrx_word' id='word_1_656' title='bbox 1210 1809 1251 1832; x_wconf 90' lang='lat' dir='ltr'>est</span> <span class='ocrx_word' id='word_1_657' title='bbox 1264 1805 1293 1832; x_wconf 91' lang='lat' dir='ltr'>in</span> <span class='ocrx_word' id='word_1_658' title='bbox 1306 1805 1350 1832; x_wconf 82' lang='lat' dir='ltr'>via</span> <span class='ocrx_word' id='word_1_659' title='bbox 1360 1805 1394 1832; x_wconf 89' lang='lat' dir='ltr'>ad</span> <span class='ocrx_word' id='word_1_660' title='bbox 1409 1805 1542 1832; x_wconf 87' lang='lat' dir='ltr'>Thamna.</span> <span class='ocrx_word' id='word_1_661' title='bbox 1556 1804 1629 1832; x_wconf 80' lang='lat' dir='ltr'>Vidit</span> <span class='ocrx_word' id='word_1_662' title='bbox 1645 1804 1719 1832; x_wconf 87' lang='lat' dir='ltr'>enim</span> <span class='ocrx_word' id='word_1_663' title='bbox 1734 1804 1807 1840; x_wconf 84' lang='lat' dir='ltr'>quod</span> 
     </span>
    </p>
   </div>
   <div class='ocr_carea' id='block_1_85' title="bbox 1014 1851 1806 1887">
    <p class='ocr_par' dir='ltr' id='par_1_85' title="bbox 1014 1851 1806 1887">
     <span class='ocr_line' id='line_1_85' title="bbox 1014 1851 1806 1887; baseline -0.003 -8"><span class='ocrx_word' id='word_1_664' title='bbox 1014 1852 1087 1879; x_wconf 82' lang='lat' dir='ltr'>filius</span> <span class='ocrx_word' id='word_1_665' title='bbox 1098 1852 1157 1887; x_wconf 89' lang='lat' dir='ltr'>ejus</span> <span class='ocrx_word' id='word_1_666' title='bbox 1176 1851 1266 1879; x_wconf 86' lang='lat' dir='ltr'>Selom</span> <span class='ocrx_word' id='word_1_667' title='bbox 1278 1851 1389 1887; x_wconf 79' lang='lat' dir='ltr'>grandis</span> <span class='ocrx_word' id='word_1_668' title='bbox 1403 1852 1459 1886; x_wconf 88' lang='lat' dir='ltr'>jam</span> <span class='ocrx_word' id='word_1_669' title='bbox 1473 1851 1559 1878; x_wconf 85' lang='lat' dir='ltr'>factus</span> <span class='ocrx_word' id='word_1_670' title='bbox 1570 1855 1652 1880; x_wconf 86' lang='lat' dir='ltr'>esset.</span> <span class='ocrx_word' id='word_1_671' title='bbox 1671 1851 1728 1885; x_wconf 86' lang='lat' dir='ltr'>ipse</span> <span class='ocrx_word' id='word_1_672' title='bbox 1741 1858 1806 1878; x_wconf 89' lang='lat' dir='ltr'>vero</span> 
     </span>
    </p>
   </div>
   <div class='ocr_carea' id='block_1_86' title="bbox 1013 1894 1807 1931">
    <p class='ocr_par' dir='ltr' id='par_1_86' title="bbox 1013 1894 1807 1931">
     <span class='ocr_line' id='line_1_86' title="bbox 1013 1894 1807 1931; baseline -0.004 -7"><span class='ocrx_word' id='word_1_673' title='bbox 1013 1905 1069 1924; x_wconf 90' lang='lat' dir='ltr'>non</span> <span class='ocrx_word' id='word_1_674' title='bbox 1082 1897 1160 1924; x_wconf 88' lang='lat' dir='ltr'>daret</span> <span class='ocrx_word' id='word_1_675' title='bbox 1176 1904 1237 1924; x_wconf 88' lang='lat' dir='ltr'>eam</span> <span class='ocrx_word' id='word_1_676' title='bbox 1256 1895 1308 1931; x_wconf 84' lang='lat' dir='ltr'>ipsi</span> <span class='ocrx_word' id='word_1_677' title='bbox 1327 1904 1449 1923; x_wconf 77' lang='lat' dir='ltr'>uxorem.</span> <span class='ocrx_word' id='word_1_678' title='bbox 1468 1896 1502 1924; x_wconf 89' lang='lat' dir='ltr'>Et</span> <span class='ocrx_word' id='word_1_679' title='bbox 1514 1895 1572 1923; x_wconf 80' lang='lat' dir='ltr'>visa</span> <span class='ocrx_word' id='word_1_680' title='bbox 1591 1903 1622 1922; x_wconf 89' lang='lat' dir='ltr'>ca</span> <span class='ocrx_word' id='word_1_681' title='bbox 1635 1895 1720 1923; x_wconf 84' lang='lat' dir='ltr'>Judas</span> <span class='ocrx_word' id='word_1_682' title='bbox 1731 1894 1807 1922; x_wconf 88' lang='lat' dir='ltr'>arbi-</span> 
     </span>
    </p>
   </div>
   <div class='ocr_carea' id='block_1_87' title="bbox 1013 1941 1806 1970">
    <p class='ocr_par' dir='ltr' id='par_1_87' title="bbox 1013 1941 1806 1970">
     <span class='ocr_line' id='line_1_87' title="bbox 1013 1941 1806 1970; baseline 0 -1"><span class='ocrx_word' id='word_1_683' title='bbox 1013 1945 1102 1970; x_wconf 81' lang='lat' dir='ltr'>tratus</span> <span class='ocrx_word' id='word_1_684' title='bbox 1126 1945 1168 1970; x_wconf 88' lang='lat' dir='ltr'>est</span> <span class='ocrx_word' id='word_1_685' title='bbox 1191 1946 1312 1970; x_wconf 87' lang='lat' dir='ltr'>scortum</span> <span class='ocrx_word' id='word_1_686' title='bbox 1336 1949 1406 1969; x_wconf 85' lang='lat' dir='ltr'>esse.</span> <span class='ocrx_word' id='word_1_687' title='bbox 1431 1941 1580 1969; x_wconf 82' lang='lat' dir='ltr'>Obtexerat</span> <span class='ocrx_word' id='word_1_688' title='bbox 1607 1942 1681 1969; x_wconf 88' lang='lat' dir='ltr'>enim</span> <span class='ocrx_word' id='word_1_689' title='bbox 1708 1941 1806 1969; x_wconf 81' lang='lat' dir='ltr'>faciem</span> 
     </span>
    </p>
   </div>
   <div class='ocr_carea' id='block_1_88' title="bbox 1014 1987 1807 2024">
    <p class='ocr_par' dir='ltr' id='par_1_88' title="bbox 1014 1987 1807 2024">
     <span class='ocr_line' id='line_1_88' title="bbox 1014 1987 1807 2024; baseline -0.004 -7"><span class='ocrx_word' id='word_1_690' title='bbox 1014 1997 1102 2022; x_wconf 88' lang='lat' dir='ltr'>suam,</span> <span class='ocrx_word' id='word_1_691' title='bbox 1123 1997 1213 2024; x_wconf 89' lang='lat' dir='ltr'>neque</span> <span class='ocrx_word' id='word_1_692' title='bbox 1234 1988 1362 2023; x_wconf 83' lang='lat' dir='ltr'>cognovit</span> <span class='ocrx_word' id='word_1_693' title='bbox 1378 1995 1438 2015; x_wconf 88' lang='lat' dir='ltr'>eam</span> <span class='ocrx_word' id='word_1_694' title='bbox 1461 1988 1495 2014; x_wconf 82' lang='grc'>”.</span> <span class='ocrx_word' id='word_1_695' title='bbox 1517 1997 1525 2013; x_wconf 79' lang='grc' dir='ltr'>ι</span> <span class='ocrx_word' id='word_1_696' title='bbox 1542 1987 1646 2015; x_wconf 79' lang='lat' dir='ltr'>Deinde</span> <span class='ocrx_word' id='word_1_697' title='bbox 1668 1988 1807 2015; x_wconf 88' lang='lat' dir='ltr'>desiderio</span> 
     </span>
    </p>
   </div>
   <div class='ocr_carea' id='block_1_89' title="bbox 1014 2033 1805 2071">
    <p class='ocr_par' dir='ltr' id='par_1_89' title="bbox 1014 2033 1805 2071">
     <span class='ocr_line' id='line_1_89' title="bbox 1014 2033 1805 2071; baseline -0.004 -8"><span class='ocrx_word' id='word_1_698' title='bbox 1014 2036 1073 2071; x_wconf 86' lang='lat' dir='ltr'>ejus</span> <span class='ocrx_word' id='word_1_699' title='bbox 1096 2035 1265 2070; x_wconf 82' lang='lat' dir='ltr'>rapiebatur.</span> <span class='ocrx_word' id='word_1_700' title='bbox 1284 2034 1390 2061; x_wconf 84' lang='lat' dir='ltr'>Mulieri</span> <span class='ocrx_word' id='word_1_701' title='bbox 1403 2037 1495 2061; x_wconf 86' lang='lat' dir='ltr'>autem</span> <span class='ocrx_word' id='word_1_702' title='bbox 1510 2033 1615 2068; x_wconf 86' lang='lat' dir='ltr'>petenti</span> <span class='ocrx_word' id='word_1_703' title='bbox 1639 2033 1805 2065; x_wconf 87' lang='lat' dir='ltr'>mercedem,</span> 
     </span>
    </p>
   </div>
   <div class='ocr_carea' id='block_1_90' title="bbox 1014 2079 1807 2117">
    <p class='ocr_par' dir='ltr' id='par_1_90' title="bbox 1014 2079 1807 2117">
     <span class='ocr_line' id='line_1_90' title="bbox 1014 2079 1807 2117; baseline -0.004 -8"><span class='ocrx_word' id='word_1_704' title='bbox 1014 2082 1159 2117; x_wconf 88' lang='lat' dir='ltr'>pollicetur</span> <span class='ocrx_word' id='word_1_705' title='bbox 1172 2089 1201 2108; x_wconf 89' lang='lat' dir='ltr'>se</span> <span class='ocrx_word' id='word_1_706' title='bbox 1213 2081 1362 2108; x_wconf 87' lang='lat' dir='ltr'>missurum</span> <span class='ocrx_word' id='word_1_707' title='bbox 1375 2079 1494 2112; x_wconf 64' lang='lat' dir='ltr'>hredum,</span> <span class='ocrx_word' id='word_1_708' title='bbox 1508 2080 1675 2114; x_wconf 86' lang='lat' dir='ltr'>arrhamque</span> <span class='ocrx_word' id='word_1_709' title='bbox 1688 2081 1807 2115; x_wconf 84' lang='lat' dir='ltr'>promis-</span> 
     </span>
    </p>
   </div>
   <div class='ocr_carea' id='block_1_91' title="bbox 1014 2126 1806 2163">
    <p class='ocr_par' dir='ltr' id='par_1_91' title="bbox 1014 2126 1806 2163">
     <span class='ocr_line' id='line_1_91' title="bbox 1014 2126 1806 2163; baseline -0.001 -8"><span class='ocrx_word' id='word_1_710' title='bbox 1014 2127 1226 2163; x_wconf 79' lang='lat' dir='ltr'>sionisexigenti</span> <span class='ocrx_word' id='word_1_711' title='bbox 1241 2127 1316 2154; x_wconf 90' lang='lat' dir='ltr'>dedit</span> <span class='ocrx_word' id='word_1_712' title='bbox 1330 2126 1468 2158; x_wconf 89' lang='lat' dir='ltr'>baculum,</span> <span class='ocrx_word' id='word_1_713' title='bbox 1486 2127 1617 2153; x_wconf 89' lang='lat' dir='ltr'>annulum</span> <span class='ocrx_word' id='word_1_714' title='bbox 1633 2130 1662 2153; x_wconf 89' lang='lat' dir='ltr'>et</span> <span class='ocrx_word' id='word_1_715' title='bbox 1694 2126 1806 2160; x_wconf 71' lang='lat' dir='ltr'>monile.</span> 
     </span>
    </p>
   </div>
   <div class='ocr_carea' id='block_1_92' title="bbox 1013 2172 1810 2207">
    <p class='ocr_par' dir='ltr' id='par_1_92' title="bbox 1013 2172 1810 2207">
     <span class='ocr_line' id='line_1_92' title="bbox 1013 2172 1810 2207; baseline 0 -6"><span class='ocrx_word' id='word_1_716' title='bbox 1013 2174 1066 2201; x_wconf 93' lang='lat' dir='ltr'>hoc</span> <span class='ocrx_word' id='word_1_717' title='bbox 1080 2178 1132 2206; x_wconf 87' lang='lat' dir='ltr'>est,</span> <span class='ocrx_word' id='word_1_718' title='bbox 1144 2178 1335 2201; x_wconf 88' lang='lat' dir='ltr'>ornamentum</span> <span class='ocrx_word' id='word_1_719' title='bbox 1350 2172 1487 2207; x_wconf 87' lang='lat' dir='ltr'>quoddam</span> <span class='ocrx_word' id='word_1_720' title='bbox 1500 2173 1572 2200; x_wconf 82' lang='lat' dir='ltr'>circa</span> <span class='ocrx_word' id='word_1_721' title='bbox 1585 2172 1694 2200; x_wconf 89' lang='lat' dir='ltr'>collum.</span> <span class='ocrx_word' id='word_1_722' title='bbox 1709 2172 1810 2201; x_wconf 78' lang='lat' dir='ltr'>Existi-</span> 
     </span>
    </p>
   </div>
   <div class='ocr_carea' id='block_1_93' title="bbox 177 2218 962 2264">
    <p class='ocr_par' dir='ltr' id='par_1_93' title="bbox 177 2222 962 2264">
     <span class='ocr_line' id='line_1_93' title="bbox 177 2222 962 2264; baseline -0.009 -10"><span class='ocrx_word' id='word_1_723' title='bbox 177 2227 296 2264; x_wconf 72' lang='grc' dir='ltr'>¹ιίἐμψειν</span> <span class='ocrx_word' id='word_1_724' title='bbox 319 2227 413 2262; x_wconf 74' lang='grc' dir='ltr'>ἔριφον</span> <span class='ocrx_word' id='word_1_725' title='bbox 434 2224 632 2261; x_wconf 80' lang='grc' dir='ltr'>ἐπηγγέλλετο,</span> <span class='ocrx_word' id='word_1_726' title='bbox 656 2223 750 2259; x_wconf 78' lang='grc' dir='ltr'>ὅμηρά</span> <span class='ocrx_word' id='word_1_727' title='bbox 771 2231 801 2249; x_wconf 85' lang='grc' dir='ltr'>τε</span> <span class='ocrx_word' id='word_1_728' title='bbox 815 2222 863 2257; x_wconf 80' lang='grc' dir='ltr'>τῆς</span> <span class='ocrx_word' id='word_1_729' title='bbox 877 2222 962 2254; x_wconf 78' lang='grc' dir='ltr'>ἐπαγ-</span> 
     </span>
    </p>
   </div>
   <div class='ocr_carea' id='block_1_94' title="bbox 1013 2218 1807 2264">
    <p class='ocr_par' dir='ltr' id='par_1_94' title="bbox 1016 2218 1807 2254">
     <span class='ocr_line' id='line_1_94' title="bbox 1016 2218 1807 2254; baseline 0 -7"><span class='ocrx_word' id='word_1_730' title='bbox 1016 2220 1131 2247; x_wconf 80' lang='lat' dir='ltr'>maverit</span> <span class='ocrx_word' id='word_1_731' title='bbox 1142 2224 1234 2247; x_wconf 84' lang='lat' dir='ltr'>autem</span> <span class='ocrx_word' id='word_1_732' title='bbox 1251 2219 1398 2254; x_wconf 87' lang='lat' dir='ltr'>quispiam,</span> <span class='ocrx_word' id='word_1_733' title='bbox 1415 2226 1506 2254; x_wconf 88' lang='lat' dir='ltr'>neque</span> <span class='ocrx_word' id='word_1_734' title='bbox 1521 2218 1570 2246; x_wconf 87' lang='lat' dir='ltr'>abs</span> <span class='ocrx_word' id='word_1_735' title='bbox 1586 2226 1626 2252; x_wconf 91' lang='lat' dir='ltr'>re,</span> <span class='ocrx_word' id='word_1_736' title='bbox 1651 2218 1748 2246; x_wconf 78' lang='lat' dir='ltr'>Iudam</span> <span class='ocrx_word' id='word_1_737' title='bbox 1763 2222 1807 2247; x_wconf 86' lang='lat' dir='ltr'>ut-</span> 
     </span>
    </p>
   </div>
   <div class='ocr_carea' id='block_1_95' title="bbox 176 2268 964 2310">
    <p class='ocr_par' dir='ltr' id='par_1_95' title="bbox 176 2268 964 2310">
     <span class='ocr_line' id='line_1_95' title="bbox 176 2268 964 2310; baseline -0.01 -8"><span class='ocrx_word' id='word_1_738' title='bbox 176 2274 271 2310; x_wconf 86' lang='grc' dir='ltr'>γελίας</span> <span class='ocrx_word' id='word_1_739' title='bbox 286 2273 411 2308; x_wconf 76' lang='grc' dir='ltr'>αἰτούσῃ,</span> <span class='ocrx_word' id='word_1_740' title='bbox 426 2272 518 2299; x_wconf 75' lang='grc' dir='ltr'>δίδωσι</span> <span class='ocrx_word' id='word_1_741' title='bbox 535 2271 585 2306; x_wconf 85' lang='grc' dir='ltr'>τὴν</span> <span class='ocrx_word' id='word_1_742' title='bbox 601 2271 716 2306; x_wconf 71' lang='grc' dir='ltr'>ῥάϐδον,</span> <span class='ocrx_word' id='word_1_743' title='bbox 737 2271 784 2297; x_wconf 70' lang='grc' dir='ltr'>καὶ</span> <span class='ocrx_word' id='word_1_744' title='bbox 799 2269 844 2296; x_wconf 76' lang='grc' dir='ltr'>τὸν</span> <span class='ocrx_word' id='word_1_745' title='bbox 864 2268 964 2295; x_wconf 74' lang='grc' dir='ltr'>δακτύ-</span> 
     </span>
    </p>
   </div>
   <div class='ocr_carea' id='block_1_96' title="bbox 177 2313 966 2353">
    <p class='ocr_par' dir='ltr' id='par_1_96' title="bbox 177 2313 966 2353">
     <span class='ocr_line' id='line_1_96' title="bbox 177 2313 966 2353; baseline -0.011 -5"><span class='ocrx_word' id='word_1_746' title='bbox 177 2322 246 2353; x_wconf 83' lang='grc' dir='ltr'>λιον,</span> <span class='ocrx_word' id='word_1_747' title='bbox 267 2319 314 2347; x_wconf 74' lang='grc' dir='ltr'>καὶ</span> <span class='ocrx_word' id='word_1_748' title='bbox 337 2319 382 2345; x_wconf 81' lang='grc' dir='ltr'>τὸν</span> <span class='ocrx_word' id='word_1_749' title='bbox 404 2318 548 2353; x_wconf 75' lang='grc' dir='ltr'>ὁρμίσκον·</span> <span class='ocrx_word' id='word_1_750' title='bbox 572 2317 696 2343; x_wconf 81' lang='grc' dir='ltr'>τουτέστι</span> <span class='ocrx_word' id='word_1_751' title='bbox 709 2315 842 2350; x_wconf 69' lang='grc' dir='ltr'>κόσμημα</span> <span class='ocrx_word' id='word_1_752' title='bbox 863 2323 889 2340; x_wconf 82' lang='grc' dir='ltr'>τι</span> <span class='ocrx_word' id='word_1_753' title='bbox 912 2313 966 2339; x_wconf 82' lang='grc' dir='ltr'>τῶν</span> 
     </span>
    </p>
   </div>
   <div class='ocr_carea' id='block_1_97' title="bbox 175 2359 965 2403">
    <p class='ocr_par' dir='ltr' id='par_1_97' title="bbox 175 2359 965 2403">
     <span class='ocr_line' id='line_1_97' title="bbox 175 2359 965 2403; baseline -0.013 -8"><span class='ocrx_word' id='word_1_754' title='bbox 175 2367 242 2403; x_wconf 78' lang='grc' dir='ltr'>περὶ</span> <span class='ocrx_word' id='word_1_755' title='bbox 259 2366 307 2402; x_wconf 82' lang='grc' dir='ltr'>τὴν</span> <span class='ocrx_word' id='word_1_756' title='bbox 322 2365 394 2400; x_wconf 79' lang='grc' dir='ltr'>δέριν</span> <span class='ocrx_word' id='word_1_757' title='bbox 410 2363 527 2398; x_wconf 74' lang='grc' dir='ltr'>(οἰηθείη</span> <span class='ocrx_word' id='word_1_758' title='bbox 543 2362 564 2389; x_wconf 86' lang='grc' dir='ltr'>δ’</span> <span class='ocrx_word' id='word_1_759' title='bbox 582 2363 614 2389; x_wconf 82' lang='grc' dir='ltr'>ἄν</span> <span class='ocrx_word' id='word_1_760' title='bbox 631 2371 683 2394; x_wconf 83' lang='grc' dir='ltr'>τις,</span> <span class='ocrx_word' id='word_1_761' title='bbox 696 2362 744 2388; x_wconf 68' lang='grc' dir='ltr'>καὶ</span> <span class='ocrx_word' id='word_1_762' title='bbox 757 2361 829 2396; x_wconf 82' lang='grc' dir='ltr'>μάλα</span> <span class='ocrx_word' id='word_1_763' title='bbox 844 2359 965 2390; x_wconf 72' lang='grc' dir='ltr'>εἰκότως,</span> 
     </span>
    </p>
   </div>
   <div class='ocr_carea' id='block_1_98' title="bbox 179 2405 966 2448">
    <p class='ocr_par' dir='ltr' id='par_1_98' title="bbox 179 2405 966 2448">
     <span class='ocr_line' id='line_1_98' title="bbox 179 2405 966 2448; baseline -0.015 -6"><span class='ocrx_word' id='word_1_764' title='bbox 179 2417 229 2442; x_wconf 69' lang='lat' dir='ltr'>ate</span> <span class='ocrx_word' id='word_1_765' title='bbox 244 2412 276 2448; x_wconf 84' lang='grc' dir='ltr'>δὴ</span> <span class='ocrx_word' id='word_1_766' title='bbox 293 2411 426 2439; x_wconf 80' lang='grc' dir='ltr'>Χαλδαῖον</span> <span class='ocrx_word' id='word_1_767' title='bbox 447 2411 512 2437; x_wconf 79' lang='grc' dir='ltr'>ὄντα</span> <span class='ocrx_word' id='word_1_768' title='bbox 530 2408 575 2435; x_wconf 81' lang='grc' dir='ltr'>τὸν</span> <span class='ocrx_word' id='word_1_769' title='bbox 595 2408 706 2439; x_wconf 77' lang='grc' dir='ltr'>Ἰούδαν,</span> <span class='ocrx_word' id='word_1_770' title='bbox 734 2407 770 2442; x_wconf 82' lang='grc' dir='ltr'>μὴ</span> <span class='ocrx_word' id='word_1_771' title='bbox 791 2407 820 2432; x_wconf 80' lang='grc' dir='ltr'>ὲν</span> <span class='ocrx_word' id='word_1_772' title='bbox 845 2405 966 2441; x_wconf 74' lang='grc' dir='ltr'>ῥᾳθυμίᾳ</span> 
     </span>
    </p>
   </div>
   <div class='ocr_carea' id='block_1_99' title="bbox 178 2450 965 2494">
    <p class='ocr_par' dir='ltr' id='par_1_99' title="bbox 178 2450 965 2494">
     <span class='ocr_line' id='line_1_99' title="bbox 178 2450 965 2494; baseline -0.013 -8"><span class='ocrx_word' id='word_1_773' title='bbox 178 2458 308 2494; x_wconf 78' lang='grc' dir='ltr'>γενέσθαι</span> <span class='ocrx_word' id='word_1_774' title='bbox 327 2457 374 2484; x_wconf 83' lang='grc' dir='ltr'>τοῦ</span> <span class='ocrx_word' id='word_1_775' title='bbox 384 2455 593 2484; x_wconf 78' lang='grc' dir='ltr'>κατακλίνεσθαι</span> <span class='ocrx_word' id='word_1_776' title='bbox 609 2454 719 2489; x_wconf 52' lang='lat' dir='ltr'>otiatur</span> <span class='ocrx_word' id='word_1_777' title='bbox 737 2453 896 2487; x_wconf 77' lang='grc' dir='ltr'>φιλόκοσμοι</span> <span class='ocrx_word' id='word_1_778' title='bbox 912 2450 965 2486; x_wconf 76' lang='grc' dir='ltr'>γὰρ</span> 
     </span>
    </p>
   </div>
   <div class='ocr_carea' id='block_1_100' title="bbox 178 2499 968 2539">
    <p class='ocr_par' dir='ltr' id='par_1_100' title="bbox 178 2499 968 2539">
     <span class='ocr_line' id='line_1_100' title="bbox 178 2499 968 2539; baseline -0.01 -7"><span class='ocrx_word' id='word_1_779' title='bbox 178 2507 204 2532; x_wconf 74' lang='lat' dir='ltr'>oi</span> <span class='ocrx_word' id='word_1_780' title='bbox 221 2505 359 2536; x_wconf 76' lang='grc' dir='ltr'>Χαλδαῖοι,</span> <span class='ocrx_word' id='word_1_781' title='bbox 369 2503 463 2539; x_wconf 83' lang='grc' dir='ltr'>χρυσῷ</span> <span class='ocrx_word' id='word_1_782' title='bbox 475 2503 503 2529; x_wconf 81' lang='grc' dir='ltr'>δὲ</span> <span class='ocrx_word' id='word_1_783' title='bbox 517 2502 564 2529; x_wconf 73' lang='grc' dir='ltr'>καὶ</span> <span class='ocrx_word' id='word_1_784' title='bbox 576 2503 669 2538; x_wconf 80' lang='grc' dir='ltr'>χεῖρας</span> <span class='ocrx_word' id='word_1_785' title='bbox 680 2501 727 2528; x_wconf 71' lang='grc' dir='ltr'>καὶ</span> <span class='ocrx_word' id='word_1_786' title='bbox 741 2500 815 2536; x_wconf 79' lang='grc' dir='ltr'>δέριν</span> <span class='ocrx_word' id='word_1_787' title='bbox 829 2499 968 2533; x_wconf 78' lang='grc' dir='ltr'>καταλαμ-</span> 
     </span>
    </p>
   </div>
   <div class='ocr_carea' id='block_1_101' title="bbox 165 2545 968 2589">
    <p class='ocr_par' dir='ltr' id='par_1_101' title="bbox 165 2545 968 2589">
     <span class='ocr_line' id='line_1_101' title="bbox 165 2545 968 2589; baseline -0.011 -9"><span class='ocrx_word' id='word_1_788' title='bbox 165 2553 328 2589; x_wconf 52' lang='grc' dir='ltr'>,πρύνουσῃ</span> <span class='ocrx_word' id='word_1_789' title='bbox 341 2551 388 2578; x_wconf 67' lang='grc' dir='ltr'>καὶ</span> <span class='ocrx_word' id='word_1_790' title='bbox 400 2550 484 2585; x_wconf 74' lang='grc' dir='ltr'>αὐτὴν</span> <span class='ocrx_word' id='word_1_791' title='bbox 502 2549 530 2576; x_wconf 77' lang='grc' dir='ltr'>δὲ</span> <span class='ocrx_word' id='word_1_792' title='bbox 543 2549 624 2584; x_wconf 79' lang='grc' dir='ltr'>τρίχα</span> <span class='ocrx_word' id='word_1_793' title='bbox 641 2546 820 2581; x_wconf 73' lang='grc' dir='ltr'>στεφανοῦσιν</span> <span class='ocrx_word' id='word_1_794' title='bbox 840 2545 898 2572; x_wconf 70' lang='grc' dir='ltr'>ἔσθ’</span> <span class='ocrx_word' id='word_1_795' title='bbox 913 2546 968 2572; x_wconf 78' lang='grc' dir='ltr'>ὅτε.</span> 
     </span>
    </p>
   </div>
   <div class='ocr_carea' id='block_1_102' title="bbox 166 2591 970 2633">
    <p class='ocr_par' dir='ltr' id='par_1_102' title="bbox 166 2591 970 2633">
     <span class='ocr_line' id='line_1_102' title="bbox 166 2591 970 2633; baseline -0.012 -7"><span class='ocrx_word' id='word_1_796' title='bbox 166 2593 349 2633; x_wconf 62' lang='grc' dir='ltr'>ἑΝενόμισται</span> <span class='ocrx_word' id='word_1_797' title='bbox 363 2596 391 2623; x_wconf 73' lang='grc' dir='ltr'>δὲ</span> <span class='ocrx_word' id='word_1_798' title='bbox 405 2595 544 2622; x_wconf 76' lang='grc' dir='ltr'>καὶτοῦτο</span> <span class='ocrx_word' id='word_1_799' title='bbox 561 2595 625 2630; x_wconf 84' lang='grc' dir='ltr'>παρ’</span> <span class='ocrx_word' id='word_1_800' title='bbox 644 2594 734 2624; x_wconf 82' lang='grc' dir='ltr'>αὐτοῖς</span> <span class='ocrx_word' id='word_1_801' title='bbox 757 2592 804 2618; x_wconf 75' lang='grc' dir='ltr'>καὶ</span> <span class='ocrx_word' id='word_1_802' title='bbox 819 2591 970 2626; x_wconf 82' lang='grc' dir='ltr'>ἀνδροπρε-</span> 
     </span>
    </p>
   </div>
   <div class='ocr_carea' id='block_1_103' title="bbox 182 2636 970 2678">
    <p class='ocr_par' dir='ltr' id='par_1_103' title="bbox 182 2636 970 2678">
     <span class='ocr_line' id='line_1_103' title="bbox 182 2636 970 2678; baseline -0.013 -7"><span class='ocrx_word' id='word_1_803' title='bbox 182 2644 249 2676; x_wconf 81' lang='grc' dir='ltr'>πὲς,</span> <span class='ocrx_word' id='word_1_804' title='bbox 276 2642 421 2678; x_wconf 82' lang='grc' dir='ltr'>γνώρισμά</span> <span class='ocrx_word' id='word_1_805' title='bbox 442 2650 472 2668; x_wconf 86' lang='grc' dir='ltr'>τε</span> <span class='ocrx_word' id='word_1_806' title='bbox 500 2641 548 2675; x_wconf 71' lang='grc' dir='ltr'>τῆς</span> <span class='ocrx_word' id='word_1_807' title='bbox 572 2639 702 2666; x_wconf 78' lang='grc' dir='ltr'>ἀνωτάτω</span> <span class='ocrx_word' id='word_1_808' title='bbox 717 2637 811 2663; x_wconf 75' lang='grc' dir='ltr'>λοιπὸν</span> <span class='ocrx_word' id='word_1_809' title='bbox 831 2636 970 2670; x_wconf 76' lang='grc' dir='ltr'>εὐγενείας</span> 
     </span>
    </p>
   </div>
   <div class='ocr_carea' id='block_1_104' title="bbox 182 2682 972 2724">
    <p class='ocr_par' dir='ltr' id='par_1_104' title="bbox 182 2682 972 2724">
     <span class='ocr_line' id='line_1_104' title="bbox 182 2682 972 2724; baseline -0.011 -7"><span class='ocrx_word' id='word_1_810' title='bbox 182 2690 230 2717; x_wconf 63' lang='grc' dir='ltr'>καὶ</span> <span class='ocrx_word' id='word_1_811' title='bbox 244 2689 299 2716; x_wconf 83' lang='grc' dir='ltr'>τῶν</span> <span class='ocrx_word' id='word_1_812' title='bbox 312 2690 351 2720; x_wconf 82' lang='grc' dir='ltr'>εις</span> <span class='ocrx_word' id='word_1_813' title='bbox 364 2688 490 2724; x_wconf 79' lang='grc' dir='ltr'>ἀνδρείαν</span> <span class='ocrx_word' id='word_1_814' title='bbox 503 2687 622 2714; x_wconf 75' lang='grc' dir='ltr'>ἐπαίνων</span> <span class='ocrx_word' id='word_1_815' title='bbox 639 2685 689 2711; x_wconf 88' lang='grc' dir='ltr'>οὑκ</span> <span class='ocrx_word' id='word_1_816' title='bbox 703 2683 843 2719; x_wconf 79' lang='grc' dir='ltr'>ἁμοιροῦν.</span> <span class='ocrx_word' id='word_1_817' title='bbox 863 2682 972 2709; x_wconf 83' lang='grc' dir='ltr'>Τούτων</span> 
     </span>
    </p>
   </div>
   <div class='ocr_carea' id='block_1_105' title="bbox 183 2725 972 2769">
    <p class='ocr_par' dir='ltr' id='par_1_105' title="bbox 183 2725 972 2769">
     <span class='ocr_line' id='line_1_105' title="bbox 183 2725 972 2769; baseline -0.01 -7"><span class='ocrx_word' id='word_1_818' title='bbox 183 2735 212 2762; x_wconf 72' lang='grc' dir='ltr'>δὲ</span> <span class='ocrx_word' id='word_1_819' title='bbox 228 2732 279 2762; x_wconf 81' lang='grc' dir='ltr'>ὧδε</span> <span class='ocrx_word' id='word_1_820' title='bbox 289 2734 502 2769; x_wconf 80' lang='grc' dir='ltr'>τετελεσμένων,</span> <span class='ocrx_word' id='word_1_821' title='bbox 518 2731 602 2767; x_wconf 75' lang='grc' dir='ltr'>ᾤχετο</span> <span class='ocrx_word' id='word_1_822' title='bbox 623 2730 672 2766; x_wconf 66' lang='grc' dir='ltr'>μὲν</span> <span class='ocrx_word' id='word_1_823' title='bbox 692 2732 705 2757; x_wconf 84' lang='grc' dir='ltr'>ὸ</span> <span class='ocrx_word' id='word_1_824' title='bbox 726 2730 825 2761; x_wconf 77' lang='grc' dir='ltr'>Ἰούδας</span> <span class='ocrx_word' id='word_1_825' title='bbox 843 2725 922 2764; x_wconf 81' lang='grc' dir='ltr'>οἷπερ</span> <span class='ocrx_word' id='word_1_826' title='bbox 938 2725 972 2763; x_wconf 76' lang='grc' dir='ltr'>ἦν</span> 
     </span>
    </p>
   </div>
   <div class='ocr_carea' id='block_1_106' title="bbox 184 2774 972 2818">
    <p class='ocr_par' dir='ltr' id='par_1_106' title="bbox 184 2774 972 2818">
     <span class='ocr_line' id='line_1_106' title="bbox 184 2774 972 2818; baseline -0.011 -9"><span class='ocrx_word' id='word_1_827' title='bbox 184 2783 214 2809; x_wconf 69' lang='grc' dir='ltr'>ἰν</span> <span class='ocrx_word' id='word_1_828' title='bbox 227 2783 326 2818; x_wconf 82' lang='grc' dir='ltr'>ἀρχαῖς</span> <span class='ocrx_word' id='word_1_829' title='bbox 339 2781 353 2807; x_wconf 85' lang='lat'>6</span> <span class='ocrx_word' id='word_1_830' title='bbox 371 2780 469 2812; x_wconf 73' lang='grc' dir='ltr'>σκοπὸς</span> <span class='ocrx_word' id='word_1_831' title='bbox 482 2778 564 2814; x_wconf 79' lang='grc' dir='ltr'>αὐτῷ.</span> <span class='ocrx_word' id='word_1_832' title='bbox 585 2778 616 2804; x_wconf 85' lang='lat' dir='ltr'>&#39;H</span> <span class='ocrx_word' id='word_1_833' title='bbox 627 2778 654 2804; x_wconf 70' lang='grc' dir='ltr'>δὲ</span> <span class='ocrx_word' id='word_1_834' title='bbox 667 2777 733 2812; x_wconf 68' lang='grc' dir='ltr'>πρὸς</span> <span class='ocrx_word' id='word_1_835' title='bbox 747 2776 794 2811; x_wconf 80' lang='grc' dir='ltr'>τὴν</span> <span class='ocrx_word' id='word_1_836' title='bbox 811 2774 856 2802; x_wconf 77' lang='grc' dir='ltr'>τοῦ</span> <span class='ocrx_word' id='word_1_837' title='bbox 870 2775 972 2810; x_wconf 74' lang='grc' dir='ltr'>πατρὸς</span> 
     </span>
    </p>
   </div>
   <div class='ocr_carea' id='block_1_107' title="bbox 568 2869 723 2897">
    <p class='ocr_par' dir='ltr' id='par_1_107' title="bbox 568 2869 723 2897">
     <span class='ocr_line' id='line_1_107' title="bbox 568 2869 723 2897; baseline -0.013 0"><span class='ocrx_word' id='word_1_838' title='bbox 568 2869 587 2885; x_wconf 79' lang='lat'>&quot;</span> <span class='ocrx_word' id='word_1_839' title='bbox 600 2869 668 2897; x_wconf 77' lang='lat' dir='ltr'>Ibid.</span> <span class='ocrx_word' id='word_1_840' title='bbox 684 2869 723 2896; x_wconf 76' lang='lat'>10.</span> 
     </span>
    </p>
   </div>
   <div class='ocr_carea' id='block_1_108' title="bbox 222 2865 984 2912">
    <p class='ocr_par' dir='ltr' id='par_1_108' title="bbox 222 2865 984 2912">
     <span class='ocr_line' id='line_1_108' title="bbox 222 2865 984 2912; baseline -0.013 -9"><span class='ocrx_word' id='word_1_841' title='bbox 222 2875 242 2890; x_wconf 75' lang='grc' dir='ltr'>ιν</span> <span class='ocrx_word' id='word_1_842' title='bbox 257 2874 325 2903; x_wconf 84' lang='lat' dir='ltr'>Gen.</span> <span class='ocrx_word' id='word_1_843' title='bbox 345 2865 455 2906; x_wconf 55' lang='lat' dir='ltr'>xxix-iu,</span> <span class='ocrx_word' id='word_1_844' title='bbox 470 2871 526 2898; x_wconf 77' lang='lat'>1.5.</span> <span class='ocrx_word' id='word_1_845' title='bbox 568 2869 723 2897; x_wconf 61' lang='lat' dir='ltr'>&quot;maio.</span> <span class='ocrx_word' id='word_1_846' title='bbox 807 2869 826 2912; x_wconf 64' lang='grc' dir='ltr'>ξι</span> <span class='ocrx_word' id='word_1_847' title='bbox 853 2867 920 2895; x_wconf 75' lang='lat' dir='ltr'>Ibid.</span> <span class='ocrx_word' id='word_1_848' title='bbox 945 2867 984 2894; x_wconf 88' lang='lat' dir='ltr'>li.</span> 
     </span>
    </p>
   </div>
   <div class='ocr_carea' id='block_1_109' title="bbox 1018 2263 1808 2301">
    <p class='ocr_par' dir='ltr' id='par_1_109' title="bbox 1018 2263 1808 2301">
     <span class='ocr_line' id='line_1_109' title="bbox 1018 2263 1808 2301; baseline 0.001 -9"><span class='ocrx_word' id='word_1_849' title='bbox 1018 2270 1082 2301; x_wconf 88' lang='lat' dir='ltr'>pote</span> <span class='ocrx_word' id='word_1_850' title='bbox 1096 2265 1264 2299; x_wconf 53' lang='lat' dir='ltr'>Chaldaeum,</span> <span class='ocrx_word' id='word_1_851' title='bbox 1276 2273 1373 2293; x_wconf 88' lang='lat' dir='ltr'>eorum</span> <span class='ocrx_word' id='word_1_852' title='bbox 1395 2273 1456 2300; x_wconf 70' lang='lat' dir='ltr'>quae</span> <span class='ocrx_word' id='word_1_853' title='bbox 1471 2263 1505 2292; x_wconf 86' lang='lat' dir='ltr'>ad</span> <span class='ocrx_word' id='word_1_854' title='bbox 1517 2270 1644 2292; x_wconf 90' lang='lat' dir='ltr'>ornatum</span> <span class='ocrx_word' id='word_1_855' title='bbox 1657 2266 1808 2300; x_wconf 85' lang='lat' dir='ltr'>pertinent,</span> 
     </span>
    </p>
   </div>
   <div class='ocr_carea' id='block_1_110' title="bbox 1019 2311 1808 2347">
    <p class='ocr_par' dir='ltr' id='par_1_110' title="bbox 1019 2311 1808 2347">
     <span class='ocr_line' id='line_1_110' title="bbox 1019 2311 1808 2347; baseline 0 -8"><span class='ocrx_word' id='word_1_856' title='bbox 1019 2312 1132 2339; x_wconf 86' lang='lat' dir='ltr'>minimc</span> <span class='ocrx_word' id='word_1_857' title='bbox 1148 2311 1331 2347; x_wconf 78' lang='lat' dir='ltr'>negligentem</span> <span class='ocrx_word' id='word_1_858' title='bbox 1355 2311 1448 2338; x_wconf 87' lang='lat' dir='ltr'>fuisse.</span> <span class='ocrx_word' id='word_1_859' title='bbox 1463 2311 1533 2338; x_wconf 89' lang='lat' dir='ltr'>Sunt</span> <span class='ocrx_word' id='word_1_860' title='bbox 1545 2311 1617 2338; x_wconf 90' lang='lat' dir='ltr'>enim</span> <span class='ocrx_word' id='word_1_861' title='bbox 1632 2312 1710 2347; x_wconf 88' lang='lat' dir='ltr'>politi</span> <span class='ocrx_word' id='word_1_862' title='bbox 1726 2311 1808 2340; x_wconf 88' lang='lat' dir='ltr'>Chal-</span> 
     </span>
    </p>
   </div>
   <div class='ocr_carea' id='block_1_111' title="bbox 1020 2356 1811 2391">
    <p class='ocr_par' dir='ltr' id='par_1_111' title="bbox 1020 2356 1811 2391">
     <span class='ocr_line' id='line_1_111' title="bbox 1020 2356 1811 2391; baseline 0.003 -7"><span class='ocrx_word' id='word_1_863' title='bbox 1020 2357 1070 2385; x_wconf 67' lang='lat' dir='ltr'>dmi</span> <span class='ocrx_word' id='word_1_864' title='bbox 1083 2361 1232 2384; x_wconf 88' lang='lat' dir='ltr'>etornatus</span> <span class='ocrx_word' id='word_1_865' title='bbox 1245 2361 1378 2388; x_wconf 88' lang='lat' dir='ltr'>amantes,</span> <span class='ocrx_word' id='word_1_866' title='bbox 1388 2356 1488 2391; x_wconf 87' lang='lat' dir='ltr'>quippe</span> <span class='ocrx_word' id='word_1_867' title='bbox 1499 2356 1600 2391; x_wconf 88' lang='lat' dir='ltr'>quibus</span> <span class='ocrx_word' id='word_1_868' title='bbox 1612 2364 1708 2384; x_wconf 85' lang='lat' dir='ltr'>manus</span> <span class='ocrx_word' id='word_1_869' title='bbox 1719 2361 1747 2385; x_wconf 91' lang='lat' dir='ltr'>et</span> <span class='ocrx_word' id='word_1_870' title='bbox 1755 2357 1811 2386; x_wconf 87' lang='lat' dir='ltr'>col-</span> 
     </span>
    </p>
   </div>
   <div class='ocr_carea' id='block_1_112' title="bbox 1020 2402 1810 2438">
    <p class='ocr_par' dir='ltr' id='par_1_112' title="bbox 1020 2402 1810 2438">
     <span class='ocr_line' id='line_1_112' title="bbox 1020 2402 1810 2438; baseline 0.001 -8"><span class='ocrx_word' id='word_1_871' title='bbox 1020 2403 1075 2431; x_wconf 92' lang='lat' dir='ltr'>lum</span> <span class='ocrx_word' id='word_1_872' title='bbox 1086 2411 1194 2438; x_wconf 84' lang='lat' dir='ltr'>semper</span> <span class='ocrx_word' id='word_1_873' title='bbox 1202 2403 1414 2438; x_wconf 83' lang='lat' dir='ltr'>sintsplendida,</span> <span class='ocrx_word' id='word_1_874' title='bbox 1429 2402 1507 2438; x_wconf 82' lang='lat'>195</span> <span class='ocrx_word' id='word_1_875' title='bbox 1521 2403 1624 2438; x_wconf 87' lang='lat' dir='ltr'>quique</span> <span class='ocrx_word' id='word_1_876' title='bbox 1641 2403 1715 2438; x_wconf 88' lang='lat' dir='ltr'>ipsos</span> <span class='ocrx_word' id='word_1_877' title='bbox 1727 2405 1810 2432; x_wconf 86' lang='lat' dir='ltr'>etiam</span> 
     </span>
    </p>
   </div>
   <div class='ocr_carea' id='block_1_113' title="bbox 1019 2449 1810 2486">
    <p class='ocr_par' dir='ltr' id='par_1_113' title="bbox 1019 2449 1810 2486">
     <span class='ocr_line' id='line_1_113' title="bbox 1019 2449 1810 2486; baseline 0.001 -9"><span class='ocrx_word' id='word_1_878' title='bbox 1019 2450 1131 2485; x_wconf 88' lang='lat' dir='ltr'>capillos</span> <span class='ocrx_word' id='word_1_879' title='bbox 1137 2450 1217 2476; x_wconf 83' lang='lat' dir='ltr'>sertis</span> <span class='ocrx_word' id='word_1_880' title='bbox 1230 2449 1377 2476; x_wconf 87' lang='lat' dir='ltr'>redimiant</span> <span class='ocrx_word' id='word_1_881' title='bbox 1389 2458 1395 2475; x_wconf 87' lang='lat'><strong>:</strong></span> <span class='ocrx_word' id='word_1_882' title='bbox 1408 2449 1543 2484; x_wconf 86' lang='lat' dir='ltr'>siquidem</span> <span class='ocrx_word' id='word_1_883' title='bbox 1554 2450 1606 2477; x_wconf 90' lang='lat' dir='ltr'>hoc</span> <span class='ocrx_word' id='word_1_884' title='bbox 1617 2450 1689 2486; x_wconf 90' lang='lat' dir='ltr'>apud</span> <span class='ocrx_word' id='word_1_885' title='bbox 1700 2458 1748 2478; x_wconf 85' lang='lat' dir='ltr'>eos</span> <span class='ocrx_word' id='word_1_886' title='bbox 1758 2459 1810 2479; x_wconf 90' lang='lat' dir='ltr'>usu</span> 
     </span>
    </p>
   </div>
   <div class='ocr_carea' id='block_1_114' title="bbox 1021 2495 1810 2531">
    <p class='ocr_par' dir='ltr' id='par_1_114' title="bbox 1021 2495 1810 2531">
     <span class='ocr_line' id='line_1_114' title="bbox 1021 2495 1810 2531; baseline -0.001 -7"><span class='ocrx_word' id='word_1_887' title='bbox 1021 2501 1162 2531; x_wconf 80' lang='lat' dir='ltr'>receptum</span> <span class='ocrx_word' id='word_1_888' title='bbox 1174 2500 1225 2527; x_wconf 91' lang='lat' dir='ltr'>est,</span> <span class='ocrx_word' id='word_1_889' title='bbox 1236 2500 1264 2522; x_wconf 91' lang='lat' dir='ltr'>et</span> <span class='ocrx_word' id='word_1_890' title='bbox 1277 2495 1345 2522; x_wconf 81' lang='lat' dir='ltr'>viris</span> <span class='ocrx_word' id='word_1_891' title='bbox 1357 2495 1480 2530; x_wconf 79' lang='lat' dir='ltr'>dignum,</span> <span class='ocrx_word' id='word_1_892' title='bbox 1501 2499 1583 2531; x_wconf 91' lang='lat' dir='ltr'>atque</span> <span class='ocrx_word' id='word_1_893' title='bbox 1593 2496 1662 2523; x_wconf 84' lang='lat' dir='ltr'>adeo</span> <span class='ocrx_word' id='word_1_894' title='bbox 1673 2504 1810 2523; x_wconf 92' lang='lat' dir='ltr'>summum</span> 
     </span>
    </p>
   </div>
   <div class='ocr_carea' id='block_1_115' title="bbox 1023 2541 1812 2576">
    <p class='ocr_par' dir='ltr' id='par_1_115' title="bbox 1023 2541 1812 2576">
     <span class='ocr_line' id='line_1_115' title="bbox 1023 2541 1812 2576; baseline -0.001 -6"><span class='ocrx_word' id='word_1_895' title='bbox 1023 2542 1174 2570; x_wconf 88' lang='lat' dir='ltr'>nobilitatis</span> <span class='ocrx_word' id='word_1_896' title='bbox 1194 2541 1310 2576; x_wconf 78' lang='lat' dir='ltr'>insigne,</span> <span class='ocrx_word' id='word_1_897' title='bbox 1341 2549 1430 2576; x_wconf 74' lang='lat' dir='ltr'>neque</span> <span class='ocrx_word' id='word_1_898' title='bbox 1455 2549 1471 2568; x_wconf 90' lang='lat' dir='ltr'>a</span> <span class='ocrx_word' id='word_1_899' title='bbox 1493 2541 1661 2569; x_wconf 80' lang='lat' dir='ltr'>fortitudinis</span> <span class='ocrx_word' id='word_1_900' title='bbox 1685 2542 1812 2569; x_wconf 84' lang='lat' dir='ltr'>laudibus</span> 
     </span>
    </p>
   </div>
   <div class='ocr_carea' id='block_1_116' title="bbox 1024 2587 1812 2623">
    <p class='ocr_par' dir='ltr' id='par_1_116' title="bbox 1024 2587 1812 2623">
     <span class='ocr_line' id='line_1_116' title="bbox 1024 2587 1812 2623; baseline -0.003 -7"><span class='ocrx_word' id='word_1_901' title='bbox 1024 2588 1144 2616; x_wconf 85' lang='lat' dir='ltr'>alienum</span> <span class='ocrx_word' id='word_1_902' title='bbox 1162 2592 1300 2615; x_wconf 83' lang='lat' dir='ltr'>censetur.</span> <span class='ocrx_word' id='word_1_903' title='bbox 1326 2587 1374 2614; x_wconf 81' lang='lat' dir='ltr'>llis</span> <span class='ocrx_word' id='word_1_904' title='bbox 1399 2591 1490 2614; x_wconf 76' lang='lat' dir='ltr'>autem</span> <span class='ocrx_word' id='word_1_905' title='bbox 1516 2588 1554 2615; x_wconf 89' lang='lat' dir='ltr'>ita</span> <span class='ocrx_word' id='word_1_906' title='bbox 1574 2588 1703 2623; x_wconf 82' lang='lat' dir='ltr'>peractis,</span> <span class='ocrx_word' id='word_1_907' title='bbox 1723 2588 1812 2623; x_wconf 75' lang='lat' dir='ltr'>pergit</span> 
     </span>
    </p>
   </div>
   <div class='ocr_carea' id='block_1_117' title="bbox 1020 2632 1812 2668">
    <p class='ocr_par' dir='ltr' id='par_1_117' title="bbox 1020 2632 1812 2668">
     <span class='ocr_line' id='line_1_117' title="bbox 1020 2632 1812 2668; baseline -0.001 -7"><span class='ocrx_word' id='word_1_908' title='bbox 1020 2633 1104 2661; x_wconf 84' lang='lat' dir='ltr'>Judas</span> <span class='ocrx_word' id='word_1_909' title='bbox 1115 2633 1140 2659; x_wconf 92' lang='lat' dir='ltr'>in</span> <span class='ocrx_word' id='word_1_910' title='bbox 1157 2640 1220 2660; x_wconf 90' lang='lat' dir='ltr'>eum</span> <span class='ocrx_word' id='word_1_911' title='bbox 1232 2632 1334 2664; x_wconf 87' lang='lat' dir='ltr'>locum,</span> <span class='ocrx_word' id='word_1_912' title='bbox 1347 2639 1428 2666; x_wconf 89' lang='lat' dir='ltr'>quem</span> <span class='ocrx_word' id='word_1_913' title='bbox 1441 2632 1493 2659; x_wconf 89' lang='lat' dir='ltr'>sibi</span> <span class='ocrx_word' id='word_1_914' title='bbox 1503 2633 1559 2668; x_wconf 82' lang='lat' dir='ltr'>jam</span> <span class='ocrx_word' id='word_1_915' title='bbox 1571 2633 1650 2660; x_wconf 91' lang='lat' dir='ltr'>initio</span> <span class='ocrx_word' id='word_1_916' title='bbox 1660 2640 1812 2668; x_wconf 88' lang='lat' dir='ltr'>proposue-</span> 
     </span>
    </p>
   </div>
   <div class='ocr_carea' id='block_1_118' title="bbox 1021 2678 1811 2715">
    <p class='ocr_par' dir='ltr' id='par_1_118' title="bbox 1021 2678 1811 2715">
     <span class='ocr_line' id='line_1_118' title="bbox 1021 2678 1811 2715; baseline -0.003 -7"><span class='ocrx_word' id='word_1_917' title='bbox 1021 2684 1072 2708; x_wconf 89' lang='lat' dir='ltr'>rat.</span> <span class='ocrx_word' id='word_1_918' title='bbox 1087 2681 1146 2715; x_wconf 86' lang='lat' dir='ltr'>Ipsa</span> <span class='ocrx_word' id='word_1_919' title='bbox 1164 2687 1230 2707; x_wconf 90' lang='lat' dir='ltr'>vero</span> <span class='ocrx_word' id='word_1_920' title='bbox 1256 2678 1289 2706; x_wconf 89' lang='lat' dir='ltr'>ad</span> <span class='ocrx_word' id='word_1_921' title='bbox 1310 2679 1396 2713; x_wconf 78' lang='lat' dir='ltr'>patris</span> <span class='ocrx_word' id='word_1_922' title='bbox 1418 2679 1531 2706; x_wconf 90' lang='lat' dir='ltr'>domum</span> <span class='ocrx_word' id='word_1_923' title='bbox 1548 2679 1750 2711; x_wconf 84' lang='lat' dir='ltr'>revertebatur,</span> <span class='ocrx_word' id='word_1_924' title='bbox 1764 2687 1811 2714; x_wconf 90' lang='lat' dir='ltr'>spo</span> 
     </span>
    </p>
   </div>
   <div class='ocr_carea' id='block_1_119' title="bbox 1022 2719 1813 2760">
    <p class='ocr_par' dir='ltr' id='par_1_119' title="bbox 1022 2719 1813 2760">
     <span class='ocr_line' id='line_1_119' title="bbox 1022 2719 1813 2760; baseline -0.004 -6"><span class='ocrx_word' id='word_1_925' title='bbox 1022 2727 1092 2754; x_wconf 90' lang='lat' dir='ltr'>bona</span> <span class='ocrx_word' id='word_1_926' title='bbox 1102 2729 1194 2753; x_wconf 82' lang='lat' dir='ltr'>erecta</span> <span class='ocrx_word' id='word_1_927' title='bbox 1207 2725 1280 2760; x_wconf 90' lang='lat' dir='ltr'>quod</span> <span class='ocrx_word' id='word_1_928' title='bbox 1300 2719 1511 2760; x_wconf 63' lang='lat' dir='ltr'>esset&#39;gravida.</span> <span class='ocrx_word' id='word_1_929' title='bbox 1536 2725 1613 2758; x_wconf 86' lang='lat' dir='ltr'>Quod</span> <span class='ocrx_word' id='word_1_930' title='bbox 1638 2725 1684 2752; x_wconf 92' lang='lat' dir='ltr'>ubi</span> <span class='ocrx_word' id='word_1_931' title='bbox 1702 2725 1813 2752; x_wconf 82' lang='lat' dir='ltr'>rescivit</span> 
     </span>
    </p>
   </div>
   <div class='ocr_carea' id='block_1_120' title="bbox 1021 2770 1818 2805">
    <p class='ocr_par' dir='ltr' id='par_1_120' title="bbox 1021 2770 1818 2805">
     <span class='ocr_line' id='line_1_120' title="bbox 1021 2770 1818 2805; baseline -0.004 -4"><span class='ocrx_word' id='word_1_932' title='bbox 1021 2773 1114 2805; x_wconf 84' lang='lat' dir='ltr'>Judas,</span> <span class='ocrx_word' id='word_1_933' title='bbox 1127 2770 1304 2799; x_wconf 85' lang='lat' dir='ltr'>occidendam</span> <span class='ocrx_word' id='word_1_934' title='bbox 1317 2778 1376 2797; x_wconf 85' lang='lat' dir='ltr'>esse</span> <span class='ocrx_word' id='word_1_935' title='bbox 1388 2770 1436 2803; x_wconf 87' lang='lat' dir='ltr'>ait,</span> <span class='ocrx_word' id='word_1_936' title='bbox 1448 2775 1574 2805; x_wconf 83' lang='lat' dir='ltr'>tanquam</span> <span class='ocrx_word' id='word_1_937' title='bbox 1586 2771 1746 2799; x_wconf 84' lang='lat' dir='ltr'>adulteram.</span> <span class='ocrx_word' id='word_1_938' title='bbox 1758 2770 1818 2798; x_wconf 74' lang='lat' dir='ltr'>Sed.</span> 
     </span>
    </p>
   </div>
   <div class='ocr_carea' id='block_1_121' title="bbox 1024 2861 1532 2899">
    <p class='ocr_par' dir='ltr' id='par_1_121' title="bbox 1024 2861 1532 2899">
     <span class='ocr_line' id='line_1_121' title="bbox 1024 2861 1532 2899; baseline -0.012 -6"><span class='ocrx_word' id='word_1_939' title='bbox 1024 2867 1045 2882; x_wconf 73' lang='grc'>’⁸</span> <span class='ocrx_word' id='word_1_940' title='bbox 1067 2865 1134 2892; x_wconf 84' lang='lat' dir='ltr'>Ibid.</span> <span class='ocrx_word' id='word_1_941' title='bbox 1159 2865 1193 2899; x_wconf 64' lang='grc' dir='ltr'>,ν</span> <span class='ocrx_word' id='word_1_942' title='bbox 1209 2863 1276 2890; x_wconf 87' lang='lat' dir='ltr'>Ibid.</span> <span class='ocrx_word' id='word_1_943' title='bbox 1316 2864 1337 2879; x_wconf 85' lang='lat'><strong>&quot;</strong></span> <span class='ocrx_word' id='word_1_944' title='bbox 1355 2861 1421 2889; x_wconf 89' lang='lat' dir='ltr'>Ibid.</span> <span class='ocrx_word' id='word_1_945' title='bbox 1440 2861 1532 2889; x_wconf 67' lang='lat'>13-15.</span> 
     </span>
    </p>
   </div>
  </div>
