1990 3050
188 119 236 148 Sil

692 122 718 150 S.
739 122 875 150 C‘l'RlLLl
895 123 1130 152 ALEXANDle
1149 125 1308 153 ARCHIEP.

1773 127 1827 155 δη

187 189 250 211 cum
263 183 319 219 jam
339 185 366 212 in
379 187 510 214 extremis
527 191 610 220 esset,
629 186 749 214 ostendit
765 187 790 214 ei
810 186 938 214 baculum
955 192 979 213 el

1036 187 1127 214 ἑστίαν
1145 187 1332 223 ἀνεκομίζετο,
1349 187 1395 214 καὶ
1410 187 1442 223 δὴ
1460 188 1507 215 καὶ
1518 188 1547 215 ἐν
1566 187 1639 223 καλῷ
1654 187 1703 223 τῆς
1721 187 1827 221 ἐλπίδος

186 228 304 264 reliqua,
318 230 434 259 dicens:
456 242 464 258 ι
481 232 520 259 Ex
540 232 587 259 illo
599 232 711 260 homine
733 232 813 267 cuius
824 231 883 258 haec
906 235 980 263 sunt,

185 282 251 309 gero
273 280 392 304 uterum.
412 278 446 305 Et
469 278 709 314 dixit:Cognosce
723 278 864 313 cujusnam
886 277 921 304 sit
936 277 982 305 hic

185 322 367 356 aunulus,‘et
388 324 499 358 monile,
523 328 551 352 et
571 325 687 352 baculus
704 324 765 351 iste.
786 323 871 351 Judas
890 327 982 351 autem

186 369 313 403 cognovit
327 373 356 397 et
378 369 466 398 dixit:
481 370 599 398 Thamar
615 370 764 406 justificata
786 374 828 397 est
853 377 909 407 prae
927 378 980 398 me.

184 413 274 446 Quare
291 422 346 443 non
359 416 421 443 dedi
433 424 494 444 eam
510 416 566 443 lilio
590 423 652 442 meo
669 415 779 442 Selom?
792 423 843 442 nec
866 415 982 450 amplius

185 461 285 497 adjecit
300 466 330 489 ut
347 467 527 498 cognosceret
539 470 609 489 eam.
635 461 744 489 Accidit
762 465 854 488 autem
871 461 982 496 quando

184 507 303 542 peperit,
317 511 345 535 ct
355 507 457 542 gemini
471 511 549 534 erant
563 506 591 533 in
604 510 682 534 utero
694 507 763 542 ejus.
776 506 900 541 Cumque
911 511 983 534 esset

185 553 212 579 in
225 558 317 588 partu,
334 562 406 581 unus
423 554 521 581 extulit
540 561 651 581 manum
671 561 758 581 suam.
777 553 915 582 Obstetrix
935 563 983 582 au-

185 604 241 626 tem
252 604 366 634 accepto
383 600 506 632 coccino,
525 599 620 635 ligavit
631 607 694 627 eum
714 600 742 627 in
760 608 870 627 manum
884 600 980 635 ipsius,

186 643 300 672 dicens:
313 644 365 672 iste
381 644 538 680 egredietur
552 645 638 680 prior.
659 645 694 673 At
708 645 756 673 ubi
772 654 884 673 manum
897 651 982 676 retra-

185 688 235 721 xit,
250 689 324 717 illico
340 698 468 726 egrcssus
480 695 523 718 est
541 691 626 718 frater
639 692 708 727 ejus.
730 692 769 719 Ea
785 697 876 719 autem
891 692 959 720 dixit
973 702 979 719 ε

184 734 274 768 Quare
286 741 400 771 propter
414 740 440 764 te
457 737 613 772 interrupta
626 738 816 770 estmaceria?
827 738 862 767 Et
873 739 981 766 vocavit

184 788 284 809 nomen
304 782 374 817 ejus,
389 782 502 811 Phares.
526 784 624 811 Postea
636 789 664 812 et
678 785 763 812 frater
777 785 839 820 ejus
854 793 981 820 egressus

183 829 236 859 est,
249 826 277 853 in
290 827 368 862 cujus
380 836 462 856 manu
475 833 534 856 erat
545 829 700 862 coccinum,
717 833 745 858 et
756 830 864 858 vocavit
877 837 979 858 nomen

1036 231 1070 269 ἦν
1084 233 1255 269 κυοφοροῦσα
1276 233 1377 261 λοιπόν.
1399 234 1507 270 Ἐπειδὴ
1528 234 1556 261 δὲ
1572 234 1651 262 τοῦτο
1664 234 1826 270 μεμάθηκεν

1035 279 1050 305 6
1076 278 1186 311 Ἰούδας,
1201 279 1329 306 τεθνάναι
1349 279 1404 307 δεῖν
1420 279 1472 316 ἔφη
1488 279 1518 308 τὸ
1532 279 1643 314 γύναιον
1667 280 1704 312 ὡς
1720 289 1825 316 πεπορ-

1036 324 1174 360 νευμένον.
1197 324 1241 356 Ὠς
1259 324 1287 351 δὲ
1310 322 1345 360 ἦν
1369 325 1397 351 ἐν
1416 325 1552 360 ἐσχάτοις,
1576 324 1735 360 παρέδειξεν
1752 324 1826 359 αὐτῷ

1033 370 1084 405 τὴν
1100 370 1199 406 ῥάϐδον
1214 370 1306 398 καὶτὰ
1319 369 1411 402 λοιπὰ,
1426 370 1553 405 λέγουσα·
1571 380 1580 397 ι
1602 369 1649 398 Ἐκ
1660 369 1705 396 τοῦ
1724 369 1827 405 ἀνθρὼ-

1035 425 1087 443 που
1104 413 1210 448 οὗτινος
1230 416 1318 444 ταῦτά
1333 417 1418 449 ἐστιν,
1439 416 1495 452 ἐγὼ
1513 417 1543 443 ὲν
1566 417 1666 452 γαστρὶ
1686 416 1749 452 ἔχω.
1768 417 1826 444 Καὶ

1033 460 1120 488 εἶπεν·
1144 462 1290 497 Ἐπίγνωθι
1302 462 1373 494 τίνος
1391 463 1406 489 6
1419 462 1571 496 δακτύλιος,
1591 463 1638 490 καὶ
1653 463 1666 489 6
1682 463 1824 498 ὁρμίσκος,

1034 508 1079 535 καὶ
1100 509 1117 543 ἡ
1137 508 1233 543 ῥάϐδος
1252 507 1334 544 αὕτη.
1361 508 1486 543 Ἑπέγνω
1510 509 1538 535 δὲ
1561 508 1662 540 Ἰούδας
1683 509 1730 535 καὶ
1751 506 1824 539 εἷπε,

1032 553 1204 581 δεδικαίωται
1215 553 1314 589 Θάμαρ
1329 553 1345 589 ἢ
1368 552 1432 588 ἐγὼ.
1446 549 1484 580 Οἶ)
1504 552 1587 580 ἕνεκα
1601 552 1652 579 οὐκ
1667 551 1755 578 ἔδωκα
1773 551 1824 578 αὐ-

1032 599 1081 634 τὴν
1099 599 1200 635 Σηλὼμ
1211 599 1250 634 τῷ
1265 599 1316 634 υίῷ
1333 608 1402 634 μου;
1419 599 1475 625 Καὶ
1489 599 1519 625 οὐ
1536 598 1685 634 προσέθετο
1698 598 1738 624 ἔτι
1752 597 1825 631 γνῶ-

1032 655 1075 673 ναι
1097 646 1193 681 αὐτήν.
1218 645 1341 680 Ἐγένετο
1369 645 1413 677 δὲ,
1430 645 1528 681 φησιν,
1542 645 1626 681 ἡνίκα
1645 644 1749 675 ἔτικτε,
1776 644 1825 671 καὶ

1031 692 1094 729 τῇδε
1106 690 1139 729 ἦν
1153 692 1252 728 δίδυμα
1272 693 1301 719 ὲν
1319 693 1353 728 τῇ
1371 691 1471 727 γαστρὶ
1490 691 1587 726 αὐτῆς.
1607 690 1731 725 Ἐγένετο
1748 689 1777 716 δὲ
1794 691 1824 716 ὲν

1030 739 1070 773 τῷ
1084 739 1188 766 τίκτειν
1203 738 1306 774 αὐτὴν,
1325 738 1339 765 6
1355 734 1396 770 εἷς
1414 737 1601 773 προεξήνεγκε
1615 736 1664 773 τὴν
1680 737 1759 772 χεῖρα
1776 737 1824 763 αὐ-

1030 785 1087 813 τοῦ.
1101 785 1228 812 Λαὸοῦσα
1237 784 1265 811 δὲ
1281 785 1296 820 ἡ
1314 784 1392 820 μαῖα,
1406 783 1501 819 ἔδησεν
1517 783 1563 809 ἐπὶ
1576 783 1626 818 τὴν
1644 783 1725 818 χεῖρα
1739 782 1823 809 αὑτοῦ

1031 831 1174 865 κόκκινον,
1189 831 1320 866 λέγουσα·
1336 826 1418 862 Οὗτος
1440 829 1610 862 ἐξελεύσεται
1627 829 1766 864 πρότερος·
1785 827 1824 860 ὡς

184 872 244 907 ejus
254 872 322 900 Zara
335 874 368 902 “.
386 884 395 900 ι
413 875 502 910 Atque
528 875 586 903 ha=c
597 875 708 910 quidem
723 877 935 904 commemoravi
948 884 979 904 ex

1032 877 1060 904 δὲ
1080 877 1268 913 ἑπισυνὴγαγε
1286 877 1334 912 τὴν
1353 877 1442 912 χεῖρα,
1459 876 1540 908 εὐθὺς
1551 875 1662 910 ἐξῆλθεν
1681 876 1694 902 6
1710 873 1824 908 ἀδελφὸς

185 918 286 946 littera.
303 919 405 948 Sensus
414 924 505 948 autem
526 928 632 955 eorum,
653 930 714 959 quae
734 922 811 949 utilia
824 926 899 954 sunt,
915 922 980 950 abs-

185 969 279 993 trusus
300 969 353 999 est,
366 974 449 1007 quem
473 972 501 995 et
515 967 647 995 brevibus
662 967 801 1006 quomodo
813 976 842 996 se
869 968 978 1001 habeat,

181 1020 324 1042 eruemus.

1031 924 1124 951 αὑτοῦ.
1147 924 1179 950 Ἦ
1194 923 1222 951 δὲ
1236 922 1308 950 εἶπε·
1329 922 1361 949 Τί
1379 922 1492 958 διεκόπη
1508 922 1552 949 διὰ
1566 923 1595 948 σὲ
1612 921 1737 957 φραγμός
1748 929 1756 954 ;
1767 919 1824 947 Καὶ

1032 970 1145 998 ἐκάλεσε
1157 969 1187 996 τὸ
1202 969 1287 1004 ὄνομα
1297 969 1392 1000 αὑτοῦ,
1406 969 1504 1003 Φαρές.
1521 967 1599 995 Μετά
1615 967 1694 993 τοῦτο
1711 965 1824 1001 ἐξῆλθεν

1031 1017 1046 1043 6
1060 1016 1172 1050 ἀδελφὸς
1193 1015 1276 1043 αὐτοῦ
1289 1036 1296 1048 ,
1320 1015 1361 1050 ἐφ’
1381 1012 1418 1049 ᾧν
1435 1012 1469 1050 ἦν
1489 1015 1518 1040 ἐν
1537 1015 1570 1049 τῇ
1590 1013 1663 1050 χειρὶ
1688 1011 1769 1040 αὑτοῦ
1792 1011 1824 1038 τὸ

184 1059 323 1087 κόκκινον·
343 1060 390 1087 καὶ
407 1061 521 1088 ἐκάλεσε
539 1061 570 1088 τὸ
588 1061 674 1097 ὄνομα
691 1061 786 1094 αὐτοῦ,
807 1062 892 1097 Ζαρᾶ.
912 1071 921 1087 ι
944 1062 1000 1089 Kal.
1018 1063 1096 1089 ταυτὶ
1126 1063 1174 1097 μὲν
1189 1061 1257 1097 ἔφην
1273 1062 1326 1088 ἀπό
1343 1070 1374 1096 γε
1393 1061 1440 1087 τοῦ
1459 1060 1633 1096 γράμματος.
1653 1058 1823 1095 Κεκρυμμέ-

183 1113 228 1138 νος
245 1106 274 1132 δὲ
293 1107 374 1134 πάλιν
388 1108 442 1134 τῶν
459 1108 617 1142 ἀναγκαίων
636 1109 650 1134 6
669 1107 740 1140 νοῦς.
764 1108 812 1135 Ὃν
832 1109 879 1136 καὶ
894 1108 968 1139 ὅπως
987 1108 1020 1135 ἃν
1034 1108 1101 1142 ἕλοι,
1121 1107 1337 1142 διασκεψάμεθα,
1353 1106 1400 1133 καὶ
1415 1106 1465 1132 οὐκ
1484 1107 1524 1137 εἰς
1540 1104 1661 1140 μακράν.

218 1151 394 1187 2.1mprimis
406 1153 489 1188 igitur
509 1153 575 1180 illud
596 1153 744 1180 dicendum
762 1157 805 1180 est
823 1153 909 1188 quod,
929 1153 982 1180 etsi

183 1196 239 1224 sint
249 1197 373 1231 quaadam
386 1205 510 1232 personrc
528 1198 659 1233 insignes,
674 1206 735 1233 qua:
747 1198 850 1233 aliquid
866 1206 921 1225 non
932 1197 980 1225 ad—

183 1243 295 1270 modum
325 1243 440 1271 honeste
468 1245 584 1279 gessisse
609 1245 862 1279 deprehendantur,
890 1249 980 1272 tamen

183 1296 246 1317 cum
263 1289 335 1316 Deus
347 1297 397 1325 per
404 1290 453 1318 has
465 1290 568 1326 aliquid
583 1290 656 1325 quod
667 1290 701 1318 ad
716 1291 832 1318 salutem
842 1291 980 1326 expediat,

182 1336 212 1363 in
230 1344 306 1364 sacra
322 1337 464 1372 Scriptura
475 1337 686 1370 subministrat,
702 1338 866 1372 repellamus
882 1339 978 1372 procul

183 1390 199 1409 a
212 1383 293 1410 nobis
304 1382 331 1410 id
348 1383 421 1418 quod
439 1383 579 1411 offendere
593 1383 680 1418 possit
696 1392 702 1410 :
721 1383 744 1410 si
765 1384 845 1411 modo
868 1384 977 1418 sapien-

181 1427 221 1456 l'a
233 1432 260 1456 et
270 1429 423 1457 intellectus
434 1429 515 1457 nobis
525 1436 598 1457 cura:
611 1429 675 1462 sint,
692 1437 780 1464 neque
791 1429 870 1465 plane
883 1438 978 1457 eorum

184 1482 244 1511 quae
259 1475 293 1504 ad
310 1483 368 1502 rem
385 1480 509 1503 nostram
523 1479 658 1511 spectant,
677 1476 764 1511 ignari
786 1476 881 1503 simus.
897 1475 978 1511 Cogi-

185 1526 272 1548 temus
287 1521 360 1549 enim
375 1522 449 1558 quod
468 1526 496 1549 et
512 1523 608 1550 beatus
629 1523 762 1558 propheta
779 1522 863 1550 Oseas
878 1523 977 1550 mulie-

1068 1153 1099 1187 β’.
1120 1152 1228 1188 Χρῆναι
1244 1152 1272 1179 δὲ
1288 1151 1365 1187 οἶμαι
1379 1152 1426 1178 καὶ
1440 1151 1494 1187 πρό
1512 1159 1544 1184 γε
1561 1150 1615 1177 τῶν
1633 1150 1719 1177 ἄλλων
1735 1150 1824 1176 ἐκεῖνο

1030 1199 1127 1231 εἰπεῖν,
1146 1199 1187 1225 ὅτι
1211 1198 1263 1225 κᾶν
1284 1199 1308 1225 ει
1322 1197 1444 1232 γένοιντό
1466 1206 1525 1228 πως
1539 1198 1566 1224 ἐν
1584 1198 1641 1229 τοῖς
1664 1196 1695 1222 οὺ
1718 1197 1822 1232 σφόδρα

1030 1245 1138 1278 σεμνοῖς
1151 1245 1176 1270 οἱ
1198 1244 1276 1276 δόξαν
1300 1243 1408 1279 ἔχοντες
1431 1243 1480 1279 τὴν
1499 1242 1617 1277 διαφανῆ
1648 1242 1725 1277 παρά
1738 1251 1770 1276 γε
1788 1243 1822 1278 τῇ

1031 1289 1203 1325 Θεοπνεύστῳ
1218 1290 1325 1325 Γραφῇ,
1343 1289 1412 1317 Θεοῦ
1423 1289 1516 1316 τιτῶν
1533 1288 1690 1323 ἀναγκαίων
1706 1289 1745 1320 εἰς
1759 1288 1822 1323 ὄνη-

1031 1346 1073 1364 σιν
1091 1334 1119 1363 εὖ
1136 1336 1209 1372 μάλα
1222 1336 1419 1371 διοικουμένου,
1434 1335 1590 1370 διωσόμεοά
1604 1343 1648 1361 ποι
1666 1335 1773 1370 μακρὰν
1791 1334 1822 1361 τὸ

1029 1384 1062 1411 ὲκ
1078 1382 1124 1410 τοῦ
1146 1382 1368 1415 σκανδαλίζεσθαι
1380 1380 1492 1418 βλάϐος·
1509 1383 1533 1409 εἰ
1544 1381 1576 1408 ἐν
1590 1381 1662 1416 λόγῳ
1673 1380 1823 1415 ποιούμεθα

1030 1430 1060 1457 τὸ
1082 1428 1151 1456 εἶναι
1174 1429 1251 1464 σοφοὶ
1275 1430 1322 1457 καὶ
1344 1429 1480 1465 ἀγχίνοοι,
1504 1429 1550 1456 καὶ
1569 1428 1622 1455 τῶν
1642 1427 1822 1462 οἰκονομικῶς

1029 1477 1231 1512 χρειωδέστατα
1243 1476 1389 1512 δρωμένων
1402 1477 1451 1503 οὐκ
1462 1475 1687 1511 ἀνεπιστήμονες.
1709 1474 1822 1501 Ἐννοῶ-

1031 1531 1080 1557 μεν
1093 1521 1156 1556 γὰρ,
1170 1522 1211 1548 ὅτι
1221 1521 1268 1548 καὶ
1281 1523 1295 1548 6
1308 1521 1443 1557 μακάριος
1452 1521 1594 1556 προφήτης
1611 1519 1690 1553 Ὠσηὲ
1705 1520 1822 1553 γυναῖκα

186 1575 242 1595 rem
265 1568 438 1596 meretricem
456 1569 508 1596 sibi
522 1569 694 1608 conduxerit,
716 1577 806 1604 neque
824 1569 892 1596 adeo
908 1569 978 1596 infa-

1032 1569 1082 1603 μὲν
1099 1568 1201 1604 πόρνην
1217 1568 1305 1603 ἑαυτῷ
1318 1566 1521 1603 κατεμισθοῦτό
1535 1575 1612 1599 ποτε,
1635 1567 1682 1593 καὶ
1694 1565 1737 1592 τὸν
1751 1565 1822 1592 οὕτω

186 1620 243 1640 mes
261 1614 371 1648 nuptias
384 1614 528 1646 recusarit,
552 1619 580 1641 et
596 1614 714 1641 filiorum
727 1615 884 1642 odiosorum
898 1619 976 1649 pater

185 1661 297 1685 vocatus
310 1659 363 1691 sit;
379 1666 496 1694 quorum
512 1659 623 1688 nomina
637 1659 747 1686 fuerunt
768 1669 773 1686 :
795 1669 803 1684 ι
819 1660 877 1686 Non
890 1667 977 1694 popu—

185 1705 228 1731 lus
244 1711 335 1737 meus;
350 1714 358 1730 ι
374 1708 412 1737 et,
426 1714 435 1730 ι
452 1704 512 1732 Non
528 1705 744 1732 misericordiam
762 1705 947 1732 consecuta“.
964 1714 972 1731 ι

186 1749 289 1785 Ecquid
304 1750 357 1777 sibi
371 1751 430 1778 vult
442 1751 500 1778 hzec
516 1751 580 1778 res?
593 1751 706 1779 Ediccre
716 1759 770 1778 non
781 1751 975 1778 rcformidabo.

185 1795 253 1822 Nam
262 1800 439 1831 posteaquam
455 1797 492 1823 illi
506 1797 552 1831 qui
576 1797 676 1825 summi
695 1801 723 1824 et
745 1797 883 1832 principes
899 1801 978 1824 erant

186 1841 214 1868 in
238 1841 335 1874 israel,
365 1842 582 1870 adversabantur
607 1843 750 1877 praeconiis
769 1843 976 1878 prophetarum,

187 1887 366 1923 ingratusque
380 1888 420 1916 eis
430 1893 489 1916 erat
504 1897 594 1920 sermo
617 1889 742 1922 divinus,
770 1889 848 1924 196
861 1889 979 1916 faciebat

187 1933 326 1961 interdum
336 1933 409 1961 Deus
422 1941 471 1971 per
484 1941 549 1961 suos
569 1939 678 1962 sanctos
691 1935 824 1969 ejusmodi
843 1943 848 1960 :
863 1938 893 1960 ut
903 1935 978 1961 scili-

187 1986 231 2010 cet
244 1989 277 2010 ex
294 1982 337 2009 his
357 1990 417 2017 qua:
440 1981 560 2014 ﬁebant,
575 1982 668 2009 futura
688 1982 898 2017 prospicientes,
917 1987 978 2009 tan-

186 2037 268 2067 quam
290 2030 318 2056 in
336 2029 427 2057 tabula
448 2028 589 2064 splendide
606 2032 633 2055 et
656 2036 785 2063 expresse
806 2028 923 2064 depicta,
945 2029 978 2056 ad

187 2076 230 2106 sui
243 2075 378 2104 commodi
392 2075 596 2110 inquisitionem
610 2074 716 2101 animos
725 2079 927 2108 converterent,
937 2079 979 2103 at-

187 2129 242 2157 que
265 2121 332 2149 illud
347 2120 421 2156 quod
437 2120 509 2148 foret
531 2120 654 2146 salutare
673 2120 747 2146 omni
772 2120 864 2146 studio
884 2128 976 2155 perse-

187 2171 348 2207 querentur,
366 2167 492 2201 idemque
516 2169 544 2192 et
568 2164 628 2192 aliis
654 2163 808 2192 faciendum
831 2165 980 2200 persuade-

188 2218 260 2241 rent.
281 2213 428 2240 Discebant
448 2212 522 2239 enim
550 2211 615 2238 hinc
640 2210 713 2246 quod
735 2211 790 2239 sint
813 2211 900 2239 futuri
925 2219 980 2239 non

1027 1615 1241 1650 διαϐεϐλημένον
1256 1615 1285 1641 οὐ
1306 1616 1453 1650 παρῃτεῖτο
1473 1614 1572 1649 γάμον,
1586 1613 1633 1640 καὶ
1647 1613 1749 1638 τέκνων
1765 1611 1820 1638 ἁπ-

1028 1660 1192 1695 ηχοημὲνων
1217 1661 1407 1696 κεχρημάτικε
1437 1660 1548 1695 πατήρ·
1575 1657 1615 1690 οἷς
1631 1655 1665 1693 ἦν
1679 1658 1818 1692 ὀνόματα·

1032 1716 1039 1731 ι
1062 1708 1098 1732 0-)
1115 1707 1178 1739 λαός
1202 1716 1270 1741 μου,
1299 1707 1392 1737 ικαὶ,
1418 1717 1428 1733 ε
1450 1708 1507 1734 Οὐκ
1526 1707 1678 1744 ὴλεημένη.
1699 1716 1707 1732 ι
1724 1705 1780 1733 Καὶ
1793 1705 1821 1732 τί

1029 1753 1058 1778 τὸ
1079 1753 1173 1788 χρῆμα
1197 1753 1246 1780 καὶ
1278 1754 1324 1780 ἐπὶ
1345 1753 1416 1780 τίσιν
1439 1753 1600 1788 ἐπράττετο,
1633 1753 1753 1780 διειπεῐνν
1771 1752 1821 1778 οὐκ

1029 1799 1193 1834 ὀκνήσομεν.
1215 1799 1324 1834 Ἐπειδὴ
1338 1799 1393 1834 γὰρ
1408 1802 1464 1831 τοῖς
1480 1801 1535 1826 τῶν
1551 1799 1697 1834 προφητῶν
1713 1797 1818 1834 κηρύγ-

1031 1854 1112 1881 μασιν
1128 1845 1305 1882 ἀντεφέροντο
1316 1846 1370 1873 τῶν
1381 1846 1409 1879 ἐξ
1427 1846 1535 1882 Ἰσραὴλ
1551 1847 1574 1873 οἱ
1592 1846 1733 1877 δοκοῦντες·
1751 1843 1824 1872 εἶναι

1030 1890 1272 1926 περιφανέστατοι,
1295 1891 1340 1918 καὶ
1355 1891 1544 1925 ἀπαράδεκτος
1559 1892 1651 1923 αὐτοῖς
1673 1891 1687 1917 6
1701 1890 1772 1922 Θεῖος
1786 1888 1820 1926 ἦν

1029 1937 1126 1970 λόγος·
1144 1937 1294 1972 ἐπράττετο
1315 1937 1359 1963 διὰ
1379 1937 1432 1966 τῶν
1450 1937 1535 1972 ἁγίων
1555 1939 1646 1965 ὲκεῖνα
1666 1937 1736 1964 κατὰ
1756 1945 1821 1962 και-

1032 1982 1103 2016 ροὺς,
1120 1982 1163 2009 ἴνα
1180 1981 1231 2009 κᾶν
1249 1982 1314 2016 γοῦν
1332 1983 1360 2008 ἐν
1374 1982 1464 2014 αὐτοῖς
1479 1983 1534 2014 τοῖς
1550 1982 1699 2018 δρωμένοις
1713 1982 1746 2009 τὰ
1759 1981 1820 2009 ἐσό-

1032 2037 1099 2063 μενα
1127 2027 1271 2063 βλέποντες
1294 2027 1419 2064 καθάπερ
1443 2029 1471 2055 ἑν
1494 2028 1587 2055 πίνακι
1614 2028 1748 2065 λαμπρῶς
1775 2029 1822 2056 καὶ

1031 2073 1181 2108 ἀναφανδὸν
1195 2074 1379 2108 γεγραμμένα
1390 2093 1396 2105 ,
1419 2073 1489 2109 πρὸς
1502 2074 1551 2110 τὴν
1570 2072 1617 2100 τοῦ
1635 2074 1822 2109 συμφέροντος

1030 2118 1139 2154 εὕρεσιν
1165 2119 1307 2146 καταθεῖεν
1333 2118 1378 2145 τὸν
1399 2119 1474 2152 νοῦν,
1493 2120 1540 2146 καὶ
1564 2119 1631 2155 πρός
1654 2128 1686 2154 γε
1708 2119 1739 2145 τὸ
1765 2119 1822 2146 δεῖν

1031 2165 1139 2192 ἑλέσθαι
1158 2165 1189 2191 τὺ
1208 2165 1330 2200 ὠφελοῦν
1349 2165 1426 2192 αὐτοί
1448 2174 1477 2192 τε
1499 2167 1738 2201 μεταφοιτήσειαν,
1756 2166 1822 2192 ἀνα-

1033 2212 1150 2239 πείθοιεν
1164 2212 1192 2239 δὲ
1207 2213 1254 2239 καὶ
1270 2212 1391 2248 ἑτέρους.
1408 2212 1574 2248 Ἑμάνθανον
1588 2213 1653 2248 γὰρ,
1669 2213 1711 2239 ὅτι
1727 2212 1774 2239 καὶ
1790 2213 1822 2239 οὐ

188 2260 315 2294 populus,
344 2263 372 2286 et
388 2258 460 2286 inter
490 2266 537 2285 eos
563 2258 664 2293 quibus
687 2258 882 2286 misericordiae
908 2258 979 2286 fores

1032 2259 1095 2290 λαὸς
1107 2258 1211 2285 ἔσονται
1222 2258 1292 2285 κατὰ
1303 2243 1425 2294 καιροὺς,
1437 2243 1484 2285 καὶ
1496 2259 1524 2284 ὲν
1533 2260 1588 2291 τοῖς
1594 2243 1651 2285 ὀὐκ
1661 2259 1727 2293 ὴλεη
1732 2258 1824 2293 μένοις

189 2306 290 2337 clausa:
307 2309 371 2332 sunt
391 2305 564 2333 numerandi.
582 2304 723 2341 Siquidem
735 2305 795 2332 duri
811 2309 839 2331 et
854 2305 980 2332 immori-

190 2352 248 2387 geri
260 2351 381 2378 fuerunt.
393 2351 434 2378 An
450 2358 505 2378 non
532 2355 560 2378 et
575 2351 674 2378 talibus
690 2351 794 2378 morbis
809 2351 979 2384 laborarunt,

191 2402 272 2431 atque
298 2397 419 2431 undique
438 2396 524 2423 ferme
552 2396 672 2432 coarguti
695 2397 775 2424 sunt?
799 2397 884 2425 Porro
908 2397 981 2432 quod

191 2443 323 2478 propheta
337 2442 536 2470 cohabitaverit
547 2450 609 2470 cum
621 2447 711 2470 scorto
718 2443 751 2477 ",
763 2447 843 2479 typus
854 2449 913 2471 erat
922 2444 982 2477 Dei,

190 2489 238 2524 qui
257 2488 341 2516 veluti
361 2497 423 2516 cum
445 2489 588 2516 meretrice
614 2489 730 2524 quadam
745 2490 983 2526 impurissimaque

191 2534 316 2566 muliere,
335 2533 491 2561 Judaaorum
502 2533 605 2562 scilicet
617 2534 766 2571 Synagoga,
779 2535 922 2571 copulatus
931 2539 982 2568 cst,

191 2589 225 2608 ex
235 2589 288 2616 qua
302 2589 413 2616 gravem
428 2581 547 2609 ﬁliorum
557 2582 761 2617 generationem
773 2583 886 2617 accepit.
900 2583 983 2610 intel-

193 2628 308 2663 ligentes
323 2627 415 2662 itaque
427 2635 500 2654 nunc
514 2627 601 2655 divini
618 2627 726 2655 consilii
739 2628 796 2655 suis
815 2629 985 2664 temporibus

193 2674 327 2701 rationem
339 2677 420 2709 atque
431 2674 672 2708 dispensationem,
685 2682 856 2710 nequaquam
868 2675 986 2711 amplius

194 2719 385 2747 damnabimus
415 2720 609 2747 scortationem
629 2720 748 2746 Thamar
769 2725 797 2749 et
824 2721 910 2752 Judae,
936 2721 984 2748 sed

194 2766 286 2806 potius
301 2770 373 2794 hunc
386 2774 561 2801 congressum
582 2765 705 2793 dicemus
718 2765 802 2793 fuisse
813 2775 847 2794 ex
867 2767 914 2794 Dei
927 2768 984 2795 dis-

230 2855 252 2874 “
270 2855 336 2887 Gen.
355 2865 464 2891 xxxvm,
480 2857 577 2885 25-50.
614 2857 634 2872 “
651 2856 718 2885 Osee
737 2865 754 2891 ι,
768 2857 785 2883 ‘3
800 2858 824 2884 G.

866 2859 888 2873 ”
907 2858 973 2886 ibid.
992 2859 1014 2886 1.

1034 2305 1272 2338 κατατετάξονται,
1301 2304 1414 2340 σκληροι
1438 2313 1468 2331 τε
1484 2305 1530 2331 καὶ
1552 2305 1707 2340 ἁφιλήκοοι,
1732 2304 1780 2331 καὶ
1796 2304 1823 2330 τί

1035 2354 1087 2388 γὰρ
1112 2352 1172 2387 οὐχὶ
1201 2351 1256 2378 τῶν
1280 2352 1408 2378 τοιούτων
1433 2352 1643 2387 ὴρῤωστηκότες
1669 2351 1716 2377 καὶ
1741 2350 1833 2386 μέχρι,

1033 2397 1132 2430 παντὸς
1146 2397 1365 2433 ἐξεληλεγμένος
1381 2397 1416 2424 Τὸ
1431 2397 1458 2424 δέ
1476 2405 1507 2431 γε
1520 2399 1553 2432 τῇ
1567 2397 1653 2433 πόρνῃ
1669 2405 1823 2433 συγκατηυ-

1033 2444 1123 2471 λίσΟαι
1133 2444 1212 2478 τυχὸν
1226 2443 1271 2471 τὸν
1286 2444 1438 2480 προφήτην,
1451 2443 1537 2475 τύπος
1550 2441 1584 2479 ἦν
1597 2445 1650 2480 ἄρα
1665 2443 1743 2476 Θεοῦ,
1755 2443 1822 2470 καθ-

1034 2492 1105 2526 άπερ
1121 2491 1175 2518 τινὶ
1191 2491 1277 2527 πόρνῃ
1297 2491 1345 2517 xal.
1371 2491 1555 2526 μυσαρωτάτῃ
1580 2491 1691 2524 γυναικὶ
1709 2491 1743 2526 τῇ
1769 2490 1824 2518 τῶν

1040 2537 1172 2564 Ἰουδαίων
1188 2537 1335 2572 Συναγωγῇ
1359 2537 1547 2572 συνῳκηκότος
1565 2537 1665 2572 τρόπον
1684 2536 1760 2568 τινὰ,
1777 2537 1823 2563 καὶ

1035 2583 1137 2609 παίδων
1145 2582 1250 2617 γένεσιν
1263 2582 1311 2617 τὴν
1320 2582 1517 2617 ἀπηχθημένην
1525 2582 1571 2608 ἀπ’
1585 2581 1670 2616 αὐτῆς
1685 2582 1822 2617 ἑλομένου.

1040 2628 1209 2660 Ἐνπλοοῦντες
1229 2626 1276 2655 οὖν
1303 2629 1357 2664 ἄρα
1377 2630 1424 2663 τῆς
1442 2628 1512 2655 κατά
1537 2628 1649 2664 καιροὺς
1667 2627 1823 2663 οἰκονομίας

1032 2676 1095 2707 τοὺς
1112 2676 1245 2712 τρόπους,
1266 2674 1351 2710 ψόγου
1375 2675 1421 2702 καλ⁴
1438 2674 1574 2709 καταϐοῆς
1594 2675 1644 2709 τῆς
1668 2674 1714 2700 ἐπί
1729 2682 1760 2708 γε
1783 2673 1822 2709 τῷ

1034 2722 1192 2759 πορνεῦσαι,
1223 2723 1305 2758 φημὶ,
1329 2722 1414 2758 αὑτήν
1431 2731 1460 2749 τε
1481 2722 1530 2756 τὴν
1544 2722 1643 2757 Θάμαρ
1663 2722 1710 2748 καὶ
1731 2721 1822 2756 μέντοι

1034 2768 1081 2795 καὶ
1097 2768 1142 2794 τὸν
1172 2767 1271 2795 Ἰούδαν
1293 2769 1405 2801 εἰκότως
1427 2768 1633 2803 ἀπαλλάξομεν·
1662 2767 1769 2794 σύνοδον
1792 2767 1823 2794 δὲ
