1990 3050
161 143 215 172 313

658 147 916 178 GLAPHYRORUM
937 150 970 178 IN
988 151 1138 181 GENESIM
1157 155 1221 183 LIB.
1242 156 1285 184 Vl.

1733 165 1783 192 514

163 200 261 237 μᾶλλον
287 202 462 239 οἰκονομικὴν
488 203 615 238 γενέσθαι
636 206 736 241 φαμέν.
767 207 799 233 'H
822 208 870 243 μὲν
893 208 947 244 γὰρ

999 212 1168 246 pensatione.
1186 213 1253 241 Nam
1265 214 1309 241 illa
1325 215 1436 250 quidem
1458 216 1630 246 desiderabat
1641 226 1734 247 semen
1751 222 1781 247 li-

162 246 294 282 ὲπεθύμει
310 248 395 284 γονῆς
408 249 563 285 ἐλευθέρας,
576 250 623 277 τοῦ
638 251 708 277 κατὰ
729 251 811 287 νόμον
829 261 950 289 συνῳκη-

161 293 238 324 κότος
259 293 430 329 ὲστερημένη
444 303 450 310 ·
475 295 489 321 6
509 295 537 322 δὲ
558 294 592 331 ἦν
613 297 663 332 ήδη
687 306 745 329 πως
760 298 809 325 οὐκ
828 299 856 325 ὲν
876 300 950 335 αἰτίᾳ

161 338 244 374 πολλῇ
261 338 306 365 τοῦ
320 340 377 370 καὶ,
387 341 466 376 εῐπερ
477 341 574 374 ἕλοιτο,
589 343 724 370 συνελθεῖν
734 345 824 380 ξτέρᾳ,
837 345 950 372 τεθνεώ-

163 393 213 419 σης
226 384 300 420 αὐτῷ
311 386 359 420 τῆς
373 386 493 421 πρώτης.
507 387 657 420 Κοινωνίας
666 389 694 414 δὲ
705 389 754 424 τῆς
763 391 950 426 πνευματικῆς

165 431 212 456 καὶ
230 431 285 466 μὴν
303 432 349 458 καὶ
372 432 450 459 τόκου
466 433 511 460 τοῦ
528 434 624 469 νοητοῦ
646 435 754 467 σύνοδός
774 446 820 463 ποι
841 437 950 469 πάντως

163 477 229 511 ἡμῖν
247 478 294 503 καὶ
315 477 443 511 ἀπότεξις
465 480 608 514 σωματικὴ
631 483 833 517 καταγράψειεν
857 483 889 510 ἂν
906 485 948 518 ἐφ’

161 523 265 558 ἑαυτῆς
287 524 349 555 τοὺς
371 525 483 556 τύπους,
503 526 729 563 Χειραγωγηθεὶη
753 529 807 564 γὰρ
828 525 878 555 ὦδε
901 530 948 556 καὶ

160 570 210 605 οὐχ
233 569 334 605 ἑτέρως
350 569 383 597 ἂν
405 571 505 606 μᾶλλον
527 573 572 599 ἐπὶ
587 573 617 599 τὸ
634 573 732 609 ἀληθὲς
748 576 762 602 ὁ
781 575 948 611 ἀνθρώπινος

160 624 234 647 νους.

195 665 229 695 γ’.
251 662 433 698 Καταόἐϐηκε
449 663 538 690 τοίνυν
559 664 659 696 Ἰούδας
669 685 677 697 ,
691 666 738 692 καὶ
752 666 865 700 ἀφίκετο
880 667 948 702 πρὸς

161 706 314 743 ἄνθρωπον,
335 706 356 743 ᾦ
373 709 460 745 ὄνομα
475 711 561 746 Ἰρας.
581 711 697 743 Λιπόλος
715 712 743 738 δὲ
759 709 836 744 οὗτος
849 713 896 739 καὶ
908 722 948 739 τε-

161 753 255 788 χνίτης
263 754 296 781 τὰ
310 756 466 790 ποιμενικά.
482 756 537 783 Καὶ
546 757 593 791 τὴν
604 757 694 784 Σαϐᾶν
709 757 799 784 ἐκεῖσε
812 758 947 793 θεασάμε-

160 807 216 831 νος,
238 800 352 827 ἐποιεῖτο
378 801 426 836 μὲν
438 801 560 829 σύνοικον
570 823 577 834 ,
594 802 697 838 μητέρα
707 803 735 829 δὲ
749 803 794 830 καὶ
803 804 884 840 τριῶν
895 805 947 830 ὰπ-

144 844 245 878 κέδειξε
261 847 366 873 τέκνων
378 855 385 862 ·
405 848 458 883 Ἤρ
473 848 504 884 δὴ
518 848 590 882 λέγω
601 849 647 875 καὶ
663 849 761 881 Αὐνᾶν,
792 850 839 876 καὶ
855 850 945 885 μέντοι

161 890 209 916 καὶ
224 891 331 927 Σηλώμ.
353 892 407 919 Καὶ
426 893 440 919 6
463 893 511 928 μὲν
536 895 589 930 Ἤρ
613 894 807 929 δερμάτινος,
823 897 946 922 τουτέστι

161 936 324 970 σάρκινος,
354 939 550 974 ἑρμηνεύεται·
584 940 744 976 πεπληγὼς
769 941 797 967 δὲ
822 941 948 976 καρδίαν

160 982 264 1009 Δύνᾱψ
280 983 457 1018 ἐκσπασμὸς
478 984 507 1011 δὲ
527 986 540 1011 6
560 985 666 1021 τρίτος,
691 986 774 1022 ἤγουν
796 988 948 1020 ὑπόλυσις

160 1028 209 1055 καὶ
216 1028 580 1066 εἰρήνευσις.Κατα6ἐ6ηκε
594 1031 622 1058 δὲ
633 1033 678 1058 καὶ
686 1032 713 1065 ἐξ
722 1032 852 1068 οὐρανῶν,
861 1033 947 1060 καθά-

162 1083 215 1110 περ
229 1074 260 1101 ἐκ
280 1084 353 1107 τινος
371 1076 450 1110 ἁγίας
467 1077 528 1112 γῆς,
550 1077 564 1104 ὁ
582 1079 729 1113 μονογενὴς
745 1078 791 1105 τοῦ
804 1079 871 1106 Θεοῦ
894 1079 947 1106 Λό-

160 1128 219 1154 γος,
239 1122 253 1147 ό
276 1122 384 1156 ἀληθῶς
400 1123 584 1158 ὑμνούμενος,
606 1125 653 1151 καὶ
672 1125 721 1159 τῆς
747 1125 882 1160 βασιλείας
893 1124 945 1158 τὴν

160 1164 241 1198 δόξαν
255 1166 376 1200 φυσικῶς
390 1168 557 1203 ἀνημμένος.
576 1169 657 1196 Τουτὶ
672 1169 725 1205 γὰρ
738 1171 803 1205 ἡμῖν
814 1170 844 1196 τὸ
863 1169 947 1196 Ἰούδα

162 1213 307 1246 πρόσωπον
321 1213 506 1248 ὑπεμφήνειεν
520 1215 566 1241 ἄν·
590 1215 708 1242 αἴγεσιν
731 1216 780 1251 μὲν
794 1216 847 1252 γὰρ
862 1217 878 1251 ἡ
899 1216 946 1243 τοῦ

160 1255 293 1290 ὀνόματος
307 1258 428 1292 σημασία
437 1258 519 1293 δηλοῖ.
531 1259 735 1295 Βασιλικωτάτη
748 1260 775 1286 δὲ
786 1260 840 1286 τῶν
849 1260 946 1293 ἄλλων,

161 1302 209 1327 καὶ
226 1302 255 1327 ὲν
275 1304 335 1334 ταῖς
355 1304 394 1335 εἰς
413 1303 497 1340 ἄκρον
518 1305 697 1341 ὑπεροχαῐςὴ
721 1306 806 1332 Ἰούδα
826 1306 946 1332 τέθειται

162 1347 248 1383 φυλή.
271 1348 415 1384 Τοιγάρτοι
427 1351 474 1377 καὶ
498 1351 512 1376 6
535 1351 677 1383 Θεσπέσιος
703 1352 810 1384 Ἰακὼϐ,
831 1352 879 1387 τὴν
902 1353 946 1378 ἐπ’

162 1393 237 1429 αὐτῷ
259 1395 419 1430 ποιούμενος
436 1396 570 1430 εὐλογίαν,
593 1397 677 1424 Ἰούδα
693 1398 769 1433 φησὶ,
790 1408 799 1424 ι
823 1398 856 1424 Σὲ
873 1399 946 1426 αἰνέ-

162 1448 260 1466 σαισαν
272 1442 297 1467 οἱ
313 1442 419 1474 ἀδελφοί
439 1451 496 1468 σου.
519 1452 528 1469 ι
551 1443 753 1479 Μεμαρτύρηκε
765 1444 792 1470 δὲ
809 1444 855 1470 καὶ
875 1445 888 1471 6
902 1453 947 1470 σο-

161 1485 286 1520 φώτατος
302 1487 415 1519 Παῦλος,
431 1488 468 1519 ὠς
486 1489 517 1515 ὲκ
529 1489 668 1524 τῆςῚούδα
682 1489 767 1525 φυλῆς
783 1490 867 1524 ἀνέφυ
880 1491 947 1525 Χρι-

1001 257 1107 290 herum,
1123 259 1218 286 orbata
1230 267 1262 286 eo
1279 261 1325 294 qui
1346 261 1398 288 sibi
1424 261 1544 297 legitime
1566 263 1654 291 fuerat
1668 266 1784 300 conjun-

1000 308 1080 332 ctus:
1096 305 1141 332 llic
1156 313 1221 332 vero
1238 305 1267 333 in
1284 307 1335 333 levi
1352 307 1432 342 culpa
1444 308 1506 340 fuit,
1522 312 1552 336 ut
1563 309 1609 343 qui
1622 318 1650 337 se
1670 313 1785 338 commi-

1001 351 1104 377 scuerit
1125 358 1187 378 cum
1211 351 1306 383 libera,
1325 352 1410 386 priori
1430 361 1514 380 uxore
1530 354 1584 381 sibi
1597 355 1652 389 jam
1666 361 1784 384 mortua.

1002 396 1091 431 Typos
1107 401 1199 423 autem
1221 398 1420 433 conjunctionis
1433 399 1593 434 spiritualis,
1606 404 1634 428 et
1644 402 1784 435 partusin-

1001 442 1164 469 tellectualis
1176 450 1226 478 per
1240 451 1268 470 se
1291 444 1370 470 nobis
1378 444 1553 479 descripserit
1569 446 1621 473 ista
1630 447 1785 481 coniunctio

998 492 1026 515 et
1041 488 1180 522 generatio
1211 489 1369 523 corporalis.
1390 490 1469 516 Nulla
1493 491 1566 517 enim
1593 491 1645 518 alia
1680 492 1785 519 ratione

999 540 1076 560 mens
1093 533 1210 561 humana
1225 535 1394 562 commodius
1411 535 1445 562 ad
1458 536 1602 564 veritatem
1613 537 1713 564 deduci
1734 545 1785 572 po-

1000 583 1060 606 ιοει.

1032 665 1058 693 5.
1072 665 1218 693 Descendit
1230 666 1314 701 igitur
1331 667 1424 699 Judas,
1445 672 1473 695 et
1483 668 1594 696 divertit
1608 668 1679 703 apud
1696 668 1784 696 homi-

997 718 1071 744 nem,
1093 712 1138 738 cui
1151 718 1252 739 nomen
1265 711 1340 738 Hira.
1365 712 1427 739 Fuit
1446 717 1538 740 autem
1567 720 1711 748 caprarum
1737 721 1784 748 pa-

998 760 1065 789 stor,
1078 757 1237 791 peritusque
1250 757 1289 784 rei
1302 758 1455 792 pastoralis.
1467 758 1561 793 ibique
1577 758 1674 785 Sabam
1694 759 1782 786 visam

998 801 1074 828 duxit
1090 802 1118 829 in
1130 809 1252 834 uxorem,
1268 809 1300 828 ac
1314 802 1395 828 trium
1410 802 1528 830 ﬁliorum
1544 807 1659 830 matrem
1674 803 1781 838 eﬂecit;

997 848 1124 875 nimirum
1133 848 1198 880 ller,
1211 848 1307 875 Aunan
1319 852 1346 875 et
1361 847 1461 875 Selom.
1473 848 1514 876 Ex
1529 848 1573 876 his
1589 848 1643 877 Her
1651 850 1784 884 signiﬁcat

1000 893 1133 929 pollicens,
1161 893 1216 920 hoc
1235 898 1277 920 est
1295 893 1428 926 carnalis;
1444 894 1542 921 Aunan
1564 902 1640 927 vero,
1664 897 1783 930 stupidus

998 938 1056 965 sive
1071 937 1202 973 perculsus
1218 937 1311 970 corde;
1326 938 1422 965 tertius
1437 943 1538 971 autem,
1560 935 1656 966 evulsio
1673 941 1729 968 sive
1742 941 1783 968 di-

998 984 1086 1011 missio
1102 988 1130 1011 et
1145 983 1304 1018 paciﬁcatio.
1323 983 1409 1010 Porro
1427 991 1442 1011 e
1462 984 1539 1011 caelis
1549 985 1631 1011 etiam
1642 985 1785 1014 descendit

997 1033 1128 1063 tanquam
1147 1036 1171 1065 ei
1186 1033 1279 1055 sancta
1297 1028 1414 1062 quadam
1435 1033 1509 1055 terra
1536 1029 1709 1064 unigenitum
1735 1030 1784 1058 Dei

997 1075 1127 1107 Verbum,
1146 1075 1194 1110 qui
1208 1074 1293 1103 Filius
1305 1082 1368 1101 vere
1381 1074 1497 1102 celebris
1509 1079 1561 1107 est,
1584 1076 1692 1110 sibique
1706 1081 1785 1103 natu-

996 1122 1091 1149 raliter
1111 1121 1267 1156 adjunctam
1284 1121 1368 1148 habet
1385 1121 1461 1156 regni
1473 1122 1653 1156 majestatem.
1668 1122 1698 1149 ld
1711 1122 1785 1150 enim

996 1167 1077 1194 nobis
1089 1174 1208 1202 persona
1223 1166 1301 1194 Iuda)
1321 1170 1508 1201 repraesentat,
1526 1166 1662 1201 siquidem
1684 1174 1785 1194 nomen

995 1213 1082 1247 ipsius
1089 1212 1222 1247 signiﬁcat
1233 1212 1347 1244 laudent,
1353 1220 1402 1240 seu
1409 1211 1617 1239 celebrationem.
1627 1213 1728 1244 Tribus
1736 1221 1785 1241 au-

996 1262 1051 1286 tem
1060 1259 1135 1286 Iuda:
1142 1266 1198 1293 prae
1206 1258 1267 1285 aliis
1276 1258 1403 1293 insignita
1411 1258 1597 1286 fuit'tribubus
1605 1260 1709 1287 honore
1719 1259 1783 1287 etin

995 1311 1123 1339 suprema
1133 1303 1292 1331 excellentia
1302 1303 1400 1338 posita.
1410 1303 1486 1332 Unde
1495 1304 1604 1331 divinus
1611 1304 1705 1337 Jacob,
1716 1305 1784 1332 dans

996 1351 1214 1378 benedictionem
1221 1351 1307 1383 Judm,
1319 1351 1373 1377 ait:
1387 1361 1395 1376 ι
1408 1351 1669 1378 Telaudentfratres
1680 1351 1719 1378 tui
1730 1351 1779 1377 “.n

999 1396 1076 1431 197
1089 1395 1170 1430 Atqui
1181 1395 1397 1431 sapientissimus
1405 1397 1505 1424 Paulus
1513 1397 1596 1424 etiam
1607 1401 1722 1425 testatus
1730 1401 1781 1430 est,

997 1442 1068 1478 quod
1085 1450 1118 1469 ex
1129 1442 1202 1469 tribu
1222 1442 1291 1469 Juda
1306 1443 1427 1470 oriturus
1443 1443 1477 1471 sit
1493 1443 1628 1475 Christus,
1641 1443 1712 1470 ultra
1725 1449 1784 1469 om-

997 1495 1047 1515 nes
1065 1491 1204 1515 crcaturas
1218 1488 1439 1515 celebrandus".
1456 1488 1703 1522 Descendititaque
1719 1488 1782 1515 unl-

164 1534 225 1564 στὺς
237 1554 244 1565 ,
260 1534 274 1560 6
290 1533 364 1570 παρὰ
380 1534 469 1570 πάσης
491 1535 604 1566 κτίσεως
621 1535 799 1570 ὑμνούμενος.
824 1536 945 1562 Καταὸἐ-

999 1535 1105 1570 genitus
1118 1535 1167 1562 Dei
1180 1535 1275 1566 Filius,
1296 1539 1324 1562 et.
1339 1535 1424 1562 exivit
1448 1543 1498 1570 per
1519 1535 1658 1562 desertum
1675 1535 1783 1564 Madian

162 1580 230 1612 θηκε
253 1580 342 1606 τοίνυν
359 1581 373 1607 ὸ
395 1581 540 1616 μονογενὴς
559 1581 606 1607 τοῦ
625 1581 692 1608 Θεοῦ
713 1582 809 1616 Λόγος,
826 1582 873 1608 καὶ
895 1583 944 1608 ἐπ-

161 1625 289 1661 ευοὶτησε
304 1626 352 1660 μὲν
366 1627 398 1661 τῇ
417 1627 512 1662 ἐρήμῳ
530 1627 642 1661 suam
656 1627 872 1661 διαποιμαινοντι
884 1627 944 1654 τότε

161 1671 201 1706 τῷ
219 1671 345 1706 μακαρίῳ
357 1673 460 1700 Μωαεί
479 1673 565 1707 ’Ὡφοη
583 1672 636 1707 γὰρ
652 1671 725 1705 αύτῷ
738 1674 765 1699 ἐν
782 1673 846 1699 εἴδει
860 1673 945 1708 πυρὸς

162 1717 192 1742 ὲν
207 1718 239 1752 τῇ
258 1716 340 1752 βάτῳ,
357 1717 402 1743 καὶ
414 1717 536 1753 συνήφϐη
551 1718 649 1753 τρόπον
664 1719 723 1745 τινὰ
739 1718 772 1744 δι’
783 1719 875 1750 αὐτοῦ,
894 1728 944 1746 κα-

162 1762 250 1798 Θαπερ
261 1762 401 1797 ἀλλοφύλῳ
413 1763 553 1798 Χαναναίᾳ
563 1763 681 1796 γυναικὶ,
693 1765 725 1797 τῇ
737 1763 796 1791 κατ’
809 1763 945 1797 Αἴγυπτον

162 1808 310 1844 Συναγωγῇ
329 1808 382 1835 τῶν
400 1808 464 1835 υἱῶν
489 1809 611 1844 ¹Ισραήλ⁵
631 1808 757 1844 καθάπερ
781 1809 875 1844 ἀμέλει
899 1809 946 1836 καὶ

162 1855 177 1882 6
199 1855 298 1886 Ἰούδας
311 1855 355 1881 διὰ
369 1855 415 1882 τοῦ
430 1855 618 1889 ποιμαίνοντος
642 1857 675 1890 τῇ
693 1855 767 1890 Σαϐᾷ
779 1875 786 1886 ,
803 1856 819 1890 ἢ
834 1856 946 1891 διερμη-

162 1901 270 1928 νεύεται
292 1901 412 1935 {ip-mal;-
435 1909 464 1927 τε
488 1901 534 1927 καὶ
553 1901 690 1935 ἔπαρσις.
710 1901 872 1937 Κεκλημένη
892 1902 946 1936 γὰρ

162 1948 258 1983 ὥσπερ
273 1949 312 1980 εἰς
325 1948 478 1984 οἰκειότητα
494 1948 542 1983 τὴν
557 1947 594 1979 ὡς
612 1948 679 1983 πρὸς
690 1947 756 1974 Θεὸν
773 1948 789 1982 ἡ
807 1947 860 1974 τῶν
881 1947 947 1974 Ἰου-

162 1994 246 2021 δαεων
256 1994 415 2030 Συναγωγὴ,
429 1994 557 2030 χθαμαλὴ
577 1993 626 2030 μὲν
640 1992 673 2029 ἦν
688 1994 779 2021 οὐκέτι
793 1994 840 2020 καὶ
856 2003 944 2021 πεπα-

162 2040 278 2075 τημένη,
295 2041 341 2066 καὶ
356 2040 386 2066 τὸ
405 2042 453 2075 τῆς
469 2040 591 2071 δουλείας
606 2040 704 2075 ἔχουσα
723 2040 945 2076 σμικροπρεπὲς,

163 2087 252 2122 ὑψηλὴ
268 2087 296 2113 δὲ
308 2087 402 2121 γέγονε
416 2088 463 2114 καὶ
481 2087 623 2121 διαφανής.
645 2086 817 2122 Λελύτρωται
835 2087 889 2121 γὰρ
908 2087 945 2118 ὡς

163 2134 196 2159 ὲκ
207 2133 323 2168 καμίνου
340 2133 461 2168 σιδηρᾶς,
478 2134 525 2159 καὶ
540 2133 570 2164 ἐξ
583 2132 657 2159 οἴκου
669 2132 790 2164 δουλείας
803 2153 809 2164 ,
827 2132 898 2159 κατὰ
915 2133 945 2159 τὺ

163 2179 362 2214 γεγραμμένον.
372 2177 436 2205 Εἶτα
448 2179 530 2214 τῆςὲν
537 2178 666 2212 Αἰγύπτῳ
674 2178 840 2213 Συναγωγῆς
851 2179 899 2214 τῆς
909 2179 946 2210 ὡς

998 1580 1032 1608 ad
1047 1580 1157 1608 beatum
1168 1580 1293 1616 Moysen,
1313 1584 1379 1607 tunc
1400 1580 1437 1607 ibi
1459 1584 1625 1614 pascentem.
1650 1579 1783 1615 Apparuit

998 1626 1070 1654 enim
1083 1626 1133 1661 ipsi
1153 1626 1180 1652 in
1208 1626 1298 1660 specie
1320 1625 1389 1661 ignis
1414 1626 1441 1652 in
1452 1626 1522 1653 rubo
1537 1625 1570 1658 ’⁸,
1592 1629 1620 1653 et
1636 1626 1717 1652 simul
1733 1633 1783 1661 per

998 1674 1086 1708 ipsum
1099 1673 1260 1708 conjunctus
1267 1677 1308 1700 est
1316 1673 1516 1708 quodammodo
1524 1672 1670 1708 Synagogae
1676 1672 1784 1700 Israeli-

997 1722 1085 1746 tarum
1101 1719 1129 1745 in
1140 1718 1268 1754 Egypto;
1281 1723 1408 1753 tanquam
1420 1718 1577 1754 alienigenm
1589 1722 1617 1745 et
1626 1717 1785 1745 Chananteaa

998 1765 1123 1797 mulieri,
1144 1764 1374 1799 quemadmodum
1386 1768 1414 1792 et
1427 1765 1511 1792 Judas
1525 1772 1573 1799 per
1587 1767 1723 1799 pastorem
1738 1771 1786 1798 ap-

998 1811 1087 1846 paruit
1102 1811 1153 1846 ipsi
1165 1810 1252 1842 Seba},
1268 1818 1327 1844 quae
1336 1811 1529 1845 interpretatur
1544 1810 1655 1836 altitudo
1668 1817 1717 1836 seu
1730 1807 1785 1835 ela‘

999 1858 1044 1884 tio.
1069 1857 1137 1889 Nam
1160 1856 1317 1884 Judaaorum
1338 1856 1477 1891 Synagoga
1490 1856 1575 1883 veluti
1589 1856 1617 1882 in
1637 1854 1783 1882 amicitiam

998 1904 1146 1931 Dcivocata
1155 1906 1206 1934 est,
1220 1910 1308 1937 neque
1323 1902 1439 1937 amplius
1446 1907 1505 1929 erat
1517 1902 1622 1937 abjecta
1636 1906 1664 1929 et
1678 1901 1785 1936 procul-

999 1954 1068 1981 cata,
1086 1949 1278 1983 sordidamque
1288 1956 1428 1975 servorum
1439 1948 1621 1975 conditionem
1636 1947 1783 1980 sustinens,

999 1995 1046 2022 sed
1057 1994 1174 2021 exaltata
1194 1997 1274 2028 atque
1292 1992 1416 2020 illustris.
1434 1993 1534 2027 Erepta
1554 1993 1627 2019 enim
1640 1996 1709 2023 erat,
1728 1995 1785 2018 tan-

999 2048 1080 2075 quam
1095 2048 1127 2067 ex
1138 2040 1247 2067 fornace
1266 2039 1354 2066 ferrea
1375 2041 1403 2065 et
1411 2046 1444 2065 ex
1455 2038 1536 2064 domo
1551 2037 1701 2069 servitutis,
1715 2037 1786 2064 sicut

999 2086 1128 2120 scriptum
1152 2089 1195 2112 est
1217 2086 1249 2111 η.
1262 2085 1359 2112 Postea
1373 2091 1438 2111 vero
1450 2083 1513 2110 huic
1535 2083 1680 2118 Synagogm
1700 2081 1785 2108 veluti

999 2132 1167 2166 alienigenae,
1185 2134 1212 2158 et
1226 2130 1297 2157 idola
1311 2129 1422 2162 colenti,
1443 2129 1551 2156 tandem
1568 2132 1622 2155 tres
1641 2127 1697 2153 nati
1722 2131 1785 2153 sunt

999 2177 1102 2213 populi,
1123 2177 1281 2212 supplentes
1293 2177 1349 2203 Deo
1357 2175 1481 2202 ordinem
1498 2174 1627 2206 ﬁliorum,
1644 2177 1672 2200 et
1685 2181 1718 2200 ex
1732 2179 1785 2200 una

163 2224 311 2259 ἀλλοφύλου
325 2234 354 2251 τε
372 2225 419 2251 καὶ
432 2224 676 2260 εἰδωλολατρούσης
692 2225 758 2251 ποτὲ
772 2226 847 2260 τρεῖς
864 2225 945 2259 γεγό-

999 2223 1109 2257 quidem
1126 2226 1212 2249 matre
1226 2221 1320 2257 geniti,
1337 2221 1384 2248 sed
1408 2224 1529 2255 tempore
1546 2219 1638 2254 partiti
1655 2222 1719 2246 sunt
1737 2226 1785 2254 ge-

163 2279 225 2298 νασι
242 2271 311 2303 λαοὶ,
328 2270 377 2305 τὴν
393 2270 457 2296 υἱῶν
475 2270 549 2303 τάξιν
563 2271 784 2306 ἀποπληροῦντες
803 2271 862 2306 Θεῷ
874 2293 880 2304 ,
901 2271 946 2298 καὶ

166 2318 231 2353 μιᾶς
249 2317 298 2352 μὲν
314 2317 409 2352 ὥσπερ
429 2317 613 2351 ὲκπεφυκότες
629 2317 730 2352 μητρὸς
741 2338 747 2349 ,
771 2317 948 2352 μερισάμενοι

164 2363 193 2390 δὲ
211 2363 260 2398 τὴν
278 2363 307 2389 ὲν
327 2363 413 2397 χρόνῳ
423 2361 538 2395 γένεσιν.
549 2362 603 2388 Καὶ
616 2362 676 2388 τίνα
694 2362 725 2397 δὴ
742 2363 852 2397 τρόπον,
870 2362 949 2398 ἐροῦ-

167 2417 216 2444 μεν
232 2409 281 2435 ούκ
293 2409 332 2439 εἰς
346 2409 463 2443 μακράν.
478 2405 543 2434 Εἶτα
554 2407 603 2442 τὴν
620 2407 717 2443 Θάμαρ
731 2407 831 2443 πρώτῳ
847 2407 896 2442 μὲν
910 2406 949 2441 τῷ

168 2456 236 2491 Ἦρ,
254 2454 282 2486 ὃς
297 2453 331 2490 ἦν
350 2454 519 2490 πρωτότοκος
532 2474 539 2486 ,
556 2453 673 2489 συνῆψεν
701 2453 811 2485 Ἰούδας.
833 2454 909 2479 Ἐπεὶ
922 2453 950 2481 δὲ

165 2500 282 2536 πονηρὸν
301 2500 366 2526 ὄντα
381 2500 492 2526 διώλεσε
515 2500 578 2532 Θεὸς
591 2520 598 2531 ,
620 2500 772 2534 διαδέχεται
792 2500 838 2527 τὸν
862 2500 950 2534 γάμον

166 2546 247 2577 εὐθὺς
262 2547 276 2572 6
295 2546 396 2576 Αὺνᾶν,
413 2546 442 2577 ὂς
455 2544 490 2581 ἦν
503 2546 549 2572 καὶ
568 2545 674 2579 γενέσει
691 2546 737 2572 καὶ
751 2545 838 2581 χρόνῳ
859 2545 951 2572 δεύτε-

168 2600 223 2627 ρος.
245 2592 274 2618 Ὀ
295 2591 322 2618 δὲ
340 2591 455 2627 ἐπείπερ
476 2592 526 2618 οὐκ
543 2591 637 2627 ἤθελεν
659 2592 763 2626 ἐγεῖραι
784 2591 893 2627 σπέρμα
913 2591 952 2626 τῷ

167 2636 283 2670 ἀδελφῷ,
295 2636 478 2662 συνδιόλλυται
491 2636 530 2671 τῷ
543 2635 653 2671 πρώτῳ,
672 2636 747 2667 θείας
757 2636 804 2662 καὶ
817 2636 897 2663 αὑτὸν
912 2637 952 2668 εἰς

165 2682 245 2709 τοῦτο
254 2682 457 2717 ὑπενεγκούσης
466 2682 559 2717 ὀργῆς.
572 2680 638 2708 Εἶτα
646 2682 692 2709 τὸν
703 2682 803 2718 τριτον,
817 2683 950 2714 τουτέστι,

166 2728 212 2754 τὸν
230 2728 330 2763 Σηλὼμ
340 2748 347 2758 ,
362 2729 412 2755 οὐκ
424 2729 532 2763 ἐφίησιν
545 2728 558 2753 6
577 2728 668 2763 πατὴρ
685 2728 888 2763 μεταποιεῖσθαι
903 2727 950 2754 τοῦ

168 2775 274 2809 γάμου,
297 2774 335 2810 μὴ
355 2775 409 2810 ἄρα
434 2776 490 2806 τοῖς
508 2775 626 2810 πρώτοις
646 2773 829 2808 συναπόληται
846 2773 949 2805 δεδιώς.

203 2857 226 2872 ²⁶
247 2863 329 2891 llchr.
349 2872 383 2894 vr,
401 2864 427 2890 7.
467 2864 487 2879 ²⁷
504 2864 584 2891 llohr.
603 2872 647 2896 vn,
675 2863 714 2890 li.
753 2863 774 2877 "
795 2863 878 2889 Exod.
908 2871 944 2894 ιιι,
968 2863 1067 2896 lseqq.

998 2269 1179 2297 nerationem.
1210 2268 1269 2301 Quo
1291 2271 1382 2294 autem
1401 2266 1481 2294 modo
1507 2266 1626 2293 breviter
1651 2265 1784 2292 dicemus.

998 2315 1066 2343 Nam
1079 2314 1163 2342 Judas
1187 2313 1310 2348 adjunxit
1323 2311 1434 2347 quidem
1452 2311 1570 2338 Thamar
1588 2310 1644 2337 ﬁlio
1658 2318 1722 2342 suo,
1737 2309 1784 2344 qui

998 2365 1057 2389 erat
1068 2360 1265 2395 primogenitus
1282 2367 1289 2385 :
1308 2358 1355 2393 qui
1371 2366 1433 2385 cum
1452 2362 1524 2385 esset
1548 2357 1646 2389 malus,
1666 2355 1786 2391 perdidit

1000 2415 1063 2435 eum
1074 2407 1156 2434 Deus.
1170 2405 1240 2433 Huic
1260 2405 1392 2432 continuo
1415 2404 1443 2430 in
1467 2403 1570 2438 nuptiis
1587 2402 1710 2430 succedit
1731 2403 1786 2430 Au-

1000 2461 1065 2484 nan,
1081 2452 1200 2487 quierat
1221 2455 1298 2478 ortus
1320 2454 1443 2485 tempore
1469 2448 1607 2477 secundus
1625 2458 1631 2475 :
1649 2448 1694 2475 hic
1719 2454 1786 2475 vero

999 2499 1063 2533 quia
1075 2497 1163 2525 noluit
1178 2497 1311 2524 suscitare
1332 2504 1425 2524 semen
1438 2496 1516 2523 fratri
1530 2503 1590 2528 suo,
1611 2495 1692 2522 simili
1703 2494 1786 2522 modo

999 2549 1030 2572 ut
1038 2544 1142 2580 primus
1151 2543 1263 2575 interiit,
1273 2543 1314 2570 ira
1323 2542 1413 2570 divina
1420 2543 1501 2570 etiam
1511 2543 1598 2577 ipsum
1608 2541 1783 2576 corripiente.

997 2590 1123 2618 Tertium
1136 2594 1237 2622 autem,
1254 2589 1307 2616 hoc
1319 2593 1362 2616 est
1376 2588 1476 2620 Selom,
1490 2596 1545 2615 non
1564 2588 1698 2623 permittit
1708 2591 1786 2622 pater

1003 2637 1073 2665 inire
1093 2637 1219 2671 nuptias,
1236 2636 1342 2664 veritus
1362 2643 1396 2662 ne
1419 2635 1488 2662 forte
1502 2639 1532 2662 ut
1553 2634 1633 2670 primi
1648 2634 1788 2661 interiret.

1003 2682 1109 2717 Ecquid
1122 2683 1181 2710 haec
1194 2690 1238 2709 res
1249 2682 1300 2709 sibi
1313 2682 1370 2709 vult
1380 2682 1514 2709 ‘lEdicere
1526 2681 1656 2714 conabor,
1668 2680 1723 2708 Deo
1736 2680 1769 2707 ad
1779 2695 1787 2698 ι

1000 2729 1122 2765 juvante.
1131 2728 1198 2755 Nam
1211 2735 1273 2755 cum
1281 2727 1352 2755 Deus
1365 2727 1532 2762 Synagogam
1543 2726 1658 2761 primam
1669 2725 1696 2752 in
1707 2724 1756 2759 Eg
1763 2734 1788 2760 y—

1003 2779 1050 2809 pto
1069 2773 1164 2809 (quam
1188 2772 1367 2808 alienigenam
1389 2780 1448 2800 esse
1468 2772 1637 2803 tradidimus,
1657 2778 1690 2798 eo
1713 2771 1788 2805 quod

1107 2863 1129 2878 ’°
1139 2862 1224 2890 Exod.
1235 2871 1291 2894 ςιιι,
1306 2862 1331 2889 5.
