1990 3050
225 163 276 192 5l5

738 161 767 190 S.
787 160 924 190 CYBlLLl
943 159 1179 189 ALEXANDRINI
1199 162 1358 191 ARCHIEP.

1801 159 1854 190 316

224 221 302 249 valde
319 221 469 250 barbaraet
482 223 598 258 agrestis
614 220 702 258 esset)
715 221 748 249 ad
764 229 856 249 mores
873 220 1010 247 instituta-

1067 221 1121 249 Καὶ
1136 222 1161 249 τί
1176 223 1208 258 δὴ
1224 223 1254 249 τὺ
1267 223 1372 258 χρῆμα,
1388 222 1502 249 διειπεῖν
1524 222 1689 258 πειράσομαι
1710 221 1852 256 sagmina;

223 274 277 301 que
289 266 448 295 Graacorum
462 268 624 302 redegisset,
645 274 727 303 atque
749 267 776 294 in
787 267 902 294 formam
921 266 1015 301 reipu-

225 312 303 341 blicae
319 321 368 348 per
388 314 476 350 legem
491 315 643 350 coegisset,
666 319 722 341 tum
746 320 806 340 eam
819 312 897 347 quasi
918 320 1016 340 novam

225 358 347 386 reddidit
359 360 540 395 Synagogam,
560 368 592 387 ac
607 360 691 388 veluti
708 359 823 386 alteram
840 362 869 385 et
880 358 1015 386 diversam

223 403 257 431 ab
284 404 342 440 ipsa
356 406 454 440 prima.
480 406 569 441 Atque
586 407 644 434 haec
666 409 709 432 est
731 404 859 437 Thamar,
886 409 915 432 et
936 405 1014 439 quasi

222 451 343 481 secunda
355 452 505 488 Synagoga.
520 452 655 479 Caeterum
666 451 729 478 vide
748 449 886 486 quomodo
900 458 933 478 ex
948 451 1015 486 ipsis

222 498 365 525 nominum
379 498 653 534 interpretationibus
669 497 823 525 inveniatur
842 497 1012 533 mysterium.

221 543 290 570 Nam
307 544 427 572 Thamar
443 544 590 579 exponitur
598 543 706 578 defectio
717 547 764 571 aut
781 543 898 570 dimatio.
920 543 1012 579 Siqui-

221 589 284 617 dem
305 589 446 625 Synagoga
471 590 628 617 Iudaeorum
641 598 736 617 revera
749 590 852 617 dimota
868 595 911 618 est
922 595 950 618 et
963 590 1013 618 de—

220 636 294 663 fecit.
315 636 478 669 Quomodo?
493 636 561 669 Quia
576 643 630 663 non
644 637 755 664 omnino
768 637 867 664 mansit
883 637 1011 664 immobi-

220 683 264 715 lis,
287 691 378 718 neque
398 683 581 711 inconcussus
603 683 694 711 cultus
715 684 827 719 legalis,
852 684 899 711 sed
929 684 1013 711 cessit

219 727 423 762 quodammodo
440 749 448 761 ,
468 733 497 756 et
528 729 666 764 spirituali
694 729 780 757 cultui
803 729 895 757 locum
923 729 1009 757 dedit.

219 773 341 801 Tandem
355 782 420 802 vero
433 774 538 803 Christi
552 775 692 811 Synagoga
715 784 763 804 seu
777 777 952 811 congregatio
969 780 1012 804 est

219 818 389 852 introducta,
402 828 463 855 quae
475 820 584 848 incusat
597 821 725 856 primam,
745 821 825 856 198
838 822 939 856 quippe
950 829 1012 857 quae

218 871 273 891 non
285 866 398 893 omnino
411 871 490 893 vacet
501 867 725 902 reprehensione.
737 866 864 895 Christus
881 875 946 902 ergo
960 875 1010 902 ap—

217 910 390 946 plicavitsibi
406 912 556 940 Ecclesiam
573 921 621 940 seu
645 913 780 947 virginem
802 916 904 939 castam
916 913 949 945 '°,
964 920 1012 939 an-
1027 908 1048 936 Β

218 959 293 994 tiqua
306 960 357 987 ista
371 963 398 987 et
414 960 503 994 prima
515 959 668 994 repudiata.
686 959 764 987 Unde
774 959 931 986 Iudaeorum
940 958 1011 994 Syn-

216 1012 300 1040 agoga
312 1005 413 1032 merito
427 1009 561 1040 quantum
578 1005 612 1032 ad
627 1005 680 1031 hoc
704 1009 834 1032 censetur
846 1005 970 1032 defectus
983 1008 1012 1033 et

216 1051 341 1079 dimotio.
367 1051 445 1085 Quod
469 1055 561 1078 autem
589 1059 670 1078 nemo
695 1059 729 1078 ex
761 1051 820 1086 lege
845 1051 1012 1086 iustiﬁcetur

216 1097 290 1132 apud
303 1098 402 1130 Deum,
416 1105 508 1132 neque
527 1097 555 1124 in
572 1097 712 1132 Synagoga
725 1096 881 1124 Iudaeorum
893 1097 930 1124 sit
943 1097 1012 1124 divi-

215 1150 258 1170 nte
275 1142 350 1176 pacis
367 1141 552 1177 participatio,
575 1151 583 1167 ι
600 1141 656 1168 Lex
669 1141 742 1168 enim
758 1141 824 1168 iram
837 1143 1007 1176 operatur.)

216 1187 288 1214 sicut
309 1188 445 1221 scriptum
467 1187 552 1220 est",
574 1187 714 1214 notaverit
728 1186 847 1213 latenter
871 1186 1012 1222 generatio

218 1233 335 1260 ﬁliorum
353 1233 439 1264 Judw,
451 1233 499 1267 qui
511 1233 630 1260 Thamar
642 1233 782 1267 conjuncti
797 1233 920 1260 fuerunt.
942 1233 1011 1260 Nam

216 1279 271 1307 Her
289 1278 490 1314 primogenitus
509 1283 551 1306 est
575 1279 711 1314 pelliceus,
736 1279 794 1306 sive
823 1283 954 1306 terrenus.
977 1278 1012 1306 At

215 1326 345 1360 quoniam
362 1326 450 1352 malus
466 1329 536 1358 erat,
558 1325 619 1352 ideo
634 1329 723 1352 morte
743 1325 876 1352 multatus
894 1330 946 1353 est.
960 1325 1012 1352 Po-

216 1371 297 1407 pulus
312 1372 385 1398 enim
397 1372 515 1406 primus,
533 1379 628 1398 revera
648 1371 737 1398 malus
754 1375 795 1398 est
812 1371 1010 1406 deprehensus,

214 1425 277 1445 cum
293 1421 477 1445 murmuraret
493 1422 588 1444 contra
610 1417 707 1449 Deum,
722 1421 749 1444 et
765 1417 870 1444 diceret
885 1426 891 1443 :
911 1427 920 1442 ι
937 1417 1012 1445 Nun-

214 1464 280 1498 quid
294 1464 395 1498 poterit
407 1464 481 1491 Deus
499 1467 597 1498 pa'rare
612 1471 732 1490 mensam
748 1464 776 1490 in
790 1463 922 1491 deserto?
939 1463 1012 1497 Quo-

214 1508 287 1536 niam
299 1508 434 1543 percussit
446 1512 561 1543 petram,
575 1512 603 1536 et
617 1508 852 1544 lluxeruntaquaa,
866 1513 1012 1537 ettorren-

214 1559 255 1582 tes
278 1554 490 1582 inundaverunt.
517 1554 588 1582 Num
605 1559 633 1581 et
645 1562 743 1589 panem
761 1555 863 1588 poterit
877 1555 944 1582 dare
953 1555 1005 1582 "7i

214 1598 272 1626 lmo
288 1607 353 1627 vero
368 1603 395 1626 et
413 1603 590 1634 posteaquam
617 1599 667 1630 illi.
681 1599 728 1634 qui
750 1599 829 1627 missi
841 1600 952 1627 fuerant
974 1601 1008 1628 ad

215 1650 316 1672 terram
328 1645 521 1680 promissionis
547 1645 742 1679 explorandam
755 1666 762 1678 ,
786 1647 890 1672 reversi
905 1650 1008 1678 essent,

215 1691 293 1725 quasi
310 1691 365 1725 jam
378 1691 478 1725 perditi
505 1681 648 1726 pueriliter
671 1691 820 1725 ejulahant,
843 1693 1009 1719 contumelia

215 1736 302 1768 illum,
314 1736 361 1771 qui
377 1737 468 1764 omnia
492 1741 593 1771 potest,
613 1744 660 1763 sua
688 1735 876 1762 inobedientia
887 1736 1006 1764 allicien-

216 1787 266 1810 tes.
283 1783 361 1810 Umle
373 1787 401 1810 et
411 1783 667 1817 perieruntgncque
677 1783 749 1810 ullus
760 1791 857 1810 eorum
872 1784 1009 1818 ingressus

215 1832 256 1856 est
282 1833 382 1855 terram
408 1828 618 1864 promissionis;
637 1829 685 1856 sed
715 1839 724 1854 ‹
741 1830 865 1856 membra
887 1830 1008 1864 ipsorum

215 1879 447 1910 computruerunt
465 1875 493 1902 in
503 1875 624 1907 deserto,
643 1885 651 1901 ι
673 1876 745 1903 sicut
764 1876 896 1910 scriptum
921 1880 963 1902 est
974 1876 1006 1902 ³⁸.

215 1922 417 1957 Primogenitus
428 1922 512 1957 igitur
524 1922 588 1953 llcr,
609 1922 662 1949 hoc
672 1926 724 1954 est,
742 1921 793 1949 iste
811 1921 964 1948 malitiosus
980 1928 1008 1949 et

214 1967 344 1999 carnalis,
365 1967 492 2002 disperiit
508 1967 626 2002 primus,
641 1968 747 1994 nullum
770 1967 875 1994 habens
898 1967 1008 2001 pietatis

214 2016 346 2044 fructum.
361 2016 417 2043 Hoc
431 2016 505 2043 enim
520 2016 601 2043 nobis
617 2016 721 2042 orbitas
737 2018 768 2042 ut
782 2015 809 2041 in
821 2014 905 2049 ﬁgura
917 2019 1009 2041 osten-

215 2062 261 2090 dat
273 2063 373 2090 denuo.
400 2062 486 2090 Sensa
509 2062 581 2090 enim
602 2062 630 2088 in
653 2061 795 2088 intellectu
821 2065 853 2087 ut
877 2060 1008 2096 imagines

215 2113 289 2136 sunt.
307 2109 412 2136 Deinde
436 2109 510 2136 hunc
525 2109 650 2142 sequitur
665 2107 813 2138 secundus,
828 2107 880 2134 hoc
890 2110 942 2138 est,
959 2114 1008 2141 po-

215 2155 296 2190 pulus
315 2159 377 2190 post
397 2154 472 2182 hunc
491 2158 637 2189 generatus
656 2157 787 2187 tanquam
807 2153 878 2179 lilius
895 2152 1006 2187 quidam

215 2201 275 2232 Dei.
288 2202 334 2236 qui
349 2201 466 2228 redemit
480 2204 508 2228 et
524 2199 651 2227 liberavit
661 2207 676 2225 e
691 2199 774 2226 domo
785 2199 938 2226 servitutis.
956 2199 1008 2226 llic

1068 269 1146 296 Θεοῦ.
1163 269 1218 304 Τὴν
1233 269 1286 304 γάρ
1301 277 1342 295 τοι
1357 268 1470 304 πρώτην
1483 277 1512 295 τε
1537 269 1582 296 καὶ
1598 270 1627 295 ἐν
1644 267 1775 303 Αίγύπτῳ
1788 267 1854 294 Συν-

1067 315 1195 351 αγωγὴν,
1211 316 1244 351 ἢν
1259 315 1404 349 ἀλλόφυλον
1425 313 1494 342 εῖναι
1517 315 1683 350 δεδώκαμεν,
1700 313 1744 340 διὰ
1758 321 1800 339 τοι
1823 312 1853 339 τὸ

1066 361 1124 388 λίαν
1140 361 1334 397 ἀπηγριῶσθαι
1350 361 1411 388 τότε
1437 361 1549 397 τρόποις
1562 369 1593 387 τε
1608 361 1655 387 καὶ
1681 359 1770 386 ἔθεσιν
1791 358 1852 386 Ἐλ-

1065 407 1195 442 ληνικοῖς,
1213 407 1438 443 μεταρῤυθμίσας
1457 407 1532 438 Θεὸς,
1549 407 1592 433 διὰ
1609 407 1745 437 πολιτείας
1761 406 1792 432 ἐκ
1808 405 1851 431 νό-

1066 461 1117 488 μου
1132 473 1139 482 .
1157 452 1220 479 νέαν
1241 452 1335 488 ὥσπερ
1355 451 1478 484 ἀπέδειξε
1501 451 1665 486 Συναγωγὴν
1679 472 1685 483 ,
1701 451 1749 477 καὶ
1770 449 1852 476 οἱονεί

1065 507 1124 530 πως
1142 499 1238 534 ἑτέραν
1264 499 1340 534 παρὰ
1354 498 1404 533 τὴν
1427 497 1550 534 πρώτην.
1573 498 1627 524 Καὶ
1646 496 1725 523 τοῦτό
1744 497 1818 522 ἐστιν
1835 497 1851 531 ἡ

1064 545 1171 580 Θάμαρ.
1183 545 1278 580 Ἀθρει
1301 545 1340 578 δὲ,
1363 546 1437 576 ὅπως
1458 545 1504 571 καὶ
1520 545 1549 571 ὲν
1564 545 1624 575 ταῖς
1644 543 1698 570 τῶν
1713 542 1853 577 ὀνομάτων

1063 593 1223 629 ἑρμηνείαις
1238 592 1396 627 εὑρίσκεται
1410 591 1439 618 τὸ
1456 592 1614 626 μυστήριον.
1637 588 1851 625 Διερμηνεύεται

1063 639 1143 674 γὰρὴ
1159 638 1268 673 Θάμαρ.
1278 639 1424 672 ἔκλειψις,
1439 637 1455 674 ἢ
1467 637 1666 671 σαλευομένη.
1686 635 1851 662 Σεσάλευται

1062 684 1090 711 δὲ
1103 685 1149 711 καὶ
1161 684 1319 711 ἐκλέλοιπεν
1327 684 1435 720 ἀληθῶς
1448 686 1464 719 ἡ
1477 684 1531 710 τῶν
1547 682 1680 710 Ἰουδαίων
1690 682 1850 716 Συναγωγή.

1062 730 1148 765 Πῶςῆ
1159 730 1220 757 τίνα
1234 730 1333 765 τρόπον
1345 738 1352 762 ;
1365 730 1402 755 Οὐ
1413 728 1467 764 γὰρ
1482 728 1637 764 μεμένηκεν
1654 726 1851 756 ἀκατάσειστος

1062 778 1101 808 είς
1111 776 1141 802 τὸ
1151 776 1280 808 παντελὲς
1291 777 1307 811 ἡ
1318 776 1390 802 κατὰ
1400 775 1482 810 νόμον
1494 774 1615 810 λατρεία,
1631 772 1850 808 παρακεχώρηκε

1061 822 1089 849 δὲ
1112 824 1143 858 τῇ
1169 823 1198 849 ὲν
1222 821 1368 857 πνεύματι.
1393 821 1448 848 Καί¹
1469 819 1646 855 εἰσεκομίσθη
1664 818 1756 845 λοιπὸν
1775 819 1792 853 ἡ
1808 817 1851 843 διὰ

1061 867 1191 904 Χριστοῦ,
1207 867 1398 903 κατηγοροῦσα
1419 867 1469 902 τῆς
1485 866 1607 902 πρώτης,
1620 865 1657 897 ὡς
1673 865 1722 892 οὐκ
1736 864 1852 900 ἐχούσης

1062 915 1093 941 τὸ
1106 914 1261 949 ἄμεμπτον.
1282 913 1437 948 Ἠρμόσατο
1455 912 1483 939 δὲ
1496 913 1543 939 καὶ
1559 913 1573 938 ὁ
1587 912 1704 946 Χριστὸς
1716 910 1766 946 τὴν
1789 911 1850 936 Ἐκ-

1062 960 1177 995 κλησίαν
1191 960 1317 995 καθάπερ
1329 959 1390 986 τινὰ
1407 959 1541 994 παρθένον
1556 958 1652 993 ἁγνὴν,
1669 957 1719 992 τὴν
1733 955 1852 991 ἀρχαίαν

1062 1006 1168 1042 ἐκείνην
1181 1006 1229 1033 καὶ
1244 1005 1354 1041 πρώτην
1371 1005 1461 1040 ἀφείς.
1479 1003 1619 1038 Ἐκλειψις
1631 1003 1662 1038 δὴ
1677 1001 1724 1029 οὖν
1741 1002 1788 1029 καὶ
1802 1010 1851 1028 σα-

1061 1053 1194 1089 λευομένη
1212 1052 1341 1089 ταύτῃτοι
1365 1051 1507 1086 δικαίωςή
1523 1051 1578 1077 τῶν
1604 1049 1737 1077 Ἰουδαίων
1751 1049 1852 1075 νοεῖται

1062 1100 1223 1135 Συναγωγή.
1239 1099 1300 1126 Ὅτι
1318 1098 1347 1125 δὲ
1371 1098 1458 1129 οὐδεὶς
1476 1098 1505 1124 ἐν
1523 1097 1598 1132 νόμῳ
1613 1095 1764 1122 δικαιοῦται
1776 1093 1852 1130 παρά

1061 1145 1130 1180 Θεῷ,
1141 1145 1204 1172 οὔτε
1217 1145 1270 1181 μὴν
1281 1146 1310 1171 ὲν
1323 1145 1356 1180 τῇ
1367 1144 1421 1171 τῶν
1438 1143 1572 1170 Ἰουδαίων
1581 1143 1727 1177 Συναγωγῇ
1741 1141 1789 1176 τῆς
1805 1139 1851 1166 τοῦ

1061 1191 1128 1218 Θεοῦ
1143 1191 1325 1226 γαληνότητος
1340 1190 1356 1226 ή
1374 1189 1482 1225 μέθεξις
1490 1188 1524 1225 ἦν
1535 1188 1558 1225 (ι
1571 1189 1600 1215 'O
1609 1189 1662 1224 γὰρ
1673 1188 1754 1222 νόμος
1767 1186 1852 1222 ὀργὴν

1062 1236 1270 1272 κατεργάζεται,
1278 1246 1287 1262 ι
1298 1235 1368 1263 κατὰ
1377 1235 1407 1262 τὺ
1418 1234 1634 1271 γεγραμμένον),
1645 1234 1809 1269 ὑποφήνειεν
1819 1232 1851 1259 ἂν

1062 1283 1266 1319 αἰνιγματωδῶς
1278 1283 1333 1310 τῶν
1354 1282 1438 1309 Ἰούδα
1451 1282 1554 1308 παίδων
1568 1281 1585 1315 ἡ
1599 1281 1717 1315 γένεσις,
1733 1287 1853 1313 συνῳκη-

1062 1330 1148 1356 κότων
1167 1331 1200 1364 τῇ
1223 1330 1332 1365 Θάμαρ.
1353 1330 1406 1364 Ἦρ
1425 1329 1474 1364 μὲν
1493 1328 1548 1363 γὰρ
1569 1328 1584 1354 ὁ
1606 1326 1779 1363 πρωτότοκος
1794 1327 1851 1351 ἐστι

1062 1375 1252 1410 δερμάτινος,
1270 1375 1330 1410 ἦτοι
1345 1374 1460 1409 γήϊνος.
1484 1374 1615 1408 Ἐπείπερ
1627 1373 1655 1399 δὲ
1673 1370 1707 1407 ἦν
1723 1370 1852 1405 πονηρὸς,

1062 1421 1168 1455 θανάτῳ
1186 1421 1391 1452 κατεδικάζετο.
1409 1420 1530 1456 Πονηρὸς
1549 1420 1578 1446 δὲ
1592 1419 1663 1446 κατὰ
1682 1419 1712 1445 τὸ
1725 1416 1823 1452 ἀληθὲς
1837 1416 1851 1442 ὁ

1062 1467 1170 1501 πρῶτος
1183 1466 1260 1501 ὤφθη
1273 1466 1347 1500 λαὸς,
1359 1466 1573 1501 καταγογγύζων
1591 1464 1659 1492 Θεοῦ
1676 1465 1722 1491 καὶ
1740 1464 1828 1497 λέγων
1841 1470 1848 1476 ·

1065 1523 1074 1539 ι
1096 1513 1141 1549 Μὴ
1155 1513 1300 1547 δυνήσεται
1315 1514 1330 1539 ὁ
1349 1513 1415 1545 Θεὸς
1429 1513 1571 1548 ἑτοιμάσαι
1584 1511 1722 1547 τράπεζαν
1742 1511 1771 1537 ἐν
1787 1509 1852 1546 ἐρή-

1064 1567 1122 1594 μῳ;
1142 1558 1219 1585 Ἐπεὶ
1230 1558 1349 1590 ἐπάταξε
1363 1559 1475 1593 πέτραν,
1488 1559 1536 1585 καὶ
1548 1558 1686 1594 ὲρρύησαν
1701 1557 1792 1588 ὕδατα,
1803 1556 1850 1584 καὶ

1061 1604 1205 1640 χείμαρροι
1233 1604 1466 1640 κατεκλύσθησαν,
1491 1605 1528 1639 μὴ
1552 1604 1601 1630 καὶ
1633 1604 1714 1638 ἄρτον
1740 1603 1850 1630 δύναται

1060 1650 1167 1681 δοῦναι;
1188 1650 1269 1676 Ἀλλὰ
1290 1651 1337 1677 καὶ
1352 1651 1396 1678 ὅτε
1409 1651 1458 1686 τὴν
1472 1651 1525 1685 γῆν
1543 1651 1592 1685 τῆς
1611 1649 1776 1684 ἐπαγγελίας
1799 1658 1848 1676 κα·

1059 1696 1264 1730 τασκεψάμενοι
1285 1697 1414 1732 παρῆσαν
1428 1698 1451 1723 ol
1465 1697 1685 1732 ἀπεσταλμένοι,
1700 1697 1737 1728 ὡς
1750 1695 1850 1723 αὐτίκα

1060 1742 1091 1776 δὴ
1110 1742 1181 1777 μάλα
1205 1742 1384 1777 ἀπολούμενοι
1401 1743 1591 1778 μειρακιωδῶς
1606 1743 1792 1777 ὠλοφύροντο.
1804 1743 1850 1769 τὸν

1061 1789 1150 1814 πάντα
1171 1788 1296 1824 ἰσχύοντα
1304 1789 1370 1815 Θεδν
1381 1791 1440 1821 ταῖς
1452 1789 1604 1820 ἁπειθείαις
1615 1788 1848 1824 περιυΰρίζοντες.

1060 1834 1204 1869 Τοιγάρτοι
1224 1835 1272 1860 καὶ
1289 1834 1432 1862 διολώλασι
1445 1855 1451 1866 ,
1468 1835 1516 1861 καὶ
1530 1835 1677 1870 είσὸἐϐηκε
1695 1835 1745 1869 μὲν
1759 1835 1848 1866 οὐδεὶς

1059 1881 1098 1910 είς
1118 1880 1166 1914 τὴν
1178 1880 1229 1914 γῆν
1247 1880 1297 1914 τῆς
1310 1880 1486 1914 ἐπαγγελίας,
1516 1890 1525 1906 (
1545 1880 1673 1907 πέπτωκε
1691 1881 1718 1907 δὲ
1728 1881 1761 1907 τὰ
1774 1881 1849 1907 κῶλα

1059 1925 1148 1951 αὐτῶν
1163 1926 1192 1952 ὲν
1207 1927 1239 1961 τῇ
1251 1926 1357 1962 ἐρήμῳ,
1377 1936 1385 1952 ι
1400 1928 1472 1953 κατὰ
1485 1927 1516 1954 τὸ
1529 1928 1730 1962 γεγραμμένον.
1744 1927 1849 1954 Οὐκοῦν

1059 1971 1073 1995 ὁ
1087 1970 1258 2004 πρωτότοκος
1272 1971 1336 2005 Ἦρ,
1349 1971 1498 2001 τουτέστιν,
1517 1972 1531 1997 ὁ
1547 1971 1663 2006 πονηρός
1675 1980 1705 1998 τε
1718 1971 1765 1998 καὶ
1783 1979 1849 2006 σαρ-

1059 2015 1146 2047 κικὸς,
1155 2015 1264 2042 διόλωλε
1274 2016 1391 2051 πρῶτος,
1399 2017 1505 2052 καρπὸν
1513 2017 1607 2043 οὐδένα
1620 2017 1687 2052 ἔχων
1697 2018 1847 2048 εὐσεϐείας.

1059 2061 1140 2087 Τουτὶ
1152 2062 1205 2096 γὰρ
1219 2062 1408 2097 ὑπεμφήνειεν
1423 2062 1455 2088 ἂν
1474 2063 1538 2097 ἡμῖν
1549 2062 1586 2093 ὡς
1600 2063 1628 2088 ἐν
1643 2062 1719 2097 τύπῳ
1736 2062 1817 2089 πάλιν
1831 2063 1848 2097 ἠ

1059 2107 1172 2134 ἀπαιδία
1181 2116 1188 2122 '
1204 2108 1308 2140 εἰκόνες
1314 2108 1368 2143 γὰρ
1377 2108 1470 2144 ὥσπερ
1480 2108 1533 2134 τῶν
1543 2109 1572 2134 ἐν
1580 2109 1670 2143 νοήσει
1679 2108 1713 2135 τὰ
1722 2109 1847 2144 αἰσθητά.

1059 2153 1125 2180 Εἶτα
1142 2155 1201 2189 μετ’
1227 2155 1329 2180 ἐκεῖνον
1346 2154 1471 2190 δεύτερος
1491 2154 1586 2190 ὥσπερ
1607 2163 1650 2186 τις
1665 2155 1722 2186 υίὸς
1739 2155 1786 2181 τοῦ
1801 2155 1848 2182 λυ-

1059 2199 1235 2235 τρωσαμένου
1249 2199 1328 2230 Θεοῦ.
1343 2201 1390 2226 κα)⁸
1401 2200 1431 2232 ἐξ
1440 2199 1514 2226 οἴκου
1527 2200 1647 2232 δουλείας
1656 2198 1846 2234 ἐξαγαγόντος,

215 2248 335 2282 populus
351 2247 457 2282 trajecit
471 2246 582 2281 quidem
604 2245 763 2277 Jordanem,
785 2245 854 2272 duce
869 2245 962 2276 Josua,
981 2248 1009 2272 et

1061 2247 1073 2272 ὁ
1093 2247 1150 2281 μετ’
1168 2245 1287 2276 ἐκείνους
1298 2246 1376 2277 λαός·
1394 2246 1424 2276 ὃς
1437 2245 1597 2281 διεκομίσθη
1615 2245 1664 2280 μὲν
1683 2245 1728 2271 τὸν
1745 2245 1848 2279 ἰορδά-

216 2293 389 2321 Ιιτοι-εᾱίιῑινίι
401 2297 502 2319 terram
520 2291 729 2326 promissionis:
746 2291 793 2318 sed
818 2295 911 2326 postea
928 2291 1011 2318 etiam

216 2339 249 2366 ad
259 2339 367 2375 judiccs
379 2338 516 2373 pervenit,
530 2337 664 2364 atincidit
674 2341 702 2363 et
712 2337 769 2371 ipse
784 2337 811 2364 in
825 2337 873 2364 Dei
886 2337 1012 2372 indigna—

216 2384 329 2411 tionem.
346 2385 411 2411 Erat
425 2383 499 2410 enim
513 2391 608 2411 revera
625 2383 732 2414 Aunan,
749 2383 801 2410 hoc
813 2387 864 2414 est,
877 2383 1014 2418 perculsus

215 2430 302 2457 corde.
316 2430 431 2457 Deﬂexit
445 2430 518 2457 enim
531 2429 649 2457 absurde
667 2437 699 2456 ac
715 2430 832 2464 turpiter
846 2430 880 2457 ad
902 2431 1014 2464 plurali-

217 2481 299 2504 tatcm
309 2477 434 2509 deorum,
457 2478 582 2512 neglecto
602 2485 635 2504 eo
649 2477 695 2511 qui
711 2485 782 2504 unus
799 2477 961 2504 naturaliter
980 2484 1012 2504 ac

216 2531 280 2550 vere
289 2527 330 2550 est
338 2524 419 2550 Deus.
433 2523 551 2558 Ideoque
566 2528 594 2550 et
607 2523 658 2550 istc
667 2524 758 2558 periit,
770 2527 797 2550 et
815 2523 926 2549 servivit
943 2523 1010 2550 alie-

216 2569 333 2604 nigenis.
352 2569 392 2596 lla
409 2569 482 2597 enim
502 2577 553 2597 nos
575 2569 655 2597 docet
680 2570 760 2601 liber,
784 2569 830 2605 qui
849 2569 1009 2596 inscribitur

216 2615 354 2642 Judicum.
370 2615 405 2642 Et
417 2615 452 2642 ob
469 2615 521 2642 hoc
536 2623 645 2650 quoque
659 2620 784 2643 mortuus
796 2620 837 2643 est
850 2616 878 2643 in
891 2615 1009 2643 orbitate

217 2660 379 2693 liberorum,
392 2661 464 2688 sicut
479 2665 507 2688 et
520 2661 584 2693 Her,
598 2666 681 2697 atque
694 2662 721 2689 in
737 2662 852 2689 nihilum
862 2683 868 2694 ,
883 2662 936 2688 hoc
956 2664 1008 2693 est,

217 2705 246 2733 in
258 2711 360 2734 terram
382 2707 536 2734 seminavit.
560 2707 636 2735 Unde
650 2716 699 2743 par
720 2711 780 2735 erat
805 2708 881 2734 illum
902 2707 1009 2734 nullum

216 2750 359 2786 percipere
392 2751 535 2785 fructum,
567 2756 615 2780 aut
646 2761 739 2781 semen
774 2753 851 2780 fratri
882 2761 932 2780 suo
961 2761 1010 2780 su-

216 2796 331 2826 scitare.
364 2796 515 2825 Cunctatus
547 2801 589 2825 cst
629 2803 720 2825 autem
754 2798 837 2825 etiam
879 2797 1009 2829 medius,

1061 2299 1110 2325 νην
1123 2311 1129 2323 ,
1147 2291 1364 2327 στρατηγοῦντος
1389 2290 1475 2326 Ἰησοῦ
1488 2311 1495 2323 ,
1511 2290 1734 2326 κεκληρονόμηκε
1754 2290 1782 2317 δὲ
1799 2292 1848 2326 τὴν

1061 2338 1114 2372 γῆν
1127 2338 1177 2372 τῆς
1189 2338 1364 2371 ἐπαγγελίας.
1390 2337 1486 2371 Γέγονε
1500 2337 1528 2363 δὲ
1551 2336 1619 2372 μετὰ
1641 2336 1720 2363 τοῦτο
1735 2337 1781 2362 καὶ
1797 2337 1849 2362 ὑπὸ

1060 2384 1167 2418 κριτὰς,
1185 2384 1241 2410 ἀλλ’
1257 2384 1440 2410 ὑποπέπτωκε
1455 2385 1501 2410 καὶ
1514 2384 1595 2414 αὐτὸς
1609 2383 1796 2417 ἀγανακτήσει
1816 2384 1848 2417 τῇ

1062 2430 1172 2457 ἄνωθεν.
1185 2428 1239 2456 ἿΙν
1249 2430 1302 2465 γὰρ
1313 2429 1421 2465 ἀληθῶς
1435 2431 1537 2460 Afr/iv,
1549 2430 1672 2456 τουτέστι
1686 2428 1849 2462 πεπληγὼς

1063 2477 1198 2510 καρδίαν.
1215 2477 1365 2511 Ἐτρὰπετο
1379 2477 1432 2511 γὰρ
1446 2477 1568 2507 ἐκτόπως
1581 2477 1620 2506 είς
1635 2475 1791 2504 πολυθεῖαν,
1803 2475 1848 2501 τὸν

1063 2523 1111 2549 ἕνα
1130 2523 1176 2549 καὶ
1199 2522 1278 2557 φύσει
1305 2523 1349 2549 καὶ
1373 2522 1482 2557 ἀληθῶς
1503 2521 1716 2552 καταλελοιπώς.
1741 2520 1848 2547 Οὐκοῦν

1063 2568 1110 2595 καὶ
1123 2569 1246 2595 ἀπώλετο
1260 2569 1306 2595 καὶ
1326 2569 1497 2595 δεδούλευκεν
1512 2567 1680 2602 ἀλλοφύλοις.
1696 2567 1780 2594 Ταυτὶ
1794 2567 1849 2602 γὰρ

1063 2616 1136 2650 ἡμᾶς
1156 2617 1172 2650 ἡ
1198 2615 1253 2642 τῶν
1279 2615 1453 2650 καλουμένων
1483 2614 1593 2649 Κριτῶν
1616 2614 1718 2647 ἐδίδαξε
1746 2613 1846 2648 βίϐλος.

1060 2662 1179 2697 Τέθνηκε
1194 2662 1283 2688 τοίνυν
1301 2662 1329 2688 ἐν
1344 2661 1458 2696 ἀπαιδίᾳ
1472 2661 1518 2687 καὶ
1542 2657 1620 2691 οὗτος
1633 2679 1640 2691 ,
1658 2659 1749 2691 καθὼς
1766 2660 1812 2686 καὶ
1833 2660 1847 2684 ό

1062 2706 1126 2741 Ἦρ,
1141 2706 1260 2741 σπείρων
1275 2707 1315 2738 είς
1326 2705 1412 2738 οὐδὲν,
1430 2704 1567 2731 τουτέστιν
1582 2705 1622 2736 είς
1638 2704 1701 2738 γῆν.
1721 2703 1802 2730 Ὅθεν
1814 2701 1847 2738 ἦν

1060 2752 1134 2783 εἰκὸς
1146 2752 1242 2778 οὐδένα
1254 2752 1362 2782 πάντως
1374 2750 1555 2785 ἀποκερδᾶναι
1565 2750 1680 2785 καρπὸν,
1696 2749 1712 2784 ἢ
1725 2749 1769 2775 καὶ
1782 2749 1847 2774 ἀναη

1061 2798 1158 2831 στῆσαι
1187 2796 1296 2831 σπέρμα
1321 2795 1360 2830 τῷ
1377 2794 1484 2830 ἀδελφῷ
1509 2793 1602 2821 αὑτοῦ.
1627 2793 1794 2828 Κατώκνησε
1819 2793 1846 2818 δὴ

251 2852 274 2868 ⁸⁸
285 2853 384 2888 Ephes.
399 2854 478 2886 v.27.
519 2854 538 2870 "
549 2855 627 2882 Rom.
650 2863 686 2887 tv,
707 2855 748 2882 lii.
789 2856 809 2871 "
826 2856 896 2883 Psal.
919 2863 1016 2887 tum,
1041 2854 1083 2887 l9,
1106 2854 1148 2882 ΞΟ.
1190 2855 1211 2869 ⁸³
1228 2855 1308 2882 Num.
1327 2863 1380 2887 xw,
1395 2854 1439 2882 '23.
