1990 3050
137 126 187 155 8⁸ὶὶ

631 123 893 151 GLAPHYRURUM
916 123 947 148 IN
968 122 1117 149 GEM‘LSIM
1137 123 1202 147 LIB.
1224 122 1270 148 Vl.

1721 125 1774 153 522

140 184 289 220 πρόσωπον
303 182 349 210 τὸν
361 182 502 209 θεσπέσιον
523 181 632 217 Ἰωσὴφ,
643 181 829 217 ὲμὸεὸλῆσθαι
841 181 890 216 μὲν
904 181 931 207 ὲν

984 179 1030 212 sti,
1051 179 1206 214 conjectum
1218 178 1331 213 quidem
1353 178 1381 206 in
1407 179 1508 207 fossam
1524 188 1539 208 a
1554 181 1686 210 fratribus
1702 183 1774 211 dixi-

139 231 178 266 τῷ
193 229 289 263 λάκκῳ
313 227 390 263 παρὰ
412 227 466 253 τῶν
489 226 612 261 ἀδελφῶν
638 227 777 262 ἐλέγομεν·
800 227 930 254 ἀνακεκο-

142 275 237 310 μίσθαι
253 274 281 300 δὲ
296 272 328 301 αὖ
345 274 393 300 καὶ
406 273 635 309 καταπεπρὰσθαι
651 274 707 305 τοῖς
730 273 929 308 Ἰσμαηλίταις,

140 322 165 349 οἳ
180 322 228 348 καὶ
243 321 398 356 ἀρωμάτων
412 320 467 348 τῶν
482 320 670 355 εὐοσμοτάτων
685 319 798 356 ἔμποροί
818 328 847 345 τε
862 317 930 354 ἦσαν

142 367 257 398 καὶτοῖς
270 367 320 393 οὐκ
331 366 422 402 ἔχουσι
437 365 618 401 διακομισταί.
642 365 834 401 Ἀπενηνέχθαι
849 373 879 392 τε
898 365 930 391 δι’

141 412 255 438 ἐκείνων
273 411 354 438 αὑτὸν
374 412 414 443 εἰς
437 411 486 446 τὴν
507 410 680 445 Αἰγυπτίων,
710 410 874 446 προσθέντες
897 409 933 436 ει-

143 457 279 492 ρήκαμεν.
298 456 336 489 (1)
348 455 409 481 Ὀτι
422 455 517 486 καθεὶς
530 454 624 481 ἑαυτὸν
635 454 674 486 εἰς
686 453 799 480 κένωσιν
812 453 825 478 ὁ
841 453 927 478 Move-

140 502 232 536 γενὴς,
247 502 293 528 καὶ
308 502 335 528 ἐν
350 502 405 532 τοῖς
420 501 480 527 καθ’
494 502 567 536 ἡμᾶς
582 499 710 535 γεγονώς·
720 497 928 534 κεχρηματικὼς

141 546 189 573 καὶ
202 546 315 581 ἁδελφὸς
329 548 386 579 τοῖς
397 547 443 574 ἐπὶ
457 547 507 582 τῆς
524 547 585 582 γῆς,
602 547 648 573 καὶ
663 547 715 582 πρό
729 556 760 581 γε
777 547 831 574 τῶν
845 547 932 575 ἄλλων

140 593 196 623 τοῖς
214 592 243 625 ἐξ
255 592 371 628 Ἰσραὴλ,
388 592 501 619 Θάνατον
517 593 657 628 ὑπέμεινε,
673 594 719 620 καὶ
734 593 830 629 ἀνέτλη
850 602 930 620 σταυ-

142 638 200 673 ρὸν,
213 638 387 673 καταϐέϐηκέ
400 647 430 664 τε
444 639 483 670 είς
498 639 571 674 ᾆδον,
587 635 617 664 οὗ
633 639 679 665 καὶ¹
690 639 731 670 εἰς
746 639 853 666 τύπονὸ
867 639 933 666 λάκ-

140 691 198 714 κος.
215 683 289 718 Πλὴν
300 683 400 710 ἀνεϐίω
415 684 507 715 πάλιν,
522 684 567 710 καὶ
581 684 635 711 τῶν
648 684 676 717 ἐξ
691 684 806 719 αἵματος
823 685 932 720 Ἰσραὴλ

144 729 351 763 ἀπενοσφίζετο.
374 729 483 756 Δέδοται
507 729 536 755 δὲ
560 729 655 765 ὥσπερ
677 732 733 761 τοῖς
756 730 810 756 τῶν
830 730 932 764 νοητῶν

141 774 297 810 ἀρωμάτων
311 775 458 810 ἐμπόροις,
473 775 596 802 τουτέστι
606 795 613 808 ,
631 776 688 807 τοῖς
711 775 799 810 ἁγίοις
815 775 932 802 ἀποστό-

141 822 209 853 λοις,
227 821 252 848 οἳ
274 821 305 848 τδ
328 822 410 848 αὑτοῦ
428 821 513 857 μῦρον
533 822 737 855 εὐωδιάζοντες,
759 823 798 854 είς
817 822 867 857 τὴν
878 822 932 849 τῶν

983 233 1055 257 mus,
1071 225 1118 252 sed
1131 225 1231 252 iterum
1243 228 1396 252 extractum
1409 229 1437 252 et
1447 226 1589 254 venditum
1609 227 1754 256 Ismaelitis
1765 249 1772 261 ,

983 271 1030 306 qui
1046 271 1301 298 odoratissimorum
1318 275 1471 298 aromatum
1491 277 1570 300 erant
1584 278 1752 302 mercatores
1765 295 1772 307 ,

983 321 1065 352 atque
1086 317 1120 344 ad
1142 324 1190 344 eos
1203 336 1210 349 ,
1237 316 1284 351 qui
1307 317 1361 343 illis
1375 317 1522 350 carebant,
1540 319 1773 353 transportabant.

984 362 1086 389 Deinde
1101 362 1190 397 ipsum
1207 370 1255 397 per
1276 362 1327 389 hos
1341 362 1490 390 abductum
1512 363 1540 390 in
1561 363 1707 400 [Egyptum
1725 367 1774 393 ad-

984 407 1081 434 dentes
1092 407 1297 442 explicavimus.
1319 407 1387 435 Cum
1414 409 1487 436 enim
1507 409 1672 444 Unigenitus
1686 411 1775 439 demi-

984 452 1065 479 sisset
1077 453 1198 487 seipsum
1210 453 1237 480 in
1254 453 1468 482 exinanitionem
1483 455 1515 487 “,
1538 455 1676 491 boumque
1687 456 1776 484 factus

984 502 1067 531 esset,
1081 506 1113 525 ac
1126 503 1241 526 vocatus
1255 500 1338 527 frater
1349 508 1445 528 eorum
1459 501 1506 536 qui
1525 501 1553 529 in
1567 503 1649 530 terris
1661 502 1774 538 degunt,

984 551 1041 578 prae
1055 544 1115 571 aliis
1127 545 1257 572 sustinuit
1278 549 1392 572 mortem
1406 546 1440 573 ab
1454 546 1585 574 Israelilis
1598 547 1649 582 ipsi
1661 548 1775 580 illatam,

985 596 1150 623 crucemque
1169 590 1300 624 suscepit,
1313 598 1345 617 ac
1358 590 1501 618 descendit
1516 592 1544 619 in
1556 592 1704 624 infernum,
1726 600 1776 620 cu-

982 633 1026 668 jus
1038 638 1131 669 typum
1141 643 1195 669 pra:
1207 642 1236 662 se
1250 635 1303 662 fert
1319 636 1403 663 lacus.
1420 636 1556 663 Caeterum
1570 638 1685 671 revixit,
1700 643 1728 666 et
1741 639 1776 666 ab

984 680 1019 707 iis
1033 681 1079 715 qui
1094 681 1127 708 de
1145 682 1277 716 sanguine
1298 682 1378 709 lsrael
1400 688 1489 715 erant,
1508 685 1632 712 secessit.
1647 685 1777 713 Traditus

985 732 1076 754 autem
1098 732 1150 760 est,
1168 729 1245 763 quasi
1263 729 1446 763 spiritualium
1469 735 1623 758 aromatum
1638 736 1775 759 mercato-

986 774 1074 806 ribus,
1090 774 1143 801 hoc
1153 780 1204 807 est,
1218 775 1320 802 sanctis
1336 775 1477 809 apostolis,
1492 777 1539 810 qui
1551 777 1638 811 ipsius
1651 785 1777 813 unguen-

986 823 1044 846 tum
1056 819 1211 847 redolentes
1223 820 1250 846 in
1259 821 1381 855 gentium
1396 821 1535 856 regionem
1550 823 1776 858 commigrarunt,

141 867 226 893 ὲθνῶν
245 867 373 901 ἀφίκοντο
389 867 492 902 χώραν,
507 866 551 893 διὰ
567 867 620 893 τῶν
632 867 816 901 εὑαγγελικῶν
830 875 931 902 κηρυγ-

984 872 1033 899 per
1041 865 1196 899 evangelica
1212 866 1349 900 praeconia
1362 867 1553 901 ignorantibus
1566 876 1629 895 eum
1644 869 1692 903 qui
1705 869 1777 896 servi

147 913 241 948 μάτων
257 914 312 944 τοῖς
327 913 377 939 οὐκ
394 912 491 939 εἰδόσιν
508 913 588 939 αὑτὸν
608 913 804 948 ἀποφέροντες,
822 912 871 948 τὴν
886 912 932 939 τοῦ

141 957 235 984 δούλου
263 957 370 993 μορφὴν
394 957 595 993 περικείμενον.
625 957 801 992 Κηρύσσεται
822 957 876 992 γὰρ
899 957 933 984 δι’

141 1004 216 1039 ἡμᾶς
230 1005 257 1030 ἐν
271 1003 352 1038 σαρκὶ
366 1002 496 1037 γεγονὼς,
510 1003 556 1030 καὶ
570 1004 600 1030 ἐν
614 1005 646 1039 τῇ
660 1003 707 1030 τοῦ
721 1003 814 1030 δούλου
831 1004 932 1039 μορφῇ.

140 1049 237 1082 Τοῦτο,
249 1047 335 1084 οἶμαι,
351 1050 408 1076 ἐστὶ
423 1049 453 1075 τὸ
466 1049 647 1085 ἀπενεχθῆναι
661 1049 707 1076 τὸν
723 1049 821 1084 Ἰωσὴφ
829 1049 872 1076 διὰ
880 1049 933 1076 τῶν

148 1095 326 1130 Ἰσμαηλιτῶν
340 1096 380 1127 εἰς
393 1096 540 1129 Αἴγυπτον.
556 1095 588 1122 Τί
599 1093 645 1122 οὖν
660 1095 713 1130 ἄρα
725 1095 825 1130 συνέϐη
837 1095 934 1122 παθεῖν

141 1141 200 1167 ἐκεῖ
214 1141 354 1175 γεγονότα,
372 1140 400 1167 τί
422 1140 449 1167 δὲ
464 1140 518 1167 ἔδει
538 1141 607 1176 προς
624 1141 702 1168 τοῦτο
717 1141 833 1176 δράσαι,
849 1149 934 1168 κατα-

141 1186 264 1222 θρῶμεν,
280 1187 304 1213 εὶ
318 1187 400 1213 δοκεῖ.
424 1187 484 1213 Ἔτι
507 1187 556 1222 μὲν
569 1187 632 1222 ,γὰρ
647 1187 705 1218 νέος
723 1187 760 1213 ὣν
777 1188 824 1215 καὶ
839 1188 868 1214 ὲν
884 1188 934 1222 ἐφ-

141 1232 219 1268 ήϐοις
236 1232 332 1265 τελῶν,
348 1232 425 1260 ἐνίκα
432 1233 482 1268 τῆς
493 1233 645 1267 Αἰγυπτίας
658 1233 689 1260 τὸ
704 1234 827 1268 ἀσελγὲς,
841 1242 935 1270 μονον-

140 1279 200 1314 ουχὶ
217 1279 263 1306 καὶ
279 1280 327 1307 σὺν
342 1279 387 1315 βίᾳ
400 1280 484 1315 πολλῇ
501 1280 707 1315 κατωοούμενος
719 1280 759 1312 εἴς
773 1289 805 1315 γε
819 1281 848 1307 τὸ
859 1281 935 1316 Θελῆ-

141 1334 186 1352 σαι
205 1326 270 1361 δρᾷν
282 1326 300 1353 ἂ
315 1326 351 1361 μὴ
365 1326 453 1362 θέμις.
472 1327 503 1353 Ἡ
516 1326 565 1362 μὲν
578 1327 632 1362 γὰρ
644 1326 744 1362 ἐξῆπτο
753 1327 806 1354 τῶν
820 1327 934 1362 ἱματίων

140 1371 225 1405 ἁπρίξ
243 1379 272 1397 τε
292 1371 339 1398 καὶ
353 1371 479 1405 ἀναιδῶς,
495 1371 540 1398 καὶ
555 1373 596 1403 είς
619 1372 778 1407 ἀνεθέλητον
797 1372 935 1408 ἁμαρτίαν

140 1418 171 1444 οὐ
191 1418 310 1453 μετρίως
327 1417 513 1450 κατεϐιάζετο.
539 1417 569 1444 Ὀ
586 1417 614 1444 δὲ
635 1419 682 1445 καὶ
699 1418 765 1445 αὐτὸ
781 1418 811 1445 τὸ
829 1419 934 1453 ἱμάτιον

141 1465 232 1499 ἀφεὶς,
251 1463 397 1500 μαχλώσης
410 1464 509 1499 ἀγρίας
528 1463 724 1499 ἀπηλλάττετο,
735 1465 782 1491 καὶ
797 1464 934 1494 ἀνάλωτος

139 1507 174 1546 ἦν
195 1510 233 1546 τῷ
250 1510 342 1538 πάθει.
367 1510 605 1546 Σεσυκοφάντηται
617 1511 646 1537 δὲ
663 1510 733 1545 μετὰ
749 1510 838 1544 τοῦτο,
855 1514 930 1546 περι-

140 1557 288 1591 τρέποντος
303 1556 343 1587 εἰς
364 1555 444 1581 αὑτὸν
458 1555 505 1582 τοῦ
522 1555 632 1589 γυναίου
651 1555 684 1582 τὰ
698 1556 877 1590 ἐγκλήματα,
901 1557 930 1582 ἐν

141 1599 242 1631 αἰτίαις
260 1599 437 1635 αἰηρότητος
460 1599 474 1625 ὁ
494 1599 609 1634 σώφρων
624 1608 652 1625 τε
675 1599 723 1625 καὶ
742 1598 932 1634 φιλελεύθερος

140 1643 184 1681 ἦν.
201 1645 275 1681 Πλὴν
291 1645 401 1681 ἐκράτει
415 1645 464 1671 τοῦ
480 1645 679 1680 δεσμωτηρίου,
695 1644 772 1679 φησί.
792 1644 888 1678 Γέγονε
904 1644 932 1670 δὲ

141 1691 188 1717 καὶ
204 1692 232 1717 ὲν
245 1691 300 1722 τοῖς
314 1690 419 1716 ἔθνεσιν
434 1690 447 1716 ὁ
461 1689 588 1725 Χριστὸς,
598 1689 635 1721 ὡς
648 1690 677 1716 ὲν
688 1688 836 1725 προσώπῳ,
848 1690 931 1723 φημὶ,

140 1736 193 1762 τῶν
213 1735 297 1769 ἁγίων
320 1735 493 1766 ἀποστόλων,
511 1735 534 1762 οἳ
560 1734 607 1762 καὶ
629 1735 663 1761 τὰ
687 1735 824 1770 στίγματα
849 1733 931 1761 αὑτοῦ

141 1782 300 1817 περιξὲρειν
317 1781 434 1815 ἔφασκον
445 1782 472 1807 ἐν
489 1781 545 1816 ἰδίῳ
560 1780 675 1816 σώματι.
692 1780 866 1816 Παρῃτοῢντο
882 1781 931 1816 μὲν

140 1828 196 1862 γὰρ
213 1827 463 1862 συσχηματίζεσθαι
478 1828 534 1858 τοῖς
549 1826 582 1852 τὰ
595 1827 624 1852 ἐν
641 1826 736 1860 κόσμῳ
751 1827 859 1861 φρονεῖν
875 1826 932 1852 ἐλο-

142 1872 244 1908 μένοις,
266 1872 401 1899 ἀπωτάτω
412 1872 440 1898 δὲ
455 1869 524 1907 ἦσαν
540 1871 679 1906 σαρκικῶν
695 1871 857 1906 ἐπιθυμιῶν.
871 1871 931 1897 Τοι-

139 1918 232 1944 ουτοσὶ
242 1917 297 1953 γὰρ
309 1917 352 1944 ἀεὶ
363 1918 377 1943 ό
387 1917 440 1944 τῶν
454 1917 538 1951 ἁγίων
553 1917 618 1952 βίος.
640 1916 709 1943 Ἀλλ’
723 1916 931 1943 ἐπεϐουλεύοντο

140 1963 184 1990 διὰ
202 1963 298 1996 τοῦτο,
318 1963 365 1990 καὶ
383 1963 415 1998 δὴ
440 1963 487 1989 καὶ
512 1962 759 1998 συκοφαντούμενοι
782 1963 858 1998 παρὰ
878 1962 931 1989 τῶν

141 2009 275 2036 εἰωθότων
295 2007 422 2044 ἡγεῖσθαι
446 2008 591 2043 φορτικοὺς
614 2006 677 2039 τοὺς
699 2008 728 2033 ὲν
749 2006 859 2042 Χριστῷ
882 2005 931 2041 ζῇν

141 2055 301 2087 ἐθέλοντας,
332 2055 495 2090 πειρασμοῖς
523 2052 767 2088 περιπεπτώκασι,
793 2052 931 2088 δεσμῶται

140 2101 277 2136 γεγόνασι.
291 2102 365 2139 Πλὴν
379 2102 532 2138 ἐμέμνηντο
546 2101 663 2138 Χριστοῦ
678 2102 811 2136 λέγοντος·
829 2110 839 2126 ‹
853 2100 884 2127 Εἰ
894 2100 926 2126 ὲκ

140 2147 188 2174 τοῦ
207 2148 308 2182 κόσμου
324 2146 384 2184 ἦτε,
400 2149 414 2174 ό
430 2148 530 2183 κόσμος
549 2147 581 2174 ἂν
595 2148 625 2174 τὸ
646 2147 710 2173 ἴδιον
725 2146 821 2180 ἐφίλει·
833 2145 925 2181 ἐπειδὴ

140 2193 169 2220 δὲ
186 2195 217 2220 ἐκ
235 2193 281 2220 τοῦ
297 2194 400 2227 κόσμου
418 2193 468 2220 οὐκ
484 2193 560 2224 ἐστὲ,
578 2193 622 2219 διὰ
637 2192 715 2218 τοῦτο
736 2192 809 2226 μισεῖ
825 2191 897 2226 ὑμᾶς
912 2191 927 2217 ὁ

140 2219 243 2272 κόσμος
255 2246 261 2252 ·
278 2247 287 2263 ι
299 2219 424 2272 καθ-άπερ
434 2219 529 2272 ἀμέλει
540 2219 585 2263 καὶ
595 2236 642 2262 τὸν
658 2219 756 2271 ’ἰωσὴξρ
770 2237 785 2271 ἡ
800 2219 931 2271 μαχλωσα
947 2219 968 2246 D

140 2285 219 2319 γυνή.
242 2284 315 2318 Πλὴν
331 2283 378 2310 καὶ
400 2285 428 2309 ὲν
452 2284 544 2314 αὐτοῖς
561 2281 740 2309 ὲπλατύνοντο
756 2283 811 2313 τοῖς
828 2282 930 2313 πόνοις,

139 2329 190 2364 τῆς
206 2329 254 2356 τοῦ
269 2329 337 2356 Θεοῦ
360 2329 471 2364 χάριτος
490 2329 678 2364 ὲξημερούσης
700 2328 813 2361 αὐτοὺς,
836 2328 882 2360 οὓς
897 2325 931 2363 ἦν

142 2376 259 2412 μάλιστα
283 2375 456 2411 διαπονήσειν
481 2376 564 2407 εἰκός,
593 2374 775 2409 Ἐπεγάννυτο
797 2375 867 2410 γὰρ,
893 2375 931 2406 ὡς

140 2423 219 2457 ἔφην,
235 2423 249 2448 ό
267 2421 439 2457 δεσμοφύλαξ
458 2420 498 2456 τῷ
518 2421 628 2456 Ἰωσήφ.
644 2419 709 2447 Εἶτα
725 2420 778 2446 τῶν
797 2419 931 2455 εὐνούχων

139 2467 187 2494 τοῦ
200 2467 317 2503 Φαραὼ,
331 2466 378 2494 τοῦ
396 2476 426 2493 τε
440 2467 570 2502 οἰνοχόου,
585 2466 668 2501 φημὶ,
689 2466 736 2492 καὶ
754 2466 866 2502 προσέτι
884 2465 930 2492 τοῦ

142 2513 290 2546 σιτοποιοῦ,
306 2513 469 2548 δεδεμένων,
486 2513 608 2547 διεσάφει
623 2513 656 2540 τὰ
667 2513 803 2546 ὀνείρατα.
819 2513 873 2539 Καὶ
888 2512 931 2540 διὰ

140 2560 231 2594 τοῦτο,
245 2561 322 2595 φησὶ,
336 2561 350 2587 δ
365 2559 506 2591 Θεσπέσιος
527 2560 626 2595 Ἰωσὴφ
639 2560 668 2586 οὺ
685 2559 800 2596 μετρίως
813 2558 932 2594 ἐθαυμά-

142 2606 204 2637 ζετο
215 2614 222 2622 ·
237 2604 462 2636 ὲνυπνιασθέντος
474 2605 502 2631 δὲ
516 2605 564 2631 καὶ
577 2604 659 2631 αὑτοῦ
673 2604 719 2631 τοῦ
730 2603 829 2640 Φαραὼ
839 2604 888 2639 τήν
901 2612 931 2630 τε

142 2651 272 2686 ἐσομένη-ι
286 2651 336 2677 οὐκ
351 2652 389 2682 εἰς
407 2650 515 2685 μακρὰν
532 2650 683 2685 εὐκαρπίαν
707 2651 751 2677 καὶ
764 2650 808 2676 τὸν
827 2651 859 2676 ὲκ
884 2648 931 2675 τοῦ

142 2697 220 2732 λιμοῦ
235 2698 331 2729 πόνον,
351 2697 387 2728 ὡς
404 2698 432 2723 ὲν
453 2697 530 2732 βουσὶ
548 2698 596 2732 μὲν
613 2698 742 2733 πρότερον
755 2697 828 2723 πίοσί
843 2705 871 2723 τε
887 2697 932 2723 καὶ

141 2742 263 2780 ὶσχναῖς,
278 2743 316 2774 ὡς
331 2743 360 2769 ὲν
375 2743 507 2778 ἀστάχυσι
523 2743 550 2769 δὲ
567 2743 635 2778 μετὰ
652 2743 730 2769 τοῦτο
747 2742 912 2774 τεθεαμένοι)
924 2751 930 2756 ·

984 910 1099 938 formam
1115 911 1237 946 accepit,
1251 911 1408 939 oll‘erentes.
1427 913 1596 940 Praedicatur
1617 914 1692 941 enim
1715 922 1779 949 pro-

984 961 1045 992 pter
1059 965 1111 985 nos
1127 958 1207 992 202
1219 958 1328 985 venisse
1349 959 1377 986 in
1399 967 1497 992 carne,
1514 960 1686 995 formamque
1702 962 1776 988 servi

984 1003 1132 1038 accepisse.
1144 1004 1184 1036 ld,
1198 1003 1329 1036 arbitror,
1338 1009 1379 1032 est
1393 1006 1466 1040 quod
1477 1006 1577 1040 Joseph
1587 1007 1622 1033 sit
1632 1007 1666 1034 ab
1676 1007 1778 1034 lsmae-

983 1048 1041 1076 litis
1054 1049 1083 1075 in
1097 1048 1244 1084 Egyptum
1263 1049 1416 1077 traductus.
1431 1049 1502 1083 Quid
1514 1050 1598 1085 igitur
1608 1050 1634 1078 ei
1651 1051 1701 1078 ubi
1712 1052 1778 1079 illuc

983 1094 1114 1127 venisset,
1132 1095 1274 1127 acciderit,
1287 1099 1334 1122 aut
1347 1095 1414 1130 quid
1428 1096 1461 1122 ad
1475 1096 1527 1123 hoc
1541 1096 1699 1124 faciendum
1714 1096 1776 1129 fuit,

985 1140 1202 1172 consideremus,
1218 1140 1239 1167 si
1254 1141 1372 1167 videtur.
1386 1140 1455 1168 Cum
1474 1141 1548 1168 enim
1563 1141 1654 1169 adhuc
1670 1142 1779 1177 juvenis

986 1189 1015 1212 et
1031 1185 1059 1212 in
1069 1185 1184 1220 ephebis
1203 1190 1285 1219 esset,
1301 1185 1434 1222 (Egyptiae
1458 1186 1583 1214 mulieris
1598 1187 1778 1222 petulantiam

985 1232 1136 1266 superavit,
1159 1232 1267 1260 etiamsi
1283 1240 1379 1267 magna
1403 1233 1429 1259 vi
1450 1233 1655 1268 propellebatur
1677 1234 1712 1261 ad
1740 1234 1777 1267 id,

985 1277 1059 1312 quod
1076 1277 1117 1305 fas
1130 1286 1185 1305 non
1201 1282 1253 1310 est,
1270 1278 1508 1305 committendum.
1522 1279 1590 1306 Nam
1608 1279 1667 1306 haec
1679 1280 1780 1307 mulier

985 1325 1122 1352 consertis
1137 1325 1264 1353 manibus
1285 1325 1460 1360 impudenter
1478 1325 1516 1352 illi
1531 1329 1636 1353 vestem
1649 1326 1777 1359 detraxit,

985 1375 1068 1405 atque
1082 1370 1151 1398 adeo
1175 1371 1293 1398 invitum
1314 1371 1347 1398 ad
1372 1370 1543 1406 peccandum
1571 1372 1710 1406 adigebat.
1730 1372 1778 1399 Ille

984 1423 1050 1442 vero
1067 1416 1164 1443 relicto
1176 1416 1258 1451 pallio
1273 1416 1423 1451 effugiebat
1437 1424 1451 1443 a
1466 1424 1566 1443 vesana
1575 1417 1701 1444 mulieris
1714 1418 1778 1444 libi-

985 1461 1058 1494 dine,
1075 1469 1164 1496 neque
1183 1465 1292 1496 poterat
1304 1462 1358 1489 ulla
1381 1461 1427 1488 tali
1447 1461 1593 1489 aﬂ‘ectione
1616 1463 1777 1497 expugnari.

984 1507 1137 1534 Accusatus
1153 1515 1220 1534 vero
1236 1507 1336 1534 deinde
1358 1510 1400 1534 est
1421 1507 1473 1534 hac
1488 1507 1522 1535 de
1545 1515 1638 1540 causa,
1662 1509 1778 1535 muliere

944 1549 965 1578 C
982 1553 1089 1587 culpam
1107 1553 1135 1580 in
1157 1553 1246 1587 ipsum
1272 1557 1459 1587 retorquente.
1485 1553 1546 1587 Ipse
1566 1557 1657 1580 autem
1680 1553 1708 1580 in
1732 1553 1777 1580 illa

985 1598 1164 1632 turpitudinis
1180 1598 1354 1625 accusatione
1378 1605 1513 1624 summam
1536 1597 1696 1625 modestiam
1718 1605 1777 1625 ma-

983 1643 1244 1679 gnanimitatemque
1259 1651 1316 1678 pra:
1338 1651 1366 1670 se
1390 1643 1462 1670 tulit.
1478 1642 1614 1670 Czeterum
1631 1643 1658 1670 in
1684 1651 1778 1670 carce-

983 1697 1041 1716 rem
1063 1689 1205 1724 conjectus
1226 1689 1325 1716 fuit".
1347 1689 1433 1716 Porro
1445 1688 1576 1716 Christus
1594 1688 1678 1716 etiam
1703 1688 1777 1716 inter

983 1739 1077 1771 gentes
1094 1735 1155 1768 fuit,
1178 1735 1309 1761 nimirum
1326 1735 1409 1762 veluti
1430 1735 1457 1761 in
1477 1742 1596 1769 persona
1617 1739 1775 1762 sanctorum

983 1782 1179 1816 apostolorum,
1194 1781 1241 1815 qui
1259 1785 1287 1808 et
1304 1781 1364 1816 ejus
1382 1780 1527 1808 cicatrices
1552 1780 1733 1809 circumferre
1748 1782 1776 1809 in

983 1835 1033 1854 suo
1049 1827 1171 1862 ipsorum
1194 1834 1311 1861 corpore
1325 1826 1523 1861 praedicabant.
1544 1827 1680 1855 Nolebant
1700 1829 1776 1856 enim

984 1881 1012 1901 se
1025 1873 1234 1901 accommodare
1242 1873 1305 1907 illis,
1315 1874 1361 1908 qui
1374 1873 1512 1901 mundana
1518 1878 1656 1909 saperent,
1664 1875 1712 1902 sed
1719 1876 1779 1903 lon-

982 1920 1092 1956 gissime
1107 1920 1246 1947 aberanta
1257 1919 1414 1946 carnalibus
1435 1920 1677 1954 concupiscentiis.
1695 1921 1778 1956 Ejus-

982 1966 1056 1993 modi
1076 1966 1150 1993 enim
1168 1972 1275 1999 semper
1296 1969 1340 1991 est
1367 1968 1525 1991 sanctorum
1553 1965 1619 1992 vita.
1641 1965 1776 1993 Caeterum

982 2011 1053 2039 hanc
1063 2011 1099 2038 ob
1114 2019 1171 2038 rem
1186 2010 1292 2037 insidia:
1305 2010 1346 2037 eis
1361 2010 1555 2043 tendebantur,
1573 2011 1776 2047 calumniisque

982 2057 1105 2091 oppressi
1116 2057 1150 2083 ab
1159 2057 1228 2089 istis,
1242 2056 1288 2091 qui
1300 2060 1504 2083 consueverunt
1514 2056 1670 2085 Christiane
1681 2058 1777 2086 vivere

981 2103 1105 2131 volentes
1118 2103 1219 2131 habere
1235 2111 1286 2137 pro
1308 2103 1472 2135 maledictis,
1488 2103 1516 2130 in
1530 2104 1697 2131 tentationes
1712 2113 1776 2139 gra-

981 2149 1108 2177 vissimas
1128 2149 1285 2176 inciderunt
1312 2148 1469 2183 captivique
1480 2148 1556 2176 ducti
1575 2153 1648 2176 sunt.
1667 2149 1720 2176 Sed
1734 2153 1776 2177 ta~

983 2202 1047 2221 men
1063 2202 1172 2229 semper
1185 2194 1317 2221 memoria
1336 2193 1471 2221 tenebant
1487 2198 1516 2221 et
1537 2201 1593 2229 prae
1608 2194 1697 2221 oculis
1708 2194 1775 2221 illud

982 2239 1085 2267 Christi
1100 2248 1107 2265 ε
1125 2249 1134 2264 «
1150 2238 1177 2266 Si
1195 2247 1227 2266 ex
1241 2238 1344 2266 mundo
1354 2239 1461 2271 essetis,
1481 2239 1600 2266 mundus
1611 2239 1684 2274 quod
1695 2247 1775 2267 suum

980 2289 1023 2313 est
1035 2279 1169 2320 diligeret.
1186 2283 1322 2317 Quoniam
1339 2289 1431 2311 autem
1449 2292 1503 2311 non
1525 2284 1591 2311 estis
1602 2284 1636 2312 de
1654 2285 1774 2318 mundo,

981 2331 1085 2359 idcirco
1104 2339 1153 2358 vos
1171 2331 1291 2358 mundus
1305 2331 1370 2358 odio
1384 2331 1602 2365 prosequitur“;
1617 2341 1626 2357 ι
1648 2331 1720 2359 sicut
1733 2340 1776 2359 re-

981 2386 1046 2406 vera
1067 2382 1095 2404 et
1118 2377 1267 2411 Josephum
1287 2377 1338 2403 ista
1363 2376 1509 2404 libidinosa
1536 2378 1645 2404 mulier.
1660 2378 1776 2405 Verum-

981 2424 1125 2451 enimvcro
1157 2423 1240 2450 etiam
1275 2422 1302 2449 in
1323 2422 1388 2457 ipsis
1408 2422 1550 2450 laboribus
1578 2424 1774 2457 dilatabantur,

984 2469 1071 2505 gratia
1091 2469 1138 2496 Dei
1152 2468 1309 2496 emolliente
1324 2476 1388 2501 eos,
1410 2476 1480 2503 quos
1501 2477 1551 2504 par
1566 2474 1626 2496 erat
1641 2470 1772 2497 maximo-

985 2523 1050 2550 pere
1072 2515 1207 2542 iaborare.
1223 2514 1380 2541 Laetabatur
1394 2515 1469 2541 enim
1486 2519 1579 2542 custos
1594 2516 1714 2543 carceris
1725 2536 1731 2547 ,
1745 2521 1775 2543 ut

985 2561 1052 2592 dixi,
1061 2568 1143 2595 super
1153 2559 1283 2594 Joscpho.
1295 2559 1398 2586 Deinde
1411 2560 1564 2588 enuntiavit
1574 2561 1679 2588 somnia
1689 2569 1776 2598 eunuf

985 2606 1099 2633 chorum
1111 2605 1262 2632 Pharaonis
1271 2625 1277 2636 ,
1290 2605 1442 2639 pincernae,
1466 2606 1576 2641 inquam
1588 2627 1595 2638 ,
1614 2611 1641 2634 et
1653 2607 1774 2642 pistoris.

985 2650 1032 2686 qui
1044 2650 1128 2676 vineti
1148 2654 1237 2676 erant.
1255 2649 1314 2682 Qua
1327 2650 1360 2677 de
1376 2659 1458 2678 causa
1475 2651 1585 2679 divinus
1594 2652 1711 2687 Ioseph,
1726 2653 1774 2684 ait,

986 2697 1014 2724 in
1032 2703 1138 2723 summa
1151 2701 1210 2723 erat
1224 2696 1417 2724 admiratione.
1437 2697 1506 2725 Cum
1519 2703 1609 2726 autem
1622 2700 1704 2726 etiam
1716 2699 1774 2734 ipse

986 2743 1091 2770 Pharao
1105 2741 1268 2769 somniasset
1284 2743 1403 2770 futuram
1420 2752 1475 2771 non
1488 2745 1575 2772 multo
1593 2749 1656 2780 post
1678 2746 1777 2781 ingen‘

193 2815 214 2830 "
229 2815 343 2850 Philipp.
364 2823 393 2846 ιι,
406 2815 432 2842 7.
468 2815 490 2831 ⁸¹
505 2813 572 2841 Gen.
592 2821 684 2845 χχχιχ,
704 2813 780 2840 1-23.
819 2813 842 2828 ⁸³
853 2812 932 2840 Joan.
953 2821 997 2844 xv,
1015 2813 1057 2840 19.

194 2860 230 2892 (1)
250 2860 340 2889 Codex
359 2861 514 2888 llarlaeanus
525 2859 596 2888 addit
616 2869 622 2886 :
639 2857 702 2886 Εἶτα
716 2859 755 2885 ὃτι
770 2858 834 2885 ποτέ
851 2859 907 2886 ἑστι
920 2868 931 2885 τ

983 2859 1058 2886 ὶιόνδε
1075 2859 1296 2895 διερμηνεύοντες
1313 2859 1496 2892 ἐδιδάσκομεν.
