1990 3050
181 123 235 154 325

674 119 933 149 GLAPHYRORUM
952 119 985 148 IN
1005 119 1154 147 GENESIM
1173 118 1237 146 LIB.
1258 118 1303 147 Vl.

1760 120 1812 149 826

184 192 259 219 μενοι
272 182 388 219 τροφῆς,
403 182 483 216 ἁγίας
499 190 529 208 τι
543 181 590 208 καὶ
605 180 806 215 πνευματικῆς,
823 180 904 214 φημὶ,
925 179 966 205 καἺ

1024 186 1096 210 rum,
1110 177 1219 205 tandem
1234 177 1354 205 demisso
1366 177 1513 213 supercilio
1527 182 1555 205 et
1567 178 1694 206 insolenti
1703 179 1811 214 jactan-

183 229 324 262 ζωοποισῦ.
344 229 374 255 '0
391 229 419 255 δὲ
434 228 464 254 οὐ
492 226 666 262 προσδέξεται
690 225 750 261 μὲν.
770 224 838 260 πλὴν
861 226 891 252 οὐ
912 224 972 260 δίχα

181 273 229 300 τοῦ
243 274 303 300 νέου
317 273 393 303 λαοῦ,
415 270 445 299 οῦ
465 272 511 299 καὶ
531 272 570 301 εἰς
589 271 674 297 τύπον
690 270 731 305 εἴη
752 269 786 297 ἂν
805 271 819 296 ό
832 270 970 304 Βενιαμίν.

189 319 327 350 Ἐλθόντες
345 319 373 345 δὲ
389 318 482 353 ὥσπερ
502 318 530 344 ὲν
553 316 687 353 ὁμοψυχίᾳ
700 317 746 343 καὶ
765 317 802 347 ὡς
822 317 850 341 ὲν
876 315 972 351 γνώμῃ

184 365 243 400 μιᾷ.
258 364 435 400 προσδέξεται
450 364 499 398 μὲν
519 363 630 397 ἱλαρῶς,
650 362 760 389 εἰσοίσει
781 362 808 388 δὲ
824 361 917 396 ὥσπερ
932 362 971 393 εὶς

183 410 247 437 [διον
259 408 342 442 οἷκον,
358 411 491 439 τουτέστι,
507 410 556 444 τὴν
579 407 749 443 Ἐκκλησίαν.
762 406 829 435 Εἶτα
843 407 970 441 διανίψων

181 455 258 482 ὕδατι
273 456 397 491 καθαρῷ,
416 455 454 491 τῷ
465 456 513 490 τῆς
531 454 741 488 παλιγγενεσίας
765 453 880 489 λουτρῷ,
896 453 970 487 ἄρτῳ

179 509 209 526 τε
230 500 276 526 καὶ
287 500 350 535 οἴνῳ
362 499 510 534 διαθρέψει,
531 498 677 530 Moon-AG);
695 498 710 523 ὁ
732 498 819 531 λόγος.
834 497 906 533 Πλὴν
922 498 971 523 κὰ-

179 547 254 572 κεῖνο
274 546 343 580 πρὸς
357 546 443 580 τούτῳ
458 545 595 579 λέγωμεν·
623 543 821 578 ἁνεγνωρίζετο
841 543 890 577 μὲν
916 542 970 578 γὰρ

177 592 234 623 ⁴τοῖς
247 591 371 625 ἀδελφοῖς
386 592 399 617 ὁ
422 591 518 626 Ἰωσὴφ
533 590 591 625 ἅμα
606 590 644 624 τῷ
657 590 783 624 Βενιαμὶν
798 590 968 625 ἀφιγμένοις,

178 637 225 663 καὶ
240 637 273 672 δὴ
291 638 336 663 καὶ
353 635 492 671 τραπέζης
507 636 605 666 αὐτοὺς
618 635 705 669 ἠξίου,
721 635 846 670 καθάπερ
857 636 969 670 ἔναγχος

177 684 257 718 ἔφην.
269 684 375 718 Κλῆρον
386 683 413 709 δὲ
422 683 517 708 οὐδένα
527 681 599 713 δοὺς,
610 682 678 712 ὅλως
690 682 850 716 ἀποτρέχειν
861 681 969 707 ἐκέλευε

178 730 413 765 κατακομιοῦντας
428 729 495 764 πρὸς
512 728 591 754 αὑτὸν
608 727 653 754 τὸν
667 727 781 762 πατέρα,
797 728 867 762 φημὶ
878 727 910 762 δὴ
923 727 968 754 τὸν

183 775 291 802 Ὶακώὸ.
312 774 421 809 Ἐπειδὴ
444 774 472 800 δὲ
499 772 683 808 καταὸἐῆηκε.
705 772 752 798 καὶ
774 772 824 807 ἤδη
847 772 968 807 παρόντα

176 821 303 848 τεθέαται
317 822 373 852 τοῖς
386 820 490 851 τέκνοις
506 819 585 854 ὁμοῦ,
594 819 654 845 τότε
668 818 709 854 δὴ,
722 818 782 844 τότε
791 819 840 853 τὴν
855 817 967 844 ἀπασῶν

1023 225 1060 252 tia
1079 225 1191 252 venient
1203 224 1236 251 ad
1249 224 1387 251 Christum
1400 244 1407 256 ,
1432 224 1511 251 avide
1524 224 1559 251 ab
1577 225 1637 259 ipso
1651 224 1811 260 expetentes

1021 272 1130 304 cibum,
1156 272 1326 306 spiritualem
1345 271 1477 298 nimirum
1499 275 1528 298 et
1548 271 1743 298 vivificantem.
1763 272 1811 299 llle

1021 327 1086 346 vero
1100 326 1157 346 non
1171 318 1285 353 recipiet
1301 326 1349 345 eos
1365 318 1423 345 sine
1438 325 1510 344 novo
1518 317 1630 352 populo,
1642 317 1722 351 cujus
1732 322 1812 351 typus

1021 369 1063 392 est
1072 365 1224 400 Benjamin.
1237 364 1304 392 Cum
1318 369 1409 391 autem
1428 363 1554 390 venerint
1566 367 1695 397 tanquam
1708 362 1736 389 in
1750 363 1812 389 uni-

1019 415 1074 439 tate
1107 412 1220 446 spiritus
1249 412 1322 438 idem
1344 411 1514 442 sentientes,
1531 410 1648 444 benigne
1671 409 1811 436 hilariter-

1021 463 1073 490 que
1087 463 1134 482 eos
1152 455 1281 490 excipiet,
1299 455 1511 489 introdueetque
1529 454 1614 482 veluti
1629 454 1657 480 in
1673 461 1751 481 suam
1763 453 1812 480 do—

1020 507 1112 532 mum,
1129 500 1183 526 hoc
1193 504 1244 530 est,
1271 500 1433 526 Ecclesiam.
1465 499 1568 526 Deinde
1592 499 1686 526 lavans
1709 498 1811 525 munda

1020 553 1099 579 aqua,
1114 545 1244 572 nimirum
1260 546 1368 572 lavacro
1381 545 1605 580 regenerationis.
1621 553 1691 579 pane
1707 547 1736 571 et
1746 544 1812 571 vino

1019 590 1153 616 saturabit
1169 598 1225 617 eos.
1238 590 1366 625 Mysticus
1378 598 1481 617 sermo.
1495 590 1629 617 Caeterum
1645 584 1713 616 illud
1728 589 1811 619 etiam

1018 635 1199 670 adjiciamus,
1225 637 1297 670 quod
1320 637 1455 671 Josephus
1480 636 1561 663 simul
1585 643 1617 662 ac
1637 635 1811 663 adduxerunt

1018 679 1170 715 Benjamin,
1186 680 1312 715 cognitus
1328 680 1363 707 sit;
1384 688 1400 707 a
1424 681 1483 708 suis
1503 680 1644 713 fratribus,
1661 687 1811 715 mensaque

1018 733 1075 757 eos,
1095 730 1125 752 ut
1146 726 1226 753 modo
1247 726 1312 758 dixi,
1336 726 1473 761 dignatus.
1488 726 1561 753 Nihil
1575 731 1667 753 autem
1681 726 1722 752 eis
1734 725 1811 752 dedit

1018 772 1142 798 muneris
1155 792 1161 803 ,
1179 772 1228 799 sed
1254 780 1363 799 rursum
1381 772 1522 799 discedere
1539 772 1664 807 jubebat,
1686 776 1716 798 ut
1732 771 1767 798 ad
1781 778 1810 798 se

1018 822 1136 851 patrem,
1149 817 1245 849 Jacob,
1258 818 1379 852 inquam,
1390 818 1720 852 adducerent.Postquam
1728 817 1811 851 igitur

176 867 292 902 ἀρίστην
320 867 453 901 ἀπένειμε
474 865 536 900 γῆν.
562 865 677 899 Σημεῖον
700 864 722 890 δ’
742 863 775 890 ἂν
800 864 904 898 γένοιτο
921 863 966 890 καὶ

1019 862 1170 895 descendit,
1200 867 1229 890 et
1245 864 1301 898 jam
1317 868 1480 897 praesentem
1503 864 1661 898 conspexit,
1677 872 1731 891 una
1746 872 1811 891 cum

175 913 257 940 τοῦτο
267 913 361 947 σαφὲς,
371 913 411 939 ὅτι
420 911 524 944 δέξεται
537 912 585 946 μὲν
599 913 612 938 ὁ
623 910 737 946 Χριστὸς
750 911 811 941 τοὺς
823 910 967 946 ὲξἹσραὴλ

176 959 391 996 ἐπιστρέφοντας
405 959 432 985 ἐν
449 958 573 993 ἐσχάτοις
593 956 640 983 τοῦ
662 956 759 987 αἰῶνος
773 957 887 991 καιροῖς,
906 964 968 981 συν-

175 1005 254 1036 όντος
275 1006 366 1035 αὐτοῖς
393 1003 514 1038 δηλονότι
537 1002 609 1029 κατὰ
629 1003 729 1037 τρόπον
750 1001 904 1037 όμοψυχίας
921 1000 967 1027 καὶ

174 1049 224 1077 τοῦ
240 1050 300 1076 νέου
313 1049 388 1076 λαοῦ.
400 1049 485 1075 Τοῦτο
496 1048 560 1082 γὰρ,
574 1048 611 1079 ὡς
625 1048 702 1082 ἔφην,
716 1048 730 1072 ὁ
741 1046 880 1081 Βενιαμίν.
895 1046 966 1081 Πλὴν

175 1096 206 1122 οὐ
224 1095 286 1130 δίχα
303 1095 357 1122 τῶν
372 1095 456 1128 ἁγίων
476 1095 608 1130 Πατὲρων
623 1094 636 1119 ὁ
656 1095 684 1119 ὲν
704 1093 808 1119 ἐλπίσιν
821 1093 885 1127 ἡμῖν
901 1093 968 1118 ἀπο-

174 1140 318 1174 δοθήσεται
330 1139 548 1174 κλῆρος.”Ωσπερ
563 1138 616 1173 γὰρ
632 1138 718 1170 αὐτοὶ,
735 1137 821 1164 καίτοι
835 1138 904 1163 κατὰ
923 1137 968 1163 πί-

177 1193 235 1210 στιν
253 1184 448 1216 ἀποθανόντες,
473 1183 510 1214 ὡς
534 1183 597 1217 γοῦν
619 1184 632 1209 ὁ
662 1183 744 1216 σοφὸς
773 1182 823 1217 ἔφη
849 1181 965 1213 Παῦλος,

178 1239 188 1255 ε
203 1231 259 1257 Οὐκ
287 1229 449 1264 ἐκομίσαντο
471 1230 520 1263 τὴν
539 1228 715 1262 ἐπαγγελίαν,
739 1228 784 1254 τοῦ
807 1227 885 1260 Θεοῦ,
902 1228 967 1263 περὶ

174 1276 255 1310 ἡμῶν
267 1276 389 1311 κρεῖττόν
401 1275 674 1310 τι-προϐλεψαμὲνου,
687 1274 729 1300 ἵνα
744 1275 780 1309 μὴ
792 1275 876 1309 χωρὶς
889 1274 966 1309 ἡμῶν

174 1320 368 1347 τελειωθῶσιψ
390 1329 399 1345 ι
420 1319 491 1346 οὕτω
511 1320 557 1346 καὶ
580 1320 660 1354 ἡμεῖς
684 1319 884 1354 περιμενοῦμεν
903 1319 966 1350 τοὺς

176 1366 314 1401 [Ιατὲρας,
337 1366 379 1392 ἵνα
398 1365 435 1401 μὴ
451 1366 535 1402 χωρὶς
555 1365 645 1391 αὐτῶν
661 1364 857 1399 τελειωοῶμεν.
882 1364 965 1400 Ὁμοῦ

172 1411 322 1447 τοιγαροῦν
336 1413 391 1443 τοῖς
420 1412 507 1446 ἁγίοις
531 1411 682 1446 Πατράσιν,
708 1412 732 1437 οἱ
748 1411 849 1445 πρῶτοί
868 1419 897 1437 τε
918 1410 965 1437 καὶ

177 1458 255 1492 μέσοι
270 1458 317 1484 καὶ
335 1458 484 1484 τελευταῖοι
499 1457 569 1489 λαοὶ,
583 1457 629 1483 τὸν
650 1456 760 1492 ἄριστόν
779 1465 808 1482 τε
822 1457 868 1483 καὶ
884 1456 965 1483 ἀνεκ-

176 1504 286 1538 πνιίητον
309 1503 358 1537 τῆς
380 1503 433 1529 τῶν
455 1502 577 1538 οὐρανῶν
603 1501 741 1537 βασιλεὶας
770 1502 965 1537 ἁποληψόμεθα

1018 908 1113 935 liberis
1124 913 1153 935 et
1172 908 1274 936 familia
1287 930 1294 942 ,
1315 913 1380 936 tunc
1402 910 1512 936 demum
1530 910 1626 937 tribuit
1645 910 1686 937 eis
1709 914 1810 937 terram

1018 955 1141 981 omnium
1157 956 1289 989 optimam
1302 955 1335 982 ".
1349 955 1426 988 Quod
1445 963 1511 982 sane
1533 956 1647 983 evidens
1666 964 1811 991 argumen-

1018 1003 1076 1026 tum
1100 1008 1159 1027 esse
1173 1004 1273 1035 potest,
1288 1001 1371 1028 etiam
1382 1001 1532 1031 lsraelitas.
1549 1001 1577 1028 in
1588 1002 1745 1029 novissimis
1759 1010 1810 1029 sae-

1017 1045 1072 1071 culi
1082 1046 1251 1080 temporibus
1264 1051 1442 1078 revertentes,
1456 1055 1471 1073 a
1488 1046 1598 1074 Christo
1609 1051 1751 1081 acceptum
1764 1047 1809 1080 iri,

1017 1091 1145 1118 videlicet
1159 1092 1267 1126 quando
1281 1092 1471 1119 consenserint
1486 1100 1548 1119 cum
1566 1100 1638 1119 novo
1658 1093 1770 1127 populo.
1784 1093 1810 1120 ls

1017 1137 1090 1164 enim
1112 1142 1163 1169 est,
1181 1141 1210 1164 ut
1225 1138 1291 1169 dixi,
1305 1138 1454 1173 Benjamin.
1468 1139 1553 1165 Porro
1567 1138 1714 1166 haereditas
1728 1147 1810 1174 quam

1017 1190 1174 1217 speramus,
1187 1191 1242 1210 non
1256 1183 1366 1210 dabitur
1380 1183 1461 1210 nobis
1482 1183 1585 1217 absque
1600 1184 1703 1211 sanctis
1720 1184 1810 1218 patri-

1016 1228 1077 1255 bus.
1092 1228 1326 1261 Quemadmodum
1343 1229 1415 1256 enim
1433 1229 1516 1256 etiam
1530 1229 1548 1255 ii
1562 1229 1610 1263 qui
1624 1230 1650 1259 in
1668 1229 1721 1256 ﬁde
1734 1237 1811 1256 mor-

1017 1274 1055 1301 tui
1070 1279 1133 1301 sunt
1145 1294 1152 1307 ,
1174 1278 1204 1301 ut
1222 1275 1330 1309 sapiens
1342 1275 1444 1302 Paulus
1472 1275 1580 1309 inquit,
1600 1285 1609 1300 ‹
1629 1283 1683 1302 non
1695 1283 1811 1310 accepe-

1017 1323 1082 1347 runt
1095 1321 1348 1355 repromissionem,
1363 1321 1419 1348 Deo
1436 1328 1486 1356 pro
1498 1321 1578 1348 nobis
1594 1322 1693 1348 melius
1706 1320 1810 1355 aliquid

1016 1365 1191 1400 providente,
1205 1370 1235 1393 ut
1247 1375 1300 1393 non
1313 1367 1370 1393 sine
1384 1367 1465 1393 nobis
1477 1370 1734 1393 consummarentur
1746 1366 1779 1399 ‘R;
1797 1376 1807 1392 ι

1016 1411 1055 1438 ila
1076 1411 1159 1438 etiam
1181 1418 1231 1438 nos
1251 1412 1471 1445 exspectabimus
1489 1415 1594 1446 patres,
1613 1419 1648 1438 ne
1668 1411 1727 1439 sine
1743 1412 1811 1446 ipsis

1015 1456 1202 1491 perﬁciamur.
1216 1457 1275 1485 Una
1283 1458 1355 1484 enim
1368 1465 1399 1484 ac
1411 1457 1515 1492 pariter
1525 1465 1588 1484 cum
1602 1458 1706 1485 sanctis
1721 1459 1810 1493 patri-

1015 1502 1068 1529 bus
1083 1503 1164 1537 primi
1180 1506 1207 1530 et
1220 1503 1304 1530 medii
1324 1507 1352 1530 et
1367 1503 1456 1530 ultimi
1471 1503 1564 1538 populi
1577 1524 1584 1535 ,
1599 1504 1731 1538 optimam
1746 1504 1809 1531 nul-

176 1550 277 1585 κλῆρον
293 1549 322 1574 ὲν
337 1548 462 1584 Χριστῷ-
483 1549 515 1575 δι’
538 1545 569 1575 οὗ
588 1548 636 1575 καὶ
661 1547 719 1583 μεθ’
736 1545 765 1575 οὗ
787 1548 825 1583 τῷ
842 1548 900 1583 Θεῷ
919 1549 965 1575 καὶ

1017 1548 1095 1583 laque
1107 1555 1190 1574 manu
1208 1547 1317 1580 factam,
1331 1552 1378 1575 aut
1399 1537 1559 1583 acquisitam
1581 1537 1658 1581 reéni
1677 1548 1810 1575 caelorum

177 1595 264 1630 ιῐατρὶ
279 1595 295 1629 ὴ
310 1594 372 1626 δόξα
393 1595 440 1621 σὺν
456 1594 525 1630 ἁγίῳ
549 1593 688 1629 Πνεύματι
710 1594 749 1625 εἰς
769 1594 832 1625 τοὺς
852 1593 963 1625 αἰῶνας.

182 1642 210 1666 Ἀ
216 1641 280 1676 μήν.

174 1748 246 1782 Περὶ
269 1748 322 1776 τοῦ
354 1749 465 1783 Ἰωσὴφ
485 1749 533 1776 καὶ
550 1748 610 1776 τῶν
630 1749 703 1777 υἱῶν
727 1749 818 1777 αὐτοῦ
846 1750 966 1784 Ἐφραῒμ

456 1795 506 1822 καὶ
521 1795 675 1830 Μανασσῆ
680 1816 687 1822 .

215 1869 247 1886 ι.
269 1870 277 1886 ι
294 1862 372 1887 Πᾶσα
392 1861 440 1896 μὲν
456 1860 529 1892 δόσις
544 1861 644 1896 ἀγαθὴ,
660 1852 708 1887 κάι
728 1862 779 1888 πᾶν
792 1860 907 1897 δώρημα
920 1861 965 1888 τέ-

173 1906 246 1932 λειον
260 1905 362 1933 ἄνωθέν
385 1907 443 1932 ἐστι
468 1906 631 1933 καταϐαῖνον
657 1908 689 1933 ὲκ
715 1906 762 1933 τοῦ
782 1907 889 1942 Πατρὸς
911 1906 965 1934 τῶν

176 1952 282 1985 φώτων.
300 1960 309 1976 ι
324 1950 408 1978 Οὐδὲν
421 1951 450 1977 δὲ
466 1950 535 1978 εἷναί
557 1960 627 1986 φημι
643 1951 697 1979 τῶν
714 1951 784 1978 οὕτω
800 1952 905 1978 σεπτῶν
919 1952 966 1979 καὶ

175 1996 352 2031 ἐξῃρημένων
369 1996 488 2030 ἀγαθῶν,
502 1997 516 2023 ὃ
535 1997 572 2033 μὴ
584 1997 628 2023 διὰ
640 1997 759 2033 Χριστοῦ
775 2006 805 2024 κε
812 1997 964 2032 ρδαίνομεν.

178 2050 187 2066 ο
207 2041 304 2075 Γέγονε
328 2041 392 2077 γὰρ,
417 2043 493 2078 φησὶ,
516 2043 631 2078 μεσίτης
649 2043 716 2070 Θεοῦ
732 2044 780 2070 καὶ
805 2043 964 2079 ἀνορώπων,

174 2086 221 2113 καὶ
234 2086 352 2113 διἀὺτοῦ
363 2087 413 2123 τὴν
424 2089 606 2123 προσαγωγὴν
620 2089 776 2124 ἐσχήκαμεν
787 2090 815 2116 ἐν
827 2090 867 2116 ἑνὶ
879 2090 964 2116 Πνεύ-

177 2140 242 2167 ματι
256 2133 323 2168 πρὸς
338 2132 383 2160 τὸν
402 2134 430 2159 ὲν
451 2134 575 2169 οὐρανοῖς
594 2134 702 2169 Πατέρα
720 2135 767 2161 καὶ
783 2135 859 2163 Θεόν.
879 2144 888 2161 ι
905 2136 965 2162 Τοι-

174 2178 271 2212 γάρτοι
285 2178 334 2205 ut
346 2178 475 2212 ἔφασκεν·
496 2188 505 2204 ‹
526 2178 618 2210 Οὐδεὶς
633 2178 742 2213 ἔρχεται
765 2179 834 2214 πρὸς
848 2180 892 2206 τὸν
908 2181 964 2206 Παε

1016 1593 1205 1621 htereditatem
1228 1594 1394 1628 accipiemus
1418 1594 1445 1620 in
1462 1594 1582 1626 Christo,
1606 1602 1658 1629 per
1678 1602 1759 1628 quem
1782 1598 1810 1621 et

1015 1647 1078 1667 cum
1091 1648 1145 1674 quo
1162 1640 1198 1667 sit
1210 1640 1266 1667 Deo
1282 1644 1310 1667 et
1323 1640 1397 1667 Patri
1406 1640 1493 1675 gloria
1511 1648 1574 1668 cum
1590 1644 1685 1668 sancto
1700 1639 1809 1675 Spiritu

1016 1684 1044 1712 in
1060 1686 1159 1712 saecula
1171 1686 1344 1712 saeculorum.
1357 1686 1455 1712 Amen.

1016 1751 1096 1786 205
1124 1751 1163 1778 De
1182 1751 1293 1788 Josepho
1316 1755 1340 1778 et
1355 1751 1419 1785 ﬁliis
1444 1752 1526 1787 ipsius
1552 1752 1682 1787 Ephraim
1711 1756 1735 1779 et
1751 1752 1810 1779 Ma-

1364 1805 1451 1824 nasse.

1051 1862 1077 1888 1.
1096 1871 1105 1887 ι
1122 1861 1208 1889 Omne
1225 1862 1318 1888 datum
1330 1862 1476 1896 optimum,
1489 1867 1606 1890 etomne
1620 1862 1723 1890 donum
1743 1871 1809 1898 per-

1015 1907 1116 1935 fectum
1127 1907 1270 1934 descendit
1283 1915 1298 1934 a
1313 1908 1393 1935 Patre
1405 1908 1540 1935 luminum
1551 1908 1584 1935 ⁴⁰.
1603 1918 1611 1934 ι
1622 1909 1732 1936 Nullum
1744 1918 1810 1938 vero

1015 1953 1084 1980 adeo
1105 1952 1290 1988 pretiosorum
1313 1956 1395 1987 atque
1410 1953 1574 1980 eximiorum
1594 1953 1730 1981 bonorum
1749 1962 1810 1982 esse

1014 2005 1124 2031 censeo,
1138 1998 1212 2033 quod
1222 2006 1277 2025 non
1291 2006 1492 2033 consequamur
1504 2007 1553 2033 per
1566 1999 1717 2027 Christum.
1735 2010 1744 2025 ε
1756 2001 1808 2028 Fa-

1015 2048 1075 2071 ctus
1088 2048 1130 2071 est
1142 2043 1216 2071 enim
1235 2043 1370 2071 mediator
1389 2044 1437 2072 Dei
1449 2048 1478 2071 et
1492 2044 1636 2072 hominum
1658 2045 1692 2072 '°.
1713 2045 1747 2072 Et
1761 2054 1810 2080 per

1014 2090 1104 2125 ipsum
1119 2089 1399 2117 accessumhabemus
1415 2090 1442 2116 in
1463 2097 1519 2116 uno
1534 2089 1638 2124 Spiritu
1666 2090 1701 2116 ad
1720 2090 1809 2117 Deum

1014 2139 1042 2163 et
1060 2136 1168 2163 Patrem
1178 2135 1316 2162 ecelestem
1329 2135 1362 2161 5‘.
1377 2144 1386 2160 ι
1405 2134 1483 2162 Unde
1495 2139 1524 2162 et
1536 2135 1594 2169 ipse
1606 2135 1697 2162 dixit:
1718 2145 1727 2160 ι
1753 2135 1808 2163 Nc—

1015 2190 1060 2209 mo
1073 2182 1148 2209 venit
1163 2181 1197 2208 ad
1210 2182 1317 2208 Patrem
1332 2180 1385 2208 nisi
1398 2189 1447 2215 per
1459 2189 1503 2209 me
1518 2181 1550 2207 ⁵².
1576 2191 1585 2206 ι
1603 2181 1633 2208 In
1652 2181 1712 2216 ipso
1733 2181 1807 2208 enim

174 2223 251 2258 τέρα,
270 2224 294 2249 ει
309 2224 346 2259 μὴ
374 2224 408 2250 δι’
428 2224 506 2259 ἐμοῦ.
523 2234 532 2250 ι
552 2224 596 2251 Ἐν
621 2224 695 2260 αὺτῷ
719 2225 747 2252 δὲ
765 2226 810 2252 καὶ
833 2225 867 2251 δι’
881 2225 963 2252 αὐτοῦ

1017 2232 1044 2256 et
1055 2228 1200 2262 peripsum
1214 2227 1304 2254 omnis
1325 2214 1420 2262 gratiae
1448 2226 1602 2262 plenitudo,
1619 2230 1648 2254 et
1662 2214 1807 2261 splendida

173 2269 228 2295 πᾶν
241 2269 378 2304 πλήρωμα
391 2269 499 2305 χάριτος
511 2271 557 2296 καὶ
571 2270 732 2306 κληροδοσία
742 2271 865 2307 λαμπρά.
881 2271 964 2298 Πλού-

175 2323 231 2346 σιος
251 2314 306 2350 γὰρ
320 2315 357 2341 ὢν
373 2316 386 2341 ὁ
402 2316 479 2349 Θεὸς,
494 2315 650 2351 ὲπτώχευσε
672 2317 799 2352 δι’ἡμᾱς.
818 2318 862 2345 ἵνα
882 2319 965 2354 ἡμεῖς

173 2361 206 2396 τῇ
227 2361 310 2386 αὐτοῦ
336 2361 457 2397 πτωχείᾳ
484 2362 692 2398 πλουτήσωμεν,
718 2363 764 2390 καὶ
788 2364 827 2396 είς
844 2364 893 2400 τὴν
912 2365 966 2392 τῶν

174 2406 261 2440 ἁγίων
277 2407 406 2442 Πατέρων
430 2408 628 2442 ἁναφοιτῶντες
646 2410 734 2444 δόξαν,
751 2411 797 2436 καὶ
813 2411 861 2446 τῆς
875 2411 966 2443 αὐτοῖς

176 2453 217 2479 ὃτι
227 2453 344 2487 μάλιστα
355 2454 585 2490 πρεπωδεστάτης
597 2456 703 2488 ἐλπίδος
720 2457 880 2492 μεταλαχεῖν
893 2457 967 2493 ἰσχύ-

177 2507 280 2533 σωμεν.
293 2499 347 2526 Θέα
360 2500 387 2526 δὲ
398 2500 483 2536 ἁληθῆ
493 2501 539 2528 τὸν
551 2502 597 2527 ἐπὶ
609 2501 713 2534 τούτοις
723 2503 871 2537 λόγον,τοῖς
886 2504 967 2539 ἱεροῖς

177 2544 341 2580 Γρὰμμασιν
356 2546 435 2577 ἐνιεὶς
449 2546 495 2573 τὸν
517 2547 566 2582 τῆς
586 2547 705 2580 διανοίας
724 2548 872 2584 ὀφθαλμόν.
888 2550 964 2585 Ἔχει

177 2592 231 2626 γὰρ
242 2587 293 2617 ὧδε
304 2591 384 2618 πάλιν
394 2600 400 2606 ·
416 2601 426 2617 ι
446 2592 571 2626 Ἐγένετο
582 2592 610 2619 δὲ
623 2593 692 2628 μετὰ
702 2594 736 2621 τὰ
747 2595 856 2630 ῥήματα
866 2595 963 2627 ταῦτα,

177 2636 224 2662 καὶ
237 2636 373 2672 ἀνηγγέλη
384 2636 423 2672 τῷ
442 2637 550 2673 Ἰωσὴφ,
561 2638 602 2664 ὅτι
615 2639 629 2664 ὁ
646 2638 736 2674 πατὴρ
752 2639 835 2665 αὐτοῦ
849 2638 965 2673 ἐνοχλεῖ-

177 2690 229 2708 ται.
252 2682 307 2709 Καὶ
324 2682 467 2709 ἀναλαϐὼν
482 2684 545 2715 τοὺς
564 2683 611 2711 δύο
633 2685 706 2715 υἱοὺς
732 2685 813 2712 αὑτοῦ
836 2685 881 2711 τὸν
903 2685 964 2712 Μα-

177 2728 262 2764 νασσῆ
281 2729 327 2755 καὶ
345 2729 391 2755 τὸν
411 2729 540 2765 Ἐφραῖμ,
556 2728 620 2765 ἦλθε
640 2730 707 2765 πρὸς
734 2730 840 2759 Ἰακώϐ.
861 2731 964 2765 ’Δπηγ-

1016 2274 1171 2302 haereditas.
1193 2274 1265 2301 Deus
1288 2273 1361 2301 enim
1375 2273 1452 2300 dives
1477 2273 1629 2305 exsistens,
1650 2272 1739 2299 factus
1765 2277 1808 2299 est

1016 2324 1128 2355 propter
1142 2327 1192 2346 nos
1209 2327 1323 2354 pauper,
1340 2323 1372 2346 ut
1388 2327 1438 2346 nos
1453 2319 1539 2354 ipsius
1558 2323 1720 2354 paupertate
1738 2319 1807 2347 dita-

1016 2366 1149 2398 remur’”,
1159 2370 1243 2400 utque
1253 2365 1286 2392 ad
1301 2369 1458 2393 sanctorum
1476 2370 1585 2400 patrum
1598 2365 1714 2401 gloriam
1739 2373 1806 2393 con-

1017 2412 1170 2444 tendentes,
1180 2411 1262 2438 etiam
1278 2419 1355 2446 spem
1371 2411 1438 2446 ipsis
1450 2412 1531 2446 longe
1540 2411 1729 2446 dignissimam
1741 2419 1807 2439 con-

1016 2458 1093 2493 sequi
1106 2465 1257 2493 possemus.
1273 2457 1336 2484 Haec
1348 2462 1440 2484 autem
1452 2457 1489 2485 ita
1501 2465 1531 2485 se
1547 2457 1650 2484 habere
1661 2457 1742 2485 facile
1756 2465 1804 2485 co-

1015 2511 1140 2539 gnosces,
1154 2503 1177 2530 si
1190 2502 1290 2530 mentis
1300 2503 1380 2530 oculo
1395 2510 1487 2530 sacras
1503 2502 1622 2531 Litteras
1639 2503 1806 2538 contemple-

1016 2547 1063 2575 ris.
1085 2546 1204 2574 ltaenim
1216 2546 1319 2573 habent
1335 2555 1341 2572 :
1362 2556 1371 2571 ε
1392 2547 1504 2574 Factum
1517 2551 1657 2574 estautem
1674 2552 1736 2582 post
1748 2548 1806 2575 haec

1015 2593 1110 2625 verba,
1123 2597 1151 2620 et
1170 2592 1325 2619 nuntiatum
1345 2597 1388 2619 est
1398 2592 1529 2627 Josepho,
1558 2593 1631 2628 quod
1650 2598 1728 2628 pater
1746 2593 1806 2628 ejus

1015 2639 1136 2674 graviter
1148 2642 1302 2674 aagrotaret.
1318 2638 1351 2665 Et
1376 2639 1496 2673 acceptis
1511 2639 1619 2666 duobus
1645 2639 1708 2666 [iliis
1737 2639 1803 2672 suis,

1016 2686 1138 2713 Manasse
1150 2689 1178 2712 et
1195 2684 1336 2719 Ephraim,
1346 2684 1422 2711 venit
1441 2684 1474 2711 ad
1487 2685 1631 2712 Jacobum.
1650 2685 1804 2712 Annuntia-

1016 2735 1115 2758 verunt
1141 2735 1232 2757 autem
1251 2729 1354 2757 Jacobo
1380 2728 1502 2756 dicentes
1522 2738 1528 2755 :
1547 2729 1614 2756 Ecce
1640 2728 1713 2755 ﬁlius
1741 2733 1805 2756 tuus

211 2808 233 2823 "’
251 2809 318 2836 Gen.
336 2817 494 2837 thv-vau.
534 2811 557 2826 ⁸³
570 2810 653 2838 Hebr.
667 2819 703 2844 ιι,
721 2811 763 2838 59.
804 2812 825 2827 δ’)
842 2811 898 2839 Jac.
917 2819 933 2844 I,
951 2812 961 2838 l

1030 2813 1053 2828 "
1069 2813 1077 2838 l
1093 2812 1162 2839 Tim.
1179 2820 1206 2843 ιι,
1221 2811 1246 2838 ὅ.
1288 2810 1309 2825 ⁸⁵
1327 2810 1427 2844 Ephcs.
1445 2818 1473 2841 ll,
1492 2809 1534 2835 18.
1574 2810 1596 2824 "
1612 2808 1689 2839 Joan.
1706 2816 1759 2840 xiv,
1777 2807 1802 2835 ϐ.

178 2843 199 2859 ⁸³
216 2844 238 2871 ll
259 2844 321 2872 Cor.
345 2853 400 2877 vlu,
422 2845 449 2872 9.
