  <div class='ocr_page' id='page_1' title='image "/cluster/home/n/w/nwhite01/storage/ocr_20150623/69/njp.32101077772729/187.png"; bbox 0 0 1990 3050; ppageno 0'>
   <div class='ocr_carea' id='block_1_1' title="bbox 199 145 250 174">
    <p class='ocr_par' dir='ltr' id='par_1_1' title="bbox 199 145 250 174">
     <span class='ocr_line' id='line_1_1' title="bbox 199 145 250 174; baseline -0.02 0"><span class='ocrx_word' id='word_1_1' title='bbox 199 145 250 174; x_wconf 72' lang='lat'><strong>327</strong></span> 
     </span>
    </p>
   </div>
   <div class='ocr_carea' id='block_1_2' title="bbox 715 141 1482 174">
    <p class='ocr_par' dir='ltr' id='par_1_2' title="bbox 715 141 1482 174">
     <span class='ocr_line' id='line_1_2' title="bbox 715 141 1482 174; baseline -0.008 -1"><span class='ocrx_word' id='word_1_2' title='bbox 715 144 743 174; x_wconf 84' lang='lat' dir='ltr'><strong>S.</strong></span> <span class='ocrx_word' id='word_1_3' title='bbox 764 143 901 173; x_wconf 76' lang='lat' dir='ltr'><strong>CYRILLl</strong></span> <span class='ocrx_word' id='word_1_4' title='bbox 922 141 1157 171; x_wconf 70' lang='lat' dir='ltr'><strong>ALEXANDRINI</strong></span> <span class='ocrx_word' id='word_1_5' title='bbox 1177 141 1336 169; x_wconf 75' lang='lat' dir='ltr'><strong>ARClllEP.</strong></span> <span class='ocrx_word' id='word_1_6' title='bbox 1467 153 1482 163; x_wconf 52' lang='grc' dir='ltr'><strong>κ</strong></span> 
     </span>
    </p>
   </div>
   <div class='ocr_carea' id='block_1_3' title="bbox 1781 139 1834 167">
    <p class='ocr_par' dir='ltr' id='par_1_3' title="bbox 1781 139 1834 167">
     <span class='ocr_line' id='line_1_3' title="bbox 1781 139 1834 167; baseline 0 0"><span class='ocrx_word' id='word_1_7' title='bbox 1781 139 1834 167; x_wconf 70' lang='lat'><strong>328</strong></span> 
     </span>
    </p>
   </div>
   <div class='ocr_carea' id='block_1_4' title="bbox 198 197 1004 238">
    <p class='ocr_par' dir='ltr' id='par_1_4' title="bbox 198 201 1004 238">
     <span class='ocr_line' id='line_1_4' title="bbox 198 201 1004 238; baseline -0.001 -7"><span class='ocrx_word' id='word_1_8' title='bbox 198 201 298 238; x_wconf 73' lang='lat' dir='ltr'><strong>Joseph</strong></span> <span class='ocrx_word' id='word_1_9' title='bbox 313 201 387 230; x_wconf 88' lang='lat' dir='ltr'><strong>venit</strong></span> <span class='ocrx_word' id='word_1_10' title='bbox 397 201 429 230; x_wconf 82' lang='lat' dir='ltr'><strong>ad</strong></span> <span class='ocrx_word' id='word_1_11' title='bbox 445 206 487 236; x_wconf 86' lang='lat' dir='ltr'><strong>te;</strong></span> <span class='ocrx_word' id='word_1_12' title='bbox 500 205 529 233; x_wconf 85' lang='lat' dir='ltr'><strong>et</strong></span> <span class='ocrx_word' id='word_1_13' title='bbox 541 201 711 231; x_wconf 71' lang='lat' dir='ltr'><strong>confortatus</strong></span> <span class='ocrx_word' id='word_1_14' title='bbox 723 203 805 231; x_wconf 86' lang='lat' dir='ltr'><strong>israel</strong></span> <span class='ocrx_word' id='word_1_15' title='bbox 817 202 939 238; x_wconf 78' lang='lat' dir='ltr'><strong>erigebat</strong></span> <span class='ocrx_word' id='word_1_16' title='bbox 958 207 987 228; x_wconf 89' lang='lat' dir='ltr'><strong>se</strong></span> <span class='ocrx_word' id='word_1_17' title='bbox 1003 227 1004 230; x_wconf 47' lang='grc' dir='ltr'><strong>η</strong></span> 
     </span>
    </p>
   </div>
   <div class='ocr_carea' id='block_1_5' title="bbox 1048 197 1833 238">
    <p class='ocr_par' dir='ltr' id='par_1_5' title="bbox 1048 197 1833 235">
     <span class='ocr_line' id='line_1_5' title="bbox 1048 197 1833 235; baseline -0.004 -9"><span class='ocrx_word' id='word_1_18' title='bbox 1048 199 1105 234; x_wconf 54' lang='grc' dir='ltr'>βέλη</span> <span class='ocrx_word' id='word_1_19' title='bbox 1117 198 1145 226; x_wconf 77' lang='grc' dir='ltr'>δὲ</span> <span class='ocrx_word' id='word_1_20' title='bbox 1157 198 1196 235; x_wconf 84' lang='grc' dir='ltr'>τῷ</span> <span class='ocrx_word' id='word_1_21' title='bbox 1216 198 1323 231; x_wconf 79' lang='grc' dir='ltr'>Ἰακὼϐ,</span> <span class='ocrx_word' id='word_1_22' title='bbox 1338 197 1478 233; x_wconf 81' lang='grc' dir='ltr'>λέγοντες·</span> <span class='ocrx_word' id='word_1_23' title='bbox 1497 197 1562 224; x_wconf 83' lang='grc' dir='ltr'>Ἰδοὺ</span> <span class='ocrx_word' id='word_1_24' title='bbox 1577 198 1590 224; x_wconf 90' lang='lat'><strong>6</strong></span> <span class='ocrx_word' id='word_1_25' title='bbox 1607 197 1665 228; x_wconf 71' lang='grc' dir='ltr'>υἱός</span> <span class='ocrx_word' id='word_1_26' title='bbox 1678 205 1725 223; x_wconf 84' lang='grc' dir='ltr'><strong>σου</strong></span> <span class='ocrx_word' id='word_1_27' title='bbox 1734 197 1833 232; x_wconf 78' lang='grc' dir='ltr'>Ἰωσὴφ</span> 
     </span>
    </p>
   </div>
   <div class='ocr_carea' id='block_1_6' title="bbox 198 247 989 285">
    <p class='ocr_par' dir='ltr' id='par_1_6' title="bbox 198 247 989 285">
     <span class='ocr_line' id='line_1_6' title="bbox 198 247 989 285; baseline -0.004 -9"><span class='ocrx_word' id='word_1_28' title='bbox 198 249 227 276; x_wconf 95' lang='lat' dir='ltr'><strong>in</strong></span> <span class='ocrx_word' id='word_1_29' title='bbox 241 249 321 282; x_wconf 90' lang='lat' dir='ltr'><strong>lecto,</strong></span> <span class='ocrx_word' id='word_1_30' title='bbox 333 252 361 277; x_wconf 89' lang='lat' dir='ltr'><strong>et</strong></span> <span class='ocrx_word' id='word_1_31' title='bbox 373 249 442 276; x_wconf 80' lang='lat' dir='ltr'><strong>dixit</strong></span> <span class='ocrx_word' id='word_1_32' title='bbox 452 249 484 277; x_wconf 92' lang='lat' dir='ltr'><strong>ad</strong></span> <span class='ocrx_word' id='word_1_33' title='bbox 497 250 645 285; x_wconf 85' lang='lat' dir='ltr'><strong>Josephum</strong></span> <span class='ocrx_word' id='word_1_34' title='bbox 658 259 664 277; x_wconf 88' lang='lat'><strong>:</strong></span> <span class='ocrx_word' id='word_1_35' title='bbox 677 250 750 277; x_wconf 83' lang='lat' dir='ltr'><strong>Deus</strong></span> <span class='ocrx_word' id='word_1_36' title='bbox 760 258 839 277; x_wconf 89' lang='lat' dir='ltr'><strong>meus</strong></span> <span class='ocrx_word' id='word_1_37' title='bbox 862 247 989 284; x_wconf 80' lang='lat' dir='ltr'><strong>apparuit</strong></span> 
     </span>
    </p>
   </div>
   <div class='ocr_carea' id='block_1_7' title="bbox 198 293 990 330">
    <p class='ocr_par' dir='ltr' id='par_1_7' title="bbox 198 293 990 330">
     <span class='ocr_line' id='line_1_7' title="bbox 198 293 990 330; baseline -0.003 -8"><span class='ocrx_word' id='word_1_38' title='bbox 198 295 266 322; x_wconf 90' lang='lat' dir='ltr'><strong>mihi</strong></span> <span class='ocrx_word' id='word_1_39' title='bbox 280 295 308 322; x_wconf 94' lang='lat' dir='ltr'><strong>in</strong></span> <span class='ocrx_word' id='word_1_40' title='bbox 323 295 432 322; x_wconf 87' lang='lat' dir='ltr'><strong>Luzain</strong></span> <span class='ocrx_word' id='word_1_41' title='bbox 443 295 584 329; x_wconf 78' lang='lat' dir='ltr'><strong>Chanaan,</strong></span> <span class='ocrx_word' id='word_1_42' title='bbox 596 296 791 330; x_wconf 77' lang='lat' dir='ltr'><strong>benedixitque</strong></span> <span class='ocrx_word' id='word_1_43' title='bbox 801 294 880 327; x_wconf 90' lang='lat' dir='ltr'><strong>mihi,</strong></span> <span class='ocrx_word' id='word_1_44' title='bbox 901 297 929 321; x_wconf 91' lang='lat' dir='ltr'><strong>et</strong></span> <span class='ocrx_word' id='word_1_45' title='bbox 948 293 990 320; x_wconf 88' lang='lat' dir='ltr'><strong>di-</strong></span> 
     </span>
    </p>
   </div>
   <div class='ocr_carea' id='block_1_8' title="bbox 199 339 988 377">
    <p class='ocr_par' dir='ltr' id='par_1_8' title="bbox 199 339 988 377">
     <span class='ocr_line' id='line_1_8' title="bbox 199 339 988 377; baseline -0.003 -10"><span class='ocrx_word' id='word_1_46' title='bbox 199 340 239 368; x_wconf 76' lang='lat' dir='ltr'><strong>xit</strong></span> <span class='ocrx_word' id='word_1_47' title='bbox 252 340 285 368; x_wconf 89' lang='lat' dir='ltr'><strong>ad</strong></span> <span class='ocrx_word' id='word_1_48' title='bbox 297 348 358 368; x_wconf 87' lang='lat' dir='ltr'><strong>me:</strong></span> <span class='ocrx_word' id='word_1_49' title='bbox 379 341 450 368; x_wconf 86' lang='lat' dir='ltr'><strong>Ecce</strong></span> <span class='ocrx_word' id='word_1_50' title='bbox 461 349 513 377; x_wconf 76' lang='lat' dir='ltr'><strong>ego</strong></span> <span class='ocrx_word' id='word_1_51' title='bbox 533 341 638 377; x_wconf 78' lang='lat' dir='ltr'><strong>augebo</strong></span> <span class='ocrx_word' id='word_1_52' title='bbox 653 346 690 373; x_wconf 89' lang='lat' dir='ltr'><strong>te,</strong></span> <span class='ocrx_word' id='word_1_53' title='bbox 707 346 735 368; x_wconf 89' lang='lat' dir='ltr'><strong>et</strong></span> <span class='ocrx_word' id='word_1_54' title='bbox 748 339 937 375; x_wconf 84' lang='lat' dir='ltr'><strong>multiplicabo</strong></span> <span class='ocrx_word' id='word_1_55' title='bbox 952 343 988 372; x_wconf 86' lang='lat' dir='ltr'><strong>te,</strong></span> 
     </span>
    </p>
   </div>
   <div class='ocr_carea' id='block_1_9' title="bbox 199 384 991 423">
    <p class='ocr_par' dir='ltr' id='par_1_9' title="bbox 199 384 991 423">
     <span class='ocr_line' id='line_1_9' title="bbox 199 384 991 423; baseline -0.001 -10"><span class='ocrx_word' id='word_1_56' title='bbox 199 391 229 414; x_wconf 86' lang='lat' dir='ltr'><strong>et</strong></span> <span class='ocrx_word' id='word_1_57' title='bbox 238 386 334 414; x_wconf 80' lang='lat' dir='ltr'><strong>faciam</strong></span> <span class='ocrx_word' id='word_1_58' title='bbox 347 390 375 414; x_wconf 88' lang='lat' dir='ltr'><strong>te</strong></span> <span class='ocrx_word' id='word_1_59' title='bbox 387 386 415 414; x_wconf 89' lang='lat' dir='ltr'><strong>in</strong></span> <span class='ocrx_word' id='word_1_60' title='bbox 430 388 656 423; x_wconf 78' lang='lat' dir='ltr'><strong>congregationes</strong></span> <span class='ocrx_word' id='word_1_61' title='bbox 668 387 802 423; x_wconf 78' lang='lat' dir='ltr'><strong>gentium,</strong></span> <span class='ocrx_word' id='word_1_62' title='bbox 815 391 843 413; x_wconf 92' lang='lat' dir='ltr'><strong>et</strong></span> <span class='ocrx_word' id='word_1_63' title='bbox 853 385 925 413; x_wconf 86' lang='lat' dir='ltr'><strong>dabo</strong></span> <span class='ocrx_word' id='word_1_64' title='bbox 940 384 991 412; x_wconf 86' lang='lat' dir='ltr'><strong>tibi</strong></span> 
     </span>
    </p>
   </div>
   <div class='ocr_carea' id='block_1_10' title="bbox 200 432 991 468">
    <p class='ocr_par' dir='ltr' id='par_1_10' title="bbox 200 432 991 468">
     <span class='ocr_line' id='line_1_10' title="bbox 200 432 991 468; baseline -0.001 -9"><span class='ocrx_word' id='word_1_65' title='bbox 200 435 302 459; x_wconf 86' lang='lat' dir='ltr'><strong>terram</strong></span> <span class='ocrx_word' id='word_1_66' title='bbox 323 432 404 464; x_wconf 87' lang='lat' dir='ltr'><strong>hanc,</strong></span> <span class='ocrx_word' id='word_1_67' title='bbox 416 437 443 459; x_wconf 88' lang='lat' dir='ltr'><strong>et</strong></span> <span class='ocrx_word' id='word_1_68' title='bbox 456 433 554 460; x_wconf 81' lang='lat' dir='ltr'><strong>semini</strong></span> <span class='ocrx_word' id='word_1_69' title='bbox 569 438 617 460; x_wconf 90' lang='lat' dir='ltr'><strong>tuo</strong></span> <span class='ocrx_word' id='word_1_70' title='bbox 632 436 694 468; x_wconf 88' lang='lat' dir='ltr'><strong>post</strong></span> <span class='ocrx_word' id='word_1_71' title='bbox 709 432 774 459; x_wconf 88' lang='lat' dir='ltr'><strong>tein</strong></span> <span class='ocrx_word' id='word_1_72' title='bbox 788 432 991 467; x_wconf 83' lang='lat' dir='ltr'><strong>possessionem</strong></span> 
     </span>
    </p>
   </div>
   <div class='ocr_carea' id='block_1_11' title="bbox 199 478 992 514">
    <p class='ocr_par' dir='ltr' id='par_1_11' title="bbox 199 478 992 514">
     <span class='ocr_line' id='line_1_11' title="bbox 199 478 992 514; baseline 0 -9"><span class='ocrx_word' id='word_1_73' title='bbox 199 483 342 506; x_wconf 64' lang='lat' dir='ltr'><strong>aeternam.</strong></span> <span class='ocrx_word' id='word_1_74' title='bbox 364 479 443 506; x_wconf 82' lang='lat' dir='ltr'><strong>Nunc</strong></span> <span class='ocrx_word' id='word_1_75' title='bbox 458 479 542 514; x_wconf 78' lang='lat' dir='ltr'><strong>igitur</strong></span> <span class='ocrx_word' id='word_1_76' title='bbox 572 479 612 506; x_wconf 87' lang='lat' dir='ltr'><strong>illi</strong></span> <span class='ocrx_word' id='word_1_77' title='bbox 638 479 693 506; x_wconf 86' lang='lat' dir='ltr'><strong>duo</strong></span> <span class='ocrx_word' id='word_1_78' title='bbox 714 478 772 511; x_wconf 84' lang='lat' dir='ltr'><strong>ﬁlii,</strong></span> <span class='ocrx_word' id='word_1_79' title='bbox 786 479 834 514; x_wconf 93' lang='lat' dir='ltr'><strong>qui</strong></span> <span class='ocrx_word' id='word_1_80' title='bbox 857 478 914 505; x_wconf 88' lang='lat' dir='ltr'><strong>nati</strong></span> <span class='ocrx_word' id='word_1_81' title='bbox 927 482 992 506; x_wconf 88' lang='lat' dir='ltr'><strong>sunt</strong></span> 
     </span>
    </p>
   </div>
   <div class='ocr_carea' id='block_1_12' title="bbox 200 524 990 560">
    <p class='ocr_par' dir='ltr' id='par_1_12' title="bbox 200 524 990 560">
     <span class='ocr_line' id='line_1_12' title="bbox 200 524 990 560; baseline -0.001 -8"><span class='ocrx_word' id='word_1_82' title='bbox 200 525 250 552; x_wconf 86' lang='lat' dir='ltr'><strong>tibi</strong></span> <span class='ocrx_word' id='word_1_83' title='bbox 262 525 288 552; x_wconf 91' lang='lat' dir='ltr'><strong>in</strong></span> <span class='ocrx_word' id='word_1_84' title='bbox 309 524 435 560; x_wconf 65' lang='lat' dir='ltr'><strong>Egypto,</strong></span> <span class='ocrx_word' id='word_1_85' title='bbox 457 530 603 560; x_wconf 82' lang='lat' dir='ltr'><strong>antequam</strong></span> <span class='ocrx_word' id='word_1_86' title='bbox 635 533 686 560; x_wconf 80' lang='lat' dir='ltr'><strong>ego</strong></span> <span class='ocrx_word' id='word_1_87' title='bbox 703 525 736 552; x_wconf 88' lang='lat' dir='ltr'><strong>ad</strong></span> <span class='ocrx_word' id='word_1_88' title='bbox 751 529 777 552; x_wconf 88' lang='lat' dir='ltr'><strong>te</strong></span> <span class='ocrx_word' id='word_1_89' title='bbox 798 525 853 552; x_wconf 88' lang='lat' dir='ltr'><strong>huc</strong></span> <span class='ocrx_word' id='word_1_90' title='bbox 866 525 990 553; x_wconf 80' lang='lat' dir='ltr'><strong>venerim</strong></span> 
     </span>
    </p>
   </div>
   <div class='ocr_carea' id='block_1_13' title="bbox 199 571 992 607">
    <p class='ocr_par' dir='ltr' id='par_1_13' title="bbox 199 571 992 607">
     <span class='ocr_line' id='line_1_13' title="bbox 199 571 992 607; baseline -0.001 -9"><span class='ocrx_word' id='word_1_91' title='bbox 199 571 229 599; x_wconf 90' lang='lat' dir='ltr'><strong>in</strong></span> <span class='ocrx_word' id='word_1_92' title='bbox 242 571 399 607; x_wconf 69' lang='lat' dir='ltr'><strong>IEgyptum,</strong></span> <span class='ocrx_word' id='word_1_93' title='bbox 412 571 465 598; x_wconf 87' lang='lat' dir='ltr'><strong>mei</strong></span> <span class='ocrx_word' id='word_1_94' title='bbox 476 575 550 603; x_wconf 89' lang='lat' dir='ltr'><strong>sunt,</strong></span> <span class='ocrx_word' id='word_1_95' title='bbox 565 571 695 606; x_wconf 89' lang='lat' dir='ltr'><strong>Ephraim</strong></span> <span class='ocrx_word' id='word_1_96' title='bbox 719 574 748 598; x_wconf 88' lang='lat' dir='ltr'><strong>et</strong></span> <span class='ocrx_word' id='word_1_97' title='bbox 771 571 905 603; x_wconf 84' lang='lat' dir='ltr'><strong>Manasse,</strong></span> <span class='ocrx_word' id='word_1_98' title='bbox 921 571 992 598; x_wconf 88' lang='lat' dir='ltr'><strong>sicut</strong></span> 
     </span>
    </p>
   </div>
   <div class='ocr_carea' id='block_1_14' title="bbox 200 617 992 652">
    <p class='ocr_par' dir='ltr' id='par_1_14' title="bbox 200 617 992 652">
     <span class='ocr_line' id='line_1_14' title="bbox 200 617 992 652; baseline 0 -8"><span class='ocrx_word' id='word_1_99' title='bbox 200 617 298 644; x_wconf 81' lang='lat' dir='ltr'><strong>Ruben</strong></span> <span class='ocrx_word' id='word_1_100' title='bbox 310 622 338 644; x_wconf 88' lang='lat' dir='ltr'><strong>et</strong></span> <span class='ocrx_word' id='word_1_101' title='bbox 353 617 464 644; x_wconf 85' lang='lat' dir='ltr'><strong>Simeon</strong></span> <span class='ocrx_word' id='word_1_102' title='bbox 480 617 534 644; x_wconf 91' lang='lat' dir='ltr'><strong>mei</strong></span> <span class='ocrx_word' id='word_1_103' title='bbox 546 622 639 644; x_wconf 84' lang='lat' dir='ltr'><strong>erunt.</strong></span> <span class='ocrx_word' id='word_1_104' title='bbox 663 617 717 650; x_wconf 82' lang='lat' dir='ltr'><strong>Qui</strong></span> <span class='ocrx_word' id='word_1_105' title='bbox 740 621 832 644; x_wconf 88' lang='lat' dir='ltr'><strong>autem</strong></span> <span class='ocrx_word' id='word_1_106' title='bbox 858 621 919 652; x_wconf 88' lang='lat' dir='ltr'><strong>post</strong></span> <span class='ocrx_word' id='word_1_107' title='bbox 941 625 992 644; x_wconf 90' lang='lat' dir='ltr'><strong>na-</strong></span> 
     </span>
    </p>
   </div>
   <div class='ocr_carea' id='block_1_15' title="bbox 201 663 993 698">
    <p class='ocr_par' dir='ltr' id='par_1_15' title="bbox 201 663 993 698">
     <span class='ocr_line' id='line_1_15' title="bbox 201 663 993 698; baseline 0.001 -9"><span class='ocrx_word' id='word_1_108' title='bbox 201 667 313 690; x_wconf 89' lang='lat' dir='ltr'><strong>scentur</strong></span> <span class='ocrx_word' id='word_1_109' title='bbox 324 663 373 689; x_wconf 88' lang='lat' dir='ltr'><strong>tibi</strong></span> <span class='ocrx_word' id='word_1_110' title='bbox 387 663 426 690; x_wconf 89' lang='lat' dir='ltr'><strong>tui</strong></span> <span class='ocrx_word' id='word_1_111' title='bbox 437 667 534 695; x_wconf 87' lang='lat' dir='ltr'><strong>erunt,</strong></span> <span class='ocrx_word' id='word_1_112' title='bbox 554 663 778 698; x_wconf 82' lang='lat' dir='ltr'><strong>quandoquidem</strong></span> <span class='ocrx_word' id='word_1_113' title='bbox 792 668 820 690; x_wconf 90' lang='lat' dir='ltr'><strong>et</strong></span> <span class='ocrx_word' id='word_1_114' title='bbox 833 663 861 690; x_wconf 89' lang='lat' dir='ltr'><strong>hi</strong></span> <span class='ocrx_word' id='word_1_115' title='bbox 881 663 993 690; x_wconf 82' lang='lat' dir='ltr'><strong>nomine</strong></span> 
     </span>
    </p>
   </div>
   <div class='ocr_carea' id='block_1_16' title="bbox 199 707 992 737">
    <p class='ocr_par' dir='ltr' id='par_1_16' title="bbox 199 707 992 737">
     <span class='ocr_line' id='line_1_16' title="bbox 199 707 992 737; baseline 0.004 -4"><span class='ocrx_word' id='word_1_116' title='bbox 199 707 314 734; x_wconf 79' lang='lat' dir='ltr'><strong>fratrum</strong></span> <span class='ocrx_word' id='word_1_117' title='bbox 333 715 446 735; x_wconf 82' lang='lat' dir='ltr'><strong>suorum</strong></span> <span class='ocrx_word' id='word_1_118' title='bbox 469 709 643 736; x_wconf 88' lang='lat' dir='ltr'><strong>vocabuntur</strong></span> <span class='ocrx_word' id='word_1_119' title='bbox 661 709 689 736; x_wconf 91' lang='lat' dir='ltr'><strong>in</strong></span> <span class='ocrx_word' id='word_1_120' title='bbox 708 709 819 736; x_wconf 87' lang='lat' dir='ltr'><strong>illorum</strong></span> <span class='ocrx_word' id='word_1_121' title='bbox 845 709 992 737; x_wconf 53' lang='lat' dir='ltr'><strong>haeredita-</strong></span> 
     </span>
    </p>
   </div>
   <div class='ocr_carea' id='block_1_17' title="bbox 200 754 993 791">
    <p class='ocr_par' dir='ltr' id='par_1_17' title="bbox 200 754 993 791">
     <span class='ocr_line' id='line_1_17' title="bbox 200 754 993 791; baseline 0.003 -10"><span class='ocrx_word' id='word_1_122' title='bbox 200 755 284 781; x_wconf 91' lang='lat' dir='ltr'><strong>tibus.</strong></span> <span class='ocrx_word' id='word_1_123' title='bbox 297 754 412 787; x_wconf 85' lang='lat' dir='ltr'><strong>Quando</strong></span> <span class='ocrx_word' id='word_1_124' title='bbox 429 759 521 783; x_wconf 83' lang='lat' dir='ltr'><strong>autem</strong></span> <span class='ocrx_word' id='word_1_125' title='bbox 537 764 588 791; x_wconf 78' lang='lat' dir='ltr'><strong>ego</strong></span> <span class='ocrx_word' id='word_1_126' title='bbox 597 756 772 784; x_wconf 87' lang='lat' dir='ltr'><strong>discedebam</strong></span> <span class='ocrx_word' id='word_1_127' title='bbox 790 764 824 784; x_wconf 80' lang='lat' dir='ltr'><strong>ex</strong></span> <span class='ocrx_word' id='word_1_128' title='bbox 839 756 993 791; x_wconf 82' lang='lat' dir='ltr'><strong>Mesopota-</strong></span> 
     </span>
    </p>
   </div>
   <div class='ocr_carea' id='block_1_18' title="bbox 199 800 994 836">
    <p class='ocr_par' dir='ltr' id='par_1_18' title="bbox 199 800 994 836">
     <span class='ocr_line' id='line_1_18' title="bbox 199 800 994 836; baseline 0.004 -10"><span class='ocrx_word' id='word_1_129' title='bbox 199 800 254 827; x_wconf 88' lang='lat' dir='ltr'><strong>mia</strong></span> <span class='ocrx_word' id='word_1_130' title='bbox 272 800 367 836; x_wconf 67' lang='lat' dir='ltr'><strong>Syrire,</strong></span> <span class='ocrx_word' id='word_1_131' title='bbox 387 807 496 829; x_wconf 88' lang='lat' dir='ltr'><strong>mortua</strong></span> <span class='ocrx_word' id='word_1_132' title='bbox 512 806 555 829; x_wconf 89' lang='lat' dir='ltr'><strong>est</strong></span> <span class='ocrx_word' id='word_1_133' title='bbox 570 802 673 829; x_wconf 81' lang='lat' dir='ltr'><strong>Rachel</strong></span> <span class='ocrx_word' id='word_1_134' title='bbox 690 807 780 830; x_wconf 90' lang='lat' dir='ltr'><strong>mater</strong></span> <span class='ocrx_word' id='word_1_135' title='bbox 799 806 846 829; x_wconf 87' lang='lat' dir='ltr'><strong>tua</strong></span> <span class='ocrx_word' id='word_1_136' title='bbox 875 802 902 829; x_wconf 86' lang='lat' dir='ltr'><strong>in</strong></span> <span class='ocrx_word' id='word_1_137' title='bbox 921 806 994 830; x_wconf 84' lang='lat' dir='ltr'><strong>terra</strong></span> 
     </span>
    </p>
   </div>
   <div class='ocr_carea' id='block_1_19' title="bbox 198 845 995 884">
    <p class='ocr_par' dir='ltr' id='par_1_19' title="bbox 198 845 995 884">
     <span class='ocr_line' id='line_1_19' title="bbox 198 845 995 884; baseline 0.005 -11"><span class='ocrx_word' id='word_1_138' title='bbox 198 845 338 879; x_wconf 85' lang='lat' dir='ltr'><strong>Chanaan,</strong></span> <span class='ocrx_word' id='word_1_139' title='bbox 355 855 398 875; x_wconf 88' lang='lat' dir='ltr'><strong>me</strong></span> <span class='ocrx_word' id='word_1_140' title='bbox 414 849 652 884; x_wconf 88' lang='lat' dir='ltr'><strong>appropinquante</strong></span> <span class='ocrx_word' id='word_1_141' title='bbox 660 849 694 876; x_wconf 89' lang='lat' dir='ltr'><strong>ad</strong></span> <span class='ocrx_word' id='word_1_142' title='bbox 704 849 915 884; x_wconf 87' lang='lat' dir='ltr'><strong>hippodromum</strong></span> <span class='ocrx_word' id='word_1_143' title='bbox 924 849 995 877; x_wconf 86' lang='lat' dir='ltr'><strong>Cha-</strong></span> 
     </span>
    </p>
   </div>
   <div class='ocr_carea' id='block_1_20' title="bbox 199 893 992 931">
    <p class='ocr_par' dir='ltr' id='par_1_20' title="bbox 199 893 992 931">
     <span class='ocr_line' id='line_1_20' title="bbox 199 893 992 931; baseline 0.004 -11"><span class='ocrx_word' id='word_1_144' title='bbox 199 893 304 920; x_wconf 68' lang='lat' dir='ltr'><strong>brathae</strong></span> <span class='ocrx_word' id='word_1_145' title='bbox 321 898 410 925; x_wconf 59' lang='lat' dir='ltr'><strong>terrae.</strong></span> <span class='ocrx_word' id='word_1_146' title='bbox 435 902 485 929; x_wconf 84' lang='lat' dir='ltr'><strong>per</strong></span> <span class='ocrx_word' id='word_1_147' title='bbox 502 903 584 929; x_wconf 92' lang='lat' dir='ltr'><strong>quam</strong></span> <span class='ocrx_word' id='word_1_148' title='bbox 600 895 656 922; x_wconf 92' lang='lat' dir='ltr'><strong>itur</strong></span> <span class='ocrx_word' id='word_1_149' title='bbox 673 895 702 922; x_wconf 92' lang='lat' dir='ltr'><strong>in</strong></span> <span class='ocrx_word' id='word_1_150' title='bbox 732 900 835 922; x_wconf 89' lang='lat' dir='ltr'><strong>terram</strong></span> <span class='ocrx_word' id='word_1_151' title='bbox 852 895 992 931; x_wconf 65' lang='lat' dir='ltr'><strong>Ephratze,</strong></span> 
     </span>
    </p>
   </div>
   <div class='ocr_carea' id='block_1_21' title="bbox 200 939 994 976">
    <p class='ocr_par' dir='ltr' id='par_1_21' title="bbox 200 939 994 976">
     <span class='ocr_line' id='line_1_21' title="bbox 200 939 994 976; baseline 0.004 -11"><span class='ocrx_word' id='word_1_152' title='bbox 200 942 282 973; x_wconf 85' lang='lat' dir='ltr'><strong>atque</strong></span> <span class='ocrx_word' id='word_1_153' title='bbox 305 939 419 974; x_wconf 74' lang='lat' dir='ltr'><strong>sepelivi</strong></span> <span class='ocrx_word' id='word_1_154' title='bbox 433 947 494 967; x_wconf 86' lang='lat' dir='ltr'><strong>eam</strong></span> <span class='ocrx_word' id='word_1_155' title='bbox 511 940 539 967; x_wconf 91' lang='lat' dir='ltr'><strong>in</strong></span> <span class='ocrx_word' id='word_1_156' title='bbox 552 941 596 967; x_wconf 79' lang='lat' dir='ltr'><strong>via</strong></span> <span class='ocrx_word' id='word_1_157' title='bbox 611 941 797 976; x_wconf 85' lang='lat' dir='ltr'><strong>hippodromi.</strong></span> <span class='ocrx_word' id='word_1_158' title='bbox 821 941 881 976; x_wconf 86' lang='lat' dir='ltr'><strong>Ipsa</strong></span> <span class='ocrx_word' id='word_1_159' title='bbox 901 945 994 968; x_wconf 85' lang='lat' dir='ltr'><strong>autem</strong></span> 
     </span>
    </p>
   </div>
   <div class='ocr_carea' id='block_1_22' title="bbox 199 985 994 1022">
    <p class='ocr_par' dir='ltr' id='par_1_22' title="bbox 199 985 994 1022">
     <span class='ocr_line' id='line_1_22' title="bbox 199 985 994 1022; baseline 0.004 -10"><span class='ocrx_word' id='word_1_160' title='bbox 199 990 243 1013; x_wconf 83' lang='lat' dir='ltr'><strong>est</strong></span> <span class='ocrx_word' id='word_1_161' title='bbox 259 985 418 1013; x_wconf 82' lang='lat' dir='ltr'><strong>Bethlehem</strong></span> <span class='ocrx_word' id='word_1_162' title='bbox 435 987 468 1013; x_wconf 68' lang='grc'><strong>⁵⁸.</strong></span> <span class='ocrx_word' id='word_1_163' title='bbox 488 996 497 1012; x_wconf 76' lang='grc' dir='ltr'><strong>ι</strong></span> <span class='ocrx_word' id='word_1_164' title='bbox 523 987 774 1022; x_wconf 80' lang='lat' dir='ltr'><strong>Pervenitquidem</strong></span> <span class='ocrx_word' id='word_1_165' title='bbox 789 988 874 1016; x_wconf 86' lang='lat' dir='ltr'><strong>Jacob</strong></span> <span class='ocrx_word' id='word_1_166' title='bbox 893 988 927 1015; x_wconf 91' lang='lat' dir='ltr'><strong>ad</strong></span> <span class='ocrx_word' id='word_1_167' title='bbox 951 995 994 1015; x_wconf 88' lang='lat' dir='ltr'><strong>se-</strong></span> 
     </span>
    </p>
   </div>
   <div class='ocr_carea' id='block_1_23' title="bbox 200 1032 993 1069">
    <p class='ocr_par' dir='ltr' id='par_1_23' title="bbox 200 1032 993 1069">
     <span class='ocr_line' id='line_1_23' title="bbox 200 1032 993 1069; baseline 0.005 -12"><span class='ocrx_word' id='word_1_168' title='bbox 200 1035 339 1059; x_wconf 85' lang='lat' dir='ltr'><strong>nectutem</strong></span> <span class='ocrx_word' id='word_1_169' title='bbox 365 1032 476 1065; x_wconf 89' lang='lat' dir='ltr'><strong>bonam,</strong></span> <span class='ocrx_word' id='word_1_170' title='bbox 499 1037 530 1060; x_wconf 90' lang='lat' dir='ltr'><strong>ut</strong></span> <span class='ocrx_word' id='word_1_171' title='bbox 546 1033 680 1068; x_wconf 89' lang='lat' dir='ltr'><strong>scriptum</strong></span> <span class='ocrx_word' id='word_1_172' title='bbox 708 1037 750 1061; x_wconf 84' lang='lat' dir='ltr'><strong>est</strong></span> <span class='ocrx_word' id='word_1_173' title='bbox 766 1043 772 1060; x_wconf 88' lang='lat'>:</span> <span class='ocrx_word' id='word_1_174' title='bbox 791 1033 840 1061; x_wconf 87' lang='lat' dir='ltr'><strong>sed</strong></span> <span class='ocrx_word' id='word_1_175' title='bbox 863 1034 993 1069; x_wconf 89' lang='lat' dir='ltr'><strong>quoniam</strong></span> 
     </span>
    </p>
   </div>
   <div class='ocr_carea' id='block_1_24' title="bbox 200 1076 996 1115">
    <p class='ocr_par' dir='ltr' id='par_1_24' title="bbox 200 1076 996 1115">
     <span class='ocr_line' id='line_1_24' title="bbox 200 1076 996 1115; baseline 0.004 -11"><span class='ocrx_word' id='word_1_176' title='bbox 200 1076 253 1111; x_wconf 77' lang='lat' dir='ltr'><strong>iam</strong></span> <span class='ocrx_word' id='word_1_177' title='bbox 267 1085 300 1104; x_wconf 83' lang='lat' dir='ltr'><strong>ex</strong></span> <span class='ocrx_word' id='word_1_178' title='bbox 321 1077 448 1105; x_wconf 85' lang='lat' dir='ltr'><strong>humanis</strong></span> <span class='ocrx_word' id='word_1_179' title='bbox 461 1078 544 1106; x_wconf 82' lang='lat' dir='ltr'><strong>rebus</strong></span> <span class='ocrx_word' id='word_1_180' title='bbox 560 1079 704 1114; x_wconf 82' lang='lat' dir='ltr'><strong>migrabat,</strong></span> <span class='ocrx_word' id='word_1_181' title='bbox 725 1079 899 1107; x_wconf 85' lang='lat' dir='ltr'><strong>benedicere.</strong></span> <span class='ocrx_word' id='word_1_182' title='bbox 921 1079 996 1115; x_wconf 73' lang='lat' dir='ltr'><strong>cogi-</strong></span> 
     </span>
    </p>
   </div>
   <div class='ocr_carea' id='block_1_25' title="bbox 202 1122 994 1160">
    <p class='ocr_par' dir='ltr' id='par_1_25' title="bbox 202 1122 994 1160">
     <span class='ocr_line' id='line_1_25' title="bbox 202 1122 994 1160; baseline 0.004 -11"><span class='ocrx_word' id='word_1_183' title='bbox 202 1122 275 1149; x_wconf 85' lang='lat' dir='ltr'><strong>tabat</strong></span> <span class='ocrx_word' id='word_1_184' title='bbox 293 1123 356 1150; x_wconf 85' lang='lat' dir='ltr'><strong>iiliis</strong></span> <span class='ocrx_word' id='word_1_185' title='bbox 371 1124 490 1158; x_wconf 66' lang='lat' dir='ltr'><strong>Ioseph;</strong></span> <span class='ocrx_word' id='word_1_186' title='bbox 512 1125 594 1160; x_wconf 81' lang='lat'><strong>206</strong></span> <span class='ocrx_word' id='word_1_187' title='bbox 612 1125 733 1159; x_wconf 91' lang='lat' dir='ltr'><strong>quicum</strong></span> <span class='ocrx_word' id='word_1_188' title='bbox 746 1130 839 1152; x_wconf 87' lang='lat' dir='ltr'><strong>essent</strong></span> <span class='ocrx_word' id='word_1_189' title='bbox 857 1132 890 1151; x_wconf 79' lang='lat' dir='ltr'><strong>ex</strong></span> <span class='ocrx_word' id='word_1_190' title='bbox 907 1128 994 1152; x_wconf 87' lang='lat' dir='ltr'><strong>matre</strong></span> 
     </span>
    </p>
   </div>
   <div class='ocr_carea' id='block_1_26' title="bbox 200 1168 995 1206">
    <p class='ocr_par' dir='ltr' id='par_1_26' title="bbox 200 1168 995 1206">
     <span class='ocr_line' id='line_1_26' title="bbox 200 1168 995 1206; baseline 0.004 -12"><span class='ocrx_word' id='word_1_191' title='bbox 200 1168 363 1204; x_wconf 79' lang='lat' dir='ltr'><strong>alienigena,</strong></span> <span class='ocrx_word' id='word_1_192' title='bbox 389 1169 510 1196; x_wconf 83' lang='lat' dir='ltr'><strong>Aseneth</strong></span> <span class='ocrx_word' id='word_1_193' title='bbox 527 1169 581 1196; x_wconf 86' lang='lat' dir='ltr'><strong>tilia</strong></span> <span class='ocrx_word' id='word_1_194' title='bbox 599 1170 748 1198; x_wconf 88' lang='lat' dir='ltr'><strong>sacerdotis</strong></span> <span class='ocrx_word' id='word_1_195' title='bbox 778 1170 945 1206; x_wconf 76' lang='lat' dir='ltr'><strong>Putipharze,</strong></span> <span class='ocrx_word' id='word_1_196' title='bbox 959 1178 995 1197; x_wconf 90' lang='lat' dir='ltr'><strong>ne</strong></span> 
     </span>
    </p>
   </div>
   <div class='ocr_carea' id='block_1_27' title="bbox 200 1213 996 1250">
    <p class='ocr_par' dir='ltr' id='par_1_27' title="bbox 200 1213 996 1250">
     <span class='ocr_line' id='line_1_27' title="bbox 200 1213 996 1250; baseline 0.003 -10"><span class='ocrx_word' id='word_1_197' title='bbox 200 1213 263 1247; x_wconf 88' lang='lat' dir='ltr'><strong>quis</strong></span> <span class='ocrx_word' id='word_1_198' title='bbox 278 1213 348 1241; x_wconf 90' lang='lat' dir='ltr'><strong>forte</strong></span> <span class='ocrx_word' id='word_1_199' title='bbox 364 1214 549 1241; x_wconf 86' lang='lat' dir='ltr'><strong>lsraelitarum</strong></span> <span class='ocrx_word' id='word_1_200' title='bbox 564 1222 613 1242; x_wconf 91' lang='lat' dir='ltr'><strong>eos</strong></span> <span class='ocrx_word' id='word_1_201' title='bbox 639 1215 856 1248; x_wconf 88' lang='lat' dir='ltr'><strong>abominaretur,</strong></span> <span class='ocrx_word' id='word_1_202' title='bbox 872 1219 996 1250; x_wconf 88' lang='lat' dir='ltr'><strong>putaret-</strong></span> 
     </span>
    </p>
   </div>
   <div class='ocr_carea' id='block_1_28' title="bbox 200 1260 994 1296">
    <p class='ocr_par' dir='ltr' id='par_1_28' title="bbox 200 1260 994 1296">
     <span class='ocr_line' id='line_1_28' title="bbox 200 1260 994 1296; baseline 0.005 -11"><span class='ocrx_word' id='word_1_203' title='bbox 200 1267 253 1293; x_wconf 90' lang='lat' dir='ltr'><strong>que</strong></span> <span class='ocrx_word' id='word_1_204' title='bbox 269 1260 344 1295; x_wconf 84' lang='lat' dir='ltr'><strong>ipsos</strong></span> <span class='ocrx_word' id='word_1_205' title='bbox 361 1264 520 1288; x_wconf 80' lang='lat' dir='ltr'><strong>extraneum</strong></span> <span class='ocrx_word' id='word_1_206' title='bbox 535 1268 566 1288; x_wconf 88' lang='lat' dir='ltr'><strong>ac</strong></span> <span class='ocrx_word' id='word_1_207' title='bbox 576 1261 715 1288; x_wconf 88' lang='lat' dir='ltr'><strong>diversum</strong></span> <span class='ocrx_word' id='word_1_208' title='bbox 730 1270 816 1296; x_wconf 74' lang='lat' dir='ltr'><strong>genus</strong></span> <span class='ocrx_word' id='word_1_209' title='bbox 834 1269 910 1295; x_wconf 86' lang='lat' dir='ltr'><strong>esse;</strong></span> <span class='ocrx_word' id='word_1_210' title='bbox 932 1262 994 1289; x_wconf 90' lang='lat' dir='ltr'><strong>ideo</strong></span> 
     </span>
    </p>
   </div>
   <div class='ocr_carea' id='block_1_29' title="bbox 201 1306 994 1341">
    <p class='ocr_par' dir='ltr' id='par_1_29' title="bbox 201 1306 994 1341">
     <span class='ocr_line' id='line_1_29' title="bbox 201 1306 994 1341; baseline 0.004 -10"><span class='ocrx_word' id='word_1_211' title='bbox 201 1306 351 1339; x_wconf 82' lang='lat' dir='ltr'><strong>prudenter</strong></span> <span class='ocrx_word' id='word_1_212' title='bbox 371 1306 498 1341; x_wconf 87' lang='lat' dir='ltr'><strong>bonoque</strong></span> <span class='ocrx_word' id='word_1_213' title='bbox 524 1307 640 1334; x_wconf 88' lang='lat' dir='ltr'><strong>consilio</strong></span> <span class='ocrx_word' id='word_1_214' title='bbox 667 1307 777 1334; x_wconf 82' lang='lat' dir='ltr'><strong>divinus</strong></span> <span class='ocrx_word' id='word_1_215' title='bbox 799 1307 884 1335; x_wconf 79' lang='lat' dir='ltr'><strong>Jacob</strong></span> <span class='ocrx_word' id='word_1_216' title='bbox 915 1307 994 1335; x_wconf 71' lang='lat' dir='ltr'><strong>Iose-</strong></span> 
     </span>
    </p>
   </div>
   <div class='ocr_carea' id='block_1_30' title="bbox 201 1351 996 1389">
    <p class='ocr_par' dir='ltr' id='par_1_30' title="bbox 201 1351 996 1389">
     <span class='ocr_line' id='line_1_30' title="bbox 201 1351 996 1389; baseline 0.004 -11"><span class='ocrx_word' id='word_1_217' title='bbox 201 1351 286 1386; x_wconf 85' lang='lat' dir='ltr'><strong>phum</strong></span> <span class='ocrx_word' id='word_1_218' title='bbox 309 1352 432 1388; x_wconf 80' lang='lat' dir='ltr'><strong>aliosque</strong></span> <span class='ocrx_word' id='word_1_219' title='bbox 444 1353 544 1380; x_wconf 88' lang='lat' dir='ltr'><strong>fratres</strong></span> <span class='ocrx_word' id='word_1_220' title='bbox 562 1358 678 1380; x_wconf 76' lang='lat' dir='ltr'><strong>certatur</strong></span> <span class='ocrx_word' id='word_1_221' title='bbox 697 1353 806 1386; x_wconf 88' lang='lat' dir='ltr'><strong>docere,</strong></span> <span class='ocrx_word' id='word_1_222' title='bbox 823 1354 908 1389; x_wconf 83' lang='lat' dir='ltr'><strong>quod,</strong></span> <span class='ocrx_word' id='word_1_223' title='bbox 926 1354 996 1381; x_wconf 87' lang='lat' dir='ltr'><strong>divi-</strong></span> 
     </span>
    </p>
   </div>
   <div class='ocr_carea' id='block_1_31' title="bbox 201 1398 993 1435">
    <p class='ocr_par' dir='ltr' id='par_1_31' title="bbox 201 1398 993 1435">
     <span class='ocr_line' id='line_1_31' title="bbox 201 1398 993 1435; baseline 0.004 -11"><span class='ocrx_word' id='word_1_224' title='bbox 201 1398 244 1425; x_wconf 86' lang='lat' dir='ltr'><strong>nis</strong></span> <span class='ocrx_word' id='word_1_225' title='bbox 260 1398 379 1426; x_wconf 66' lang='lat' dir='ltr'><strong>oraeulis</strong></span> <span class='ocrx_word' id='word_1_226' title='bbox 393 1399 523 1431; x_wconf 88' lang='lat' dir='ltr'><strong>monitus,</strong></span> <span class='ocrx_word' id='word_1_227' title='bbox 541 1407 636 1426; x_wconf 87' lang='lat' dir='ltr'><strong>omnes</strong></span> <span class='ocrx_word' id='word_1_228' title='bbox 646 1399 693 1434; x_wconf 89' lang='lat' dir='ltr'><strong>qui</strong></span> <span class='ocrx_word' id='word_1_229' title='bbox 708 1407 742 1427; x_wconf 83' lang='lat' dir='ltr'><strong>ex</strong></span> <span class='ocrx_word' id='word_1_230' title='bbox 760 1400 826 1435; x_wconf 89' lang='lat' dir='ltr'><strong>ipsis</strong></span> <span class='ocrx_word' id='word_1_231' title='bbox 846 1400 902 1427; x_wconf 88' lang='lat' dir='ltr'><strong>nati</strong></span> <span class='ocrx_word' id='word_1_232' title='bbox 918 1404 993 1433; x_wconf 88' lang='lat' dir='ltr'><strong>sunt,</strong></span> 
     </span>
    </p>
   </div>
   <div class='ocr_carea' id='block_1_32' title="bbox 196 1443 993 1478">
    <p class='ocr_par' dir='ltr' id='par_1_32' title="bbox 196 1443 993 1478">
     <span class='ocr_line' id='line_1_32' title="bbox 196 1443 993 1478; baseline 0.004 -8"><span class='ocrx_word' id='word_1_233' title='bbox 196 1443 252 1470; x_wconf 68' lang='lat' dir='ltr'><strong>siJi</strong></span> <span class='ocrx_word' id='word_1_234' title='bbox 278 1443 415 1478; x_wconf 88' lang='lat' dir='ltr'><strong>mancipet</strong></span> <span class='ocrx_word' id='word_1_235' title='bbox 433 1448 461 1471; x_wconf 88' lang='lat' dir='ltr'><strong>et</strong></span> <span class='ocrx_word' id='word_1_236' title='bbox 481 1444 542 1471; x_wconf 89' lang='lat' dir='ltr'><strong>loco</strong></span> <span class='ocrx_word' id='word_1_237' title='bbox 563 1445 681 1472; x_wconf 83' lang='lat' dir='ltr'><strong>filiorum</strong></span> <span class='ocrx_word' id='word_1_238' title='bbox 699 1446 808 1473; x_wconf 85' lang='lat' dir='ltr'><strong>habeat.</strong></span> <span class='ocrx_word' id='word_1_239' title='bbox 831 1446 876 1473; x_wconf 85' lang='lat' dir='ltr'><strong>Ait</strong></span> <span class='ocrx_word' id='word_1_240' title='bbox 894 1446 968 1473; x_wconf 88' lang='lat' dir='ltr'><strong>enim</strong></span> <span class='ocrx_word' id='word_1_241' title='bbox 986 1455 993 1473; x_wconf 89' lang='lat'>:</span> 
     </span>
    </p>
   </div>
   <div class='ocr_carea' id='block_1_33' title="bbox 205 1490 995 1528">
    <p class='ocr_par' dir='ltr' id='par_1_33' title="bbox 205 1490 995 1528">
     <span class='ocr_line' id='line_1_33' title="bbox 205 1490 995 1528; baseline 0.008 -13"><span class='ocrx_word' id='word_1_242' title='bbox 205 1499 214 1514; x_wconf 71' lang='grc' dir='ltr'><strong>ι</strong></span> <span class='ocrx_word' id='word_1_243' title='bbox 229 1490 361 1524; x_wconf 84' lang='lat' dir='ltr'><strong>Apparuit</strong></span> <span class='ocrx_word' id='word_1_244' title='bbox 378 1491 445 1517; x_wconf 93' lang='lat' dir='ltr'><strong>mihi</strong></span> <span class='ocrx_word' id='word_1_245' title='bbox 459 1491 532 1518; x_wconf 88' lang='lat' dir='ltr'><strong>Deus</strong></span> <span class='ocrx_word' id='word_1_246' title='bbox 546 1491 575 1518; x_wconf 94' lang='lat' dir='ltr'><strong>in</strong></span> <span class='ocrx_word' id='word_1_247' title='bbox 597 1496 671 1519; x_wconf 85' lang='lat' dir='ltr'><strong>terra</strong></span> <span class='ocrx_word' id='word_1_248' title='bbox 685 1492 825 1525; x_wconf 86' lang='lat' dir='ltr'><strong>Chanaan,</strong></span> <span class='ocrx_word' id='word_1_249' title='bbox 850 1502 859 1519; x_wconf 77' lang='grc' dir='ltr'><strong>ι</strong></span> <span class='ocrx_word' id='word_1_250' title='bbox 880 1501 995 1528; x_wconf 85' lang='lat' dir='ltr'><strong>expres-</strong></span> 
     </span>
    </p>
   </div>
   <div class='ocr_carea' id='block_1_34' title="bbox 201 1536 997 1573">
    <p class='ocr_par' dir='ltr' id='par_1_34' title="bbox 201 1536 997 1573">
     <span class='ocr_line' id='line_1_34' title="bbox 201 1536 997 1573; baseline 0.004 -11"><span class='ocrx_word' id='word_1_251' title='bbox 201 1543 285 1571; x_wconf 76' lang='lat' dir='ltr'><strong>seque</strong></span> <span class='ocrx_word' id='word_1_252' title='bbox 298 1536 363 1563; x_wconf 91' lang='lat' dir='ltr'><strong>mihi</strong></span> <span class='ocrx_word' id='word_1_253' title='bbox 385 1536 511 1571; x_wconf 85' lang='lat' dir='ltr'><strong>promisit</strong></span> <span class='ocrx_word' id='word_1_254' title='bbox 525 1545 568 1564; x_wconf 90' lang='lat' dir='ltr'><strong>me</strong></span> <span class='ocrx_word' id='word_1_255' title='bbox 585 1537 642 1564; x_wconf 83' lang='lat' dir='ltr'><strong>fore</strong></span> <span class='ocrx_word' id='word_1_256' title='bbox 655 1541 761 1572; x_wconf 85' lang='lat' dir='ltr'><strong>patrem</strong></span> <span class='ocrx_word' id='word_1_257' title='bbox 779 1539 997 1573; x_wconf 84' lang='lat' dir='ltr'><strong>quamplurimo—</strong></span> 
     </span>
    </p>
   </div>
   <div class='ocr_carea' id='block_1_35' title="bbox 202 1582 998 1618">
    <p class='ocr_par' dir='ltr' id='par_1_35' title="bbox 202 1582 998 1618">
     <span class='ocr_line' id='line_1_35' title="bbox 202 1582 998 1618; baseline 0.004 -10"><span class='ocrx_word' id='word_1_258' title='bbox 202 1590 262 1608; x_wconf 88' lang='lat' dir='ltr'><strong>rum</strong></span> <span class='ocrx_word' id='word_1_259' title='bbox 295 1582 469 1616; x_wconf 84' lang='lat' dir='ltr'><strong>populorum,</strong></span> <span class='ocrx_word' id='word_1_260' title='bbox 501 1583 599 1616; x_wconf 80' lang='lat' dir='ltr'><strong>meque</strong></span> <span class='ocrx_word' id='word_1_261' title='bbox 619 1582 789 1610; x_wconf 87' lang='lat' dir='ltr'><strong>dilatandum</strong></span> <span class='ocrx_word' id='word_1_262' title='bbox 818 1583 845 1610; x_wconf 91' lang='lat' dir='ltr'><strong>in</strong></span> <span class='ocrx_word' id='word_1_263' title='bbox 861 1587 956 1618; x_wconf 76' lang='lat' dir='ltr'><strong>gentes</strong></span> <span class='ocrx_word' id='word_1_264' title='bbox 970 1588 998 1611; x_wconf 88' lang='lat' dir='ltr'><strong>et</strong></span> 
     </span>
    </p>
   </div>
   <div class='ocr_carea' id='block_1_36' title="bbox 202 1626 999 1663">
    <p class='ocr_par' dir='ltr' id='par_1_36' title="bbox 202 1626 999 1663">
     <span class='ocr_line' id='line_1_36' title="bbox 202 1626 999 1663; baseline 0.004 -10"><span class='ocrx_word' id='word_1_265' title='bbox 202 1626 324 1661; x_wconf 72' lang='lat' dir='ltr'><strong>gentium</strong></span> <span class='ocrx_word' id='word_1_266' title='bbox 341 1626 577 1661; x_wconf 72' lang='lat' dir='ltr'><strong>couigregationes.</strong></span> <span class='ocrx_word' id='word_1_267' title='bbox 595 1627 647 1654; x_wconf 82' lang='lat' dir='ltr'><strong>Per</strong></span> <span class='ocrx_word' id='word_1_268' title='bbox 664 1627 716 1654; x_wconf 89' lang='lat' dir='ltr'><strong>hoc</strong></span> <span class='ocrx_word' id='word_1_269' title='bbox 731 1627 816 1662; x_wconf 80' lang='lat' dir='ltr'><strong>igitur</strong></span> <span class='ocrx_word' id='word_1_270' title='bbox 826 1628 868 1654; x_wconf 87' lang='lat' dir='ltr'><strong>eis</strong></span> <span class='ocrx_word' id='word_1_271' title='bbox 886 1636 999 1663; x_wconf 89' lang='lat' dir='ltr'><strong>persua-</strong></span> 
     </span>
    </p>
   </div>
   <div class='ocr_carea' id='block_1_37' title="bbox 202 1671 998 1701">
    <p class='ocr_par' dir='ltr' id='par_1_37' title="bbox 202 1671 998 1701">
     <span class='ocr_line' id='line_1_37' title="bbox 202 1671 998 1701; baseline 0.005 -4"><span class='ocrx_word' id='word_1_272' title='bbox 202 1671 249 1697; x_wconf 75' lang='lat' dir='ltr'><strong>det</strong></span> <span class='ocrx_word' id='word_1_273' title='bbox 266 1677 295 1698; x_wconf 95' lang='lat' dir='ltr'><strong>ut.</strong></span> <span class='ocrx_word' id='word_1_274' title='bbox 313 1671 399 1698; x_wconf 86' lang='lat' dir='ltr'><strong>Deum</strong></span> <span class='ocrx_word' id='word_1_275' title='bbox 413 1671 521 1698; x_wconf 91' lang='lat' dir='ltr'><strong>sincera</strong></span> <span class='ocrx_word' id='word_1_276' title='bbox 544 1675 637 1698; x_wconf 90' lang='lat' dir='ltr'><strong>mente</strong></span> <span class='ocrx_word' id='word_1_277' title='bbox 654 1672 801 1699; x_wconf 83' lang='lat' dir='ltr'><strong>honorent.</strong></span> <span class='ocrx_word' id='word_1_278' title='bbox 815 1673 901 1700; x_wconf 88' lang='lat' dir='ltr'><strong>Docet</strong></span> <span class='ocrx_word' id='word_1_279' title='bbox 920 1674 998 1701; x_wconf 88' lang='lat' dir='ltr'><strong>insu-</strong></span> 
     </span>
    </p>
   </div>
   <div class='ocr_carea' id='block_1_38' title="bbox 202 1716 996 1753">
    <p class='ocr_par' dir='ltr' id='par_1_38' title="bbox 202 1716 996 1753">
     <span class='ocr_line' id='line_1_38' title="bbox 202 1716 996 1753; baseline 0.005 -11"><span class='ocrx_word' id='word_1_280' title='bbox 202 1723 253 1752; x_wconf 88' lang='lat' dir='ltr'><strong>per</strong></span> <span class='ocrx_word' id='word_1_281' title='bbox 285 1720 315 1743; x_wconf 90' lang='lat' dir='ltr'><strong>nt</strong></span> <span class='ocrx_word' id='word_1_282' title='bbox 346 1716 518 1751; x_wconf 83' lang='lat' dir='ltr'><strong>propinquos</strong></span> <span class='ocrx_word' id='word_1_283' title='bbox 535 1724 586 1751; x_wconf 91' lang='lat' dir='ltr'><strong>pro</strong></span> <span class='ocrx_word' id='word_1_284' title='bbox 614 1716 748 1745; x_wconf 87' lang='lat' dir='ltr'><strong>fratribus</strong></span> <span class='ocrx_word' id='word_1_285' title='bbox 780 1718 838 1744; x_wconf 82' lang='lat' dir='ltr'><strong>suis</strong></span> <span class='ocrx_word' id='word_1_286' title='bbox 857 1723 996 1753; x_wconf 87' lang='lat' dir='ltr'><strong>reputent,</strong></span> 
     </span>
    </p>
   </div>
   <div class='ocr_carea' id='block_1_39' title="bbox 203 1761 998 1797">
    <p class='ocr_par' dir='ltr' id='par_1_39' title="bbox 203 1761 998 1797">
     <span class='ocr_line' id='line_1_39' title="bbox 203 1761 998 1797; baseline 0.004 -9"><span class='ocrx_word' id='word_1_287' title='bbox 203 1763 290 1788; x_wconf 90' lang='lat' dir='ltr'><strong>multo</strong></span> <span class='ocrx_word' id='word_1_288' title='bbox 310 1761 395 1797; x_wconf 80' lang='lat' dir='ltr'><strong>magis</strong></span> <span class='ocrx_word' id='word_1_289' title='bbox 429 1762 501 1794; x_wconf 82' lang='lat' dir='ltr'><strong>illos,</strong></span> <span class='ocrx_word' id='word_1_290' title='bbox 529 1762 576 1796; x_wconf 90' lang='lat' dir='ltr'><strong>qui</strong></span> <span class='ocrx_word' id='word_1_291' title='bbox 601 1769 635 1788; x_wconf 80' lang='lat' dir='ltr'><strong>cx</strong></span> <span class='ocrx_word' id='word_1_292' title='bbox 664 1762 732 1797; x_wconf 87' lang='lat' dir='ltr'><strong>ipsis</strong></span> <span class='ocrx_word' id='word_1_293' title='bbox 766 1763 818 1789; x_wconf 82' lang='lat' dir='ltr'><strong>orti</strong></span> <span class='ocrx_word' id='word_1_294' title='bbox 851 1768 931 1795; x_wconf 87' lang='lat' dir='ltr'><strong>sunt,</strong></span> <span class='ocrx_word' id='word_1_295' title='bbox 956 1767 998 1791; x_wconf 90' lang='lat' dir='ltr'><strong>ta-</strong></span> 
     </span>
    </p>
   </div>
   <div class='ocr_carea' id='block_1_40' title="bbox 203 1807 934 1843">
    <p class='ocr_par' dir='ltr' id='par_1_40' title="bbox 203 1807 934 1843">
     <span class='ocr_line' id='line_1_40' title="bbox 203 1807 934 1843; baseline 0.001 -9"><span class='ocrx_word' id='word_1_296' title='bbox 203 1809 284 1835; x_wconf 82' lang='lat' dir='ltr'><strong>metsi</strong></span> <span class='ocrx_word' id='word_1_297' title='bbox 302 1808 373 1835; x_wconf 82' lang='lat' dir='ltr'><strong>forte</strong></span> <span class='ocrx_word' id='word_1_298' title='bbox 388 1815 421 1834; x_wconf 85' lang='lat' dir='ltr'><strong>ex</strong></span> <span class='ocrx_word' id='word_1_299' title='bbox 439 1812 526 1834; x_wconf 85' lang='lat' dir='ltr'><strong>matre</strong></span> <span class='ocrx_word' id='word_1_300' title='bbox 553 1807 705 1843; x_wconf 79' lang='lat' dir='ltr'><strong>alienigena</strong></span> <span class='ocrx_word' id='word_1_301' title='bbox 721 1808 775 1835; x_wconf 87' lang='lat' dir='ltr'><strong>sint</strong></span> <span class='ocrx_word' id='word_1_302' title='bbox 789 1809 934 1842; x_wconf 87' lang='lat' dir='ltr'><strong>procreati.</strong></span> 
     </span>
    </p>
   </div>
   <div class='ocr_carea' id='block_1_41' title="bbox 237 1852 998 1887">
    <p class='ocr_par' dir='ltr' id='par_1_41' title="bbox 237 1852 998 1887">
     <span class='ocr_line' id='line_1_41' title="bbox 237 1852 998 1887; baseline 0.001 -8"><span class='ocrx_word' id='word_1_303' title='bbox 237 1853 265 1879; x_wconf 77' lang='lat'><strong>2.</strong></span> <span class='ocrx_word' id='word_1_304' title='bbox 278 1852 404 1880; x_wconf 88' lang='lat' dir='ltr'><strong>Breviter</strong></span> <span class='ocrx_word' id='word_1_305' title='bbox 418 1853 511 1887; x_wconf 85' lang='lat' dir='ltr'><strong>itaque</strong></span> <span class='ocrx_word' id='word_1_306' title='bbox 531 1853 652 1880; x_wconf 67' lang='lat' dir='ltr'><strong>historiae</strong></span> <span class='ocrx_word' id='word_1_307' title='bbox 673 1857 747 1880; x_wconf 82' lang='lat' dir='ltr'><strong>textu</strong></span> <span class='ocrx_word' id='word_1_308' title='bbox 767 1853 914 1887; x_wconf 79' lang='lat' dir='ltr'><strong>explicato,</strong></span> <span class='ocrx_word' id='word_1_309' title='bbox 932 1853 998 1881; x_wconf 90' lang='lat' dir='ltr'><strong>illud</strong></span> 
     </span>
    </p>
   </div>
   <div class='ocr_carea' id='block_1_42' title="bbox 203 1898 999 1934">
    <p class='ocr_par' dir='ltr' id='par_1_42' title="bbox 203 1898 999 1934">
     <span class='ocr_line' id='line_1_42' title="bbox 203 1898 999 1934; baseline 0.003 -9"><span class='ocrx_word' id='word_1_310' title='bbox 203 1898 331 1929; x_wconf 87' lang='lat' dir='ltr'><strong>dicimus,</strong></span> <span class='ocrx_word' id='word_1_311' title='bbox 349 1898 423 1933; x_wconf 87' lang='lat' dir='ltr'><strong>quod</strong></span> <span class='ocrx_word' id='word_1_312' title='bbox 440 1903 467 1925; x_wconf 86' lang='lat' dir='ltr'><strong>et</strong></span> <span class='ocrx_word' id='word_1_313' title='bbox 487 1906 537 1925; x_wconf 88' lang='lat' dir='ltr'><strong>nos</strong></span> <span class='ocrx_word' id='word_1_314' title='bbox 555 1899 606 1926; x_wconf 76' lang='lat' dir='ltr'><strong>fide</strong></span> <span class='ocrx_word' id='word_1_315' title='bbox 618 1899 761 1934; x_wconf 84' lang='lat' dir='ltr'><strong>justiﬁcati</strong></span> <span class='ocrx_word' id='word_1_316' title='bbox 780 1899 843 1926; x_wconf 84' lang='lat' dir='ltr'><strong>facti</strong></span> <span class='ocrx_word' id='word_1_317' title='bbox 857 1907 955 1927; x_wconf 89' lang='lat' dir='ltr'><strong>sumus</strong></span> <span class='ocrx_word' id='word_1_318' title='bbox 970 1900 999 1927; x_wconf 90' lang='lat' dir='ltr'><strong>in</strong></span> 
     </span>
    </p>
   </div>
   <div class='ocr_carea' id='block_1_43' title="bbox 203 1945 997 1980">
    <p class='ocr_par' dir='ltr' id='par_1_43' title="bbox 203 1945 997 1980">
     <span class='ocr_line' id='line_1_43' title="bbox 203 1945 997 1980; baseline -0.001 -7"><span class='ocrx_word' id='word_1_319' title='bbox 203 1945 314 1973; x_wconf 84' lang='lat' dir='ltr'><strong>Christo</strong></span> <span class='ocrx_word' id='word_1_320' title='bbox 332 1945 380 1972; x_wconf 82' lang='lat' dir='ltr'><strong>filii</strong></span> <span class='ocrx_word' id='word_1_321' title='bbox 401 1945 512 1980; x_wconf 88' lang='lat' dir='ltr'><strong>quidem</strong></span> <span class='ocrx_word' id='word_1_322' title='bbox 530 1945 589 1977; x_wconf 89' lang='lat' dir='ltr'><strong>Dei,</strong></span> <span class='ocrx_word' id='word_1_323' title='bbox 612 1949 641 1972; x_wconf 88' lang='lat' dir='ltr'><strong>et</strong></span> <span class='ocrx_word' id='word_1_324' title='bbox 656 1945 800 1973; x_wconf 89' lang='lat' dir='ltr'><strong>domestici</strong></span> <span class='ocrx_word' id='word_1_325' title='bbox 827 1950 997 1979; x_wconf 86' lang='lat' dir='ltr'><strong>sanctorum,</strong></span> 
     </span>
    </p>
   </div>
   <div class='ocr_carea' id='block_1_44' title="bbox 204 1991 998 2027">
    <p class='ocr_par' dir='ltr' id='par_1_44' title="bbox 204 1991 998 2027">
     <span class='ocr_line' id='line_1_44' title="bbox 204 1991 998 2027; baseline 0 -9"><span class='ocrx_word' id='word_1_326' title='bbox 204 1991 343 2019; x_wconf 87' lang='lat' dir='ltr'><strong>mediante</strong></span> <span class='ocrx_word' id='word_1_327' title='bbox 366 1991 435 2026; x_wconf 89' lang='lat' dir='ltr'><strong>ipso,</strong></span> <span class='ocrx_word' id='word_1_328' title='bbox 453 1995 480 2018; x_wconf 84' lang='lat' dir='ltr'><strong>et</strong></span> <span class='ocrx_word' id='word_1_329' title='bbox 504 1999 553 2026; x_wconf 88' lang='lat' dir='ltr'><strong>per</strong></span> <span class='ocrx_word' id='word_1_330' title='bbox 575 1991 696 2027; x_wconf 86' lang='lat' dir='ltr'><strong>seipsum</strong></span> <span class='ocrx_word' id='word_1_331' title='bbox 717 1999 768 2018; x_wconf 91' lang='lat' dir='ltr'><strong>nos</strong></span> <span class='ocrx_word' id='word_1_332' title='bbox 784 1992 930 2026; x_wconf 88' lang='lat' dir='ltr'><strong>copulante</strong></span> <span class='ocrx_word' id='word_1_333' title='bbox 946 1992 998 2019; x_wconf 87' lang='lat' dir='ltr'><strong>sibi</strong></span> 
     </span>
    </p>
   </div>
   <div class='ocr_carea' id='block_1_45' title="bbox 205 2037 999 2073">
    <p class='ocr_par' dir='ltr' id='par_1_45' title="bbox 205 2037 999 2073">
     <span class='ocr_line' id='line_1_45' title="bbox 205 2037 999 2073; baseline 0 -7"><span class='ocrx_word' id='word_1_334' title='bbox 205 2043 233 2066; x_wconf 89' lang='lat' dir='ltr'><strong>et</strong></span> <span class='ocrx_word' id='word_1_335' title='bbox 247 2038 329 2071; x_wconf 83' lang='lat' dir='ltr'><strong>Patri,</strong></span> <span class='ocrx_word' id='word_1_336' title='bbox 346 2037 486 2072; x_wconf 89' lang='lat' dir='ltr'><strong>choroque</strong></span> <span class='ocrx_word' id='word_1_337' title='bbox 505 2042 681 2066; x_wconf 88' lang='lat' dir='ltr'><strong>sanctorum:</strong></span> <span class='ocrx_word' id='word_1_338' title='bbox 698 2037 930 2073; x_wconf 84' lang='lat' dir='ltr'><strong>quemadmodum</strong></span> <span class='ocrx_word' id='word_1_339' title='bbox 942 2038 999 2066; x_wconf 86' lang='lat' dir='ltr'><strong>fere</strong></span> 
     </span>
    </p>
   </div>
   <div class='ocr_carea' id='block_1_46' title="bbox 206 2083 1000 2119">
    <p class='ocr_par' dir='ltr' id='par_1_46' title="bbox 206 2083 1000 2119">
     <span class='ocr_line' id='line_1_46' title="bbox 206 2083 1000 2119; baseline 0.001 -8"><span class='ocrx_word' id='word_1_340' title='bbox 206 2084 289 2111; x_wconf 84' lang='lat' dir='ltr'><strong>etiam</strong></span> <span class='ocrx_word' id='word_1_341' title='bbox 316 2083 417 2119; x_wconf 73' lang='lat' dir='ltr'><strong>Ioseph</strong></span> <span class='ocrx_word' id='word_1_342' title='bbox 446 2084 635 2118; x_wconf 82' lang='lat' dir='ltr'><strong>interpositus,</strong></span> <span class='ocrx_word' id='word_1_343' title='bbox 652 2083 740 2118; x_wconf 88' lang='lat' dir='ltr'><strong>patris</strong></span> <span class='ocrx_word' id='word_1_344' title='bbox 755 2083 798 2111; x_wconf 87' lang='lat' dir='ltr'><strong>sui</strong></span> <span class='ocrx_word' id='word_1_345' title='bbox 822 2083 892 2111; x_wconf 80' lang='lat' dir='ltr'><strong>filios</strong></span> <span class='ocrx_word' id='word_1_346' title='bbox 908 2084 1000 2112; x_wconf 78' lang='lat' dir='ltr'><strong>effecit</strong></span> 
     </span>
    </p>
   </div>
   <div class='ocr_carea' id='block_1_47' title="bbox 206 2130 1000 2168">
    <p class='ocr_par' dir='ltr' id='par_1_47' title="bbox 206 2130 1000 2168">
     <span class='ocr_line' id='line_1_47' title="bbox 206 2130 1000 2168; baseline 0.001 -10"><span class='ocrx_word' id='word_1_347' title='bbox 206 2131 338 2166; x_wconf 87' lang='lat' dir='ltr'><strong>Ephraim</strong></span> <span class='ocrx_word' id='word_1_348' title='bbox 363 2135 391 2158; x_wconf 89' lang='lat' dir='ltr'><strong>et</strong></span> <span class='ocrx_word' id='word_1_349' title='bbox 419 2130 571 2161; x_wconf 78' lang='lat' dir='ltr'><strong>Manassen,</strong></span> <span class='ocrx_word' id='word_1_350' title='bbox 591 2135 619 2158; x_wconf 92' lang='lat' dir='ltr'><strong>et</strong></span> <span class='ocrx_word' id='word_1_351' title='bbox 643 2130 862 2165; x_wconf 86' lang='lat' dir='ltr'><strong>patriarcharum</strong></span> <span class='ocrx_word' id='word_1_352' title='bbox 877 2132 1000 2168; x_wconf 78' lang='lat' dir='ltr'><strong>catalogo</strong></span> 
     </span>
    </p>
   </div>
   <div class='ocr_carea' id='block_1_48' title="bbox 193 2173 998 2212">
    <p class='ocr_par' dir='ltr' id='par_1_48' title="bbox 193 2173 998 2212">
     <span class='ocr_line' id='line_1_48' title="bbox 193 2173 998 2212; baseline -0.002 -6"><span class='ocrx_word' id='word_1_353' title='bbox 193 2173 310 2206; x_wconf 70' lang='lat' dir='ltr'><strong>ilSCI&#39;lbl</strong></span> <span class='ocrx_word' id='word_1_354' title='bbox 331 2187 337 2204; x_wconf 87' lang='lat'>:</span> <span class='ocrx_word' id='word_1_355' title='bbox 359 2187 367 2202; x_wconf 72' lang='grc' dir='ltr'><strong>ε</strong></span> <span class='ocrx_word' id='word_1_356' title='bbox 387 2177 467 2204; x_wconf 68' lang='lat' dir='ltr'><strong>Nunc</strong></span> <span class='ocrx_word' id='word_1_357' title='bbox 494 2179 579 2208; x_wconf 84' lang='lat' dir='ltr'><strong>enim,</strong></span> <span class='ocrx_word' id='word_1_358' title='bbox 603 2177 653 2209; x_wconf 86' lang='lat' dir='ltr'><strong>ait,</strong></span> <span class='ocrx_word' id='word_1_359' title='bbox 683 2176 739 2204; x_wconf 91' lang='lat' dir='ltr'><strong>duo</strong></span> <span class='ocrx_word' id='word_1_360' title='bbox 757 2176 805 2204; x_wconf 81' lang='lat' dir='ltr'><strong>filii</strong></span> <span class='ocrx_word' id='word_1_361' title='bbox 819 2177 858 2204; x_wconf 94' lang='lat' dir='ltr'><strong>tui</strong></span> <span class='ocrx_word' id='word_1_362' title='bbox 877 2177 925 2212; x_wconf 89' lang='lat' dir='ltr'><strong>qui</strong></span> <span class='ocrx_word' id='word_1_363' title='bbox 942 2177 998 2204; x_wconf 89' lang='lat' dir='ltr'><strong>nati</strong></span> 
     </span>
    </p>
   </div>
   <div class='ocr_carea' id='block_1_49' title="bbox 207 2215 1039 2258">
    <p class='ocr_par' dir='ltr' id='par_1_49' title="bbox 207 2215 1039 2258">
     <span class='ocr_line' id='line_1_49' title="bbox 207 2215 1039 2258; baseline 0 -8"><span class='ocrx_word' id='word_1_364' title='bbox 207 2227 273 2251; x_wconf 82' lang='lat' dir='ltr'><strong>sunt</strong></span> <span class='ocrx_word' id='word_1_365' title='bbox 286 2223 334 2250; x_wconf 90' lang='lat' dir='ltr'><strong>tibi</strong></span> <span class='ocrx_word' id='word_1_366' title='bbox 345 2223 372 2250; x_wconf 93' lang='lat' dir='ltr'><strong>in</strong></span> <span class='ocrx_word' id='word_1_367' title='bbox 383 2222 508 2258; x_wconf 67' lang='lat' dir='ltr'><strong>Aigypto,</strong></span> <span class='ocrx_word' id='word_1_368' title='bbox 517 2223 570 2249; x_wconf 90' lang='lat' dir='ltr'><strong>mei</strong></span> <span class='ocrx_word' id='word_1_369' title='bbox 579 2226 653 2255; x_wconf 86' lang='lat' dir='ltr'><strong>sunt,</strong></span> <span class='ocrx_word' id='word_1_370' title='bbox 668 2222 798 2257; x_wconf 87' lang='lat' dir='ltr'><strong>Ephraim</strong></span> <span class='ocrx_word' id='word_1_371' title='bbox 809 2222 983 2250; x_wconf 84' lang='lat' dir='ltr'><strong>etManasses</strong></span> <span class='ocrx_word' id='word_1_372' title='bbox 991 2243 999 2256; x_wconf 92' lang='lat'><strong>,</strong></span> <span class='ocrx_word' id='word_1_373' title='bbox 1017 2215 1039 2243; x_wconf 77' lang='grc' dir='ltr'><strong>Ι)</strong></span> 
     </span>
    </p>
   </div>
   <div class='ocr_carea' id='block_1_50' title="bbox 208 2268 1000 2302">
    <p class='ocr_par' dir='ltr' id='par_1_50' title="bbox 208 2268 1000 2302">
     <span class='ocr_line' id='line_1_50' title="bbox 208 2268 1000 2302; baseline 0.003 -8"><span class='ocrx_word' id='word_1_374' title='bbox 208 2269 281 2295; x_wconf 85' lang='lat' dir='ltr'><strong>sicut</strong></span> <span class='ocrx_word' id='word_1_375' title='bbox 301 2268 399 2296; x_wconf 82' lang='lat' dir='ltr'><strong>Ruben</strong></span> <span class='ocrx_word' id='word_1_376' title='bbox 423 2274 452 2296; x_wconf 88' lang='lat' dir='ltr'><strong>et</strong></span> <span class='ocrx_word' id='word_1_377' title='bbox 475 2270 588 2297; x_wconf 88' lang='lat' dir='ltr'><strong>Simeon</strong></span> <span class='ocrx_word' id='word_1_378' title='bbox 615 2273 698 2296; x_wconf 87' lang='lat' dir='ltr'><strong>erunt</strong></span> <span class='ocrx_word' id='word_1_379' title='bbox 722 2269 787 2302; x_wconf 82' lang='lat' dir='ltr'><strong>mei,</strong></span> <span class='ocrx_word' id='word_1_380' title='bbox 804 2278 813 2294; x_wconf 79' lang='grc' dir='ltr'>ι</span> <span class='ocrx_word' id='word_1_381' title='bbox 835 2269 887 2297; x_wconf 89' lang='lat' dir='ltr'><strong>hoc</strong></span> <span class='ocrx_word' id='word_1_382' title='bbox 899 2273 953 2302; x_wconf 88' lang='lat' dir='ltr'><strong>est,</strong></span> <span class='ocrx_word' id='word_1_383' title='bbox 971 2270 1000 2297; x_wconf 91' lang='lat' dir='ltr'><strong>in</strong></span> 
     </span>
    </p>
   </div>
   <div class='ocr_carea' id='block_1_51' title="bbox 208 2314 1001 2351">
    <p class='ocr_par' dir='ltr' id='par_1_51' title="bbox 208 2314 1001 2351">
     <span class='ocr_line' id='line_1_51' title="bbox 208 2314 1001 2351; baseline 0.003 -10"><span class='ocrx_word' id='word_1_384' title='bbox 208 2314 400 2349; x_wconf 84' lang='lat' dir='ltr'><strong>primogenitis</strong></span> <span class='ocrx_word' id='word_1_385' title='bbox 414 2319 561 2350; x_wconf 87' lang='lat' dir='ltr'><strong>ponentur,</strong></span> <span class='ocrx_word' id='word_1_386' title='bbox 575 2319 657 2350; x_wconf 91' lang='lat' dir='ltr'><strong>atque</strong></span> <span class='ocrx_word' id='word_1_387' title='bbox 672 2315 857 2351; x_wconf 83' lang='lat' dir='ltr'><strong>adjungcntur</strong></span> <span class='ocrx_word' id='word_1_388' title='bbox 869 2315 933 2348; x_wconf 87' lang='lat' dir='ltr'><strong>illis,</strong></span> <span class='ocrx_word' id='word_1_389' title='bbox 953 2316 1001 2351; x_wconf 91' lang='lat' dir='ltr'><strong>qui</strong></span> 
     </span>
    </p>
   </div>
   <div class='ocr_carea' id='block_1_52' title="bbox 209 2360 999 2397">
    <p class='ocr_par' dir='ltr' id='par_1_52' title="bbox 209 2360 999 2397">
     <span class='ocr_line' id='line_1_52' title="bbox 209 2360 999 2397; baseline 0.003 -10"><span class='ocrx_word' id='word_1_390' title='bbox 209 2368 243 2387; x_wconf 82' lang='lat' dir='ltr'><strong>ex</strong></span> <span class='ocrx_word' id='word_1_391' title='bbox 252 2360 409 2388; x_wconf 88' lang='lat' dir='ltr'><strong>obedientia</strong></span> <span class='ocrx_word' id='word_1_392' title='bbox 427 2365 500 2388; x_wconf 89' lang='lat' dir='ltr'><strong>sunt.</strong></span> <span class='ocrx_word' id='word_1_393' title='bbox 514 2361 582 2388; x_wconf 86' lang='lat' dir='ltr'><strong>Nam</strong></span> <span class='ocrx_word' id='word_1_394' title='bbox 601 2361 698 2388; x_wconf 83' lang='lat' dir='ltr'><strong>Ruben</strong></span> <span class='ocrx_word' id='word_1_395' title='bbox 710 2366 771 2388; x_wconf 89' lang='lat' dir='ltr'><strong>erat</strong></span> <span class='ocrx_word' id='word_1_396' title='bbox 779 2362 980 2397; x_wconf 79' lang='lat' dir='ltr'><strong>primogenitus</strong></span> <span class='ocrx_word' id='word_1_397' title='bbox 992 2371 999 2389; x_wconf 87' lang='lat'><strong>:</strong></span> 
     </span>
    </p>
   </div>
   <div class='ocr_carea' id='block_1_53' title="bbox 209 2405 1002 2442">
    <p class='ocr_par' dir='ltr' id='par_1_53' title="bbox 209 2405 1002 2442">
     <span class='ocr_line' id='line_1_53' title="bbox 209 2405 1002 2442; baseline 0.004 -10"><span class='ocrx_word' id='word_1_398' title='bbox 209 2410 237 2432; x_wconf 89' lang='lat' dir='ltr'><strong>et</strong></span> <span class='ocrx_word' id='word_1_399' title='bbox 252 2405 371 2442; x_wconf 88' lang='lat' dir='ltr'><strong>Symeon</strong></span> <span class='ocrx_word' id='word_1_400' title='bbox 384 2407 532 2442; x_wconf 76' lang='lat' dir='ltr'><strong>exponitur</strong></span> <span class='ocrx_word' id='word_1_401' title='bbox 543 2407 698 2435; x_wconf 67' lang='lat' dir='ltr'><strong>obedientia,</strong></span> <span class='ocrx_word' id='word_1_402' title='bbox 713 2407 788 2435; x_wconf 82' lang='lat' dir='ltr'><strong>Facti</strong></span> <span class='ocrx_word' id='word_1_403' title='bbox 803 2415 898 2435; x_wconf 89' lang='lat' dir='ltr'><strong>sumus</strong></span> <span class='ocrx_word' id='word_1_404' title='bbox 909 2413 1002 2435; x_wconf 87' lang='lat' dir='ltr'><strong>autem</strong></span> 
     </span>
    </p>
   </div>
   <div class='ocr_carea' id='block_1_54' title="bbox 209 2452 1000 2489">
    <p class='ocr_par' dir='ltr' id='par_1_54' title="bbox 209 2452 1000 2489">
     <span class='ocr_line' id='line_1_54' title="bbox 209 2452 1000 2489; baseline 0.001 -9"><span class='ocrx_word' id='word_1_405' title='bbox 209 2457 293 2480; x_wconf 88' lang='lat' dir='ltr'><strong>etnos</strong></span> <span class='ocrx_word' id='word_1_406' title='bbox 309 2452 397 2480; x_wconf 81' lang='lat' dir='ltr'><strong>ultimi</strong></span> <span class='ocrx_word' id='word_1_407' title='bbox 409 2462 457 2489; x_wconf 87' lang='lat' dir='ltr'><strong>per</strong></span> <span class='ocrx_word' id='word_1_408' title='bbox 473 2453 553 2480; x_wconf 84' lang='lat' dir='ltr'><strong>fidem</strong></span> <span class='ocrx_word' id='word_1_409' title='bbox 567 2453 646 2489; x_wconf 81' lang='lat' dir='ltr'><strong>primi</strong></span> <span class='ocrx_word' id='word_1_410' title='bbox 657 2453 690 2486; x_wconf 81' lang='grc'><strong>⁸⁵,</strong></span> <span class='ocrx_word' id='word_1_411' title='bbox 706 2457 735 2480; x_wconf 93' lang='lat' dir='ltr'><strong>et</strong></span> <span class='ocrx_word' id='word_1_412' title='bbox 744 2454 862 2488; x_wconf 87' lang='lat' dir='ltr'><strong>populus</strong></span> <span class='ocrx_word' id='word_1_413' title='bbox 876 2454 1000 2489; x_wconf 87' lang='lat' dir='ltr'><strong>gentium</strong></span> 
     </span>
    </p>
   </div>
   <div class='ocr_carea' id='block_1_55' title="bbox 211 2498 1000 2536">
    <p class='ocr_par' dir='ltr' id='par_1_55' title="bbox 211 2498 1000 2536">
     <span class='ocr_line' id='line_1_55' title="bbox 211 2498 1000 2536; baseline 0.001 -10"><span class='ocrx_word' id='word_1_414' title='bbox 211 2498 385 2528; x_wconf 68' lang='lat' dir='ltr'><strong>haeredilavit</strong></span> <span class='ocrx_word' id='word_1_415' title='bbox 397 2501 510 2536; x_wconf 77' lang='lat' dir='ltr'><strong>gloriam</strong></span> <span class='ocrx_word' id='word_1_416' title='bbox 529 2499 717 2536; x_wconf 78' lang='lat' dir='ltr'><strong>primogeniti.</strong></span> <span class='ocrx_word' id='word_1_417' title='bbox 727 2498 864 2526; x_wconf 63' lang='lat' dir='ltr'><strong>Caeterum</strong></span> <span class='ocrx_word' id='word_1_418' title='bbox 881 2499 934 2527; x_wconf 92' lang='lat' dir='ltr'><strong>hoc</strong></span> <span class='ocrx_word' id='word_1_419' title='bbox 948 2500 1000 2527; x_wconf 89' lang='lat' dir='ltr'><strong>ho-</strong></span> 
     </span>
    </p>
   </div>
   <div class='ocr_carea' id='block_1_56' title="bbox 210 2545 1000 2582">
    <p class='ocr_par' dir='ltr' id='par_1_56' title="bbox 210 2545 1000 2582">
     <span class='ocr_line' id='line_1_56' title="bbox 210 2545 1000 2582; baseline 0 -8"><span class='ocrx_word' id='word_1_420' title='bbox 210 2554 280 2574; x_wconf 88' lang='lat' dir='ltr'><strong>nore</strong></span> <span class='ocrx_word' id='word_1_421' title='bbox 293 2546 383 2574; x_wconf 79' lang='lat' dir='ltr'><strong>affecti</strong></span> <span class='ocrx_word' id='word_1_422' title='bbox 395 2551 459 2574; x_wconf 89' lang='lat' dir='ltr'><strong>sunt</strong></span> <span class='ocrx_word' id='word_1_423' title='bbox 472 2552 583 2582; x_wconf 82' lang='lat' dir='ltr'><strong>propter</strong></span> <span class='ocrx_word' id='word_1_424' title='bbox 594 2545 780 2574; x_wconf 80' lang='lat' dir='ltr'><strong>obedientiam</strong></span> <span class='ocrx_word' id='word_1_425' title='bbox 794 2550 822 2572; x_wconf 84' lang='lat' dir='ltr'><strong>et</strong></span> <span class='ocrx_word' id='word_1_426' title='bbox 835 2545 926 2573; x_wconf 78' lang='lat' dir='ltr'><strong>ﬁdem.</strong></span> <span class='ocrx_word' id='word_1_427' title='bbox 961 2547 1000 2574; x_wconf 88' lang='lat' dir='ltr'><strong>lla</strong></span> 
     </span>
    </p>
   </div>
   <div class='ocr_carea' id='block_1_57' title="bbox 211 2591 1000 2627">
    <p class='ocr_par' dir='ltr' id='par_1_57' title="bbox 211 2591 1000 2627">
     <span class='ocr_line' id='line_1_57' title="bbox 211 2591 1000 2627; baseline -0.001 -7"><span class='ocrx_word' id='word_1_428' title='bbox 211 2592 284 2620; x_wconf 88' lang='lat' dir='ltr'><strong>enim</strong></span> <span class='ocrx_word' id='word_1_429' title='bbox 296 2591 423 2619; x_wconf 83' lang='lat' dir='ltr'><strong>Christus</strong></span> <span class='ocrx_word' id='word_1_430' title='bbox 437 2592 494 2627; x_wconf 89' lang='lat' dir='ltr'><strong>ipse</strong></span> <span class='ocrx_word' id='word_1_431' title='bbox 508 2596 622 2620; x_wconf 84' lang='lat' dir='ltr'><strong>testatus</strong></span> <span class='ocrx_word' id='word_1_432' title='bbox 635 2596 677 2619; x_wconf 85' lang='lat' dir='ltr'><strong>est</strong></span> <span class='ocrx_word' id='word_1_433' title='bbox 688 2591 722 2619; x_wconf 89' lang='lat' dir='ltr'><strong>de</strong></span> <span class='ocrx_word' id='word_1_434' title='bbox 737 2592 787 2624; x_wconf 90' lang='lat' dir='ltr'><strong>eis,</strong></span> <span class='ocrx_word' id='word_1_435' title='bbox 801 2591 910 2619; x_wconf 82' lang='lat' dir='ltr'><strong>dicens:</strong></span> <span class='ocrx_word' id='word_1_436' title='bbox 925 2601 934 2617; x_wconf 88' lang='grc'><strong>‹</strong></span> <span class='ocrx_word' id='word_1_437' title='bbox 947 2592 1000 2619; x_wconf 77' lang='lat' dir='ltr'><strong>Po-</strong></span> 
     </span>
    </p>
   </div>
   <div class='ocr_carea' id='block_1_58' title="bbox 211 2637 1001 2674">
    <p class='ocr_par' dir='ltr' id='par_1_58' title="bbox 211 2637 1001 2674">
     <span class='ocr_line' id='line_1_58' title="bbox 211 2637 1001 2674; baseline 0 -9"><span class='ocrx_word' id='word_1_438' title='bbox 211 2638 293 2674; x_wconf 81' lang='lat' dir='ltr'><strong>pulus</strong></span> <span class='ocrx_word' id='word_1_439' title='bbox 309 2646 390 2673; x_wconf 91' lang='lat' dir='ltr'><strong>quem</strong></span> <span class='ocrx_word' id='word_1_440' title='bbox 407 2646 462 2665; x_wconf 91' lang='lat' dir='ltr'><strong>non</strong></span> <span class='ocrx_word' id='word_1_441' title='bbox 476 2638 600 2674; x_wconf 76' lang='lat' dir='ltr'><strong>cognovi,</strong></span> <span class='ocrx_word' id='word_1_442' title='bbox 616 2638 728 2665; x_wconf 81' lang='lat' dir='ltr'><strong>servivit</strong></span> <span class='ocrx_word' id='word_1_443' title='bbox 750 2638 829 2670; x_wconf 91' lang='lat' dir='ltr'><strong>mihi,</strong></span> <span class='ocrx_word' id='word_1_444' title='bbox 847 2637 875 2665; x_wconf 87' lang='lat' dir='ltr'><strong>in</strong></span> <span class='ocrx_word' id='word_1_445' title='bbox 906 2638 1001 2665; x_wconf 88' lang='lat' dir='ltr'><strong>auditu</strong></span> 
     </span>
    </p>
   </div>
   <div class='ocr_carea' id='block_1_59' title="bbox 212 2682 1002 2719">
    <p class='ocr_par' dir='ltr' id='par_1_59' title="bbox 212 2682 1002 2719">
     <span class='ocr_line' id='line_1_59' title="bbox 212 2682 1002 2719; baseline 0 -9"><span class='ocrx_word' id='word_1_446' title='bbox 212 2682 288 2710; x_wconf 81' lang='lat' dir='ltr'><strong>auris</strong></span> <span class='ocrx_word' id='word_1_447' title='bbox 297 2683 419 2710; x_wconf 72' lang='lat' dir='ltr'><strong>obedivit</strong></span> <span class='ocrx_word' id='word_1_448' title='bbox 439 2683 506 2710; x_wconf 89' lang='lat' dir='ltr'><strong>mihi</strong></span> <span class='ocrx_word' id='word_1_449' title='bbox 523 2684 556 2710; x_wconf 76' lang='grc'><strong>⁸⁵.</strong></span> <span class='ocrx_word' id='word_1_450' title='bbox 582 2693 591 2709; x_wconf 70' lang='grc' dir='ltr'><strong>ι</strong></span> <span class='ocrx_word' id='word_1_451' title='bbox 611 2683 668 2710; x_wconf 84' lang='lat' dir='ltr'><strong>Etsi</strong></span> <span class='ocrx_word' id='word_1_452' title='bbox 683 2683 757 2710; x_wconf 88' lang='lat' dir='ltr'><strong>enim</strong></span> <span class='ocrx_word' id='word_1_453' title='bbox 768 2691 801 2710; x_wconf 76' lang='lat' dir='ltr'><strong>ex</strong></span> <span class='ocrx_word' id='word_1_454' title='bbox 813 2688 900 2710; x_wconf 81' lang='lat' dir='ltr'><strong>matre</strong></span> <span class='ocrx_word' id='word_1_455' title='bbox 924 2684 1002 2719; x_wconf 84' lang='lat' dir='ltr'><strong>quasi</strong></span> 
     </span>
    </p>
   </div>
   <div class='ocr_carea' id='block_1_60' title="bbox 212 2729 1002 2765">
    <p class='ocr_par' dir='ltr' id='par_1_60' title="bbox 212 2729 1002 2765">
     <span class='ocr_line' id='line_1_60' title="bbox 212 2729 1002 2765; baseline 0.001 -10"><span class='ocrx_word' id='word_1_456' title='bbox 212 2729 364 2764; x_wconf 76' lang='lat' dir='ltr'><strong>alienigena</strong></span> <span class='ocrx_word' id='word_1_457' title='bbox 380 2730 437 2757; x_wconf 84' lang='lat' dir='ltr'><strong>nati</strong></span> <span class='ocrx_word' id='word_1_458' title='bbox 450 2738 555 2761; x_wconf 82' lang='lat' dir='ltr'><strong>sumus,</strong></span> <span class='ocrx_word' id='word_1_459' title='bbox 575 2737 608 2757; x_wconf 89' lang='lat' dir='ltr'><strong>eo</strong></span> <span class='ocrx_word' id='word_1_460' title='bbox 622 2729 694 2764; x_wconf 83' lang='lat' dir='ltr'><strong>quod</strong></span> <span class='ocrx_word' id='word_1_461' title='bbox 712 2729 834 2756; x_wconf 77' lang='lat' dir='ltr'><strong>Ecclesia</strong></span> <span class='ocrx_word' id='word_1_462' title='bbox 854 2737 888 2756; x_wconf 80' lang='lat' dir='ltr'><strong>ex</strong></span> <span class='ocrx_word' id='word_1_463' title='bbox 913 2730 1002 2765; x_wconf 78' lang='lat' dir='ltr'><strong>genti-</strong></span> 
     </span>
    </p>
   </div>
   <div class='ocr_carea' id='block_1_61' title="bbox 212 2774 1001 2809">
    <p class='ocr_par' dir='ltr' id='par_1_61' title="bbox 212 2774 1001 2809">
     <span class='ocr_line' id='line_1_61' title="bbox 212 2774 1001 2809; baseline 0.003 -7"><span class='ocrx_word' id='word_1_464' title='bbox 212 2774 264 2803; x_wconf 83' lang='lat' dir='ltr'><strong>bus</strong></span> <span class='ocrx_word' id='word_1_465' title='bbox 276 2780 372 2802; x_wconf 87' lang='lat' dir='ltr'><strong>vocata</strong></span> <span class='ocrx_word' id='word_1_466' title='bbox 385 2776 431 2809; x_wconf 87' lang='lat' dir='ltr'><strong>sit,</strong></span> <span class='ocrx_word' id='word_1_467' title='bbox 445 2776 560 2804; x_wconf 78' lang='lat' dir='ltr'><strong>suﬂiciet</strong></span> <span class='ocrx_word' id='word_1_468' title='bbox 579 2780 669 2803; x_wconf 82' lang='lat' dir='ltr'><strong>tamen</strong></span> <span class='ocrx_word' id='word_1_469' title='bbox 678 2776 758 2803; x_wconf 81' lang='lat' dir='ltr'><strong>nobis</strong></span> <span class='ocrx_word' id='word_1_470' title='bbox 769 2776 932 2803; x_wconf 82' lang='lat' dir='ltr'><strong>Emmanuel</strong></span> <span class='ocrx_word' id='word_1_471' title='bbox 943 2784 1001 2804; x_wconf 90' lang='lat' dir='ltr'><strong>mc-</strong></span> 
     </span>
    </p>
   </div>
   <div class='ocr_carea' id='block_1_62' title="bbox 1040 243 1834 281">
    <p class='ocr_par' dir='ltr' id='par_1_62' title="bbox 1040 243 1834 281">
     <span class='ocr_line' id='line_1_62' title="bbox 1040 243 1834 281; baseline -0.001 -10"><span class='ocrx_word' id='word_1_472' title='bbox 1040 244 1150 281; x_wconf 77' lang='grc' dir='ltr'>ἐρχεται</span> <span class='ocrx_word' id='word_1_473' title='bbox 1171 245 1239 281; x_wconf 80' lang='grc' dir='ltr'>πρὸς</span> <span class='ocrx_word' id='word_1_474' title='bbox 1266 245 1295 271; x_wconf 84' lang='grc' dir='ltr'>σέ</span> <span class='ocrx_word' id='word_1_475' title='bbox 1309 252 1316 260; x_wconf 90' lang='grc'><strong>·</strong></span> <span class='ocrx_word' id='word_1_476' title='bbox 1336 244 1384 271; x_wconf 79' lang='grc' dir='ltr'>καὶ</span> <span class='ocrx_word' id='word_1_477' title='bbox 1408 243 1552 279; x_wconf 77' lang='grc' dir='ltr'>ὲνισχὺσας</span> <span class='ocrx_word' id='word_1_478' title='bbox 1576 243 1685 280; x_wconf 81' lang='grc' dir='ltr'>Ἰσραὴλ</span> <span class='ocrx_word' id='word_1_479' title='bbox 1707 243 1834 270; x_wconf 71' lang='grc' dir='ltr'>ἐκάθισεν</span> 
     </span>
    </p>
   </div>
   <div class='ocr_carea' id='block_1_63' title="bbox 1040 289 1835 330">
    <p class='ocr_par' dir='ltr' id='par_1_63' title="bbox 1040 289 1835 330">
     <span class='ocr_line' id='line_1_63' title="bbox 1040 289 1835 330; baseline -0.003 -12"><span class='ocrx_word' id='word_1_480' title='bbox 1040 291 1088 318; x_wconf 74' lang='grc' dir='ltr'><strong>ἐπὶ</strong></span> <span class='ocrx_word' id='word_1_481' title='bbox 1103 291 1152 328; x_wconf 85' lang='grc' dir='ltr'>τὴν</span> <span class='ocrx_word' id='word_1_482' title='bbox 1166 291 1270 326; x_wconf 87' lang='grc' dir='ltr'>κλίνην.</span> <span class='ocrx_word' id='word_1_483' title='bbox 1285 291 1340 318; x_wconf 78' lang='grc' dir='ltr'><strong>Καὶ</strong></span> <span class='ocrx_word' id='word_1_484' title='bbox 1352 289 1428 317; x_wconf 84' lang='grc' dir='ltr'>εἶπεν</span> <span class='ocrx_word' id='word_1_485' title='bbox 1446 289 1542 317; x_wconf 81' lang='grc' dir='ltr'>Ἰακὼὸ</span> <span class='ocrx_word' id='word_1_486' title='bbox 1553 290 1593 330; x_wconf 66' lang='grc' dir='ltr'>τῷ</span> <span class='ocrx_word' id='word_1_487' title='bbox 1609 290 1719 325; x_wconf 81' lang='grc' dir='ltr'>Ἰωσήφ·</span> <span class='ocrx_word' id='word_1_488' title='bbox 1727 290 1757 316; x_wconf 84' lang='lat'><strong>&#39;0</strong></span> <span class='ocrx_word' id='word_1_489' title='bbox 1768 290 1835 321; x_wconf 84' lang='grc' dir='ltr'>Θεός</span> 
     </span>
    </p>
   </div>
   <div class='ocr_carea' id='block_1_64' title="bbox 1043 336 1835 374">
    <p class='ocr_par' dir='ltr' id='par_1_64' title="bbox 1043 336 1835 374">
     <span class='ocr_line' id='line_1_64' title="bbox 1043 336 1835 374; baseline -0.001 -10"><span class='ocrx_word' id='word_1_490' title='bbox 1043 347 1093 374; x_wconf 89' lang='grc' dir='ltr'><strong>μου</strong></span> <span class='ocrx_word' id='word_1_491' title='bbox 1107 338 1186 373; x_wconf 78' lang='grc' dir='ltr'>ὤφθη</span> <span class='ocrx_word' id='word_1_492' title='bbox 1203 347 1248 374; x_wconf 88' lang='grc' dir='ltr'><strong>μοι</strong></span> <span class='ocrx_word' id='word_1_493' title='bbox 1263 338 1293 365; x_wconf 78' lang='grc' dir='ltr'>ὲν</span> <span class='ocrx_word' id='word_1_494' title='bbox 1305 337 1397 374; x_wconf 78' lang='grc' dir='ltr'>Λουζᾷ</span> <span class='ocrx_word' id='word_1_495' title='bbox 1410 338 1439 364; x_wconf 75' lang='grc' dir='ltr'>ἐν</span> <span class='ocrx_word' id='word_1_496' title='bbox 1455 339 1489 373; x_wconf 82' lang='grc' dir='ltr'><strong>γῇ</strong></span> <span class='ocrx_word' id='word_1_497' title='bbox 1502 337 1624 369; x_wconf 78' lang='grc' dir='ltr'><strong>Χαναὰν,</strong></span> <span class='ocrx_word' id='word_1_498' title='bbox 1641 337 1688 364; x_wconf 59' lang='grc' dir='ltr'><strong>καλ¹</strong></span> <span class='ocrx_word' id='word_1_499' title='bbox 1703 336 1835 372; x_wconf 82' lang='grc' dir='ltr'>εὐλόγησέ</span> 
     </span>
    </p>
   </div>
   <div class='ocr_carea' id='block_1_65' title="bbox 1043 382 1836 421">
    <p class='ocr_par' dir='ltr' id='par_1_65' title="bbox 1043 382 1836 421">
     <span class='ocr_line' id='line_1_65' title="bbox 1043 382 1836 421; baseline -0.004 -9"><span class='ocrx_word' id='word_1_500' title='bbox 1043 394 1087 421; x_wconf 85' lang='grc' dir='ltr'><strong>με,</strong></span> <span class='ocrx_word' id='word_1_501' title='bbox 1101 386 1147 412; x_wconf 81' lang='grc' dir='ltr'><strong>καὶ</strong></span> <span class='ocrx_word' id='word_1_502' title='bbox 1165 383 1225 411; x_wconf 77' lang='grc' dir='ltr'>εῐπέ</span> <span class='ocrx_word' id='word_1_503' title='bbox 1240 392 1300 420; x_wconf 78' lang='grc' dir='ltr'>μοι’</span> <span class='ocrx_word' id='word_1_504' title='bbox 1322 385 1387 411; x_wconf 79' lang='grc' dir='ltr'>Ἰδοὺ</span> <span class='ocrx_word' id='word_1_505' title='bbox 1404 382 1458 416; x_wconf 82' lang='grc' dir='ltr'><strong>ἐγὼ</strong></span> <span class='ocrx_word' id='word_1_506' title='bbox 1474 384 1585 419; x_wconf 73' lang='grc' dir='ltr'>αὐξήσω</span> <span class='ocrx_word' id='word_1_507' title='bbox 1599 392 1628 410; x_wconf 85' lang='grc' dir='ltr'><strong>σε</strong></span> <span class='ocrx_word' id='word_1_508' title='bbox 1645 383 1691 410; x_wconf 80' lang='grc' dir='ltr'>καὶ</span> <span class='ocrx_word' id='word_1_509' title='bbox 1707 383 1836 418; x_wconf 79' lang='grc' dir='ltr'><strong>πληθυνῶ</strong></span> 
     </span>
    </p>
   </div>
   <div class='ocr_carea' id='block_1_66' title="bbox 1043 429 1836 467">
    <p class='ocr_par' dir='ltr' id='par_1_66' title="bbox 1043 429 1836 467">
     <span class='ocr_line' id='line_1_66' title="bbox 1043 429 1836 467; baseline -0.003 -9"><span class='ocrx_word' id='word_1_510' title='bbox 1043 440 1083 465; x_wconf 82' lang='grc' dir='ltr'><strong>σε,</strong></span> <span class='ocrx_word' id='word_1_511' title='bbox 1099 432 1146 458; x_wconf 73' lang='grc' dir='ltr'>καὶ</span> <span class='ocrx_word' id='word_1_512' title='bbox 1166 432 1272 467; x_wconf 84' lang='grc' dir='ltr'>ποιήσω</span> <span class='ocrx_word' id='word_1_513' title='bbox 1293 439 1324 457; x_wconf 86' lang='grc' dir='ltr'><strong>σε</strong></span> <span class='ocrx_word' id='word_1_514' title='bbox 1338 431 1378 463; x_wconf 84' lang='grc' dir='ltr'><strong>είς</strong></span> <span class='ocrx_word' id='word_1_515' title='bbox 1398 431 1558 466; x_wconf 79' lang='grc' dir='ltr'>συναγωγὰς</span> <span class='ocrx_word' id='word_1_516' title='bbox 1577 430 1673 462; x_wconf 80' lang='grc' dir='ltr'>ὲθνῶν,</span> <span class='ocrx_word' id='word_1_517' title='bbox 1691 430 1738 457; x_wconf 74' lang='grc' dir='ltr'>καὶ</span> <span class='ocrx_word' id='word_1_518' title='bbox 1756 429 1836 456; x_wconf 80' lang='grc' dir='ltr'>δώσω</span> 
     </span>
    </p>
   </div>
   <div class='ocr_carea' id='block_1_67' title="bbox 1043 475 1836 512">
    <p class='ocr_par' dir='ltr' id='par_1_67' title="bbox 1043 475 1836 512">
     <span class='ocr_line' id='line_1_67' title="bbox 1043 475 1836 512; baseline -0.001 -9"><span class='ocrx_word' id='word_1_519' title='bbox 1043 485 1085 503; x_wconf 84' lang='grc' dir='ltr'><strong>σοι</strong></span> <span class='ocrx_word' id='word_1_520' title='bbox 1099 476 1149 512; x_wconf 77' lang='grc' dir='ltr'>τὴν</span> <span class='ocrx_word' id='word_1_521' title='bbox 1162 477 1213 512; x_wconf 86' lang='grc' dir='ltr'>γῆν</span> <span class='ocrx_word' id='word_1_522' title='bbox 1224 476 1336 512; x_wconf 80' lang='grc' dir='ltr'>ταύτην,</span> <span class='ocrx_word' id='word_1_523' title='bbox 1349 476 1396 503; x_wconf 77' lang='grc' dir='ltr'>καὶ</span> <span class='ocrx_word' id='word_1_524' title='bbox 1410 476 1448 512; x_wconf 85' lang='grc' dir='ltr'><strong>τῷ</strong></span> <span class='ocrx_word' id='word_1_525' title='bbox 1459 475 1596 512; x_wconf 74' lang='grc' dir='ltr'>σπέρματί</span> <span class='ocrx_word' id='word_1_526' title='bbox 1609 485 1656 503; x_wconf 88' lang='grc' dir='ltr'>σου</span> <span class='ocrx_word' id='word_1_527' title='bbox 1671 475 1740 511; x_wconf 88' lang='grc' dir='ltr'>μετὰ</span> <span class='ocrx_word' id='word_1_528' title='bbox 1754 475 1784 502; x_wconf 68' lang='grc' dir='ltr'>σὲ</span> <span class='ocrx_word' id='word_1_529' title='bbox 1796 476 1836 507; x_wconf 73' lang='grc' dir='ltr'>εἰς</span> 
     </span>
    </p>
   </div>
   <div class='ocr_carea' id='block_1_68' title="bbox 1043 521 1837 558">
    <p class='ocr_par' dir='ltr' id='par_1_68' title="bbox 1043 521 1837 558">
     <span class='ocr_line' id='line_1_68' title="bbox 1043 521 1837 558; baseline -0.001 -9"><span class='ocrx_word' id='word_1_530' title='bbox 1043 523 1208 558; x_wconf 77' lang='grc' dir='ltr'><strong>κατάσχεσιν</strong></span> <span class='ocrx_word' id='word_1_531' title='bbox 1219 522 1338 550; x_wconf 86' lang='grc' dir='ltr'>αἰώνιον.</span> <span class='ocrx_word' id='word_1_532' title='bbox 1352 522 1410 549; x_wconf 82' lang='grc' dir='ltr'><strong>Νῦν</strong></span> <span class='ocrx_word' id='word_1_533' title='bbox 1425 521 1472 550; x_wconf 79' lang='grc' dir='ltr'>οὖν</span> <span class='ocrx_word' id='word_1_534' title='bbox 1487 523 1511 549; x_wconf 89' lang='grc' dir='ltr'>οῑ</span> <span class='ocrx_word' id='word_1_535' title='bbox 1522 522 1569 550; x_wconf 82' lang='grc' dir='ltr'><strong>δύο</strong></span> <span class='ocrx_word' id='word_1_536' title='bbox 1583 531 1629 549; x_wconf 90' lang='grc' dir='ltr'><strong>σου</strong></span> <span class='ocrx_word' id='word_1_537' title='bbox 1645 522 1707 555; x_wconf 70' lang='grc' dir='ltr'>υἱοὶ,</span> <span class='ocrx_word' id='word_1_538' title='bbox 1722 522 1746 549; x_wconf 75' lang='grc' dir='ltr'>οἱ</span> <span class='ocrx_word' id='word_1_539' title='bbox 1759 522 1837 556; x_wconf 85' lang='grc' dir='ltr'>γενό-</span> 
     </span>
    </p>
   </div>
   <div class='ocr_carea' id='block_1_69' title="bbox 1045 568 1837 605">
    <p class='ocr_par' dir='ltr' id='par_1_69' title="bbox 1045 568 1837 605">
     <span class='ocr_line' id='line_1_69' title="bbox 1045 568 1837 605; baseline 0 -10"><span class='ocrx_word' id='word_1_540' title='bbox 1045 568 1120 605; x_wconf 88' lang='grc' dir='ltr'>μενοί</span> <span class='ocrx_word' id='word_1_541' title='bbox 1137 578 1177 596; x_wconf 86' lang='grc' dir='ltr'><strong>σοι</strong></span> <span class='ocrx_word' id='word_1_542' title='bbox 1191 569 1219 596; x_wconf 79' lang='grc' dir='ltr'>ἑν</span> <span class='ocrx_word' id='word_1_543' title='bbox 1232 570 1268 605; x_wconf 77' lang='grc' dir='ltr'>γῇ</span> <span class='ocrx_word' id='word_1_544' title='bbox 1284 569 1424 604; x_wconf 82' lang='grc' dir='ltr'>Αἰγύπτῳ,</span> <span class='ocrx_word' id='word_1_545' title='bbox 1439 569 1493 605; x_wconf 85' lang='grc' dir='ltr'>πρὸ</span> <span class='ocrx_word' id='word_1_546' title='bbox 1509 569 1556 596; x_wconf 83' lang='grc' dir='ltr'>τοῦ</span> <span class='ocrx_word' id='word_1_547' title='bbox 1572 577 1606 604; x_wconf 89' lang='grc' dir='ltr'><strong>με</strong></span> <span class='ocrx_word' id='word_1_548' title='bbox 1624 568 1712 596; x_wconf 75' lang='grc' dir='ltr'>ἐλθεῖν</span> <span class='ocrx_word' id='word_1_549' title='bbox 1726 568 1794 604; x_wconf 75' lang='grc' dir='ltr'>πρὸς</span> <span class='ocrx_word' id='word_1_550' title='bbox 1807 568 1837 595; x_wconf 71' lang='grc' dir='ltr'>σὲ</span> 
     </span>
    </p>
   </div>
   <div class='ocr_carea' id='block_1_70' title="bbox 1043 615 1835 652">
    <p class='ocr_par' dir='ltr' id='par_1_70' title="bbox 1043 615 1835 652">
     <span class='ocr_line' id='line_1_70' title="bbox 1043 615 1835 652; baseline 0 -10"><span class='ocrx_word' id='word_1_551' title='bbox 1043 616 1083 647; x_wconf 85' lang='grc' dir='ltr'><strong>είς</strong></span> <span class='ocrx_word' id='word_1_552' title='bbox 1106 616 1254 650; x_wconf 76' lang='grc' dir='ltr'>Αἴγυπτον,</span> <span class='ocrx_word' id='word_1_553' title='bbox 1279 615 1341 651; x_wconf 77' lang='grc' dir='ltr'>ὲμοί</span> <span class='ocrx_word' id='word_1_554' title='bbox 1367 617 1446 648; x_wconf 74' lang='grc' dir='ltr'>εἰσιν,</span> <span class='ocrx_word' id='word_1_555' title='bbox 1469 615 1592 652; x_wconf 81' lang='grc' dir='ltr'>Ἐφραῖμ</span> <span class='ocrx_word' id='word_1_556' title='bbox 1614 616 1663 642; x_wconf 73' lang='grc' dir='ltr'>καὶ</span> <span class='ocrx_word' id='word_1_557' title='bbox 1674 615 1835 650; x_wconf 79' lang='grc' dir='ltr'>Μανασσῆς,</span> 
     </span>
    </p>
   </div>
   <div class='ocr_carea' id='block_1_71' title="bbox 1043 660 1837 697">
    <p class='ocr_par' dir='ltr' id='par_1_71' title="bbox 1043 660 1837 697">
     <span class='ocr_line' id='line_1_71' title="bbox 1043 660 1837 697; baseline 0.001 -10"><span class='ocrx_word' id='word_1_558' title='bbox 1043 660 1081 693; x_wconf 86' lang='grc' dir='ltr'>ὼς</span> <span class='ocrx_word' id='word_1_559' title='bbox 1101 661 1230 696; x_wconf 71' lang='grc' dir='ltr'>Ῥουϐεὶμ</span> <span class='ocrx_word' id='word_1_560' title='bbox 1246 661 1294 688; x_wconf 72' lang='grc' dir='ltr'>καὶ</span> <span class='ocrx_word' id='word_1_561' title='bbox 1307 660 1420 696; x_wconf 83' lang='grc' dir='ltr'>Συμεὼν</span> <span class='ocrx_word' id='word_1_562' title='bbox 1438 661 1544 688; x_wconf 78' lang='grc' dir='ltr'>ἔσονταί</span> <span class='ocrx_word' id='word_1_563' title='bbox 1559 670 1615 697; x_wconf 87' lang='grc' dir='ltr'>μοι.</span> <span class='ocrx_word' id='word_1_564' title='bbox 1635 662 1675 688; x_wconf 77' lang='grc' dir='ltr'>Τὰ</span> <span class='ocrx_word' id='word_1_565' title='bbox 1689 662 1717 688; x_wconf 85' lang='grc' dir='ltr'>δὲ</span> <span class='ocrx_word' id='word_1_566' title='bbox 1727 661 1837 696; x_wconf 79' lang='grc' dir='ltr'>ἔκγονα,</span> 
     </span>
    </p>
   </div>
   <div class='ocr_carea' id='block_1_72' title="bbox 1043 706 1838 744">
    <p class='ocr_par' dir='ltr' id='par_1_72' title="bbox 1043 706 1838 744">
     <span class='ocr_line' id='line_1_72' title="bbox 1043 706 1838 744; baseline 0.003 -11"><span class='ocrx_word' id='word_1_567' title='bbox 1043 706 1062 734; x_wconf 82' lang='grc' dir='ltr'>ἃ</span> <span class='ocrx_word' id='word_1_568' title='bbox 1076 706 1123 734; x_wconf 73' lang='grc' dir='ltr'>ἐὰν</span> <span class='ocrx_word' id='word_1_569' title='bbox 1137 707 1272 744; x_wconf 79' lang='grc' dir='ltr'><strong>γεννήσῃς</strong></span> <span class='ocrx_word' id='word_1_570' title='bbox 1287 707 1357 742; x_wconf 78' lang='grc' dir='ltr'>μετὰ</span> <span class='ocrx_word' id='word_1_571' title='bbox 1364 707 1462 741; x_wconf 80' lang='grc' dir='ltr'>ταῦτα,</span> <span class='ocrx_word' id='word_1_572' title='bbox 1480 709 1520 734; x_wconf 66' lang='grc' dir='ltr'>σοὶ</span> <span class='ocrx_word' id='word_1_573' title='bbox 1536 708 1653 740; x_wconf 71' lang='grc' dir='ltr'>ἔσονται,</span> <span class='ocrx_word' id='word_1_574' title='bbox 1665 708 1710 735; x_wconf 77' lang='grc' dir='ltr'><strong>ἐπὶ</strong></span> <span class='ocrx_word' id='word_1_575' title='bbox 1730 709 1768 744; x_wconf 84' lang='grc' dir='ltr'>τῷ</span> <span class='ocrx_word' id='word_1_576' title='bbox 1780 709 1838 735; x_wconf 79' lang='grc' dir='ltr'><strong>ὀνό-</strong></span> 
     </span>
    </p>
   </div>
   <div class='ocr_carea' id='block_1_73' title="bbox 1046 753 1838 790">
    <p class='ocr_par' dir='ltr' id='par_1_73' title="bbox 1046 753 1838 790">
     <span class='ocr_line' id='line_1_73' title="bbox 1046 753 1838 790; baseline 0.003 -11"><span class='ocrx_word' id='word_1_577' title='bbox 1046 761 1112 788; x_wconf 88' lang='grc' dir='ltr'>ματι</span> <span class='ocrx_word' id='word_1_578' title='bbox 1129 753 1184 779; x_wconf 84' lang='grc' dir='ltr'>τῶν</span> <span class='ocrx_word' id='word_1_579' title='bbox 1194 753 1315 788; x_wconf 72' lang='grc' dir='ltr'>ἀδελφῶν</span> <span class='ocrx_word' id='word_1_580' title='bbox 1328 754 1418 780; x_wconf 81' lang='grc' dir='ltr'>αὐτῶν</span> <span class='ocrx_word' id='word_1_581' title='bbox 1427 754 1609 790; x_wconf 76' lang='grc' dir='ltr'><strong>κληθήσονται</strong></span> <span class='ocrx_word' id='word_1_582' title='bbox 1619 755 1648 781; x_wconf 81' lang='grc' dir='ltr'>ὲν</span> <span class='ocrx_word' id='word_1_583' title='bbox 1657 756 1712 786; x_wconf 85' lang='grc' dir='ltr'>τοῖς</span> <span class='ocrx_word' id='word_1_584' title='bbox 1726 755 1838 781; x_wconf 73' lang='grc' dir='ltr'>ἐκείνων</span> 
     </span>
    </p>
   </div>
   <div class='ocr_carea' id='block_1_74' title="bbox 1045 798 1834 836">
    <p class='ocr_par' dir='ltr' id='par_1_74' title="bbox 1045 798 1834 836">
     <span class='ocr_line' id='line_1_74' title="bbox 1045 798 1834 836; baseline 0.004 -11"><span class='ocrx_word' id='word_1_585' title='bbox 1045 799 1168 834; x_wconf 86' lang='grc' dir='ltr'>κλήροις.</span> <span class='ocrx_word' id='word_1_586' title='bbox 1189 798 1259 833; x_wconf 82' lang='grc' dir='ltr'><strong>Ἐγὼ</strong></span> <span class='ocrx_word' id='word_1_587' title='bbox 1275 799 1307 834; x_wconf 82' lang='grc' dir='ltr'>δὴ</span> <span class='ocrx_word' id='word_1_588' title='bbox 1321 799 1404 835; x_wconf 78' lang='grc' dir='ltr'>ἡνίκα</span> <span class='ocrx_word' id='word_1_589' title='bbox 1419 799 1544 836; x_wconf 82' lang='grc' dir='ltr'><strong>ἠρχόμην</strong></span> <span class='ocrx_word' id='word_1_590' title='bbox 1561 801 1593 826; x_wconf 77' lang='grc' dir='ltr'>ὲκ</span> <span class='ocrx_word' id='word_1_591' title='bbox 1607 801 1658 835; x_wconf 86' lang='grc' dir='ltr'>τῆς</span> <span class='ocrx_word' id='word_1_592' title='bbox 1674 801 1834 828; x_wconf 77' lang='grc' dir='ltr'>Μεσοποτα-</span> 
     </span>
    </p>
   </div>
   <div class='ocr_carea' id='block_1_75' title="bbox 1048 845 1836 883">
    <p class='ocr_par' dir='ltr' id='par_1_75' title="bbox 1048 845 1836 883">
     <span class='ocr_line' id='line_1_75' title="bbox 1048 845 1836 883; baseline 0.004 -12"><span class='ocrx_word' id='word_1_593' title='bbox 1048 845 1111 880; x_wconf 86' lang='grc' dir='ltr'>μίας</span> <span class='ocrx_word' id='word_1_594' title='bbox 1125 845 1174 880; x_wconf 72' lang='grc' dir='ltr'>τῆς</span> <span class='ocrx_word' id='word_1_595' title='bbox 1188 845 1297 882; x_wconf 88' lang='grc' dir='ltr'>Συρίας,</span> <span class='ocrx_word' id='word_1_596' title='bbox 1309 846 1430 872; x_wconf 77' lang='grc' dir='ltr'>ἀπέθανε</span> <span class='ocrx_word' id='word_1_597' title='bbox 1448 847 1548 882; x_wconf 82' lang='grc' dir='ltr'>Ῥαχὴλ</span> <span class='ocrx_word' id='word_1_598' title='bbox 1560 848 1576 882; x_wconf 85' lang='grc' dir='ltr'>ὴ</span> <span class='ocrx_word' id='word_1_599' title='bbox 1593 847 1685 882; x_wconf 80' lang='grc' dir='ltr'><strong>μήτηρ</strong></span> <span class='ocrx_word' id='word_1_600' title='bbox 1698 856 1744 874; x_wconf 82' lang='grc' dir='ltr'>σου</span> <span class='ocrx_word' id='word_1_601' title='bbox 1756 847 1784 873; x_wconf 80' lang='grc' dir='ltr'>ὲν</span> <span class='ocrx_word' id='word_1_602' title='bbox 1801 849 1836 883; x_wconf 81' lang='grc' dir='ltr'>γῇ</span> 
     </span>
    </p>
   </div>
   <div class='ocr_carea' id='block_1_76' title="bbox 1045 891 1838 929">
    <p class='ocr_par' dir='ltr' id='par_1_76' title="bbox 1045 891 1838 929">
     <span class='ocr_line' id='line_1_76' title="bbox 1045 891 1838 929; baseline 0.003 -11"><span class='ocrx_word' id='word_1_603' title='bbox 1045 891 1165 924; x_wconf 82' lang='grc' dir='ltr'>Χαναὰν,</span> <span class='ocrx_word' id='word_1_604' title='bbox 1185 891 1341 926; x_wconf 75' lang='grc' dir='ltr'>ἐγγίζοντος</span> <span class='ocrx_word' id='word_1_605' title='bbox 1362 901 1413 928; x_wconf 85' lang='grc' dir='ltr'>μου</span> <span class='ocrx_word' id='word_1_606' title='bbox 1432 893 1502 920; x_wconf 85' lang='grc' dir='ltr'>κατά</span> <span class='ocrx_word' id='word_1_607' title='bbox 1523 893 1569 920; x_wconf 76' lang='grc' dir='ltr'><strong>τὸν</strong></span> <span class='ocrx_word' id='word_1_608' title='bbox 1590 894 1757 929; x_wconf 77' lang='grc' dir='ltr'><strong>ἱππόδρομον</strong></span> <span class='ocrx_word' id='word_1_609' title='bbox 1781 894 1838 920; x_wconf 87' lang='grc' dir='ltr'><strong>Χα-</strong></span> 
     </span>
    </p>
   </div>
   <div class='ocr_carea' id='block_1_77' title="bbox 1045 937 1839 975">
    <p class='ocr_par' dir='ltr' id='par_1_77' title="bbox 1045 937 1839 975">
     <span class='ocr_line' id='line_1_77' title="bbox 1045 937 1839 975; baseline 0.005 -12"><span class='ocrx_word' id='word_1_610' title='bbox 1045 937 1136 973; x_wconf 74' lang='grc' dir='ltr'>δραθᾶ</span> <span class='ocrx_word' id='word_1_611' title='bbox 1150 937 1200 972; x_wconf 83' lang='grc' dir='ltr'>τῆς</span> <span class='ocrx_word' id='word_1_612' title='bbox 1223 937 1276 973; x_wconf 83' lang='grc' dir='ltr'>γῆς</span> <span class='ocrx_word' id='word_1_613' title='bbox 1295 938 1342 965; x_wconf 81' lang='grc' dir='ltr'>τοῦ</span> <span class='ocrx_word' id='word_1_614' title='bbox 1359 939 1447 965; x_wconf 76' lang='grc' dir='ltr'>ἐλθεῖν</span> <span class='ocrx_word' id='word_1_615' title='bbox 1459 940 1498 971; x_wconf 85' lang='grc' dir='ltr'><strong>είς</strong></span> <span class='ocrx_word' id='word_1_616' title='bbox 1507 939 1557 974; x_wconf 90' lang='grc' dir='ltr'>γῆν</span> <span class='ocrx_word' id='word_1_617' title='bbox 1571 940 1759 975; x_wconf 70' lang='grc' dir='ltr'>Ἐφραθᾶ,καὶ</span> <span class='ocrx_word' id='word_1_618' title='bbox 1773 946 1839 967; x_wconf 67' lang='grc' dir='ltr'>καο-</span> 
     </span>
    </p>
   </div>
   <div class='ocr_carea' id='block_1_78' title="bbox 1044 982 1838 1022">
    <p class='ocr_par' dir='ltr' id='par_1_78' title="bbox 1044 982 1838 1022">
     <span class='ocr_line' id='line_1_78' title="bbox 1044 982 1838 1022; baseline 0.005 -13"><span class='ocrx_word' id='word_1_619' title='bbox 1044 982 1138 1019; x_wconf 77' lang='grc' dir='ltr'>ώρυξα</span> <span class='ocrx_word' id='word_1_620' title='bbox 1155 983 1240 1019; x_wconf 81' lang='grc' dir='ltr'>αὐτὴν</span> <span class='ocrx_word' id='word_1_621' title='bbox 1256 984 1286 1010; x_wconf 83' lang='grc' dir='ltr'>ὲν</span> <span class='ocrx_word' id='word_1_622' title='bbox 1305 985 1338 1020; x_wconf 81' lang='grc' dir='ltr'><strong>τῇ</strong></span> <span class='ocrx_word' id='word_1_623' title='bbox 1355 984 1408 1020; x_wconf 82' lang='grc' dir='ltr'><strong>ὀδῷ</strong></span> <span class='ocrx_word' id='word_1_624' title='bbox 1421 985 1468 1011; x_wconf 82' lang='grc' dir='ltr'>τοῦ</span> <span class='ocrx_word' id='word_1_625' title='bbox 1484 985 1664 1022; x_wconf 76' lang='grc' dir='ltr'><strong>ἱπποδρόμου.</strong></span> <span class='ocrx_word' id='word_1_626' title='bbox 1688 986 1763 1022; x_wconf 78' lang='grc' dir='ltr'><strong>Αὕτη</strong></span> <span class='ocrx_word' id='word_1_627' title='bbox 1780 986 1838 1013; x_wconf 71' lang='grc' dir='ltr'>ἐστὶ</span> 
     </span>
    </p>
   </div>
   <div class='ocr_carea' id='block_1_79' title="bbox 1045 1029 1840 1068">
    <p class='ocr_par' dir='ltr' id='par_1_79' title="bbox 1045 1029 1840 1068">
     <span class='ocr_line' id='line_1_79' title="bbox 1045 1029 1840 1068; baseline 0.006 -13"><span class='ocrx_word' id='word_1_628' title='bbox 1045 1029 1180 1064; x_wconf 75' lang='grc' dir='ltr'>Βηθλεέμ.</span> <span class='ocrx_word' id='word_1_629' title='bbox 1201 1040 1210 1056; x_wconf 73' lang='grc' dir='ltr'><strong>ι</strong></span> <span class='ocrx_word' id='word_1_630' title='bbox 1239 1029 1404 1066; x_wconf 81' lang='grc' dir='ltr'>Ἐτέοραπτο</span> <span class='ocrx_word' id='word_1_631' title='bbox 1422 1031 1471 1066; x_wconf 82' lang='grc' dir='ltr'>μὲν</span> <span class='ocrx_word' id='word_1_632' title='bbox 1491 1032 1545 1067; x_wconf 82' lang='grc' dir='ltr'><strong>γὰρ</strong></span> <span class='ocrx_word' id='word_1_633' title='bbox 1559 1033 1572 1059; x_wconf 89' lang='lat'><strong>6</strong></span> <span class='ocrx_word' id='word_1_634' title='bbox 1587 1032 1723 1068; x_wconf 79' lang='grc' dir='ltr'>μακάριος</span> <span class='ocrx_word' id='word_1_635' title='bbox 1741 1033 1840 1060; x_wconf 76' lang='grc' dir='ltr'>Ἰακὼϐ</span> 
     </span>
    </p>
   </div>
   <div class='ocr_carea' id='block_1_80' title="bbox 1045 1075 1839 1114">
    <p class='ocr_par' dir='ltr' id='par_1_80' title="bbox 1045 1075 1839 1114">
     <span class='ocr_line' id='line_1_80' title="bbox 1045 1075 1839 1114; baseline 0.006 -13"><span class='ocrx_word' id='word_1_636' title='bbox 1045 1076 1074 1102; x_wconf 77' lang='grc' dir='ltr'>ὲν</span> <span class='ocrx_word' id='word_1_637' title='bbox 1089 1076 1168 1111; x_wconf 74' lang='grc' dir='ltr'>γήρει</span> <span class='ocrx_word' id='word_1_638' title='bbox 1181 1075 1265 1111; x_wconf 80' lang='grc' dir='ltr'>καλῷ,</span> <span class='ocrx_word' id='word_1_639' title='bbox 1278 1076 1347 1103; x_wconf 84' lang='grc' dir='ltr'>κατὰ</span> <span class='ocrx_word' id='word_1_640' title='bbox 1358 1077 1388 1103; x_wconf 82' lang='grc' dir='ltr'>τὸ</span> <span class='ocrx_word' id='word_1_641' title='bbox 1399 1078 1600 1112; x_wconf 82' lang='grc' dir='ltr'>γεγραμμένον.</span> <span class='ocrx_word' id='word_1_642' title='bbox 1623 1079 1730 1114; x_wconf 78' lang='grc' dir='ltr'>Ἐπειδὴ</span> <span class='ocrx_word' id='word_1_643' title='bbox 1744 1079 1773 1106; x_wconf 78' lang='grc' dir='ltr'>δὲ</span> <span class='ocrx_word' id='word_1_644' title='bbox 1785 1086 1839 1106; x_wconf 78' lang='grc' dir='ltr'><strong>των</strong></span> 
     </span>
    </p>
   </div>
   <div class='ocr_carea' id='block_1_81' title="bbox 1045 1122 1840 1158">
    <p class='ocr_par' dir='ltr' id='par_1_81' title="bbox 1045 1122 1840 1158">
     <span class='ocr_line' id='line_1_81' title="bbox 1045 1122 1840 1158; baseline 0.004 -10"><span class='ocrx_word' id='word_1_645' title='bbox 1045 1122 1106 1149; x_wconf 78' lang='grc' dir='ltr'>καθ’</span> <span class='ocrx_word' id='word_1_646' title='bbox 1123 1123 1196 1158; x_wconf 78' lang='grc' dir='ltr'>ἡμᾶς</span> <span class='ocrx_word' id='word_1_647' title='bbox 1211 1122 1344 1158; x_wconf 82' lang='grc' dir='ltr'><strong>ἀπεδήμει</strong></span> <span class='ocrx_word' id='word_1_648' title='bbox 1359 1123 1539 1158; x_wconf 79' lang='grc' dir='ltr'><strong>πραγμάτων,</strong></span> <span class='ocrx_word' id='word_1_649' title='bbox 1556 1123 1678 1157; x_wconf 80' lang='grc' dir='ltr'>εὐλογεῖν</span> <span class='ocrx_word' id='word_1_650' title='bbox 1691 1124 1840 1151; x_wconf 75' lang='grc' dir='ltr'>ἐσκέπτετο</span> 
     </span>
    </p>
   </div>
   <div class='ocr_carea' id='block_1_82' title="bbox 1045 1165 1840 1204">
    <p class='ocr_par' dir='ltr' id='par_1_82' title="bbox 1045 1165 1840 1204">
     <span class='ocr_line' id='line_1_82' title="bbox 1045 1165 1840 1204; baseline 0.003 -10"><span class='ocrx_word' id='word_1_651' title='bbox 1045 1167 1108 1198; x_wconf 79' lang='grc' dir='ltr'>τοὺς</span> <span class='ocrx_word' id='word_1_652' title='bbox 1120 1167 1149 1200; x_wconf 79' lang='grc' dir='ltr'>ἐξ</span> <span class='ocrx_word' id='word_1_653' title='bbox 1171 1167 1282 1202; x_wconf 77' lang='grc' dir='ltr'>Ἰωσήφ·</span> <span class='ocrx_word' id='word_1_654' title='bbox 1307 1168 1332 1194; x_wconf 84' lang='grc' dir='ltr'>οἲ</span> <span class='ocrx_word' id='word_1_655' title='bbox 1354 1167 1468 1203; x_wconf 80' lang='grc' dir='ltr'>ἐπείπερ</span> <span class='ocrx_word' id='word_1_656' title='bbox 1489 1165 1559 1203; x_wconf 81' lang='grc' dir='ltr'>ἦσαν</span> <span class='ocrx_word' id='word_1_657' title='bbox 1580 1169 1612 1195; x_wconf 78' lang='grc' dir='ltr'>ἐκ</span> <span class='ocrx_word' id='word_1_658' title='bbox 1632 1169 1736 1204; x_wconf 75' lang='grc' dir='ltr'>μητρὸς</span> <span class='ocrx_word' id='word_1_659' title='bbox 1759 1169 1840 1196; x_wconf 83' lang='grc' dir='ltr'>ἀλλο-</span> 
     </span>
    </p>
   </div>
   <div class='ocr_carea' id='block_1_83' title="bbox 1045 1212 1838 1252">
    <p class='ocr_par' dir='ltr' id='par_1_83' title="bbox 1045 1212 1838 1252">
     <span class='ocr_line' id='line_1_83' title="bbox 1045 1212 1838 1252; baseline 0.004 -13"><span class='ocrx_word' id='word_1_660' title='bbox 1045 1212 1152 1247; x_wconf 84' lang='grc' dir='ltr'>γενοῦς,</span> <span class='ocrx_word' id='word_1_661' title='bbox 1169 1213 1219 1248; x_wconf 87' lang='grc' dir='ltr'>τῆς</span> <span class='ocrx_word' id='word_1_662' title='bbox 1240 1213 1347 1240; x_wconf 83' lang='grc' dir='ltr'>Ἀσενὲθ</span> <span class='ocrx_word' id='word_1_663' title='bbox 1365 1213 1500 1250; x_wconf 78' lang='grc' dir='ltr'>θυγατρὸς</span> <span class='ocrx_word' id='word_1_664' title='bbox 1520 1214 1616 1249; x_wconf 75' lang='grc' dir='ltr'>ἱερέως</span> <span class='ocrx_word' id='word_1_665' title='bbox 1630 1214 1677 1241; x_wconf 82' lang='grc' dir='ltr'>τοῦ</span> <span class='ocrx_word' id='word_1_666' title='bbox 1693 1215 1838 1252; x_wconf 81' lang='grc' dir='ltr'>Πετεφρῆ,</span> 
     </span>
    </p>
   </div>
   <div class='ocr_carea' id='block_1_84' title="bbox 1046 1259 1838 1297">
    <p class='ocr_par' dir='ltr' id='par_1_84' title="bbox 1046 1259 1838 1297">
     <span class='ocr_line' id='line_1_84' title="bbox 1046 1259 1838 1297; baseline 0.003 -11"><span class='ocrx_word' id='word_1_667' title='bbox 1046 1259 1089 1286; x_wconf 74' lang='grc' dir='ltr'>ἵνα</span> <span class='ocrx_word' id='word_1_668' title='bbox 1111 1260 1191 1295; x_wconf 84' lang='grc' dir='ltr'>μήτις</span> <span class='ocrx_word' id='word_1_669' title='bbox 1210 1259 1310 1291; x_wconf 78' lang='grc' dir='ltr'>αὐτοὺς</span> <span class='ocrx_word' id='word_1_670' title='bbox 1330 1260 1566 1295; x_wconf 79' lang='grc' dir='ltr'>καταμυσάττοιτο</span> <span class='ocrx_word' id='word_1_671' title='bbox 1588 1260 1642 1287; x_wconf 86' lang='grc' dir='ltr'><strong>τῶν</strong></span> <span class='ocrx_word' id='word_1_672' title='bbox 1664 1260 1694 1293; x_wconf 79' lang='grc' dir='ltr'><strong>ἐξ</strong></span> <span class='ocrx_word' id='word_1_673' title='bbox 1718 1261 1838 1297; x_wconf 84' lang='grc' dir='ltr'>Ἰσραὴλ,</span> 
     </span>
    </p>
   </div>
   <div class='ocr_carea' id='block_1_85' title="bbox 1045 1303 1840 1341">
    <p class='ocr_par' dir='ltr' id='par_1_85' title="bbox 1045 1303 1840 1341">
     <span class='ocr_line' id='line_1_85' title="bbox 1045 1303 1840 1341; baseline 0.004 -11"><span class='ocrx_word' id='word_1_674' title='bbox 1045 1303 1162 1338; x_wconf 72' lang='grc' dir='ltr'>ἔκφυλον</span> <span class='ocrx_word' id='word_1_675' title='bbox 1176 1312 1205 1330; x_wconf 87' lang='grc' dir='ltr'><strong>τε</strong></span> <span class='ocrx_word' id='word_1_676' title='bbox 1231 1305 1278 1331; x_wconf 82' lang='grc' dir='ltr'>καὶ</span> <span class='ocrx_word' id='word_1_677' title='bbox 1299 1304 1401 1332; x_wconf 76' lang='grc' dir='ltr'>ὀθνεῖον</span> <span class='ocrx_word' id='word_1_678' title='bbox 1424 1305 1518 1340; x_wconf 83' lang='grc' dir='ltr'>ἡγοῖτο</span> <span class='ocrx_word' id='word_1_679' title='bbox 1538 1305 1568 1331; x_wconf 83' lang='grc' dir='ltr'><strong>τὺ</strong></span> <span class='ocrx_word' id='word_1_680' title='bbox 1594 1305 1682 1340; x_wconf 78' lang='grc' dir='ltr'>γένος,</span> <span class='ocrx_word' id='word_1_681' title='bbox 1703 1306 1793 1341; x_wconf 72' lang='grc' dir='ltr'>σοφῶς</span> <span class='ocrx_word' id='word_1_682' title='bbox 1809 1315 1840 1333; x_wconf 79' lang='grc' dir='ltr'><strong>τε</strong></span> 
     </span>
    </p>
   </div>
   <div class='ocr_carea' id='block_1_86' title="bbox 1045 1350 1841 1386">
    <p class='ocr_par' dir='ltr' id='par_1_86' title="bbox 1045 1350 1841 1386">
     <span class='ocr_line' id='line_1_86' title="bbox 1045 1350 1841 1386; baseline 0.005 -10"><span class='ocrx_word' id='word_1_683' title='bbox 1045 1350 1092 1377; x_wconf 73' lang='grc' dir='ltr'>καὶ</span> <span class='ocrx_word' id='word_1_684' title='bbox 1117 1351 1295 1386; x_wconf 83' lang='grc' dir='ltr'>οἰκονομικῶς</span> <span class='ocrx_word' id='word_1_685' title='bbox 1311 1351 1326 1378; x_wconf 98' lang='lat'><strong>6</strong></span> <span class='ocrx_word' id='word_1_686' title='bbox 1347 1351 1492 1383; x_wconf 79' lang='grc' dir='ltr'>θεσπέσιος</span> <span class='ocrx_word' id='word_1_687' title='bbox 1516 1351 1614 1379; x_wconf 82' lang='grc' dir='ltr'>Ἰακὼὸ</span> <span class='ocrx_word' id='word_1_688' title='bbox 1644 1353 1724 1379; x_wconf 74' lang='grc' dir='ltr'>αὐτόν</span> <span class='ocrx_word' id='word_1_689' title='bbox 1742 1361 1773 1379; x_wconf 83' lang='grc' dir='ltr'><strong>τε</strong></span> <span class='ocrx_word' id='word_1_690' title='bbox 1794 1353 1841 1380; x_wconf 65' lang='grc' dir='ltr'>τὴν</span> 
     </span>
    </p>
   </div>
   <div class='ocr_carea' id='block_1_87' title="bbox 1051 1397 1840 1434">
    <p class='ocr_par' dir='ltr' id='par_1_87' title="bbox 1051 1397 1840 1434">
     <span class='ocr_line' id='line_1_87' title="bbox 1051 1397 1840 1434; baseline 0.004 -11"><span class='ocrx_word' id='word_1_691' title='bbox 1051 1397 1151 1432; x_wconf 77' lang='grc' dir='ltr'>Ἰωσὴφ</span> <span class='ocrx_word' id='word_1_692' title='bbox 1167 1398 1211 1424; x_wconf 77' lang='grc' dir='ltr'>καὶ</span> <span class='ocrx_word' id='word_1_693' title='bbox 1230 1398 1340 1434; x_wconf 81' lang='grc' dir='ltr'>ἐτέρους</span> <span class='ocrx_word' id='word_1_694' title='bbox 1358 1398 1433 1430; x_wconf 71' lang='grc' dir='ltr'>υἱοὺς</span> <span class='ocrx_word' id='word_1_695' title='bbox 1450 1399 1624 1434; x_wconf 82' lang='grc' dir='ltr'>είσπειρᾶται</span> <span class='ocrx_word' id='word_1_696' title='bbox 1640 1399 1787 1432; x_wconf 69' lang='grc' dir='ltr'>διδάσκειν,</span> <span class='ocrx_word' id='word_1_697' title='bbox 1798 1400 1840 1426; x_wconf 85' lang='grc' dir='ltr'>ὄτι</span> 
     </span>
    </p>
   </div>
   <div class='ocr_carea' id='block_1_88' title="bbox 1045 1443 1840 1480">
    <p class='ocr_par' dir='ltr' id='par_1_88' title="bbox 1045 1443 1840 1480">
     <span class='ocr_line' id='line_1_88' title="bbox 1045 1443 1840 1480; baseline 0.005 -11"><span class='ocrx_word' id='word_1_698' title='bbox 1045 1444 1106 1475; x_wconf 81' lang='grc' dir='ltr'>ταῖς</span> <span class='ocrx_word' id='word_1_699' title='bbox 1120 1443 1206 1476; x_wconf 85' lang='grc' dir='ltr'>θείαις</span> <span class='ocrx_word' id='word_1_700' title='bbox 1219 1444 1351 1479; x_wconf 78' lang='grc' dir='ltr'>ἑπόμενος</span> <span class='ocrx_word' id='word_1_701' title='bbox 1362 1444 1482 1480; x_wconf 45' lang='grc' dir='ltr'>ψήφοις,</span> <span class='ocrx_word' id='word_1_702' title='bbox 1492 1445 1597 1477; x_wconf 82' lang='grc' dir='ltr'>πάντας</span> <span class='ocrx_word' id='word_1_703' title='bbox 1613 1445 1759 1472; x_wconf 75' lang='grc' dir='ltr'>οἰκειοῦται</span> <span class='ocrx_word' id='word_1_704' title='bbox 1776 1447 1840 1477; x_wconf 85' lang='grc' dir='ltr'>τοὺς</span> 
     </span>
    </p>
   </div>
   <div class='ocr_carea' id='block_1_89' title="bbox 1047 1488 1840 1526">
    <p class='ocr_par' dir='ltr' id='par_1_89' title="bbox 1047 1488 1840 1526">
     <span class='ocr_line' id='line_1_89' title="bbox 1047 1488 1840 1526; baseline 0.005 -11"><span class='ocrx_word' id='word_1_705' title='bbox 1047 1488 1077 1522; x_wconf 75' lang='grc' dir='ltr'><strong>ἐξ</strong></span> <span class='ocrx_word' id='word_1_706' title='bbox 1090 1489 1180 1517; x_wconf 75' lang='grc' dir='ltr'>αὐτῶν</span> <span class='ocrx_word' id='word_1_707' title='bbox 1194 1490 1351 1524; x_wconf 82' lang='grc' dir='ltr'>γεγονότας.</span> <span class='ocrx_word' id='word_1_708' title='bbox 1371 1499 1379 1515; x_wconf 75' lang='grc' dir='ltr'><strong>ι</strong></span> <span class='ocrx_word' id='word_1_709' title='bbox 1396 1490 1485 1525; x_wconf 73' lang='grc' dir='ltr'>Ὠιρθη</span> <span class='ocrx_word' id='word_1_710' title='bbox 1497 1491 1551 1526; x_wconf 80' lang='grc' dir='ltr'>γάρ</span> <span class='ocrx_word' id='word_1_711' title='bbox 1567 1500 1622 1526; x_wconf 85' lang='grc' dir='ltr'>μοι,</span> <span class='ocrx_word' id='word_1_712' title='bbox 1638 1491 1730 1526; x_wconf 75' lang='grc' dir='ltr'>φησὶν,</span> <span class='ocrx_word' id='word_1_713' title='bbox 1742 1493 1756 1518; x_wconf 92' lang='lat'><strong>6</strong></span> <span class='ocrx_word' id='word_1_714' title='bbox 1773 1491 1840 1524; x_wconf 83' lang='grc' dir='ltr'>Θεὸς</span> 
     </span>
    </p>
   </div>
   <div class='ocr_carea' id='block_1_90' title="bbox 1010 1536 1841 1574">
    <p class='ocr_par' dir='ltr' id='par_1_90' title="bbox 1010 1536 1841 1574">
     <span class='ocr_line' id='line_1_90' title="bbox 1010 1536 1841 1574; baseline 0.004 -12"><span class='ocrx_word' id='word_1_715' title='bbox 1010 1545 1031 1574; x_wconf 76' lang='lat' dir='ltr'><strong><em>C</em></strong></span> <span class='ocrx_word' id='word_1_716' title='bbox 1048 1536 1077 1562; x_wconf 79' lang='grc' dir='ltr'>ὲν</span> <span class='ocrx_word' id='word_1_717' title='bbox 1093 1537 1128 1572; x_wconf 84' lang='grc' dir='ltr'><strong>γῇ</strong></span> <span class='ocrx_word' id='word_1_718' title='bbox 1145 1536 1267 1568; x_wconf 76' lang='grc' dir='ltr'>Χαναὰν,</span> <span class='ocrx_word' id='word_1_719' title='bbox 1286 1546 1295 1562; x_wconf 71' lang='grc' dir='ltr'><strong>ι</strong></span> <span class='ocrx_word' id='word_1_720' title='bbox 1313 1537 1359 1563; x_wconf 54' lang='grc' dir='ltr'><strong>καὶ¹</strong></span> <span class='ocrx_word' id='word_1_721' title='bbox 1384 1537 1425 1563; x_wconf 79' lang='grc' dir='ltr'>ὅτι</span> <span class='ocrx_word' id='word_1_722' title='bbox 1446 1537 1580 1564; x_wconf 79' lang='grc' dir='ltr'>πλείστων</span> <span class='ocrx_word' id='word_1_723' title='bbox 1597 1537 1645 1572; x_wconf 74' lang='grc' dir='ltr'>μὲν</span> <span class='ocrx_word' id='word_1_724' title='bbox 1660 1538 1730 1564; x_wconf 86' lang='grc' dir='ltr'>ὅσων</span> <span class='ocrx_word' id='word_1_725' title='bbox 1743 1538 1841 1573; x_wconf 74' lang='grc' dir='ltr'>ἔσομαι</span> 
     </span>
    </p>
   </div>
   <div class='ocr_carea' id='block_1_91' title="bbox 1049 1582 1841 1621">
    <p class='ocr_par' dir='ltr' id='par_1_91' title="bbox 1049 1582 1841 1621">
     <span class='ocr_line' id='line_1_91' title="bbox 1049 1582 1841 1621; baseline 0.005 -12"><span class='ocrx_word' id='word_1_726' title='bbox 1049 1582 1122 1610; x_wconf 83' lang='grc' dir='ltr'>λαῶν</span> <span class='ocrx_word' id='word_1_727' title='bbox 1137 1584 1239 1618; x_wconf 75' lang='grc' dir='ltr'>πατὴρ,</span> <span class='ocrx_word' id='word_1_728' title='bbox 1254 1583 1510 1619; x_wconf 82' lang='grc' dir='ltr'>κατευρυνοήσομαι</span> <span class='ocrx_word' id='word_1_729' title='bbox 1534 1584 1562 1611; x_wconf 75' lang='grc' dir='ltr'>δὲ</span> <span class='ocrx_word' id='word_1_730' title='bbox 1585 1585 1632 1612; x_wconf 69' lang='grc' dir='ltr'><strong>καὶ</strong></span> <span class='ocrx_word' id='word_1_731' title='bbox 1657 1586 1697 1617; x_wconf 84' lang='grc' dir='ltr'><strong>εις</strong></span> <span class='ocrx_word' id='word_1_732' title='bbox 1716 1584 1778 1621; x_wconf 72' lang='grc' dir='ltr'>ἔθνη</span> <span class='ocrx_word' id='word_1_733' title='bbox 1794 1586 1841 1613; x_wconf 74' lang='grc' dir='ltr'>καὶ</span> 
     </span>
    </p>
   </div>
   <div class='ocr_carea' id='block_1_92' title="bbox 1050 1628 1842 1669">
    <p class='ocr_par' dir='ltr' id='par_1_92' title="bbox 1050 1628 1842 1669">
     <span class='ocr_line' id='line_1_92' title="bbox 1050 1628 1842 1669; baseline 0.006 -15"><span class='ocrx_word' id='word_1_734' title='bbox 1050 1628 1210 1662; x_wconf 80' lang='grc' dir='ltr'>συναγωγὰς</span> <span class='ocrx_word' id='word_1_735' title='bbox 1222 1629 1317 1662; x_wconf 80' lang='grc' dir='ltr'>ἐθνῶν,</span> <span class='ocrx_word' id='word_1_736' title='bbox 1330 1630 1481 1664; x_wconf 64' lang='grc' dir='ltr'>ἀναψανδὶιν</span> <span class='ocrx_word' id='word_1_737' title='bbox 1490 1631 1670 1666; x_wconf 76' lang='grc' dir='ltr'>ἐπηγγέλλετο</span> <span class='ocrx_word' id='word_1_738' title='bbox 1698 1633 1742 1659; x_wconf 77' lang='grc' dir='ltr'>Ἐν</span> <span class='ocrx_word' id='word_1_739' title='bbox 1751 1633 1842 1669; x_wconf 82' lang='grc' dir='ltr'>ταυτῷ</span> 
     </span>
    </p>
   </div>
   <div class='ocr_carea' id='block_1_93' title="bbox 1048 1673 1842 1713">
    <p class='ocr_par' dir='ltr' id='par_1_93' title="bbox 1048 1673 1842 1713">
     <span class='ocr_line' id='line_1_93' title="bbox 1048 1673 1842 1713; baseline 0.01 -14"><span class='ocrx_word' id='word_1_740' title='bbox 1048 1673 1081 1708; x_wconf 70' lang='grc' dir='ltr'>δὴ</span> <span class='ocrx_word' id='word_1_741' title='bbox 1093 1673 1149 1706; x_wconf 73' lang='grc' dir='ltr'>οἷον,</span> <span class='ocrx_word' id='word_1_742' title='bbox 1163 1675 1210 1700; x_wconf 77' lang='grc' dir='ltr'><strong>καὶ</strong></span> <span class='ocrx_word' id='word_1_743' title='bbox 1224 1674 1290 1700; x_wconf 74' lang='grc' dir='ltr'>Θεὸν</span> <span class='ocrx_word' id='word_1_744' title='bbox 1310 1675 1453 1702; x_wconf 79' lang='grc' dir='ltr'>ἀναπείθει</span> <span class='ocrx_word' id='word_1_745' title='bbox 1469 1678 1552 1712; x_wconf 78' lang='grc' dir='ltr'>τιμᾷν</span> <span class='ocrx_word' id='word_1_746' title='bbox 1573 1679 1634 1710; x_wconf 82' lang='grc' dir='ltr'>ταῖς</span> <span class='ocrx_word' id='word_1_747' title='bbox 1651 1679 1690 1711; x_wconf 85' lang='grc' dir='ltr'><strong>είς</strong></span> <span class='ocrx_word' id='word_1_748' title='bbox 1711 1679 1842 1713; x_wconf 75' lang='grc' dir='ltr'>ἀλήθειαν</span> 
     </span>
    </p>
   </div>
   <div class='ocr_carea' id='block_1_94' title="bbox 1048 1719 1842 1761">
    <p class='ocr_par' dir='ltr' id='par_1_94' title="bbox 1048 1719 1842 1761">
     <span class='ocr_line' id='line_1_94' title="bbox 1048 1719 1842 1761; baseline 0.001 -9"><span class='ocrx_word' id='word_1_749' title='bbox 1048 1719 1148 1752; x_wconf 72' lang='grc' dir='ltr'>δόξαις.</span> <span class='ocrx_word' id='word_1_750' title='bbox 1169 1721 1223 1746; x_wconf 80' lang='grc' dir='ltr'><strong>Καὶ</strong></span> <span class='ocrx_word' id='word_1_751' title='bbox 1239 1721 1355 1752; x_wconf 72' lang='grc' dir='ltr'>οἰκείους</span> <span class='ocrx_word' id='word_1_752' title='bbox 1378 1722 1505 1757; x_wconf 78' lang='grc' dir='ltr'>ἡγεῖσθαι</span> <span class='ocrx_word' id='word_1_753' title='bbox 1528 1723 1647 1751; x_wconf 74' lang='grc' dir='ltr'>διδάσκει</span> <span class='ocrx_word' id='word_1_754' title='bbox 1674 1725 1738 1756; x_wconf 83' lang='grc' dir='ltr'>τοὺς</span> <span class='ocrx_word' id='word_1_755' title='bbox 1761 1726 1842 1761; x_wconf 66' lang='lat' dir='ltr'><strong>tiu:-</strong></span> 
     </span>
    </p>
   </div>
   <div class='ocr_carea' id='block_1_95' title="bbox 1050 1766 1843 1806">
    <p class='ocr_par' dir='ltr' id='par_1_95' title="bbox 1050 1766 1843 1806">
     <span class='ocr_line' id='line_1_95' title="bbox 1050 1766 1843 1806; baseline 0.009 -14"><span class='ocrx_word' id='word_1_756' title='bbox 1050 1766 1204 1799; x_wconf 80' lang='grc' dir='ltr'>στεὺοντας,</span> <span class='ocrx_word' id='word_1_757' title='bbox 1223 1767 1323 1802; x_wconf 79' lang='grc' dir='ltr'>μᾶλλον</span> <span class='ocrx_word' id='word_1_758' title='bbox 1337 1768 1365 1794; x_wconf 82' lang='grc' dir='ltr'>δὲ</span> <span class='ocrx_word' id='word_1_759' title='bbox 1382 1769 1444 1800; x_wconf 78' lang='grc' dir='ltr'>τοὺς</span> <span class='ocrx_word' id='word_1_760' title='bbox 1459 1769 1489 1802; x_wconf 81' lang='grc' dir='ltr'>ἐξ</span> <span class='ocrx_word' id='word_1_761' title='bbox 1505 1770 1594 1797; x_wconf 83' lang='grc' dir='ltr'>αὐτῶν</span> <span class='ocrx_word' id='word_1_762' title='bbox 1610 1771 1777 1806; x_wconf 68' lang='grc' dir='ltr'>ἀναφύντας,</span> <span class='ocrx_word' id='word_1_763' title='bbox 1791 1771 1843 1799; x_wconf 82' lang='grc' dir='ltr'>κᾶν</span> 
     </span>
    </p>
   </div>
   <div class='ocr_carea' id='block_1_96' title="bbox 1049 1812 1672 1850">
    <p class='ocr_par' dir='ltr' id='par_1_96' title="bbox 1049 1812 1672 1850">
     <span class='ocr_line' id='line_1_96' title="bbox 1049 1812 1672 1850; baseline 0.008 -12"><span class='ocrx_word' id='word_1_764' title='bbox 1049 1812 1074 1839; x_wconf 80' lang='grc' dir='ltr'><strong>εί</strong></span> <span class='ocrx_word' id='word_1_765' title='bbox 1090 1812 1219 1846; x_wconf 76' lang='grc' dir='ltr'>γεγόνασι</span> <span class='ocrx_word' id='word_1_766' title='bbox 1235 1813 1316 1848; x_wconf 67' lang='grc' dir='ltr'>τυχὸν</span> <span class='ocrx_word' id='word_1_767' title='bbox 1331 1815 1362 1840; x_wconf 76' lang='grc' dir='ltr'>ὲκ</span> <span class='ocrx_word' id='word_1_768' title='bbox 1384 1815 1488 1850; x_wconf 81' lang='grc' dir='ltr'>μητρὸς</span> <span class='ocrx_word' id='word_1_769' title='bbox 1500 1816 1672 1850; x_wconf 76' lang='grc' dir='ltr'>ἀλλογενοῦς.</span> 
     </span>
    </p>
   </div>
   <div class='ocr_carea' id='block_1_97' title="bbox 1086 1858 1843 1898">
    <p class='ocr_par' dir='ltr' id='par_1_97' title="bbox 1086 1858 1843 1898">
     <span class='ocr_line' id='line_1_97' title="bbox 1086 1858 1843 1898; baseline 0.008 -14"><span class='ocrx_word' id='word_1_770' title='bbox 1086 1858 1119 1894; x_wconf 86' lang='grc' dir='ltr'><strong>β’.</strong></span> <span class='ocrx_word' id='word_1_771' title='bbox 1135 1859 1227 1894; x_wconf 74' lang='grc' dir='ltr'>Βραχὺ</span> <span class='ocrx_word' id='word_1_772' title='bbox 1241 1859 1275 1893; x_wconf 63' lang='grc' dir='ltr'><strong>ςδὲ</strong></span> <span class='ocrx_word' id='word_1_773' title='bbox 1295 1859 1344 1895; x_wconf 74' lang='grc' dir='ltr'>τῆς</span> <span class='ocrx_word' id='word_1_774' title='bbox 1363 1861 1485 1896; x_wconf 80' lang='grc' dir='ltr'>ἱστορίας</span> <span class='ocrx_word' id='word_1_775' title='bbox 1505 1862 1536 1888; x_wconf 81' lang='grc' dir='ltr'>τὸ</span> <span class='ocrx_word' id='word_1_776' title='bbox 1550 1862 1636 1897; x_wconf 82' lang='grc' dir='ltr'>πάχος</span> <span class='ocrx_word' id='word_1_777' title='bbox 1659 1863 1843 1898; x_wconf 76' lang='grc' dir='ltr'>ἐκϐαίνοντες,</span> 
     </span>
    </p>
   </div>
   <div class='ocr_carea' id='block_1_98' title="bbox 1050 1905 1846 1942">
    <p class='ocr_par' dir='ltr' id='par_1_98' title="bbox 1050 1905 1846 1942">
     <span class='ocr_line' id='line_1_98' title="bbox 1050 1905 1846 1942; baseline 0.008 -11"><span class='ocrx_word' id='word_1_778' title='bbox 1050 1905 1138 1932; x_wconf 83' lang='grc' dir='ltr'>ὲκεῖνό</span> <span class='ocrx_word' id='word_1_779' title='bbox 1154 1912 1255 1940; x_wconf 79' lang='grc' dir='ltr'>φαμεν·</span> <span class='ocrx_word' id='word_1_780' title='bbox 1267 1905 1346 1933; x_wconf 72' lang='grc' dir='ltr'>Οὕτω</span> <span class='ocrx_word' id='word_1_781' title='bbox 1357 1907 1403 1933; x_wconf 76' lang='grc' dir='ltr'>καὶ</span> <span class='ocrx_word' id='word_1_782' title='bbox 1419 1908 1500 1942; x_wconf 80' lang='grc' dir='ltr'>ἡμεῖς</span> <span class='ocrx_word' id='word_1_783' title='bbox 1516 1909 1541 1934; x_wconf 83' lang='lat' dir='ltr'><strong>ol</strong></span> <span class='ocrx_word' id='word_1_784' title='bbox 1557 1909 1585 1935; x_wconf 79' lang='grc' dir='ltr'>ὲν</span> <span class='ocrx_word' id='word_1_785' title='bbox 1601 1909 1691 1936; x_wconf 82' lang='grc' dir='ltr'>πίστει</span> <span class='ocrx_word' id='word_1_786' title='bbox 1705 1909 1846 1937; x_wconf 85' lang='grc' dir='ltr'>δεδικαιω-</span> 
     </span>
    </p>
   </div>
   <div class='ocr_carea' id='block_1_99' title="bbox 1051 1949 1845 1990">
    <p class='ocr_par' dir='ltr' id='par_1_99' title="bbox 1051 1949 1845 1990">
     <span class='ocr_line' id='line_1_99' title="bbox 1051 1949 1845 1990; baseline 0.009 -14"><span class='ocrx_word' id='word_1_787' title='bbox 1051 1950 1127 1986; x_wconf 81' lang='grc' dir='ltr'>μένοι</span> <span class='ocrx_word' id='word_1_788' title='bbox 1141 1951 1293 1987; x_wconf 77' lang='grc' dir='ltr'>γεγόναμεν</span> <span class='ocrx_word' id='word_1_789' title='bbox 1319 1952 1347 1978; x_wconf 80' lang='grc' dir='ltr'>ὲν</span> <span class='ocrx_word' id='word_1_790' title='bbox 1365 1949 1490 1987; x_wconf 78' lang='grc' dir='ltr'>Χριστῷ,</span> <span class='ocrx_word' id='word_1_791' title='bbox 1508 1953 1576 1980; x_wconf 81' lang='grc' dir='ltr'>Θεοῦ</span> <span class='ocrx_word' id='word_1_792' title='bbox 1595 1955 1644 1990; x_wconf 88' lang='grc' dir='ltr'>μὲν</span> <span class='ocrx_word' id='word_1_793' title='bbox 1668 1955 1732 1988; x_wconf 73' lang='grc' dir='ltr'>υἱοὶ,</span> <span class='ocrx_word' id='word_1_794' title='bbox 1745 1955 1800 1982; x_wconf 85' lang='grc' dir='ltr'>τῶν</span> <span class='ocrx_word' id='word_1_795' title='bbox 1815 1955 1845 1983; x_wconf 77' lang='grc' dir='ltr'>δὲ</span> 
     </span>
    </p>
   </div>
   <div class='ocr_carea' id='block_1_100' title="bbox 1052 1996 1844 2033">
    <p class='ocr_par' dir='ltr' id='par_1_100' title="bbox 1052 1996 1844 2033">
     <span class='ocr_line' id='line_1_100' title="bbox 1052 1996 1844 2033; baseline 0.01 -12"><span class='ocrx_word' id='word_1_796' title='bbox 1052 1996 1136 2029; x_wconf 81' lang='grc' dir='ltr'>ἁγίων</span> <span class='ocrx_word' id='word_1_797' title='bbox 1154 1997 1257 2028; x_wconf 77' lang='grc' dir='ltr'>οἰκεῖοι,</span> <span class='ocrx_word' id='word_1_798' title='bbox 1284 1998 1474 2032; x_wconf 78' lang='grc' dir='ltr'>μεσιτεύοντος</span> <span class='ocrx_word' id='word_1_799' title='bbox 1499 1999 1593 2033; x_wconf 78' lang='grc' dir='ltr'>αὑτοῦ,</span> <span class='ocrx_word' id='word_1_800' title='bbox 1620 2001 1667 2028; x_wconf 79' lang='grc' dir='ltr'>καὶ</span> <span class='ocrx_word' id='word_1_801' title='bbox 1691 2001 1725 2027; x_wconf 79' lang='grc' dir='ltr'>δι’</span> <span class='ocrx_word' id='word_1_802' title='bbox 1745 2002 1844 2029; x_wconf 75' lang='grc' dir='ltr'>ἑαυτοῦ</span> 
     </span>
    </p>
   </div>
   <div class='ocr_carea' id='block_1_101' title="bbox 1052 2042 1845 2082">
    <p class='ocr_par' dir='ltr' id='par_1_101' title="bbox 1052 2042 1845 2082">
     <span class='ocr_line' id='line_1_101' title="bbox 1052 2042 1845 2082; baseline 0.008 -14"><span class='ocrx_word' id='word_1_803' title='bbox 1052 2042 1205 2074; x_wconf 72' lang='grc' dir='ltr'>συνδέοντος</span> <span class='ocrx_word' id='word_1_804' title='bbox 1217 2042 1292 2078; x_wconf 85' lang='grc' dir='ltr'>αὐτῷ</span> <span class='ocrx_word' id='word_1_805' title='bbox 1308 2052 1338 2070; x_wconf 94' lang='grc' dir='ltr'><strong>τε</strong></span> <span class='ocrx_word' id='word_1_806' title='bbox 1353 2045 1399 2071; x_wconf 79' lang='grc' dir='ltr'>καὶ</span> <span class='ocrx_word' id='word_1_807' title='bbox 1412 2044 1451 2080; x_wconf 83' lang='grc' dir='ltr'>τῷ</span> <span class='ocrx_word' id='word_1_808' title='bbox 1466 2046 1554 2082; x_wconf 76' lang='grc' dir='ltr'>Πατρὶ</span> <span class='ocrx_word' id='word_1_809' title='bbox 1564 2046 1612 2074; x_wconf 79' lang='grc' dir='ltr'><strong>καὶ</strong></span> <span class='ocrx_word' id='word_1_810' title='bbox 1626 2048 1681 2079; x_wconf 84' lang='grc' dir='ltr'>τοῖς</span> <span class='ocrx_word' id='word_1_811' title='bbox 1691 2048 1745 2074; x_wconf 85' lang='grc' dir='ltr'>τῶν</span> <span class='ocrx_word' id='word_1_812' title='bbox 1758 2048 1845 2082; x_wconf 82' lang='grc' dir='ltr'>ἁγίων</span> 
     </span>
    </p>
   </div>
   <div class='ocr_carea' id='block_1_102' title="bbox 1051 2088 1845 2128">
    <p class='ocr_par' dir='ltr' id='par_1_102' title="bbox 1051 2088 1845 2128">
     <span class='ocr_line' id='line_1_102' title="bbox 1051 2088 1845 2128; baseline 0.009 -14"><span class='ocrx_word' id='word_1_813' title='bbox 1051 2090 1157 2123; x_wconf 80' lang='grc' dir='ltr'>χοροίς’</span> <span class='ocrx_word' id='word_1_814' title='bbox 1177 2088 1302 2123; x_wconf 82' lang='grc' dir='ltr'>καθάπερ</span> <span class='ocrx_word' id='word_1_815' title='bbox 1328 2090 1424 2124; x_wconf 84' lang='grc' dir='ltr'>ἀμέλει</span> <span class='ocrx_word' id='word_1_816' title='bbox 1442 2091 1488 2117; x_wconf 78' lang='grc' dir='ltr'>καὶ</span> <span class='ocrx_word' id='word_1_817' title='bbox 1509 2091 1619 2127; x_wconf 78' lang='grc' dir='ltr'>Ἰωσὴφ,</span> <span class='ocrx_word' id='word_1_818' title='bbox 1645 2093 1726 2120; x_wconf 84' lang='grc' dir='ltr'>οἱονεὶ</span> <span class='ocrx_word' id='word_1_819' title='bbox 1741 2094 1845 2128; x_wconf 77' lang='grc' dir='ltr'>μεταξὺ</span> 
     </span>
    </p>
   </div>
   <div class='ocr_carea' id='block_1_103' title="bbox 1051 2132 1846 2174">
    <p class='ocr_par' dir='ltr' id='par_1_103' title="bbox 1051 2132 1846 2174">
     <span class='ocr_line' id='line_1_103' title="bbox 1051 2132 1846 2174; baseline 0.011 -17"><span class='ocrx_word' id='word_1_820' title='bbox 1051 2132 1187 2167; x_wconf 80' lang='grc' dir='ltr'>κείμενος,</span> <span class='ocrx_word' id='word_1_821' title='bbox 1217 2133 1291 2164; x_wconf 80' lang='grc' dir='ltr'>υἱοὺς</span> <span class='ocrx_word' id='word_1_822' title='bbox 1319 2133 1368 2168; x_wconf 85' lang='grc' dir='ltr'>μὲν</span> <span class='ocrx_word' id='word_1_823' title='bbox 1396 2135 1482 2162; x_wconf 83' lang='grc' dir='ltr'>ἐποίει</span> <span class='ocrx_word' id='word_1_824' title='bbox 1512 2136 1560 2163; x_wconf 80' lang='grc' dir='ltr'>τοῦ</span> <span class='ocrx_word' id='word_1_825' title='bbox 1587 2138 1651 2164; x_wconf 82' lang='grc' dir='ltr'>ἰδίου</span> <span class='ocrx_word' id='word_1_826' title='bbox 1677 2139 1780 2174; x_wconf 80' lang='grc' dir='ltr'>πατρὸς</span> <span class='ocrx_word' id='word_1_827' title='bbox 1800 2139 1846 2166; x_wconf 78' lang='grc' dir='ltr'>τὸν</span> 
     </span>
    </p>
   </div>
   <div class='ocr_carea' id='block_1_104' title="bbox 1058 2176 1846 2220">
    <p class='ocr_par' dir='ltr' id='par_1_104' title="bbox 1058 2176 1846 2220">
     <span class='ocr_line' id='line_1_104' title="bbox 1058 2176 1846 2220; baseline 0.008 -15"><span class='ocrx_word' id='word_1_828' title='bbox 1058 2176 1177 2213; x_wconf 62' lang='grc' dir='ltr'>Ἕιρραῒμ</span> <span class='ocrx_word' id='word_1_829' title='bbox 1191 2178 1238 2204; x_wconf 79' lang='grc' dir='ltr'>καὶ</span> <span class='ocrx_word' id='word_1_830' title='bbox 1254 2178 1399 2214; x_wconf 77' lang='grc' dir='ltr'>Μανασσῆ,</span> <span class='ocrx_word' id='word_1_831' title='bbox 1415 2181 1601 2217; x_wconf 74' lang='grc' dir='ltr'>ἐγγράφεσθαι</span> <span class='ocrx_word' id='word_1_832' title='bbox 1614 2182 1642 2209; x_wconf 83' lang='grc' dir='ltr'>δὲ</span> <span class='ocrx_word' id='word_1_833' title='bbox 1660 2184 1706 2210; x_wconf 80' lang='grc' dir='ltr'><strong>καὶ</strong></span> <span class='ocrx_word' id='word_1_834' title='bbox 1717 2183 1793 2220; x_wconf 84' lang='grc' dir='ltr'><strong>αὑτῷ</strong></span> <span class='ocrx_word' id='word_1_835' title='bbox 1807 2184 1846 2220; x_wconf 83' lang='grc' dir='ltr'>τῷ</span> 
     </span>
    </p>
   </div>
   <div class='ocr_carea' id='block_1_105' title="bbox 1052 2223 1846 2266">
    <p class='ocr_par' dir='ltr' id='par_1_105' title="bbox 1052 2223 1846 2266">
     <span class='ocr_line' id='line_1_105' title="bbox 1052 2223 1846 2266; baseline 0.01 -17"><span class='ocrx_word' id='word_1_836' title='bbox 1052 2223 1195 2259; x_wconf 83' lang='grc' dir='ltr'>καταλόγῳ</span> <span class='ocrx_word' id='word_1_837' title='bbox 1213 2223 1267 2251; x_wconf 81' lang='grc' dir='ltr'>τῶν</span> <span class='ocrx_word' id='word_1_838' title='bbox 1285 2226 1471 2262; x_wconf 84' lang='grc' dir='ltr'>πατριαρχῶν.</span> <span class='ocrx_word' id='word_1_839' title='bbox 1501 2237 1511 2253; x_wconf 70' lang='grc' dir='ltr'><strong>ε</strong></span> <span class='ocrx_word' id='word_1_840' title='bbox 1536 2228 1593 2255; x_wconf 87' lang='grc' dir='ltr'><strong>Νῦν</strong></span> <span class='ocrx_word' id='word_1_841' title='bbox 1616 2229 1680 2264; x_wconf 86' lang='grc' dir='ltr'>γὰρ,</span> <span class='ocrx_word' id='word_1_842' title='bbox 1710 2231 1802 2266; x_wconf 69' lang='grc' dir='ltr'>φησιν,</span> <span class='ocrx_word' id='word_1_843' title='bbox 1820 2232 1846 2257; x_wconf 85' lang='lat' dir='ltr'><strong>oi</strong></span> 
     </span>
    </p>
   </div>
   <div class='ocr_carea' id='block_1_106' title="bbox 1052 2267 1846 2311">
    <p class='ocr_par' dir='ltr' id='par_1_106' title="bbox 1052 2267 1846 2311">
     <span class='ocr_line' id='line_1_106' title="bbox 1052 2267 1846 2311; baseline 0.011 -17"><span class='ocrx_word' id='word_1_844' title='bbox 1052 2267 1100 2295; x_wconf 76' lang='grc' dir='ltr'>δύο</span> <span class='ocrx_word' id='word_1_845' title='bbox 1125 2277 1172 2295; x_wconf 85' lang='grc' dir='ltr'>σου</span> <span class='ocrx_word' id='word_1_846' title='bbox 1192 2270 1244 2296; x_wconf 79' lang='grc' dir='ltr'><strong>υἱοὶ</strong></span> <span class='ocrx_word' id='word_1_847' title='bbox 1266 2271 1290 2296; x_wconf 79' lang='lat' dir='ltr'><strong>ot</strong></span> <span class='ocrx_word' id='word_1_848' title='bbox 1316 2272 1458 2306; x_wconf 79' lang='grc' dir='ltr'>γενόμενοί</span> <span class='ocrx_word' id='word_1_849' title='bbox 1484 2281 1524 2300; x_wconf 84' lang='grc' dir='ltr'><strong>σοι</strong></span> <span class='ocrx_word' id='word_1_850' title='bbox 1553 2274 1582 2300; x_wconf 81' lang='grc' dir='ltr'>ὲν</span> <span class='ocrx_word' id='word_1_851' title='bbox 1610 2274 1752 2311; x_wconf 72' lang='grc' dir='ltr'>Αἰγύπτῳ,</span> <span class='ocrx_word' id='word_1_852' title='bbox 1782 2275 1846 2311; x_wconf 82' lang='grc' dir='ltr'>ἐμοί</span> 
     </span>
    </p>
   </div>
   <div class='ocr_carea' id='block_1_107' title="bbox 1053 2314 1846 2356">
    <p class='ocr_par' dir='ltr' id='par_1_107' title="bbox 1053 2314 1846 2356">
     <span class='ocr_line' id='line_1_107' title="bbox 1053 2314 1846 2356; baseline 0.011 -16"><span class='ocrx_word' id='word_1_853' title='bbox 1053 2314 1130 2348; x_wconf 75' lang='grc' dir='ltr'>εἰσιν,</span> <span class='ocrx_word' id='word_1_854' title='bbox 1154 2315 1273 2352; x_wconf 81' lang='grc' dir='ltr'>Ἐφραῗμ</span> <span class='ocrx_word' id='word_1_855' title='bbox 1287 2318 1335 2344; x_wconf 81' lang='grc' dir='ltr'><strong>καὶ</strong></span> <span class='ocrx_word' id='word_1_856' title='bbox 1351 2318 1511 2353; x_wconf 82' lang='grc' dir='ltr'>Μανασσῆς,</span> <span class='ocrx_word' id='word_1_857' title='bbox 1525 2320 1563 2351; x_wconf 80' lang='grc' dir='ltr'>ὡς</span> <span class='ocrx_word' id='word_1_858' title='bbox 1587 2320 1715 2356; x_wconf 76' lang='grc' dir='ltr'>Ῥουϐεὶμ</span> <span class='ocrx_word' id='word_1_859' title='bbox 1733 2322 1780 2348; x_wconf 75' lang='grc' dir='ltr'>καὶ</span> <span class='ocrx_word' id='word_1_860' title='bbox 1795 2323 1846 2348; x_wconf 86' lang='grc' dir='ltr'><strong>Συ-</strong></span> 
     </span>
    </p>
   </div>
   <div class='ocr_carea' id='block_1_108' title="bbox 1055 2359 1846 2402">
    <p class='ocr_par' dir='ltr' id='par_1_108' title="bbox 1055 2359 1846 2402">
     <span class='ocr_line' id='line_1_108' title="bbox 1055 2359 1846 2402; baseline 0.01 -15"><span class='ocrx_word' id='word_1_861' title='bbox 1055 2359 1128 2396; x_wconf 86' lang='grc' dir='ltr'>μεὼν</span> <span class='ocrx_word' id='word_1_862' title='bbox 1151 2360 1257 2389; x_wconf 77' lang='grc' dir='ltr'>ἔσονται</span> <span class='ocrx_word' id='word_1_863' title='bbox 1284 2363 1353 2398; x_wconf 83' lang='grc' dir='ltr'>ὲμοί.</span> <span class='ocrx_word' id='word_1_864' title='bbox 1371 2373 1380 2390; x_wconf 79' lang='grc' dir='ltr'><strong>ι</strong></span> <span class='ocrx_word' id='word_1_865' title='bbox 1410 2364 1576 2398; x_wconf 84' lang='grc' dir='ltr'>Τουτέστιν,</span> <span class='ocrx_word' id='word_1_866' title='bbox 1603 2367 1632 2393; x_wconf 74' lang='grc' dir='ltr'>ἐν</span> <span class='ocrx_word' id='word_1_867' title='bbox 1661 2367 1846 2402; x_wconf 85' lang='grc' dir='ltr'>πρωτοτόκοις</span> 
     </span>
    </p>
   </div>
   <div class='ocr_carea' id='block_1_109' title="bbox 1053 2406 1845 2449">
    <p class='ocr_par' dir='ltr' id='par_1_109' title="bbox 1053 2406 1845 2449">
     <span class='ocr_line' id='line_1_109' title="bbox 1053 2406 1845 2449; baseline 0.011 -17"><span class='ocrx_word' id='word_1_868' title='bbox 1053 2406 1172 2441; x_wconf 72' lang='grc' dir='ltr'>ἔσονται,</span> <span class='ocrx_word' id='word_1_869' title='bbox 1191 2409 1397 2441; x_wconf 73' lang='grc' dir='ltr'>συντετάξονται</span> <span class='ocrx_word' id='word_1_870' title='bbox 1417 2410 1445 2436; x_wconf 81' lang='grc' dir='ltr'>δὲ</span> <span class='ocrx_word' id='word_1_871' title='bbox 1462 2411 1509 2437; x_wconf 79' lang='grc' dir='ltr'>καὶ</span> <span class='ocrx_word' id='word_1_872' title='bbox 1534 2412 1590 2443; x_wconf 84' lang='grc' dir='ltr'>τοῖς</span> <span class='ocrx_word' id='word_1_873' title='bbox 1614 2412 1643 2438; x_wconf 86' lang='grc' dir='ltr'>ἐν</span> <span class='ocrx_word' id='word_1_874' title='bbox 1654 2413 1771 2449; x_wconf 83' lang='grc' dir='ltr'>ὑπακοῇ.</span> <span class='ocrx_word' id='word_1_875' title='bbox 1790 2411 1845 2440; x_wconf 85' lang='grc' dir='ltr'>Ἦν</span> 
     </span>
    </p>
   </div>
   <div class='ocr_carea' id='block_1_110' title="bbox 1056 2452 1846 2492">
    <p class='ocr_par' dir='ltr' id='par_1_110' title="bbox 1056 2452 1846 2492">
     <span class='ocr_line' id='line_1_110' title="bbox 1056 2452 1846 2492; baseline 0.011 -15"><span class='ocrx_word' id='word_1_876' title='bbox 1056 2452 1105 2486; x_wconf 85' lang='grc' dir='ltr'>μὲν</span> <span class='ocrx_word' id='word_1_877' title='bbox 1119 2452 1174 2488; x_wconf 88' lang='grc' dir='ltr'><strong>γὰρ</strong></span> <span class='ocrx_word' id='word_1_878' title='bbox 1195 2455 1366 2488; x_wconf 82' lang='grc' dir='ltr'>πρωτότοκος</span> <span class='ocrx_word' id='word_1_879' title='bbox 1390 2455 1527 2491; x_wconf 77' lang='grc' dir='ltr'>Ῥονϐείμ.</span> <span class='ocrx_word' id='word_1_880' title='bbox 1552 2456 1686 2492; x_wconf 79' lang='grc' dir='ltr'>’Υπακοὴ</span> <span class='ocrx_word' id='word_1_881' title='bbox 1707 2458 1735 2484; x_wconf 82' lang='grc' dir='ltr'>δὲ</span> <span class='ocrx_word' id='word_1_882' title='bbox 1764 2459 1846 2486; x_wconf 84' lang='grc' dir='ltr'>πάλιν</span> 
     </span>
    </p>
   </div>
   <div class='ocr_carea' id='block_1_111' title="bbox 1053 2498 1846 2538">
    <p class='ocr_par' dir='ltr' id='par_1_111' title="bbox 1053 2498 1846 2538">
     <span class='ocr_line' id='line_1_111' title="bbox 1053 2498 1846 2538; baseline 0.011 -14"><span class='ocrx_word' id='word_1_883' title='bbox 1053 2499 1068 2524; x_wconf 91' lang='lat'><strong>6</strong></span> <span class='ocrx_word' id='word_1_884' title='bbox 1084 2498 1195 2534; x_wconf 78' lang='grc' dir='ltr'>Συμεὼν</span> <span class='ocrx_word' id='word_1_885' title='bbox 1208 2500 1400 2535; x_wconf 80' lang='grc' dir='ltr'>ἑρμηνεύεται.</span> <span class='ocrx_word' id='word_1_886' title='bbox 1416 2501 1571 2538; x_wconf 85' lang='grc' dir='ltr'>Γεγόναμεν</span> <span class='ocrx_word' id='word_1_887' title='bbox 1587 2503 1615 2530; x_wconf 82' lang='grc' dir='ltr'>δὲ</span> <span class='ocrx_word' id='word_1_888' title='bbox 1628 2504 1672 2530; x_wconf 82' lang='grc' dir='ltr'><strong>διὰ</strong></span> <span class='ocrx_word' id='word_1_889' title='bbox 1687 2505 1804 2538; x_wconf 85' lang='grc' dir='ltr'>πίστεως</span> <span class='ocrx_word' id='word_1_890' title='bbox 1818 2507 1846 2533; x_wconf 81' lang='grc' dir='ltr'>οι</span> 
     </span>
    </p>
   </div>
   <div class='ocr_carea' id='block_1_112' title="bbox 1054 2543 1846 2586">
    <p class='ocr_par' dir='ltr' id='par_1_112' title="bbox 1054 2543 1846 2586">
     <span class='ocr_line' id='line_1_112' title="bbox 1054 2543 1846 2586; baseline 0.014 -17"><span class='ocrx_word' id='word_1_891' title='bbox 1054 2543 1177 2578; x_wconf 77' lang='grc' dir='ltr'>ἔσχατοι</span> <span class='ocrx_word' id='word_1_892' title='bbox 1195 2545 1312 2579; x_wconf 78' lang='grc' dir='ltr'>πρῶτοι,</span> <span class='ocrx_word' id='word_1_893' title='bbox 1328 2546 1375 2573; x_wconf 72' lang='grc' dir='ltr'>καὶ</span> <span class='ocrx_word' id='word_1_894' title='bbox 1388 2547 1436 2582; x_wconf 82' lang='grc' dir='ltr'>τὴν</span> <span class='ocrx_word' id='word_1_895' title='bbox 1451 2548 1497 2575; x_wconf 85' lang='grc' dir='ltr'>τοῦ</span> <span class='ocrx_word' id='word_1_896' title='bbox 1512 2551 1684 2584; x_wconf 72' lang='grc' dir='ltr'>πρωτοτόκου</span> <span class='ocrx_word' id='word_1_897' title='bbox 1694 2551 1773 2584; x_wconf 77' lang='grc' dir='ltr'>δόξαν</span> <span class='ocrx_word' id='word_1_898' title='bbox 1791 2553 1805 2579; x_wconf 90' lang='lat'><strong>6</strong></span> <span class='ocrx_word' id='word_1_899' title='bbox 1817 2553 1846 2586; x_wconf 72' lang='grc' dir='ltr'><strong>ἐξ</strong></span> 
     </span>
    </p>
   </div>
   <div class='ocr_carea' id='block_1_113' title="bbox 1055 2589 1847 2634">
    <p class='ocr_par' dir='ltr' id='par_1_113' title="bbox 1055 2589 1847 2634">
     <span class='ocr_line' id='line_1_113' title="bbox 1055 2589 1847 2634; baseline 0.014 -20"><span class='ocrx_word' id='word_1_900' title='bbox 1055 2589 1139 2615; x_wconf 79' lang='grc' dir='ltr'>ὲθνῶν</span> <span class='ocrx_word' id='word_1_901' title='bbox 1160 2589 1335 2626; x_wconf 77' lang='grc' dir='ltr'>ἐκληρώσατο</span> <span class='ocrx_word' id='word_1_902' title='bbox 1345 2591 1418 2624; x_wconf 83' lang='grc' dir='ltr'>λαός.</span> <span class='ocrx_word' id='word_1_903' title='bbox 1436 2593 1602 2630; x_wconf 76' lang='grc' dir='ltr'>Τετίμηνται</span> <span class='ocrx_word' id='word_1_904' title='bbox 1623 2596 1651 2622; x_wconf 84' lang='grc' dir='ltr'>δὲ</span> <span class='ocrx_word' id='word_1_905' title='bbox 1674 2597 1708 2623; x_wconf 77' lang='grc' dir='ltr'>δι’</span> <span class='ocrx_word' id='word_1_906' title='bbox 1723 2597 1847 2634; x_wconf 75' lang='grc' dir='ltr'>ὑπακοὴν</span> 
     </span>
    </p>
   </div>
   <div class='ocr_carea' id='block_1_114' title="bbox 1053 2635 1848 2678">
    <p class='ocr_par' dir='ltr' id='par_1_114' title="bbox 1053 2635 1848 2678">
     <span class='ocr_line' id='line_1_114' title="bbox 1053 2635 1848 2678; baseline 0.013 -17"><span class='ocrx_word' id='word_1_907' title='bbox 1053 2635 1101 2662; x_wconf 77' lang='grc' dir='ltr'>καὶ</span> <span class='ocrx_word' id='word_1_908' title='bbox 1118 2635 1284 2664; x_wconf 81' lang='grc' dir='ltr'>εὐπείθειαν.</span> <span class='ocrx_word' id='word_1_909' title='bbox 1300 2638 1385 2670; x_wconf 82' lang='grc' dir='ltr'>Αὐτὸς</span> <span class='ocrx_word' id='word_1_910' title='bbox 1400 2638 1455 2675; x_wconf 72' lang='grc' dir='ltr'>γὰρ</span> <span class='ocrx_word' id='word_1_911' title='bbox 1477 2641 1570 2673; x_wconf 79' lang='grc' dir='ltr'>αὐτοῖς</span> <span class='ocrx_word' id='word_1_912' title='bbox 1597 2642 1812 2678; x_wconf 77' lang='grc' dir='ltr'>μεμαρτύρηκεν</span> <span class='ocrx_word' id='word_1_913' title='bbox 1834 2645 1848 2670; x_wconf 91' lang='lat'><strong>6</strong></span> 
     </span>
    </p>
   </div>
   <div class='ocr_carea' id='block_1_115' title="bbox 1053 2682 1848 2722">
    <p class='ocr_par' dir='ltr' id='par_1_115' title="bbox 1053 2682 1848 2722">
     <span class='ocr_line' id='line_1_115' title="bbox 1053 2682 1848 2722; baseline 0.01 -14"><span class='ocrx_word' id='word_1_914' title='bbox 1053 2682 1181 2718; x_wconf 75' lang='grc' dir='ltr'>Χριστὸς,</span> <span class='ocrx_word' id='word_1_915' title='bbox 1194 2682 1265 2710; x_wconf 75' lang='grc' dir='ltr'>οὕτω</span> <span class='ocrx_word' id='word_1_916' title='bbox 1275 2683 1372 2718; x_wconf 79' lang='grc' dir='ltr'>λέγων·</span> <span class='ocrx_word' id='word_1_917' title='bbox 1389 2694 1399 2710; x_wconf 73' lang='grc' dir='ltr'><strong>ι</strong></span> <span class='ocrx_word' id='word_1_918' title='bbox 1414 2686 1486 2718; x_wconf 74' lang='grc' dir='ltr'>Λαὸς</span> <span class='ocrx_word' id='word_1_919' title='bbox 1501 2686 1531 2714; x_wconf 86' lang='grc' dir='ltr'>ὂν</span> <span class='ocrx_word' id='word_1_920' title='bbox 1545 2687 1594 2714; x_wconf 84' lang='grc' dir='ltr'>οὐκ</span> <span class='ocrx_word' id='word_1_921' title='bbox 1606 2687 1692 2722; x_wconf 76' lang='grc' dir='ltr'>ἔγνων</span> <span class='ocrx_word' id='word_1_922' title='bbox 1707 2689 1848 2716; x_wconf 68' lang='grc' dir='ltr'>ἐϐούλευσέ</span> 
     </span>
    </p>
   </div>
   <div class='ocr_carea' id='block_1_116' title="bbox 1055 2729 1848 2772">
    <p class='ocr_par' dir='ltr' id='par_1_116' title="bbox 1055 2729 1848 2772">
     <span class='ocr_line' id='line_1_116' title="bbox 1055 2729 1848 2772; baseline 0.011 -18"><span class='ocrx_word' id='word_1_923' title='bbox 1055 2737 1110 2764; x_wconf 79' lang='grc' dir='ltr'>μοι,</span> <span class='ocrx_word' id='word_1_924' title='bbox 1128 2730 1167 2761; x_wconf 89' lang='grc' dir='ltr'><strong>εἰς</strong></span> <span class='ocrx_word' id='word_1_925' title='bbox 1184 2729 1268 2765; x_wconf 75' lang='grc' dir='ltr'>ἀκοὴν</span> <span class='ocrx_word' id='word_1_926' title='bbox 1293 2730 1372 2757; x_wconf 83' lang='grc' dir='ltr'>ὠτίου</span> <span class='ocrx_word' id='word_1_927' title='bbox 1406 2731 1543 2768; x_wconf 77' lang='grc' dir='ltr'>ὑπήκουσὲ</span> <span class='ocrx_word' id='word_1_928' title='bbox 1571 2742 1633 2769; x_wconf 83' lang='grc' dir='ltr'>μου.</span> <span class='ocrx_word' id='word_1_929' title='bbox 1650 2743 1660 2760; x_wconf 71' lang='grc' dir='ltr'><strong>ι</strong></span> <span class='ocrx_word' id='word_1_930' title='bbox 1683 2735 1714 2762; x_wconf 88' lang='grc' dir='ltr'>Εί</span> <span class='ocrx_word' id='word_1_931' title='bbox 1729 2735 1784 2772; x_wconf 79' lang='grc' dir='ltr'><strong>γὰρ</strong></span> <span class='ocrx_word' id='word_1_932' title='bbox 1801 2737 1848 2763; x_wconf 72' lang='grc' dir='ltr'>καὶ</span> 
     </span>
    </p>
   </div>
   <div class='ocr_carea' id='block_1_117' title="bbox 1053 2775 1849 2815">
    <p class='ocr_par' dir='ltr' id='par_1_117' title="bbox 1053 2775 1849 2815">
     <span class='ocr_line' id='line_1_117' title="bbox 1053 2775 1849 2815; baseline 0.01 -14"><span class='ocrx_word' id='word_1_933' title='bbox 1053 2775 1205 2810; x_wconf 80' lang='grc' dir='ltr'>γεγόναμεν</span> <span class='ocrx_word' id='word_1_934' title='bbox 1235 2777 1266 2803; x_wconf 80' lang='grc' dir='ltr'>ὲκ</span> <span class='ocrx_word' id='word_1_935' title='bbox 1293 2777 1397 2812; x_wconf 79' lang='grc' dir='ltr'>μητρὸς</span> <span class='ocrx_word' id='word_1_936' title='bbox 1423 2777 1517 2815; x_wconf 70' lang='grc' dir='ltr'>ὥσπερ</span> <span class='ocrx_word' id='word_1_937' title='bbox 1547 2780 1722 2815; x_wconf 80' lang='grc' dir='ltr'>ἑτερογενοῦς</span> <span class='ocrx_word' id='word_1_938' title='bbox 1746 2781 1789 2808; x_wconf 74' lang='grc' dir='ltr'><strong>διὰ</strong></span> <span class='ocrx_word' id='word_1_939' title='bbox 1817 2784 1849 2810; x_wconf 80' lang='grc' dir='ltr'><strong>τδ</strong></span> 
     </span>
    </p>
   </div>
   <div class='ocr_carea' id='block_1_118' title="bbox 250 2868 1137 2906">
    <p class='ocr_par' dir='ltr' id='par_1_118' title="bbox 250 2868 1137 2906">
     <span class='ocr_line' id='line_1_118' title="bbox 250 2868 1137 2906; baseline 0.002 -9"><span class='ocrx_word' id='word_1_940' title='bbox 250 2868 272 2886; x_wconf 72' lang='grc'><strong>³⁸</strong></span> <span class='ocrx_word' id='word_1_941' title='bbox 288 2869 356 2898; x_wconf 84' lang='lat' dir='ltr'><strong>Gen.</strong></span> <span class='ocrx_word' id='word_1_942' title='bbox 374 2879 462 2904; x_wconf 78' lang='lat' dir='ltr'><strong>mm,</strong></span> <span class='ocrx_word' id='word_1_943' title='bbox 483 2872 540 2899; x_wconf 80' lang='grc'><strong>1-7.</strong></span> <span class='ocrx_word' id='word_1_944' title='bbox 580 2873 602 2889; x_wconf 79' lang='grc'><strong>³⁵</strong></span> <span class='ocrx_word' id='word_1_945' title='bbox 619 2873 715 2900; x_wconf 78' lang='lat' dir='ltr'><strong>Matth.</strong></span> <span class='ocrx_word' id='word_1_946' title='bbox 733 2881 786 2906; x_wconf 74' lang='lat' dir='ltr'><strong>xxx,</strong></span> <span class='ocrx_word' id='word_1_947' title='bbox 805 2871 848 2900; x_wconf 79' lang='lat'><strong>30.</strong></span> <span class='ocrx_word' id='word_1_948' title='bbox 888 2872 910 2888; x_wconf 84' lang='lat'>&quot;</span> <span class='ocrx_word' id='word_1_949' title='bbox 921 2870 992 2899; x_wconf 82' lang='lat' dir='ltr'><strong>Psal.</strong></span> <span class='ocrx_word' id='word_1_950' title='bbox 1012 2877 1078 2904; x_wconf 74' lang='lat' dir='ltr'><strong>XVII,</strong></span> <span class='ocrx_word' id='word_1_951' title='bbox 1092 2870 1137 2898; x_wconf 66' lang='grc'><strong>45.</strong></span> 
     </span>
    </p>
   </div>
  </div>
