1999 3056
171 183 224 210 δῑτ

666 183 926 211 GLAPllYROlllJl‘i
946 183 979 211 ΙΝ
999 184 1150 212 GENESIM
1171 186 1238 214 UB.
1259 186 1313 214 ΠΙ.

1744 192 1796 220 3:3

170 241 244 276 ἀρχὴ
265 239 366 267 τέκνων
390 247 456 274 μου,
480 239 596 275 σκληρὸς
612 239 740 276 φέρεσθαι
764 241 810 267 καὶ
835 240 958 276 σκληρῶς

1010 246 1037 269 et
1055 243 1221 279 principium
1239 244 1390 273 liberorum
1403 254 1538 280 meorum,
1551 248 1669 277 dimcilis
1683 251 1796 279 toleratu

171 286 300 320 αὐθάδης.
323 285 483 327 Ἐξόσρισας
498 285 535 317 ὡς
548 285 628 321 ὕδωρ,
646 286 682 321 μὴ
698 285 823 322 ἑκζίσῃς.
851 287 961 322 Ἀνισης

170 332 226 367 γὰρ
243 332 289 358 ἐπὶ
309 330 359 366 τὴν
375 331 470 365 κοίτην
490 330 536 357 τοῦ
561 330 663 366 πατρός
682 339 746 363 σου,
762 331 823 358 τότε
847 331 961 366 ὲμίανας

171 377 220 412 τὴν
246 376 390 412 στρωμνὴν
407 373 437 403 οὗ
461 375 572 411 ἁνέὸης.
594 385 603 402 ι
629 376 752 411 Κέκλοφε
778 377 826 411 μὲν
846 374 894 404 οὗν
916 376 961 404 τὸν

170 423 218 450 τοῦ
233 423 335 458 πατρὸς
357 423 445 457 γάμον
461 424 474 450 ό
493 422 630 458 Ῥουδείμ·
647 422 703 458 ἥλω
717 432 746 450 τε
763 424 812 450 οὐκ
833 425 961 460 ἁσυμφα-

170 470 236 502 νὼς,
254 468 390 504 δεδρακὼς
403 469 419 496 ἃ
431 469 468 504 μὴ
480 468 574 503 Θέμις,
590 468 637 495 καὶ
650 469 687 500 ὠς
698 470 815 504 πονηρὸν
826 469 855 496 τὸ
868 470 960 505 χρῆμα

171 515 219 541 καὶ
244 514 343 546 αὖταζς
364 516 424 546 ταῖς
449 514 478 547 ἐξ
505 513 604 540 Ἰακὼὸ
632 514 823 547 κατεδικάζετο
850 515 959 550 ψήφοις.

175 570 184 586 ε
200 559 320 594 Πονηρὸν
331 559 395 595 γὰρ,
407 559 500 595 φησιν,
511 559 599 595 ἐφάνη
613 560 727 586 ἐνώπιον
747 559 854 586 Ἰακώϐ.
870 569 877 587 t
891 560 961 587 Ἀλλ’

170 605 201 632 οὔ
218 614 244 632 τι
263 614 313 632 που
332 605 362 632 τὸ
382 605 432 641 ἤδη
455 606 620 641 παρῳχηκδς
641 605 679 637 ὡς
702 606 730 632 ὲν
746 607 869 641 ἐσχάτοις
886 606 960 633 ἔσται

171 653 276 687 καιροῖς
301 651 501 687 ὑποτοπήσειεν
524 651 556 678 ἂν
581 649 657 687 οἶμαί
681 660 732 684 τις.
764 651 882 678 ’ίίλίθιον
909 652 960 688 γὰρ

170 697 269 733 κομιδῇ
283 698 313 724 τὺ
328 697 392 733 τῇδε
406 699 487 724 νοεῖν.
505 697 747 729 Μεταπλάττοντες
761 698 789 724 δὲ
804 697 898 733 ὥσπερ
912 698 961 732 τῆς

170 742 360 779 πλημμελείας
375 743 419 770 τδν
432 744 525 775 τύπον,
537 743 583 771 ἐπί
595 753 622 770 τι
636 743 690 770 τῶν
701 744 838 776 ἐοικότων,
855 744 903 780 τὴν
913 743 960 770 τοῦ

170 789 344 825 πρωτοτόκου
366 789 450 821 λαοῦ,
467 789 540 824 φημὶ
555 789 586 826 δὴ
609 789 656 816 τοῦ
682 789 801 825 Ἰσραὴλ,
825 789 961 825 ἁμαρτίαν

169 835 292 871 ὀψόμεθα
303 843 310 850 θ
335 834 445 870 γύναιον
468 836 517 870 μὲν
533 834 587 870 γὰρ
601 832 646 862 οἶά
666 844 692 862 τι
709 835 758 870 τὴν
779 836 808 868 ἐξ
823 835 960 870 Αἰγύπτου

171 880 333 916 συναγωγὴν
355 881 546 916 προσηγάγετο
565 881 578 907 ὁ
593 881 673 913 Θεὸς,
699 881 742 908 διά
761 890 801 908 τοι
820 881 869 913 τῆς
890 881 961 908 κατὰ

1011 293 1039 315 et
1058 288 1126 317 dure
1146 289 1337 318 intractabilis.
1350 291 1524 320 Redundavit
1536 293 1662 329 superbia
1674 301 1720 323 tua
1738 300 1799 323 tan—

1011 342 1093 369 quam
1114 343 1194 370 aqua,
1216 344 1251 364 ne
1272 336 1444 365 ell'erbueris.
1461 338 1700 368 Ascendistienirn
1717 349 1798 377 super

1011 381 1102 408 cubile
1124 382 1209 416 patris
1234 382 1284 415 tui,
1307 387 1334 410 et
1354 384 1496 412 maculasti
1521 389 1636 412 stratum
1651 386 1711 421 ejus
1729 387 1761 413 ⁷⁸.
1785 398 1794 413 ι

1011 424 1078 452 Na-m
1099 426 1195 454 Ruben
1212 427 1281 454 clam
1305 428 1454 456 violaverat
1471 429 1581 464 nuptias
1599 435 1736 465 paternas,
1748 432 1797 460 du—

1011 471 1217 507 prehensusque
1234 477 1275 500 est
1296 474 1384 508 palam
1404 474 1584 509 commisisse,
1606 484 1666 511 quae
1683 476 1723 504 fas
1744 485 1798 505 non

1012 521 1062 544 est.
1081 517 1157 545 Unde
1175 523 1202 546 et
1226 519 1259 546 ab
1285 519 1343 554 ipso
1363 520 1448 548 Iacob
1470 520 1603 557 flagitiosa
1620 530 1664 550 res
1678 523 1799 558 judicata

1011 567 1062 590 est.
1082 564 1126 591 Ait
1145 564 1217 592 enim
1237 574 1243 592 :
1266 574 1274 590 ι
1291 566 1425 600 Apparuit
1440 567 1541 594 malum
1554 568 1581 595 in
1595 573 1742 604 conspectu
1756 569 1800 598 Ja-

1011 608 1062 636 cob
1078 610 1110 636 ".
1129 620 1137 636 ι
1161 609 1295 638 Caeterum
1313 612 1385 647 quod
1396 613 1449 648 jam
1465 614 1633 648 pra-teritum
1643 619 1694 647 est,
1706 623 1797 648 nemo,

1011 655 1140 688 arbitror,
1163 660 1289 691 tanquam
1314 658 1341 684 in
1367 659 1471 686 ultimis
1489 660 1658 695 temporibus
1675 661 1798 689 futurum

1011 701 1184 729 existimarit.
1205 702 1362 731 Absurdum
1383 705 1457 732 enim
1482 705 1566 733 fuerit
1583 707 1621 734 ita
1639 707 1751 735 sentire.
1764 707 1799 734 At

1011 745 1033 773 si
1046 747 1242 776 transferamus
1254 752 1346 784 typum
1357 749 1449 778 delicti
1461 750 1495 778 ad
1507 752 1609 787 aliquid
1622 752 1710 780 simile
1722 753 1797 786 huic,

1011 796 1069 820 tum
1089 798 1229 828 peccatum
1246 794 1326 829 primi
1343 796 1447 830 populi,
1463 796 1571 825 Israelis
1598 798 1719 832 inquam,
1737 806 1798 826 cer-

1011 846 1118 866 nemus.
1138 839 1210 867 Deus
1229 840 1302 867 enim
1321 839 1488 876 Synagogam
1506 843 1588 870 veluti
1602 851 1714 871 uxorem
1728 844 1798 872 edu—

1012 883 1051 910 xit
1068 891 1100 911 ex
1113 883 1238 920 Egt'pto,
1254 893 1304 920 per
1323 885 1534 914 intellectualem
1547 888 1615 923 legis
1628 890 1796 917 societatem.

170 925 254 961 νόμον
270 927 368 961 νοητῆς
382 925 533 957 κοινωνίας.
546 925 676 961 Προσίετο
688 925 752 961 γὰρ,
765 925 811 952 καὶ
824 924 898 959 ἠξίου
912 925 959 960 μὲν

1011 928 1129 956 Admisit
1145 919 1219 956 enim
1233 919 1303 962 eam,
1319 934 1347 957 et
1358 930 1542 958 familiaritate
1552 919 1798 968 coniunctioneque

169 972 347 1007 οίκειότητος.
363 971 501 1007 ἔγκαρπον
512 979 541 998 τε
556 970 627 998 οὕτω
637 971 684 998 καὶ
697 971 799 998 τέκνων
810 971 891 998 ἐτίθει
907 979 959 1006 μη-

169 1017 246 1052 τέρα,
264 1017 404 1052 μονονουχὶ
424 1016 670 1052 νυμφαγωγοῦντος
687 1016 771 1053 αὐτὴν
791 1017 838 1043 τοῦ
861 1017 960 1043 πανσό-

170 1071 220 1096 φου
235 1062 365 1095 Μωσέως,
382 1063 430 1090 καὶ
446 1063 495 1098 τῆς
512 1063 658 1097 novae-tia;
671 1062 716 1089 τὸν
730 1063 830 1098 τρόπον
847 1063 961 1098 μεσολα-

170 1108 288 1135 ϐοΰντων
309 1109 442 1143 ἀγγέλων.
468 1109 536 1135 Ἀλλ’
566 1110 582 1144 ὴ
602 1109 669 1144 πρὸς
694 1109 773 1136 τοῦτο
792 1109 867 1145 παρὰ
892 1109 959 1136 Θεοῦ

170 1155 369 1190 παρενεχθεῖσα
391 1155 540 1190 Συναγωγὴ
552 1154 598 1181 τὸν
612 1155 660 1189 τῆς
678 1155 853 1190 γνησιάτητος
867 1154 960 1181 ἐλύπει

169 1201 262 1236 νόμον,
289 1200 478 1236 συναπτομένη
501 1201 600 1236 τρόπον
618 1201 678 1227 τινὰ
701 1202 757 1233 τοῖς
774 1201 821 1227 τοῦ
836 1210 960 1236 γεγαμη-

169 1246 247 1278 κότος
273 1247 349 1278 uteie.
364 1247 411 1273 καὶ
424 1247 470 1273 ὑπ’
488 1247 579 1279 αὐτοῖς
598 1247 777 1282 πορνεύουσα,
793 1248 839 1274 καὶ
857 1256 960 1282 καρπο-

170 1291 290 1327 φοροῦσα
305 1291 353 1327 μὲν
367 1291 459 1318 οὐκέτι
474 1291 512 1326 τῷ
528 1291 570 1317 διὰ
587 1291 668 1326 νόμου
685 1291 853 1327 συνῳκηκότι
866 1312 872 1324 ,
893 1292 959 1319 ὑπο-

170 1338 289 1374 φέρουσα
309 1337 337 1364 δὲ
352 1337 452 1372 μᾶλλον
465 1338 510 1364 τὴν
528 1338 592 1365 ἴδιον
609 1337 670 1364 νοῦν
685 1339 740 1370 τοῖς
759 1338 860 1374 ἑτέρων
874 1347 959 1375 σπερ-

171 1384 326 1419 ματισμοῐς,
341 1384 421 1418 δῆλον
435 1384 463 1410 δὲ
475 1384 514 1410 ὅτι
533 1385 637 1419 νοητοῖς
655 1384 702 1410 καὶ
717 1385 773 1416 τοῖς
786 1385 855 1411 κατὰ
872 1385 959 1420 μάθη-

171 1439 213 1456 σιν
227 1429 308 1464 λέγω.
332 1428 514 1464 Ἀτιμάζουσα
531 1429 585 1465 γὰρ
600 1429 637 1461 ὡς
652 1429 735 1456 ἕωλον
750 1430 781 1456 τὸ
799 1430 958 1466 προκεῖσθαι

169 1474 245 1510 Θεῷ,
270 1474 338 1510 πρὸς
357 1474 512 1509 ἐντάλματα
534 1475 583 1501 καὶ
606 1474 781 1506 διδασκαλίας
808 1474 959 1510 ἀνθρώπων

170 1519 315 1556 ιτράπετο,
330 1520 377 1547 καὶ
395 1519 564 1555 μαθημάτων
583 1520 636 1546 τῶν
655 1519 759 1547 ἄνωθεν
782 1520 939 1556 ἅλογήσασα
950 1541 957 1552 ,

172 1567 200 1593 τὸ
221 1566 317 1593 δοκοῦν
339 1566 432 1597 ἁπλῶς
454 1566 572 1593 ἐποιεῖτο
594 1566 686 1602 νόμον.
713 1565 858 1602 Τοιγάρτοι
880 1566 927 1593 καὶ
943 1567 957 1592 ό
972 1582 992 1611 C

170 1612 313 1648 προφήτης
328 1612 456 1644 Ἡσαΐας,
469 1621 478 1638 ‹
493 1611 554 1644 Πῶς
566 1612 684 1646 ἐγένετο,
696 1612 771 1647 φησι,
785 1613 870 1647 πόρνη
883 1612 958 1644 πόλις

172 1659 253 1694 πιστὴ
268 1658 348 1690 Σιὼν.
366 1658 472 1694 πλήρης
484 1658 618 1695 κρίσεως;
637 1660 666 1685 ἐν
716 1658 872 1694 δικαιοσύνη
888 1660 958 1686 ἐκοι-

172 1704 246 1740 μήθη
266 1705 294 1732 ἑν
310 1705 388 1740 αὐτῇ,
405 1704 452 1731 νῦν
473 1704 502 1732 δὲ
517 1704 654 1739 φονευταί.
676 1704 712 1731 Τὸ
729 1704 860 1740 ἀργύριον
883 1704 958 1740 ὑμῶν

171 1750 309 1786 ἀδόκιμον.
322 1751 353 1777 Ui
365 1749 482 1786 κάπηλοι
495 1758 542 1777 σου
560 1750 685 1786 μίσγουσι
699 1750 745 1777 τὸν
759 1748 830 1777 οἶνον
842 1750 927 1777 ὕδατι.
946 1760 955 1776 ι

176 1795 326 1832 Ἕκοιμήθη
345 1795 393 1831 μὲν
409 1795 463 1831 γὰρ
478 1796 542 1831 παρ’
563 1796 630 1831 αὐτῇ
640 1817 647 1829 ,
664 1796 710 1822 καὶ¹
725 1795 872 1822 κατέλυσεν
888 1797 904 1831 ἡ
920 1796 958 1822 δι-

173 1839 300 1876 καιοσύνη
309 1861 316 1871 ,
329 1840 451 1867 τουτέστι
468 1839 543 1871 Θεός.
569 1840 638 1866 Ἀλλ’
651 1839 802 1874 εἰσεδέξατο
815 1841 957 1875 φονευτὰς,

173 1886 375 1922 μοιχωμένους,
391 1887 437 1913 καὶ
454 1886 586 1922 φθόρους,
605 1888 667 1918 τοὺς
683 1887 814 1923 ἀργύριον
833 1888 901 1923 αὐτῇ
917 1888 955 1914 δι-

170 1932 265 1965 δόντας
278 1932 416 1968 ἀδόκιμον,
432 1933 479 1960 καὶ
495 1932 697 1968 ἀναμιγνύντας
719 1933 764 1959 τὸν
781 1930 850 1960 οἶνον
870 1934 957 1961 ὕδατι.

177 1979 318 2013 ’Δδόκιμος
341 1980 395 2015 γὰρ
419 1979 526 2014 ἀληθῶς
547 1980 562 2006 ό
582 1979 660 2013 λόγος
680 1979 735 2006 τῶν
758 1979 958 2006 ἀναπειθόντων

171 2025 256 2059 αὐτὴν
270 2025 377 2052 ἑλέσθαι
394 2026 476 2061 τιμᾷν
496 2025 668 2057 διδασκαλίας
684 2025 730 2052 καὶ
743 2025 897 2060 ἐντάλματα
914 2027 958 2052 ἀν-

172 2071 298 2106 θρώπων.
313 2072 547 2108 Κεκαπηλευμένη
567 2071 595 2099 δὲ
607 2071 702 2107 ὥσπερ
715 2071 763 2099 καὶ
778 2071 824 2098 τοῦ
838 2072 958 2107 χείρονος

170 2117 398 2153 οὑκὰσυμμιγὴς,
409 2119 425 2152 ἡ
438 2118 503 2154 παρ’
512 2117 623 2145 ἐκείνων
635 2118 782 2153 ἀφήγησις.
795 2117 880 2144 Τοῦτο
894 2117 956 2152 γὰρ,

171 2161 260 2198 οἶμαι,
270 2163 327 2190 tari.
337 2163 366 2190 τὸ
378 2163 658 2199 ἀναμεμίχθαιλέγειν
670 2163 716 2191 τὸν
728 2161 797 2190 οἶνον
806 2163 957 2189 ὒδατι.”οτι

171 2207 199 2234 δὲ
212 2207 242 2234 τὸ
258 2208 351 2244 χρῆμα
372 2209 417 2236 τόν
433 2208 486 2236 τῶν
500 2209 568 2236 ὅλων
581 2209 676 2235 ἐλύπει
695 2208 772 2240 Θεὸν,
795 2208 842 2235 καὶ
858 2208 894 2239 ὼς
911 2216 957 2234 πε-

1012 974 1137 1010 dignatus
1155 979 1207 1007 est,
1225 979 1306 1010 atque
1333 976 1373 1003 sic
1392 976 1534 1004 fecundam
1551 982 1578 1004 et
1595 981 1711 1005 matrem
1727 977 1798 1005 illio-

1012 1027 1072 1046 rum
1089 1019 1190 1052 effecit,
1209 1020 1335 1054 pronubo
1347 1020 1548 1055 quodammodo
1563 1021 1646 1054 Mose,
1663 1027 1744 1057 atque
1763 1023 1797 1050 ad

1011 1064 1129 1099 eonjugii
1157 1064 1266 1090 modum
1293 1065 1539 1094 intervenientibus
1561 1067 1673 1102 angelis.
1697 1067 1797 1095 Verum

1012 1109 1072 1141 ista,
1092 1117 1152 1144 quae
1168 1110 1201 1137 ad
1220 1110 1271 1137 hoc
1289 1118 1303 1137 τι
1320 1111 1374 1138 Deo
1394 1111 1512 1139 adducta
1528 1116 1569 1140 est
1586 1111 1736 1149 Synagoga.
1754 1122 1797 1142 re-

1011 1155 1121 1189 pudiata
1134 1163 1197 1182 vera
1211 1163 1243 1182 ac
1253 1155 1358 1182 sincera
1370 1156 1439 1190 lege,
1460 1156 1586 1190 copulata
1604 1160 1646 1183 est
1664 1156 1797 1191 quodam-

1011 1201 1092 1228 modo
1111 1201 1175 1229 tliiis
1195 1201 1290 1236 ipsius,
1309 1205 1336 1228 et
1355 1201 1506 1228 adulterata
1522 1209 1583 1228 cum
1599 1201 1659 1234 eis;
1674 1209 1725 1229 nec
1738 1209 1797 1229 am-

1011 1247 1084 1282 plius
1108 1247 1144 1279 ei,
1169 1247 1216 1282 qui
1240 1247 1378 1282 legitimus
1399 1247 1513 1274 maritus
1530 1251 1599 1279 erat,
1610 1247 1796 1279 fructificavit.

1011 1292 1059 1320 sed
1088 1297 1208 1320 mentem
1237 1299 1314 1319 suam
1346 1292 1461 1319 aliorum
1490 1292 1642 1320 seminibus
1669 1292 1796 1328 subjecit,

1010 1337 1198 1372 spiritualibus
1210 1337 1351 1369 nimirum,
1368 1344 1482 1372 quaeque
1498 1337 1532 1364 ad
1545 1337 1697 1365 doctrinam
1712 1339 1797 1373 perti-

1010 1386 1086 1409 nent.
1108 1382 1265 1418 Despiciens
1287 1383 1360 1411 enim
1385 1387 1415 1410 ut
1438 1391 1539 1410 vanum
1566 1383 1622 1411 Deo
1647 1384 1795 1417 adhzerere,

1011 1428 1147 1456 convertit
1165 1436 1194 1456 se
1216 1428 1250 1456 ad
1274 1428 1401 1456 mandata
1424 1433 1450 1456 et
1476 1428 1615 1457 doctrinas
1642 1429 1795 1463 hominum.

1010 1474 1168 1502 caelestibus
1189 1474 1332 1509 praeceptis
1351 1474 1512 1510 repudiatis,
1533 1475 1606 1510 quod
1623 1475 1674 1510 ipsi
1690 1476 1796 1504 arride-

1011 1519 1057 1547 bat
1076 1520 1165 1547 solum
1186 1519 1298 1547 faciens.
1318 1519 1388 1546 Hinc
1404 1524 1432 1547 et
1443 1520 1575 1554 propheta
1592 1520 1674 1548 isaias
1689 1530 1695 1548 :
1712 1532 1720 1547 ί
1737 1521 1797 1556 Quo

1009 1571 1098 1600 pacto,
1129 1565 1240 1600 inquit.‘
1257 1564 1327 1592 facta
1356 1569 1399 1592 est
1426 1566 1557 1593 meretrix
1592 1567 1688 1595 civitas
1710 1567 1798 1601 ﬁdelis

1009 1610 1085 1643 Sion,
1105 1611 1185 1646 plena
1202 1610 1298 1646 iudicii
1312 1631 1319 1643 ,
1335 1610 1362 1637 in
1383 1618 1437 1645 qua
1448 1611 1553 1647 justitia
1565 1612 1669 1647 quievit
1686 1614 1714 1640 in
1727 1614 1795 1649 ipsa,

1010 1664 1082 1684 nunc
1102 1656 1265 1684 homicidae?
1278 1656 1428 1692 Argentum
1447 1661 1570 1685 vestrum
1590 1662 1632 1685 est
1658 1659 1796 1688 adultera-

1010 1707 1077 1730 tum.
1089 1702 1232 1738 Caupones
1245 1702 1284 1729 tui
1298 1702 1413 1729 miscent
1431 1702 1526 1729 vinum
1546 1710 1616 1738 aqua
1633 1703 1667 1730 ‘°.
1684 1714 1693 1730 ι
1713 1703 1796 1737 Quie-

1009 1748 1048 1776 vit
1065 1749 1138 1776 enim
1162 1748 1190 1774 in
1211 1748 1268 1782 ipsa
1293 1752 1375 1782 atque
1400 1747 1550 1782 hospitium
1565 1748 1662 1776 habuit
1679 1749 1795 1784 justitia.

1009 1795 1062 1822 hoc
1083 1799 1126 1822 est
1149 1794 1230 1821 Deus.
1252 1792 1305 1820 Sed
1327 1792 1438 1820 admisit
1462 1792 1623 1826 homicidas,
1647 1794 1795 1827 adulteros.

1009 1844 1194 1875 corruptores,
1216 1839 1263 1874 qui
1289 1839 1411 1874 praebent
1429 1844 1571 1874 argentum
1591 1840 1750 1875 reprobum,
1769 1846 1799 1869 et

1009 1884 1125 1912 miscent
1148 1884 1243 1911 vinum
1265 1892 1345 1920 aqua.
1369 1885 1509 1921 Siquidem
1533 1885 1667 1921 reprobus
1685 1886 1798 1913 omnino

1008 1933 1051 1957 est
1069 1937 1165 1957 eorum
1189 1937 1290 1961 sermo,
1311 1930 1358 1964 qui
1379 1931 1546 1965 persuadent
1564 1931 1616 1966 ipsi
1633 1935 1662 1959 ut
1679 1936 1799 1960 sectetur

1009 1974 1149 2002 doctrinas
1164 1978 1192 2002 et
1210 1974 1336 2002 mandata
1357 1975 1511 2003 hominum.
1533 1976 1692 2004 Adulterata
1715 1977 1798 2005 etiam

1008 2024 1059 2052 est,
1085 2028 1174 2055 neque
1200 2020 1281 2056 213
1304 2021 1447 2055 pravitatis
1471 2021 1586 2049 mistura
1607 2027 1682 2049 caret
1702 2030 1796 2050 eorum

1008 2066 1141 2094 doctrina.
1163 2067 1192 2094 ld
1213 2067 1297 2099 enim,
1319 2067 1449 2101 arbitror,
1464 2072 1506 2095 est
1529 2068 1602 2103 quod
1619 2068 1686 2096 dicit
1700 2077 1797 2104 aquam

1008 2113 1073 2140 vino
1092 2113 1210 2140 mistam.
1225 2112 1302 2146 Quod
1323 2121 1386 2141 vero
1399 2114 1452 2142 hoc
1470 2113 1557 2142 Deum
1576 2115 1660 2142 totius
1676 2115 1796 2143 universi

1009 2159 1077 2186 male
1096 2158 1234 2190 habuerit,
1247 2158 1376 2194 quodque
1389 2159 1487 2187 merito
1503 2159 1654 2187 Jerusalem
1666 2164 1797 2195 tanquam

1009 2204 1162 2232 adulteram
1183 2205 1329 2237 accusarit,
1353 2204 1416 2232 audi
1439 2213 1472 2232 ex
1496 2205 1547 2232 hoc
1570 2205 1641 2232 clare
1661 2205 1733 2240 quod
1749 2213 1799 2240 per

172 2253 360 2288 πορνευμένην
381 2254 492 2285 εἰκότως
517 2254 664 2290 κατῃτιᾶτο
686 2253 736 2289 τὴν
764 2252 955 2288 Ἰερουσαλὴμ,

1010 2258 1104 2278 vocem
1121 2251 1246 2278 Ieremia;
1267 2251 1335 2278 dixit
1349 2260 1354 2277 :
1377 2261 1385 2277 ε
1400 2251 1471 2278 Leva
1487 2251 1580 2278 oculos
1599 2255 1661 2278 tuos
1679 2251 1706 2278 in
1722 2251 1796 2278 dire-

171 2298 253 2325 ᾱκουε
266 2298 360 2334 σαφῶς
373 2299 416 2326 ὁτὲ
431 2300 480 2335 μὲν
491 2299 615 2333 λέγοντος
629 2298 673 2326 διὰ
687 2299 737 2334 τῆς
756 2298 888 2334 Ἱερεμίου
905 2306 960 2332 φω-

171 2344 236 2378 νῆς·
255 2353 264 2370 ι
284 2341 370 2380 Ἀρον
385 2346 425 2378 εἰς
439 2345 546 2372 εὐθεῖαν
567 2345 613 2372 τὸν
626 2344 764 2380 ὀφθαλμόν
779 2353 826 2371 σου
836 2364 843 2376 ,
857 2344 904 2371 καὶ
921 2344 960 2370 ῐδε

171 2389 222 2416 -τοῦ
255 2390 416 2427 ἑξεφύρθης.
448 2392 509 2418 Ἐπὶ
525 2393 585 2423 ταῖς
622 2391 691 2423 ὁδοῖς
720 2390 850 2422 ὲκάθισας
865 2389 960 2421 αὑταῖς

170 2435 236 2462 ὡσεὶ
254 2436 360 2472 κορώνη
382 2437 578 2473 ἡρημουμένη,
595 2437 641 2464 καὶ
665 2437 780 2472 ἑμίανας
794 2436 843 2472 τὴν
862 2435 914 2472 γῆν
931 2437 960 2463 ὲν

171 2482 230 2512 rei;
248 2482 371 2516 πορνίαις
395 2491 453 2515 σου,
468 2483 514 2510 καὶ
535 2483 614 2519 ἔσχες
634 2482 765 2518 ποιμένας
787 2482 900 2514 πολλοὺς
917 2481 957 2513 είς

171 2527 338 2563 πρόσκομμα
351 2530 464 2564 σεαυτῇ.
481 2529 560 2563 Ὄζιις
574 2529 676 2564 πόρνης
684 2528 791 2562 ἐγένετό
804 2537 854 2558 σοι.
869 2528 956 2562 ἀπην-

170 2573 354 2609 αισχύντησας
379 2575 448 2610 πρὸς
465 2576 577 2607 πάντας·
594 2575 643 2610 οὐχ
655 2575 693 2607 ὼς
707 2574 828 2601 σύνοικον
844 2582 877 2610 με
891 2573 957 2600 ἑκά-

169 2617 261 2650 λισας,
274 2619 319 2645 καὶ
334 2620 438 2655 πατέρα
453 2620 499 2647 καὶ
513 2621 635 2656 ἀρχηγὸν
644 2620 694 2655 τῆς
706 2619 853 2655 παρθενίας
870 2627 927 2646 σω·
947 2626 955 2644 ν

170 2664 216 2690 καὶ
230 2662 310 2697 αὖθις
328 2665 373 2692 ὁτὲ
394 2665 422 2692 δὲ
438 2663 482 2693 αὖ·
506 2675 515 2692 ‹
542 2666 604 2693 Ἐὰν
621 2666 804 2702 ἐξαποστέλλῃ
825 2665 893 2700 ἀνὴρ
910 2664 958 2700 τὴν

170 2712 285 2742 γυναῖκα
298 2711 396 2745 αὐτοῦ,
419 2713 464 2739 καὶ
481 2712 584 2748 ἀπέλθῃ
599 2713 646 2740 ἀπ’
668 2711 765 2744 αὑτοῦ,
787 2711 833 2738 καὶ
846 2711 958 2746 γένηται

171 2755 248 2792 ἀνδρὶ
277 2757 380 2793 ἑτέρῳ,
409 2759 445 2794 μὴ
469 2759 684 2794 ἀνακάμπτουσα
708 2757 864 2792 ἀνακάμψει
891 2756 960 2791 πρὸς

171 2801 252 2828 αἱτὶν
284 2802 338 2836 ἔτι;
369 2804 406 2830 Οὐ
436 2805 595 2839 μαινομένη
627 2804 805 2839 μιανθήσεται
840 2804 856 2837 ἡ
890 2802 957 2836 γυνὴ

206 2862 228 2878 ⁷³
246 2863 314 2889 (lt'n.
333 2872 402 2895 τιμε,
417 2865 443 2895 ὅ,
463 2865 483 2890 ί.
524 2866 545 2879 ⁷³
561 2865 627 2892 Con.
648 2872 708 2896 uti,
729 2865 770 2891 56.

810 2866 830 2877 τι
847 2865 896 2890 lin.
914 2871 932 2891 ι,
951 2861 996 2894 ‘21,
1014 2861 1057 2887 2:2.

1007 2301 1092 2329 ctum,
1107 2301 1135 2324 et
1149 2296 1210 2323 vide
1225 2296 1270 2323 ubi
1286 2301 1422 2332 prostrata
1435 2296 1481 2324 sis.
1499 2296 1528 2323 in
1541 2296 1594 2324 viis
1606 2296 1671 2331 ipsis
1682 2297 1797 2324 sedebas

1009 2347 1136 2378 tanquam
1145 2342 1239 2370 cornix
1249 2342 1379 2374 desolata,
1390 2349 1418 2370 et
1426 2342 1545 2378 polluisti
1557 2346 1656 2370 terram
1668 2343 1695 2370 in
1710 2343 1796 2370 forni-

1007 2389 1162 2417 cationibus
1171 2388 1268 2421 tuis,et
1276 2388 1396 2416 habuisti
1406 2391 1529 2423 pastores
1546 2389 1646 2416 multos
1664 2389 1691 2416 in
1707 2389 1796 2422 offen-

1007 2435 1112 2462 sionem
1119 2434 1178 2462 tibi.
1191 2434 1283 2462 Facies
1291 2434 1375 2462 scorti
1383 2433 1452 2461 facta
1461 2434 1568 2462 esttibi.
1579 2435 1688 2463 Desiisti
1695 2435 1799 2462 erube<

1007 2489 1084 2509 scere
1099 2480 1133 2508 ad
1142 2488 1246 2512 omnes,
1255 2480 1410 2508 necvocasti
1421 2488 1464 2508 me
1472 2481 1697 2509 contubernalem
1706 2485 1794 2512 tuum.
1834 2487 1836 2489 '

1007 2535 1069 2555 cum
1078 2527 1129 2554 sim
1137 2531 1166 2554 et
1173 2531 1249 2561 pater
1257 2529 1283 2554 et
1291 2526 1345 2553 dux
1355 2526 1518 2562 virginitatis
1527 2531 1579 2555 tuae
1588 2527 1608 2543 "
1615 2548 1621 2554 .
1628 2537 1636 2553 ι
1649 2527 1733 2555 item:
1747 2538 1755 2553 ι
1768 2527 1796 2555 Si

1007 2573 1142 2601 dimiserit
1149 2572 1192 2600 vir
1199 2580 1310 2599 uxorem
1318 2579 1406 2605 suam,
1414 2578 1442 2600 et
1450 2581 1559 2608 egressa
1566 2574 1710 2609 copuletur
1718 2574 1796 2602 alteri

1007 2620 1077 2652 viro,
1095 2627 1160 2646 num
1174 2623 1314 2646 revertens
1330 2623 1484 2647 revertetur
1499 2619 1532 2647 ad
1554 2620 1642 2654 ipsum
1662 2620 1797 2655 amplius?
1828 2641 1835 2655 ί

1008 2664 1102 2692 Nonne
1113 2663 1260 2699 polluentlo
1273 2664 1411 2699 polluetur
1427 2665 1584 2692 mulierista
1595 2665 1605 2692 ?
1616 2665 1650 2692 Et
1667 2669 1694 2692 tu
1709 2665 1796 2692 forni-

1010 2712 1069 2735 cata
1083 2715 1114 2735 es
1126 2707 1152 2734 in
1168 2707 1261 2734 multis
1278 2708 1443 2742 pastoribus,
1459 2713 1487 2736 et
1503 2713 1592 2737 tamen
1606 2710 1690 2737 audes
1707 2710 1796 2737 ad-me

1009 2754 1111 2782 reverti
1122 2754 1133 2780 ?
1145 2753 1213 2781 dicit
1222 2753 1353 2781 Dominus
1361 2753 1394 2781 θ’.
1406 2764 1413 2777 ι
1428 2754 1513 2782 Porro
1522 2755 1595 2783 hunc
1604 2754 1797 2783 fornicationis

1010 2799 1119 2827 modum
1131 2799 1188 2834 ipse
1200 2799 1280 2826 etiam
1295 2799 1418 2826 Salvator
1429 2800 1508 2828 nobis
1519 2806 1611 2836 aperte
1623 2801 1796 2829 monstravit.

1098 2861 1116 2874 “
1136 2860 1236 2888 Jerem.
1252 2868 1289 2889 Ill.
1314 2859 1339 2889 Ξ,
1356 2860 1382 2885 3.
1420 2860 1441 2874 ¹⁹
1458 2860 1524 2887 ibid.
1545 2860 1567 2887 ι,
