1999 3056
173 129 226 157 3H

671 128 932 157 GLAPHYRORUM
952 130 984 157 IN
1004 130 1152 158 GENESIM
1173 131 1236 159 LIB.
1258 132 1312 159 VII.
1747 134 1800 162 ΗΞ

172 189 247 220 σθαι,
267 187 314 214 καὶ
328 186 446 222 σκληρὸς
460 185 589 220 αὐθάδης,
601 186 749 218 τουτέστιν,
764 186 957 223 ἀμιταποὶητος

1015 189 1141 217 Christus
1161 189 1217 223 ipse
1235 197 1240 214 :
1261 197 1270 213 ‹
1283 187 1380 220 Quem,
1403 187 1451 219 ait,
1473 188 1666 223 prophetarum
1682 198 1737 218 non
1757 192 1800 220 in-

171 235 219 261 καὶ
225 232 418 267 ἀκαμπὴς,καὶ
428 232 533 267 ἄγριος,
541 231 743 263 ὲπελευστικός.
752 233 898 268 Ὀρμητίαι
909 233 963 269 γὰρ

169 281 196 306 οἱ
215 279 334 306 Ἰουδαῖοι
349 277 418 304 κατὰ
431 276 568 312 τὸὰληθὲς
576 277 624 304 καὶ
633 277 700 304 πολὺ
711 277 771 304 λίαν
782 270 893 314 ὲξήνιοι.
906 279 966 306 Τοι-

170 323 267 358 γάρτοι
277 322 389 353 δικαίως
398 321 552 348 ἀκούουσι·ι
564 321 801 358 Σκληροτράχηλοι
812 323 860 350 καὶ
869 324 964 360 ἀπερί-

171 377 268 404 τμητοι
284 368 406 403 καρδίαις
420 368 466 394 καὶ
479 369 534 398 τοῖς
545 367 621 399 ὠσὶν,
635 369 714 403 ὑμεῖς
727 368 767 396 ἀεὶ
780 369 817 404 τῷ
827 369 964 405 Πνεύματι

169 413 209 448 τῷ
215 413 284 449 ἁγίῳ
293 413 477 440 ἀντιπίπτετε.
485 423 493 438 ι
503 413 557 439 Καὶ
564 413 642 445 αὐτὸς
652 413 679 440 δὲ
689 414 702 440 ὁ
712 415 839 450 Χριστόςο
848 425 857 441 ι
868 415 943 447 Τίνα,
952 426 960 442 ι

170 461 237 495 φησι
250 469 313 491 που,
326 469 335 485 ι
348 459 401 486 τῶν
413 459 561 496 προφητῶν
574 461 624 486 οὐκ
639 460 802 487 ἀπέκτειναν
813 462 836 487 οε
848 461 964 496 πατέρες

169 504 263 541 ὑμῶνς
279 505 334 532 Καὶ
354 506 432 540 ὑμεῖς
452 504 629 540 ἐπληρώσατε
643 505 674 532 τὸ
693 506 792 541 μέτρον
810 507 865 534 τῶν
881 507 966 534 πατέ-

174 560 230 586 ρων
245 550 334 585 ὑμῶν.
349 560 358 577 ι
369 550 475 585 ’ἰταμὸς
485 548 531 577 οὖν
548 551 604 586 ἄρα
619 551 667 577 καὶ
685 551 853 587 προαλὴςείς
867 552 960 588 ὀργὰς,

170 597 217 623 καὶ
231 597 371 623 δύσοιστον
384 596 453 632 ἔχων
467 596 516 632 τὴν
532 596 626 631 ἔφοδον
638 597 652 623 ὁ
668 597 785 633 Ἰσραὴλ,
795 599 842 625 καὶ
853 598 961 633 ἐξυϐρί-

169 644 227 675 ζων
249 643 287 674 ὡς
307 642 398 678 ὕδωρ,
418 643 569 675 τουτέστιν,
594 643 730 679 ἀφόρητον
750 645 819 679 ἔχων
832 644 880 679 τὴν
902 644 961 671 καο’

167 686 206 715 ὦν
219 689 252 715 ἂν
265 688 352 714 ἕλοιτο
364 688 549 724 καταδρομήν.
564 689 693 715 Τοιαῦται
707 689 761 724 γάρ
776 688 834 721 πώς
847 690 916 716 εἰσιν
929 690 957 716 αι

168 735 223 762 τῶν
236 734 340 762 ὑδάτων
353 735 445 770 φοραί.
472 744 481 760 ι
496 735 577 762 Ἀλλὰ
594 737 630 771 μὴ
643 736 769 773 ἐκζέσῃς,
786 745 795 762 ι
814 737 891 772 φησί.
907 737 961 764 Καὶ

167 780 195 807 τε
211 780 243 815 δὴ
255 780 332 807 τοῦτό
345 781 419 811 East;
436 779 472 807 Τδ
493 780 586 812 ὲκζέον
600 780 671 815 ὕδωρ
685 780 741 807 ἄνω
763 789 813 807 που
835 781 958 816 φέρεται,

167 826 223 853 τῶν
241 825 362 861 λεϐήτων
374 825 583 862 ὑπερχεόμενον,
603 827 649 853 καὶ
668 827 741 853 δοκεῖ
751 835 810 859 πως
829 825 899 854 εῖναι
914 829 961 855 καὶ

166 871 246 898 πολύ.
256 871 364 906 Ἐπειδὴ
376 871 464 898 τοίνυν
478 872 572 903 ὕδατος
583 872 658 907 αὑτῷ
668 872 855 907 περιτέθεικεν
861 873 959 909 ὁρμὴν,
979 868 998 895 Β

165 918 291 952 ιπιμένει
305 919 337 954 τῇ
358 918 403 944 τοῦ
426 917 505 952 λόγου
520 919 681 954 μεταφορᾷ,
697 919 745 946 καί
768 927 850 954 φησι·
880 928 890 945 ι
913 919 959 955 Μὴ

165 962 298 998 ικζέσῃς,
315 971 324 988 ι
345 962 359 989 ὃ
374 963 448 995 ἐστι,
470 962 506 998 μὴ
528 963 686 999 ὑπεραροῇς
701 964 741 995 είς
756 963 874 998 πλῆθος,
891 964 959 999 μηδὲ

165 1007 256 1041 γένοιο
277 1007 370 1039 πολύς.
391 1008 577 1044 Εὑαρίθμητοι
604 1010 658 1045 γὰρ
680 1009 718 1040 ὡς
747 1009 815 1043 πρῦς
835 1009 884 1045 τὴν
906 1008 960 1035 τῶν

171 1053 306 1089 Ἑλλήνων
334 1053 437 1089 πληθὺν
461 1055 485 1081 οἱ
504 1054 532 1087 ἐξ
554 1054 669 1089 αἵματος
690 1054 798 1090 Ἰσραὴλ
819 1055 958 1082 ἀνασεσω-

166 1101 262 1134 σμένοι
282 1099 326 1126 διὰ
342 1100 460 1132 πίστεως
479 1100 527 1136 τῆς
544 1101 574 1126 ὲν
589 1100 709 1136 Χριστῷ,
726 1098 791 1126 Εῐτα
806 1101 855 1135 τὴν
869 1102 958 1127 αἰτίαν

164 1147 290 1181 ἐπιφέρει
313 1145 360 1173 τοῦ
387 1146 616 1182 συμϐησομένου,
639 1146 687 1172 καί
713 1154 789 1181 φησί’
811 1156 820 1172 ι
847 1146 959 1181 ’Λνέόης

163 1192 219 1227 γὰρ
251 1191 297 1218 ἐπὶ
324 1191 418 1226 κοίτην
445 1192 546 1227 πατρός
575 1200 643 1224 σου,
674 1192 733 1218 τότε
765 1192 880 1226 ἐμίανας
910 1191 958 1227 τὴν

164 1236 308 1272 στρωμνὴν
341 1234 371 1264 οὗ
394 1237 503 1272 ἀνὲῧης.
533 1247 542 1262 ι
579 1237 622 1268 Ὠς
651 1236 705 1273 γὰρ
735 1237 785 1273 ἤδη
816 1238 957 1272 προεῖπον,

162 1283 256 1310 οὐκέτι
271 1283 319 1318 μὲν
335 1283 369 1309 τὰ
387 1284 415 1310 ὲν
429 1283 504 1319 νόμῳ
522 1282 727 1318 διερευνώμενοι
749 1283 796 1310 καὶ
811 1284 867 1314 τοῖς
889 1282 958 1309 ἄνω-

164 1326 212 1352 θεν
240 1326 339 1361 λογίοις
360 1328 406 1353 καὶ
436 1328 492 1359 τοῖς
522 1326 673 1362 ἀνθρώπων
707 1327 875 1362 ἐντάλμασι,
908 1327 958 1362 τῆς

172 1370 219 1399 λιτὶ
239 1372 354 1408 *Χριστῷ
379 1372 505 1407 γνώσεως
525 1372 652 1409 ταύτῃτοι
672 1373 885 1408 διημαρτήκασι.
909 1373 958 1399 Διὰ

162 1418 242 1444 τοῦτο
262 1418 308 1444 καὶ
329 1418 408 1449 αὑτός
429 1426 521 1453 φησιν·
550 1427 558 1443 ι
590 1418 734 1453 Ἐρευνᾶτε
758 1417 806 1449 τὰς
829 1417 955 1453 Γραφὰς,

162 1463 202 1490 ὅτι
224 1463 302 1497 ὑμεῖς
321 1463 422 1489 δοκεῖτε
440 1464 468 1489 ὲν
483 1463 578 1495 αὑταῖς
592 1462 664 1499 ζωὴν
677 1463 785 1489 αἰώνιον
800 1462 882 1497 ἔχειν,
901 1463 954 1490 Καὶ

164 1509 269 1535 “srvat
284 1509 351 1535 εἰσιν
368 1509 395 1535 αἱ
413 1509 598 1545 μαρτυροῦσαι
616 1510 679 1544 περὶ
702 1509 785 1544 ἐμοῦ,
804 1510 849 1535 καὶ
863 1510 892 1535 οὐ
909 1509 953 1536 0t-

164 1553 224 1580 λετε
240 1553 327 1580 ἐλθεῖν
343 1553 411 1588 πρός
428 1562 472 1589 με,
496 1554 539 1580 ἵνα
556 1554 627 1588 ζωὴν
644 1554 732 1590 ἔχητε.
752 1563 761 1580 ι
786 1555 838 1580 Καὶ
857 1554 951 1581 πάλινι

167 1609 176 1625 ί
194 1599 225 1625 Et
238 1599 395 1626 ἐπιστεύετε
407 1601 509 1632 Μωσεῖ,
519 1599 675 1626 ἐπιστεύετε
691 1599 723 1626 ἂν
737 1600 809 1635 ἐμοί·
825 1599 888 1635 περὶ
899 1599 952 1636 γὰρ

164 1644 231 1679 ἐμοῦ
248 1645 351 1677 ἐκεῖνος
370 1644 497 1680 ἔγραψεν.
514 1655 523 1671 ι
545 1645 692 1681 Ἐπῃτιᾶτο
709 1644 736 1671 δὲ
753 1644 812 1671 λίαν
831 1645 875 1670 καὶ
891 1644 953 1676 τοὺς

162 1689 218 1717 τῶν
239 1690 371 1717 Ἰουδαίων
386 1689 553 1726 καθηγητὰς,
572 1690 644 1717 οὕτω
657 1690 754 1724 λέγων·
772 1699 781 1716 ι
797 1690 864 1716 Οὐαὶ
877 1689 952 1724 ὑμῖν,

164 1735 342 1771 Γραμματεῖς
365 1736 411 1762 καὶ
434 1737 574 1772 Φαρισαῖοι
597 1736 761 1772 ὑποκριταὶ,
785 1736 824 1762 ὅτι
851 1735 954 1762 κλείετε

161 1782 213 1816 τὴν
232 1781 370 1816 βασιλείαν
387 1781 440 1809 τῶν
461 1781 583 1818 οὐρανῶν
597 1781 753 1817 ἔμπροσθεν
773 1781 827 1808 τῶν
850 1779 953 1816 ἀνθρώ-

163 1835 233 1853 πων.
255 1827 349 1860 Ὑμεῖς
366 1827 420 1863 γὰρ
430 1828 479 1853 οὐκ
496 1827 661 1863 εἰσέρχεσθε,
679 1825 739 1853 οὔτε
757 1826 819 1857 τοὺς
835 1825 956 1860 εἰσερχο-

165 1873 264 1908 μένους
279 1873 372 1907 ἀφίετε
387 1873 528 1900 εἱσελθεῖν,
545 1882 555 1898 ι
577 1873 632 1899 Καὶ
654 1872 746 1898 πάλιν·
767 1880 776 1897 ι
792 1871 861 1898 οὐαὶ
881 1871 954 1906 ὑμῖν,

163 1919 341 1955 Γραμματεῖς
358 1920 404 1946 καὶ
417 1920 558 1954 Φαρισαῖοι
572 1918 736 1953 ὑποκριταὶ,
753 1917 793 1944 ὅτι
809 1916 955 1952 περιάγετε

163 1965 213 2000 τὴν
227 1965 365 1992 θάλασσαν
378 1966 423 1992 καὶ
435 1966 484 2000 τὴν
497 1964 581 2000 ξηρὰν
595 1964 707 1998 ποιῆσαι
717 1963 765 1989 Eva.
777 1963 954 1997 προσήλυτον.

163 2011 219 2038 Καὶ
232 2011 295 2038 ὅταν
308 2011 419 2046 γένηται
431 2031 438 2042 ,
454 2012 555 2037 ποιεῖτε
569 2010 649 2037 αὑτὸν
664 2009 722 2036 υἱὸν
740 2008 851 2043 γεέννης
866 2007 955 2034 διπλό-

1018 235 1185 262 terfecerunt
1198 238 1290 270 patres
1305 233 1388 261 vestri
1403 234 1414 260 ?
1433 234 1467 261 Et
1481 241 1530 261 vos
1547 234 1709 269 implevislis
1726 245 1802 266 men-

1017 288 1107 310 suram
1125 285 1233 316 patrum
1243 285 1396 308 vestrorum
1410 281 1444 308 ".
1459 290 1468 306 ι
1487 280 1610 317 Praeceps
1621 281 1703 316 igitur
1714 287 1756 310 est
1773 284 1800 312 in

1016 326 1082 360 iras,
1111 332 1138 355 et
1163 332 1320 360 contumax,
1341 332 1422 362 atque
1445 327 1611 354 intolerabili
1632 327 1735 363 impetu
1755 337 1799 356 ra-

1016 373 1090 407 pitur
1112 373 1204 405 Israel,
1231 378 1313 408 atque
1337 372 1494 400 redundans
1519 376 1549 399 ut
1573 381 1653 407 aqua,
1678 373 1731 401 hoc
1746 379 1798 405 est.

1015 417 1125 444 immani
1142 418 1169 445 in
1184 425 1215 445 ca
1235 426 1294 453 quae
1307 418 1364 445 vult
1388 418 1492 452 impetu
1516 417 1614 445 fertur.
1638 418 1798 454 Hujusmodi

1014 464 1086 491 enim
1110 469 1152 491 est
1171 472 1246 498 aquae
1270 464 1404 492 currentis
1426 465 1552 500 impetus.
1573 473 1581 490 ι
1599 464 1654 492 Sed
1667 472 1701 492 ne
1717 465 1799 493 eﬁ‘er-

1014 509 1116 542 bueris,
1139 519 1146 535 I
1176 510 1273 545 inquit.
1294 510 1398 545 Ecquid
1415 511 1468 537 hoc
1494 510 1562 538 est?
1587 511 1664 545 Aqua
1683 510 1799 538 θίγοι-νο-

1013 563 1093 583 scens
1115 563 1224 583 sursum
1250 556 1337 583 fertur
1363 557 1390 583 in
1413 556 1560 589 lebetibus,
1584 556 1742 586 diﬂ'undens
1758 563 1797 588 se,

1014 601 1050 628 ita
1076 605 1105 628 ut
1134 602 1219 629 multa
1244 609 1304 629 esse
1328 602 1462 629 videatur.
1489 602 1584 637 Itaque
1611 606 1754 637 postquam
1773 602 1798 629 ei

1012 654 1089 681 aqua:
1109 646 1240 682 impetum
1263 647 1369 680 tribuit,
1390 647 1512 682 persistit
1530 647 1557 674 in
1576 647 1746 682 metaphora,
1771 650 1799 674 et

1011 693 1059 724 ait,
1090 701 1099 718 ‹
1119 700 1154 719 ne
1173 692 1345 725 eﬁ‘erbueris,
1364 702 1373 718 ι
1400 692 1451 719 hoc
1472 696 1524 724 est,
1548 700 1582 725 ne
1606 692 1745 719 extollaris
1770 692 1796 718 in

1012 737 1224 765 multitudinem.
1247 738 1375 766 Israelita:
1395 737 1468 764 enim
1484 745 1532 772 per
1550 737 1629 769 ﬁdem
1648 738 1674 764 in
1688 737 1797 765 Christo

1008 783 1149 819 iustiﬁcati
1166 784 1236 812 bene
1250 784 1435 812 numerabiles
1456 788 1519 811 sunt
1535 787 1659 819 respectu
1671 784 1795 811 multitu-

1011 829 1083 857 dinis
1101 830 1233 866 gentium.
1257 829 1336 864 215
1360 829 1462 857 Deinde
1482 837 1591 857 causam
1615 829 1696 857 aﬁ‘ert
1724 829 1797 856 illius

1010 875 1084 910 quod
1101 875 1242 909 acciderit,
1257 879 1284 902 et
1294 875 1332 902 ait
1349 884 1355 902 :
1376 884 1384 900 ι
1398 875 1553 902 Ascendisti
1564 874 1637 901 enim
1649 874 1676 901 in
1695 874 1796 902 lectum

1010 921 1096 956 patris
1114 922 1163 953 tui,
1176 925 1241 948 tunc
1253 920 1374 956 polluisti
1384 924 1500 948 stratum
1513 920 1571 955 ejus
1584 920 1610 946 in
1621 919 1694 954 quod
1704 927 1797 947 ascen-

1010 967 1084 995 disti.
1114 976 1124 993 ›
1148 966 1226 998 Nam,
1254 970 1284 994 ut
1315 966 1397 993 modo
1418 965 1485 998 dixi,
1510 973 1572 993 cum
1600 973 1654 994 non
1681 965 1797 1000 amplius

1009 1020 1115 1044 eorum,
1144 1019 1205 1047 qua:
1233 1011 1260 1038 in
1276 1011 1335 1046 lege
1349 1010 1535 1042 continentur,
1551 1017 1643 1037 curam
1662 1013 1796 1044 gererent.

1010 1065 1100 1093 neque
1118 1057 1248 1092 supernis
1273 1057 1356 1084 rebus
1383 1056 1583 1087 incumberent,
1609 1059 1637 1082 et
1654 1054 1798 1090 praeceptis

1010 1101 1163 1133 hominum,
1182 1100 1243 1127 ideo
1259 1108 1274 1127 a
1294 1100 1449 1135 cognitione
1466 1099 1567 1127 Christi
1589 1100 1795 1127 aberraveruut.

1009 1146 1126 1182 Ideoque
1150 1146 1234 1173 etiam
1257 1146 1315 1180 ipse
1334 1145 1390 1172 ait:
1417 1155 1426 1171 ι
1444 1145 1611 1173 Scrutamini
1631 1143 1795 1179 Seripturas,

1009 1191 1073 1226 quia
1090 1199 1138 1219 vos
1152 1192 1252 1226 putatis
1270 1191 1297 1218 in
1313 1191 1379 1226 ipsis
1393 1191 1476 1218 vitam
1494 1195 1624 1218 aeternam
1637 1191 1748 1218 habere.
1763 1189 1797 1216 Et

1009 1238 1061 1265 illa:
1076 1241 1140 1265 sunt
1152 1245 1212 1272 quae
1226 1236 1406 1264 testiﬁcantur
1419 1236 1453 1263 de
1467 1244 1521 1267 me,
1538 1244 1589 1263 nec
1605 1237 1687 1264 vultis
1702 1237 1796 1265 venire

1008 1283 1042 1310 ad
1054 1290 1107 1315 me,
1118 1282 1240 1309 utvitam
1255 1281 1380 1309 habealis
1391 1281 1458 1308 “'".
1467 1291 1475 1307 ι
1491 1281 1525 1308 Ει
1539 1289 1652 1313 rursus:
1667 1292 1683 1307 ιι
1694 1282 1722 1309 Si
1733 1290 1795 1311 cre-

1008 1328 1110 1356 deretis
1133 1327 1210 1359 Mosi,
1230 1326 1379 1354 crederetis
1398 1329 1426 1353 ct
1447 1326 1514 1353 mihi
1527 1335 1534 1353 :
1549 1326 1583 1354 de
1600 1334 1644 1353 me
1658 1327 1731 1355 enim
1750 1327 1795 1355 ille

1008 1373 1118 1407 scripsit
1137 1373 1170 1399 ".
1192 1382 1200 1398 ι
1223 1372 1376 1399 Accusabat
1393 1375 1485 1398 autem
1501 1372 1679 1399 vehementer
1691 1373 1794 1407 princi-

1009 1425 1055 1452 pes
1069 1416 1236 1448 Judzeorum,
1250 1416 1288 1442 ita
1308 1415 1420 1443 dicens:
1444 1425 1453 1441 ‹
1473 1416 1517 1443 Vae
1540 1416 1628 1448 vobis,
1641 1416 1746 1444 Scriba!
1766 1421 1795 1444 et

1008 1461 1136 1489 Pharisaei
1150 1460 1306 1496 hypocrita,
1318 1460 1382 1494 quia
1392 1459 1518 1487 elauditis
1534 1468 1647 1495 regnum
1663 1461 1794 1488 caelorum

1008 1515 1099 1535 coram
1117 1506 1284 1534 hominibus.
1309 1506 1364 1534 Vos
1382 1507 1454 1533 enim
1477 1514 1532 1534 non
1556 1507 1685 1539 introitis,
1699 1511 1727 1535 et
1747 1508 1794 1542 qui

1007 1553 1148 1580 introeunt
1165 1552 1316 1586 prohibetis
1332 1552 1365 1579 ".
1385 1562 1394 1578 ι
1412 1553 1446 1580 Et
1468 1559 1563 1580 rursus
1579 1561 1585 1580 :
1612 1562 1621 1578 ‹
1634 1552 1680 1580 Vae
1705 1552 1792 1585 vobis,

1007 1599 1110 1627 Scriba
1127 1604 1155 1626 et
1172 1598 1302 1626 Pharisaei
1319 1598 1477 1635 hypocrita,
1503 1599 1550 1634 qui
1573 1598 1696 1626 circuitis
1720 1606 1794 1626 mare

1006 1651 1034 1672 et
1053 1645 1168 1677 aridam,
1185 1648 1215 1672 ut
1231 1645 1337 1672 faciatis
1353 1653 1438 1672 unum
1453 1645 1621 1680 proselytum
1641 1653 1648 1671 :
1668 1645 1716 1680 qui
1731 1652 1794 1672 eum

1006 1690 1094 1718 factus
1116 1690 1209 1721 fuerit,
1238 1689 1344 1718 eilieitis
1365 1698 1429 1717 eum
1455 1689 1540 1718 ﬁlium
1564 1690 1695 1726 gehennae
1712 1689 1795 1726 duplo

1008 1736 1138 1771 majorem
1157 1744 1239 1771 quam
1257 1744 1306 1763 vos
1323 1736 1390 1764 estis
1403 1736 1437 1763 ’°.
1453 1746 1462 1762 ι
1476 1736 1536 1763 Non
1553 1740 1643 1763 autem
1661 1737 1796 1772 potuisset

1008 1781 1081 1809 ﬁlius
1104 1782 1236 1816 gehennae
1259 1782 1329 1814 ﬁeri,
1349 1782 1401 1809 nisi
1421 1781 1618 1809 fornicatorum
1633 1783 1794 1810 commentis

1009 1827 1106 1855 fuisset
1123 1827 1256 1854 imbutus.
1272 1828 1343 1862 Ergo
1360 1827 1489 1855 Israelita),
1507 1827 1691 1855 ascenderunt
1709 1828 1737 1855 in
1753 1827 1794 1855 le-

1008 1876 1081 1899 ctum
1095 1873 1191 1908 patris,
1209 1877 1386 1907 aspernantes
1399 1872 1509 1907 quidem
1524 1872 1686 1908 Iegislatoris
1696 1873 1793 1900 volun—
1811 1898 1819 1905 ,

1007 1922 1100 1950 tatem,
1125 1922 1155 1945 ut
1171 1925 1267 1945 vanam
1281 1926 1288 1950 ;
1305 1925 1369 1944 suos
1385 1921 1476 1944 autem
1493 1925 1633 1945 sermones
1654 1918 1794 1953 discipulis

1005 1964 1062 1990 suis
1081 1963 1250 1991 inculcantes
1272 1967 1300 1990 et
1319 1962 1500 1990 immunditiaa
1518 1963 1624 1990 semina
1644 1963 1710 1998 ipsis
1744 1964 1793 1990 lm-

1004 2008 1154 2036 mittentes.

162 2065 242 2092 τερον
265 2057 353 2092 ὑμῶν.
379 2066 388 2082 ι
420 2057 490 2083 Ἀλλ’
512 2057 562 2083 οὐκ
582 2056 614 2083 ἂν
636 2055 745 2089 ἐγένετο
767 2054 878 2088 γεέννης
897 2053 965 2086 υίὸς,
986 2055 1010 2081 εἰ
1032 2054 1069 2090 μὴ
1091 2055 1147 2086 τοῖς
1161 2054 1216 2081 τῶν
1237 2054 1412 2090 μοιχωμένων
1432 2054 1580 2090 προσετέθη
1596 2054 1692 2088 λόγοις.
1718 2055 1793 2080 Ἀνα-

164 2104 297 2139 ὃεὸήκασι
316 2104 405 2131 τοίνυν
430 2105 474 2131 ἐπὶ
496 2104 589 2138 κοίτην
613 2103 713 2138 πατρὸς
734 2102 759 2128 οἱ
782 2102 811 2134 ὲξ
837 2101 952 2136 αἵματος
970 2102 1088 2138 Ἰσραήλ⁴
1125 2102 1331 2138 παρωθούμενοι
1349 2102 1397 2138 μὲν
1418 2102 1449 2129 τὸ
1480 2102 1518 2138 τῷ
1537 2102 1669 2139 νομοθέτῃ
1687 2102 1791 2134 δοκοῦν,

165 2153 202 2183 ὡς
219 2152 310 2179 ἕωλον·
332 2153 395 2184 τοὺς
409 2152 488 2184 ἰδίους
503 2151 531 2177 δὲ
552 2152 609 2183 τοῖς
626 2151 829 2187 παιδευομένοις
848 2150 1030 2186 εἰσκρίνοντες
1048 2149 1151 2185 λόγους,
1168 2151 1215 2177 καὶ
1240 2150 1410 2186 ἀκαθαρσίας
1441 2151 1530 2183 αὐτοῖς
1561 2150 1677 2182 ἐνιέντες
1707 2151 1791 2186 σπέρ-

166 2206 249 2233 ματα.

376 2257 445 2290 Περὶ
457 2257 580 2292 Συμεὼν
591 2257 640 2284 καὶ
655 2257 737 2284 Λευΐ.

199 2311 234 2338 α’.
256 2321 265 2338 ι
285 2312 399 2347 Συμεὼν
413 2313 460 2340 καὶ
483 2313 548 2340 Λευῒ
566 2313 677 2348 ἀδελφοὶ
701 2314 878 2341 συνετέλεσαν
896 2313 955 2340 ἀδι-

163 2358 226 2384 κίαν
240 2358 270 2390 ἐξ
287 2359 419 2394 αἱρέσεως
433 2360 533 2387 αὐτῶν.
551 2361 598 2392 Είς
616 2360 712 2396 βουλὴν
726 2360 818 2387 αὐτῶν
832 2360 868 2395 μὴ
883 2358 954 2386 ἔλθοι

163 2405 179 2439 η
199 2404 273 2440 ψυχή
295 2414 356 2440 μου,
371 2406 419 2432 καὶ
431 2407 477 2432 ἐπὶ
486 2408 518 2442 τῇ
535 2407 662 2433 συστάσει
681 2406 770 2434 αὐτῶν
793 2405 830 2441 μὴ
850 2405 954 2440 ὲρείσαι

162 2450 197 2477 τὰ
213 2450 307 2486 ἥπατα
325 2460 386 2486 μου,
407 2452 447 2478 ὅτι
475 2453 503 2478 ἐν
521 2452 560 2487 τῷ
587 2451 666 2487 θυμῷ
683 2452 772 2479 αὐτῶν
791 2451 955 2478 ἀπέκτειναν

107 2514 119 2519 -
162 2495 334 2530 ἀνθρώπους,
349 2497 394 2523 καὶ
403 2497 431 2524 ὲν
442 2498 474 2533 τῇ
489 2497 620 2533 ἐπιθυμίᾳ
631 2497 720 2524 αὐτῶν
735 2496 953 2531 ὲνευροκόπησαν

162 2539 272 2575 ταῦρον.
287 2541 502 2578 Ἐπικατάρατος
516 2543 530 2569 ὁ
544 2542 629 2578 θυμὸς
649 2542 749 2574 αὐτῶν,
763 2542 803 2568 ὅτι
822 2541 952 2576 αὐθάδης,

163 2585 212 2612 καὶ
223 2587 239 2620 ἡ
255 2587 334 2622 μῆνις
342 2587 441 2618 αὐτῶν,
453 2588 494 2615 ὅτι
508 2587 688 2624 ὲσκληρύνθη.
705 2587 843 2623 Διαμεριῶ
856 2587 954 2618 αὐτοὺς

116 2664 120 2668 .
163 2631 312 2664 ὲνΊακὼῧ,
330 2633 378 2659 καὶ
393 2633 530 2668 διασπερῶ
545 2634 644 2666 αὐτοὺς
668 2635 697 2661 ὲν
712 2633 833 2669 Ἰσραήλ.
859 2642 868 2658 ι
890 2633 953 2659 Ἐκ-

164 2679 388 2715 πεπορνευμένης
403 2681 451 2715 τῆς
473 2680 660 2717 Ἰερουσαλὴμ,
677 2680 724 2707 καὶ
739 2680 855 2712 ἀνοσίοις
870 2687 953 2714 φενα-

164 2726 272 2758 κισμοῖς
284 2725 339 2752 τῶν
347 2726 592 2762 ἑτεροδιδασκαλεῖν
603 2726 736 2753 εἰωθότων
751 2725 952 2759 ὑπενεγκούσης

197 2805 218 2820 "
234 2805 328 2833 Matth.
341 2814 415 2839 χχιιι,
431 2806 472 2834 5‘2.
513 2807 662 2838 "-"Joan,
674 2815 698 2840 ι’,
716 2807 759 2835 59.
797 2807 820 2822 ’⁸
839 2807 904 2834 ibid.
928 2806 970 2834 46.

163 2838 219 2866 5-7.

970 2248 990 2274 D

1251 2254 1290 2282 De
1308 2253 1429 2282 Simeone
1445 2259 1468 2281 et
1485 2254 1555 2282 Levi.

1037 2311 1063 2338 I.
1079 2320 1088 2337 ι
1108 2310 1219 2338 Simeon
1235 2315 1262 2338 et
1276 2310 1342 2338 Levi
1351 2310 1449 2338 fratres
1467 2317 1726 2339 consummaverunt
1736 2313 1790 2340 ini—

1001 2357 1137 2391 quitatem
1153 2356 1287 2392 propositi
1298 2355 1351 2385 sui.
1365 2355 1465 2383 Anima
1478 2364 1538 2385 mea
1550 2364 1606 2383 non
1619 2355 1790 2392 ingrediatur

1001 2402 1029 2429 in
1043 2401 1188 2429 consilium
1199 2408 1307 2428 eorum.
1320 2400 1350 2428 In
1364 2405 1436 2428 coetu
1454 2401 1574 2436 ipsorum
1592 2409 1647 2429 non
1662 2402 1790 2430 dicentur

1001 2448 1130 2476 sublimia
1142 2456 1212 2480 mea,
1224 2447 1288 2482 quia
1306 2447 1334 2474 in
1351 2447 1444 2474 furore
1458 2455 1508 2475 suo
1522 2447 1720 2476 interfecerunt
1738 2448 1789 2476 ho—

1006 2493 1109 2526 mines,
1131 2497 1160 2521 et
1181 2493 1210 2520 in
1235 2492 1457 2527 concupiscentia
1484 2501 1533 2520 sua
1554 2493 1790 2522 subnervaverunt

1006 2544 1126 2567 taurum.
1147 2539 1306 2566 Maledictus
1321 2538 1397 2566 furor
1413 2547 1519 2572 eorum,
1533 2540 1596 2574 quia
1613 2541 1748 2575 pertinax,
1761 2544 1790 2568 ct

1004 2585 1046 2613 ira
1057 2592 1153 2612 eorum
1166 2583 1230 2618 quia
1244 2583 1369 2610 indurata
1383 2588 1434 2610 est.
1449 2583 1572 2611 Dividam
1588 2592 1636 2612 eos
1651 2584 1678 2611 in
1693 2584 1786 2616 Iacob,

1004 2635 1032 2658 et
1043 2630 1196 2665 dispergam
1207 2637 1254 2657 eos
1267 2629 1295 2656 in
1306 2629 1388 2656 Israel
1406 2629 1439 2656 ".
1456 2639 1464 2655 ι
1481 2629 1548 2657 Nam
1562 2637 1624 2657 eum
1636 2629 1787 2658 Jerusalem

1002 2676 1197 2708 Iornicaretur,
1208 2679 1382 2710 mentemque
1392 2675 1541 2712 subjiceret
1550 2676 1641 2711 impiis
1651 2676 1786 2704 illusioni-

1003 2723 1054 2750 bus
1065 2729 1170 2754 eorum|
1184 2721 1231 2756 qui
1247 2721 1356 2749 diversa
1366 2729 1381 2748 a
1394 2721 1454 2757 lege
1464 2721 1514 2750 Dei
1525 2722 1624 2750 docere
1636 2729 1785 2750 consueve—

1370 2803 1392 2819 "
1406 2803 1474 2831 ibid.
1491 2804 1533 2831 15.
1581 2803 1604 2819 ’⁷
1617 2801 1686 2830 Gen.
1711 2809 1781 2835 nix,

1025 2805 1047 2821 "'
1065 2804 1158 2832 Matth.
1183 2811 1257 2836 χχιιι,
1272 2803 1315 2831 15.
