1999 3056
206 137 259 165 5ίό

719 144 746 171 S.
767 144 903 172 CYRILLl
924 144 1156 173 ALEXANDIUM
1179 147 1336 175 ABCHIEP.

1779 150 1831 179 Ξ.ίί

208 197 282 224 runt,
293 191 355 228 jure
368 194 471 229 optimo
483 195 518 223 iis
540 196 661 225 otl'ensus
673 204 732 226 erat
746 200 826 232 Deus,
839 207 888 235 per
899 207 982 227 voce"

1044 200 1089 226 τὸν
1109 202 1180 232 νοῦν,
1199 202 1358 237 ἐχαλέπαινε
1389 203 1436 237 μὲν
1450 202 1560 235 εἰκότως
1577 203 1591 229 ό
1607 203 1658 229 τῶν
1674 203 1742 230 ὅλων
1754 204 1830 236 Θεὸς,

207 237 282 265 Isaiae
294 242 389 273 aperte
402 240 498 270 dicens
512 251 518 270 :
537 252 545 269 ι
564 242 683 279 Populus
695 245 746 273 iste
757 245 837 273 labiis
849 253 892 273 me
905 246 991 274 hono-

206 288 259 316 rat,
285 292 332 312 eor
345 290 438 314 autem
453 295 548 316 eorum
566 290 660 325 procul
673 295 715 319 est
725 300 739 318 a
751 299 803 319 me.
820 293 930 320 Frustra
945 300 991 320 co-

206 329 266 355 lunt
278 337 332 362 me,
345 330 476 360 docentes
496 334 634 363 doctrinas
651 336 732 372 216
746 341 774 364 et
789 342 924 372 prmeepta
944 337 993 364 h0-

187 367 190 372 ’
207 374 311 401 minum
324 375 356 402 ".
375 386 384 402 ι
407 377 554 414 Postquam
570 389 635 408 vero
655 381 725 408 Deus
741 389 774 408 ac
789 382 870 410 Pater
882 383 991 418 excogi-

207 418 274 448 tavit
285 429 340 456 quo
351 428 431 458 pacto
443 423 522 452 istam
537 426 678 460 profanam
690 427 840 455 Jerusalem
851 429 992 457 erroribus

205 470 233 493 et
245 468 371 495 vecordia
387 471 565 498 temulentam
584 472 612 498 in
630 472 727 500 melius
743 474 899 507 reduceret,
917 476 992 503 misit

205 512 306 540 Filium
326 522 405 542 suum
425 524 439 543 e
458 517 534 544 caelis
549 518 650 545 factum
666 523 695 546 ut
708 527 767 552 nos,
781 520 833 548 hoc
845 526 886 549 est
901 523 991 550 hemi-

205 566 278 592 nem,
303 564 342 593 ut,
354 562 484 594 quoniam
512 563 638 591 desiisset
665 565 810 594 multitudo
833 573 991 596 sanctorum

204 605 400 640 prophetarum
427 607 535 636 infectis
559 609 642 637 rebus
663 611 802 646 (dicebant
826 613 898 641 enim
926 623 990 650 pro—

191 642 294 683 pheta:
307 659 313 677 ε
331 652 469 686 «Domine,
482 654 544 688 quis
556 642 674 683 credidit
688 657 793 685 auditui
808 642 989 696 nostro".?-),

203 695 246 722 vel
268 695 356 731 ipsum
377 697 486 731 Filium,
509 700 531 727 si
551 702 667 735 veniret,
687 704 869 739 susciperent.
890 707 990 734 Verum

203 742 247 770 isti
259 751 292 770 eo
308 745 434 773 amentiae
446 752 592 781 venerunt,
605 753 635 776 ut
652 754 781 784 putarent
796 760 824 779 se
840 761 919 787 posse
935 754 988 781 Do-

203 789 330 817 minicam
347 790 533 820 haereditatem
550 795 654 828 tollere,
667 797 689 823 si
705 797 785 825 modo
804 803 913 826 sanctos
929 804 988 827 tru-

201 835 339 870 cidarent;
371 842 452 874 atque
483 840 551 868 adeo
581 849 677 870 omnes
711 843 858 879 impietatis
888 847 989 881 gradus

201 882 318 915 egressi,
342 883 369 910 in
393 885 482 919 ipsum
507 887 590 914 etiam
618 888 715 916 Filium
743 890 862 918 absurde
886 892 987 920 invecti

201 930 274 954 sunt.
297 937 305 953 ι
320 928 453 956 Dixerunt
464 930 537 958 enim
552 932 624 966 apud
636 940 665 960 se
679 942 685 959 :
699 933 749 961 llic
761 939 802 962 est
817 935 904 963 haeres
923 946 928 963 :
944 945 989 964 ve-

201 973 269 1006 nite,
283 973 480 1003 interliciamus
491 984 564 1009 cum,
579 982 607 1005 et
622 986 788 1014 occupemus
801 980 988 1009 hcereditatcm

199 1018 259 1052 cjus
272 1020 291 1044 ‘.
309 1028 317 1044 ›
339 1019 395 1047 lmo
407 1028 472 1048 vero
484 1029 538 1048 non
554 1022 706 1051 sulIiciebat
723 1024 777 1052 illis
792 1032 824 1052 eo
840 1018 988 1060 impietatis

200 1065 375 1097 processisse,
389 1066 436 1093 sed
457 1068 558 1095 sanctis
576 1068 717 1103 prophetis
729 1070 889 1105 adjecerunt
903 1077 930 1098 ct
944 1081 986 1100 sc-

199 1109 314 1142 cundos,
324 1116 442 1144 sanctos,
456 1112 578 1148 inquam,
588 1115 735 1149 apostolos,
746 1108 863 1151 quorum
876 1119 986 1153 sangui—

197 1163 260 1182 nem
279 1156 373 1183 itidem
390 1157 557 1186 cﬂ'uderunt.
575 1160 716 1195 Ejusmodi
735 1163 808 1189 enim
824 1171 932 1191 sensum
948 1165 988 1200 gi-

198 1201 256 1235 gnit
280 1202 360 1229 nobis
386 1205 539 1238 praepositae
563 1207 714 1241 prophetiae
738 1215 846 1243 scopus.
872 1209 988 1237 Videtur

197 1248 270 1274 enim
295 1247 404 1276 divinus
430 1249 514 1276 Iacob
536 1258 643 1284 eorum,
659 1260 719 1287 quo:
743 1253 769 1279 in
789 1253 898 1281 Sicimis
927 1260 986 1282 acta

197 1298 271 1326 sunt,
285 1294 385 1322 iterum
404 1296 570 1324 meminisse.
586 1298 625 1325 lta
638 1303 729 1326 autem
749 1307 843 1327 revera
861 1308 890 1328 se
904 1301 986 1329 habet

197 1339 283 1366 sancti
303 1348 389 1367 mens.
409 1341 477 1368 Nam
500 1343 638 1376 quomodo
660 1343 687 1371 id
716 1345 788 1379 quod
806 1346 860 1380 jam
884 1345 985 1374 factum

195 1389 266 1418 crat,
285 1389 413 1421 tauquam
428 1395 478 1415 suo
491 1392 615 1424 tempore
631 1389 753 1418 futurum
771 1391 833 1426 quis
851 1393 987 1427 accipiat?

196 1431 234 1457 lix
246 1439 279 1458 eo
291 1431 374 1467 igitur
392 1433 466 1467 quod
482 1433 508 1460 in
523 1434 631 1463 Sicimis
649 1435 750 1465 factum
768 1438 829 1471 fuit,
844 1439 876 1466 ad
894 1448 984 1474 mqua-

195 1477 248 1504 lem
262 1478 367 1512 peccati
380 1479 491 1506 modum
505 1480 590 1508 refert
600 1489 632 1509 ea
644 1490 705 1517 quae
717 1483 744 1510 in
756 1483 865 1511 Christo
879 1491 985 1519 patrata

195 1524 268 1552 sunt,
283 1524 313 1547 ut
333 1525 407 1548 certe
425 1527 454 1550 et
470 1524 497 1550 in
516 1525 699 1561 primogenita
720 1527 826 1555 Ruhcn.
846 1529 898 1556 Sed
918 1531 982 1564 quid

194 1566 391 1594 commiserunt
404 1568 430 1595 in
446 1569 556 1598 Sicimis
569 1570 678 1599 Simeon
695 1577 723 1599 et
735 1573 820 1601 Levi?
836 1575 901 1602 Dina
919 1576 982 1603 Levi

193 1616 222 1638 et
244 1611 381 1640 Simeonis
401 1621 490 1647 soror,
516 1617 639 1650 paternis
665 1620 792 1648 tentoriis
809 1629 929 1656 egressa,
954 1628 983 1651 ut

194 1657 298 1691 puellas
316 1658 376 1694 ejus
398 1660 518 1695 regionis
532 1662 675 1696 aspiceret,
692 1672 706 1691 a
728 1664 837 1693 Sichem
856 1667 982 1695 Emmore

194 1706 317 1737 stuprata
336 1709 387 1735 est,
402 1705 558 1741 virginitate
580 1708 680 1736 ablata.
695 1709 735 1742 llli
756 1715 848 1738 autem
868 1713 921 1740 hoc
940 1713 982 1750 in—

193 1747 352 1783 dignissime
370 1750 500 1784 ferentes,
517 1760 549 1780 ac
571 1752 773 1783 fraudulentam
795 1757 862 1792 ipsis
881 1748 982 1786 caedem

193 1795 392 1828 machinantes,
406 1798 608 1832 persuadebant
626 1804 655 1828 ut
673 1802 772 1829 avitam
789 1803 910 1838 ipsorum
928 1806 982 1833 eir-

192 1840 387 1868 cumcisionem
406 1844 578 1879 susciperent
596 1849 677 1881 atque
696 1848 892 1884 observarent;
910 1852 981 1886 quod

180 1885 214 1927 ‘si
235 1885 325 1914 facere
348 1896 402 1916 non
423 1896 592 1924 recusarent,
608 1901 708 1929 genere
729 1897 890 1932 conjunetos
913 1898 980 1926 fore.

192 1930 252 1964 Quo
268 1932 340 1961 facto
356 1942 404 1963 eos
422 1935 621 1973 imprudentes,
634 1948 665 1968 ac
681 1942 749 1969 nihil
768 1930 821 1971 tale
839 1945 982 1980 suspican-

193 1982 243 2009 tes,
257 1979 428 2014 occiderunt,
446 1983 570 2012 arbitrati
591 1986 642 2014 hoc
657 1987 724 2022 ipsis
738 1988 771 2016 ad
793 1979 981 2019 defensionem

191 2024 371 2054 sulfccturum
390 2028 411 2055 si
431 2028 557 2058 dicerent
573 2041 579 2058 :
599 2042 608 2058 ί
625 2033 664 2060 Αη
679 2038 708 2061 ut
722 2039 813 2062 scorto
832 2036 981 2065 abutentur

191 2077 287 2099 sorore
300 2077 392 2100 nostra
407 2075 436 2101 '?
454 2085 462 2100 ι

225 2209 251 2236 ‘2.
273 2211 359 2239 Porro
381 2214 502 2242 eundum
533 2216 613 2244 nobis
636 2222 678 2245 est
694 2218 726 2245 ad
752 2219 790 2252 id,
819 2223 891 2256 quod
917 2224 980 2252 huic

190 2257 329 2290 convenit,
343 2262 425 2294 atque
440 2259 511 2288 hanc
530 2264 800 2299 commentationem,
813 2269 903 2302 quoad
921 2271 981 2305 ejus

190 2300 250 2328 ﬁeri
274 2304 386 2337 poterit,
407 2306 521 2339 pulchre
543 2308 780 2343 eoncinnabimus,
798 2300 980 2351 undequaquc

190 2354 222 2374 ea
232 2355 293 2382 quae
305 2348 339 2376 ad
351 2350 410 2384 ejus
425 2351 638 2382 declarationem
651 2357 789 2390 pertinere
801 2348 978 2395 videbuntur,

190 2393 354 2428 colligentes.
373 2395 471 2431 Amplo
481 2397 572 2434 itaque
584 2408 711 2430 sermone
722 2404 755 2431 de
767 2404 850 2432 Jacoh
862 2393 978 2442 egimus,

191 2442 330 2474 totamque
350 2441 409 2476 ejus
431 2443 493 2470 vitae
515 2446 648 2474 rationem
672 2457 766 2477 sumus
788 2441 936 2486 prosecuti,
951 2459 978 2481 ct

190 2491 258 2518 quas
269 2485 380 2520 quidem
394 2487 503 2516 duxerit
518 2499 627 2525 uxores,
644 2494 724 2529 217
737 2501 764 2524 et
779 2485 845 2532 quot
860 2498 977 2528 filiorum

190 2534 267 2563 pater
284 2530 368 2559 fuerit
385 2533 509 2562 (παρείης.
529 2536 652 2566 Diximus
671 2540 744 2567 enim
765 2530 838 2576 quod
859 2544 976 2578 primum

190 2575 298 2604 duxerit
306 2577 393 2613 Liam,
406 2579 523 2609 ﬁliarum
533 2582 625 2612 Laban
634 2590 698 2613 natu
711 2588 866 2622 maximam,
879 2590 977 2619 deinde

189 2620 303 2650 alteram
330 2625 403 2653 haud
428 2628 514 2656 multo
532 2635 594 2664 post
615 2636 681 2660 natu
705 2633 845 2662 minimam
861 2620 976 2665 VRaehcl.

190 2666 365 2698 Asseruimus
386 2677 477 2701 autem
496 2675 568 2710 quod
581 2676 629 2704 Lia
641 2678 752 2712 quidem
767 2680 802 2707 sit
814 2686 893 2718 typus
909 2682 978 2719 Syn-

189 2719 279 2747 agogze
301 2714 430 2751 Judaicm,
448 2718 548 2747 Rachel
563 2728 626 2749 vero
637 2721 766 2751 Ecclesia:
783 2714 915 2759 gentium.
929 2714 979 2754 lia

190 2758 262 2786 enim
277 2763 422 2796 exponitur
441 2765 574 2798 Ιαύοιγιησ,
592 2767 692 2803 quippe
712 2777 772 2804 quae
787 2758 872 2805 lippis
892 2776 916 2798 et
936 2772 979 2799 in-

235 2817 258 2834 “
277 2819 324 2847 lsn.
343 2829 412 2855 \‘xtx,
434 2824 474 2851 l5.

526 2826 547 2841 ’ν
564 2826 616 2854 lsa.
633 2834 686 2858 Lm,
704 2827 731 2859 l;
749 2827 826 2855 Σοου.
842 2837 889 2862 τη,
901 2829 948 2863 58;
966 2831 1044 2859 Rom.
1057 2841 1082 2864 κ,
1099 2831 1139 2859 16.

1044 246 1146 281 ἔφασκε
1165 247 1193 274 δὲ
1212 248 1254 275 διὰ
1282 249 1373 284 φωνῆς
1405 249 1514 275 Ἡσαΐου
1549 249 1594 276 καὶ
1625 249 1697 285 μάλα
1727 250 1831 285 σαφῶς⁸

1047 300 1056 316 ι
1080 292 1109 318 '0
1125 292 1188 324 λαὸς
1215 289 1291 325 οὗτος
1305 294 1360 325 τοῖς
1379 293 1478 329 χείλεσί
1499 302 1532 329 με
1558 295 1633 329 τιμᾷ,
1652 295 1668 330 ὴ
1687 295 1714 321 δὲ
1734 294 1832 330 καρδία

1044 337 1132 364 αὐτῶν
1152 338 1245 374 πρῤῥω
1264 339 1360 374 ἀπέχει
1385 339 1433 366 ἀπ’
1457 339 1534 374 ἐμοῦ.
1556 340 1651 376 Mum
1666 340 1693 366 δὲ
1709 341 1831 367 σέῦονταί

1045 389 1090 415 με,
1111 381 1280 414 διδάσκοντες
1293 383 1465 415 διδασκαλίας
1481 383 1637 419 ἐντάλματα
1652 385 1828 421 ἁνθρὼτιων.ι

1043 426 1153 463 Ἐπειδὴ
1172 427 1200 454 δὲ
1217 430 1275 461 ταῖς
1288 430 1327 461 είς
1342 429 1420 456 τοῦτο
1437 431 1609 465 παραφοραῖς
1635 439 1663 457 τε
1683 432 1729 458 καὶ
1749 432 1826 467 ῥᾳθυ-

1046 473 1119 508 μίαις
1138 474 1219 501 οίονεί
1242 484 1298 507 πως
1319 475 1542 511 καταμεθύουσαν
1570 476 1619 512 τὴν
1639 477 1752 512 βέϐηλον
1785 478 1824 505 Ἰε-

1045 520 1184 555 ρουσαλὴμ
1198 521 1411 557 μεταρυθμίζειν
1431 522 1477 549 ἐπὶ
1496 523 1525 549 τὸ
1542 522 1652 558 ἄμεινον
1670 524 1684 550 ό
1699 523 1765 556 Θεὸς
1785 525 1831 551 καὶ

1043 566 1138 601 Πατὴρ
1158 567 1315 599 ἐσκέπτετο,
1336 567 1480 603 πέπομφεν
1509 568 1539 601 ἐξ
1558 568 1672 605 οὐρανοῦ
1691 569 1737 596 τδν
1767 569 1831 596 ἴδιον

1043 612 1106 638 Υἱὸν
1123 612 1182 639 καθ’
1198 614 1273 649 ἡμᾶς
1298 614 1438 648 γεγονότα,
1459 615 1609 648 τουτέστιν,
1629 615 1779 650 ἄνθρωπον·
1796 612 1830 638 [ν’

1043 657 1158 693 ἐπείπερ
1171 659 1214 684 ἐπ’
1230 659 1372 694 ἀνηνύτοις
1388 660 1574 696 πράγμασινὴ
1593 660 1646 686 τῶν
1667 660 1751 694 ἁγίων
1766 669 1830 695 προ-

1043 705 1134 740 φητῶν
1158 705 1289 732 κατέλυσε
1305 705 1418 741 πληθύς·
1445 706 1565 742 ἔφασκον
1577 706 1641 742 γάρ·
1656 717 1665 732 ε
1681 706 1777 742 Κύριε.
1789 707 1829 738 τίς

1042 750 1184 778 ἐπίστευσε
1198 752 1230 787 τῇ
1241 752 1308 787 ἀκοῇ
1317 751 1408 787 ήμῶν;
1422 763 1430 778 ι
1444 752 1495 779 κᾶν
1507 752 1572 787 γοῦν
1578 752 1658 780 αὑτὸν
1667 753 1767 788 ἥκοντα
1776 752 1827 779 λοιε

1043 796 1091 822 που
1101 795 1274 831 ὲντρέποιντο
1281 796 1324 823 τὸν
1331 796 1403 824 Υίόν.
1413 798 1443 823 Οἱ
1454 797 1481 824 δὲ
1492 798 1540 824 καὶ
1548 799 1586 829 είς
1593 797 1671 824 τοῦτο
1679 798 1830 833 καθήκονιιο

1041 841 1210 873 δυσϐουλίας,
1231 842 1299 868 ὥστε
1319 842 1422 869 οἴεσθαι
1436 843 1482 869 καὶ
1498 843 1598 879 κλῆρον
1611 844 1680 870 ἑλεῖν
1698 844 1829 871 δύνασθαι

1007 879 1028 908 Β
1043 886 1088 913 τὸν
1102 887 1268 917 δεσποτικὸν,
1292 888 1471 920 ἀπεκτονότες
1490 888 1518 915 δὲ
1532 889 1595 920 τοὺς
1615 889 1719 923 ἁγίους,
1737 889 1829 916 δυσσε-

1040 933 1115 964 ϐείας
1127 942 1155 959 τε
1166 934 1215 969 τῆς
1224 935 1264 965 εἰς
1282 934 1365 969 ἄκρον
1383 934 1465 966 ἰόντες
1480 935 1618 966 ἐπέκεινα,
1636 936 1682 962 καί
1695 936 1734 967 εἰς
1748 936 1829 963 αὐτὸν

1039 979 1161 1011 ἐκτόπως
1194 981 1407 1016 πεπαρῳνήκασι
1428 981 1472 1007 τὸν
1492 981 1565 1008 Υἱόν.
1589 991 1598 1007 α
1622 980 1706 1010 Εἶπον
1727 982 1781 1018 γὰρ
1800 983 1829 1009 ἐν

1039 1027 1153 1058 ἑαυτοῖς·
1175 1024 1258 1058 Οὗτός
1278 1019 1351 1053 ἐστιν
1369 1028 1382 1053 ό
1403 1028 1581 1063 κληρονόμος,
1601 1028 1677 1055 δεῦτε
1699 1029 1828 1055 ἀποκτεί-

1038 1079 1128 1106 νωμεν
1147 1071 1238 1103 αὑτὸν,
1260 1072 1307 1098 καὶ
1322 1073 1502 1108 κατάσχοιμεν
1520 1073 1569 1108 τὴν
1584 1072 1765 1109 κληρονομίαν
1779 1074 1829 1100 αὒ-

1037 1116 1094 1143 τοῦ.
1113 1125 1121 1141 ι
1135 1115 1191 1142 Καὶ
1209 1116 1239 1143 οὐ
1259 1116 1341 1153 μέχρι
1361 1117 1464 1144 τούτων
1485 1118 1519 1144 τὰ
1534 1119 1585 1154 τῆς
1604 1119 1764 1151 δυσσεϐείας
1778 1120 1828 1146 αὺ-

1037 1164 1102 1196 τοῖς,
1117 1162 1186 1190 ἀλλὰ
1210 1163 1264 1198 γὰρ
1291 1164 1348 1195 τοῖς
1375 1164 1462 1198 ἁγίοις
1490 1165 1641 1199 προφήταις
1660 1165 1829 1201 προσέθεσαν

1037 1210 1099 1241 τους
1115 1209 1268 1244 δευτέρους,
1290 1209 1353 1241 τοὺς
1371 1209 1466 1243 ἁγίους
1484 1210 1649 1243 ἀποστόλους
1670 1211 1753 1246 φημὶ,
1768 1211 1828 1238 οὐδὲ

1036 1254 1125 1282 αὐτῶν
1147 1255 1269 1289 αἱμάτων
1284 1254 1323 1281 ἔτι
1349 1255 1508 1291 φειδόμενοι.
1532 1256 1669 1283 Τοιουτονί
1683 1266 1742 1284 τινα
1765 1257 1829 1284 νοῦν

1035 1301 1048 1326 ό
1062 1300 1111 1335 τῆς
1128 1300 1311 1335 προκειμένης
1337 1301 1402 1335 ἡμῖν
1427 1300 1594 1336 προφητείας
1613 1301 1700 1328 eam;
1717 1303 1826 1334 σκοπός.

1038 1347 1130 1373 "Bome
1148 1346 1198 1382 μὲν
1217 1347 1271 1381 γὰρ
1289 1347 1304 1372 ό
1317 1346 1458 1377 θεσπέσιος
1474 1346 1573 1373 Ἰακὼϐ
1590 1347 1644 1373 τῶν
1659 1348 1687 1374 ὲν
1706 1348 1828 1383 Σικίμοις

1025 1393 1237 1428 ’πεπραγμένων
1259 1393 1460 1428 διαμεμνῆσθαι
1492 1393 1582 1431 πάλιν.
1605 1394 1682 1429 Ἔχει
1703 1394 1731 1420 δὲ
1757 1394 1828 1421 οὕτω

1035 1438 1105 1464 κατὰ
1132 1438 1262 1474 ἀλήθειαν
1277 1439 1291 1465 ό
1308 1439 1353 1465 τοῦ
1383 1439 1489 1466 δικαίου
1511 1440 1621 1472 σκοπός
1641 1440 1698 1472 πῶς
1721 1440 1775 1477 γὰρ
1797 1441 1829 1467 τὸ

1035 1485 1084 1520 ἤδη
1105 1485 1288 1520 γεγενημένον
1307 1484 1344 1516 ὡς
1370 1485 1498 1520 ἐσόμενον
1518 1486 1589 1513 κατὰ
1604 1486 1716 1522 καιροὺς
1737 1495 1828 1522 παρα-

1035 1531 1140 1564 δέξαιτο
1148 1531 1180 1558 ἄν
1190 1540 1231 1564 τις
1241 1540 1248 1564 ;
1258 1530 1361 1558 Οὐκοῦν
1378 1531 1431 1558 ἀπὸ
1444 1531 1490 1558 τοῦ
1503 1533 1643 1566 γεγονότος
1651 1533 1679 1559 ὲν
1694 1533 1827 1568 Σικίμοις,

1037 1577 1083 1603 ὲτςὶ
1099 1576 1143 1603 τὸν
1161 1576 1217 1604 ἴσον
1233 1578 1282 1612 τῆς
1299 1577 1435 1612 ἁμαρτίας
1461 1578 1561 1613 τρόπον
1587 1579 1715 1614 ἀναφέρει
1735 1578 1767 1605 τὰ
1783 1579 1828 1606 ἐπὶ

1037 1623 1156 1658 Χριστῷ,
1185 1623 1310 1659 καθάπερ
1338 1623 1434 1658 ἀμέλει
1459 1624 1505 1650 καὶ
1530 1624 1576 1650 ἐπὶ
1601 1623 1639 1660 τῷ
1663 1625 1828 1660 πρωτοτόκῳ

1042 1669 1177 1704 Ῥουεείμ.
1198 1670 1230 1695 Τί
1246 1670 1335 1696 τοίνυν
1351 1670 1523 1706 πεπράκασιν
1533 1672 1562 1698 ἐν
1574 1672 1699 1705 Σικίμοις
1715 1672 1827 1705 Συμεὼν

1036 1714 1081 1740 καὶ
1097 1714 1178 1747 Λευίς
1192 1715 1255 1741 Δίνα
1269 1714 1317 1749 μὲν
1328 1715 1381 1751 γὰρ
1397 1716 1413 1750 ὴ
1432 1715 1497 1743 Λευί
1512 1724 1541 1742 τε
1561 1717 1608 1743 καὶ
1627 1716 1740 1751 Συμεὼν
1751 1717 1826 1743 ἁδελ-

1036 1759 1072 1795 φὴ
1089 1760 1138 1795 τῆς
1150 1760 1196 1787 τοῦ
1212 1760 1312 1797 πατρὸς
1328 1761 1415 1793 ἑξέθει
1429 1762 1541 1798 σκηνῆς,
1560 1762 1608 1794 τὰς
1623 1763 1676 1789 τῶν
1687 1763 1844 1799 ἐγχωρίων·

1035 1807 1154 1843 ὀψομένη
1169 1807 1331 1842 θυγατέρας·
1347 1807 1432 1842 Σιχὲμ
1448 1808 1475 1834 δὲ
1497 1808 1582 1844 αὐτὴν
1597 1809 1611 1835 ό
1633 1809 1740 1845 Ἐμμὺρ
1752 1808 1826 1837 ἐϐιά-

1036 1854 1107 1886 ζετο.
1128 1852 1342 1889 Διεπαρθένευσὲ
1370 1854 1425 1888 γὰρ
1448 1854 1543 1890 αὑτήν.
1566 1855 1598 1881 Οἱ
1615 1854 1642 1882 δὲ
1665 1855 1732 1892 πρὸς
1747 1855 1826 1882 τοῦτο

1034 1898 1224 1934 ἁσχάλλοντες,
1237 1900 1340 1927 καὶτὸν
1356 1900 1384 1933 ἐξ
1399 1900 1507 1936 ἀπάτης
1525 1901 1609 1936 αὐτῆς
1627 1901 1825 1936 ὲκμηχανώμε⁸

1034 1953 1073 1971 vat
1097 1945 1188 1979 φόνον,
1213 1945 1408 1981 προανέπειθον
1434 1946 1482 1981 μὲν
1504 1945 1554 1982 τὴν
1570 1945 1706 1982 πατρικὴν
1734 1946 1826 1977 αὐτοῖς

1034 1991 1191 2018 συνελέσθαι
1201 1991 1360 2027 περιτομὴν,
1372 1991 1410 2023 ὡς
1421 1992 1565 2027 ἐσομένους
1581 1991 1679 2018 αὐτίκα
1695 1992 1740 2019 καὶ
1753 1993 1824 2020 κατά

1032 2037 1110 2071 γένος
1123 2037 1250 2070 οἰκείους,
1264 2038 1288 2063 εἰ
1301 2037 1379 2064 τοῦτο
1389 2037 1455 2073 δρᾷν
1470 2037 1582 2064 ἕλοιντο.
1599 2036 1777 2073 Πεπραχότας
1792 2046 1823 2071 γε

1034 2082 1087 2118 μὴν
1106 2083 1286 2110 ἀπεκτόνασιν
1314 2083 1462 2118 ἀδοκήτως·
1480 2083 1647 2119 ἀποχρήσειν
1671 2084 1763 2115 αὐτοῖς
1784 2084 1824 2114 είς

1032 2129 1178 2164 ἀπολογίαν
1193 2129 1323 2165 οἴομενοι,
1341 2129 1370 2156 τὸ
1383 2129 1414 2164 δὴ
1427 2130 1525 2166 χρῆναι
1540 2130 1641 2164 λέγειν·
1652 2139 1661 2155 ‹
1673 2130 1742 2157 Ἀλλ’
1758 2130 1824 2157 ὡσεὶ

1033 2177 1118 2212 πόρνῃ
1129 2176 1273 2212 χρήσονται
1289 2177 1321 2212 τῇ
1336 2175 1437 2212 ἀδελφῇ
1447 2176 1541 2212 ήμῶν;
1567 2186 1576 2202 ι

998 2220 1017 2246 ῐ)
1069 2223 1100 2258 β’.
1118 2222 1197 2250 ’ἰτέον
1209 2222 1240 2257 δὴ
1260 2220 1306 2249 οὖν
1322 2222 1368 2249 ἐπὶ
1385 2222 1416 2249 τὸ
1433 2222 1519 2258 τούτῳ
1531 2222 1562 2258 δὴ
1578 2223 1747 2259 προσεοικὸς,
1778 2225 1824 2250 καὶ

1030 2269 1061 2303 δὴ
1075 2263 1274 2303 διαπλάττομεν
1286 2267 1322 2299 ὡς
1337 2267 1387 2300 ἔνι,
1407 2268 1496 2300 καλῶς
1513 2268 1543 2295 τὸ
1556 2268 1697 2304 θεώρημα,
1710 2269 1744 2295 τὰ
1763 2277 1825 2295 συν-

1030 2314 1157 2341 τελοῦντα
1172 2313 1418 2349 πρὸς-διασάιρησιν
1436 2315 1604 2350 πανταχόθεν
1624 2315 1821 2351 ἓρανιζόμενοι.

1031 2361 1096 2387 "At:
1118 2360 1207 2387 τοίνυν
1218 2360 1263 2386 τὸν
1280 2360 1326 2387 ἐπὶ
1338 2360 1375 2396 τῷ
1389 2361 1486 2388 Ἰακὼϐ
1504 2361 1716 2396 κατευρύνοντες
1731 2361 1822 2396 λόγον,

1030 2408 1103 2439 ὅπως
1122 2416 1151 2433 τε
1172 2408 1218 2434 καὶ
1232 2407 1292 2435 τίνα
1308 2408 1407 2443 τρόπον
1420 2408 1486 2435 ἐϐίω
1504 2409 1669 2444 διηγήμεθα,
1686 2409 1732 2435 καὶ
1746 2408 1822 2440 τίνας

1033 2453 1082 2487 μὲν
1096 2452 1260 2487 είσῳκίσατο
1273 2453 1420 2486 γυναικῶν,
1433 2453 1536 2480 τέκνων
1551 2453 1579 2480 δὲ
1596 2454 1666 2480 ὅσων
1678 2453 1820 2488 ἀνεδείχθη

1033 2500 1135 2534 πατὴρ.
1152 2498 1299 2534 Ἐλέγομεν
1323 2499 1362 2526 ὄτι
1383 2500 1502 2534 ἠγάγετο
1529 2501 1578 2535 μὲν
1603 2500 1652 2535 τὴν
1669 2501 1751 2527 Λείαν
1767 2501 1822 2527 τῶν

1032 2546 1079 2572 τοῦ
1097 2545 1189 2573 Λάϐαν
1203 2545 1359 2581 θυγατέρων
1367 2546 1416 2581 τὴν
1434 2546 1635 2582 πρεσϐυτάτην,
1654 2547 1783 2582 δευτέραν
1793 2547 1822 2573 δὲ

1032 2591 1090 2629 μετ’
1114 2591 1232 2626 ἐκείνην,
1256 2591 1303 2617 καὶ
1328 2591 1377 2617 οὐκ
1406 2592 1445 2623 εἰς
1474 2592 1582 2627 μακρὰν
1611 2591 1660 2626 τὴν
1684 2592 1823 2626 νεωτάτην

1034 2638 1145 2673 Ῥαχὴλ.
1170 2637 1397 2672 Διεϐεὸαιούμεθα
1422 2638 1448 2664 δὲ
1467 2638 1507 2664 ὅτι
1524 2638 1590 2665 Λεία
1612 2638 1661 2673 μὲν
1682 2639 1720 2669 είς
1737 2638 1821 2665 τύπον

1029 2685 1094 2720 ἡμῖν
1109 2685 1158 2719 τῆς
1175 2682 1308 2710 Ἰουδαίων
1318 2683 1393 2709 ἔσται
1405 2683 1578 2720 Συναγωγῆς,
1587 2684 1686 2720 Ῥαχὴλ
1696 2684 1724 2711 δὲ
1732 2683 1782 2718 τῆς
1791 2683 1821 2716 ἐξ

1030 2730 1114 2758 ἐθνῶν
1141 2728 1313 2763 Ἐκκλησίας,
1330 2729 1406 2755 Ἐπεί
1430 2739 1471 2756 τοι
1486 2730 1554 2756 Λεία
1578 2731 1625 2765 μὲν
1640 2730 1820 2766 ἑρμηνεύεται

1029 2774 1175 2803 κοπιῶσα,
1189 2774 1392 2809 ἀσθενεστέροις
1404 2775 1430 2802 δὲ
1446 2776 1489 2802 καὶ
1502 2775 1707 2811 ἀκαλλεστέροις
1720 2776 1820 2810 ἐχρῆτο

1181 2831 1298 2858 ‘Matth.
1313 2840 1366 2862 ut,
1380 2833 1422 2859 58.
1462 2834 1470 2848 ⁷
1485 2832 1552 2861 Gen.
1572 2841 1651 2861 xxxn'
1683 2832 1755 2859 HI.
