1999 3056
151 148 205 178 345

644 151 902 181 GLAPllYRORUM
923 155 955 181 ΙΝ
975 154 1124 183 GENESIM
1143 155 1207 182 LIB.
1228 156 1283 183 VII.

1724 160 1778 188 3-46

150 211 206 241 τοῖς
227 208 385 242 ὀφθαλμοῖς.
403 207 533 242 Κέκμηκε
555 207 582 233 δὲ
604 207 663 234 λίαν
684 209 699 242 ὴ
723 207 776 234 τῶν
804 208 937 235 Ἰουδαίων

994 210 1157 239 firmioribus
1176 212 1263 238 ocuiis
1279 216 1412 238 uteretur.
1435 213 1515 240 Valde
1535 219 1625 242 autem
1643 217 1777 246 laboravit

152 254 302 289 Συναγωγὴ
319 254 394 289 νόμῳ
408 254 445 288 τῷ
462 253 505 280 διὰ
522 253 643 285 Μωσέως
662 254 879 290 κατηχϐισμὲνη,
895 256 940 282 καὶ

151 300 201 326 οὐκ
218 299 372 326 εὑσΟενέσιν
385 298 531 334 όᾳθαλμοῖς
541 298 608 333 πρὸς
621 299 649 325 τὸ
664 299 710 325 τοῦ
722 300 846 335 Σωτῆρος
861 300 940 335 ἡμῶν

152 345 242 381 ὁρῶσα
259 343 417 380 μυστήριον.
444 343 543 378 Ῥαχὴλ
567 344 594 370 δὲ
617 342 649 378 ἦν
663 345 731 380 καλὴ
752 345 788 380 τῷ
806 345 870 372 εῖδει
894 347 940 372 καὶ

152 390 240 426 ὡραία
260 389 371 424 σφόδρα.
401 389 626 424 Ἐκπρεπεστάτη
640 389 668 416 δὲ
688 389 747 416 λίαν
776 391 792 426 ἡ
812 391 840 424 ἐξ
857 391 940 417 ἐθνῶν

151 435 309 470 Ἐκκλησία.
324 435 406 467 Λείας
425 435 456 470 δὴ
472 433 517 461 οὖν
538 435 680 462 τελευταία
695 432 817 472 υυγάτηρ
831 437 940 471 γέγονεν

151 483 167 516 ἡ
182 481 246 507 Δίνα
270 480 361 513 Τύπος
374 481 395 507 δ’
410 480 442 508 ἂν
454 481 558 515 γένοιτο
578 482 624 508 καὶ
639 482 707 517 αὕτη
718 483 768 517 τῆς
783 484 814 510 ἐκ
832 492 939 518 περιτο-

153 526 206 561 μῆς
216 525 344 561 πληοὶος,
357 526 373 561 ἢ
389 526 435 552 καὶ
457 527 484 553 ἐν
499 527 604 561 χρόνοις
625 527 720 560 γέγονε
735 529 791 559 τοῖς
803 528 938 562 ἐσχάτοις,

152 571 214 597 καθ’
227 571 273 602 οὓς
298 570 508 606 ἐνηνθρώπησεν
522 571 535 597 ὁ
549 571 714 605 Μονογενής.
733 572 797 598 Ὅτε.
816 573 902 600 τοίνυν
923 574 938 608 ή

152 617 205 643 τῶν
217 618 249 644 ἐκ
266 617 417 652 περιτομῆς
427 617 566 644 τελευταία.
578 617 690 652 πληθὺς.
706 617 757 649 ἔξω
767 618 851 653 βραχὺ
864 627 939 652 γενο-

152 661 221 697 μένη
235 662 285 696 τῆς
303 661 432 697 πατρῴας
457 662 569 697 σκηνῆς,
587 662 719 693 τουτέστι,
738 663 790 688 τῶν
807 663 877 689 κατὰ
895 663 940 690 τὸν

151 706 233 741 νόμον
246 705 325 739 ἐθῶν,
345 707 400 737 τοῖς
416 707 557 742 ἐγχωρίοις
579 699 769 742 προσέϐαλλεν·
791 707 873 742 ἤγουν
893 708 940 733 ἐπ-

151 752 282 786 εμίσγετο
290 751 360 778 κατὰ
376 751 503 787 μάθησιν,
522 752 593 786 λέγω
603 751 634 787 δὴ
649 754 705 784 τοῖς
724 753 811 786 ἁγίοις
824 753 938 779 ἀποστό-

151 798 219 830 λοις,
232 799 282 825 οὑκ
297 797 336 825 ἔτι
359 798 406 834 μὲν
424 797 509 830 ζῶσιν
532 798 696 830 Ἰουδαϊκῶς,
715 799 743 824 ἐν
767 798 899 833 ὑπολήψει
912 799 940 825 δὲ

150 843 246 879 ὥσπερ
262 843 386 878 γεγονόσι
395 843 447 870 τῶν
457 843 631 879 ἑτερογενῶν·
645 843 703 870 τότε
712 843 756 876 δὴ,
771 844 830 870 τότε
839 845 940 879 νοητῶς

150 889 383 924 διεπαρθενεύετο,
396 889 445 924 τῆς
467 891 494 916 ἐν
511 889 620 925 Χριστῷ
643 889 778 921 πολιτείας
797 890 843 916 καὶ
858 890 940 924 εὑαγ-
957 887 976 913 Β

151 935 264 970 γελικῆς
289 935 323 961 τὰ
350 935 494 970 σπέρματα
521 935 584 970 παρ’
601 935 690 961 αὐτῶν
708 935 849 970 δεχομένη.
870 935 940 961 Ἀλλ’

149 982 322 1016 ὴγανὰκτουν
338 981 405 1017 πρὸς
415 981 492 1008 τοῦτο
505 981 558 1007 τῶν
575 980 671 1008 ’[ακὼὸ
688 981 790 1007 παίδων
806 981 877 1012 τινὲς
892 981 941 1006 Συ-

152 1026 227 1061 μεὼν
246 1028 292 1053 καὶ
305 1027 380 1057 Λευὶ,
392 1026 540 1057 τουτέστιν,
558 1026 585 1052 οἵ
595 1035 622 1052 τε
639 1027 667 1052 ἐν
683 1025 810 1061 ὑπηκόων
823 1025 941 1060 κείμενοι

151 1072 240 1104 τάξει,
261 1073 307 1098 καὶ
323 1072 372 1098 σὺν
389 1072 481 1104 αὐτοῖς
498 1072 526 1097 τὸ
542 1071 612 1106 ἱερδν
623 1072 670 1097 καὶ
684 1071 832 1098 ἁπόλεκτον
852 1070 939 1105 γένος.

157 1117 353 1153 Ἑρμηνεύεται
384 1117 432 1152 μὲν
457 1117 512 1151 γὰρ
533 1116 645 1153 Συμεὼν
673 1116 803 1150 ὑπακοή¹
824 1116 888 1143 Λευὶ
913 1116 941 1142 δέ

151 1163 411 1198 προσειλημμένος
430 1163 445 1197 ἢ
462 1163 639 1194 ἀπόλεκτος.
661 1162 722 1189 Ὅτι
734 1162 762 1188 δὲ
781 1164 836 1193 τοῖς
855 1161 941 1196 ἁγίοις

152 1208 311 1240 ἁτωστόλοις
331 1208 479 1243 ἐπεφύοντο
504 1208 597 1240 δεινῶς
615 1209 639 1234 οἱ
653 1208 702 1243 τῆς
717 1208 786 1235 κατὰ
808 1208 888 1243 νόμον
906 1208 942 1233 le-

154 1255 269 1290 ροσὺνης
284 1254 411 1289 λαχόντες
428 1254 463 1280 τὰ
491 1254 647 1289 αὐχήματα,
665 1252 829 1280 συνθεόντων
850 1254 942 1284 αὐτοῖς

153 1301 200 1327 καὶ
213 1301 295 1331 λαῶν,
312 1299 366 1331 πῶς
384 1300 455 1326 ἔστιν
467 1298 829 1335 ἀμφιϐάλλειν;¹Επέτριζον
843 1299 871 1325 δὲ
880 1299 942 1330 τοὺς

152 1347 272 1378 ὀδόντας,
294 1346 347 1372 τῶν
372 1346 415 1372 ὑπ’
433 1346 525 1377 αὐτοῖς
545 1345 692 1379 γεγονότων
715 1344 764 1380 τὴν
777 1344 942 1380 ἐπιστροφὴν

152 1391 328 1426 καταφθορὰν
348 1391 536 1426 ὀνομάζοντες,
550 1390 597 1418 καὶ
611 1388 654 1417 οἷά
677 1400 701 1417 τι
717 1391 769 1417 τῶν
785 1391 853 1424 ἄγαν
865 1390 943 1416 ἐκτό-

154 1447 213 1466 πων
231 1438 407 1474 ἐπιφέροντες
425 1437 615 1473 ἐγκλημάτων·
629 1446 636 1462 ι
651 1437 718 1464 Ἰδοὺ
735 1437 799 1472 γὰρ,
813 1436 941 1471 ἔφασκον.

155 1482 353 1518 πεπληρώκατε
373 1483 421 1518 τὴν
439 1482 616 1517 Ἰερουσαλὴμ
630 1482 679 1516 τῆς
696 1482 808 1517 διδαχῆς
824 1481 911 1516 ὑμῶν.
931 1491 939 1507 ι

160 1529 270 1563 Ἐπειδὴ
290 1529 318 1555 δὲ
343 1528 533 1560 κατωνείδιζον
545 1527 582 1559 ὡς
601 1527 693 1554 οὐκέτι
710 1527 813 1560 ζῶντας
832 1527 943 1554 Ἰουδαῖ-

155 1573 220 1605 κῶς.
230 1574 379 1609 ἐμάνθανον
390 1574 430 1600 ὅτι
442 1573 571 1609 τετίμητο
586 1574 651 1610 παρ’
662 1574 754 1605 αὐτοῖς
768 1574 784 1608 ή
796 1573 941 1608 περιτομή·

155 1619 184 1645 et
198 1619 357 1655 διατειχίζον
365 1620 392 1646 δὲ
405 1619 473 1651 ὅλως
488 1620 527 1651 είς
538 1619 668 1655 διαφορὰν
677 1620 761 1646 οὐδέν·
771 1621 849 1655 εἴπερ
859 1619 944 1646 ἕλοιν-

154 1673 185 1691 το
204 1665 274 1691 νοεῖν
288 1665 321 1691 τὰ
338 1664 459 1697 Μωσέως
475 1664 534 1691 καθ’
549 1664 577 1691 ὃν
593 1665 646 1691 ἔδει
662 1665 770 1700 τρόπον.
787 1674 796 1690 ‹
814 1665 850 1691 Οὐ
865 1665 919 1700 γὰρ
932 1665 945 1690 ὁ

155 1711 184 1736 ἐν
197 1710 237 1746 τῷ
265 1710 383 1746 φανερῷ,
401 1711 476 1745 φησι,
501 1710 628 1742 Ὶουδαῖός
656 1711 738 1743 ἐστιν,
757 1711 816 1737 οὐδὲ
831 1712 847 1746 ἠ
865 1709 945 1745 ἐντῷ

155 1756 266 1792 φανερῷ
294 1757 322 1783 ἐν
347 1756 428 1790 σαρκὶ
456 1757 602 1791 περιτομή·
632 1755 689 1782 ἀλλ’
703 1756 717 1781 ό
733 1757 760 1782 ἐν
773 1756 812 1791 τῷ
834 1756 946 1791 κρυπτῷ

154 1802 292 1833 Ἰουδαῖος⁷
321 1802 367 1829 καὶ
392 1801 527 1837 περιτομὴ
555 1801 667 1836 καρδίας
694 1802 722 1828 ἐν
747 1801 892 1836 πνεύματι,
915 1801 945 1828 οὑ

155 1847 311 1884 γράμματι.
334 1857 343 1874 ι
363 1847 443 1883 Ὁρᾷς
457 1848 531 1879 ὅπως
545 1849 568 1874 oi
583 1847 660 1880 δόξαν
674 1847 781 1882 ἔχοντες
796 1847 946 1881 ἀλλογενῶν

158 1894 421 1929 συνεσχηματίζοντο
443 1895 498 1925 τοῖς
514 1894 659 1924 Ἰουδαίοις,
682 1893 730 1928 τὴν
756 1894 784 1919 ἐν
812 1893 946 1928 πνεύματι

158 1939 319 1975 περιτομὴν,
335 1940 382 1966 καὶ
395 1940 439 1966 τὸν
457 1940 485 1966 ἐν
500 1939 537 1975 τῷ
551 1939 665 1975 κρυπτῷ
679 1940 870 1975 περιφέροντες
881 1940 947 1966 Ίου-

157 1985 240 2012 διῖον.
261 1984 339 2012 Ἀλλὰ
354 1985 399 2011 καὶ
410 1985 495 2016 οὕτως
506 1985 868 2021 ἀπεκτόνασιπροανελόντες
883 1993 948 2021 προ-

158 2031 258 2066 φήτας,
276 2031 322 2057 καὶ
340 2031 418 2057 αὐτὸν
439 2031 467 2057 δὲ
487 2031 532 2058 τὸν
557 2031 743 2066 Ἐμμανουήλ.
768 2031 947 2057 Συνετὲλεσαν

157 2076 257 2108 τοίνυν,
275 2075 368 2110 φησιν,
398 2075 504 2102 ἀδικίαν
524 2075 634 2109 Συμεὼν
652 2076 698 2102 καὶ
724 2075 801 2107 Λευὶ,
821 2075 849 2108 ἐξ
874 2075 948 2110 αἰρέ-

158 2130 227 2153 σεως
255 2121 356 2148 αὐτῶν·
385 2122 619 2157 συμπεφωνήκασι
643 2121 697 2157 γὰρ
722 2122 768 2147 καὶ
797 2121 948 2157 συνέϐησαν

157 2166 282 2202 αλλήλοις
297 2167 336 2199 εἰς
343 2167 391 2203 τὴν
407 2167 476 2193 κατὰ
486 2167 540 2193 τῶν
553 2166 637 2202 ἁγίων
651 2166 756 2193 ἀδικίαν
766 2167 779 2193 ὅ
792 2175 821 2193 τε
837 2166 948 2201 Συμεὼν

991 257 1147 285 Ιυόιεοιιυω
1168 257 1317 292 Synagoga,
1335 257 1450 284 Mosaiea
1470 258 1528 295 lege
1548 265 1670 293 onerata,
1689 270 1778 296 neque
1799 282 1803 286 .

990 301 1078 328 acutis
1095 302 1182 329 oculis
1200 301 1349 329 Salvatoris
1369 303 1455 329 nostri
1477 304 1636 338 mysterium
1656 306 1775 334 intuens.

992 349 1092 376 Rachel
1114 353 1205 376 autem
1224 353 1283 376 erat
1303 349 1416 384 pulchra
1438 349 1507 377 facie
1526 355 1554 377 et
1574 351 1673 378 decora
1689 353 1767 380 valde

991 395 1198 430 Elegantissime
1209 403 1274 423 vero
1289 400 1382 428 estea,
1392 404 1452 430 quae
1469 404 1500 423 ex
1517 397 1643 431 gentibus
1660 403 1777 430 constat.

992 441 1123 469 Ecclesia.
1137 441 1193 468 Liae
1208 441 1292 476 igitur
1308 441 1404 468 ultimo
1421 442 1481 468 loco
1498 446 1560 469 nata
1577 447 1618 469 est
1632 442 1686 470 lilia
1699 443 1777 475 Dina.

991 494 1050 520 qua:
1066 490 1093 512 et
1107 486 1164 520 ipsa
1183 490 1272 520 potest
1286 493 1347 512 esse
1363 490 1442 520 typus
1459 486 1643 513 multitudinis
1661 487 1780 514 circum-

991 532 1121 563 cisorum,
1141 536 1170 558 ut
1188 539 1248 565 qua:
1266 535 1328 558 nata
1347 531 1383 558 sil.
1402 530 1429 557 in
1450 531 1579 558 extremis
1596 531 1777 565 temporibus,

989 577 1100 611 quando
1125 577 1287 611 Unigenitus
1311 576 1392 604 homo
1413 580 1455 603 est
1479 577 1576 604 factus.
1598 577 1666 604 Cum
1686 578 1778 612 itaque

992 623 1086 649 ultima
1100 622 1324 649 circumcisorum
1344 622 1501 654 multitudo,
1514 623 1654 656 paululum
1669 631 1777 657 egressa
1808 633 1814 638 ι

990 667 1074 695 fuerit
1088 675 1103 695 ε
1116 668 1213 694 castris
1231 667 1361 702 paternis,
1376 667 1426 694 hoc
1439 673 1490 699 est,
1505 668 1539 694 ab
1556 668 1688 695 institutis
1705 669 1777 703 lega—

991 714 1073 746 libus,
1092 714 1188 741 incidit
1208 714 1236 740 in
1258 713 1410 748 indigenas,
1428 719 1474 741 aut
1494 714 1636 741 commista
1656 719 1697 741 est
1715 721 1776 741 cum

991 759 1116 786 doctrina
1134 763 1291 786 sanctorum
1309 759 1507 793 apostolorum,
1525 759 1571 794 qui
1596 767 1651 786 non
1666 759 1776 793 quidem

991 805 1109 839 amplius
1125 805 1254 831 vivebant
1267 803 1390 836 Judaice,
1402 804 1449 832 sed
1465 804 1638 831 habebantur
1648 795 1698 838 pro
1710 803 1777 830 alic—

992 849 1108 883 nigenis.
1134 849 1220 880 Tunc,
1240 853 1315 879 tunc,
1331 848 1451 882 inquam,
1466 849 1579 883 mystice
1601 852 1779 882 constuprant

991 899 1042 925 est,
1064 894 1121 929 ejus
1140 902 1200 928 qua:
1223 894 1250 920 in
1266 893 1375 920 Christo
1397 898 1439 920 est
1462 894 1564 928 politian
1586 898 1612 920 et
1637 893 1777 928 Evangelii

991 940 1095 967 semine
1117 940 1151 966 ab
1173 939 1239 974 ipsis
1262 943 1387 973 recepto;
1407 939 1454 966 sed
1476 939 1511 965 ob
1531 939 1582 966 hoc
1603 939 1780 967 vehementer

991 986 1228 1014 excandescebant
1245 985 1355 1020 quidam
1371 993 1405 1012 ex
1421 984 1483 1012 [iliis
1497 985 1591 1015 Jacob,
1605 984 1715 1012 Simeon
1735 985 1778 1011 ni-

992 1031 1092 1058 mirum
1109 1036 1136 1058 et
1153 1030 1229 1062 Levi,
1245 1030 1297 1057 hoc
1310 1033 1362 1062 est,
1377 1029 1424 1064 qui
1447 1030 1498 1064 legi
1522 1029 1624 1056 subditi
1645 1033 1735 1061 erant,
1752 1033 1778 1056 et

992 1084 1053 1103 cum
1071 1076 1113 1103 his
1128 1083 1236 1102 sacrum
1251 1079 1333 1110 atque
1349 1075 1466 1102 electum
1479 1082 1574 1110 genus.
1588 1074 1654 1101 Nam
1669 1073 1779 1102 Simeon

991 1121 1128 1156 significat
1157 1121 1348 1153 obedientiam;
1376 1119 1440 1147 Levi
1472 1124 1563 1147 autem
1591 1123 1711 1154 acceptus
1735 1123 1781 1145 aut

992 1166 1099 1193 electus.
1114 1166 1189 1199 Quod
1203 1170 1294 1193 autem
1306 1165 1408 1193 sanctis
1422 1165 1552 1200 apostolis
1564 1165 1682 1199 graviter
1694 1164 1780 1191 insul-

993 1212 1076 1239 tarint
1096 1212 1115 1238 ii
1144 1211 1191 1246 qui
1219 1211 1365 1238 sacerdotii
1401 1210 1561 1246 dignitatem
1587 1209 1677 1244 adepti
1702 1213 1782 1236 erant

993 1257 1112 1292 (populis
1126 1265 1178 1283 una
1194 1265 1256 1284 cum
1270 1256 1336 1291 ipsis
1352 1255 1597 1290 conspirantibus),
1608 1255 1710 1282 nemini
1729 1254 1781 1289 du_-

993 1302 1068 1329 bium
1082 1310 1141 1329 esse
1159 1306 1259 1336 potest.
1278 1301 1438 1328 Stridebant
1454 1302 1528 1328 enim
1545 1300 1675 1328 dentibus
1686 1300 1782 1328 adver—

993 1355 1040 1374 sus
1062 1355 1094 1374 ea
1118 1355 1178 1382 qua:
1201 1347 1338 1374 faciebant
1366 1347 1492 1381 apostoli,
1510 1350 1641 1374 vocantes
1660 1346 1782 1382 ipsorum

993 1394 1200 1430 conversionem
1214 1393 1429 1427 corruptionem,
1442 1400 1473 1419 ac
1487 1397 1614 1426 tanquam
1631 1399 1713 1426 grave
1731 1390 1783 1418 ali-

993 1438 1066 1473 quod
1083 1438 1213 1474 tlagitium
1231 1442 1410 1465 accusantes:
1429 1447 1436 1462 ι
1452 1437 1522 1463 Ecce
1536 1436 1608 1463 enim
1622 1435 1785 1471 implevistis

993 1485 1144 1512 Jerusalem
1155 1484 1280 1511 doctrina
1292 1487 1381 1510 vestra
1390 1483 1411 1515 ³,
1428 1492 1436 1508 ι
1452 1481 1622 1517 inquiebant.
1636 1481 1782 1515 Postquam

971 1558 977 1565 ,
995 1537 1060 1557 vero
1079 1529 1281 1565 exprobrarunt
1297 1529 1346 1560 eis,
1362 1528 1435 1563 quod
1454 1536 1508 1555 non
1527 1527 1644 1562 amplius
1661 1527 1784 1553 viverent

995 1574 1118 1607 .lndaice,
1135 1579 1192 1602 tum
1209 1573 1365 1601 didicerunt
1384 1573 1436 1601 coli
1455 1573 1489 1600 ab
1509 1572 1577 1608 ipsis
1595 1570 1784 1599 circumcisio-

996 1628 1068 1652 nem,
1084 1628 1172 1654 neque
1184 1619 1333 1654 quidquam
1347 1619 1459 1646 omnino
1476 1626 1535 1646 esse
1553 1617 1624 1652 quod
1643 1617 1784 1644 discerne-

996 1670 1038 1693 ret
1050 1674 1097 1693 eos
1108 1675 1123 1693 a
1135 1666 1272 1701 gentibus.
1286 1665 1420 1700 siquidem
1432 1665 1534 1692 vellent
1545 1672 1578 1692 eo
1588 1671 1642 1698 quo
1654 1663 1786 1690 deberent

996 1720 1077 1739 sensu
1094 1712 1193 1739 Mosem
1211 1712 1372 1747 intelligere.
1390 1721 1399 1737 ‹
1413 1711 1509 1745 Neque
1523 1710 1597 1737 enim
1610 1709 1656 1744 qui
1676 1709 1704 1736 in
1725 1716 1785 1735 ma-

996 1757 1107 1789 nifesto,
1121 1757 1218 1792 inquit,
1233 1757 1343 1784 Judazus
1357 1761 1408 1788 est,
1420 1763 1509 1791 neque
1526 1763 1557 1782 ea
1572 1763 1632 1790 quae
1652 1755 1679 1782 in
1697 1754 1785 1781 mani-

997 1804 1067 1831 festo
1082 1803 1108 1830 in
1124 1812 1206 1830 carne
1226 1809 1268 1830 est
1290 1803 1474 1835 circumcisio,
1490 1802 1537 1829 sed
1559 1802 1606 1836 qui
1629 1802 1656 1828 in
1678 1800 1786 1828 occulto

996 1853 1038 1876 est
1050 1848 1171 1880 Iudaeus,
1187 1852 1214 1875 ct
1229 1848 1404 1876 circumcisio
1422 1847 1504 1882 218
1521 1847 1614 1874 cordis
1631 1846 1659 1873 in
1675 1845 1784 1881 spiritu,

997 1902 1051 1921 non
1073 1895 1100 1921 in
1121 1894 1212 1921 littera
1229 1894 1248 1920 δ.
1264 1903 1272 1919 ι
1290 1893 1371 1921 Vides
1386 1892 1524 1928 quomodo
1553 1891 1590 1919 illi
1611 1891 1658 1926 qui
1677 1891 1786 1926 opinio—
1806 1909 1814 1915 .

998 1948 1060 1967 nem
1083 1940 1220 1967 habebant
1244 1939 1468 1973 alienigenarum,
1485 1937 1646 1965 conformati
1666 1937 1721 1964 sint
1737 1936 1786 1964 Ju-

997 1986 1074 2018 daais,
1095 1985 1159 2012 dum
1184 1984 1419 2012 circumcisioncm
1436 1983 1596 2018 spiritalem,
1614 1987 1642 2009 ct
1662 1982 1785 2011 Judaeum

999 2032 1025 2058 in
1049 2031 1157 2058 occulto
1179 2029 1420 2059 circumferebant.
1448 2029 1547 2056 Verum
1569 2029 1652 2055 etiam
1676 2028 1727 2063 ipsi
1750 2028 1784 2055 ita

999 2077 1064 2104 olim
1085 2076 1259 2103 trucidabant
1276 2075 1434 2111 prophetas,
1448 2075 1502 2102 imo
1522 2074 1604 2101 etiam
1623 2074 1783 2101 Emmanue~

998 2124 1062 2150 lem.
1085 2123 1351 2150 Cousummaverunt
1372 2121 1454 2155 igitur
1479 2120 1650 2155 iniquitatem
1675 2119 1785 2146 Simeon

998 2174 1027 2197 et
1045 2169 1121 2199 Levi,
1144 2176 1174 2196 ac
1198 2167 1309 2203 quidem
1339 2176 1387 2195 sua
1410 2167 1560 2195 voluntate.
1588 2165 1785 2200 Conspirarunt

157 2213 206 2240 καὶ
226 2213 275 2248 μέν
289 2222 329 2240 τοι
342 2214 387 2240 καὶ
411 2214 425 2239 ό
439 2213 513 2244 Λευὶ,
531 2212 652 2248 τουτέστι
669 2211 727 2238 λαοί
752 2219 780 2238 τε
798 2211 843 2238 καὶ
856 2211 944 2246 ἱερεῖς.

999 2215 1072 2242 enim
1090 2218 1117 2241 et
1134 2217 1322 2241 convenerunt
1344 2213 1416 2240 inter
1436 2219 1465 2239 se
1487 2211 1522 2238 ad
1540 2210 1668 2246 injuriam
1685 2209 1786 2237 sanctis

158 2259 196 2286 Τὸ
211 2259 240 2286 δὲ
254 2259 284 2291 ἐξ
298 2259 428 2294 αἱρέσεως
446 2257 546 2290 αὐτῶν,
570 2257 630 2284 ἀντὶ
651 2256 698 2283 τοῦ
713 2256 783 2284 κατὰ
794 2256 887 2291 σκέψιν
902 2257 949 2282 καὶ

159 2306 298 2341 βούλησιν.
311 2306 347 2331 Οὐ
366 2305 419 2340 γὰρ
437 2304 467 2331 ἔκ
481 2312 513 2337 γε
532 2303 578 2330 τοῦ
590 2302 794 2338 συμϐεϐηκότος
808 2302 900 2334 ἁπλῶς
914 2302 948 2328 τὰ

157 2351 233 2378 δεινὰ
258 2351 312 2377 τῶν
335 2349 507 2377 πεπονθότων
539 2347 770 2383 κατεσχεδιάζετο,
804 2347 861 2374 ἀλλ’
888 2347 948 2374 οὐδὲ

158 2396 364 2433 ἀπροὸούλευτα
380 2395 415 2422 τὰ
433 2394 596 2430 τολμήματα
618 2393 665 2421 καὶ
690 2393 720 2420 τὺ
747 2393 859 2420 ἔκτοπον
883 2392 949 2428 θρά-

159 2450 216 2474 σος·
234 2441 292 2469 ἀλλ’
309 2442 341 2468 ἐκ
357 2440 503 2476 συνεδρίων
521 2439 611 2467 αὐτῶν
626 2439 671 2466 ἐπὶ
685 2439 715 2465 τὸ
728 2439 795 2474 δρᾷν
809 2439 892 2474 ᾔεσαν
915 2439 948 2465 τὰ

158 2487 260 2518 παντὸς
271 2487 398 2513 ἐπέκεινα
414 2485 509 2512 κακοῦ.
527 2485 704 2520 Παραιτεῖται
718 2484 748 2519 δὴ
758 2482 803 2511 οὖν
819 2485 832 2510 ό
847 2483 946 2510 θεσπέ-

160 2541 217 2564 σιος
233 2531 331 2559 Ἰακὼὸ
342 2532 391 2567 τὴν
404 2532 449 2559 ἐπὶ
460 2531 529 2567 τῷδε
542 2530 675 2562 σύνθεσιν,
689 2530 738 2562 τὰς
754 2529 948 2560 κοινοὸουλίας,

158 2579 208 2614 τὴν
224 2578 329 2613 σκέψιν.
346 2588 354 2604 ‹
367 2578 413 2613 Μὴ
425 2578 478 2614 γὰρ
493 2578 618 2610 εἰσέλθοι,
629 2577 745 2614 (merui)
761 2577 832 2612 ψυχὴ
844 2585 894 2612 μου
910 2577 949 2608 εἰς

160 2623 258 2659 βουλὴν
269 2624 368 2656 αὐτῶν,
382 2626 430 2651 καὶ
445 2624 490 2655 ἐπὶ
502 2625 534 2660 τῇ
552 2625 679 2651 συστάσει
693 2624 783 2650 αὐτῶν
799 2623 835 2659 μὴ
848 2624 949 2658 spem;

159 2669 194 2696 τὰ
207 2669 302 2704 ἧπατά
316 2678 377 2705 μου.
392 2679 401 2695 ι
417 2670 531 2705 Ὅμοιον
546 2670 599 2707 γὰρ
612 2671 649 2702 ὡς
668 2671 691 2697 εί
708 2671 792 2705 λέγοι·
810 2671 878 2706 μήτε
893 2672 950 2701 τοῖς

159 2714 210 2750 τῆς
221 2714 340 2746 διανοίας
354 2714 474 2751 ὄμμασιν
486 2715 670 2750 ἐνατενίσαιμί
686 2724 750 2741 ποτε
762 2716 821 2752 ταῖς
832 2715 949 2741 τοιαῖσδε

162 2759 282 2794 βουλαῖς,
310 2760 377 2797 μήτε
396 2760 449 2796 μὴν
467 2761 504 2793 είς
521 2761 633 2797 καρδίαν
656 2761 722 2793 ὅλως
746 2761 949 2797 παραδεξαίμην

213 2846 222 2861 ³
234 2846 295 2874 Act.
313 2856 349 2880 l\',
370 2847 409 2875 16.
464 2847 471 2862 ⁵
490 2848 568 2878 “om,
584 2856 612 2881 ιι,
628 2847 654 2877 8.

999 2259 1168 2287 inferendam
1187 2258 1296 2286 Simeon
1316 2263 1344 2286 et
1363 2258 1438 2288 Levi.
1458 2258 1510 2285 hoc
1525 2262 1576 2287 est,
1590 2255 1682 2291 populi
1698 2259 1725 2282 et
1742 2263 1786 2281 sa-

998 2305 1135 2333 cerdotes.
1154 2304 1239 2332 Porro
1256 2314 1264 2330 ‹
1280 2312 1328 2331 sua
1340 2303 1489 2334 voluntate,
1506 2312 1514 2327 ι
1533 2301 1654 2328 additum
1670 2304 1721 2332 est,
1737 2307 1786 2334 pro

999 2359 1031 2379 eo
1044 2350 1117 2386 quod
1136 2355 1187 2382 est,
1202 2350 1291 2378 dedita
1306 2358 1389 2385 opera
1402 2354 1430 2376 et
1446 2348 1580 2375 consulto.
1595 2347 1653 2374 Non
1666 2347 1739 2374 enim
1753 2354 1786 2373 cx

1000 2406 1063 2425 casu
1085 2397 1198 2424 fortuito
1225 2397 1282 2423 haec
1306 2396 1375 2422 mala
1399 2395 1587 2425 obvenerunt,
1612 2401 1700 2427 neque
1727 2393 1786 2419 sine

998 2443 1196 2470 deliberatione
1211 2442 1279 2469 adeo
1295 2440 1414 2468 nefarios
1431 2444 1545 2467 conatus
1561 2438 1680 2474 aggressi
1698 2442 1762 2465 sunt
1778 2446 1785 2465 :

999 2488 1046 2516 scd
1063 2488 1156 2516 habito
1175 2488 1246 2514 inter
1263 2495 1292 2514 sc
1310 2487 1424 2514 consilio
1443 2486 1475 2513 ad
1496 2490 1617 2514 extrema
1636 2485 1737 2519 ﬂagitia
1758 2492 1787 2511 sc

999 2534 1183 2561 contulerunt.
1202 2533 1357 2560 Detestatur
1379 2532 1470 2566 itaque
1489 2531 1598 2558 divinus
1615 2530 1699 2558 Jacob
1720 2529 1786 2556 isto-

1001 2587 1060 2606 rum
1077 2585 1250 2610 consensum,
1267 2578 1595 2612 communicationemque
1609 2576 1787 2603 consiliorum

1001 2629 1029 2652 et
1044 2625 1225 2660 propositum.
1243 2634 1252 2650 ι
1267 2624 1326 2652 Non
1339 2624 1424 2656 enim,
1444 2623 1490 2655 ait,
1511 2623 1680 2658 ingrediatur
1695 2621 1786 2649 anima

1003 2678 1063 2698 mea
1085 2670 1112 2697 in
1133 2670 1280 2697 consilium
1303 2677 1410 2701 eorum,
1429 2673 1456 2696 et
1480 2669 1508 2696 in
1527 2673 1598 2696 cmtu
1621 2675 1715 2694 eorum
1732 2674 1786 2694 non

1003 2717 1129 2745 dicentur
1151 2715 1252 2744 eximia
1273 2723 1343 2744 mea.
1376 2726 1384 2741 ι
1417 2715 1532 2743 Perinde.
1555 2723 1587 2742 ac
1610 2714 1631 2741 si
1656 2714 1761 2740 (Περι-ιιι
1778 2719 1784 2725 ·

1005 2762 1114 2790 Avertat
1127 2763 1209 2794 Deus,
1224 2769 1257 2790 ne
1275 2762 1382 2797 quando
1397 2762 1467 2789 oculi
1487 2760 1640 2787 intellectus
1655 2757 1706 2785 mri
1726 2764 1785 2785 vcr-
