1999 3056
193 135 245 162 547

687 134 714 162 S.
735 135 872 163 CYRILLI
893 133 1127 161 ALEXANDRINI
1147 134 1306 162 ARCHIEP.

1770 130 1803 156 5-4
1807 130 1823 157 ὅ

194 196 259 227 gant
271 192 297 219 in
310 191 374 219 talia
387 192 512 224 consilia,
528 198 576 220 aut
589 201 637 221 cor
653 202 744 222 meum
761 194 877 222 subeant
890 194 983 221 istius-
999 215 1003 225 ι

1046 193 1146 221 τώποτι
1158 193 1192 221 τὰ
1210 193 1374 229 παγχάλεπα
1391 193 1468 220 ταυτὶ
1481 192 1534 219 τῶν
1549 191 1724 227 ἠσεϐηκότων
1737 189 1823 223 σκέμ-

195 236 270 264 modi
291 236 381 272 impia:
403 238 628 266 machinationes.
650 239 694 267 Sic
707 244 735 267 et
754 240 837 267 Isaias
852 239 984 274 propheta

196 282 279 310 deﬂet
291 282 407 317 populos
422 283 590 316 Judaaorum,
605 284 700 312 dicens
714 294 720 312 :
739 295 747 310 ι
765 285 810 312 Va:
828 285 926 312 anima:
945 286 986 321 ip-

197 335 300 359 sorum,
320 328 385 362 quia
407 329 529 356 inierunt
550 331 651 357 malum
669 331 813 358 consilium
831 335 926 359 contra
943 340 986 360 se-

197 373 287 408 lpsos,
315 374 461 402 dicentes:
485 375 642 410 Ligabimus
667 376 789 410 justum,
815 377 880 411 quia
906 378 986 406 nobis

198 419 358 446 Commodus
373 428 427 447 non
442 425 484 447 est
496 421 556 447 ³-⁸.»
573 421 666 448 Psallit
680 422 762 448 etiam
775 422 859 450 David
874 432 880 449 :
897 433 905 448 ι
918 424 985 451 Bea-

168 464 172 469 '
199 468 243 491 tus
259 464 300 491 vir
315 464 362 499 qui
376 472 432 491 non
447 465 515 492 abiit
533 465 560 492 in
578 466 722 493 consilium
740 467 897 502 impiorum,
918 474 945 496 et
959 470 986 498 in

198 509 243 536 via
265 513 439 544 peccatorum
463 518 517 538 non
540 511 616 538 stetit
633 512 652 538 ⁷.
671 523 679 538 ι
701 513 734 540 Εῑ
752 522 859 542 rursum
881 524 887 541 :
912 525 920 541 ι
935 515 986 543 Odi

199 554 343 580 ecclesiam
360 554 582 589 malignantium,
604 560 633 582 et
662 564 725 584 cum
745 558 838 593 impiis
861 567 916 587 non
946 568 988 588 se-

199 597 271 625 debo
282 598 302 625 '.
319 608 328 623 ι
349 599 470 626 Discedit
484 599 576 634 itaque
589 600 785 630 beatusJacob
799 611 813 630 a
829 604 987 632 Judazorum

201 645 457 678 consultationibus,
476 650 503 674 et
524 647 600 674 addit
610 656 719 676 causam
737 659 742 676 :
763 662 771 676 ‹
786 649 865 684 Quia,
887 652 986 686 inquit,

201 690 337 718 in'furore
355 699 404 718 suo
422 692 622 722 interfecerunt
638 694 774 728 homines,
788 701 815 724 et
830 697 856 724 in
874 698 988 725 libidine

199 745 249 764 sua
265 743 468 766 enervaverunt
485 743 605 767 taurum.
631 751 640 767 ι
663 741 830 770 Occiderunt
848 745 932 777 enim,
958 750 989 773 ut

200 781 268 812 dixi,
279 785 389 809 sanctos
403 783 505 811 furiosa
521 785 562 811 ira
574 786 645 820 rapti
657 786 691 813 ad
705 787 836 815 saavitiam
851 793 933 823 atque
945 790 988 817 in-

200 827 414 861 humanitatem;
441 836 560 864 cumque
585 831 679 859 miseri
703 834 787 860 semel
812 833 840 861 in
868 840 987 863 mentem

201 880 277 900 suam
296 873 472 902 admisissent
484 875 644 903 ell'renatam
658 880 686 904 et
700 879 871 906 temerariam
886 887 988 907 concu-
1005 871 1024 898 Β

201 917 379 952 piscentiam,
402 925 605 948 enervaverunt
627 926 753 955 taurum,
775 923 826 951 hoc
848 930 890 952 est
907 925 989 953 Chri-

201 967 283 990 stum.
297 963 361 996 Qua
372 969 462 992 autem
475 966 510 993 sit
520 967 572 994 ista
585 969 819 1003 concupiscentia,
831 975 910 998 antea
921 971 991 998 dixi-

202 1015 273 1035 mus.
296 1009 364 1036 Nam
383 1010 429 1038 ubi
450 1012 642 1046 cognovissent
666 1014 739 1048 quod
761 1015 783 1041 is
800 1019 874 1043 esset
890 1016 988 1049 haeres,

201 1054 419 1089 concupiverunt
433 1056 494 1091 ejus
510 1057 708 1086 hereditatem.

236 1151 264 1179 3.
286 1152 340 1180 Sed
353 1154 416 1181 vide
432 1162 514 1189 quam
535 1161 662 1184 accurate
679 1157 793 1185 historia
809 1159 914 1194 singula
927 1167 991 1195 per-

204 1200 313 1224 tractet.
328 1199 396 1226 Nam
416 1200 577 1228 occiderunt
590 1202 700 1237 quidem
718 1203 852 1237 homines,
867 1205 915 1232 sed
934 1209 992 1232 tau-

204 1250 266 1269 rum
283 1250 493 1274 enervaverunt.
513 1246 583 1279 Quia
604 1252 714 1276 sanctos
734 1249 845 1284 quidem
869 1250 991 1278 tradide-

203 1292 267 1315 runt
284 1289 376 1322 morti,
395 1291 420 1324 2
430 1291 477 1326 [9
492 1293 538 1327 qui
553 1297 580 1320 et
595 1299 806 1328 permanserunt
820 1296 931 1328 mortui,
944 1304 991 1324 ex-

203 1338 358 1367 spectantes
371 1339 477 1371 tempus
488 1338 699 1365 resurrectionis
711 1347 716 1364 :
727 1339 774 1366 sed
785 1343 913 1374 tanquam
921 1340 994 1367 vitu-

202 1379 247 1407 lus
268 1381 378 1415 quidam
401 1382 436 1410 ab
457 1383 548 1418 aquila
568 1390 715 1412 enervatus
737 1385 837 1412 cecidit
859 1386 993 1421 quodam-

204 1425 287 1452 modo
299 1425 326 1451 in
339 1430 441 1453 terram
452 1427 588 1460 Christus,
601 1429 749 1464 volensque
761 1437 811 1465 pro
827 1430 907 1457 nobis
921 1439 995 1458 mor-

204 1474 259 1498 tcm
278 1478 424 1506 perpessus
442 1477 500 1505 est;
525 1482 579 1501 non
601 1479 693 1502 tamen
717 1484 732 1502 a
755 1480 843 1503 morte
866 1476 994 1504 detentus

174 1536 176 1539 .
204 1516 266 1548 fuit,
283 1517 338 1543 imo
352 1525 417 1545 vero
432 1518 496 1546 licet
509 1520 592 1547 veluti
613 1521 696 1548 homo
717 1526 842 1549 mortuus
856 1523 902 1555 sit,
915 1530 994 1550 man-
1008 1541 1029 1570 C

205 1563 241 1588 sit
265 1566 356 1590 tamen
382 1564 462 1591 vivus
486 1564 514 1591 in
539 1565 631 1593 divina
652 1572 760 1594 natura.
784 1568 891 1595 Taurus
912 1569 995 1603 igitur

204 1607 339 1640 Christus,
353 1609 417 1643 quia
431 1609 652 1638 robustissimum
666 1614 765 1640 animal
775 1619 826 1646 est,
838 1619 919 1649 atque
931 1616 994 1642 item

205 1663 306 1690 purum
323 1655 591 1692 sanctissimumque.
602 1658 687 1685 Filius
700 1664 791 1686 autem
805 1665 847 1687 est
861 1660 996 1688 Dominus

206 1700 377 1728 fortitudinis
395 1706 422 1729 et
442 1703 581 1736 potentize,
600 1704 646 1738 qui
669 1711 725 1731 non
745 1705 882 1732 commisit
902 1714 998 1740 pecca-

206 1751 266 1774 tum
278 1748 334 1780 "“’,
350 1748 405 1775 imo
419 1757 485 1775 vero
498 1749 618 1784 seipsum
634 1750 792 1786 obtulitpro
802 1752 881 1779 nobis
894 1753 920 1779 in
929 1753 996 1780 odo-

208 1800 268 1819 rem
290 1794 434 1821 suavitatis
451 1795 506 1822 Deo
526 1803 557 1822 ac
574 1796 648 1823 Patri
666 1796 695 1823 ”.
728 1797 848 1825 Audiant
866 1798 950 1832 igitur
970 1798 998 1825 hi

208 1838 255 1873 qui
287 1838 361 1866 hunc
390 1840 459 1868 adeo
486 1846 610 1868 sanctum
634 1845 742 1869 taurum
768 1849 969 1871 enervaverunt
990 1853 996 1871 :

213 1895 220 1910 ι
241 1885 402 1914 Maledictus
424 1887 502 1915 furor
524 1889 656 1924 ipsorum,
674 1891 739 1925 quia
761 1891 897 1926 pertinax,
912 1895 939 1918 et
958 1891 999 1919 ira

209 1930 330 1965 ipsorum
345 1933 408 1967 quia
427 1933 560 1962 induruit.
587 1945 596 1960 ι
625 1935 677 1963 Sed
692 1937 757 1971 quid
779 1937 814 1964 ob
829 1938 882 1964 hoc
897 1938 938 1965 eis
953 1945 999 1965 ac-

209 1977 294 2004 cidit?
307 1978 392 2013 Ejecti
413 1983 478 2006 sunt
494 1989 509 2008 e
527 1982 583 2008 suis
601 1981 722 2016 ipsorum
742 1982 879 2016 domibus,
892 1984 1000 2013 exsulaa

211 2029 329 2058 runtque
348 2033 381 2053 ex
398 2027 497 2061 patria,
512 2027 636 2063 dissipati
660 2033 734 2061 sunt,
749 2033 776 2055 et
794 2029 857 2056 facti
878 2034 1000 2057 extorres

211 2073 293 2104 atque
318 2071 438 2104 adventu,
458 2077 485 2100 et
511 2073 543 2100 ad
571 2082 705 2105 summam
735 2074 854 2108 inopiam
885 2075 998 2102 redacti.

211 2115 312 2143 Verum
327 2118 401 2144 enim
415 2123 456 2146 est
470 2119 553 2154 quod,
572 2119 643 2146 sicut
661 2120 719 2147 avis
735 2128 797 2147 cum
816 2121 966 2148 evolaverit
984 2129 1000 2148 ο

211 2162 278 2189 nido
295 2170 359 2195 suo,
381 2164 418 2191 ita
436 2164 472 2191 sit
493 2165 574 2192 etiam
601 2166 682 2192 homo
703 2166 748 2200 qui
771 2175 785 2193 a
802 2167 920 2202 propriis
934 2167 1001 2194 locis

1037 248 1119 275 ματα.
1135 239 1213 266 οὓτω
1230 239 1276 266 καὶ
1289 239 1304 265 6
1319 239 1461 274 προφήτης
1484 238 1597 268 Ἡσαΐας
1611 237 1673 268 τοὺς
1690 235 1744 261 τῶν
1755 234 1824 260 ’1ου-

1034 286 1118 313 δαίων
1129 285 1231 321 δήμους
1245 284 1393 317 ταλανίζει,
1411 284 1507 317 λέγων·
1525 293 1534 309 ε
1557 283 1626 310 Οὐαὶ
1640 283 1673 317 τῇ
1688 281 1760 316 ψυχῇ
1776 280 1824 306 αὑ-

1035 332 1100 365 τῶν,
1115 331 1182 358 διότι
1195 331 1382 366 βεόούλευνται
1393 330 1491 366 βουλὴν
1505 329 1637 364 πονηρὰν,
1652 328 1712 355 καθ’
1720 326 1824 354 ἑαυτῶν

1035 378 1170 409 εἰπόντες,
1187 378 1224 412 Δὴ
1231 386 1319 412 τωμεν
1333 377 1379 403 τὸν
1389 377 1505 408 δίκαιον,
1522 377 1563 403 ὅτι
1576 375 1743 410 δύσχρηστος
1759 373 1824 408 ἡμῖν

1035 424 1104 451 ἔστι.
1122 433 1131 449 ι
1146 423 1249 450 Ψάλλει
1259 423 1288 450 δὲ
1304 423 1351 450 καὶ
1370 425 1384 450 ὸ
1398 422 1490 449 Δαϐίδ·
1513 432 1521 448 ι
1539 421 1681 456 Μακάριος
1699 419 1767 455 ἀνὴρ
1795 418 1823 450 ὃς

1036 469 1086 496 οὐκ
1097 468 1232 505 ἐπορεύθη
1247 470 1276 495 ὲν
1289 468 1370 504 βουλῇ
1386 468 1503 500 ἀσεϐῶν,
1523 467 1570 494 καὶ
1589 467 1617 493 ὲν
1629 466 1681 500 ὁδῷ
1695 466 1825 501 ἁμαρτω·

1037 515 1090 542 λῶν
1109 515 1160 541 οὐκ
1181 514 1257 549 ἔστη.
1275 524 1284 540 ι
1312 515 1367 541 Καὶ
1383 514 1474 541 πάλιν·
1493 523 1503 539 ‹
1519 512 1654 548 Ἐμίσησα
1677 511 1825 546 ἐκκλησίαν

1038 560 1273 596 πονηρευομένων,
1293 560 1341 586 καὶ
1365 559 1434 595 μετὰ
1448 559 1553 586 ἀσεϐῶν
1569 558 1599 585 οὺ
1625 557 1662 593 μὴ
1678 556 1791 583 καθίσω.
1812 565 1822 581 ι

1044 606 1192 641 Ἀποφοιτᾷ
1207 605 1350 641 τοιγαροῦν
1364 607 1378 632 6
1404 604 1546 635 θεσπέσιος
1568 602 1664 630 Ἰακὼϐ
1677 602 1731 629 τῶν
1759 602 1824 628 Ἰου-

1037 652 1138 679 δαϊκῶν
1156 652 1331 687 σκεμμάτων·
1359 651 1481 685 ἐπιλέγει
1494 651 1522 677 δὲ
1536 650 1585 682 τὰς
1596 649 1697 680 αἰτίας,
1709 647 1755 675 καί
1770 656 1823 683 φη-

1039 707 1090 728 σιν,
1106 707 1115 724 ‹
1136 698 1197 724 Ὅτι
1213 698 1242 724 ὲν
1256 697 1294 732 τῷ
1316 697 1393 732 θυμῷ
1416 696 1506 723 αὐτῶν
1533 695 1695 723 ἀπέκτειναν
1719 692 1822 729 ὀινθρώ⁹

1038 752 1117 777 πους,
1135 743 1180 770 καὶ
1190 744 1218 770 ὲν
1233 745 1265 778 τῇ
1279 742 1411 778 ἐπιθυμίᾳ
1425 741 1513 769 αὐτῶν
1531 740 1751 776 ὲνευροκόπησαν
1761 738 1826 765 ταῦ-

1040 799 1096 826 ρον.
1121 799 1131 816 ι
1149 790 1329 817 Ἀπεκτόνασι
1344 789 1394 825 μὲν
1406 788 1460 824 γὰρ
1474 789 1579 834 άγίουςς
1592 787 1630 819 ὡς
1639 787 1716 822 ἔφην,
1729 785 1851 834 ἀνοσίῳῤ

1040 834 1117 870 θυμῷ
1130 834 1198 870 πρὸς
1210 835 1339 870 ὡμότητα
1349 835 1395 861 καὶ
1410 833 1607 869 ἀπανθρωπίαν
1622 832 1827 868 στρατηγούμε-

1039 890 1089 914 νοι,
1105 881 1234 917 ἀνήνυτον
1250 881 1278 908 δὲ
1298 882 1344 908 καὶ
1369 880 1579 907 ἀκατάσκεπτον
1595 878 1741 914 ἐπιθυμίαν
1756 885 1827 904 παν-

1039 926 1124 958 τελῶς
1144 927 1184 958 είς
1200 926 1261 953 νοῦν
1275 926 1381 958 ἑλόντες
1408 927 1432 952 οἱ
1458 925 1582 956 τάλανες,
1607 922 1827 958 ἑνευροκόπησαν

1040 972 1156 1008 ταῦρον,
1186 972 1309 999 τουτέστι
1336 972 1463 1007 Χριστόν.
1494 971 1549 998 Καὶ
1575 970 1616 1001 τίς
1641 970 1658 1005 ἡ
1685 967 1826 1003 ἐπιθυμία,

1041 1018 1222 1054 προλαϐόντες
1241 1019 1401 1053 εἰρήκαμεν.
1424 1016 1627 1051 Ἐπεγνωκότες
1647 1015 1696 1050 μὲν
1716 1014 1771 1049 γὰρ
1787 1014 1828 1040 ὅτι

1041 1064 1208 1099 κληρονόμος
1222 1063 1305 1095 ἐστὶν,
1317 1063 1492 1098 ἐπεθύμησαν
1505 1061 1577 1097 ἔχειν
1588 1060 1637 1096 τὴν
1648 1058 1830 1095 κληρονομίαν

1042 1109 1136 1137 αὑτοῦ.

1077 1159 1112 1190 γ’.
1130 1155 1183 1182 Καὶ
1201 1156 1253 1191 δρα
1268 1154 1315 1181 τοῦ
1339 1154 1417 1188 λόγου
1438 1153 1487 1189 τὴν
1503 1153 1674 1187 ὲπιτήρησιν.
1700 1150 1830 1177 Ἀπεκτό-

1043 1210 1104 1229 νασι
1129 1201 1178 1236 μὲν
1195 1202 1250 1236 γὰρ
1268 1201 1331 1232 τοὺς
1357 1199 1528 1235 ἀνθρώπους,
1558 1197 1777 1232 ὲνευροκὸπησαν
1800 1195 1830 1221 δὲ

1042 1248 1087 1275 τὸν
1102 1247 1212 1284 ταῦρον.
1238 1246 1351 1281 Θανάτῳ
1374 1245 1422 1281 μὲν
1449 1244 1504 1279 γὰρ
1528 1242 1742 1279 περιϐεϐλήκασι
1767 1241 1831 1272 τοὺς

1044 1294 1148 1328 ἁγίους,
1162 1294 1207 1320 καὶ
1223 1293 1393 1328 μεμενήκασι
1410 1290 1502 1325 νεκροὶ
1525 1289 1571 1316 τὸν
1590 1288 1640 1323 τῆς
1655 1287 1830 1337 ἀναστάσεως

1044 1340 1138 1376 καιρὸν
1152 1339 1354 1376 περιμένοντες.
1373 1337 1443 1364 ’Λλλ“
1457 1335 1502 1363 οἷὰ
1517 1344 1558 1367 τις
1571 1335 1670 1370 μόσχος
1686 1334 1738 1360 ὑπὸ
1751 1333 1830 1360 ἀετοῦ

1045 1384 1303 1420 νευροκοπούμενος,
1320 1382 1427 1409 ὤκλασε
1452 1382 1500 1417 μὲν
1522 1380 1602 1407 οἱονεί
1620 1388 1678 1410 πως
1693 1379 1732 1410 είς
1748 1378 1800 1413 γῆν
1818 1379 1832 1403 ὁ

1045 1431 1172 1468 Χριστὸς,
1184 1430 1254 1457 ἑκὼν
1269 1429 1416 1465 ὑπομείνας
1440 1428 1485 1454 τδν
1505 1427 1555 1462 τῆς
1576 1426 1676 1461 σαρκὸς
1697 1424 1810 1452 θάνατον
1823 1432 1830 1438 ·

1046 1477 1114 1513 πλὴν
1130 1478 1160 1504 οὐ
1177 1476 1271 1511 γέγονε
1285 1475 1322 1510 τῷ
1338 1475 1445 1509 θανάτῳ
1460 1474 1575 1508 κάτοχος
1588 1480 1595 1487 ο
1610 1471 1711 1521 ἀλλ’μεῑ
1727 1470 1774 1521 καὶ
1787 1470 1833 1521 γέ-

1046 1532 1108 1558 γονε
1122 1522 1217 1558 νεκρὸς
1230 1521 1267 1553 ὡς
1283 1521 1435 1557 ἄνθρωπος,
1452 1518 1648 1554 ἀπομεμένηκε
1672 1517 1725 1549 ζῶν
1737 1518 1770 1552 τῇ
1783 1517 1833 1550 τῆς

1047 1570 1172 1605 θεότητος
1187 1569 1278 1604 φύσει.
1297 1568 1402 1603 Ταῦρος
1417 1567 1445 1593 δὲ
1458 1567 1472 1593 ὁ
1489 1565 1606 1602 Χριστός
1618 1572 1624 1579 ·
1641 1563 1765 1594 εὐσθενὲς
1778 1562 1834 1598 γὰρ

1046 1616 1087 1643 ὁτι
1105 1616 1221 1650 μάλιστα
1237 1615 1266 1641 τὸ
1281 1615 1359 1646 ζῶον,
1372 1613 1490 1647 καθαρόν
1503 1621 1531 1639 τε
1546 1612 1592 1638 καὶ
1605 1610 1763 1646 ἱερώτατον.
1778 1608 1835 1636 Κύ-

1049 1669 1104 1697 ριος
1116 1661 1144 1687 δὲ
1156 1661 1209 1688 τῶν
1224 1661 1364 1695 δυνάμεων
1374 1661 1387 1686 6
1401 1659 1474 1692 Υἱὸς,
1489 1658 1518 1690 ὃς
1533 1659 1564 1684 οὐ
1581 1657 1730 1692 πεποίηκεν
1743 1656 1833 1690 ἁμαρ-

1047 1708 1118 1739 τίαν,
1140 1706 1234 1733 ἑαυτὸν
1259 1706 1287 1733 δὲ
1318 1706 1417 1740 μᾶλλον
1446 1705 1578 1740 ἀνέθηκεν
1604 1703 1672 1738 ὑπὲρ
1697 1701 1774 1738 ἡμῶν
1795 1702 1835 1734 είς

1048 1752 1135 1786 ὀσμὴν
1164 1751 1276 1782 εὐωδίας
1303 1750 1341 1785 τῷ
1368 1749 1428 1785 Θεῷ
1455 1749 1502 1776 καὶ
1529 1749 1626 1784 Πατρί.
1650 1747 1835 1775 ’Λκουὲτωσαν

1048 1797 1137 1824 τοίνυν
1149 1797 1174 1823 οἱ
1192 1796 1235 1823 τὸν
1250 1796 1320 1823 οὕτω
1340 1796 1436 1823 σεπτὸν
1451 1795 1700 1831 νευροκοπήσαντες
1715 1792 1832 1828 ταῦρον·

1052 1853 1061 1869 ‹
1082 1843 1295 1877 Ἐπικατάρατος
1308 1842 1322 1868 6
1335 1841 1420 1877 θυμὸς
1434 1841 1534 1873 αὐτῶν,
1551 1841 1591 1867 ὅτι
1603 1840 1722 1874 αὐθάδης
1733 1847 1740 1854 ⁴
1757 1839 1804 1865 καὶ
1819 1838 1835 1871 ἡ

1051 1889 1130 1924 μῆνις
1147 1888 1247 1920 αὐτῶν,
1261 1888 1302 1914 ὅτι
1323 1887 1504 1923 ὲσκληρύνθη.
1526 1896 1535 1912 ›
1556 1886 1588 1912 Ti
1606 1886 1637 1920 δὴ
1656 1883 1702 1912 οὖν
1719 1886 1772 1920 ἄρα
1787 1892 1836 1910 πε-

1050 1935 1198 1967 πόνθασιν;
1221 1933 1366 1968 Ἐξῴχοντο
1382 1933 1431 1968 τῆς
1448 1932 1562 1965 ἑαυτῶν,
1581 1932 1628 1959 καὶ
1643 1930 1836 1958 ἀπολελοίπασι

1052 1981 1102 2016 μὲν
1114 1980 1162 2015 τὴν
1184 1979 1360 2013 ὲνεγκοῦσαν-
1385 1979 1571 2014 διεσπάρησαν
1594 1978 1621 2004 δὲ
1644 1978 1690 2004 καὶ
1709 1976 1835 2011 γεγόνασι

1050 2026 1188 2061 πανταχοῦ
1205 2026 1284 2059 ξένοι.
1301 2026 1347 2052 καὶ
1361 2025 1492 2060 ἐπήλυδες
1510 2025 1556 2051 καὶ
1573 2024 1714 2059 περιδεεῖς.
1729 2022 1836 2056 ’Δληθὲς

1051 2073 1104 2108 γὰρ
1121 2073 1160 2099 ὅτι
1175 2072 1269 2108 ὥσπερ
1286 2072 1374 2107 ὅρνιον
1391 2072 1453 2099 ὃταν
1468 2070 1623 2106 ὲκπετασθῇ
1636 2070 1686 2105 τῆς
1705 2070 1771 2101 ιδίας
1786 2077 1836 2095 κα-

1051 2117 1120 2149 λιᾶς,
1136 2117 1206 2143 οὕτω
1233 2117 1278 2144 καὶ
1302 2116 1444 2152 ἄνθρωπος
1468 2116 1532 2142 ὅταν
1560 2113 1703 2153 ὲκσπασθῇ
1728 2115 1760 2140 ἐκ
1783 2113 1837 2138 τιῖιν

1054 2164 1126 2190 ίδίων
1143 2164 1241 2190 τόπων.
1253 2163 1450 2199 Προσεπειπεῖν
1467 2162 1495 2188 δὲ
1508 2160 1585 2196 οἶμαι
1598 2161 1708 2187 κάκεῖνο
1722 2159 1835 2195 πρέπον,

212 2209 322 2236 avulsus
334 2213 384 2237 est.
399 2211 483 2238 Porro
500 2211 566 2238 illud
586 2212 666 2238 etiam
686 2212 870 2247 adjiciendum
889 2221 998 2246 censeo,

1052 2210 1092 2237 ὃτι
1109 2210 1165 2241 τοῖς
1189 2209 1238 2244 μὲν
1268 2209 1313 2236 τὸν
1339 2209 1440 2244 ταῦρον
1457 2207 1688 2243 νευροκοπήσασιν
1708 2207 1747 2237 εἰς
1768 2205 1838 2240 ἀρὰν

213 2255 286 2289 quod
300 2255 333 2282 iis
347 2256 459 2290 quidem
478 2256 525 2291 qui
543 2260 651 2283 taurum
671 2263 881 2290 enervaverunt,
897 2266 940 2285 res
954 2267 999 2286 cc-

213 2301 260 2328 det
273 2301 300 2328 in
313 2302 533 2330 maledictionem
547 2312 552 2329 :
568 2303 602 2330 iis
613 2312 679 2330 vero
694 2305 740 2339 qui
755 2304 904 2337 doluerint,
919 2305 1001 2332 adeo-

214 2354 267 2380 quc
280 2354 360 2381 grave
372 2347 477 2375 crimen
487 2356 501 2375 a
514 2356 542 2376 se
554 2350 716 2382 amoverint,
729 2352 781 2378 erit
794 2351 821 2377 in
833 2351 1000 2386 redemptio-

215 2398 288 2423 nem,
300 2393 544 2428 purgationemque
562 2398 587 2420 et
603 2399 774 2429 peccatorum
799 2396 998 2424 remissionem.

217 2436 395 2470 chericmus
418 2442 509 2465 autem
537 2439 619 2465 etiam
643 2440 694 2467 hoc
717 2449 765 2475 per
786 2441 853 2476 legis
875 2441 1001 2468 umbram

215 2481 393 2516 descriptum.
413 2483 451 2510 ita
472 2492 536 2511 vero
550 2485 631 2512 habet
646 2485 673 2512 in
688 2486 902 2513 Deuteronomio
920 2496 925 2513 :
943 2496 951 2512 ‹
972 2486 1000 2514 Si

217 2527 357 2554 inventum
383 2528 465 2557 fuerit
487 2530 604 2557 cadaver
625 2531 744 2559 hominis
763 2532 845 2558 occisi
866 2532 894 2559 in
917 2536 999 2565 terra,

215 2579 297 2606 quam
318 2572 449 2600 Dominus
463 2574 534 2601 Deus
548 2579 609 2602 tuus
623 2575 670 2603 dat
682 2576 729 2602 tibi
747 2576 773 2602 in
788 2576 999 2610 possessionem,

214 2618 307 2651 jacens
329 2618 355 2644 in
376 2627 482 2653 campo,
499 2624 526 2646 et
541 2627 594 2647 non
610 2621 787 2655 cognoverint
800 2628 862 2648 eum
877 2621 923 2655 qui
941 2628 1003 2655 per-

217 2663 303 2691 cussit
328 2664 421 2697 illum,
449 2666 605 2701 egredietur
625 2670 736 2694 senatus
759 2670 832 2698 tuus,
851 2671 878 2693 et
896 2665 1003 2701 iudices

219 2711 269 2743 tui,
282 2716 311 2739 et
331 2712 478 2739 metientur
495 2713 528 2740 ad
547 2713 629 2741 urbes
643 2714 689 2748 qui
707 2713 733 2740 in
753 2713 870 2740 circuitu
890 2713 1000 2739 necati:

219 2763 247 2784 et
266 2758 319 2785 erit
336 2759 401 2786 urbs
417 2759 569 2794 propinqua
589 2763 694 2793 necato,
714 2763 741 2786 et
759 2759 875 2794 accipiet
891 2763 1003 2786 senatus

255 2849 351 2876 "‘lsa.
371 2857 408 2882 ιιι,
424 2849 448 2876 9.
489 2850 497 2863 ⁷
515 2849 584 2876 l‘sal.
606 2857 624 2882 ι,
646 2849 670 2877 ι.

1052 2256 1127 2282 ἔσται
1148 2255 1178 2281 τὸ
1201 2255 1310 2290 χρῆμα·
1329 2256 1386 2286 τοῖς
1405 2261 1437 2288 γε
1460 2253 1513 2288 μὴν
1539 2251 1717 2287 ἐπηλγηκύσι,
1742 2251 1789 2276 καὶ
1808 2250 1837 2276 τὸ

1051 2303 1122 2329 οὕτω
1139 2302 1224 2329 δεινὸν
1249 2301 1455 2336 ἀποσειομένοις
1481 2299 1617 2334 ἔγκλημα,
1641 2299 1738 2332 λύτρον
1761 2297 1837 2324 ἔσται

1052 2349 1098 2376 καὶ
1118 2349 1250 2385 κάθαρσις
1264 2348 1311 2374 καὶ
1327 2346 1469 2383 ἁμαρτιῶν
1479 2345 1619 2377 ἀπόθεσις.
1637 2345 1797 2379 Εὑρήσομεν
1811 2343 1837 2368 δὲ

1051 2395 1095 2421 διὰ
1109 2394 1158 2428 τῆς
1171 2394 1200 2420 ἐν
1216 2393 1290 2429 νόμῳ
1306 2394 1394 2424 σκιᾶς,
1406 2392 1474 2427 ὅπερ
1488 2391 1556 2426 ἔφην
1570 2389 1749 2424 γραφόμενον.
1763 2388 1837 2422 Ἔχει

1051 2442 1105 2476 γὰρ
1126 2440 1212 2471 οὕτως
1234 2441 1263 2466 ὲν
1285 2438 1323 2474 τῷ
1347 2437 1560 2473 Δευτερονομίῳ·
1578 2445 1587 2462 ι
1608 2436 1669 2462 Ἐὰν
1693 2434 1721 2460 δὲ
1740 2432 1837 2485 εθρεθη

1051 2486 1222 2522 τραυματίας
1246 2486 1275 2511 ὲν
1289 2486 1322 2520 τῇ
1337 2485 1383 2520 γῇ,
1402 2484 1436 2519 ἢν
1453 2483 1554 2517 Κύριος
1571 2482 1584 2508 ό
1604 2481 1669 2511 Θεός
1686 2488 1732 2507 σου
1747 2479 1837 2506 δίδωσί

1054 2540 1094 2558 σοι
1111 2530 1323 2567 κληρονομῆσαι,
1341 2527 1493 2559 πεπτωκὼς
1512 2527 1541 2553 ἐν
1561 2525 1600 2560 τῷ
1622 2525 1715 2559 πεδίῳ,
1732 2523 1777 2550 καὶ
1789 2523 1838 2549 οὐκ

1052 2578 1137 2604 οἴδασι
1151 2577 1196 2603 τὸν
1210 2575 1376 2607 πατάξαντα,
1398 2573 1568 2606 ἐξελεύσεται
1589 2572 1606 2606 ὴ
1628 2572 1756 2606 γερουσία
1779 2577 1837 2598 σου,

1054 2622 1100 2648 καὶ
1113 2622 1136 2647 οἱ
1151 2619 1242 2655 κριταί
1260 2628 1316 2652 σου,
1331 2619 1376 2644 καὶ⁹
1393 2618 1606 2652 ὲκμετρήσουσιν
1623 2615 1668 2641 ἐπὶ
1679 2614 1729 2645 τὰς
1749 2612 1836 2643 πόλεις

1055 2665 1103 2697 τὰς
1127 2664 1219 2699 κύκλῳ
1237 2663 1284 2690 τοῦ
1309 2662 1488 2698 τραυματίου,
1514 2661 1561 2687 καὶ
1580 2660 1656 2686 ἔσται
1678 2659 1694 2693 ἠ
1721 2657 1797 2688 πόλις
1822 2656 1836 2690 ὴ

1055 2710 1201 2744 ὲγγίζουσα
1222 2708 1261 2743 τῷ
1279 2708 1440 2743 τραυματίᾳ.
1464 2706 1518 2733 Καὶ
1538 2705 1650 2741 λήψεται
1673 2705 1690 2738 ἡ
1711 2701 1837 2738 γερουσία

1055 2756 1103 2790 τῆς
1115 2755 1218 2785 πόλεως
1232 2754 1337 2787 ἐκείνης
1350 2752 1464 2787 δάμαλιν
1475 2752 1506 2778 ἐκ
1519 2751 1596 2783 βοῶν,
1608 2750 1667 2785 ἥτις
1678 2749 1727 2775 οὐκ
1748 2746 1838 2782 εἴργα-

708 2850 717 2864 ⁹
731 2848 801 2876 Psal.
824 2855 885 2881 xxv,
897 2847 922 2874 5.
962 2846 1009 2862 "'°
1023 2846 1031 2873 Ι
1044 2846 1116 2873 l‘etr.
1131 2843 1212 2876 11,22.
1253 2844 1270 2858 “
1286 2843 1384 2877 Ephes.
1407 2841 1469 2872 v.2.
