1999 3056
138 150 194 178 349

638 147 895 177 SLAPHYRORUM
916 150 949 177 IN
969 149 1119 178 CENESIM
1140 149 1204 178 LIB.
1225 150 1280 177 VH.

1715 153 1768 181 330

140 216 216 240 σται,
231 207 280 234 καὶ
296 207 356 242 ἥτις
366 206 415 242 οὐχ
430 206 537 233 εἵλκυσε
553 205 635 240 ζυγόν
646 213 653 221 ⁶
672 207 718 233 καὶ
733 207 926 234 καταϐιϐάσου-

983 209 1061 236 urbis
1081 209 1194 236 vitulam
1215 217 1248 236 ex
1274 208 1371 240 bobus,
1390 216 1450 243 quae
1471 216 1526 235 non
1543 213 1586 236 est
1606 214 1728 244 operata,
1740 218 1769 238 ct

140 261 186 279 σιν
200 255 217 288 ἡ
231 251 362 288 γερουσία
378 252 427 288 τῆς
448 252 551 284 πόλεως
572 253 681 288 ἃκείνης
699 253 748 288 τὴν
763 253 878 287 δάμαλιν
892 254 932 285 εἰς

139 300 275 333 φάραγγα
293 299 434 333 τραχεῖαν,
452 299 512 333 ἣτις
535 298 586 324 οὐκ
607 298 759 333 εἴργασται,
780 299 840 325 οὐδὲ
857 300 933 325 σπεί-

140 352 232 380 ρεται,
255 344 302 370 καὶ
325 345 554 379 νευροκοπήσουτι
573 343 622 378 τὴν
646 343 761 377 δάμαλιν
783 344 812 370 ὲν
831 345 863 379 τῇ
881 344 932 378 φά-

140 398 237 425 ραγγι,
258 391 306 416 καὶ
324 389 549 424 προσελεύσονται
569 390 594 415 οἱ
615 389 697 425 ἱερεῖς
712 390 736 416 oi
753 390 875 422 Λευῖται,
890 390 932 416 ὅτι

138 436 242 467 αὐτοὺς
256 434 403 467 ἐπελέξατο
425 434 527 470 Κύριος
543 436 556 461 ὁ
572 434 637 466 Θεύς
658 441 705 461 σου
729 435 931 470 παρεστηκέναι

138 481 228 516 αὐτῷ,
243 481 289 507 καὶ
307 481 429 515 εὐλογεῖν
451 481 497 507 ἐπὶ
519 481 559 516 τῷ
573 479 686 515 ὀνόματι
708 481 801 514 αὑτοῦ,
822 482 869 508 καὶ¹
885 482 932 508 ἐπὶ

136 526 179 562 τῷ
197 526 311 562 στόματι
330 526 420 553 αὐτῶν
441 526 517 553 ἔσται
544 527 618 553 πᾶσα
640 527 778 561 ἀντιλογία
794 528 840 554 καὶ
855 528 931 554 πᾶσα

138 573 208 608 ἁφή.
231 573 286 599 Καὶ
306 573 381 599 πᾶσα
396 571 412 608 ἠ
429 572 558 607 γερουσία
577 572 628 607 τῆς
653 572 756 604 πόλεως
775 573 893 608 ἐκείνης,
906 574 932 600 οἱ

137 617 297 652 ἐγγίζοντες
310 617 349 654 τῷ
363 618 530 653 τραυματίᾳ,
550 617 672 653 νίψον-ται
695 618 743 650 τὰς
767 619 861 654 χεῖρας
884 620 931 645 ἐπὶ

135 663 189 699 τὴν
212 663 335 698 κεφαλὴν
354 663 406 698 τῆς
428 663 571 698 δαμάλεως
590 663 640 698 τῆς
659 663 932 699 νενευροκοπημένης

137 709 169 735 ὲν
185 710 220 745 τῇ
235 709 366 744 φάραγγι,
381 710 428 736 καὶ
439 709 633 744 ἀποκριθέντες
652 709 759 744 ἐροῦσιν
769 717 776 724 ·
792 710 829 736 At
839 712 930 745 χεῖρες

137 746 285 790 ἡμῶνούκ
307 754 417 790 ἐξέχεαν
432 755 464 781 τὸ
485 752 555 789 αἷμα
575 755 663 786 τοῦτο,
681 755 727 782 καὶ
748 755 773 781 οἱ
795 755 931 790 ὀφθαλμοὶ

136 799 219 834 ἡμῶν
240 800 289 835 οὐχ
303 801 466 835 ἑωράκασιν.
483 800 576 832 Ἰλεως
586 801 676 834 γενοῦ,
695 801 792 838 Κύριε,
815 801 855 837 τῷ
874 803 930 838 λαῷ

138 854 188 872 σου
211 846 329 882 Ἰσραὴλ,
352 846 398 877 οὓς
414 845 560 881 ὲλυτρώσω
580 848 612 873 ὲκ
640 848 692 882 γῆς
713 848 864 882 Αἰγύπτου,
886 849 928 875 ἵνα

982 263 1043 290 qua:
1065 263 1121 282 non
1145 256 1227 282 traxit
1246 255 1358 290 jugum;
1379 258 1408 281 et
1427 254 1544 282 deducet
1565 259 1677 282 senatus
1691 256 1768 284 urbis

982 302 1055 329 illius
1065 301 1179 328 vitulam
1193 301 1220 328 in
1231 301 1329 328 vallem
1344 308 1478 335 asperam,
1491 308 1552 335 qua:
1563 308 1617 327 non
1631 304 1673 327 est-
1683 301 1766 335 culta,

982 354 1071 382 neque
1082 346 1245 379 seminatur,
1256 349 1284 374 et
1296 346 1418 373 incident
1429 353 1529 373 nervos
1540 346 1632 373 vitula
1646 346 1674 373 in
1686 346 1767 374 valle.

980 393 1015 420 Et
1026 393 1157 421 accedent
1170 392 1327 421 sacerdotes
1341 392 1452 423 Levita,
1466 391 1596 426 quoniam
1611 391 1672 418 illos
1685 391 1767 427 elegit

980 439 1112 466 Dominus
1128 440 1202 466 Deus
1219 443 1283 466 tuus
1299 443 1328 465 ut
1346 442 1436 465 astent
1451 438 1501 470 illi,
1513 441 1541 465 et
1556 437 1722 465 benedicant
1738 437 1767 464 in

980 484 1092 512 nomine
1109 485 1178 519 ejus,
1193 488 1222 511 et
1243 484 1271 511 in
1291 491 1339 511 ore
1356 484 1465 511 illorum
1483 482 1538 510 erit
1556 483 1646 510 omnis
1658 486 1768 510 contro—

979 530 1080 563 versia,
1094 533 1121 557 et
1142 530 1232 557 omnis
1252 530 1338 564 lepra.
1359 530 1393 556 Et
1410 529 1500 557 omnis
1519 533 1632 556 senatus
1649 528 1768 556 civitatis

980 576 1064 608 illius,
1085 576 1135 611 qui
1152 576 1268 611 proximi
1292 579 1357 603 sunt
1382 580 1493 608 necato,
1516 575 1648 603 lavabunt
1671 582 1768 602 manus

980 629 1044 650 suas
1054 629 1136 656 super
1145 625 1228 656 caput
1238 621 1331 649 vitula:
1341 629 1477 656 percussae
1487 621 1516 648 in
1527 621 1608 653 valle,
1618 624 1647 647 et
1656 627 1769 655 respon-

980 667 1076 694 dentes
1090 667 1184 695 dicent
1197 676 1203 694 :
1219 667 1300 701 220
1318 666 1413 694 Manus
1429 672 1531 694 nostra;
1544 674 1598 693 non
1611 665 1769 694 effuderunt

980 714 1140 748 sanguinem
1164 713 1256 745 hunc,
1287 716 1314 739 et
1336 712 1408 739 oeuli
1430 712 1518 739 nostri
1550 719 1606 742 non
1627 711 1766 738 viderunt.

979 760 1119 794 Propitius
1140 764 1200 786 esto
1221 759 1324 793 populo
1344 762 1390 785 tuo
1413 758 1507 790 lsrael,
1527 765 1609 792 quem
1625 756 1768 784 redemisti

979 805 1012 832 de
1026 809 1098 832 terra
1109 804 1229 840 Egypti,
1240 808 1269 831 ut
1281 811 1336 830 non
1348 803 1384 831 sit
1397 803 1508 838 sanguis
1522 803 1653 830 innocens
1671 801 1699 832 in
1717 809 1767 836 po-

979 851 1044 885 pulo
1059 855 1106 877 tuo
1117 850 1212 881 Israel,
1225 854 1254 877 et
1267 849 1408 876 auferetur
1419 849 1453 875 ab
1465 849 1499 877 iis
1511 852 1603 875 reatus
1616 848 1766 883 sanguinis.

139 892 178 927 μὴ
192 892 304 928 γένηται
328 889 397 927 αἷμα
413 893 532 919 ἀναίτιον
549 894 578 920 ἐν
602 893 641 928 τῷ
666 893 722 929 λαῷ
740 903 786 921 σου
809 894 926 931 Ἰσραὴλ,

981 897 1020 924 Tu
1035 900 1127 923 autem
1142 895 1251 922 auferes
1271 895 1432 929 sanguinem
1450 894 1624 922 innocentem
1640 901 1674 920 ex
1689 893 1768 920 vobis

138 937 188 963 καὶ
206 936 412 972 ὲξιλασθήσεται
427 938 519 969 αὐτοῖς
538 938 568 965 τὸ
588 936 669 974 αἷμα.
684 939 720 965 Σὺ
739 939 766 966 δὲ
781 940 887 975 ὲξαρεϊς
899 941 929 968 τὸ

136 980 208 1018 αἷμα
228 983 258 1009 τὸ
273 983 391 1010 ἀναίτιον
410 983 440 1016 ἐξ
454 984 530 1019 ὑμῶν
549 984 650 1012 αὐτῶν.
664 994 672 1010 ι
698 985 768 1011 Ἀλλ’
785 986 929 1021 εῑρὴσεται

138 1028 190 1062 μὲν
205 1028 276 1054 κατὰ
298 1028 409 1064 καιροὺς
426 1030 465 1060 είς
484 1029 588 1056 ἕκαστα
613 1029 728 1062 λεπτῶς,
752 1030 822 1066 πλὴν
841 1031 929 1058 ὲκεῖνὸ

136 1081 239 1108 φαμεν.
264 1073 345 1105 Σύνες
360 1075 434 1106 ὅπως
446 1074 559 1107 ἑαυτοὺς
577 1075 777 1102 ὰπαλλάττουσί
790 1085 862 1108 τινες
875 1076 929 1103 τῶν

137 1120 182 1154 ἐφ’
197 1120 292 1154 αἵματι
318 1122 568 1156 κατηγορημάτων,
586 1122 778 1158 ἀνατυπούσης
797 1123 863 1157 ἡμῖν
879 1123 929 1157 τῆς

135 1166 280 1206 δαμάλεως
302 1167 345 1200 ἐφ’
364 1167 446 1202 ἑαυτῇ
471 1167 515 1193 τὸν
536 1167 721 1203 Ἐμμανουήλ.
744 1168 849 1203 Χρῆναι
874 1168 928 1204 γὰρ

135 1209 212 1246 οἶμαι
228 1212 281 1238 δεῖν
295 1213 407 1244 ἑαυτοὺς
420 1213 642 1245 ἁπαλλάττοντας
661 1214 752 1248 λέγειν
761 1222 769 1229 ⁸
783 1215 816 1240 Αἱ
835 1215 926 1249 χεῖρες

135 1257 217 1293 ἡμῶν
232 1258 282 1284 οὐκ
297 1258 407 1294 ἐξέχεαν
431 1258 461 1285 τὸ
487 1256 556 1293 αἷμα
575 1259 662 1285 τοῦτο.
685 1259 755 1287 Ἀλλ’
780 1260 794 1286 ὅ
817 1268 849 1293 γε
873 1260 927 1286 τῶν

141 1303 278 1330 Ἰουδαίων
292 1304 377 1340 δῆμος
390 1305 448 1340 οὐχὶ
459 1305 536 1337 τοῦτό
551 1313 617 1331 ποτε
626 1305 818 1341 διακεκραγὼς
829 1306 929 1333 ἁλώσε-

135 1357 191 1375 ut.
208 1349 397 1385 Τετολμήκασι
419 1351 447 1377 δὲ
468 1350 568 1385 μᾶλλον
590 1352 677 1377 εἰπεῖν
697 1352 927 1387 νευροκοποῶτες

137 1395 183 1422 τὸν
201 1396 312 1431 μόσχον,
323 1406 332 1422 ‹
343 1397 375 1422 Al
388 1398 478 1432 χεῖρες
487 1397 504 1431 ἡ
509 1396 566 1432 μῶν
577 1397 686 1431 ἐξέχεαν
699 1397 729 1424 τὸ
738 1395 805 1433 αἷμα
814 1398 901 1425 τοῦτο.
914 1407 924 1423 ι

137 1442 250 1478 Ἕτερον
264 1443 327 1477 γὰρ,
339 1441 425 1477 οἶμαι,
441 1442 517 1478 παρὰ
527 1442 605 1469 τοῦτό
614 1444 687 1469 ἐστιν
702 1443 776 1470 οὐδὲν
791 1444 822 1470 τὸ
832 1444 928 1470 ἁσυνέ-

135 1495 190 1518 τως
205 1488 293 1513 εἰπεῖν
304 1487 351 1513 ἐπὶ
371 1487 492 1522 Χριστῷ·
515 1497 523 1513 ι
539 1487 576 1514 Τδ
589 1485 658 1524 αἷμα
673 1488 756 1515 αὺτοῦ
773 1489 815 1523 ἐφ’
841 1490 925 1524 ἡμᾶς,

136 1532 183 1559 καὶ
199 1533 245 1559 ἐπὶ
261 1532 294 1559 τὰ
309 1533 391 1559 τέκνα
409 1534 496 1569 ἡμῶν.
509 1543 517 1559 ι
539 1536 547 1541 ⁸

398 1601 469 1636 Περὶ
480 1601 534 1629 τοῦ
553 1601 664 1629 Ἰούδα.

172 1667 182 1684 ‹
205 1658 300 1691 Ἰούδα,
324 1658 354 1685 σὲ
370 1657 524 1685 αίνὲσουσιν
538 1659 562 1685 οἱ
577 1658 687 1694 ἀδελφοί
701 1667 758 1685 σου.
782 1659 815 1686 Δί
835 1659 926 1695 χεῖρές

136 1713 183 1731 σου
205 1705 251 1731 ἐπὶ
267 1705 352 1731 νώτου
373 1704 428 1731 τῶν
444 1705 549 1740 ἐχθρῶν
566 1713 623 1732 σου.
640 1705 863 1740 Προσκυνήσουοε
883 1714 925 1732 σοι

133 1751 158 1776 οἱ
178 1751 231 1777 υἱοὶ
247 1750 293 1777 τοῦ
312 1750 415 1786 πατρός
437 1758 495 1778 σου.
511 1750 635 1785 Σκύμνος
650 1750 757 1782 λέοντος
776 1750 873 1778 Ἰούδα·
892 1752 925 1778 ὲκ

135 1795 263 1830 βλαστοῦ,
279 1796 320 1823 υἱέ
345 1805 407 1831 μου,
424 1795 535 1830 ὰνὲὃης,
553 1794 700 1823 ἀναπεσὼν
718 1796 869 1831 ἐκοιμήθης
887 1796 925 1827 ὡς

134 1841 214 1872 λέων,
224 1842 273 1868 καὶ
287 1842 324 1873 ὠς
343 1841 471 1876 σκύμνος.
488 1841 535 1873 Τίς
552 1842 643 1877 ἐγερεῖ
656 1842 754 1874 αὐτόν;
766 1842 824 1869 οὐκ
837 1842 925 1868 ὲκλεί-

133 1887 179 1922 ψει
195 1887 288 1923 ᾶρχων
301 1887 330 1920 ἐξ
356 1887 451 1919 Ἰούδα,
472 1888 520 1915 καὶ
537 1888 688 1923 ἡγούμενος
703 1888 735 1915 ὲκ
754 1888 809 1915 τῶν
830 1888 926 1923 μηρῶν

133 1933 228 1964 αὐτοῦ,
243 1934 296 1965 ἕως
307 1933 340 1960 ἂν
353 1933 419 1969 ἔλθῃ
432 1933 466 1961 τὰ
481 1933 650 1968 ἀποκείμενα
667 1934 753 1969 αὐτῷ.
770 1934 825 1961 Καὶ
843 1935 925 1967 αὐτὸς

135 1979 286 2014 προσδοκία
298 1979 393 2007 ὲθνῶν.
409 1979 554 2015 Δεσμεύων
566 1980 634 2016 πρὸς
650 1980 773 2015 ἄμπελον
783 1981 827 2008 τὸν
835 1981 925 2008 πῶλον

134 2025 228 2057 αὑτοῦ,
245 2026 292 2052 καὶ
303 2027 336 2061 τῇ
351 2026 422 2052 ἕλικι
437 2025 482 2052 τὸν
495 2026 582 2053 πῶλον
600 2027 649 2061 τῆς
663 2025 725 2053 ὄνου
740 2026 834 2054 αὑτοῦ.
855 2027 926 2053 Illu-

134 2072 175 2097 νεῖ
187 2071 216 2097 ὲν
230 2070 294 2106 οἴνῳ
306 2071 354 2106 τὴν
366 2066 462 2107 στολὴν
470 2071 562 2103 αὑτοῦ,
576 2072 623 2098 καὶ
635 2073 664 2099 ὲν
677 2072 773 2107 αἵματι
787 2073 925 2108 σταφυλῆς

134 2116 184 2151 τὴν
205 2116 352 2151 περιϐολὴν
373 2117 467 2144 αὐτοῦ.
492 2117 614 2153 Χαροποὶ
636 2119 659 2144 ot
682 2117 817 2153 ὀφθαλμοὶ
840 2118 923 2145 αὐτοῦ

134 2161 188 2188 ἀπὸ
199 2161 282 2194 οῑνου,
296 2163 343 2189 καὶ
355 2162 447 2189 λευκοὶ
461 2163 486 2189 οἱ
503 2163 608 2195 ὀδόντες
619 2163 701 2190 αι’)τοῦ
717 2163 734 2199 ἢ
749 2163 829 2198 γάλα.
847 2174 856 2190 ι
872 2164 924 2191 Σα-

135 2207 188 2242 φὴς
203 2206 233 2234 εὖ
251 2208 323 2243 μάλα
337 2209 386 2244 τῆς
408 2209 534 2243 εὐλογίας
557 2210 623 2245 ἡμῖν
640 2209 670 2236 ἓν
688 2218 720 2245 γε
731 2210 850 2237 τουτοισὶ
862 2210 922 2237 δια-

136 2253 260 2287 φαίνεται
270 2255 286 2280 ὅ
299 2254 409 2289 τρόπος,
428 2255 477 2290 τῆς
486 2256 533 2282 τοῦ
545 2255 672 2292 Σωτῆρος
679 2255 759 2291 ἡμῶν
768 2255 924 2292 οἰκονομίας

135 2298 184 2334 τὴν
201 2299 402 2335 προαγόρευσιν
424 2301 481 2331 τοῖς
503 2300 691 2336 ἀκροωμένοις
712 2300 924 2336 είσκεκομικώς.

137 2344 392 2378 Προκαταὸάλλεται
415 2345 444 2371 δὲ
461 2345 554 2381 ὥσπερ
570 2347 632 2377 ταῖς
651 2345 800 2380 εὐψημίαις
826 2345 924 2380 ἀρχὴν,

136 2390 184 2425 τήν
196 2399 226 2417 τε
238 2390 283 2416 τοῦ
300 2391 431 2426 ὀνόματος
447 2392 596 2426 σημασίαν,
612 2391 657 2418 καὶ
676 2392 779 2426 μέντοι
795 2391 825 2416 τὺ
841 2387 925 2426 προῦ-

136 2444 182 2470 χον
194 2436 224 2462 ὲν
240 2435 304 2472 δόξῃ
323 2437 399 2472 παρὰ
423 2437 472 2468 τὰς
489 2437 588 2472 ἑτέρας
610 2439 659 2473 τῆς
680 2437 765 2464 Ἰούδα
781 2436 876 2471 φυλῆς.
894 2437 925 2463 Εἰ

136 2482 189 2518 γὰρ
202 2482 233 2518 δή
248 2491 290 2514 τις
304 2483 390 2509 ἕλοιτο
405 2483 564 2518 διατρανοῦν
583 2483 629 2510 τὸν
653 2483 738 2510 Ἰοὐδα
756 2483 847 2517 φωνὴν
864 2482 924 2518 ἤτοι

135 2527 264 2563 τοῦνομα,
284 2528 506 2564 διερμηνεύσειεν
531 2529 564 2556 ἂν
580 2528 676 2562 αἶνον,
700 2529 716 2565 ἦ
742 2529 885 2563 ὕμνησιν,
906 2528 923 2563 ἦ

136 2574 334 2609 ὑμνούμενον.
355 2576 430 2611 Ἔχει
447 2576 476 2602 δὲ
499 2576 513 2602 ὁ
534 2575 614 2610 λόγος
638 2576 687 2610 τὴν
712 2574 861 2610 ἀναφορὰν,
885 2575 925 2604 εἰς

136 2620 179 2645 τὸν
198 2620 231 2646 ὲκ
247 2621 297 2655 τῆς
317 2621 402 2648 Ἰούδα
424 2622 511 2657 φυλῆς
531 2622 577 2649 τὸν
591 2622 662 2649 κατὰ
683 2621 773 2657 σάρκα
794 2620 921 2656 Χριστόν,

137 2664 244 2700 Πέφηνι
259 2667 313 2702 γὰρ
332 2668 360 2700 ἐξ
382 2667 478 2700 Ἰούδα,
493 2668 539 2695 καὶ
560 2667 669 2699 Ἰεσσαὶ,
685 2668 731 2694 καὶ
741 2666 834 2697 Δαϐὶδ,
851 2666 922 2701 καὶὴ

138 2712 204 2746 πρὸς
213 2712 261 2748 τὴν
271 2713 320 2748 τῆς
332 2715 432 2750 σαρκὸς
443 2715 549 2748 γένεο-ιν
558 2713 766 2749 παραληφθεῖσα
773 2712 921 2749 Παρθένος.

138 2758 350 2795 Προαναθρήσας
369 2761 401 2795 δὴ
421 2759 467 2787 οὖν
488 2761 502 2787 ὸ
526 2762 669 2797 προφήτης
693 2762 733 2792 είς
754 2760 799 2787 τὸν
821 2760 854 2786 ἐκ
873 2759 922 2790 τῆς

173 2849 231 2866 ¹²·¹¹
244 2850 391 2885 Deut.rm,
406 2851 460 2878 1-9.
501 2851 629 2879 “Matth.
651 2859 732 2885 χχι-ιι,
749 2851 793 2879 25.

980 943 1048 978 ipsis
1057 942 1125 968 “"3.
1136 951 1146 967 ι
1155 943 1257 969 Verum
1270 941 1322 967 etsi
1330 941 1364 968 de
1375 940 1451 967 hisce
1463 939 1578 975 singulis
1584 947 1635 967 suo
1643 944 1767 973 tempore

980 988 1126 1016 dicendum
1149 987 1187 1014 sit
1203 991 1340 1017 accurate,
1354 985 1422 1012 illud
1440 988 1532 1012 tamen
1547 992 1622 1012 nunc
1639 984 1767 1012 admone-

979 1042 1050 1066 mus,
1062 1038 1090 1061 et
1098 1033 1224 1061 dicimus.
1234 1032 1366 1067 lntelligis
1376 1039 1430 1066 quo
1441 1035 1522 1065 pacto
1534 1030 1639 1065 seipsos
1649 1030 1768 1057 liberem

979 1079 1105 1106 nonnulli
1124 1078 1158 1105 ab
1173 1077 1349 1104 accusatione
1361 1076 1413 1103 fusi
1425 1075 1567 1111 sanguinis
1580 1082 1629 1109 per
1641 1074 1765 1105 vitulam,

979 1133 1039 1160 qua
1051 1124 1196 1151 adumbrat
1208 1122 1425 1150 Emmanuetem.
1442 1121 1557 1156 Oportet
1574 1120 1647 1148 enim
1662 1128 1720 1152 eos,
1737 1124 1768 1146 ut

978 1171 1107 1202 arbitror,
1121 1169 1232 1204 quando
1251 1177 1280 1196 se
1303 1171 1444 1200 excusant,
1458 1167 1495 1194 ita
1512 1167 1604 1194 dicere
1622 1175 1629 1193 :
1649 1175 1658 1191 ‹
1672 1166 1767 1193 Manus

954 1243 957 1247 ,
979 1222 1079 1244 nostra:
1094 1224 1148 1242 non
1161 1215 1318 1242 eﬁ‘uderunt
1339 1214 1412 1240 hunc
1430 1212 1601 1248 sanguinem.
1618 1221 1627 1238 ι
1647 1211 1766 1239 Verum-

978 1262 1119 1290 enimvero
1141 1262 1272 1296 populum
1283 1260 1441 1287 Iudaeorum
1453 1266 1594 1293 nunquam
1611 1258 1664 1285 hoc
1677 1257 1767 1284 excla-

979 1315 1066 1334 masse
1079 1306 1210 1341 reperies,
1221 1305 1287 1340 quin
1299 1305 1399 1339 potius,
1410 1307 1554 1338 postquam
1567 1306 1677 1330 taurum
1688 1309 1766 1329 ener-

977 1356 1086 1385 varunt,
1099 1351 1158 1379 ausi
1173 1354 1237 1378 sunt
1250 1351 1363 1385 insuper
1381 1349 1474 1376 dicere
1489 1357 1496 1375 :
1520 1358 1529 1373 ‹
1543 1348 1648 1375 Nostra:
1669 1355 1766 1374 manus

978 1397 1136 1425 eﬁ‘uderunt
1162 1396 1236 1423 hunc
1263 1395 1434 1430 sanguinem.
1454 1403 1462 1419 ι
1488 1393 1562 1420 Nihil
1589 1393 1663 1420 enim
1690 1392 1764 1419 aliud

978 1451 1059 1478 quam
1082 1443 1135 1470 hoc
1152 1446 1204 1474 est,
1217 1441 1290 1477 quod
1306 1440 1432 1475 imperite
1451 1439 1485 1467 de
1496 1439 1605 1466 Christo
1616 1439 1763 1465 dixerunt:

982 1498 991 1514 ι
1014 1488 1131 1522 Sanguis
1160 1489 1220 1524 ejus
1249 1495 1331 1522 super
1351 1494 1414 1518 nos,
1439 1489 1468 1512 et
1497 1493 1579 1519 super
1607 1484 1678 1511 ﬁlios
1706 1491 1764 1511 no-

978 1538 1050 1561 stros
1063 1534 1093 1559 ".
1112 1543 1120 1558 ι

1306 1598 1345 1625 De
1354 1599 1436 1626 Iuda.

1015 1655 1111 1688 «Juda,
1126 1654 1312 1682 telaudabunt
1336 1654 1435 1681 fratres
1455 1654 1503 1681 tui.
1525 1653 1620 1681 Manus
1641 1657 1694 1680 tua:
1716 1660 1763 1680 su-

974 1711 1024 1738 per
1045 1702 1156 1730 dorsum
1170 1701 1346 1728 inimicorum
1363 1704 1484 1732 tuorum,
1497 1699 1651 1727 adorabunt
1676 1703 1701 1725 te
1715 1699 1763 1725 lilii

974 1749 1061 1784 patris
1076 1748 1126 1775 tui.
1138 1747 1252 1775 Catulus
1263 1746 1350 1774 leonis
1360 1746 1439 1774 Juda.
1459 1747 1499 1774 Ex
1513 1746 1647 1781 germine,
1662 1745 1699 1772 ﬁli
1714 1745 1762 1776 mi.

974 1794 1133 1825 aseendisti,
1156 1793 1323 1821 recumbens
1342 1793 1496 1820 dormivisti
1512 1796 1542 1819 ut
1565 1792 1619 1824 leo,
1641 1795 1669 1818 et
1693 1791 1764 1820 sicut

974 1840 1082 1868 catulus
1107 1840 1206 1871 leonis,
1229 1839 1292 1874 quis
1318 1838 1463 1866 suscitabit
1475 1838 1555 1866 eum?
1576 1838 1636 1866 Non
1654 1837 1764 1864 deficiet

976 1887 1104 1921 princeps
1115 1893 1149 1914 ex
1163 1885 1243 1917 Juda,
1263 1890 1290 1912 et
1301 1885 1356 1912 dux
1369 1885 1403 1913 de
1422 1885 1575 1912 femoribus
1587 1884 1658 1919 ejus,
1676 1883 1764 1910 donec

973 1932 1085 1960 veniant
1105 1931 1226 1966 reposita
1247 1931 1283 1959 ei.
1303 1931 1337 1958 Et
1354 1931 1411 1965 ipse
1432 1930 1602 1965 exspectatio
1628 1930 1761 1965 gentium.

974 1978 1074 2013 Ligans
1084 1977 1118 2004 ad
1130 1977 1237 2004 vineam
1250 1977 1355 2011 pullum
1370 1983 1461 2007 suum,
1471 1980 1499 2003 et
1515 1975 1645 2010 pampino
1657 1974 1761 2009 pullum

973 2024 1057 2051 asinae
1068 2031 1133 2050 suae.
1147 2022 1260 2050 Lavabit
1272 2022 1300 2049 in
1313 2021 1378 2048 vino
1390 2021 1487 2048 stolam
1503 2028 1592 2053 suam,
1604 2024 1633 2047 et
1658 2019 1685 2047 in
1698 2027 1761 2046 san-

973 2069 1055 2104 guine
1065 2067 1241 2103 uvaepallium
1252 2076 1343 2095 suum.
1351 2068 1460 2094 Pulchri
1469 2067 1541 2094 oculi
1553 2067 1613 2102 ejus
1621 2074 1676 2101 prae
1685 2065 1760 2097 vino,

973 2118 1002 2142 et
1017 2113 1137 2141 albiores
1159 2113 1257 2140 dentes
1279 2113 1339 2147 ejus
1355 2119 1436 2147 quam
1464 2111 1507 2138 lac
1520 2111 1552 2137 ¹⁶.
1567 2120 1576 2138 ι
1596 2109 1761 2144 Pcrspicuus

973 2158 1121 2186 admodum
1133 2161 1175 2185 est
1192 2158 1220 2184 in
1242 2157 1286 2184 his
1306 2155 1507 2184 benedictionis
1528 2154 1634 2186 modus,
1659 2153 1760 2188 quippe

938 2219 960 2247 υ
974 2204 1021 2240 qui
1033 2204 1206 2232 auditoribus
1219 2203 1393 2238 prophetiam
1405 2203 1438 2231 de
1461 2201 1648 2229 incarnatione
1666 2199 1760 2227 Salva~

974 2251 1042 2279 toris
1054 2250 1142 2278 nostri
1153 2258 1283 2285 expresse
1300 2248 1494 2277 introduxerit.
1518 2246 1697 2275 Praemittitur
1709 2252 1759 2271 au—

972 2301 1028 2324 tem
1045 2296 1137 2324 statim
1151 2295 1230 2323 initio
1250 2294 1454 2322 benedictionis
1477 2292 1598 2321 nominis
1616 2290 1702 2326 ipsius
1721 2289 1759 2316 si-

972 2341 1122 2377 gniﬁcatio,
1140 2341 1270 2376 quodque
1283 2340 1372 2368 tribus
1386 2339 1456 2368 Iuda
1484 2338 1577 2373 gloria
1601 2335 1758 2372 praestantia

973 2388 1093 2423 reliquas
1105 2388 1261 2417 antecellat.
1276 2386 1304 2414 Si
1320 2386 1382 2422 quis
1396 2385 1469 2413 enim
1492 2392 1592 2412 nomen
1621 2382 1698 2410 Juda:
1716 2382 1759 2408 in-

973 2439 1151 2471 terpretetur,
1161 2434 1298 2471 signiﬁcat
1312 2434 1417 2461 laudem
1433 2441 1482 2461 seu
1496 2431 1700 2459 celebrationem
1712 2433 1759 2456 aut

973 2483 1143 2511 celebratum.
1172 2483 1224 2511 llic
1251 2486 1343 2510 autem
1369 2488 1459 2509 sermo
1484 2478 1581 2507 referri
1616 2477 1696 2506 debet
1724 2476 1758 2503 ad

972 2530 1123 2561 Christum,
1141 2530 1188 2564 qui
1211 2536 1276 2556 sane
1297 2531 1340 2555 est
1356 2536 1389 2555 ex
1412 2527 1487 2556 tribu
1516 2525 1586 2554 Juda
1607 2522 1757 2552 secundum

973 2584 1093 2605 carnem.
1108 2576 1196 2603 Natus
1210 2579 1252 2602 est
1274 2574 1348 2602 enim
1365 2582 1400 2601 ex
1425 2573 1505 2606 Juda,
1528 2572 1604 2600 Jesse
1618 2574 1647 2598 et
1661 2568 1756 2600 David,

974 2627 1057 2657 atque
1084 2630 1117 2650 ea
1139 2629 1201 2657 quae
1227 2621 1261 2649 ad
1283 2622 1355 2648 hanc
1369 2620 1462 2648 carnis
1483 2618 1686 2655 generationem
1714 2623 1756 2644 as—

975 2672 1084 2703 sumpta
1098 2673 1141 2695 est
1153 2668 1242 2703 Virgo.
1255 2667 1322 2697 Cum
1336 2667 1419 2702 igitur
1432 2665 1566 2701 propheta
1592 2663 1757 2699 respexisset

975 2715 1054 2749 22],
1073 2715 1100 2742 in
1112 2714 1199 2747 illum,
1214 2714 1314 2750 quiest
1327 2721 1360 2742 ex
1374 2713 1449 2741 tribu
1461 2712 1532 2740 Juda
1543 2711 1681 2738 oriturus:
1703 2708 1755 2736 Ve-

974 2767 1035 2787 rum
1045 2765 1097 2794 est,
1112 2760 1212 2796 inquit,
1224 2761 1272 2788 tibi
1287 2767 1398 2794 nomen,
1413 2756 1585 2792 sicutetipsa
1600 2762 1693 2784 rerum
1714 2753 1754 2780 vis

835 2851 855 2868 "
873 2851 940 2883 Gen.
961 2861 1031 2885 XLIX,
1052 2851 1124 2879 8-H.
