  <div class='ocr_page' id='page_1' title='image "/cluster/home/n/w/nwhite01/storage/ocr_20150623/69/njp.32101077772729/200.png"; bbox 0 0 1999 3056; ppageno 0'>
   <div class='ocr_carea' id='block_1_1' title="bbox 123 146 175 175">
    <p class='ocr_par' dir='ltr' id='par_1_1' title="bbox 123 146 175 175">
     <span class='ocr_line' id='line_1_1' title="bbox 123 146 175 175; baseline 0 0"><span class='ocrx_word' id='word_1_1' title='bbox 123 146 175 175; x_wconf 76' lang='lat'><strong>553</strong></span> 
     </span>
    </p>
   </div>
   <div class='ocr_carea' id='block_1_2' title="bbox 620 143 1259 175">
    <p class='ocr_par' dir='ltr' id='par_1_2' title="bbox 620 143 1259 175">
     <span class='ocr_line' id='line_1_2' title="bbox 620 143 1259 175; baseline 0.005 -3"><span class='ocrx_word' id='word_1_2' title='bbox 620 143 878 172; x_wconf 70' lang='lat' dir='ltr'><strong>GLAPIIYRORUM</strong></span> <span class='ocrx_word' id='word_1_3' title='bbox 900 144 931 171; x_wconf 73' lang='lat' dir='ltr'><strong>IN</strong></span> <span class='ocrx_word' id='word_1_4' title='bbox 952 144 1100 173; x_wconf 71' lang='lat' dir='ltr'><strong>GENESH!</strong></span> <span class='ocrx_word' id='word_1_5' title='bbox 1119 146 1183 174; x_wconf 82' lang='lat' dir='ltr'><strong>LIB.</strong></span> <span class='ocrx_word' id='word_1_6' title='bbox 1205 147 1259 175; x_wconf 73' lang='grc' dir='ltr'>νη.</span> 
     </span>
    </p>
   </div>
   <div class='ocr_carea' id='block_1_3' title="bbox 1694 152 1748 182">
    <p class='ocr_par' dir='ltr' id='par_1_3' title="bbox 1694 152 1748 182">
     <span class='ocr_line' id='line_1_3' title="bbox 1694 152 1748 182; baseline 0 -1"><span class='ocrx_word' id='word_1_7' title='bbox 1694 152 1748 182; x_wconf 65' lang='grc'><strong>334</strong></span> 
     </span>
    </p>
   </div>
   <div class='ocr_carea' id='block_1_4' title="bbox 123 199 914 242">
    <p class='ocr_par' dir='ltr' id='par_1_4' title="bbox 123 199 914 239">
     <span class='ocr_line' id='line_1_4' title="bbox 123 199 914 239; baseline -0.005 -8"><span class='ocrx_word' id='word_1_8' title='bbox 123 205 205 236; x_wconf 76' lang='grc' dir='ltr'>αὐτὸς</span> <span class='ocrx_word' id='word_1_9' title='bbox 220 204 250 230; x_wconf 72' lang='grc' dir='ltr'>ὲν</span> <span class='ocrx_word' id='word_1_10' title='bbox 271 202 412 239; x_wconf 64' lang='grc' dir='ltr'>παρρησίᾳ</span> <span class='ocrx_word' id='word_1_11' title='bbox 429 199 508 229; x_wconf 83' lang='grc' dir='ltr'>εἴναι,</span> <span class='ocrx_word' id='word_1_12' title='bbox 529 211 538 227; x_wconf 72' lang='grc' dir='ltr'><strong>ι</strong></span> <span class='ocrx_word' id='word_1_13' title='bbox 559 202 715 237; x_wconf 79' lang='grc' dir='ltr'>Προσὲθηκε</span> <span class='ocrx_word' id='word_1_14' title='bbox 735 202 763 228; x_wconf 74' lang='grc' dir='ltr'><strong>δὲ</strong></span> <span class='ocrx_word' id='word_1_15' title='bbox 782 201 885 232; x_wconf 77' lang='grc' dir='ltr'><strong>τούτοις</strong></span> <span class='ocrx_word' id='word_1_16' title='bbox 901 202 914 228; x_wconf 99' lang='lat'><strong>6</strong></span> 
     </span>
    </p>
   </div>
   <div class='ocr_carea' id='block_1_5' title="bbox 966 199 1747 242">
    <p class='ocr_par' dir='ltr' id='par_1_5' title="bbox 966 202 1747 242">
     <span class='ocr_line' id='line_1_5' title="bbox 966 202 1747 242; baseline 0.012 -12"><span class='ocrx_word' id='word_1_17' title='bbox 966 202 1070 230; x_wconf 81' lang='lat' dir='ltr'><strong>addidit</strong></span> <span class='ocrx_word' id='word_1_18' title='bbox 1082 203 1139 232; x_wconf 84' lang='lat' dir='ltr'><strong>his:</strong></span> <span class='ocrx_word' id='word_1_19' title='bbox 1163 214 1172 231; x_wconf 88' lang='lat'><strong>1</strong></span> <span class='ocrx_word' id='word_1_20' title='bbox 1188 204 1256 238; x_wconf 83' lang='lat' dir='ltr'><strong>Quia</strong></span> <span class='ocrx_word' id='word_1_21' title='bbox 1279 213 1330 232; x_wconf 84' lang='lat' dir='ltr'><strong>nec</strong></span> <span class='ocrx_word' id='word_1_22' title='bbox 1351 205 1449 232; x_wconf 83' lang='lat' dir='ltr'><strong>fratres</strong></span> <span class='ocrx_word' id='word_1_23' title='bbox 1469 207 1528 242; x_wconf 80' lang='lat' dir='ltr'><strong>ejus</strong></span> <span class='ocrx_word' id='word_1_24' title='bbox 1547 209 1694 237; x_wconf 76' lang='lat' dir='ltr'><strong>credebant</strong></span> <span class='ocrx_word' id='word_1_25' title='bbox 1719 211 1747 239; x_wconf 87' lang='lat' dir='ltr'><strong>in</strong></span> 
     </span>
    </p>
   </div>
   <div class='ocr_carea' id='block_1_6' title="bbox 123 247 915 284">
    <p class='ocr_par' dir='ltr' id='par_1_6' title="bbox 123 247 915 284">
     <span class='ocr_line' id='line_1_6' title="bbox 123 247 915 284; baseline -0.005 -7"><span class='ocrx_word' id='word_1_26' title='bbox 123 249 321 284; x_wconf 73' lang='grc' dir='ltr'>ιύαγγελιστής</span> <span class='ocrx_word' id='word_1_27' title='bbox 333 257 338 262; x_wconf 83' lang='grc'><em>’</em></span> <span class='ocrx_word' id='word_1_28' title='bbox 354 258 363 274; x_wconf 92' lang='lat'><strong>1</strong></span> <span class='ocrx_word' id='word_1_29' title='bbox 380 248 447 274; x_wconf 70' lang='grc' dir='ltr'><strong>Οὐδὲ</strong></span> <span class='ocrx_word' id='word_1_30' title='bbox 463 247 516 283; x_wconf 84' lang='grc' dir='ltr'><strong>γὰρ</strong></span> <span class='ocrx_word' id='word_1_31' title='bbox 527 248 550 274; x_wconf 92' lang='grc' dir='ltr'><strong>οί</strong></span> <span class='ocrx_word' id='word_1_32' title='bbox 564 247 672 283; x_wconf 72' lang='grc' dir='ltr'>ἀδελφοὶ</span> <span class='ocrx_word' id='word_1_33' title='bbox 683 247 766 274; x_wconf 74' lang='grc' dir='ltr'>αὐτοῦ</span> <span class='ocrx_word' id='word_1_34' title='bbox 774 247 915 274; x_wconf 79' lang='grc' dir='ltr'>ἐπίστευον</span> 
     </span>
    </p>
   </div>
   <div class='ocr_carea' id='block_1_7' title="bbox 123 293 907 328">
    <p class='ocr_par' dir='ltr' id='par_1_7' title="bbox 123 293 907 328">
     <span class='ocr_line' id='line_1_7' title="bbox 123 293 907 328; baseline -0.005 -6"><span class='ocrx_word' id='word_1_35' title='bbox 123 297 164 327; x_wconf 81' lang='grc' dir='ltr'><strong>εις</strong></span> <span class='ocrx_word' id='word_1_36' title='bbox 189 294 280 322; x_wconf 83' lang='grc' dir='ltr'>αὐτόν.</span> <span class='ocrx_word' id='word_1_37' title='bbox 306 304 315 320; x_wconf 77' lang='grc' dir='ltr'><strong>ι</strong></span> <span class='ocrx_word' id='word_1_38' title='bbox 351 294 421 321; x_wconf 80' lang='grc' dir='ltr'>Ἀλλ’</span> <span class='ocrx_word' id='word_1_39' title='bbox 441 295 464 320; x_wconf 85' lang='grc' dir='ltr'>οἰ</span> <span class='ocrx_word' id='word_1_40' title='bbox 488 293 574 321; x_wconf 79' lang='grc' dir='ltr'>ταῦτα</span> <span class='ocrx_word' id='word_1_41' title='bbox 597 293 722 328; x_wconf 78' lang='grc' dir='ltr'>λέγοντες</span> <span class='ocrx_word' id='word_1_42' title='bbox 744 293 774 319; x_wconf 88' lang='grc' dir='ltr'>ὲν</span> <span class='ocrx_word' id='word_1_43' title='bbox 800 293 907 328; x_wconf 79' lang='grc' dir='ltr'><strong>ἀρχαῖς,</strong></span> 
     </span>
    </p>
   </div>
   <div class='ocr_carea' id='block_1_8' title="bbox 122 339 914 377">
    <p class='ocr_par' dir='ltr' id='par_1_8' title="bbox 122 339 914 377">
     <span class='ocr_line' id='line_1_8' title="bbox 122 339 914 377; baseline -0.005 -9"><span class='ocrx_word' id='word_1_44' title='bbox 122 341 264 377; x_wconf 65' lang='grc' dir='ltr'><strong>⁸προϊόντος</strong></span> <span class='ocrx_word' id='word_1_45' title='bbox 277 339 324 367; x_wconf 87' lang='grc' dir='ltr'><strong>τοῦ</strong></span> <span class='ocrx_word' id='word_1_46' title='bbox 338 339 433 375; x_wconf 79' lang='grc' dir='ltr'>χρόνου</span> <span class='ocrx_word' id='word_1_47' title='bbox 445 339 670 367; x_wconf 75' lang='grc' dir='ltr'>πεπιστεύκασιν.</span> <span class='ocrx_word' id='word_1_48' title='bbox 683 339 914 374; x_wconf 80' lang='grc' dir='ltr'>Πεπληροφόρην-</span> 
     </span>
    </p>
   </div>
   <div class='ocr_carea' id='block_1_9' title="bbox 123 384 914 422">
    <p class='ocr_par' dir='ltr' id='par_1_9' title="bbox 123 384 914 422">
     <span class='ocr_line' id='line_1_9' title="bbox 123 384 914 422; baseline -0.006 -7"><span class='ocrx_word' id='word_1_49' title='bbox 123 397 170 415; x_wconf 82' lang='grc' dir='ltr'><strong>ται</strong></span> <span class='ocrx_word' id='word_1_50' title='bbox 187 387 243 422; x_wconf 82' lang='grc' dir='ltr'><strong>γὰρ</strong></span> <span class='ocrx_word' id='word_1_51' title='bbox 260 388 300 413; x_wconf 80' lang='grc' dir='ltr'>ὅτι</span> <span class='ocrx_word' id='word_1_52' title='bbox 316 386 364 413; x_wconf 78' lang='grc' dir='ltr'>καὶ</span> <span class='ocrx_word' id='word_1_53' title='bbox 375 385 441 417; x_wconf 78' lang='grc' dir='ltr'>Θεὸς</span> <span class='ocrx_word' id='word_1_54' title='bbox 449 385 520 412; x_wconf 80' lang='grc' dir='ltr'>κατὰ</span> <span class='ocrx_word' id='word_1_55' title='bbox 536 384 616 419; x_wconf 87' lang='grc' dir='ltr'>φύσιν</span> <span class='ocrx_word' id='word_1_56' title='bbox 626 386 696 415; x_wconf 71' lang='grc' dir='ltr'>ἐστὶ,</span> <span class='ocrx_word' id='word_1_57' title='bbox 707 385 753 411; x_wconf 80' lang='grc' dir='ltr'>καὶ</span> <span class='ocrx_word' id='word_1_58' title='bbox 769 385 792 410; x_wconf 84' lang='grc' dir='ltr'><strong>εί</strong></span> <span class='ocrx_word' id='word_1_59' title='bbox 804 384 914 418; x_wconf 85' lang='grc' dir='ltr'>γέγονεν</span> 
     </span>
    </p>
   </div>
   <div class='ocr_carea' id='block_1_10' title="bbox 123 428 914 468">
    <p class='ocr_par' dir='ltr' id='par_1_10' title="bbox 123 428 914 468">
     <span class='ocr_line' id='line_1_10' title="bbox 123 428 914 468; baseline -0.006 -9"><span class='ocrx_word' id='word_1_60' title='bbox 123 434 152 459; x_wconf 75' lang='grc' dir='ltr'><strong>έν</strong></span> <span class='ocrx_word' id='word_1_61' title='bbox 176 432 268 468; x_wconf 74' lang='grc' dir='ltr'>σαρκὶ,</span> <span class='ocrx_word' id='word_1_62' title='bbox 286 432 333 458; x_wconf 72' lang='grc' dir='ltr'>καὶ</span> <span class='ocrx_word' id='word_1_63' title='bbox 350 430 470 465; x_wconf 77' lang='grc' dir='ltr'>πέφηνεν</span> <span class='ocrx_word' id='word_1_64' title='bbox 492 429 647 465; x_wconf 79' lang='grc' dir='ltr'>ἄνθρωπος.</span> <span class='ocrx_word' id='word_1_65' title='bbox 666 428 752 455; x_wconf 79' lang='grc' dir='ltr'>Τοῦτό</span> <span class='ocrx_word' id='word_1_66' title='bbox 769 437 810 455; x_wconf 90' lang='grc' dir='ltr'><strong>τοι</strong></span> <span class='ocrx_word' id='word_1_67' title='bbox 837 429 885 454; x_wconf 74' lang='grc' dir='ltr'>καὶ</span> <span class='ocrx_word' id='word_1_68' title='bbox 900 429 914 454; x_wconf 84' lang='lat'><strong>6</strong></span> 
     </span>
    </p>
   </div>
   <div class='ocr_carea' id='block_1_11' title="bbox 124 474 914 514">
    <p class='ocr_par' dir='ltr' id='par_1_11' title="bbox 124 474 914 514">
     <span class='ocr_line' id='line_1_11' title="bbox 124 474 914 514; baseline -0.006 -9"><span class='ocrx_word' id='word_1_69' title='bbox 124 479 258 514; x_wconf 82' lang='grc' dir='ltr'>μακάριος</span> <span class='ocrx_word' id='word_1_70' title='bbox 271 477 412 513; x_wconf 75' lang='grc' dir='ltr'><strong>προφήτης</strong></span> <span class='ocrx_word' id='word_1_71' title='bbox 435 476 576 512; x_wconf 83' lang='grc' dir='ltr'>Ἱερεμίας,</span> <span class='ocrx_word' id='word_1_72' title='bbox 594 475 774 511; x_wconf 82' lang='grc' dir='ltr'>προεγνωκὼς</span> <span class='ocrx_word' id='word_1_73' title='bbox 790 475 818 501; x_wconf 80' lang='grc' dir='ltr'>ὲν</span> <span class='ocrx_word' id='word_1_74' title='bbox 833 474 914 500; x_wconf 78' lang='grc' dir='ltr'>πνεύ-</span> 
     </span>
    </p>
   </div>
   <div class='ocr_carea' id='block_1_12' title="bbox 124 521 913 560">
    <p class='ocr_par' dir='ltr' id='par_1_12' title="bbox 124 521 913 560">
     <span class='ocr_line' id='line_1_12' title="bbox 124 521 913 560; baseline -0.008 -8"><span class='ocrx_word' id='word_1_75' title='bbox 124 534 201 560; x_wconf 85' lang='grc' dir='ltr'>ματι,</span> <span class='ocrx_word' id='word_1_76' title='bbox 218 525 285 560; x_wconf 81' lang='grc' dir='ltr'>πρὸς</span> <span class='ocrx_word' id='word_1_77' title='bbox 297 524 380 551; x_wconf 75' lang='grc' dir='ltr'>αὐτόν</span> <span class='ocrx_word' id='word_1_78' title='bbox 397 532 463 559; x_wconf 78' lang='grc' dir='ltr'>φησι</span> <span class='ocrx_word' id='word_1_79' title='bbox 480 523 526 549; x_wconf 69' lang='grc' dir='ltr'><strong>τὸν</strong></span> <span class='ocrx_word' id='word_1_80' title='bbox 548 522 726 558; x_wconf 71' lang='grc' dir='ltr'><strong>Ἐμμανουήλ</strong></span> <span class='ocrx_word' id='word_1_81' title='bbox 739 530 745 537; x_wconf 90' lang='grc'><strong>·</strong></span> <span class='ocrx_word' id='word_1_82' title='bbox 767 531 776 547; x_wconf 90' lang='lat'><strong>1</strong></span> <span class='ocrx_word' id='word_1_83' title='bbox 793 522 852 548; x_wconf 83' lang='grc' dir='ltr'>’Ὁτι</span> <span class='ocrx_word' id='word_1_84' title='bbox 867 521 913 547; x_wconf 75' lang='grc' dir='ltr'>καὶ</span> 
     </span>
    </p>
   </div>
   <div class='ocr_carea' id='block_1_13' title="bbox 121 563 909 606">
    <p class='ocr_par' dir='ltr' id='par_1_13' title="bbox 121 563 909 606">
     <span class='ocr_line' id='line_1_13' title="bbox 121 563 909 606; baseline -0.006 -9"><span class='ocrx_word' id='word_1_85' title='bbox 121 571 148 597; x_wconf 86' lang='grc' dir='ltr'><strong>οί</strong></span> <span class='ocrx_word' id='word_1_86' title='bbox 160 570 269 606; x_wconf 79' lang='grc' dir='ltr'>ἀδελφοί</span> <span class='ocrx_word' id='word_1_87' title='bbox 286 579 343 602; x_wconf 87' lang='grc' dir='ltr'>σου,</span> <span class='ocrx_word' id='word_1_88' title='bbox 353 570 400 596; x_wconf 74' lang='grc' dir='ltr'><strong>καὶ</strong></span> <span class='ocrx_word' id='word_1_89' title='bbox 412 571 426 596; x_wconf 84' lang='grc' dir='ltr'>ὁ</span> <span class='ocrx_word' id='word_1_90' title='bbox 439 567 512 601; x_wconf 72' lang='grc' dir='ltr'>οἱκος</span> <span class='ocrx_word' id='word_1_91' title='bbox 529 569 575 595; x_wconf 78' lang='grc' dir='ltr'><strong>τοῦ</strong></span> <span class='ocrx_word' id='word_1_92' title='bbox 587 568 690 604; x_wconf 69' lang='grc' dir='ltr'>πατρός</span> <span class='ocrx_word' id='word_1_93' title='bbox 702 577 760 599; x_wconf 79' lang='grc' dir='ltr'>σου,</span> <span class='ocrx_word' id='word_1_94' title='bbox 775 567 823 594; x_wconf 66' lang='grc' dir='ltr'>καὶ</span> <span class='ocrx_word' id='word_1_95' title='bbox 836 563 909 593; x_wconf 74' lang='grc' dir='ltr'>οὗτοι</span> 
     </span>
    </p>
   </div>
   <div class='ocr_carea' id='block_1_14' title="bbox 122 614 911 652">
    <p class='ocr_par' dir='ltr' id='par_1_14' title="bbox 122 614 911 652">
     <span class='ocr_line' id='line_1_14' title="bbox 122 614 911 652; baseline -0.003 -10"><span class='ocrx_word' id='word_1_96' title='bbox 122 617 261 652; x_wconf 77' lang='grc' dir='ltr'>ὴθέτησάν</span> <span class='ocrx_word' id='word_1_97' title='bbox 274 625 315 649; x_wconf 89' lang='grc' dir='ltr'><strong>σε,</strong></span> <span class='ocrx_word' id='word_1_98' title='bbox 336 617 383 643; x_wconf 72' lang='grc' dir='ltr'>καὶ</span> <span class='ocrx_word' id='word_1_99' title='bbox 399 616 476 643; x_wconf 74' lang='grc' dir='ltr'>αὐτοὶ</span> <span class='ocrx_word' id='word_1_100' title='bbox 495 615 612 650; x_wconf 76' lang='grc' dir='ltr'>ὲῦὀησαν</span> <span class='ocrx_word' id='word_1_101' title='bbox 632 615 666 641; x_wconf 81' lang='grc' dir='ltr'>ἐκ</span> <span class='ocrx_word' id='word_1_102' title='bbox 680 614 734 641; x_wconf 87' lang='grc' dir='ltr'>τῶν</span> <span class='ocrx_word' id='word_1_103' title='bbox 748 614 836 640; x_wconf 82' lang='grc' dir='ltr'><strong>ὀπίσω</strong></span> <span class='ocrx_word' id='word_1_104' title='bbox 854 621 911 640; x_wconf 82' lang='grc' dir='ltr'>σου.</span> 
     </span>
    </p>
   </div>
   <div class='ocr_carea' id='block_1_15' title="bbox 128 658 912 697">
    <p class='ocr_par' dir='ltr' id='par_1_15' title="bbox 128 658 912 697">
     <span class='ocr_line' id='line_1_15' title="bbox 128 658 912 697; baseline -0.005 -9"><span class='ocrx_word' id='word_1_105' title='bbox 128 662 380 697; x_wconf 75' lang='grc' dir='ltr'>Ἐπισυνήχθησαν,</span> <span class='ocrx_word' id='word_1_106' title='bbox 398 661 435 697; x_wconf 84' lang='grc' dir='ltr'>μὴ</span> <span class='ocrx_word' id='word_1_107' title='bbox 451 660 600 697; x_wconf 80' lang='grc' dir='ltr'><strong>πιστεύσῃς</strong></span> <span class='ocrx_word' id='word_1_108' title='bbox 617 661 656 692; x_wconf 86' lang='grc' dir='ltr'><strong>είς</strong></span> <span class='ocrx_word' id='word_1_109' title='bbox 676 660 785 692; x_wconf 76' lang='grc' dir='ltr'>αὐτοὺς,</span> <span class='ocrx_word' id='word_1_110' title='bbox 807 660 848 685; x_wconf 84' lang='grc' dir='ltr'>ὅτι</span> <span class='ocrx_word' id='word_1_111' title='bbox 865 658 912 685; x_wconf 80' lang='grc' dir='ltr'>λα-</span> 
     </span>
    </p>
   </div>
   <div class='ocr_carea' id='block_1_16' title="bbox 122 703 912 743">
    <p class='ocr_par' dir='ltr' id='par_1_16' title="bbox 122 703 912 743">
     <span class='ocr_line' id='line_1_16' title="bbox 122 703 912 743; baseline -0.005 -9"><span class='ocrx_word' id='word_1_112' title='bbox 122 709 234 743; x_wconf 74' lang='grc' dir='ltr'>λήσουοί</span> <span class='ocrx_word' id='word_1_113' title='bbox 260 707 328 743; x_wconf 61' lang='grc' dir='ltr'>πρὸς</span> <span class='ocrx_word' id='word_1_114' title='bbox 348 708 378 734; x_wconf 81' lang='grc' dir='ltr'>σὲ</span> <span class='ocrx_word' id='word_1_115' title='bbox 395 707 478 734; x_wconf 77' lang='grc' dir='ltr'>κακά.</span> <span class='ocrx_word' id='word_1_116' title='bbox 499 716 508 731; x_wconf 72' lang='grc' dir='ltr'><strong>ι</strong></span> <span class='ocrx_word' id='word_1_117' title='bbox 528 707 559 732; x_wconf 84' lang='grc' dir='ltr'><strong>Οἱ</strong></span> <span class='ocrx_word' id='word_1_118' title='bbox 580 705 634 741; x_wconf 78' lang='grc' dir='ltr'><strong>γὰρ</strong></span> <span class='ocrx_word' id='word_1_119' title='bbox 656 705 740 732; x_wconf 70' lang='grc' dir='ltr'>πάλαι</span> <span class='ocrx_word' id='word_1_120' title='bbox 754 706 810 736; x_wconf 85' lang='grc' dir='ltr'>τοῖς</span> <span class='ocrx_word' id='word_1_121' title='bbox 824 703 912 735; x_wconf 75' lang='grc' dir='ltr'>ἄλλοις</span> 
     </span>
    </p>
   </div>
   <div class='ocr_carea' id='block_1_17' title="bbox 122 750 911 792">
    <p class='ocr_par' dir='ltr' id='par_1_17' title="bbox 122 750 911 792">
     <span class='ocr_line' id='line_1_17' title="bbox 122 750 911 792; baseline -0.011 -7"><span class='ocrx_word' id='word_1_122' title='bbox 122 757 191 792; x_wconf 80' lang='grc' dir='ltr'>ὁμοῦ</span> <span class='ocrx_word' id='word_1_123' title='bbox 207 754 445 790; x_wconf 80' lang='grc' dir='ltr'>κατακεκραγότες</span> <span class='ocrx_word' id='word_1_124' title='bbox 451 752 546 784; x_wconf 84' lang='grc' dir='ltr'>αὐτοῦ,</span> <span class='ocrx_word' id='word_1_125' title='bbox 557 751 760 787; x_wconf 82' lang='grc' dir='ltr'><strong>συνηνέχθησαν</strong></span> <span class='ocrx_word' id='word_1_126' title='bbox 769 752 797 777; x_wconf 78' lang='grc' dir='ltr'>ὲν</span> <span class='ocrx_word' id='word_1_127' title='bbox 811 750 911 781; x_wconf 81' lang='grc' dir='ltr'>πίστει,</span> 
     </span>
    </p>
   </div>
   <div class='ocr_carea' id='block_1_18' title="bbox 121 796 909 838">
    <p class='ocr_par' dir='ltr' id='par_1_18' title="bbox 121 796 909 838">
     <span class='ocr_line' id='line_1_18' title="bbox 121 796 909 838; baseline -0.01 -9"><span class='ocrx_word' id='word_1_128' title='bbox 121 803 229 838; x_wconf 70' lang='grc' dir='ltr'>χρηστὰ</span> <span class='ocrx_word' id='word_1_129' title='bbox 239 801 402 835; x_wconf 79' lang='grc' dir='ltr'>λελαλήκασι</span> <span class='ocrx_word' id='word_1_130' title='bbox 417 799 480 834; x_wconf 75' lang='grc' dir='ltr'>περὶ</span> <span class='ocrx_word' id='word_1_131' title='bbox 496 797 588 824; x_wconf 78' lang='grc' dir='ltr'>αὑτοῦ.</span> <span class='ocrx_word' id='word_1_132' title='bbox 610 796 739 828; x_wconf 76' lang='grc' dir='ltr'>Ἰάκωϐος</span> <span class='ocrx_word' id='word_1_133' title='bbox 750 796 816 830; x_wconf 81' lang='grc' dir='ltr'>γοῦν</span> <span class='ocrx_word' id='word_1_134' title='bbox 828 796 842 822; x_wconf 86' lang='lat'><strong>6</strong></span> <span class='ocrx_word' id='word_1_135' title='bbox 858 803 909 830; x_wconf 80' lang='grc' dir='ltr'>μα-</span> 
     </span>
    </p>
   </div>
   <div class='ocr_carea' id='block_1_19' title="bbox 122 841 911 884">
    <p class='ocr_par' dir='ltr' id='par_1_19' title="bbox 122 841 911 884">
     <span class='ocr_line' id='line_1_19' title="bbox 122 841 911 884; baseline -0.011 -8"><span class='ocrx_word' id='word_1_136' title='bbox 122 850 220 884; x_wconf 74' lang='grc' dir='ltr'>κάριος</span> <span class='ocrx_word' id='word_1_137' title='bbox 233 849 292 879; x_wconf 82' lang='grc' dir='ltr'>ταῖς</span> <span class='ocrx_word' id='word_1_138' title='bbox 307 846 410 874; x_wconf 78' lang='grc' dir='ltr'>δώδεκα</span> <span class='ocrx_word' id='word_1_139' title='bbox 426 844 522 879; x_wconf 78' lang='grc' dir='ltr'><strong>φυλαῖς</strong></span> <span class='ocrx_word' id='word_1_140' title='bbox 535 843 686 870; x_wconf 71' lang='grc' dir='ltr'><strong>ἐπιστέλλει</strong></span> <span class='ocrx_word' id='word_1_141' title='bbox 703 842 800 877; x_wconf 81' lang='grc' dir='ltr'>λέγων·</span> <span class='ocrx_word' id='word_1_142' title='bbox 825 851 834 867; x_wconf 91' lang='lat'><strong>1</strong></span> <span class='ocrx_word' id='word_1_143' title='bbox 858 841 911 868; x_wconf 75' lang='grc' dir='ltr'><strong>Ἰά-</strong></span> 
     </span>
    </p>
   </div>
   <div class='ocr_carea' id='block_1_20' title="bbox 122 887 908 926">
    <p class='ocr_par' dir='ltr' id='par_1_20' title="bbox 122 887 908 926">
     <span class='ocr_line' id='line_1_20' title="bbox 122 887 908 926; baseline -0.011 -4"><span class='ocrx_word' id='word_1_144' title='bbox 122 895 211 926; x_wconf 77' lang='grc' dir='ltr'>κωϐος</span> <span class='ocrx_word' id='word_1_145' title='bbox 233 893 300 921; x_wconf 87' lang='grc' dir='ltr'>Θεοῦ</span> <span class='ocrx_word' id='word_1_146' title='bbox 322 893 367 919; x_wconf 77' lang='grc' dir='ltr'><strong>καὶ</strong></span> <span class='ocrx_word' id='word_1_147' title='bbox 390 891 495 926; x_wconf 79' lang='grc' dir='ltr'>Κυρίου</span> <span class='ocrx_word' id='word_1_148' title='bbox 528 889 615 925; x_wconf 79' lang='grc' dir='ltr'>Ἰησοῦ</span> <span class='ocrx_word' id='word_1_149' title='bbox 637 888 756 925; x_wconf 76' lang='grc' dir='ltr'><strong>Χριστοῦ</strong></span> <span class='ocrx_word' id='word_1_150' title='bbox 779 887 881 918; x_wconf 83' lang='grc' dir='ltr'>δοῦλος.</span> <span class='ocrx_word' id='word_1_151' title='bbox 900 895 908 912; x_wconf 76' lang='grc' dir='ltr'><strong>ι</strong></span> 
     </span>
    </p>
   </div>
   <div class='ocr_carea' id='block_1_21' title="bbox 123 933 913 968">
    <p class='ocr_par' dir='ltr' id='par_1_21' title="bbox 123 933 913 968">
     <span class='ocr_line' id='line_1_21' title="bbox 123 933 913 968; baseline -0.009 -1"><span class='ocrx_word' id='word_1_152' title='bbox 123 940 228 967; x_wconf 73' lang='grc' dir='ltr'>Οὐκοῦν</span> <span class='ocrx_word' id='word_1_153' title='bbox 246 939 397 966; x_wconf 72' lang='grc' dir='ltr'>αίνέσουτιν</span> <span class='ocrx_word' id='word_1_154' title='bbox 413 937 450 968; x_wconf 79' lang='grc' dir='ltr'>ὡς</span> <span class='ocrx_word' id='word_1_155' title='bbox 464 936 530 962; x_wconf 85' lang='grc' dir='ltr'><strong>Θεὸν</strong></span> <span class='ocrx_word' id='word_1_156' title='bbox 555 936 601 962; x_wconf 69' lang='grc' dir='ltr'>καὶ</span> <span class='ocrx_word' id='word_1_157' title='bbox 618 936 641 962; x_wconf 86' lang='grc' dir='ltr'><strong>οἱ</strong></span> <span class='ocrx_word' id='word_1_158' title='bbox 657 934 701 961; x_wconf 75' lang='grc' dir='ltr'>διὰ</span> <span class='ocrx_word' id='word_1_159' title='bbox 720 934 838 966; x_wconf 82' lang='grc' dir='ltr'>πίστεως</span> <span class='ocrx_word' id='word_1_160' title='bbox 867 933 913 960; x_wconf 62' lang='grc' dir='ltr'><strong>καὶΙ</strong></span> 
     </span>
    </p>
   </div>
   <div class='ocr_carea' id='block_1_22' title="bbox 123 979 911 1021">
    <p class='ocr_par' dir='ltr' id='par_1_22' title="bbox 123 979 911 1021">
     <span class='ocr_line' id='line_1_22' title="bbox 123 979 911 1021; baseline -0.01 -8"><span class='ocrx_word' id='word_1_161' title='bbox 123 985 260 1021; x_wconf 74' lang='grc' dir='ltr'>ἁγιασμοῦ</span> <span class='ocrx_word' id='word_1_162' title='bbox 281 984 328 1011; x_wconf 81' lang='grc' dir='ltr'><strong>τοῦ</strong></span> <span class='ocrx_word' id='word_1_163' title='bbox 358 983 401 1010; x_wconf 71' lang='grc' dir='ltr'><strong>διὰ</strong></span> <span class='ocrx_word' id='word_1_164' title='bbox 424 983 541 1014; x_wconf 73' lang='grc' dir='ltr'>πίστεως</span> <span class='ocrx_word' id='word_1_165' title='bbox 559 981 724 1017; x_wconf 77' lang='grc' dir='ltr'>κεκλημένοι</span> <span class='ocrx_word' id='word_1_166' title='bbox 741 980 811 1016; x_wconf 82' lang='grc' dir='ltr'>πρὸς</span> <span class='ocrx_word' id='word_1_167' title='bbox 833 979 911 1006; x_wconf 79' lang='grc' dir='ltr'>ἀδελ-</span> 
     </span>
    </p>
   </div>
   <div class='ocr_carea' id='block_1_23' title="bbox 123 1024 912 1067">
    <p class='ocr_par' dir='ltr' id='par_1_23' title="bbox 123 1024 912 1067">
     <span class='ocr_line' id='line_1_23' title="bbox 123 1024 912 1067; baseline -0.011 -8"><span class='ocrx_word' id='word_1_168' title='bbox 123 1032 241 1067; x_wconf 72' lang='grc' dir='ltr'>φότητα·</span> <span class='ocrx_word' id='word_1_169' title='bbox 258 1030 478 1066; x_wconf 81' lang='grc' dir='ltr'>προσκυνήσουσι</span> <span class='ocrx_word' id='word_1_170' title='bbox 500 1028 528 1055; x_wconf 81' lang='grc' dir='ltr'><strong>δὲ</strong></span> <span class='ocrx_word' id='word_1_171' title='bbox 551 1027 626 1054; x_wconf 72' lang='grc' dir='ltr'>οὐδὲν</span> <span class='ocrx_word' id='word_1_172' title='bbox 650 1024 731 1062; x_wconf 84' lang='grc' dir='ltr'>ἧττον</span> <span class='ocrx_word' id='word_1_173' title='bbox 750 1025 798 1052; x_wconf 71' lang='grc' dir='ltr'>καὶ</span> <span class='ocrx_word' id='word_1_174' title='bbox 819 1025 844 1052; x_wconf 90' lang='grc' dir='ltr'>οἱ</span> <span class='ocrx_word' id='word_1_175' title='bbox 866 1024 912 1051; x_wconf 84' lang='grc' dir='ltr'><strong>τοῦ</strong></span> 
     </span>
    </p>
   </div>
   <div class='ocr_carea' id='block_1_24' title="bbox 121 1069 913 1114">
    <p class='ocr_par' dir='ltr' id='par_1_24' title="bbox 121 1069 913 1114">
     <span class='ocr_line' id='line_1_24' title="bbox 121 1069 913 1114; baseline -0.013 -9"><span class='ocrx_word' id='word_1_176' title='bbox 121 1077 227 1114; x_wconf 74' lang='grc' dir='ltr'>πατρὸς</span> <span class='ocrx_word' id='word_1_177' title='bbox 241 1077 305 1103; x_wconf 83' lang='grc' dir='ltr'>υἱοί.</span> <span class='ocrx_word' id='word_1_178' title='bbox 325 1075 461 1111; x_wconf 74' lang='grc' dir='ltr'>Πρόδηλον</span> <span class='ocrx_word' id='word_1_179' title='bbox 471 1074 499 1100; x_wconf 85' lang='grc' dir='ltr'><strong>δὲ</strong></span> <span class='ocrx_word' id='word_1_180' title='bbox 515 1074 589 1100; x_wconf 85' lang='grc' dir='ltr'><strong>ὃτιοὶ</strong></span> <span class='ocrx_word' id='word_1_181' title='bbox 605 1071 822 1108; x_wconf 77' lang='grc' dir='ltr'>προσκυνοῦντες</span> <span class='ocrx_word' id='word_1_182' title='bbox 840 1069 913 1097; x_wconf 84' lang='grc' dir='ltr'>αἰνέ-</span> 
     </span>
    </p>
   </div>
   <div class='ocr_carea' id='block_1_25' title="bbox 124 1115 912 1154">
    <p class='ocr_par' dir='ltr' id='par_1_25' title="bbox 124 1115 912 1154">
     <span class='ocr_line' id='line_1_25' title="bbox 124 1115 912 1154; baseline -0.011 -4"><span class='ocrx_word' id='word_1_183' title='bbox 124 1132 214 1154; x_wconf 83' lang='grc' dir='ltr'>σουσι,</span> <span class='ocrx_word' id='word_1_184' title='bbox 229 1122 274 1149; x_wconf 73' lang='grc' dir='ltr'>καὶ</span> <span class='ocrx_word' id='word_1_185' title='bbox 291 1123 315 1148; x_wconf 90' lang='grc' dir='ltr'>οἱ</span> <span class='ocrx_word' id='word_1_186' title='bbox 331 1121 376 1147; x_wconf 73' lang='grc' dir='ltr'><strong>τὸν</strong></span> <span class='ocrx_word' id='word_1_187' title='bbox 392 1120 466 1149; x_wconf 75' lang='grc' dir='ltr'>αἶνον</span> <span class='ocrx_word' id='word_1_188' title='bbox 477 1120 645 1154; x_wconf 76' lang='grc' dir='ltr'>ὑφαίνοντες,</span> <span class='ocrx_word' id='word_1_189' title='bbox 663 1118 738 1144; x_wconf 73' lang='grc' dir='ltr'>οὐδὲν</span> <span class='ocrx_word' id='word_1_190' title='bbox 746 1115 827 1152; x_wconf 88' lang='grc' dir='ltr'>ἦττον</span> <span class='ocrx_word' id='word_1_191' title='bbox 838 1116 912 1142; x_wconf 79' lang='grc' dir='ltr'>ἔσον-</span> 
     </span>
    </p>
   </div>
   <div class='ocr_carea' id='block_1_26' title="bbox 121 1162 907 1204">
    <p class='ocr_par' dir='ltr' id='par_1_26' title="bbox 121 1162 907 1204">
     <span class='ocr_line' id='line_1_26' title="bbox 121 1162 907 1204; baseline -0.011 -8"><span class='ocrx_word' id='word_1_192' title='bbox 121 1177 167 1196; x_wconf 69' lang='grc' dir='ltr'><strong>ται</strong></span> <span class='ocrx_word' id='word_1_193' title='bbox 185 1167 381 1204; x_wconf 83' lang='grc' dir='ltr'>προσκυνηταί.</span> <span class='ocrx_word' id='word_1_194' title='bbox 398 1167 451 1194; x_wconf 72' lang='grc' dir='ltr'><strong>Καὶ</strong></span> <span class='ocrx_word' id='word_1_195' title='bbox 468 1166 522 1200; x_wconf 74' lang='grc' dir='ltr'>γάρ</span> <span class='ocrx_word' id='word_1_196' title='bbox 537 1166 594 1191; x_wconf 79' lang='grc' dir='ltr'>ἐστι</span> <span class='ocrx_word' id='word_1_197' title='bbox 611 1174 620 1190; x_wconf 90' lang='lat'><strong>1</strong></span> <span class='ocrx_word' id='word_1_198' title='bbox 643 1163 762 1199; x_wconf 76' lang='grc' dir='ltr'><strong>σκύμνος</strong></span> <span class='ocrx_word' id='word_1_199' title='bbox 774 1162 880 1192; x_wconf 82' lang='grc' dir='ltr'>λέοντος</span> <span class='ocrx_word' id='word_1_200' title='bbox 899 1171 907 1186; x_wconf 78' lang='grc' dir='ltr'><strong>ι</strong></span> 
     </span>
    </p>
   </div>
   <div class='ocr_carea' id='block_1_27' title="bbox 121 1203 912 1250">
    <p class='ocr_par' dir='ltr' id='par_1_27' title="bbox 121 1203 912 1250">
     <span class='ocr_line' id='line_1_27' title="bbox 121 1203 912 1250; baseline -0.011 -8"><span class='ocrx_word' id='word_1_201' title='bbox 121 1215 153 1247; x_wconf 64' lang='grc' dir='ltr'><strong>ἑξ</strong></span> <span class='ocrx_word' id='word_1_202' title='bbox 173 1203 260 1241; x_wconf 81' lang='grc' dir='ltr'>Ἰούδα</span> <span class='ocrx_word' id='word_1_203' title='bbox 273 1213 400 1250; x_wconf 84' lang='grc' dir='ltr'>Χριστὸς,</span> <span class='ocrx_word' id='word_1_204' title='bbox 416 1212 479 1243; x_wconf 83' lang='grc' dir='ltr'><strong>Υἱὸς</strong></span> <span class='ocrx_word' id='word_1_205' title='bbox 490 1211 528 1238; x_wconf 81' lang='grc' dir='ltr'>ὢν</span> <span class='ocrx_word' id='word_1_206' title='bbox 544 1210 612 1237; x_wconf 85' lang='grc' dir='ltr'>Θεοῦ</span> <span class='ocrx_word' id='word_1_207' title='bbox 627 1210 715 1237; x_wconf 81' lang='grc' dir='ltr'>πάντα</span> <span class='ocrx_word' id='word_1_208' title='bbox 731 1208 878 1244; x_wconf 82' lang='grc' dir='ltr'><strong>ἰσχύοντος,</strong></span> <span class='ocrx_word' id='word_1_209' title='bbox 891 1203 912 1241; x_wconf 77' lang='grc' dir='ltr'>ᾧ</span> 
     </span>
    </p>
   </div>
   <div class='ocr_carea' id='block_1_28' title="bbox 121 1254 911 1296">
    <p class='ocr_par' dir='ltr' id='par_1_28' title="bbox 121 1254 911 1296">
     <span class='ocr_line' id='line_1_28' title="bbox 121 1254 911 1296; baseline -0.011 -8"><span class='ocrx_word' id='word_1_210' title='bbox 121 1262 153 1288; x_wconf 76' lang='grc' dir='ltr'>τδ</span> <span class='ocrx_word' id='word_1_211' title='bbox 167 1260 255 1295; x_wconf 74' lang='grc' dir='ltr'>ἀμαχὶ</span> <span class='ocrx_word' id='word_1_212' title='bbox 271 1260 402 1296; x_wconf 75' lang='grc' dir='ltr'>πρόσεστι</span> <span class='ocrx_word' id='word_1_213' title='bbox 417 1258 496 1292; x_wconf 83' lang='grc' dir='ltr'>νικᾷν</span> <span class='ocrx_word' id='word_1_214' title='bbox 512 1257 559 1283; x_wconf 73' lang='grc' dir='ltr'>καὶ</span> <span class='ocrx_word' id='word_1_215' title='bbox 575 1256 605 1282; x_wconf 78' lang='grc' dir='ltr'>τὸ</span> <span class='ocrx_word' id='word_1_216' title='bbox 630 1256 704 1291; x_wconf 83' lang='grc' dir='ltr'>μόνῳ</span> <span class='ocrx_word' id='word_1_217' title='bbox 717 1254 847 1281; x_wconf 85' lang='grc' dir='ltr'>δύνασθαι</span> <span class='ocrx_word' id='word_1_218' title='bbox 862 1261 911 1280; x_wconf 89' lang='grc' dir='ltr'>κα-</span> 
     </span>
    </p>
   </div>
   <div class='ocr_carea' id='block_1_29' title="bbox 123 1300 912 1341">
    <p class='ocr_par' dir='ltr' id='par_1_29' title="bbox 123 1300 912 1341">
     <span class='ocr_line' id='line_1_29' title="bbox 123 1300 912 1341; baseline -0.011 -7"><span class='ocrx_word' id='word_1_219' title='bbox 123 1307 285 1341; x_wconf 75' lang='grc' dir='ltr'>ταπλήττειν</span> <span class='ocrx_word' id='word_1_220' title='bbox 300 1305 371 1340; x_wconf 78' lang='grc' dir='ltr'>λόγῳ</span> <span class='ocrx_word' id='word_1_221' title='bbox 387 1305 450 1335; x_wconf 82' lang='grc' dir='ltr'>τοὺς</span> <span class='ocrx_word' id='word_1_222' title='bbox 469 1301 672 1338; x_wconf 78' lang='grc' dir='ltr'><strong>ἀνθεστηκότας</strong></span> <span class='ocrx_word' id='word_1_223' title='bbox 682 1310 688 1316; x_wconf 91' lang='grc'><strong>·</strong></span> <span class='ocrx_word' id='word_1_224' title='bbox 706 1300 744 1332; x_wconf 85' lang='grc' dir='ltr'>ὡς</span> <span class='ocrx_word' id='word_1_225' title='bbox 759 1300 814 1336; x_wconf 83' lang='grc' dir='ltr'>γάρ</span> <span class='ocrx_word' id='word_1_226' title='bbox 830 1308 912 1334; x_wconf 83' lang='grc' dir='ltr'>φησιν</span> 
     </span>
    </p>
   </div>
   <div class='ocr_carea' id='block_1_30' title="bbox 122 1345 910 1389">
    <p class='ocr_par' dir='ltr' id='par_1_30' title="bbox 122 1345 910 1389">
     <span class='ocr_line' id='line_1_30' title="bbox 122 1345 910 1389; baseline -0.011 -9"><span class='ocrx_word' id='word_1_227' title='bbox 122 1355 136 1380; x_wconf 90' lang='lat'><strong>6</strong></span> <span class='ocrx_word' id='word_1_228' title='bbox 160 1353 318 1389; x_wconf 70' lang='grc' dir='ltr'>προφήτης·</span> <span class='ocrx_word' id='word_1_229' title='bbox 339 1361 347 1377; x_wconf 98' lang='lat'><strong>1</strong></span> <span class='ocrx_word' id='word_1_230' title='bbox 367 1350 444 1377; x_wconf 79' lang='grc' dir='ltr'>Λέων</span> <span class='ocrx_word' id='word_1_231' title='bbox 462 1349 613 1385; x_wconf 79' lang='grc' dir='ltr'>έρεύξεται,</span> <span class='ocrx_word' id='word_1_232' title='bbox 630 1348 676 1374; x_wconf 67' lang='grc' dir='ltr'>καὶ</span> <span class='ocrx_word' id='word_1_233' title='bbox 693 1347 734 1377; x_wconf 83' lang='grc' dir='ltr'><strong>τίς</strong></span> <span class='ocrx_word' id='word_1_234' title='bbox 746 1347 776 1373; x_wconf 83' lang='grc' dir='ltr'>οὺ</span> <span class='ocrx_word' id='word_1_235' title='bbox 789 1345 910 1381; x_wconf 73' lang='grc' dir='ltr'>φοῦηθή·</span> 
     </span>
    </p>
   </div>
   <div class='ocr_carea' id='block_1_31' title="bbox 122 1391 912 1432">
    <p class='ocr_par' dir='ltr' id='par_1_31' title="bbox 122 1391 912 1432">
     <span class='ocr_line' id='line_1_31' title="bbox 122 1391 912 1432; baseline -0.013 -6"><span class='ocrx_word' id='word_1_236' title='bbox 122 1407 218 1431; x_wconf 76' lang='grc' dir='ltr'>σεταις</span> <span class='ocrx_word' id='word_1_237' title='bbox 238 1407 247 1424; x_wconf 76' lang='grc' dir='ltr'><strong>ι</strong></span> <span class='ocrx_word' id='word_1_238' title='bbox 270 1397 394 1432; x_wconf 81' lang='grc' dir='ltr'>Σκύμνος</span> <span class='ocrx_word' id='word_1_239' title='bbox 416 1393 462 1423; x_wconf 80' lang='grc' dir='ltr'><strong>οῦν</strong></span> <span class='ocrx_word' id='word_1_240' title='bbox 473 1395 580 1425; x_wconf 81' lang='grc' dir='ltr'>λέοντος</span> <span class='ocrx_word' id='word_1_241' title='bbox 594 1394 608 1420; x_wconf 88' lang='lat'><strong>6</strong></span> <span class='ocrx_word' id='word_1_242' title='bbox 628 1392 762 1428; x_wconf 75' lang='grc' dir='ltr'>Χριστός·</span> <span class='ocrx_word' id='word_1_243' title='bbox 788 1391 912 1425; x_wconf 76' lang='grc' dir='ltr'>καθάπερ</span> 
     </span>
    </p>
   </div>
   <div class='ocr_carea' id='block_1_32' title="bbox 122 1436 912 1480">
    <p class='ocr_par' dir='ltr' id='par_1_32' title="bbox 122 1436 912 1480">
     <span class='ocr_line' id='line_1_32' title="bbox 122 1436 912 1480; baseline -0.015 -7"><span class='ocrx_word' id='word_1_244' title='bbox 122 1446 178 1473; x_wconf 77' lang='grc' dir='ltr'><strong>ἀπὸ</strong></span> <span class='ocrx_word' id='word_1_245' title='bbox 193 1443 307 1480; x_wconf 77' lang='grc' dir='ltr'>βλαστοῦ</span> <span class='ocrx_word' id='word_1_246' title='bbox 330 1443 377 1470; x_wconf 81' lang='grc' dir='ltr'>καὶ</span> <span class='ocrx_word' id='word_1_247' title='bbox 399 1443 431 1468; x_wconf 78' lang='grc' dir='ltr'>ἐκ</span> <span class='ocrx_word' id='word_1_248' title='bbox 464 1441 540 1477; x_wconf 70' lang='grc' dir='ltr'>ῥίζης</span> <span class='ocrx_word' id='word_1_249' title='bbox 565 1439 692 1474; x_wconf 71' lang='grc' dir='ltr'>εὐγενοῦς</span> <span class='ocrx_word' id='word_1_250' title='bbox 717 1438 832 1472; x_wconf 80' lang='grc' dir='ltr'>ἀναφὺς,</span> <span class='ocrx_word' id='word_1_251' title='bbox 862 1436 912 1470; x_wconf 79' lang='grc' dir='ltr'>τῆς</span> 
     </span>
    </p>
   </div>
   <div class='ocr_carea' id='block_1_33' title="bbox 123 1482 913 1527">
    <p class='ocr_par' dir='ltr' id='par_1_33' title="bbox 123 1482 913 1527">
     <span class='ocr_line' id='line_1_33' title="bbox 123 1482 913 1527; baseline -0.014 -8"><span class='ocrx_word' id='word_1_252' title='bbox 123 1491 203 1527; x_wconf 72' lang='grc' dir='ltr'>ἁγίας</span> <span class='ocrx_word' id='word_1_253' title='bbox 219 1489 369 1526; x_wconf 76' lang='grc' dir='ltr'>Παρθένου.</span> <span class='ocrx_word' id='word_1_254' title='bbox 384 1489 439 1515; x_wconf 74' lang='grc' dir='ltr'><strong>Καὶ</strong></span> <span class='ocrx_word' id='word_1_255' title='bbox 451 1487 504 1522; x_wconf 77' lang='grc' dir='ltr'>γάρ</span> <span class='ocrx_word' id='word_1_256' title='bbox 520 1487 594 1512; x_wconf 73' lang='grc' dir='ltr'>ἐστιν</span> <span class='ocrx_word' id='word_1_257' title='bbox 607 1485 687 1515; x_wconf 80' lang='grc' dir='ltr'>αὐτὸς</span> <span class='ocrx_word' id='word_1_258' title='bbox 706 1493 714 1509; x_wconf 94' lang='lat'><strong>1</strong></span> <span class='ocrx_word' id='word_1_259' title='bbox 738 1484 755 1519; x_wconf 85' lang='grc' dir='ltr'>ἡ</span> <span class='ocrx_word' id='word_1_260' title='bbox 767 1484 816 1518; x_wconf 77' lang='grc' dir='ltr'>τῆς</span> <span class='ocrx_word' id='word_1_261' title='bbox 834 1482 913 1509; x_wconf 78' lang='grc' dir='ltr'>δυνα-</span> 
     </span>
    </p>
   </div>
   <div class='ocr_carea' id='block_1_34' title="bbox 967 248 1748 287">
    <p class='ocr_par' dir='ltr' id='par_1_34' title="bbox 967 248 1748 287">
     <span class='ocr_line' id='line_1_34' title="bbox 967 248 1748 287; baseline 0.013 -13"><span class='ocrx_word' id='word_1_262' title='bbox 967 248 1054 282; x_wconf 89' lang='lat' dir='ltr'><strong>ipsum</strong></span> <span class='ocrx_word' id='word_1_263' title='bbox 1067 250 1099 276; x_wconf 82' lang='lat'><strong>&quot;.</strong></span> <span class='ocrx_word' id='word_1_264' title='bbox 1115 259 1123 274; x_wconf 71' lang='grc' dir='ltr'><strong>ι</strong></span> <span class='ocrx_word' id='word_1_265' title='bbox 1138 250 1272 277; x_wconf 67' lang='lat' dir='ltr'><strong>Caeterum</strong></span> <span class='ocrx_word' id='word_1_266' title='bbox 1285 251 1332 285; x_wconf 88' lang='lat' dir='ltr'><strong>qui</strong></span> <span class='ocrx_word' id='word_1_267' title='bbox 1344 251 1402 278; x_wconf 55' lang='lat' dir='ltr'><strong>hac</strong></span> <span class='ocrx_word' id='word_1_268' title='bbox 1426 251 1504 279; x_wconf 86' lang='lat' dir='ltr'><strong>initio</strong></span> <span class='ocrx_word' id='word_1_269' title='bbox 1519 253 1659 287; x_wconf 88' lang='lat' dir='ltr'><strong>dicebant,</strong></span> <span class='ocrx_word' id='word_1_270' title='bbox 1684 264 1748 284; x_wconf 84' lang='lat' dir='ltr'><strong>suc-</strong></span> 
     </span>
    </p>
   </div>
   <div class='ocr_carea' id='block_1_35' title="bbox 966 296 1748 330">
    <p class='ocr_par' dir='ltr' id='par_1_35' title="bbox 966 296 1748 330">
     <span class='ocr_line' id='line_1_35' title="bbox 966 296 1748 330; baseline 0.01 -9"><span class='ocrx_word' id='word_1_271' title='bbox 966 301 1044 322; x_wconf 85' lang='lat' dir='ltr'><strong>cessu</strong></span> <span class='ocrx_word' id='word_1_272' title='bbox 1058 296 1189 330; x_wconf 89' lang='lat' dir='ltr'><strong>temporis</strong></span> <span class='ocrx_word' id='word_1_273' title='bbox 1205 296 1393 324; x_wconf 82' lang='lat' dir='ltr'><strong>crediderunt.</strong></span> <span class='ocrx_word' id='word_1_274' title='bbox 1419 297 1586 327; x_wconf 83' lang='lat' dir='ltr'><strong>Certissimis</strong></span> <span class='ocrx_word' id='word_1_275' title='bbox 1602 301 1677 328; x_wconf 88' lang='lat' dir='ltr'><strong>enim</strong></span> <span class='ocrx_word' id='word_1_276' title='bbox 1703 309 1748 329; x_wconf 87' lang='lat' dir='ltr'><strong>ar-</strong></span> 
     </span>
    </p>
   </div>
   <div class='ocr_carea' id='block_1_36' title="bbox 965 341 1749 376">
    <p class='ocr_par' dir='ltr' id='par_1_36' title="bbox 965 341 1749 376">
     <span class='ocr_line' id='line_1_36' title="bbox 965 341 1749 376; baseline 0.01 -10"><span class='ocrx_word' id='word_1_277' title='bbox 965 341 1102 375; x_wconf 81' lang='lat' dir='ltr'><strong>gumentis</strong></span> <span class='ocrx_word' id='word_1_278' title='bbox 1118 341 1192 368; x_wconf 89' lang='lat' dir='ltr'><strong>docti</strong></span> <span class='ocrx_word' id='word_1_279' title='bbox 1218 346 1282 369; x_wconf 88' lang='lat' dir='ltr'><strong>sunt</strong></span> <span class='ocrx_word' id='word_1_280' title='bbox 1297 343 1369 376; x_wconf 88' lang='lat' dir='ltr'><strong>quod</strong></span> <span class='ocrx_word' id='word_1_281' title='bbox 1392 343 1474 370; x_wconf 87' lang='lat' dir='ltr'><strong>etiam</strong></span> <span class='ocrx_word' id='word_1_282' title='bbox 1497 344 1569 372; x_wconf 88' lang='lat' dir='ltr'><strong>Deus</strong></span> <span class='ocrx_word' id='word_1_283' title='bbox 1598 346 1749 374; x_wconf 89' lang='lat' dir='ltr'><strong>secundum</strong></span> 
     </span>
    </p>
   </div>
   <div class='ocr_carea' id='block_1_37' title="bbox 965 387 1748 419">
    <p class='ocr_par' dir='ltr' id='par_1_37' title="bbox 965 387 1748 419">
     <span class='ocr_line' id='line_1_37' title="bbox 965 387 1748 419; baseline 0.01 -7"><span class='ocrx_word' id='word_1_284' title='bbox 965 389 1089 413; x_wconf 89' lang='lat' dir='ltr'><strong>naturam</strong></span> <span class='ocrx_word' id='word_1_285' title='bbox 1102 391 1185 419; x_wconf 85' lang='lat' dir='ltr'><strong>esset,</strong></span> <span class='ocrx_word' id='word_1_286' title='bbox 1211 388 1263 414; x_wconf 89' lang='lat' dir='ltr'><strong>etsi</strong></span> <span class='ocrx_word' id='word_1_287' title='bbox 1276 387 1363 415; x_wconf 86' lang='lat' dir='ltr'><strong>factus</strong></span> <span class='ocrx_word' id='word_1_288' title='bbox 1379 388 1405 415; x_wconf 94' lang='lat' dir='ltr'><strong>in</strong></span> <span class='ocrx_word' id='word_1_289' title='bbox 1424 397 1505 417; x_wconf 89' lang='lat' dir='ltr'><strong>carne</strong></span> <span class='ocrx_word' id='word_1_290' title='bbox 1520 395 1548 417; x_wconf 89' lang='lat' dir='ltr'><strong>et</strong></span> <span class='ocrx_word' id='word_1_291' title='bbox 1561 391 1644 419; x_wconf 88' lang='lat' dir='ltr'><strong>homo</strong></span> <span class='ocrx_word' id='word_1_292' title='bbox 1658 397 1748 419; x_wconf 89' lang='lat' dir='ltr'><strong>natus.</strong></span> 
     </span>
    </p>
   </div>
   <div class='ocr_carea' id='block_1_38' title="bbox 966 431 1750 473">
    <p class='ocr_par' dir='ltr' id='par_1_38' title="bbox 966 431 1750 473">
     <span class='ocr_line' id='line_1_38' title="bbox 966 431 1750 473; baseline 0.01 -15"><span class='ocrx_word' id='word_1_293' title='bbox 966 431 1022 459; x_wconf 87' lang='lat' dir='ltr'><strong>Hoc</strong></span> <span class='ocrx_word' id='word_1_294' title='bbox 1031 440 1095 459; x_wconf 86' lang='lat' dir='ltr'><strong>sane</strong></span> <span class='ocrx_word' id='word_1_295' title='bbox 1110 433 1192 460; x_wconf 86' lang='lat' dir='ltr'><strong>etiam</strong></span> <span class='ocrx_word' id='word_1_296' title='bbox 1202 433 1299 461; x_wconf 89' lang='lat' dir='ltr'><strong>beatus</strong></span> <span class='ocrx_word' id='word_1_297' title='bbox 1307 435 1440 469; x_wconf 80' lang='lat' dir='ltr'><strong>propheta</strong></span> <span class='ocrx_word' id='word_1_298' title='bbox 1454 436 1586 464; x_wconf 88' lang='lat' dir='ltr'><strong>Jeremias</strong></span> <span class='ocrx_word' id='word_1_299' title='bbox 1599 446 1661 465; x_wconf 88' lang='lat' dir='ltr'><strong>cum</strong></span> <span class='ocrx_word' id='word_1_300' title='bbox 1674 439 1750 473; x_wconf 77' lang='lat' dir='ltr'><strong>prius</strong></span> 
     </span>
    </p>
   </div>
   <div class='ocr_carea' id='block_1_39' title="bbox 965 478 1750 514">
    <p class='ocr_par' dir='ltr' id='par_1_39' title="bbox 965 478 1750 514">
     <span class='ocr_line' id='line_1_39' title="bbox 965 478 1750 514; baseline 0.009 -12"><span class='ocrx_word' id='word_1_301' title='bbox 965 478 993 502; x_wconf 93' lang='lat' dir='ltr'><strong>in</strong></span> <span class='ocrx_word' id='word_1_302' title='bbox 1004 478 1101 511; x_wconf 78' lang='lat' dir='ltr'><strong>spiritu</strong></span> <span class='ocrx_word' id='word_1_303' title='bbox 1117 478 1300 513; x_wconf 74' lang='lat' dir='ltr'><strong>cognovisset,</strong></span> <span class='ocrx_word' id='word_1_304' title='bbox 1322 480 1358 506; x_wconf 84' lang='lat' dir='ltr'><strong>ita</strong></span> <span class='ocrx_word' id='word_1_305' title='bbox 1385 480 1474 514; x_wconf 90' lang='lat' dir='ltr'><strong>ipsum</strong></span> <span class='ocrx_word' id='word_1_306' title='bbox 1489 481 1694 509; x_wconf 86' lang='lat' dir='ltr'><strong>Emmanuelem</strong></span> <span class='ocrx_word' id='word_1_307' title='bbox 1708 482 1750 509; x_wconf 88' lang='lat' dir='ltr'><strong>al—</strong></span> 
     </span>
    </p>
   </div>
   <div class='ocr_carea' id='block_1_40' title="bbox 964 522 1749 561">
    <p class='ocr_par' dir='ltr' id='par_1_40' title="bbox 964 522 1749 561">
     <span class='ocr_line' id='line_1_40' title="bbox 964 522 1749 561; baseline 0.008 -14"><span class='ocrx_word' id='word_1_308' title='bbox 964 522 1103 556; x_wconf 74' lang='lat' dir='ltr'><strong>loquitur:</strong></span> <span class='ocrx_word' id='word_1_309' title='bbox 1122 532 1131 548; x_wconf 92' lang='lat'><strong>1</strong></span> <span class='ocrx_word' id='word_1_310' title='bbox 1142 522 1209 556; x_wconf 85' lang='lat' dir='ltr'><strong>Quia</strong></span> <span class='ocrx_word' id='word_1_311' title='bbox 1224 527 1251 551; x_wconf 89' lang='lat' dir='ltr'><strong>et</strong></span> <span class='ocrx_word' id='word_1_312' title='bbox 1263 524 1364 552; x_wconf 92' lang='lat' dir='ltr'><strong>fratres</strong></span> <span class='ocrx_word' id='word_1_313' title='bbox 1375 526 1425 558; x_wconf 90' lang='lat' dir='ltr'><strong>tui,</strong></span> <span class='ocrx_word' id='word_1_314' title='bbox 1437 530 1465 553; x_wconf 89' lang='lat' dir='ltr'><strong>et</strong></span> <span class='ocrx_word' id='word_1_315' title='bbox 1480 526 1578 554; x_wconf 89' lang='lat' dir='ltr'><strong>domus</strong></span> <span class='ocrx_word' id='word_1_316' title='bbox 1598 527 1685 561; x_wconf 90' lang='lat' dir='ltr'><strong>patris</strong></span> <span class='ocrx_word' id='word_1_317' title='bbox 1697 528 1749 559; x_wconf 79' lang='lat' dir='ltr'><strong>tui,</strong></span> 
     </span>
    </p>
   </div>
   <div class='ocr_carea' id='block_1_41' title="bbox 963 569 1749 607">
    <p class='ocr_par' dir='ltr' id='par_1_41' title="bbox 963 569 1749 607">
     <span class='ocr_line' id='line_1_41' title="bbox 963 569 1749 607; baseline 0.008 -12"><span class='ocrx_word' id='word_1_318' title='bbox 963 573 991 596; x_wconf 84' lang='lat' dir='ltr'><strong>et</strong></span> <span class='ocrx_word' id='word_1_319' title='bbox 1012 569 1039 595; x_wconf 88' lang='lat' dir='ltr'><strong>hi</strong></span> <span class='ocrx_word' id='word_1_320' title='bbox 1055 573 1080 596; x_wconf 89' lang='lat' dir='ltr'><strong>te</strong></span> <span class='ocrx_word' id='word_1_321' title='bbox 1093 570 1259 605; x_wconf 84' lang='lat' dir='ltr'><strong>rejecerunt,</strong></span> <span class='ocrx_word' id='word_1_322' title='bbox 1277 576 1305 599; x_wconf 89' lang='lat' dir='ltr'><strong>et</strong></span> <span class='ocrx_word' id='word_1_323' title='bbox 1318 577 1381 599; x_wconf 89' lang='lat' dir='ltr'><strong>sunt</strong></span> <span class='ocrx_word' id='word_1_324' title='bbox 1405 580 1438 599; x_wconf 88' lang='lat' dir='ltr'><strong>ex</strong></span> <span class='ocrx_word' id='word_1_325' title='bbox 1455 572 1498 599; x_wconf 88' lang='lat' dir='ltr'><strong>his</strong></span> <span class='ocrx_word' id='word_1_326' title='bbox 1509 573 1556 607; x_wconf 85' lang='lat' dir='ltr'><strong>qui</strong></span> <span class='ocrx_word' id='word_1_327' title='bbox 1569 577 1630 607; x_wconf 88' lang='lat' dir='ltr'><strong>post</strong></span> <span class='ocrx_word' id='word_1_328' title='bbox 1654 578 1679 601; x_wconf 92' lang='lat' dir='ltr'><strong>te</strong></span> <span class='ocrx_word' id='word_1_329' title='bbox 1693 573 1749 601; x_wconf 89' lang='lat' dir='ltr'><strong>cla-</strong></span> 
     </span>
    </p>
   </div>
   <div class='ocr_carea' id='block_1_42' title="bbox 964 615 1749 652">
    <p class='ocr_par' dir='ltr' id='par_1_42' title="bbox 964 615 1749 652">
     <span class='ocr_line' id='line_1_42' title="bbox 964 615 1749 652; baseline 0.006 -11"><span class='ocrx_word' id='word_1_330' title='bbox 964 620 1117 642; x_wconf 85' lang='lat' dir='ltr'><strong>maverunt.</strong></span> <span class='ocrx_word' id='word_1_331' title='bbox 1135 615 1295 652; x_wconf 82' lang='lat' dir='ltr'><strong>Congregati</strong></span> <span class='ocrx_word' id='word_1_332' title='bbox 1321 622 1395 649; x_wconf 84' lang='lat' dir='ltr'><strong>sunt,</strong></span> <span class='ocrx_word' id='word_1_333' title='bbox 1414 625 1448 645; x_wconf 88' lang='lat' dir='ltr'><strong>ne</strong></span> <span class='ocrx_word' id='word_1_334' title='bbox 1466 618 1620 646; x_wconf 86' lang='lat' dir='ltr'><strong>credideris</strong></span> <span class='ocrx_word' id='word_1_335' title='bbox 1637 619 1686 646; x_wconf 84' lang='lat' dir='ltr'><strong>ulli</strong></span> <span class='ocrx_word' id='word_1_336' title='bbox 1701 627 1749 646; x_wconf 87' lang='lat' dir='ltr'><strong>eo-</strong></span> 
     </span>
    </p>
   </div>
   <div class='ocr_carea' id='block_1_43' title="bbox 965 661 1750 696">
    <p class='ocr_par' dir='ltr' id='par_1_43' title="bbox 965 661 1750 696">
     <span class='ocr_line' id='line_1_43' title="bbox 965 661 1750 696; baseline 0.004 -9"><span class='ocrx_word' id='word_1_337' title='bbox 965 668 1036 693; x_wconf 88' lang='lat' dir='ltr'><strong>rum,</strong></span> <span class='ocrx_word' id='word_1_338' title='bbox 1052 661 1116 696; x_wconf 86' lang='lat' dir='ltr'><strong>quia</strong></span> <span class='ocrx_word' id='word_1_339' title='bbox 1131 662 1214 689; x_wconf 89' lang='lat' dir='ltr'><strong>locuti</strong></span> <span class='ocrx_word' id='word_1_340' title='bbox 1234 667 1298 689; x_wconf 90' lang='lat' dir='ltr'><strong>sunt</strong></span> <span class='ocrx_word' id='word_1_341' title='bbox 1316 663 1463 691; x_wconf 85' lang='lat' dir='ltr'><strong>adversum</strong></span> <span class='ocrx_word' id='word_1_342' title='bbox 1490 669 1515 691; x_wconf 88' lang='lat' dir='ltr'><strong>te</strong></span> <span class='ocrx_word' id='word_1_343' title='bbox 1528 664 1599 691; x_wconf 87' lang='lat' dir='ltr'><strong>mala</strong></span> <span class='ocrx_word' id='word_1_344' title='bbox 1614 664 1647 691; x_wconf 83' lang='lat'><strong>&quot;.</strong></span> <span class='ocrx_word' id='word_1_345' title='bbox 1661 674 1670 690; x_wconf 80' lang='grc' dir='ltr'><strong>ι</strong></span> <span class='ocrx_word' id='word_1_346' title='bbox 1681 664 1750 692; x_wconf 82' lang='lat' dir='ltr'><strong>Nam</strong></span> 
     </span>
    </p>
   </div>
   <div class='ocr_carea' id='block_1_44' title="bbox 963 708 1750 743">
    <p class='ocr_par' dir='ltr' id='par_1_44' title="bbox 963 708 1750 743">
     <span class='ocr_line' id='line_1_44' title="bbox 963 708 1750 743; baseline 0.006 -9"><span class='ocrx_word' id='word_1_347' title='bbox 963 708 1009 741; x_wconf 87' lang='lat' dir='ltr'><strong>qui</strong></span> <span class='ocrx_word' id='word_1_348' title='bbox 1027 708 1091 734; x_wconf 92' lang='lat' dir='ltr'><strong>olim</strong></span> <span class='ocrx_word' id='word_1_349' title='bbox 1107 716 1160 735; x_wconf 82' lang='lat' dir='ltr'><strong>una</strong></span> <span class='ocrx_word' id='word_1_350' title='bbox 1176 716 1237 735; x_wconf 91' lang='lat' dir='ltr'><strong>cum</strong></span> <span class='ocrx_word' id='word_1_351' title='bbox 1249 709 1310 736; x_wconf 86' lang='lat' dir='ltr'><strong>aliis</strong></span> <span class='ocrx_word' id='word_1_352' title='bbox 1326 709 1351 736; x_wconf 89' lang='lat' dir='ltr'><strong>ei</strong></span> <span class='ocrx_word' id='word_1_353' title='bbox 1370 710 1567 743; x_wconf 88' lang='lat' dir='ltr'><strong>reclamarunt,</strong></span> <span class='ocrx_word' id='word_1_354' title='bbox 1587 718 1662 738; x_wconf 88' lang='lat' dir='ltr'><strong>nunc</strong></span> <span class='ocrx_word' id='word_1_355' title='bbox 1682 718 1750 738; x_wconf 84' lang='lat' dir='ltr'><strong>con-</strong></span> 
     </span>
    </p>
   </div>
   <div class='ocr_carea' id='block_1_45' title="bbox 963 754 1750 789">
    <p class='ocr_par' dir='ltr' id='par_1_45' title="bbox 963 754 1750 789">
     <span class='ocr_line' id='line_1_45' title="bbox 963 754 1750 789; baseline 0.005 -9"><span class='ocrx_word' id='word_1_356' title='bbox 963 754 1065 789; x_wconf 74' lang='lat' dir='ltr'><strong>gregati</strong></span> <span class='ocrx_word' id='word_1_357' title='bbox 1080 755 1107 781; x_wconf 92' lang='lat' dir='ltr'><strong>in</strong></span> <span class='ocrx_word' id='word_1_358' title='bbox 1124 755 1186 787; x_wconf 85' lang='lat' dir='ltr'><strong>ﬁde,</strong></span> <span class='ocrx_word' id='word_1_359' title='bbox 1199 759 1227 782; x_wconf 84' lang='lat' dir='ltr'><strong>et</strong></span> <span class='ocrx_word' id='word_1_360' title='bbox 1247 755 1316 782; x_wconf 88' lang='lat' dir='ltr'><strong>bona</strong></span> <span class='ocrx_word' id='word_1_361' title='bbox 1338 756 1371 783; x_wconf 87' lang='lat' dir='ltr'><strong>de</strong></span> <span class='ocrx_word' id='word_1_362' title='bbox 1401 764 1435 783; x_wconf 89' lang='lat' dir='ltr'><strong>eo</strong></span> <span class='ocrx_word' id='word_1_363' title='bbox 1464 757 1550 784; x_wconf 88' lang='lat' dir='ltr'><strong>locuti</strong></span> <span class='ocrx_word' id='word_1_364' title='bbox 1568 761 1641 784; x_wconf 89' lang='lat' dir='ltr'><strong>sunt.</strong></span> <span class='ocrx_word' id='word_1_365' title='bbox 1671 757 1750 786; x_wconf 84' lang='lat' dir='ltr'><strong>Unde</strong></span> 
     </span>
    </p>
   </div>
   <div class='ocr_carea' id='block_1_46' title="bbox 963 799 1748 835">
    <p class='ocr_par' dir='ltr' id='par_1_46' title="bbox 963 799 1748 835">
     <span class='ocr_line' id='line_1_46' title="bbox 963 799 1748 835; baseline 0.005 -9"><span class='ocrx_word' id='word_1_366' title='bbox 963 799 1060 826; x_wconf 85' lang='lat' dir='ltr'><strong>beatus</strong></span> <span class='ocrx_word' id='word_1_367' title='bbox 1075 800 1194 827; x_wconf 74' lang='lat' dir='ltr'><strong>Iacobus</strong></span> <span class='ocrx_word' id='word_1_368' title='bbox 1205 800 1350 827; x_wconf 80' lang='lat' dir='ltr'><strong>duodecim</strong></span> <span class='ocrx_word' id='word_1_369' title='bbox 1369 802 1495 829; x_wconf 87' lang='lat' dir='ltr'><strong>tribubus</strong></span> <span class='ocrx_word' id='word_1_370' title='bbox 1512 802 1619 835; x_wconf 78' lang='lat' dir='ltr'><strong>scribit,</strong></span> <span class='ocrx_word' id='word_1_371' title='bbox 1637 803 1748 830; x_wconf 80' lang='lat' dir='ltr'><strong>dicens:</strong></span> 
     </span>
    </p>
   </div>
   <div class='ocr_carea' id='block_1_47' title="bbox 967 846 1745 877">
    <p class='ocr_par' dir='ltr' id='par_1_47' title="bbox 967 846 1745 877">
     <span class='ocr_line' id='line_1_47' title="bbox 967 846 1745 877; baseline 0.004 -5"><span class='ocrx_word' id='word_1_372' title='bbox 967 846 1105 873; x_wconf 84' lang='lat' dir='ltr'><strong>1Jacobus</strong></span> <span class='ocrx_word' id='word_1_373' title='bbox 1119 847 1167 874; x_wconf 85' lang='lat' dir='ltr'><strong>Dei</strong></span> <span class='ocrx_word' id='word_1_374' title='bbox 1178 852 1206 874; x_wconf 87' lang='lat' dir='ltr'><strong>et</strong></span> <span class='ocrx_word' id='word_1_375' title='bbox 1227 848 1335 875; x_wconf 86' lang='lat' dir='ltr'><strong>Domini</strong></span> <span class='ocrx_word' id='word_1_376' title='bbox 1363 849 1426 876; x_wconf 84' lang='lat' dir='ltr'><strong>Jesu</strong></span> <span class='ocrx_word' id='word_1_377' title='bbox 1455 849 1555 876; x_wconf 87' lang='lat' dir='ltr'><strong>Christi</strong></span> <span class='ocrx_word' id='word_1_378' title='bbox 1582 858 1677 877; x_wconf 89' lang='lat' dir='ltr'><strong>servus</strong></span> <span class='ocrx_word' id='word_1_379' title='bbox 1690 851 1723 876; x_wconf 86' lang='lat'><strong>&quot;.</strong></span> <span class='ocrx_word' id='word_1_380' title='bbox 1736 859 1745 875; x_wconf 73' lang='grc' dir='ltr'><strong>ι</strong></span> 
     </span>
    </p>
   </div>
   <div class='ocr_carea' id='block_1_48' title="bbox 964 891 1749 930">
    <p class='ocr_par' dir='ltr' id='par_1_48' title="bbox 964 891 1749 930">
     <span class='ocr_line' id='line_1_48' title="bbox 964 891 1749 930; baseline 0.005 -12"><span class='ocrx_word' id='word_1_381' title='bbox 964 891 1128 919; x_wconf 88' lang='lat' dir='ltr'><strong>Laudabunt</strong></span> <span class='ocrx_word' id='word_1_382' title='bbox 1152 893 1236 927; x_wconf 77' lang='lat' dir='ltr'><strong>igitur</strong></span> <span class='ocrx_word' id='word_1_383' title='bbox 1251 898 1281 920; x_wconf 90' lang='lat' dir='ltr'><strong>ut</strong></span> <span class='ocrx_word' id='word_1_384' title='bbox 1294 893 1379 920; x_wconf 87' lang='lat' dir='ltr'><strong>Deum</strong></span> <span class='ocrx_word' id='word_1_385' title='bbox 1401 895 1484 922; x_wconf 87' lang='lat' dir='ltr'><strong>etiam</strong></span> <span class='ocrx_word' id='word_1_386' title='bbox 1501 895 1519 921; x_wconf 95' lang='lat' dir='ltr'><strong>ii</strong></span> <span class='ocrx_word' id='word_1_387' title='bbox 1535 899 1581 930; x_wconf 81' lang='lat' dir='ltr'><strong>qui</strong></span> <span class='ocrx_word' id='word_1_388' title='bbox 1597 903 1646 929; x_wconf 87' lang='lat' dir='ltr'><strong>per</strong></span> <span class='ocrx_word' id='word_1_389' title='bbox 1666 895 1749 922; x_wconf 84' lang='lat' dir='ltr'><strong>ﬁdem</strong></span> 
     </span>
    </p>
   </div>
   <div class='ocr_carea' id='block_1_49' title="bbox 963 938 1747 968">
    <p class='ocr_par' dir='ltr' id='par_1_49' title="bbox 963 938 1747 968">
     <span class='ocr_line' id='line_1_49' title="bbox 963 938 1747 968; baseline 0.004 -4"><span class='ocrx_word' id='word_1_390' title='bbox 963 941 991 965; x_wconf 89' lang='lat' dir='ltr'><strong>et</strong></span> <span class='ocrx_word' id='word_1_391' title='bbox 1005 938 1249 966; x_wconf 83' lang='lat' dir='ltr'><strong>sanctificationem</strong></span> <span class='ocrx_word' id='word_1_392' title='bbox 1271 939 1361 966; x_wconf 79' lang='lat' dir='ltr'><strong>vocati</strong></span> <span class='ocrx_word' id='word_1_393' title='bbox 1389 944 1453 967; x_wconf 88' lang='lat' dir='ltr'><strong>sunt</strong></span> <span class='ocrx_word' id='word_1_394' title='bbox 1476 940 1510 966; x_wconf 88' lang='lat' dir='ltr'><strong>ad</strong></span> <span class='ocrx_word' id='word_1_395' title='bbox 1532 940 1747 968; x_wconf 87' lang='lat' dir='ltr'><strong>fraternitatem:</strong></span> 
     </span>
    </p>
   </div>
   <div class='ocr_carea' id='block_1_50' title="bbox 963 983 1749 1021">
    <p class='ocr_par' dir='ltr' id='par_1_50' title="bbox 963 983 1749 1021">
     <span class='ocr_line' id='line_1_50' title="bbox 963 983 1749 1021; baseline 0.005 -11"><span class='ocrx_word' id='word_1_396' title='bbox 963 983 1119 1011; x_wconf 87' lang='lat' dir='ltr'><strong>adorabunt</strong></span> <span class='ocrx_word' id='word_1_397' title='bbox 1135 992 1200 1012; x_wconf 77' lang='lat' dir='ltr'><strong>vero</strong></span> <span class='ocrx_word' id='word_1_398' title='bbox 1224 986 1405 1013; x_wconf 85' lang='lat' dir='ltr'><strong>nihilominus</strong></span> <span class='ocrx_word' id='word_1_399' title='bbox 1419 986 1502 1014; x_wconf 85' lang='lat' dir='ltr'><strong>etiam</strong></span> <span class='ocrx_word' id='word_1_400' title='bbox 1518 986 1565 1013; x_wconf 87' lang='lat' dir='ltr'><strong>filii</strong></span> <span class='ocrx_word' id='word_1_401' title='bbox 1579 986 1673 1021; x_wconf 82' lang='lat' dir='ltr'><strong>patris.</strong></span> <span class='ocrx_word' id='word_1_402' title='bbox 1692 986 1749 1014; x_wconf 74' lang='lat' dir='ltr'><strong>Ma-</strong></span> 
     </span>
    </p>
   </div>
   <div class='ocr_carea' id='block_1_51' title="bbox 963 1028 1750 1064">
    <p class='ocr_par' dir='ltr' id='par_1_51' title="bbox 963 1028 1750 1064">
     <span class='ocr_line' id='line_1_51' title="bbox 963 1028 1750 1064; baseline 0.004 -9"><span class='ocrx_word' id='word_1_403' title='bbox 963 1028 1092 1056; x_wconf 77' lang='lat' dir='ltr'><strong>nifestum</strong></span> <span class='ocrx_word' id='word_1_404' title='bbox 1109 1034 1200 1056; x_wconf 88' lang='lat' dir='ltr'><strong>autem</strong></span> <span class='ocrx_word' id='word_1_405' title='bbox 1215 1036 1265 1061; x_wconf 89' lang='lat' dir='ltr'><strong>est,</strong></span> <span class='ocrx_word' id='word_1_406' title='bbox 1281 1030 1354 1064; x_wconf 89' lang='lat' dir='ltr'><strong>quod</strong></span> <span class='ocrx_word' id='word_1_407' title='bbox 1381 1031 1526 1058; x_wconf 84' lang='lat' dir='ltr'><strong>adorantes</strong></span> <span class='ocrx_word' id='word_1_408' title='bbox 1542 1031 1702 1063; x_wconf 68' lang='lat' dir='ltr'><strong>laudabunt,</strong></span> <span class='ocrx_word' id='word_1_409' title='bbox 1722 1035 1750 1058; x_wconf 77' lang='grc' dir='ltr'><strong>ει</strong></span> 
     </span>
    </p>
   </div>
   <div class='ocr_carea' id='block_1_52' title="bbox 963 1074 1749 1108">
    <p class='ocr_par' dir='ltr' id='par_1_52' title="bbox 963 1074 1749 1108">
     <span class='ocr_line' id='line_1_52' title="bbox 963 1074 1749 1108; baseline 0.001 -7"><span class='ocrx_word' id='word_1_410' title='bbox 963 1074 1009 1108; x_wconf 91' lang='lat' dir='ltr'><strong>qui</strong></span> <span class='ocrx_word' id='word_1_411' title='bbox 1021 1074 1149 1101; x_wconf 84' lang='lat' dir='ltr'><strong>laudibus</strong></span> <span class='ocrx_word' id='word_1_412' title='bbox 1166 1082 1228 1101; x_wconf 92' lang='lat' dir='ltr'><strong>eum</strong></span> <span class='ocrx_word' id='word_1_413' title='bbox 1245 1075 1397 1106; x_wconf 77' lang='lat' dir='ltr'><strong>celebrant,</strong></span> <span class='ocrx_word' id='word_1_414' title='bbox 1415 1075 1555 1102; x_wconf 84' lang='lat' dir='ltr'><strong>adoraturi</strong></span> <span class='ocrx_word' id='word_1_415' title='bbox 1570 1075 1653 1102; x_wconf 89' lang='lat' dir='ltr'><strong>etiam</strong></span> <span class='ocrx_word' id='word_1_416' title='bbox 1675 1080 1749 1103; x_wconf 82' lang='lat' dir='ltr'><strong>sunt.</strong></span> 
     </span>
    </p>
   </div>
   <div class='ocr_carea' id='block_1_53' title="bbox 963 1119 1750 1155">
    <p class='ocr_par' dir='ltr' id='par_1_53' title="bbox 963 1119 1750 1155">
     <span class='ocr_line' id='line_1_53' title="bbox 963 1119 1750 1155; baseline -0.003 -7"><span class='ocrx_word' id='word_1_417' title='bbox 963 1120 1106 1155; x_wconf 87' lang='lat' dir='ltr'><strong>Siquidem</strong></span> <span class='ocrx_word' id='word_1_418' title='bbox 1118 1129 1127 1145; x_wconf 86' lang='lat'><strong>1</strong></span> <span class='ocrx_word' id='word_1_419' title='bbox 1137 1120 1337 1148; x_wconf 88' lang='lat' dir='ltr'><strong>catulusleonis</strong></span> <span class='ocrx_word' id='word_1_420' title='bbox 1350 1131 1358 1145; x_wconf 77' lang='grc' dir='ltr'><strong>ι</strong></span> <span class='ocrx_word' id='word_1_421' title='bbox 1369 1125 1410 1147; x_wconf 87' lang='lat' dir='ltr'><strong>est</strong></span> <span class='ocrx_word' id='word_1_422' title='bbox 1420 1120 1548 1147; x_wconf 85' lang='lat' dir='ltr'><strong>Christus</strong></span> <span class='ocrx_word' id='word_1_423' title='bbox 1554 1119 1674 1153; x_wconf 80' lang='lat' dir='ltr'><strong>exJuda,</strong></span> <span class='ocrx_word' id='word_1_424' title='bbox 1687 1128 1750 1148; x_wconf 84' lang='lat' dir='ltr'><strong>cum</strong></span> 
     </span>
    </p>
   </div>
   <div class='ocr_carea' id='block_1_54' title="bbox 934 1164 1752 1201">
    <p class='ocr_par' dir='ltr' id='par_1_54' title="bbox 934 1164 1752 1201">
     <span class='ocr_line' id='line_1_54' title="bbox 934 1164 1752 1201; baseline 0.001 -10"><span class='ocrx_word' id='word_1_425' title='bbox 934 1172 943 1178; x_wconf 82' lang='lat'>&#39;</span> <span class='ocrx_word' id='word_1_426' title='bbox 963 1164 999 1191; x_wconf 86' lang='lat' dir='ltr'><strong>sit</strong></span> <span class='ocrx_word' id='word_1_427' title='bbox 1018 1164 1103 1191; x_wconf 87' lang='lat' dir='ltr'><strong>Filius</strong></span> <span class='ocrx_word' id='word_1_428' title='bbox 1115 1165 1163 1191; x_wconf 88' lang='lat' dir='ltr'><strong>Dei</strong></span> <span class='ocrx_word' id='word_1_429' title='bbox 1176 1165 1384 1200; x_wconf 85' lang='lat' dir='ltr'><strong>omnipotentis,</strong></span> <span class='ocrx_word' id='word_1_430' title='bbox 1401 1166 1448 1200; x_wconf 89' lang='lat' dir='ltr'><strong>qui</strong></span> <span class='ocrx_word' id='word_1_431' title='bbox 1461 1170 1489 1193; x_wconf 86' lang='lat' dir='ltr'><strong>et</strong></span> <span class='ocrx_word' id='word_1_432' title='bbox 1516 1165 1574 1193; x_wconf 88' lang='lat' dir='ltr'><strong>sine</strong></span> <span class='ocrx_word' id='word_1_433' title='bbox 1587 1174 1676 1201; x_wconf 78' lang='lat' dir='ltr'><strong>pugna</strong></span> <span class='ocrx_word' id='word_1_434' title='bbox 1692 1166 1752 1193; x_wconf 86' lang='lat' dir='ltr'><strong>vin-</strong></span> 
     </span>
    </p>
   </div>
   <div class='ocr_carea' id='block_1_55' title="bbox 962 1210 1751 1246">
    <p class='ocr_par' dir='ltr' id='par_1_55' title="bbox 962 1210 1751 1246">
     <span class='ocr_line' id='line_1_55' title="bbox 962 1210 1751 1246; baseline 0 -9"><span class='ocrx_word' id='word_1_435' title='bbox 962 1210 1011 1242; x_wconf 90' lang='lat' dir='ltr'><strong>cit,</strong></span> <span class='ocrx_word' id='word_1_436' title='bbox 1034 1214 1062 1237; x_wconf 90' lang='lat' dir='ltr'><strong>et</strong></span> <span class='ocrx_word' id='word_1_437' title='bbox 1082 1212 1141 1238; x_wconf 86' lang='lat' dir='ltr'><strong>solo</strong></span> <span class='ocrx_word' id='word_1_438' title='bbox 1163 1211 1248 1238; x_wconf 89' lang='lat' dir='ltr'><strong>verbo</strong></span> <span class='ocrx_word' id='word_1_439' title='bbox 1272 1215 1363 1246; x_wconf 84' lang='lat' dir='ltr'><strong>potest</strong></span> <span class='ocrx_word' id='word_1_440' title='bbox 1390 1212 1606 1246; x_wconf 76' lang='lat' dir='ltr'><strong>perterrefarere</strong></span> <span class='ocrx_word' id='word_1_441' title='bbox 1637 1219 1685 1240; x_wconf 86' lang='lat' dir='ltr'><strong>eos</strong></span> <span class='ocrx_word' id='word_1_442' title='bbox 1703 1213 1751 1246; x_wconf 91' lang='lat' dir='ltr'><strong>qui</strong></span> 
     </span>
    </p>
   </div>
   <div class='ocr_carea' id='block_1_56' title="bbox 964 1256 1752 1292">
    <p class='ocr_par' dir='ltr' id='par_1_56' title="bbox 964 1256 1752 1292">
     <span class='ocr_line' id='line_1_56' title="bbox 964 1256 1752 1292; baseline 0.004 -10"><span class='ocrx_word' id='word_1_443' title='bbox 964 1256 1015 1291; x_wconf 87' lang='lat' dir='ltr'><strong>ipsi</strong></span> <span class='ocrx_word' id='word_1_444' title='bbox 1032 1257 1172 1289; x_wconf 88' lang='lat' dir='ltr'><strong>resistunt,</strong></span> <span class='ocrx_word' id='word_1_445' title='bbox 1188 1256 1260 1284; x_wconf 84' lang='lat' dir='ltr'><strong>sicut</strong></span> <span class='ocrx_word' id='word_1_446' title='bbox 1281 1257 1414 1292; x_wconf 79' lang='lat' dir='ltr'><strong>propheta</strong></span> <span class='ocrx_word' id='word_1_447' title='bbox 1428 1257 1484 1284; x_wconf 84' lang='lat' dir='ltr'><strong>ait.-</strong></span> <span class='ocrx_word' id='word_1_448' title='bbox 1508 1268 1515 1282; x_wconf 70' lang='grc' dir='ltr'><strong>ι</strong></span> <span class='ocrx_word' id='word_1_449' title='bbox 1529 1257 1584 1284; x_wconf 90' lang='lat' dir='ltr'><strong>Leo</strong></span> <span class='ocrx_word' id='word_1_450' title='bbox 1597 1257 1696 1292; x_wconf 80' lang='lat' dir='ltr'><strong>rugiet,</strong></span> <span class='ocrx_word' id='word_1_451' title='bbox 1723 1262 1752 1285; x_wconf 81' lang='lat' dir='ltr'><strong>et</strong></span> 
     </span>
    </p>
   </div>
   <div class='ocr_carea' id='block_1_57' title="bbox 963 1302 1751 1338">
    <p class='ocr_par' dir='ltr' id='par_1_57' title="bbox 963 1302 1751 1338">
     <span class='ocr_line' id='line_1_57' title="bbox 963 1302 1751 1338; baseline 0.001 -9"><span class='ocrx_word' id='word_1_452' title='bbox 963 1302 1024 1337; x_wconf 89' lang='lat' dir='ltr'><strong>quis</strong></span> <span class='ocrx_word' id='word_1_453' title='bbox 1051 1311 1106 1330; x_wconf 89' lang='lat' dir='ltr'><strong>non</strong></span> <span class='ocrx_word' id='word_1_454' title='bbox 1134 1303 1244 1330; x_wconf 84' lang='lat' dir='ltr'><strong>timebit</strong></span> <span class='ocrx_word' id='word_1_455' title='bbox 1260 1302 1324 1329; x_wconf 59' lang='lat'><strong>&#39;5‘!»</strong></span> <span class='ocrx_word' id='word_1_456' title='bbox 1342 1303 1455 1330; x_wconf 83' lang='lat' dir='ltr'><strong>Catulus</strong></span> <span class='ocrx_word' id='word_1_457' title='bbox 1485 1303 1578 1338; x_wconf 78' lang='lat' dir='ltr'><strong>itaque</strong></span> <span class='ocrx_word' id='word_1_458' title='bbox 1600 1303 1688 1330; x_wconf 87' lang='lat' dir='ltr'><strong>leonis</strong></span> <span class='ocrx_word' id='word_1_459' title='bbox 1709 1308 1751 1330; x_wconf 78' lang='lat' dir='ltr'><strong>est</strong></span> 
     </span>
    </p>
   </div>
   <div class='ocr_carea' id='block_1_58' title="bbox 962 1348 1752 1383">
    <p class='ocr_par' dir='ltr' id='par_1_58' title="bbox 962 1348 1752 1383">
     <span class='ocr_line' id='line_1_58' title="bbox 962 1348 1752 1383; baseline -0.003 -7"><span class='ocrx_word' id='word_1_460' title='bbox 962 1348 1102 1381; x_wconf 87' lang='lat' dir='ltr'><strong>Christus,</strong></span> <span class='ocrx_word' id='word_1_461' title='bbox 1122 1348 1194 1376; x_wconf 88' lang='lat' dir='ltr'><strong>sicut</strong></span> <span class='ocrx_word' id='word_1_462' title='bbox 1221 1352 1249 1375; x_wconf 87' lang='lat' dir='ltr'><strong>et</strong></span> <span class='ocrx_word' id='word_1_463' title='bbox 1274 1356 1308 1375; x_wconf 85' lang='lat' dir='ltr'><strong>ex</strong></span> <span class='ocrx_word' id='word_1_464' title='bbox 1336 1348 1460 1383; x_wconf 79' lang='lat' dir='ltr'><strong>germine</strong></span> <span class='ocrx_word' id='word_1_465' title='bbox 1485 1352 1514 1375; x_wconf 84' lang='lat' dir='ltr'><strong>et</strong></span> <span class='ocrx_word' id='word_1_466' title='bbox 1549 1348 1636 1375; x_wconf 86' lang='lat' dir='ltr'><strong>nobili</strong></span> <span class='ocrx_word' id='word_1_467' title='bbox 1659 1348 1752 1375; x_wconf 75' lang='lat' dir='ltr'><strong>radice</strong></span> 
     </span>
    </p>
   </div>
   <div class='ocr_carea' id='block_1_59' title="bbox 963 1393 1752 1429">
    <p class='ocr_par' dir='ltr' id='par_1_59' title="bbox 963 1393 1752 1429">
     <span class='ocr_line' id='line_1_59' title="bbox 963 1393 1752 1429; baseline -0.003 -7"><span class='ocrx_word' id='word_1_468' title='bbox 963 1400 1041 1422; x_wconf 91' lang='lat' dir='ltr'><strong>ortus</strong></span> <span class='ocrx_word' id='word_1_469' title='bbox 1065 1399 1125 1427; x_wconf 91' lang='lat' dir='ltr'><strong>est,</strong></span> <span class='ocrx_word' id='word_1_470' title='bbox 1150 1402 1182 1421; x_wconf 85' lang='lat' dir='ltr'><strong>cx</strong></span> <span class='ocrx_word' id='word_1_471' title='bbox 1213 1399 1307 1421; x_wconf 88' lang='lat' dir='ltr'><strong>sancta</strong></span> <span class='ocrx_word' id='word_1_472' title='bbox 1334 1394 1455 1429; x_wconf 78' lang='lat' dir='ltr'><strong>Virgine.</strong></span> <span class='ocrx_word' id='word_1_473' title='bbox 1488 1394 1595 1421; x_wconf 84' lang='lat' dir='ltr'><strong>Etenim</strong></span> <span class='ocrx_word' id='word_1_474' title='bbox 1619 1393 1678 1428; x_wconf 88' lang='lat' dir='ltr'><strong>ipse</strong></span> <span class='ocrx_word' id='word_1_475' title='bbox 1709 1399 1752 1421; x_wconf 82' lang='lat' dir='ltr'><strong>est</strong></span> 
     </span>
    </p>
   </div>
   <div class='ocr_carea' id='block_1_60' title="bbox 968 1439 1750 1477">
    <p class='ocr_par' dir='ltr' id='par_1_60' title="bbox 968 1439 1750 1477">
     <span class='ocr_line' id='line_1_60' title="bbox 968 1439 1750 1477; baseline 0 -11"><span class='ocrx_word' id='word_1_476' title='bbox 968 1442 1058 1477; x_wconf 67' lang='lat' dir='ltr'><strong>«virga</strong></span> <span class='ocrx_word' id='word_1_477' title='bbox 1082 1441 1193 1468; x_wconf 83' lang='lat' dir='ltr'><strong>virtutis</strong></span> <span class='ocrx_word' id='word_1_478' title='bbox 1214 1441 1248 1472; x_wconf 66' lang='lat'><strong>’9,</strong></span> <span class='ocrx_word' id='word_1_479' title='bbox 1264 1451 1273 1465; x_wconf 77' lang='grc' dir='ltr'><strong>ι</strong></span> <span class='ocrx_word' id='word_1_480' title='bbox 1292 1448 1375 1474; x_wconf 86' lang='lat' dir='ltr'><strong>quam</strong></span> <span class='ocrx_word' id='word_1_481' title='bbox 1399 1448 1433 1467; x_wconf 79' lang='lat' dir='ltr'><strong>ex</strong></span> <span class='ocrx_word' id='word_1_482' title='bbox 1456 1440 1522 1466; x_wconf 88' lang='lat' dir='ltr'><strong>Sion</strong></span> <span class='ocrx_word' id='word_1_483' title='bbox 1563 1439 1645 1466; x_wconf 86' lang='lat' dir='ltr'><strong>nobis</strong></span> <span class='ocrx_word' id='word_1_484' title='bbox 1673 1439 1750 1466; x_wconf 87' lang='lat' dir='ltr'><strong>tnisit</strong></span> 
     </span>
    </p>
   </div>
   <div class='ocr_carea' id='block_1_61' title="bbox 964 1485 1752 1521">
    <p class='ocr_par' dir='ltr' id='par_1_61' title="bbox 964 1485 1752 1521">
     <span class='ocr_line' id='line_1_61' title="bbox 964 1485 1752 1521; baseline -0.004 -7"><span class='ocrx_word' id='word_1_485' title='bbox 964 1487 1046 1518; x_wconf 85' lang='lat' dir='ltr'><strong>Deus,</strong></span> <span class='ocrx_word' id='word_1_486' title='bbox 1072 1494 1170 1521; x_wconf 86' lang='lat' dir='ltr'><strong>nempe</strong></span> <span class='ocrx_word' id='word_1_487' title='bbox 1184 1486 1310 1518; x_wconf 89' lang='lat' dir='ltr'><strong>baculus,</strong></span> <span class='ocrx_word' id='word_1_488' title='bbox 1323 1486 1369 1520; x_wconf 89' lang='lat' dir='ltr'><strong>qui</strong></span> <span class='ocrx_word' id='word_1_489' title='bbox 1377 1493 1473 1512; x_wconf 85' lang='lat' dir='ltr'><strong>omnes</strong></span> <span class='ocrx_word' id='word_1_490' title='bbox 1483 1485 1641 1512; x_wconf 87' lang='lat' dir='ltr'><strong>consolatur</strong></span> <span class='ocrx_word' id='word_1_491' title='bbox 1652 1488 1679 1512; x_wconf 90' lang='lat' dir='ltr'><strong>et</strong></span> <span class='ocrx_word' id='word_1_492' title='bbox 1689 1492 1752 1512; x_wconf 83' lang='lat' dir='ltr'><strong>sus-</strong></span> 
     </span>
    </p>
   </div>
   <div class='ocr_carea' id='block_1_62' title="bbox 125 1527 914 1572">
    <p class='ocr_par' dir='ltr' id='par_1_62' title="bbox 125 1527 909 1572">
     <span class='ocr_line' id='line_1_62' title="bbox 125 1527 909 1572; baseline -0.013 -7"><span class='ocrx_word' id='word_1_493' title='bbox 125 1546 198 1572; x_wconf 84' lang='grc' dir='ltr'>μεως</span> <span class='ocrx_word' id='word_1_494' title='bbox 215 1537 324 1572; x_wconf 79' lang='grc' dir='ltr'>ρἀδος,</span> <span class='ocrx_word' id='word_1_495' title='bbox 345 1545 354 1561; x_wconf 75' lang='grc' dir='ltr'><strong>ι</strong></span> <span class='ocrx_word' id='word_1_496' title='bbox 372 1536 405 1570; x_wconf 82' lang='grc' dir='ltr'>ἢν</span> <span class='ocrx_word' id='word_1_497' title='bbox 422 1535 454 1560; x_wconf 80' lang='grc' dir='ltr'>ὲκ</span> <span class='ocrx_word' id='word_1_498' title='bbox 469 1533 538 1560; x_wconf 82' lang='grc' dir='ltr'>Σιὼν</span> <span class='ocrx_word' id='word_1_499' title='bbox 553 1533 618 1567; x_wconf 86' lang='grc' dir='ltr'>ἡμῖν</span> <span class='ocrx_word' id='word_1_500' title='bbox 634 1529 818 1558; x_wconf 74' lang='grc' dir='ltr'>ἀπέστειλε·θό</span> <span class='ocrx_word' id='word_1_501' title='bbox 835 1527 909 1558; x_wconf 77' lang='grc' dir='ltr'>Θεὸς.</span> 
     </span>
    </p>
   </div>
   <div class='ocr_carea' id='block_1_63' title="bbox 966 1527 1753 1572">
    <p class='ocr_par' dir='ltr' id='par_1_63' title="bbox 966 1530 1753 1567">
     <span class='ocr_line' id='line_1_63' title="bbox 966 1530 1753 1567; baseline -0.006 -6"><span class='ocrx_word' id='word_1_502' title='bbox 966 1538 1060 1565; x_wconf 86' lang='lat' dir='ltr'><strong>tentat,</strong></span> <span class='ocrx_word' id='word_1_503' title='bbox 1083 1543 1090 1558; x_wconf 92' lang='lat'><strong>1</strong></span> <span class='ocrx_word' id='word_1_504' title='bbox 1102 1534 1230 1567; x_wconf 77' lang='lat' dir='ltr'><strong>virgaque</strong></span> <span class='ocrx_word' id='word_1_505' title='bbox 1243 1533 1322 1567; x_wconf 78' lang='lat'><strong>223</strong></span> <span class='ocrx_word' id='word_1_506' title='bbox 1336 1531 1532 1559; x_wconf 85' lang='lat' dir='ltr'><strong>directioniset</strong></span> <span class='ocrx_word' id='word_1_507' title='bbox 1545 1530 1620 1565; x_wconf 80' lang='lat' dir='ltr'><strong>regni</strong></span> <span class='ocrx_word' id='word_1_508' title='bbox 1633 1531 1666 1563; x_wconf 54' lang='lat'><strong>3°,</strong></span> <span class='ocrx_word' id='word_1_509' title='bbox 1678 1538 1753 1565; x_wconf 59' lang='lat' dir='ltr'><strong>ique</strong></span> 
     </span>
    </p>
   </div>
   <div class='ocr_carea' id='block_1_64' title="bbox 123 1574 910 1619">
    <p class='ocr_par' dir='ltr' id='par_1_64' title="bbox 123 1574 910 1619">
     <span class='ocr_line' id='line_1_64' title="bbox 123 1574 910 1619; baseline -0.013 -9"><span class='ocrx_word' id='word_1_510' title='bbox 123 1585 139 1619; x_wconf 78' lang='grc' dir='ltr'><strong>η</strong></span> <span class='ocrx_word' id='word_1_511' title='bbox 165 1583 266 1613; x_wconf 64' lang='grc' dir='ltr'>πάντας</span> <span class='ocrx_word' id='word_1_512' title='bbox 296 1580 492 1617; x_wconf 74' lang='grc' dir='ltr'>παρακαλοῦσα</span> <span class='ocrx_word' id='word_1_513' title='bbox 517 1579 565 1605; x_wconf 70' lang='grc' dir='ltr'>καὶ</span> <span class='ocrx_word' id='word_1_514' title='bbox 592 1578 726 1612; x_wconf 79' lang='grc' dir='ltr'>ἀνέχουσα</span> <span class='ocrx_word' id='word_1_515' title='bbox 756 1574 910 1610; x_wconf 71' lang='grc' dir='ltr'>βακτηρία,</span> 
     </span>
    </p>
   </div>
   <div class='ocr_carea' id='block_1_65' title="bbox 126 1619 914 1664">
    <p class='ocr_par' dir='ltr' id='par_1_65' title="bbox 126 1619 914 1664">
     <span class='ocr_line' id='line_1_65' title="bbox 126 1619 914 1664; baseline -0.014 -8"><span class='ocrx_word' id='word_1_516' title='bbox 126 1641 134 1655; x_wconf 94' lang='lat'><strong>1</strong></span> <span class='ocrx_word' id='word_1_517' title='bbox 156 1631 173 1664; x_wconf 87' lang='grc' dir='ltr'><strong>ἡ</strong></span> <span class='ocrx_word' id='word_1_518' title='bbox 190 1628 337 1663; x_wconf 77' lang='grc' dir='ltr'>εὖθύτητός</span> <span class='ocrx_word' id='word_1_519' title='bbox 359 1635 388 1653; x_wconf 88' lang='grc' dir='ltr'><strong>τε</strong></span> <span class='ocrx_word' id='word_1_520' title='bbox 407 1626 454 1653; x_wconf 71' lang='grc' dir='ltr'>καὶ</span> <span class='ocrx_word' id='word_1_521' title='bbox 469 1624 616 1660; x_wconf 74' lang='grc' dir='ltr'>βασιλείας,</span> <span class='ocrx_word' id='word_1_522' title='bbox 636 1633 644 1649; x_wconf 76' lang='grc' dir='ltr'><strong>ι</strong></span> <span class='ocrx_word' id='word_1_523' title='bbox 670 1624 687 1658; x_wconf 82' lang='grc' dir='ltr'>ἡ</span> <span class='ocrx_word' id='word_1_524' title='bbox 700 1621 786 1658; x_wconf 78' lang='grc' dir='ltr'>ὀρθῶς</span> <span class='ocrx_word' id='word_1_525' title='bbox 807 1621 855 1656; x_wconf 79' lang='grc' dir='ltr'>μὲν</span> <span class='ocrx_word' id='word_1_526' title='bbox 867 1619 914 1645; x_wconf 78' lang='grc' dir='ltr'>καὶ</span> 
     </span>
    </p>
   </div>
   <div class='ocr_carea' id='block_1_66' title="bbox 123 1667 912 1711">
    <p class='ocr_par' dir='ltr' id='par_1_66' title="bbox 123 1667 912 1711">
     <span class='ocr_line' id='line_1_66' title="bbox 123 1667 912 1711; baseline -0.015 -8"><span class='ocrx_word' id='word_1_527' title='bbox 123 1676 220 1711; x_wconf 76' lang='grc' dir='ltr'>πράως</span> <span class='ocrx_word' id='word_1_528' title='bbox 246 1675 295 1705; x_wconf 74' lang='grc' dir='ltr'>τὰς</span> <span class='ocrx_word' id='word_1_529' title='bbox 326 1673 381 1700; x_wconf 85' lang='grc' dir='ltr'>τῶν</span> <span class='ocrx_word' id='word_1_530' title='bbox 415 1672 501 1706; x_wconf 83' lang='grc' dir='ltr'>ἁγίων</span> <span class='ocrx_word' id='word_1_531' title='bbox 534 1670 635 1704; x_wconf 76' lang='grc' dir='ltr'>ἀγέλας</span> <span class='ocrx_word' id='word_1_532' title='bbox 666 1667 912 1703; x_wconf 81' lang='grc' dir='ltr'>διαποιμαίνουσα,</span> 
     </span>
    </p>
   </div>
   <div class='ocr_carea' id='block_1_67' title="bbox 127 1712 917 1756">
    <p class='ocr_par' dir='ltr' id='par_1_67' title="bbox 127 1712 917 1756">
     <span class='ocr_line' id='line_1_67' title="bbox 127 1712 917 1756; baseline -0.013 -9"><span class='ocrx_word' id='word_1_533' title='bbox 127 1731 136 1747; x_wconf 88' lang='grc'><em>‹</em></span> <span class='ocrx_word' id='word_1_534' title='bbox 157 1719 338 1756; x_wconf 72' lang='grc' dir='ltr'>συντρίϐουσα</span> <span class='ocrx_word' id='word_1_535' title='bbox 359 1718 387 1744; x_wconf 81' lang='grc' dir='ltr'><strong>δὲ</strong></span> <span class='ocrx_word' id='word_1_536' title='bbox 403 1717 529 1753; x_wconf 78' lang='grc' dir='ltr'>καθάπερ</span> <span class='ocrx_word' id='word_1_537' title='bbox 545 1714 641 1746; x_wconf 81' lang='grc' dir='ltr'>σκεῦος</span> <span class='ocrx_word' id='word_1_538' title='bbox 661 1714 805 1750; x_wconf 78' lang='grc' dir='ltr'>κεραμέως</span> <span class='ocrx_word' id='word_1_539' title='bbox 824 1721 833 1738; x_wconf 76' lang='grc' dir='ltr'><strong>ι</strong></span> <span class='ocrx_word' id='word_1_540' title='bbox 851 1712 917 1742; x_wconf 77' lang='grc' dir='ltr'>τοὺς</span> 
     </span>
    </p>
   </div>
   <div class='ocr_carea' id='block_1_68' title="bbox 125 1757 915 1801">
    <p class='ocr_par' dir='ltr' id='par_1_68' title="bbox 125 1757 915 1801">
     <span class='ocr_line' id='line_1_68' title="bbox 125 1757 915 1801; baseline -0.014 -7"><span class='ocrx_word' id='word_1_541' title='bbox 125 1766 257 1801; x_wconf 83' lang='grc' dir='ltr'>ύπάὺτῷ</span> <span class='ocrx_word' id='word_1_542' title='bbox 274 1764 403 1800; x_wconf 84' lang='grc' dir='ltr'>νέμεσθαι</span> <span class='ocrx_word' id='word_1_543' title='bbox 420 1763 457 1799; x_wconf 80' lang='grc' dir='ltr'>μὴ</span> <span class='ocrx_word' id='word_1_544' title='bbox 470 1762 662 1798; x_wconf 82' lang='grc' dir='ltr'>ἀνεχομένους.</span> <span class='ocrx_word' id='word_1_545' title='bbox 684 1760 770 1790; x_wconf 71' lang='grc' dir='ltr'>Αὐτὸς</span> <span class='ocrx_word' id='word_1_546' title='bbox 788 1759 804 1794; x_wconf 84' lang='grc' dir='ltr'>ἡ</span> <span class='ocrx_word' id='word_1_547' title='bbox 819 1757 915 1794; x_wconf 80' lang='grc' dir='ltr'>ρἀδος</span> 
     </span>
    </p>
   </div>
   <div class='ocr_carea' id='block_1_69' title="bbox 124 1803 915 1848">
    <p class='ocr_par' dir='ltr' id='par_1_69' title="bbox 124 1803 915 1848">
     <span class='ocr_line' id='line_1_69' title="bbox 124 1803 915 1848; baseline -0.014 -9"><span class='ocrx_word' id='word_1_548' title='bbox 124 1815 141 1848; x_wconf 66' lang='grc' dir='ltr'><strong>η</strong></span> <span class='ocrx_word' id='word_1_549' title='bbox 163 1811 306 1848; x_wconf 79' lang='grc' dir='ltr'>Ἀαρὼν,ή</span> <span class='ocrx_word' id='word_1_550' title='bbox 321 1810 401 1837; x_wconf 75' lang='grc' dir='ltr'>τόπον</span> <span class='ocrx_word' id='word_1_551' title='bbox 415 1809 514 1844; x_wconf 75' lang='grc' dir='ltr'>ἔχουσα</span> <span class='ocrx_word' id='word_1_552' title='bbox 527 1808 577 1843; x_wconf 83' lang='grc' dir='ltr'>τὴν</span> <span class='ocrx_word' id='word_1_553' title='bbox 595 1807 668 1834; x_wconf 83' lang='grc' dir='ltr'>θείαν</span> <span class='ocrx_word' id='word_1_554' title='bbox 684 1804 797 1840; x_wconf 83' lang='grc' dir='ltr'>σκηνὴν,</span> <span class='ocrx_word' id='word_1_555' title='bbox 814 1804 861 1830; x_wconf 68' lang='grc' dir='ltr'>καὶ</span> <span class='ocrx_word' id='word_1_556' title='bbox 874 1803 915 1834; x_wconf 82' lang='grc' dir='ltr'><strong>είς</strong></span> 
     </span>
    </p>
   </div>
   <div class='ocr_carea' id='block_1_70' title="bbox 124 1849 916 1892">
    <p class='ocr_par' dir='ltr' id='par_1_70' title="bbox 124 1849 916 1892">
     <span class='ocr_line' id='line_1_70' title="bbox 124 1849 916 1892; baseline -0.015 -6"><span class='ocrx_word' id='word_1_557' title='bbox 124 1859 160 1886; x_wconf 76' lang='grc' dir='ltr'>τὰ</span> <span class='ocrx_word' id='word_1_558' title='bbox 184 1859 273 1892; x_wconf 80' lang='grc' dir='ltr'>’Δγια</span> <span class='ocrx_word' id='word_1_559' title='bbox 287 1856 342 1883; x_wconf 83' lang='grc' dir='ltr'><strong>τῶν</strong></span> <span class='ocrx_word' id='word_1_560' title='bbox 356 1855 441 1890; x_wconf 79' lang='grc' dir='ltr'>ἁγίων</span> <span class='ocrx_word' id='word_1_561' title='bbox 460 1852 684 1889; x_wconf 71' lang='grc' dir='ltr'>εἰσενηνεγμένῃ,</span> <span class='ocrx_word' id='word_1_562' title='bbox 701 1852 718 1886; x_wconf 82' lang='grc' dir='ltr'>ἡ</span> <span class='ocrx_word' id='word_1_563' title='bbox 744 1849 916 1884; x_wconf 78' lang='grc' dir='ltr'>ἐξανθήσασα</span> 
     </span>
    </p>
   </div>
   <div class='ocr_carea' id='block_1_71' title="bbox 124 1894 916 1940">
    <p class='ocr_par' dir='ltr' id='par_1_71' title="bbox 124 1894 916 1940">
     <span class='ocr_line' id='line_1_71' title="bbox 124 1894 916 1940; baseline -0.015 -8"><span class='ocrx_word' id='word_1_564' title='bbox 124 1905 218 1940; x_wconf 71' lang='grc' dir='ltr'>κάρυα</span> <span class='ocrx_word' id='word_1_565' title='bbox 227 1911 234 1919; x_wconf 91' lang='grc'><strong>·</strong></span> <span class='ocrx_word' id='word_1_566' title='bbox 246 1904 315 1938; x_wconf 80' lang='grc' dir='ltr'>ὅπερ</span> <span class='ocrx_word' id='word_1_567' title='bbox 329 1902 403 1928; x_wconf 72' lang='grc' dir='ltr'>ἐστὶν</span> <span class='ocrx_word' id='word_1_568' title='bbox 415 1901 591 1931; x_wconf 83' lang='grc' dir='ltr'>ἀναστάσεως</span> <span class='ocrx_word' id='word_1_569' title='bbox 603 1898 746 1933; x_wconf 80' lang='grc' dir='ltr'>σύμὸολον.</span> <span class='ocrx_word' id='word_1_570' title='bbox 763 1895 845 1923; x_wconf 83' lang='grc' dir='ltr'>Ξύλον</span> <span class='ocrx_word' id='word_1_571' title='bbox 862 1894 916 1929; x_wconf 76' lang='grc' dir='ltr'><strong>γὰρ</strong></span> 
     </span>
    </p>
   </div>
   <div class='ocr_carea' id='block_1_72' title="bbox 125 1941 918 1986">
    <p class='ocr_par' dir='ltr' id='par_1_72' title="bbox 125 1941 918 1986">
     <span class='ocr_line' id='line_1_72' title="bbox 125 1941 918 1986; baseline -0.014 -8"><span class='ocrx_word' id='word_1_572' title='bbox 125 1951 157 1978; x_wconf 74' lang='grc' dir='ltr'>τὸ</span> <span class='ocrx_word' id='word_1_573' title='bbox 173 1952 205 1977; x_wconf 78' lang='grc' dir='ltr'>ἐκ</span> <span class='ocrx_word' id='word_1_574' title='bbox 218 1949 334 1986; x_wconf 80' lang='grc' dir='ltr'>καρύας,</span> <span class='ocrx_word' id='word_1_575' title='bbox 354 1947 472 1978; x_wconf 73' lang='grc' dir='ltr'>ἁῡπνίας</span> <span class='ocrx_word' id='word_1_576' title='bbox 492 1946 549 1973; x_wconf 77' lang='grc' dir='ltr'>ἐστι</span> <span class='ocrx_word' id='word_1_577' title='bbox 567 1954 625 1977; x_wconf 88' lang='grc' dir='ltr'><strong>πως</strong></span> <span class='ocrx_word' id='word_1_578' title='bbox 645 1943 833 1979; x_wconf 79' lang='grc' dir='ltr'>ἐμποιητικόν.</span> <span class='ocrx_word' id='word_1_579' title='bbox 856 1941 918 1967; x_wconf 84' lang='grc' dir='ltr'><strong>Ἐκ-</strong></span> 
     </span>
    </p>
   </div>
   <div class='ocr_carea' id='block_1_73' title="bbox 125 1989 917 2032">
    <p class='ocr_par' dir='ltr' id='par_1_73' title="bbox 125 1989 917 2032">
     <span class='ocr_line' id='line_1_73' title="bbox 125 1989 917 2032; baseline -0.013 -8"><span class='ocrx_word' id='word_1_580' title='bbox 125 1998 270 2032; x_wconf 81' lang='grc' dir='ltr'>τετίμητσι</span> <span class='ocrx_word' id='word_1_581' title='bbox 285 1995 313 2021; x_wconf 80' lang='grc' dir='ltr'><strong>δὲ</strong></span> <span class='ocrx_word' id='word_1_582' title='bbox 329 1994 360 2021; x_wconf 76' lang='grc' dir='ltr'>τὸ</span> <span class='ocrx_word' id='word_1_583' title='bbox 379 1995 428 2028; x_wconf 84' lang='grc' dir='ltr'>τῆς</span> <span class='ocrx_word' id='word_1_584' title='bbox 447 1992 623 2023; x_wconf 83' lang='grc' dir='ltr'>ἀναστάσεως</span> <span class='ocrx_word' id='word_1_585' title='bbox 639 1991 788 2026; x_wconf 86' lang='grc' dir='ltr'>μυστήριον</span> <span class='ocrx_word' id='word_1_586' title='bbox 808 1989 837 2015; x_wconf 82' lang='grc' dir='ltr'>ὲν</span> <span class='ocrx_word' id='word_1_587' title='bbox 857 1989 917 2015; x_wconf 79' lang='grc' dir='ltr'><strong>Ἐκ-</strong></span> 
     </span>
    </p>
   </div>
   <div class='ocr_carea' id='block_1_74' title="bbox 127 2034 916 2078">
    <p class='ocr_par' dir='ltr' id='par_1_74' title="bbox 127 2034 916 2078">
     <span class='ocr_line' id='line_1_74' title="bbox 127 2034 916 2078; baseline -0.01 -9"><span class='ocrx_word' id='word_1_588' title='bbox 127 2043 257 2078; x_wconf 81' lang='grc' dir='ltr'>κλησίαις</span> <span class='ocrx_word' id='word_1_589' title='bbox 283 2039 362 2068; x_wconf 87' lang='grc' dir='ltr'>Θεοῦ.</span> <span class='ocrx_word' id='word_1_590' title='bbox 383 2039 433 2066; x_wconf 84' lang='grc' dir='ltr'><strong>Διά</strong></span> <span class='ocrx_word' id='word_1_591' title='bbox 455 2039 535 2066; x_wconf 84' lang='grc' dir='ltr'>τοῦτο</span> <span class='ocrx_word' id='word_1_592' title='bbox 555 2038 601 2065; x_wconf 79' lang='grc' dir='ltr'>καὶ</span> <span class='ocrx_word' id='word_1_593' title='bbox 617 2038 632 2063; x_wconf 89' lang='lat'><strong>6</strong></span> <span class='ocrx_word' id='word_1_594' title='bbox 655 2036 790 2072; x_wconf 85' lang='grc' dir='ltr'>μακάριος</span> <span class='ocrx_word' id='word_1_595' title='bbox 821 2034 916 2062; x_wconf 77' lang='grc' dir='ltr'>Ἰακὼϐ</span> 
     </span>
    </p>
   </div>
   <div class='ocr_carea' id='block_1_75' title="bbox 126 2081 918 2123">
    <p class='ocr_par' dir='ltr' id='par_1_75' title="bbox 126 2081 918 2123">
     <span class='ocr_line' id='line_1_75' title="bbox 126 2081 918 2123; baseline -0.013 -6"><span class='ocrx_word' id='word_1_596' title='bbox 126 2089 268 2122; x_wconf 72' lang='grc' dir='ltr'>βλαστὸν</span> <span class='ocrx_word' id='word_1_597' title='bbox 283 2087 431 2123; x_wconf 80' lang='grc' dir='ltr'>ὀνομάσας,</span> <span class='ocrx_word' id='word_1_598' title='bbox 449 2085 529 2117; x_wconf 80' lang='grc' dir='ltr'>εὐθὺς</span> <span class='ocrx_word' id='word_1_599' title='bbox 540 2084 726 2119; x_wconf 89' lang='grc' dir='ltr'>διαμέμνηται</span> <span class='ocrx_word' id='word_1_600' title='bbox 736 2082 791 2109; x_wconf 88' lang='grc' dir='ltr'>τῶν</span> <span class='ocrx_word' id='word_1_601' title='bbox 802 2083 831 2108; x_wconf 83' lang='grc' dir='ltr'>ὲν</span> <span class='ocrx_word' id='word_1_602' title='bbox 846 2081 918 2108; x_wconf 84' lang='grc' dir='ltr'>τέλει</span> 
     </span>
    </p>
   </div>
   <div class='ocr_carea' id='block_1_76' title="bbox 126 2128 918 2171">
    <p class='ocr_par' dir='ltr' id='par_1_76' title="bbox 126 2128 918 2171">
     <span class='ocr_line' id='line_1_76' title="bbox 126 2128 918 2171; baseline -0.013 -8"><span class='ocrx_word' id='word_1_603' title='bbox 126 2136 178 2171; x_wconf 80' lang='grc' dir='ltr'>τῆς</span> <span class='ocrx_word' id='word_1_604' title='bbox 202 2133 370 2169; x_wconf 74' lang='grc' dir='ltr'>οἰκονομίας,</span> <span class='ocrx_word' id='word_1_605' title='bbox 385 2132 433 2159; x_wconf 81' lang='grc' dir='ltr'><strong>καί</strong></span> <span class='ocrx_word' id='word_1_606' title='bbox 448 2138 533 2167; x_wconf 81' lang='grc' dir='ltr'>φησι·</span> <span class='ocrx_word' id='word_1_607' title='bbox 556 2140 565 2156; x_wconf 97' lang='lat'><strong>1</strong></span> <span class='ocrx_word' id='word_1_608' title='bbox 585 2129 744 2160; x_wconf 77' lang='grc' dir='ltr'>’Λναπισὼν</span> <span class='ocrx_word' id='word_1_609' title='bbox 767 2128 918 2163; x_wconf 73' lang='grc' dir='ltr'>ἐκοιμήθης</span> 
     </span>
    </p>
   </div>
   <div class='ocr_carea' id='block_1_77' title="bbox 127 2173 918 2214">
    <p class='ocr_par' dir='ltr' id='par_1_77' title="bbox 127 2173 918 2214">
     <span class='ocr_line' id='line_1_77' title="bbox 127 2173 918 2214; baseline -0.013 -5"><span class='ocrx_word' id='word_1_610' title='bbox 127 2183 166 2214; x_wconf 79' lang='grc' dir='ltr'>ὼς</span> <span class='ocrx_word' id='word_1_611' title='bbox 182 2181 263 2213; x_wconf 76' lang='grc' dir='ltr'>λέων,</span> <span class='ocrx_word' id='word_1_612' title='bbox 278 2188 288 2206; x_wconf 72' lang='grc' dir='ltr'><strong><em>ι</em></strong></span> <span class='ocrx_word' id='word_1_613' title='bbox 306 2179 456 2210; x_wconf 79' lang='grc' dir='ltr'>τουτέστιν,</span> <span class='ocrx_word' id='word_1_614' title='bbox 468 2177 519 2204; x_wconf 84' lang='grc' dir='ltr'>οὐκ</span> <span class='ocrx_word' id='word_1_615' title='bbox 537 2176 685 2211; x_wconf 78' lang='grc' dir='ltr'>ἀϐούλητον</span> <span class='ocrx_word' id='word_1_616' title='bbox 703 2175 823 2210; x_wconf 81' lang='grc' dir='ltr'>ὑπέστης</span> <span class='ocrx_word' id='word_1_617' title='bbox 837 2173 918 2201; x_wconf 79' lang='grc' dir='ltr'>θάνα-</span> 
     </span>
    </p>
   </div>
   <div class='ocr_carea' id='block_1_78' title="bbox 128 2218 918 2259">
    <p class='ocr_par' dir='ltr' id='par_1_78' title="bbox 128 2218 918 2259">
     <span class='ocr_line' id='line_1_78' title="bbox 128 2218 918 2259; baseline -0.013 -5"><span class='ocrx_word' id='word_1_618' title='bbox 128 2235 185 2259; x_wconf 80' lang='grc' dir='ltr'>τον,</span> <span class='ocrx_word' id='word_1_619' title='bbox 201 2225 272 2253; x_wconf 79' lang='grc' dir='ltr'>ἀλλὰ</span> <span class='ocrx_word' id='word_1_620' title='bbox 286 2224 333 2252; x_wconf 84' lang='grc' dir='ltr'><strong>καί</strong></span> <span class='ocrx_word' id='word_1_621' title='bbox 347 2232 388 2250; x_wconf 86' lang='grc' dir='ltr'><strong>τοι</strong></span> <span class='ocrx_word' id='word_1_622' title='bbox 402 2222 507 2254; x_wconf 83' lang='grc' dir='ltr'>πάντας</span> <span class='ocrx_word' id='word_1_623' title='bbox 529 2221 600 2248; x_wconf 77' lang='grc' dir='ltr'>ἑλεῖν</span> <span class='ocrx_word' id='word_1_624' title='bbox 621 2221 658 2252; x_wconf 87' lang='grc' dir='ltr'>ὼς</span> <span class='ocrx_word' id='word_1_625' title='bbox 676 2219 744 2246; x_wconf 87' lang='grc' dir='ltr'>λέων</span> <span class='ocrx_word' id='word_1_626' title='bbox 768 2218 814 2246; x_wconf 76' lang='grc' dir='ltr'>καὶ</span> <span class='ocrx_word' id='word_1_627' title='bbox 834 2226 918 2245; x_wconf 84' lang='grc' dir='ltr'>κατα-</span> 
     </span>
    </p>
   </div>
   <div class='ocr_carea' id='block_1_79' title="bbox 966 1577 1753 1614">
    <p class='ocr_par' dir='ltr' id='par_1_79' title="bbox 966 1577 1753 1614">
     <span class='ocr_line' id='line_1_79' title="bbox 966 1577 1753 1614; baseline -0.006 -7"><span class='ocrx_word' id='word_1_628' title='bbox 966 1585 1039 1607; x_wconf 87' lang='lat' dir='ltr'><strong>recte</strong></span> <span class='ocrx_word' id='word_1_629' title='bbox 1051 1587 1083 1606; x_wconf 90' lang='lat' dir='ltr'><strong>ac</strong></span> <span class='ocrx_word' id='word_1_630' title='bbox 1098 1579 1215 1614; x_wconf 78' lang='lat' dir='ltr'><strong>benigne</strong></span> <span class='ocrx_word' id='word_1_631' title='bbox 1240 1586 1337 1613; x_wconf 76' lang='lat' dir='ltr'><strong>greges</strong></span> <span class='ocrx_word' id='word_1_632' title='bbox 1353 1582 1510 1604; x_wconf 88' lang='lat' dir='ltr'><strong>sanctorum</strong></span> <span class='ocrx_word' id='word_1_633' title='bbox 1525 1577 1622 1611; x_wconf 85' lang='lat' dir='ltr'><strong>pascit,</strong></span> <span class='ocrx_word' id='word_1_634' title='bbox 1643 1580 1726 1610; x_wconf 86' lang='lat' dir='ltr'><strong>atque</strong></span> <span class='ocrx_word' id='word_1_635' title='bbox 1737 1583 1753 1602; x_wconf 86' lang='lat' dir='ltr'><strong>e</strong></span> 
     </span>
    </p>
   </div>
   <div class='ocr_carea' id='block_1_80' title="bbox 967 1621 1752 1658">
    <p class='ocr_par' dir='ltr' id='par_1_80' title="bbox 967 1621 1752 1658">
     <span class='ocr_line' id='line_1_80' title="bbox 967 1621 1752 1658; baseline -0.006 -6"><span class='ocrx_word' id='word_1_636' title='bbox 967 1626 1076 1652; x_wconf 76' lang='lat' dir='ltr'><strong>diverso</strong></span> <span class='ocrx_word' id='word_1_637' title='bbox 1097 1634 1106 1650; x_wconf 91' lang='lat'><strong>1</strong></span> <span class='ocrx_word' id='word_1_638' title='bbox 1117 1624 1266 1658; x_wconf 73' lang='lat' dir='ltr'><strong>confringit</strong></span> <span class='ocrx_word' id='word_1_639' title='bbox 1284 1627 1413 1658; x_wconf 87' lang='lat' dir='ltr'><strong>tanquam</strong></span> <span class='ocrx_word' id='word_1_640' title='bbox 1434 1630 1481 1649; x_wconf 81' lang='lat' dir='ltr'><strong>vas</strong></span> <span class='ocrx_word' id='word_1_641' title='bbox 1497 1621 1572 1656; x_wconf 78' lang='lat' dir='ltr'><strong>ﬁguli</strong></span> <span class='ocrx_word' id='word_1_642' title='bbox 1588 1622 1608 1637; x_wconf 84' lang='grc'><strong>³¹</strong></span> <span class='ocrx_word' id='word_1_643' title='bbox 1623 1631 1631 1647; x_wconf 76' lang='grc' dir='ltr'><strong>ι</strong></span> <span class='ocrx_word' id='word_1_644' title='bbox 1647 1628 1695 1648; x_wconf 86' lang='lat' dir='ltr'><strong>eos</strong></span> <span class='ocrx_word' id='word_1_645' title='bbox 1705 1621 1752 1656; x_wconf 74' lang='lat' dir='ltr'><strong>qui</strong></span> 
     </span>
    </p>
   </div>
   <div class='ocr_carea' id='block_1_81' title="bbox 965 1667 1754 1705">
    <p class='ocr_par' dir='ltr' id='par_1_81' title="bbox 965 1667 1754 1705">
     <span class='ocr_line' id='line_1_81' title="bbox 965 1667 1754 1705; baseline -0.005 -7"><span class='ocrx_word' id='word_1_646' title='bbox 965 1679 994 1698; x_wconf 87' lang='lat' dir='ltr'><strong>se</strong></span> <span class='ocrx_word' id='word_1_647' title='bbox 1011 1671 1045 1698; x_wconf 86' lang='lat' dir='ltr'><strong>ab</strong></span> <span class='ocrx_word' id='word_1_648' title='bbox 1062 1678 1117 1697; x_wconf 91' lang='lat' dir='ltr'><strong>uno</strong></span> <span class='ocrx_word' id='word_1_649' title='bbox 1130 1669 1204 1705; x_wconf 87' lang='lat' dir='ltr'><strong>pasci</strong></span> <span class='ocrx_word' id='word_1_650' title='bbox 1220 1677 1274 1696; x_wconf 89' lang='lat' dir='ltr'><strong>non</strong></span> <span class='ocrx_word' id='word_1_651' title='bbox 1298 1669 1399 1696; x_wconf 91' lang='lat' dir='ltr'><strong>ferunt.</strong></span> <span class='ocrx_word' id='word_1_652' title='bbox 1413 1668 1474 1702; x_wconf 86' lang='lat' dir='ltr'><strong>Ipse</strong></span> <span class='ocrx_word' id='word_1_653' title='bbox 1496 1667 1615 1702; x_wconf 88' lang='lat' dir='ltr'><strong>denique</strong></span> <span class='ocrx_word' id='word_1_654' title='bbox 1623 1671 1665 1694; x_wconf 89' lang='lat' dir='ltr'><strong>est</strong></span> <span class='ocrx_word' id='word_1_655' title='bbox 1678 1667 1754 1702; x_wconf 79' lang='lat' dir='ltr'><strong>virga</strong></span> 
     </span>
    </p>
   </div>
   <div class='ocr_carea' id='block_1_82' title="bbox 966 1713 1754 1752">
    <p class='ocr_par' dir='ltr' id='par_1_82' title="bbox 966 1713 1754 1752">
     <span class='ocr_line' id='line_1_82' title="bbox 966 1713 1754 1752; baseline -0.008 -7"><span class='ocrx_word' id='word_1_656' title='bbox 966 1719 1077 1750; x_wconf 80' lang='lat' dir='ltr'><strong>Aaron;</strong></span> <span class='ocrx_word' id='word_1_657' title='bbox 1091 1725 1152 1752; x_wconf 72' lang='lat' dir='ltr'><strong>quae</strong></span> <span class='ocrx_word' id='word_1_658' title='bbox 1164 1716 1247 1743; x_wconf 86' lang='lat' dir='ltr'><strong>habet</strong></span> <span class='ocrx_word' id='word_1_659' title='bbox 1261 1715 1352 1742; x_wconf 90' lang='lat' dir='ltr'><strong>locum</strong></span> <span class='ocrx_word' id='word_1_660' title='bbox 1369 1715 1397 1741; x_wconf 91' lang='lat' dir='ltr'><strong>in</strong></span> <span class='ocrx_word' id='word_1_661' title='bbox 1415 1714 1509 1741; x_wconf 87' lang='lat' dir='ltr'><strong>divino</strong></span> <span class='ocrx_word' id='word_1_662' title='bbox 1522 1713 1652 1746; x_wconf 88' lang='lat' dir='ltr'><strong>tentorio,</strong></span> <span class='ocrx_word' id='word_1_663' title='bbox 1672 1718 1754 1748; x_wconf 89' lang='lat' dir='ltr'><strong>atque</strong></span> 
     </span>
    </p>
   </div>
   <div class='ocr_carea' id='block_1_83' title="bbox 966 1759 1754 1795">
    <p class='ocr_par' dir='ltr' id='par_1_83' title="bbox 966 1759 1754 1795">
     <span class='ocr_line' id='line_1_83' title="bbox 966 1759 1754 1795; baseline -0.005 -5"><span class='ocrx_word' id='word_1_664' title='bbox 966 1764 995 1790; x_wconf 92' lang='lat' dir='ltr'><strong>in</strong></span> <span class='ocrx_word' id='word_1_665' title='bbox 1008 1762 1107 1790; x_wconf 84' lang='lat' dir='ltr'><strong>Sancta</strong></span> <span class='ocrx_word' id='word_1_666' title='bbox 1121 1766 1280 1790; x_wconf 80' lang='lat' dir='ltr'><strong>sanctorum</strong></span> <span class='ocrx_word' id='word_1_667' title='bbox 1296 1761 1371 1788; x_wconf 85' lang='lat' dir='ltr'><strong>illata</strong></span> <span class='ocrx_word' id='word_1_668' title='bbox 1389 1764 1443 1792; x_wconf 89' lang='lat' dir='ltr'><strong>est,</strong></span> <span class='ocrx_word' id='word_1_669' title='bbox 1460 1768 1520 1794; x_wconf 79' lang='lat' dir='ltr'><strong>quae</strong></span> <span class='ocrx_word' id='word_1_670' title='bbox 1543 1759 1656 1795; x_wconf 82' lang='lat' dir='ltr'><strong>protulit</strong></span> <span class='ocrx_word' id='word_1_671' title='bbox 1669 1767 1754 1786; x_wconf 81' lang='lat' dir='ltr'><strong>nuces</strong></span> 
     </span>
    </p>
   </div>
   <div class='ocr_carea' id='block_1_84' title="bbox 966 1803 1752 1843">
    <p class='ocr_par' dir='ltr' id='par_1_84' title="bbox 966 1803 1752 1843">
     <span class='ocr_line' id='line_1_84' title="bbox 966 1803 1752 1843; baseline -0.006 -8"><span class='ocrx_word' id='word_1_672' title='bbox 966 1807 1163 1843; x_wconf 75' lang='lat' dir='ltr'><strong>amygdalinas,</strong></span> <span class='ocrx_word' id='word_1_673' title='bbox 1177 1811 1204 1833; x_wconf 91' lang='lat' dir='ltr'><strong>et</strong></span> <span class='ocrx_word' id='word_1_674' title='bbox 1219 1811 1261 1834; x_wconf 88' lang='lat' dir='ltr'><strong>est</strong></span> <span class='ocrx_word' id='word_1_675' title='bbox 1290 1805 1502 1833; x_wconf 85' lang='lat' dir='ltr'><strong>resurrectionis</strong></span> <span class='ocrx_word' id='word_1_676' title='bbox 1519 1804 1682 1839; x_wconf 80' lang='lat' dir='ltr'><strong>symbolum.</strong></span> <span class='ocrx_word' id='word_1_677' title='bbox 1699 1803 1752 1831; x_wconf 76' lang='lat' dir='ltr'><strong>llu-</strong></span> 
     </span>
    </p>
   </div>
   <div class='ocr_carea' id='block_1_85' title="bbox 964 1851 1754 1891">
    <p class='ocr_par' dir='ltr' id='par_1_85' title="bbox 964 1851 1754 1891">
     <span class='ocr_line' id='line_1_85' title="bbox 964 1851 1754 1891; baseline -0.008 -8"><span class='ocrx_word' id='word_1_678' title='bbox 964 1856 1010 1891; x_wconf 85' lang='lat' dir='ltr'><strong>jus</strong></span> <span class='ocrx_word' id='word_1_679' title='bbox 1021 1855 1094 1882; x_wconf 90' lang='lat' dir='ltr'><strong>enim</strong></span> <span class='ocrx_word' id='word_1_680' title='bbox 1107 1853 1216 1881; x_wconf 85' lang='lat' dir='ltr'><strong>arboris</strong></span> <span class='ocrx_word' id='word_1_681' title='bbox 1228 1853 1332 1888; x_wconf 74' lang='lat' dir='ltr'><strong>lignum</strong></span> <span class='ocrx_word' id='word_1_682' title='bbox 1344 1860 1472 1879; x_wconf 87' lang='lat' dir='ltr'><strong>somnum</strong></span> <span class='ocrx_word' id='word_1_683' title='bbox 1485 1856 1571 1884; x_wconf 82' lang='lat' dir='ltr'><strong>arcet,</strong></span> <span class='ocrx_word' id='word_1_684' title='bbox 1593 1851 1700 1886; x_wconf 83' lang='lat' dir='ltr'><strong>vigilias</strong></span> <span class='ocrx_word' id='word_1_685' title='bbox 1712 1851 1754 1877; x_wconf 88' lang='lat' dir='ltr'><strong>ef-</strong></span> 
     </span>
    </p>
   </div>
   <div class='ocr_carea' id='block_1_86' title="bbox 967 1896 1755 1932">
    <p class='ocr_par' dir='ltr' id='par_1_86' title="bbox 967 1896 1755 1932">
     <span class='ocr_line' id='line_1_86' title="bbox 967 1896 1755 1932; baseline -0.008 -4"><span class='ocrx_word' id='word_1_686' title='bbox 967 1901 1072 1928; x_wconf 85' lang='lat' dir='ltr'><strong>ﬁciens.</strong></span> <span class='ocrx_word' id='word_1_687' title='bbox 1086 1898 1308 1927; x_wconf 78' lang='lat' dir='ltr'><strong>Resurrectionis</strong></span> <span class='ocrx_word' id='word_1_688' title='bbox 1316 1902 1407 1924; x_wconf 86' lang='lat' dir='ltr'><strong>autem</strong></span> <span class='ocrx_word' id='word_1_689' title='bbox 1416 1897 1578 1932; x_wconf 82' lang='lat' dir='ltr'><strong>mysterium</strong></span> <span class='ocrx_word' id='word_1_690' title='bbox 1590 1897 1617 1923; x_wconf 89' lang='lat' dir='ltr'><strong>in</strong></span> <span class='ocrx_word' id='word_1_691' title='bbox 1625 1896 1755 1923; x_wconf 81' lang='lat' dir='ltr'><strong>Ecclesiis</strong></span> 
     </span>
    </p>
   </div>
   <div class='ocr_carea' id='block_1_87' title="bbox 967 1939 1753 1981">
    <p class='ocr_par' dir='ltr' id='par_1_87' title="bbox 967 1939 1753 1981">
     <span class='ocr_line' id='line_1_87' title="bbox 967 1939 1753 1981; baseline -0.008 -8"><span class='ocrx_word' id='word_1_692' title='bbox 967 1946 1015 1973; x_wconf 87' lang='lat' dir='ltr'><strong>Dei</strong></span> <span class='ocrx_word' id='word_1_693' title='bbox 1029 1945 1176 1981; x_wconf 77' lang='lat' dir='ltr'><strong>gloriosum</strong></span> <span class='ocrx_word' id='word_1_694' title='bbox 1185 1942 1334 1970; x_wconf 84' lang='lat' dir='ltr'><strong>admodum</strong></span> <span class='ocrx_word' id='word_1_695' title='bbox 1347 1946 1399 1969; x_wconf 84' lang='lat' dir='ltr'><strong>est.</strong></span> <span class='ocrx_word' id='word_1_696' title='bbox 1415 1941 1536 1976; x_wconf 85' lang='lat' dir='ltr'><strong>Ideoque</strong></span> <span class='ocrx_word' id='word_1_697' title='bbox 1552 1941 1647 1968; x_wconf 84' lang='lat' dir='ltr'><strong>beatus</strong></span> <span class='ocrx_word' id='word_1_698' title='bbox 1658 1939 1753 1971; x_wconf 66' lang='lat' dir='ltr'><strong>Iacob,</strong></span> 
     </span>
    </p>
   </div>
   <div class='ocr_carea' id='block_1_88' title="bbox 968 1987 1754 2026">
    <p class='ocr_par' dir='ltr' id='par_1_88' title="bbox 968 1987 1754 2026">
     <span class='ocr_line' id='line_1_88' title="bbox 968 1987 1754 2026; baseline -0.009 -7"><span class='ocrx_word' id='word_1_699' title='bbox 968 2000 1030 2019; x_wconf 87' lang='lat' dir='ltr'><strong>eum</strong></span> <span class='ocrx_word' id='word_1_700' title='bbox 1045 1991 1134 2026; x_wconf 86' lang='lat' dir='ltr'><strong>ipsum</strong></span> <span class='ocrx_word' id='word_1_701' title='bbox 1148 1989 1318 2017; x_wconf 87' lang='lat' dir='ltr'><strong>nominasset</strong></span> <span class='ocrx_word' id='word_1_702' title='bbox 1331 1987 1548 2023; x_wconf 77' lang='lat' dir='ltr'><strong>germen,statim</strong></span> <span class='ocrx_word' id='word_1_703' title='bbox 1559 1990 1754 2013; x_wconf 86' lang='lat' dir='ltr'><strong>commemorat</strong></span> 
     </span>
    </p>
   </div>
   <div class='ocr_carea' id='block_1_89' title="bbox 968 2033 1754 2070">
    <p class='ocr_par' dir='ltr' id='par_1_89' title="bbox 968 2033 1754 2070">
     <span class='ocr_line' id='line_1_89' title="bbox 968 2033 1754 2070; baseline -0.011 -4"><span class='ocrx_word' id='word_1_704' title='bbox 968 2044 1068 2066; x_wconf 89' lang='lat' dir='ltr'><strong>statum</strong></span> <span class='ocrx_word' id='word_1_705' title='bbox 1093 2044 1187 2064; x_wconf 91' lang='lat' dir='ltr'><strong>rerum</strong></span> <span class='ocrx_word' id='word_1_706' title='bbox 1208 2035 1255 2070; x_wconf 87' lang='lat' dir='ltr'><strong>qui</strong></span> <span class='ocrx_word' id='word_1_707' title='bbox 1283 2034 1335 2062; x_wconf 85' lang='lat' dir='ltr'><strong>sub</strong></span> <span class='ocrx_word' id='word_1_708' title='bbox 1351 2034 1432 2061; x_wconf 84' lang='lat' dir='ltr'><strong>ﬁnem</strong></span> <span class='ocrx_word' id='word_1_709' title='bbox 1445 2033 1556 2060; x_wconf 88' lang='lat' dir='ltr'><strong>futurus</strong></span> <span class='ocrx_word' id='word_1_710' title='bbox 1576 2035 1647 2063; x_wconf 89' lang='lat' dir='ltr'><strong>erat,</strong></span> <span class='ocrx_word' id='word_1_711' title='bbox 1671 2036 1754 2065; x_wconf 79' lang='lat' dir='ltr'><strong>atque</strong></span> 
     </span>
    </p>
   </div>
   <div class='ocr_carea' id='block_1_90' title="bbox 969 2076 1752 2112">
    <p class='ocr_par' dir='ltr' id='par_1_90' title="bbox 969 2076 1752 2112">
     <span class='ocr_line' id='line_1_90' title="bbox 969 2076 1752 2112; baseline -0.014 0"><span class='ocrx_word' id='word_1_712' title='bbox 969 2085 1007 2112; x_wconf 87' lang='lat' dir='ltr'><strong>ait</strong></span> <span class='ocrx_word' id='word_1_713' title='bbox 1026 2093 1032 2111; x_wconf 91' lang='lat'>:</span> <span class='ocrx_word' id='word_1_714' title='bbox 1056 2093 1065 2110; x_wconf 89' lang='lat'><strong>1</strong></span> <span class='ocrx_word' id='word_1_715' title='bbox 1089 2082 1263 2110; x_wconf 81' lang='lat' dir='ltr'><strong>Recumbens</strong></span> <span class='ocrx_word' id='word_1_716' title='bbox 1285 2078 1441 2107; x_wconf 81' lang='lat' dir='ltr'><strong>dormivisti</strong></span> <span class='ocrx_word' id='word_1_717' title='bbox 1466 2082 1496 2105; x_wconf 91' lang='lat' dir='ltr'><strong>ut</strong></span> <span class='ocrx_word' id='word_1_718' title='bbox 1517 2077 1576 2110; x_wconf 85' lang='lat' dir='ltr'><strong>leo;</strong></span> <span class='ocrx_word' id='word_1_719' title='bbox 1601 2086 1610 2102; x_wconf 75' lang='grc' dir='ltr'><strong>ι</strong></span> <span class='ocrx_word' id='word_1_720' title='bbox 1633 2076 1685 2103; x_wconf 90' lang='lat' dir='ltr'><strong>hoc</strong></span> <span class='ocrx_word' id='word_1_721' title='bbox 1701 2080 1752 2106; x_wconf 84' lang='lat' dir='ltr'><strong>est.</strong></span> 
     </span>
    </p>
   </div>
   <div class='ocr_carea' id='block_1_91' title="bbox 969 2121 1752 2165">
    <p class='ocr_par' dir='ltr' id='par_1_91' title="bbox 969 2121 1752 2165">
     <span class='ocr_line' id='line_1_91' title="bbox 969 2121 1752 2165; baseline -0.014 -7"><span class='ocrx_word' id='word_1_722' title='bbox 969 2139 1023 2158; x_wconf 87' lang='lat' dir='ltr'><strong>non</strong></span> <span class='ocrx_word' id='word_1_723' title='bbox 1042 2134 1140 2165; x_wconf 62' lang='lat' dir='ltr'><strong>praeter</strong></span> <span class='ocrx_word' id='word_1_724' title='bbox 1161 2128 1332 2155; x_wconf 81' lang='lat' dir='ltr'><strong>voluntatem</strong></span> <span class='ocrx_word' id='word_1_725' title='bbox 1356 2123 1513 2153; x_wconf 87' lang='lat' dir='ltr'><strong>sustinuisti</strong></span> <span class='ocrx_word' id='word_1_726' title='bbox 1540 2127 1667 2153; x_wconf 90' lang='lat' dir='ltr'><strong>mortem,</strong></span> <span class='ocrx_word' id='word_1_727' title='bbox 1694 2121 1752 2150; x_wconf 85' lang='lat' dir='ltr'><strong>sed.</strong></span> 
     </span>
    </p>
   </div>
   <div class='ocr_carea' id='block_1_92' title="bbox 968 2169 1750 2207">
    <p class='ocr_par' dir='ltr' id='par_1_92' title="bbox 968 2169 1750 2207">
     <span class='ocr_line' id='line_1_92' title="bbox 968 2169 1750 2207; baseline -0.013 -4"><span class='ocrx_word' id='word_1_728' title='bbox 968 2175 1074 2203; x_wconf 83' lang='lat' dir='ltr'><strong>etiamsi</strong></span> <span class='ocrx_word' id='word_1_729' title='bbox 1086 2174 1214 2202; x_wconf 87' lang='lat' dir='ltr'><strong>omnibus</strong></span> <span class='ocrx_word' id='word_1_730' title='bbox 1224 2177 1256 2200; x_wconf 89' lang='lat' dir='ltr'><strong>ut</strong></span> <span class='ocrx_word' id='word_1_731' title='bbox 1270 2173 1313 2200; x_wconf 90' lang='lat' dir='ltr'><strong>leo</strong></span> <span class='ocrx_word' id='word_1_732' title='bbox 1327 2178 1456 2207; x_wconf 81' lang='lat' dir='ltr'><strong>pavorem</strong></span> <span class='ocrx_word' id='word_1_733' title='bbox 1480 2169 1603 2196; x_wconf 88' lang='lat' dir='ltr'><strong>incutere</strong></span> <span class='ocrx_word' id='word_1_734' title='bbox 1625 2171 1714 2202; x_wconf 80' lang='lat' dir='ltr'><strong>potes,</strong></span> <span class='ocrx_word' id='word_1_735' title='bbox 1726 2170 1750 2193; x_wconf 88' lang='lat' dir='ltr'><strong>et</strong></span> 
     </span>
    </p>
   </div>
   <div class='ocr_carea' id='block_1_93' title="bbox 969 2213 1753 2252">
    <p class='ocr_par' dir='ltr' id='par_1_93' title="bbox 969 2213 1753 2252">
     <span class='ocr_line' id='line_1_93' title="bbox 969 2213 1753 2252; baseline -0.011 -3"><span class='ocrx_word' id='word_1_736' title='bbox 969 2226 1130 2249; x_wconf 81' lang='lat' dir='ltr'><strong>venatorum</strong></span> <span class='ocrx_word' id='word_1_737' title='bbox 1143 2227 1241 2247; x_wconf 87' lang='lat' dir='ltr'><strong>manus</strong></span> <span class='ocrx_word' id='word_1_738' title='bbox 1252 2217 1452 2252; x_wconf 74' lang='lat' dir='ltr'><strong>subterfugere,</strong></span> <span class='ocrx_word' id='word_1_739' title='bbox 1467 2220 1513 2243; x_wconf 89' lang='lat' dir='ltr'><strong>tua</strong></span> <span class='ocrx_word' id='word_1_740' title='bbox 1523 2218 1621 2250; x_wconf 89' lang='lat' dir='ltr'><strong>sponte</strong></span> <span class='ocrx_word' id='word_1_741' title='bbox 1645 2218 1672 2241; x_wconf 86' lang='lat' dir='ltr'><strong>te</strong></span> <span class='ocrx_word' id='word_1_742' title='bbox 1687 2213 1753 2241; x_wconf 86' lang='lat' dir='ltr'><strong>sub—</strong></span> 
     </span>
    </p>
   </div>
   <div class='ocr_carea' id='block_1_94' title="bbox 129 2259 914 2311">
    <p class='ocr_par' dir='ltr' id='par_1_94' title="bbox 129 2267 914 2311">
     <span class='ocr_line' id='line_1_94' title="bbox 129 2267 914 2311; baseline -0.013 -7"><span class='ocrx_word' id='word_1_743' title='bbox 129 2276 250 2311; x_wconf 81' lang='grc' dir='ltr'>πτοῆσαι</span> <span class='ocrx_word' id='word_1_744' title='bbox 263 2274 423 2310; x_wconf 83' lang='grc' dir='ltr'>δυνάμενος,</span> <span class='ocrx_word' id='word_1_745' title='bbox 431 2273 479 2299; x_wconf 72' lang='grc' dir='ltr'>καὶ</span> <span class='ocrx_word' id='word_1_746' title='bbox 494 2272 544 2307; x_wconf 85' lang='grc' dir='ltr'>τῆς</span> <span class='ocrx_word' id='word_1_747' title='bbox 557 2271 610 2298; x_wconf 86' lang='grc' dir='ltr'>τῶν</span> <span class='ocrx_word' id='word_1_748' title='bbox 623 2270 793 2307; x_wconf 86' lang='grc' dir='ltr'>θηρευόντων</span> <span class='ocrx_word' id='word_1_749' title='bbox 809 2267 914 2295; x_wconf 76' lang='grc' dir='ltr'>ἐκδῦναι</span> 
     </span>
    </p>
   </div>
   <div class='ocr_carea' id='block_1_95' title="bbox 966 2259 1753 2311">
    <p class='ocr_par' dir='ltr' id='par_1_95' title="bbox 971 2259 1753 2301">
     <span class='ocr_line' id='line_1_95' title="bbox 971 2259 1753 2301; baseline -0.012 -7"><span class='ocrx_word' id='word_1_750' title='bbox 971 2267 1087 2294; x_wconf 85' lang='lat' dir='ltr'><strong>misisti:</strong></span> <span class='ocrx_word' id='word_1_751' title='bbox 1101 2273 1191 2301; x_wconf 89' lang='lat' dir='ltr'><strong>neque</strong></span> <span class='ocrx_word' id='word_1_752' title='bbox 1199 2268 1230 2291; x_wconf 90' lang='lat' dir='ltr'><strong>ut</strong></span> <span class='ocrx_word' id='word_1_753' title='bbox 1240 2263 1259 2291; x_wconf 84' lang='lat' dir='ltr'><strong>ii</strong></span> <span class='ocrx_word' id='word_1_754' title='bbox 1271 2264 1318 2299; x_wconf 87' lang='lat' dir='ltr'><strong>qui</strong></span> <span class='ocrx_word' id='word_1_755' title='bbox 1332 2267 1357 2291; x_wconf 86' lang='lat' dir='ltr'><strong>te</strong></span> <span class='ocrx_word' id='word_1_756' title='bbox 1372 2261 1568 2290; x_wconf 74' lang='lat' dir='ltr'><strong>crucifixerunt</strong></span> <span class='ocrx_word' id='word_1_757' title='bbox 1587 2259 1753 2295; x_wconf 73' lang='lat' dir='ltr'><strong>cogitabant,</strong></span> 
     </span>
    </p>
   </div>
   <div class='ocr_carea' id='block_1_96' title="bbox 130 2318 920 2362">
    <p class='ocr_par' dir='ltr' id='par_1_96' title="bbox 130 2318 920 2362">
     <span class='ocr_line' id='line_1_96' title="bbox 130 2318 920 2362; baseline -0.01 -9"><span class='ocrx_word' id='word_1_758' title='bbox 130 2326 233 2362; x_wconf 75' lang='grc' dir='ltr'>χειρὸς,</span> <span class='ocrx_word' id='word_1_759' title='bbox 250 2323 390 2359; x_wconf 74' lang='grc' dir='ltr'>ἐθελοντὴς</span> <span class='ocrx_word' id='word_1_760' title='bbox 409 2323 564 2358; x_wconf 82' lang='grc' dir='ltr'>ἀνεκλίοης,</span> <span class='ocrx_word' id='word_1_761' title='bbox 580 2321 627 2349; x_wconf 75' lang='grc' dir='ltr'>καὶ</span> <span class='ocrx_word' id='word_1_762' title='bbox 640 2321 679 2353; x_wconf 82' lang='grc' dir='ltr'>οὐ,</span> <span class='ocrx_word' id='word_1_763' title='bbox 694 2320 819 2354; x_wconf 83' lang='grc' dir='ltr'>καθάπερ</span> <span class='ocrx_word' id='word_1_764' title='bbox 829 2318 920 2355; x_wconf 84' lang='grc' dir='ltr'><strong>ᾠήθη-</strong></span> 
     </span>
    </p>
   </div>
   <div class='ocr_carea' id='block_1_97' title="bbox 131 2369 919 2411">
    <p class='ocr_par' dir='ltr' id='par_1_97' title="bbox 131 2369 919 2411">
     <span class='ocr_line' id='line_1_97' title="bbox 131 2369 919 2411; baseline -0.013 -6"><span class='ocrx_word' id='word_1_765' title='bbox 131 2388 181 2406; x_wconf 87' lang='grc' dir='ltr'><strong>σαν</strong></span> <span class='ocrx_word' id='word_1_766' title='bbox 210 2378 235 2404; x_wconf 79' lang='lat' dir='ltr'><strong>ot</strong></span> <span class='ocrx_word' id='word_1_767' title='bbox 259 2375 391 2411; x_wconf 86' lang='grc' dir='ltr'>σταυροῦν</span> <span class='ocrx_word' id='word_1_768' title='bbox 403 2374 548 2410; x_wconf 78' lang='grc' dir='ltr'>ᾑρημένοι,</span> <span class='ocrx_word' id='word_1_769' title='bbox 570 2373 678 2408; x_wconf 83' lang='grc' dir='ltr'>θανάτῳ</span> <span class='ocrx_word' id='word_1_770' title='bbox 704 2369 919 2406; x_wconf 84' lang='grc' dir='ltr'>κατισχημένος,</span> 
     </span>
    </p>
   </div>
   <div class='ocr_carea' id='block_1_98' title="bbox 131 2421 918 2461">
    <p class='ocr_par' dir='ltr' id='par_1_98' title="bbox 131 2421 918 2461">
     <span class='ocr_line' id='line_1_98' title="bbox 131 2421 918 2461; baseline -0.01 -6"><span class='ocrx_word' id='word_1_771' title='bbox 131 2427 189 2456; x_wconf 77' lang='grc' dir='ltr'>ἀλλ’</span> <span class='ocrx_word' id='word_1_772' title='bbox 209 2424 266 2454; x_wconf 71' lang='grc' dir='ltr'>οἷον</span> <span class='ocrx_word' id='word_1_773' title='bbox 282 2425 358 2461; x_wconf 79' lang='grc' dir='ltr'>ὕπνῳ</span> <span class='ocrx_word' id='word_1_774' title='bbox 374 2425 556 2461; x_wconf 84' lang='grc' dir='ltr'>χρησάμενος,</span> <span class='ocrx_word' id='word_1_775' title='bbox 576 2423 623 2450; x_wconf 74' lang='grc' dir='ltr'>καὶ</span> <span class='ocrx_word' id='word_1_776' title='bbox 643 2421 806 2457; x_wconf 82' lang='grc' dir='ltr'>καταμύσας</span> <span class='ocrx_word' id='word_1_777' title='bbox 820 2421 918 2457; x_wconf 85' lang='grc' dir='ltr'>βραχύ.</span> 
     </span>
    </p>
   </div>
   <div class='ocr_carea' id='block_1_99' title="bbox 131 2471 921 2511">
    <p class='ocr_par' dir='ltr' id='par_1_99' title="bbox 131 2471 921 2511">
     <span class='ocr_line' id='line_1_99' title="bbox 131 2471 921 2511; baseline -0.011 -5"><span class='ocrx_word' id='word_1_778' title='bbox 131 2479 180 2510; x_wconf 87' lang='grc' dir='ltr'>Τίς</span> <span class='ocrx_word' id='word_1_779' title='bbox 190 2475 238 2505; x_wconf 79' lang='grc' dir='ltr'>οὖν</span> <span class='ocrx_word' id='word_1_780' title='bbox 247 2476 328 2504; x_wconf 78' lang='grc' dir='ltr'>αὑτὸν</span> <span class='ocrx_word' id='word_1_781' title='bbox 338 2476 444 2511; x_wconf 82' lang='grc' dir='ltr'>ὲγερεῖ;</span> <span class='ocrx_word' id='word_1_782' title='bbox 454 2473 530 2510; x_wconf 69' lang='grc' dir='ltr'>φησί,</span> <span class='ocrx_word' id='word_1_783' title='bbox 544 2474 658 2509; x_wconf 81' lang='grc' dir='ltr'>Ὅμοιον</span> <span class='ocrx_word' id='word_1_784' title='bbox 674 2473 710 2503; x_wconf 82' lang='grc' dir='ltr'>ὡς</span> <span class='ocrx_word' id='word_1_785' title='bbox 725 2472 749 2498; x_wconf 85' lang='grc' dir='ltr'><strong>εί</strong></span> <span class='ocrx_word' id='word_1_786' title='bbox 762 2471 846 2505; x_wconf 80' lang='grc' dir='ltr'>λέγοι,</span> <span class='ocrx_word' id='word_1_787' title='bbox 856 2479 921 2498; x_wconf 76' lang='grc' dir='ltr'>κατ-</span> 
     </span>
    </p>
   </div>
   <div class='ocr_carea' id='block_1_100' title="bbox 131 2523 922 2566">
    <p class='ocr_par' dir='ltr' id='par_1_100' title="bbox 131 2523 922 2566">
     <span class='ocr_line' id='line_1_100' title="bbox 131 2523 922 2566; baseline -0.014 -7"><span class='ocrx_word' id='word_1_788' title='bbox 131 2531 228 2566; x_wconf 82' lang='grc' dir='ltr'>εκλίθη</span> <span class='ocrx_word' id='word_1_789' title='bbox 248 2530 297 2566; x_wconf 80' lang='grc' dir='ltr'>μὲν</span> <span class='ocrx_word' id='word_1_790' title='bbox 314 2527 396 2561; x_wconf 78' lang='grc' dir='ltr'>ἑκὼν,</span> <span class='ocrx_word' id='word_1_791' title='bbox 411 2525 479 2561; x_wconf 80' lang='grc' dir='ltr'>πλὴν</span> <span class='ocrx_word' id='word_1_792' title='bbox 492 2525 522 2551; x_wconf 79' lang='grc' dir='ltr'>οὐ</span> <span class='ocrx_word' id='word_1_793' title='bbox 539 2526 587 2559; x_wconf 87' lang='grc' dir='ltr'><strong>τῆς</strong></span> <span class='ocrx_word' id='word_1_794' title='bbox 603 2523 668 2559; x_wconf 83' lang='grc' dir='ltr'>παρ’</span> <span class='ocrx_word' id='word_1_795' title='bbox 681 2523 776 2558; x_wconf 82' lang='grc' dir='ltr'>ἑτέρου</span> <span class='ocrx_word' id='word_1_796' title='bbox 796 2523 922 2558; x_wconf 77' lang='grc' dir='ltr'>δεήσεται</span> 
     </span>
    </p>
   </div>
   <div class='ocr_carea' id='block_1_101' title="bbox 133 2573 922 2616">
    <p class='ocr_par' dir='ltr' id='par_1_101' title="bbox 133 2573 922 2616">
     <span class='ocr_line' id='line_1_101' title="bbox 133 2573 922 2616; baseline -0.013 -8"><span class='ocrx_word' id='word_1_797' title='bbox 133 2579 281 2616; x_wconf 84' lang='grc' dir='ltr'>συνεργίας</span> <span class='ocrx_word' id='word_1_798' title='bbox 303 2579 343 2611; x_wconf 85' lang='grc' dir='ltr'>εἰς</span> <span class='ocrx_word' id='word_1_799' title='bbox 358 2577 517 2605; x_wconf 80' lang='grc' dir='ltr'>ἀνάστασιν.</span> <span class='ocrx_word' id='word_1_800' title='bbox 543 2573 688 2609; x_wconf 84' lang='grc' dir='ltr'>Ποιναλκὴς</span> <span class='ocrx_word' id='word_1_801' title='bbox 708 2574 763 2609; x_wconf 84' lang='grc' dir='ltr'><strong>γὰρ</strong></span> <span class='ocrx_word' id='word_1_802' title='bbox 783 2573 864 2605; x_wconf 82' lang='grc' dir='ltr'>αὐτὸς</span> <span class='ocrx_word' id='word_1_803' title='bbox 885 2573 922 2604; x_wconf 82' lang='grc' dir='ltr'>ὡς</span> 
     </span>
    </p>
   </div>
   <div class='ocr_carea' id='block_1_102' title="bbox 133 2621 923 2664">
    <p class='ocr_par' dir='ltr' id='par_1_102' title="bbox 133 2621 923 2664">
     <span class='ocr_line' id='line_1_102' title="bbox 133 2621 923 2664; baseline -0.01 -8"><span class='ocrx_word' id='word_1_804' title='bbox 133 2630 248 2664; x_wconf 75' lang='grc' dir='ltr'>δύναμις</span> <span class='ocrx_word' id='word_1_805' title='bbox 266 2628 312 2655; x_wconf 87' lang='grc' dir='ltr'><strong>τοῦ</strong></span> <span class='ocrx_word' id='word_1_806' title='bbox 332 2627 440 2663; x_wconf 82' lang='grc' dir='ltr'>Πατρός</span> <span class='ocrx_word' id='word_1_807' title='bbox 449 2636 455 2642; x_wconf 82' lang='lat'><strong><em>&#39;</em></strong></span> <span class='ocrx_word' id='word_1_808' title='bbox 474 2628 523 2654; x_wconf 77' lang='grc' dir='ltr'>καὶ</span> <span class='ocrx_word' id='word_1_809' title='bbox 536 2627 587 2653; x_wconf 84' lang='grc' dir='ltr'>οὐκ</span> <span class='ocrx_word' id='word_1_810' title='bbox 600 2624 736 2656; x_wconf 81' lang='grc' dir='ltr'>ἀνικάνως</span> <span class='ocrx_word' id='word_1_811' title='bbox 750 2623 830 2659; x_wconf 76' lang='grc' dir='ltr'>έχων,</span> <span class='ocrx_word' id='word_1_812' title='bbox 841 2621 881 2654; x_wconf 79' lang='grc' dir='ltr'>εἷς</span> <span class='ocrx_word' id='word_1_813' title='bbox 891 2631 923 2656; x_wconf 83' lang='grc' dir='ltr'><strong>γε</strong></span> 
     </span>
    </p>
   </div>
   <div class='ocr_carea' id='block_1_103' title="bbox 134 2673 923 2714">
    <p class='ocr_par' dir='ltr' id='par_1_103' title="bbox 134 2673 923 2714">
     <span class='ocr_line' id='line_1_103' title="bbox 134 2673 923 2714; baseline -0.009 -8"><span class='ocrx_word' id='word_1_814' title='bbox 134 2680 164 2707; x_wconf 73' lang='grc' dir='ltr'>τὸ</span> <span class='ocrx_word' id='word_1_815' title='bbox 173 2679 317 2713; x_wconf 74' lang='grc' dir='ltr'>δύνασθαι,</span> <span class='ocrx_word' id='word_1_816' title='bbox 330 2679 379 2706; x_wconf 73' lang='grc' dir='ltr'>καὶ</span> <span class='ocrx_word' id='word_1_817' title='bbox 389 2678 461 2714; x_wconf 78' lang='grc' dir='ltr'>μάλα</span> <span class='ocrx_word' id='word_1_818' title='bbox 471 2677 581 2713; x_wconf 74' lang='grc' dir='ltr'>ῥᾳδίως,</span> <span class='ocrx_word' id='word_1_819' title='bbox 589 2676 635 2703; x_wconf 82' lang='grc' dir='ltr'><strong>τὸν</strong></span> <span class='ocrx_word' id='word_1_820' title='bbox 645 2673 742 2703; x_wconf 78' lang='grc' dir='ltr'>ἑαυτοῦ</span> <span class='ocrx_word' id='word_1_821' title='bbox 758 2673 923 2708; x_wconf 79' lang='grc' dir='ltr'>ζωοποιῆσαι</span> 
     </span>
    </p>
   </div>
   <div class='ocr_carea' id='block_1_104' title="bbox 135 2723 922 2763">
    <p class='ocr_par' dir='ltr' id='par_1_104' title="bbox 135 2723 922 2763">
     <span class='ocr_line' id='line_1_104' title="bbox 135 2723 922 2763; baseline -0.009 -6"><span class='ocrx_word' id='word_1_822' title='bbox 135 2731 209 2758; x_wconf 79' lang='grc' dir='ltr'>ναόν.</span> <span class='ocrx_word' id='word_1_823' title='bbox 235 2731 320 2758; x_wconf 85' lang='grc' dir='ltr'>Τοῦτό</span> <span class='ocrx_word' id='word_1_824' title='bbox 338 2739 380 2757; x_wconf 88' lang='grc' dir='ltr'><strong>τοι</strong></span> <span class='ocrx_word' id='word_1_825' title='bbox 395 2731 443 2758; x_wconf 70' lang='grc' dir='ltr'>καὶ</span> <span class='ocrx_word' id='word_1_826' title='bbox 459 2729 576 2763; x_wconf 72' lang='grc' dir='ltr'>ἔφασκεν</span> <span class='ocrx_word' id='word_1_827' title='bbox 600 2726 735 2758; x_wconf 79' lang='grc' dir='ltr'>Ἰουδαίοις</span> <span class='ocrx_word' id='word_1_828' title='bbox 753 2723 922 2761; x_wconf 83' lang='grc' dir='ltr'>προσλαλῶν·</span> 
     </span>
    </p>
   </div>
   <div class='ocr_carea' id='block_1_105' title="bbox 138 2776 925 2813">
    <p class='ocr_par' dir='ltr' id='par_1_105' title="bbox 138 2776 925 2813">
     <span class='ocr_line' id='line_1_105' title="bbox 138 2776 925 2813; baseline -0.009 -5"><span class='ocrx_word' id='word_1_829' title='bbox 138 2791 147 2807; x_wconf 90' lang='lat'><strong>1</strong></span> <span class='ocrx_word' id='word_1_830' title='bbox 168 2780 275 2809; x_wconf 83' lang='grc' dir='ltr'>Λύσατε</span> <span class='ocrx_word' id='word_1_831' title='bbox 294 2782 340 2808; x_wconf 74' lang='grc' dir='ltr'>τὸν</span> <span class='ocrx_word' id='word_1_832' title='bbox 362 2781 423 2809; x_wconf 77' lang='grc' dir='ltr'>ναὸν</span> <span class='ocrx_word' id='word_1_833' title='bbox 445 2779 551 2811; x_wconf 81' lang='grc' dir='ltr'>τοῦτον,</span> <span class='ocrx_word' id='word_1_834' title='bbox 573 2778 621 2806; x_wconf 81' lang='grc' dir='ltr'>καὶ</span> <span class='ocrx_word' id='word_1_835' title='bbox 646 2779 675 2805; x_wconf 81' lang='grc' dir='ltr'>ὲν</span> <span class='ocrx_word' id='word_1_836' title='bbox 694 2777 783 2813; x_wconf 73' lang='grc' dir='ltr'>τρισὶν</span> <span class='ocrx_word' id='word_1_837' title='bbox 808 2776 925 2812; x_wconf 80' lang='grc' dir='ltr'>ἡμέραις</span> 
     </span>
    </p>
   </div>
   <div class='ocr_carea' id='block_1_106' title="bbox 972 2307 1754 2342">
    <p class='ocr_par' dir='ltr' id='par_1_106' title="bbox 972 2307 1754 2342">
     <span class='ocr_line' id='line_1_106' title="bbox 972 2307 1754 2342; baseline -0.013 -1"><span class='ocrx_word' id='word_1_838' title='bbox 972 2313 1070 2341; x_wconf 89' lang='lat' dir='ltr'><strong>mortis</strong></span> <span class='ocrx_word' id='word_1_839' title='bbox 1082 2312 1200 2339; x_wconf 88' lang='lat' dir='ltr'><strong>vinculis</strong></span> <span class='ocrx_word' id='word_1_840' title='bbox 1228 2311 1373 2342; x_wconf 90' lang='lat' dir='ltr'><strong>detentus;</strong></span> <span class='ocrx_word' id='word_1_841' title='bbox 1401 2307 1449 2336; x_wconf 86' lang='lat' dir='ltr'><strong>sed</strong></span> <span class='ocrx_word' id='word_1_842' title='bbox 1464 2307 1547 2334; x_wconf 89' lang='lat' dir='ltr'><strong>veluti</strong></span> <span class='ocrx_word' id='word_1_843' title='bbox 1563 2313 1659 2333; x_wconf 85' lang='lat' dir='ltr'><strong>somno</strong></span> <span class='ocrx_word' id='word_1_844' title='bbox 1679 2313 1754 2335; x_wconf 81' lang='lat' dir='ltr'><strong>usus.</strong></span> 
     </span>
    </p>
   </div>
   <div class='ocr_carea' id='block_1_107' title="bbox 972 2350 1756 2394">
    <p class='ocr_par' dir='ltr' id='par_1_107' title="bbox 972 2350 1756 2394">
     <span class='ocr_line' id='line_1_107' title="bbox 972 2350 1756 2394; baseline -0.014 -7"><span class='ocrx_word' id='word_1_845' title='bbox 972 2363 1054 2394; x_wconf 82' lang='lat' dir='ltr'><strong>atque</strong></span> <span class='ocrx_word' id='word_1_846' title='bbox 1067 2358 1166 2393; x_wconf 79' lang='lat' dir='ltr'><strong>exiguo</strong></span> <span class='ocrx_word' id='word_1_847' title='bbox 1181 2356 1312 2391; x_wconf 89' lang='lat' dir='ltr'><strong>temporis</strong></span> <span class='ocrx_word' id='word_1_848' title='bbox 1324 2354 1413 2390; x_wconf 84' lang='lat' dir='ltr'><strong>spatio</strong></span> <span class='ocrx_word' id='word_1_849' title='bbox 1435 2353 1563 2380; x_wconf 83' lang='lat' dir='ltr'><strong>occlusus</strong></span> <span class='ocrx_word' id='word_1_850' title='bbox 1578 2351 1664 2378; x_wconf 85' lang='lat' dir='ltr'><strong>fuisti.</strong></span> <span class='ocrx_word' id='word_1_851' title='bbox 1690 2350 1756 2383; x_wconf 82' lang='lat' dir='ltr'><strong>Quis</strong></span> 
     </span>
    </p>
   </div>
   <div class='ocr_carea' id='block_1_108' title="bbox 972 2397 1755 2442">
    <p class='ocr_par' dir='ltr' id='par_1_108' title="bbox 972 2397 1755 2442">
     <span class='ocr_line' id='line_1_108' title="bbox 972 2397 1755 2442; baseline -0.014 -9"><span class='ocrx_word' id='word_1_852' title='bbox 972 2406 1056 2442; x_wconf 75' lang='lat' dir='ltr'><strong>igitur</strong></span> <span class='ocrx_word' id='word_1_853' title='bbox 1069 2405 1160 2439; x_wconf 80' lang='lat' dir='ltr'><strong>ipsum</strong></span> <span class='ocrx_word' id='word_1_854' title='bbox 1171 2401 1323 2430; x_wconf 82' lang='lat' dir='ltr'><strong>excitabit?</strong></span> <span class='ocrx_word' id='word_1_855' title='bbox 1337 2400 1442 2435; x_wconf 87' lang='lat' dir='ltr'><strong>inquit;</strong></span> <span class='ocrx_word' id='word_1_856' title='bbox 1455 2398 1532 2434; x_wconf 88' lang='lat' dir='ltr'><strong>quasi</strong></span> <span class='ocrx_word' id='word_1_857' title='bbox 1552 2398 1642 2424; x_wconf 88' lang='lat' dir='ltr'><strong>dicat:</strong></span> <span class='ocrx_word' id='word_1_858' title='bbox 1667 2397 1755 2424; x_wconf 82' lang='lat' dir='ltr'><strong>Decu-</strong></span> 
     </span>
    </p>
   </div>
   <div class='ocr_carea' id='block_1_109' title="bbox 974 2442 1752 2486">
    <p class='ocr_par' dir='ltr' id='par_1_109' title="bbox 974 2442 1752 2486">
     <span class='ocr_line' id='line_1_109' title="bbox 974 2442 1752 2486; baseline -0.014 -7"><span class='ocrx_word' id='word_1_859' title='bbox 974 2452 1035 2479; x_wconf 82' lang='lat' dir='ltr'><strong>lmit</strong></span> <span class='ocrx_word' id='word_1_860' title='bbox 1050 2450 1160 2486; x_wconf 91' lang='lat' dir='ltr'><strong>quidem</strong></span> <span class='ocrx_word' id='word_1_861' title='bbox 1168 2449 1273 2479; x_wconf 86' lang='lat' dir='ltr'><strong>volens,</strong></span> <span class='ocrx_word' id='word_1_862' title='bbox 1290 2448 1326 2474; x_wconf 82' lang='lat' dir='ltr'><strong>ita</strong></span> <span class='ocrx_word' id='word_1_863' title='bbox 1343 2451 1434 2473; x_wconf 88' lang='lat' dir='ltr'><strong>tamen</strong></span> <span class='ocrx_word' id='word_1_864' title='bbox 1444 2449 1474 2472; x_wconf 87' lang='lat' dir='ltr'><strong>ut</strong></span> <span class='ocrx_word' id='word_1_865' title='bbox 1492 2443 1597 2471; x_wconf 90' lang='lat' dir='ltr'><strong>nullius</strong></span> <span class='ocrx_word' id='word_1_866' title='bbox 1610 2450 1692 2477; x_wconf 88' lang='lat' dir='ltr'><strong>opera</strong></span> <span class='ocrx_word' id='word_1_867' title='bbox 1713 2442 1752 2468; x_wconf 85' lang='lat' dir='ltr'><strong>in-</strong></span> 
     </span>
    </p>
   </div>
   <div class='ocr_carea' id='block_1_110' title="bbox 975 2487 1755 2535">
    <p class='ocr_par' dir='ltr' id='par_1_110' title="bbox 975 2487 1755 2535">
     <span class='ocr_line' id='line_1_110' title="bbox 975 2487 1755 2535; baseline -0.015 -10"><span class='ocrx_word' id='word_1_868' title='bbox 975 2498 1082 2534; x_wconf 78' lang='lat' dir='ltr'><strong>digeret</strong></span> <span class='ocrx_word' id='word_1_869' title='bbox 1092 2495 1126 2523; x_wconf 88' lang='lat' dir='ltr'><strong>ad</strong></span> <span class='ocrx_word' id='word_1_870' title='bbox 1142 2492 1342 2528; x_wconf 81' lang='lat' dir='ltr'><strong>resurgendum</strong></span> <span class='ocrx_word' id='word_1_871' title='bbox 1362 2490 1494 2535; x_wconf 71' lang='lat' dir='ltr'><strong>:_quippe</strong></span> <span class='ocrx_word' id='word_1_872' title='bbox 1519 2488 1566 2524; x_wconf 86' lang='lat' dir='ltr'><strong>qui</strong></span> <span class='ocrx_word' id='word_1_873' title='bbox 1597 2487 1625 2514; x_wconf 81' lang='lat' dir='ltr'><strong>in</strong></span> <span class='ocrx_word' id='word_1_874' title='bbox 1637 2495 1666 2514; x_wconf 88' lang='lat' dir='ltr'><strong>se</strong></span> <span class='ocrx_word' id='word_1_875' title='bbox 1676 2494 1755 2514; x_wconf 69' lang='lat' dir='ltr'><strong>omne</strong></span> 
     </span>
    </p>
   </div>
   <div class='ocr_carea' id='block_1_111' title="bbox 977 2532 1754 2572">
    <p class='ocr_par' dir='ltr' id='par_1_111' title="bbox 977 2532 1754 2572">
     <span class='ocr_line' id='line_1_111' title="bbox 977 2532 1754 2572; baseline -0.017 -1"><span class='ocrx_word' id='word_1_876' title='bbox 977 2532 1061 2571; x_wconf 80' lang='lat' dir='ltr'><strong>robur</strong></span> <span class='ocrx_word' id='word_1_877' title='bbox 1093 2540 1242 2570; x_wconf 86' lang='lat' dir='ltr'><strong>contineat,</strong></span> <span class='ocrx_word' id='word_1_878' title='bbox 1270 2532 1399 2572; x_wconf 78' lang='lat' dir='ltr'><strong>tanquam</strong></span> <span class='ocrx_word' id='word_1_879' title='bbox 1426 2535 1474 2563; x_wconf 90' lang='lat' dir='ltr'><strong>Dei</strong></span> <span class='ocrx_word' id='word_1_880' title='bbox 1509 2534 1597 2562; x_wconf 83' lang='lat' dir='ltr'><strong>Patris</strong></span> <span class='ocrx_word' id='word_1_881' title='bbox 1618 2532 1754 2568; x_wconf 89' lang='lat' dir='ltr'><strong>potentia:</strong></span> 
     </span>
    </p>
   </div>
   <div class='ocr_carea' id='block_1_112' title="bbox 977 2579 1755 2624">
    <p class='ocr_par' dir='ltr' id='par_1_112' title="bbox 977 2579 1755 2624">
     <span class='ocr_line' id='line_1_112' title="bbox 977 2579 1755 2624; baseline -0.017 -7"><span class='ocrx_word' id='word_1_882' title='bbox 977 2597 1065 2624; x_wconf 88' lang='lat' dir='ltr'><strong>neque</strong></span> <span class='ocrx_word' id='word_1_883' title='bbox 1087 2587 1236 2623; x_wconf 88' lang='lat' dir='ltr'><strong>quidquam</strong></span> <span class='ocrx_word' id='word_1_884' title='bbox 1265 2584 1294 2611; x_wconf 90' lang='lat' dir='ltr'><strong>in</strong></span> <span class='ocrx_word' id='word_1_885' title='bbox 1315 2583 1374 2618; x_wconf 89' lang='lat' dir='ltr'><strong>ipso</strong></span> <span class='ocrx_word' id='word_1_886' title='bbox 1399 2581 1587 2612; x_wconf 83' lang='lat' dir='ltr'><strong>desideratur,</strong></span> <span class='ocrx_word' id='word_1_887' title='bbox 1610 2579 1755 2614; x_wconf 83' lang='lat' dir='ltr'><strong>quominus</strong></span> 
     </span>
    </p>
   </div>
   <div class='ocr_carea' id='block_1_113' title="bbox 973 2623 1756 2671">
    <p class='ocr_par' dir='ltr' id='par_1_113' title="bbox 973 2623 1756 2671">
     <span class='ocr_line' id='line_1_113' title="bbox 973 2623 1756 2671; baseline -0.018 -8"><span class='ocrx_word' id='word_1_888' title='bbox 973 2623 1069 2671; x_wconf 79' lang='lat' dir='ltr'><strong>possit,</strong></span> <span class='ocrx_word' id='word_1_889' title='bbox 1090 2638 1118 2661; x_wconf 88' lang='lat' dir='ltr'><strong>et</strong></span> <span class='ocrx_word' id='word_1_890' title='bbox 1142 2631 1253 2667; x_wconf 88' lang='lat' dir='ltr'><strong>quidem</strong></span> <span class='ocrx_word' id='word_1_891' title='bbox 1283 2629 1363 2657; x_wconf 81' lang='lat' dir='ltr'><strong>facile</strong></span> <span class='ocrx_word' id='word_1_892' title='bbox 1380 2627 1539 2659; x_wconf 86' lang='lat' dir='ltr'><strong>admodum,</strong></span> <span class='ocrx_word' id='word_1_893' title='bbox 1562 2632 1642 2653; x_wconf 91' lang='lat' dir='ltr'><strong>suum</strong></span> <span class='ocrx_word' id='word_1_894' title='bbox 1672 2623 1756 2658; x_wconf 78' lang='lat' dir='ltr'><strong>ipsius</strong></span> 
     </span>
    </p>
   </div>
   <div class='ocr_carea' id='block_1_114' title="bbox 975 2670 1779 2717">
    <p class='ocr_par' dir='ltr' id='par_1_114' title="bbox 975 2670 1779 2717">
     <span class='ocr_line' id='line_1_114' title="bbox 975 2670 1779 2717; baseline -0.019 -7"><span class='ocrx_word' id='word_1_895' title='bbox 975 2670 1105 2717; x_wconf 82' lang='lat' dir='ltr'><strong>templum</strong></span> <span class='ocrx_word' id='word_1_896' title='bbox 1131 2677 1279 2706; x_wconf 79' lang='lat' dir='ltr'><strong>viviﬁcare.</strong></span> <span class='ocrx_word' id='word_1_897' title='bbox 1312 2675 1416 2704; x_wconf 87' lang='lat' dir='ltr'><strong>Idcirco</strong></span> <span class='ocrx_word' id='word_1_898' title='bbox 1442 2674 1552 2702; x_wconf 87' lang='lat' dir='ltr'><strong>dicebat</strong></span> <span class='ocrx_word' id='word_1_899' title='bbox 1573 2671 1607 2699; x_wconf 87' lang='lat' dir='ltr'><strong>ad</strong></span> <span class='ocrx_word' id='word_1_900' title='bbox 1632 2670 1756 2713; x_wconf 57' lang='lat' dir='ltr'><strong>Iudaeos:</strong></span> <span class='ocrx_word' id='word_1_901' title='bbox 1776 2689 1779 2691; x_wconf 87' lang='grc'><strong>-</strong></span> 
     </span>
    </p>
   </div>
   <div class='ocr_carea' id='block_1_115' title="bbox 978 2715 1757 2762">
    <p class='ocr_par' dir='ltr' id='par_1_115' title="bbox 978 2715 1757 2762">
     <span class='ocr_line' id='line_1_115' title="bbox 978 2715 1757 2762; baseline -0.021 -5"><span class='ocrx_word' id='word_1_902' title='bbox 978 2715 1098 2757; x_wconf 73' lang='lat' dir='ltr'><strong>csolvite</strong></span> <span class='ocrx_word' id='word_1_903' title='bbox 1115 2726 1246 2760; x_wconf 86' lang='lat' dir='ltr'><strong>templum</strong></span> <span class='ocrx_word' id='word_1_904' title='bbox 1260 2724 1321 2756; x_wconf 81' lang='lat' dir='ltr'><strong>hoc,</strong></span> <span class='ocrx_word' id='word_1_905' title='bbox 1336 2725 1365 2750; x_wconf 89' lang='lat' dir='ltr'><strong>et</strong></span> <span class='ocrx_word' id='word_1_906' title='bbox 1377 2722 1405 2750; x_wconf 93' lang='lat' dir='ltr'><strong>in</strong></span> <span class='ocrx_word' id='word_1_907' title='bbox 1417 2721 1506 2749; x_wconf 85' lang='lat' dir='ltr'><strong>tribus</strong></span> <span class='ocrx_word' id='word_1_908' title='bbox 1517 2719 1615 2747; x_wconf 88' lang='lat' dir='ltr'><strong>diebus</strong></span> <span class='ocrx_word' id='word_1_909' title='bbox 1633 2715 1757 2762; x_wconf 56' lang='lat' dir='ltr'><strong>excitabo</strong></span> 
     </span>
    </p>
   </div>
   <div class='ocr_carea' id='block_1_116' title="bbox 975 2761 1756 2804">
    <p class='ocr_par' dir='ltr' id='par_1_116' title="bbox 975 2761 1756 2804">
     <span class='ocr_line' id='line_1_116' title="bbox 975 2761 1756 2804; baseline -0.023 -1"><span class='ocrx_word' id='word_1_910' title='bbox 975 2774 1043 2804; x_wconf 89' lang='lat' dir='ltr'><strong>illud</strong></span> <span class='ocrx_word' id='word_1_911' title='bbox 1056 2773 1123 2799; x_wconf 73' lang='grc'><strong>²¹·³“².</strong></span> <span class='ocrx_word' id='word_1_912' title='bbox 1146 2782 1154 2797; x_wconf 76' lang='grc' dir='ltr'><strong>ι</strong></span> <span class='ocrx_word' id='word_1_913' title='bbox 1173 2770 1249 2804; x_wconf 84' lang='lat' dir='ltr'><strong>Quod</strong></span> <span class='ocrx_word' id='word_1_914' title='bbox 1267 2770 1349 2804; x_wconf 76' lang='lat' dir='ltr'><strong>igitur</strong></span> <span class='ocrx_word' id='word_1_915' title='bbox 1364 2768 1466 2796; x_wconf 88' lang='lat' dir='ltr'><strong>nullius</strong></span> <span class='ocrx_word' id='word_1_916' title='bbox 1479 2764 1645 2794; x_wconf 72' lang='lat' dir='ltr'><strong>adminiculo</strong></span> <span class='ocrx_word' id='word_1_917' title='bbox 1657 2761 1690 2788; x_wconf 84' lang='lat' dir='ltr'><strong>ad</strong></span> <span class='ocrx_word' id='word_1_918' title='bbox 1705 2761 1756 2800; x_wconf 50' lang='lat'><strong>11.01:</strong></span> 
     </span>
    </p>
   </div>
   <div class='ocr_carea' id='block_1_117' title="bbox 171 2806 914 2860">
    <p class='ocr_par' dir='ltr' id='par_1_117' title="bbox 171 2806 905 2860">
     <span class='ocr_line' id='line_1_117' title="bbox 171 2806 905 2860; baseline -0.01 -4"><span class='ocrx_word' id='word_1_919' title='bbox 171 2829 194 2844; x_wconf 83' lang='lat'><strong><em>&quot;</em></strong></span> <span class='ocrx_word' id='word_1_920' title='bbox 444 2806 587 2855; x_wconf 26' lang='grc' dir='ltr'>’σήπει-ειη.</span> <span class='ocrx_word' id='word_1_921' title='bbox 608 2833 655 2856; x_wconf 77' lang='lat' dir='ltr'><strong>xu,</strong></span> <span class='ocrx_word' id='word_1_922' title='bbox 673 2825 698 2852; x_wconf 89' lang='lat'><strong>6.</strong></span> <span class='ocrx_word' id='word_1_923' title='bbox 713 2806 719 2813; x_wconf 48' lang='grc' dir='ltr'><strong>Ι</strong></span> <span class='ocrx_word' id='word_1_924' title='bbox 745 2824 766 2839; x_wconf 91' lang='grc'><strong>¹⁷</strong></span> <span class='ocrx_word' id='word_1_925' title='bbox 784 2806 871 2851; x_wconf 46' lang='grc' dir='ltr'><strong>Σεὲ-οι),</strong></span> <span class='ocrx_word' id='word_1_926' title='bbox 885 2830 905 2855; x_wconf 84' lang='grc' dir='ltr'><strong>ι,</strong></span> 
     </span>
    </p>
   </div>
   <div class='ocr_carea' id='block_1_118' title="bbox 966 2806 1756 2860">
    <p class='ocr_par' dir='ltr' id='par_1_118' title="bbox 992 2806 1756 2849">
     <span class='ocr_line' id='line_1_118' title="bbox 992 2806 1756 2849; baseline -0.018 0"><span class='ocrx_word' id='word_1_927' title='bbox 992 2821 1014 2838; x_wconf 81' lang='grc'><strong>’⁸</strong></span> <span class='ocrx_word' id='word_1_928' title='bbox 1033 2822 1115 2849; x_wconf 81' lang='lat' dir='ltr'><strong>Amos</strong></span> <span class='ocrx_word' id='word_1_929' title='bbox 1133 2827 1170 2846; x_wconf 83' lang='grc' dir='ltr'>ιιι.</span> <span class='ocrx_word' id='word_1_930' title='bbox 1187 2818 1212 2844; x_wconf 84' lang='grc'><strong>8.</strong></span> <span class='ocrx_word' id='word_1_931' title='bbox 1252 2819 1272 2834; x_wconf 67' lang='grc' dir='ltr'><strong>’ν</strong></span> <span class='ocrx_word' id='word_1_932' title='bbox 1292 2816 1361 2844; x_wconf 86' lang='lat' dir='ltr'><strong>Psal.</strong></span> <span class='ocrx_word' id='word_1_933' title='bbox 1384 2822 1436 2847; x_wconf 77' lang='lat' dir='ltr'><strong>cxx,</strong></span> <span class='ocrx_word' id='word_1_934' title='bbox 1453 2813 1480 2840; x_wconf 61' lang='grc' dir='ltr'><strong>Ξ.</strong></span> <span class='ocrx_word' id='word_1_935' title='bbox 1521 2812 1542 2828; x_wconf 83' lang='grc'><strong>¹⁰</strong></span> <span class='ocrx_word' id='word_1_936' title='bbox 1558 2810 1627 2838; x_wconf 83' lang='lat' dir='ltr'><strong>Psal.</strong></span> <span class='ocrx_word' id='word_1_937' title='bbox 1646 2816 1714 2839; x_wconf 72' lang='lat' dir='ltr'><strong>xtnv,</strong></span> <span class='ocrx_word' id='word_1_938' title='bbox 1730 2806 1756 2835; x_wconf 71' lang='lat'><strong>7.</strong></span> 
     </span>
    </p>
   </div>
   <div class='ocr_carea' id='block_1_119' title="bbox 137 2858 657 2894">
    <p class='ocr_par' dir='ltr' id='par_1_119' title="bbox 137 2858 657 2894">
     <span class='ocr_line' id='line_1_119' title="bbox 137 2858 657 2894; baseline -0.012 -1"><span class='ocrx_word' id='word_1_939' title='bbox 137 2858 158 2873; x_wconf 78' lang='grc'><strong><em>⁸³</em></strong></span> <span class='ocrx_word' id='word_1_940' title='bbox 181 2864 251 2892; x_wconf 80' lang='lat' dir='ltr'><strong>Psal.</strong></span> <span class='ocrx_word' id='word_1_941' title='bbox 268 2872 296 2894; x_wconf 85' lang='grc' dir='ltr'>ιι.</span> <span class='ocrx_word' id='word_1_942' title='bbox 313 2858 355 2890; x_wconf 68' lang='grc'><strong>9.’</strong></span> <span class='ocrx_word' id='word_1_943' title='bbox 392 2863 453 2883; x_wconf 83' lang='grc'>³⁹-³³</span> <span class='ocrx_word' id='word_1_944' title='bbox 468 2862 545 2889; x_wconf 73' lang='lat' dir='ltr'><strong>Joan.</strong></span> <span class='ocrx_word' id='word_1_945' title='bbox 567 2869 595 2891; x_wconf 82' lang='grc' dir='ltr'>ιι.</span> <span class='ocrx_word' id='word_1_946' title='bbox 614 2860 657 2887; x_wconf 83' lang='lat' dir='ltr'><strong>t9.</strong></span> 
     </span>
    </p>
   </div>
  </div>
