1999 3056
126 170 180 199 357

623 165 882 194 GLAPHYRORL‘M
900 165 932 192 ll‘i
953 164 1103 192 GESESIM
1123 164 1187 192 LIB.
1209 164 1263 191 VII.

1707 163 1756 178 ξειετ

1705 173 1757 192 0'1.)

128 239 173 261 τις
192 229 243 265 ἤδη
264 227 442 263 προείπομεν,
458 226 498 253 ἴττι
513 225 558 252 τὸν
581 225 630 260 τῆς
656 225 838 260 προκειμένης
853 224 918 259 ἡμῖν

982 231 1033 250 lem
1051 222 1119 249 ἰδ’.
1132 233 1140 247 ι
1169 221 1256 257 Supra
1277 220 1396 249 diximus
1420 221 1492 257 quod
1511 221 1688 250 extendentes
1713 230 1757 248 ra-

129 275 299 311 προφητείας
320 271 512 309 βασανίζοντες
535 271 625 305 λόγον,
655 271 702 297 καὶ
720 271 793 302 ὅπως
808 271 841 297 ἂν
861 270 918 305 ἔχοι

130 323 178 348 καὶ
207 320 408 356 δια-περαίνοιτο
431 319 532 349 καλῶς,
547 317 690 353 καταθρεῖν
712 316 917 349 σπουδάζοντες,

130 366 210 393 τοῦτο
223 364 272 400 μὲν
284 365 320 396 ὠς
335 364 364 396 ἐξ
377 364 534 398 ὁμοιότητος
546 363 604 388 τῶν.
612 363 661 397 ἤδη
677 361 919 397 προειργασμένων

132 410 300 446 πεποιῆσθαι
320 418 422 445 φαμεν,
436 409 515 435 τοῦτο
529 408 556 435 δὲ
579 409 625 434 καὶ
648 408 677 441 ἐξ
691 409 776 443 αὑτῆς
798 406 826 435 εὖ
848 408 920 443 μάλα

131 457 182 492 τῆς
191 457 245 483 τῶν
256 456 395 491 ὀνομάτων
402 455 561 490 ἑρμηνείας,
571 454 712 490 μονονουχὶ
721 453 920 489 πλαστουργοὺ-

134 511 226 538 μενον,
241 502 288 528 καὶ
307 501 356 536 τὴν
376 501 429 526 τῶν
444 500 580 536 ἐσομένων
597 500 667 526 ἰδέαν
685 499 921 535 προαναφαίνοντα

132 549 204 575 atat}:
211 548 289 581 ίξειεν
298 548 341 581 ἂν,
349 545 436 582 οἶμαι,
445 546 486 578 τὶς
494 546 556 573 νοῦν
565 546 643 581 ἔχων.
650 547 682 572 Ὃ
692 546 722 581 δὴ
731 546 847 581 μάλιστα
855 554 920 572 κατ-

133 595 199 621 ιδεῖν
218 594 323 626 ἐξέσται
346 593 426 619 πάλιν
445 593 491 618 ἐπί
513 601 542 618 τε
562 592 607 618 τοῦ
632 592 785 624 Ζαίῖουλών,
803 592 849 618 καὶ
867 591 922 618 τῶν

134 640 246 674 ἑφεξῆς.
263 638 476 674 Διερμηνεύεται
497 638 552 673 γὰρ
566 638 669 664 εὐωδία
688 646 717 663 τε
734 638 782 664 καὶ
799 638 923 672 εὐλογία

135 686 214 722 παρὰ.
231 695 263 720 γε
276 687 331 724 τοῖς
351 685 386 711 τὰ
399 684 512 711 τοιαῦτα
524 684 686 719 διατρανοῦν
698 681 726 711 εὖ
744 684 816 718 μάλα
831 692 923 710 κατει-

135 733 285 768 θισμένοις.
307 731 514 767 Εκὺλογημένους
530 730 562 767 δὴ
587 729 632 757 οὖν
649 739 725 761 τινας
741 731 795 765 ἄρα
815 730 869 756 τῶν
895 728 924 761 ἐξ

142 778 253 813 Ἰσραὴλ
265 777 427 812 εὑρήσομεν,
441 776 489 802 καὶ
500 775 548 811 τὴν
561 777 603 810 ἐφ’
619 775 703 802 ἅπασι
718 776 772 806 τοῖς
784 775 924 802 ἁνδάνουσι

136 825 197 859 Θεῷ
218 825 324 851 εὐοδίαν
342 822 566 858 πεπλουτηκότας
580 829 586 836 '
606 821 674 857 πλὴν
689 822 729 847 ὅτι
746 821 807 852 τοὺς
823 821 866 848 διὰ
881 821 925 846 πί-

137 879 224 902 στεως
245 870 295 905 τῆς
315 870 354 900 εἱς
370 868 488 904 Χριστὸν
509 868 745 902 δεδικαιωμένους,
763 867 810 893 καὶ
831 868 863 902 τῇ
879 866 924 892 τοῦ

971 269 1075 295 tionem
1099 268 1248 303 propositae
1280 266 1432 302 prophetize
1448 287 1455 299 ,
1488 271 1516 293 et
1544 275 1599 301 quo
1624 271 1704 301 pacto
1727 273 1757 294 se

970 314 1069 341 haheat
1099 318 1180 348 atque
1213 318 1384 348 propagetur
1410 312 1574 347 investigare
1603 312 1757 343 studentes,

970 359 1049 394 225
1061 360 1160 393 partim
1176 367 1209 386 ex
1220 358 1399 386 similitudine
1410 366 1505 386 eorum
1520 367 1579 393 qua:
1592 363 1654 385 ante
1667 362 1756 385 trans-

970 410 1030 432 acta
1050 409 1124 437 sunt,
1143 405 1200 432 fieri
1220 405 1347 436 dicimus,
1361 405 1457 439 partim
1471 412 1504 431 ex
1515 404 1656 430 nominum
1674 403 1757 430 inter-

970 452 1125 486 pretatione
1140 455 1244 478 tantum
1258 459 1312 477 non
1330 450 1429 485 eﬂingi,
1448 455 1475 476 et
1492 450 1647 476 futurorum
1665 448 1762 483 imagio

972 503 1034 522 nem
1051 495 1255 530 prmmonstrari
1279 504 1285 521 :
1309 499 1392 530 prout
1412 494 1490 522 facile
1515 493 1652 520 notaverit
1673 492 1763 528 quivis

973 546 1062 568 mente
1074 541 1215 576 praeditus.
1224 540 1300 574 Quod
1312 540 1400 574 ipsum
1415 539 1507 566 videre
1517 539 1581 566 licet
1590 539 1616 565 in
1628 539 1761 570 Zabulon,

972 591 999 612 et
1014 586 1136 620 reliquis.
1156 585 1296 621 Signiﬁcat
1311 585 1384 611 enim
1401 585 1599 620 prosperitatum
1613 584 1669 610 sive
1684 583 1762 610 bene-

972 632 1112 658 dictionem
1127 631 1200 666 apud
1213 639 1271 663 eos,
1288 630 1336 665 qui
1353 630 1509 666 huiusmodi
1526 629 1657 657 voeabula
1675 629 1763 656 inter-

973 679 1127 709 pretantur.
1150 675 1325 702 lnveniemus
1346 675 1438 710 itaque
1462 675 1608 702 nonnullos
1629 682 1662 701 ex
1680 673 1764 702 Israel

973 721 1144 754 benedictos,
1159 725 1289 756 recteque
1306 721 1334 748 in
1353 721 1482 748 omnibus
1502 729 1562 756 quae
1582 721 1637 748 Deo
1657 721 1765 755 placent

975 767 1149 800 incedentes;
1164 771 1292 795 caeterum
1310 775 1359 802 per
1375 767 1454 794 ﬁdem
1471 767 1497 794 in
1511 767 1651 794 Christum
1662 766 1764 801 justiti-

975 816 1059 844 catos,
1078 816 1106 839 et
1126 812 1212 839 sancti
1232 812 1350 847 Spiritus
1366 812 1451 846 gratia
1470 812 1619 838 illustratus
1633 820 1638 837 :
1653 811 1721 838 adeo
1735 813 1767 837 ut

976 857 1106 892 deinceps
1119 865 1181 884 vere
1200 858 1352 884 exclamare
1368 858 1474 891 possint
1488 866 1493 883 :
1512 867 1520 881 ι
1536 857 1672 883 Benedicti
1687 863 1737 883 nos
1749 864 1764 883 a

137 915 218 949 ἁγίου
236 902 674 948 [ΙνἾεύματοςνλελαμπρυσμένους
692 910 800 945 χάριτι”
816 911 853 942 ὡς
877 910 924 937 καὶ

982 903 1102 936 Domino,
1124 903 1172 938 qui
1192 903 1257 930 fecit
1271 903 1371 930 coelum
1385 906 1412 930 et
1432 907 1532 929 terram
1550 903 1581 928 "‘.
1598 912 1606 928 ι
1622 902 1681 928 Huc
1694 909 1764 936 qua-

139 960 249 996 ἱσχύσαι
264 959 358 986 λοιπὸν
371 959 400 985 οὐ
412 957 629 993 ψευδοεποῦντας
655 957 821 991 ἀνακραγεῖν
830 963 836 969 “
853 964 862 980 ι
874 956 926 982 Εὐ-

138 1006 283 1041 λογημένοι
297 1006 378 1040 ἡμεῖς
389 1004 428 1039 τῷ
443 1003 538 1039 Κυρίῳ
550 1003 588 1038 τῷ
599 1003 742 1038 ποιήσαντι
758 1001 803 1028 τὸν
814 1001 926 1037 οὐρανὸν

139 1053 186 1079 καὶ
204 1052 254 1087 τὴν
270 1051 331 1086 γῆν.
351 1060 361 1076 ι
384 1050 516 1085 Ἀρμόσαι
529 1049 550 1076 δ’
567 1048 600 1076 ἂν
611 1047 688 1084 οἶμαι
703 1048 750 1075 καὶ
763 1048 826 1083 περὶ
838 1047 927 1074 αὐτῶν

138 1097 184 1124 τὸν
212 1097 347 1132 μακάριον
371 1096 515 1131 προφήτην
550 1095 662 1121 Ἡσαΐαν
683 1095 780 1121 εἰπεῖν’
811 1103 821 1120 ‹
855 1094 928 1124 Ὁδὸς

139 1142 262 1170 εὐσεεῶν
279 1142 370 1168 εὐθεῖα
384 1141 502 1176 ἐγένετο,
523 1140 570 1167 icti.
584 1140 829 1175 παρεσκευασμένη
845 1140 928 1175 ἡόδὸς

138 1190 193 1216 τῶν
215 1188 345 1216 εὐσεϐῶν.
366 1188 400 1215 Ἦ
423 1187 477 1223 γὰρ
492 1187 555 1219 ὁδὸς
570 1187 673 1222 Κυρίου
697 1186 798 1221 κρίσις.
827 1196 837 1212 ι
860 1186 928 1217 Τοὺς

139 1233 192 1263 ὦδε
205 1235 348 1270 λαμπροὺς
364 1234 411 1261 καὶ
427 1233 628 1268 εὑλογημένους
643 1233 682 1264 εἰς
691 1233 740 1268 τὴν
751 1232 827 1268 ἱεράν
837 1240 867 1258 τε
883 1233 929 1258 καὶ

140 1281 217 1307 θείαν
236 1280 319 1315 αὐλὴν
344 1278 530 1305 εἰσκαλεῖσθαι
553 1277 735 1313 προστέταχεν
757 1278 771 1303 ό
785 1276 839 1303 τῶν
862 1276 929 1303 ὅλων

140 1326 217 1358 Θεὸς,
241 1325 312 1352 οὕτω
337 1324 440 1358 λέγων·
459 1333 468 1349 ι
495 1323 631 1356 Ἀνοίξατε
653 1322 759 1353 πύλας·
788 1321 931 1348 εἰσελθέτω

141 1372 205 1403 kz”;
220 1372 364 1406 φυλάσσων
375 1370 559 1405 δικαιοσύνην,
576 1370 624 1396 καὶ
637 1369 780 1404 φυλάσσων
792 1368 930 1403 ἀλήθειαν,

141 1417 406 1453 ἀντιλαμβανόμενος
415 1416 556 1452 ἀληθείας,
566 1417 613 1442 καὶ
625 1415 768 1450 φυλάσσων
785 1415 905 1449 εἰρήνην.
920 1422 929 1439 ι

148 1465 218 1491 ’Δλλ“
237 1464 279 1490 ἶνα
299 1464 335 1499 μὴ
350 1465 405 1495 τοῖς
417 1463 462 1490 διὰ
477 1462 559 1498 μέσον
579 1461 737 1492 σκανδάλοις
752 1459 933 1496 προσπταίον-

141 1511 284 1543 τες,ὃκνον
297 1510 462 1542 εἰσ-δέξαιντο
472 1510 516 1536 τὸν
528 1509 571 1535 ἐπ’
584 1508 705 1543 ἀγαθοῖς,
722 1507 827 1534 εὐοδίαν
839 1507 933 1542 ὥσπερ

143 1557 270 1592 γενέσθαι
289 1556 468 1592 προστέταχε,
480 1556 525 1582 καὶ
539 1554 754 1587 καταψιλοῦσθαι
767 1553 814 1589 τὴν
830 1553 932 1588 εἰσδρο-

145 1602 211 1637 μὴν,
229 1600 300 1627 οὕτω
313 1601 400 1634 λέγων
412 1602 467 1631 τοῖς
479 1600 566 1633 ἁγίοις
583 1600 748 1634 ίερουργοῖ;’
760 1608 769 1622 ι
781 1597 931 1633 Πορεύεσθε

143 1647 189 1674 διὰ
202 1646 256 1673 τῶν
276 1647 369 1673 πυλῶν
387 1655 446 1682 μου,
467 1647 514 1672 καὶ
529 1645 591 1676 τοὺς
606 1645 696 1676 λίθους
713 1644 762 1680 τῆς
778 1643 839 1670 ὀδοῦ
855 1643 932 1678 διαῤ-

145 1693 255 1729 ῥίψατε.
276 1703 285 1719 ι
302 1692 406 1720 Οὐκοῦν
417 1691 471 1718 εἶεν
483 1692 517 1718 ἂν
529 1691 707 1726 εὐλογημένοι
721 1699 751 1717 τε
767 1690 812 1717 καὶ
827 1689 933 1716 εὐοδοῦ-

147 1748 235 1775 μενοι,
259 1738 308 1774 τὴν
334 1739 374 1770 εἰς
396 1737 514 1773 Χριστὸν
539 1737 629 1764 πίστιν
652 1737 678 1763 οί
705 1735 884 1771 τετιμηκότες
905 1734 934 1766 ἐξ

152 1785 274 1821 Ἰσραήλ.
302 1784 485 1819 Κατοικήσειν
511 1791 543 1817 γε
571 1783 624 1818 μὴν
649 1782 747 1813 αὐτοὺς
770 1781 830 1817 ἦτοι
853 1790 862 1806 ι
889 1780 934 1807 τὸν

146 1831 291 1859 Ζασουλὼν
313 1831 363 1866 τὴν
381 1832 414 1866 τῇ
434 1830 557 1866 θαλάσσῃ
574 1829 682 1863 γείτονα
702 1827 795 1863 χώραν
816 1837 826 1853 ι
849 1826 935 1853 6565-

145 1878 259 1905 εαιοῦτο
275 1877 379 1912 σαφῶς.
403 1877 490 1903 Οῑονεί
513 1884 571 1907 πως
585 1876 674 1902 ἐκεῖνο
689 1873 787 1908 λέγων,
814 1873 854 1899 ὅτι
880 1873 935 1904 τοῖς

146 1924 253 1951 ἔθνεσιν
265 1923 366 1958 ἀναμὶξ
384 1922 460 1949 ἔσται
481 1922 574 1948 λοιπὸν
593 1922 607 1948 ὁ
626 1920 745 1956 Ἰσραὴλ,
765 1919 813 1947 ἆτε
833 1919 865 1954 δὴ
888 1919 936 1946 καὶ

147 1971 188 2002 είς
204 1970 269 2005 μίαν
285 1969 403 2003 ποίμνην
414 1968 653 2003 συνενηνεγμένων
666 1966 720 1992 τῶν
731 1965 777 1992 δύο
790 1965 872 1996 λαῶν,
890 1964 936 1990 καὶ

147 2013 201 2039 ὑπὸ
215 2013 294 2048 χεῖρα.
304 2011 354 2047 τὴν
365 2011 424 2041 ὲνὺς
437 2011 484 2038 τοῦ
498 2011 568 2037 κατὰ
582 2011 662 2045 φύσιν
671 2009 773 2044 ἀγαθοῦ
787 2009 936 2043 γεγονότων

148 2058 355 2094 ἀρχιποιμένος,
370 2057 491 2084 τουτέστι
509 2056 637 2092 Χριστοῦ.
654 2056 715 2082 Ὅτι
729 2055 757 2081 δὲ
776 2054 806 2081 τὸ
824 2055 937 2088 αἴνιγμα

148 2101 261 2136 ἀληθὲς,
275 2102 477 2137 πληροφορήσει
498 2101 596 2137 ῥᾳδίως
611 2101 660 2136 τῆς
674 2100 853 2127 θεοπνεύστου
872 2100 939 2135 Γρα-

148 2150 204 2185 φῆς
217 2150 232 2176 ὖ
250 2149 339 2183 λόγος,
356 2150 410 2181 τοῖς
425 2148 453 2181 ἐξ
471 2148 555 2175 ἐθνῶν
569 2148 713 2182 ἀπονέμων
731 2147 780 2182 τὴν
795 2146 938 2182 πρόσοικον

147 2197 182 2231 τῇ
199 2195 320 2230 θαλάττῃ
343 2193 444 2229 χώραν.
467 2194 540 2227 Ἔφη
559 2193 613 2228 γὰρ
629 2192 731 2223 οὕτως’
756 2201 764 2217 ι
784 2190 866 2226 Χὼρα
887 2191 938 2217 ἱα-

977 949 1078 981 drabit,
1100 949 1228 981 arbitror,
1245 950 1327 976 etiam
1342 949 1407 976 illud
1422 949 1562 984 prophetae
1581 948 1655 975 Isaiae
1668 957 1674 974 :
1692 958 1701 973 (
1715 948 1764 977 Via

977 996 1085 1032 piorum
1098 996 1169 1023 facta
1186 1000 1227 1022 est
1243 1000 1327 1027 recta,
1343 999 1370 1022 et
1386 995 1438 1022 iter
1451 995 1559 1030 piorum
1578 999 1702 1030 paratum
1713 997 1765 1022 est.

977 1044 1026 1071 Via
1043 1043 1117 1070 enim
1133 1043 1239 1070 Domini
1252 1042 1385 1078 judicium
1407 1042 1437 1068 δ’.
1456 1052 1463 1066 ι
1484 1042 1556 1068 Deus
1575 1046 1666 1068 autem
1686 1040 1768 1075 hujus

977 1089 1099 1116 universi
1118 1089 1257 1123 praecepit,
1272 1091 1302 1114 ut
1314 1087 1352 1114 illi
1367 1087 1413 1122 qui
1428 1087 1464 1114 ita
1484 1086 1619 1121 splendidi
1636 1092 1668 1112 ac
1681 1085 1766 1112 bene-

978 1134 1045 1162 dicti
1066 1138 1143 1166 sunt,
1162 1138 1295 1160 vocentur
1310 1133 1338 1159 in
1362 1140 1466 1159 sacrant
1481 1136 1508 1158 et
1523 1131 1642 1158 divinam
1660 1130 1766 1162 aulam,

979 1179 1074 1207 dicens
1090 1189 1096 1205 :
1115 1189 1123 1204 ι
1144 1179 1256 1213 Aperite
1274 1182 1381 1213 portas;
1402 1177 1570 1212 ingrediatur
1583 1176 1700 1211 populus
1719 1183 1769 1203 cu-

980 1225 1251 1260 stodiensjustitiam,
1259 1228 1287 1251 et
1295 1223 1451 1250 custodiens
1458 1222 1599 1249 veritatem
1605 1242 1611 1252 ,
1618 1220 1770 1256 apprehen-

980 1271 1049 1298 dens
1059 1271 1211 1302 veritatem,
1221 1274 1249 1296 et
1258 1268 1416 1297 cus'todicns
1425 1275 1519 1302 pacem
1531 1267 1563 1293 ³³.
1579 1276 1587 1291 ι
1599 1266 1633 1293 At
1642 1274 1677 1292 ne
1686 1266 1771 1292 inter-

981 1316 1155 1345 venientibus
1163 1315 1298 1343 scandalis
1309 1314 1492 1349 impingentes
1499 1313 1672 1340 retardentur
1683 1313 1711 1339 in
1720 1312 1772 1339 hac

981 1371 1112 1399 prospera
1123 1363 1175 1394 via,
1183 1370 1242 1396 quae
1253 1359 1337 1388 tendit
1345 1360 1377 1387 ad
1390 1360 1470 1392 bona,
1477 1359 1615 1386 ordinavit
1623 1362 1652 1385 ut
1660 1359 1772 1393 planum

982 1409 1104 1437 facerent
1118 1409 1232 1440 aditum,
1249 1408 1285 1434 ita
1301 1407 1335 1434 ad
1351 1410 1460 1433 sanctos
1475 1405 1631 1432 sacerdotes
1653 1405 1748 1432 dicens
1763 1412 1770 1431 :

987 1465 995 1480 ι
1010 1455 1186 1490 lugredimini
1198 1462 1247 1489 per
1256 1458 1349 1488 portas
1359 1460 1443 1484 meas,
1456 1455 1483 1478 et
1494 1451 1597 1486 lapides
1607 1459 1622 1478 e
1633 1451 1676 1478 via
1686 1451 1772 1478 dimo-

983 1507 1044 1530 vcte
1054 1502 1085 1528 “.
1097 1501 1238 1528 iisraelitte
1251 1500 1332 1534 igitur
1340 1499 1386 1533 qui
1395 1499 1596 1533 amplectuntur
1605 1497 1686 1525 ﬁdem
1694 1496 1774 1524 Chri-

984 1548 1030 1580 sti,
1041 1551 1122 1575 erunt
1133 1546 1281 1577 benedicti,
1293 1552 1441 1579 omnesque
1451 1544 1570 1579 ipsorum
1581 1543 1703 1570 actiones
1710 1551 1773 1579 pro-

984 1601 1063 1628 spere
1077 1593 1142 1628 ipsis
1153 1591 1310 1619 succedent.
1323 1590 1407 1617 Porro
1419 1589 1535 1616 allirmat
1549 1593 1648 1621 textus,
1659 1596 1706 1616 eos
1716 1588 1774 1616 sive

987 1649 996 1664 ι
1007 1639 1129 1666 Zabulon
1142 1638 1279 1673 regionem
1290 1636 1452 1662 maritimam
1466 1645 1474 1660 ι
1485 1634 1697 1662 inhabitaturos.
1710 1634 1776 1661 Per-

985 1684 1047 1711 inde
1070 1691 1102 1710 ac
1124 1683 1212 1714 dicat,
1229 1682 1312 1709 lsrael
1334 1681 1448 1716 posthac
1467 1680 1663 1707 admiscebitur
1683 1680 1774 1714 genti-

984 1731 1046 1762 bus,
1062 1734 1092 1756 ut
1107 1729 1143 1756 ita
1157 1729 1212 1756 duo
1232 1728 1326 1763 populi
1346 1731 1546 1762 congregemur
1568 1726 1596 1752 in
1612 1733 1697 1753 unum
1712 1733 1775 1761 gre-

985 1783 1055 1811 gem,
1073 1779 1154 1809 atque
1170 1774 1217 1800 uni
1233 1777 1328 1807 suapte
1343 1777 1441 1799 natura
1457 1771 1529 1798 bono
1542 1779 1649 1798 summo
1660 1770 1774 1806 pastori,

985 1821 1012 1848 id
1026 1824 1068 1848 est
1080 1819 1199 1850 Christo,
1214 1818 1405 1853 sulijiciantur.
1422 1816 1499 1849 Quod
1514 1820 1604 1843 autem
1616 1816 1675 1843 haec
1689 1815 1776 1851 ﬁgura

985 1867 1021 1894 sit
1042 1874 1117 1897 vera,
1136 1872 1219 1892 sacrm
1237 1864 1385 1898 Scriptura:
1405 1871 1495 1890 sermo
1516 1862 1674 1898 plenissime
1696 1861 1776 1889 nobis

986 1911 1167 1943 confirmarit,
1189 1918 1248 1945 quae
1268 1910 1396 1945 gentibus
1417 1909 1555 1944 regionem
1572 1909 1640 1935 mari
1658 1908 1776 1936 vicinam

986 1959 1115 1993 assignat.
1133 1957 1178 1984 Ait
1203 1956 1276 1983 enim
1301 1955 1340 1982 sic
1361 1964 1367 1981 :
1393 1964 1402 1979 ι
1431 1954 1518 1989 Regio
1541 1954 1680 1986 Zabulon,
1702 1958 1775 1980 terra

986 2004 1161 2039 Nephthalim
1177 2003 1252 2038 juxta
1269 2002 1340 2028 viam
1361 2000 1445 2027 maris
1457 2003 1484 2026 et
1507 1999 1612 2026 czeteris
1636 1998 1683 2033 qui
1702 2006 1777 2026 mare

987 2038 1131 2082 accolunt,
1167 2048 1275 2075 Galiltea
1312 2046 1444 2081 gentium.
1471 2038 1592 2079 Populus
1621 2044 1668 2079 qui
1699 2044 1777 2071 sedet

988 2097 1016 2123 in
1028 2095 1149 2123 tenebris
1157 2094 1225 2121 vidit
1237 2094 1330 2120 lumen
1343 2099 1470 2126 magnum
1479 2091 1511 2117 ⁸³.
1526 2101 1535 2115 ι
1551 2090 1682 2125 Intelligis
1691 2097 1775 2121 nunc,

988 2141 1126 2177 quomodo
1146 2140 1285 2175 regionem
1302 2138 1423 2165 Zabulon
1440 2136 1549 2164 vocavit
1564 2146 1573 2162 ι
1597 2140 1696 2163 terram
1709 2143 1776 2170 gen-

990 2190 1069 2220 tium,
1090 2198 1099 2214 ι
1118 2195 1177 2222 qua:
1192 2190 1219 2213 et
1234 2186 1327 2213 lumen
1343 2191 1471 2219 maguum
1489 2183 1619 2209 viderunt
1633 2189 1681 2216 per
1695 2180 1775 2208 Chriv

149 2225 265 2273 εόυλὼν,
282 2225 319 2275 vii
340 2225 498 2274 ᾖεῷθαλεὶμ
583 2225 731 2273 θαλάσσης,
748 2238 794 2264 καὶ
810 2225 838 2263 ot
849 2236 931 2263 lomol

993 2240 1075 2262 stum.
1090 2233 1171 2261 Israel
1181 2239 1245 2267 ergo
1257 2239 1319 2259 cum
1332 2231 1459 2266 gentibus
1468 2229 1595 2256 habitans
1607 2227 1687 2262 226
1697 2225 1777 2253 simul

148 2289 174 2314 οι
192 2286 242 2322 τὴν
262 2286 398 2322 παραλίαν
412 2285 560 2316 οἰκοῦντες,
581 2284 710 2311 Γαλιλαία
725 2284 778 2310 τῶν
791 2283 885 2310 ἐθνῶν.
908 2283 938 2309 '0

149 2332 215 2364 λαὸς
231 2333 246 2358 ό
258 2332 410 2368 καθήμενος
427 2332 456 2357 ὲν
468 2331 570 2363 σκότει,
589 2330 646 2365 φῶς
659 2330 697 2356 ἷδε
715 2330 795 2365 μέγα.
815 2339 825 2355 ι
844 2329 941 2364 Συνίης

149 2378 227 2409 ὅπως
261 2387 269 2403 ι
287 2377 379 2413 χώραν
395 2387 404 2403 ι
426 2375 569 2404 Ζαϐουλὼν
590 2385 598 2401 ι
618 2375 666 2411 τὴν
682 2375 735 2402 τῶν
758 2375 841 2402 ὲθνῶν
862 2384 870 2401 ι
890 2375 944 2401 ἀπ-

150 2424 258 2455 εκάλει,
270 2424 295 2450 οἳ
313 2424 360 2450 καὶ
376 2423 433 2458 φῶς
444 2422 589 2450 τεθέανται
603 2422 683 2458 μέγα,
700 2421 778 2455 δῆλον
794 2421 822 2448 δὲ
843 2421 884 2448 ὅτι
898 2420 943 2447 διὰ

151 2469 282 2506 Χριστοῦ.
302 2469 532 2505 Συμπεφὼτισται
548 2469 581 2504 δὴ
596 2467 643 2495 οὖν
663 2470 719 2499 τοῖς
739 2468 788 2502 τὴν
805 2467 940 2503 παραλίαν

151 2515 338 2546 κατοικοῦσιν,
353 2515 367 2541 ὁ
386 2515 509 2546 σύνοικος
539 2514 656 2550 Ἰσραήλ.
676 2514 726 2545 Εἴη
745 2513 767 2539 δ’
792 2513 835 2544 ἂν,
852 2510 939 2547 οἶμαι,

151 2563 227 2589 tauri.
243 2561 274 2588 τὸ
292 2560 448 2588 εὐοδοῦσθαι
462 2561 538 2596 παρὰ
561 2559 639 2587 Θεοῦ.
657 2560 717 2586 "Ott
731 2559 784 2594 γὰρ
802 2558 841 2593 τῷ
859 2557 942 2593 φωτί-

153 2608 249 2639 ζεσθαι
263 2608 351 2643 πάντη
375 2615 406 2634 τε
423 2608 470 2633 καὶ⁵
487 2606 597 2638 πάντως
618 2606 710 2632 ἕποιτο
727 2605 759 2632 ἂν
775 2605 804 2631 τὸ
820 2605 869 2631 καὶ
880 2605 940 2630 εὺο-

153 2653 266 2680 δοῦσθαι
285 2653 352 2685 δεῖν,
369 2652 502 2688 εἰσόμεθα
520 2653 600 2679 πάλιν
615 2651 661 2679 τοῦ
682 2651 809 2687 Σωτῆρος
819 2650 942 2684 λέγοντος

153 2702 210 2732 τοῖς
230 2699 365 2727 Ἰουδαίων
378 2699 410 2735 δή
415 2707 486 2735 non,"
501 2708 510 2724 ι
523 2699 596 2730 Ἕως
608 2698 637 2725 τὸ
651 2697 709 2733 φῶς
722 2697 807 2732 ἔχετε,
825 2704 943 2730 περιπα-

154 2748 226 2774 τεῖτε
243 2747 271 2773 ὲν
287 2745 326 2782 τῷ
338 2746 423 2780 φωτὶ,
443 2745 487 2772 ἵνα
503 2745 539 2781 μὴ
559 2744 654 2771 σκοτία
672 2744 744 2780 ὑμᾶς
763 2741 915 2777 καταλάϐῃ.
932 2750 942 2767 ›

160 2793 191 2821 '0
204 2793 288 2821 πάλαι
302 2793 391 2819 τοίνυν
401 2792 465 2824 λαὸς
475 2792 632 2828 καταμόνας
640 2791 732 2822 οἰκῶν,
749 2791 763 2817 ό
774 2791 829 2822 τοῖς
841 2789 945 2815 ἔθνεσιν

192 2852 252 2868 ³³·’⁰
265 2852 333 2880 Gen.
351 2860 423 2883 ηις.
444 2852 484 2879 15.

159 2888 180 2903 ⁸⁸
192 2887 272 2916 Joan-
289 2895 337 2916 ιιι,
351 2888 397 2915 55.

527 2852 548 2868 “
562 2851 633 2879 Psal.
651 2858 724 2882 cxtn,
738 2850 782 2877 25.
822 2849 844 2865 δ’
861 2849 912 2876 lsa.
935 2855 1005 2880 nvi,
1021 2847 1046 2873 7.

993 2289 1054 2310 cum
1070 2280 1136 2315 ipsis
1150 2285 1226 2306 mare
1238 2276 1433 2308 accolentibus,
1446 2275 1615 2302 illuminatus
1627 2277 1679 2300 est.
1690 2272 1719 2299 ld
1731 2279 1778 2299 au-

991 2333 1046 2356 tem
1063 2331 1105 2354 est
1121 2331 1280 2361 prosperum
1299 2331 1314 2350 a
1335 2323 1390 2350 Deo
1404 2322 1457 2348 iter
1469 2320 1580 2347 habere.
1596 2319 1672 2351 Quod
1687 2322 1777 2345 autem

991 2372 1220 2402 illuminationem
1234 2373 1366 2406 perpetuo
1381 2367 1528 2395 comitetur
1540 2373 1655 2401 prosper
1669 2371 1778 2391 succes-

992 2427 1039 2446 sus
1057 2417 1173 2448 itineris,
1189 2414 1371 2449 intelligemus
1393 2419 1514 2443 rursum,
1530 2411 1638 2437 dicente
1660 2409 1780 2436 Judaieaa

994 2464 1099 2493 nationi
1114 2463 1253 2490 Salvatore
1267 2469 1273 2487 :
1288 2470 1296 2485 ι
1309 2459 1400 2486 Donec
1410 2458 1498 2485 lucem
1512 2456 1628 2488 habetis,
1643 2455 1779 2482 ambulate

995 2511 1023 2538 in
1037 2511 1109 2542 luce,
1123 2516 1158 2536 ne
1173 2507 1292 2535 tenebrae
1308 2512 1357 2532 vos
1373 2502 1606 2538 comprehendant
1621 2501 1653 2527 δε.
1671 2511 1680 2526 ι
1697 2501 1780 2528 Vetus

994 2556 1078 2592 igitur
1091 2553 1216 2590 populus,
1230 2551 1275 2587 qui
1291 2557 1413 2577 seorsum
1434 2547 1576 2578 habitavit,
1595 2546 1696 2581 quique
1713 2553 1779 2580 gen-

995 2589 1069 2630 tibus
1085 2589 1230 2628 admisceri
1250 2596 1404 2627 recusabat,
1427 2595 1467 2622 eis
1488 2593 1541 2620 erit
1562 2589 1777 2621 contubernalis,

993 2657 1054 2676 cum
1074 2649 1128 2683 jam
1155 2645 1223 2672 nihil
1248 2644 1283 2671 sit
1310 2641 1381 2678 quod
1401 2649 1449 2668 eos
1471 2640 1610 2675 sejungat;
1633 2640 1778 2672 propterea

992 2694 1066 2730 quod
1079 2691 1255 2720 interstitium
1268 2687 1392 2716 maceriae
1408 2686 1443 2713 sit
1457 2686 1589 2716 dirutum,
1603 2687 1630 2710 et
1647 2683 1690 2710 lex
1705 2688 1780 2707 man-

993 2726 1120 2767 datorum
1136 2739 1277 2767 evacuata,
1290 2733 1398 2767 duoque
1411 2730 1504 2766 populi
1517 2729 1646 2762 deinceps
1656 2726 1684 2753 in
1694 2731 1781 2752 unum

994 2792 1095 2813 novum
1112 2782 1250 2811 hominem
1265 2779 1366 2807 conditi
1380 2778 1434 2805 sint
1449 2777 1476 2803 in
1493 2774 1612 2805 Christo,
1627 2779 1676 2808 per
1692 2770 1780 2806 Spiri-

1102 2845 1123 2860 “
1139 2842 1206 2871 ibid.
1224 2842 1250 2868 2.
1290 2840 1312 2856 “
1328 2839 1376 2867 lsa.
1395 2846 1458 2870 LXII,
1475 2836 1517 2864 l0.
1555 2835 1576 2851 ⁸⁵
1591 2834 1637 2861 lsa.
1657 2840 1695 2865 lx,
1714 2832 1737 2864 Ι,
1751 2829 1783 2858 9.
