1999 3056
137 195 188 224 851

635 196 894 225 GLAPHYRORUM
914 198 946 226 ΙΝ
966 197 1115 226 GENESIM
1135 199 1198 227 LIB.
1222 200 1276 228 νη.

1707 202 1760 230 563

140 262 222 290 σμου,
243 254 283 280 σοὶ
299 250 379 289 ἦσαν,
398 253 445 279 καὶ
466 253 528 288 ἐμοὶ
548 253 647 285 αὐτοὺς
663 253 794 286 δέδωκας.
817 263 826 280 ι
845 253 923 280 Οὗτοι

974 259 1001 281 et
1011 260 1052 282 est
1061 263 1155 284 revera
1168 256 1310 287 eximium,
1320 256 1452 291 langeque
1464 255 1520 283 Deo
1528 257 1759 292 acceptissimum.

138 301 171 336 δὴ
187 298 234 327 οὖν
251 300 280 326 τὸ
297 299 379 326 καλὸν
394 299 582 334 ἐπεθύμησαν,
601 299 723 326 τουτέστι
740 301 794 327 πᾶν
811 300 879 336 ὅπερ
893 300 925 327 ἂν

137 346 243 380 λέγοιτο
256 354 285 372 τε
308 345 356 372 καὶ
369 344 444 371 ἔστιν
462 345 571 381 ἀληθῶς
586 345 736 381 ἐξαίρετον,
756 346 803 373 καὶ
817 347 871 372 τῶν
885 347 926 373 ὅτι

140 393 256 426 μάλιστα
276 392 411 426 φιλτάτων
427 391 497 426 Θεῷ.
524 391 610 419 Τοῦτο
625 392 763 419 ποιοῦνται
778 393 843 428 περὶ
863 393 925 419 πολ-

139 438 186 465 λοῦ
200 459 207 471 ,
226 439 273 465 καὶ
298 437 450 472 κατορθοῦν
471 436 678 470 σπουδάζουσιν,
699 439 736 470 ὡς
761 439 793 465 ὲκ
804 438 924 470 διανοίας

138 484 244 518 ἀγαθῆς
264 482 469 518 ἁναφωνοῦντες
487 482 589 517 λέγειν·
610 492 620 509 ι
636 483 676 510 Τὰ
688 485 809 520 κρίματα
822 484 925 519 Κυρίου

137 529 262 566 ἀληθινὰ,
275 529 474 564 δεδικαιωμένα
488 530 534 556 ἐπὶ
556 529 586 555 τὸ
598 529 676 556 αὑτό”
690 530 843 566 ἐπιθυμητὰ
857 531 926 566 ὑπὲρ

137 576 248 611 χρυσίον
256 575 303 602 καὶ
310 575 382 601 λίθον
391 575 480 610 τίμιον
494 575 602 602 πολύν.»
613 575 702 602 Καλὸν
710 575 738 602 δὲ
748 576 816 611 πρὸς
826 575 922 611 τούτῳ,

135 622 167 648 τὸ
178 621 321 656 ἐπιθυμεῖν
338 621 384 647 ὑπ’
402 620 476 656 αὐτῷ
491 621 617 654 γενέσθαι
636 621 757 656 Χριστῷ.
780 622 813 648 Ὃ
830 622 863 657 δὴ
879 623 925 648 καὶ

137 668 153 703 ἡ
166 667 260 703 νύμφη
275 667 356 702 φησιν
367 667 396 692 έν
411 667 450 702 τῷ
468 667 587 702 ’ᾼσματι
600 666 655 694 τῶν
674 667 806 703 ᾀσμάτων
816 677 822 684 ·
843 677 853 694 ι
880 668 925 694 Ἐν

135 716 168 750 τῇ
185 715 249 750 σκιᾷ
262 713 344 740 αὑτοῦ
356 713 527 749 ἐπεθύμησα,
541 714 588 740 καὶ
601 713 726 741 ἐκάθισα.
742 724 751 740 ι
769 715 798 741 ’0
812 714 925 750 γνιίιμης

136 760 225 787 τοίνυν
245 761 285 791 εἰς
300 760 380 787 τοῦτο
405 760 535 795 προήκων
551 760 613 791 λαὸς
628 779 636 792 ,
655 761 856 795 κατασκέψεται
874 761 923 796 μὲν

135 806 258 842 ὰκριῦῶς
278 807 341 838 τοὺς
363 806 427 841 περὶ
447 805 514 832 Θεοῦ
531 806 648 841 κλήρους
660 827 667 839 ,
684 806 825 839 τουτέστι,
841 807 874 833 τὰ
895 807 924 833 ἐν

136 852 242 879 ἐλπίσιν
254 852 342 886 ἀγαθὰ
350 853 406 883 τοῖς
416 851 574 878 εὐσεϐοῦσιν
590 851 793 887 ἐπηγγελμένα.
806 853 875 887 Περὶ
885 848 924 879 ὧν

136 898 182 925 καὶ
196 898 211 924 ὁ
225 898 295 929 θεῖος
309 898 360 933 ἔφη
374 897 464 924 Δαὸίδ·
480 906 488 922 ι
508 897 551 923 'Ev
566 898 626 929 ταῖς
639 897 717 933 χερσί
731 906 777 924 σου
792 898 816 924 οἱ
826 897 923 933 κλῆροί

134 999 181 1017 ται
197 991 287 1026 πάντη
305 998 335 1016 τε
351 990 398 1016 καὶ
420 989 539 1021 πάντως,
558 989 599 1016 ὅτι
616 988 740 1023 τεύξεται
754 989 921 1024 προσδοκῶν.

142 1036 306 1068 Ἐπαινέσας
320 1035 352 1071 δὴ
363 1033 410 1062 οὖν
427 1036 476 1070 τὴν
492 1034 588 1062 ἑαυτοῦ
605 1034 702 1070 βουλήν
715 1043 744 1061 τε
761 1036 807 1062 καὶ
822 1036 922 1072 κρίσιν,

135 1083 183 1110 καὶ
196 1083 227 1109 οὔ
244 1081 354 1118 μετρίου
368 1081 507 1117 θαύματος
520 1082 572 1118 τὴν
591 1081 620 1108 ιν
637 1089 670 1116 γε
684 1081 790 1113 τούτοις
806 1081 924 1114 ἀξιώσας

134 1129 299 1161 ἀνάπαυσιν,
319 1128 454 1159 τουτέστι,
470 1127 520 1163 τὴν
537 1128 578 1158 είς
595 1127 682 1154 αἰῶνα
699 1127 793 1163 τιμὴν,
815 1127 865 1163 τὴν
885 1127 923 1160 ὡς

135 1176 164 1202 ὲν
182 1174 312 1210 ἁγιασμῷ
335 1174 430 1209 τελείῳ
453 1173 541 1209 ἔχοντι
565 1173 648 1209 ζωὴν,
672 1173 722 1208 τὴν
743 1173 923 1210 ἀτελεύτητον

133 1220 229 1254 δόξαν,
247 1219 296 1256 τήν
314 1219 501 1253 ἀναπόϐλητον
520 1217 668 1253 βασιλείαν,
685 1218 732 1244 καὶ
746 1218 797 1245 ὅσα
813 1218 860 1244 καὶ
877 1218 923 1245 νοῦ

135 1267 182 1294 καὶ
194 1265 318 1301 γλώττης
331 1265 471 1298 ἐπέκεινα,
485 1263 626 1300 τληπαθὴς
644 1263 720 1290 ἔσται
731 1263 836 1291 λοιπόν.
857 1263 923 1291 Ἑω-

135 1312 228 1349 ρακὼς
240 1312 293 1347 γὰρ
310 1311 349 1338 ὅτι
367 1311 437 1337 πίων
451 1312 467 1346 ἡ
484 1310 536 1345 γῆ,
556 1318 565 1336 ι
586 1309 632 1336 τὸν
649 1306 724 1345 ὦμον
739 1309 887 1344 ὑποθήσει,
911 1319 920 1335 ι

134 1358 214 1394 φησὶ,
229 1359 275 1385 καὶ
288 1357 426 1393 ἀγαπήσει
441 1356 486 1383 τὸν
509 1355 599 1382 πόνον.
617 1355 731 1391 Δέχεται
749 1355 777 1382 δὲ
791 1356 823 1382 τὸ
836 1356 923 1391 παρά-

133 1404 234 1438 δειγμα
249 1402 325 1438 παρὰ
343 1401 397 1429 τῶν
414 1401 451 1432 ὡς
465 1400 566 1436 ἄριστα
587 1401 716 1435 γηπονεῖν
733 1399 877 1432 εἰωθότων,
897 1400 922 1426 οἶ

134 1448 341 1486 φιλεργέστατοι
357 1447 387 1474 τέ
404 1448 456 1474 εισι
473 1447 520 1473 καὶ
542 1445 686 1481 σκαπάνης
703 1445 792 1480 φίλοι,
806 1445 852 1472 καὶ
868 1445 922 1481 μὴν

135 1494 182 1520 καὶ
207 1493 334 1529 ἀρότροις
357 1490 477 1527 ὲνιδροῦν
498 1490 703 1523 σπουδάζουσιν,
721 1490 745 1517 εί
763 1489 795 1526 δὴ
813 1490 922 1525 πιείρας

133 1539 259 1566 λάῦοιντο
274 1540 335 1574 γῆς,
347 1537 510 1570 ἐννοοῦντες,
524 1534 600 1572 οἶμαί
613 1544 675 1567 που,
688 1536 794 1571 καρπον
809 1535 854 1562 τὸν
868 1536 922 1571 ἀμ.-

977 301 1005 328 ld
1021 301 1094 329 enim
1106 302 1303 337 magnifaciunt
1316 306 1398 337 atque
1409 302 1546 337 praecipue
1558 307 1687 337 praestare
1697 312 1761 332 con-

978 347 1103 381 tendunt,
1115 352 1145 376 ut
1160 348 1266 376 scilicet
1282 355 1315 375 ex
1332 348 1405 376 bono
1416 348 1498 375 corde
1512 349 1705 382 exclamantes,
1718 350 1761 377 di-

976 397 1040 421 cant
1052 403 1057 420 :
1076 403 1084 419 ι
1096 394 1204 422 Iudicia
1214 395 1321 422 Domini
1334 402 1410 426 vera,
1420 394 1568 430 justiﬁcata
1580 395 1607 422 in
1621 395 1740 430 idipsum
1754 416 1760 422 .

976 439 1167 468 desiderabilia
1176 448 1259 476 super
1267 448 1363 468 aurum
1372 445 1400 467 et
1407 440 1524 476 lapidem
1532 441 1684 475 pretiosum
1693 441 1762 468 mul-

976 489 1035 512 tum
1047 485 1079 513 ⁵³.
1094 496 1102 511 ι
1116 487 1279 514 Praeclarum
1291 487 1357 514 item
1371 494 1403 514 ac
1414 487 1515 514 bonum
1527 491 1570 514 est
1580 490 1709 522 expetere
1732 490 1761 515 ut

976 532 1037 566 quis
1049 532 1084 558 sit
1101 532 1153 559 sub
1170 532 1290 565 Christo,
1303 533 1374 560 sicut
1392 537 1420 560 et
1432 540 1531 567 sponsa
1550 533 1589 560 ait
1602 533 1629 560 i-n
1640 532 1762 561 Canticis

975 577 1143 604 canticorum
1160 587 1165 604 :
1184 588 1191 603 ι
1215 578 1272 605 Sub
1290 579 1388 605 umbra
1403 579 1489 616 ipsius
1510 578 1672 610 desideravi,
1693 583 1721 605 et
1734 579 1762 606 in

975 629 1007 649 ea
1021 623 1079 650 sedi
1091 623 1124 650 ιλ.
1140 634 1149 649 ι
1165 624 1284 658 Populus
1303 624 1385 659 igitui‘
1406 625 1443 652 ita
1462 624 1577 652 affectus
1605 624 1761 652 considerat

974 669 1096 696 studiose
1125 670 1298 698 hereditates
1325 678 1385 706 qua!
1406 679 1421 698 a
1443 670 1558 698 Domino
1580 671 1759 705 proveniunt,

975 713 1027 742 hoc
1039 719 1091 748 est,
1109 715 1180 743 bona
1200 717 1301 743 sanctis
1316 716 1460 751 promissa,
1482 724 1543 751 quae
1561 716 1652 744 adhuc
1671 717 1700 744 in
1713 724 1761 752 spe

974 760 1027 788 sita
1038 765 1102 788 sunt
1115 770 1122 788 :
1136 761 1170 788 de
1180 761 1281 796 quibus
1291 766 1320 789 et
1330 761 1440 789 divinus
1449 761 1534 789 David
1547 761 1672 790 meminit
1685 771 1691 789 :
1709 773 1717 787 ι
1730 762 1760 790 in

974 807 1101 835 manibus
1114 808 1167 835 tuis
1179 812 1268 836 sortes
1281 815 1348 835 meae
1362 808 1396 835 ".
1413 818 1422 834 ι
1436 808 1656 836 Commorabitur
1668 813 1759 836 autem

973 853 1175 887 quodammodo
1192 857 1220 880 et
1243 854 1417 888 conquiescet
1441 853 1470 880 in
1488 853 1538 886 eis,
1564 854 1628 888 quia
1649 862 1760 889 compos

957 905 1030 925 -sutc
1047 898 1106 932 spei
1127 902 1168 926 est
1181 898 1300 925 futurus.
1323 898 1392 926 Cum
1413 899 1496 934 igitur
1516 900 1659 934 probasset
1680 909 1759 928 suum

136 953 199 981 μου.
211 953 220 969 ι
228 943 381 971 Καταλύσει
389 943 417 969 δὲ
427 942 522 978 ὥσπερ
531 943 558 969 ἐν
566 943 668 975 αὐτοῖς,
678 943 723 969 καὶ
731 943 874 970 ὲπαναπαύ
879 951 923 968 σε-
939 932 960 960 Β

974 943 1118 970 consilium
1127 951 1159 971 ac
1167 942 1311 978 judicium,
1323 951 1412 978 neque
1422 951 1518 978 parum
1529 945 1679 972 admiratus
1689 950 1761 974 esset

974 990 1094 1024 quietem
1117 990 1146 1016 in
1165 990 1219 1022 bis,
1239 989 1291 1016 hoc
1303 993 1354 1021 est,
1371 994 1504 1016 atternum
1521 990 1603 1025 228
1615 990 1759 1024 honorem,

973 1035 1057 1062 vitam
1073 1034 1194 1070 perfecte
1205 1033 1414 1067 sanctiﬁcatam,
1427 1034 1617 1062 incessabilem
1631 1034 1759 1070 gloriam,

975 1088 1088 1116 regnum
1110 1080 1319 1115 sempiternum,
1331 1087 1363 1107 ac
1378 1087 1548 1115 quaecunque
1561 1087 1670 1107 omnem
1684 1088 1761 1108 men—

975 1130 1028 1153 tem
1040 1133 1072 1153 ac
1082 1126 1202 1161 linguam
1220 1129 1360 1161 superant,
1373 1129 1431 1152 tum
1443 1125 1552 1152 demum
1564 1125 1651 1153 factus
1662 1130 1704 1153 est
1715 1133 1762 1161 pa-

974 1173 1044 1199 tiens
1055 1172 1192 1199 laborum.
1211 1171 1280 1199 Cum
1298 1171 1371 1198 enim
1384 1170 1499 1198 vidisset
1512 1170 1585 1206 quod
1598 1175 1671 1199 terra
1688 1177 1762 1200 esset

973 1218 1092 1253 pinguis,
1107 1217 1146 1245 ait
1166 1221 1266 1250 textus,
1291 1226 1300 1243 ι
1319 1216 1468 1245 Submittet
1489 1216 1636 1244 humerum
1654 1217 1687 1250 ",
1710 1227 1719 1243 ι
1734 1222 1762 1245 et

972 1263 1075 1291 amabit
1085 1264 1216 1291 laborem.
1230 1263 1369 1290 Mutuatur
1379 1267 1470 1290 autem
1478 1263 1632 1298 exemplum
1643 1263 1677 1291 ab
1700 1263 1760 1291 istis

972 1310 1019 1345 qui
1032 1315 1134 1337 terram
1149 1310 1240 1337 colere
1253 1313 1464 1341 consueverunt,
1477 1309 1525 1344 qui
1543 1312 1607 1336 sunt
1623 1309 1652 1336 in
1663 1309 1760 1344 primis

971 1355 1112 1389 laboriosi,
1125 1359 1208 1391 atque
1219 1354 1407 1391 agricolationi
1418 1354 1514 1387 dediti,
1528 1357 1639 1389 totoque
1649 1358 1760 1390 pectore

972 1402 1070 1430 aratris
1080 1401 1253 1434 incumbunt,
1265 1400 1374 1436 quando
1387 1401 1487 1436 pingue
1500 1400 1588 1428 solum
1599 1401 1670 1428 nacti
1683 1406 1756 1434 sunt,

972 1449 1139 1483 uberemque
1149 1448 1269 1475 fructum
1284 1455 1312 1475 se
1324 1447 1388 1475 inde
1400 1451 1579 1483 percepturos
1589 1447 1755 1483 intelligunt.

971 1493 1140 1522 Adhortatur
1152 1497 1243 1521 autem
1256 1500 1307 1521 nos
1316 1493 1350 1520 ad
1361 1493 1414 1520 hoc
1425 1492 1508 1520 etiam
1517 1493 1651 1528 propheta
1661 1493 1755 1528 Oseas,

971 1539 1084 1568 dicens:
1101 1549 1109 1566 ι
1127 1539 1265 1568 Seminate
1284 1539 1362 1566 vobis
1382 1538 1416 1566 ad
1433 1537 1578 1574 justitiam,
1591 1542 1620 1566 et
1638 1539 1758 1575 colligite

134 1584 251 1621 φιλαφῆ,
275 1584 322 1612 καὶ
332 1584 365 1611 τὰ
378 1584 407 1617 ἐξ
416 1583 500 1618 αὐτῆς
510 1582 634 1618 ἐσόμενα.
644 1582 812 1617 Παροτρύνει
823 1582 852 1608 δέ
862 1591 921 1615 πως

973 1586 1000 1613 in
1014 1586 1133 1613 fructum
1144 1585 1217 1612 vitae.
1230 1583 1378 1612 Accendite
1390 1584 1418 1611 in
1429 1583 1508 1611 vobis
1517 1583 1611 1611 lumen
1623 1583 1758 1619 cognitio-

133 1634 174 1664 εἰς
186 1631 264 1659 τοῦτο
276 1631 321 1658 καὶ
331 1632 346 1658 ὁ
357 1630 438 1665 σοφὸς
451 1630 525 1665 ἡμᾶς
542 1628 630 1665 Ὠσηὲ,
644 1628 730 1663 λέγων
744 1636 749 1643 ·
764 1638 773 1655 ι
788 1629 920 1665 Σπειρατε

973 1632 1025 1659 nis.
1037 1630 1180 1666 Exquirite
1194 1630 1339 1658 Dominum
1352 1629 1440 1657 donec
1455 1629 1568 1657 veniant
1578 1628 1658 1657 vobis
1669 1629 1760 1665 fruges

134 1678 243 1709 ἑαυτοῖς
255 1678 294 1709 εις
305 1674 488 1710 δικαιοσύνην,
497 1674 652 1711 τρυγήσατε
664 1674 704 1706 εἰς
716 1674 820 1709 καρπον
832 1675 904 1710 ζωῆς
912 1683 918 1690 ·

134 1723 274 1758 φωτίσατε
295 1722 400 1753 ἑαυτοῖς
426 1721 484 1756 φῶς
507 1719 646 1754 γνώσεως.
671 1718 856 1755 Ἐκζητήσατε
875 1721 921 1748 τὸν

134 1769 239 1804 Κύριον
252 1768 304 1800 ἕως
316 1763 346 1794 οὗ
364 1767 428 1803 ἔλθῃ
439 1765 624 1802 γεν[ν]ήματα
636 1766 810 1802 δικαιοσύνης
827 1767 917 1802 ὑμῖν.»

140 1813 294 1850 Ἐπηύξατο
309 1813 337 1839 δὲ
356 1813 403 1840 καὶ
416 1814 431 1839 ὸ
453 1812 589 1848 μακάριος
607 1811 711 1844 Παῦλος
729 1812 813 1839 εἰπών
825 1820 833 1828 ο
854 1822 863 1838 ι
890 1813 920 1839 ὐ

133 1860 162 1886 δὲ
185 1857 359 1895 ἐπιχορηγῶν
375 1857 486 1893 σπέρμα
506 1857 545 1892 τῷ
564 1858 701 1892 σπείροντι
714 1857 761 1884 καὶ
779 1858 860 1894 ἄρτον
880 1859 921 1891 είς

135 1903 239 1940 βρῶσιν
251 1924 259 1936 ,
275 1904 423 1939 χορηγήσει
441 1903 489 1930 καὶ
504 1902 635 1937 πληθυνεῖ
654 1902 698 1929 τὸν
716 1903 818 1940 σπόρον
832 1904 919 1940 ὑμῶν,

969 1678 1084 1715 justitiae
1103 1678 1137 1705 ".
1154 1687 1163 1704 ›
1180 1677 1279 1705 Paulus
1298 1682 1408 1711 quoque
1427 1674 1533 1702 fruetus
1551 1674 1664 1711 justitiaa
1681 1674 1760 1703 nobis

972 1729 1111 1761 precatur,
1122 1724 1232 1752 dicens:
1246 1731 1255 1749 (
1265 1721 1317 1756 Qui
1332 1721 1487 1757 suppeditat
1498 1728 1592 1749 semen
1602 1721 1758 1754 seminanti,

972 1776 1000 1799 et
1011 1778 1108 1806 panem
1119 1770 1147 1797 in
1159 1769 1262 1801 cibum,
1274 1767 1500 1803 suppeditabit,”
1510 1766 1705 1801 multiplicabit
1715 1774 1759 1794 se-

973 1820 1093 1844 mentem
1101 1819 1231 1846 vestram,
1240 1813 1404 1848 augebitque
1415 1812 1521 1839 fructus
1528 1811 1592 1848 justi
1597 1813 1640 1840 tiae
1651 1816 1758 1844 vestrae,

974 1867 1004 1891 ut
1016 1862 1119 1897 ubique
1130 1867 1240 1888 omnem
1253 1858 1444 1887 suiﬁcientiam
1456 1857 1599 1891 habentes,
1614 1858 1761 1886 abundetis

974 1909 1002 1936 in
1019 1913 1100 1935 omne
1117 1912 1188 1940 opus
1200 1904 1303 1932 bonum
1322 1903 1355 1929 ⁸⁸.
1377 1912 1388 1928 ι

134 1951 183 1978 καὶ
192 1950 305 1986 αὐξήσει
320 1950 353 1977 τὰ
366 1949 549 1987 γεν[ν]ήματα
559 1950 608 1985 τῆς
622 1948 794 1986 δικαιοσύνης
807 1951 894 1988 ὑμῶν,
915 1955 959 1983 ἵνα
978 1954 1094 1982 πάντοτε
1109 1952 1200 1979 πᾶσαν
1222 1950 1387 1985 αὐτάρκειαν
1403 1948 1508 1984 ἔχοντες
1525 1948 1705 1984 περισσεύητε
1720 1948 1760 1981 είς

134 1998 189 2025 πᾶν
200 1998 280 2033 ἔργον
291 1997 401 2031 ἀγαθόν.
420 2007 429 2023 ι

175 2084 178 2087 λ
415 2054 482 2090 Περὶ
499 2054 551 2081 τοῦ
562 2054 632 2082 Δάν.

173 2111 183 2127 ι
202 2101 255 2128 Δὰν
269 2102 358 2136 κρινεῖ
370 2095 428 2127 ’τὸν
441 2100 504 2127 λαὸν
522 2100 614 2132 αὑτοῦ,
632 2100 700 2127 ὡσεὶ
721 2101 768 2127 καὶ
788 2101 837 2136 μία
852 2102 921 2137 φυλή

134 2149 164 2176 ὲν
186 2147 305 2184 Ἰσραήλ·
326 2147 374 2174 καὶ
394 2146 537 2182 γενηθήτω
561 2146 614 2172 Δὰν
630 2146 702 2180 ὄφις,
715 2147 757 2181 ἐφ’
772 2147 824 2182 ὁδῷ
837 2147 922 2182 ἐγκα-

134 2196 253 2231 θήμενος
271 2193 318 2219 ἐπὶ
344 2191 456 2228 τρίϐου,
479 2192 585 2219 δάκνων
609 2192 728 2228 πτέρναν
755 2192 851 2225 ἵππου,
875 2193 922 2219 καὶ

1302 2049 1341 2076 De
1360 2048 1431 2076 Dan.

1012 2109 1020 2125 ι
1035 2099 1093 2126 Dan
1105 2095 1240 2133 judicabit
1256 2094 1388 2130 populum
1405 2100 1495 2126 suum,
1510 2093 1581 2121 sicut
1594 2097 1621 2121 et
1636 2102 1690 2122 una
1708 2096 1758 2123 tri-

973 2145 1024 2172 bus
1036 2145 1064 2171 in
1080 2142 1174 2175 ISrael,
1186 2145 1214 2169 et
1225 2141 1272 2168 iiat
1290 2140 1349 2168 Dan
1367 2140 1480 2167 coluber
1494 2139 1522 2166 in
1538 2140 1582 2167 via
1598 2140 1720 2168 insidens
1731 2143 1759 2170 in

973 2191 1081 2223 semita,
1095 2188 1224 2216 mordens
1237 2187 1394 2214 calcancum
1407 2185 1481 2220 equi,
1494 2189 1522 2212 et
1532 2185 1611 2213 cadet
1621 2194 1706 2221 eques
1718 2196 1760 2216 re-

134 2241 282 2269 πεσεῖταιὸ
296 2241 394 2271 ἱππεὺς
408 2241 448 2271 εἰς
458 2239 492 2266 τὰ
507 2239 629 2271 ὀπίσθια,
651 2239 700 2275 τὴν
717 2239 853 2274 σωτηρίαν
873 2248 921 2266 πε-

975 2242 1107 2269 trorsum;
1123 2235 1247 2263 Salutare
1267 2235 1429 2267 exspectans
1448 2231 1555 2258 Domini
1567 2232 1600 2258 ".
1617 2242 1626 2258 ι
1642 2232 1760 2262 Historia

135 2287 256 2323 ριμένων
275 2286 351 2322 παρὰ
366 2286 480 2321 Κυρίου.
498 2294 508 2311 ι
528 2284 644 2312 Ἔπεται
658 2285 738 2312 πάλιν
751 2288 785 2322 τῇ
799 2285 847 2312 τοῦ
862 2285 920 2312 ὀνό-

136 2341 220 2368 ματος
237 2331 400 2367 ὲτυμολογίᾳ
420 2332 434 2358 ὁ
447 2331 536 2365 λόγος.
553 2330 664 2365 Κριτὴς
678 2331 733 2368 γὰρ
746 2332 805 2367 ἢτοι
821 2331 921 2365 κρίσις

133 2382 147 2407 ὁ
162 2380 225 2406 Δάν.
242 2377 387 2414 Ἐμφήνειε
398 2377 419 2404 δ’
434 2376 466 2403 ἂν
479 2376 516 2409 ὡς
530 2377 572 2410 ἐφ’
584 2376 673 2412 ἑαυτῷ
688 2378 735 2404 καὶ
751 2373 827 2408 οὗτος
842 2376 922 2403 πάλιν

132 2426 179 2453 τὸν
199 2424 299 2451 εὐκλεᾶ
312 2423 359 2449 καὶ
371 2422 517 2458 περίοπτον
531 2422 585 2449 τῶν
599 2422 684 2456 ἁγίων
704 2423 860 2449 ἀποστόλων
876 2431 921 2458 χο-

135 2473 182 2509 ρόν
192 2460 204 2487 ·’
216 2471 240 2498 οῖ
259 2471 298 2502 εἰς
313 2470 400 2506 ἀρχὴν
417 2469 551 2496 τέθεινται
563 2469 618 2496 τῶν
633 2470 863 2502 πεπιστευκότων,
876 2470 923 2496 καὶ

134 2521 166 2547 τδ
182 2518 285 2554 κρίνων
309 2516 414 2551 έλαχον,
437 2515 639 2550 κατανέμοντος
664 2515 755 2547 αὐτοῖς
772 2515 802 2542 τὺ
826 2515 921 2550 χρῆμα

133 2562 266 2600 Χριστοῦ.
282 2563 335 2589 Καὶ
347 2561 412 2596 γοῦν
425 2562 440 2588 ὀ
455 2560 599 2592 θεσπέσιος
614 2559 717 2592 Παῦλός
732 2568 798 2594 φησι
808 2569 814 2574 ·
836 2570 844 2585 ι
865 2560 921 2586 Οὺκ

134 2610 224 2637 οἴδατε
240 2610 281 2635 ὅτι
297 2607 429 2642 ἀγγέλους
455 2606 611 2642 κρινοῦμεν,
631 2606 730 2641 μήτιγε
747 2605 880 2641 βιωτικά;
910 2615 918 2630 ι

134 2654 239 2690 Κριτὴς
255 2654 304 2689 μὲν
318 2651 364 2680 οὖν
376 2649 415 2684 εἷς
435 2653 482 2679 καὶ
504 2651 653 2687 νομοθέτης
667 2652 737 2678 κατὰ
748 2650 798 2683 τὰς
811 2651 921 2686 Γραφὰς

133 2701 149 2728 ὁ
162 2698 291 2735 Χριστός.
305 2698 337 2724 Εἰ
347 2697 376 2725 δὲ
395 2697 592 2732 πρεσὸεύουσιν
606 2697 673 2732 ὑπὲρ
686 2696 804 2731 Χριστοῦ
816 2697 841 2722 οί
854 2697 923 2723 ἁπό-

136 2745 235 2776 στολοι,
247 2744 293 2771 καὶ
304 2745 332 2770 ὲν
342 2743 433 2774 αὐτοῖς
443 2743 560 2769 τέθειται
568 2742 618 2777 τῆς
629 2742 801 2778 καταλλαγῆς
810 2743 824 2769 ό
833 2742 921 2776 λόγος,

134 2790 211 2817 οὐδὲν
227 2790 257 2816 τὸ
271 2788 432 2825 παράδοξον,
443 2789 467 2815 εἱ
480 2789 526 2815 καὶ
538 2790 640 2816 νοοῖντο
653 2789 746 2823 κριταὶ
758 2788 818 2814 καθ’
830 2788 926 2823 ὀμοιό-.

973 2289 1081 2310 rursum
1093 2279 1212 2308 nominis
1223 2277 1412 2314 etymologiam
1424 2275 1556 2310 sequitur.
1567 2276 1623 2303 Dan
1634 2277 1707 2304 enim
1718 2284 1760 2306 est

968 2329 1062 2364 judex,
1079 2330 1127 2354 aut
1138 2324 1277 2361 judicium.
1292 2324 1350 2350 Pra:
1371 2330 1400 2349 se
1421 2321 1475 2349 fert
1490 2325 1581 2349 autem
1596 2322 1641 2349 hic
1657 2323 1759 2358 glorio-

973 2381 1033 2401 sum
1064 2378 1145 2408 atque
1171 2369 1362 2398 admirabilem
1389 2372 1547 2395 sanctorum
1574 2369 1760 2403 apostolorum

973 2419 1100 2451 chorum,
1113 2418 1160 2453 qui
1181 2417 1209 2444 in
1225 2415 1408 2451 principatum
1429 2413 1550 2440 ﬁdelium
1570 2418 1635 2441 sunt
1656 2416 1760 2443 consti-

974 2466 1036 2498 tuti,
1049 2469 1076 2493 et
1085 2464 1219 2501 judicium
1231 2460 1381 2492 consecuti,
1394 2459 1531 2487 tribuente
1542 2460 1595 2488 hoc
1606 2461 1672 2496 ipsis
1683 2461 1760 2489 Chri-

974 2517 1026 2539 sto.
1050 2511 1120 2538 Hinc
1137 2513 1165 2536 et
1190 2507 1300 2535 divinus
1321 2506 1423 2533 Paulus
1443 2505 1481 2532 ait
1501 2514 1507 2532 :
1526 2514 1535 2530 ι
1551 2505 1669 2533 Nescitis
1690 2515 1760 2542 quo-

974 2559 1048 2586 niam
1064 2557 1175 2592 angelos
1199 2554 1286 2582 simus
1307 2551 1466 2588 judicaturi,
1494 2558 1549 2577 non
1577 2555 1681 2578 tantum
1707 2560 1760 2579 sre-

974 2603 1079 2632 cularia
1104 2602 1143 2628 °°?
1166 2612 1174 2626 ι
1208 2599 1359 2633 Quocirca,
1384 2597 1449 2624 licet
1471 2604 1543 2624 unus
1560 2597 1644 2632 judex
1670 2601 1699 2624 et
1723 2598 1760 2625 le-

974 2650 1086 2685 gislator
1095 2648 1140 2680 sit,
1151 2647 1227 2682 juxta
1239 2645 1394 2679 Scripturas
1406 2642 1450 2675 ⁸⁰”,
1460 2649 1558 2676 nempe
1572 2641 1708 2675 Christus,
1720 2647 1760 2670 ta-

975 2698 1071 2723 menet
1077 2692 1202 2729 apostoli,
1210 2691 1255 2727 qui
1262 2687 1720 2726 proChristofungunturlegatione
1726 2689 1758 2720 ".

975 2747 1002 2769 et
1011 2740 1114 2776 quibus
1128 2737 1290 2766 commissus
1299 2741 1341 2763 est
1357 2734 1584 2763 reconciliationis
1594 2741 1694 2767 sermo,
1704 2742 1758 2762 non

976 2787 1025 2815 abs
1036 2794 1065 2814 re
1077 2784 1190 2820 intelligi
1203 2783 1309 2820 possint
1320 2786 1349 2810 et
1363 2781 1415 2818 ipsi
1425 2781 1542 2817 judices,
1558 2780 1707 2808 secundum
1723 2781 1761 2808 si-

171 2859 194 2874 "
205 2858 277 2886 Psal.
293 2864 368 2889 mu,
388 2856 430 2888 i0,
445 2857 488 2883 li.
524 2856 548 2872 "‘
558 2856 636 2883 Cant.
651 2864 680 2885 ιι.
697 2856 722 2883 5.
762 2856 785 2872 ⁵⁸
797 2856 867 2883 Psal.
879 2863 923 2883 xx:

976 2855 1002 2881 6.
1041 2855 1063 2869 "
1075 2853 1142 2881 Gen.
1156 2861 1227 2889 XLIX,
1246 2852 1287 2878 lii.
1326 2849 1442 2889 ’lOsee,
1454 2858 1480 2882 χ,
1491 2849 1533 2876 12.
1573 2848 1595 2864 ³⁸
1612 2847 1634 2875 ll
1645 2847 1708 2875 Cor.
1720 2855 1758 2882 ix,

137 2892 237 2928 10,“.
277 2892 300 2909 ¹⁹
311 2891 380 2920 Gcn.
392 2898 464 2924 xm,
483 2891 526 2924 ιθ,
542 2891 585 2919 17.

293 2940 430 2970 Panem.
452 2940 509 2970 Gn.
531 2939 633 2970 LXIX.

641 2893 662 2907 "
678 2891 762 2920 lCor.
780 2899 816 2923 vr,
832 2891 858 2918 3.
897 2885 1001 2918 “'Jac.
1020 2897 1055 2923 ιγ,
1074 2889 1115 2916 12.
1132 2890 1152 2904 “
1172 2889 1191 2915 ll
1208 2888 1270 2915 Cor.
1283 2895 1309 2918 ιν,
1326 2885 1369 2912 '30.

1528 2930 1562 2961 l2
