1999 3056
155 133 208 162 345

646 135 905 165 (λιηιριιγιιοιιωι
925 139 957 165 ΙΝ
977 138 1126 167 GENESIM
1146 139 1209 166 LIB.
1232 140 1286 167 ΥΠ.

1726 144 1780 171 ξιίὸ

154 196 209 225 τοῖς
230 193 388 227 όφῦαλμοῖς.
405 191 536 227 Κέκμηκε
557 191 585 217 δὲ
607 191 665 218 λίαν
687 193 701 226 ἡ
726 191 778 218 τῶν
807 192 939 219 Ἰουδαίων

997 194 1159 223 'irmioribus
1179 196 1265 222 ocuiis
1282 201 1414 222 uteretur.
1437 197 1518 223 Valde
1537 202 1627 225 autem
1645 200 1779 229 laboravit

155 239 305 273 Συναγωγή
322 239 396 273 νόμῳ
411 238 447 273 τῷ
465 237 508 264 διὰ
525 237 645 269 Μωσέως
664 238 881 273 κατηχθισμένη,
897 240 942 266 καὶ

154 285 204 310 οὐκ
221 283 374 310 εὐσθενέσιν
387 283 534 318 όλςοαλμοῖς
544 283 611 317 πρὸς
623 283 652 309 τὸ
666 283 712 309 τοῦ
725 284 849 319 Σωτῆρος
863 284 942 319 ἡμῶν

155 330 245 365 ὀρῶςα
261 327 419 364 μυστήριον.
447 327 546 363 Ῥαχὴλ
569 328 597 354 δὲ
620 326 652 362 ἦν
665 329 734 364 καλὴ
754 329 791 364 τῷ
808 329 873 356 εἴδει
897 331 942 356 καὶ

155 374 242 410 ὡραία
263 373 374 409 σφόδρα.
404 373 628 408 Ἐκπρεπεστάτη
643 374 671 400 δὲ
690 373 750 400 λίαν
779 375 795 410 ἡ
815 375 843 408 ἐξ
860 375 942 401 ὲθνῶν

154 419 312 455 Ἐκκλησία.
327 420 409 451 Λείας
428 419 459 454 δὴ
474 417 520 445 οὖν
540 419 683 446 τελευταία
698 416 820 456 υυγάτηῤ
833 421 943 455 γέγονεν

154 467 170 500 ἠ
185 466 248 492 Δίνα
273 465 363 496 Τύπος
377 465 398 491 6‘
413 465 445 492 ἂν
457 465 561 499 γένοιτο
581 466 627 492 καὶ
642 466 710 501 αὕτη
721 467 771 501 τῆς
785 468 817 494 ὲκ
835 475 941 502 περιτο-

156 510 347 546 μῆςπληοῦος,
360 509 376 545 ἡ
393 510 438 536 καὶ
459 512 487 537 ὲν
502 510 607 545 χρόνοις
627 511 723 544 γέγονε
738 512 793 542 τοῖς
806 512 885 546 ὲσχάτ
892 520 941 543 οις,

155 555 217 582 καθ’
230 555 276 587 οὓς
301 554 510 590 ἑνηνθρώπησεν
524 556 538 581 ὁ
552 556 717 589 Μονογενής.
736 556 800 582 Ὅτε
819 556 905 584 τοίνυν
925 558 941 591 ἡ

154 601 207 627 τῶν
220 602 252 628 ὲκ
269 601 419 636 περιτομῆς
429 601 569 628 τελευταία
580 601 693 637 πληθὺς.
709 601 759 633 ἔξω
770 601 854 637 βραχὺ
867 611 942 636 γενο-

155 645 224 680 μένη
238 646 288 680 τῆς
306 645 436 681 πατρῴας
459 646 572 681 σκηνῆς,
590 646 722 677 τουτέστι,
741 646 794 672 τῶν
810 647 879 673 κατὰ
898 647 943 674 τὸν

154 690 236 724 νόμον
249 689 328 723 ἐθῶν,
348 691 403 721 τοῖς
419 691 560 726 ἐγχωρίοις
582 683 772 726 προσέϐαλλεν·
794 691 876 726 ἤγουν
896 691 943 717 ὲττ-

154 736 285 771 εμίσγετο
293 736 363 762 κατὰ
378 735 506 771 μάθησιν,
525 736 595 770 λέγω
606 736 636 771 δὴ
652 737 708 768 τοῖς
727 737 815 770 ἁγίοις
826 737 940 763 ἀποστό-

154 782 222 814 λοις,
235 783 285 809 οὐκ
300 781 340 808 ἔτι
361 782 409 817 μὲν
427 781 512 814 ζῶσιν
535 781 700 814 Ἰουδαϊκῶς,
718 783 746 808 ἐν
770 782 902 817 ὑπολήψει
915 782 943 809 δὲ

154 828 249 864 ὥσπερ
266 828 389 862 γεγονόσι
398 827 450 854 τῶν
460 827 635 862 ἑτερογενῶψ
648 827 706 854 τότε
715 827 759 860 δὴ,
774 828 833 854 τότε
843 828 943 863 von-:6);

153 873 386 909 διεπαρθενεὺετο,
399 873 448 908 τῆς
469 874 497 900 ὲν
514 873 622 908 Χριστῷ
646 873 780 905 πολιτείας
800 874 846 900 καὶ
861 874 942 908 εὐαγ-
960 870 979 896 Β

154 919 267 954 γελικῆς
292 919 326 945 τὰ
353 918 497 954 σπέρματα
524 919 587 954 παρ’
604 919 694 945 αὐτῶν
712 919 852 954 δεχομένη.
873 918 943 945 Ἀλλ’

153 966 325 1001 ὴγανάκτουν
341 965 407 1001 πρὸς
418 965 495 991 τοῦτο
507 965 561 991 τῶν
578 964 674 992 Ἰακὼϐ
691 965 793 992 παίδων
809 965 880 996 τινὲς
895 965 944 990 Συ-

156 1010 230 1045 μεὼν
249 1012 295 1037 καὶ
308 1011 383 1042 Λευὶ,
395 1010 543 1040 τουτέστιν,
561 1010 588 1036 οἵ
598 1019 625 1036 τε
642 1010 670 1035 ἐν
686 1009 813 1044 ὑπηκόων
826 1009 944 1044 κείμενοι

155 1056 242 1089 τάξει,
264 1057 310 1082 καὶ
326 1056 374 1082 σὺν
392 1056 483 1087 αὐτοῖς
501 1056 530 1081 τὸ
545 1055 615 1090 ἱερὸν
626 1055 673 1081 καὶ
687 1055 835 1081 ἁπόλεκτον
855 1053 942 1088 γένος.

161 1101 356 1137 Ἐρμηνεύεται
387 1102 435 1136 μὲν
460 1101 514 1135 γὰρ
536 1100 648 1136 Συμεὼν
677 1100 806 1134 ὑπακοή·
827 1100 892 1127 Λευὶ
916 1100 944 1126 δὲ

155 1147 414 1182 προσειλιιμμένος
433 1146 449 1181 ἢ
465 1147 643 1178 ἀπόλεκτος.
664 1146 725 1173 Ὅτι
737 1146 765 1172 δὲ
785 1147 840 1177 τοῖς
858 1145 944 1180 ἁγίοις

155 1193 314 1224 ἀποστόλοις
334 1192 483 1227 ἐπεφύοντο
507 1191 600 1224 δεινῶς
617 1193 642 1219 οἱ
656 1192 705 1227 τῆς
720 1192 790 1218 κατὰ
811 1192 891 1227 νόμον
909 1192 945 1217 ιε-

158 1239 272 1274 ροσύνης
288 1238 414 1273 λαχόντες
431 1238 466 1264 τὰ
494 1238 650 1273 αὐχήματα,
668 1236 832 1264 συνθεόντων
854 1238 944 1268 αὐτοῖς

156 1285 204 1311 καὶ
217 1285 299 1315 λαῶν,
315 1284 369 1315 πῶς
387 1284 458 1310 ἔστιν
470 1283 664 1319 (summm;
674 1282 833 1318 Ἐπέτριζον
847 1283 874 1309 δὲ
883 1283 945 1314 τοὺς

155 1331 275 1362 ὀδόντας.
297 1330 350 1357 τῶν
375 1330 418 1356 ὑπ’
437 1330 528 1361 αὑτοῖς
549 1328 696 1363 γεγονότων
719 1328 768 1364 τὴν
780 1328 945 1363 ἐπιστροφὴν

156 1375 332 1411 καταφθορὰν
351 1376 540 1410 ὀνομάζοντες,
553 1374 600 1401 καὶ
615 1372 657 1401 οἷά
680 1383 705 1400 τι
720 1374 773 1400 τῶν
788 1374 856 1408 ἄγαν
868 1374 945 1400 ἐκτό-

157 1431 216 1450 πων
234 1422 410 1457 ἐπιφέροντες
428 1421 618 1457 ὲγκλημάτωψ
632 1430 640 1446 ι
655 1420 721 1447 Ἰδοὺ
738 1421 803 1456 γὰρ,
816 1420 944 1454 ἔφασκον,

158 1466 356 1503 πεπληρώκατε
377 1467 424 1502 τὴν
442 1466 619 1501 Ἰερουσαλὴμ
633 1466 683 1500 τῆς
700 1465 811 1501 διδαχῆς
827 1465 914 1499 ὑμῶν.
934 1474 942 1490 ι

163 1513 274 1547 Ἐπειδὴ
294 1512 321 1539 δὲ
346 1511 537 1544 κατωνείδιζον
548 1511 586 1543 ὡς
605 1511 696 1538 οὐκέτι
714 1511 816 1543 ζῶντας
836 1511 946 1538 Ἰουδαῖ-

158 1603 188 1630 τδ
201 1603 360 1638 διατειχίζον
368 1604 395 1630 δὲ
408 1603 477 1635 ὅλως
491 1604 530 1635 εἰς
541 1603 672 1639 διαφορὰν
680 1604 765 1630 οὐδέν·
775 1604 852 1639 εἴπερ
863 1603 947 1629 ἕλοιν-

157 1657 189 1675 το
208 1649 277 1675 νοεῖν
292 1649 324 1675 τὰ
341 1648 462 1681 Μωσέως
478 1648 538 1675 καθ’
552 1648 580 1675 ὃν
596 1648 649 1675 ἔδει
665 1649 774 1684 τρόπον.
791 1658 799 1674 ι
817 1649 854 1675 Οὐ
868 1648 922 1684 γὰρ
935 1649 948 1674 ὁ

159 1696 188 1720 ὲν
201 1694 240 1730 τῷ
269 1694 387 1730 φανερῷ,
404 1695 480 1729 φησὶ,
504 1694 631 1726 Ἰουδαῖός
660 1695 742 1727 ἐστιν,
761 1694 820 1720 οὐδὲ
835 1695 851 1730 ἡ
869 1694 897 1720 ὲν
911 1693 948 1729 τῷ

159 1740 269 1776 φανερῷ
298 1741 326 1767 ἐν
351 1740 431 1774 σαρκὶ
459 1741 606 1775 περιτομή·
636 1740 693 1766 ἀλλ’
707 1740 720 1765 ὁ
736 1741 763 1765 ὲν
777 1739 816 1774 τῷ
838 1739 949 1775 κρυπτῷ

158 1786 296 1818 Ἰουδαῖος,
324 1786 370 1813 καὶ
396 1785 530 1821 περιτομὴ
558 1785 671 1820 καρδίας
697 1786 725 1812 ὲν
751 1785 896 1820 πνεύματι,
919 1785 949 1812 οὐ

159 1831 314 1868 γράμματι.
337 1841 347 1858 ›
366 1831 447 1867 Ὀρᾷς
460 1832 535 1863 ὅπως
548 1832 572 1858 οἱ
586 1831 663 1864 δόξαν
677 1831 785 1866 ἔχοντες
800 1831 950 1864 ἀλλογενῶν

161 1878 425 1913 συνεσχηματίζοντο
447 1879 502 1909 τοῖς
517 1877 662 1908 Ἰουδαίοις,
685 1876 734 1912 τὴν
760 1878 788 1903 ὲν
815 1877 950 1912 πνεύματι

161 1923 323 1959 περιτομὴν,
338 1924 386 1950 καὶ
399 1924 443 1950 τὸν
461 1924 488 1950 ἐν
503 1923 541 1959 τῷ
555 1923 668 1959 κρυπτῷ
682 1924 874 1959 περιφέροντες
885 1923 950 1950 Ίου-

159 1969 243 1995 διῖον.
264 1968 343 1996 Ἀλλὰ
358 1969 403 1995 καὶ
414 1969 498 2000 οὕτως
510 1969 872 2005 ἀπεκτόνασιπροανελόντες
887 1977 952 2005 προ-

161 2015 262 2050 φήτας,
280 2015 326 2041 καὶ
343 2015 422 2041 αὑτὸν
443 2015 471 2041 δὲ
491 2015 536 2041 τὸν
560 2015 747 2050 Ἐμμανουήλ..
772 2014 951 2041 Συνετέλεσαν

160 2060 261 2092 τοίνυν,
279 2060 372 2095 φησὶν,
402 2059 508 2087 ἀδικίαν
528 2059 637 2093 Συμεὼν
656 2060 702 2086 καὶ
727 2058 805 2091 Λευὶ,
824 2058 853 2091 ἐξ
877 2058 951 2094 αίρέ-

162 2114 231 2137 σεως
259 2105 359 2132 αὐτῶν·
389 2106 623 2141 συμπεφωνήκασι
647 2105 701 2141 γὰρ
725 2105 772 2132 καὶ
801 2105 952 2140 συνέϐησαν

161 2150 286 2186 αλλήλοις
300 2152 339 2183 είς
346 2151 395 2187 τὴν
410 2150 480 2177 κατὰ
490 2151 543 2177 τῶν
557 2150 641 2186 ἁγίων
655 2150 760 2177 ἀδικίαν
769 2151 784 2177 ὃ
795 2159 824 2176 τε
840 2149 952 2184 Συμεὼν

994 241 1149 269 Iudaeorum
1169 241 1320 276 Synagoga,
1337 241 1452 268 Mosaica
1473 241 1530 278 lege
1550 249 1672 276 onerata,
1691 253 1780 280 neque
1801 266 1805 269 .

993 285 1081 312 acutis
1098 285 1184 313 oculis
1203 285 1352 313 Salvatoris
1372 286 1458 313 nostri
1480 287 1639 321 mysterium
1658 289 1777 318 intuens.

995 333 1095 360 Rachel
1117 337 1207 360 autem
1227 337 1286 360 erat
1306 333 1418 367 pulchra
1441 333 1509 361 facie
1528 338 1556 361 et
1576 334 1675 362 decora
1691 336 1769 363 valde

993 379 1200 414 Elegantissima
1211 387 1276 406 vero
1292 384 1454 414 estea,qu:e
1471 387 1503 407 ex
1519 380 1645 415 gentibus
1662 386 1780 414 constat,

994 425 1125 453 Ecclesia.
1140 425 1195 452 Liaa
1211 425 1295 460 igitur
1311 425 1406 452 ultimo
1423 426 1483 452 loco
1500 430 1562 452 nata
1579 430 1620 453 est
1634 426 1688 453 ﬁlia
1701 427 1780 459 Dina,

993 478 1052 504 qua:
1069 474 1096 496 et
1110 469 1167 504 ipsa
1186 474 1274 503 potest
1289 477 1350 497 esse
1366 473 1445 504 typus
1461 470 1645 496 multitudinis
1663 471 1782 497 circum-

994 516 1123 546 cisorum,
1144 520 1172 542 ut
1191 523 1250 549 qua:
1269 519 1331 541 nata
1350 514 1385 541 sit
1404 514 1432 540 in
1453 515 1582 542 extremis
1599 515 1780 549 temporibus,

992 561 1103 595 quando
1128 561 1290 595 Unigenitus
1313 560 1394 587 homo
1415 564 1457 587 est
1482 560 1578 587 factus.
1601 560 1669 588 Cum
1688 561 1780 596 itaque

995 607 1089 633 ultima
1103 606 1327 633 circumcisorum
1347 606 1503 638 multitudo,
1517 606 1657 640 paululum
1671 614 1780 641 egressa
1811 616 1817 621 ο

993 651 1077 679 fuerit
1091 659 1106 678 e
1119 652 1216 678 castris
1233 651 1364 685 paternis,
1378 651 1429 678 hoc
1442 656 1492 683 est,
1507 652 1541 678 ab
1558 652 1691 679 institutis
1708 652 1780 687 lega—

994 698 1076 730 libus,
1095 698 1191 724 incidit
1211 698 1238 724 in
1261 697 1412 732 indigenas,
1430 702 1477 724 aut
1497 698 1639 725 commista
1659 702 1700 725 est
1718 705 1779 724 cum

994 743 1119 770 doctrina
1137 747 1293 770 sanctorum
1312 742 1510 776 apostolorum,
1528 742 1574 777 qui
1598 750 1653 769 non
1669 742 1779 777 quidun

994 789 1112 823 amplius
1128 788 1257 815 vivebant
1270 787 1393 819 Judaice,
1405 787 1452 815 sed
1468 787 1640 814 habebantur
1651 778 1701 821 pro
1713 787 1780 814 alie-

994 832 1111 867 nigenis.
1137 832 1223 864 Tunc,
1243 836 1318 863 tunc,
1334 832 1454 866 inquam,
1468 832 1582 867 mystice
1604 835 1781 866 constuprata

993 882 1045 909 est,
1066 878 1124 913 ejus
1143 885 1204 912 qua:
1225 877 1252 904 in
1269 877 1378 904 Christo
1400 881 1442 904 est
1465 877 1566 911 politiae
1589 882 1615 904 et
1640 877 1780 912 Evangelii

994 924 1098 951 semine
1120 923 1154 950 ab
1176 923 1242 958 ipsis
1266 927 1390 957 recepto;
1410 922 1458 950 sed
1479 923 1514 949 ob
1533 922 1585 950 hoc
1605 922 1784 950 vehementer

994 970 1231 997 excandesoebant
1248 969 1358 1003 quidam
1374 976 1408 995 ex
1425 968 1486 995 ﬁliis
1499 968 1593 999 Jacob,
1607 968 1718 995 Simeon
1738 968 1781 995 ni-

995 1015 1094 1042 mirum
1112 1019 1140 1041 et
1156 1014 1232 1046 Levi,
1248 1014 1300 1041 hoc
1313 1017 1365 1046 est,
1381 1013 1428 1048 qui
1450 1013 1501 1048 legi
1525 1013 1627 1040 subditi
1648 1016 1737 1044 erant,
1755 1017 1781 1039 et

995 1068 1056 1086 cum
1074 1059 1116 1086 his
1131 1067 1238 1086 sacrum
1254 1063 1336 1093 atque
1352 1058 1469 1086 electum
1482 1065 1576 1093 genus.
1590 1057 1657 1085 Nam
1672 1057 1782 1085 Simeon

994 1105 1131 1140 signiﬁcat
1160 1105 1351 1136 obedientiam;
1379 1103 1443 1130 Levi
1475 1107 1566 1130 autem
1595 1107 1714 1138 acceptus
1737 1106 1784 1128 aut

995 1150 1102 1177 electus.
1116 1149 1192 1182 Quod
1206 1154 1297 1177 autent
1310 1149 1412 1176 sanctis
1424 1148 1555 1183 apostolis
1567 1148 1685 1183 graviter
1697 1147 1784 1174 insul—

995 1196 1079 1223 tarint
1100 1195 1118 1222 ii
1147 1194 1193 1230 qui
1221 1194 1368 1222 sacerdotii
1404 1193 1564 1229 dignitatem
1589 1192 1680 1227 adepti
1705 1196 1785 1219 erant

997 1241 1115 1275 (populis
1129 1248 1180 1267 una
1197 1248 1259 1268 cum
1272 1239 1339 1274 ipsis
1355 1238 1600 1274 conspirantibus),
1611 1238 1713 1266 nemini
1733 1237 1784 1272 du-

996 1286 1071 1313 bium
1084 1293 1144 1313 esse
1162 1290 1262 1320 potest.
1282 1284 1441 1312 Stridebant
1457 1285 1531 1311 enim
1548 1283 1678 1311 dentibus
1689 1283 1785 1311 adven

996 1339 1043 1358 sus
1065 1339 1097 1358 ea
1121 1339 1181 1366 quae
1204 1331 1341 1358 faciebant
1369 1330 1495 1365 apostoli,
1513 1334 1644 1357 vocantes
1664 1329 1785 1365 ipsorum

996 1377 1203 1414 conversionem
1218 1376 1432 1411 corruptionem,
1445 1383 1477 1402 ac
1490 1381 1617 1409 tanquam
1635 1382 1717 1410 grave
1734 1374 1786 1401 ali—

997 1422 1069 1457 quod
1087 1422 1217 1457 ﬂagitium
1234 1425 1413 1448 accusantes:
1432 1430 1439 1445 ι
1455 1420 1525 1447 Ecce
1539 1419 1612 1447 enim
1625 1418 1787 1454 implevistis

996 1468 1146 1495 Jerusalem
1158 1467 1283 1494 doctrina
1295 1471 1384 1494 vestra
1394 1466 1414 1498 ³,
1431 1476 1440 1491 ι
1455 1465 1625 1500 inquiebant.
1639 1465 1785 1498 Postquam

975 1541 980 1549 ,
998 1521 1063 1540 vero
1082 1513 1284 1548 exprobrarunt
1301 1512 1350 1544 eis,
1366 1512 1439 1547 quod
1457 1519 1511 1538 non
1530 1510 1647 1545 amplius
1664 1510 1787 1536 viverent

157 1557 224 1589 κῶς.
233 1541 382 1593 ὲμόινθανον
393 1558 434 1584 ὅτι
445 1557 575 1593 τετίμητο
590 1558 655 1594 παρ’
666 1541 757 1588 αὐτοῖς
772 1557 788 1592 ἡ
800 1541 945 1592 περιτομή·
961 1541 981 1568 c

998 1558 1121 1590 Judaice,
1138 1563 1195 1585 tum
1212 1557 1369 1585 didicerunt
1387 1557 1439 1585 coli
1459 1556 1492 1583 ab
1513 1555 1579 1591 ipsis
1598 1554 1787 1582 circumcisio-

999 1611 1072 1635 ncm,
1087 1611 1175 1638 neque
1187 1603 1336 1638 quidquam
1350 1602 1462 1630 o‘mnino
1479 1609 1538 1629 esse
1556 1600 1628 1636 quod
1646 1600 1787 1627 discerne-

1000 1653 1041 1676 rct
1053 1657 1100 1677 eos
1111 1658 1125 1676 a
1138 1649 1276 1684 gentibus.
1289 1649 1424 1684 siquidem
1435 1648 1538 1676 vellent
1548 1655 1581 1675 eo
1591 1655 1645 1682 quo
1657 1647 1789 1673 deberent

1000 1703 1080 1723 sensu
1097 1695 1197 1722 Mosem
1214 1695 1376 1730 intelligere.
1394 1705 1402 1720 ι
1417 1694 1512 1729 Neque
1526 1693 1600 1721 enim
1614 1693 1659 1728 qui
1679 1693 1707 1719 in
1728 1699 1788 1719 ma-

1000 1740 1110 1773 nifesto,
1125 1741 1222 1775 inquit,
1236 1740 1347 1768 Judazus
1360 1744 1411 1772 cst,
1424 1747 1512 1774 neque
1529 1747 1560 1766 ea
1575 1746 1635 1774 qua:
1655 1739 1682 1765 in
1700 1737 1788 1765 mani-

1001 1788 1070 1814 festo
1085 1787 1111 1814 in
1127 1795 1210 1814 carne
1229 1792 1272 1813 est
1294 1786 1477 1818 circumcisio,
1493 1785 1541 1813 sed
1563 1785 1609 1820 qui
1633 1785 1659 1812 in
1682 1783 1789 1812 occulto

1000 1837 1042 1860 est
1053 1831 1174 1863 Judmus,
1190 1835 1218 1859 ct
1233 1831 1407 1859 circumcisio
1425 1831 1507 1865 218
1525 1830 1617 1858 cordis
1635 1830 1662 1857 in
1679 1829 1787 1864 spiritu.

1001 1886 1054 1905 non
1076 1878 1103 1904 in
1125 1877 1216 1904 littera
1232 1877 1251 1903 ³.
1267 1887 1275 1902 ι
1294 1877 1375 1904 Vides
1390 1876 1528 1911 quomodo
1555 1875 1594 1902 illi
1615 1874 1662 1909 qui
1681 1874 1789 1909 opinio-
1809 1892 1818 1898 .

1001 1931 1064 1951 nem
1086 1923 1224 1951 habebant
1247 1922 1472 1957 alienigenarum,
1489 1921 1650 1949 conformati
1669 1920 1724 1948 sint
1740 1920 1789 1947 Ju-

1001 1969 1078 2001 dzeis,
1099 1969 1162 1996 dum
1187 1967 1423 1995 circumcisioncm
1439 1967 1600 2001 spiritalem,
1618 1970 1645 1993 et
1665 1966 1788 1994 Judaeum

1002 2015 1029 2041 in
1052 2015 1160 2042 occulto
1183 2013 1424 2042 circumferebant.
1451 2013 1550 2039 Verum
1573 2012 1656 2038 etiam
1679 2012 1729 2047 ipsi
1753 2011 1788 2038 ita

1002 2061 1068 2088 olim
1089 2060 1263 2087 trucidabant
1280 2059 1437 2094 prophetas,
1451 2058 1506 2085 imo
1526 2058 1608 2084 etiam
1626 2057 1787 2084 Emmanue-

1001 2108 1066 2134 lcm.
1088 2106 1355 2133 Consummaverunt
1376 2103 1458 2139 igitur
1482 2103 1654 2138 iniquitatem
1678 2102 1789 2129 Simeon

1002 2157 1030 2180 et
1049 2152 1125 2183 Levi,
1147 2160 1178 2179 ac
1202 2151 1312 2187 quidem
1343 2160 1391 2178 sua
1413 2151 1563 2178 voluntate.
1591 2148 1789 2183 Conspirarunt

161 2197 210 2223 καὶ
230 2197 279 2232 μέν
293 2206 333 2224 τοι
346 2197 391 2223 καὶ
415 2197 429 2223 ό
442 2197 516 2228 Λευὶ,
535 2195 657 2232 τουτέστι
672 2195 731 2222 λαοί
755 2203 783 2221 τε
801 2195 847 2221 καὶ
859 2195 948 2229 ἱερεῖς.

1004 2198 1076 2225 enim
1094 2202 1121 2224 et
1138 2201 1326 2224 convenerunt
1348 2197 1419 2224 inter
1440 2203 1468 2222 se
1491 2195 1525 2222 ad
1544 2193 1671 2229 injuriam
1688 2192 1790 2220 sanctis

162 2243 200 2270 Τὸ
216 2243 244 2270 δὲ
258 2243 288 2275 ἐξ
302 2243 432 2278 αἱρέσεως
450 2241 550 2273 αὐτῶν,
574 2241 633 2268 ἀντὶ
655 2240 702 2267 τοῦ
717 2240 786 2267 κατὰ
798 2240 891 2275 σκέψιν
907 2240 953 2266 καὶ

163 2289 302 2324 βούλησιν.
315 2290 351 2315 0-5
370 2289 423 2324 γὰρ
440 2288 471 2315 ἔκ
485 2296 517 2321 γε
535 2287 582 2314 τοῦ
594 2286 798 2322 συμϐεϐηκότος
811 2285 904 2317 ἁπλῶς
918 2285 952 2312 τὰ

161 2335 238 2362 δεινὰ
262 2334 316 2361 τῶν
338 2333 511 2361 πεπονθότων
542 2331 774 2367 κατεσχεδιάζετο,
808 2331 865 2357 ἀλλ’
892 2331 951 2358 οὐδὲ

162 2380 368 2417 ἀπροϐούλευτα
384 2378 419 2406 τὰ
437 2378 600 2414 τολμήματα
622 2377 669 2404 καὶ
694 2377 724 2403 τὸ
751 2377 863 2404 ἔκτοπον
887 2376 952 2412 θρά-

163 2434 221 2458 σος·
238 2425 296 2453 ἀλλ’
312 2426 344 2452 ὲκ
361 2424 507 2459 συνεδρίων
524 2423 614 2451 αὐτῶν
630 2423 675 2450 ἐπὶ
688 2423 719 2449 τὸ
733 2423 798 2458 δρᾷ-ι
813 2423 896 2458 ᾔεσαν
919 2422 951 2448 τὰ

163 2470 263 2502 παντὸς
275 2471 402 2497 ἐπέκεινα
417 2469 513 2497 κακοῦ.
530 2468 707 2503 Παραιτεῖται
721 2467 752 2503 δὴ
762 2465 807 2494 οὖν
823 2469 836 2493 ό
851 2467 950 2494 θεσπέ-

165 2525 221 2548 σιος
237 2515 335 2543 Ἰακὼϐ
346 2516 394 2551 τὴν
407 2515 453 2542 ἐπὶ
464 2514 533 2550 τῷδε
546 2514 679 2545 σύνθεσιν,
692 2514 741 2546 τὰς
758 2513 952 2544 κοινοϐουλίας,

163 2562 213 2598 τὴν
229 2561 333 2597 σκέψιν.
350 2572 358 2588 ι
371 2562 417 2597 Μὴ
429 2562 482 2598 γὰρ
497 2562 622 2594 εἰσέλθοι,
633 2562 749 2597 φησὶν,ὴ
765 2561 836 2596 ψυχή
848 2569 898 2596 μου
914 2561 953 2592 εἰς

165 2607 262 2642 βουλὴν
272 2607 371 2640 αὐτῶν,
387 2609 434 2635 καὶ
448 2608 495 2639 ἐπὶ
506 2609 538 2644 τῇ
556 2608 684 2635 συστάσει
697 2607 787 2634 αὐτῶν
803 2607 839 2643 μὴ
852 2607 953 2642 ἐρείται

164 2653 198 2679 τὰ
212 2653 305 2688 ἥπατά
320 2662 381 2689 μου.
396 2662 404 2679 ι
421 2654 535 2690 ’Ὅμοιον
550 2654 603 2690 γὰρ
616 2655 652 2686 ὡς
672 2655 695 2681 εί
712 2654 796 2688 λέγοι·
815 2655 882 2690 μήτε
898 2655 954 2685 τοῖς

164 2698 214 2734 ’τῆς
225 2698 344 2730 διανοίας
358 2698 478 2734 ὄμμασιν
490 2699 674 2734 ὲνατενίσαιμί
690 2707 754 2725 ποτε
766 2700 825 2731 ταῖς
837 2698 954 2725 τοιαῖσδε

167 2743 286 2778 βουλαῖς,
314 2744 382 2781 μήτε
400 2745 452 2780 μὴν
470 2745 508 2777 εἰς
525 2745 637 2781 καρδίαν
660 2745 726 2777 ὅλως
751 2744 954 2780 παραδεξαίμην

217 2829 226 2844 ²
239 2830 298 2858 Act.
317 2839 354 2863 tv,
374 2831 413 2859 16.
468 2831 475 2846 ⁵
494 2832 572 2862 Rom.
589 2840 616 2865 ιι,
632 2831 658 2860 8.

1003 2243 1172 2270 inferendam
1191 2242 1300 2270 Simeon
1320 2246 1347 2269 et
1366 2242 1442 2272 Levi,
1462 2242 1513 2268 hoc
1529 2245 1580 2270 est,
1594 2238 1686 2275 populi
1702 2242 1729 2265 et
1745 2246 1790 2265 sa—

1002 2288 1139 2316 cerdotes.
1158 2288 1243 2315 Porro
1260 2297 1269 2312 ι
1283 2295 1332 2314 sua
1344 2287 1493 2317 voluntate,
1510 2296 1518 2311 ι
1536 2285 1658 2312 additum
1674 2288 1725 2315 est,
1741 2290 1789 2317 pro

1003 2343 1036 2362 eo
1048 2333 1121 2370 quod
1140 2338 1191 2366 est,
1206 2333 1295 2361 dedita
1310 2341 1392 2368 opera
1405 2337 1433 2359 et.
1450 2331 1583 2359 consulto.
1599 2330 1656 2358 Non
1670 2330 1742 2357 enim
1757 2337 1789 2356 ex

1004 2389 1067 2408 casu
1090 2380 1202 2408 fortuito
1229 2380 1285 2406 inec
1309 2379 1379 2406 mala
1403 2379 1591 2409 obvenerunt,
1616 2384 1704 2411 neque
1731 2377 1790 2403 sine

1003 2426 1200 2453 deliberatione
1215 2425 1283 2452 adeo
1299 2424 1418 2451 nefarios
1436 2427 1550 2450 conatus
1565 2422 1684 2458 aggressi
1702 2426 1765 2449 sunt
1782 2430 1789 2448 :

1003 2472 1050 2500 sed
1067 2472 1160 2499 habito
1179 2471 1250 2498 inter
1267 2478 1295 2498 se
1313 2470 1428 2497 consilio
1447 2469 1479 2496 ad
1500 2473 1621 2497 extrema
1639 2468 1740 2503 ﬂagitia
1761 2475 1790 2494 se

1003 2517 1187 2544 contulerunt.
1205 2516 1361 2543 Detestatur
1382 2515 1473 2550 itaque
1493 2514 1602 2541 divinus
1619 2513 1702 2541 Jacob
1723 2513 1790 2539 isto—

1005 2570 1064 2589 rum
1081 2569 1254 2593 consensum,
1270 2561 1598 2594 communicationemque
1612 2559 1790 2586 consiliorum

1005 2613 1033 2635 ct
1048 2609 1229 2643 propositum.
1247 2617 1255 2632 ι
1270 2607 1330 2635 Non
1343 2607 1428 2639 cnim,
1447 2606 1494 2638 ait,
1514 2605 1683 2640 ingrediatur
1699 2604 1789 2631 anima

1007 2662 1067 2681 mea
1089 2654 1116 2681 in
1138 2653 1284 2681 consilium
1307 2660 1414 2684 eorum,
1433 2656 1460 2679 et
1484 2652 1511 2678 in
1530 2655 1602 2679 ccctu
1624 2657 1719 2677 eorum
1735 2657 1790 2676 non

1008 2700 1134 2728 dicentur
1156 2699 1255 2728 eximia
1278 2707 1348 2727 mea.
1381 2709 1388 2724 ι
1421 2698 1536 2726 Perinde
1559 2705 1590 2724 ac
1613 2696 1635 2723 si
1659 2696 1764 2722 diceret
1782 2702 1788 2708 ·

1009 2746 1118 2773 Avertat
1132 2746 1213 2778 Deus,
1229 2753 1261 2773 ne
1279 2745 1387 2781 quando
1401 2745 1471 2772 oculi
1491 2743 1644 2770 intellectus
1659 2740 1710 2768 [ιιι-ἱ
1729 2747 1789 2768 \cr-
