1999 3056
212 152 266 179 547

706 158 733 187 S.
755 160 892 189 CYRlLLl
912 163 1147 193 ALEXANDBINI
1166 167 1325 196 ARCHIEP.

1789 173 1843 201 ΜΚ

213 214 278 243 gant
289 210 316 236 in
329 210 393 238 talia
406 212 530 246 consilia,
546 221 594 243 aut
607 224 655 244 cor
671 226 763 246 meum
779 221 896 248 subeant
908 222 988 250 istius

213 253 287 267 ..ΑΑΑΙῙ
310 255 397 267 εμ-εν.»
421 266 457 267 γὴν
482 259 508 267 I-
550 261 567 267 ,ι
669 263 695 267 ι..
774 266 780 267 ε

1055 225 1165 252 πώποτε
1177 226 1211 253 τὰ
1229 228 1393 263 παγχάλεπα
1411 231 1487 257 ταυτὶ
1500 231 1553 257 τῶν
1569 231 1744 266 ἠσεϐηκότων
1756 233 1842 267 σκέμ-

213 253 288 282 modi
310 255 399 290 impiae
421 259 646 290 machinationes.
668 263 712 292 Sic
725 269 752 292 et
772 266 856 294 Isaias
869 268 1002 303 propheta

213 299 296 326 deﬂet
309 302 424 336 populos
439 303 607 339 Iudaeorum,
622 307 717 337 dicens
731 319 737 336 :
755 321 764 335 ι
783 311 827 339 Va:
846 299 943 341 anima:
963 315 1003 350 ip-

213 351 317 378 sorum,
337 348 401 381 quia
423 349 545 378 inierunt
566 353 667 380 malum
686 356 830 384 consilium
847 363 942 386 contra
959 369 1002 389 sc-

213 390 302 425 ipsos,
331 392 476 422 dicentes:
499 395 658 432 Ligabimus
682 401 805 434 justum,
831 404 895 438 quia
922 407 1001 435 nobis

213 438 373 465 commodus
388 447 442 467 non
457 446 500 468 est
511 443 570 469 Μ.»
587 444 681 472 Psallit
695 446 777 474 etiam
791 448 874 477 David
890 459 895 476 :
911 461 921 476 ε
932 452 1000 480 Bea-

182 480 187 485 ’
214 485 257 508 tus
273 481 314 508 vir
330 483 376 517 qui
391 492 446 511 non
461 486 529 513 abiit
547 487 574 514 in
592 490 736 518 consilium
754 492 911 528 impiorum,
932 503 960 524 et
973 499 1000 527 in

212 526 256 553 via
278 532 452 561 peccatorum
476 539 530 559 non
553 534 630 560 stetit
647 536 666 562 ⁷,
685 546 693 562 ν
714 537 747 564 Εῑ
765 526 873 568 rursum
894 552 900 569 :
925 554 934 569 ‹
948 544 999 572 Odi

212 571 356 598 ecclesiam
373 573 594 609 malignantium,
617 583 646 606 et
675 588 738 608 cum
758 583 850 618 impiis
873 595 928 615 non
958 597 1001 616 se-

211 613 283 642 debo
294 616 314 643 ⁸.
331 626 340 641 ι
362 618 482 646 Discedit
496 620 587 656 itaque
601 613 825 657 beatusJacob-a
841 613 999 661 Judieorum

212 662 468 698 consultationibus,
486 671 515 695 et
535 669 611 697 addit
621 679 730 700 causam
747 684 753 701 ε
774 687 783 701 ‹
797 676 875 710 Quia,
899 679 997 714 inquit,

212 707 348 736 in'furore
365 717 415 737 suo
432 711 632 744 interfecerunt
648 718 784 754 homines,
798 727 826 750 et
841 724 866 751 i-n
884 725 998 755 libidine

209 761 258 780 sua
274 762 477 787 enervaverunt
495 764 614 789 taurum.
640 773 650 790 ι
672 764 839 796 Occiderunt
857 773 941 806 enim,
968 779 998 802 ut

209 798 276 829 dixi,
288 803 398 828 sanctos
411 801 514 832 furiosa
529 805 570 834 ira
583 809 654 843 rapti
666 810 699 837 ad
714 813 844 841 saevitiam
860 798 942 851 atque
954 819 997 846 in-

209 843 423 880 humanitatem;
450 857 568 886 cumque
593 854 687 883 miseri
711 860 795 886 semel
820 860 848 887 in
876 869 996 892 mentem

208 896 284 916 suam
303 891 479 922 admisissent
491 897 651 926 ell‘renatam
666 904 693 927 et
708 906 879 933 temerariam
892 915 995 936 concu-

207 933 386 969 piscentiam,
409 946 611 970 enervaverunt
634 949 760 980 taurum,
781 949 833 977 hoc
854 958 896 980 est
914 953 995 981 Chri-

207 983 289 1007 stum.
303 980 366 1014 Quae
377 988 468 1012 autem
481 987 516 1013 sit
526 988 577 1015 ista
591 994 825 1028 concupiscentia,
836 1002 915 1025 antea
926 999 996 1026 dixi-

207 1031 278 1052 mus.
301 1026 369 1054 Nam
388 1029 434 1057 ubi
455 1034 647 1067 cognovissent
671 1026 744 1072 quod
766 1039 788 1067 is
805 1046 878 1070 esset
895 1043 993 1078 haeres,

206 1072 423 1106 concupiverunt
438 1076 498 1111 ejus
514 1077 711 1110 hereditatem.

239 1168 267 1196 3.
289 1169 343 1198 Sed
356 1172 418 1201 vide
435 1182 516 1209 quam
537 1183 664 1207 accurate
682 1181 795 1211 historia
811 1185 915 1221 singula
929 1196 993 1223 per-

206 1216 315 1242 tractet.
331 1217 398 1244 Nam
418 1220 579 1250 occiderunt
592 1225 701 1259 quidem
719 1216 916 1263 hominesjsed
929 1216 993 1260 Itau-

205 1266 266 1285 rum
285 1268 494 1293 enervaverunt.
515 1267 583 1300 Quia
605 1275 714 1300 sanctos
735 1274 846 1308 quidem
870 1278 992 1307 tradide-

203 1309 268 1331 runt
285 1307 376 1340 morti,
395 1310 420 1343 2
430 1311 478 1345 [9
492 1314 538 1347 qui
553 1319 580 1341 et
594 1307 806 1350 permanserunt
819 1323 930 1356 mortui,
943 1332 991 1351 ex-

202 1355 357 1383 spectantes
370 1357 476 1390 tempus
487 1360 698 1389 resurrectionis
710 1371 715 1389 :
726 1363 773 1390 sed
783 1368 911 1400 tanquam
921 1368 993 1396 vitu—

201 1394 245 1422 lus
266 1397 376 1431 quidam
399 1401 434 1428 ab
455 1404 546 1437 aquila
567 1413 714 1436 enervatus
735 1394 991 1447 cecidit-quodam-

201 1441 284 1468 modo
296 1442 323 1468 in
336 1447 438 1471 terram
450 1446 586 1482 Christus,
599 1451 746 1487 volensque
759 1463 808 1489 pro
824 1457 904 1484 nobis
918 1466 992 1486 mor-

201 1489 255 1512 tem
274 1495 420 1523 perpessus
439 1497 496 1526 est;
522 1503 575 1522 non
599 1501 689 1525 tamen
713 1508 728 1526 ει
752 1506 840 1529 morte
863 1503 991 1533 detentus

169 1550 172 1553 .
199 1531 261 1564 fuit,
279 1533 333 1560 imo
347 1543 412 1563 vero
428 1537 492 1566 licet
505 1540 588 1568 veluti
609 1543 691 1572 homo
712 1551 837 1575 mortuus
851 1549 897 1581 sit,
911 1558 989 1578 man-

199 1577 235 1603 sit
259 1582 350 1607 tamen
377 1582 456 1610 vivus
481 1585 509 1612 in
533 1586 625 1615 divina
647 1596 755 1619 natura.
778 1593 886 1622 Taurus
907 1596 990 1631 igitur

199 1622 227 1631 ,η
257 1624 287 1631 .,
387 1627 392 1631 .
458 1629 465 1631 .

198 1622 333 1658 Christus,
347 1627 410 1660 quia
425 1629 645 1661 robustissimum
660 1637 759 1664 animal
769 1644 820 1672 est,
832 1645 913 1676 atque
925 1643 988 1670 item

199 1678 300 1704 purum
316 1674 584 1712 sanctissimumque.
595 1680 679 1709 Filius
693 1688 784 1710 autem
798 1691 839 1713 est
854 1687 989 1717 Dominus

198 1715 369 1746 fortitudinis
387 1725 414 1747 et
434 1723 573 1756 potentize,
592 1726 638 1760 qui
661 1735 717 1755 non
738 1732 874 1759 commisit
895 1742 990 1768 pecca-

199 1766 258 1788 tum
270 1764 326 1796 "‘°,
342 1765 397 1793 imo
410 1775 476 1795 vero
490 1770 609 1805 seipsum
626 1773 726 1802 obtulit
735 1783 784 1810 pro
793 1778 873 1806 nobis
886 1780 911 1806 in
921 1781 988 1809 odo-

199 1815 258 1835 rem
281 1813 424 1839 suavitatis
442 1814 497 1842 Deo
516 1824 548 1843 ac
565 1818 639 1845 Patri
657 1820 685 1847 ”.
718 1822 839 1850 Audiam
857 1825 940 1859 igitur
961 1827 988 1854 hi

198 1853 245 1887 qui
277 1855 351 1883 hune
380 1859 449 1886 adeo
475 1867 600 1890 sanctum
623 1868 732 1893 taurum
758 1876 985 1900 enervaverunt:

202 1909 210 1924 α
231 1901 392 1932 Maledictus
413 1906 490 1935 furor
513 1910 645 1944 ipsorum,
663 1915 727 1948 quia
750 1917 886 1951 pertinax,
901 1924 928 1946 et
947 1920 988 1948 ira

198 1945 319 1980 ipsorum
333 1951 396 1984 quia
415 1952 548 1983 induruit.
576 1967 584 1982 ι
613 1945 803 1994 Sedquid-ob
818 1964 870 1991 hoc
881 1945 926 1993 eis

197 1992 281 2020 cidit?
294 1995 379 2030 Ejecti
401 2003 465 2026 sunt
482 2009 497 2028 e
514 2003 571 2030 suis
588 2003 709 2038 ipsorum
729 2007 866 2042 domibus,
880 2012 988 2042 exsula:

197 2045 315 2075 runtque
334 2051 367 2070 ex
385 2047 483 2079 patria,
499 2048 622 2084 dissipati
646 2057 720 2085 sunt,
735 2058 762 2080 et
780 2054 843 2082 facti
864 2061 986 2086 extorres

196 2088 278 2120 atque
304 2088 423 2122 advenaz,
443 2096 470 2119 et
497 2093 529 2120 ad
557 2103 690 2128 summam
720 2098 840 2133 inopiam
871 2102 983 2131 redacti.

196 2130 297 2159 Verum
312 2135 385 2162 enim
399 2142 441 2164 est
455 2139 538 2173 quod,
557 2141 628 2169 sicut
646 2143 703 2171 avis
720 2153 781 2172 cum
800 2147 951 2176 evolaverit
969 2158 984 2177 e

196 2177 262 2204 nido
278 2187 343 2212 suo,
365 2181 402 2209 ita
420 2183 456 2210 sit
477 2185 558 2213 etiam
585 2188 666 2215 homo
686 2190 732 2224 qui
755 2199 769 2218 a
786 2194 904 2228 propriis
918 2195 985 2223 locis

1055 279 1137 306 ματα.
1153 272 1231 299 Οὕτω
1248 273 1294 300 καὶ
1308 273 1322 299 6
1337 276 1479 311 προφήτης
1501 277 1615 308 Ἡσαΐας
1629 278 1691 308 τοὺς
1708 277 1762 303 τῶν
1774 278 1842 304 Ίον-

1051 316 1134 344 δαίων
1146 317 1248 354 δήμους
1263 319 1410 353 ιιαλανίζει¹
1428 321 1525 355 λέγων’
1542 332 1551 348 ‹
1575 322 1643 350 οὐαὶ
1657 324 1690 358 τῇ
1705 323 1777 359 ψυχῇ
1793 324 1842 350 αὑ-

1051 363 1116 397 τῶν,
1131 363 1198 391 διότι
1211 365 1398 399 βεϐούλευνται
1409 367 1508 403 βουλὴν
1521 369 1653 404 πονηρὰν,
1669 370 1840 396 καθ’ὲαυτῶν

1051 409 1185 442 εἰπόντες,
1202 411 1334 447 Δήςωμεν
1349 413 1394 439 τὸν
1405 414 1521 446 δίκαιον,
1538 416 1578 442 ὅτι
1591 415 1758 451 δύσχρηστος
1774 417 1840 451 ἡμῖν

1051 455 1118 482 ἐστι.
1137 465 1146 482 ι
1161 456 1263 483 Ψάλλει
1274 457 1302 484 δὲ
1319 459 1365 485 καὶ
1384 461 1398 486 6
1412 460 1504 487 Δαῦίδ-
1527 471 1536 487 ι
1553 461 1695 496 Μακάριος
1714 462 1782 498 ἀνὴρ
1809 462 1838 494 ὃς

1051 501 1100 527 οὐκ
1111 501 1246 538 ἐπορεύθη
1261 504 1289 530 ὲν
1303 503 1384 540 βουλῇ
1400 505 1517 538 ἀσεϐῶν,
1537 507 1583 533 καὶ
1603 507 1632 533 ἐν
1643 507 1695 542 ὁδῷ
1709 508 1839 543 ἀμαρτω-

1050 545 1103 572 λῶν
1122 547 1173 574 οὐκ
1194 547 1270 583 ἔστη.
1288 558 1297 574 ι
1326 550 1381 577 Καὶ
1396 551 1487 578 πάλιν·
1506 561 1516 577 ‹
1532 552 1667 587 Ἑμίσησα
1691 554 1839 588 ἐκκλησίαν

1051 593 1285 628 πονηρευομένων,
1306 595 1354 621 καὶ
1377 596 1446 630 μετὰ
1461 597 1566 624 ἀσεϐῶν
1581 598 1612 624 οὐ
1638 597 1674 634 μὴ
1690 599 1803 626 καθίσω.
1825 609 1834 625 ι

1056 638 1203 674 ’Δποφοιτᾷ
1219 641 1362 675 τοιγαροῦν
1376 643 1390 669 6
1416 642 1558 674 θεσπέσιος
1580 643 1676 670 Ἰακὼὸ
1689 644 1742 670 τῶν
1771 645 1835 671 ’1ου-

1048 683 1149 710 δαῖκῶν
1167 686 1342 720 σκεμμάτων·
1370 688 1492 722 ἐπιλέγει
1505 689 1533 715 δὲ
1547 689 1596 721 τὰς
1607 690 1708 721 αίτίας,
1720 690 1766 717 καί
1781 700 1834 726 φη-

1049 737 1100 759 σιν,
1116 739 1125 756 ι
1147 730 1207 757 Ὀτι
1223 732 1252 758 ὲν
1266 731 1304 767 τῷ
1326 732 1403 768 θυμῷ
1426 734 1516 760 αὐτῶν
1543 735 1705 762 ἀπέκτειναν
1729 736 1832 771 ἀνθρὼ-

1048 783 1127 808 πους,
1145 776 1189 802 καὶ
1199 777 1228 803 ὲν
1242 779 1274 812 τῇ
1288 778 1421 815 ἐπιθυμίᾳ
1434 780 1522 806 αὐτῶν
1540 781 1760 817 ὲνευροκόπησαν
1770 782 1836 808 m6-

1049 829 1104 856 ρον.
1130 830 1140 848 ι
1158 823 1337 851 Ἀπεκτόνασι
1353 825 1402 860 μὲν
1415 825 1468 862 γὰρ
1483 827 1587 860 ἁγίους,
1600 827 1638 860 ὡς
1647 827 1725 864 ἔφην,
1737 828 1857 878 ἀνοσίῳῤ

1049 865 1123 878 ο.....-.
1139 867 1205 878 -.μ
1226 868 1232 877 ν
1269 869 1288 878 μ
1392 871 1398 878 .
1423 872 1429 878 .
1493 871 1504 878 λ
1576 873 1581 878 .

1048 865 1125 901 θυμῷ
1138 867 1205 902 πρὸς
1217 868 1347 904 ὠμότητα
1357 871 1402 897 καὶ¹
1417 871 1615 907 ἀπανθρωπίαν
1629 874 1834 910 στρατηγούμε-

1046 920 1096 945 νοι,
1112 913 1241 948 ἀνήνυτον
1257 915 1285 942 δὲ
1305 917 1351 942 καὶ
1375 917 1585 945 ἀκατάπκεπτον
1601 919 1747 955 ἐπιθυμίαν
1763 928 1834 947 παν-

1046 957 1130 989 τελῶς
1150 959 1189 991 είς
1206 959 1267 987 νοῦν
1281 961 1387 994 ἑλόντες
1414 964 1438 989 οι
1464 963 1588 996 τάλανες,
1613 964 1833 1000 ὲνευροκόπησαν

1045 1003 1161 1039 ταῦρον,
1191 1006 1314 1033 τουτέστι
1341 1007 1468 1042 Χριστόν.
1499 1009 1554 1036 Καὶ
1579 1010 1620 1041 τίς
1647 1011 1663 1045 ἡ
1690 1010 1831 1046 ἐπιθυμία,

1045 1049 1227 1084 προλαϐόντες
1245 1052 1405 1088 είρήκαμεν.
1429 1055 1631 1089 Ἐπεγνωκότες
1651 1057 1700 1091 μὲν
1721 1057 1775 1092 γὰρ
1792 1057 1832 1083 δτι

1045 1094 1210 1131 κληρονόμος
1225 1097 1308 1130 ἐστὶν,
1321 1098 1496 1134 ἐπεθύμησαν
1509 1099 1580 1135 ἔχειν
1592 1101 1641 1136 τὴν
1651 1100 1833 1137 κληρονομίαν

1044 1140 1138 1168 αὑτοῦ.

1079 1190 1114 1221 γ’.
1132 1187 1185 1214 Καὶ
1204 1188 1255 1224 δρα
1271 1188 1317 1215 τοῦ
1341 1189 1419 1224 λόγου
1440 1191 1489 1226 τὴν
1505 1191 1676 1227 ὲπιτήρησιν.
1702 1192 1832 1219 Ἀπεκτό-

1043 1241 1105 1259 νασι
1129 1233 1179 1268 μὲν
1196 1234 1251 1269 γὰρ
1269 1235 1332 1266 τοὺς
1359 1236 1529 1271 ἀνθρώπους,
1559 1238 1778 1273 ὲνευροκόπησαν
1801 1239 1831 1265 δὲ

1043 1278 1087 1305 τὸν
1103 1279 1212 1315 ταῦρον.
1238 1280 1351 1316 Θανάτῳ
1374 1282 1422 1317 μὲν
1450 1282 1504 1317 γὰρ
1528 1282 1742 1319 περιΰεὸλήκασι
1768 1284 1831 1316 τοὺς

1044 1325 1147 1359 ἁγίους,
1162 1326 1207 1353 καὶ
1223 1328 1393 1362 μεμενήκασι
1409 1328 1502 1363 νεκροὶ
1524 1328 1570 1355 τὸν
1589 1329 1639 1364 τῆς
1655 1329 1830 1362 ἀναστάσεως

1044 1380 1048 1381 ν
1066 1380 1076 1381 η
1098 1380 1102 1381 ν
1110 1371 1116 1381 \
1243 1373 1249 1381 1
1372 1375 1379 1381 ι
1388 1374 1394 1381 ι
1404 1374 1411 1381 ι
1420 1374 1427 1381 I
1436 1375 1442 1381 ι
1471 1373 1483 1381 Υ
1490 1374 1496 1381 1
1596 1375 1602 1381 ι
1689 1376 1695 1381 ι
1725 1376 1731 1381 ι
1755 1376 1761 1381 ι
1816 1375 1828 1381 η

1043 1371 1136 1407 καιρὸν
1150 1373 1353 1408 περιμένοντες.
1372 1374 1442 1400 Ἀλλ’
1455 1373 1500 1401 οἶά
1515 1383 1557 1406 τις
1570 1375 1668 1410 μόσχος
1685 1376 1737 1402 ὑπὸ
1750 1375 1829 1402 ἀετοῦ

1042 1417 1301 1452 νευροκοποὺμενος,
1318 1418 1425 1445 ὤκλασε
1450 1419 1499 1454 μὲν
1520 1420 1600 1446 οἱονεί
1618 1428 1676 1452 πως
1691 1421 1729 1453 είς
1746 1421 1798 1456 γῆν
1816 1423 1830 1447 6

1042 1462 1168 1498 Χριστὸς,
1181 1463 1252 1490 ἑκὼν
1266 1464 1412 1499 ὑπομείνας
1437 1465 1482 1492 τὸν
1503 1465 1552 1500 τῆς
1573 1467 1673 1501 σαρκὸς
1694 1466 1807 1494 θάνατον
1821 1476 1827 1482 “

1043 1508 1110 1544 πλὴν
1126 1510 1156 1535 οὐ
1173 1509 1268 1543 γέγονε
1281 1510 1318 1545 τῷ
1334 1510 1441 1546 Θανάτῳ
1457 1512 1571 1547 κάτοχος
1585 1520 1591 1526 ·
1606 1512 1662 1538 ἀλλ’
1683 1513 1707 1540 εί
1723 1513 1770 1541 καί⁸
1784 1514 1829 1547 γέ-

1003 1571 1024 1599 C
1042 1562 1104 1588 γονε
1117 1555 1213 1590 νεκρὸς
1225 1555 1262 1587 ὡς
1279 1555 1431 1592 ἄνθρωπος,
1447 1557 1643 1593 ἀπομεμένηκε
1666 1558 1721 1590 ζῶν
1733 1561 1765 1594 τῇ
1778 1558 1829 1594 τῆς

1042 1600 1166 1636 θεότητος
1182 1601 1272 1636 φύσει.
1292 1603 1397 1638 Ταῦρος
1412 1604 1440 1630 δὲ
1453 1604 1467 1630 6
1483 1605 1601 1640 Χριστός
1613 1613 1619 1620 ·
1636 1605 1760 1637 εὐσθενὲς
1773 1605 1829 1642 γὰρ

1040 1646 1080 1673 ὅτι
1098 1647 1215 1682 μάλιστα
1231 1648 1259 1674 τὸ
1275 1649 1352 1682 ζῶον,
1365 1650 1484 1684 καθαρόν
1497 1659 1525 1677 τε
1540 1651 1585 1678 καὶ
1599 1651 1757 1686 ἱερώτατον.
1772 1652 1829 1679 Κύ-

1041 1699 1097 1727 ριος
1109 1692 1137 1718 δὲ
1149 1693 1202 1720 τῶν
1218 1694 1357 1729 δυνάμεων
1367 1696 1380 1722 ὁ
1393 1696 1466 1730 Υἱὸς,
1483 1696 1512 1729 ὃς
1526 1697 1557 1723 οὐ
1573 1698 1723 1733 πεποίηκεν
1736 1698 1826 1734 ἀμαρ-

1039 1738 1110 1770 τίαν,
1132 1739 1227 1766 ἑαυτὸν
1251 1740 1279 1767 δὲ
1310 1742 1409 1775 μᾶλλον
1438 1742 1570 1778 ἀνέθηκεν
1596 1744 1665 1779 ὑπὲρ
1689 1744 1766 1780 ἡμῶν
1787 1746 1828 1777 εἰς

1039 1783 1127 1818 ὀσμὴν
1155 1784 1268 1816 εὐωδίας
1295 1785 1333 1820 τῷ
1360 1786 1419 1822 Θεῷ
1447 1787 1494 1814 καὶ
1520 1788 1618 1824 Πατρί.
1642 1788 1827 1818 ’Δκουέτωσαν

1039 1828 1127 1854 τοίνυν
1140 1829 1164 1855 οἱ
1183 1829 1225 1856 τὸν
1241 1830 1310 1858 οὕτω
1330 1833 1427 1860 σεπτὸν
1441 1835 1690 1869 νευροκοπήσαντες
1706 1835 1806 1871 ταῦρον
1816 1845 1823 1852 ·

1042 1883 1051 1899 ‹
1072 1875 1285 1910 Ἐπικατάρατος
1298 1877 1311 1903 6
1325 1877 1410 1913 θυμδς
1424 1879 1524 1912 αὐτῶν,
1541 1880 1581 1906 ὅτι
1593 1880 1711 1916 αὐθάδης
1724 1889 1730 1896 ·
1747 1882 1793 1908 καὶ
1809 1882 1826 1915 ἡ

1040 1919 1120 1954 μῆνις
1136 1921 1236 1954 αὐτῶν,
1250 1922 1290 1948 ὅτι
1312 1923 1493 1961 ὲσκληρύνθη.
1515 1935 1524 1951 ι
1546 1925 1578 1952 Τί
1595 1926 1626 1961 δὴ
1645 1924 1691 1953 οὖν
1707 1928 1760 1961 ἄρα
1776 1936 1825 1954 πε-

1038 1965 1185 1999 πόνθασιν;
1210 1967 1354 2003 Ἑξῴχοντο
1371 1970 1420 2005 τῆς
1436 1971 1550 2004 ἑαυτῶν,
1569 1972 1616 1998 καὶ
1631 1972 1825 2000 ἀπολελοίπασι

1039 2011 1089 2045 μὲν
1101 2012 1149 2046 τὴν
1171 2013 1348 2047 ὲνεγκοῦσαν·
1373 2015 1558 2052 διεσπάρησαν
1581 2018 1609 2044 δὲ
1631 2018 1677 2044 καὶ
1696 2019 1824 2052 γεγόνασι

1037 2058 1174 2093 πανταχοῦ
1191 2059 1270 2092 ξένοι,
1287 2061 1333 2087 καὶ
1348 2061 1478 2096 ἐπήλυδες
1497 2064 1543 2090 καὶ
1559 2065 1701 2099 περιδεεῖς.
1715 2065 1824 2099 ’Δληθὲς

1036 2103 1090 2139 γὰρ
1107 2104 1146 2131 ὅτι
1161 2105 1254 2141 ὥσπερ
1272 2107 1360 2142 δρνιον
1376 2108 1439 2135 ὅταν
1454 2110 1609 2146 ἐκπετασθῇ
1623 2111 1671 2146 τῆς
1691 2112 1757 2144 ιδίας
1771 2121 1823 2139 κα-

1036 2147 1104 2180 λιᾶς,
1121 2148 1191 2176 οὕτω
1218 2151 1263 2177 καὶ
1287 2151 1428 2188 ἄνθρωπος
1453 2154 1517 2180 ὅταν
1546 2154 1687 2194 ὲκσπασθῇ
1713 2157 1744 2182 ἐκ
1768 2156 1822 2182 τιῖιν

1038 2194 1110 2221 ίδίων
1127 2196 1225 2222 τόπων.
1237 2198 1434 2233 Προσεπειπεῖν
1451 2199 1478 2225 δὲ
1492 2199 1569 2234 οἶμαι
1582 2201 1692 2227 κάκεῖνο
1706 2202 1820 2237 πρέπον,

195 2225 306 2253 avulsus
317 2231 367 2254 est.
382 2229 466 2257 Porro
483 2231 549 2258 illud
569 2234 650 2261 etiam
669 2236 853 2271 adjiciendum
872 2248 981 2274 censeo,

196 2270 267 2283 III-All
282 2271 315 2283 εξ,
333 2274 375 2283 _,,,-
388 2273 407 2283 ιν
501 2276 506 2282 ι
527 2281 532 2283 Α

1520 2225 1526 2234 ι
1543 2225 1550 2227 ~
1564 2225 1567 2226 ν
1709 2225 1820 2237 "r""'1

1041 2241 1075 2267 in
1092 2242 1148 2273 τοῖς
1173 2242 1222 2276 μὲν
1251 2225 1296 2270 τὸν
1322 2244 1423 2280 ταῦρον
1440 2247 1671 2282 νευροκοπήσασιν
1691 2249 1730 2280 εἰς
1752 2249 1823 2283 άρὰν

195 2270 268 2304 quod
282 2271 316 2299 iis
330 2273 440 2307 quidem
460 2276 507 2310 qui
526 2281 633 2305 taurum
653 2288 863 2317 enervaverunt,
879 2294 923 2313 res
936 2295 981 2314 ce—

195 2315 241 2343 det
255 2316 282 2344 in
295 2320 515 2350 maledictionem
528 2333 533 2350 :
549 2325 583 2352 iis
595 2334 661 2353 vero
676 2329 721 2362 qui
737 2329 885 2364 doluerint,
901 2333 982 2361 adeo-

194 2369 247 2395 que
261 2370 341 2398 grave
353 2365 457 2394 crimen
468 2376 482 2395 a
494 2377 522 2396 se
535 2373 696 2405 amoverim,
709 2377 761 2402 erit
774 2376 801 2402 in
814 2378 980 2414 redemptio—

195 2413 267 2438 nem,
280 2410 523 2447 purgationemque
541 2419 566 2442 et
582 2423 754 2450 peccatorum
779 2423 977 2453 remissionem.

195 2451 373 2486 Repericmus
397 2461 488 2485 autem
516 2460 597 2487 etiam
622 2462 673 2490 hoc
695 2473 744 2498 per
765 2466 831 2501 legis
854 2469 979 2497 umbram

194 2496 371 2532 descriptum.
391 2502 429 2529 lla
451 2512 514 2531 vero
528 2505 609 2534 habet
625 2508 651 2535 in
666 2509 880 2540 Deuteronomio
897 2523 903 2540 :
921 2524 929 2540 ‹
951 2515 977 2542 Si

194 2541 334 2570 inventum
361 2546 442 2575 fuerit
465 2550 581 2578 cadaver
602 2553 721 2583 hominis
740 2558 822 2584 occisi
843 2558 871 2586 in
893 2564 976 2593 terra,

192 2595 274 2621 quam
294 2589 426 2619 Dominus
440 2594 510 2621 Deus
524 2599 586 2624 tuus
599 2597 646 2626 dat
659 2599 706 2626 tibi
723 2600 749 2627 in
764 2603 976 2636 possessionem,

189 2632 283 2666 jacens
304 2634 331 2661 in
352 2644 458 2672 campo,
475 2644 502 2666 et
516 2648 570 2668 non
585 2645 763 2678 cognoverint
775 2654 837 2673 eum
852 2648 898 2682 qui
916 2656 978 2682 per-

192 2679 277 2707 cussit
303 2681 396 2715 illum,
424 2686 580 2720 egredietur
600 2693 712 2717 senatus
734 2695 807 2724 tuus,
826 2697 853 2720 et
870 2693 977 2728 judices

194 2726 243 2758 tui,
256 2732 284 2755 et
305 2730 452 2758 metientur
469 2733 502 2760 ad
521 2735 603 2762 urbes
617 2737 663 2771 qui
681 2737 707 2764 in
728 2738 844 2766 circuitu
864 2741 953 2767 neeali
968 2750 974 2767 :

191 2778 220 2799 ct
239 2775 292 2801 erit
309 2776 373 2804 urbs
390 2779 542 2814 propinqua
562 2786 668 2816 necato,
687 2787 714 2810 et
733 2785 848 2819 accipiet
864 2791 975 2813 senatus

226 2865 261 2881 M
272 2865 322 2893 lsa.
342 2874 380 2900 tu,
395 2868 419 2894 9.

461 2870 468 2883 ⁷
486 2869 556 2897 l’sal.
578 2878 596 2903 ι,
618 2871 641 2899 ι.
680 2872 772 2899 ’Peal.
796 2874 894 2907 xxv,5.

1034 2286 1109 2312 ἔσται
1130 2287 1160 2313 τὸ
1183 2288 1292 2323 χρῆμα·
1311 2291 1368 2321 τοῖς
1388 2298 1419 2324 γε
1442 2290 1495 2326 μὴν
1521 2291 1698 2327 ἐπηλγηκόσι,
1724 2293 1771 2319 καὶ
1791 2293 1821 2320 τὺ

1033 2333 1103 2360 οὕτω
1120 2335 1206 2362 δεινὸν
1231 2336 1437 2372 ἀποσειομένοις
1463 2337 1598 2374 ἔγκλημα,
1623 2339 1720 2374 λύτρον
1742 2340 1820 2367 ἔσται

1033 2380 1079 2406 καὶ
1098 2380 1230 2417 κάθαρσις
1245 2383 1292 2408 καὶ
1307 2383 1449 2419 ἁμαρτιῶν
1460 2384 1600 2416 ἀπόθεσις.
1619 2385 1777 2421 Εὐρήσομεν
1792 2386 1820 2412 δὲ

1031 2425 1074 2451 διὰ
1088 2425 1138 2460 τῆς
1151 2426 1179 2453 ἐν
1196 2426 1270 2462 νόμῳ
1286 2429 1374 2461 σκιᾶς,
1386 2429 1454 2464 ὅπερ
1468 2428 1535 2464 ἔφην
1550 2430 1729 2464 γραφόμενον.
1743 2431 1819 2466 Ἔχει

1030 2471 1083 2507 γὰρ
1105 2471 1191 2504 οὓτως
1213 2473 1242 2500 ὲν
1264 2473 1302 2508 τῷ
1326 2475 1539 2510 Δευτερονομίψ”
1558 2485 1566 2501 ι
1587 2476 1649 2502 Ἐὰν
1672 2476 1700 2502 δὲ
1719 2475 1818 2511 εὑρεθῇ

1029 2518 1200 2552 τραυματίας
1224 2519 1253 2545 ἐν
1267 2521 1300 2554 τῇ
1316 2521 1362 2555 γῇ,
1381 2520 1414 2555 ἢν
1431 2520 1532 2555 Κύριος
1549 2521 1563 2547 ὁ
1583 2521 1648 2552 Θεός
1664 2530 1711 2548 σου
1725 2521 1817 2548 δίδωσί

1031 2570 1071 2588 σοι
1088 2563 1300 2599 κληρονομῆσαι,
1318 2564 1471 2596 πεπτωκὼς
1490 2565 1518 2592 ἐν
1538 2565 1577 2600 τῷ
1600 2565 1693 2601 πεδίῳ,
1710 2565 1755 2592 καὶ
1766 2566 1817 2592 οὐκ

1045 2608 1068 2617 ν,
1145 2609 1152 2617 ι
1248 2609 1273 2617 ,μ
1376 2611 1382 2617 .
1393 2610 1403 2617 .
1420 2610 1428 2617 ς
1459 2611 1464 2617 ,
1572 2612 1577 2617 .
1709 2611 1715 2617 .

1028 2608 1113 2634 οἴδασι
1127 2609 1172 2635 τὸν
1187 2609 1352 2642 πατάξαντα,
1374 2610 1544 2643 ἐξελεύσεται
1566 2612 1582 2646 ὴ
1605 2611 1733 2646 γερουσία
1756 2620 1815 2641 σου.

1029 2652 1076 2678 καὶ
1089 2653 1111 2678 οἱ
1127 2652 1218 2687 κριταί
1236 2661 1292 2687 σου,
1307 2654 1352 2680 καὶ
1369 2655 1581 2689 ἐκμετρήσουσιν
1598 2655 1644 2682 ἐπὶ
1656 2655 1705 2687 τὰς
1725 2655 1814 2686 πόλεις

1029 2695 1078 2727 τὰς
1102 2696 1194 2731 κύκλῳ
1211 2697 1259 2724 τοῦ
1284 2699 1462 2734 τραυματίου,
1490 2699 1536 2726 καὶ
1555 2699 1631 2726 ἔσται
1653 2700 1670 2734 ἡ
1697 2699 1772 2731 πόλις
1798 2700 1814 2734 ἡ

1030 2741 1175 2775 ὲγγίζουσα
1196 2741 1235 2777 τῷ
1253 2744 1414 2779 τραυματίᾳ.
1438 2744 1492 2770 Καὶ
1512 2744 1624 2780 λήψεται
1648 2745 1664 2780 ἠ
1686 2744 1813 2780 γερουσία

1028 2787 1076 2820 τῆς
1088 2786 1191 2818 πόλεως
1205 2787 1310 2822 ἐκείνης
1323 2788 1438 2823 δάμαλιν
1448 2789 1479 2815 ἐκ
1492 2789 1570 2822 βοῶν,
1582 2790 1641 2824 ἥτις
1651 2790 1701 2817 οὐκ
1721 2789 1814 2825 εἴργα-

934 2875 980 2890 ⁹·⁵⁹
994 2875 1003 2902 l
1015 2875 1088 2903 I't‘tr.
1103 2883 1130 2908 ιι,
1141 2875 1184 2901 22.
1225 2877 1242 2891 “
1258 2877 1356 2911 Ephes.
1378 2884 1405 2909 γ,
1416 2879 1441 2904 Ξ.
