1999 3056
125 161 178 190 357

620 156 879 184 GLAPIIYRURUM
898 156 931 183 [Ν
951 155 1101 183 GENESIM
1120 155 1184 182 LIB.
1206 155 1260 183 Vl].

1703 154 1755 183 5‘33

126 231 171 252 τις
190 220 241 256 ἤδη
262 219 440 254 προείπομεν,
456 217 496 244 ὃτι
511 216 556 243 τὸν
579 216 628 251 τῆς
653 216 836 251 προκειμένης
850 216 915 250 ἡμῖν

979 221 1030 241 lem
1049 213 1116 240 ³⁹·“.
1130 223 1138 238 ι
1166 212 1254 248 Supra
1275 211 1394 240 diximus
1418 212 1489 247 quod
1508 213 1686 240 extendentes
1711 221 1755 240 ra~

127 266 297 302 προφητείας
318 262 510 300 βασανίζοντες
533 262 623 296 λόγον,
652 262 700 289 καὶ
718 262 790 293 ὅπως
806 261 838 288 ἂν
859 261 916 296 ἔχοι

128 314 176 339 καὶ
205 311 405 347 διαπεραίνοιτο
429 309 530 341 καλῶς,
545 308 688 344 καταθρείν
709 307 915 340 σπουδάζοντες,

128 357 208 384 τοῦτο
221 354 270 391 μὲν
282 356 318 387 ὡς
333 355 362 387 ὲξ
375 355 531 389 ὁμοιότητος
544 354 601 380 τῶν.
609 354 658 388 ἤδη
675 352 916 388 προειργασμὲνων

131 401 297 437 πεποιῆσθαι
318 409 419 436 φαμεν,
433 400 513 427 τοῦτο
527 400 554 426 δὲ
577 400 623 426 καὶ
646 399 675 432 ἐξ
689 400 773 434 αὐτῆς
795 397 824 426 εὖ
846 400 918 434 μάλα

130 448 180 483 τῆς
188 448 242 474 τῶν
254 448 393 482 ὀνομάτων
400 446 558 482 ἑρμηνείας,
568 445 709 481 μονονουχὶ
718 444 918 480 πλαστουργού-

132 501 223 528 μενον,
239 493 286 519 καὶ
305 492 354 528 τὴν
374 492 427 518 τῶν
442 491 578 527 ἐσομένων
595 491 664 516 ἰδέαν
682 490 919 526 προαναφαίνοντα

130 540 202 566 ὃιαδε
209 539 287 572 ίξειεν
296 539 339 572 ἂν,
347 536 434 573 οἶμαι,
443 537 484 569 τὶς
492 537 553 564 νοῦν
563 537 641 572 ἔλων.
649 538 680 563 '0
689 537 720 572 δὴ
729 537 845 572 μάλιστα
853 545 918 562 κατ-

132 586 197 611 ιδεῖν
215 585 321 617 ἐξέσται
344 583 424 610 πάλιν
443 584 489 609 ἐπί
510 592 540 609 τε
560 583 605 609 τοῦ
629 583 783 614 Ζαϐουλὼν,
800 583 847 609 καὶ
865 582 920 609 τῶν

131 631 244 665 ἑφεξῆς.
261 629 474 665 Διερμηνεὺεται
495 628 549 663 γὰρ
563 629 667 655 εὐεδία
685 637 714 654 τε
732 629 779 655 καὶ
797 629 921 663 εὐλογία

133 677 212 713 παρά
229 685 261 711 γε
275 678 330 715 τοῖς
349 676 384 702 τὰ
397 675 510 703 τοιαῦτα
522 675 683 710 διατρανοῦν
696 673 724 702 εὖ
742 675 814 709 μάλα
828 683 920 701 κατει-

133 723 282 759 θισμένοις.
305 722 511 758 Εςῦλογημένους
528 721 560 758 δὴ
584 720 630 748 οὖν
647 730 723 752 τινας
739 721 792 756 ἄρα
813 721 867 747 τῶν
892 719 922 752 ἐξ

139 769 252 804 Ἰσραὴλ
262 768 425 803 εὑρήσομεν,
439 767 487 793 καὶ
498 766 546 802 τὴν
559 767 601 801 ἐφ’
616 766 701 793 ἆπασι
715 767 770 797 τοῖς
781 766 921 792 ἁνδάνουσι

133 816 195 850 (tu?)
216 815 322 842 εὐοδίαν
339 813 563 849 πεπλουτηκότας
578 820 583 827 ·
604 812 672 847 πλὴν
687 813 727 838 ὅτι
743 813 804 843 τοὺς
821 812 864 838 διὰ
879 812 922 838 πί-

134 870 222 892 atem;
243 860 293 895 τῆς
313 861 351 891 είς
368 859 486 895 Χριστὸν
507 859 743 893 δεδικαιωμένους,
761 857 807 884 καὶ
829 859 861 893 τῇ
876 857 922 884 τοῦ

969 260 1073 286 tionem
1097 259 1246 294 propositae
1278 257 1430 292 prophetiae
1446 278 1452 290 ,
1485 263 1513 284 et
1542 265 1596 292 quo
1622 261 1702 292 pacto
1725 264 1755 285 se

968 305 1067 332 habeat
1096 308 1178 339 atque
1210 309 1382 339 propagetur
1408 303 1571 338 investigare
1601 303 1755 334 studentes,

968 350 1047 385 225
1059 351 1158 384 partim
1173 358 1207 377 ex
1218 349 1397 376 similitudine
1407 357 1502 376 eorum
1518 358 1577 384 qum
1590 353 1652 376 ante
1665 353 1754 376 trans-

968 402 1027 424 acta
1048 400 1122 428 sunt,
1141 396 1198 423 ﬁeri
1218 395 1344 427 dicimus,
1358 395 1455 430 partim
1469 403 1502 422 ex
1513 395 1654 422 nominum
1671 394 1755 421 inter-

968 443 1122 478 pretatione
1137 446 1241 469 tantum
1255 450 1310 468 non
1327 441 1427 476 eﬂingi,
1446 446 1473 467 et
1489 441 1644 467 futurorum
1662 439 1759 474 imagi-

969 495 1032 513 nem
1049 486 1253 521 prmmonstrari
1277 495 1282 512 :
1306 490 1389 520 prout
1409 485 1488 512 facile
1512 484 1650 512 notaverit
1671 483 1761 519 quivis

970 537 1060 559 mente
1072 531 1297 566 praeditusQuod
1310 531 1398 565 ipsum
1412 531 1505 557 videre
1515 531 1579 557 licet
1588 530 1614 556 in
1625 530 1759 561 Zabulon,

970 581 997 603 et
1012 577 1134 611 reliquis.
1154 576 1293 612 Signiﬁcat
1309 576 1381 602 enim
1399 576 1597 611 prosperitatum
1611 575 1667 602 sive
1682 575 1760 601 bene-

970 623 1109 649 dictionem
1126 622 1198 657 apud
1211 630 1269 654 eos,
1285 621 1333 656 qui
1351 621 1507 657 hujusmodi
1523 621 1655 648 vocabula
1673 621 1760 647 inter-

971 670 1125 700 pretantur.
1147 666 1322 693 Inveniemus
1343 667 1436 700 itaque
1460 666 1605 693 nonnullos
1626 674 1660 692 ex
1677 665 1762 693 Israel

971 711 1142 744 benedictos,
1157 715 1287 747 recteque
1304 713 1332 739 in
1351 713 1479 739 omnibus
1500 720 1559 747 qua:
1580 712 1635 739 Deo
1655 712 1763 747 placent

973 758 1147 791 incedentes;
1162 762 1290 786 caeterum
1307 767 1356 794 per
1372 758 1452 785 ﬁdem
1469 758 1495 785 in
1509 758 1648 785 Christum
1660 757 1762 792 justiti-

973 807 1056 835 catos,
1075 807 1103 830 et
1123 803 1209 830 sancti
1230 803 1348 838 Spiritus
1363 803 1448 838 gratia
1467 803 1617 830 illustratus
1631 811 1636 828 :
1650 802 1718 829 adeo
1733 804 1764 828 ut

973 847 1104 883 deinceps
1116 856 1179 875 vere
1198 849 1349 875 exclamare
1364 848 1471 883 possint
1485 857 1490 874 :
1510 858 1517 873 ι
1533 847 1670 875 Benedicti
1684 854 1734 874 nos
1747 855 1762 874 a

135 905 216 940 ἁγίου
234 893 671 938 Πνεύματοςλελαμπρυσμένους
690 901 797 936 χάριτι·
814 901 852 933 ὡς
874 901 922 928 καὶ

979 895 1099 927 Domino,
1122 894 1169 929 qui
1189 895 1254 921 fecit
1269 894 1369 921 cadum
1382 898 1410 921 et
1430 898 1529 920 terram
1547 894 1578 919 “.
1595 903 1603 918 ι
1619 893 1678 920 lluc
1692 900 1762 928 qua-

136 951 247 987 ἱσχύσαι
262 949 355 977 λοιπὸν
369 950 398 975 οὺ
410 948 626 984 ψευδοεποῦντας
652 948 818 982 ἀνακραγεῖν
828 954 834 960 ’
851 955 859 972 ι
873 947 923 973 Εὑ-

134 996 281 1032 λογημὲνοι
296 997 375 1030 ἡμεῖς
387 995 426 1030 τῷ
441 994 536 1030 Κυρίῳ
548 994 586 1029 τῷ
597 994 740 1029 ποιήσαντι
756 993 800 1019 τὸν
812 992 924 1028 οὐρανὸν

135 1044 184 1070 καὶ
203 1043 252 1077 τὴν
268 1042 329 1077 γῆν.
349 1051 358 1067 ι
382 1040 514 1076 Ἀρμόσαι
527 1041 548 1067 δ’
565 1039 598 1067 ἂν
609 1038 687 1076 οἶμαι
701 1039 748 1066 καὶ
761 1039 824 1074 περὶ
836 1038 925 1065 αὐτῶν

134 1088 182 1115 τὸν
210 1087 344 1123 μακάριον
369 1087 512 1122 προφήτην
547 1085 660 1112 Ἡσαΐαν
680 1086 778 1112 εἰπεῖν·
809 1094 818 1110 ι
853 1085 926 1116 Ὁδὸς

135 1133 260 1161 εὐσεϐῶν
277 1132 369 1159 εὐθεῖα
382 1132 500 1166 ἐγένετο,
521 1131 568 1158 δῖα).
582 1131 827 1166 παρεσκευασμένη
842 1131 859 1166 ἡ
869 1130 926 1162 ὁδὸς

134 1181 191 1207 τῶν
213 1179 343 1207 εὐσεϐῶν.
364 1179 398 1205 Ἦ
421 1178 474 1214 γὰρ
490 1177 553 1209 ὁδὸς
567 1178 671 1213 Κυρίου
696 1177 795 1212 κρίσις.
825 1187 835 1203 ι
858 1177 926 1208 Τοὺς

136 1223 190 1253 ὦδε
203 1227 346 1262 λαμπροὺς
361 1225 409 1252 καὶ
424 1224 626 1259 εὐλογημένους
641 1224 680 1255 εἰς
689 1223 737 1259 τὴν
750 1223 824 1259 ἱεράν
835 1231 865 1249 τε
880 1223 926 1249 καὶ

137 1272 215 1298 θείαν
234 1271 317 1305 αὐλὴν
341 1269 527 1296 είσκαλεῖσοαι
550 1268 732 1304 προστέταχεν
755 1269 769 1294 ὁ
783 1267 837 1294 τῶν
860 1267 927 1294 ὅλων

137 1317 215 1349 Θεὸς,
238 1316 310 1343 οὕτω
335 1315 438 1349 λέγων·
457 1324 466 1340 ι
491 1314 629 1346 Ἀνοίξατε
651 1313 756 1344 πύλαςο
786 1312 928 1339 εἰσελθέτω

138 1363 203 1394 λαὸς
217 1362 362 1397 φυλάσσων
373 1361 557 1396 δικαιοσύνην,
573 1361 621 1386 καὶ
635 1360 777 1394 φυλάσσων
790 1359 927 1394 ἀλήθειαν,

138 1408 404 1444 ἀντιλαμϐανόμενος
414 1407 554 1443 ἀληθείας,
564 1407 611 1433 καὶ
622 1406 766 1441 φυλάσσων
782 1406 903 1440 εἰρήνην.
917 1413 927 1429 θ

145 1455 216 1482 ’Δλλ“
234 1455 278 1481 ἵνα
296 1454 333 1490 μὴ
347 1456 402 1485 τοῖς
415 1454 459 1480 διὰ
475 1453 557 1489 μέσου
577 1452 734 1483 σκανδάλοις
750 1450 930 1486 προσπταίον-

139 1502 282 1534 τες,δκνον
295 1501 460 1533 εἰσ-δέξαιντο
469 1500 514 1527 τὸν
526 1500 569 1526 ἐπ’
581 1499 703 1534 ἀγαθοῖς,
720 1498 824 1525 εὐοδίαν
836 1497 930 1533 ὥσπερ

141 1548 268 1582 γενέσθαι
287 1547 466 1582 προστέταχε,
478 1547 523 1573 καὶ
537 1545 752 1578 καταψιλοῦσθαι
764 1544 812 1580 τὴν
827 1544 930 1578 εἰσδρο-

143 1592 210 1628 μὴν,
227 1591 298 1618 οὕτω
311 1592 398 1625 λέγων
410 1593 465 1622 τοῖς
477 1591 564 1625 ἁγίοις
580 1591 730 1625 ίερουργοϊς
739 1597 745 1604 ·
758 1599 767 1614 σ
779 1588 928 1624 Πορεύεσθε

140 1638 187 1665 διὰ
200 1638 253 1664 τῶν
273 1637 366 1664 πυλῶν
385 1646 444 1672 μου,
464 1637 512 1663 καὶ
527 1636 589 1668 τοὺς
604 1636 694 1666 λίθους
710 1635 759 1671 τῆς
776 1634 836 1661 ὁδοῦ
852 1634 929 1669 διαρσ

143 1684 253 1720 ῥίψατε.
274 1693 282 1710 ι
299 1683 404 1710 Οὐκοῦν
415 1681 468 1709 εἷεν
481 1683 515 1710 ἂν
527 1681 705 1717 εὐλογημένοι
718 1690 748 1708 τε
764 1681 810 1708 καὶ
825 1680 930 1707 50°60'5-

145 1739 232 1766 μενοι,
256 1729 306 1765 τὴν
332 1730 372 1761 εἰς
394 1729 512 1764 Χριστὸν
537 1728 627 1754 πίστιν
650 1728 675 1753 οί
703 1726 882 1762 τετιμηκότες
902 1725 932 1757 ἐξ

150 1775 271 1812 Ἰσραήλ.
299 1776 482 1809 Κατοικήσειν
509 1782 540 1808 γε
569 1773 622 1809 μὴν
646 1773 744 1804 αὐτοὺς
768 1773 828 1807 ἦτοι
850 1781 860 1797 ι
886 1771 931 1798 τὸν

145 1822 288 1849 Ζαϐουλὼν
311 1821 361 1857 τὴν
379 1823 412 1857 τῇ
431 1820 554 1857 θαλάσσῃ
572 1820 679 1854 γείτονα
700 1817 793 1854 χώραν
814 1828 823 1844 ι
846 1817 932 1844 διεϐε-

143 1869 256 1896 ϐαιοῦτο
273 1868 377 1903 σαφῶς.
400 1867 488 1894 Οίονεί
511 1875 568 1898 πως
583 1867 671 1893 ἐκεῖνο
687 1864 785 1899 λέγων,
811 1864 852 1890 ὅτι
877 1864 933 1895 τοῖς

145 1915 250 1941 ἔθνεσιν
263 1914 364 1949 ἀναμὶξ
382 1913 458 1940 ἔσται
478 1912 571 1939 λοιπὸν
591 1913 604 1938 ὁ
624 1911 742 1947 Ἰσραὴλ,
762 1910 811 1938 ἆτε
830 1909 863 1945 δὴ
886 1910 933 1936 καὶ

146 1962 187 1992 είς
202 1961 267 1996 μίαν
282 1960 400 1994 ποίμνην
411 1958 650 1994 συνενηνεγμένων
664 1957 718 1983 τῶν
729 1956 775 1983 δύο
787 1956 869 1987 λαῶν,
888 1955 933 1981 καὶ

146 2003 199 2030 ὑπὸ
212 2004 291 2039 χεῖρα
302 2002 351 2037 τὴν
363 2002 422 2032 ἐνὸς
435 2002 482 2028 τοῦ
496 2002 566 2028 κατὰ
580 2001 659 2035 φύσιν
668 2000 771 2034 ἀγαθοῦ
785 2000 934 2034 γεγονότων

147 2049 353 2084 ἁρχιποιμένης,
367 2048 489 2074 τουτέστι
507 2047 634 2083 Χριστοῦ.
652 2047 712 2073 Ὅτι
727 2046 754 2072 δὲ
774 2046 804 2072 τὺ
821 2046 935 2079 αἴνιγμα

146 2092 258 2127 ἁληθὶς,
273 2092 475 2128 πληροφορ-ἠσει
496 2092 594 2127 ῥᾳδίως
608 2092 658 2126 τῆς
671 2091 851 2117 θεοπνεύστου
869 2091 936 2125 Γρα-

147 2141 202 2175 ῳῆς
215 2140 230 2167 ὸ
248 2140 336 2174 λόγος,
354 2141 408 2171 τοῖς
422 2139 451 2172 ἐξ
469 2139 553 2165 ἐθνῶν
567 2139 710 2173 ἀπονέμων
728 2138 777 2173 τὴν
792 2137 935 2173 πρόσοικον

146 2188 181 2221 τῇ
197 2186 317 2221 θαλάττῃ
341 2184 442 2220 χώραν.
465 2185 538 2218 Ἔφη
557 2183 611 2218 γὰρ
626 2183 728 2214 οὕτως·
754 2191 762 2208 ι
782 2181 863 2217 Χώρα
884 2182 936 2208 Ζα-

148 2231 262 2264 ϐουλὼν,
279 2231 316 2266 γῆ
337 2230 495 2265 Νεφθαλεὶμ
507 2230 566 2256 ὁδὸν
581 2229 729 2264 θαλάσσης,
745 2229 791 2255 καὶ
807 2229 832 2254 οἱ
846 2227 935 2254 λοιποὶ

147 2279 173 2304 oi
191 2277 240 2312 τὴν
260 2276 395 2312 παραλίαν
410 2275 557 2307 οἰκοῦντες,
579 2275 708 2302 Γαλιλαία
723 2275 775 2301 τῶν
789 2273 883 2301 ἐθνῶν.
906 2274 935 2300 '0

148 2323 213 2355 λαὸς
229 2323 243 2348 ό
255 2322 408 2358 καθήμενος
425 2323 453 2348 ὲν
466 2321 568 2354 σκότει,
587 2321 644 2355 φῶς
657 2321 695 2346 ἴδε
712 2321 792 2356 μέγα.
813 2330 822 2346 ι
841 2320 938 2354 Συνίης

148 2368 225 2400 ὃπως
258 2378 267 2394 ι
285 2368 377 2403 χώραν
393 2377 402 2394 ›
423 2366 567 2394 Ζαεουλὼν
587 2376 596 2392 ‹
615 2366 663 2402 τὴν
679 2366 733 2393 τῶν
755 2365 839 2393 ἐθνῶν
859 2375 868 2392 ι
887 2366 941 2392 ἁπ-

150 2414 256 2445 εκάλει,
268 2414 292 2441 οἳ
311 2415 358 2441 καὶ
374 2414 430 2448 φῶς
442 2413 586 2441 τεθέανται
600 2413 680 2448 μέγα,
697 2412 775 2446 δῆλον
791 2412 820 2438 δὲ
841 2412 881 2438 ὅτι
896 2411 940 2438 διὰ

151 2460 280 2495 Χριστοῦ.
300 2460 529 2495 Συμπεφώτισται
546 2459 579 2494 δὴ
594 2457 640 2486 οὖν
661 2460 716 2490 τοῖς
737 2459 785 2493 τὴν
803 2458 938 2494 παραλίαν

151 2505 336 2537 κατοικοῦσιν,
351 2506 365 2531 ὁ
384 2505 507 2537 σύνοικος
537 2505 654 2541 Ἰσραήλ.
674 2505 723 2536 Εῑη
743 2504 764 2530 δ’
789 2503 832 2535 ἂν,
849 2500 936 2537 οἶμαι,

150 2553 225 2579 τουτί
241 2552 271 2578 τὸ
290 2551 446 2578 εὐοδοῦσθαι
460 2551 535 2586 παρὰ
559 2550 636 2577 Θεοῦ.
654 2551 715 2577 ’Ὁτι
729 2550 782 2585 γὰρ
800 2548 838 2584 τῷ
857 2548 939 2584 φωτί-

152 2598 248 2630 ζεσθαι
261 2598 348 2633 πάντη
372 2606 403 2624 τε
420 2598 468 2623 καὶ
485 2597 594 2629 πάντως
615 2597 707 2623 ἕποιτο
724 2596 757 2622 ἂν
772 2595 801 2622 τὸ
817 2596 866 2622 καὶ
877 2595 938 2621 εὐο-

152 2643 264 2671 δοῦσθαι
283 2644 350 2676 δεῖν,
367 2643 499 2678 εἰσόμεθα
517 2643 597 2670 πάλιν
612 2642 659 2669 τοῦ
679 2642 806 2677 Σωτῆρος
816 2641 940 2675 λέγοντος

152 2692 208 2723 τοῖς
227 2690 362 2717 Ἰουδαίων
376 2689 483 2725 δήμοις·
499 2699 507 2715 ι
521 2689 594 2721 Ἕως
605 2689 635 2715 τὸ
649 2688 706 2723 φῶς
720 2688 804 2723 ἔχετε,
822 2695 941 2721 περιπα-

152 2738 224 2763 τεῖτε
241 2737 270 2763 ὲν
285 2736 323 2772 τῷ
335 2737 420 2770 φωτὶ,
441 2736 485 2763 ἵνα
500 2735 537 2771 μὴ
556 2735 652 2762 σκοτία
669 2735 741 2770 ὑμᾶς
761 2732 912 2768 καταλάϐῃ.
930 2741 939 2758 ι

159 2783 189 2811 ὐ
202 2783 285 2810 πάλαι
299 2783 388 2809 τοίνυν
399 2782 463 2814 λαὸς
473 2782 630 2817 καταμόνας
638 2781 730 2812 οἰκῶν,
747 2782 760 2807 ὁ
771 2781 826 2812 τοῖς
839 2779 942 2806 ἔθνεσιν

190 2842 249 2858 ³³·δο
263 2842 331 2869 Gen.
349 2850 421 2874 mx,
443 2843 482 2870 15.

156 2878 178 2893 ⁸⁸
189 2878 270 2906 Joan.
287 2885 334 2907 xu,
349 2878 395 2905 534.

525 2843 545 2859 δ’
559 2842 631 2870 Psal.
649 2849 722 2873 cxm,
736 2840 780 2867 25.
819 2839 841 2855 δ’
858 2839 910 2866 lsa.
932 2845 1003 2871 xxvi,
1018 2838 1044 2864 7.

975 941 1075 972 drabit,
1098 941 1226 972 arbitror,
1243 941 1325 968 etiam
1339 940 1404 967 illud
1419 941 1560 975 prophetae
1579 939 1652 966 [sane
1666 948 1672 965 ε
1689 949 1698 965 ι
1713 939 1762 968 Via

974 987 1082 1023 piorum
1096 987 1167 1014 facta
1184 990 1225 1013 est
1241 991 1325 1018 recta,
1341 990 1368 1013 et
1383 986 1435 1013 iter
1449 986 1557 1021 piorum
1575 990 1699 1021 paratum
1711 988 1762 1012 est.

975 1034 1024 1062 Via
1041 1034 1115 1061 enim
1130 1034 1236 1061 Domini
1250 1033 1383 1068 judicium
1405 1033 1435 1059 "'.
1453 1043 1461 1057 ι
1481 1033 1553 1059 Deus
1573 1037 1664 1059 autem
1683 1031 1766 1067 hujus

975 1080 1097 1107 universi
1115 1080 1254 1114 prtecepit,
1270 1082 1299 1105 ut
1312 1078 1350 1105 illi
1364 1079 1411 1113 qui
1425 1078 1462 1105 ita
1481 1077 1616 1112 splendidi
1634 1083 1666 1103 ac
1678 1076 1763 1103 bene-

976 1125 1043 1152 dicti
1063 1129 1141 1157 sunt,
1159 1129 1293 1152 vocentur
1308 1124 1335 1150 in
1359 1131 1464 1150 sacram
1478 1126 1505 1149 et
1520 1122 1639 1149 divinam
1657 1121 1745 1148 aulam
1756 1141 1763 1153 ,

977 1171 1072 1198 dicens
1088 1179 1093 1196 :
1113 1180 1121 1195 ι
1142 1170 1253 1204 Aperite
1271 1173 1379 1204 portas;
1399 1168 1568 1204 ingrediatur
1580 1167 1698 1202 populus
1717 1174 1766 1194 cu-

977 1215 1249 1251 stodiensjustitiam,
1257 1219 1284 1242 et
1292 1214 1448 1241 custodiens
1455 1213 1597 1240 veritatem
1603 1232 1609 1243 ,
1616 1211 1768 1246 apprehen-

978 1262 1046 1289 dens
1057 1261 1209 1292 veritatem,
1218 1265 1246 1287 et
1255 1259 1413 1287 custodiens
1423 1265 1516 1293 pacem
1528 1259 1560 1284 ⁵³.
1577 1267 1585 1282 ι
1597 1257 1631 1284 At
1640 1264 1675 1284 ne
1683 1257 1769 1283 inter-

979 1307 1152 1336 venientibus
1161 1306 1296 1334 scandalis
1307 1305 1489 1340 impingentes
1497 1304 1670 1331 rctardcntur
1680 1304 1708 1330 in
1718 1303 1769 1331 hac

979 1362 1109 1390 prospera
1120 1353 1173 1384 via,
1181 1360 1240 1387 qum
1250 1349 1375 1379 tenditad
1387 1351 1467 1383 bona,
1475 1350 1613 1377 ordinavit
1621 1350 1770 1384 utplanum

979 1400 1102 1428 facerent
1115 1399 1230 1431 aditum,
1247 1399 1283 1425 ita
1299 1398 1332 1424 ad
1348 1401 1457 1424 sanctos
1472 1396 1628 1423 sacerdotes
1651 1396 1746 1423 dicens
1761 1403 1768 1422 :

984 1456 993 1471 ‹
1008 1445 1183 1481 [egredimini
1196 1453 1244 1480 per
1254 1448 1347 1479 portas
1357 1451 1441 1475 meas,
1453 1446 1481 1469 et
1491 1442 1595 1477 lapides
1605 1450 1620 1469 e
1631 1442 1674 1469 via
1684 1442 1770 1469 dimo-

981 1498 1041 1520 vete
1051 1493 1082 1518 “.
1094 1491 1235 1519 iisraelita:
1248 1491 1330 1526 igitiir
1338 1490 1384 1525 qui
1393 1490 1594 1524 amplectuntur
1603 1488 1684 1516 [idem
1692 1487 1771 1516 ϐίη-ὶ-

982 1540 1028 1571 sti,
1039 1541 1119 1566 erunt
1131 1536 1279 1568 benedicti,
1290 1543 1439 1570 omnesque
1448 1535 1568 1570 ipsorum
1579 1534 1700 1561 actiones
1707 1541 1771 1569 pro-

982 1592 1061 1619 spere
1075 1583 1140 1619 ipsis
1151 1582 1308 1610 succedent.
1320 1581 1405 1608 Porro
1417 1580 1533 1607 allirmat
1546 1583 1645 1612 textus,
1656 1587 1704 1607 eos
1713 1579 1771 1606 sive

986 1640 993 1655 ι
1005 1629 1127 1657 Zabulon
1139 1628 1277 1664 regionem
1287 1627 1450 1653 maritimam
1463 1635 1472 1651 ›
1482 1625 1694 1653 inhabitaturos.
1707 1625 1773 1652 Per-

982 1675 1045 1702 inde
1068 1682 1099 1702 ac
1121 1673 1210 1706 dicat,
1227 1673 1309 1700 Israel
1332 1672 1445 1707 posthac
1465 1671 1661 1698 admiscebitur
1680 1670 1772 1706 genti-

982 1722 1044 1754 bus,
1059 1725 1090 1747 ut
1105 1721 1141 1747 ita
1155 1720 1209 1747 duo
1230 1719 1323 1754 populi
1344 1721 1544 1753 congregemur
1565 1717 1593 1743 in
1610 1724 1694 1744 unum
1710 1723 1772 1752 gre-

982 1774 1053 1802 gem,
1071 1770 1152 1800 atque
1168 1765 1214 1791 uni
1230 1767 1325 1798 suapte
1341 1768 1437 1790 natura
1454 1762 1526 1789 bono
1540 1770 1646 1789 summo
1657 1761 1772 1797 pastori.

982 1811 1009 1839 id
1023 1815 1065 1838 est
1077 1810 1196 1842 Christo,
1212 1809 1402 1844 subjiciuntur.
1419 1807 1497 1840 Quod
1512 1811 1601 1834 autem
1614 1807 1672 1834 haec
1687 1806 1773 1842 ﬁgura

983 1857 1019 1885 sit
1040 1865 1115 1889 vera,
1134 1863 1216 1883 sacn'c
1234 1855 1382 1889 Scriptura:
1403 1861 1493 1881 sermo
1514 1853 1671 1888 plenissime
1693 1853 1774 1880 nobis

984 1902 1165 1933 eonﬁrmarit,
1186 1909 1246 1936 quae
1266 1901 1394 1936 gentibus
1413 1901 1552 1935 regionem
1570 1900 1637 1926 mari
1655 1899 1773 1927 vicinam

984 1950 1112 1984 assignat.
1131 1948 1176 1975 Ait
1200 1947 1274 1974 enim
1298 1946 1338 1973 sic
1359 1955 1365 1972 :
1391 1955 1400 1970 ‹
1430 1945 1515 1980 Regio
1538 1945 1677 1977 Zabulon,
1700 1949 1772 1971 terra

984 1995 1159 2030 Nephthalim
1174 1993 1250 2029 juxta
1267 1992 1337 2020 viam
1360 1991 1442 2018 maris
1454 1994 1481 2017 et
1504 1990 1610 2030 caeteris
1633 1989 1680 2024 qui
1700 1997 1774 2017 mare

985 2029 1128 2072 accolunt,
1164 2039 1273 2066 Galilzea
1309 2037 1441 2072 gentium.
1469 2029 1589 2070 Populus
1618 2035 1665 2070 qui
1696 2035 1774 2062 sedet

986 2087 1013 2114 in
1025 2086 1147 2114 tenebris
1155 2085 1223 2112 vidit
1236 2085 1327 2111 lumen
1340 2090 1467 2116 magnum
1477 2082 1509 2108 ".
1524 2092 1532 2106 ι
1549 2081 1680 2116 lntelligis
1689 2089 1772 2112 nunc,

985 2132 1124 2168 quomodo
1144 2131 1283 2166 regionem
1300 2129 1421 2156 Zabulon
1438 2127 1546 2155 vocavit
1562 2137 1570 2153 ι
1595 2131 1694 2154 terram
1707 2134 1774 2162 gen-

988 2181 1066 2212 tium,
1087 2189 1096 2204 ι
1115 2186 1175 2213 qua:
1189 2181 1216 2204 et
1232 2177 1324 2203 lumen
1340 2181 1467 2209 magnum
1487 2174 1616 2200 viderunt
1631 2180 1679 2207 per
1692 2171 1774 2199 (Πιτὶ-

952 2242 972 2268 ῐ)
991 2230 1072 2254 stum.
1087 2224 1168 2252 Israel
1178 2230 1242 2258 ergo
1255 2230 1316 2250 cum
1329 2221 1456 2257 gentibus
1466 2220 1593 2247 habitans
1603 2216 1775 2268 226-5imul

990 2280 1052 2300 cum
1067 2271 1133 2306 ipsis
1148 2276 1223 2296 mare
1235 2267 1431 2299 accolentibus,
1443 2266 1613 2293 illuminatus
1626 2268 1676 2291 est.
1688 2263 1716 2290 ld
1728 2270 1776 2290 au—

988 2324 1044 2347 tem
1061 2322 1102 2344 est
1118 2322 1278 2351 prosperum
1297 2321 1311 2341 a
1332 2314 1387 2340 Deo
1402 2313 1454 2339 iter
1467 2311 1577 2338 habere.
1594 2309 1669 2342 Quod
1685 2314 1775 2336 autem

989 2363 1218 2393 illuminationem
1231 2363 1363 2396 perpetuo
1379 2358 1525 2386 comitetur
1537 2364 1652 2392 prosper
1666 2362 1776 2382 succes-

990 2417 1037 2437 sus
1054 2407 1170 2439 itineris,
1186 2405 1369 2440 intelligemus
1391 2410 1511 2434 rursum,
1527 2402 1635 2428 dicente
1657 2399 1777 2428 Iudaicae

992 2455 1097 2483 nationi
1111 2454 1250 2481 Salvatore
1264 2460 1270 2477 :
1285 2460 1293 2476 ι
1306 2451 1397 2477 Donec
1407 2449 1496 2476 lucem
1509 2447 1626 2479 habetis,
1640 2446 1777 2474 ambulate

992 2501 1020 2528 in
1034 2501 1106 2532 luce,
1121 2507 1155 2526 ne
1171 2497 1290 2525 tenebrae
1306 2503 1354 2523 vos
1371 2493 1604 2529 comprehendant
1619 2493 1650 2519 ⁸⁸³.
1669 2502 1677 2517 ι
1694 2492 1777 2518 Vetus

991 2547 1075 2583 igitur
1088 2544 1214 2580 populus,
1227 2542 1273 2578 qui
1289 2548 1411 2569 seorsum
1432 2538 1574 2570 habitavit,
1593 2537 1694 2572 quique
1710 2544 1777 2571 gen-

993 2580 1067 2620 tibus
1082 2589 1227 2619 admisceri
1247 2587 1401 2618 recusabat,
1424 2586 1464 2612 eis
1485 2584 1538 2611 erit
1560 2580 1775 2612 contubernalis,

990 2647 1051 2667 eum
1072 2640 1125 2674 jam
1153 2636 1221 2664 nihil
1246 2634 1281 2662 sit
1307 2633 1379 2668 quod
1399 2639 1446 2659 eos
1468 2631 1608 2666 sejungat;
1630 2631 1775 2663 propterea

990 2684 1063 2720 quod
1076 2682 1252 2711 interstitium
1265 2678 1389 2707 macerize
1405 2677 1441 2704 sit
1455 2676 1587 2706 dirutum,
1601 2677 1628 2700 et
1644 2674 1688 2700 lex
1702 2679 1777 2698 man-

991 2717 1117 2758 datorum
1133 2729 1274 2757 evacuata,
1288 2725 1396 2758 duoque
1409 2721 1501 2757 populi
1514 2720 1643 2753 deinceps
1653 2717 1682 2744 in
1692 2722 1778 2743 unum

992 2783 1093 2804 novum
1109 2773 1247 2801 hominem
1263 2770 1363 2798 conditi
1377 2769 1432 2796 sint
1446 2767 1474 2794 in
1490 2765 1609 2796 Christo,
1625 2770 1674 2798 per
1689 2761 1777 2797 Spiri-

1099 2836 1121 2851 “
1137 2833 1204 2862 ibid.
1221 2832 1248 2858 2.
1288 2831 1308 2847 “
1325 2830 1374 2858 lsa.
1392 2836 1455 2861 LXII,
1472 2827 1515 2854 10,
1552 2826 1574 2841 δ’
1589 2825 1635 2852 [επ.
1654 2830 1692 2856 ιτ,
1711 2823 1735 2855 1,
1749 2821 1780 2849 9.
