1999 3056
224 175 278 202 35’)

739 172 766 199 S.
786 171 922 203 CYRILLI
943 168 1178 197 ALEXANDRINI
1198 168 1356 195 ARCHIEI‘.

1803 167 1854 194 360

224 251 293 272 tutu.
313 255 321 268 ι
338 243 398 271 Erit
414 246 516 273 autem,
541 241 641 276 inquit,
668 241 694 267 in
720 240 836 267 statione
857 238 979 269 navium,
1003 246 1011 262 ι

1066 235 1253 271 ἀνασύρεσθαι
1271 233 1499 269 παραιτούμενος,
1515 234 1604 265 αὐτοῖς
1617 233 1693 260 ἔσται
1711 235 1856 269 συγκάτοιυ

225 291 276 316 hoc
298 293 340 315 est
369 288 396 315 in
417 291 509 323 portu,
523 287 651 314 videlicet
666 290 724 313 tuto
743 290 770 312 et
788 284 944 318 tranquillo,
959 283 1017 318 spei

224 334 391 362 rudentibus
403 333 513 361 Christo
529 332 706 367 acquiescens
719 335 800 365 atque
813 329 942 357 innitens.
953 329 1018 356 Elu-

225 384 313 407 ctatus
329 380 403 406 enim
417 379 617 413 quodammodo
633 385 647 404 e
667 376 827 412 gravissima
856 379 1017 410 tempestate

225 425 340 460 recipiet
365 433 393 452 se
413 424 522 451 tandem
539 424 566 450 in
581 423 693 458 gratiam
707 421 765 453 Dei,
785 420 1016 456 quemadmodum

225 478 321 498 revera
334 470 443 498 olcades
459 470 516 496 sive
526 476 609 495 naves
620 467 751 494 oneraria:
766 467 793 494 in
806 470 924 501 portum.
939 465 1015 499 Quod

223 521 315 543 autem
327 516 466 551 pertingat
481 524 490 540 ι
505 514 539 541 ad
552 513 680 541 Sidonem
692 521 788 548 usque.
805 522 814 538 ι
829 512 939 539 videtur
951 511 1015 538 sub-

224 560 356 590 indicare.
370 565 474 588 tantum
486 559 604 586 duorum
617 559 782 593 populorum
797 565 961 585 concursum
973 557 1014 584 fu-

224 613 328 639 turum,
343 611 371 633 ut
386 606 514 634 Israelita:
526 606 579 632 sint
595 605 757 640 completuri
777 605 859 631 etiam
879 603 1014 635 civitates,

225 661 285 688 quae
297 657 361 679 sunt
375 651 447 686 apud
464 652 550 678 Deum
565 650 717 685 culpabiles
730 654 811 685 atque
827 649 971 680 damnatae,
983 657 1015 676 eo

222 698 295 734 quod
320 698 489 725 seduxerunt
510 698 576 724 olim
601 701 683 732 atque
702 698 862 723 averterunt
881 695 1014 730 quodam-

222 744 303 772 modo
314 744 375 780 ejus
390 743 522 770 cultores.
539 742 578 769 ita
591 742 664 769 enim
682 740 783 768 alicubi
805 740 843 767 ait
857 747 905 774 per
920 747 1015 766 vocem

223 789 419 824 prophetarum
441 797 447 814 ε
467 797 475 813 ‹
493 787 598 822 Ecquid
611 787 689 814 vobis
708 793 827 818 mecum,
843 786 913 821 Tyre
928 789 955 812 et
971 785 1014 812 Si-

222 834 287 867 don,
303 834 426 869 adeoque
443 837 499 860 tota
519 832 629 860 Galilaea
651 832 885 867 alienigenarum?
899 831 968 858 Num
988 834 1016 858 et

223 888 270 908 vos
286 880 449 908 retaliabitis
466 879 544 911 mihi,
561 883 607 906 aut
622 877 830 905 reminiscimiui
844 877 950 912 injurim
968 876 1016 903 ad—

222 933 318 953 versus
335 926 394 952 me?
411 925 466 960 Ego
478 929 570 952 autem
590 924 723 952 retaliabo
739 923 816 951 vobis
830 923 885 950 cito
896 927 924 950 et
940 923 1014 949 velo-

222 971 291 998 citer
307 971 334 998 in
351 971 440 1006 capita
455 975 556 1001 vestra,
572 977 604 997 eo
620 969 693 1004 quod
713 973 855 1004 argentum
879 976 970 995 meum
988 971 1016 994 et

221 1024 319 1044 aurum
334 1024 425 1043 meum
441 1015 596 1050 accepistis,
618 1019 700 1050 atque
717 1015 803 1042 electa
825 1022 884 1041 mea
906 1017 933 1040 et
955 1013 1014 1047 pul-

222 1063 288 1089 chra
300 1061 468 1097 importastis
481 1061 508 1088 in
520 1064 610 1088 vestra
622 1061 745 1088 delubra.
759 1060 836 1092 item,
851 1060 920 1087 tilios
932 1059 1015 1087 lsrael

221 1111 248 1134 et
261 1107 337 1134 Iudae
351 1106 513 1133 vendidistis
531 1105 593 1133 ﬁliis
606 1105 774 1137 Graecorum,
790 1109 820 1132 ut
841 1104 1016 1131 abduceretis

221 1160 269 1180 eos
283 1161 298 1180 a
310 1153 367 1180 suis
376 1152 476 1179 finibus
485 1152 514 1167 "-
521 1152 551 1178 ³⁸.
559 1152 640 1179 tVide
649 1159 714 1187 ergo
721 1151 858 1186 quomodo
867 1151 919 1178 illae
929 1157 1016 1185 quon-

221 1197 284 1224 dam
304 1197 422 1233 grandes
441 1201 468 1224 et
490 1198 707 1225 bellicosissima:
728 1197 824 1229 urbes,
848 1204 908 1231 quas
927 1203 1015 1223 causa:

221 1244 334 1271 luerunt
344 1243 508 1278 perditionis
522 1243 662 1275 lsraelitis,
673 1251 746 1270 nunc
760 1247 823 1270 sunt
835 1242 945 1269 eosdem
957 1249 1015 1268 ere-

221 1288 317 1316 dentes
331 1289 364 1316 ah
381 1289 455 1315 omni
475 1297 575 1323 pavore
588 1289 691 1316 liberos
708 1292 868 1323 recepturae,
882 1295 943 1314 cum
957 1287 1014 1315 Sal—

221 1337 299 1360 vator
314 1338 407 1360 noster
424 1334 502 1361 Jcsus
522 1334 647 1372 Christus
666 1335 734 1362 duos
749 1335 863 1370 populos
879 1334 1013 1369 redegerit

222 1379 255 1406 ad
272 1379 402 1406 unitatem
419 1381 446 1407 in
465 1388 541 1414 pace,
556 1384 584 1408 et
599 1381 755 1408 dissolverit
774 1381 957 1413 inimicitiam,
974 1380 1011 1408 si-

222 1426 334 1460 mulque
349 1433 411 1453 cum
425 1426 552 1461 gentibus
564 1426 692 1454 Israelem
708 1427 736 1454 in
747 1427 922 1454 dilectionem
935 1434 1012 1454 suam

222 1471 402 1498 transtulerit.
415 1471 454 1498 lta
469 1480 544 1507 ergo,
559 1481 648 1508 neque
662 1473 717 1500 ulla
733 1473 785 1500 alia
804 1473 921 1505 ratione,
938 1473 1012 1500 arbi—

222 1521 290 1551 tror,
303 1518 424 1546 Zabulon
441 1519 609 1546 maritimum
627 1519 717 1547 locum
730 1519 906 1546 habitaverit.

1032 908 1052 935 Β

1069 290 1127 313 κος,
1150 281 1305 312 διαστάντος
1332 280 1399 316 πρὸς
1422 279 1552 314 διαφορὰν
1571 280 1688 312 οὐδενός·
1707 280 1752 307 διά
1770 289 1799 308 τι
1825 281 1857 307 τὸ

1069 327 1193 353 λελύσθαι
1211 326 1286 362 παρὰ
1302 325 1418 360 Χριστοῦ
1435 326 1466 352 τὸ
1483 325 1638 360 μεσότοιχον
1653 324 1701 353 τοῦ
1715 327 1855 361 φραγμοῦ,

1069 373 1115 398 καὶ
1128 372 1173 398 τὸν
1187 371 1268 406 νόμον
1285 371 1338 398 τῶν
1356 370 1469 398 ἐντολῶν
1481 370 1638 406 ἐνδείγμασι
1655 372 1855 407 καηργῆσθαι,

1069 418 1187 450 καὶτοὺς
1205 418 1251 444 δύο
1267 417 1348 449 λαοὺς
1368 417 1495 444 ἐκθέσθαι
1518 418 1610 444 λοιπὸν
1632 418 1671 449 εις
1693 419 1740 444 ’ἐνα
1764 420 1856 445 καινὶν

1068 464 1210 500 ἄνθρωπον
1230 464 1259 490 ὲν
1278 462 1388 499 Χριστῷ
1409 464 1453 490 διὰ
1476 463 1642 498 Πνεύματος.
1670 473 1679 489 ‹
1701 465 1796 491 Ἔσται
1816 465 1857 494 δὲ.

1068 510 1145 545 φησὶ,
1161 510 1208 536 καὶ
1232 510 1295 545 παρ’
1315 510 1399 544 ὅρμον
1425 510 1536 542 πλοίων,
1558 519 1566 535 ι
1591 511 1739 550 τουτέστιν,
1762 509 1799 542 ὼς
1827 512 1856 536 ἐν

1068 556 1157 591 λιμένι
1175 556 1256 591 τυχὸν
1267 556 1394 590 ἀσφαλεῖ,
1408 556 1455 582 καὶ
1478 555 1607 590 ἀκύμονι,
1622 555 1669 582 καὶ
1688 557 1724 587 είς
1737 556 1856 591 Χριστὸν

1067 603 1195 629 ἀνάπτων
1209 601 1260 636 τῆς
1274 602 1380 633 ἐλπίδος
1392 601 1426 628 τὰ
1447 602 1595 637 πείσματα.
1619 601 1666 628 Ἐκ
1684 601 1784 636 πολλῆς
1800 601 1855 636 γὰρ

1067 648 1162 682 ὥσπερ
1186 649 1371 684 ἀποφοιτήσας
1392 648 1486 683 ζάλης,
1513 647 1739 683 ὲνορμισθήσεται
1764 647 1856 674 λοιπὸν

1068 696 1100 730 τῇ
1115 695 1179 729 παρ’
1197 694 1271 729 αὺτῴ
1287 694 1523 729 χάριτι,καθάπερ
1532 693 1627 728 ἀμέλει
1645 693 1690 720 καὶ
1702 693 1732 719 ἐν
1747 692 1854 728 λιμέσιν

1069 741 1190 773 ὁλκάδες.
1201 731 1247 767 "rb
1263 741 1290 767 δὲ
1310 741 1341 776 δὴ
1360 741 1407 766 καὶ
1431 749 1439 766 t
1465 739 1560 775 μέχρις
1584 738 1668 774 αὑτῆς
1688 749 1697 764 ι
1726 738 1856 775 παρατεί-

1069 787 1161 813 νεσθαι
1180 797 1188 812 ι
1213 787 1262 822 τῆς
1275 786 1390 818 Σιδῶνος
1406 796 1415 812 ι
1432 787 1528 817 εἰπεῖν,
1545 785 1694 821 ὑποδηλοῦν
1708 785 1795 812 ἔοικεν
1814 785 1854 812 ὅτι

1067 833 1185 868 τοσαύτη
1200 832 1268 868 πρὸς
1280 832 1376 859 ἕνωσιν
1394 831 1582 867 πνευματικὴν
1596 832 1731 867 συνδρομὴ
1745 831 1799 857 τῶν
1810 831 1856 858 δύο

1067 879 1211 914 γενήσεται
1235 878 1318 910 λαῶν,
1340 878 1377 911 ὼς
1399 879 1461 910 τοὺς
1482 878 1510 911 ἐξ
1531 878 1646 913 αἵματος
1674 877 1782 912 Ἰσραὴλ
1809 878 1856 903 xxi

1068 925 1152 957 αύτὰς
1167 924 1306 960 ἐμπλῆσαι
1318 925 1368 957 τὰς
1386 925 1487 956 πόλεις.
1504 924 1550 956 τὰς
1564 926 1593 951 ἐν
1610 925 1693 960 πολλῇ
1710 923 1784 960 παρὰ
1797 924 1857 958 Θεῷ

1068 971 1256 1005 γεγενημένας
1282 971 1356 1006 αἰτίᾳ
1379 971 1424 997 καὶ
1448 971 1569 1006 διαϐολῇ,
1594 970 1631 998 ὠς
1656 969 1856 1001 ἀποπλανὼσας

1069 1017 1132 1043 ποτὲ
1149 1016 1195 1042 καὶ
1211 1016 1413 1051 διαρπαζούσας
1430 1016 1530 1051 τρόπον
1544 1016 1603 1042 τινὰ
1617 1016 1679 1047 τοὺς
1694 1015 1858 1051 σεϐομένους

1068 1063 1160 1089 αὐτόν,
1180 1063 1251 1097 Ἔφη
1270 1063 1324 1098 γάρ
1348 1071 1399 1089 που
1421 1062 1464 1088 διὰ
1485 1063 1575 1097 φωνῆς
1592 1062 1756 1096 προφητῶν·
1774 1070 1783 1087 ι
1802 1056 1857 1088 κάι

1068 1109 1093 1134 τε
1107 1109 1185 1143 ὑμεῖς
1205 1109 1276 1143 ἐμοὶ,
1294 1108 1382 1144 Τύρος
1404 1109 1450 1135 καὶ
1465 1107 1559 1140 Σιδὼν,
1575 1108 1621 1134 καὶ
1635 1109 1708 1134 πᾶσα
1726 1107 1857 1134 Γαλιλαία

1068 1153 1239 1188 ἀλλοφύλων;
1257 1154 1302 1189 Μὴ
1316 1154 1491 1189 ἀνταπόδομα
1513 1154 1559 1181 καὶ
1575 1154 1651 1189 ὑμεῖς
1665 1153 1855 1181 ἀνταποδίδοτέ

1070 1208 1125 1234 μοι,
1143 1199 1158 1235 ἦ
1178 1200 1371 1234 μνησικακεῖ-τε
1386 1200 1433 1225 καὶ
1450 1200 1528 1234 ὑμεῖς
1543 1199 1585 1225 ἐπ’
1601 1199 1676 1233 ὲμοί;
1700 1199 1798 1232 Ὀξέως
1810 1199 1856 1225 καὶ

1068 1244 1172 1279 ταχέως
1189 1243 1372 1271 ἀνταποδώσω
1385 1244 1413 1270 τι
1429 1243 1601 1279 ἀνταπόδομα
1619 1243 1696 1278 ὑμῶν
1715 1244 1755 1275 είς
1770 1252 1856 1278 κεφα-

1068 1290 1116 1321 λὰς
1136 1290 1224 1324 ὑμῶν,
1246 1290 1303 1316 ἀνθ’
1320 1286 1357 1317 ὧν
1374 1290 1403 1316 τὸ
1423 1289 1555 1325 ἀργύριόν
1571 1299 1621 1325 μου
1638 1291 1684 1317 καὶ
1698 1290 1728 1316 τὸ
1744 1290 1856 1325 χρυσίον

1069 1345 1119 1370 μου
1134 1336 1254 1367 ἐλάϐετε,
1277 1336 1325 1362 καὶ
1340 1336 1374 1362 τὰ
1388 1336 1518 1362 ἐπίλεκτὰ
1536 1345 1587 1371 μου
1604 1337 1650 1362 καὶ
1665 1336 1699 1362 τὰ
1713 1336 1783 1363 καλὰ
1797 1337 1855 1362 εἰσ-

1067 1381 1201 1417 ηνέγκατε
1227 1382 1266 1413 εἰς
1290 1381 1353 1413 τοὺς
1394 1383 1475 1413 ναοὺς
1505 1382 1591 1417 ὑμῶν.
1615 1381 1669 1408 Καὶ
1695 1382 1758 1413 τοὺς
1779 1381 1856 1414 υἱοὺς

1074 1426 1159 1454 Ὶούδα
1181 1427 1227 1454 καὶ
1249 1428 1312 1458 τοὺς
1337 1428 1412 1459 υἱοὺς
1434 1428 1543 1464 Ἰσραὴλ
1559 1428 1692 1455 ἀπέδοσθε
1706 1430 1762 1460 τοῖς
1786 1429 1855 1460 υἱοῖς

1066 1473 1120 1499 τῶν
1140 1473 1286 1508 Ἑλλήνων,
1307 1473 1382 1505 ὅπως
1402 1472 1522 1510 ἑξώσητε
1542 1474 1639 1505 αὐτοὺς
1654 1474 1686 1501 ἐκ
1704 1474 1756 1500 τῶν
1771 1474 1854 1510 ὁρίων

1067 1519 1169 1544 αὐτῶν.
1188 1528 1196 1544 ι
1217 1518 1311 1554 Ἂθρει
1331 1519 1364 1554 δὴ
1381 1517 1427 1546 οὖν
1445 1520 1518 1551 ὅπως
1538 1520 1565 1546 αἱ
1590 1519 1672 1547 πάλαι
1697 1520 1783 1547 δειναὶ
1806 1519 1854 1546 καὶ

222 1564 426 1599 πολεμιώταται
444 1565 547 1597 πόλεις,
565 1566 612 1592 καὶ
636 1565 748 1601 ὀλέθρου
784 1564 908 1600 πρόξενοι
931 1566 986 1596 τοῖς
1020 1564 1048 1596 ἐξ
1074 1565 1198 1599 Ἰσραὴλ,
1226 1566 1325 1596 παντὸς
1350 1565 1510 1600 ἐλευθέρους
1533 1566 1660 1600 δείματος
1690 1565 1854 1599 εἰσδέξονται

220 1610 284 1640 τοὺς
302 1609 526 1642 πεπιστευκότας,
545 1610 698 1641 συνδέοντος
715 1611 744 1636 ἐν
755 1610 849 1646 εἰρήνῃ
863 1609 930 1645 πρὸς
944 1609 1096 1644 ὀμοψυχίαν
1112 1611 1175 1642 τοὺς
1207 1610 1253 1637 δύο
1282 1610 1363 1643 λαοὺς
1383 1611 1430 1637 τοῦ
1464 1612 1590 1646 Σωτῆρος
1623 1612 1701 1646 ἡμῶν
1720 1612 1852 1647 Χριστοῦ,

223 1656 270 1681 καὶ
293 1656 477 1688 καταλύοντος
494 1657 542 1692 μὲν
560 1656 608 1692 τὴν
627 1656 736 1692 ἔχθραν,
761 1656 1014 1690 συγκατοικίζοντος
1033 1656 1060 1682 δὲ
1078 1658 1133 1688 τοῖς
1150 1657 1254 1683 ἔθνεσιν
1269 1658 1298 1684 ὲν
1330 1658 1425 1694 ἀγάπῃ
1444 1658 1490 1685 τὸν
1511 1659 1628 1694 Ἰσραήλ.
1649 1657 1732 1694 Οἶμαι
1753 1659 1784 1694 δὴ
1806 1657 1853 1686 οὖν

221 1699 272 1728 ἄιδέ
292 1711 319 1728 τε
337 1703 383 1728 καὶ
398 1702 427 1728 οὗ
442 1702 503 1728 καθ’
517 1703 610 1738 ἕτερον
630 1703 730 1737 τρόπον
742 1702 788 1729 τὸν
804 1702 946 1730 Ζαϐουλὼν
967 1703 1140 1738 κατοικήσειν
1157 1704 1299 1739 παράλιον.

323 1783 327 1786 _
534 1758 571 1784 De
586 1758 706 1785 [suc/lar.

223 1838 226 1841 _
257 1804 338 1838 227
354 1813 362 1828 ι
378 1803 487 1830 Isacbar
500 1804 602 1831 bonum
613 1805 780 1840 concupivit,
794 1806 969 1840 requiescens
984 1808 1013 1835 in

224 1848 313 1876 medio
321 1848 520 1876 haereditatum.
529 1850 563 1876 Et
569 1849 666 1877 videns
673 1851 805 1885 requiem,
812 1852 885 1885 quod
895 1853 964 1880 bona
971 1861 1013 1880 es-

223 1898 275 1925 set,
285 1897 312 1920 et
323 1897 422 1921 terram
433 1894 506 1928 quod
515 1895 633 1930 pinguis,
643 1896 769 1922 submisit
778 1896 921 1925 humerum
933 1906 1013 1926 suum

222 1937 256 1965 ad
270 1938 462 1972 laborandum,
480 1944 508 1966 et
521 1940 608 1971 factus
625 1944 667 1968 est
681 1939 722 1967 vir
735 1941 853 1976 agricola
872 1943 904 1969 δ’.
927 1952 936 1968 i
956 1943 1012 1970 Isa-

221 1983 289 2010 char
302 1991 398 2011 rursus
410 1984 556 2019 exponitur
572 1992 678 2011 merces.
697 1985 790 2012 Potest
806 1990 908 2018 autem,
925 1995 1012 2021 quan-

223 2033 280 2056 tum
291 2028 325 2055 ad
337 2029 458 2056 nominis
469 2029 706 2064 signiﬁcationem,
722 2035 802 2066 typus
812 2036 839 2058 et
852 2031 940 2066 imago
953 2040 1013 2059 esse

222 2074 294 2101 haud
314 2074 431 2102 obscura
448 2075 569 2108 illorum,
585 2083 644 2110 qua!
661 2076 720 2103 loco
737 2077 873 2104 mercedis
885 2085 900 2104 a
913 2078 968 2105 Deo
983 2085 1013 2105 ac

221 2120 300 2148 Patre
315 2121 417 2148 tributa
430 2125 494 2148 sunt
504 2120 623 2149 Christo.
637 2122 682 2148 Ait
693 2122 766 2149 enim
778 2123 861 2150 David
876 2132 882 2150 :
897 2133 905 2148 ι
920 2123 985 2150 Pete
997 2132 1012 2151 a

223 2173 275 2198 me,
285 2170 313 2193 et
320 2166 392 2194 dabo
401 2167 448 2194 tibi
461 2172 556 2203 gentes
565 2168 754 2195 hmreditatem
765 2173 850 2200 luant,
861 2173 888 2196 et
903 2178 1012 2207 posses-

222 2212 327 2239 sionem
338 2217 411 2240 tuam
421 2214 552 2241 terminos
561 2215 678 2241 terras”.
686 2214 847 2242 iEtrursum
860 2215 931 2242 idem
942 2216 1013 2250 psal-

221 2258 302 2286 lendo
321 2259 398 2293 quasi
418 2264 613 2287 commemorat
626 2267 674 2287 eos
693 2260 740 2295 qui
754 2260 808 2288 dati
825 2265 888 2288 sunt
900 2261 1011 2290 Emma-

221 2304 316 2331 nueli:
334 2315 342 2329 ι
358 2304 428 2332 Ecce
445 2304 592 2333 haereditas
610 2305 729 2338 Domini,
747 2306 806 2338 ﬁlii,
826 2314 931 2334 merces
952 2307 1010 2334 fru-

221 2353 282 2376 ctus
294 2349 399 2376 ventris
411 2350 443 2377 ⁵¹.
459 2359 467 2374 ι
483 2350 534 2383 Qui
546 2350 620 2378 enim
634 2350 820 2382 crediderunt,
837 2355 893 2377 tum
907 2359 939 2379 ex
951 2360 1013 2379 san-

222 2394 303 2429 guine
324 2394 417 2427 'srael,
442 2399 499 2423 tum
519 2403 553 2423 ex
574 2396 750 2423 multitudine
772 2397 867 2429 altera,
889 2398 1010 2432 gentium

222 2440 363 2472 nimirum,
376 2445 439 2467 sunt
452 2442 528 2475 quasi
543 2449 649 2468 merces
661 2441 715 2468 dati
730 2442 911 2470 Emmanucli.
925 2439 1010 2471 Porro

221 2486 315 2514 Jesum
339 2487 486 2521 appellavit
509 2487 669 2520 Dominum,
695 2492 722 2515 et
744 2488 869 2516 eumdem
891 2489 1010 2517 fructum

221 2532 327 2558 ventris
342 2531 443 2559 factum
462 2531 510 2564 ait,
525 2535 636 2567 propter
650 2537 771 2560 nostram
791 2533 1009 2561 similitudinem.

222 2577 308 2604 Natus
324 2577 397 2604 enim
411 2581 453 2604 est
469 2585 502 2604 ex
517 2577 641 2611 muliere,
654 2583 682 2606 et
692 2579 798 2606 fructus
809 2579 914 2606 ventris
925 2579 1010 2615 virgi-

223 2622 292 2648 nalis
312 2622 475 2650 declaratus.
496 2623 629 2656 Quocirca
649 2625 793 2652 credentes
807 2625 943 2653 lucrifecit
958 2626 1010 2653 sibi

221 2666 348 2694 Christus
365 2676 370 2693 ε
386 2668 420 2695 ob
437 2676 504 2704 quos
525 2669 624 2697 alicubi
648 2675 674 2698 et
694 2671 832 2698 caelestem
849 2671 958 2698 Patrem
978 2680 1010 2700 ac

223 2713 308 2740 Deum
328 2713 447 2741 aifatur:
466 2725 474 2740 ι
491 2714 563 2748 Quos
584 2716 683 2743 dedisti
698 2717 764 2743 mihi
779 2725 812 2744 ex
834 2717 946 2750 mundo,
969 2717 1008 2744 tui

222 2763 311 2790 erant,
334 2764 362 2786 et
380 2760 446 2787 mihi
463 2768 509 2787 eos
529 2760 627 2788 dedisti
642 2762 675 2789 ³³.
700 2772 707 2787 ι
723 2762 762 2789 llli
786 2762 868 2797 igitur
881 2762 1008 2789 eximiam

223 2809 325 2830 sortem
337 2806 519 2840 expetierunt,
530 2807 580 2835 hoc
590 2813 641 2840 est,
652 2808 833 2843 quodcunque
842 2808 893 2835 dici
909 2814 1006 2843 potest,

1029 1762 1049 1790 C

1027 2434 1049 2462 ί)

1310 1763 1379 1796 Περὶ
1399 1764 1451 1791 τοῦ
1476 1764 1611 1799 Ἰσιὶχαρ.

1103 1816 1112 1832 ‹
1139 1807 1247 1842 Ἰσάχαρ
1273 1808 1303 1834 τὸ
1326 1809 1408 1835 καλὸν
1438 1810 1621 1844 ἐπεθύμησεν,
1647 1811 1854 1846 ἀναπαυόμενος

1063 1853 1115 1880 ἀνὰ
1130 1853 1212 1888 μέσον
1230 1854 1284 1880 τῶν
1303 1854 1420 1890 κλήρων.
1439 1855 1492 1882 Καὶ
1509 1855 1571 1882 ίδὼν
1587 1856 1635 1891 τὴν
1647 1857 1799 1884 ἀνάπαυσιν
1811 1858 1853 1884 ὅτι

1064 1898 1144 1933 καλὴ,
1159 1899 1206 1926 καὶ
1223 1899 1272 1935 τὴν
1287 1901 1337 1935 γῆν
1354 1901 1395 1927 ὅτι
1413 1901 1493 1933 πίων,
1510 1902 1630 1938 ὑπέθηκε
1646 1903 1690 1929 τὸν
1708 1900 1783 1938 ὦμον
1803 1903 1853 1930 αύ-

1063 1944 1110 1971 τοῦ
1126 1946 1165 1976 εἰς
1180 1945 1210 1972 τὸ
1227 1947 1327 1978 πονεῖν,
1345 1947 1392 1973 καὶ
1405 1947 1520 1983 ἐγενήθη
1539 1947 1606 1983 ἀνὴρ
1620 1949 1751 1983 γεωργός.
1774 1959 1783 1975 ι
1797 1951 1852 1976 Μι-

1063 1992 1137 2024 σθὸς
1153 1991 1184 2027 δὴ
1203 1992 1283 2019 πάλιν
1298 1993 1312 2018 ό
1335 1993 1445 2028 Ίσάχαρ
1457 1994 1648 2029 ἑρμηνεύεται.
1672 1995 1721 2031 Εἴη
1736 1996 1758 2022 δ’
1771 1996 1804 2023 ἂν
1814 1996 1853 2028 ὡς

1063 2035 1116 2061 ἀπό
1139 2044 1169 2069 γε
1188 2036 1234 2063 τοῦ
1257 2038 1457 2072 σημαινομένου
1481 2038 1564 2070 τύπος
1585 2036 1629 2066 οἷά
1647 2048 1688 2071 τις
1706 2040 1753 2067 καὶ
1769 2040 1852 2068 εἰκὼν

1063 2081 1112 2107 ούκ
1132 2082 1294 2118 ἀσυμφανὴς
1316 2083 1369 2109 τῶν
1388 2083 1426 2115 ὼς
1451 2085 1478 2110 ὲν
1496 2084 1572 2116 τάξει
1590 2085 1686 2120 μισθοῦ
1706 2087 1781 2122 παρὰ
1804 2088 1851 2114 τοῦ

1064 2126 1130 2152 Θεοῦ
1151 2128 1196 2153 καὶ
1216 2128 1321 2163 [ἰατρὸς
1343 2129 1570 2165 ἀπονεμηθέντων
1590 2131 1715 2166 Χριστῷ·
1736 2141 1746 2158 ε
1767 2133 1849 2167 Αἴτη-

1064 2180 1110 2199 σαι
1125 2183 1133 2198 ι
1149 2173 1213 2209 γὰρ,
1228 2174 1309 2210 φησὶν
1323 2175 1337 2200 ὁ
1349 2175 1440 2206 Δαίῖιδ,
1457 2185 1465 2200 ε
1486 2177 1551 2211 παρ’
1564 2176 1641 2211 ἐμοῦ,
1653 2178 1700 2204 καὶ
1714 2177 1792 2204 δώσω
1809 2187 1850 2205 σοι

1063 2217 1125 2253 ἔθνη
1140 2219 1189 2254 τὴν
1213 2219 1395 2256 κληρονομίαν
1415 2229 1460 2247 σου
1471 2241 1478 2252 ,
1497 2222 1543 2248 καὶ
1558 2223 1606 2258 τὴν
1622 2223 1786 2258 κατάσχεσίν
1804 2233 1850 2250 σου

1062 2263 1095 2289 τὰ
1113 2264 1218 2299 πέρατα
1231 2267 1276 2300 τῆς
1294 2265 1356 2301 γῆς.
1378 2277 1386 2292 ι
1405 2268 1507 2294 Ψάλλει
1523 2268 1551 2294 δέ
1567 2276 1617 2294 που
1634 2269 1681 2295 καὶ
1696 2269 1777 2296 πάλιν
1787 2270 1851 2302 τοὺς

1061 2308 1197 2341 δοθέντας,
1229 2308 1306 2345 οἶμαι
1332 2320 1395 2340 που.
1422 2312 1460 2348 τῷ
1495 2313 1679 2350 Ἐμμανούηλ,
1708 2315 1851 2350 μονονουχὶ

1062 2354 1238 2387 καταδεικνύς
1251 2364 1257 2371 ·
1287 2367 1295 2382 ι
1320 2357 1385 2384 Ἰδοὺ
1406 2359 1422 2392 ἡ
1437 2359 1604 2396 κληρονομία
1618 2361 1731 2395 Κυρίου,
1750 2361 1819 2387 υἱοί*
1837 2363 1852 2389 6

1063 2399 1157 2434 μισθὸς
1182 2401 1228 2427 τοῦ
1255 2401 1360 2437 καρποῦ
1382 2403 1431 2438 τῆς
1447 2405 1574 2440 γαστρός,
1605 2415 1613 2431 ι
1635 2406 1759 2434 Δέδονται
1789 2407 1849 2442 (ἀρ,

1063 2446 1128 2480 φησὶ
1138 2465 1145 2478 ,
1161 2445 1200 2482 τῷ
1217 2447 1389 2483 Ἐμμανουὴλ
1404 2449 1498 2484 μισθὸς
1510 2449 1552 2478 οἷά
1568 2459 1608 2483 τις
1619 2453 1644 2478 οἱ
1670 2453 1851 2480 πεπιστευκό-

1062 2499 1107 2522 τες
1125 2492 1178 2518 ἀπό
1197 2501 1226 2518 τε
1241 2493 1294 2519 τῶν
1315 2493 1345 2527 ἐξ
1360 2495 1476 2530 αἵματος
1497 2497 1613 2532 Ἰσραὴλ,
1628 2498 1674 2524 καὶ
1688 2498 1738 2534 τῆς
1751 2499 1849 2533 ἑτέρας

1063 2537 1191 2572 πληθύος,
1206 2540 1276 2574 φημὶ
1288 2539 1321 2576 δὴ
1336 2541 1384 2575 τῆς
1399 2540 1429 2573 ἐξ
1443 2541 1536 2569 ἐθνῶν.
1552 2543 1653 2578 Κύριον
1667 2544 1695 2571 δὲ
1711 2544 1849 2580 ὀνομάσας

1061 2581 1105 2608 τὸν
1129 2583 1246 2618 Ἰησοῦν,
1265 2585 1312 2611 καὶ
1325 2585 1431 2620 καρπὸν
1450 2587 1531 2614 αὑτὸν
1553 2587 1637 2622 ἔφησε
1660 2589 1785 2622 γενέσθαι
1799 2599 1847 2624 γει-

1062 2629 1151 2663 στρὸς,
1161 2629 1204 2657 διά
1213 2639 1253 2656 τοι
1263 2630 1310 2666 τὴν
1323 2631 1384 2658 καθ’
1392 2632 1465 2668 ἡμᾶς
1477 2633 1613 2667 ὁμοίωσιν.
1624 2634 1785 2670 Γεγέννηται
1793 2635 1846 2670 γὰρ

1061 2675 1092 2701 ὲκ
1104 2676 1243 2709 γυναικὸς,
1260 2678 1305 2703 καὶ
1319 2677 1422 2713 καρπὸς
1437 2678 1532 2713 νηδύος
1547 2679 1654 2715 ἐδείχθη
1667 2679 1844 2715 παρθενικῆς.

1061 2721 1165 2747 Οὐκοῦν
1179 2723 1240 2753 τοὺς
1258 2723 1435 2756 πιστεύοντας
1452 2724 1674 2759 ἀποκεκέρόηκεν
1689 2726 1702 2751 ὁ
1718 2725 1845 2759 Χριστος,

1061 2766 1109 2792 καὶ
1126 2767 1189 2802 περὶ
1209 2768 1297 2794 αὐτῶν
1317 2769 1386 2804 τάχα
1401 2778 1451 2796 που
1466 2770 1534 2806 πρὸς
1546 2770 1591 2796 τὸν
1603 2771 1631 2796 ἐν
1652 2771 1775 2805 οὐρανοῖς
1792 2771 1848 2796 Πα-

1060 2811 1125 2847 τέρα
1142 2814 1188 2839 καὶ
1208 2813 1273 2840 Θεόν
1293 2823 1359 2850 φησι
1371 2824 1378 2831 ι
1401 2825 1409 2841 ι
1424 2815 1477 2848 Οὓς
1491 2816 1610 2847 δεδωκάς
1629 2825 1673 2851 μοι
1689 2817 1720 2843 ἐκ
1737 2815 1782 2843 τοῦ
1799 2815 1845 2843 κύ.

259 2860 317 2875 ⁸⁷·⁸⁵
332 2861 388 2889 Joel
405 2871 444 2896 nl,
462 2865 517 2891 4-6.
558 2865 579 2880 ³⁵
592 2865 657 2892 Gen.
676 2874 746 2899 nix,
766 2866 806 2899 Μ,
818 2867 859 2894 l5.
898 2868 920 2882 ⁸ο
933 2867 1004 2895 Psal.

1066 2868 1086 2896 Β.
1126 2871 1145 2886 ⁵¹
1164 2871 1233 2899 Psai.
1251 2881 1338 2907 «χχι-ι,
1353 2874 1379 2900 ὅ.
1419 2875 1440 2890 ⁸¹
1464 2875 1540 2902 Joan.
1553 2883 1616 2909 xvii,
1633 2875 1659 2902 6.
