1999 3056
134 187 185 216 351

632 188 891 217 GLAPHYRORUM
911 190 944 217 IN
964 190 1113 218 GENESIM
1132 191 1196 218 LIB.
1219 191 1273 219 Vli.

1704 193 1757 222 36‘]

137 254 219 282 σμου,
240 246 281 272 σοὶ
296 243 376 281 ἦσαν,
396 245 442 271 καὶ
463 245 525 280 ἐμοὶ
545 245 644 277 αὐτοὺς
660 245 791 277 δέδωκας.
815 255 823 271 ι
842 245 920 272 Οὗτοι

971 251 998 273 et
1008 251 1050 274 est
1059 255 1152 276 revera
1165 247 1307 279 eximium,
1317 247 1449 282 longeque
1461 247 1517 275 Deo
1526 248 1757 283 acceptissimum.

136 293 168 329 δὴ
184 290 231 319 οὖν
248 292 278 318 τὸ
295 291 376 318 καλὸν
391 291 579 326 ἐπεθύμησαν,
598 291 720 318 τουτέστι
737 293 791 318 πᾶν
808 292 876 327 ὅπερ
890 292 922 319 ἂν

135 339 240 373 λέγοιτό
254 346 282 364 τε
306 337 354 364 καὶ
367 336 440 363 ἐστιν
459 337 568 373 ἀληθῶς
583 337 734 372 ἐξαίρετον,
753 338 801 364 καὶ
814 338 868 364 τῶν
882 338 923 365 ὅτι

137 385 254 418 μάλιστα
273 384 408 419 φιλτάτων
424 383 494 419 Θεῷ.
522 383 608 410 Τοῦτο
622 384 760 411 ποιοῦνται
775 384 840 420 περὶ
860 384 922 411 πολ-

136 430 184 457 λοῦ
198 451 205 463 ,
223 430 270 457 καὶ
296 429 447 464 κατορθοῦν
468 429 675 461 σπουδάζουσιν,
696 430 734 462 ὡς
758 430 790 456 ὲκ
802 430 921 462 διανοίας

135 476 241 510 ἀγαθῆς
262 474 466 509 ἀναφωνοῦντες
483 474 586 509 λέγειν·
608 484 618 501 ι
633 475 674 502 Τὰ
685 477 806 511 κρίματα
819 476 922 511 Κυρίου

135 522 259 558 ἀληθινὰ,
273 521 472 556 δεδικαιωμένα
485 522 531 548 ἐπὶ
553 521 583 547 τὸ
595 521 674 548 αὐτὼ
687 522 841 557 ἐπιθυμητὰ
854 522 923 558 ὑπὲρ

134 568 245 603 χρυσίον
254 567 300 594 καὶ
308 567 379 593 λίθον
388 567 477 601 τίμιον
491 566 584 594 πολύν.
591 576 599 592 ι
611 567 699 594 Καλὸν
707 567 735 594 δὲ
746 567 813 602 πρὸς
823 568 920 603 τούτῳ,

133 614 164 640 τὺ
176 613 319 648 ἐπιθυμεῖν
336 612 381 639 ὑπ’
399 612 473 648 αὐτῷ
487 612 614 646 γενέσθαι
634 613 755 648 Χριστῷ.
778 614 810 640 Ὂ
827 613 860 649 δὴ
876 615 922 640 καὶ

134 660 150 695 ἡ
163 660 257 695 νύμφη
272 659 353 694 φησὶν
365 659 394 685 ὲν
409 658 448 694 τῷ
465 659 585 694 ’ᾼσματι
598 659 652 686 τῶν
672 659 803 695 ᾀσμάτων
813 668 820 675 ·
841 669 850 685 ι
878 660 922 686 Ἑν

133 708 165 742 τῇ
183 707 247 741 σκιᾷ
259 705 341 732 αὑτοῦ
353 705 525 741 ἐπεθύμησα,
539 706 585 732 καὶ
599 705 724 733 ἐκάθισα.
739 716 748 732 ι
768 707 796 733 '0
809 706 923 742 γνώμης

132 752 223 779 τοίνυν
243 754 282 783 εἰς
297 752 377 778 τοῦτο
403 752 532 787 προήκων
549 752 611 783 λαὸς
626 771 633 784 ,
652 753 854 787 κατασκέψεται
871 752 920 789 μὲν

132 798 255 834 ἀκριϐῶς
276 799 338 830 τοὺς
360 798 424 833 περῖ
445 797 512 824 Θεοῦ
528 797 646 833 κλήρους
657 818 665 831 ,
681 798 823 831 τουτέστι,
839 798 871 825 τὰ
893 800 921 825 ὲν

133 844 239 871 ἐλπίσιν
251 844 340 878 ἀγαθά
348 845 403 875 τοῖς
414 843 572 870 εὐσεϐοῦσιν
588 843 790 878 ἐπηγγελμένα.
804 844 872 878 Περὶ
883 840 921 871 ὧν

132 890 179 917 καὶ
193 890 208 916 6
222 890 293 921 θεῖος
306 889 358 924 ἔφη
371 889 462 915 Δαΰίδ’
477 898 486 914 ι
505 889 549 916 Ἐν
564 890 623 920 ταῖς
637 889 714 925 χερσί
729 897 775 916 σου
789 890 814 915 οἰ
824 889 921 924 κλῆροι

131 991 178 1009 ται
195 982 285 1018 πάντη
302 990 332 1008 τε
348 981 396 1009 καὶ
417 981 537 1013 πάντως,
556 981 596 1007 ὅτι
614 980 738 1014 τεύξεται
752 981 919 1016 προσδοκῶν.

138 1028 303 1060 Ἐπαινέσας
318 1027 349 1064 δὴ
361 1025 408 1054 οῦν
424 1028 474 1062 τὴν
489 1026 586 1054 ἑαυτοῦ
603 1026 699 1062 βουλήν
713 1035 741 1053 τε
759 1027 805 1054 καὶ
820 1028 920 1063 κρίσιν,

131 1075 180 1102 καὶ
194 1074 224 1101 οὐ
242 1074 351 1109 μετρίου
366 1073 504 1109 θαύματος
518 1073 570 1109 τὴν
589 1073 618 1100 εν
635 1081 668 1108 γε
681 1073 788 1104 τούτοις
803 1072 921 1105 ἀξιώσας

131 1121 297 1153 ἀνάπαυσιν,
317 1119 452 1151 τουτέστι,
468 1119 518 1155 τὴν
534 1120 575 1151 εἰς
593 1119 679 1146 αίῶνα
697 1119 791 1155 τιμὴν,
813 1118 863 1154 τὴν
883 1119 921 1151 ὼς

132 1169 162 1194 ὲν
179 1166 309 1201 ἁγιασμῷ
333 1166 427 1201 τελείῳ
451 1165 539 1200 ἔχοντι
562 1165 646 1201 ζωὴν,
670 1165 719 1200 τὴν
741 1165 921 1201 ἀτελεύτητον

131 1212 227 1246 δόξαν,
244 1211 293 1247 τὴν
312 1211 498 1246 ἀναπόϐλητον
518 1209 666 1245 βασιλείαν,
682 1210 730 1236 καὶ
744 1210 795 1236 ὅσα
811 1210 858 1236 καὶ
874 1209 921 1237 νοῦ

132 1259 180 1286 καὶ
192 1257 316 1293 γλώττης
329 1256 469 1290 ἐπέκεινα,
484 1255 624 1292 τληπαθὴς
642 1255 717 1282 ἔσται
728 1255 834 1282 λοιπόν.
854 1256 921 1283 Ἑωο

132 1304 225 1341 ρακὼς
237 1303 291 1339 γὰρ
308 1303 347 1330 ὅτι
365 1303 434 1329 πίων
449 1304 465 1338 ή
482 1302 533 1337 γῆ,
554 1310 565 1328 c
584 1301 630 1328 τὸν
647 1298 722 1336 ὧμον
736 1300 885 1336 ὑποθήσει,
909 1311 918 1327 ι

131 1350 212 1386 φησι,
226 1350 273 1376 καὶ
285 1349 424 1384 ἀγαπήσει
438 1348 484 1375 τὸν
506 1347 597 1374 πόνον.
615 1347 729 1383 Δέχεται
747 1346 775 1374 ὁὶ
789 1347 820 1374 τὸ
834 1348 921 1383 παρά-

130 1395 232 1430 δειγμα
247 1394 323 1430 παρά
341 1393 395 1420 τῶν
412 1393 449 1424 ὡς
464 1392 564 1428 ἄριστα
585 1393 714 1427 γηπονείν
731 1391 875 1423 εἰωθότων,
895 1391 920 1418 οἵ

132 1440 339 1478 φιλεργέστατοί
355 1439 385 1466 τέ
401 1440 454 1466 εἱσι
470 1439 517 1465 καὶ
540 1437 684 1473 σκαπάνης
701 1436 790 1472 φίλοι,
804 1436 850 1463 καὶ
866 1437 920 1473 μὴν

132 1486 181 1512 καὶ
205 1484 332 1521 ἀρότροις
355 1483 476 1519 ὲνιδροῦν
496 1482 702 1514 σπουδάζουσιν,
719 1482 742 1508 εί
761 1481 794 1518 δὴ
810 1482 920 1517 πιείρας

131 1531 257 1558 λάσοιντο
272 1532 333 1566 τῆς,
345 1529 508 1562 ἐννοοῦντες,
521 1526 598 1564 οἶμαί
610 1536 673 1559 που,
685 1528 792 1563 καρπὸν
807 1527 852 1554 τὸν
866 1528 920 1563 ἀμ-

155 1577 249 1601 ιλαωῖι.
273 1576 363 1601 καὶτὰ
376 1576 405 1601 ιε
413 1575 498 1601 αὐτῆς
508 1574 632 1601 ὲσόιιενα.
642 1574 809 1601 Παοοτούνει
821 1574 849 1600 δέ
860 1582 919 1601 πως

132 1577 249 1613 φιλαφῆ,
273 1577 320 1604 καὶ
330 1576 363 1603 τὰ
376 1576 405 1609 ὲξ
413 1575 498 1610 αὐτῆς
508 1575 632 1609 ἐσόμενα.
642 1575 809 1609 Παροτρύνει
821 1575 849 1600 δέ
860 1582 919 1606 πως

132 1625 173 1656 εἰς
183 1623 262 1650 τοῦτο
274 1623 319 1650 καὶ
329 1623 344 1650 6
355 1622 436 1657 σοφὸς
449 1622 522 1657 ἡμᾶς
539 1620 628 1657 Ὠσηὲ,
641 1620 728 1655 λέγων
741 1628 747 1635 ·
761 1629 770 1647 ι
786 1621 918 1657 Σπείρατε

971 1578 998 1604 in
1012 1577 1131 1605 fructum
1142 1577 1215 1604 vitae.
1227 1575 1376 1603 Accendite
1388 1575 1416 1602 in
1427 1575 1506 1602 vobis
1516 1575 1609 1602 lumen
1621 1575 1756 1610 cognitio-

971 1624 1023 1650 nis.
1035 1622 1177 1657 Exquirite
1191 1621 1337 1649 Dominum
1350 1620 1438 1648 donec
1453 1620 1566 1648 veniant
1576 1619 1655 1648 vobis
1667 1620 1758 1656 fruges

131 1625 173 1656 εἰς
183 1623 262 1650 τοῦτο
274 1623 319 1650 καὶ
329 1623 344 1650 6
355 1622 436 1657 σοφὸς
449 1622 522 1657 ἡμᾶς
539 1620 628 1657 Ὠσηὲ,
641 1620 728 1655 λέγων
741 1628 747 1635 ·
761 1629 770 1647 ι
786 1621 918 1657 Σπείρατε

132 1670 241 1700 ἑαυτοῖς
253 1669 293 1700 είς
303 1666 487 1702 δικαιοσύνην,
495 1666 650 1703 τρυγήσατε
662 1666 702 1697 εἰς
713 1666 818 1701 καρπον
830 1666 902 1702 ζωῆς
910 1675 917 1682 ·

132 1715 271 1749 φωτίσατι
293 1714 399 1745 ἑαυτοῖς
424 1712 482 1748 φῶς
506 1711 644 1746 γνώσεως.
669 1710 853 1747 Ἐκζητήσατε
872 1713 919 1740 τὸν

132 1761 238 1796 Κύριον
250 1760 302 1791 ἓως
314 1755 344 1786 οὗ
362 1758 426 1794 ἔλθῃ
437 1757 622 1794 γεν[ν]ήματα
634 1757 808 1793 δικαιοσύνης
825 1759 897 1794 ὑμῖν,
906 1768 915 1784 ›

139 1805 292 1842 Ἐπηύξατο
307 1805 336 1831 δὲ
354 1805 401 1831 καὶ
414 1805 429 1831 6
451 1804 587 1840 μακάριος
604 1802 709 1836 Παῦλος
727 1804 811 1830 εἰπών
823 1812 830 1819 ·
852 1814 862 1830 ι
889 1805 919 1831 ’0

131 1852 160 1878 δὲ
184 1850 358 1887 ἐπιχορηγῶν
373 1850 484 1885 σπέρμα
504 1848 543 1883 τῷ
562 1849 699 1884 σπείροντι
712 1849 759 1876 καὶ
777 1849 858 1885 ἄρτον
878 1851 919 1883 είς

133 1896 237 1932 βρῶσιν
250 1915 258 1929 ,
273 1895 421 1932 χορηγήσει
439 1895 487 1921 καὶ
502 1893 632 1928 πληθυνεῖ
652 1893 696 1920 τὸν
714 1894 816 1932 σπόρον
830 1896 918 1932 ὑμῶν,

975 292 1003 319 ld
1018 293 1092 320 enim
1104 294 1300 329 magnifaciunt
1313 297 1395 328 atque
1406 293 1544 329 praecipue
1555 299 1684 329 praestare
1694 303 1759 323 cou-

975 339 1101 372 tendunt,
1113 344 1143 367 ut
1157 340 1264 367 scilicet
1279 347 1313 367 ex
1330 339 1402 367 bono
1414 339 1495 366 corde
1509 340 1702 373 exclamantes,
1715 342 1758 369 di-

974 389 1037 412 cant
1049 395 1055 411 :
1073 395 1082 411 ι
1094 386 1201 414 Iudicia
1211 386 1319 414 Domini
1331 393 1407 418 vera,
1418 385 1566 421 iustiﬁcata
1577 386 1605 413 in
1618 386 1737 422 idipsum
1751 408 1757 414 .

973 430 1165 459 desiderabilia
1173 440 1256 468 super
1265 439 1361 459 aurum
1369 436 1397 459 et
1404 431 1522 467 lapidem
1529 432 1681 467 pretiosum
1691 433 1759 460 mul-

974 480 1032 504 tum
1044 477 1076 504 ⁸³.
1091 487 1099 503 ι
1113 478 1276 506 Praeclarum
1288 478 1354 506 item
1369 486 1401 505 ac
1411 478 1513 505 bonum
1525 482 1567 506 est
1577 482 1706 513 expetere
1729 481 1759 506 ut

973 523 1034 557 quis
1046 524 1081 550 sit
1099 524 1150 550 sub
1167 523 1287 556 Christo,
1301 525 1372 551 sicut
1390 528 1417 551 et
1429 532 1529 559 sponsa
1547 524 1586 552 ait
1599 525 1626 551 in
1638 524 1760 552 Canticis

973 569 1141 595 canticorum
1157 579 1163 596 :
1181 580 1189 595 ‹
1213 569 1270 597 Sub
1288 571 1385 597 umbra
1400 570 1486 607 ipsius
1507 569 1670 602 desideravi,
1690 574 1718 597 et
1731 570 1759 598 in

972 621 1004 641 ea
1018 615 1076 641 sedi
1088 615 1122 641 ".
1139 625 1147 641 ι
1162 615 1281 650 Populus
1301 615 1383 651 igitur
1403 616 1440 643 ita
1459 616 1574 643 alfectns
1603 615 1759 644 considerat

972 660 1094 688 studiose
1123 661 1295 689 hereditates
1322 670 1383 697 quae
1403 670 1419 689 a
1441 661 1556 689 Domino
1578 662 1757 697 proveniunt,

972 705 1025 734 hoc
1037 711 1088 739 est,
1106 707 1178 734 bona
1197 708 1299 735 sanctis
1314 708 1458 742 promissa,
1479 715 1540 742 quae
1559 708 1649 735 adhuc
1668 708 1697 735 in
1710 716 1759 743 spe

972 752 1024 779 sita
1036 756 1100 779 sunt
1113 761 1119 779 ε
1133 753 1167 780 de
1178 753 1279 788 quibus
1289 758 1317 780 et
1328 753 1437 780 divinus
1446 753 1532 780 David
1545 753 1670 781 meminit
1683 762 1689 780 :
1707 764 1715 778 ι
1728 753 1757 781 1η

971 799 1099 826 manibus
1111 800 1164 827 tuis
1177 803 1265 827 sortes
1279 807 1346 826 mea:
1360 800 1393 826 ⁵⁸.
1410 809 1419 825 ›
1433 799 1654 827 Commorabitur
1665 804 1757 827 autem

970 844 1172 879 quodammodo
1189 848 1217 871 et
1240 845 1415 879 conquiescet
1439 845 1466 871 in
1486 845 1536 878 eis,
1562 845 1625 880 quia
1646 853 1758 880 compos

954 897 1027 917 sua:
1044 890 1103 924 spei
1124 894 1166 917 est
1179 890 1298 917 futurus.
1320 890 1389 917 Cum
1411 891 1494 925 igitur
1513 891 1656 926 probasset
1677 900 1757 920 suum

133 945 197 973 μου,
208 946 217 962 ι
225 935 379 963 Καταλύσει
387 935 415 961 δὲ
425 934 520 970 ὥσπερ
529 935 556 961 ἐν
564 934 666 967 αὐτοῖς,
675 935 721 961 καὶ
729 934 921 961 ἐπαναπαύσε-
937 923 958 952 Β

972 935 1115 962 consilium
1124 943 1157 962 ac
1164 934 1309 970 judicium,
1320 943 1410 970 neque
1419 943 1516 970 parum
1527 936 1677 964 admiratus
1686 941 1758 965 esset

971 981 1092 1016 quietem
1115 982 1143 1008 in
1163 982 1216 1013 his,
1236 981 1289 1008 hoc
1301 985 1352 1013 est,
1369 985 1502 1008 internum
1518 981 1601 1016 228
1613 981 1757 1015 honorem,

971 1027 1054 1054 vitam
1070 1026 1191 1062 perfecte
1202 1025 1411 1058 sanctificatam,
1425 1025 1615 1052 incessabilem
1628 1026 1757 1061 gloriam,

972 1080 1086 1108 regnum
1107 1072 1316 1107 sempiternum,
1329 1078 1361 1098 ac
1375 1079 1545 1106 quaecunque
1559 1079 1667 1098 omnem
1681 1079 1759 1099 men-

972 1122 1026 1144 tem
1037 1125 1070 1145 ac
1079 1118 1200 1153 linguam
1217 1121 1358 1152 superant,
1371 1121 1428 1144 tum
1440 1117 1550 1144 demum
1562 1116 1649 1144 factus
1660 1122 1702 1144 est
1712 1125 1760 1152 pa-

971 1164 1042 1191 tiens
1053 1163 1189 1191 laborum.
1209 1162 1278 1191 Cum
1295 1163 1369 1190 enim
1382 1161 1496 1190 vidisset
1510 1162 1583 1197 quod
1595 1166 1669 1190 terra
1686 1168 1759 1191 esset

970 1209 1089 1245 pinguis,
1104 1209 1143 1236 ait
1163 1212 1264 1241 textus,
1288 1217 1298 1234 ι
1317 1207 1466 1236 Submittet
1486 1208 1634 1235 humerum
1651 1208 1685 1241 '°,
1707 1218 1716 1234 ι
1731 1213 1759 1236 et

970 1255 1073 1283 amabit
1082 1255 1214 1283 laborem.
1227 1255 1367 1282 Mutuatur
1376 1258 1468 1282 autem
1476 1254 1630 1289 exemplum
1641 1254 1675 1282 ab
1698 1254 1758 1282 istis

970 1301 1016 1336 qni
1031 1306 1131 1329 terram
1146 1301 1238 1329 colere
1251 1304 1462 1333 consueverunt,
1475 1299 1522 1335 qui
1541 1303 1605 1327 sunt
1621 1300 1649 1327 in
1661 1300 1759 1336 primis

970 1347 1110 1380 laboriosi,
1122 1350 1205 1382 atque
1216 1346 1404 1382 agricolationi
1416 1345 1512 1378 dediti,
1525 1348 1637 1380 totoque
1647 1349 1758 1381 pectore

970 1393 1068 1421 aratris
1078 1393 1250 1426 incumbunt,
1262 1392 1372 1428 quando
1384 1392 1485 1427 pingue
1497 1392 1586 1419 solum
1597 1392 1668 1419 nacti
1680 1397 1754 1426 sunt,

970 1440 1137 1475 uberemqne
1147 1439 1266 1466 fructum
1281 1446 1310 1466 se
1322 1438 1386 1466 inde
1398 1442 1577 1474 pereepturos
1587 1438 1753 1474 intelligunt.

969 1485 1138 1513 Adhortatur
1149 1489 1240 1512 autem
1254 1492 1305 1512 nos
1314 1484 1348 1512 ad
1359 1484 1411 1512 hoc
1422 1483 1505 1511 etiam
1515 1484 1648 1519 propheta
1659 1484 1753 1519 Oseas.

969 1531 1082 1559 dicens:
1099 1541 1107 1557 ι
1124 1530 1263 1559 Seminate
1281 1530 1360 1558 vobis
1380 1529 1413 1557 ad
1432 1529 1576 1565 justitiam,
1589 1533 1618 1558 et
1636 1530 1756 1566 colligite

970 1578 998 1604 in
1012 1577 1131 1605 fructum
1142 1577 1215 1604 vitae.
1227 1575 1376 1603 Accendite
1388 1575 1416 1602 in
1427 1574 1506 1602 vobis
1516 1574 1609 1602 lumen
1621 1574 1756 1610 cognitio-

968 1670 1081 1707 justitite
1101 1669 1134 1696 ⁵⁷.
1151 1679 1161 1695 ι
1177 1668 1277 1696 Paulus
1296 1674 1406 1702 quoque
1424 1665 1530 1693 fructus
1549 1665 1662 1702 iustitiae
1679 1665 1758 1694 nobis

970 1721 1109 1753 precatur,
1120 1715 1230 1743 dicens:
1244 1723 1253 1740 ι
1263 1713 1315 1747 Qui
1330 1712 1485 1748 suppeditat
1496 1719 1590 1740 semen
1600 1712 1756 1745 seminanti,

970 1768 998 1790 et
1008 1769 1106 1798 panem
1117 1761 1145 1789 in
1157 1760 1260 1792 cibum,
1272 1757 1498 1794 suppeditabit,et
1508 1757 1702 1793 multiplicabit
1713 1765 1758 1785 se-

971 1811 1090 1835 mentem
1099 1811 1229 1838 vestram,
1237 1803 1402 1839 augebitque
1413 1803 1519 1830 fructus
1527 1803 1638 1839 iustitia
1648 1807 1757 1835 vestrae,

972 1859 1002 1882 ut
1015 1854 1117 1889 ubique
1128 1858 1238 1880 omnem
1251 1849 1442 1878 sufficientiam
1454 1849 1597 1882 habentes,
1612 1849 1759 1877 abundetis

972 1901 1000 1928 in
1017 1905 1098 1926 omne
1115 1903 1186 1932 opus
1197 1895 1302 1923 bonum
1320 1894 1353 1921 ³³.
1375 1903 1386 1920 ›

132 1943 181 1970 καὶ
191 1942 303 1978 αὗξήσει
318 1942 352 1969 τὰ
364 1941 547 1978 γεν[ν]ήματα
557 1941 606 1976 τῆς
620 1940 792 1978 δικαιοσύνης
805 1943 892 1980 ὑμῶν,
914 1947 957 1975 ῐνα
976 1946 1091 1974 πὰντοτε
1107 1943 1198 1971 πᾶσαν
1219 1941 1384 1976 αὐτάρκειαν
1401 1939 1507 1975 έχοντες
1524 1939 1703 1975 περισσεύητε
1718 1940 1758 1972 είς

132 1991 188 2018 πᾶν
198 1990 278 2026 ἔργον
289 1989 399 2024 ἀγαθόν.
418 1999 427 2015 ι

173 2076 176 2079 λ
367 2087 370 2090 4
413 2046 480 2081 Περὶ
497 2046 549 2073 τοῦ
560 2046 630 2074 Δάν.

172 2103 182 2119 ι
200 2094 253 2120 Δάν
268 2094 356 2128 κρινεῖ
379 2093 426 2119 τὸν
439 2092 502 2118 λαδν
519 2092 612 2124 αὑτοῦ,
631 2092 698 2119 ὡσεὶ
720 2093 766 2119 καὶ
786 2093 835 2128 μία
850 2093 919 2129 φυλὴ

133 2142 163 2168 ὲν
184 2139 303 2176 Ἰσραήλ·
324 2139 372 2165 καὶ
392 2137 536 2174 γενηθήτω
559 2138 613 2164 Δὰν
629 2137 700 2172 ὄφις,
714 2138 755 2172 ἐφ’
770 2138 823 2174 ὁδῷ
835 2139 920 2174 ἐγκα-

133 2188 251 2223 θήμενος
270 2185 316 2211 ἐπὶ
343 2183 454 2220 τρίϐου,
477 2183 583 2211 δάκνων
607 2184 726 2220 πτέρναν
754 2183 849 2216 ἵππου,
873 2185 920 2211 καὶ

1300 2041 1339 2068 De
1357 2040 1429 2068 Dan.

1009 2101 1018 2116 ι
1033 2090 1091 2118 Dan
1103 2087 1238 2125 iudicabit
1254 2085 1386 2122 populum
1403 2092 1494 2117 suum,
1508 2085 1580 2112 sicut
1592 2088 1620 2113 et
1634 2093 1688 2113 una
1706 2087 1757 2114 tri-

970 2137 1022 2164 bus
1034 2136 1062 2163 in
1078 2134 1172 2166 Israel,
1184 2137 1212 2160 et
1223 2132 1270 2160 ﬁat
1289 2132 1347 2159 Dan
1365 2131 1479 2159 coluber
1492 2130 1520 2157 in
1536 2131 1580 2158 via
1596 2131 1718 2160 insidens
1729 2133 1757 2161 in

971 2182 1079 2214 semita,
1093 2180 1222 2208 mordens
1235 2178 1392 2206 calcancum
1405 2176 1479 2211 equi,
1492 2180 1520 2203 et
1530 2176 1609 2205 cadet
1619 2184 1704 2212 eques
1716 2187 1758 2207 re-

133 2234 279 2261 πεσεῖταιο
294 2233 392 2263 ἱππεὺς
406 2232 446 2263 εἰς
456 2231 490 2258 τὰ
506 2231 627 2263 ὀπίσθια,
649 2230 699 2267 τὴν
715 2231 851 2266 σωτηρίαν
871 2240 919 2258 πε-

973 2234 1105 2260 trorsum;
1121 2227 1245 2255 Salutare
1265 2227 1426 2259 exspectans
1445 2222 1553 2250 Domini
1566 2223 1598 2250 '9.
1616 2233 1624 2248 ι
1639 2223 1758 2253 Historia

133 2279 254 2316 ριμένων
273 2278 349 2314 παρά
364 2277 478 2313 Κυρίου.
497 2286 506 2303 ι
526 2276 643 2304 Ἔπεται
657 2277 736 2304 πάλιν
749 2280 783 2314 τῇ
798 2277 845 2304 τοῦ
861 2277 919 2304 ὀνό-

134 2333 218 2361 ματος
236 2323 398 2359 ἐτυμολογίᾳ
418 2324 432 2349 6
445 2323 534 2357 λόγος.
552 2322 663 2357 Κριτής
676 2323 731 2359 γὰρ
744 2324 804 2359 ἦτοι
820 2323 920 2357 κρίσις

131 2373 145 2399 6
160 2372 223 2398 Δάν.
240 2369 386 2405 Ἐμφήνειε
396 2369 417 2396 δ’
432 2368 465 2395 ἂν
477 2368 514 2401 ὼς
528 2369 570 2402 ἐφ’
583 2368 671 2404 ἑαυτῷ
687 2370 734 2396 καὶ
749 2365 825 2400 οὗτος
840 2368 921 2395 πάλιν

130 2418 177 2445 τὸν
197 2415 297 2443 εὐκλεᾶ
311 2415 357 2442 καὶ
369 2414 515 2450 περίοπτον
530 2414 584 2441 τῶν
598 2414 682 2448 ἁγίων
703 2414 859 2441 ἀποστόλων
874 2423 920 2449 χο-

133 2465 180 2501 ρόν
190 2473 197 2480 ·
214 2463 239 2490 οἳ
257 2463 296 2494 είς
312 2461 399 2498 ἀρχὴν
415 2461 550 2488 τέθεινται
562 2461 617 2488 τῶν
632 2461 861 2494 πεπιστευκότων,
874 2462 921 2488 καὶ

132 2512 164 2539 τδ
180 2511 283 2546 κρίνειν
308 2508 413 2543 ἔλαχον,
435 2507 638 2542 κατανέμοντος
662 2507 754 2539 αὐτοῖς
770 2507 800 2533 τὸ
824 2507 919 2542 χρῆμα

131 2554 264 2592 Χριστοῦ.
280 2555 334 2581 Καὶ
346 2553 411 2588 γοῦν
424 2555 438 2580 ὀ
454 2552 598 2583 θεσπέσιος
612 2551 716 2584 Παῦλός
731 2560 796 2586 ιρησι
807 2560 813 2566 ’
834 2561 842 2577 ι
863 2552 920 2578 Οὐκ

132 2602 223 2629 οἴδατε
239 2602 279 2628 ὅτι
295 2599 428 2634 ἀγγέλους
453 2597 610 2634 κρινοῦμεν,
630 2598 728 2633 μήτιγε
746 2596 878 2632 βιωτικὰ;
908 2607 917 2621 ι

133 2646 238 2682 Κριτὴς
254 2646 302 2681 μὲν
317 2642 363 2672 οὖν
375 2641 414 2676 εἷς
433 2645 480 2671 καὶ
502 2643 651 2679 νομοθέτης
666 2643 736 2670 κατά
747 2642 796 2674 τὰς
809 2642 920 2677 Γραφὰς

132 2694 147 2720 6
161 2690 290 2727 Χριστός.
304 2690 375 2717 Είνδὲ
394 2689 591 2724 πρεσὸεύουσιν
604 2688 671 2724 ὑπὲρ
685 2687 802 2723 Χριστοῦ
812 2688 839 2714 ὀἱ
853 2688 922 2714 ἁπό-

134 2737 234 2768 στολοι,
246 2736 292 2763 καὶ
302 2736 331 2762 ὲν
340 2735 431 2767 αὐτοῖς
442 2735 558 2761 τέθειται
566 2734 617 2768 τῆς
628 2734 800 2769 καταλλαγῆς
808 2735 823 2760 6
831 2733 920 2768 λόγος,

132 2782 209 2809 οὐδὲν
226 2782 256 2809 τὸ
269 2781 431 2817 παράδοξον,
442 2781 466 2807 εἰ
479 2781 525 2807 καὶ¹
537 2782 638 2808 νοοίντο
652 2780 744 2815 κριταὶ
756 2779 816 2806 καθ’
829 2779 922 2814 ὁμοιόο

971 2281 1079 2301 rursum
1091 2271 1210 2299 nominis
1220 2269 1410 2306 etymologiam
1421 2267 1554 2302 sequitur.
1565 2267 1622 2294 Dan
1632 2268 1705 2295 enim
1717 2274 1759 2296 est

966 2320 1060 2355 ἀμάραι,
1077 2322 1125 2346 aut
1136 2316 1276 2353 judicium.
1290 2315 1348 2342 Prae
1369 2321 1398 2340 se
1419 2313 1473 2340 fert
1487 2316 1579 2340 autem
1594 2313 1639 2340 hic
1655 2314 1757 2349 glorio-

971 2373 1032 2393 sum
1062 2369 1143 2399 atque
1170 2360 1360 2390 admirabilem
1387 2363 1545 2387 sanctorum
1571 2360 1758 2394 apostolorum

971 2410 1098 2442 chorum,
1111 2409 1158 2444 qui
1180 2409 1207 2435 in
1223 2406 1405 2443 principatum
1427 2404 1548 2432 ﬁdelium
1569 2409 1634 2432 sunt
1655 2407 1758 2434 consti-

973 2457 1034 2489 tuti,
1047 2461 1074 2484 et
1084 2455 1217 2492 judicium
1228 2451 1379 2483 consecuti,
1393 2451 1530 2478 tribuente
1540 2451 1593 2478 hoc
1604 2451 1670 2486 ipsis
1681 2452 1759 2480 Chri-

972 2508 1025 2531 sto.
1048 2503 1118 2530 Hinc
1135 2505 1163 2527 et
1188 2498 1298 2526 divinus
1319 2497 1421 2524 Paulus
1441 2496 1479 2523 ait
1499 2505 1505 2523 :
1524 2506 1533 2521 ‹
1550 2497 1668 2524 Nescitis
1688 2505 1758 2533 quo-

973 2550 1046 2577 niam
1062 2548 1173 2583 angelos
1197 2545 1285 2573 simus
1305 2542 1464 2579 judicaturi,
1492 2549 1548 2569 non
1575 2546 1680 2570 tantum
1705 2550 1758 2570 sa:-

973 2595 1077 2623 cularia
1103 2593 1141 2619 “‘i
1164 2603 1172 2618 ι
1207 2590 1358 2624 Quocirca,
1382 2589 1447 2616 licet
1470 2595 1541 2615 unus
1559 2587 1643 2624 judex
1668 2592 1697 2615 et
1721 2589 1759 2616 le-

972 2641 1084 2677 gislator
1093 2639 1138 2671 sit,
1149 2639 1225 2673 juxta
1237 2636 1392 2670 Scripturas
1404 2634 1448 2666 “',
1458 2641 1557 2667 nempe
1571 2632 1707 2666 Christus,
1719 2637 1758 2661 ta-

974 2694 1036 2714 men
1042 2690 1070 2713 et
1076 2684 1201 2721 apostoli,
1209 2682 1254 2718 qui
1261 2680 1423 2717 proChristo
1429 2678 1718 2715 fungunturlegatione
1724 2680 1757 2711 ⁶¹,

974 2738 1001 2760 et
1009 2731 1112 2767 quibus
1126 2729 1288 2758 commissus
1297 2732 1339 2755 est
1355 2725 1583 2754 reconciliationis
1592 2733 1692 2758 sermo,
1702 2733 1757 2752 non

974 2779 1023 2806 abs
1034 2786 1064 2806 re
1075 2776 1189 2811 intelligi
1201 2774 1307 2811 possint
1318 2778 1347 2801 et
1362 2772 1413 2808 ipsi
1423 2771 1540 2808 judiees,
1556 2771 1705 2799 secundum
1722 2771 1760 2799 si-

169 2851 193 2867 "
204 2850 276 2878 Psal.
293 2856 367 2881 mn,
387 2848 429 2881 i0,
443 2849 486 2875 il.
523 2848 547 2864 “
557 2847 634 2875 Cant.
649 2855 678 2876 ιι.
695 2848 721 2875 5.
760 2848 783 2864 ⁵³
796 2847 866 2875 Psal.
877 2855 920 2874 xx:

975 2846 1001 2873 6.
1040 2845 1141 2872 "Gen.
1155 2852 1225 2881 xum,
1245 2843 1285 2869 l5.
1324 2841 1440 2881 i’AOsee,
1452 2840 1532 2872 mli.
1571 2839 1594 2855 "
1610 2837 1706 2866 llCor.
1718 2846 1756 2872 lx,

135 2884 236 2920 10,“.
275 2884 299 2901 ”
310 2883 379 2912 Gen.
391 2891 462 2916 χιιι,
481 2883 524 2915 16,
541 2883 584 2910 i7.

292 2932 429 2962 PATROI..
451 2932 508 2962 Gn.
529 2931 631 2962 LXIX.

639 2884 661 2899 ‘°
677 2883 761 2911 lCor.
778 2890 814 2915 vt,
830 2883 856 2910 3.
896 2876 1000 2910 δοίης.
1019 2889 1054 2914 Iv,
1073 2881 1114 2908 1‘2.
1131 2881 1151 2895 ⁶¹
1171 2880 1190 2906 ll
1206 2879 1268 2906 Cor.
1281 2886 1308 2909 v,
1324 2876 1368 2904 ΞΟ.

1527 2921 1561 2952 12
