1999 3056
235 193 286 220 5(ἶό

729 189 756 217 S.
779 189 914 217 Ci’lllLLl
927 189 1167 216 ,ALEXANDBINI
1186 188 1343 216 ARCHIEP.

1800 187 1852 214 564

235 248 417 277 militudinem
423 246 535 276 Christi.
542 247 671 274 lnclamat
678 250 768 274 autem
774 247 838 273 alibi
849 245 928 272 nobis
936 245 1017 272 etiam

1070 253 1137 280 τητα
1156 245 1203 271 τοῦ
1221 244 1349 280 Χριττοῦ.
1367 243 1536 278 Διακέκραγε
1552 242 1579 269 δέ
1601 251 1652 268 που
1671 243 1716 268 καὶ
1732 243 1746 268 ὁ
1766 243 1852 277 μέγας

235 303 350 330 magnus
361 294 454 333 Isaias,
467 293 643 321 iutroducens
653 297 681 320 et
691 300 805 327 regnum
817 291 920 319 Christi
931 298 1017 326 angu-

235 346 318 373 stum,
325 344 353 368 et
361 345 515 368 sanctorum
521 339 704 374 apostolorum
711 338 843 365 illustrem
851 337 1018 372 praedicatio-

235 395 297 414 nem
309 396 315 414 :
325 386 406 421 229
416 395 424 411 ι
438 385 518 418 Ecce,
528 385 663 420 inquiens,
677 392 724 411 rex
738 384 826 419 justus
843 383 976 418 regnabit,
991 387 1020 410 et

235 432 374 466 principes
385 431 556 466 cumjudicio
564 434 701 464 praeerant
708 430 750 455 δ”.
762 429 843 456 »Νοῐη
851 428 916 456 olim
924 428 1020 456 Hiero-

236 478 346 514 solymis
353 477 616 512 rcguabantquidem
626 476 664 502 illi
671 475 718 510 qui
734 480 850 503 erantex
857 475 1018 509 tribuluda;

235 525 282 552 sed
291 525 337 560 qui
344 528 437 551 sancto
447 522 769 556 labernaculopraeerant,
776 525 803 549 et
825 522 1020 549 sacerdotalem

235 571 393 606 dignitatem
402 569 571 599 obtinebant,
579 567 694 594 ordinati
703 572 781 594 erant
790 567 822 594 ad
831 567 1017 603 judicandum.

239 625 249 642 ι
260 615 342 642 Labia
350 613 422 642 enim
431 613 580 640 sacerdotis
587 612 744 639 custodiunt
748 612 892 647 judicium,
900 617 927 639 et
934 612 1019 647 legem

237 659 416 694 requirente:
425 665 472 685 ore
481 658 540 693 ejus
548 658 581 684 θ’.
594 658 753 692 il’ostquam
767 662 858 685 autent
874 658 969 685 umbra
983 658 1021 686 le-

235 706 276 739 gis
287 703 486 739 quodammodo
496 707 636 731 contracta
645 708 696 735 est,
704 708 731 730 ct
739 711 819 730 verus
828 704 917 731 cultus
928 704 954 730 in
966 703 1021 738 spi-

235 750 288 776 ritu
303 749 432 776 inductus
449 756 497 783 per
507 748 658 780 Christum,
672 748 867 775 illustrioribus
880 749 1022 784 judicibus

236 794 374 829 indigebat
389 794 516 826 mundus,
528 794 672 828 vocatique
683 798 747 820 sunt
759 793 792 820 ad
806 794 858 821 hoc
876 794 960 821 divini
979 794 1021 821 di-

235 839 344 874 scipuli,
352 838 399 873 qui
409 838 535 874 legalium
544 838 686 874 doctorum
699 839 788 865 locum
801 839 933 866 subirent.
943 839 1022 867 Unde

235 886 267 913 ad
279 885 435 914 Judaaorum
448 891 574 917 matrem,
585 885 637 912 hoc
645 889 687 912 est
698 885 731 912 ad
741 885 903 916 Jerusalem,
916 885 1020 913 dictum

235 931 287 959 fuit
297 939 312 958 a
323 931 379 959 Deo
389 939 438 965 per
448 938 542 958 vocem
553 930 702 958 Psalmista:
715 939 721 957 :
738 940 746 956 ι
763 931 814 958 Pro
828 931 952 966 patribus
963 932 1019 958 nati

236 981 299 1004 sunt
316 976 365 1003 tibi
377 975 436 1008 lilii,
453 985 462 1001 ι
477 975 529 1002 hoc
539 979 590 1006 est,
604 974 662 1007 ﬁlii,
676 975 722 1010 qui
736 975 784 1002 tibi
799 976 843 1010 jus
856 975 960 1008 dicunt,
978 976 1019 1003 lo-

235 1030 298 1050 cum
317 1026 424 1057 patrum
445 1021 534 1048 sortiti
555 1024 629 1048 sunt.
642 1020 682 1048 Ad
699 1021 841 1048 Dominum
860 1026 952 1049 autem
969 1029 1019 1049 no-

235 1073 321 1096 strum
333 1068 425 1096 Jesum
436 1067 576 1095 Christum
591 1066 647 1094 ait:
664 1076 672 1092 ι
691 1067 847 1094 Constitues
858 1075 905 1094 eos
917 1067 1019 1103 princi-

236 1121 284 1149 pes
299 1121 381 1148 super
396 1119 505 1140 omnem
522 1116 620 1138 terram
641 1111 672 1138 ⁰³.
690 1121 698 1137 ι
714 1111 790 1144 Quod
810 1117 900 1140 autem
919 1113 970 1140 hoc
984 1112 1020 1140 sit

236 1160 386 1195 impletum,
404 1162 433 1186 et
449 1157 483 1186 ad
496 1157 598 1185 exitum
613 1157 786 1192 perductum,
805 1157 883 1185 facile
900 1158 962 1192 quis
978 1158 1019 1185 vi-

234 1206 315 1233 derit.
328 1205 468 1239 Principes
479 1203 551 1231 enim
569 1211 601 1230 ac
615 1203 723 1239 judiees
739 1203 907 1231 universales
921 1204 1019 1231 habui-

235 1259 296 1278 mus
316 1254 424 1277 sanctos
448 1249 614 1283 discipulos,
638 1256 755 1283 quorum
776 1249 901 1277 doctrina
929 1250 1020 1284 ipsum

233 1296 334 1324 Christi
350 1295 509 1331 mysterium
521 1294 684 1330 explicatum
697 1294 889 1330 est.Siquidem
900 1295 951 1330 ipsi
961 1295 1019 1322 dis-

235 1346 396 1378 pensatores
415 1340 550 1368 salutiferi
569 1340 663 1373 verbi,
684 1344 712 1368 et
738 1348 829 1368 rerum
852 1340 1019 1375 agendarum

233 1393 372 1421 auctores;
385 1387 486 1423 quippe
498 1387 545 1422 qui
560 1386 693 1422 quidquid
707 1386 804 1413 inutile
824 1391 867 1414 est
887 1385 1018 1413 discenti-

234 1435 299 1466 bus,
320 1438 448 1468 tanquam
465 1433 648 1460 adulterinum
670 1436 832 1464 secernunt,
852 1435 880 1459 et
899 1431 1019 1459 vicissim

233 1480 306 1515 quod
323 1479 390 1506 utile
403 1483 455 1510 est,
470 1482 500 1506 ut
514 1477 710 1512 amplectamur
726 1480 847 1504 monent.
865 1477 921 1504 Dan
937 1477 1020 1512 igitur

232 1525 279 1558 ait,
295 1524 347 1551 hoc
360 1527 401 1551 est
415 1522 452 1550 illi
464 1522 512 1558 qui
538 1525 608 1549 stato
622 1525 744 1557 tempore
755 1522 890 1557 eligentur
902 1522 1018 1558 adjudi-

232 1570 334 1598 candos
345 1568 460 1604 populos
471 1572 498 1595 et
507 1572 611 1603 gentes,
621 1567 689 1594 adeo
698 1571 824 1602 potenter
834 1568 1016 1602 imperabunt,

232 1620 260 1644 ct
276 1623 338 1642 cum
359 1618 435 1641 tanto
455 1613 599 1648 splendore
617 1621 649 1640 ac
665 1613 760 1648 gloria,
781 1617 881 1648 quanta
898 1621 950 1640 una
967 1613 1017 1640 tri-

234 1662 284 1690 bus
300 1669 334 1688 ex
349 1659 433 1688 Israel
445 1659 577 1694 regnavit.
591 1658 683 1685 lunuit
699 1663 790 1685 autem
807 1659 929 1691 omnino,
943 1659 1017 1686 arbi-

233 1710 305 1737 tror,
320 1707 479 1739 regnantem
496 1703 599 1730 tribum
613 1702 682 1730 Juda
693 1723 700 1735 ,
723 1707 751 1730 et
771 1710 825 1730 non
839 1702 930 1730 aliam.
952 1703 1019 1736 Quis

233 1751 306 1778 enim
320 1749 489 1778 dubitaverit
507 1748 573 1783 quin
585 1748 624 1775 illi
636 1748 683 1783 qui
709 1749 789 1776 electi
802 1753 866 1776 sunt
881 1749 1018 1784 principes

233 1795 338 1828 mundi,
352 1795 380 1822 in
394 1794 512 1822 maxime
523 1794 578 1821 sint
592 1794 690 1829 pretio,
702 1797 784 1828 atque
794 1802 901 1822 summo
913 1794 1018 1822 honore

233 1841 416 1877 prosequendi
426 1840 550 1868 aC‘hristi
563 1840 729 1868 cultoribus?
740 1840 933 1868 Verumtamen
945 1841 1017 1876 quod

233 1889 353 1924 ipsorum
365 1887 510 1923 imperium
526 1894 581 1914 non
593 1887 628 1914 sit
640 1887 762 1914 futurum
773 1894 870 1921 expers
880 1895 1016 1914 aerumna-

233 1943 309 1965 rum.
331 1934 379 1962 sed
400 1933 473 1969 quod
497 1933 592 1960 multis
614 1933 915 1968 innumerabilibusque
939 1933 1017 1960 malis

231 1981 286 2008 sint
299 1979 432 2011 tentandi,
447 1987 536 2014 neque
551 1979 690 2006 inventuri
705 1979 760 2006 sint
771 1978 938 2013 apostolatus
951 1987 1015 2006 cur-

231 2033 291 2053 sum
305 2026 453 2052 immunem
465 2033 496 2052 ac
509 2025 627 2052 liberum
639 2032 653 2051 a
665 2024 804 2059 periculis,
816 2024 901 2051 veluti
914 2025 941 2051 in
953 2028 1016 2059 typo

231 2071 438 2106 demonstravit,
449 2071 561 2098 dicens:
578 2079 588 2095 ι
605 2070 664 2096 Fiat
673 2070 740 2101 Dan,
757 2079 765 2095 ι
779 2069 831 2096 hoc
841 2074 893 2102 est,
906 2069 1016 2097 futurus

230 2121 272 2144 est
285 2117 342 2144 Dan
352 2117 471 2153 populus
487 2123 664 2152 persequens,
682 2125 690 2140 ι
713 2119 841 2149 tanquam
856 2122 968 2149 serpens
987 2115 1015 2142 in

230 2163 274 2192 via
303 2169 490 2194 commorans,
520 2162 548 2189 iu
575 2161 671 2188 semita
702 2160 829 2187 mordens
857 2161 1014 2187 calcaucum

230 2209 293 2243 equi
308 2209 341 2240 °‘,
356 2218 365 2234 ι
380 2208 460 2243 230
471 2207 523 2234 hoc
533 2211 584 2239 est,
604 2206 689 2234 ardua
703 2210 730 2233 et
743 2206 941 2242 inexplicabilia
963 2206 1014 2233 do-

1067 291 1134 325 ὴμῐν
1155 290 1282 321 Ἡσαΐας,
1302 290 1351 325 τήν
1372 297 1401 315 τε
1417 289 1498 315 αὑτοῦ
1519 288 1563 314 τοῦ
1579 287 1696 324 Χριστοῦ
1713 287 1851 323 Θεοπρεπῆ

1069 336 1217 371 βασιλείαν,
1249 335 1295 362 καὶ
1319 335 1368 370 τὴν
1394 335 1484 361 αὐτῶν
1506 334 1559 360 τῶν
1586 334 1671 366 ἁγίων
1693 333 1849 360 ἀποστόλων

1068 382 1218 416 ἀνάρρησιν
1248 380 1358 415 ἐμφανῆ
1378 380 1526 411 καθιστάς·
1550 388 1559 404 ι
1589 379 1654 405 Ἰδοὺ
1677 379 1709 415 δὴ
1724 379 1850 414 βασιλεὺς

1068 427 1172 458 δίκαιος
1187 426 1358 462 βασιλεύσει,
1374 427 1420 453 καὶ
1435 426 1564 460 ἄρχοντες
1585 425 1654 460 μετά
1670 426 1787 460 κρίσεως
1803 425 1854 461 ἀρ-

1071 472 1155 506 ξουσι.
1176 483 1185 498 ι
1205 472 1291 500 Πάλαι
1306 472 1355 506 μὲν
1369 472 1422 507 γὰρ
1435 471 1592 497 ἐϐασίλευον
1610 471 1658 505 τῆς
1677 471 1853 506 Ὶεμυσαλὴμ

1068 520 1094 546 οἱ
1105 521 1135 546 ἐκ
1150 520 1198 554 τῆς
1216 518 1299 545 Ἰούδα
1311 517 1395 552 φυλῆς
1408 525 1414 532 ·
1433 518 1579 551 τετάχαντο
1591 516 1619 543 δὲ
1632 516 1698 552 πρὸς
1711 517 1740 543 τὸ
1751 516 1853 552 κρίνειν

1069 567 1093 593 oi
1109 567 1141 600 τῇ
1156 565 1223 600 ἁγίᾳ
1237 565 1322 599 σκηνῇ
1337 563 1574 599 προσεδρεύοντες,
1593 563 1638 589 καὶ
1652 562 1697 588 τὸν
1712 562 1761 597 τῆς
1775 563 1854 598 ἱερω-

1071 612 1152 648 σύνης
1166 611 1293 646 λαχόντες
1309 610 1410 644 κλῆρον
1424 617 1430 625 ·
1457 619 1466 635 ε
1488 609 1572 644 Χείλη
1586 608 1640 644 γὰρ
1655 608 1749 643 ἱερέως
1769 607 1854 642 φυλά-

1071 658 1144 691 ξεται
1158 657 1256 693 κρίσιν,
1271 657 1318 684 καὶ
1329 657 1408 691 νόμον
1419 656 1612 691 ὲκζητήσουσιν
1624 656 1655 681 ἐκ
1666 655 1796 690 στόματος
1805 655 1855 681 αὑ-

1069 703 1128 731 τοῦ.
1147 713 1156 730 ι
1182 703 1291 737 Ἐπειδὴ
1304 702 1331 728 δὲ
1343 703 1391 737 τῆς
1401 703 1431 728 ἐν
1442 702 1516 736 νόμῳ
1527 700 1697 732 σκιᾶςοιονεὶ
1712 699 1854 727 συνεσταλ-

1073 747 1165 782 μένης,
1180 746 1226 773 καὶ
1238 747 1284 781 τῆς
1295 747 1323 772 ὲν
1339 745 1475 780 πνεύματί
1487 753 1516 771 τε
1532 745 1581 772 καὶ
1594 744 1710 779 ἀληθοῦς
1726 745 1853 780 λατρείας

1071 791 1314 826 εἰσκεκομισμένης
1330 791 1374 818 διὰ
1388 789 1504 825 Χριστοῦ
1514 811 1521 821 ,
1535 789 1732 824 λαμπροτέρων
1747 789 1799 816 ἔδει
1815 789 1854 824 τῷ

1071 838 1166 873 κόσμῳ
1186 837 1287 872 κριτῶν
1303 858 1310 870 ,
1335 837 1521 872 είσκέκληνται
1540 837 1607 871 πρὸς
1628 835 1706 862 τοῦτο
1722 834 1812 862 λοιπὸν
1828 836 1853 861 οἱ

1072 883 1209 910 θεσπέσιοι
1222 882 1408 917 μαθηταὶ,καὶ
1423 883 1462 913 εἰς
1476 882 1521 908 τὸν
1532 882 1585 908 τῶν
1601 882 1671 913 κατὰ
1688 881 1769 916 νόμον
1784 881 1853 907 καθ-

1035 926 1056 953 Β
1070 930 1182 964 ηγητῶν
1197 929 1363 965 εἰσέφρησαν
1374 928 1485 963 κλῆρον.
1503 928 1645 962 Τοιγάρτοι
1660 927 1727 962 πρὸς
1742 927 1791 962 μὲν
1804 927 1853 963 τὴν

1076 977 1208 1003 Ἰουδαίων
1227 975 1348 1011 μητέρα,
1365 976 1438 1010 φημὶ
1459 974 1490 1009 δὴ
1507 974 1555 1009 τὴν
1579 973 1767 1008 Ἰερουσαλὴμ,
1794 973 1854 998 ἐλέ-

1069 1030 1134 1056 γετο
1150 1021 1225 1056 παρὰ
1239 1020 1286 1047 τοῦ
1300 1020 1366 1046 Θεοῦ
1383 1019 1427 1046 διὰ
1443 1019 1492 1054 τῆς
1509 1019 1556 1046 τοῦ
1571 1019 1725 1050 Ψάλλοντος
1741 1018 1834 1053 φωνῆς
1845 1026 1852 1033 ·

1073 1076 1082 1092 ι
1104 1066 1176 1093 ’Δντὶ
1190 1066 1243 1092 τῶν
1255 1066 1378 1101 πατέρων
1394 1074 1440 1091 σου
1450 1065 1630 1100 ἐγεννήθησαν
1644 1064 1695 1090 υἱοί
1709 1072 1767 1094 σου,
1778 1072 1854 1090 »του-

1068 1113 1168 1144 τέστιν,
1183 1113 1215 1139 Οἱ
1235 1112 1275 1139 σοὶ
1289 1111 1503 1147 χρηματίζοντες
1516 1111 1580 1142 υἱοὶ,
1594 1111 1643 1146 τὴν
1657 1110 1711 1137 τῶν
1727 1111 1853 1144 πατέρων

1069 1160 1144 1193 τάξιν
1161 1159 1294 1194 διέλαχον.
1311 1158 1382 1194 Πρὸς
1393 1158 1421 1185 δέ
1434 1166 1465 1192 γε
1478 1157 1522 1184 τὸν
1537 1157 1638 1193 Κύριον
1654 1157 1732 1191 ἡμῶν
1750 1157 1853 1190 Ἰησοῦν

1069 1206 1200 1241 Χριστόν
1220 1216 1229 1232 ί
1247 1206 1435 1239 Καταστήσεις
1448 1204 1545 1235 αὐτοὺς
1559 1204 1690 1238 ἄρχοντας
1706 1203 1751 1229 ἐπὶ
1763 1203 1854 1229 min?

1069 1253 1118 1287 τὴν
1129 1253 1190 1287 γῆν.
1212 1261 1222 1278 ι
1243 1252 1276 1278 Ὃ
1291 1251 1322 1286 δὴ
1340 1250 1385 1278 καὶ
1399 1251 1438 1282 είς
1453 1250 1538 1285 πέρας
1551 1249 1728 1284 ὲνηνεγμένον
1748 1249 1796 1275 ἴδοι
1811 1257 1853 1280 τις

1070 1299 1111 1326 ἀν.
1128 1298 1278 1334 Ἀρχοντας
1293 1297 1347 1332 γὰρ
1361 1296 1542 1331 πεποιήμεθα,
1558 1296 1604 1322 καὶ
1619 1295 1715 1330 κριτὰς
1734 1295 1853 1330 ἐσχήκα-

1071 1353 1120 1380 μεν
1136 1342 1354 1377 οἱκουμενικοὺς,
1379 1342 1440 1373 τοὺς
1461 1341 1555 1374 ἁγίους
1581 1339 1714 1375 μαθητὰς,
1733 1336 1772 1366 ὧν
1792 1341 1854 1371 ταῖς

1070 1389 1218 1424 ὑποθήκαις
1233 1389 1280 1414 καὶ
1295 1387 1360 1414 αὐτὸ
1373 1387 1402 1413 τὸ
1416 1386 1534 1422 Χριστοῦ
1550 1386 1668 1412 λαλεῖται
1686 1386 1851 1420 μυστήριον,

1070 1435 1183 1469 ἐπείπερ
1200 1434 1268 1460 εἰσὶν
1284 1433 1360 1460 αὐτοὶ
1371 1432 1417 1459 καὶ
1432 1432 1528 1467 ταμίαι
1545 1431 1592 1458 τοῦ
1607 1430 1738 1462 σώζοντος
1754 1430 1834 1464 λόγου
1844 1449 1851 1460 .

1069 1480 1115 1507 καὶ
1129 1479 1183 1507 τῶν
1200 1478 1343 1514 πρακτέων
1364 1477 1517 1512 είσηγηταί·
1536 1477 1566 1503 τὺ
1582 1476 1630 1511 μὲν
1646 1476 1706 1502 ὅσον
1726 1475 1784 1502 ἐστὶ
1796 1477 1854 1506 τοῖς

1071 1526 1273 1560 παιδευομένοις
1291 1523 1432 1555 ἀσυντελὲς
1447 1523 1485 1554 εἰς
1495 1522 1586 1557 ὄνησιν
1598 1521 1635 1553 ὼς
1649 1521 1773 1556 κίϐδηλον
1786 1521 1854 1548 ἀπο-

1071 1571 1208 1606 κρίνοντες
1221 1589 1228 1601 ,
1242 1568 1420 1596 εἰσποιεῖσθαι
1439 1576 1471 1602 γε
1490 1567 1541 1603 μὴν
1555 1568 1595 1594 δτι
1613 1567 1712 1602 πρέποι
1724 1567 1753 1593 τὸ
1766 1575 1854 1601 πεφυ-

1070 1616 1117 1647 κὸς
1135 1616 1248 1650 ὠςελεῖν
1266 1613 1502 1649 συμϐουλεύοντες.
1527 1613 1579 1639 Δάν
1594 1613 1682 1639 τοίνυν
1697 1612 1772 1647 φησι,
1790 1619 1853 1638 του-

1068 1662 1170 1692 τέστιν,
1187 1662 1267 1696 οἵπερ
1284 1661 1316 1687 ἂν
1330 1660 1398 1692 ὅλως
1420 1658 1634 1694 προχειρισθεῖεν
1649 1657 1719 1685 κατά
1740 1657 1853 1692 καιροὺς

1069 1707 1116 1733 ἐπὶ
1131 1706 1161 1732 τὸ
1180 1706 1282 1741 κρίνειν
1299 1705 1362 1739 ἔθνη
1376 1705 1422 1731 καὶ
1437 1704 1517 1736 λαοὺς
1527 1725 1535 1736 ,
1548 1703 1618 1730 οὕτω
1633 1702 1797 1738 κατάρξουσι
1808 1702 1853 1728 tiu-

1068 1751 1156 1782 νατῶς
1164 1751 1210 1776 καὶ
1222 1751 1268 1777 σὺν
1275 1750 1384 1785 εὐκλείᾳ
1399 1749 1492 1784 πολλῇ,
1504 1749 1628 1783 καθάπερ
1638 1749 1733 1783 ἀμέλει
1745 1748 1791 1774 καὶ
1803 1747 1852 1783 μία

1068 1795 1137 1830 φυλὴ
1149 1795 1200 1821 τῶν
1212 1796 1241 1827 ἐξ
1257 1795 1373 1830 Ἰσραήλ.
1382 1796 1449 1829 Φησὶ
1458 1794 1497 1824 δὲ.
1505 1792 1590 1829 οἶμαι,
1603 1793 1650 1829 τὴν
1661 1793 1852 1828 βασιλεύουσαν

1067 1841 1116 1876 τὴν
1129 1841 1211 1868 Ἰούδα
1219 1841 1336 1872 πάντως,
1346 1841 1393 1867 καὶ
1399 1840 1447 1875 οὐχ
1455 1839 1851 1874 ἑτέραν.”υτιγάρὲκτετίμην-

1066 1896 1122 1919 ται,
1138 1888 1184 1914 καὶ
1198 1888 1237 1919 είς
1245 1888 1328 1922 ἄκρον
1336 1887 1433 1922 ἥκουσι
1443 1886 1532 1921 δόξης,
1548 1886 1621 1921 παρά
1631 1894 1662 1919 γε
1675 1886 1732 1916 τοῖς
1741 1885 1786 1911 τοῦ
1799 1885 1852 1910 Σω-

1067 1933 1148 1968 τῆρος
1156 1934 1367 1968 προσκυνηταϊς,
1382 1933 1407 1958 οἱ
1421 1932 1485 1967 παρ’
1499 1931 1580 1958 αὑτοῦ
1598 1930 1851 1966 προκεχειρισμένοι

1066 1979 1115 2013 τῆς
1128 1978 1417 2014 ὑφ’ἡλίῳκαθηγηταλ,
1426 1977 1483 2008 πῶς
1491 1977 1564 2003 ἔστιν
1576 1976 1768 2012 ἀμφιϐάλλειν;
1779 1976 1850 2011 Πλὴν

1066 2024 1106 2051 ὅτι
1116 2024 1144 2050 τὸ
1155 2024 1248 2059 ἄρχειν
1262 2024 1352 2054 αὐτοῖς
1360 2024 1409 2050 οὐκ
1417 2024 1603 2059 ἀταλαίπωρον
1617 2023 1692 2049 ἔσται
1701 2022 1849 2054 παντελῶς,

1066 2068 1177 2105 ἔμελλον
1190 2069 1217 2094 δὲ
1233 2069 1336 2095 πολλῶν
1353 2069 1400 2096 καὶ
1419 2069 1611 2103 ἀναριθμήτων
1637 2067 1782 2104 πειρᾶσθαι
1801 2076 1850 2094 και

1066 2114 1131 2140 κὼψ
1139 2113 1422 2148 παραποδισϐήσονται
1431 2113 1458 2140 δὲ
1469 2114 1509 2139 ὅτι
1524 2113 1571 2139 καὶ
1584 2113 1632 2139 οὒκ
1646 2113 1685 2144 είς
1694 2112 1850 2149 ἆπανεύρῆ-

1067 2168 1141 2186 cauo".
1152 2160 1200 2195 τῆς
1209 2159 1358 2193 ἀποστολῆς
1366 2160 1411 2186 τὸν
1422 2159 1520 2195 δρόμον
1533 2159 1662 2186 κινδύνων
1670 2159 1848 2196 ἀπηλλαγμέ-

1065 2214 1119 2238 νον⁷
1129 2205 1166 2237 ὡς
1178 2206 1206 2232 ἐν
1217 2206 1294 2240 τύπῳ
1309 2205 1528 2240 παραδείγματος
1542 2206 1735 2242 ὑπεμῳήνειεν,
1753 2207 1847 2237 εἰπὼν,

230 2258 320 2288 gmata
341 2260 504 2288 proponens.
518 2252 624 2279 Morsus
645 2251 718 2278 enim
735 2251 889 2286 viperarum
903 2251 1016 2279 inevita-

1068 2251 1108 2277 δτι
1126 2261 1134 2276 ι
1154 2251 1299 2286 Γενηθήτω
1310 2251 1372 2278 Δάν·
1389 2259 1403 2277 1
1415 2251 1474 2279 ἀντὶ
1496 2252 1553 2285 τοῦ,
1575 2252 1649 2279 ἔσται
1662 2252 1692 2279 τὸ
1708 2253 1759 2279 Δάν
1770 2254 1783 2279 ὁ
1795 2252 1849 2278 τῶν

230 2299 299 2326 biles
315 2297 514 2333 quodammodo
528 2300 601 2328 sunt,
617 2297 723 2324 etiamsi
737 2297 763 2324 in
778 2297 867 2332 ipsum
879 2296 943 2324 liant
957 2297 1013 2324 cal-

229 2350 354 2369 caucum.
374 2351 382 2367 ι
398 2341 456 2376 Ipse
468 2342 552 2373 enim,
564 2341 612 2373 ait,
626 2341 782 2368 obscrvabit
794 2345 875 2377 caput
887 2346 975 2374 tuum,
986 2346 1015 2369 et

230 2393 258 2414 tu
272 2387 430 2417 observabis
443 2388 599 2415 calcaneum
612 2387 685 2414 illius
697 2387 730 2414 ⁸⁵.
747 2397 755 2413 ι
769 2387 808 2414 Ita
826 2387 900 2414 enim
913 2388 1014 2415 sanctis

229 2433 360 2469 apostolis
372 2437 435 2459 sunt
455 2433 584 2465 insidiati,
598 2438 627 2460 ut
647 2433 728 2460 etiam
750 2437 865 2460 mortem
883 2441 1014 2468 corpora-

229 2478 282 2506 lem
301 2477 366 2513 ipsis
383 2478 535 2506 intulerint.
548 2478 625 2506 Unde
646 2479 698 2506 tale
716 2479 782 2514 quid
802 2486 850 2506 eos
870 2486 1015 2513 perpessos

228 2530 288 2549 esse
300 2522 427 2555 dicimus,
440 2523 592 2558 cujusmodi
605 2527 745 2558 pateretur
760 2530 854 2557 eques,
867 2523 889 2550 si
907 2523 1015 2550 labente

229 2576 300 2604 cquo
316 2567 413 2595 solutis
431 2569 631 2603 posterioribus
645 2568 774 2603 pedibus,
796 2568 916 2595 inscssor
937 2569 1014 2602 supi-

232 2621 283 2640 nus
298 2614 326 2640 in
343 2618 441 2641 terram
458 2614 589 2650 procidat,
604 2617 763 2649 exspectans
779 2615 825 2649 qui
846 2622 925 2648 opem
944 2614 1015 2641 ferat

228 2667 260 2686 ac
273 2659 366 2686 salvct.
381 2659 545 2696 Exspectant
565 2665 655 2686 autem
675 2659 757 2686 etiam
778 2659 864 2686 divini
885 2659 1012 2694 discipuli

228 2709 410 2739 opportunum
424 2713 479 2732 sum
494 2705 585 2740 gloria:
601 2709 628 2732 et
648 2705 742 2732 salutis
757 2710 874 2740 tempus,
891 2713 946 2739 quo
961 2713 1010 2731 vo-

227 2751 362 2780 cabuntur
379 2751 405 2778 in
427 2759 537 2786 regnum
558 2751 747 2778 inconcussum
766 2755 847 2785 atque
868 2751 1010 2785 sempiter-

227 2804 304 2830 num,
320 2798 486 2826 acclamante
506 2798 546 2825 eis
563 2797 672 2836 Christo
694 2806 700 2823 :
722 2806 730 2822 ι
746 2797 851 2829 Venite,
875 2796 1010 2824 benedicti

1065 2296 1216 2323 διωκόντων
1231 2297 1326 2331 δῆμος,
1347 2307 1356 2323 ι
1374 2297 1410 2328 ὡς
1432 2298 1495 2332 δφις
1525 2298 1553 2324 ἐν
1567 2297 1618 2333 ὁδῷ
1633 2298 1783 2332 καθήμενος
1803 2298 1850 2323 ἐπὶ

1064 2342 1157 2378 τρίϐου
1170 2342 1273 2369 δάκνων
1289 2343 1406 2379 πτέρναν
1419 2343 1514 2375 ἵππου,
1536 2353 1544 2369 ι
1559 2343 1698 2376 τουτέστι,
1716 2343 1788 2370 δεινὰ
1802 2344 1849 2370 καὶ

1065 2387 1172 2422 ἄφυκτα
1179 2388 1300 2423 δόγματα
1312 2389 1405 2420 διδούς.
1415 2389 1558 2424 Τοιγάρτοι
1568 2389 1620 2415 τῶν
1633 2389 1713 2424 ἔχεων
1722 2390 1848 2424 δήγματα

1065 2433 1248 2468 δυσδιὰφυκτά
1259 2434 1316 2466 πώς
1327 2435 1404 2465 εἰσιν,
1420 2436 1444 2461 εἰ
1457 2435 1502 2461 καὶ
1518 2435 1557 2466 είς
1569 2435 1652 2470 αὐτὴν
1667 2435 1784 2469 γένοιντο
1798 2435 1848 2469 τὴν

1065 2478 1194 2513 πτέρναν.
1217 2487 1225 2503 ι
1247 2479 1330 2510 Αὐτὸς
1344 2479 1397 2513 γάρ
1413 2487 1469 2510 σου,
1486 2480 1552 2514 φησὶ
1566 2499 1572 2511 ,
1588 2481 1701 2514 τηρήσει
1715 2480 1848 2514 κεφαλὴν,

1064 2525 1112 2550 καὶ
1127 2525 1158 2551 σὺ
1175 2525 1305 2559 τηρήσεις
1317 2524 1399 2551 αὑτοῦ
1419 2526 1561 2560 πτέρναν.»
1585 2525 1800 2551 Ἐπεῦούλευσαν
1819 2525 1847 2551 δὲ

1063 2570 1135 2596 οὓτω
1156 2570 1227 2601 τινὲς
1251 2571 1306 2601 τοῖς
1324 2570 1411 2604 ἁγίοις
1430 2571 1606 2602 ἀποστόλοις,
1629 2570 1666 2601 ὡς
1692 2571 1739 2597 καὶ
1765 2570 1848 2596 αὑτὸν

1063 2617 1211 2649 ἐπαγαγεῖν
1220 2615 1264 2642 τὸν
1275 2616 1323 2650 τῆς
1334 2616 1433 2650 σαρκὸς
1444 2616 1567 2643 θάνατον.
1580 2617 1633 2642 Καὶ
1646 2617 1676 2650 δή
1690 2624 1716 2642 τι
1728 2616 1847 2642 τοιοῦτον

1063 2661 1214 2694 ὑποστῆναί
1230 2669 1319 2695 φαμεν
1333 2661 1440 2692 αὐτοὺς,
1459 2662 1550 2687 ὁποῖον
1571 2662 1603 2688 ἂν
1623 2663 1694 2696 πάθῃ
1712 2663 1790 2696 τυχὸν
1804 2663 1847 2687 ἱπ-

1065 2706 1142 2738 πεὺς,
1160 2706 1323 2737 mamm-
1342 2706 1442 2739 ἵππου,
1460 2707 1505 2733 καὶ
1521 2707 1615 2734 ἁνόπιν
1635 2707 1727 2743 ὥσπερ
1749 2709 1846 2743 both}.

1065 2752 1152 2783 κότος.
1174 2751 1401 2786 ’Υτιπιασοήσεται
1415 2753 1467 2788 γὰρ
1482 2753 1496 2778 ὁ
1507 2753 1650 2788 ἐπιϐάτης,
1669 2755 1714 2780 καὶ
1729 2755 1769 2786 είς
1781 2754 1845 2788 γῆν,

1064 2795 1151 2832 οἶμαι,
1187 2797 1288 2830 πεσὼν,
1303 2799 1444 2833 περιμενεῖ
1456 2798 1501 2824 τὸν
1521 2798 1649 2831 σώζοντα.
1666 2800 1846 2836 Περιμενοῦσι

264 2887 452 2922 "bantur,
477 2887 520 2915 2‘3.
559 2888 710 2916 "Malach.
735 2896 763 2921 ιι,
778 2889 803 2916 7.
842 2889 864 2904 “
883 2888 952 2916 Psal.
982 2895 1017 2914 xu

1074 2887 1113 2914 i7.
1146 2889 1178 2929 ~“
1188 2888 1255 2916 Gen.
1276 2897 1345 2921 xux,
1362 2889 1403 2915 l7.
1443 2889 1464 2905 ⁸⁸
1477 2889 1544 2917 Gen.
1562 2899 1599 2924 ιιι,
1615 2891 1655 2918 13.
