1999 3056
165 175 218 203 365

641 179 899 207 GLAPIIYEORUM
920 182 953 208 IN
973 182 1122 209 GENESIM
1142 184 1206 211 LIB.
1228 184 1282 213 VII.

1731 189 1785 217 366

165 231 195 258 δὲ
205 233 230 259 οἱ
246 232 385 260 θεσπέσιοι
399 234 518 269 μαθηταὶ
532 235 577 262 τὸν
592 236 640 272 τῆς
651 237 755 264 ἑαυτῶν
770 238 849 273 δόξης
860 247 889 265 τε
904 239 947 266 καὶ

1002 240 1090 268 Patris
1101 242 1165 274 mei,
1180 243 1317 277 possidete
1333 252 1448 280 regnum
1462 246 1540 274 vobis
1550 255 1566 274 a
1577 248 1671 275 mundi
1685 250 1785 277 emisti.

167 279 303 314 σωτηρίας
310 281 415 313 καιρὸν,
426 281 486 307 καθ’
494 281 523 308 ὃν
531 282 751 318 είσκεκλὴσονται
763 285 802 316 είς
815 285 951 320 βασιλείαν

165 324 316 360 ἀκλόνητον
341 327 388 353 καὶ
411 326 532 360 αἰώνιον,
558 328 759 362 ἐπιφωνοῦντος
789 331 881 363 αὐτοῖς
903 331 950 357 τοῦ

166 369 284 406 Χριστοῦ
297 379 304 386 ’
323 381 332 397 ι
351 372 449 404 Δεῦτε,
469 373 493 399 οἱ
507 373 684 409 εὐλογημένοι
696 376 742 402 τοῦ
761 377 868 412 Πατρός
887 385 949 412 μου,

165 416 387 453 κληρονομήσατε
401 417 449 454 τὴν
464 420 664 456 ἡτοιμασμένην
677 421 739 456 ὑμῖν
750 421 888 457 βασιλείαν
899 423 952 449 ἀπὸ

164 463 317 498 καταϐολῆς
329 465 376 491 τοῦ
387 465 499 500 κόσμου.
518 475 527 492 ι
544 466 706 494 Τετελέκασι
720 467 774 503 γὰρ
784 468 829 494 τὸν
841 468 949 504 δρόμον,

162 510 329 545 τετηρήκασι
344 511 434 539 δὲκαὶ
452 511 501 547 τὴν
515 512 614 539 πίστιν.
637 513 741 540 Οὐκοῦν
761 513 806 540 τὸν
825 514 951 549 ἀμάραν-

161 563 207 582 τον
234 556 284 590 τῆς
306 556 385 591 δόξης
412 557 624 593 ἅποκομιοῦνται
647 558 787 593 στέφανον.
815 560 845 586 Εί
868 559 896 585 δὲ
918 559 950 594 δὴ

162 600 284 635 βούλοιτό
301 610 345 633 τις
367 603 427 638 οὐχ).
450 603 489 638 τῷ
508 603 561 631 Δὰν
582 603 691 630 ἔσεσθαί
712 613 789 636 τινας
813 605 851 636 ὡς
874 605 951 639 ὄφεις

161 645 368 680 ἐγκαθημένους
383 647 446 682 ὁδῷ,
462 647 519 674 ἀλλ’
531 647 612 674 αὐτὸν
623 648 726 684 ἑτέροις
744 649 950 676 ἐπιϐουλεύσειν

160 689 206 716 τὸν
221 690 288 716 Δάν·
305 691 394 718 ἐκεῖνο
406 691 531 728 ἐροῦμεν,
546 693 586 718 ὅτι
602 693 633 719 τὸ
652 694 756 729 κρίνειν
772 702 800 720 τε
820 694 866 721 καὶ
882 694 950 721 καθ-

160 736 287 770 ηγεῖσθαι
304 737 376 764 λαῶν
397 738 503 773 ἔχοντες
521 739 545 765 οί
566 739 585 765 Γ
588 741 740 775 ραμματεῖς
757 749 787 766 τε
801 740 847 767 καὶ
867 741 950 777 Φαρι-

160 783 240 811 σαῖοι,
255 784 426 819 πικροτάτων
436 784 522 820 ἔχεων
532 785 682 820 ἐπεφύοντο
692 786 770 821 δίκην
778 786 816 821 τῷ
827 786 947 822 Χριστῷ,

159 829 208 854 καὶ
226 829 307 856 οἱονεί
319 839 376 862 πως
393 831 479 857 ἱππέα
494 831 538 858 διὰ
550 831 631 867 ψιλῆς
643 840 673 858 τε
684 833 730 859 καὶ
747 833 821 864 λείας
834 833 948 869 ᾁττοντα

159 873 265 909 τρίϐου,
291 874 412 910 δήγμασι
428 877 651 912 παρακόπτοντες
669 878 782 909 ἀνοσίως
795 878 946 913 ἡλίσκοντο.

165 920 236 955 Ἀλλ’
251 921 275 947 εί
290 922 336 948 καὶ
351 922 496 950 πέπτωκεν
516 923 530 949 ό
548 924 662 956 ἱππεὺς,
676 924 818 960 ἐθελοντὴς
829 925 947 957 ἀνατλὰς
964 922 982 949 Β

159 966 205 993 τὸν
219 966 268 1002 τῆς
283 968 382 1004 σαρκὸς
396 969 523 996 θάνατον·
539 969 596 996 ἀλλ’
615 968 661 997 οὖν
685 971 733 997 καὶ
746 970 928 997 ἁναὸιώσεται
939 991 946 1004 ,

160 1012 332 1049 συλλήπτορα
346 1014 392 1041 καὶ
415 1015 559 1050 ἐπαρωγὸν
576 1015 738 1050 ποιούμενος
758 1016 804 1043 τὸν
825 1016 946 1053 Πατέρα.

159 1057 280 1093 Δύναμις
296 1059 350 1094 γὰρ
369 1059 407 1087 ὢν
421 1061 466 1087 τοῦ
491 1061 559 1088 Θεοῦ
577 1061 624 1088 καὶ
647 1061 764 1097 Πατρός,
784 1063 798 1088 ὁ
815 1062 888 1096 Υἱὸς,
902 1063 948 1090 τὸν

160 1105 226 1132 [διον
239 1106 318 1138 αὑτὸς
333 1106 499 1143 ἐζωοποίησε
521 1109 593 1135 ναόν.
610 1109 744 1144 Ταύτῃτοι
761 1107 895 1136 σεσῶσθαι
907 1109 949 1137 λέ-

157 1159 238 1184 γεται
252 1152 326 1187 παρὰ
340 1153 387 1179 τοῦ
400 1153 505 1189 Πατρὸς
522 1153 734 1185 κεκινδυνευκὼς
744 1154 782 1186 ὠς
793 1154 946 1190 ἄνθρωπος,

159 1197 250 1224 καίτοι
264 1199 334 1225 κατᾶ
349 1198 430 1233 φύσιν
441 1200 571 1236 ὑπάρχων
581 1200 658 1234 Θεὸς,
672 1201 720 1227 καὶ
734 1200 798 1237 ὅλην
811 1201 892 1232 αὐτὸς
906 1203 947 1234 είς

1004 287 1108 315 tutione
1118 294 1241 323 paratum
1252 290 1284 317 “.
1292 290 1537 320 xConsummarunt
1545 294 1618 320 enim
1625 301 1746 326 cursum,
1757 302 1786 323 et

1003 331 1083 360 ﬁdem
1103 340 1264 367 servarunt,
1291 336 1407 372 ideoque
1428 345 1558 366 coronam
1579 338 1672 373 gloriae
1694 347 1788 374 repor-

1002 378 1099 406 tabunt
1115 379 1369 409 immarcescibilem
1384 383 1426 411 ‘5‘.
1447 384 1544 418 Porro,
1554 385 1577 412 si
1595 384 1657 419 quis
1667 389 1787 413 statuere

1001 424 1068 451 velit
1080 433 1135 453 non
1154 426 1261 454 futuros
1271 436 1332 456 esse
1350 429 1408 457 Dan
1422 430 1492 458 ullos
1506 435 1634 466 tanquam
1646 435 1788 466 serpentes

995 469 1153 499 insidentes
1171 473 1232 506 viae,
1245 474 1293 501 sed
1313 474 1402 510 ipsum
1421 476 1479 504 Dan
1495 477 1556 504 aliis
1577 477 1786 510 insidiaturum,

1001 520 1059 543 tum
1075 517 1141 545 illud
1160 518 1289 552 dicimus,
1313 521 1386 555 quod
1409 522 1511 550 Scriba:
1530 528 1558 550 et
1568 523 1698 551 Pharisaei
1711 524 1787 559 judi-

1000 562 1074 589 cium
1094 564 1199 598 pariter
1218 569 1246 592 et
1261 566 1445 602 principatum
1466 568 1632 602 obtinentes,
1647 570 1733 597 instar
1746 575 1787 598 te-

1001 609 1175 636 terrimarum
1195 610 1352 645 viperarum
1374 613 1507 642 irruerint
1527 615 1555 642 in
1578 614 1734 648 Christum,
1756 624 1788 643 ac

1001 654 1079 688 quasi
1089 655 1209 689 equitem
1223 663 1272 691 per
1285 663 1427 692 angustam
1438 660 1616 695 glabramque
1627 661 1698 688 viam
1708 661 1787 689 festi-

1001 704 1114 727 nantem
1134 701 1272 729 morsibus
1282 702 1402 737 inﬁictis,
1414 705 1498 740 impie
1510 706 1641 741 ceperint.
1651 706 1786 734 Caeterum

999 745 1105 773 etiamsi
1119 754 1203 781 eques
1219 748 1359 781 ceciderit,
1373 749 1467 778 volens
1484 755 1600 779 mortem
1615 753 1705 780 carnis
1721 761 1786 788 per-

999 798 1105 825 pessus,
1123 795 1213 819 tamen
1234 793 1334 820 iterum
1353 795 1508 829 reviviscet,
1524 797 1723 826 constituturus
1734 799 1786 826 Pa-

999 841 1068 864 trem
1081 837 1233 872 adjutorem
1252 842 1334 874 atque
1347 841 1550 875 opitulatorem.
1562 843 1629 870 Nam
1647 852 1709 871 cum
1728 845 1786 880 ipse

999 881 1034 909 sit
1048 882 1097 909 Dei
1109 890 1140 910 ac
1152 883 1242 910 Patris
1257 885 1390 918 potentia,
1405 894 1484 912 suum
1500 886 1586 922 ipsius
1598 889 1728 924 templum
1743 891 1786 917 vi—

998 927 1126 955 viﬁcavit.
1146 928 1265 963 Ideoque
1285 932 1313 955 et
1326 930 1446 958 salvatus
1463 931 1565 959 dicitur
1578 941 1594 960 a
1605 934 1696 967 Patre,
1711 935 1785 969 peri-

997 974 1066 1001 culis
1088 977 1119 1001 ut
1139 973 1221 1001 homo
1241 974 1391 1010 subjectus,
1405 984 1560 1013 quanquam
1575 984 1671 1014 suapte
1688 984 1786 1008 natura

997 1020 1034 1047 sit
1043 1020 1125 1052 Deus,
1139 1023 1280 1056 totamque
1291 1021 1428 1049 visibilem
1439 1027 1521 1058 atque
1535 1024 1700 1053 invisibilem
1712 1034 1787 1054 crea-

998 1069 1088 1094 turam
1101 1067 1129 1093 in
1145 1074 1196 1094 suo
1220 1071 1292 1094 statu
1310 1068 1464 1102 continens.
1479 1069 1537 1097 Hoc
1548 1071 1629 1098 modo
1644 1072 1786 1099 intellexe—

997 1111 1036 1139 ris
1053 1111 1126 1146 quod
1146 1111 1226 1139 divus
1247 1111 1349 1139 Paulus
1371 1112 1436 1139 alibi
1460 1113 1494 1141 de
1513 1122 1546 1141 eo
1566 1115 1681 1143 scribit:
1697 1126 1706 1142 ι
1728 1117 1786 1146 Etsi

1000 1157 1074 1184 enim
1091 1156 1239 1184 cruciﬁxus
1254 1160 1297 1184 est
1314 1163 1348 1184 ex
1363 1156 1532 1192 inﬁrmitate,
1555 1159 1624 1188 vivit
1643 1163 1734 1188 tamen
1752 1168 1788 1189 ex

999 1202 1120 1237 potentia
1134 1203 1182 1230 Dei
1197 1202 1229 1229 ⁸⁷.
1245 1211 1255 1228 ›

116 1286 125 1293 ⁸
160 1245 190 1271 τὸ
205 1243 235 1272 εὖ
251 1245 322 1273 εἶναι
339 1247 456 1282 συνέχων
470 1248 572 1283 ὁρατήν
587 1257 617 1274 τε
645 1248 692 1275 καὶ
711 1248 827 1284 ἀόρατον
848 1248 946 1276 κτίσιν.
966 1249 1044 1276 Οὓτω
1056 1257 1106 1276 που
1120 1250 1221 1282 συνιεὶς
1233 1251 1280 1278 καὶ
1291 1252 1304 1278 ὁ
1319 1249 1461 1283 Θεσπέσιος
1471 1250 1587 1286 Παῦλος,
1608 1253 1673 1289 περὶ
1702 1251 1787 1281 αὑτοῦ

160 1300 239 1327 φησι·
255 1302 265 1318 ‹
277 1293 332 1320 Καὶ
347 1292 401 1328 γὰρ
420 1293 444 1320 εί
458 1292 616 1329 ἐσταυρώθη
627 1294 655 1327 ἐξ
670 1293 819 1327 ἀσθενείας,
833 1294 901 1321 ἀλλὰ
916 1295 948 1330 ζῇ
969 1295 1000 1321 ἐκ
1013 1294 1153 1331 δυνάμεως
1165 1295 1243 1322 Θεοῦ.
1263 1306 1272 1322 ›

445 1351 516 1386 Περὶ
533 1352 585 1379 τοῦ
600 1351 672 1379 Γάδ-

204 1418 213 1434 ι
229 1408 283 1435 Γὰδ
295 1408 472 1444 πειρατήριον
481 1408 653 1443 πειρατεύσει
666 1407 840 1441 αὑτόν-αὑτὸς
853 1409 880 1436 δὲ
892 1418 949 1436 πει-

161 1455 288 1491 ρατεύσει
300 1454 381 1482 αὐτὸν
392 1455 462 1482 κατὰ
476 1454 586 1486 πόδας.»
597 1455 768 1490 Ἠρμήνευσε
785 1455 865 1482 πάλιν
882 1455 911 1482 τὸ
922 1455 949 1481 τί

161 1501 195 1527 ἂν
209 1499 329 1535 βούλοιτο
342 1500 438 1536 δηλοῦν
453 1501 467 1526 ό
478 1500 531 1527 ras
544 1500 724 1535 ’πειρασμὸς
736 1500 802 1537 γὰρ,
817 1501 832 1537 ἢ
849 1509 948 1536 πειρα-

1329 1354 1369 1382 De
1384 1355 1452 1384 Gad.

1040 1420 1047 1435 ι
1067 1409 1124 1437 Gad
1143 1411 1257 1438 tentatio
1270 1412 1387 1439 tentabit
1404 1420 1477 1440 eum.
1493 1413 1553 1448 Ipse
1564 1417 1656 1441 autem
1670 1413 1786 1441 tentabit

998 1463 1061 1482 cum
1072 1456 1149 1490 juxta
1164 1456 1254 1491 pedes»
1264 1455 1297 1484 ⁸⁸.
1313 1467 1322 1483 ι
1336 1457 1439 1485 Iterum
1453 1458 1650 1494 interpretatus
1658 1463 1701 1487 est
1720 1460 1787 1494 quid

999 1501 1052 1528 sibi
1066 1501 1132 1528 velit
1143 1502 1221 1538 231
1240 1510 1341 1531 nomen
1361 1503 1436 1538 Gad;
1454 1504 1589 1540 signiﬁcat
1606 1505 1680 1532 enim
1699 1508 1787 1532 tenta-

161 1547 274 1581 τήριον.
297 1547 399 1582 Πρέποι
416 1546 437 1572 δ’
453 1545 495 1578 ἂν,
505 1544 591 1581 οἶμαι1
601 1547 647 1573 καὶ
661 1546 706 1573 διὰ
719 1547 813 1573 τούτου
832 1547 947 1574 νοεῖσθαι

1002 1546 1109 1575 tionem.
1123 1547 1183 1575 Non
1198 1553 1289 1576 autem
1310 1549 1365 1577 erit
1382 1549 1527 1584 absonum,
1553 1555 1584 1578 ut
1607 1550 1737 1583 arbitror,
1763 1551 1787 1578 si

160 1594 206 1620 τὸν
218 1593 348 1628 θεοστυγῆ
356 1601 386 1619 τε
398 1592 445 1619 καλ¹
456 1592 574 1623 ἀλαζόνα
588 1592 642 1618 τῶν
655 1592 674 1618 Γ
677 1592 843 1628 ραμματέων
857 1600 888 1618 τε
900 1593 946 1619 καὶ

160 1639 316 1674 Φαρισαίων
336 1638 430 1674 ἐσμόν-
456 1638 480 1664 οἳ
503 1637 534 1665 τὸ
555 1637 625 1664 Θεῖόν
648 1646 677 1664 τε
701 1638 748 1664 καὶ
770 1638 946 1672 εὐαγγελικὺν

161 1685 369 1720 παρωθούμενοι
381 1685 522 1720 κήρυγμα,
540 1684 587 1710 καὶ
601 1683 655 1710 τῶν
675 1684 831 1718 ἀναγκαίων
846 1684 946 1720 τιμῶν-

159 1740 206 1764 τες
221 1732 260 1763 είς
281 1732 374 1766 όνησιν
399 1731 473 1757 οὐδὲν
484 1750 491 1762 ,
506 1730 656 1766 ὲπέὸρυχον
677 1731 740 1761 τοὺς
757 1730 863 1763 ὀδόντας
880 1732 946 1767 Χρι-

160 1777 226 1813 στῷ,
241 1777 393 1804 διδάσκοντι
411 1777 459 1812 μὲν
471 1777 505 1803 τὰ
521 1776 591 1812 ὑπὲρ
607 1776 686 1803 σκιὰν
704 1777 751 1803 καὶ
763 1777 853 1812 νόμον,
872 1777 946 1804 εὐδο-

159 1823 285 1859 κιμοῦντι
299 1823 328 1849 δέ
343 1823 403 1850 λίαν
418 1823 466 1850 καὶ
479 1823 714 1857 τεθαυμασμένιι).
730 1823 945 1859 καταπλήττοντί

159 1878 190 1896 τε
210 1869 287 1895 οὐδὲν
305 1867 387 1904 ἦττον
408 1869 473 1900 τοὺς
495 1868 548 1895 ἀνὰ
569 1869 660 1894 πᾶσαν
690 1867 740 1903 τὴν
762 1868 892 1895 Ἰουδαίαν
911 1870 944 1904 τῇ

158 1914 215 1941 τῶν
235 1913 529 1950 τετερατουργημένων
553 1913 709 1948 ὑπερϐολῇ,
729 1913 776 1939 καὶ
806 1914 865 1945 ταῖς
889 1915 946 1940 είσ-

161 1962 280 1997 ηγήσεσι
304 1961 364 1992 ταῖς
386 1960 427 1992 είς
443 1961 498 1986 πᾶν
512 1959 602 1986 ὁτιοῦν
623 1960 678 1986 τῶν
693 1959 864 1995 ἀρεσκόντων
888 1959 947 1994 Θεῷ

162 2006 367 2042 συνεισφέροντι
382 2006 417 2033 τὰ
434 2005 582 2041 παράδοξα.
599 2005 654 2032 Καὶ
668 2005 733 2039 γοῦν
744 2006 799 2038 ὅτε,
813 2005 884 2032 κατὰ
897 2006 947 2041 τὴν

159 2052 208 2079 τοῦ
223 2053 366 2088 προφήτου
378 2051 533 2086 φωνὴν,τὴν
546 2050 682 2085 Βηθανίαν
691 2050 946 2086 ἀφεὶς,είσέφρησεν

159 2099 200 2130 είς
222 2098 406 2134 Ἰεροσόλυμα,
427 2096 507 2128 αὐτὸς
521 2096 609 2132 πραῢς
631 2096 805 2132 ἐπιϐεϐηκὼς
819 2097 866 2124 ἐπὶ
879 2098 946 2124 ὐπο-

160 2144 256 2178 ζύγιον
272 2144 319 2170 καὶ
336 2142 426 2169 πῶλον
441 2142 515 2175 νέον,
536 2141 560 2167 οἱ
577 2141 626 2176 μέν
641 2141 841 2177 προηγούμενοι
856 2142 948 2174 παῖδες

160 2189 349 2224 εὐφημοῦντες
369 2188 497 2223 ἔφασκον·
515 2187 649 2214 (Ὡσαννὰ
663 2187 702 2222 τῷ
719 2187 769 2222 υἱῷ
785 2187 876 2215 Δαὸίδ.
892 2187 944 2214 Εὑ-

998 1601 1047 1628 per
1063 1593 1137 1621 hunc
1155 1593 1339 1630 intelligamus
1358 1595 1414 1623 Deo
1431 1596 1575 1624 adversam
1591 1599 1620 1624 et
1639 1597 1786 1631 superbam

999 1638 1158 1667 Scribarum
1181 1643 1263 1675 atque
1288 1640 1489 1669 Pharisaeorum
1514 1641 1636 1677 turbam,
1656 1642 1703 1677 qui
1724 1650 1787 1670 cum

997 1684 1121 1712 divinum
1138 1690 1220 1720 atque
1241 1686 1428 1721 evangelicum
1447 1687 1613 1722 praeconium
1626 1686 1681 1714 sint
1693 1695 1787 1722 asper-

997 1731 1066 1764 nati,
1085 1739 1175 1766 neque
1195 1732 1344 1767 quidquam
1362 1741 1457 1761 eorum
1472 1741 1532 1768 qua:
1552 1737 1616 1761 sunt
1631 1734 1788 1761 necessaria

997 1777 1031 1804 ad
1057 1777 1173 1805 salutem
1195 1778 1343 1812 coluerint,
1367 1778 1520 1806 fremebant
1542 1778 1671 1806 dentibus
1693 1784 1788 1806 contra

997 1822 1147 1856 Christum,
1160 1823 1305 1852 docentem
1319 1832 1380 1860 qua:
1395 1825 1590 1852 excellentiora
1605 1828 1683 1852 erant
1693 1825 1789 1860 ﬁguris

997 1868 1076 1904 legis,
1098 1877 1286 1905 summamque
1301 1870 1336 1898 ob
1352 1871 1461 1906 egregia
1474 1871 1545 1898 facta
1563 1871 1672 1899 laudem
1690 1871 1787 1899 existi-

997 1916 1200 1951 mationemque
1220 1921 1408 1949 consecutum,
1436 1921 1464 1944 et
1484 1917 1672 1952 prodigiorum
1695 1917 1787 1945 excel~

998 1961 1082 1989 lentia
1119 1966 1203 1988 totam
1242 1961 1364 1989 Judmam
1387 1961 1786 1996 perterrefacientemyatque

998 2015 1052 2034 una
1065 2007 1197 2034 doctrinae
1207 2015 1302 2034 eorum
1317 2015 1377 2042 quae
1390 2007 1447 2034 Deo
1461 2007 1489 2034 in
1501 2007 1597 2042 primis
1608 2007 1726 2043 placent.
1741 2008 1788 2035 in-

997 2052 1091 2080 audita
1113 2052 1245 2080 miracula
1265 2052 1449 2087 adjicientem.
1471 2051 1549 2080 Unde
1567 2051 1688 2087 quando,
1708 2052 1785 2088 juxta

997 2105 1092 2125 vocem
1107 2098 1247 2133 propheta:
1262 2097 1296 2130 ",
1316 2097 1412 2125 relicta
1431 2097 1573 2130 Bethania,
1590 2097 1729 2132 ingress‘us
1743 2102 1786 2125 est

998 2144 1210 2178 Hierosolymam
1222 2147 1381 2171 mansuetus
1391 2150 1539 2170 conscensa
1549 2143 1625 2170 asina
1637 2142 1784 2179 subjugali,

998 2193 1027 2217 et
1049 2189 1125 2224 pullo
1150 2189 1219 2224 ejus,
1236 2189 1314 2224 pueri
1328 2188 1440 2223 quidem
1458 2192 1614 2223 praeeuntes
1631 2188 1760 2216 dicebant
1776 2198 1782 2215 :

159 2236 227 2270 λογη
233 2236 311 2269 μένος
324 2235 338 2261 ὁ
354 2234 499 2269 ἐρχόμενος
510 2234 538 2260 ἐν
554 2233 667 2268 ὀνόματι
681 2233 795 2269 Κυρίου.
817 2242 826 2258 ι
843 2233 904 2259 Τῶν
918 2232 945 2259 δὲ

1002 2245 1011 2262 ι
1028 2236 1155 2263 IIosanna
1175 2235 1232 2263 ﬁlio
1244 2235 1339 2262 David.
1357 2234 1522 2263 Benedictus
1540 2234 1587 2269 qui
1601 2234 1678 2262 venit
1694 2234 1721 2261 in
1733 2242 1784 2262 no-

162 2281 329 2308 συνθεόντων
345 2280 416 2311 τινές
438 2279 472 2306 τὰ
489 2279 585 2313 ἱμάτια
604 2278 826 2314 κατεστρώννυον
840 2280 868 2305 ἐν
886 2279 946 2310 ταῖς

159 2327 303 2358 όδοῐς,,κα“ι
322 2326 374 2352 οὐκ
392 2325 566 2361 ἀθαύμαστον
587 2324 726 2352 ἐποιοῦντο
743 2325 792 2360 τὴν
809 2325 944 2360 είσὸολήνε

159 2374 185 2399 οἱ
199 2373 228 2399 δέ
250 2373 455 2408 διερρήγνυντο,
476 2372 523 2398 καὶ
536 2371 674 2408 όξυτέροις
684 2371 731 2398 τοῦ
749 2371 846 2405 φθόνου
862 2372 946 2406 πλητ-

159 2419 269 2454 τόμενοι
286 2419 407 2453 κέντροις
417 2439 424 2451 ,
446 2417 628 2452 προσελάλουν
642 2417 768 2452 ἀλλήλοις
778 2439 784 2451 ,
807 2417 947 2453 μονονουχὶ

159 2465 189 2492 δέ
211 2464 256 2490 καὶ
283 2463 450 2500 κατῃτιῶντο
475 2463 621 2499 μέλλοντας
643 2463 683 2490 ἐτι
707 2463 772 2499 περὶ
795 2463 825 2490 τὸ
849 2464 945 2499 χρῆναι

161 2511 256 2545 φονᾷν.
275 2510 413 2544 Ἔφασκον
424 2509 494 2545 γὰρ,
511 2510 552 2536 ὅτι
571 2519 580 2535 ι
598 2509 732 2545 Θεωρεῖτε
753 2510 794 2536 ὃτι
811 2509 860 2536 οὐκ
874 2509 946 2542 ὠφε-

161 2555 204 2581 λεῖ
229 2554 316 2582 οὐδέν.
332 2554 385 2581 Ἴδε
399 2555 413 2581 ό
433 2555 537 2589 κόσμος
559 2554 619 2586 ὅλος
649 2554 737 2580 ὀπίσω
760 2553 844 2580 αὑτοῦ
856 2553 945 2589 ἀπῆλ-

161 2601 218 2628 θεν.
242 2611 251 2627 ι
272 2601 379 2636 Ἐπειδὴ
390 2601 418 2628 δὲ
431 2600 480 2636 τὴν
499 2601 553 2627 τῶν
569 2600 620 2636 ἥδη
637 2600 858 2627 πεπιστευκότων
877 2600 946 2635 πλη-

161 2648 211 2674 θὺν
230 2647 375 2678 ἐδεδίεσαν,
391 2647 492 2682 χειρῶν
509 2647 558 2682 μὲν
578 2646 646 2678 τέως
670 2646 815 2681 ἐφείδοντο,
830 2647 877 2672 καὶ
895 2646 945 2681 τῆς

161 2695 201 2725 εἰς
216 2691 353 2730 προῦπτον
366 2692 504 2728 ἐπιϐολῆς.
520 2692 578 2718 Ἰνα
594 2691 622 2718 δέ
632 2692 690 2723 τοῖς
704 2691 848 2726 Ῥωμαίων
861 2699 945 2727 προσ-

162 2739 288 2774 κρούσειε
307 2739 486 2774 στρατηγοῖς,
502 2736 689 2771 ἐπιπέμπουσί
709 2744 785 2768 τινας
801 2737 855 2763 τῶν
874 2736 946 2762 ἰδίων

164 2784 293 2821 μαθητῶν
315 2785 383 2820 μετὰ
404 2784 457 2811 τῶν
476 2783 650 2819 καλουμένων
670 2782 842 2818 Ἦρωδιανῶν
855 2783 947 2816 λέγον-

999 2281 1072 2309 mine
1086 2281 1194 2308 Domini
1208 2282 1242 2307 ⁷ο.
1261 2290 1271 2307 ›
1283 2281 1413 2308 Nonnulli
1425 2288 1492 2308 vero
1502 2288 1598 2308 eorum
1610 2280 1658 2315 qui
1671 2287 1786 2307 concur-

998 2327 1105 2359 rebant,
1125 2327 1288 2355 vestimenta
1300 2335 1351 2354 sua
1367 2331 1522 2354 straverunt
1541 2327 1569 2354 in
1583 2327 1646 2359 viis,
1661 2328 1785 2355 celeber-

998 2372 1123 2408 rimeque
1144 2380 1208 2400 eum
1227 2376 1415 2407 exceperunt:
1436 2372 1560 2399 nonnulli
1578 2379 1644 2400 vero
1667 2372 1786 2400 disrum—

998 2418 1144 2453 pebantur,
1169 2421 1198 2445 et
1216 2417 1358 2445 acerrimis
1377 2417 1485 2444 invidia:
1507 2417 1624 2445 stimulis
1646 2417 1784 2453 exagitati.

999 2463 1226 2498 colloquebantur
1244 2463 1317 2490 inter
1336 2471 1374 2495 se,
1394 2467 1475 2498 atque
1499 2463 1662 2491 incusabant
1674 2471 1723 2491 eos
1738 2464 1785 2499 qui

998 2509 1032 2537 ad
1053 2510 1142 2544 ipsum
1155 2508 1376 2536 interﬁciendum
1393 2509 1528 2536 tardiores
1538 2513 1646 2541 essent;
1659 2509 1804 2536 dicebant.

998 2555 1097 2582 enim:
1125 2564 1134 2580 ι
1162 2554 1266 2582 Videtis
1297 2553 1371 2589 quod
1397 2554 1466 2581 nihil
1487 2561 1601 2589 prorsus
1625 2553 1784 2589 proﬁciatis.

999 2600 1070 2627 Ecce
1091 2603 1165 2627 totus
1188 2599 1307 2627 mundus
1331 2600 1455 2634 sequitur
1470 2607 1534 2627 eum
1554 2600 1587 2627 τι.
1603 2609 1612 2626 ι
1629 2599 1698 2627 Cum
1719 2607 1785 2627 vero

999 2645 1128 2672 timerent
1145 2645 1349 2672 multitudinem
1363 2653 1460 2673 eorum
1471 2646 1518 2681 qui
1530 2646 1587 2681 jam
1598 2645 1782 2676 crediderant.

998 2691 1118 2726 primum
1141 2691 1252 2729 quidem
1266 2691 1442 2719 abstinebant
1461 2699 1569 2724 manus,
1592 2695 1620 2719 et
1646 2695 1784 2726 tempera-

998 2737 1064 2764 bant
1084 2737 1135 2764 sibi
1158 2737 1192 2764 ab
1211 2742 1306 2772 aperta
1323 2737 1426 2765 Christi
1449 2737 1589 2765 invasione
1605 2745 1612 2770 ;
1635 2737 1682 2765 sed
1707 2741 1737 2764 ut
1755 2737 1784 2764 in

998 2783 1176 2811 oﬁ‘ensionem
1202 2784 1319 2811 militum
1344 2785 1528 2812 Romanorum
1553 2784 1716 2814 incurreret,
1732 2782 1784 2810 mi-

200 2864 223 2880 “
237 2864 333 2892 Matth.
357 2872 418 2894 xxv,
433 2863 477 2891 δι.
516 2863 546 2878 ⁸⁸⁴
559 2863 581 2891 ιι
592 2861 711 2890 Timoth.
728 2870 764 2894 tv,
779 2862 806 2893 7,
825 2863 841 2889 8
853 2872 859 2895 ;
871 2863 947 2891 lPeti

998 2883 1002 2895 ,
1021 2863 1046 2890 4,
1086 2863 1106 2878 ⁸⁷
1120 2863 1142 2891 ll
1154 2862 1218 2891 Cor.
1233 2871 1289 2896 xm,
1309 2863 1334 2890 4.
1372 2862 1559 2893 "Gen.xux,
1579 2860 1621 2888 l9.
1661 2859 1683 2874 "
1702 2858 1800 2887 Zach.‘

163 2906 202 2933 Ix,
219 2899 250 2927 9.
285 2899 308 2915 ’°
323 2899 418 2927 Matth.
436 2907 489 2931 xxx,
505 2898 531 2926 9.
577 2899 597 2914 ⁷¹
610 2897 702 2924 Matth.
723 2905 758 2930 in,
781 2897 822 2924 47.
