1999 3056
206 187 260 216 367

207 297 342 321 vocantur
361 292 521 324 Herodiani,
543 295 573 319 ut
593 291 716 318 dicerent
736 290 770 317 ad
793 290 897 325 ipsum:
918 291 997 318 «Ma—

207 340 303 375 gister,
314 339 416 367 scimus
429 338 503 374 quod
511 345 593 365 verax
606 337 654 369 sis,
665 345 716 364 nec
726 344 807 364 cures
816 344 979 371 quemquam
990 345 996 363 :

194 394 298 421 ,neque
316 386 390 414 enim
414 385 529 420 respicis
548 391 692 420 personam
716 382 868 410 hominum.
886 382 998 411 Licetne

207 432 274 460 dare
292 431 522 463 censumCzesari,
539 438 572 457 an
582 429 685 464 nom“?
701 439 709 454 ι
722 428 858 456 Sedillico
866 436 998 464 coargue-

207 478 308 505 bantur
323 485 338 504 a
352 477 462 504 Christo
475 475 582 503 dicente
595 475 662 509 ipsis
671 478 733 508 post
749 474 935 502 ostensionem
949 474 999 502 de-

206 525 278 553 narii
297 533 303 551 :
330 533 338 549 ε
358 524 425 551 Date
446 530 507 558 quae
524 521 638 549 Caesaris
656 524 731 552 sunt,
753 519 871 553 Caesari;
892 524 920 548 et
938 529 999 556 quae

207 571 256 599 Dei
271 574 345 602 sunt,
357 569 413 596 Deo
426 569 458 595 ⁷³.
479 578 487 594 ι
504 567 563 601 Qua
573 566 686 602 quidem
701 566 735 594 de
749 574 831 594 causa
848 574 910 594 cum
926 567 999 601 ipsos

206 616 311 652 pudere
326 615 367 642 sui
382 618 532 649 oporteret,
546 620 631 647 seque
641 612 771 647 deinceps
781 613 816 640 ab
828 620 861 640 eo
869 613 999 641 tentando

206 661 347 689 continere
371 660 521 691 deberem,
546 667 582 686 en
612 659 697 686 etiam
724 659 838 687 alteram
867 660 999 687 adversus

207 708 297 743 ipsum
310 706 539 734 machinabantur
553 705 743 733 tentationem.
760 705 842 734 Facto
858 706 931 734 enim
948 706 998 734 fla-

205 753 276 788 gello
291 760 324 779 ex
336 751 412 784 fune,
427 758 490 778 cum
503 750 617 786 ejiceret
627 758 642 778 e
656 751 758 786 templo
769 751 919 779 Vendentes
934 760 999 779 oves

205 805 238 826 ac
252 798 346 830 b‘oves,
360 797 474 824 dicens:
495 806 504 822 ι
519 795 632 824 Auferte
651 797 704 824 ista
725 797 790 824 hinc
809 806 815 824 :
837 805 873 824 ne
891 796 999 825 faciatis

204 843 317 872 domum
333 843 423 871 Patris
439 842 503 875 mei,
516 843 629 870 domum
643 843 838 878 negotiationis
850 844 873 859 ⁷⁸
887 852 895 877 ;
913 854 922 870 ι
941 849 998 872 tum

205 890 260 922 isti,
277 889 388 925 indigne
402 889 454 917 hoc
475 889 605 922 ferentes,
619 893 794 917 accesseth
808 898 814 916 :
835 899 844 916 ι
860 889 900 917 Ex
919 890 998 924 cujus

720 186 747 214 S.
765 187 901 215 εῑιιιιιι
921 187 1155 215 ALEXAND“?!
1175 187 1333 216 ARCHIEP.

208 250 304 275 serunt
325 246 458 282 quosdam
476 253 589 274 suorum
605 245 804 280 discipulorum
818 252 880 272 cum
896 245 931 272 iis
949 245 994 279 qui

1048 255 1106 278 τας·
1129 257 1137 273 ι
1162 247 1327 281 Διδάσκαλε,
1350 249 1461 284 οἴδαμεν
1479 249 1520 276 δτι
1549 249 1652 285 ἀληοὴς
1673 249 1713 281 εί,

1782 191 1835 218 $68

1738 252 1783 278 καὶ
1805 258 1836 276 ο-

1050 289 1126 324 μέλει
1141 298 1181 316 σοι
1198 291 1263 327 περὶ
1277 291 1394 323 οὐδενός⁹
1416 293 1445 318 οὐ
1466 292 1520 329 γὰρ
1549 293 1657 328 βλέπεις
1681 295 1720 326 είς
1749 296 1835 330 πρόσ-

1049 343 1124 361 ωπον
1144 335 1308 371 ἀνθρώπων.
1324 336 1432 370 Ἔξεστι
1449 337 1540 364 δοῦναι
1563 339 1661 374 κῆνσον
1675 339 1806 375 Καίσαρι,
1819 340 1836 374 ἦ

1048 380 1094 414 ob;
1115 391 1124 406 ι
1144 381 1213 408 Ἀλλ’
1231 382 1377 417 ἠλέγχοντο
1399 385 1581 420 παραχρῆμα,
1599 385 1723 418 λέγοντος
1744 386 1836 416 αὐτοῖς

1048 425 1095 453 τοῦ
1103 426 1234 461 Χριστοῦ,
1251 427 1320 462 μετὰ
1328 428 1376 464 τὴν
1385 429 1438 455 τῶν
1452 430 1587 466 δηναρίων
1594 430 1685 463 δεῖξιν⁸
1693 441 1701 456 ι
1709 431 1838 459 Ἀπόδοτε

1050 469 1084 497 τὰ
1102 470 1241 506 Καίσαρος
1257 472 1386 508 Καίσαρι,
1407 473 1498 501 καὶτὰ
1512 474 1559 501 τοῦ
1574 475 1642 501 Θεοῦ
1657 475 1697 511 τῷ
1712 476 1836 512 Θεῷ.›Οί

1048 516 1077 542 δὲ
1085 516 1128 551 δὴ,
1145 517 1213 553 προς
1222 518 1302 544 τοῦτο
1314 519 1528 555 κατερυθριάσαι
1541 520 1598 548 δέον
1609 523 1656 548 καὶ
1669 523 1835 557 ἀποσχέσθαι

1048 561 1139 589 λοιπὸν
1152 562 1200 589 τοῦ
1218 563 1359 599 πειράζειν
1376 565 1468 599 αὑτὸν,
1487 567 1585 601 πεῖραν
1604 567 1687 593 αὑτοῦ
1704 567 1837 595 καθίεσαν

1049 608 1097 635 καὶ
1120 609 1227 644 ἑτέραν.
1252 604 1373 644 Ποιήσας
1390 611 1439 646 μὲν
1461 611 1515 647 γὰρ
1532 612 1598 638 ὡσεὶ
1619 612 1782 649 φραγέλλιον
1803 614 1836 641 ὲκ

1049 655 1178 690 σχοινίου,
1187 656 1291 688 πάντας
1301 656 1427 690 ἐξέϐαλεν
1440 658 1473 684 ἐκ
1483 657 1530 684 τοῦ
1547 659 1620 694 ἱεροῦ
1638 660 1701 691 τοὺς
1714 660 1835 687 πωλοῦνσ

1047 710 1098 733 τας
1113 702 1148 729 τὰ
1161 702 1283 738 πρόϐατα
1293 703 1339 730 καὶ
1354 703 1402 735 τὰς
1410 702 1484 738 βοῦς,
1498 704 1597 738 λέγων·
1615 706 1734 740 «Ἄρατε
1749 706 1836 734 ταῦτα

1049 748 1185 776 ἐντεῦθεν·
1199 749 1244 784 Μὴ
1257 749 1359 775 ποιεῖτε
1369 749 1414 775 τὸν
1425 747 1500 776 οἷκον
1510 750 1557 777 τοῦ
1571 751 1678 786 Πατρός
1691 761 1752 787 μου,
1763 751 1835 780 οἶκον

1048 795 1192 830 ἐμπορίου,
1207 804 1216 820 ι
1231 796 1262 822 Οί
1273 795 1301 822 δὲ
1313 795 1529 830 ἀγανακτοῦντες
1541 798 1748 832 παραγίνονται*
1763 808 1771 824 ι
1792 798 1836 825 Ἐν

1049 841 1114 876 ποίᾳ
1137 840 1246 876 ἐξουσίᾳ
1265 841 1351 868 ταῦτα
1366 843 1462 875 ποιεῖς,
1486 843 1534 869 καὶ
1558 843 1600 875 τίς
1622 843 1706 870 ἔδωκέ
1729 853 1770 871 σοι
1786 845 1835 882 τὴν

1048 885 1172 919 ἐξουσίαν
1194 887 1314 922 ταύτην;
1338 896 1347 912 ι
1366 887 1399 913 Τί
1419 885 1466 915 οὖν
1487 888 1556 922 πρὸς
1572 888 1652 916 τοῦτο
1670 891 1684 916 6
1700 890 1833 925 Χριστός;

205 940 350 971 potestate,
368 935 535 970 inquientes,
554 935 612 963 haec
629 935 721 962 facis?
738 935 840 970 Ecquis
854 935 930 963 dedit
946 936 994 963 tibi

1052 940 1061 957 ι
1084 932 1247 968 Ἐρωτήσω,
1265 933 1346 968 φησὶ,
1364 933 1442 968 κάγὼ
1466 934 1537 969 ὑμᾶς
1560 935 1652 968 λόγον,
1669 936 1715 962 καὶ
1740 937 1834 964 εἴπατέ

204 982 277 1010 hanc
289 985 452 1017 potestatem
465 981 488 997 ⁷⁸
500 981 510 1008 ?
529 991 537 1007 ι
554 981 625 1014 Quid
639 986 732 1009 autem
743 981 778 1008 ad
787 982 838 1009 ista
848 981 996 1009 Christus?

208 1039 217 1055 ι
228 1028 308 1064 232
318 1027 496 1063 lnterrogabo
504 1047 511 1060 ,
522 1028 621 1062 inquit,
628 1032 712 1063 etego
719 1035 768 1055 vos
784 1035 861 1055 mum
869 1028 994 1056 verbum.

204 1073 291 1100 Dicite
297 1072 364 1099 mihi
373 1081 380 1098 :
390 1071 526 1106 Baptisma
532 1070 647 1100 Joannis
653 1072 726 1100 unde
734 1072 951 1106 erat?ecoelone,
961 1081 995 1100 an

205 1119 364 1147 hominibus
372 1119 383 1145 ?
391 1118 424 1146 ili
432 1122 534 1150 autem,
548 1119 587 1146 ait
602 1123 702 1151 textus,
710 1118 867 1154 cogitabant
879 1127 973 1147 secum
986 1128 994 1153 ;

205 1166 228 1194 si
239 1165 402 1198 dixerimus,
418 1173 434 1192 ο
452 1165 534 1198 caelo,
549 1165 623 1192 dicet
636 1165 717 1192 nobis
730 1173 736 1192 :
757 1164 846 1198 Quare
859 1173 925 1201 ergo
940 1174 995 1195 non

205 1211 363 1239 credidistis
380 1210 437 1238 illi?
454 1210 483 1238 Si
499 1214 592 1238 autem
609 1210 770 1243 dixerimus,
784 1211 994 1245 exhominibus,

205 1257 335 1285 timemus
354 1257 480 1289 turbam;
497 1262 593 1284 omnes
614 1256 689 1283 enim
707 1256 846 1284 habebant
862 1257 995 1284 Joannem

204 1307 334 1338 tanquam
356 1301 529 1336 prophetam,
548 1308 636 1335 eoque
655 1301 801 1328 dicebant:
819 1301 992 1329 Nescimus.»

204 1349 274 1382 Quid
283 1348 317 1376 ad
327 1348 384 1376 haec
391 1347 534 1375 Christus?
550 1357 558 1373 ι
570 1347 663 1382 Neque
669 1355 730 1383 ego,
739 1348 838 1382 inquit,
848 1348 910 1375 dico
918 1348 996 1376 vobis

203 1404 238 1423 ex
250 1395 329 1431 cujus
346 1397 482 1430 potestate
495 1393 554 1420 haec
568 1393 638 1421 facio
655 1394 688 1420 ".
703 1403 712 1419 ι
724 1393 852 1421 Tentatio
865 1394 946 1430 igitur
954 1398 996 1422 est

203 1441 273 1473 Gad,
295 1441 348 1467 hoc
368 1442 420 1471 est,
438 1438 579 1471 Pharisrei,
600 1439 646 1474 qui
664 1447 772 1474 semper
784 1443 899 1468 tentant.
916 1441 995 1468 Atta-

205 1494 268 1514 men
278 1486 409 1514 coatinuo
421 1484 521 1512 iterum
533 1488 674 1513 tentantur
681 1490 709 1513 et
719 1485 781 1521 ipsi.
790 1486 916 1514 Christus
922 1487 994 1514 enim

204 1533 250 1561 ille
263 1536 323 1560 erat
344 1530 402 1567 qui,
418 1531 494 1568 jutta
513 1537 609 1558 vocem
623 1531 821 1567 prophetarum
837 1532 872 1566 ⁷⁷,
895 1540 995 1568 appre-

205 1578 301 1606 hendit
320 1578 458 1612 sapientes
479 1576 506 1603 in
525 1577 671 1612 sapientia,
689 1582 717 1604 et
730 1578 916 1612 sophistarum
927 1586 994 1606 con-

204 1623 266 1651 silia
278 1623 387 1659 egregie
397 1625 538 1657 retorquet
550 1621 578 1648 in
591 1622 769 1656 quaestionem
782 1623 959 1650 contrariam.

532 1677 571 1705 De
589 1678 665 1706 Aser.

244 1735 253 1752 ‹
272 1725 340 1752 Aser
363 1726 473 1761 pinguis
499 1725 578 1761 panis
597 1725 667 1760 ejus,
683 1728 711 1752 ct
731 1724 789 1759 ipse
808 1723 886 1752 dabit
904 1725 997 1752 cibum

205 1772 378 1808 principibus
393 1770 427 1798 ⁷⁸.
447 1781 456 1796 ι
482 1771 550 1799 Aser
567 1777 677 1798 rursum
695 1769 831 1805 signiﬁcat
846 1771 951 1798 divitiw.
967 1771 997 1798 ld

205 1819 281 1847 enim
295 1818 417 1847 declarat
434 1825 545 1845 nomen.
567 1816 696 1844 Arbitror
712 1820 804 1844 autem
824 1817 890 1844 hinc
914 1816 996 1844 intel-

205 1865 253 1900 ligi
269 1871 349 1900 posse
367 1871 441 1896 eum,
461 1872 469 1889 ι
488 1863 515 1890 in
534 1870 589 1898 quo
602 1870 697 1890 omnes
712 1862 832 1890 thesauri
856 1863 998 1898 sapientia:

205 1915 234 1938 et
249 1909 370 1939 scientia:
381 1914 445 1937 sunt
463 1909 599 1945 reconditi
615 1909 649 1941 τ’,
668 1918 677 1934 ι
697 1909 749 1936 hoc
771 1913 822 1941 est,
844 1909 996 1942 Christum,

205 1957 253 1992 qui
266 1959 308 1984 est
327 1956 496 1984 «thesaurus
513 1955 542 1983 in
558 1962 623 1991 agro
647 1955 824 1983 absconditus
841 1955 874 1989 ⁸ο,
891 1966 899 1982 ›
925 1964 997 1983 mar-

205 2001 291 2038 garita
308 2001 354 2029 illa
374 2001 515 2036 pretiosa;
535 2002 638 2037 quique
662 2001 689 2029 in
711 2009 829 2036 persona
855 2001 996 2037 sapientiae

205 2047 428 2075 manifestissime
444 2048 512 2075 dicit
528 2056 535 2074 :
561 2057 569 2073 ι
582 2047 690 2074 Divitiae
700 2051 727 2074 et
741 2047 827 2082 gloria
839 2048 906 2074 mihi
920 2052 994 2080 sunt,

203 2097 232 2120 et
243 2092 379 2127 pnssessio
399 2092 552 2120 multorum
578 2095 660 2127 atque
677 2092 783 2128 iustitia
801 2092 836 2119 εί.
850 2102 858 2118 ι
883 2092 943 2127 ipse
954 2097 996 2120 cst

204 2138 251 2173 qui
267 2138 360 2165 visitat
374 2142 486 2170 terram,
507 2137 577 2165 sicut
597 2137 686 2173 inquit
703 2138 788 2165 David
807 2147 812 2165 :
835 2148 844 2164 ι
861 2138 994 2174 Multipli-

205 2184 272 2212 casti
293 2189 323 2211 ut
341 2183 428 2220 ipsam
447 2183 551 2212 ditares
572 2183 606 2209 ⁸³.
622 2194 631 2209 ι
657 2183 759 2212 Scribit
775 2184 848 2213 enim
864 2185 930 2212 alibi
948 2193 994 2212 sa-

206 2229 394 2265 pientissimus
408 2229 508 2257 Paulus
524 2230 605 2257 nobis
615 2230 648 2259 de
662 2231 770 2265 seipse:
789 2241 798 2257 ‹
818 2231 927 2259 Gratias
943 2239 994 2267 ago

1050 986 1109 1013 μοι·
1128 978 1165 1004 Τὸ
1188 978 1329 1014 βάπτισμα
1351 979 1475 1006 Ἰωάννου
1499 980 1580 1007 πόθεν
1598 979 1643 1017 ἧν;
1662 981 1691 1015 ἐξ
1707 983 1834 1017 οὐρανοῦ,

1048 1024 1065 1059 ἢ
1081 1024 1111 1056 ἐξ
1125 1024 1291 1060 ἀνθρώπων;
1313 1026 1344 1052 Οἱ
1363 1024 1392 1052 δὲ
1409 1025 1600 1060 διελογίζοντο,
1620 1028 1713 1062 φησὶν,
1729 1029 1757 1054 ὲν
1771 1028 1835 1055 ἑαυ-

1048 1072 1115 1104 τοῖς,
1130 1071 1172 1098 ὅτι
1191 1071 1252 1098 Ἐὰν
1270 1071 1408 1107 εἴπωμεν,
1420 1071 1450 1104 ἐξ
1459 1071 1588 1108 οὐρανοῦ,
1604 1073 1661 1108 ὲρεῖ
1671 1074 1746 1108 ἡμῖν·
1760 1075 1836 1101 Διατί

1048 1115 1095 1142 οὖν
1115 1116 1166 1143 οὐκ
1189 1116 1368 1144 ἐπιστεύσατε
1391 1117 1484 1152 abuit;
1513 1117 1576 1144 Ἐὰν
1597 1119 1728 1154 εἴπωμεν,
1743 1119 1772 1151 ἐξ
1789 1120 1836 1146 ἀν-

1049 1162 1177 1198 θρώπων,
1191 1162 1348 1198 φοϐούμεθα
1363 1163 1408 1190 τὸν
1421 1163 1509 1198 δχλον.
1525 1164 1631 1195 Πάντες
1643 1164 1698 1200 γὰρ
1716 1165 1754 1196 ὡς
1769 1174 1836 1201 προ-

1050 1209 1139 1245 φήτην
1153 1206 1226 1244 εῐχον
1243 1209 1288 1236 τὸν
1310 1210 1447 1245 Ἰωάννην.
1467 1210 1523 1237 Καὶ
1538 1210 1659 1244 λέγουσι,
1671 1211 1765 1246 φησίν·
1778 1211 1837 1238 Οὐκ

1049 1254 1171 1289 οῖδαμεν.
1188 1263 1197 1280 ι
1213 1254 1245 1281 Τί
1260 1252 1308 1281 οὖν
1321 1254 1390 1290 πρὸς
1404 1254 1492 1281 ταῦτα
1506 1255 1643 1290 Χριστός;
1668 1265 1677 1281 ι
1695 1255 1763 1282 Οὐδὲ
1780 1254 1837 1291 ἐγὼ
1872 1290 1873 1293 η

1049 1299 1120 1334 λέγω
1140 1301 1204 1336 ὑμῖν
1225 1300 1254 1328 ἐν
1275 1301 1341 1337 ποία
1359 1301 1470 1338 ἦξουσίᾳ
1495 1302 1582 1329 ταῦτα
1602 1302 1681 1330 ποιῶ,
1702 1312 1712 1328 ι
1731 1302 1837 1330 οὐκοῦν

1049 1346 1225 1382 πειρατήριον
1236 1348 1250 1374 6
1263 1347 1325 1380 Γὰδ,
1338 1348 1489 1381 τουτέστιν,
1502 1348 1526 1374 οι
1535 1348 1579 1375 ἀεὶ
1597 1348 1771 1384 πειράζοντες
1783 1349 1837 1376 Φα-

1051 1393 1161 1428 ρισαῖοι.
1174 1392 1247 1427 Πλὴν
1263 1393 1491 1428 ἀντεπειράζοντο
1505 1394 1670 1426 καταπόδας,
1684 1394 1834 1426 τουτέστιν,

1049 1439 1141 1471 εὐθύς.
1164 1439 1280 1475 Χριστὸς
1304 1439 1358 1475 γὰρ
1376 1437 1409 1475 ἦν
1431 1440 1444 1466 6
1464 1439 1535 1467 κατὰ
1556 1440 1606 1475 τὴν
1621 1440 1669 1467 τοῦ
1695 1441 1836 1476 προφήτου

1050 1485 1141 1520 φωνὴν
1154 1484 1337 1522 δρασσόμενος
1351 1486 1414 1518 τοὺς
1427 1487 1525 1521 σοφοὺς
1539 1487 1567 1513 ὲν
1583 1488 1616 1522 τῇ
1636 1487 1717 1523 σοφίᾳ
1734 1487 1836 1519 αὐτῶν,

1049 1529 1097 1556 καὶ
1113 1530 1162 1562 τὰς
1185 1530 1239 1557 τῶν
1259 1531 1434 1558 πολυπλόκων
1461 1530 1560 1566 βουλὰς
1576 1532 1707 1568 περιστὰς
1720 1531 1836 1564 ἀστείως

1049 1575 1089 1606 εἰς
1101 1575 1278 1611 ἀντίστροφον
1293 1575 1417 1612 ζήτησιν.

1305 1677 1376 1711 Περὶ
1395 1677 1448 1704 τοῦ
1478 1678 1580 1713 Ἀσήρ.

1087 1731 1096 1746 «
1117 1721 1202 1757 Ἀσὴρ
1214 1721 1283 1749 πίων
1297 1723 1379 1749 αὑτοῦ
1397 1724 1411 1750 6
1428 1724 1520 1760 ἄρτος,
1534 1726 1581 1752 καὶ
1593 1726 1673 1758 αὐτὸς
1685 1727 1766 1754 δώσει
1778 1737 1838 1764 τρο-

1048 1766 1100 1802 φὴν
1121 1767 1246 1803 ἄρχουσι.
1274 1778 1283 1794 ι
1303 1769 1439 1803 Πλοῦτός
1460 1779 1502 1797 τοι
1521 1771 1601 1798 πάλιν
1618 1773 1632 1799 6
1657 1772 1751 1810 Ἀσήρ.
1771 1770 1836 1801 Ὧδε

1047 1813 1100 1848 γὰρ
1124 1813 1180 1848 ἔχει
1199 1813 1246 1840 τοῦ
1270 1814 1473 1850 σημαινομένου
1496 1817 1513 1851 ὴ
1535 1817 1661 1852 δήλωσις.
1679 1818 1728 1854 Ern
1748 1819 1770 1846 δ’
1791 1820 1835 1853 ἂν,

1047 1858 1123 1894 οἶμαι
1140 1867 1204 1892 που,
1229 1859 1368 1887 κάνταῦθα
1390 1861 1548 1897 νοούμενος,
1571 1872 1579 1888 ι
1595 1864 1623 1889 ὲν
1639 1859 1661 1897 ᾧ
1681 1864 1781 1896 πάντες
1795 1866 1836 1892 εί.⁴

1048 1905 1090 1932 σίν
1109 1906 1134 1932 οἱ
1154 1907 1288 1942 θησαυροὶ
1308 1907 1358 1943 τῆς
1385 1908 1482 1943 σοφίας
1501 1908 1549 1936 καὶ
1564 1909 1692 1943 γνώσεως
1711 1911 1837 1946 ἀπόκρυ-

1047 1959 1103 1985 φοι,
1122 1960 1131 1976 ι
1153 1951 1277 1978 τουτέστι
1290 1952 1420 1987 Χριστὸς,
1439 1963 1448 1978 ‹
1473 1953 1487 1979 6
1501 1955 1530 1981 ὲν
1549 1955 1627 1990 ἀγρῷ
1647 1957 1835 1992 κρυπτόμενος

1047 1996 1201 2031 θησαυρὶς,
1221 2005 1230 2022 ι
1254 1997 1268 2022 6
1291 1997 1475 2033 πολυτίμητος
1498 2001 1681 2036 μαργαρίτης,
1705 2002 1719 2028 6
1735 2003 1782 2029 καὶ
1806 2004 1836 2030 ὲν

1046 2041 1184 2078 προσώπῳ
1196 2042 1244 2077 τῆς
1259 2043 1354 2077 σοφίας
1365 2043 1553 2079 ἐναργέστατα
1575 2046 1671 2080 λέγων·
1689 2057 1697 2073 ι
1715 2048 1834 2081 Πλοῦτος

1046 2089 1093 2115 καὶ
1107 2088 1171 2120 δόξα
1192 2089 1253 2124 ἐμοὶ
1268 2088 1401 2124 ὑπάρχει,
1422 2090 1470 2116 καὶ
1483 2090 1581 2125 κτῆσις
1597 2092 1716 2125 πολλῶν,
1734 2094 1780 2121 καὶ
1793 2094 1834 2121 δι-

1046 2134 1186 2169 καιοσύνη.
1206 2144 1215 2160 ι
1238 2134 1324 2166 Αὐτὸς
1341 2134 1355 2161 6
1370 2135 1419 2169 τὴν
1438 2135 1489 2170 γῆν
1507 2137 1742 2173 ἐπισκεψάμενος,
1762 2140 1835 2167 καθά

1046 2189 1127 2216 φησιν
1142 2181 1156 2207 6
1169 2180 1260 2208 Δαϐίό·
1276 2191 1286 2207 ι
1313 2181 1483 2217 Ἐπλήουνας
1497 2183 1545 2209 τοῦ
1558 2184 1697 2212 πλουτίσαι
1713 2186 1807 2222 αὑτήν.
1821 2197 1830 2213 ι

1044 2227 1148 2262 Γράφει
1170 2227 1198 2254 δέ
1223 2235 1274 2254 που
1292 2227 1340 2254 καὶ
1360 2228 1374 2253 ὁ
1395 2227 1551 2262 σοφώτατος
1565 2230 1669 2262 Παῦλος
1689 2232 1754 2266 ἡμῖν
1770 2233 1835 2268 περὶ

206 2278 261 2305 Deo
294 2284 356 2304 meo
383 2276 485 2312 ubique
500 2276 535 2303 de
559 2276 638 2304 vobis
659 2281 772 2312 propter
798 2277 912 2312 gloriam
934 2278 992 2312 Dei,

1048 2273 1138 2300 αὑτοῦ·
1151 2283 1159 2299 ι
1172 2273 1332 2309 Εὑχαριστῶ
1346 2273 1384 2309 τῷ
1399 2274 1458 2309 Θεῷ
1476 2283 1526 2310 μου
1541 2275 1657 2303 πάντοτε
1671 2278 1734 2313 περὶ
1745 2278 1832 2312 ὑμῶν,

205 2330 264 2358 quze
282 2323 345 2351 data
357 2326 399 2350 est
414 2322 494 2350 vobis
511 2321 540 2349 in
558 2322 668 2350 Christo
685 2323 749 2351 Iesu
767 2332 772 2350 :
791 2323 855 2358 quia
874 2324 903 2350 in
919 2325 994 2351 omni

207 2368 286 2395 ditati
316 2368 383 2395 estis
413 2367 441 2394 in
471 2367 541 2402 ipso,
571 2367 598 2394 in
622 2369 697 2395 omni
714 2375 842 2396 sermone
858 2373 886 2396 et
902 2369 995 2404 cogni-

205 2415 279 2442 tione
297 2413 330 2440 ⁸³.
345 2423 354 2440 ›
372 2413 440 2440 Nam
457 2413 540 2447 Deus,
561 2414 613 2442 etsi
636 2420 732 2450 suapte
746 2418 844 2442 natura
857 2415 935 2443 dives
947 2416 993 2448 sit,

203 2468 307 2496 pauper
323 2467 379 2487 una
399 2459 544 2487 nobiscum
560 2464 603 2488 est
618 2460 716 2493 factus,
735 2465 766 2489 ut
781 2468 832 2489 nos
846 2469 896 2496 per
909 2461 995 2498 ipsius

201 2509 393 2541 paupertatem
407 2505 616 2535 ditesceremus.
633 2507 703 2535 llinc
719 2508 811 2543 itaque
827 2508 940 2535 omnino
952 2512 995 2536 est

202 2555 230 2578 et
242 2549 321 2586 panis
335 2549 454 2585 pinguis,
471 2551 524 2579 hoc
535 2556 587 2585 est,
599 2551 679 2580 valde
701 2553 820 2587 opimus,
835 2557 863 2580 et
873 2552 907 2580 ad
917 2553 993 2580 alen-

202 2597 268 2624 dum
292 2595 506 2625 eﬂicacissimus.
529 2598 586 2625 Alit
609 2599 684 2626 enim
704 2603 733 2626 et
745 2599 852 2627 enutrit
867 2607 918 2627 nos
933 2599 995 2627 Sal-

201 2645 278 2669 vator
297 2645 391 2669 noster
411 2641 491 2670 Jesus
515 2642 654 2677 Christus,
675 2653 730 2672 non
750 2645 881 2673 sensibile
895 2653 994 2674 manna

200 2687 337 2723 praebens,
354 2687 426 2715 sicut
435 2687 500 2715 olim
514 2687 654 2723 lsraelitis,
674 2690 723 2718 sed
743 2690 865 2726 seipsum
882 2691 910 2719 in
929 2692 991 2718 ani-

200 2741 259 2761 mas
289 2733 411 2762 ﬁdelium
438 2734 589 2763 immittens
613 2743 663 2771 per
693 2736 824 2771 Spiritum
853 2742 988 2765 sanctum.

202 2779 278 2808 Unde
297 2784 326 2808 et
352 2780 496 2809 dicebatur
523 2783 633 2818 populis
654 2782 812 2811 Iudaeorum
829 2793 836 2811 :
864 2794 873 2809 ι
888 2784 988 2818 Amen,

1043 2321 1089 2346 ἐπὶ
1107 2321 1140 2356 τῇ
1157 2320 1250 2355 χάριτι
1269 2319 1316 2346 τοῦ
1333 2319 1401 2346 Θεοῦ
1417 2321 1450 2356 τῇ
1465 2321 1573 2358 δοθείσῃ
1597 2323 1661 2358 ὑμῖν
1679 2324 1708 2349 ὲν
1722 2324 1834 2360 Χριστῷ

1049 2365 1146 2400 Ἰησοῦ,
1163 2366 1204 2392 ὅτι
1221 2366 1250 2392 ἐν
1266 2365 1346 2391 παντὶ
1365 2365 1559 2400 ἐπλουτίσθητε
1576 2367 1604 2392 ὲν
1615 2367 1738 2402 αὺτῷ,ὲν
1752 2369 1834 2395 παντὶ

1043 2411 1114 2446 λόγῳ
1130 2411 1177 2438 καὶ
1198 2411 1272 2446 πάσῃ
1295 2410 1405 2445 γνώσει.
1422 2420 1432 2436 ι
1448 2411 1658 2448 Συνεπτώχευσε
1673 2414 1727 2449 γὰρ
1754 2415 1832 2450 ἡμῖν,

1044 2457 1131 2485 καίτοι
1159 2457 1286 2489 πλούσιος
1311 2457 1349 2483 ὢν
1368 2458 1385 2484 6
1409 2457 1494 2491 Θεὸς,
1520 2459 1564 2486 ἵνα
1588 2460 1669 2494 ἡμεῖς
1691 2462 1724 2496 τῇ
1750 2461 1833 2488 αὑτοῦ

1043 2505 1167 2542 πτωχείᾳ
1183 2506 1390 2541 πλουτήσωμεν.
1402 2505 1497 2542 Τούτῳ
1519 2506 1553 2541 δὴ
1571 2506 1681 2539 πάντως
1707 2508 1766 2534 ἐστὶ
1784 2508 1833 2534 καὶ

1043 2552 1112 2579 πίων
1128 2553 1142 2578 ὁ
1156 2553 1248 2587 ἄρτος,
1260 2551 1402 2584 τουτέστι,
1416 2552 1530 2588 λιπαρὸς
1544 2552 1613 2587 ἄγαν
1631 2553 1677 2579 καὶ
1692 2553 1834 2589 τροφιμώ-

1042 2607 1132 2630 τατος.
1155 2599 1256 2634 Τρέφει
1282 2598 1337 2633 γὰρ
1359 2599 1432 2634 ἡμᾶς
1452 2600 1466 2625 6
1494 2599 1596 2635 Κύριος
1618 2599 1696 2634 ήμῶν
1727 2600 1833 2635 Ἰησοῦς

1043 2647 1175 2681 Χριστὸς,
1192 2646 1222 2672 οὺ
1240 2645 1328 2680 μάννα
1351 2645 1382 2671 τὸ
1396 2645 1526 2680 αἰσθητὸν
1548 2645 1670 2678 καθιεὶς,
1694 2645 1765 2673 καθὰ
1784 2647 1832 2673 καὶ

1046 2693 1129 2720 πάλαι
1144 2693 1198 2724 τοῖς
1208 2691 1237 2725 ἐξ
1247 2691 1364 2727 Ἰσραὴλ,
1377 2691 1435 2719 ἀλλ’
1444 2691 1612 2723 ὲαυτδν’ταῑς
1622 2691 1676 2718 τῶν
1689 2692 1831 2718 πιστευόν-

1045 2747 1098 2765 των
1120 2737 1259 2769 ὲνοικίξων
1282 2736 1381 2771 ψυχαῖς
1402 2735 1448 2763 διὰ
1479 2736 1527 2762 τοῦ
1553 2735 1633 2771 ἁγίου
1660 2735 1831 2771 Πνεύματος.

1043 2784 1189 2819 Τοιγάρτοι
1198 2783 1246 2810 καὶ
1258 2782 1362 2816 ἔφασκε
1376 2783 1431 2815 τοῖς
1446 2783 1582 2811 Ἰουδαίων
1589 2783 1697 2819 δήμοις·
1716 2793 1725 2809 ι
1744 2782 1832 2818 Ἀμὴν

234 2837 257 2874 ξ’
271 2837 442 2874 Μοῑιίιεικῐι,
456 2838 546 2871 46,17.
585 2840 608 2856 ⁷³
628 2840 708 2873 lbid.,
723 2841 767 2869 21.
804 2841 828 2858 ⁷⁵
840 2841 935 2869 Matth.
950 2850 1003 2874 xxi,
1026 2842 1068 2869 l5.
1106 2842 1129 2858 ”
1141 2841 1224 2872 lbid.,
1237 2839 1283 2867 9.3.
1321 2840 1344 2855 ”
1360 2840 1441 2873 lbid.,
1453 2840 1549 2868 24-27.
1590 2841 1613 2857 "
1630 2841 1682 2868 lsa.
1697 2849 1770 2874 xxix,
1784 2841 1829 2874 ﬂ;

310 2872 390 2912 1,20;
463 2874 531 2903 Gen.
548 2884 619 2909 ms,
636 2876 679 2904 20.
703 2871 742 2893 ’⁷³
757 2876 861 2905 Coloss.
877 2885 904 2912 ιι,
916 2877 942 2905 ’5.
979 2878 994 2894 ⁸¹

1048 2877 1116 2905 atth.
1137 2886 1192 2910 xm,
1209 2871 1252 2904 tl.
1290 2875 1312 2894 ⁸⁸
1328 2876 1408 2904 Prov.
1423 2871 1478 2911 vni,
1499 2877 1543 2904 l8.
1574 2875 1597 2893 “
1612 2877 1684 2906 Psal.
1701 2871 1828 2911 LXIV-.10;

198 2905 222 2923 "
238 2907 320 2936 ‘Cor.
338 2915 358 2942 ι,
377 2907 402 2941 4,
424 2907 450 2935 5.
