1999 3056
175 134 227 162 369

653 133 914 166 GLAPHYROBUM
934 133 967 161 IN
988 133 1138 162 GENESIM
1159 134 1223 161 LIB.
1246 134 1300 161 VII.

1760 132 1812 163 570

175 192 249 229 ἀμὴν
268 191 340 226 λέγω
354 191 429 227 ὑμῖν,
449 191 479 217 οὐ
497 190 600 226 Μωσῆς
613 190 728 218 δέδωκεν
747 191 810 226 ὑμῖν
827 191 872 218 τὸν
886 192 962 228 ἄρτοι

1020 199 1101 219 amen
1121 191 1185 219 dlco
1199 191 1289 223 vobis,
1310 199 1365 218 non
1385 191 1475 218 Moses
1486 189 1562 218 dedit
1576 189 1655 218 vobis
1669 198 1765 225 panem
1778 191 1812 219 de

175 240 208 266 ἐκ
235 238 282 265 τοῦ
305 237 424 273 οὐρανοῦ
447 236 492 263 τὸν
515 236 651 273 ἀληθινόν.
681 237 710 264 'U
736 237 790 273 γὰρ
814 237 896 273 ἄρτος
920 237 967 264 τοῦ

175 284 244 312 θεοῦ
259 285 332 311 ἔστιν
352 284 366 310 ὁ
382 283 555 310 καταὸαίνων
575 284 607 309 ὲκ
620 283 666 310 τοῦ
683 283 799 319 οὐρανοῦ
809 304 816 316 ,
831 284 878 311 καὶ
896 283 969 319 ζωὴν

175 331 266 362 διδοὺς
276 330 314 366 τῷ
327 329 432 365 κόσμῳ.
451 340 459 356 ι
478 329 533 356 Καὶ
549 329 637 357 πάλιν·
655 339 664 355 ι
688 329 759 364 Ἐγώ
778 331 836 366 εἰμι
853 331 867 356 6
886 329 967 366 ἄρτος

175 377 225 413 τῆς
242 377 326 412 ζωῆς.
349 386 357 402 ι
383 377 481 412 Ἀρτος
499 375 528 402 δὲ
540 375 586 402 καὶ
599 376 701 411 ἑτέρως
717 377 817 403 νοεῖται
833 375 968 409 ζωοποιὸς

176 424 250 451 κατὰ
265 433 291 450 τι
305 423 359 450 τῶν
371 422 610 459 ἁπορρητοτέρων.
631 423 728 450 Δίόωσι
743 423 771 450 δὲ
785 424 843 454 τοῖς
853 423 968 459 ἄρχουσι

175 467 290 502 τροφήν.
303 466 388 500 Φαίην
406 466 462 501 γὰρ
476 465 509 492 ἂν
519 487 527 498 ,
547 465 588 491 ὅτι
602 465 698 501 Θρόνοι
709 473 738 492 τε
756 465 803 492 καὶ
819 465 967 498 Ἐξουσίαι,

161 514 274 549 ¹Ἀρχαὶ
293 513 340 540 καὶ
355 512 504 548 Δυνάμεις,
519 511 631 546 ἄγγελοι
652 512 700 538 καὶ
714 511 896 547 ἀρχάγγελοι,
920 511 968 539 καὶ

175 561 253 587 πᾶσα
276 559 366 591 κτίσις
383 559 448 593 ἁγία
459 558 506 586 καὶ
520 558 628 593 λογικὴ,
650 559 752 594 τροφὴν
772 560 888 585 ποιεῖται
902 559 969 593 Χρι-

176 605 250 633 στόν.
264 605 320 632 Καὶ
337 605 375 637 ὼς
393 605 425 632 ἂν
443 605 562 632 νοεῖσθαι
582 604 613 631 τὸ
638 605 733 641 χρῆμα
754 604 866 640 πρέποι.
888 604 968 632 Ἀλλὰ

176 653 293 684 καὶτοῖς
307 651 361 678 τῶν
376 652 422 679 ἐπὶ
441 651 493 687 γῆς
508 651 641 686 ποιμνίων
659 651 829 686 καθηγηταῖς
844 651 968 686 διανέμει

175 698 292 734 τροφὰς,
302 697 382 733 δῆλον
393 697 421 724 δὲ
434 698 474 724 ὅτι
486 697 535 729 τὰς
549 698 749 733 πνευματικὰς,
757 697 808 734 τὴν
817 697 871 725 τῶν
888 698 968 724 θείων

176 744 338 780 μυστηρίων
352 743 535 778 ἀποκάλυψιν,
550 744 600 779 τὴν
613 744 724 779 ἀπάσης
737 745 840 780 εἴδησιν
855 745 967 780 ἀρετῆς,

176 790 220 817 ῐνα
250 791 298 818 καὶ
327 790 405 817 αὐτοὶ
439 790 501 822 τοὺς
541 790 761 826 ὑπεζευγμένους
788 791 968 827 ἀποτρέφοιεν

175 836 257 867 λαοὺς
285 837 343 868 τοῖς
369 836 410 867 είς
441 835 513 871 ζωὴν
539 835 718 871 παιδεύμασι.
744 837 890 871 Τοιγάρτοι
921 836 968 863 καὶ

1021 238 1091 265 coelo
1106 245 1211 266 verum.
1229 238 1311 265 Panis
1327 237 1402 265 enim
1415 237 1464 264 Dei
1480 241 1524 264 est
1538 236 1584 263 ille
1611 236 1658 270 qui
1669 236 1813 264 descendit

1020 284 1054 311 de
1075 284 1156 317 ccelo,
1175 288 1203 312 et
1214 284 1297 312 vitam
1309 283 1357 311 dat
1371 283 1474 310 mundo
1485 282 1517 309 ⁸⁸.
1533 292 1541 308 ›
1555 282 1589 309 Ει
1599 282 1678 317 233
1695 290 1793 310 rursus
1803 291 1813 310 :

1024 341 1032 356 ι
1048 331 1104 366 Ego
1122 338 1183 358 sum
1203 331 1282 365 panis
1298 330 1361 357 vita:
1377 329 1411 357 ³⁵.
1431 339 1438 355 ι
1457 329 1548 357 Potest
1559 332 1650 355 autem
1663 329 1746 355 etiam
1761 329 1812 356 ali-

1020 380 1063 404 ter
1084 377 1199 412 intelligi
1219 376 1298 411 patris
1314 375 1450 407 viviﬁcus,
1464 374 1614 402 occultiore
1629 373 1748 408 quadam
1766 371 1812 400 ra:

1021 423 1105 450 tione.
1133 423 1182 450 Dat
1196 427 1288 450 autem
1313 421 1485 457 principibus
1498 421 1670 448 alimentum.
1691 419 1812 446 Dixerit.

1019 468 1091 495 eniln
1109 467 1182 502 quod
1195 467 1299 494 Tlironi
1312 470 1339 494 et
1351 467 1513 498 Potestates,
1528 464 1701 499 Principatus
1713 467 1740 491 et
1750 463 1813 490 Vir-

1020 518 1103 545 tutes,
1129 513 1226 548 Angeli
1253 516 1280 540 et
1301 512 1476 547 Arcliangeli,
1495 511 1618 545 adeoque
1631 510 1720 537 omnis
1733 517 1812 536 crea-

1021 564 1082 586 tura
1102 563 1197 587 sancta
1216 563 1244 585 et
1262 559 1405 586 rationalis
1424 558 1515 585 cibum
1541 564 1621 584 suum
1636 555 1719 583 faciat
1733 555 1813 583 Chri-

1019 611 1101 634 stum.
1123 606 1225 634 V’erum
1244 606 1302 633 haec
1321 612 1367 633 res
1392 609 1423 633 ut
1440 612 1490 639 par
1509 607 1552 632 est
1578 603 1692 638 intelligi
1717 602 1810 630 debet.

1019 653 1077 680 lmo
1088 660 1155 680 vero
1170 657 1197 680 et
1208 652 1381 687 principibus
1394 658 1506 686 gregum
1522 650 1549 677 in
1573 653 1645 677 terra
1669 648 1813 676 distribuit

1019 699 1159 731 alimenta,
1179 698 1312 732 spiritalia
1330 697 1473 729 nimirum,
1491 704 1523 724 ac
1541 695 1698 724 divinorum
1710 699 1812 730 myste-

1019 746 1125 772 riorum
1143 744 1340 772 revelationem
1360 743 1506 778 omnisque
1527 743 1639 770 virtutis
1655 741 1811 774 scientiam,

1020 795 1050 818 ut
1067 795 1095 818 et
1112 791 1164 826 ipsi
1181 790 1299 825 populos
1316 797 1372 817 suae
1386 789 1449 817 ﬁdei
1463 788 1626 816 commissos
1640 791 1754 823 pascant
1764 786 1813 814 do-

1020 839 1109 867 ctrina
1125 838 1158 865 ad
1175 837 1260 864 vitam
1274 837 1397 864 salutari.
1414 836 1484 864 Hinc
1497 835 1536 863 ait
1552 835 1585 862 ad
1602 835 1676 870 ipsos
1690 843 1697 862 :
1715 844 1725 860 ι
1741 834 1812 861 Gra-

175 882 246 918 πρδς
260 883 368 913 αὐτοὺς,
385 891 394 907 ε
414 882 525 917 Δωρεὰν
539 881 661 915 ἐλάϐετε,
671 883 749 917 φησὶ,
759 882 862 918 δωρεὰν
873 883 962 909 δότε.ι

1021 886 1056 913 tis
1071 884 1225 920 accepistis,
1244 883 1331 919 gratis
1345 884 1408 911 date
1421 883 1453 909 ⁸⁵.
1471 892 1480 908 ι
1495 883 1562 910 item
1576 885 1604 910 et.
1619 881 1703 908 alibi:
1721 890 1730 906 ι
1745 880 1813 914 Qui:

175 929 232 955 Καὶ
248 929 301 964 μὴν
315 928 362 955 καὶ
377 927 501 963 ἑτέρωθι·
522 938 530 953 ‹
550 927 597 960 Τίς
612 929 666 964 ἄρα
682 929 756 956 ἐστὶν
769 929 784 955 6
798 929 893 961 πιστὸς
906 929 967 956 δυῦὲ

174 975 220 1007 λος
248 975 296 1002 καὶ
319 974 463 1010 φρόνιμος,
487 975 517 1001 ὃν
545 976 712 1011 καταστήσει
732 977 746 1003 6
766 975 869 1012 Κύριος
883 976 966 1003 αὑτοῦ

173 1022 222 1049 ἐπὶ
239 1022 288 1056 τῆς
303 1021 392 1052 οίκίας
409 1020 506 1053 αὐτοῦ,
518 1021 565 1048 τοῦ
585 1021 678 1048 δοῦναι
696 1022 725 1049 ὲν
740 1022 830 1057 καιρῷ
846 1022 877 1049 τὸ
896 1031 967 1050 σιτο⁴

175 1067 303 1103 μέτριον;
327 1066 414 1102 Ἀμὴν
423 1067 496 1101 λέγοι
513 1067 589 1102 ὑμῖν·
606 1067 743 1103 μακάριος
757 1069 771 1095 ὀ
784 1068 876 1100 δοῦλος
893 1070 965 1096 ἐκεῖ·

174 1123 229 1146 νος.
245 1114 273 1141 ὃν
290 1113 375 1140 ὲλθὼν
390 1115 404 1140 6
419 1113 520 1150 Κύριος
532 1113 616 1141 αὑτοῦ
630 1114 744 1150 εὑρήσει
758 1114 847 1146 οὕτως
859 1116 967 1143 ποιοῦν-

172 1169 218 1188 τα.
242 1160 328 1196 ’Δμὴν
342 1159 415 1193 λέγω
426 1160 503 1193 ὑμῖν,
520 1161 562 1187 ὅτι
577 1160 625 1187 ἐπὶ
639 1161 707 1187 πᾶσι
724 1162 780 1193 τοῖς
795 1161 965 1197 ὑπάρχουσιν

173 1205 257 1233 αὐτοῦ
272 1206 439 1241 καταστήσει
456 1206 548 1233 αὐτόν.
566 1216 575 1232 ι
593 1205 680 1234 Τοῦτο
691 1207 835 1240 ποιοῦντας
849 1208 966 1244 εὑρήσο-

174 1261 226 1288 μεν
236 1253 300 1284 τοὺς
322 1252 377 1279 τῶν
397 1253 567 1288 Ἑκκλησιῶν
588 1252 779 1287 διδασκάλους,
792 1255 839 1281 καὶ
857 1255 911 1291 πρό
933 1264 965 1290 γε

172 1299 206 1334 δὴ
223 1298 326 1326 τούτων
337 1299 402 1331 τοὺς
416 1300 511 1334 ἁγίους
524 1299 699 1332 ἀποστόλους.
718 1300 886 1328 Ἐπιστὲλλει
900 1301 965 1337 γοῦν

171 1345 186 1370 6
206 1345 343 1380 μακάριος
365 1345 471 1377 Παῦλός
493 1354 577 1372 τισινο
606 1354 614 1372 ι
645 1346 784 1374 Ἐπιποθῶ
810 1347 865 1384 γὰρ
892 1348 965 1383 ὑμᾶς

173 1391 257 1423 ἰδεῖν,
273 1391 317 1418 ἵνα
333 1401 361 1418 τι
381 1392 488 1427 μεταδῶ
505 1392 629 1428 χάρισμα
644 1393 708 1429 ὑμῖν
723 1394 909 1430 πνευματικὸν
924 1395 964 1427 είς

172 1437 204 1464 τὸ
224 1438 403 1474 στηριχθῆναι
423 1439 506 1474 ὑμᾶς.
526 1448 535 1465 ι
559 1439 790 1476 Παρακεκλῆσθαι
808 1441 837 1468 δὲ
853 1441 900 1468 καὶ
915 1441 964 1469 αὐ-

172 1484 215 1510 τοὶ
236 1483 345 1518 λέγουσι
365 1485 441 1520 παρὰ
461 1485 540 1519 Θεοῦ,
558 1487 615 1518 τοῖς
630 1485 734 1513 ἄνωθεν
761 1486 874 1521 ἀγαθοῖς
897 1487 963 1515 ἅνα-

1018 936 1062 960 est
1080 931 1168 958 ﬁdelis
1188 937 1284 957 servus
1305 933 1332 957 et
1351 929 1483 965 prudens,
1503 935 1585 963 quem
1601 927 1752 955 constituet
1761 926 1812 954 do-

1017 979 1110 1007 minus
1131 985 1215 1013 Super
1233 978 1345 1006 domum
1365 983 1454 1008 suam,
1475 979 1504 1003 ut
1521 975 1599 1002 daret
1621 979 1745 1009 tempore
1761 980 1811 1011 op-

1017 1031 1138 1062 portuno
1151 1025 1336 1054 demensum?
1352 1024 1439 1051 Amen
1452 1023 1514 1050 dico
1529 1022 1617 1054 vobis,
1638 1021 1736 1048 beatus
1752 1027 1812 1047 ser-

1016 1080 1068 1100 vus
1088 1072 1145 1104 ille,
1168 1079 1251 1107 quem
1273 1070 1406 1099 Dominus
1421 1075 1549 1096 reversus
1565 1066 1703 1094 invenerit
1717 1065 1755 1092 ita
1770 1064 1811 1092 t‘a-

1017 1118 1146 1146 cientem.
1173 1117 1260 1144 Amen
1281 1116 1344 1145 dico
1363 1115 1453 1147 vobis,
1475 1114 1605 1150 quoniam
1624 1119 1708 1147 super
1719 1111 1810 1138 omnia

1016 1171 1066 1191 sua
1086 1163 1289 1191 constituturus
1306 1163 1341 1190 sit
1355 1162 1445 1197 ipsum
1463 1161 1497 1188 ".
1518 1170 1527 1186 ι
1543 1159 1602 1187 Hoc
1615 1158 1706 1186 facere
1718 1157 1811 1185 cerni-

1016 1218 1078 1238 mus
1104 1210 1233 1238 doctorcs
1257 1209 1455 1240 Ecclesiarum,
1482 1211 1510 1235 et
1540 1209 1603 1234 ante
1634 1205 1685 1232 hos
1713 1203 1812 1236 fecisse

1016 1260 1126 1284 sanctos
1143 1256 1292 1292 apostolos.
1312 1254 1391 1283 Unde
1410 1254 1508 1282 beatus
1521 1252 1624 1280 Paulus
1641 1251 1679 1278 ita
1691 1249 1809 1278 scribit:

1019 1312 1028 1328 ι
1043 1303 1131 1338 Cupio
1155 1310 1205 1330 vos
1229 1302 1334 1335 videre,
1362 1305 1393 1328 ut
1415 1299 1570 1336 impertiam
1592 1298 1671 1326 vobis
1694 1297 1810 1333 gratiam

1015 1350 1189 1385 spiritualem
1206 1349 1235 1376 in
1252 1349 1314 1381 hoc,
1334 1352 1364 1375 ut
1383 1355 1433 1375 vos
1451 1345 1652 1374 contirmemini
1670 1343 1704 1372 ⁸⁸.
1722 1354 1730 1370 ι
1748 1344 1810 1378 Fir-

1015 1404 1087 1424 mam
1098 1396 1172 1424 enim
1185 1399 1213 1423 et
1223 1395 1274 1430 ipsi
1283 1394 1379 1422 dicunt
1391 1402 1419 1422 se
1434 1392 1651 1421 consolationem
1671 1389 1810 1425 accepisse

1014 1450 1029 1470 a
1045 1442 1112 1474 Deo,
1128 1442 1175 1476 qui
1191 1441 1309 1476 replevit
1324 1448 1372 1468 eos
1384 1439 1514 1467 omnibus
1529 1438 1609 1466 bonis
1626 1436 1764 1472 supernis,
1781 1439 1810 1463 et

1014 1488 1207 1524 spiritualibus
1226 1487 1306 1514 donis
1321 1486 1452 1522 opulente
1471 1484 1614 1514 saturavit.
1632 1483 1722 1517 Quare
1740 1482 1808 1511 Aser

171 1531 344 1566 πιμπλάντος
354 1532 452 1564 αὐτοὺς
459 1532 592 1567 δηλονότι,
610 1533 658 1560 καὶ
670 1534 732 1566 ταῖς
743 1533 787 1561 διὰ
801 1533 961 1570 Πνεύματος

1015 1538 1057 1562 est
1068 1533 1205 1565 Christus,
1228 1537 1276 1560 aut
1294 1531 1314 1559 ii
1341 1531 1387 1567 qui
1403 1538 1467 1559 cum
1491 1529 1603 1558 Christo
1628 1528 1708 1556 ditati
1732 1531 1808 1560 sunt,

173 1577 319 1612 χορηγίαις
341 1577 478 1609 πλουσίως
502 1578 740 1610 καταπιαίνοντος.
764 1579 848 1615 Ἀσὴρ
867 1579 899 1615 δὴ
916 1578 962 1607 οὖν

171 1623 226 1658 ἄρα
249 1623 382 1658 Χριστὸς,
397 1624 414 1659 ἢ
439 1625 464 1650 οἱ
484 1624 602 1659 Χριστὸν
624 1624 843 1661 πλουτήσαντες,
865 1624 903 1654 ὧν
928 1626 962 1653 ἂν

170 1670 258 1696 νοοῖτο
272 1670 320 1697 καὶ
339 1669 411 1697 πίων
425 1671 439 1697 6
454 1671 548 1706 ἄρτος.

393 1727 462 1762 Περὶ
476 1728 529 1755 τοῦ
546 1729 728 1764 Νεφθαλείμ.

208 1782 218 1800 ‹
241 1772 400 1809 Νεφθαλεὶμ
423 1774 549 1810 στέλεχος
575 1775 731 1811 ἀνειμένον,
761 1776 900 1810 ἐπιδιδοὺς
922 1777 961 1814 τῷ

168 1819 464 1856 γεν[ν]ήματικάλλος.
479 1830 488 1846 ›
504 1821 701 1857 Ἐφαρμόσειεν
709 1822 753 1855 ἂν,
764 1822 841 1858 οἶμαι
854 1833 905 1857 τις,
914 1825 961 1852 καὶ

168 1866 219 1893 οὐκ
235 1866 288 1892 ἀπὸ
308 1866 421 1899 σκοποῦ,
443 1867 490 1893 καὶ
506 1866 565 1893 τόδε
582 1867 614 1902 δή
637 1868 719 1895 πάλιν
732 1869 806 1904 αὑτῷ
824 1878 875 1896 που
889 1870 960 1906 τάχα

167 1909 207 1945 τῷ
221 1910 407 1945 Ἐμμανουήλ,
417 1911 527 1947 καὶμὴν
542 1913 566 1938 εί
585 1911 717 1947 βούλοιτο,
732 1914 779 1940 καὶ
794 1914 886 1947 αὐτοῖς
903 1916 960 1948 τοῖς

168 1957 198 1982 ὲν
219 1956 309 1983 πίστει
324 1956 555 1993 δεδικαιωμένοις,
573 1959 620 1985 καὶ
639 1960 816 1995 ἡγιασμένοις
831 1962 860 1988 ὲν
875 1963 958 1988 πνεύ-

170 2011 247 2037 ματι.
278 2002 402 2037 Ἐλέγετο
426 2004 474 2038 μὲν
504 2004 558 2040 γὰρ
583 2005 651 2040 πρὸς
675 2006 725 2041 τὴν
749 2006 802 2033 τῶν
823 2007 959 2035 Ἰουδαίων

169 2048 288 2084 μητέρα,
303 2048 374 2084 φημὶ
388 2048 420 2084 δὴ
437 2049 487 2085 τὴν
502 2050 690 2086 Ἰερουσαλὴμ,
703 2051 748 2079 διὰ
763 2052 855 2088 φωνῆς
876 2054 959 2090 Ἱερε-

169 2092 243 2126 μίου·
263 2102 273 2118 ι
297 2093 407 2121 Ἐλαίαν
417 2094 531 2130 ὡραίαν,
552 2095 661 2122 εὔσκιον
682 2096 720 2132 τῷ
743 2098 818 2130 εἴδει,
844 2099 958 2126 ἐκάλεσε

167 2138 271 2174 Κύριος
287 2139 318 2165 τὸ
333 2138 418 2175 ὕνομά
440 2149 497 2167 σου.
523 2141 570 2173 El;
591 2142 682 2178 φωνὴν
703 2145 854 2180 περιτομῆς
873 2146 958 2182 αὐτῆς

166 2185 274 2220 ἀνήρθη
292 2184 348 2220 πῦρ
371 2186 414 2212 ἐπ’
435 2186 532 2221 αὑτήν.
551 2188 664 2224 Μεγάλη
691 2190 708 2224 ὴ
730 2189 819 2225 θλίψις
842 2191 888 2218 ἐπὶ
916 2192 956 2220 σέ.

174 2231 380 2267 Ὴχρειώθησαν
397 2233 420 2259 oi
439 2233 532 2260 κλάδοι
544 2233 639 2270 αὐτῆς,
654 2235 701 2261 καὶ
721 2235 822 2271 Κύριος
837 2237 892 2263 τῶν
913 2238 958 2264 δυ-

166 2276 276 2312 νάμεων
287 2279 301 2304 ὁ
314 2280 522 2314 καταφυτεύσας
539 2289 579 2313 σε,
598 2281 727 2317 ἐλάλησεν
741 2283 786 2309 ἐπὶ
800 2283 828 2310 σὲ
844 2283 926 2311 κακά.
945 2293 953 2310 ι

166 2323 232 2350 Ὅτε
257 2323 312 2359 γὰρ
334 2323 387 2351 ἔδει
414 2325 464 2360 τῆς
491 2326 668 2363 καθηκούσης
692 2328 776 2363 αὐτὴν
798 2329 957 2365 ἐπιμελείας

165 2370 257 2404 τυχεῖν
278 2370 417 2405 (σημαίνει
434 2373 498 2407 γὰρ,
508 2370 594 2407 οἶμαι,
604 2374 688 2406 τουτὶ,
700 2375 747 2401 καὶ
761 2374 854 2410 ἕτερον
869 2376 956 2409 οὐδὲν,

165 2416 181 2451 ή
204 2417 363 2452 περιτομὴ),
379 2417 441 2444 τότε
453 2419 500 2445 καὶ
515 2419 686 2455 ἠχρειῶσοαι
700 2421 746 2447 καὶ
761 2421 957 2458 ἐμπεπρῆσθαι

165 2470 249 2497 φησιν
268 2462 364 2498 αὐτὴν,
383 2464 423 2490 ὅτι
442 2464 479 2499 μὴ
493 2465 616 2501 παρόντα
631 2466 676 2492 τὸν
693 2467 815 2502 γεωργὸν
830 2468 958 2502 ἐπιγινώ-

165 2515 242 2533 σκειν
257 2508 345 2543 ἤθελε,
359 2510 415 2541 τὸν,
427 2506 471 2536 οἷά
484 2518 536 2536 τινι
552 2510 672 2547 δρεπάνῃ
688 2513 720 2546 τῇ
737 2513 892 2549 τομωτάτῃ,
912 2513 956 2540 τοῦ

165 2554 321 2589 πνεύματος
333 2555 460 2591 ἐνεργείᾳ
472 2556 526 2582 τῶν
546 2557 664 2593 ἀχρείων
682 2559 757 2594 ἡμᾶς
775 2558 958 2587 ἀπαλλάττον-

163 2608 214 2631 12,
238 2600 378 2633 τουτέστι,
390 2601 445 2628 τῶν
467 2602 656 2637 γεωδεστὲρων
671 2604 718 2630 καὶ
742 2604 896 2639 σαρκικῶν,
913 2605 955 2632 ἵνα

163 2645 214 2680 τὴν
237 2646 277 2677 είς
295 2648 349 2673 πᾶν
373 2647 464 2674 ὁτιοῦν
485 2647 540 2675 τῶν
561 2648 794 2686 τεθαυμασμένων
811 2651 903 2686 ἔφεσίν
925 2661 954 2679 τε

164 2691 212 2717 καὶ
233 2691 389 2728 προθυμίαν
408 2693 576 2729 ἐκτέκωμεν.
597 2695 675 2722 Ἔστι
697 2696 762 2731 γοῦν
781 2697 896 2724 ἀκοῦσαι
911 2698 956 2725 λέν

163 2745 258 2771 γοντος
274 2738 397 2774 ἐναργῶς
412 2739 459 2766 τοῦ
470 2741 580 2768 πάντων
593 2741 672 2778 ἡμῶν
683 2743 810 2780 Σωτῆρος
823 2743 953 2780 Χριστοῦ·

1016 1587 1133 1615 quomm
1146 1580 1224 1615 panis
1238 1586 1304 1606 vere
1319 1577 1427 1614 pinguis
1450 1576 1563 1612 intelligi
1576 1575 1668 1604 debet.

1289 1728 1327 1756 De
1346 1726 1525 1763 Nephtltalim.

1055 1788 1063 1804 ι
1079 1776 1255 1813 Nephtlialim
1289 1780 1403 1807 truncus
1427 1774 1571 1806 remissus,
1597 1774 1665 1800 dans
1691 1771 1808 1807 germini

1015 1833 1065 1853 suo
1087 1823 1322 1860 pulchritudinem
1338 1822 1371 1850 ‘9.
1393 1831 1402 1848 ›
1427 1820 1505 1848 [laud
1522 1818 1705 1849 incommode,
1719 1822 1750 1845 ut
1761 1825 1808 1845 ar-

1014 1869 1113 1901 bitror,
1132 1866 1382 1896 accommodaverit
1399 1865 1461 1901 quis
1473 1865 1556 1893 etiam
1569 1864 1623 1892 hoc
1635 1871 1732 1891 rursus
1754 1861 1807 1898 ipsi

1014 1913 1199 1946 Emmanueli,
1217 1921 1336 1945 necnon,
1352 1912 1374 1939 si
1387 1912 1486 1947 placet,
1502 1912 1535 1938 iis
1549 1911 1595 1945 qui
1608 1918 1657 1946 per
1667 1909 1749 1937 ﬁdem
1760 1909 1806 1945 ju-

1014 1961 1124 1990 stilicati
1149 1964 1214 1988 sunt
1233 1958 1452 1993 sanctiﬁcatique
1470 1958 1496 1985 in
1519 1957 1629 1992 spiritu.
1658 1955 1806 1984 Dicebatur

1013 2007 1087 2035 enim
1107 2006 1140 2033 ad
1158 2005 1316 2034 Judazorum
1340 2007 1466 2035 matrem,
1494 2002 1659 2034 Jerusalem,
1681 2001 1804 2036 inquam,

1013 2061 1062 2089 per
1086 2060 1182 2080 vocem
1203 2051 1350 2080 Jercmiaa:
1379 2060 1387 2075 ι
1403 2049 1508 2077 Olivam
1533 2048 1624 2084 specie
1650 2047 1804 2082 pulchram,

1013 2107 1136 2135 opacam,
1156 2098 1266 2126 vocavit
1283 2097 1415 2125 Dominus
1432 2103 1532 2122 nomen
1554 2099 1640 2121 tuum.
1657 2093 1697 2121 Ad
1709 2101 1804 2121 vocem

1013 2146 1099 2181 ipsius
1111 2143 1332 2173 circumcisionis
1344 2149 1476 2170 accensus
1489 2145 1531 2168 est
1542 2140 1612 2176 ignis
1625 2144 1719 2166 contra
1731 2147 1802 2167 eam.

1012 2193 1108 2228 Magna
1124 2190 1266 2219 tribulatio
1279 2189 1334 2217 erit
1348 2189 1376 2215 in
1390 2192 1426 2215 te.
1445 2186 1559 2214 Inutiles
1576 2185 1640 2213 facti
1657 2189 1721 2212 sunt
1734 2185 1803 2212 rami

977 2226 997 2254 ὓ
1012 2226 1081 2275 ejus,
1107 2243 1135 2266 et
1158 2237 1293 2265 Dominus
1315 2236 1449 2263 virtutum
1473 2237 1516 2261 est
1541 2233 1588 2269 qui
1612 2232 1746 2268 plantavit
1766 2236 1801 2259 te.

1011 2285 1133 2312 Locutus
1156 2287 1197 2311 est
1221 2285 1317 2309 contra
1336 2285 1363 2308 te
1381 2280 1482 2307 malum
1506 2279 1539 2306 9°.
1557 2288 1565 2303 ι
1581 2277 1649 2305 Cum
1660 2277 1732 2305 enim
1750 2277 1802 2312 ipsi

1011 2338 1078 2358 cura
1094 2328 1262 2357 conveniens
1284 2331 1357 2354 esset
1377 2323 1533 2352 adhibenda
1555 2321 1636 2359 234
1658 2322 1696 2354 (id
1715 2322 1800 2356 enim,

1011 2380 1088 2412 puto,
1098 2374 1201 2403 etnihil
1210 2373 1295 2405 aliud,
1307 2371 1441 2407 signiﬁcat
1455 2370 1513 2404 ipsa
1525 2367 1721 2403 circumcisio),
1736 2374 1802 2395 tunc

1007 2425 1035 2450 et
1047 2421 1172 2448 inutilem
1187 2418 1285 2446 factam
1296 2421 1324 2444 et
1335 2415 1507 2443 combustam
1521 2421 1580 2441 eam
1595 2413 1644 2446 ait,
1659 2413 1723 2448 quia
1734 2420 1802 2448 pra:-

1008 2471 1114 2496 sentem
1141 2464 1289 2500 agricolam
1312 2461 1402 2490 noluit
1421 2467 1582 2496 agnoscere,
1603 2459 1650 2494 qui
1670 2462 1800 2494 tanquam

1008 2515 1076 2542 falce
1102 2512 1259 2540 acutissima
1281 2517 1330 2545 per
1353 2508 1468 2544 spiritus
1497 2506 1644 2534 ellicaciam
1662 2506 1695 2533 ab
1714 2505 1799 2532 inuti—

1006 2559 1079 2586 libus
1094 2565 1144 2585 nos
1155 2555 1302 2587 abscindit,
1316 2555 1369 2582 hoc
1379 2558 1432 2586 est,
1447 2561 1461 2580 a
1470 2552 1588 2580 terrenis
1596 2555 1623 2579 et
1632 2551 1798 2582 carnalibus,

1010 2609 1041 2633 ut
1052 2601 1457 2635 desideriumalacritatemquc
1466 2599 1500 2627 ad
1509 2607 1540 2627 ea
1550 2606 1610 2634 quae
1619 2597 1799 2625 admiratione

1009 2652 1092 2689 digna
1109 2655 1183 2682 sunt,
1207 2649 1425 2684 conciperemus.
1446 2646 1485 2673 De
1497 2645 1550 2672 hoc
1562 2644 1646 2680 igitur
1660 2644 1725 2671 licet
1738 2643 1797 2670 Sal-

1009 2703 1131 2726 vatorem
1144 2697 1266 2724 omnium
1278 2700 1403 2722 nostrum
1422 2692 1518 2720 audire
1534 2690 1670 2718 dicentem
1685 2699 1691 2716 :
1717 2699 1725 2714 ι
1739 2689 1801 2723 Ego

1009 2753 1070 2773 sum
1090 2744 1154 2772 vitis
1171 2750 1245 2775 vera,
1262 2746 1290 2769 et
1300 2742 1381 2769 Pater
1395 2747 1474 2767 meus
1488 2737 1606 2774 agricola
1617 2740 1668 2764 est.
1682 2735 1796 2763 Omnem

213 2826 336 2868 :’_Joan.
353 2836 389 2860 vr,
474 2830 511 2868 ’ξ’
528 2830 608 2866 lbid.,
621 2831 665 2859 55.
704 2832 726 2848 "
746 2832 840 2861 Matth.
858 2842 884 2868 χ,
904 2833 928 2862 8.

1015 2842 1071 2862 .uc.
1088 2842 1134 2867 xtl,
1153 2833 1243 2860 iii—ll.
1281 2830 1304 2847 ⁸⁸
1321 2829 1399 2856 Rom.
1417 2836 1435 2862 ι,
1452 2827 1494 2854 ll.
1533 2826 1631 2854 "Gen.
1657 2833 1726 2857 xux,
1747 2824 1794 2852 ‘21.

197 2862 221 2878 "
235 2863 337 2890 Jerem.
360 2871 396 2897 ιι,
413 2864 455 2898 i6,
471 2865 513 2892 ΓΙ.
