1999 3056
174 139 225 169 ττι

694 137 722 165 S.
743 135 880 165 CYRlLLi
897 133 1131 161 ALEXANDRlNl
1149 132 1307 161 ARCHIEP.

1749 124 1801 151 572

177 196 320 234 palmitem
333 195 381 231 qui
395 195 423 223 in
438 202 481 223 me
494 202 550 222 non
563 194 617 221 fert
629 193 761 224 fructum,
773 192 856 222 tollit.
869 194 897 218 et
910 197 966 217 om-
980 207 985 218 Α

1042 188 1126 224 ’Ἐγώ
1141 190 1199 225 εἰμι
1216 189 1232 223 ὴ
1247 188 1369 223 ἄμπελος
1386 188 1401 222 ἡ
1416 186 1541 222 ἀληθινὴ,
1556 185 1603 212 καὶ
1613 185 1627 212 6
1640 183 1736 219 Πατήρ
1752 190 1804 217 μου

177 250 241 270 nem
256 241 304 277 qui
315 240 368 269 {ert
381 241 512 273 fructum,
524 243 633 275 purgat,
649 243 680 266 ut
699 238 818 266 fructum
831 236 965 272 producat

177 289 360 324 copiosiorem
381 289 415 315 ἰ.
432 297 441 313 ι
467 287 534 314 Nam
548 286 680 314 Dominus
691 289 785 312 noster
795 284 874 311 Jesus
884 282 965 310 Chri—

179 339 239 363 stus
263 339 305 363 est
328 334 414 362 veluti
437 334 514 361 radix
534 333 658 368 quaedam
677 336 706 359 et
731 331 816 366 stipes
836 329 900 357 vitis
917 329 967 356 ad-

180 381 292 408 modum
314 379 491 408 exuberantis
515 383 598 413 atque
621 381 726 405 onustae
749 376 849 403 talibus
868 375 966 407 hotris,

180 427 228 461 qui
248 426 281 453 ad
302 426 452 453 novitatem
469 424 583 460 spiritus
599 427 664 451 sunt
674 422 796 450 adducti.
810 422 865 450 Nos
876 425 969 449 autem

181 480 278 499 sumus
305 472 393 499 instar
419 471 562 506 palmitum
585 470 613 496 in
639 468 745 496 unitate
775 467 888 503 spiritus
917 466 969 502 ipsi

183 519 274 554 agnati
284 522 312 546 et
326 518 412 550 insiti,
430 525 492 545 cum
505 516 716 552 intelligibiliter
735 523 785 550 per
807 514 970 542 charitatem

183 566 209 593 ei
234 565 373 596 uniamur,
398 571 430 591 ac
455 564 540 591 veluti
558 562 725 598 pinguedine
741 562 775 590 ab
787 563 847 597 ipso
859 565 971 596 accepta

183 611 364 642 luxuriantes,
389 610 482 637 divina
506 610 593 645 gratia
611 609 716 637 alamur
738 608 770 636 ad
782 607 972 635 fructiﬁcatio-

184 664 247 684 nem
267 656 387 683 virtutis.
407 655 495 682 Porro
514 663 567 682 una
582 662 644 682 cum
657 654 725 681 Filio
736 654 819 681 etiam
831 653 912 680 Pater
923 660 972 680 cu-

185 709 243 728 ram
267 701 337 736 gerit
359 701 459 728 nostri.
481 700 538 728 [mo
555 708 622 728 vero
640 699 814 727 manifestum
834 703 875 726 est
889 698 972 733 quod,

185 746 293 774 etiamsi
313 746 441 774 Christus
461 746 630 781 intelligatur
651 745 725 777 vitis,
753 745 833 772 Pater
854 745 974 780 agricola

186 796 238 824 est,
266 800 347 820 omne
368 800 568 828 supervacuum
593 793 622 820 in
643 792 754 820 Christo
772 796 927 827 amputans,
947 796 975 819 et

187 844 282 864 curam
299 837 434 865 adhibens
458 842 488 865 ut
500 846 581 873 quam
597 837 700 873 optime
719 838 881 873 proveniant
893 838 974 871 bona,

187 887 271 918 atque
292 883 322 911 in
345 884 406 919 ipso
429 888 532 919 queant
548 884 726 912 fructiﬁcare.
739 884 807 912 Cum
824 884 916 920 itaque
929 885 977 912 de-

189 929 292 957 cuisset
301 929 458 957 Judaeorum
472 934 587 957 matrem
600 930 818 965 praestantiorem
832 930 932 963 videri,
949 934 978 958 et

189 981 250 1001 esse
261 974 409 1002 formosam
419 979 501 1010 atque
513 982 625 1009 opacam
640 974 750 1007 olivam,
762 975 833 1003 sicut
844 975 978 1010 propheta

190 1019 248 1046 ait:
269 1024 328 1046 tum
347 1019 404 1054 ipsa
423 1019 514 1054 periit,
534 1019 659 1055 ignisque
671 1020 741 1047 inea
753 1027 893 1050 accensus.
909 1019 979 1047 Hine

190 1068 221 1091 et
242 1065 351 1099 sapiens
369 1065 488 1093 Joannes
504 1074 510 1092 :
534 1075 543 1090 ι
556 1065 615 1092 Jam
631 1065 736 1093 securis
748 1065 782 1092 ad
799 1065 919 1093 radicem
932 1073 977 1092 ar-

192 1108 269 1137 boris
287 1110 377 1144 posita
393 1114 444 1142 est,
458 1110 556 1145 inquit.
572 1109 668 1138 Omnis
683 1110 766 1146 igitur
776 1111 858 1141 arbor
870 1119 925 1138 non
938 1110 978 1138 fa-

192 1153 269 1181 ciens
288 1153 407 1181 fructum
428 1154 530 1182 bonum
557 1155 727 1183 exscinditur
743 1160 772 1183 et
789 1156 935 1192 conjicitur
951 1156 980 1184 in

193 1198 284 1233 ignem
300 1199 334 1227 ".
353 1209 362 1225 ι
385 1199 463 1233 Quod
482 1204 574 1227 autem
590 1200 707 1228 celebris
725 1200 770 1228 illa
783 1201 848 1228 urbs
859 1201 886 1228 in
899 1200 980 1228 ﬁnem

196 1252 283 1280 usque
305 1246 485 1281 opprimenda
508 1247 545 1274 sit
564 1247 779 1279 calamitatibus,
808 1247 896 1274 multo
918 1251 982 1275 ante

195 1290 290 1318 docuit
308 1291 439 1326 propheta
461 1291 617 1324 Zacharias,
640 1292 754 1320 dicens:
773 1302 782 1318 ι
797 1293 831 1321 Et
841 1293 895 1320 erit
906 1293 983 1328 plan-

195 1338 257 1362 ctus
281 1336 309 1362 in
328 1335 492 1368 Jerusalem,
521 1337 593 1365 sicut
621 1338 748 1372 planctus
778 1338 841 1365 mali
870 1338 981 1373 punici,

195 1379 269 1415 quod
281 1380 308 1408 in
320 1388 417 1417 campo
427 1382 579 1410 succiditur
595 1382 628 1409 ’³.
647 1393 656 1408 ι
678 1383 713 1410 Et
730 1391 829 1411 rursus
845 1384 929 1411 veluti
949 1383 983 1412 ad

195 1424 284 1461 ipsam
302 1427 360 1453 ait:
387 1436 396 1453 ‹
412 1427 526 1460 Libane,
551 1429 625 1463 aperi
637 1433 730 1463 portas
747 1432 816 1461 tuas,
829 1433 857 1456 et
871 1429 985 1456 devoret

197 1471 268 1507 ignis
282 1472 381 1500 cedros
396 1477 466 1500 tuos.
483 1473 575 1501 Ululet
589 1473 681 1509 pinus,
695 1481 728 1502 eo
742 1474 815 1509 quod
826 1475 925 1502 cecidit
938 1483 984 1503 ce»

197 1517 274 1546 drus.
292 1517 360 1550 Quia
377 1518 506 1554 praecipui
523 1524 663 1555 magnetes
675 1520 714 1546 tui
728 1519 755 1547 in
768 1520 918 1555 perniciem
936 1521 984 1548 dc-
1001 1540 1022 1570 ο

198 1568 344 1591 venerunt.
360 1564 479 1596 Ululate,
505 1573 624 1600 quercus
654 1565 751 1599 Basan,
780 1564 844 1600 quia
865 1566 987 1594 succisus

199 1614 242 1636 est
254 1610 340 1637 saltus
355 1610 478 1638 consitus
492 1610 525 1637 ".
544 1620 553 1636 ›
575 1610 696 1638 Libanus
708 1613 783 1638 enim
798 1619 876 1638 mons
888 1615 930 1638 cst
940 1619 987 1638 ce-

201 1655 259 1683 dris
276 1656 405 1688 refertus.
425 1664 486 1691 quae
503 1656 567 1684 boni
580 1656 674 1684 odoris
691 1661 732 1684 est
744 1657 845 1692 planta,
857 1658 987 1692 pulchra-

201 1709 255 1736 que
268 1702 295 1728 in
308 1701 414 1737 primis.
427 1701 531 1731 Libano
539 1710 604 1739 ergo
614 1709 754 1738 comparat
763 1704 988 1741 Hierosolymam,

200 1746 284 1785 235
305 1756 368 1783 qua:
391 1756 456 1778 sane
478 1749 668 1776 admirandam
699 1750 782 1778 habet
816 1751 990 1779 sacerdotum

203 1793 419 1827 multitudinem,
443 1799 574 1829 quantum
594 1795 699 1826 scilicet
716 1796 750 1823 ad
767 1796 901 1823 honorem
923 1796 991 1832 legis

204 1839 310 1867 attinet.
333 1839 365 1867 lli
388 1840 461 1868 enim
474 1841 586 1868 fuerunt
598 1841 736 1876 praepositi
751 1842 844 1875 duces,
863 1850 894 1869 ac
906 1842 991 1869 veluti

205 1887 233 1912 in
255 1885 330 1913 silvis
347 1886 458 1914 robusta
469 1894 500 1914 ac
511 1887 640 1922 prmeelsa
652 1887 734 1923 ligna,
747 1888 847 1925 quippe
860 1888 907 1923 qui
924 1888 992 1916 alios

205 1939 302 1959 omnes
323 1933 487 1960 auctoritate
522 1933 694 1966 antecellant,
724 1934 910 1970 populumque
939 1934 991 1961 sibi

206 1978 358 2013 subjectum
381 1978 461 2014 longe
483 1983 622 2014 superent.
644 1979 779 2007 Caeterum
803 1987 933 2007 succensa
953 1983 993 2006 est

205 2024 366 2057 Jerusalem,
387 2025 440 2053 hoc
460 2029 512 2058 est,
532 2025 673 2058 Libanus;
699 2025 746 2060 qui
761 2032 827 2052 vero
847 2025 875 2052 in
887 2025 945 2060 ipsa
958 2025 992 2052 il—

207 2071 308 2099 lustres
328 2079 360 2099 ac
381 2076 544 2107 praestantes
563 2075 652 2104 erant,
671 2071 819 2106 gloriaeque
849 2071 993 2098 altitudine

207 2117 370 2150 eminentes,
396 2118 560 2152 planxerunt
587 2125 615 2144 se
645 2117 777 2149 invicem,
807 2117 936 2144 cadentes
963 2125 994 2144 ac

207 2168 369 2199 pereuntes:
383 2164 483 2199 quippe
496 2164 543 2199 qui
557 2164 584 2191 in
596 2163 800 2191 robustissimos
809 2163 993 2191 Romanorum

207 2209 292 2236 duces
303 2216 358 2236 non
374 2209 453 2237 aliter
474 2217 556 2243 quam
574 2209 601 2236 in
617 2209 766 2244 lignatores
777 2209 909 2244 quosdam
922 2209 992 2236 inci-
1009 2211 1030 2238 D

207 2254 308 2282 derint.
324 2254 426 2282 Verum
444 2254 575 2282 Dominus
596 2258 690 2282 noster
703 2254 783 2282 Jesus
796 2254 932 2287 Christus,
945 2262 994 2282 eo-

208 2307 269 2326 rum
283 2299 329 2334 qui
344 2299 406 2326 mali
423 2299 493 2327 male
513 2300 663 2337 perierunt,
681 2304 794 2326 truncus
810 2303 852 2326 est
869 2299 993 2327 eil‘cctus.

207 2345 314 2372 Gaudet
324 2345 397 2372 enim
412 2352 520 2382 semper
533 2344 647 2372 infinitis
658 2345 745 2380 copiis
761 2352 870 2371 sursum
890 2344 993 2371 when-

208 2389 261 2422 dis,
281 2393 310 2417 et
328 2397 378 2426 per
395 2394 494 2423 totum,
512 2394 541 2417 ut
558 2399 613 2417 uno
630 2390 716 2418 verbo
727 2390 826 2423 dicam,
838 2391 934 2417 orbem
951 2390 993 2417 di-

209 2437 318 2463 latatur.
336 2435 414 2469 Quod
436 2436 524 2471 ipsum
540 2436 758 2472 praesigniﬁcavit
775 2436 848 2463 Deus
861 2437 933 2463 clare
945 2444 994 2471 per

209 2489 304 2508 vocem
323 2480 477 2508 Ezechielis
495 2481 531 2507 ita
543 2480 637 2508 dicens
655 2490 660 2507 :
677 2491 685 2506 ι
702 2481 736 2508 Et
750 2480 882 2516 accipiam
895 2489 928 2508 ex
939 2481 995 2507 elc-

213 2527 263 2553 ctis
280 2525 366 2557 cedri,
387 2534 422 2553 ex
441 2526 597 2554 summitate
613 2526 703 2554 cordis
722 2526 845 2562 ipsorum
869 2527 994 2558 evellam,

208 2576 237 2599 et
253 2570 381 2607 plantabo
400 2572 427 2599 in
447 2577 567 2599 montem
581 2572 675 2605 altum,
687 2577 716 2600 et
730 2573 893 2608 suspendam
908 2573 996 2609 ipsum

210 2618 238 2646 in
260 2623 381 2646 montem
397 2619 542 2646 sublimem
559 2618 677 2646 lsraelis.
691 2619 725 2646 Et
736 2619 876 2654 plantabo,
889 2624 918 2647 et
931 2627 995 2655 pro-

209 2664 292 2692 ducet
304 2672 426 2700 germen,
440 2665 576 2700 facietque
589 2665 719 2697 fructum,
730 2670 758 2692 et
770 2666 823 2693 erit
840 2665 868 2692 in
881 2665 994 2693 cedrum

209 2719 345 2747 magnam,
364 2715 392 2738 et
407 2711 531 2747 quiescet
548 2712 600 2739 sub
616 2712 672 2747 ipsa
687 2713 776 2740 omnis
787 2712 854 2743 fera,
868 2717 896 2740 et
907 2713 997 2739 omnis

211 2759 322 2786 volucer
335 2758 387 2785 sub
406 2758 503 2785 umbra
516 2759 575 2794 ejus
586 2758 718 2793 quiescet.
732 2758 861 2786 Germina
880 2759 938 2793 ejus
951 2766 995 2786 re-

1017 236 1031 262 ὁ
1047 235 1170 271 γεωργός
1188 236 1254 262 ἐστι.
1274 235 1331 261 Πᾶν
1347 233 1438 268 κλῆμα
1460 234 1488 259 ὲν
1503 233 1566 267 ἐμοὶ
1587 231 1624 267 μὴ
1642 231 1725 266 φέρον
1738 237 1804 264 καρ-

1018 281 1079 314 πὸν,
1097 281 1168 316 αἴρει
1183 279 1259 307 αὐτό·
1281 279 1328 306 καὶ
1344 279 1399 305 πᾶν
1416 279 1446 305 τὸ
1460 278 1566 313 καρπὸν
1578 277 1661 312 φέρον
1678 274 1804 310 καθαίρει

1018 328 1100 357 αὐτὸ.
1123 327 1166 353 ἵνα
1186 325 1291 362 καρπὸν
1313 324 1424 352 πλείονα
1443 323 1523 359 φέρῃ.
1544 333 1553 349 ι
1581 323 1658 354 Ῥἰςα
1682 321 1730 356 μὲν
1751 320 1806 355 γὰρ

1017 371 1062 400 οἷά
1072 382 1124 405 τις,
1133 372 1307 408 καὶάμπέλου
1319 371 1442 406 στέλεχος
1454 369 1619 406 ὲμϐεὸοθρευ
1625 368 1708 404 μένης
1719 366 1807 400 ἀσφα-

1019 419 1082 451 λῶς,
1098 419 1152 445 τῶν
1169 419 1208 450 είς
1225 418 1373 453 καινότητα
1385 417 1457 452 ζωῆς
1470 415 1656 451 ὲνηνεγμένων
1672 415 1686 440 6
1704 412 1807 448 Κύριος

1019 466 1099 501 ἡμῶν
1127 465 1232 501 Ἰησοῦς
1257 464 1384 499 Χριστός.
1404 463 1558 498 κλημάτων
1580 461 1609 487 δὲ
1629 460 1707 495 δίκην
1727 459 1807 494 ἡμεῖς

1021 512 1082 539 καθ’
1095 512 1192 539 ἕνωσιν
1208 512 1256 547 τὴν
1270 512 1298 538 ὲν
1313 510 1447 545 πνεύματι
1463 506 1698 544 προσπεφύκαμέν
1715 513 1744 531 τε
1761 504 1808 531 καὶ

1022 559 1131 594 ἀπηρτή
1138 558 1207 593 μεθα
1222 556 1334 593 νοητῶς,
1350 556 1443 591 ἀγάπῃ
1463 555 1496 590 τῇ
1513 555 1552 586 εἰς
1569 552 1648 580 αὐτὸν
1663 550 1809 584 συνδούμε-

1022 614 1073 635 νοι,
1088 606 1135 631 καὶ
1148 603 1372 634 ὲνσπαταλῶντες
1387 602 1496 636 πιότητι
1509 601 1543 636 τῇ
1562 600 1627 634 παρ’
1643 597 1742 630 αὐτοῦ,
1762 596 1810 623 καὶ

1023 652 1056 686 τῇ
1068 650 1128 686 θείᾳ
1139 650 1301 686 τρεφόμενοι
1314 649 1405 684 χάριτι
1420 647 1488 683 πρὸς
1496 644 1686 682 καρποφορίαν
1697 643 1808 679 ἀρετῆς.

1031 695 1241 723 Ἑπισκέπτεται
1255 695 1283 722 δὲ
1306 695 1340 720 τὰ
1355 693 1416 721 καθ’
1433 693 1506 729 ἡμᾶς
1524 692 1572 718 σὺν
1591 690 1651 725 Υἰῷ
1670 690 1717 716 καὶ
1731 687 1813 716 αὐτὸς

1026 743 1040 769 ό
1055 741 1240 778 Πατήρ.Ἀλλ’
1256 741 1314 767 ἐστι
1334 749 1385 767 που
1404 739 1495 774 δῆλον,
1516 739 1557 765 ὅτι
1576 737 1627 764 κᾶν
1648 737 1671 762 εί
1691 733 1812 770 ἄμπελος

1027 791 1114 816 νοοῖτο
1126 788 1259 823 Χριστὸς,
1274 787 1396 823 γεωργὸς
1408 786 1437 813 δὲ
1452 786 1466 812 6
1481 785 1593 819 Πατὴρ,
1608 784 1637 809 ὲν
1656 781 1766 817 Χριττῷ
1780 780 1812 815 δὴ

1028 835 1139 866 πάντως
1156 834 1186 860 τὸ
1209 834 1319 869 ἀχρεῖον
1335 833 1484 867 ἁποκερεῖ,
1504 831 1551 857 καὶ
1581 828 1720 865 φροντίδος
1743 826 1814 858 ἀξιοῖ

1027 881 1056 908 τὺ
1071 881 1109 912 ὡς
1128 880 1226 916 ἄριστα
1247 879 1320 915 ἔχειν
1340 878 1490 914 δυνάμενον
1509 877 1555 904 καὶ
1574 873 1766 911 καρποφοροῦν
1784 873 1814 899 ὲν

1027 926 1114 961 αὐτῷ.
1136 927 1201 953 Ὅτε
1217 926 1306 952 τοίνυν
1330 925 1412 960 ὲχρῆν
1429 925 1457 950 ὲν
1478 923 1617 958 ἀμείνοσιν
1638 920 1754 955 ὁρᾶσθαι
1768 927 1815 953 γε·

1027 973 1181 1009 γενημένην
1210 973 1260 1007 τὴν
1275 971 1329 998 τῶν
1350 970 1483 998 Ἰουδαίων
1498 968 1620 1004 μητέρα,
1635 966 1683 1001 τὴν
1706 964 1816 992 εὓσκιόν

1028 1028 1056 1046 τε
1075 1019 1123 1046 καὶ
1146 1018 1252 1054 ὡραίαν
1271 1017 1376 1050 ἐλαίαν,
1396 1016 1434 1048 ὼς
1449 1017 1462 1042 6
1481 1015 1624 1051 προφήτης
1647 1011 1731 1046 φησὶ,
1754 1010 1816 1036 τότε

1029 1065 1077 1093 καὶ
1101 1064 1240 1096 ἀπόλωλε,
1262 1064 1309 1090 καὶ
1330 1061 1437 1098 ἀνήφθη
1454 1061 1510 1096 πῦρ
1525 1061 1553 1086 ἐν
1569 1060 1648 1093 αὐτῇ.
1671 1056 1817 1092 Τοιγάρτοι

1029 1110 1099 1137 καὶὸ
1117 1109 1197 1144 σοφὸς
1223 1109 1358 1143 Ἰωάννης,
1379 1116 1388 1133 ι
1409 1106 1478 1139 Ἤδη
1492 1106 1519 1132 δὲ
1536 1105 1582 1131 καὶ
1594 1104 1611 1138 ὴ
1624 1103 1714 1137 ἀξίνη,
1738 1101 1816 1135 φησὶ,

1030 1156 1098 1191 πρὸς
1111 1155 1159 1190 τὴν
1175 1154 1254 1190 ῥίζαν
1269 1153 1324 1180 τῶν
1340 1152 1455 1188 δένδρων
1467 1151 1565 1177 χεῖται·
1581 1149 1636 1175 πᾶν
1647 1145 1693 1174 οὖν
1711 1145 1818 1181 δένδρον

1033 1203 1070 1238 μὴ
1093 1201 1186 1228 ποιοῦν
1209 1200 1314 1236 καρπὸν
1333 1199 1426 1230 καλὸν,
1442 1197 1620 1226 ἐκκόπτεται,
1641 1195 1688 1221 καὶ
1703 1194 1742 1224 εἰς
1763 1191 1819 1227 πῦρ

1034 1249 1171 1285 βάλλεται.
1192 1257 1201 1273 ›
1221 1247 1282 1274 ’Ὁτι
1298 1246 1326 1272 δὲ
1345 1244 1441 1280 ἔμελλε
1457 1245 1517 1274 ταῖς
1534 1243 1575 1274 εἰς
1597 1241 1673 1275 λῆξιν
1691 1238 1819 1274 ἡκούσαις

1032 1294 1117 1322 κακθῦ
1135 1293 1342 1328 περιπεσεῖσθαι
1364 1291 1518 1326 συμφοραῖς
1535 1290 1551 1324 ἡ
1574 1287 1714 1322 διαϐόητος
1731 1285 1818 1316 πόλις.

1035 1338 1321 1376 προανεχρησμῴδησε
1348 1337 1436 1371 λέγων
1461 1336 1475 1362 ὁ
1503 1334 1645 1371 προφήτης
1672 1331 1819 1366 Ζαχαρίας·

1038 1397 1046 1413 ι
1068 1387 1122 1414 Καὶ
1137 1386 1210 1413 ἔσται
1226 1386 1240 1412 ὁ
1260 1385 1374 1416 κοπετδς
1393 1385 1443 1419 τῆς
1461 1381 1640 1418 Ἰερουσαλὴμ
1655 1379 1693 1410 ὡς
1707 1377 1822 1409 κοπετδς

1037 1433 1136 1468 ροὦνος
1168 1435 1196 1460 ὲν
1218 1432 1302 1466 πεδίῳ
1334 1428 1548 1464 ὲκκοπτομένου.
1573 1437 1582 1452 ι
1604 1426 1660 1453 Καὶ
1682 1424 1763 1452 πάλιν
1785 1423 1822 1454 ὡς

1037 1480 1105 1516 πρὸς
1123 1479 1219 1514 αὐτήν·
1232 1488 1242 1504 ι
1258 1477 1405 1509 Διάνοιξον,
1419 1476 1434 1502 ό
1445 1474 1571 1506 Λίϐανος,
1587 1473 1637 1504 τὰς
1657 1471 1741 1505 θύρας
1759 1478 1823 1516 σου,

1038 1515 1086 1553 καὶ
1105 1524 1286 1559 καταφαγέτω
1301 1523 1357 1558 πῦρ
1375 1522 1425 1554 τὰς
1446 1520 1559 1556 κέδρους
1581 1527 1639 1545 σου.
1660 1515 1825 1547 Ὀλολυζὲτω

1040 1573 1137 1604 πίτυς,
1158 1571 1224 1598 διότι
1237 1569 1367 1597 πέπτωκε
1388 1567 1495 1602 κέδρος.
1510 1567 1571 1592 ’Ότι
1598 1563 1723 1600 μεγάλως
1749 1568 1826 1596 μεγι-

1040 1620 1136 1649 στᾶνες
1156 1615 1393 1650 ἐταλαιπώρησαν.
1421 1611 1588 1644 Ὀλολύξατε,
1600 1609 1680 1647 δρύες
1706 1608 1755 1643 τῆς
1770 1607 1824 1632 Βα-

1041 1663 1190 1695 σανίτιδος,
1205 1663 1245 1688 ὅτι
1268 1659 1445 1694 κατεσπάσθη
1462 1659 1476 1685 ὁ
1491 1657 1592 1692 δρυμὸς
1613 1657 1627 1682 ὁ
1648 1654 1798 1689 σύμφυτος.
1814 1660 1824 1676 ι

1041 1710 1154 1741 Λίόανος
1165 1709 1214 1744 μὲν
1222 1708 1276 1743 γὰρ
1286 1707 1348 1742 ὅρος
1361 1705 1421 1734 ἐστὶ
1433 1706 1466 1740 τῇ
1481 1703 1570 1740 κέδρῳ
1591 1701 1757 1735 κατάκομον.
1780 1698 1828 1725 Εὑ-

1041 1757 1107 1788 ῶδες
1115 1756 1143 1782 δὲ
1150 1755 1180 1782 τὸ
1187 1754 1281 1790 φυτὸν,
1291 1753 1338 1781 καὶ
1350 1753 1403 1779 τῶν
1417 1752 1457 1778 ὅτι
1468 1750 1585 1786 μάλιστα
1595 1745 1828 1783 τεθαυμαπμένων

1042 1805 1081 1836 εἰς
1090 1800 1306 1835 κά).).ος.Λι6άνῳ
1317 1799 1349 1832 δὴ
1356 1796 1401 1826 οὖν
1410 1796 1573 1833 παρεικάζει
1580 1795 1628 1830 τὴν
1639 1791 1826 1828 Ἰερουσαλὴμ,

1042 1851 1091 1876 οὐκ
1116 1848 1289 1883 ἀθαύμαστον
1314 1845 1428 1881 ἔχουσαν
1448 1843 1495 1878 τὴν
1521 1841 1575 1870 τῶν
1594 1840 1686 1877 ἱερέων
1706 1838 1827 1874 πληθὺν,

1042 1896 1072 1922 τό
1082 1903 1113 1930 γε
1127 1892 1205 1930 ἧκον,
1225 1893 1306 1928 φημὶ,
1324 1891 1391 1927 πρὸς
1408 1890 1456 1921 τὰς
1466 1890 1497 1916 ἐκ
1505 1888 1587 1924 νόμον
1602 1885 1830 1922 τιμά;.Τέθειντο

1043 1942 1097 1978 γὰρ
1115 1941 1277 1976 ἡγούμενοι,
1295 1939 1342 1966 καὶ
1365 1935 1463 1974 οἷάπερ
1489 1937 1518 1962 ἐν
1532 1936 1643 1971 δρυμοῖς
1660 1932 1728 1969 ἀδρὰ
1741 1940 1769 1958 τε
1783 1931 1830 1958 καὶ
1855 1935 1859 1938 ⁷

1043 1986 1270 2023 εὑθυμηκὲστατα
1285 1984 1358 2018 Ξύλα,
1371 1984 1402 2010 τὸ
1416 1983 1469 2010 τῶν
1481 1982 1567 2010 ἄλλων
1580 1981 1706 2008 ἁπάντων
1722 1979 1831 2014 ἀνέχον-

1042 2042 1088 2065 τες
1105 2033 1213 2068 μέτρον,
1228 2031 1274 2058 καὶ
1290 2030 1357 2056 πολὺ
1374 2029 1427 2056 τῶν
1445 2027 1497 2055 ὑπό
1517 2028 1595 2063 χεῖρα
1610 2025 1682 2052 λαῶν
1701 2023 1831 2060 ὑπερκεί-

1046 2088 1132 2116 μενοι.
1165 2078 1233 2105 Ἀλλ’
1256 2076 1449 2113 ὲμπέπρησται
1475 2074 1524 2109 μὲν
1553 2071 1745 2108 Ἰερουσαλὴμ,
1770 2079 1833 2097 του-

1044 2127 1144 2157 τέστιν,
1163 2125 1177 2150 ὁ
1193 2123 1318 2154 Λίϐανος.
1333 2123 1364 2148 Ol.
1377 2121 1405 2147 δὲ
1422 2121 1451 2147 ὲν
1463 2120 1531 2155 αὑτῇ
1546 2119 1677 2154 λαμπροὶ,
1694 2117 1740 2144 καὶ
1755 2125 1833 2152 περι-

1046 2171 1218 2207 φανέστατοι,
1231 2169 1277 2196 καὶ
1290 2169 1320 2195 τὸ
1333 2169 1362 2194 ἐν
1373 2167 1506 2198 εὐκλείαις
1520 2165 1626 2200 ἔχοντες
1637 2163 1718 2199 ὖῷος,
1732 2162 1834 2198 τεθρη-

1046 2219 1159 2254 νήχασιν
1184 2215 1328 2251 ἀλλήλους,
1352 2212 1497 2244 πίπτοντες
1518 2220 1548 2238 τε
1568 2211 1615 2237 καὶ
1638 2209 1832 2243 ἀπολλύμενοι,

1047 2253 1093 2291 καὶ
1107 2263 1200 2298 ὥσπερ
1211 2261 1267 2288 τισὶ
1285 2259 1429 2296 δρυτόμοις
1448 2257 1643 2293 περιπεσόντες
1656 2253 1835 2282 εὐσθενεστά-

1045 2318 1102 2341 τοις
1112 2310 1166 2340 τοῖς
1174 2307 1316 2342 Ῥωμαίων
1327 2306 1497 2341 στρατηγοῖς.
1508 2303 1576 2330 Ἀλλ’
1585 2304 1599 2330 ὃ
1608 2311 1639 2337 γε
1649 2301 1748 2337 Κύριος
1757 2299 1836 2335 ἡμῶν

1052 2355 1154 2391 Ἰησοῦς
1169 2355 1295 2390 Χριστὸς,
1305 2353 1338 2379 δι’
1353 2349 1390 2379 ὧν
1409 2352 1507 2378 ἐκεῖνοι
1523 2350 1603 2377 κακοὶ
1618 2348 1710 2379 κακῶς
1726 2345 1836 2373 ἀπολώ-

1045 2390 1118 2431 λασι,
1139 2399 1264 2434 στέλεχος
1278 2398 1387 2432 γέγονεν
1401 2394 1551 2431 ἀνειμένον.
1575 2392 1711 2428 Ἐντρυφᾷ
1721 2390 1776 2426 γὰρ
1793 2390 1837 2417 ἀεὶ

1045 2449 1104 2478 ταῖς
1119 2445 1317 2480 ἀκαταλήκτοις
1331 2443 1370 2474 είς
1389 2442 1419 2469 τὸ
1432 2441 1487 2468 ἆνω
1509 2441 1614 2475 φοραῖς,
1630 2437 1677 2465 καὶ
1697 2437 1761 2471 ὅλης
1771 2456 1777 2467 ,
1798 2436 1836 2467 ὠς

1046 2493 1109 2524 ἔπος
1121 2492 1218 2521 εἰπεῖν.
1231 2490 1280 2525 τῆς
1295 2489 1339 2516 ὑπ’
1355 2487 1469 2523 οὐρανὸν
1481 2483 1687 2519 κατευρύνεται.
1704 2481 1758 2509 Καὶ
1770 2479 1836 2506 αὐτὸ

1046 2540 1078 2573 δὴ
1091 2538 1170 2565 τοῦτο
1187 2536 1374 2572 προοινεφώνει
1394 2533 1488 2568 σαφῶς
1507 2533 1521 2558 ό
1537 2532 1601 2562 Θεὸς
1618 2530 1662 2556 διὰ
1677 2528 1768 2563 φωνῆς
1790 2527 1837 2553 Ἱε-

1047 2584 1140 2621 ζεχιὴλ
1155 2583 1225 2610 οὕτω
1236 2582 1332 2616 λέγων·
1350 2591 1359 2607 ι
1378 2581 1430 2608 Καὶ
1440 2580 1560 2615 λήψομαι
1577 2579 1608 2604 ἐκ
1620 2577 1674 2604 τῶν
1688 2574 1836 2602 ἐπιλέκτων

1111 2619 1218 2666 κέδρου,
1230 2631 1261 2656 ὲκ
1271 2627 1393 2664 κορυφῆς
1410 2626 1521 2661 καρδίας
1535 2624 1624 2651 αὐτῶν
1639 2621 1771 2652 ἀποκνιῶ,
1789 2619 1837 2666 καί.

1049 2676 1245 2710 καταφυτεύσω
1255 2674 1310 2708 ἐγὼ
1321 2674 1367 2700 ἐπὶ
1376 2673 1438 2708 ὅρος
1449 2671 1561 2708 ὑψηλὸν,
1573 2671 1619 2698 καὶ
1631 2668 1763 2705 κρεμάσω
1772 2664 1837 2693 αὐτὸ

1050 2724 1078 2749 ἐν
1092 2723 1149 2758 ligat
1163 2720 1292 2757 μετεώρῳ
1307 2719 1352 2746 τοῦ
1369 2719 1486 2754 Ἰσραήλ.
1499 2717 1554 2744 Καὶ
1566 2714 1773 2750 καταφυτεὺσω,
1790 2711 1838 2738 καὶ

1051 2757 1148 2802 ageam
1167 2766 1280 2803 βλαστὸν
1291 2786 1297 2798 ,
1314 2766 1359 2792 καὶ
1375 2765 1481 2799 ποιήσει
1498 2762 1618 2798 καρπὸν,
1639 2761 1686 2788 καὶ
1708 2760 1784 2786 ἔσται
1798 2757 1838 2790 είς

246 2865 267 2883 ’⁸
293 2849 422 2898 ﬁmum,
437 2865 462 2898 ί,
477 2865 503 2893 2.
540 2865 562 2879 ⁷⁸⁹
585 2863 678 2891 Matth.
698 2872 734 2896 Ill,
755 2863 795 2890 10.
835 2863 857 2878 νδ
878 2863 980 2890 Zuchur

1035 2870 1051 2893 l,
1066 2861 1104 2887 ll.
1143 2860 1163 2875 “"
1186 2858 1297 2886 lat-har.
1318 2865 1352 2889 xi,
1373 2855 1428 2882 1-5.
