1999 3056
169 100 226 129 373

653 97 914 128 GLAPHYRORUM
934 99 969 127 IN
988 98 1139 127 GENESIM
1158 100 1222 129 LIB.
1244 101 1299 130 ΥΠ.

1749 106 1801 135 574

170 160 267 196 κέδρον
286 157 423 194 μεγάλην,
445 155 702 184 καὶάναπαύσεται
725 158 853 184 ὑποκάτω
878 157 959 184 αὐτοῦ

1023 158 1172 191 ιιίιιιριιιιιτ,
1188 163 1216 186 et
1234 159 1327 187 omnia
1345 159 1418 195 ligna
1437 162 1526 196 campi
1539 168 1702 198 cognoscent
1729 167 1802 200 quod

171 207 225 233 πᾶν
244 205 353 240 θηρίον,
370 204 419 230 καὶ
435 203 489 230 πᾶν
506 202 628 229 πετεινδν
643 202 696 229 ὺπδ
711 203 759 238 τὴν
778 205 857 230 σκιὰν
877 203 960 230 αὑτοῦ

171 250 368 279 ἀναπαύσεται.
383 249 439 277 Καὶ
454 249 487 275 τὰ
502 249 630 284 κλήματα
644 248 724 275 αὑτοῦ
737 249 962 284 ἀποκατασταθῆ-

172 305 259 329 σεται,
277 296 324 323 καὶ
338 295 488 330 γνώσονται
503 295 591 321 πάντα
606 295 639 321 τὰ
659 295 724 327 ξύλα
739 295 786 322 τοῦ
805 294 907 327 πεδίου,
920 295 961 321 ὃτι

172 344 228 378 ἐγὼ
246 343 362 379 Κύριος,
387 343 401 369 ὁ
421 341 556 368 ταπεινῶν
573 341 650 374 ξύλον
672 341 792 376 ὑψηλὸν,
817 341 865 368 καὶ
887 341 962 375 ὑψῶν

173 389 250 423 ξύλον
265 388 404 420 ταπεινὸν,
417 387 464 414 καὶ
475 387 610 423 ξηραίνων
621 386 699 419 ξύλον
712 387 827 422 χλωρὸν,
845 386 890 413 καὶ
902 387 964 413 ἀνα-

173 435 279 462 θάλλων
308 434 386 467 ξύλον
411 433 501 469 ξηρόν.
537 433 607 467 Ἐγὼ
632 433 733 468 Κύριος
758 433 893 468 ἐλάλησα,
916 433 963 460 καὶ

173 481 291 514 ποιήσω.
314 489 323 506 ι
346 479 443 514 Συνίης
458 475 505 505 οὖν
525 478 567 504 ὅτι
588 477 622 504 τὰ
645 478 773 505 ἐπίλεκτα
796 478 845 512 τῆς
868 477 963 512 κέδρον

172 527 274 559 λαϐὼν,
290 524 532 559 καταπεφύτευκεν
553 524 620 559 ἡμῖν
642 523 673 550 τὸ
693 524 742 558 τῆς
760 523 832 559 ζωῆς
850 523 927 556 ξύλον
950 523 964 549 ὁ

172 573 239 604 Θεὸς
255 573 301 599 καὶ
317 571 420 606 Πατὴρ,
434 569 556 597 τουτέστι
567 569 695 604 Χριστόν.
715 569 861 596 Ἐπίλεκτα
874 569 902 595 δὲ
915 568 964 603 τῆς

174 618 270 652 κέδρου
284 617 351 652 φησι
367 616 415 651 τὴν
433 615 516 642 Ἰούδα
531 614 627 650 φυλὴν,
639 615 688 650 τὴν
704 614 894 650 κατάρχουσαν
911 615 962 646 ἀεὶ,

174 664 289 692 καὶτῶν
302 663 389 691 ἄλλων
408 662 613 698 εὐκλεεστέραν·
630 662 660 694 ἐξ
676 658 710 697 ἧς
728 662 812 696 ἀνέφυ
832 661 879 688 καὶ
901 661 965 688 Ἰεσ-

176 712 232 742 σαὶ,
247 710 295 737 καὶ
308 710 399 741 Δαϐὶδ,
416 710 461 736 καὶ
478 710 495 744 ἡ
512 709 577 743 ἁγία
599 708 746 743 Παρθένιος,
759 709 776 743 ἦ
790 707 837 734 τὸν
863 707 965 743 Ἰησοῦν

175 757 330 784 ὲκτέτοκεν.
351 757 413 782 ’Ὀτι
435 755 464 781 δὲ
485 755 533 781 καὶ
555 755 600 781 ἐπὶ
621 753 699 786 ξύλου
725 754 910 790 κεκρὲμασται
931 753 965 779 δι’

177 805 251 839 ἡμᾶς
263 804 294 831 τὸ
309 804 341 830 ὲκ
353 803 404 838 τῆς
424 801 574 829 ἀπολέκτου
586 801 681 837 κέδρου
697 800 808 836 ληφθὲν,
824 800 870 826 και
884 799 966 833 φυτόν

175 852 234 877 ἔστι
245 850 326 877 καλόν
341 858 369 876 τε
384 849 431 875 καὶ
441 847 648 879 εὐανθέστατον,
664 846 722 878 πῶς
739 845 813 872 ἔστιν
829 844 965 880 ἀμφιῆἀλ-
983 841 1003 868 Β

175 896 251 927 λειν;
275 894 528 928 Ἀνεὸλαστὴσαμεν
547 892 575 918 δὲ
588 893 634 918 και
649 891 728 926 ἡμεῖς
747 890 792 917 διὰ
808 889 904 925 βουλῆς
918 888 965 916 τοῦ

178 941 296 976 Harp-5;,
311 940 346 966 τὰ
364 939 448 966 πάλαι
464 938 534 974 ξηρὰ
546 938 594 965 καὶ
608 937 714 972 καρπὸν
723 937 773 963 ούκ
782 935 877 971 ἔχοντα
888 935 965 968 ξύλα,

178 987 269 1023 ξηρῶν
285 986 434 1021 γεγονότων
448 986 495 1012 καὶ
512 985 682 1012 αὑανθέντων
707 983 808 1019 τρόπον
830 982 892 1009 τινὰ
912 982 966 1008 τῶν

177 1033 216 1064 ὡς
232 1033 261 1059 ἐν
271 1032 400 1068 ὑγρότητι
414 1032 461 1058 καὶ
473 1031 528 1066 ζωῇ
545 1030 591 1056 τοῦ
607 1030 700 1064 νόμου,
711 1029 852 1060 τουτέστι,
866 1028 920 1054 τῶν
938 1027 967 1060 ἐξ

185 1078 303 1114 Ἰσραήλ.
325 1078 380 1105 Καὶ
400 1077 425 1104 οἱ
440 1077 489 1112 μὲν
500 1074 570 1112 ἦσαν
587 1075 693 1110 ὑψηλοὶ,
712 1076 834 1102 ταπεινοὶ
847 1074 875 1101 δὲ
887 1075 967 1109 ἡμεῖς

179 1127 227 1153 καὶ
248 1125 474 1161 κατεῤῥιμμένοι.
499 1123 567 1150 Ἀλλ’
587 1122 734 1157 ὑψώθημεν
752 1123 780 1148 ὲν
794 1121 904 1156 Χριστῷ
924 1121 967 1147 διὰ

180 1171 308 1201 πίστεως.
331 1170 361 1197 Οἱ
375 1169 403 1195 δὲ
422 1169 472 1204 τῆς
492 1167 608 1203 ἀρχαίας
629 1166 794 1194 κατώλισθον
810 1166 903 1202 δόξης,
921 1167 968 1192 καὶ

180 1217 309 1251 γεγόνασι
321 1215 453 1242 ταπεινοί.
466 1214 532 1245 Θεὸς
543 1211 589 1240 οὖν
603 1214 678 1240 ἐστιν
688 1214 702 1240 ὁ
711 1205 844 1239 τῶνδλων
856 1211 967 1247 Κύριος,

181 1265 196 1290 ό
209 1263 256 1289 καὶ
273 1262 348 1293 ἰδίοις
361 1261 477 1296 νεύμασι
493 1259 627 1287 ταπεινῶν
641 1259 675 1286 τὰ
691 1259 791 1294 ὑψηλὰ,
809 1259 856 1286 καὶ
869 1259 968 1285 ἀνακο-

182 1309 269 1345 μίζων
279 1307 346 1343 ὑψοῦ
359 1307 392 1334 τὰ
406 1306 533 1338 ταπεινὰ,
550 1306 595 1333 καὶ
612 1305 747 1342 ξηραίνων
757 1305 834 1338 ξύλον
852 1303 967 1340 χλωρὸν,

181 1353 231 1380 καὶ
243 1352 399 1380 ἀναϐάλλων
413 1352 490 1385 ξύλον
507 1351 598 1386 ξηρόν.
613 1350 674 1377 ’Ότι
687 1350 741 1386 γὰρ
756 1350 773 1385 ἥ
788 1349 908 1384 ἀκᾴνοης
922 1349 970 1375 καὶ

181 1399 305 1435 τριϐόλου
322 1399 504 1433 διενεγκόντες
515 1398 601 1430 οὐδὲν,
617 1397 640 1424 οἱ
657 1398 689 1424 ἐκ
700 1397 749 1431 τῆς
769 1395 885 1432 ἀρχαίας
901 1396 968 1422 Συν-

182 1445 295 1480 αγωγῆς
316 1445 455 1480 μονονουχὶ
473 1444 520 1471 καὶ
533 1444 581 1479 τῆς
596 1443 676 1478 ἁγίας
693 1442 885 1478 ἀποκείρονται
905 1442 968 1477 γῆς,

182 1491 319 1525 ἀντανέφυ
332 1491 360 1517 δὲ
373 1490 468 1525 ὥσπερ
487 1490 503 1524 ἡ
515 1490 568 1516 τῶν
584 1489 612 1515 ὲν
628 1489 718 1515 πίστει
730 1487 844 1523 πληθὺς,
857 1487 969 1519 καὶτοῖς

181 1536 237 1564 τῶν
260 1536 374 1572 δένδρων
393 1535 585 1571 εύοσμοτόιτοις
604 1533 817 1569 παρεικάζεται,
843 1533 970 1569 μαθήσῃ,

183 1583 307 1617 λέγοντος
323 1581 370 1608 τοῦ
391 1581 473 1608 Θεοῦ·
499 1591 508 1606 ι
534 1581 587 1607 Καὶ
610 1580 715 1616 ποιήσω
739 1580 788 1615 τὴν
812 1579 914 1615 ἔρημον
933 1580 971 1611 εἰς

184 1630 243 1664 ἓλη,
258 1630 305 1656 καὶ
319 1629 368 1664 τὴν
380 1628 432 1663 γῆν
455 1629 483 1654 ὲν
500 1627 678 1663 ὑδραγωγοῖς.
697 1627 779 1662 Θήσω
796 1626 836 1657 εἰς
856 1625 905 1660 τὴν
926 1625 972 1652 ἆν-

185 1676 264 1710 υδρον
290 1674 343 1708 γῆν
369 1673 473 1709 κέδρον,
501 1673 548 1699 καὶ
571 1672 674 1705 πύξον,
698 1670 973 1706 καὶ’μυρτίνην,καὶ

185 1721 364 1756 κυπάρισσον,
386 1720 433 1746 καὶ
451 1719 560 1754 λεύκην.
585 1728 593 1744 ι
613 1719 667 1745 Καὶ
688 1718 746 1753 μεθ’
768 1718 859 1752 ἕτερα·
886 1728 894 1742 ι
917 1717 972 1744 Καὶ

186 1766 262 1793 ἔσται
278 1767 337 1793 ἀντὶ
350 1767 400 1801 τῆς
415 1765 524 1800 στοιὸἦς
539 1765 703 1800 ἀναϐήσεται
721 1764 899 1799 κυπάρισσος,
914 1763 974 1791 ἀντὶ

187 1816 216 1842 δὲ
232 1815 284 1850 τῆς
299 1814 414 1850 κονύζης
435 1814 599 1849 ἀναὸἡσεται
614 1814 741 1849 μυρσίνη.
767 1823 776 1840 ι
792 1813 842 1840 Διὰ
859 1814 908 1848 μὲν
920 1814 974 1849 γὰρ

187 1862 239 1897 τῆς
261 1861 356 1897 κέδρου
375 1861 482 1896 νοήσεις
501 1860 550 1896 τὴν
571 1861 611 1891 εἰς
631 1860 785 1896 ἀφθαρσίαν
808 1860 903 1894 ἐλπίδα
921 1860 975 1887 τῶν

188 1907 421 1934 πεπιστευκότων·
440 1906 575 1942 σήπεσθαι
596 1906 651 1942 γὰρ
674 1907 723 1933 οὐκ
744 1905 813 1933 οἶδεν
830 1907 846 1942 ή
869 1907 973 1941 κέδρος.

189 1953 238 1980 Διὰ
253 1953 283 1979 δὲ
299 1953 348 1988 τῆς
365 1952 460 1986 πύξου,
480 1952 510 1979 τὸ
528 1952 596 1988 μήτε
613 1953 641 1978 ὲν
655 1953 800 1987 κουφότητι
819 1953 883 1986 νοῦ,
908 1954 976 1988 μήτε

191 1999 244 2034 μὴν
264 1999 294 2025 ὲν
317 1998 433 2034 ἐλαφρίᾳ
451 1998 572 2034 φρενῶν,
589 1998 651 2030 τοὺς
677 1998 705 2025 ὲν
726 1999 835 2034 Χριστῷ
858 1999 976 2026 νοεῖσθαι

189 2044 305 2079 πρέπον.
323 2044 432 2071 Συνετοι
452 2044 506 2079 γὰρ
524 2043 657 2075 ἅπαντες,
684 2043 785 2070 ἐπείτοι
804 2044 867 2071 νοῦν
885 2044 977 2080 έχουσι

190 2089 235 2116 τὸν
250 2089 377 2124 Χριστόν,
391 2090 498 2117 Ναστδν
510 2090 538 2117 δὲ
552 2090 630 2124 ξύλον
644 2091 674 2117 τὸ
688 2090 808 2123 πύξινον,
821 2091 867 2118 καὶ
879 2092 978 2128 πολλὴν

191 2135 252 2170 ἔχον
268 2136 297 2162 ὲν
314 2135 404 2171 ἐαυτῷ
419 2137 467 2172 τὴν
480 2136 628 2164 πύκνωσιν.
644 2138 692 2164 Διὰ
703 2138 731 2164 δὲ
748 2138 797 2174 τῆς
816 2137 929 2173 μύρτου,
949 2138 978 2165 τὸ

1013 212 1063 239 ego
1087 205 1219 232 Dominus
1239 206 1300 238 sim,
1323 206 1370 241 qui
1396 207 1537 234 humiliem
1552 209 1653 243 lignum
1667 211 1762 242 altum,
1775 216 1803 238 et

1013 251 1130 278 exaltcm
1147 251 1251 286 lignum
1271 252 1386 285 humile,
1404 257 1431 280 et
1441 254 1575 281 exsiccem
1595 255 1800 290 lignumviride,

1014 303 1041 326 et
1057 298 1154 325 faciam
1170 299 1324 334 germinare
1337 300 1455 327 aridum.
1477 300 1534 336 Ego
1549 301 1680 329 Dominus
1697 301 1763 334 dixi,
1777 309 1804 330 et

1015 343 1112 372 faciam
1128 345 1161 371 "’.
1180 355 1188 371 ι
1211 345 1379 381 lntelligisne
1398 354 1452 381 quo
1468 351 1547 381 pacto
1570 354 1603 374 ex
1615 347 1710 375 electis
1722 347 1804 382 lignis

1016 389 1092 417 cedri
1102 390 1234 425 plantarit
1244 390 1326 418 nobis
1336 391 1408 419 Deus
1420 395 1447 419 et
1458 392 1539 419 Pater
1551 392 1654 427 lignum
1667 392 1738 423 vine,
1752 393 1804 420 hoc

1016 440 1068 468 est,
1085 436 1241 464 Christum?
1255 437 1348 464 Electa
1369 443 1460 465 autem
1478 438 1551 474 ligna
1572 438 1648 466 cedri
1666 443 1745 466 vocat
1757 439 1805 465 tri-

1017 482 1083 509 bum
1097 481 1183 513 Judaz,
1199 490 1309 516 semper
1322 486 1492 517 regnantem,
1505 483 1620 518 aliisque
1629 483 1802 516 nobiliorem;

1016 535 1051 555 ex
1077 535 1131 562 qua
1158 527 1321 562 prodierunt
1342 528 1417 555 Jesse
1433 532 1462 555 et
1477 529 1572 561 David,
1593 533 1620 556 et
1633 533 1804 557 sacrosancta

1018 573 1109 609 Virgo,
1137 581 1197 608 qua;
1223 574 1330 608 peperit
1349 574 1452 602 Jcsum.
1473 573 1551 607 Quod
1575 579 1666 602 autem
1689 575 1717 602 in
1731 575 1805 610 ligno

1018 623 1130 654 propter
1147 627 1197 646 nos
1217 626 1379 654 suspensum
1397 619 1481 647 fuerit
1499 620 1564 647 illud
1577 628 1610 647 ex
1621 621 1705 648 electa
1723 621 1805 648 cedro

1018 670 1175 700 sumptum,
1203 665 1330 700 quodque
1360 665 1545 700 pulcherrima
1577 665 1805 701 ﬁoridissimaque

1018 711 1101 738 arbor
1122 712 1168 743 sit,
1192 711 1320 739 omnibus
1346 716 1517 746 compertum
1535 716 1586 739 est.
1604 713 1659 740 Nos
1673 721 1740 740 vero
1758 713 1804 747 qui

1019 759 1084 786 olim
1103 758 1205 786 fuimus
1221 758 1296 786 arida
1315 762 1396 793 atque
1414 758 1573 793 infrugifera
1589 759 1671 794 ligna,
1689 767 1761 786 nunc
1773 768 1806 786 ex

1020 804 1068 832 Dei
1086 805 1225 832 voluntate
1244 803 1427 836 reﬁoruimus,
1448 805 1533 831 aridis
1550 804 1659 832 interim
1674 805 1750 832 factis
1763 810 1806 835 at-

1019 859 1071 887 que
1091 850 1234 879 exsiccatis
1250 851 1452 886 quodammodo
1470 851 1530 878 istis
1559 851 1605 886 qui
1623 856 1702 879 erant
1720 851 1748 879 in
1766 852 1807 878 vi-
1834 878 1838 881 ,

1019 905 1084 933 gorc
1102 901 1130 924 et
1147 896 1202 924 vita
1216 896 1294 931 legis,
1312 895 1368 922 hoc
1377 899 1428 927 est,
1443 895 1581 922 lsraelitis.
1598 895 1685 930 Atque
1698 895 1725 922 hi
1744 896 1806 930 qui-

1020 943 1083 970 dem
1098 946 1177 970 erant
1191 942 1301 972 excelsi,
1315 948 1366 967 nos
1381 949 1446 967 vero
1459 940 1577 967 humiles
1588 944 1669 975 atque
1684 940 1782 975 abjccli
1798 950 1803 967 :

1020 989 1101 1024 236
1126 989 1175 1016 sed
1199 996 1272 1015 nunc
1294 995 1343 1023 per
1356 986 1436 1013 ﬁdem
1449 987 1476 1013 in
1492 986 1632 1014 Christum
1647 994 1697 1013 nos
1713 993 1807 1013 sumus

1020 1035 1130 1062 exaltati
1143 1035 1166 1050 ⁸⁸
1176 1043 1186 1068 ;
1198 1034 1227 1061 hi
1240 1041 1304 1061 vero
1315 1032 1429 1068 pristina
1442 1032 1526 1067 gloria
1535 1031 1704 1064 exciderunt,
1717 1031 1808 1059 humi—

1020 1079 1134 1114 liatique
1152 1083 1226 1106 sunt.
1247 1079 1319 1106 Deus
1336 1078 1420 1113 igitur
1432 1081 1474 1105 est
1488 1077 1572 1104 totius
1582 1076 1702 1104 universi
1718 1075 1810 1104 Domi-

1021 1133 1083 1157 nus,
1104 1125 1150 1160 qui
1172 1132 1222 1160 pro
1238 1131 1288 1151 suo
1302 1123 1436 1151 arbitratu
1456 1121 1583 1149 humiliat
1596 1121 1732 1153 sublimia,
1746 1121 1809 1156 qui-

1021 1179 1073 1206 que
1086 1171 1190 1206 abjccta
1209 1169 1236 1197 in
1255 1169 1338 1196 altum
1358 1168 1463 1196 extollit
1481 1177 1486 1194 :
1505 1168 1551 1203 qui
1571 1167 1690 1195 cxsiccat
1705 1166 1809 1202 lignum

1021 1216 1118 1248 viride,
1144 1220 1172 1243 et
1199 1215 1353 1251 germinare
1376 1214 1569 1242 facitaridum.
1584 1213 1651 1241 Nam
1665 1212 1739 1248 quod
1765 1213 1809 1239 isti

1021 1263 1068 1298 qui
1092 1263 1203 1290 fuerunt
1220 1271 1254 1290 ex
1271 1262 1356 1288 veteri
1371 1260 1521 1296 Synagoga,
1535 1267 1597 1288 cum
1609 1259 1678 1286 nihil
1690 1258 1742 1286 nisi
1754 1259 1812 1292 spi-

1021 1317 1083 1336 nam
1098 1312 1126 1336 et
1147 1308 1278 1336 tribulam
1289 1306 1489 1342 produxerunt,
1502 1303 1699 1340 propemodum
1711 1311 1725 1330 a
1739 1307 1813 1330 terra

1022 1360 1115 1382 sancta
1127 1354 1182 1382 sint
1193 1354 1277 1381 excisi
1296 1362 1302 1380 :
1316 1356 1342 1380 at
1355 1361 1370 1380 e
1382 1352 1492 1379 diverso
1508 1358 1579 1378 nova
1600 1349 1722 1378 ﬁdelium
1739 1349 1812 1376 mul-

1023 1401 1111 1430 titudo
1122 1401 1235 1428 suborta
1249 1400 1295 1432 sit,
1307 1407 1367 1434 qua:
1379 1397 1534 1426 suavissimi
1554 1396 1648 1424 odoris
1666 1395 1812 1422 arboribus

1022 1450 1206 1481 comparatur,
1221 1445 1311 1472 disces
1322 1444 1448 1479 protinus
1460 1451 1493 1470 ex
1505 1442 1570 1474 Deo,
1596 1441 1705 1468 dicente
1719 1448 1726 1466 :
1751 1449 1760 1465 ι
1779 1439 1813 1466 Et

1023 1493 1118 1521 faciam
1139 1493 1246 1520 deserta
1267 1492 1294 1518 in
1314 1495 1408 1526 stagna
1423 1495 1452 1518 et
1467 1494 1569 1517 terram
1595 1494 1725 1523 aquosam
1741 1495 1747 1513 ε
1764 1493 1813 1521 po-

1023 1546 1085 1565 nam
1114 1538 1143 1564 in
1171 1541 1271 1564 terram
1291 1540 1414 1563 arentem
1432 1535 1556 1566 cedrum,
1585 1537 1613 1561 et
1639 1533 1754 1564 buxum,
1786 1535 1814 1558 et

1023 1588 1152 1620 myrtum,
1171 1589 1198 1611 et
1219 1590 1394 1618 cupressum,
1410 1586 1438 1609 et
1452 1581 1584 1616 populum
1597 1579 1630 1606 ³⁷.
1649 1592 1656 1604 ι
1681 1578 1714 1606 Ει
1733 1577 1815 1612 paulo

1023 1636 1104 1666 post:
1124 1641 1132 1656 4
1146 1631 1177 1658 Et
1201 1630 1255 1657 crit
1283 1635 1311 1657 ut
1329 1637 1378 1664 pro
1402 1629 1490 1656 stmha
1509 1630 1636 1662 exsurgat
1657 1632 1814 1660 cupressus,

1023 1683 1051 1705 et
1073 1684 1121 1712 pro
1144 1675 1277 1711 pulicaria
1302 1675 1387 1702 herba
1410 1678 1538 1709 exsurgat
1556 1676 1661 1708 myrtUs
1682 1672 1716 1698 π.
1730 1675 1748 1696 ι’
1763 1671 1815 1698 Per

1024 1723 1137 1750 cedrum
1158 1723 1231 1750 enim
1251 1721 1386 1756 intelliges
1403 1727 1479 1755 spem
1498 1719 1670 1747 credentium
1684 1717 1712 1744 in
1730 1717 1814 1744 vitam

1024 1774 1162 1797 aeternam.
1178 1768 1286 1796 Cedrus
1303 1767 1376 1795 enim
1401 1774 1498 1801 expers
1515 1770 1557 1793 est
1579 1763 1740 1800 putredinis.
1763 1763 1816 1790 Per

1024 1815 1128 1842 buxum
1162 1818 1270 1846 autem,
1298 1812 1372 1848 quod
1406 1812 1504 1839 levitas
1532 1819 1565 1838 ac
1588 1810 1688 1837 mentis
1719 1808 1815 1836 incon-

1023 1861 1124 1889 stantia
1155 1868 1170 1887 a
1200 1858 1363 1887 Christianis
1383 1858 1472 1885 aliena
1498 1864 1558 1884 esse
1582 1856 1690 1883 debeat.
1717 1853 1818 1882 Omnes

1025 1907 1099 1935 enim
1122 1906 1305 1940 intelligentes
1325 1907 1399 1935 sunt,
1420 1907 1450 1930 ut
1471 1902 1517 1937 qui
1539 1902 1680 1929 Christum
1699 1900 1818 1927 habeant

1028 1960 1104 1980 suam
1129 1955 1247 1979 mentem
1271 1955 1352 1985 atque
1376 1949 1555 1976 intellectum.
1580 1948 1672 1974 Buxus
1688 1946 1762 1973 enim
1783 1946 1817 1972 li—

1028 2006 1109 2034 gnum
1130 2002 1171 2024 cst
1189 2000 1372 2030 compactum,
1387 1994 1555 2028 multamque
1566 1993 1592 2020 in
1609 2000 1642 2020 se
1652 1992 1817 2018 soliditatem

1030 2044 1142 2072 habens.
1166 2043 1252 2070 Porro
1275 2049 1323 2077 per
1344 2045 1465 2077 myrtum
1487 2039 1650 2074 intelligitur
1674 2038 1745 2064 bona
1765 2037 1820 2067 fra-

1029 2089 1134 2126 grantia
1154 2089 1181 2115 in
1202 2087 1428 2118 sanctificatione,
1443 2090 1470 2113 et
1483 2088 1616 2120 perpetua
1627 2083 1655 2110 in
1667 2082 1752 2118 gratia
1768 2081 1818 2109 ﬁo-

1030 2132 1135 2165 riditas.
1157 2136 1190 2163 At
1204 2143 1252 2171 per
1267 2142 1441 2170 cupressum,
1456 2132 1572 2160 altitudo
1590 2135 1617 2159 et
1635 2131 1724 2158 bonus
1741 2129 1817 2157 odor.

191 2181 307 2217 εὔοσμον
323 2182 352 2208 ὲν
367 2182 504 2217 ἁγιασμῷ,
522 2183 569 2210 καὶ
587 2183 617 2209 τὸ
633 2183 755 2215 ἀειθαλὲς
771 2185 798 2209 ἐν
813 2184 914 2219 χάριτι.
930 2184 972 2210 Διό

1030 2183 1231 2211 Altitudocnim
1244 2186 1295 2214 est,
1309 2182 1430 2215 inquam,
1444 2180 1472 2206 in
1485 2179 1597 2207 virtute,
1606 2181 1634 2204 et
1650 2177 1677 2203 in
1688 2175 1821 2203 doctrinis

191 2227 220 2254 δέ
233 2236 264 2261 γε
276 2227 326 2263 τῆς
336 2228 519 2264 κυπαρίσσου,
532 2229 562 2255 τὸ
576 2229 676 2264 ὑψηλὸν
689 2229 735 2255 καὶ
742 2228 854 2260 εὑῶδες.
863 2228 979 2264 Ὑψηλδν

191 2273 221 2300 δέ
236 2282 308 2308 φημι
325 2275 396 2302 κατά
410 2283 443 2309 γε
465 2276 513 2310 τὴν
529 2275 630 2311 ἀρετὴν
655 2276 701 2303 καὶ
717 2276 747 2302 τὸ
761 2276 799 2308 ὡς
818 2277 846 2302 ὲν
866 2277 982 2312 δόγμασι

195 2320 354 2354 περιφανές.
371 2321 420 2347 Διὰ
438 2320 466 2347 δὲ
481 2321 532 2355 τῆς
544 2321 655 2357 λεύκης,
668 2323 699 2349 τὸ
712 2323 792 2349 οἱονεὶ
809 2323 933 2358 λαμπρόν
954 2332 984 2350 τε

194 2365 243 2392 καὶ
265 2365 394 2393 ἐκλευκον
411 2367 451 2398 εἰς
472 2367 656 2404 δικαιοσύνην.
682 2369 812 2404 Λαμπροὶ
831 2369 884 2404 γὰρ
907 2369 931 2395 οἱ
955 2369 984 2396 ἐν

194 2410 315 2446 Χριστῷ,
327 2413 360 2446 τῇ
374 2413 437 2448 παρ’
451 2412 533 2438 αὑτοῦ
548 2413 789 2449 καταγλαῖζὸμενοι
806 2415 906 2450 χάριτι.
923 2415 985 2441 Στέ-

195 2455 271 2491 λεχος
280 2456 311 2491 δὴ
323 2454 369 2483 οὖν
380 2457 522 2492 ἀνειμένον
533 2458 699 2494 Maeniam,
711 2460 727 2494 ἢ
741 2460 820 2492 αὐτὸς
830 2461 844 2486 ὁ
857 2461 983 2495 Χριστὸς,

195 2501 212 2537 ἢ
226 2503 250 2528 ot
263 2503 383 2538 Χριστοῦ
396 2503 538 2540 γνώριμοι.
559 2506 666 2541 Ἐπειδὴ
677 2506 704 2532 δέ
716 2515 791 2540 (mar
808 2516 817 2532 ι
838 2507 985 2540 Ἐπιδιὸοὒς

195 2548 235 2584 τῷ
247 2550 396 2584 γεννήματι
414 2550 521 2582 κάλλος·
547 2561 556 2576 ι
575 2551 772 2587 ύποδηλώσειεν
790 2552 834 2584 ἂν,
855 2553 892 2584 ὡς
914 2550 984 2587 ἐγῷ-

198 2602 258 2629 μαι,
275 2594 394 2622 τοιοῦτόν
412 2604 438 2622 τι
455 2596 545 2623 πάλιν.
570 2597 614 2623 Ἐν
628 2597 725 2632 ἀρχαῖς
749 2597 798 2632 μὲν
817 2597 869 2631 γὰρ
886 2598 900 2624 ὁ
919 2599 986 2633 Χρι-

198 2641 270 2673 στος,
281 2641 309 2668 ὲν
328 2641 368 2676 τῷ
383 2642 444 2668 καθ’
461 2643 535 2677 ἡμᾶς
554 2642 691 2678 ὁρώμενος
707 2644 844 2678 σχήματι,
859 2644 899 2670 ὅτι
920 2645 985 2676 Θεὸς

199 2686 269 2713 κατὰ
283 2695 363 2720 φυσιν
379 2688 446 2720 ἐστὶ,
463 2689 510 2715 καὶ
521 2689 545 2715 εί
560 2689 655 2723 γέγονε
662 2689 739 2724 σὰρξ,
754 2690 802 2715 οὐκ
818 2689 985 2716 ἐπιστεύετο.

200 2733 254 2760 Καὶ
270 2734 336 2767 γοῦν
355 2735 524 2762 λιϐόλεύςτον
538 2737 587 2771 μὲν
602 2737 687 2762 ποιεῖν
701 2737 725 2762 οἰ
745 2736 864 2763 Ἰουδαῖοι
878 2736 988 2763 ἀπετύλ-

1034 2231 1153 2258 claritas.
1176 2229 1228 2256 Per
1249 2228 1380 2263 populum
1402 2233 1468 2254 vero
1480 2224 1651 2260 splendorem
1664 2227 1745 2257 atque
1758 2229 1821 2248 can-

1032 2277 1126 2304 dorem
1149 2274 1334 2309 intelligemus
1357 2272 1391 2299 ad
1413 2270 1558 2307 justitiam.
1583 2267 1724 2303 Splendidi
1746 2266 1820 2294 enim

1032 2325 1097 2350 sunt
1116 2320 1276 2351 Christiani,
1299 2322 1479 2347 coruscantes
1504 2316 1550 2343 Dei
1573 2315 1670 2351 gratia.
1696 2313 1821 2340 Truncus

1032 2366 1115 2402 igitur
1123 2369 1165 2393 est
1180 2363 1364 2398 Nephthalim,
1377 2366 1424 2389 aut
1437 2361 1530 2396 potius
1542 2361 1599 2395 ipse
1609 2359 1744 2390 Christus,
1760 2357 1822 2393 qui.

1032 2421 1086 2448 que
1107 2412 1216 2440 Christo
1237 2410 1293 2437 noti
1314 2413 1388 2436 sunt.
1411 2407 1479 2435 Cum
1502 2412 1593 2434 autem
1614 2405 1701 2433 dixit:
1727 2414 1735 2430 ε
1751 2404 1823 2432 Dans

1034 2458 1150 2495 germini
1173 2455 1406 2492 pulchritudinem
1418 2454 1452 2485 ",
1472 2463 1481 2479 ι
1499 2453 1551 2480 tale
1563 2452 1703 2488 quidpiam
1716 2458 1822 2482 rursus,

1036 2508 1065 2533 ut
1085 2504 1216 2534 arbitror.
1229 2501 1424 2530 subindieavit.
1438 2499 1506 2527 Cum
1520 2499 1594 2526 enim
1607 2498 1733 2526 Christus
1745 2496 1823 2523 initio

1036 2552 1063 2578 in
1080 2552 1198 2578 humana
1218 2554 1316 2576 natura
1328 2550 1482 2582 appareret,
1495 2553 1550 2572 non
1564 2543 1644 2572 facile
1657 2543 1822 2571 credebatur

1035 2602 1130 2632 suapte
1151 2600 1253 2623 natura
1269 2595 1340 2621 Deus
1356 2599 1428 2625 esse,
1446 2596 1475 2619 et
1493 2592 1580 2618 factus
1592 2597 1651 2618 esse
1668 2596 1741 2617 caro.
1753 2588 1824 2616 Hinc

1034 2648 1062 2671 et
1084 2642 1170 2670 Judaei
1200 2640 1330 2668 volebant
1356 2646 1420 2666 eum
1451 2637 1582 2672 lapidare,
1604 2635 1766 2670 obiiciente:
1793 2640 1820 2662 et

1036 2687 1119 2724 quod,
1139 2694 1203 2714 cum
1232 2686 1313 2712 homo
1340 2688 1426 2716 esset,
1454 2685 1574 2717 seipsnm
1600 2686 1691 2709 tamen
1713 2680 1824 2707 fecisset

1036 2735 1122 2762 Deum
1147 2733 1164 2759 ¹.
1186 2732 1257 2765 Quin
1279 2736 1306 2758 et
1322 2735 1430 2757 sanctos
1450 2729 1586 2764 apostolos
1604 2734 1749 2756 cernemus
1760 2734 1822 2753 eum

236 2791 378 2828 'irEzech.
399 2804 463 2828 xvu,
478 2796 569 2823 ενοι.
609 2796 631 2812 ⁹⁶
652 2796 673 2823 ll
689 2795 752 2823 Cor.
765 2804 799 2828 xi,
816 2797 841 2822 '7.
880 2796 902 2812 ’7
923 2786 972 2824 lsa.

1023 2803 1044 2828 ι,
1061 2794 1102 2826 l8,
1121 2792 1165 2819 19.
1201 2791 1224 2807 ’⁸⁸
1246 2791 1296 2818 lsa.
1309 2798 1350 2823 ιν,
1367 2790 1397 2816 l5
1446 2789 1470 2805 ’³
1488 2788 1555 2817 Gen.
1570 2796 1638 2819 xux,
1653 2788 1696 2815 2,5.
1725 2786 1822 2814 'Joan.

204 2833 230 2859 ι,
247 2826 343 2854 ὄί-ὅό.
