1999 3056
211 113 264 142 δῖὸ

719 117 747 146 S.
767 119 905 149 CYRILLI
924 118 1159 147 ALEXANDRINI
1175 117 1332 145 ARCHIEP.

1777 114 1826 145 376

212 171 323 207 quidem
336 177 463 209 tanquam
478 175 664 211 prodigiorum
676 177 835 206 eﬂ'ectorem
849 179 983 206 admirata

1050 185 1118 212 μων,
1131 177 1272 211 ἐπίκλημα
1284 175 1331 202 καὶ
1342 174 1454 210 γραφὴν
1467 173 1691 211 ιπιρριπτοῦντες
1704 173 1779 209 αὐτῷ
1793 173 1830 201 σιὺ.

211 219 295 247 fuisse
309 228 315 253 ;
335 228 388 248 non
402 224 492 249 tamen
504 223 646 251 manifeste
658 225 817 259 mysterium
829 225 863 252 de
874 225 934 259 ipso
950 225 995 251 in-

211 265 361 293 tellexisse.
377 266 511 299 Quocirca
531 276 593 295 cum
608 269 717 297 sedaret
729 278 814 303 mare,
829 275 858 297 et
872 271 994 305 impuro-

211 319 272 338 rum
287 311 432 346 spirituum
445 313 563 348 impetus
575 315 746 349 reprimeret,
756 316 912 351 cogitabant
922 315 994 343 intra

209 363 239 383 se
262 356 384 385 dicentes
398 366 404 384 :
430 367 439 384 ‹
453 358 546 391 Qualis
563 363 605 386 est
625 359 686 391 iste.
699 360 770 394 quod
785 364 812 387 et
827 361 905 396 237
918 368 994 388 mare

209 405 237 428 et
255 402 329 429 venti
348 402 478 430 obediant
493 405 558 431 ei"!
577 415 586 430 ι
603 405 719 432 Videsne
730 406 868 440 quomodo
882 406 909 434 id
920 406 993 441 quod

209 451 305 482 suapte
319 452 417 475 natura
430 454 499 481 erat,
520 449 573 477 hoc
589 455 640 481 est,
661 451 744 483 Deus,
757 451 808 478 etsi
821 451 909 479 factus
929 460 993 479 caro

207 491 301 525 fuerit,
326 493 447 520 nondum
469 498 559 521 tamen
582 494 616 521 ab
633 494 673 522 eis
689 496 736 529 qui
764 495 793 522 in
814 496 916 523 mundo
929 499 993 523 sunt

208 538 334 573 cognitus
351 538 396 571 sit,
418 547 507 574 neque
533 539 648 574 gloriam
670 540 762 568 divina
782 541 924 576 majestate
948 541 992 568 di-

206 589 288 617 gnam
307 583 476 611 obtinuerit?
494 584 640 619 Postquam
654 593 720 613 vero
734 585 761 612 in
778 586 857 613 nobis
872 586 992 621 cognitio

205 628 265 662 ejus
281 629 427 664 ampliores
442 637 603 665 progressus
617 631 691 663 fecit,
711 638 769 659 tum
780 632 888 659 demum
903 633 992 660 credi-

206 676 250 700 tus
266 677 308 701 est
327 678 423 708 suapte
445 679 542 703 natura
561 677 633 704 Deus
648 685 708 705 esse
722 687 728 704 :
750 687 759 704 ι
772 686 907 713 omneque
920 687 990 714 genu

205 718 256 752 ipsi
281 718 401 746 ﬂectitur
424 720 444 754 ⁸,
461 730 470 747 ι
500 725 558 749 toto
581 722 648 750 orbe
663 723 752 758 ipsum
768 723 990 752 adorante.Cum

203 771 269 799 ergo
288 764 315 792 in
334 765 415 794 nobis
435 768 555 802 cognitio
570 768 656 803 ipsius
673 769 706 796 ad
720 770 915 804 perfectionem
926 778 990 805 per-

203 809 285 837 ducta
311 810 406 844 fuerit,
427 815 493 840 tunc
510 813 619 841 demum
639 815 779 849 speciosus
790 823 846 850 prae
858 816 921 843 filiis
938 816 989 844 ho-

1049 223 1126 249 «Ὄτι
1136 223 1178 254 σὺ,
1189 221 1382 258 ἄνθρωποςᾶΝ,
1392 223 1478 252 ποιεῖς
1489 219 1601 247 σεαυτὸν
1608 219 1684 247 Θεόν.
1698 229 1707 245 ι
1718 219 1841 255 Εὐρήσο-

1048 277 1096 304 μεν
1104 269 1131 295 δὲ
1141 269 1188 295 καὶ
1199 268 1297 300 αὐτοὺς
1303 268 1365 299 τοὺς
1372 267 1466 302 ἁγίους
1472 266 1638 298 ἀποστόλους
1648 266 1834 298 κατατεθηπό-

1045 322 1094 345 τας
1104 313 1152 349 μὲν
1165 312 1399 348 ὠςτερατουργὺν,
1409 312 1479 346 πλὴν
1485 311 1561 338 οὐπω
1571 311 1665 345 σαφῶς
1674 310 1704 337 τὸ
1714 311 1832 346 lapte-1L

1043 359 1091 386 τοῦ
1104 359 1244 390 συνιέντας
1260 359 1417 393 μυστήριον.
1432 357 1576 393 Τοιγάρτοι
1586 355 1770 391 κατηυνάζετο
1783 356 1834 390 μὲν

1043 407 1060 442 ἡ
1074 406 1205 437 θάλασσα,
1221 405 1268 432 καὶ
1283 404 1445 439 πνευμάτων
1457 403 1560 438 ἀγρίων
1572 402 1738 429 ἁνεκόπτετο
1749 402 1830 437 φορὰ,

1043 450 1162 488 Χριστοῦ
1175 450 1299 485 γενέσθαι
1316 449 1537 485 προστάττοντος.
1556 449 1588 475 Οἱ
1603 448 1642 481 δὲ,
1657 448 1734 482 φησὶ,
1747 448 1842 474 διελοα

1043 497 1149 532 γίζοντο
1162 497 1190 523 ὲν
1204 497 1310 527 ἑαυτοῖς
1324 495 1461 529 λέγοντες’
1477 503 1486 520 ι
1506 493 1631 525 Ποταπός
1646 494 1720 520 ἐστιν
1742 490 1829 526 οὗτος,

1043 544 1083 571 ὅτι
1099 544 1169 578 καὶὴ
1179 543 1299 569 θάλασσα
1308 562 1314 573 ,
1328 542 1375 568 καὶ
1385 542 1410 568 oi
1418 541 1512 575 ἄνεμοι
1521 540 1704 567 ὑπακούουσιν
1714 539 1788 574 αὐτῷ
1797 547 1805 572 ;
1814 547 1825 564 ν

1049 590 1129 626 Ὁρᾷς
1138 590 1222 621 ὅπως,
1234 589 1302 623 ὅπερ
1314 585 1347 623 ἦν
1361 587 1431 614 κατὰ
1447 587 1539 621 φύσιν,
1556 585 1679 612 τουτέστι
1696 584 1772 616 Θεὸς,
1782 586 1831 612 καὶ

1041 636 1066 662 sl
1085 635 1179 670 γέγονε
1192 633 1270 668 σὰρξ,
1288 633 1365 659 οὐπω
1378 633 1434 664 τοῖς
1449 631 1519 658 κατὰ
1533 631 1634 666 κόσμον
1654 630 1828 665 ἐγνωρίςετο.

1041 681 1088 707 καὶ
1103 679 1137 716 ἦν
1157 681 1185 706 ὲν
1203 678 1291 712 δόξαις
1314 679 1375 710 ταῖς
1397 677 1473 704 οὔπω
1492 677 1649 712 λαμπραῖς;
1668 675 1778 710 Ἐπειδὴ
1801 675 1826 702 δὲ

1041 727 1109 763 πρὸς
1126 726 1245 754 ἐπίδοσιν
1263 725 1294 751 ὲν
1310 725 1375 759 ἡμῖν
1388 724 1404 758 ή
1421 723 1486 758 περὶ
1501 722 1583 749 αὐτοῦ
1602 721 1745 757 κεχώρηκε
1757 721 1826 755 γνῶ-

1041 783 1093 807 σις,
1114 772 1260 806 ἐπιστεύθη
1282 770 1385 801 λοιπὸν.
1410 771 1450 797 ὅτι
1474 769 1541 801 Θεὸς
1563 769 1634 795 κατὰ
1651 767 1731 802 φύσιν
1757 767 1827 799 ἐστὶ,

1043 829 1052 846 ι
1072 819 1120 846 καὶ
1137 817 1211 854 αὐτῷ
1222 817 1274 844 πᾶν
1286 817 1349 851 γόνυ
1365 815 1480 850 κάμψει,
1498 825 1508 841 ι
1525 814 1732 850 προσκυνούσης
1747 813 1827 841 αὐτὸν

201 855 308 882 minum
321 856 332 871 ⁵
350 858 502 892 apparebit.
516 862 544 885 et
556 866 620 886 vere
636 864 826 895 cognoscetur.
836 860 870 888 At
886 868 952 888 vero
963 861 984 888 si

1037 865 1086 901 τῆς
1108 865 1154 891 ὐπ’
1171 863 1295 899 οὐρανόν.
1318 861 1422 888 Οὐκοῦν
1443 861 1591 897 προϊούσης
1609 861 1649 892 είς
1669 859 1828 893 τελειότητα

201 899 236 927 de
262 900 343 928 nobis
367 909 399 929 ea
422 902 505 930 verba
525 903 721 938 intelligantur,
754 913 763 929 ι
777 905 849 932 Dans
871 905 988 941 germini

200 946 435 982 pulchritudinem
459 970 466 981 ,
484 957 493 974 ι
514 956 569 976 non
586 949 701 977 obscura
720 949 805 978 fuerit
819 951 898 978 ratio.
920 951 988 979 Cum

200 992 275 1019 enim
293 1000 402 1028 semper
421 993 596 1029 proﬁciamus
616 995 644 1023 in
662 996 774 1029 virtute,
788 1001 870 1032 atque
882 997 915 1025 ad
930 1006 989 1026 me-

200 1037 269 1066 liora
290 1039 488 1068 contendamus
509 1041 542 1068 ad
566 1041 696 1069 ulteriora
720 1049 771 1070 nos
799 1043 987 1077 extendentes,

197 1083 274 1119 juxta
293 1084 365 1112 beati
385 1085 462 1113 Pauli
480 1093 575 1114 vocem
586 1087 608 1119 ⁸,
625 1091 683 1114 tum
697 1087 822 1122 profecto
833 1096 940 1124 semper
951 1090 985 1125 ad

198 1129 431 1164 pulchritudinem
458 1132 664 1168 progredimur,
690 1133 931 1168 pulchritudinem,
945 1136 986 1163 in-

199 1183 290 1210 quam,
300 1176 471 1211 spiritualem
483 1186 489 1211 ;
502 1178 539 1205 ita
552 1182 582 1205 ut
592 1183 620 1206 et
631 1178 711 1206 nobis
719 1178 772 1206 dici
781 1180 863 1214 possit
877 1189 883 1207 :
897 1180 984 1209 «Con-

198 1222 303 1257 cupivit
313 1224 362 1250 rei
375 1223 503 1252 decorem
520 1228 598 1252 tuum
611 1226 631 1252 ‘.
647 1234 656 1250 ι

1037 912 1086 947 τῆς
1102 910 1167 943 περὶ
1182 908 1264 937 αὐτοῦ
1285 907 1412 942 γνώσεως
1428 908 1457 934 ἐν
1472 908 1549 943 ἡμῖν,
1566 906 1665 942 ὡραίος
1680 905 1718 932 ὢν
1733 905 1826 932 κάλλει

1037 956 1113 992 παρὰ
1123 956 1184 987 τοὺς
1193 955 1266 985 υἱοὺς
1278 954 1332 980 τῶν
1346 952 1507 988 ἀνθρώπων,
1523 952 1583 979 τότε
1598 951 1642 986 δὴ,
1661 951 1721 978 τότε
1738 950 1825 983 διαγι-

1038 1000 1182 1029 νώσκεται.
1205 1000 1237 1026 Εἰ
1252 999 1281 1026 δὲ
1297 998 1330 1034 δὴ
1352 997 1399 1025 καὶ
1415 998 1459 1032 ἐφ’
1480 997 1559 1032 ἡμῶν
1584 998 1669 1023 νοοῖτο
1689 994 1769 1030 τύχδν
1783 994 1824 1027 τὸ,

1041 1057 1051 1076 ι
1073 1046 1223 1077 Ἐπιδιδούς
1233 1044 1271 1080 τῷ
1289 1044 1439 1079 γεννήματι
1449 1043 1547 1074 κάλλος
1557 1063 1565 1076 ,
1581 1052 1590 1069 ι
1603 1042 1653 1069 οὐκ
1663 1040 1825 1076 ἀσυμφανὴς

1039 1093 1053 1120 ό
1065 1092 1155 1126 λόγος.
1169 1090 1374 1125 Προκόπτοντες
1387 1089 1440 1125 γὰρ
1451 1089 1495 1116 ἀεὶ
1506 1088 1577 1115 κατὰ
1588 1087 1699 1123 ἀρετὴν,
1712 1085 1824 1114 καὶτῶν

1038 1137 1188 1174 ἀμεινόνων
1208 1135 1413 1170 ἐφικνούμενοι,
1439 1134 1498 1170 ἤτοι
1520 1135 1576 1165 τοῖς
1595 1131 1750 1168 ἔμπροσθεν
1772 1132 1822 1158 ὲπ-

1037 1182 1228 1216 εκτεινόμενοι,
1241 1179 1312 1207 κατὰ
1322 1179 1371 1215 τὴν
1381 1178 1427 1206 τοῦ
1441 1178 1576 1214 μακαρίου
1588 1177 1695 1204 Παύλου
1713 1175 1822 1211 φωνὴν.

1036 1229 1076 1259 εἰς
1083 1227 1179 1257 κάλλος
1187 1226 1231 1253 ἀεὶ
1240 1225 1270 1252 τὸ
1281 1225 1510 1261 περιφανέστερον
1518 1224 1585 1251 αναθ
1590 1223 1730 1259 ρώσκομεν
1738 1230 1745 1237 °
1756 1221 1823 1249 κάλ·

198 1268 242 1301 λος
258 1268 286 1295 δέ
303 1277 372 1305 φημι
385 1269 416 1297 τὸ
444 1270 636 1306 πνευματικὸν.
652 1271 695 1298 ἵνα
710 1272 758 1299 καὶ
771 1273 836 1308 ἡμῖν
851 1273 962 1308 λέγηται
989 1273 1093 1301 λοιπόν-
1114 1282 1124 1299 ι
1154 1271 1342 1308 Ἐπεθύμησεν
1360 1271 1375 1298 ό
1395 1270 1525 1302 Βασιλεὺς
1540 1270 1587 1298 τοῦ
1604 1270 1720 1302 κάλλους
1737 1277 1794 1296 σου.
1810 1278 1820 1295 ι

502 1326 541 1354 De
554 1326 675 1363 Iorepha.

237 1379 245 1395 ι
259 1369 345 1398 Filius
356 1376 453 1399 auctus
463 1371 562 1407 Ioseph
577 1372 666 1400 :iilius
678 1377 785 1406 auctus,
794 1373 985 1403 desiderabilis

197 1414 271 1442 ﬁlius
281 1416 466 1450 meusjunior,
475 1417 509 1443 ad
521 1424 564 1444 me
582 1422 731 1446 revertere.
743 1418 773 1445 In
788 1426 870 1453 quem
885 1427 984 1447 consu-

196 1460 285 1488 lentes
302 1461 447 1489 conviciati
461 1466 535 1494 sunt,
555 1461 675 1489 insidiati
693 1467 757 1490 sunt
776 1463 802 1490 ei
825 1464 928 1492 domini
942 1472 984 1492 sa—

1279 1327 1348 1362 Περὶ
1373 1327 1427 1354 τοῦ
1458 1326 1575 1362 Ἰωσήφ.

1071 1385 1080 1402 ι
1101 1375 1166 1407 Υἱὸς
1179 1374 1333 1410 ηὐξημένος
1353 1374 1452 1409 Ἰωσήφ
1464 1381 1470 1389 ·
1484 1373 1541 1405 υίὸς
1554 1372 1717 1408 ηὐξημένος,
1734 1373 1823 1408 ζηλω-

1031 1422 1082 1457 τὴς
1098 1422 1155 1453 υἱός
1171 1429 1221 1457 μου
1236 1420 1378 1451 νεώτατος,
1395 1419 1464 1455 πρός
1480 1427 1514 1454 με
1531 1419 1708 1455 ἀνάστρεψον.
1725 1420 1773 1451 Εἰς
1792 1419 1822 1446 όν

1031 1466 1264 1501 διαδουλευόμενοι
1285 1465 1446 1500 ἐλοιδόρουν,
1462 1464 1509 1491 καὶ
1524 1464 1625 1499 ὲνεῖχον
1639 1463 1715 1498 αὐτῷ
1728 1463 1820 1499 κύριοι

196 1506 380 1542 gittationum,
396 1511 425 1535 et
437 1507 548 1535 contriti
567 1512 631 1535 sunt
645 1515 708 1535 cum
723 1507 884 1537 fortitudine
900 1518 980 1538 arcus

1035 1511 1222 1546 τοξευμάτων,
1243 1511 1289 1537 καὶ
1305 1509 1449 1545 συνετρίϐη
1475 1509 1544 1544 μετὰ
1566 1510 1684 1545 κράτους
1699 1509 1733 1536 τὰ
1754 1509 1821 1542 τόξα

194 1560 300 1585 eorum,
310 1557 338 1581 et
348 1553 474 1581 dissoluti
491 1556 555 1581 sunt
573 1554 652 1581 nervi
664 1554 839 1581 brachiorum
852 1563 983 1583 manuum

195 1606 291 1626 eorum
306 1606 355 1634 per
373 1607 484 1626 manum
495 1599 615 1634 potentis
625 1599 719 1627 Iacob.
735 1599 800 1627 inde
820 1601 983 1629 corrobora-

195 1649 238 1672 tor
252 1644 334 1672 lsrael
347 1652 363 1672 ο
378 1644 434 1672 Deo
447 1644 532 1679 patris
548 1644 600 1677 tui,
612 1648 640 1672 et
656 1645 761 1680 adjuvit
772 1650 797 1673 te
807 1646 879 1674 Deus
893 1655 981 1678 meus.

195 1694 223 1716 et
236 1689 376 1717 benedixit
397 1690 448 1717 tibi
465 1689 684 1718 benedictionem
714 1691 776 1719 coeli
796 1692 925 1727 desuper,
955 1698 983 1721 et

195 1735 413 1764 benedictionem
432 1740 512 1764 terra:
532 1736 659 1764 habentis
685 1738 786 1770 omnia,
801 1743 913 1774 propter
932 1739 981 1766 be-

195 1780 378 1808 nedictionem
399 1781 515 1809 uberum
535 1785 563 1809 et
574 1782 671 1814 vulvae,
689 1782 910 1811 benedictionem
931 1792 980 1819 pa—

195 1825 246 1852 tris
263 1825 302 1852 tui
323 1829 351 1853 et
372 1826 467 1854 matris
490 1831 552 1854 tua}.
570 1826 745 1855 Confortatus
759 1835 788 1854 es
800 1835 883 1862 super
896 1827 980 1855 bene-

194 1869 329 1899 dictiones
340 1872 474 1899 montium
486 1873 634 1905 stabilium,
650 1876 678 1900 et
698 1873 725 1900 in
741 1873 980 1901 benedictionibus

194 1915 307 1943 collium
325 1920 499 1944 aeternorum.
515 1917 604 1945 Erunt
627 1925 709 1952 super
725 1921 807 1953 caput
829 1918 941 1953 Joseph,
952 1923 980 1946 et

194 1967 276 1996 super
289 1961 418 1988 verticem
433 1961 533 1996 quibus
541 1962 648 1997 praefuit
664 1963 776 1990 fratrum
785 1963 806 1989 τ.
826 1973 834 1988 ι
847 1963 909 1990 Haec
917 1971 979 1998 pro-

194 2007 286 2042 phetia
301 2007 396 2035 itidem
414 2008 503 2036 tendit
513 2009 547 2036 ad
564 2010 653 2044 ipsum
672 2009 876 2037 Emmanuelem
895 2018 900 2036 :
916 2018 977 2043 nec,

193 2053 267 2088 quod
285 2053 331 2081 hic
342 2054 520 2090 signiﬁcatur,
537 2059 627 2090 potest
656 2054 730 2082 aliud
752 2055 899 2089 quidquam
918 2063 979 2084 esse

193 2108 273 2135 quam
287 2100 405 2135 idipsum
431 2101 504 2136 quod
522 2101 692 2136 praecedente
712 2101 801 2135 capite
816 2101 882 2132 dixi,
900 2110 979 2130 nem-

193 2153 247 2180 pe:
269 2155 278 2171 ι
295 2146 367 2174 Deus
375 2146 489 2182 germini
499 2146 761 2181 pulchritudinem“.
778 2156 787 2172 ι
803 2147 870 2174 Nam
884 2147 977 2176 dicere

1034 1558 1140 1589 αὐτῶν,
1157 1557 1203 1584 καὶ
1217 1556 1328 1591 ἐξελύθη
1343 1554 1378 1582 τὰ
1391 1555 1474 1590 νεῦρα
1491 1555 1638 1591 βραχιόνων
1657 1555 1756 1591 χειρῶν
1769 1556 1819 1582 αὐ-

1033 1603 1087 1630 τῶν
1101 1603 1145 1630 διὰ
1159 1604 1237 1638 χεῖρα
1250 1602 1380 1629 δυνάστου
1405 1601 1511 1628 Ίακώό.
1533 1600 1653 1628 Ἐκεῖθεν
1664 1601 1679 1627 ό
1692 1601 1822 1636 κατισχύο

1034 1657 1083 1680 σας
1100 1648 1208 1684 Ἰσραὴλ
1221 1647 1297 1683 παρὰ
1306 1646 1373 1673 Θεοῦ
1386 1646 1433 1673 τοῦ
1444 1646 1548 1682 πατρός
1562 1655 1618 1673 σου·
1634 1646 1679 1673 καὶ
1689 1646 1820 1682 ἐϐοήθησέ

1033 1702 1075 1720 σοι
1087 1695 1100 1720 ὁ
1114 1693 1179 1725 Θεὸς
1197 1694 1211 1720 ὸ
1222 1693 1297 1728 ἐμὸς,
1314 1692 1361 1719 καὶ
1377 1691 1510 1726 εὐλογησὲ
1525 1700 1553 1717 σε
1565 1691 1690 1726 εὐλογίαν
1704 1690 1819 1726 οὐρανοῦ

1031 1739 1151 1771 ἄνωθεν,
1175 1739 1222 1765 καὶ
1243 1738 1368 1772 εὐλογίαν
1387 1738 1437 1772 γῆς
1461 1738 1575 1773 ἐχούσης
1600 1738 1699 1769 πάντα,
1726 1737 1819 1764 ἕνεκεν

1031 1784 1156 1818 εὐλογίας
1176 1783 1286 1818 μαστῶν
1301 1783 1348 1810 καὶ
1371 1783 1489 1819 μήτρας,
1510 1783 1635 1816 εὐλογίας
1653 1783 1756 1819 πατρός
1771 1791 1818 1809 σου

1031 1829 1077 1856 καὶ
1097 1828 1199 1864 μητρός
1218 1837 1275 1855 σου.
1301 1828 1502 1864 Ὑπερίσχυσας
1518 1828 1561 1854 ἐπ’
1578 1827 1714 1862 εὐλογίαις
1732 1827 1818 1861 ὀρέων

1032 1874 1161 1909 μονίμων,
1178 1873 1225 1900 καὶ
1238 1873 1281 1899 ἐπ’
1301 1873 1436 1907 εὐλογίαις
1453 1872 1533 1899 θινῶν
1554 1872 1687 1905 αἰωνίων,
1703 1873 1731 1899 αἳ
1746 1872 1819 1899 ἔσον-

1029 1927 1074 1946 ται
1088 1919 1132 1946 ἐπὶ
1144 1918 1265 1953 κεφαλὴν
1282 1917 1393 1954 Ἰωσὴφ,
1409 1918 1455 1945 καὶ
1471 1918 1518 1945 ἐπὶ
1538 1919 1659 1954 κορυφῆς
1670 1938 1676 1949 ,
1691 1915 1728 1945 ὧν
1747 1919 1817 1953 ἡγή-

1030 1973 1105 1996 σατο,
1123 1964 1256 1999 ἀδελφῶν.
1276 1973 1285 1990 I
1314 1964 1372 1990 Ἐπ’
1397 1964 1476 1991 αὐτὸν
1495 1965 1559 1999 ἡμῖν
1581 1964 1662 1991 πάλιν
1682 1964 1726 1990 τὸν
1751 1964 1817 1998 Ἐμ-

1031 2008 1149 2044 μανουὴλ
1165 2009 1179 2035 ὁ
1192 2010 1240 2043 τῆς
1258 2008 1424 2043 προφητείας
1442 2008 1547 2043 διέρπει
1566 2008 1655 2041 λόγος.
1676 2008 1726 2043 Eii)
1740 2008 1761 2034 δ’
1773 2009 1818 2041 ἂν,

1028 2052 1105 2089 οἶμαι
1128 2063 1191 2086 που,
1207 2054 1237 2082 τὸ
1256 2053 1418 2089 δηλούμενον
1437 2054 1465 2086 ἐξ
1483 2054 1568 2088 αὐτῆς
1591 2054 1684 2089 ἓτερον
1708 2053 1783 2080 οὐδὲν
1799 2054 1816 2089 ἢ

1029 2100 1097 2135 ὅπερ
1118 2099 1186 2134 ἔφην
1206 2099 1318 2134 ἀρτίως,
1341 2099 1380 2131 τὸ,
1397 2108 1406 2125 ι
1438 2099 1586 2130 Ἐπιδιδοὺς
1606 2099 1644 2134 τῷ
1667 2099 1816 2134 γεννήματι

1029 2145 1137 2177 κάλλος.
1158 2155 1167 2171 ι
1186 2145 1222 2171 Τὸ
1235 2145 1289 2181 γὰρ
1306 2145 1440 2180 ηὐξῆσθαι
1457 2145 1546 2179 λέγειν
1560 2145 1652 2177 αὐτὸν,
1670 2145 1719 2180 τὴν
1736 2145 1775 2176 εἰς
1786 2144 1818 2171 τὸ

191 2200 254 2219 eum
266 2199 325 2220 esse
339 2196 461 2225 auctum,
477 2192 609 2227 significat
630 2192 742 2219 omnino
760 2192 832 2220 illam
847 2201 908 2228 qua:
935 2198 977 2221 est

1035 2191 1077 2218 lm'
1091 2191 1178 2227 ἀρχῆς
1188 2191 1317 2223 ἐπίδοσιν,
1331 2192 1377 2218 καὶ
1389 2191 1538 2226 ἐπιδρομὴν
1549 2191 1600 2226 τῆς
1613 2191 1726 2225 ἐνούσης
1742 2189 1817 2224 αὺτῴ

192 2237 226 2265 ad
239 2238 266 2265 id
287 2237 359 2273 quod
372 2238 406 2265 ab
420 2238 498 2265 initio
517 2241 592 2270 erat,
610 2238 830 2273 progressionem
845 2239 979 2267 naturali-

193 2287 234 2310 ter
250 2282 408 2310 exsistentis
417 2282 445 2309 in
461 2282 519 2318 ipso
534 2282 636 2317 gloriae.
654 2282 722 2310 Cum
737 2282 810 2309 enim
825 2284 981 2319 unigenitus

192 2327 240 2356 Dei
253 2327 347 2360 Filius,
358 2328 430 2355 Deus
446 2336 479 2356 ex
486 2329 542 2355 Deo
550 2328 694 2360 exsistens,
705 2329 856 2356 exinanivit
878 2335 980 2357 seruet-

192 2373 445 2407 ipsum,secundum
454 2373 609 2408 Scripturas
617 2375 638 2406 ε’,
648 2374 729 2409 238
739 2375 833 2403 volens
847 2383 876 2403 se
890 2376 979 2403 demi-

192 2419 265 2447 sitin
282 2419 310 2446 id
336 2420 409 2454 quod
421 2428 475 2448 non
490 2424 560 2451 erat,
574 2424 655 2454 atque
669 2421 740 2447 hanc
753 2421 910 2447 vilissimam
919 2429 979 2447 car-

191 2473 253 2493 nem
265 2464 364 2497 induit,
381 2470 409 2493 et
426 2466 454 2493 in
466 2466 537 2493 servi
554 2466 639 2494 forma
652 2466 787 2501 apparuit,
806 2467 895 2494 factus
910 2467 977 2494 obe-

191 2511 270 2540 diens
286 2511 342 2539 Deo
355 2519 387 2539 ac
399 2511 472 2540 Patri
485 2519 570 2546 usque
584 2512 617 2539 ad
642 2517 758 2539 mortem
769 2513 804 2546 π’,
821 2512 882 2539 ideo
904 2520 978 2540 nunc

191 2557 292 2585 dicitur
302 2557 447 2590 exaltatus,
462 2562 489 2585 et
501 2565 601 2585 nomen
611 2557 693 2593 (quod
701 2558 756 2593 jam
775 2557 976 2592 quodammodo

191 2611 246 2632 non
259 2603 377 2633 habebat
392 2604 426 2631 ob
441 2604 649 2639 humanitatem)
658 2604 742 2632 veluti
755 2604 849 2639 gratiae
859 2612 892 2631 ac
903 2612 975 2632 mer-

189 2649 266 2677 cedis
275 2649 335 2679 loco
351 2650 498 2685 accepisse,
509 2655 537 2678 et
549 2650 658 2685 quidem
674 2660 682 2675 ι
695 2658 794 2678 nomen
804 2658 887 2685 super
896 2657 976 2677 omne

189 2703 299 2728 nomen,
319 2705 328 2723 ι
348 2697 424 2732 juxta
440 2697 470 2724 B.
481 2696 556 2724 Pauli
570 2705 664 2725 vocem
676 2697 706 2725 “.
720 2697 854 2725 Caeterum
869 2705 974 2729 revera,

1029 2236 1153 2268 εὐκλείας
1170 2237 1308 2271 φυσικῶς,
1327 2236 1501 2272 διασημαίνει
1520 2237 1638 2269 πάντως,
1655 2237 1725 2264 κατά
1740 2245 1770 2270 γε
1786 2236 1817 2262 τὸ

1028 2282 1114 2317 ὀρθῶς
1132 2282 1202 2317 ἔχειν
1214 2282 1425 2317 ὑπειλημμένον.
1448 2282 1556 2318 Ἐπειδὴ
1569 2283 1622 2318 γὰρ
1638 2283 1651 2309 ὁ
1668 2282 1816 2317 μονογενὴς

1027 2327 1074 2354 τοῦ
1087 2327 1154 2353 Θεοῦ
1170 2327 1264 2361 Λόγος,
1279 2327 1344 2360 Θεὸς
1368 2328 1499 2363 ὑπάρχων
1517 2328 1563 2354 καὶ
1581 2329 1612 2354 ὲκ
1631 2327 1710 2360 Θεοῦ,
1734 2327 1814 2353 κεκέ-

1028 2381 1113 2401 νωκεν
1126 2373 1231 2405 ἑαυτὸν,
1241 2374 1311 2400 κατὰ
1320 2374 1368 2405 τὰς
1380 2374 1500 2408 Γραφὰς,
1514 2373 1607 2405 καθεὶς
1621 2373 1760 2407 ἐθελοντὴς
1775 2373 1815 2404 εἰς

1028 2420 1098 2456 ὅπερ
1115 2420 1164 2446 οὐκ
1182 2417 1226 2455 ἦν,
1240 2421 1286 2447 καὶ
1305 2420 1354 2455 τὴν
1368 2420 1531 2456 ἀδοξοτάτην
1543 2420 1646 2456 ταύτην
1661 2420 1750 2455 σάρκα
1763 2420 1816 2454 ἠμ-

1030 2465 1155 2501 πέσχετο,
1169 2466 1216 2492 καὶ
1230 2467 1258 2492 ὲν
1273 2467 1305 2501 τῇ
1320 2465 1366 2492 τοῦ
1381 2466 1473 2492 δούλου
1491 2466 1582 2501 μορφῇ
1603 2465 1717 2500 πέφηνε,
1737 2473 1816 2498 γεγοσ

1030 2510 1082 2543 νὼς
1098 2512 1217 2547 ὑπήκοος
1228 2511 1266 2547 τῷ
1280 2511 1339 2547 Θεῷ
1354 2512 1400 2538 καὶ
1416 2512 1503 2547 Πατρὶ
1517 2512 1597 2547 μέχρι
1610 2511 1733 2537 θανάτου·
1749 2510 1815 2537 ταύ-

1025 2566 1101 2593 τῃτοι
1116 2557 1207 2584 λοιπὸν
1223 2557 1426 2593 ὑπερυψοῦσθαι
1439 2557 1558 2592 λέγεται,
1575 2557 1622 2584 κα)⁸
1634 2557 1671 2588 ὡς
1685 2557 1734 2583 οὐκ
1746 2555 1816 2591 ἔχων

1025 2603 1070 2633 διὰ
1085 2603 1115 2629 τὸ
1129 2602 1296 2639 ἀνθρώπινον
1318 2604 1468 2639 μονονουχὶ,
1483 2604 1531 2630 καὶ
1547 2604 1575 2630 ὲν
1596 2603 1707 2638 χάριτος
1724 2602 1813 2638 μοίρᾳ.

1025 2650 1116 2676 λαϐεῖν
1134 2659 1143 2675 ι
1154 2649 1184 2676 τὸ
1200 2649 1322 2685 ὄνοματὸ
1336 2650 1406 2686 ὑπὲρ
1414 2651 1466 2676 πᾶν
1479 2650 1573 2685 ὄνομα.
1586 2659 1596 2675 ι
1616 2648 1686 2676 κατὰ
1700 2647 1750 2684 τὴν
1769 2647 1815 2674 τοῦ

1027 2696 1161 2732 μακαρίου
1177 2695 1283 2722 Παύλου
1298 2695 1400 2730 φωνήν.
1421 2695 1489 2722 Ἀλλ’
1504 2693 1537 2731 ἦν
1549 2695 1579 2721 τὸ
1590 2696 1685 2730 χρῆμα
1701 2692 1771 2720 κατὰ
1785 2692 1816 2718 τὸ

219 2798 334 2834 ξΜκιιΙι.
349 2807 405 2830 vm,
417 2800 465 2828 27:
485 2799 565 2828 Marc.
580 2799 669 2834 Iv.’_40.
710 2799 844 2834 ’Philipp.
862 2807 890 2833 ιι,
901 2799 942 2826 l0.
981 2798 984 2812 '

1035 2797 1080 2826 sal.
1094 2806 1164 2834 χειν,
1181 2799 1206 2825 3.
1217 2832 1230 2834 η
1245 2798 1382 2834 [Ρῐιὶίίρρ.
1400 2806 1438 2831 ut,
1458 2797 1546 2829 {3.1L
1587 2797 1597 2811 ⁹
1609 2795 1752 2827 Psal.xm,
1767 2792 1812 2822 12.

189 2836 200 2851 ⁷
215 2833 281 2861 Gen.
296 2842 366 2868 xux,
383 2835 478 2862 22-26.
515 2836 525 2851 ⁸
541 2831 678 2867 Ιὺίύ.,’21.
712 2836 722 2851 ⁹
739 2831 857 2869 Philipp.
874 2831 901 2867 li,
919 2834 944 2860 7.
984 2834 1005 2849 ¹⁰
1019 2834 1099 2866 lbid.,
1112 2833 1138 2860 8.

1178 2834 1196 2848 υ
1212 2832 1293 2866 lbid.,
1310 2833 1335 2858 ο.
