1999 3056
159 149 214 177 377

637 147 897 177 GLAPHYRORUM
916 147 949 175 IN
970 145 1121 174 GENESIM
1141 147 1203 174 LIB.
1225 147 1271 174 V'Il

1731 148 1786 177 578

156 208 266 243 ἀληθὲς,
281 207 312 233 οὗ
325 206 398 238 δόσις
416 206 453 238 ὡς
467 205 496 232 ὲν
516 206 586 241 ἀρχῇ
604 205 658 233 τῶν
671 207 721 233 οὐκ
745 207 859 232 ἐνόντων
873 204 946 240 αὐτῷ

1001 205 1066 232 nihil
1084 205 1135 240 ipsi
1150 205 1244 232 datum
1265 210 1308 233 est
1328 213 1383 240 quo
1409 210 1489 234 antea
1507 208 1670 236 naturaliter
1683 210 1784 244 praedi-

156 254 289 289 φυσικῶς·
313 252 410 280 πολλοῦ
428 261 457 287 γε
481 253 528 279 καὶ
554 253 604 280 δεῖ.
626 253 721 280 Νοοϊτο
744 253 767 279 δ’
787 252 820 279 ἂν
843 251 943 287 μᾶλλον

156 299 332 334 ἀναφοίτησις
345 299 392 326 καὶ
406 297 544 333 ἀναδρομὴ
560 297 627 333 πρὸς
647 298 677 324 τὺ
700 299 729 324 ὲν
746 299 828 334 ἀρχῇ,
842 298 889 324 καὶ
900 297 944 324 οὑ-

158 346 260 377 σιωδῶς
278 346 324 372 καὶ
345 345 538 380 ἁναποόλήτως
557 344 679 380 ὑπάρχον
697 344 781 380 αὐτῷ.
799 345 943 380 Τοιγάρτοι

158 391 205 418 καὶ
219 391 332 424 ἔφασκε,
344 390 392 424 τῆς
403 389 612 425 ἀνθρωπότητος
626 389 656 415 τὺ
669 390 874 425 σμικροπρεπές
882 390 944 416 ὑπο-

157 437 204 468 δὺς
228 435 414 471 οἰκονομικῶς⁵
444 445 453 461 t
482 435 586 470 Πάτερ,
601 434 711 467 δόξασόν
738 444 772 470 με
790 437 822 470 τῇ
847 432 942 471 δόξῃῇ

157 479 231 517 εἶχον
245 481 298 516 πρὸ
312 479 358 507 τοῦ
371 481 416 507 τὸν
430 481 531 516 κόσμον
545 477 614 506 εἶναι
629 480 705 516 παρὰ
718 480 768 507 σοί.
790 490 799 506 ι
822 481 878 507 Ἀεὶ
889 480 944 516 γὰρ

156 525 191 562 ἦν
204 529 233 554 ὲν
247 527 309 562 δόξῃ
320 527 467 562 θεοπρεπεί
481 526 518 561 τῷ
531 527 589 562 ἰδίῳ
603 526 784 562 συνυπάρχων
797 527 943 562 Γεννήτορι

159 572 213 609 πρὸ
243 572 343 604 παντδς
358 572 454 603 αἰῶνος
470 572 517 599 καὶ
531 573 626 607 χρόνον
643 573 689 598 καὶ
713 572 763 607 τῆς
776 572 823 598 τοῦ
841 572 943 607 κόσμου

157 619 321 655 καταϐολῆς.
337 618 427 654 ABE-qv
445 618 476 654 δὴ
493 616 539 645 οὖν
555 619 662 653 νοητέον
683 619 728 645 ὲπὶ
742 619 862 654 Χριστοῦ
872 639 879 651 ,
895 619 944 654 τὴν

155 667 207 701 τῆς
225 665 350 696 εὐκλείας
368 665 504 696 ἐπίδοσιν,
529 664 562 699 ἢν
578 664 620 691 ἀεί
641 672 699 695 πως
724 664 874 700 εὐρυτέραν
897 664 945 691 καὶ

156 710 362 745 ἐμφανεστέραν
379 709 434 744 ἔχει
449 708 531 740 Θεός·
547 709 587 735 ὅτι
606 708 676 735 κατὰ
694 707 775 742 φύσιν
796 708 854 735 ἐστὶ
870 708 944 743 παρὰ

156 755 212 781 τῶν
225 755 254 782 ἐν
269 754 363 790 κόσμῳ
379 753 537 789 νοούμενος,
553 754 599 779 καὶ
616 753 653 785 ὡς
667 753 722 780 τῶν
737 753 805 779 ὅλων
830 753 943 788 Κύριος,

158 800 346 834 συνδοξολογού
351 799 430 835 μενός
438 808 468 826 τε
477 800 524 826 καὶ
534 798 827 834 συμπροσκυνοὺμενος
838 799 875 834 τῷ
886 799 945 835 Θεῷ

157 847 206 874 καὶ
221 846 316 881 Πατρί.
327 846 399 882 Πλὴν
412 847 494 878 αὐτὸς
501 846 631 881 ὑπάρχων
644 846 698 873 τῶν
714 845 819 873 αἰώνων
834 846 848 872 ὁ
863 854 944 880 ποιη-

998 254 1042 278 tus
1060 258 1114 278 non
1126 251 1209 285 fuerit
1223 260 1228 277 :
1243 251 1323 286 longe
1337 251 1411 278 enim
1424 252 1511 285 abest,
1538 257 1567 280 ut
1578 254 1669 288 potius
1684 254 1785 282 intelli-

997 296 1102 331 gendus
1116 297 1153 324 sit
1175 297 1279 324 reditus
1295 297 1407 332 quidam
1422 302 1504 332 atque
1515 305 1644 326 recursus
1660 299 1693 326 ad
1709 308 1784 328 suam

997 341 1031 368 ab
1042 341 1121 369 initio
1130 342 1289 374 essentiam,
1307 347 1334 370 et
1350 343 1422 377 quod
1435 348 1565 378 perpetue
1577 348 1646 371 erat:
1665 345 1742 372 Unde
1758 350 1787 373 et

998 387 1055 422 ipse
1066 395 1128 415 cum
1143 389 1268 416 humanae
1281 393 1387 417 natura:
1402 389 1583 417 humilitatem
1593 390 1687 417 divino
1697 392 1787 418 consi-

997 434 1034 461 lio
1060 434 1198 467 subiisset,
1229 435 1316 462 dixit:
1349 445 1357 461 t
1373 436 1468 467 Pater,
1491 436 1612 470 gloriﬁca
1635 444 1679 464 me
1703 437 1787 471 gloria

998 487 1079 514 quam
1093 480 1175 507 habui
1194 485 1339 515 antequam
1353 481 1398 508 hic
1409 482 1528 508 mundus
1539 486 1622 514 esset,
1638 482 1710 517 apud
1722 486 1758 509 te.
1773 491 1783 507 ι

998 525 1111 560 Semper
1135 526 1207 552 enim
1224 531 1282 554 erat
1310 527 1338 553 in
1353 527 1439 562 gloria
1457 527 1559 560 divina,
1586 531 1617 555 ut
1638 528 1686 562 qui
1706 528 1788 557 simul

998 570 1082 598 fuerit
1097 579 1159 598 cum
1173 579 1223 599 suo
1232 571 1360 599 Genitore
1372 576 1435 599 ante
1455 573 1547 600 omnia
1563 573 1671 605 saecula,
1687 578 1714 600 et
1723 577 1786 600 ante

997 617 1092 644 mundi
1114 618 1291 645 creationem.
1313 617 1496 653 Augmentum
1512 618 1603 654 itaque
1627 619 1655 646 in
1679 618 1787 646 Christo

998 663 1182 698 intelligamus
1192 671 1366 699 progressum
1381 665 1466 699 ipsius
1478 665 1581 700 gloriae,
1598 673 1679 700 quam
1692 665 1726 692 de
1742 665 1787 693 die

998 709 1026 736 in
1036 709 1108 735 diem
1124 708 1214 736 reddit
1231 709 1391 744 ampliorem
1406 714 1487 744 atque
1505 709 1684 737 illustriorem
1703 710 1786 740 Deus.

998 754 1062 788 quia
1079 753 1228 781 secundum
1248 758 1374 780 naturam
1400 758 1442 781 est
1458 755 1493 781 ab
1516 754 1550 782 iis
1572 755 1619 789 qui
1641 755 1668 781 in
1685 755 1788 782 mundo

999 803 1063 827 sunt
1084 799 1220 834 cognitus,
1234 803 1261 826 et
1276 803 1405 834 tanquam
1423 799 1507 827 totius
1520 800 1641 827 universi
1657 800 1789 827 Dominus

999 845 1080 872 simul
1107 852 1169 872 cum
1189 844 1245 871 Deo
1265 852 1297 872 ac
1316 844 1396 872 Patre
1415 844 1584 879 gloriﬁcatus
1603 849 1630 872 et
1647 845 1786 872 adoratus.

158 893 225 927 τὴς,
254 892 333 919 νοοῖτ’
351 892 384 919 ἂν
403 892 515 923 είκότως
536 891 655 926 γεγονὼς
672 893 719 919 καὶ
737 891 879 923 νεώτατος.
897 891 946 918 Πέ-

1001 891 1134 919 Caeterum
1157 890 1215 926 ipse
1229 898 1292 918 eum
1311 891 1347 918 sit
1367 890 1455 918 factor
1473 892 1647 924 saeculorum,
1672 891 1788 927 intelligi

158 946 228 973 φηνε
239 938 294 973 γὰρ
305 938 333 964 ὲν
351 938 514 970 τελευταίοις
526 938 572 965 τοῦ
590 938 685 970 αἰῶνος
700 939 805 973 καιροῖς
822 937 890 973 μετὰ
902 937 947 964 τὸν

158 984 214 1011 τῶν
228 985 312 1018 ἁγίων
328 984 475 1021 προφητῶν
492 984 591 1011 εὐκλεᾶ
604 993 634 1011 τε
655 985 703 1012 καὶ
726 985 890 1020 ἀξιάγαστον
903 993 948 1020 χο-

159 1030 218 1065 ρὸν,
231 1030 278 1057 καὶ
293 1030 460 1063 ἁπαξαπλῶς
477 1030 547 1066 μετὰ
559 1032 662 1061 πάντας
676 1032 738 1063 τοὺς
753 1032 805 1067 πρὸ
820 1031 869 1066 τῆς
888 1032 948 1058 ὲπι-

158 1075 260 1111 δημίας
278 1075 316 1107 ὡς
335 1076 364 1102 ὲν
384 1075 450 1102 υἱῶν
465 1075 540 1108 τάξει
555 1075 762 1110 λελογισμένους
782 1077 816 1103 δι’
834 1076 946 1112 ἀρετήν.

159 1121 284 1157 Ζηλωτὸς
304 1122 332 1148 δὲ
350 1122 391 1148 ὅτι
415 1121 526 1156 γέγονεν
539 1123 554 1149 ὁ
581 1122 771 1158 Ἑμμανουὴλ,
791 1122 849 1155 πῶς
874 1123 947 1149 ἔστιν

159 1166 340 1202 ἁμφιὸαλεῖν;
363 1166 443 1193 Ἀλλὰ
456 1162 576 1201 ζηλωτδξ
596 1167 644 1202 μὲν
658 1167 756 1202 ἁγίοις,
772 1168 796 1194 οἳ
807 1169 862 1200 τοῖς
878 1168 948 1203 ἴχνε-

161 1221 204 1239 σιν
221 1212 302 1239 αὐτοῦ
322 1212 530 1239 κατακολουθεῖν
546 1213 753 1246 σπουδάζοντες.
771 1215 817 1241 καὶ
832 1214 900 1249 πρὸς
916 1214 947 1241 τὸ

160 1259 233 1286 θεῖον
247 1258 328 1286 αὑτοῦ
341 1258 443 1294 μορφού
449 1267 523 1294 μενοι
536 1259 641 1291 κάλλος,
656 1260 735 1287 αὐτόν
749 1269 778 1287 τε
791 1260 947 1295 ποιούμενοι

159 1305 214 1331 τῶν
242 1304 384 1340 πρακτέων
407 1305 607 1340 ὑπογραμμὸν,
623 1305 672 1341 τὴν
695 1305 808 1332 ἁπασῶν
833 1306 947 1341 ἀρίστην

160 1349 342 1384 ἀποφέρονται
362 1348 449 1382 δόξαν.
470 1349 594 1385 Ζηλωτός
617 1358 648 1384 γε
669 1350 722 1386 μὴν
740 1351 787 1378 καὶ
806 1351 867 1378 καθ’
889 1351 947 1378 ἓτε-

162 1404 209 1431 ρον
228 1395 261 1422 ἂν
276 1397 361 1422 νοοῖτο
384 1395 484 1431 τρόπον
504 1398 560 1428 τοῖς
580 1396 631 1423 οὐκ
650 1397 759 1432 ἀγαπᾷν
780 1397 945 1433 ᾑρημένοις,

162 1443 234 1477 φημὶ
249 1442 277 1469 δὲ
295 1443 351 1474 τοῖς
370 1442 502 1470 Ἰουδαίων
519 1442 698 1478 καθηγηταῖς,
713 1443 772 1478 ἦτοι
783 1445 839 1475 τοῖς
851 1443 945 1479 Γραμ-

163 1489 278 1524 tussiat
293 1488 340 1516 ttat
360 1489 528 1524 Φαρισαίοις,
543 1488 567 1516 οἳ
582 1489 678 1525 πικρὸν
690 1489 830 1521 ὠδίνοντες
843 1490 872 1516 ὲν
883 1490 945 1516 ἑαυ-

161 1535 217 1566 τοῖς
228 1534 318 1569 ζῆλον,
330 1534 377 1561 καὶ
391 1534 538 1569 βασκανίας
551 1534 679 1562 ὑπόθεσιν
691 1535 740 1570 τὴν
755 1535 946 1571 ἀπαρὰὗλητον

162 1580 246 1609 αὑτοῦ
259 1580 415 1616 ποιούμενοι
426 1580 515 1614 δόξαν,
527 1581 598 1608 κατὰ
609 1580 723 1613 πολλοὺς
734 1580 877 1615 ἡλίσκοντο
885 1580 948 1616 τρό-

161 1636 241 1659 πους.
256 1627 383 1662 Διανίστη
402 1627 450 1661 μὲν
464 1627 518 1663 γὰρ
534 1628 594 1659 τοὺς
608 1627 743 1662 νεκροὺςό
758 1626 874 1662 Χριστὸς
885 1626 950 1653 ὀδω-

163 1673 241 1705 δότας
256 1673 305 1708 ἤδη
321 1673 367 1700 καὶ
380 1672 604 1709 διεφθαρμένους,
619 1673 665 1700 καὶ
679 1672 761 1700 αὑτοῦ
774 1672 819 1699 τοῦ
833 1672 950 1700 θανάτου

124 1753 131 1759 .
165 1719 295 1754 κρείττων
305 1719 436 1753 ἐφαίνετο.
447 1719 478 1745 Οἱ
488 1719 748 1754 δὲ,κατατεοηπέναι
759 1719 817 1746 δέον
825 1719 872 1746 καὶ
882 1719 950 1754 πρὸς

164 1765 195 1791 τὸ
208 1765 305 1800 κρῆναι
316 1764 453 1791 πιστεύειν
468 1765 566 1797 ἵεσθαι,
576 1764 669 1791 λοιπὸν
676 1765 752 1791 οὐδὲν
766 1765 952 1798 ἐνδοιάζοντας

166 1810 219 1841 ἔτι,
231 1810 310 1837 τοῦτο
322 1811 371 1846 μὲν
382 1810 432 1837 οὐκ
445 1810 528 1846 ἔδρων
533 1830 539 1844 ,
553 1810 694 1837 ὲδάκνοντο
706 1810 733 1837 δὲ
743 1811 782 1846 τῷ
793 1811 893 1846 φθόνῳ,
905 1811 952 1838 καὶ

167 1857 268 1892 πικρὰς
282 1856 403 1891 ἐδέχοντο
418 1856 504 1888 λύπας
519 1857 559 1888 εἰς
571 1855 642 1884 νοῦν.
657 1856 707 1883 Τὸν
723 1857 755 1884 ὲκ
768 1857 879 1893 γενετὴς
895 1858 953 1884 ἰᾶτο

165 1902 276 1937 τυφλὸν,
291 1903 338 1929 καὶ
351 1902 512 1937 ἁμαρτωλὸν
533 1902 696 1930 ἀπεκάλουν.
718 1903 868 1937 Δαιμονίων
885 1904 954 1929 ἀκα-

166 1947 274 1983 θάρτων
300 1947 445 1982 ἠλαύνοντο
469 1948 567 1983 στίφη,
590 1948 636 1974 καὶ
663 1948 781 1983 χορηγὸν
805 1948 879 1984 αὐτῷ
903 1949 954 1984 τῆς

165 1993 307 2028 δυνάμεως
317 1992 363 2019 τὸν
374 1991 535 2024 Βεελζεὸοὺλ
551 1993 747 2027 κατεψεύδοντο
757 2001 763 2007 ·
782 1993 865 2025 λίθοις
874 1993 952 2020 ἔϐαλ-

165 2039 222 2072 λον,
247 2038 415 2066 ἀνοσιώτατα
440 2039 574 2073 λέγοντες’
605 2048 614 2065 ι
633 2040 699 2074 Περὶ
716 2039 798 2066 καλοῦ
816 2040 895 2076 ἔργου
923 2040 954 2066 οὺ

166 2085 311 2121 λιθάζομέν
324 2094 368 2112 σε·
389 2085 456 2112 ἀλλά
469 2087 532 2121 περὶ
548 2086 731 2122 βλασφημίας.
747 2087 787 2114 ὅτι
804 2087 836 2113 σὺ
851 2086 954 2122 ἄνθρω-

166 2139 217 2162 πος
231 2130 278 2163 ὢν,
289 2131 375 2162 ποιεῖς
390 2131 502 2158 σεαυτὸν
519 2131 595 2158 Θεόν.
612 2141 620 2158 ι
640 2132 797 2168 Διεπρίοντο
819 2132 954 2166 λέγοντες-

170 2187 179 2203 t
197 2173 281 2208 Οὗτός
292 2177 364 2203 ἐστιν
381 2177 395 2203 ὁ
413 2175 589 2212 κληρονόμος·
601 2175 676 2203 δεῦτε
689 2177 892 2212 ἀποκτείνωμεν
905 2179 956 2204 αὺ-

165 2224 222 2250 τόν.
231 2223 367 2258 »Ζηλωτὸς
374 2220 420 2250 οὖν
434 2223 486 2258 ἄρα
499 2223 545 2249 καὶ
557 2224 611 2254 τοῖς
622 2224 711 2257 μισεῖν
724 2222 871 2257 ἑλομένοις,
886 2223 955 2259 πλὴν

166 2269 217 2295 οὐκ
235 2270 275 2299 εἰς
289 2268 360 2294 ἆπαν
380 2266 524 2302 ἁλώσιμος.
539 2267 570 2293 Εἰ
585 2267 638 2302 γὰρ
653 2267 701 2293 καὶ
716 2267 814 2302 ἀνέτλη
829 2268 954 2303 σταυρὸν,

165 2315 224 2341 ἀλλ’
241 2315 278 2346 ὡς
296 2314 361 2345 Θεὸς
375 2314 484 2346 ἀνεϐίω,
504 2315 628 2349 πατήσας
641 2314 685 2340 τὸν
711 2313 835 2345 θάνατον,
861 2323 956 2349 μονον-

166 2360 228 2394 ουχὶ
250 2359 278 2386 δὲ
297 2359 344 2386 καὶ
359 2358 404 2385 τοῦ
420 2358 487 2385 Θεοῦ
504 2359 550 2384 καὶ
574 2358 680 2393 Πατρὺς
696 2358 896 2393 ὲπιφωνοῦντος
909 2359 956 2386 καὶ

168 2404 292 2439 λέγοντος
303 2413 309 2418 ·
328 2414 337 2431 t
358 2405 428 2440 Πρός
444 2413 478 2440 με
493 2404 669 2439 ἀνάστρεψον.
690 2414 699 2430 ι
722 2404 888 2440 Ἀναϐἐϐηκε
901 2405 955 2440 γὰρ

168 2452 206 2482 εἰς
219 2451 281 2481 τοὺς
294 2451 435 2486 οὐρανοὺς,
450 2450 494 2477 ἶνα
504 2451 551 2477 καί
569 2450 673 2485 ἀκούσῃ
685 2450 820 2485 λέγοντος·
837 2461 846 2476 t
863 2451 954 2478 Κάθου

168 2497 200 2523 ἐκ
212 2496 308 2528 δεξιῶν
327 2505 390 2530 μου,
404 2496 456 2528 ἕως
474 2496 507 2523 ἂν
527 2495 566 2522 θῶ
581 2496 643 2528 τοὺς
663 2496 776 2532 ἐχθρούς
793 2505 838 2523 σου
854 2497 956 2524 ὑποπό-

167 2543 222 2570 διον
235 2542 291 2569 τῶν
303 2542 390 2569 ποδῶν
408 2551 466 2570 σου.
482 2552 490 2568 ι
507 2542 568 2569 Ὅτι
581 2542 635 2578 γὰρ
651 2542 874 2576 ὑποπεπτώκασι,
896 2544 957 2571 καί·

168 2597 209 2615 τοι
223 2588 353 2623 πλείστην
369 2588 435 2623 ὅσην
452 2588 502 2622 τὴν
516 2588 576 2614 κατ’
596 2588 678 2614 αὐτοῦ
691 2588 790 2623 μανίαν
803 2589 953 2622 ὠδίνοντες,

171 2635 290 2668 ἐδίδαξεν
306 2634 390 2661 εἰπών
400 2644 406 2650 ·
424 2644 434 2661 t
450 2635 496 2666 Εἰς
511 2635 540 2662 ὃν
551 2635 784 2671 διαδουλιυόμενοι
796 2637 958 2673 ἐλοιδόρουν,

169 2681 216 2708 καὶ
228 2680 330 2715 ὲνεῖχον
342 2679 417 2715 αὺτῷ
432 2679 523 2714 κύριοι
535 2680 717 2714 τοξευμάτων.
738 2691 746 2708 ι
765 2682 892 2718 Συνέδρια
906 2684 958 2719 γὰρ

170 2726 375 2761 συναγείροντες
391 2725 563 2753 ἐϐουλεύοντο
582 2727 668 2762 πικρὰ
690 2737 699 2753 ‹
715 2727 769 2754 τῶν
785 2728 959 2764 τοξευμάτων

206 2813 228 2827 ¹¹
253 2813 332 2840 Joan.
364 2820 428 2846 xvn,
451 2814 478 2841 5.

536 2814 557 2829 ¹³
572 2814 653 2851 Joan.
664 2823 701 2848 rx,
718 2815 728 2843 l
745 2823 821 2851 seqq.

172 2846 193 2862 "
203 2847 256 2875 lsa.
270 2856 340 2880 xuv,
353 2849 397 2876 2|.

439 2849 459 2864 ¹⁸
478 2849 547 2876 Psal.
563 2857 615 2882 ctx,
645 2849 668 2876 l.

997 941 1086 972 potest
1100 936 1297 964 convenienter
1306 935 1393 963 factus
1405 936 1487 963 etiam
1502 937 1633 964 minimus
1645 941 1722 964 natu.
1733 937 1789 972 Ap-

999 983 1093 1019 paruit
1105 983 1179 1011 enim
1194 983 1221 1010 in
1238 982 1395 1010 novissimis
1409 982 1501 1010 saeculi
1523 983 1702 1017 temporibus,
1729 987 1794 1018 post

998 1029 1146 1064 gloriosum
1159 1028 1236 1056 illum
1249 1033 1330 1064 atque
1341 1028 1532 1056 admirandum
1550 1032 1707 1056 sanctorum
1724 1036 1791 1063 pro—

998 1075 1142 1110 phetarum
1164 1075 1289 1108 chorum,
1305 1079 1388 1110 atque
1406 1075 1476 1102 adeo
1487 1078 1548 1109 post
1559 1082 1654 1102 omnes
1665 1075 1711 1109 qui
1727 1081 1793 1102 ante

998 1123 1085 1158 ipsius
1107 1123 1255 1150 adventum
1283 1123 1311 1150 in
1331 1131 1448 1151 numero
1475 1123 1594 1151 ﬁliorum
1621 1127 1686 1150 sunt
1715 1123 1790 1150 censi

999 1174 1111 1205 propter
1119 1170 1262 1197 virtutem.
1278 1169 1357 1202 Quod
1376 1177 1443 1197 vero
1459 1169 1629 1196 aemulandus
1649 1169 1732 1197 etiam
1755 1169 1792 1197 sit

998 1215 1169 1247 Emmanuel,
1185 1223 1241 1250 quo
1253 1219 1333 1250 pacto
1344 1215 1406 1250 quis
1427 1215 1568 1250 ambigat?
1586 1214 1640 1242 Sed
1659 1215 1792 1242 tumulan-

998 1263 1050 1290 dus
1068 1263 1180 1298 quidem
1198 1263 1301 1290 sanctis
1312 1263 1359 1298 qui
1372 1263 1460 1297 ipsius
1471 1262 1594 1298 vestigiis
1608 1262 1735 1290 insistere
1747 1261 1791 1289 ni-

999 1312 1110 1342 tuntur;
1136 1311 1164 1336 et
1189 1316 1253 1335 cum
1272 1308 1307 1335 ad
1333 1308 1455 1335 divinam
1481 1308 1541 1343 ejus
1557 1307 1791 1342 pulchritudinem

997 1354 1164 1387 formentur,
1192 1353 1337 1389 ipsumque
1364 1358 1485 1381 statuant
1511 1354 1651 1381 actionum
1680 1361 1791 1380 suarum

997 1400 1146 1435 exemplar,
1163 1399 1276 1436 gloriam
1298 1399 1421 1427 omnium
1432 1399 1628 1434 amplissimam
1641 1403 1790 1434 reportant.

998 1447 1091 1474 Potest
1104 1449 1197 1473 autem
1211 1445 1294 1472 etiam
1313 1444 1366 1471 alio
1386 1452 1468 1471 sensu
1487 1443 1658 1471 zemulandus
1675 1442 1792 1478 intelligi

998 1492 1033 1520 ab
1046 1491 1115 1524 istis,
1129 1491 1175 1526 qui
1196 1490 1282 1525 ipsius
1295 1490 1468 1518 dilectionem
1483 1493 1634 1524 respuunt;
1647 1488 1709 1515 dico
1719 1495 1734 1514 a
1747 1487 1796 1515 Ju—

1000 1538 1122 1565 daeorum
1147 1536 1330 1572 principibus,
1353 1539 1382 1564 et
1406 1535 1511 1563 Scribis
1526 1542 1557 1562 ac
1577 1534 1732 1566 Pharisaeis,
1746 1534 1793 1569 qui

1002 1584 1202 1612 amarulentum
1215 1583 1242 1610 in
1257 1590 1287 1610 se
1299 1582 1484 1617 parturientes
1495 1581 1594 1613 zelum,
1607 1585 1634 1608 et
1645 1588 1678 1608 ex
1688 1580 1793 1608 incom-

1001 1630 1117 1666 parabili
1136 1630 1222 1665 ipsius
1237 1629 1324 1665 gloria
1335 1628 1445 1656 invidiae
1458 1628 1629 1655 occasionem
1642 1630 1792 1662 captantes,

1002 1675 1097 1703 multis
1123 1675 1294 1710 argumentis
1314 1673 1601 1708 deprehendebantur.
1627 1673 1693 1700 Nam
1713 1671 1794 1699 Chri-

1003 1719 1178 1755 stusquidem
1189 1718 1333 1746 suscitavit
1341 1721 1466 1745 mortuos
1477 1717 1582 1744 olentes
1594 1724 1625 1744 ac
1637 1720 1793 1751 corruptos,

1002 1771 1086 1798 seque
1099 1768 1186 1790 morte
1207 1763 1265 1797 ipsa
1295 1762 1467 1797 superiorem
1490 1761 1650 1789 declaravit.
1678 1761 1712 1788 Hi
1729 1768 1796 1788 vero

1003 1818 1066 1838 eum
1081 1809 1241 1837 debuissent
1255 1809 1313 1836 haec
1328 1808 1470 1841 admirari,
1485 1812 1513 1836 et
1529 1808 1610 1835 iidem
1631 1808 1671 1835 eis
1691 1807 1796 1842 absque

1003 1856 1058 1884 ulla
1067 1855 1237 1883 haesitatione
1245 1854 1461 1886 accommodare,
1472 1854 1526 1882 hoc
1535 1854 1645 1888 quidem
1662 1860 1717 1880 non
1728 1860 1797 1888 prae-

1004 1903 1134 1930 stiterunt
1161 1910 1168 1928 :
1191 1901 1258 1936 quin
1286 1901 1379 1936 potius
1397 1905 1559 1928 exarserunt
1580 1900 1662 1934 239
1681 1899 1794 1931 invidia,

1005 1948 1252 1982 acerbissimosque
1264 1946 1374 1974 dolores
1392 1950 1486 1973 mente
1498 1949 1693 1980 conceperunt.
1709 1945 1796 1974 Sana-

1005 1995 1052 2021 bat
1065 2001 1166 2022 cecum
1176 1993 1209 2020 ab
1223 1997 1283 2019 ortu
1294 2001 1301 2025 ;
1312 1992 1340 2018 hi
1354 2000 1420 2019 vero
1431 1996 1603 2027 peccatorem
1619 1990 1794 2018 vocabant".

1005 2039 1165 2075 Expellehat
1193 2038 1315 2074 legiones
1346 2037 1551 2064 immundorum
1577 2037 1740 2072 spirituum;
1767 2045 1795 2064 et

1006 2085 1211 2114 mentiebantur
1247 2084 1351 2111 auxilio
1387 2083 1540 2111 Beelzebub
1564 2091 1596 2110 ea
1622 2083 1794 2118 praestare“,

1006 2131 1199 2167 lapidibusque
1219 2138 1283 2158 eum
1313 2130 1490 2165 impetebant,
1515 2129 1675 2164 impiissime
1691 2129 1795 2157 vocife~

1007 2181 1121 2205 rantes:
1138 2187 1148 2202 ι
1166 2177 1204 2204 De
1228 2176 1300 2204 bono
1322 2184 1404 2211 opere
1430 2183 1484 2203 non
1507 2176 1660 2210 lapidamus
1684 2179 1727 2207 te,
1747 2175 1795 2202 sed

974 2246 994 2272 ὓ
1007 2227 1121 2258 propter
1133 2222 1278 2249 maledicta
1290 2225 1319 2249 et
1334 2221 1528 2256 hlasphemias,
1542 2219 1605 2255 quia
1619 2223 1658 2252 tu,
1672 2227 1735 2247 cum
1758 2219 1796 2247 sis

1008 2269 1101 2301 homo,
1118 2268 1218 2296 faciste
1237 2267 1326 2302 ipsum
1339 2267 1424 2294 Deum
1437 2266 1469 2293 ⁸⁵.
1481 2276 1489 2292 ›
1506 2266 1672 2293 Fremehant
1686 2273 1796 2293 rursum

1004 2315 1127 2343 dicentes
1139 2323 1145 2341 :
1163 2314 1229 2341 «Iste
1240 2313 1385 2345 esthaeres;
1395 2311 1658 2344 venite,occidamus
1665 2318 1728 2338 eum
1737 2311 1769 2338 ".
1783 2319 1793 2337 ι

1003 2361 1076 2397 Ergo
1087 2365 1116 2388 et
1130 2360 1188 2395 ipse
1211 2358 1379 2387 atmulationi
1392 2357 1528 2386 obnoxius
1543 2357 1605 2389 fuit,
1620 2364 1719 2391 nempe
1729 2357 1797 2384 isto-

1005 2415 1066 2435 rum
1081 2407 1127 2441 qui
1140 2406 1230 2441 ipsum
1247 2405 1311 2432 odio
1329 2407 1393 2431 sunt
1412 2404 1563 2439 prosecuti,
1590 2410 1645 2429 non
1668 2406 1757 2429 tamen
1769 2402 1798 2429 in

1007 2453 1165 2482 universum
1179 2452 1212 2479 ab
1232 2452 1298 2486 ipsis
1314 2450 1373 2485 capi
1392 2450 1490 2485 potuit.
1512 2449 1570 2477 Etsi
1590 2449 1663 2476 enim
1682 2448 1798 2476 subierit

1008 2507 1130 2530 crucem,
1157 2503 1247 2525 tamen
1274 2501 1305 2524 ut
1332 2497 1405 2524 Deus
1431 2496 1545 2528 revixit,
1568 2499 1656 2522 morte
1683 2494 1799 2529 pedibus

1007 2545 1174 2581 proculcata,
1187 2544 1242 2571 Dco
1263 2551 1295 2570 ac
1316 2544 1396 2570 Patre
1420 2542 1585 2569 inclamante
1610 2548 1642 2568 ac
1663 2540 1772 2567 dicente
1791 2549 1796 2565 :

1011 2602 1020 2618 ι
1036 2592 1185 2619 Revertere
1198 2590 1232 2616 ad
1256 2597 1299 2616 me
1312 2589 1343 2615 ‘7.
1363 2598 1372 2614 ›
1387 2587 1596 2616 Ascenditenim
1610 2587 1636 2614 in
1657 2586 1741 2614 caelos
1751 2606 1758 2619 ,
1770 2590 1799 2612 ut

1012 2641 1040 2665 et
1066 2636 1174 2664 audiret
1195 2635 1332 2663 dicentem
1358 2634 1428 2661 sibi:
1454 2643 1462 2660 ι
1481 2633 1550 2661 Sede
1570 2641 1584 2660 a
1599 2633 1704 2659 dextris
1720 2632 1789 2659 meis

1012 2683 1100 2710 donec
1114 2689 1212 2717 ponam
1225 2681 1351 2708 inimicos
1366 2685 1428 2708 tuos
1448 2679 1597 2707 scabellum
1610 2678 1711 2714 pedum
1738 2681 1799 2703 tuu-

1014 2729 1118 2756 rum".
1138 2737 1146 2754 ›
1170 2727 1238 2755 Nam
1263 2727 1335 2762 quod
1357 2726 1542 2761 prociderint,
1569 2723 1675 2754 tametsi
1693 2729 1798 2750 summa

879 2817 900 2832 “‘
913 2816 997 2844 Matth
1026 2825 1071 2848 xu,
1092 2816 1126 2843 22
1146 2823 1222 2850 seqq.
1281 2815 1389 2842 "Joan.
1407 2822 1433 2847 ι,
1446 2813 1489 2840 53.
1547 2810 1671 2839 "lllatth.
1697 2817 1740 2844 η,
1754 2808 1799 2842 53,
