1999 3056
197 154 249 182 579

712 148 740 176 S.
761 146 899 176 CYRILLI
921 143 1155 173 ALEXANDRINI
1177 144 1340 172 ARCHIEP.

1785 145 1837 174 880

197 210 329 238 adversus
354 208 442 243 ipsum
469 206 574 234 insania
597 205 724 237 accensi,
748 204 842 232 docuit
872 203 989 230 dicens:

1043 203 1067 228 οί
1087 203 1186 238 κύριοι,
1204 211 1213 227 ι
1234 202 1382 235 τουτέστιν,
1403 201 1428 228 οἱ
1442 201 1496 228 τῶν
1511 202 1583 228 λαῶν
1595 202 1738 238 ἡγεμόνες,
1754 204 1778 230 οἱ
1793 203 1838 231 ἐπ’

202 267 210 281 ι
226 256 256 284 ln
270 263 352 290 quem
364 255 540 282 consulentes
561 253 706 281 conviciati
724 254 798 282 sunt,
819 255 847 278 et
866 249 987 276 insidiati

198 307 263 330 sunt
287 303 312 330 ei
343 301 447 330 domini
470 300 675 336 sagittationum
695 299 725 324 η.
749 307 757 323 ι
782 296 890 324 ﬂabilis
913 295 988 323 enim

197 349 331 381 consiliis,
355 348 455 376 acerba
481 345 673 373 consultabant
689 354 697 368 ι
718 342 822 370 domini
834 341 986 377 sagittatio-

198 403 276 427 num,
297 405 306 421 ι
324 395 377 422 hoc
390 398 443 426 est,
468 393 606 428 principes
626 390 801 426 populorum,
814 388 861 423 qui
873 395 989 415 exacue-

199 441 266 469 bant
288 441 423 468 adversus
442 447 505 467 eum
531 437 577 472 qui
597 444 660 463 eum
681 435 880 465 vulnerarent,
906 437 989 468 atque

200 487 286 514 instar
297 486 465 521 spiculorum
479 483 530 518 ipsi
547 480 622 510 inﬁxi
635 484 738 511 essent,
751 484 782 507 ut
797 487 858 514 qua:
876 479 916 506 fas
933 486 989 505 non

199 536 242 560 est
254 532 386 559 adversus
401 531 490 565 ipsum
499 527 757 559 committerent,ac
772 525 855 552 modo
867 525 988 552 ferarum

201 578 228 605 in
252 578 340 612 ipsum
362 579 475 602 rut-rent
498 582 530 601 ac
556 573 704 601 ferrentur.
723 572 858 599 Caeterum
879 580 888 597 ί
908 578 989 598 arcus

200 623 314 651 istorum
331 621 441 649 contriti
459 621 573 652 sunt”,-
591 623 619 647 et
634 619 757 646 dissoluti
772 618 848 645 nervi
863 617 989 645 brachio-

199 677 259 697 rum
283 675 379 695 eorum
398 675 447 702 per
464 674 574 694 manum
589 665 710 701 potentis
733 665 834 698 Jacob,
857 664 909 691 hoc
936 667 988 696 est,

198 715 246 743 Dei
258 722 289 742 ac
305 714 402 746 Patris.
417 714 463 748 qui
481 719 522 741 est
533 713 664 740 Dominus
676 713 820 743 virtutum.
833 711 935 746 quique
945 719 990 738 or-

197 761 303 788 dinavit
327 765 357 787 ut
377 759 462 787 Filius
476 760 503 786 in
514 759 583 787 coelo
594 764 622 786 et
642 759 670 786 in
683 763 755 785 terra
767 757 988 785 benediceretur.

198 806 302 834 Scribit
315 806 388 834 enim
402 805 513 833 divinus
524 805 626 833 Paulus
641 804 726 840 quod,
748 812 810 832 cum
820 803 991 838 Primogeni-

198 857 255 879 tum
267 851 376 879 duxerit
395 852 423 878 in
443 851 549 882 orbem.
568 851 604 878 ita
617 850 715 877 dixerit
729 859 735 876 :
752 859 761 875 α
773 849 806 876 Et
823 848 940 876 adorent
951 848 991 883 ip-

198 905 258 925 sum
276 905 372 925 omnes
395 897 483 932 angeli
500 897 548 923 Dei
560 897 592 923 ".
611 906 621 922 ι
645 896 686 923 lta
698 895 782 923 David
810 895 874 922 alibi
899 894 967 921 dicit
983 903 990 920 :
1009 887 1029 914 Β

202 952 210 967 ι
226 941 322 970 Omnis
348 946 420 969 terra
438 941 535 969 adoret
548 945 584 972 lc.
611 945 640 968 et
653 941 751 976 psallat
779 940 828 967 tibi
841 941 873 967 ".
889 949 898 965 ι
915 939 991 967 llanc

197 989 316 1017 dicimus
328 988 401 1015 illam
415 996 561 1023 supernam
572 987 802 1019 benedictionem,
812 990 839 1014 et
851 986 923 1013 illam
932 994 992 1021 quae

197 1035 314 1063 inferius
332 1035 360 1062 in
374 1039 446 1062 terra
470 1034 561 1061 omnia
581 1033 714 1064 continet,
745 1033 797 1060 hoc
823 1035 876 1063 est.
888 1032 915 1059 in
938 1040 992 1067 qua

199 1085 312 1116 propter
332 1080 473 1108 Christum
499 1080 589 1107 omnis
607 1079 718 1106 demum
743 1078 832 1105 virtus
854 1077 990 1109 consistit,

198 1126 419 1161 multiplicesque
436 1125 582 1153 admodum
595 1125 706 1160 pietatis
720 1124 747 1150 in
767 1124 851 1151 Deum
874 1123 989 1150 fructus.

198 1172 307 1199 Dictum
323 1176 364 1199 est
384 1171 459 1198 enim
477 1171 511 1198 ad
533 1171 632 1198 Filium
646 1179 652 1197 :
669 1180 678 1196 ι
695 1169 816 1197 \‘isitasti
839 1167 951 1200 lerram,
965 1173 992 1196 et

198 1217 340 1245 inebriasti
351 1224 423 1249 eam,
435 1220 463 1244 et
473 1216 661 1251 multiplicasti
674 1220 703 1242 ut
720 1215 806 1250 ipsam
819 1215 962 1242 ditares".
979 1224 988 1241 ι

198 1263 284 1291 Porro
295 1262 368 1297 quod
383 1263 409 1290 ei
422 1262 486 1290 data
497 1262 533 1289 sit
551 1266 578 1289 et
598 1269 717 1297 superna
728 1260 895 1293 benedictio,
916 1265 944 1287 et
959 1268 992 1288 ea

197 1316 259 1344 quae
271 1313 313 1336 est
326 1308 353 1335 in
368 1313 439 1335 terra
451 1315 578 1343 expresse
602 1307 784 1334 conﬁrmatur
802 1306 846 1334 his
872 1307 965 1334 verbis
984 1315 990 1333 :

202 1364 210 1379 ι
227 1355 343 1389 Propter
360 1353 582 1381 benedictionem
595 1353 710 1380 uberum
725 1357 753 1380 et
764 1352 862 1384 vulva,
880 1357 992 1387 propter

198 1399 419 1426 benedictionem
440 1399 526 1433 patris
544 1403 572 1425 et
585 1397 692 1427 matris.
712 1401 756 1424 etc
766 1397 798 1423 “.
813 1406 821 1422 ι
839 1397 877 1424 Ex
891 1396 993 1431 quibus

197 1445 291 1472 verbis
305 1448 399 1479 aperte
414 1448 441 1471 el
452 1444 596 1472 evidenter
609 1443 749 1479 generatio
763 1442 844 1479 240
853 1443 993 1478 Unigeniti

197 1499 232 1518 ex
251 1491 307 1518 Deo
333 1494 361 1518 et
373 1491 453 1518 Patre
466 1511 472 1523 ,
505 1498 613 1518 necnon
635 1489 777 1525 generatio
796 1497 846 1525 per
870 1493 992 1516 sanctam

197 1537 348 1572 Virginem,
361 1541 497 1572 quatenus
510 1536 618 1564 scilicet
637 1536 800 1571 intelligitur
820 1540 847 1563 et
867 1536 993 1570 apparuit

198 1583 291 1615 homo,
312 1583 476 1610 declaratur.
490 1582 557 1610 Nam
573 1589 636 1609 cum
657 1586 752 1616 suapte
766 1586 865 1609 natura
878 1590 908 1609 ac
927 1590 992 1610 vere

199 1629 283 1656 Filius
298 1629 345 1656 Dei
362 1634 390 1657 et
404 1629 492 1657 Patris
507 1633 594 1661 esset,
608 1634 722 1664 propter
733 1637 784 1656 nos
799 1629 929 1656 sustinuit
944 1637 992 1664 per

198 1674 342 1703 mulierem
354 1683 386 1702 ac
396 1675 504 1702 vulvam
517 1675 604 1706 nasci,
625 1675 764 1710 uberaque
777 1683 884 1710 sugere.
897 1675 992 1710 Neque

197 1721 282 1753 enim,
295 1725 325 1748 ut
337 1721 447 1756 quidam
456 1721 562 1752 volunt,
571 1720 733 1755 imaginarie
743 1721 832 1748 factus
845 1725 888 1748 est
897 1721 991 1754 homo,

198 1768 247 1795 sed
263 1775 358 1795 revera
379 1767 465 1794 nostri
480 1766 579 1794 similis
592 1771 635 1794 est
645 1767 771 1800 ell‘ectus,
796 1772 903 1796 natura;
919 1768 994 1802 leges

198 1821 325 1848 sequens,
342 1818 371 1841 et
382 1814 444 1840 cibo
466 1818 556 1846 utens,
579 1813 758 1849 etiamsijpse
771 1814 873 1849 alioqui
889 1815 993 1842 mundo

198 1859 281 1885 vitam
308 1859 505 1894 suppeditaret.
523 1859 628 1887 idcirco
652 1864 679 1887 ct
695 1860 724 1886 Β.
746 1860 838 1892 Isaias,
863 1864 991 1895 tanquam

198 1904 353 1931 certissimo
378 1909 540 1941 argumento
563 1905 689 1940 probavit
714 1913 806 1932 veram
823 1906 931 1933 Domini
948 1906 991 1932 in—

198 1950 384 1977 carnationem
401 1958 435 1978 ex
448 1958 482 1978 eo
504 1951 578 1986 quod
595 1951 734 1987 indigebat
755 1952 887 1979 alimento
904 1951 993 1979 infan-

200 1994 278 2026 tium,
295 1994 390 2022 dicens
404 2005 410 2022 :
429 1995 576 2032 «Butyrum
592 2000 620 2023 et
633 1997 684 2024 mel
701 1997 825 2024 comedet
836 1997 868 2024 ".
879 2007 887 2023 ι
903 1997 990 2025 Bene-

198 2040 290 2068 dictus
301 2048 367 2076 ergo
379 2045 421 2069 est
432 2049 514 2069 causa
528 2041 644 2069 uberum
658 2046 687 2069 et
699 2042 796 2069 vulvaz.
811 2042 890 2075 Nam,
903 2048 933 2070 ut
943 2051 991 2071 su-

198 2093 246 2120 pra
266 2085 332 2118 dixi,
352 2091 529 2122 posteaquam
542 2086 631 2114 factus
652 2091 694 2113 est
712 2086 805 2119 homo,
818 2091 846 2114 et
857 2088 991 2117 obediens

198 2132 271 2159 Patri
284 2139 370 2167 usque
383 2132 417 2159 ad
431 2137 559 2164 mortem,
574 2132 748 2160 haereditavit
759 2133 811 2160 sibi
829 2142 930 2161 nomen
942 2142 989 2162 su-

197 2185 246 2212 per
261 2185 342 2205 omne
360 2185 461 2205 nomen
474 2179 507 2210 ",
521 2182 549 2205 et
561 2178 613 2213 ipsi
631 2187 640 2203 ‹
664 2177 750 2206 Omne
762 2186 833 2213 genu
850 2179 988 2213 ﬂectetur,

1041 249 1115 282 αὑτῷ
1130 249 1335 284 παραθήγοντες
1352 249 1414 280 τοὺς
1428 249 1508 275 οἱονεὶ
1528 249 1774 285 τραυματίζοντας,
1790 252 1836 277 καῖ

1042 294 1141 320 ἀκίδων
1157 295 1185 320 ὲν
1195 294 1270 327 τάξει
1284 293 1425 328 μονονουχὶ
1438 293 1486 320 καὶ
1500 293 1737 329 ὲμπηγνυμένους,
1750 294 1836 322 διάτοι

1041 340 1071 366 τὺ
1092 340 1158 375 δρᾷν
1178 339 1195 366 ἃ
1215 339 1252 374 μὴ
1276 339 1354 374 θέμις
1369 339 1536 375 ἀποτολμᾷν,
1553 341 1600 367 καὶ¹
1617 340 1708 376 θηρῶν
1732 341 1836 376 ἀγρίων

1042 385 1222 420 ὲπιθρὼσκειν
1238 385 1324 420 δίκην.
1349 384 1422 420 Πλὴν
1436 386 1579 420 συνετρίὸη
1598 386 1632 413 τὰ
1653 387 1716 419 τόξα
1734 387 1837 419 αὐτῶν,

1042 433 1089 460 καὶ
1106 431 1217 467 ἐξελύθη
1240 432 1322 467 νεῦρα
1347 431 1496 467 βραχιόνων
1513 433 1603 459 αὐτῶν
1616 433 1659 460 διὰ
1684 435 1761 469 χεῖρα
1775 434 1836 460 δυν-

1043 478 1125 505 άστου
1148 477 1256 510 Ἰακὼϐ,
1279 477 1412 509 τουτέστι,
1437 477 1485 504 τοῦ
1506 478 1574 504 Θεοῦ
1600 478 1647 505 καὶ
1667 479 1782 514 Πατρὺς,
1806 479 1834 511 ὅς

1043 526 1101 552 ἐστι
1117 525 1172 551 τῶν
1186 524 1327 560 δυνάμεων
1344 524 1457 560 Κύριος,
1473 524 1502 556 ὃς
1517 525 1563 552 καὶ
1577 525 1745 559 εὐλογεῖσθαι
1765 535 1836 562 παρ-

1042 571 1174 598 εσκεύασε
1198 571 1243 597 τὸν
1263 571 1328 598 Υίον
1342 571 1370 597 ἐν
1390 579 1420 598 τε
1436 570 1545 607 οὐρανῷ
1559 571 1607 598 καὶ
1632 571 1678 598 ἐπὶ
1702 573 1751 607 τῆς
1772 573 1834 606 γῆς.

1043 619 1145 653 Γράφει
1176 618 1224 654 μὲν
1249 617 1304 653 γὰρ
1325 619 1339 645 ὁ
1365 617 1507 649 θεσπέσιος
1530 617 1636 649 Παῦλος
1656 625 1662 632 ⁸
1688 618 1772 644 Ὅταν
1805 618 1834 644 δὲ

1043 665 1178 700 είσαγάγῃ
1196 663 1240 690 τὸν
1255 663 1426 699 πρωτότοκον
1440 664 1480 695 είς
1494 663 1544 699 τὴν
1556 663 1730 699 οἰκουμένην,
1746 663 1831 698 λέγει·

1048 722 1057 738 ι
1071 712 1126 739 Καὶ
1137 712 1405 748 προσκυνησάτωσαν
1416 711 1491 746 αὑτῷ
1501 711 1601 743 πάντες
1613 711 1807 746 ἄγγελοιθεοῦ.
1822 722 1830 736 ι

1042 759 1145 786 Φάσκει
1173 758 1201 784 δέ
1225 767 1275 784 που
1292 758 1338 785 καὶ
1355 759 1370 784 ὁ
1392 758 1478 793 μέγας
1499 758 1564 793 ἡμῖν
1579 757 1660 784 Δαϐίδ
1671 766 1678 773 ⁵
1695 768 1704 783 ι
1725 758 1802 785 Πᾶσα
1816 759 1832 792 ἡ

1043 806 1079 840 γῆ
1106 804 1375 840 προσκυνησάτωσαν
1404 812 1456 836 σοι,
1484 804 1532 830 καὶ
1561 803 1723 838 ψαλάτωσάν
1747 812 1798 830 σοι.
1823 814 1832 830 ι

1044 851 1152 886 Ταύτην
1166 849 1235 877 εἷναί
1249 858 1339 885 φαμεν
1354 850 1403 885 τὴν
1418 849 1520 877 ἄνωθεν
1534 850 1669 884 εὐλογίαν,
1683 850 1729 877 καὶ
1744 849 1792 885 τὴν
1806 851 1836 876 ἐν

1043 899 1076 933 τῇ
1092 899 1126 933 γῇ
1143 898 1218 924 κάτω
1238 897 1288 932 τὴν
1306 897 1395 923 πάντα
1411 895 1534 931 ἔχουσαν,
1549 896 1697 927 τουτέστιν,
1712 898 1740 923 ὲν
1791 897 1835 923 διὰ

1043 943 1160 980 Χριστὸν
1175 944 1250 969 πᾶσα
1263 943 1358 969 λοιπὸν
1372 942 1467 978 ἁρετὴ.
1485 942 1531 968 καὶ
1545 942 1606 969 λίαν
1621 942 1787 977 ἀμφιλαφεῖς
1810 943 1834 970 οι

1043 991 1091 1026 τῆς
1115 991 1154 1022 εἰς
1176 989 1242 1016 Θεὸν
1266 989 1404 1020 εὐσεϐείας
1429 988 1540 1023 καρποί.
1570 988 1685 1023 Είρηται
1706 989 1760 1024 γάρ
1783 997 1834 1015 που

1043 1038 1112 1072 πρὸς
1125 1037 1171 1064 τὸν
1192 1037 1266 1063 Υίὸν·
1285 1046 1295 1061 ‹
1322 1035 1481 1069 Ἐπεσκέψω
1499 1033 1549 1069 τὴν
1567 1035 1628 1069 γῆν,
1646 1035 1692 1061 καὶ
1716 1034 1836 1069 μεθύσας

1043 1083 1127 1118 αὐτὴν
1151 1083 1316 1116 ὲπλήθυνας,
1336 1081 1382 1107 τοῦ
1400 1079 1543 1107 πλουτίσαι
1559 1080 1662 1114 αὐτήν(
1678 1089 1687 1106 ι
1708 1079 1835 1106 Δεδὸσθαι

1043 1137 1074 1163 γε
1093 1129 1145 1164 μὴν
1162 1127 1235 1162 αὐτῷ
1251 1128 1300 1163 τὴν
1320 1127 1422 1154 ἄνωθεν
1444 1126 1580 1160 εὐλογίαν,
1602 1126 1650 1153 καὶ
1677 1126 1767 1161 μέντοι
1786 1126 1836 1162 τὴν

1044 1174 1098 1201 ἀπὸ
1126 1173 1188 1208 γῆς,
1219 1172 1403 1200 διεϐεϐαιοῦτο
1431 1172 1533 1206 σαφῶς·
1555 1183 1563 1197 ε
1579 1172 1688 1198 Εἵνεκεν
1709 1171 1835 1205 εὐλογίας

1045 1219 1156 1254 μαστῶν
1173 1219 1220 1245 καὶ
1236 1219 1353 1254 μήτρας,
1371 1218 1496 1252 εὐλογίας
1513 1218 1613 1253 πατρὸς
1625 1218 1801 1253 καὶμητρός.
1822 1227 1832 1244 ι

1043 1267 1082 1292 Δι¹
1096 1261 1126 1292 οὗ
1145 1265 1236 1300 σαφῶς
1260 1266 1306 1291 καὶ
1322 1264 1443 1300 ἐναργῶς
1458 1265 1475 1300 ἦ
1496 1273 1524 1291 τε
1539 1266 1570 1291 ὲκ
1588 1264 1654 1290 Θεοῦ
1668 1265 1715 1290 καὶ
1729 1264 1834 1300 Πατρὸς

1043 1313 1169 1348 γέννησις
1184 1311 1230 1338 τοῦ
1254 1311 1497 1346 Μονογενοῦς.’καὶ
1511 1312 1527 1346 ἡ
1543 1311 1586 1338 διὰ
1601 1311 1650 1346 τῆς
1664 1311 1746 1345 ἁγίας
1761 1312 1835 1346 Παρ-

1044 1357 1121 1384 θένου
1145 1357 1316 1393 σημαίνεται,
1343 1357 1409 1383 καθὸ
1437 1357 1536 1383 νοεῖται
1565 1357 1612 1383 καὶ
1639 1356 1758 1392 πέψηνεν
1784 1356 1833 1384 ἄν·

1044 1402 1163 1437 θρωπος.
1183 1402 1245 1433 Υἱὸς
1260 1402 1314 1437 γὰρ
1335 1401 1464 1436 ὑπάρχων
1480 1401 1603 1435 φυσικῶς
1617 1409 1646 1427 τε
1660 1401 1705 1427 καὶ
1725 1400 1834 1436 ἀληθῶς

1043 1447 1090 1474 τοῦ
1116 1447 1184 1474 Θεοῦ
1209 1456 1239 1474 τε
1261 1447 1309 1474 καὶ
1329 1447 1444 1482 Πατρὸς,
1460 1447 1494 1473 δι’
1517 1448 1591 1482 ἡμᾶς
1611 1447 1708 1482 ἀνέτλη
1723 1447 1771 1482 τὴν
1789 1447 1834 1474 διὰ

1043 1492 1170 1527 γυναικός
1188 1501 1218 1519 τε
1235 1492 1282 1519 καλ⁵
1300 1493 1406 1528 μήτρας
1420 1492 1556 1527 γέννησιν,
1565 1492 1612 1518 καὶ
1622 1491 1739 1526 μαστοὺς
1752 1491 1834 1527 τεθή-

1043 1539 1135 1566 λακεν.
1150 1539 1187 1566 Οὐ
1204 1538 1259 1574 γάρ
1273 1547 1325 1570 τοι,
1343 1538 1413 1565 κατά
1427 1546 1512 1570 τινας,
1534 1537 1642 1572 δοκήσει
1661 1537 1772 1571 γέγονεν
1788 1535 1835 1564 ἄν·

1044 1586 1163 1621 θρωπος,
1178 1586 1236 1612 ἀλλ’
1246 1586 1282 1618 ὡς
1300 1585 1380 1612 τοῦτο
1391 1585 1460 1612 κατὰ
1472 1584 1598 1619 ἀλήθειαν
1611 1583 1748 1620 πεφηνὼς.
1766 1584 1834 1620 ὅπερ

1044 1632 1127 1667 ἐσμὲν
1142 1632 1188 1658 καὶ
1199 1633 1280 1667 ἡμεῖς
1301 1631 1413 1667 seem.
1438 1633 1494 1663 τοῖς
1507 1631 1556 1665 τῆς
1576 1630 1682 1665 φύσεως
1701 1630 1832 1664 ἑπόμενος

1043 1679 1145 1713 νόμοις,
1161 1679 1208 1704 καὶ
1230 1678 1333 1713 τροφῆς
1347 1678 1486 1712 ¹ὴνέσχετο,
1503 1677 1589 1703 καίτοι
1610 1677 1682 1711 ζωὴν
1698 1676 1779 1708 αὐτὸς
1793 1676 1833 1712 τῷ

1043 1725 1137 1759 κόσμῳ
1162 1724 1258 1756 διδούς.
1286 1723 1420 1760 Ταύτῃτοι
1449 1723 1497 1750 καὶ
1521 1724 1534 1749 ὁ
1561 1723 1694 1758 μακάριος
1719 1721 1833 1754 Ἡσαΐας
1866 1749 1874 1756 _

1045 1770 1160 1804 μήνυσιν
1184 1768 1279 1804 ὥσπερ
1300 1768 1361 1794 τινὰ
1381 1767 1428 1794 τοῦ
1448 1768 1520 1794 κατὰ
1539 1767 1668 1802 ἀλήθειαν
1695 1767 1831 1802 ὲνανθρω·

1043 1815 1128 1850 πῆσαι
1138 1815 1184 1841 τὸν
1194 1814 1306 1849 Κύριον,
1315 1814 1345 1840 τὸ
1354 1814 1494 1849 δεδεῆσθαι
1503 1823 1517 1840 τ
1523 1813 1608 1849 ροιρῆς
1615 1811 1830 1848 νηπιοπρεποῦς,

1042 1859 1159 1886 ἐποιεῖτο
1183 1860 1282 1894 λέγων·
1311 1868 1319 1884 ι
1347 1859 1479 1894 Βούτυρον
1508 1859 1554 1885 καὶ
1579 1859 1641 1894 μέλι
1670 1857 1795 1893 φάγεται.
1817 1867 1827 1883 ι

1044 1905 1196 1940 nexam-.1;
1209 1905 1297 1932 τοίνυν
1310 1905 1385 1931 ἓνεκε
1403 1905 1513 1939 μαστῶν
1525 1904 1571 1930 καὶ
1587 1906 1702 1940 μήτρας.
1721 1904 1765 1935 Ὠς
1775 1903 1830 1939 γὰρ

1042 1950 1110 1986 ἔφην
1122 1951 1236 1985 φθάσας.
1252 1950 1312 1976 ἐπεί
1323 1959 1362 1976 τοι
1378 1950 1488 1984 γέγονεν
1501 1949 1642 1984 ἄνθρωπος
1654 1950 1700 1976 καὶ
1712 1950 1831 1984 ὑπήκοος

1040 1995 1080 2031 τῷ
1091 1996 1188 2031 Πατρὶ,
1201 1995 1438 2031 κεκληρονόμηκεν
1449 1995 1535 2031 ὄνομα
1544 1995 1575 2021 τὸ
1584 1995 1655 2030 ὑπὲρ
1667 1996 1720 2021 πᾶν
1733 1994 1829 2030 ὄνομα,

1041 2041 1088 2067 καὶ
1100 2040 1174 2075 αὐτῷ
1191 2049 1199 2066 ι
1223 2040 1326 2074 κάμψει
1342 2041 1395 2066 πᾶν
1417 2040 1492 2074 γόνυ,
1512 2040 1690 2075 ἐπουρανίων,
1708 2040 1755 2066 καὶ
1770 2041 1831 2066 ὲπι-

1040 2086 1131 2121 γείων,
1155 2087 1202 2113 καὶ
1226 2086 1420 2121 καταχθονίων,
1442 2085 1644 2121 ὁμολογούντων
1668 2086 1708 2112 ὅτι
1727 2085 1830 2121 Κύριος

1047 2129 1151 2168 Ἰησοῦς
1172 2132 1300 2167 Χριστὸς,
1316 2132 1356 2163 είς
1371 2131 1449 2163 δόξαν
1465 2131 1533 2158 Θεοῦ
1546 2131 1662 2167 Πατρός.
1680 2141 1689 2157 ι
1714 2131 1786 2166 Πλὴν
1803 2131 1829 2157 εί

1041 2179 1087 2205 καὶ
1104 2178 1207 2214 πέφηνε
1225 2177 1284 2204 καθ’
1308 2179 1391 2213 ἡμᾶς,
1409 2178 1467 2205 ἀλλ’
1483 2176 1530 2205 οὖν
1548 2179 1740 2214 ὑπερκείσεται
1761 2187 1829 2205 παν-

197 2223 352 2250 cmlestium
365 2243 372 2254 .
398 2223 571 2250 terrestrium
590 2228 618 2250 et
643 2223 824 2258 infernorum,
839 2225 885 2260 qui
900 2225 987 2253 conﬁ-

1041 2225 1084 2256 τὸς
1095 2224 1183 2258 ἁγίου,
1197 2225 1244 2251 καὶ
1256 2224 1469 2259 ὑπερανεστήξει
1486 2225 1645 2259 Θεοπρεπῶς
1659 2225 1713 2250 τῶν
1725 2223 1828 2251 ἄνωθεν

197 2273 291 2296 tentur
304 2269 378 2304 quod
402 2270 534 2297 Dominus
554 2270 634 2297 Jcsus
654 2270 781 2298 Christus
801 2271 836 2298 sit
858 2272 885 2299 in
899 2272 987 2307 gloria

197 2315 244 2341 Dci
258 2315 347 2342 Patris
357 2316 390 2341 ’⁷.
409 2324 417 2340 ι
433 2315 500 2342 Nam
514 2315 565 2342 etsi
578 2316 715 2350 apparuit,
728 2316 800 2343 sicut
820 2324 880 2347 nos.
893 2318 984 2351 homo,

197 2364 299 2392 tamen,
320 2361 443 2393 utDcus,
467 2366 580 2396 superat
598 2362 724 2396 quemvis
750 2368 884 2397 sanctum,
901 2365 984 2392 etiam

197 2405 258 2431 illos
269 2405 315 2440 qui
325 2406 381 2440 jam
398 2406 460 2433 inde
471 2415 486 2433 a
498 2406 648 2441 primordio
662 2408 758 2435 mundi
770 2409 944 2443 exstiterunt,
956 2415 984 2438 et

197 2450 292 2477 Patres
319 2455 383 2478 sunt
406 2452 549 2479 nominati.
584 2453 625 2480 Ita
653 2453 727 2480 enim
754 2454 899 2483 Psalmista
924 2457 982 2484 ait:

201 2505 209 2521 ι
231 2495 366 2529 Quoniam
378 2497 440 2531 quis
452 2497 479 2524 in
491 2498 612 2526 nubibus
623 2499 779 2533 aequabitur
790 2501 906 2529 Domino
920 2507 984 2530 :aut

197 2541 259 2575 quis
280 2541 305 2568 ei
331 2541 430 2568 similis
450 2542 504 2569 erit
526 2543 598 2569 inter
617 2542 689 2570 ﬁlios
713 2543 761 2571 Dei
776 2543 798 2560 ⁵⁸
812 2544 824 2570 ?
840 2554 849 2570 ›
869 2545 926 2572 Hoc
956 2551 985 2573 et

198 2585 293 2613 beatus
311 2587 395 2614 Iacob
418 2587 498 2615 docet
519 2590 647 2622 przesenti
668 2589 729 2617 loco
749 2589 866 2618 dicens:
893 2601 902 2616 ι
917 2591 986 2624 Quia

198 2633 364 2666 pnevaluisti
379 2633 405 2660 in
422 2633 663 2662 benedictionibus
680 2636 815 2663 montium
832 2636 984 2669 ﬁrmorum,

197 2683 225 2705 et
249 2678 359 2705 collium
383 2684 550 2707 zeternorum
565 2681 597 2708 ’9.
616 2690 624 2706 ι
641 2681 709 2708 Nam
724 2687 831 2710 montes
856 2683 983 2710 ﬁrmissi-

197 2723 396 2758 mos,itemque
409 2725 493 2752 colles
502 2729 619 2753 mtcrnos
635 2731 713 2754 vocat
725 2731 844 2759 sanctos,
859 2733 986 2763 propter-

241 2823 261 2837 ”
272 2822 339 2849 Gen.
350 2832 420 2853 xux.
433 2825 475 2852 25.
516 2825 626 2853 "ibid.
639 2826 682 2853 Ἡ.
722 2827 742 2842 ¹¹
759 2827 840 2853 llebr.
860 2835 888 2857 ιι,
903 2827 928 2852 6.

199 2858 221 2873 ⁸³
240 2857 292 2884 lea.
325 2867 370 2891 vu,
390 2860 420 2887 lii
469 2860 622 2895 "Philipp.
655 2869 682 2893 u,
705 2862 729 2886 9.
770 2863 790 2876 ’⁷
805 2861 872 2889 ΙΙιίςί.
895 2863 934 2893 to,
953 2862 991 2888 ll.

965 2827 988 2842 ”
1003 2827 1071 2853 Psal.
1093 2835 1150 2856 ιη’,
1167 2827 1190 2853 ί.
1229 2827 1330 2853 "Paul.
1347 2835 1414 2852 una
1438 2827 1478 2852 In.

1036 2271 1080 2298 ἔτι
1114 2271 1162 2297 καὶ
1192 2270 1349 2305 ἐνομαστῶν
1380 2270 1514 2306 πατέρων.
1542 2271 1574 2297 Ὀ
1600 2271 1654 2306 γὰρ
1675 2271 1689 2297 ὁ
1714 2270 1828 2297 Ψάλλων

1043 2316 1138 2352 φησίν·
1158 2325 1167 2341 ι
1179 2316 1239 2342 ’Ὁτι
1254 2316 1295 2347 τίς
1311 2316 1339 2342 ὲν
1351 2315 1476 2350 νεφέλαις
1491 2314 1653 2350 ίσωθήσεται
1665 2315 1703 2350 τῷ
1714 2315 1825 2350 Κυρῖῳ;

1034 2361 1049 2396 ἢ
1066 2361 1106 2392 τίς
1122 2360 1319 2396 ὁμοιωθήσεται
1336 2361 1409 2395 αὐτῷ
1421 2361 1450 2386 ὲν
1471 2361 1538 2392 υἱοῖς
1553 2360 1639 2392 Θεοῦς
1660 2370 1668 2386 ι
1687 2360 1765 2386 τοῦτο
1786 2360 1826 2386 δι-

1031 2407 1124 2434 δάσκει
1138 2407 1222 2441 λέγων
1237 2408 1250 2433 ό
1266 2406 1397 2442 μακάριος
1418 2406 1528 2432 Ὶακώό·
1546 2416 1554 2432 ε
1568 2407 1628 2432 ’Ὁτι
1645 2406 1828 2441 ὑπερίσχυσας

1039 2453 1082 2480 ἐπ’
1099 2453 1234 2487 εὐλογίαις
1252 2453 1338 2488 ὀρέων
1361 2453 1482 2488 μονίμων
1504 2453 1550 2479 καὶ
1572 2452 1651 2479 θινῶν
1665 2452 1792 2479 αἰωνίων.
1812 2462 1821 2477 ι

1041 2500 1110 2535 Ὀρη
1120 2499 1174 2535 γὰρ
1186 2498 1282 2526 αἰώνιά
1293 2507 1321 2525 τε
1335 2499 1380 2525 καὶ
1393 2497 1578 2533 μονιμώτατοι,
1594 2499 1640 2525 καὶ
1662 2498 1753 2533 μέντοι
1779 2498 1826 2524 καὶ

1037 2545 1112 2576 θῖνας
1128 2544 1262 2576 αίωνίους,
1286 2544 1347 2576 τοὺς
1365 2544 1459 2578 ἁγίους
1484 2544 1560 2578 φησὶ,
1580 2543 1624 2570 διά
1638 2552 1678 2569 τοι
1692 2543 1722 2569 τὸ
1743 2541 1827 2578 ἧρθαι

1036 2590 1086 2625 τῆς
1097 2590 1160 2625 γῆς,
1179 2590 1225 2617 καὶ
1240 2591 1348 2624 φρονεῖν
1367 2589 1416 2624 μὲν
1429 2590 1505 2616 οὐδὲν
1517 2590 1570 2616 τῶν
1588 2589 1825 2624 κατερριμμένων,

1037 2636 1130 2671 ζητεῖν
1144 2636 1172 2663 δὲ
1193 2636 1227 2662 τὰ
1249 2636 1314 2667 ἄνω,
1329 2637 1376 2662 καὶ
1393 2637 1433 2667 εἰς
1448 2636 1481 2662 τὰ
1500 2635 1553 2662 τῶν
1569 2635 1675 2670 ἀρετῶν
1690 2634 1826 2669 ὑψώματα

1036 2680 1066 2708 εὖ
1084 2682 1155 2716 μάλα
1167 2681 1293 2717 διᾴττειν.
1305 2682 1427 2708 Κατόπιν
1437 2679 1484 2708 οὖν
1493 2682 1548 2716 ἄρα
1559 2681 1609 2715 τῆς
1620 2679 1736 2716 Χριστοῦ
1747 2680 1826 2714 δόξης

1039 2728 1084 2754 καὶ
1100 2728 1125 2754 οἱ
1151 2728 1204 2753 τῶν
1229 2727 1358 2762 Πατέρων
1383 2727 1587 2762 ἐπισημότατοι,
1619 2727 1665 2753 καὶ
1689 2727 1728 2757 εἰς
1749 2725 1824 2760 λῆξιν

1520 2827 1541 2841 ’⁵
1554 2826 1621 2853 Gen.
1636 2835 1659 2853 τι
1671 2835 1705 2858 n',
1719 2827 1764 2858 οῖς,
1777 2826 1821 2853 :26.

1045 2863 1065 2877 '“
1081 2863 1149 2888 l‘snl.
1175 2870 1299 2893 luxu",
1325 2862 1349 2888 7.
1387 2862 1407 2876 "
1431 2862 1498 2889 (ἔνη.
1523 2862 1649 2895 λιλῃῖιῖ.
