1999 3056
175 127 224 155 38!

174 187 287 219 ἥκοντες
306 188 415 225 ἀρετῆς.

649 136 907 166 GLAPilYRORUM
927 139 960 166 IN
981 139 1130 168 GENESIM
1150 141 1214 169 LIB.
1236 142 1290 169 Vll.

443 190 474 218 Οἱ
500 192 550 227 μὲν
575 193 630 229 γὰρ
641 192 711 230 ἦσαν
732 197 844 227 οἰκέται,
861 197 911 224 κᾶν
934 207 946 224 ε

1010 192 1127 235 θάψιοᾶ
1140 209 1155 228 a
1167 205 1240 229 terra
1252 201 1352 228 sublati
1366 204 1439 233 sunt,
1457 208 1544 236 neque
1558 202 1676 236 amplius
1689 211 1733 231 res
1744 205 1795 232 ab-

1742 142 1795 170 ὅθί

174 231 322 282 τετάχαντο
340 234 432 282 λοιπὸν
448 236 477 261 ὲν
494 237 598 270 τέκνοις
611 248 618 254 ·
635 242 649 267 ὁ
663 240 691 267 δὲ
704 241 815 277 Κύριος,
833 243 869 274 ὡς
886 244 948 276 Υίδς

1005 247 1093 281 jectas
1113 252 1219 279 curant,
1232 247 1280 274 sed
1302 255 1420 282 superna
1432 252 1567 282 quierunt,
1593 252 1622 275 et
1635 248 1669 275 ad
1689 256 1795 278 summa

172 276 208 324 τα
230 278 263 304 δι’
282 276 320 305 ὧν
337 280 435 309 ἐκεῖνοι
459 283 585 317 γεγόνασι
603 285 734 321 λαμπροὶ,
750 276 960 324 γκεχορηγηκὼς

173 323 273 372 αύτοῖς,
291 325 435 360 Τοιγάρτοι
460 329 506 355 καὶ
526 329 660 364 λέγουσιν,
675 333 715 359 ὅτι
731 343 740 359 ι
766 334 812 360 Ἐκ
826 323 871 362 τού
890 323 959 372 τελη-

173 368 299 420 edisne;
317 372 398 420 αὐτού
409 373 494 420 Δἡμεῖς
509 376 609 408 πάντες
626 377 769 414 ἐλάϐομεν,
789 389 797 405 ι
813 381 860 408 καὶ
879 368 958 417 χάριν

171 414 233 441 ἀντὶ
249 416 367 451 χάριτος.
383 418 486 445 Οὐκοῦν
507 421 556 456 τῆς
573 421 651 458 δόξης
663 425 676 450 ὁ
697 424 828 459 στέφανος
852 414 956 454 ἐτιικεί-

173 468 246 510 ἵεται
266 462 314 496 μὲν
337 464 458 510 φυσικῶς
477 467 509 501 τῇ
528 467 574 494 τοῦ
591 469 716 505 Σωτῆρος
737 471 816 506 ήμῶν
839 474 953 510 κεφαλῇ·

170 505 326 542 διαϐήσεται
336 509 364 535 δὲ
379 510 453 536 οὐδὲν
463 509 551 548 ἦττον,
563 514 608 540 καὶ
621 514 706 550 δῶρον
722 516 797 544 ἔσται
812 503 898 551 δοτδν,
909 503 955 546 κᾶι

169 551 213 576 ἐπ’
226 553 323 585 αὐτοὺς
337 555 431 588 ἁγίους
446 558 508 589 τοὺς
527 559 572 586 ὑπ’
597 561 670 595 αὐτῷ
692 564 849 596 γεγονότας,
868 565 892 591 οἳ
908 565 953 593 τὸν

168 596 326 632 ἀμάραντον
344 599 394 634 τῆς
416 601 495 637 δόξης
519 605 718 639 περικείσονται
739 608 886 642 στέφανον’
905 610 952 636 καὶ

167 643 291 690 κοινωνοὶ
314 644 368 671 τῶν
386 646 467 673 αὑτοῦ
480 649 649 684 παθημάτων
672 653 858 688 γεγενημένοι,
884 663 952 690 συμ-

168 687 310 734 ρεοέξουσι
323 690 373 724 τῆς
387 692 518 725 εὐκλείας.
538 695 641 731 Ἀραρε
653 697 717 733 γὰρΙ
736 687 778 725 ετ,
794 687 952 734 συμπεπδν,

167 730 244 764 θάτες
261 734 344 769 αὐτῷ,
360 737 406 763 καὶ
416 738 684 772 συμϐασιλεύσουσιν.

1008 291 1140 319 virtutum
1160 293 1266 328 fastigia
1285 293 1364 320 enixe
1383 292 1563 320 contendunt.
1582 292 1729 321 inferiores
1746 295 1795 330 igi-

1008 341 1053 364 tur
1065 343 1128 365 sunt
1141 338 1251 366 Christo
1273 338 1301 366 in
1313 338 1397 373 gloria
1409 338 1490 365 etiam
1509 337 1674 365 sanctissimi
1692 347 1726 365 ex
1743 339 1794 366 Pa-

1007 383 1107 416 tribus,
1123 385 1170 419 qui
1183 385 1224 411 vel
1242 392 1379 411 summum
1394 385 1507 411 virtutis
1530 384 1637 411 culmen
1660 391 1794 411 conscen-

1009 427 1118 455 derunt.
1142 428 1283 463 Siquidem
1299 428 1327 456 hi
1339 436 1436 456 omnes
1452 428 1563 455 fuerunt
1576 428 1649 455 servi
1673 428 1699 455 in
1712 428 1794 456 domo

1009 473 1067 506 Dei,
1081 474 1133 500 etsi
1146 474 1274 508 deinceps
1293 474 1320 500 in
1331 473 1401 500 ﬁlios
1413 474 1467 500 sint
1481 474 1610 508 cooptati.
1630 473 1690 508 ipse
1701 477 1792 501 autem

1008 522 1050 546 est
1073 519 1204 546 Dominus
1225 523 1354 554 tanquam
1372 518 1580 551 ﬁliusfamilias,
1605 527 1637 546 ea
1666 527 1715 554 per
1733 527 1793 553 qua}

1008 563 1060 598 ipsi
1075 564 1194 592 illustres
1211 569 1373 597 evaserunt,
1389 565 1456 600 ipsis
1473 565 1661 600 suppeditans.
1675 565 1752 593 Unde
1766 570 1793 591 et

1007 609 1057 643 ipsi
1070 609 1167 636 dicunt
1189 610 1261 644 quod
1280 620 1288 635 ‹
1304 611 1342 637 Ex
1354 611 1524 645 plenitudine
1537 611 1595 645 ejus
1606 618 1701 638 omnes
1712 618 1792 637 acce—

1005 654 1095 688 pimus
1105 654 1137 687 ³ο,
1155 664 1163 680 ι
1183 659 1210 682 et
1226 655 1341 690 gratiam
1360 663 1409 690 pro
1420 656 1516 691 gratia.
1533 655 1716 688 Quamobrem
1741 663 1792 682 na-

1005 700 1130 727 turaliter
1138 702 1371 735 competitcorona
1383 701 1476 736 gloriae
1486 701 1572 736 ipsius
1584 700 1791 736 capiti.Nihilo-

1005 745 1097 773 minus
1114 749 1204 773 tamen
1230 747 1372 782 continget
1393 751 1421 774 et
1434 747 1582 774 donabitur
1603 747 1656 773 hoc
1679 747 1788 774 demum

264 786 364 832 sanctis
378 783 425 832 qui
449 792 477 811 se
497 784 521 811 ei
538 786 721 832 subiecerint.
740 789 787 823 Qui
810 790 1031 818 immarcescibili
1051 799 1152 818 corona
1182 780 1355 820 ornahuntur
1376 793 1407 825 ³¹,
1426 793 1527 827 quique
1548 793 1694 827 participes
1725 792 1792 819 facti

166 828 254 873 ipsrus
273 828 408 873 passionis
419 833 447 856 et
470 830 787 868 erueis,participabunt
802 836 885 864 etiam
911 837 1003 872 gloriae
1030 838 1126 872 ipsius.
1146 838 1212 865 Nam
1240 839 1277 865 ita
1298 838 1399 873 placuit
1422 842 1453 865 ut
1473 838 1521 872 qui
1552 838 1632 865 simul
1665 845 1726 865 cum
1755 845 1791 865 eo

165 868 222 895 Sint
241 871 324 904 passi,
340 872 420 900 simul
431 882 494 902 cum
511 884 544 904 eo
562 884 687 913 regnent.

405 946 473 980 Περὶ
488 946 541 974 τοῦ
557 949 707 985 Βενιαμίν.

1285 946 1323 973 De
1342 945 1490 981 Benjumin.

203 1010 331 1045 Βενιαμὶν
344 1011 424 1045 λύκος
440 1013 546 1049 ἅρπαξ·
560 1016 590 1042 τὸ
606 1018 721 1052 πρωῖνὸν
734 1019 821 1045 ἔδεται
836 1018 886 1050 ἔτι,
905 1019 950 1046 καὶ

1037 1016 1115 1052 24],
1133 1025 1141 1041 ι
1151 1014 1291 1049 Beniamin
1300 1014 1380 1047 lupus
1394 1019 1492 1046 rapax:
1506 1019 1584 1039 mane
1600 1011 1725 1038 comedet
1737 1011 1787 1038 ad-

163 1056 206 1087 εῑς
223 1057 254 1082 τὸ
270 1057 390 1093 ἑσπέρας
404 1059 527 1087 διαδώσει
540 1063 653 1097 τροφήν.
675 1073 684 1089 ι
701 1065 850 1100 Προτὲτοκε
869 1065 918 1099 μὲν
932 1065 949 1100 ἡ

169 1101 270 1137 Ῥαχὴλ
284 1103 328 1129 τὸν
343 1104 484 1132 θεσπέσιον
506 1107 615 1142 Ἰωσὴφ,
633 1109 676 1135 ἐπ’
691 1109 765 1145 αὒτῷ
781 1110 809 1136 δὲ
825 1110 870 1136 τὸν
885 1109 950 1136 Βεν-

164 1148 259 1182 ιαμίν
275 1148 332 1175 ἀλλ’
347 1149 404 1182 υἱὸς
422 1150 471 1185 μὲν
486 1152 616 1185 νεώτατος
641 1154 738 1189 Ἰωσὴφ
754 1155 821 1190 πρδς
836 1155 883 1181 τοῦ
898 1159 949 1181 πα-

163 1193 227 1228 τρὸς
242 1193 406 1229 ὠνομάζετο.
429 1196 506 1223 οὕτω
519 1207 549 1224 τε
566 1198 639 1234 ἔχειν
661 1199 690 1226 τὸ
708 1201 802 1235 χρῆμα
816 1199 947 1235 δώσομεν.

163 1239 304 1275 Νεὼτερον
319 1241 346 1267 δὲ
364 1242 500 1269 νεωτάτου
513 1244 600 1278 φαμὲν
612 1245 737 1278 γενέσθαι
752 1246 796 1271 τδν
810 1246 948 1280 Βενιαμίν.

169 1285 240 1312 Ἀλλ’
257 1286 312 1317 υἱὸς
335 1287 384 1321 μὲν
400 1287 532 1320 νεώτατος
551 1290 695 1324 Βενιαμίν·
710 1291 756 1317 καὶ
770 1291 801 1326 δὴ
820 1292 897 1317 νοοῖτ¹
917 1291 950 1318 ἂν

162 1330 276 1362 εἰκότως
291 1328 335 1357 οἷά
348 1340 389 1363 τις
404 1332 485 1359 εἰκὼν
497 1334 542 1360 καὶ
553 1334 638 1366 τύπος
654 1335 700 1362 τοῦ
716 1336 852 1363 νεωτάτου
870 1335 947 1363 λαοῦ’

162 1375 192 1407 ὃς
213 1377 260 1403 καὶ
274 1376 317 1403 διὰ
330 1377 383 1403 τῶν
396 1377 481 1412 ἁγίων
494 1378 624 1415 κέκληται
641 1380 777 1416 μαθητῶν,
792 1382 860 1416 μετά
875 1391 906 1416 γε
919 1375 951 1408 τὸ

162 1421 195 1446 ἐκ
206 1420 311 1457 νεκρῶν
324 1421 471 1449 ἀναϐιῶναι
485 1423 610 1458 Χριστὸν,
626 1425 673 1452 καὶ
686 1426 755 1460 πρὸς
769 1426 813 1452 τὸν
829 1427 858 1452 ἐν
869 1427 951 1462 οὐρα-

163 1468 219 1499 νοῖς
245 1467 425 1503 ὑπονοστῆσαι
456 1469 563 1505 Πατέρα
590 1470 636 1497 καὶ
663 1471 739 1498 Θεόν.
769 1472 891 1507 Ἀρπαγι
921 1473 950 1499 δὲ

163 1512 238 1548 λύκῳ
261 1513 467 1548 παρεικάζεται,
485 1514 529 1542 διά
553 1524 594 1542 τοι
609 1516 655 1544 τὸ,
673 1514 763 1551 οἶμαι,
789 1517 889 1552 Θερμὸν
910 1518 949 1550 είς

162 1558 266 1593 ὀρέξεις
278 1558 326 1590 τὰς
340 1559 385 1585 ἐπί
397 1567 427 1594 γε
439 1560 469 1586 τὸ
487 1560 629 1597 μαθητιᾷν,
641 1563 687 1588 καὶ
702 1561 881 1597 ὲπιθρώσκειν
895 1563 948 1596 ἀεὶ,

163 1604 210 1629 καὶ
233 1604 304 1639 μάλα
329 1605 485 1640 προθύμως,
508 1604 553 1633 οἷά
575 1616 628 1634 τισι
644 1608 740 1643 θήραις
763 1610 823 1640 ταῖς
842 1610 881 1640 εἰς
895 1610 948 1635 πᾶν

162 1647 251 1676 ὁτιοῦν
269 1649 324 1676 τῶν
339 1650 492 1685 τρεφόντων
507 1652 546 1683 εἰς
566 1652 681 1685 εὐεξίαν,
703 1653 780 1689 δῆλον
800 1654 828 1680 δὲ
844 1655 884 1680 ὃτι
898 1655 947 1689 τὴν
962 1648 980 1673 (ἶ

163 1697 359 1730 πνευματικήν.
371 1697 456 1723 Δεινοὶ
474 1697 528 1733 γὰρ
551 1698 615 1724 ίδεῖν
635 1699 666 1725 τὸ
679 1699 773 1726 τελοῦν
789 1701 828 1731 εἰς
843 1700 946 1735 ὕνησιν,

163 1741 276 1776 καὶμὴν
287 1742 334 1768 καὶ
356 1743 478 1778 ἁρπάσαι
495 1744 526 1770 τὸ
542 1744 678 1779 ὠφελοῦν·
694 1744 763 1777 ὀξεῖς
777 1746 817 1777 εἰς
833 1746 948 1781 ἀποδρο-

165 1787 219 1822 μὴν
240 1787 294 1813 τῶν
311 1788 413 1814 ἀδικεῖν
437 1789 580 1817 εἰωθότων.
605 1791 663 1817 Εἰσὶ
679 1791 707 1817 δὲ
722 1791 782 1818 λίαν
795 1792 834 1823 εὶς
849 1791 948 1826 φόϐους

162 1833 212 1859 οὐκ
236 1832 351 1865 εὔκολοι,
378 1834 432 1861 οὐδ’
457 1835 490 1861 ἂν
509 1836 534 1862 εἰ
558 1836 646 1863 κυνῶν
664 1837 756 1869 αὐτοῖς
782 1837 949 1872 περιχέοιντο

162 1878 252 1913 δίκην.
266 1879 290 1905 oi
303 1879 356 1905 τῶν
371 1880 480 1914 ἀγαθῶν
495 1880 584 1916 ἔργων
601 1891 629 1908 τε
645 1883 691 1909 καὶ
705 1883 792 1917 λόγων
805 1883 948 1910 άποσοῦεἴν

168 1923 311 1958 ᾑρημένοι,
327 1925 516 1959 καταναρκῶσι
527 1926 554 1952 δὲ
569 1926 616 1961 τὴν
627 1927 808 1962 προ[σ]εολήν.
819 1927 949 1963 Μεμαθή-

165 1976 230 1995 κασι
247 1969 311 2004 γὰρ,
326 1971 373 1996 καὶ
400 1970 472 2005 μάλα
491 1972 631 2004 νεανικῶς·
652 1982 659 1998 ι
682 1973 729 2005 Τίς
743 1975 817 2009 ἡμᾶς
837 1973 948 2009 χωρίσει

163 2012 220 2039 ἀπὸ
233 2014 282 2048 τῆς
298 2014 406 2050 ἀγάπης
420 2015 467 2042 τοῦ
485 2016 619 2051 Χριστοῦς
637 2017 733 2051 θλίψις,
745 2018 760 2051 ἦ
774 2018 946 2054 στενοχωρία.

163 2058 180 2092 ἦ
198 2059 286 2094 λιμὸς,
302 2059 317 2094 ἢ
342 2060 470 2095 διωγμὸς,
493 2061 509 2096 ἢ
524 2063 696 2097 γυμνότης,ἢ
713 2063 843 2097 κίνδυνος,
861 2064 877 2099 ἢ

165 2112 248 2140 χαιρα
260 2113 266 2136 ;
288 2115 296 2130 ι
319 2106 387 2131 Ἀλλ’
401 2107 454 2132 οὐδ’
465 2107 498 2134 ἂν
511 2108 579 2139 ὅλως
593 2108 690 2139 αὐτοὺς
701 2109 724 2135 oi
739 2109 948 2144 ψευὼποιμὲνες

163 2150 213 2185 τῆς
237 2150 326 2182 αὐτοῖς
341 2151 526 2187 ἀγαπωμένης
544 2151 673 2185 ιξώσειαν
691 2154 794 2188 τρίϐου,
810 2153 949 2188 βάλλοντες

163 2197 204 2228 εἰς
214 2197 328 2232 νεφροὺς
337 2196 493 2234 [τάφρουςῖ]
502 2200 532 2225 οὐ
543 2199 704 2234 φειδόμενοι,
714 2200 783 2226 κατὰ
793 2201 822 2226 τὸ
832 2209 950 2235 γεγραμ-

165 2242 254 2278 μένον.
267 2243 485 2278 Τληπαθέστατοι
504 2245 557 2279 γὰρ
571 2246 595 2271 oi
612 2246 706 2272 τοιοίδε
722 2246 792 2278 λίαν,
808 2247 854 2273 καὶ
878 2247 949 2282 ζωὴν

163 2288 310 2323 ἡγούμενοι
327 2290 356 2315 τὸ
371 2289 475 2317 παθεῖν·
492 2291 688 2326 διακεκράγασι
708 2292 772 2326 γοῦν
782 2301 789 2307 ·
808 2301 817 2317 ι
829 2292 905 2327 Ἐμοὶ
920 2293 949 2319 τὺ

164 2335 214 2369 ζῇν
226 2335 340 2368 Χριστὸς
352 2336 398 2362 καὶ
412 2336 441 2362 τὺ
447 2336 590 2363 ἀποθανεῖν
604 2337 707 2373 κέρδος.
720 2347 729 2364 ι
741 2338 854 2371 Οὐκοῦν,
863 2338 914 2365 κᾶν
925 2339 949 2365 εί

163 2380 255 2411 λύκοις
273 2380 373 2416 ἂρπαξι
390 2382 611 2417 παρεικάζοιντο,
627 2384 698 2410 κατά
721 2392 751 2418 γε
770 2386 833 2416 τοὺς
849 2385 949 2419 ἀρτίως

163 2427 229 2460 ἡμῖν
243 2427 505 2463 παραδεδειγμένους
512 2429 638 2464 τρόπους,
650 2429 735 2460 οὐδὲν,
746 2429 783 2461 ὡς
797 2430 894 2462 ἔοικεν,
903 2430 943 2461 είς

162 2472 193 2498 τὸ
210 2472 246 2508 μὴ
257 2472 327 2508 ἔχειν
339 2473 426 2509 ὀρθῶς
440 2475 591 2510 ἀδικηθεῖεν
603 2475 645 2507 ἂν,
664 2476 724 2502 ἐπεί
737 2484 777 2502 τοι
804 2476 850 2502 καὶ
864 2476 944 2507 adeo;

163 2517 177 2542 ὁ
195 2517 290 2553 Σωτὴρ
298 2518 392 2546 λέοντά
406 2528 434 2546 τε
452 2521 496 2546 καὶ
511 2521 651 2556 πάρδαλιν,
670 2521 731 2556 ἦτοι
744 2521 870 2557 πάνθηρα
886 2522 949 2548 ἑαυ-

163 2562 209 2588 τὸν
234 2562 371 2597 ὀνομάζει,
389 2564 492 2598 λέγων·
512 2574 521 2591 ‹
540 2566 611 2592 Διότι
627 2565 682 2600 ἐγώ
703 2567 760 2601 είμι
785 2567 822 2598 ὡς
841 2566 948 2602 πάνθηρ

163 2607 202 2644 τῷ
224 2608 350 2644 Ἐφραῒμ,
369 2611 416 2638 καὶ
436 2611 474 2642 ὡς
490 2611 557 2638 λέων
571 2612 610 2647 τῷ
624 2613 689 2647 οἴκῳ
707 2612 802 2641 Ἰούδα.
825 2613 879 2638 Καὶ
893 2613 948 2646 ἐγὼ

164 2653 291 2688 ἔρχομαι.
318 2655 365 2681 καὶ
393 2656 571 2691 πορεύσομαι.
595 2658 640 2684 καὶ
671 2657 802 2692 λήᾦομαι,
831 2658 877 2684 καὶ
899 2658 949 2684 οὐκ

163 2698 240 2725 ἔσται
254 2699 546 2736 όὲξαιρούμενος.»-ι
558 2703 653 2738 Ἀγροῠ
665 2703 693 2729 δὲ
710 2703 802 2738 οηρία,
819 2713 826 2728 ι
842 2704 887 2729 καὶ
901 2702 949 2729 αὺ-

169 2744 228 2774 ni):
242 2745 374 2772 ἀποκαλεῖ
389 2748 451 2778 τοὺς
475 2749 513 2779 εἰς
530 2748 612 2774 αὐτὸν
625 2748 809 2780 πιστεύοντας,
824 2749 894 2775 οὕτω
908 2749 950 2774 λέ-

1001 1063 1065 1095 hue,
1086 1066 1114 1089 et
1130 1061 1161 1088 ad
1180 1067 1321 1095 vesperam
1342 1059 1491 1086 distribuet
1509 1065 1599 1085 escam
1611 1058 1642 1084 ".
1660 1067 1668 1082 ι
1685 1057 1786 1084 Rachel

1000 1109 1078 1144 prius
1096 1107 1205 1142 quidem
1222 1105 1328 1141 peperit
1342 1104 1465 1132 divinum
1486 1103 1598 1138 JOSeph,
1616 1108 1710 1138 postea
1722 1111 1788 1130 vero

1000 1154 1141 1189 Benjamin
1156 1163 1162 1179 :
1176 1157 1297 1180 attamen
1312 1150 1383 1178 lilius
1395 1154 1460 1177 natu
1474 1150 1604 1176 minimus
1618 1157 1632 1176 a
1645 1152 1722 1183 patre
1738 1156 1788 1176 vo.

1000 1204 1077 1227 catus
1093 1204 1135 1227 est
1152 1198 1264 1233 Joseph.
1284 1198 1372 1232 Atque
1392 1197 1445 1224 hoc
1464 1197 1502 1223 ita
1520 1203 1549 1223 se
1569 1195 1672 1222 habere
1688 1202 1787 1222 conce-

999 1246 1107 1273 demus.
1120 1245 1243 1272 Dicimus
1256 1249 1348 1271 tamen
1371 1242 1511 1277 Benjamin
1532 1241 1617 1268 fuisse
1637 1241 1785 1275 juniorem,

999 1299 1032 1319 eo
1044 1291 1091 1326 qui
1108 1291 1239 1317 minimus
1255 1294 1321 1317 natu
1334 1293 1403 1316 erat.
1423 1287 1504 1322 Atqui
1522 1287 1594 1314 [iiius
1609 1286 1721 1321 quidem
1734 1293 1786 1312 no-

999 1337 1128 1364 vissimus
1144 1336 1296 1371 Benjamin.
1310 1336 1398 1370 Atque
1413 1333 1485 1361 haud
1499 1332 1671 1360 incommode
1685 1331 1730 1358 hic
1742 1331 1788 1358 in-

1001 1383 1083 1418 telligi
1105 1387 1199 1417 potest
1214 1382 1299 1410 veluti
1320 1386 1400 1417 typus
1419 1385 1447 1408 et
1466 1381 1555 1415 imago
1575 1379 1716 1407 novissimi
1736 1385 1790 1413 ι)οι

999 1429 1071 1463 puli,
1093 1428 1140 1463 qui
1165 1433 1194 1455 et
1218 1435 1267 1462 per
1294 1431 1402 1454 sanctos
1426 1425 1575 1459 discipulos
1596 1428 1710 1451 vocatus
1732 1426 1785 1452 est.

998 1477 1176 1508 posteaquam
1194 1473 1320 1500 Christus
1332 1480 1365 1499 ex
1385 1471 1501 1498 mortuis
1517 1470 1676 1501 resurrexit,
1694 1469 1786 1503 itaque

999 1518 1032 1544 ad
1044 1518 1151 1545 Patrem
1164 1517 1303 1544 ecelestem
1317 1524 1345 1544 se
1358 1515 1485 1543 contulit.
1500 1514 1682 1548 Comparatur
1694 1516 1785 1539 autem

998 1563 1063 1597 lupo
1079 1562 1168 1597 rapaci
1187 1562 1260 1593 ideo,
1279 1565 1310 1588 ut
1324 1561 1454 1592 arbitror,
1467 1560 1530 1594 quia
1545 1558 1728 1586 inﬂammatus
1744 1561 1786 1585 est

998 1609 1068 1635 miro
1081 1608 1218 1636 desiderio
1227 1607 1363 1639 discendi,
1376 1607 1564 1640 irruendique,
1577 1605 1663 1631 veluti
1676 1604 1703 1631 in
1718 1611 1787 1638 pras-

998 1654 1060 1682 dam
1079 1655 1237 1689 quamdam,
1254 1654 1282 1681 in
1297 1661 1328 1681 ea
1341 1661 1402 1688 qua:
1418 1653 1452 1680 ad
1466 1653 1564 1679 bonam
1586 1651 1788 1682 habitudinem,

999 1701 1181 1736 spiritualem,
1192 1701 1314 1735 inquam,
1327 1699 1496 1727 conducunt.
1507 1698 1627 1725 Solertes
1637 1697 1711 1724 enim
1723 1700 1787 1724 sunt

998 1751 1026 1775 et
1037 1748 1208 1782 perspicaces
1224 1746 1257 1773 ad
1272 1745 1421 1772 videndum
1438 1751 1469 1772 ac
1484 1743 1562 1778 quasi
1578 1742 1740 1777 rapiendum
1754 1749 1790 1768 ea

1000 1801 1060 1828 quze
1071 1793 1124 1820 sibi
1137 1797 1200 1820 sunt
1214 1791 1373 1827 adjumento
1396 1795 1421 1817 el
1438 1789 1586 1825 expediunt
1603 1788 1637 1815 ad
1651 1788 1767 1815 salutem
1777 1809 1784 1820 ,

999 1842 1082 1873 atque
1099 1846 1114 1865 e
1134 1837 1243 1864 diverso
1262 1837 1346 1872 agiles
1364 1836 1398 1863 ad
1417 1835 1610 1863 declinandum
1629 1833 1662 1860 ab
1678 1833 1711 1860 iis
1726 1840 1788 1868 qua

1000 1888 1063 1911 sunt
1076 1884 1215 1911 damnosa.
1228 1883 1322 1917 Neque
1335 1889 1400 1909 vero
1411 1881 1490 1908 facile
1502 1880 1686 1916 percellentur
1700 1883 1785 1909 metu,

998 1931 1050 1958 etsi
1067 1930 1153 1957 instar
1165 1937 1262 1956 canum
1282 1927 1537 1956 circumfundantur
1549 1926 1595 1960 qui
1615 1925 1689 1960 ipsos
1705 1932 1720 1951 a
1739 1924 1788 1951 bo-

999 1975 1042 2003 nis
1060 1975 1190 2010 operibus
1207 1978 1235 2001 et
1253 1974 1364 2001 salutari
1380 1973 1503 2000 doctrina
1520 1979 1613 1998 arcere
1630 1975 1764 1998 conantur
1777 1979 1792 1996 ε·

998 2025 1027 2047 at
1048 2021 1140 2055 potius
1160 2027 1256 2047 eorum
1280 2019 1411 2053 impetum
1439 2017 1502 2044 forti
1525 2016 1616 2043 animo
1638 2016 1784 2043 sustinent.

999 2065 1159 2092 Didicerunt
1170 2065 1254 2096 enim,
1267 2067 1295 2091 et
1307 2063 1419 2098 quidem
1437 2061 1516 2089 valde
1533 2060 1650 2088 viriliter
1663 2069 1670 2087 :
1695 2069 1704 2085 ι
1719 2060 1787 2092 Quis

1000 2110 1137 2144 separabit
1157 2117 1207 2137 nos
1229 2117 1244 2136 a
1264 2108 1412 2136 dilectione
1432 2106 1550 2135 Christi?
1562 2105 1734 2132 Tribulatio?
1750 2112 1784 2131 an

999 2156 1139 2191 angustia?
1155 2163 1190 2182 an
1203 2155 1303 2182 fames?
1316 2162 1350 2181 an
1362 2152 1535 2189 persecutio?
1550 2159 1584 2178 an
1604 2150 1733 2178 nuditas?
1750 2157 1785 2176 an

999 2202 1172 2238 periculum?
1184 2209 1217 2228 an
1235 2201 1342 2236 gladius
1354 2199 1393 2226 "‘9
1409 2209 1418 2225 ι
1440 2199 1497 2226 Imo
1508 2205 1574 2224 vero
1593 2204 1643 2224 nec
1659 2196 1710 2231 ipsi
1725 2195 1785 2222 falsi

1000 2251 1124 2282 pastores
1136 2254 1183 2273 eos
1197 2245 1347 2272 averterint
1365 2243 1399 2271 ab
1418 2243 1470 2270 hoc
1485 2242 1537 2269 sibi
1551 2242 1650 2268 dilecto
1664 2240 1783 2271 tramite,

1001 2292 1108 2320 etiamsi
1123 2292 1151 2318 in
1166 2298 1291 2318 carceres
1307 2289 1464 2320 detrudam,
1482 2295 1571 2321 neque
1591 2287 1618 2313 in
1641 2286 1697 2313 ullo
1718 2285 1785 2319 ipsis

1002 2342 1126 2373 parcant,
1139 2338 1210 2364 sicut
1223 2336 1355 2370 scriptum
1369 2339 1409 2362 est
1423 2335 1455 2361 ³⁵.
1468 2334 1535 2361 Cum
1549 2333 1622 2360 enim
1639 2332 1785 2359 aerumnosi

1002 2392 1035 2411 ac
1054 2384 1148 2411 miseri
1168 2383 1325 2414 videantur,
1346 2381 1399 2415 ipsi
1420 2379 1484 2407 talia
1507 2378 1639 2413 supplicia
1661 2384 1711 2412 pro
1730 2377 1786 2404 vita

1002 2429 1116 2460 ducunt,
1127 2428 1250 2456 dicentes
1267 2436 1273 2453 :
1299 2436 1307 2451 ι
1324 2425 1389 2452 Mihi
1403 2425 1458 2452 vita
1469 2428 1510 2451 est
1521 2423 1656 2454 Christus,
1673 2426 1701 2449 et
1714 2429 1787 2448 mors

1001 2476 1109 2502 lucrum
1122 2475 1155 2501 ³⁸.
1171 2483 1179 2498 ι
1202 2472 1384 2506 Quamobrem
1397 2471 1449 2498 etsi
1464 2478 1497 2497 eo
1510 2469 1556 2504 qui
1572 2477 1587 2496 a
1598 2468 1679 2496 nobis
1693 2471 1786 2495 osten-

1002 2529 1049 2548 sus
1069 2523 1111 2547 est
1131 2519 1212 2545 modo
1231 2517 1318 2545 sancti
1336 2519 1528 2550 comparentur
1542 2514 1615 2549 lupis
1633 2513 1785 2548 rapacibus,

1002 2570 1093 2593 tamen
1110 2564 1185 2591 nulla
1203 2563 1246 2590 vis
1265 2563 1375 2589 videtur
1393 2561 1451 2588 ﬁeri
1469 2561 1631 2595 Scriptum;
1650 2558 1786 2593 siquidem

1001 2616 1029 2638 et
1046 2611 1104 2645 ipse
1123 2609 1245 2637 Salvator
1263 2613 1341 2635 vocat
1362 2615 1392 2634 se
1413 2607 1531 2638 leonem,
1543 2609 1571 2632 et
1588 2604 1722 2640 pardalim
1740 2607 1787 2630 aut

1002 2657 1145 2692 panthera,
1159 2656 1253 2683 dicens
1267 2663 1274 2680 :
1293 2664 1302 2679 ι
1316 2654 1380 2681 Ideo
1392 2661 1442 2688 ego
1455 2661 1515 2680 sum
1529 2657 1658 2686 tanquam
1670 2650 1786 2685 panther

1002 2703 1142 2738 Ephraim,
1155 2706 1182 2727 ct
1196 2700 1282 2727 veluti
1299 2700 1342 2726 leo
1359 2700 1456 2726 domus
1468 2698 1546 2726 Juda.
1564 2697 1597 2724 Et
1615 2704 1665 2732 ego
1679 2695 1787 2722 veniam

1003 2753 1030 2775 et
1054 2746 1204 2776 discedam,
1228 2748 1255 2771 ct
1276 2745 1389 2779 rapiam,
1407 2751 1459 2771 nec
1473 2743 1525 2772 erit
1536 2742 1582 2777 qui
1608 2741 1785 2768 sitliheratu-

201 2836 222 2851 ‘°
233 2835 309 2863 Joan.
331 2845 349 2867 t.
367 2838 396 2864 l0
445 2838 464 2853 ³¹
481 2838 570 2865 li’elr.
603 2847 627 2869 ν,
649 2837 669 2863 4.
709 2837 807 2864 "Gen.
831 2837 922 2868 H327.

1001 2836 1076 2863 Rom.
1094 2844 1149 2868 un,
1166 2834 1208 2862 55.
1249 2835 1270 2850 ³“
1286 2834 1399 2861 lat-har.
1412 2841 1448 2865 χι,
1462 2832 1486 2860 5.
1528 2831 1549 2847 ³⁸
1564 2830 1681 2864 Philipp.
1700 2837 1719 2862 l,
1738 2827 1783 2856 21.
