1999 3056
215 157 269 185 583

723 156 750 185 S.
771 156 907 185 CYRlLLl
927 153 1162 182 ALEXANDRINI
1181 154 1339 184 ARCHIEP.

1788 155 1840 182 586

218 221 266 241 rus
280 213 312 240 ".
331 222 340 238 ι
367 211 439 246 Quin
459 217 488 240 et
511 213 586 248 ipsos
608 213 752 241 credentes
776 213 803 240 in
827 221 856 240 se
881 211 993 246 appcliat

1052 217 1107 243 γων
1132 209 1176 237 διὰ
1199 210 1291 246 φωνῆς
1318 211 1445 238 Ἡσατοψ
1463 219 1473 236 ‹
1491 210 1639 246 Εὑλογήσει
1658 211 1691 246 μὲ
1707 211 1742 238 τὰ
1757 212 1840 247 θηρία

221 268 229 283 ι
251 258 351 286 bestias
365 257 422 293 agri
436 267 442 284 :
459 268 468 283 ο
494 257 531 284 ita
549 258 622 285 enim
639 257 706 285 dicit
724 265 773 293 per
790 265 884 285 vocem
903 256 978 284 Isaia;
994 265 1000 282 :

216 303 297 339 242
312 313 321 328 ι
336 303 502 331 Benedicent
515 303 583 330 mihi
596 303 690 331 bestiae
699 304 768 339 agri,
781 304 888 331 sirenes
899 307 927 330 et
940 303 1002 330 ﬁlia:

216 349 413 376 struthionum.
435 349 504 382 Quia
527 349 591 376 dedi
613 349 654 377 eis
674 350 702 376 in
723 349 833 376 deserto
848 356 958 384 aquam,
975 353 1002 376 et

215 394 327 422 ﬁumina
347 395 375 424 in
387 395 476 427 arido,
489 400 520 422 ut
535 400 656 430 potarem
668 403 754 430 genus
766 403 856 422 meum
871 395 1000 427 electum,

215 441 346 474 populum
368 448 459 467 meum
479 447 562 475 quem
581 441 714 474 acquisivi
736 440 814 472 mihi,
834 444 864 468 ut
884 440 1002 468 virtutes

215 493 289 513 meas
304 490 467 514 enarrarent
481 486 513 512 ⁸⁷.
530 496 539 512 ›
556 486 688 521 lntelligis
703 494 777 514 nunc
799 494 855 521 quo
866 491 944 521 pacto
956 495 1002 522 ge-

214 537 267 557 nus
287 531 404 558 electum
422 531 572 558 nominarit
587 541 596 557 ι
615 531 717 559 bestias
733 533 791 567 agri
810 537 837 560 et
855 533 969 565 sirenas,
987 543 996 559 ι

215 574 267 602 hoc
278 579 330 607 est,
343 583 458 603 canoras
471 576 498 603 in
510 576 606 611 primis
618 585 692 604 aves.
710 577 743 605 Et
763 578 865 606 bestias
877 578 998 613 quidem,

214 621 278 654 quia
295 628 348 648 non
367 621 503 648 sustinent
517 629 545 649 se
559 623 733 650 mansueﬁeri
750 631 765 651 a
782 623 892 657 Satana,
909 633 999 660 neque

213 666 342 699 potestati
356 666 416 700 ejus
431 667 546 702 subjici;
559 668 650 702 potius
663 669 687 696 ei
704 669 844 702 insultant,
862 674 944 706 atque
965 671 999 698 ad

213 718 245 737 ea
259 719 319 746 quae
333 719 349 739 a
363 712 419 739 Deo
438 713 577 747 prohibita
590 718 654 742 sunt
671 715 781 750 adigere
798 716 921 744 volentes
936 725 1000 752 pro-

213 755 306 792 ﬂigant
320 766 327 784 :
341 757 448 785 sirenas
459 762 551 786 autem
565 760 692 794 appellat,
706 761 752 795 qui
770 761 890 789 suaviter
903 762 998 790 admo-

213 801 278 830 dum
307 803 457 831 concinunt
479 805 611 839 prmelara
632 805 733 834 Christi
754 807 824 834 facta
846 808 997 841 cdicentes,

211 846 325 881 ejusque
337 847 456 875 honores
472 848 651 877 celebrantes.
670 850 762 878 Novus
776 851 858 886 igitur
871 857 900 880 et
910 852 998 880 ﬁdelis

211 892 329 926 populus
344 897 385 920 est
404 893 543 930 Beniamin
559 895 651 930 lupus,
669 897 716 931 qui
729 897 805 924 valde
822 903 933 932 paratus
945 904 997 931 est,

210 945 273 964 eum
286 938 319 965 ad
332 939 550 974 intelligendum,
565 945 620 968 tum
635 941 668 968 ad
681 942 858 970 obtinendum
872 943 899 970 id
925 944 998 978 quod

211 983 276 1010 facit
294 982 328 1010 ad
349 983 568 1017 aediﬁcationem,
584 985 678 1017 robur,
692 992 774 1021 atque
794 987 827 1014 ad
846 987 998 1022 iuvandum

209 1026 295 1059 alios;
312 1027 384 1061 quod
398 1027 554 1056 subindicat
571 1029 614 1056 his
626 1030 717 1058 verbis
736 1039 743 1057 :
759 1040 768 1056 ι
783 1031 861 1059 Mane
873 1032 999 1060 comedet

209 1071 310 1103 adhuc,
325 1075 353 1098 et
373 1072 406 1099 ad
426 1080 569 1107 vesperam
590 1074 736 1103 distribuet
757 1084 848 1104 escam
865 1077 897 1104 ".
915 1087 924 1102 ι
945 1077 998 1111 Qui

209 1117 292 1144 discit
308 1125 417 1152 semper
431 1119 529 1147 similis
543 1119 652 1147 videtur
664 1121 689 1148 ei
703 1122 749 1156 qui
767 1123 915 1150 enutritur.
930 1124 996 1151 Nam

210 1162 336 1190 doctrina
348 1162 473 1191 defertur
486 1165 513 1192 in
527 1170 658 1198 mentem,
671 1167 743 1194 sicut
762 1175 855 1196 revera
873 1169 952 1197 cibus
969 1170 996 1197 in

208 1212 345 1236 ventrem.
359 1209 453 1244 Neque
471 1211 565 1238 differt
582 1212 731 1247 quidquam
751 1214 774 1240 is
791 1215 837 1249 qui
858 1215 949 1248 docet‘,
962 1216 996 1244 ab

208 1261 242 1281 eo
253 1255 300 1289 qui
313 1255 371 1282 alit.
387 1255 456 1284 llinc
475 1262 503 1284 et
519 1256 629 1285 divinus
646 1258 748 1286 Paulus
765 1260 871 1288 confert
884 1262 994 1290 modum

208 1298 335 1332 docendi,
348 1301 450 1328 nutrici
466 1310 473 1328 ι
492 1302 531 1329 ait
546 1303 620 1330 enim
639 1304 712 1339 quod
729 1315 738 1330 ι
753 1305 939 1335 Perfectorum
958 1308 995 1336 sit

209 1344 313 1372 solidus
324 1345 412 1378 cibus,
424 1347 445 1363 "
456 1356 465 1372 ι
481 1355 579 1383 nempe
589 1356 686 1376 eorum
703 1351 748 1385 qui
761 1351 936 1381 conﬁrmatos
945 1354 993 1381 ha-

208 1389 275 1417 bent
291 1398 387 1419 sensus
399 1392 433 1420 ad
450 1392 644 1422 discretionem
659 1395 724 1423 boni
737 1401 765 1424 et
780 1397 854 1425 mali.
871 1408 880 1424 ι
896 1399 994 1435 Benja-

208 1435 264 1462 min
277 1436 361 1471 igitur
379 1441 419 1464 est
435 1438 517 1473 lupus
529 1447 620 1474 rapax.
634 1441 712 1469 Mane
726 1442 790 1470 edet
802 1443 902 1477 adhuc,
916 1450 944 1472 et
959 1446 993 1474 ad

207 1488 352 1515 vesperam
367 1482 516 1511 distribuet
529 1493 628 1513 escam.
646 1496 655 1512 ι
677 1486 759 1520 Quasi
776 1489 849 1516 dicat
863 1498 870 1517 :
883 1489 934 1523 Qui
952 1496 994 1519 est

1052 254 1098 280 τοῦ
1123 254 1219 290 ἀγροῦ,
1236 255 1358 291 σειρῆνες
1379 257 1425 282 καὶ
1441 255 1588 291 θυγατέρες
1612 256 1760 292 στρουθῶν.
1778 256 1841 284 Ὅτι

1052 299 1155 327 δέδωκα
1175 301 1202 326 ἐν
1230 302 1263 336 τῇ
1288 302 1384 336 ἐρήμῳ
1409 301 1490 337 ὕδωρ,
1512 302 1559 328 καὶ
1587 303 1726 336 ποταμοὺς
1749 303 1779 329 ἐν
1803 303 1838 337 γῇ

1052 346 1168 382 ἀνύδρῳ,
1184 347 1292 373 ποτίσαι
1308 348 1338 374 τὸ
1356 348 1432 382 γένος
1453 357 1502 383 μου
1518 347 1548 374 τὸ
1564 348 1701 380 ἐκλεκτὸν,
1715 348 1779 375 λαόν
1788 357 1839 384 μου

1051 391 1080 417 δν
1107 392 1345 426 περιεποιησάμην
1367 392 1417 423 τὰς
1445 393 1545 427 ἀρετάς
1570 401 1620 428 μου
1645 392 1806 427 διηγεῖσθαι.
1826 402 1836 418 ι

1051 436 1148 471 Συνίης
1162 434 1221 467 οὖν,
1245 437 1318 468 ὅπως
1330 436 1360 462 τδ
1374 437 1450 471 γένος
1465 437 1495 464 τὸ
1512 437 1640 464 ἐκλεκτὸν
1658 437 1742 473 ἀγροῦ
1757 438 1839 473 θηρία

1050 481 1098 508 καὶ
1114 482 1240 517 σειρῆνας
1264 482 1397 517 ὠνόμασε,
1411 483 1543 514 τουτέστι,
1557 484 1592 510 τὰ
1612 483 1667 510 τῶν
1689 483 1837 519 στρουθίων
1883 487 1886 490 ’

1050 528 1252 564 εὐστομώτατα.
1271 529 1326 555 Kal.
1340 528 1422 564 θηρία
1440 529 1499 564 μὲν,
1518 529 1563 556 διὰ
1584 529 1614 556 τὸ
1632 529 1670 565 μὴ
1694 529 1838 565 ἀνέχεσθαι

1049 573 1120 608 τάχα
1136 582 1187 600 που
1206 573 1411 606 τιθασσεύοντος
1426 575 1472 601 τοῦ
1493 576 1608 608 Σατανᾶ,
1625 576 1671 603 καὶ
1684 576 1736 603 ὑπὸ
1759 578 1839 612 χεῖρα

1050 620 1184 646 ποιεῖσθαι
1206 620 1254 654 τὴν
1271 620 1368 647 ἑαυτοῦ
1393 620 1596 653 σπουδάζοντος.
1613 621 1794 658 ὲπιθρὼσκειν
1809 623 1838 649 δὲ

1051 665 1150 700 μᾶλλον
1171 665 1257 701 αὐτῷ,
1274 666 1416 701 μονονουχὶ
1435 666 1464 692 δὲ
1491 667 1539 693 καὶ
1561 667 1754 694 κατασίνεσθαι
1774 668 1837 698 τοὺς

1050 711 1092 745 ἐφ’
1115 712 1186 746 ἅπερ
1202 712 1232 738 οὺ
1249 711 1328 746 θέμις
1346 711 1505 746 μετασοὸεϊν
1523 712 1692 748 ᾑρημένους·
1710 713 1838 748 σειρῆνας

1048 758 1087 790 δὲ,
1104 759 1145 785 ὅτι
1158 758 1349 785 καλλιεποῦσιν
1368 758 1436 792 ἄγαν
1450 757 1485 784 τὰ
1505 758 1622 793 Χριστοῦ
1640 757 1838 794 κατορθώματα

1048 803 1182 837 λέγοντες.
1195 805 1241 830 καὶ
1253 803 1301 835 τὰς
1319 804 1358 835 εἰς
1369 803 1450 830 αὐτὸν
1463 803 1609 838 ὑμνοῦντες
1625 805 1717 839 τιμάς.
1732 803 1836 831 Οὐκοῦν

1048 849 1128 881 λύκος
1153 851 1168 876 ό
1189 849 1317 884 Βενιαμὶν
1334 850 1348 876 ὁ
1363 849 1422 880 νέος
1442 850 1489 876 καὶ
1504 850 1532 875 ὲν
1549 849 1639 876 πίστει
1655 849 1728 882 λαὸς,
1744 845 1775 875 οῦ
1790 849 1838 876 καὶ

1048 895 1080 922 τὸ
1095 895 1155 922 λίαν
1175 895 1284 930 ἕτοιμον
1308 895 1348 927 εἰς
1363 895 1393 922 τὺ
1408 895 1536 922 δύνασθαι
1551 897 1621 922 νοεῖν
1644 895 1675 922 τὸ
1689 895 1780 923 τελοῦν
1795 897 1837 927 είς

1048 940 1150 976 ὄνησιν,
1180 940 1228 968 καὶ
1244 941 1334 975 μέντοι
1351 941 1399 967 καὶ
1412 941 1441 967 τὸ
1460 940 1566 976 ίσχύσαι
1590 942 1635 967 καὶ
1646 941 1838 976 ἐτέρουςώφε-

1048 987 1114 1018 λεῖν,
1131 987 1277 1021 ὑποφαίνει
1290 987 1388 1021 λέγων’
1405 996 1414 1012 ι
1430 986 1467 1013 Τὸ
1483 987 1601 1022 πρωῖνδν
1620 987 1707 1014 ἔδεται
1723 987 1772 1019 ἔτι.
1790 988 1837 1014 καὶ

1047 1031 1077 1058 τὸ
1087 1031 1205 1067 ἑσπέρας
1215 1031 1339 1058 διαδώσει
1354 1032 1466 1068 τροφήν.
1479 1042 1488 1058 ι
1499 1033 1528 1059 '0
1540 1033 1682 1068 μανθάνων
1694 1033 1764 1060 ἔοικέ
1774 1042 1833 1065 πως

1047 1077 1091 1104 ἀεὶ
1106 1077 1146 1112 τῷ
1160 1077 1332 1113 τρεφομένῳ.
1356 1077 1601 1114 Είσοικίζεταιγὰρ
1610 1079 1650 1110 εἰς
1660 1078 1722 1106 νοῦν
1736 1079 1770 1106 τὰ
1784 1087 1837 1115 μα-

1047 1123 1169 1158 θήματα,
1202 1123 1328 1158 καθάπερ
1350 1123 1445 1158 ἀμέλει
1465 1123 1590 1155 κδκεζνος
1610 1124 1650 1155 είς
1667 1124 1788 1159 γαστέρα
1805 1125 1837 1152 -ιδ

1046 1169 1185 1203 ἐδώδιμον.
1205 1169 1311 1195 Ἀποδεῖ
1320 1169 1347 1195 δὲ
1358 1168 1406 1196 τοῦ
1419 1169 1564 1204 τρέφοντος
1581 1171 1594 1196 δ
1605 1169 1735 1196 διδάσκων
1747 1170 1833 1197 οὐδέν.

1046 1215 1102 1242 Καὶ
1117 1215 1182 1249 γοῦν
1194 1215 1208 1241 ὸ
1223 1215 1365 1247 θεσπέσιος
1379 1215 1485 1248 Παῦλος
1505 1217 1592 1251 τροφῇ
1609 1216 1770 1250 παρεικάζει
1784 1215 1835 1249 τῆς

1045 1261 1218 1292 διδασκαλίας
1229 1261 1276 1288 τὸν
1285 1261 1383 1296 τρόπον
1393 1270 1399 1276 ·
1416 1262 1468 1296 ἔφη
1483 1261 1546 1296 γὰρ,
1559 1262 1600 1288 ὅτι
1610 1271 1619 1287 ι
1634 1261 1748 1288 Τελείων
1761 1262 1834 1288 ἐστὶν

1047 1307 1064 1342 ἡ
1079 1306 1176 1342 στερεὰ
1191 1307 1290 1342 τροφὴ,
1306 1316 1314 1333 ι
1333 1307 1389 1334 τῶν
1407 1307 1452 1334 διὰ
1471 1307 1521 1340 τὴν
1536 1307 1593 1339 ’ἐξιν
1614 1307 1649 1334 τὰ
1669 1307 1834 1342 αἰσθητήρια

1045 1352 1258 1386 γεγυμνασμένα
1275 1352 1390 1387 ἑχόντων
1407 1352 1475 1386 πρὸς
1489 1353 1626 1388 διάκρισιν
1644 1352 1726 1379 καλοῦ
1742 1361 1770 1379 τε
1785 1353 1833 1379 καὶ

1045 1396 1140 1424 κακοῦ.
1157 1406 1166 1422 ι
1183 1396 1286 1424 Οὐκοῦν
1298 1398 1312 1423 ὁ
1321 1397 1448 1433 Βενιαμὶν
1461 1397 1541 1430 λύκος
1554 1397 1654 1434 ἅρπαξ.
1665 1398 1701 1424 Τὸ
1715 1397 1834 1433 πρωῖνδν

1045 1442 1131 1469 ἔδεται
1139 1442 1239 1474 Emicat
1245 1444 1285 1475 εὶς
1291 1443 1320 1470 τδ
1328 1443 1447 1478 ἑσπέρας
1455 1443 1578 1471 διαδώσει
1584 1444 1696 1480 τροφήν.
1705 1444 1832 1480 »Ὅμοιον

1043 1487 1082 1519 ὡς
1095 1489 1119 1514 εί
1133 1488 1216 1522 λέγοι·
1234 1489 1382 1524 Μαθητιῶν
1398 1489 1438 1516 ἔτι
1453 1489 1500 1516 καὶ
1514 1486 1582 1525 πρὸς
1598 1489 1628 1516 τὸ
1645 1490 1746 1525 ἀρτίως
1760 1489 1833 1524 ἔχειν

207 1525 297 1553 adhuc
313 1527 430 1562 cupidus
448 1528 582 1562 discendi,
597 1531 649 1559 etsi
665 1533 787 1560 nondum
804 1533 839 1561 sit
857 1542 890 1562 eo
905 1536 993 1564 aetatis

1044 1533 1120 1560 οῦπω
1134 1534 1309 1569 διεληλακὼς,
1331 1535 1497 1571 ὠφελήσειεν
1515 1535 1548 1562 ἂν
1569 1536 1690 1572 ἑτέρους,
1706 1536 1753 1563 καὶ
1776 1535 1833 1563 ὀλί-

207 1578 377 1607 progressos,
391 1578 421 1601 ut
431 1575 467 1602 sit
481 1575 630 1610 perfectus,
643 1579 773 1613 prodesse
786 1584 876 1608 tamen
893 1583 995 1616 poterit

205 1617 290 1663 aliis:
309 1619 356 1654 qui
373 1619 448 1648 enim
465 1621 547 1656 paulo
562 1627 625 1650 ante
642 1624 829 1658 crediderunt,
844 1626 993 1663 ﬁdelesque

205 1662 270 1690 facti
290 1668 363 1697 sunt,
371 1666 478 1701 exiguo
491 1671 614 1702 tempore
631 1675 745 1704 possunt
765 1670 823 1698 fieri
841 1672 873 1699 ad
891 1662 992 1701 docen-

206 1709 271 1736 dum
286 1710 387 1738 idonei.
402 1712 469 1740 Nam
483 1712 516 1740 de
533 1714 614 1741 Israel
632 1715 736 1743 dictum
747 1722 789 1744 est
801 1722 913 1753 propter
924 1719 992 1747 insi-

204 1762 296 1789 gnem,
313 1755 443 1789 arbitror,
459 1757 595 1785 inscitiam
618 1763 646 1786 et
663 1761 762 1788 mentis
778 1761 992 1791 hebetudinem:

209 1809 218 1823 ι
235 1799 304 1826 Ecce
316 1801 435 1834 populus
445 1801 546 1829 stultus
558 1806 585 1830 et
597 1811 703 1831 vecors.
719 1805 796 1833 Oculi
810 1806 886 1841 ipsis,
898 1812 927 1835 et
937 1816 992 1836 non

205 1843 315 1876 vident;
329 1851 459 1878 aures,et
471 1854 526 1874 non
539 1847 655 1875 audiunt
667 1849 699 1876 ‘°.
715 1859 724 1875 ι
738 1850 772 1877 Et
785 1859 899 1880 rursus:
915 1862 924 1878 ι
940 1853 992 1886 Qui

204 1889 297 1916 educti
319 1895 384 1918 sunt
403 1899 438 1918 ex
459 1896 538 1920 utero
558 1894 663 1927 matris,
678 1899 706 1922 et
727 1895 837 1924 discunt
853 1906 939 1933 usque
957 1899 991 1927 ad

205 1940 373 1963 senectutem
386 1937 417 1964 “.
435 1948 444 1962 ι
463 1938 579 1973 Sapiens
590 1944 682 1968 autem
696 1941 814 1970 Joannes
826 1944 924 1971 scribit
937 1945 991 1973 illis

204 1980 252 2014 qui
266 1981 292 2008 in
306 1981 358 2009 ﬁde
377 1986 405 2010 et
426 1983 536 2012 Christo
557 1989 631 2018 sunt,
645 1987 758 2015 dicens:
775 1998 784 2014 ι
804 1989 862 2017 Non
884 1990 991 2019 habetis

204 2034 317 2054 necesse
340 2032 370 2055 ut
392 2029 538 2065 quisquam
560 2031 656 2059 doceat
675 2041 732 2065 vos,
755 2036 906 2068 praesertim
927 2046 989 2066 cum

205 2072 291 2107 ipsius
311 2075 404 2102 unctio
424 2075 522 2103 doceat
541 2085 589 2104 vos
610 2078 644 2106 de
665 2080 794 2108 omnibus
805 2082 836 2109 ".
854 2092 863 2108 ›
882 2083 991 2113 Habent

203 2117 278 2144 enim
296 2123 416 2146 mentem
438 2120 538 2148 Christi
558 2121 605 2156 qui
627 2123 717 2150 omnia
737 2126 822 2158 novit,
840 2134 891 2155 nec
904 2128 989 2164 inepti

203 2167 268 2190 sunt
279 2164 313 2191 ad
327 2165 481 2194 docendum
494 2170 523 2194 et
539 2168 738 2197 cohortandum
756 2171 883 2200 invicem.
900 2174 987 2203 Caete-

204 2216 266 2236 rum
278 2210 300 2237 si
312 2211 431 2246 cuipiam
444 2213 578 2247 placuerit
589 2214 623 2241 ad
637 2215 746 2243 beatum
759 2217 872 2246 Paulum
885 2220 988 2248 referre

204 2256 378 2290 prophetiam
400 2257 556 2293 Benjamin,
576 2267 748 2296 nequaquam
771 2265 915 2292 erraverit.
937 2266 988 2299 Qui

204 2301 277 2328 enim
294 2302 510 2337 persequebatur
519 2303 679 2338 Eeclesiam,
692 2307 772 2342 25,3
785 2312 814 2335 et
828 2309 915 2336 instar
930 2310 988 2346 lupi

204 2346 232 2372 in
247 2347 369 2375 cultores
387 2347 489 2376 Christi
511 2350 644 2383 irruebat.
660 2353 741 2386 paulo
755 2358 816 2388 post
833 2354 859 2382 in
876 2360 987 2384 contra-

205 2391 275 2418 rium
289 2393 401 2421 omnino
410 2399 452 2422 est
463 2400 642 2429 permutatas.
654 2396 720 2425 Nam
734 2398 814 2426 ﬁdem
826 2407 908 2434 quam
920 2401 988 2430 huc-

204 2445 290 2472 usque
312 2439 491 2475 impugnavit,
514 2450 588 2470 nunc
610 2447 720 2472 strenue
741 2447 895 2480 annuntiat,
915 2448 982 2476 Deo-

203 2491 256 2517 que
269 2485 370 2518 gratias
385 2486 450 2520 agit,
463 2487 509 2521 qui
527 2488 614 2522 ipsum
628 2489 661 2516 ad
676 2491 857 2524 apostolatum
869 2495 986 2528 vocavit,

203 2529 309 2555 tametsi
317 2530 394 2563 prius
403 2530 486 2558 fuerit
497 2541 506 2557 ι
518 2532 701 2567 blasphemus,
712 2542 871 2569 persecutor
881 2542 909 2565 et
920 2546 987 2566 con-

204 2575 363 2602 tumeliosus
380 2576 412 2602 ⁸³.
431 2586 440 2602 ι
467 2577 506 2605 Ita
530 2578 604 2606 enim
628 2580 742 2614 ipsemet
767 2582 832 2609 alibi
861 2587 986 2612 testatur.

202 2618 265 2646 Fuit
277 2624 366 2648 autem
379 2629 412 2649 ex
426 2623 499 2650 tribu
511 2623 661 2659 Benjamin.
677 2625 734 2654 Imo
753 2631 781 2654 et
803 2627 912 2656 beatum
930 2630 983 2657 Da-

201 2663 290 2690 videm
298 2665 359 2692 dico
368 2672 461 2701 aperte
470 2668 591 2697 historiae
603 2670 689 2705 ipsius
699 2673 865 2706 meminisse,
880 2675 984 2709 psalmo

202 2717 282 2743 vau,
299 2712 344 2739 ubi
360 2714 399 2740 ait
418 2722 424 2740 :
455 2724 463 2739 ι
483 2715 522 2742 lbi
547 2715 686 2752 Benjamin
705 2719 798 2752 junior
820 2721 848 2747 in
868 2728 982 2750 excessu

202 2756 310 2784 mentis.
334 2757 475 2794 Principes
493 2761 562 2788 Juda
583 2762 667 2790 duces
688 2763 824 2798 ipsorum,
844 2766 982 2802 principes

252 2811 283 2846 λε·
294 2812 370 2846 Osee,
389 2823 414 2844 ν,
437 2816 478 2844 Η.

211 2843 254 2873 ιιι
269 2845 345 2876 ιυαη.
362 2843 390 2883 in,
403 2850 447 2877 ετ.
487 2843 604 2878 miram:
622 2843 701 2880 ιζ

517 2817 600 2859 γέρα.
615 2826 690 2859 ιιιιιιὲ
704 2819 746 2851 20,
763 2821 806 2847 ίὶί.
845 2823 866 2837 ³⁸
885 2823 952 2850 Gen.
967 2832 1036 2856 xux,
1055 2825 1099 2851 27.
1140 2825 1162 2841 "
1178 2825 1259 2852 Hebr.
1281 2833 1306 2854 ν.
1324 2825 1365 2852 Η.
1406 2826 1428 2841 “'
1443 2826 1543 2853 Jerem.
1563 2835 1588 2859 ν,
1600 2826 1644 2854 2|.

1045 1587 1093 1613 γος
1105 1581 1202 1616 κομιδῇ
1216 1581 1341 1614 διαδείξσι
1356 1581 1450 1616 καιρὸς
1462 1581 1524 1614 τοὺς
1540 1581 1602 1617 ἄρτι
1616 1582 1833 1614 πεπιστευκότας

1044 1625 1092 1651 καὶ
1106 1626 1146 1658 είς
1158 1626 1189 1652 τὸ
1204 1626 1341 1654 διδάσκειν
1362 1627 1541 1662 ἐπιτηδείους.
1557 1628 1624 1663 Περὶ
1642 1628 1691 1664 μὲν
1707 1628 1761 1663 γὰρ
1777 1627 1833 1655 τῶν

1043 1669 1074 1703 ἐξ
1093 1671 1201 1706 Ἰσραὴλ
1215 1672 1333 1705 ἐλέγετο,
1355 1672 1388 1699 δι’
1405 1671 1534 1707 ἀμαθίαν,
1551 1671 1628 1707 οἶμαί
1648 1682 1710 1704 που,
1730 1673 1832 1708 πολλὴν

1044 1717 1091 1744 καὶ
1111 1717 1141 1743 τὸ
1160 1718 1201 1749 εἰς
1216 1717 1278 1744 νοῦν
1293 1717 1347 1744 ἔσω
1364 1717 1465 1753 πάχοςο
1486 1727 1496 1744 ι
1520 1718 1584 1745 Ἰδοὺ
1596 1717 1659 1750 λαὸς
1674 1719 1765 1755 μωρὸς
1781 1719 1830 1746 καὶ

1043 1762 1181 1797 ἀκάρδιος.
1208 1763 1358 1798 ὐφθαλμοὶ
1372 1763 1473 1795 αὐτοῖς,
1489 1763 1537 1790 καὶ
1550 1763 1580 1790 οὐ
1599 1763 1741 1798 βλέπουσιν
1751 1774 1758 1780 ·
1771 1761 1829 1792 ὦτα

1043 1808 1150 1840 αὐτοῖς,
1176 1808 1222 1835 καὶ
1238 1809 1287 1835 οὐκ
1304 1809 1442 1836 ἀκούουσι.
1461 1819 1471 1835 ι
1488 1809 1542 1835 Καὶ
1557 1810 1653 1836 πάλιν·
1681 1819 1690 1835 ι
1708 1811 1740 1836 Οί
1754 1811 1829 1846 αἰρό-

1044 1862 1118 1889 μενοι
1142 1854 1174 1880 ἐκ
1195 1855 1308 1887 κοιλίας,
1332 1855 1379 1882 καὶ
1404 1855 1591 1891 παιδευόμενοι
1616 1855 1668 1888 ἕως
1691 1857 1792 1891 γήρως.
1815 1866 1824 1882 ι

1048 1898 1215 1926 Ἐπιστέλλει
1233 1900 1261 1926 δὲ
1275 1901 1331 1932 τοῖς
1351 1902 1379 1927 ὲν
1396 1901 1485 1928 πίστει
1501 1901 1547 1928 καὶ
1565 1902 1594 1928 ἐν
1612 1902 1722 1937 Χριστῷ
1741 1902 1828 1934 λέγων

1042 1945 1056 1971 ὁ
1068 1945 1149 1980 σοφὸς
1169 1945 1309 1981 Ἰωάννηςο
1325 1955 1335 1971 ι
1353 1946 1392 1973 Οὐ
1408 1947 1502 1982 χρείαν
1514 1947 1589 1982 ἔχετε
1605 1948 1648 1974 ἵνα
1661 1956 1702 1979 τις
1713 1948 1828 1984 διδάσκῃ

1042 1990 1124 2025 ὑμᾶς,
1147 1991 1206 2017 ἀλλ’
1228 1991 1265 2023 ὡς
1287 1991 1370 2018 αὑτοῦ
1394 1992 1497 2027 χρίσμα
1519 1992 1639 2019 διδάσκει
1661 1992 1733 2028 ὑμᾶς
1761 1994 1827 2028 περὶ

1041 2036 1159 2064 πάντων.
1185 2046 1195 2062 ›
1212 2037 1284 2063 Νοῦν
1300 2037 1354 2072 γὰρ
1374 2037 1465 2072 ἔχουσι
1486 2038 1604 2074 Χριστοῦ
1621 2038 1667 2064 τοῦ
1681 2038 1770 2065 πάντα
1787 2039 1822 2064 εί-

1040 2081 1124 2114 δότος,
1138 2082 1185 2109 καὶ
1201 2083 1251 2110 οὐκ
1261 2083 1395 2115 ἀνικάνως
1407 2084 1513 2118 ἔχουσιν
1531 2085 1572 2116 εἰς
1585 2085 1614 2111 τὸ
1629 2085 1764 2112 διδάσκειν
1779 2086 1826 2112 καὶ

1041 2129 1209 2164 παρακαλεῖν
1221 2129 1362 2165 ἀλλήλους.
1379 2131 1410 2156 Εἰ
1421 2130 1449 2157 δὲ
1463 2131 1495 2166 δὴ
1510 2131 1642 2166 προσήκει
1657 2131 1704 2158 καὶ
1718 2132 1762 2158 ἐπ’
1775 2133 1825 2159 αὺ-

1040 2175 1086 2201 τοῦ
1099 2175 1146 2202 τοῦ
1161 2176 1295 2210 μακαρίου
1310 2175 1420 2202 Παύλου
1432 2176 1481 2211 τὴν
1494 2177 1539 2203 ἐπὶ
1555 2176 1594 2212 τῷ
1608 2177 1736 2212 Βενιαμὶν
1758 2186 1824 2213 προς

1004 2210 1025 2237 Ῑ)
1039 2220 1182 2255 αγόρευσιν
1211 2221 1411 2256 ὲκπεπεράνθαι
1438 2210 1536 2256 λέγειν,
1562 2210 1608 2249 καὶ
1623 2210 1696 2258 τῇδε⁷
1711 2223 1744 2250 ἂν
1767 2210 1823 2259 ἔχοι

1038 2265 1127 2297 καλῶς
1137 2274 1166 2292 τε
1177 2267 1224 2292 καὶ
1234 2266 1349 2301 ἀληθῶς.
1369 2268 1397 2294 'U
1408 2267 1461 2303 γὰρ
1472 2268 1576 2295 διώκων
1586 2268 1634 2304 τὴν
1650 2269 1820 2304 Ἐκκλησίαν,
1853 2279 1859 2284 ”

1037 2313 1084 2339 καὶ
1097 2312 1178 2340 λύκου
1194 2313 1271 2348 δίκην
1281 2315 1337 2345 τοῖς
1351 2315 1478 2348 ἀγαπῶσι
1497 2316 1613 2350 Χριστὸν
1626 2317 1822 2352 ὲπιτρέχων,ὲν

1034 2358 1116 2393 ὀλίγῳ
1129 2359 1225 2394 κομιδῇ
1236 2359 1304 2394 πρὸς
1315 2360 1369 2386 πᾶν
1379 2360 1534 2387 τούναντίον
1546 2361 1709 2397 μετεποιήθη
1722 2362 1820 2398 καιρῷ.

1035 2403 1238 2439 Εὐηγγελίσατο
1261 2404 1315 2440 γὰρ
1335 2405 1385 2440 τὴν
1404 2405 1496 2432 πίστιν
1510 2407 1543 2440 ἢν
1557 2406 1666 2442 ἐπόρθει
1681 2407 1757 2440 ποτὲ,
1775 2407 1821 2434 καὶ

1035 2449 1164 2484 ἀναφέρει
1179 2450 1212 2476 τὰ
1236 2451 1400 2486 χαριστήρια
1420 2451 1574 2486 τεθειμένος
1596 2453 1636 2484 είς
1657 2453 1820 2488 ἀποστολὴν,

1035 2495 1124 2521 καίτοι
1140 2496 1270 2531 πρότερον
1289 2495 1326 2523 ὢν
1342 2506 1350 2522 ι
1365 2497 1522 2532 βλάσφημος
1537 2506 1567 2524 τε
1587 2499 1634 2525 καὶ
1647 2498 1762 2533 διὼκτης
1774 2500 1818 2525 καὶ

1037 2540 1192 2576 ὑϐριστής.)
1203 2541 1280 2568 Οὕτω
1294 2542 1347 2577 γάρ
1359 2542 1410 2569 πού
1423 2551 1504 2577 φησιν
1519 2544 1608 2575 αὐτός.
1623 2544 1720 2578 Γέγονε
1733 2545 1761 2571 δὲ
1772 2545 1818 2572 καὶ

1037 2587 1069 2612 ὲκ
1093 2586 1178 2621 φυλῆς
1204 2587 1342 2623 Βενιαμίν.
1371 2589 1425 2615 Καὶ
1451 2589 1533 2615 αὑτὸν
1559 2589 1588 2615 δὲ
1604 2589 1650 2616 τὸν
1675 2590 1818 2617 θεσπέσιόν

1037 2639 1108 2666 φημι
1133 2631 1212 2659 Δαὸὶδ
1232 2633 1282 2667 τῆς
1301 2634 1359 2660 κατ’
1378 2633 1458 2660 αὑτὸν
1481 2634 1599 2669 ἱστορίας
1619 2635 1816 2670 διαμεμνῆσθαι

1037 2676 1140 2710 σαφῶς,
1163 2677 1191 2703 ὲν
1211 2677 1348 2713 ἑξηκοστῷ
1370 2679 1416 2705 καὶ
1441 2679 1546 2714 ἐσδόμῳ
1566 2679 1666 2714 ψαλμῷ
1689 2680 1816 2714 λέγοντα·

1038 2731 1047 2748 ι
1071 2722 1144 2749 Ἐκεῖ
1162 2723 1291 2758 Βενιαμὶν
1310 2723 1441 2759 νεώτερος
1462 2725 1490 2750 ἑν
1511 2724 1648 2752 ἐκστάσει.
1673 2725 1815 2760 Ἄρχοντες

1041 2769 1125 2796 Ἰούδα
1139 2769 1272 2805 ἡγεμόνας
1290 2769 1389 2801 αὐτῶν,
1407 2770 1535 2805 ἄρχοντες
1552 2769 1703 2803 Ζαϐουλὼν,
1717 2770 1814 2806 ἄρχον-

1698 2826 1719 2843 ⁸¹
1730 2826 1812 2861 lbid.,
