1999 3056
210 153 263 180 387

724 149 751 176 S.
771 148 908 177 CYRILLI
927 146 1161 175 ALEXANDRINI
1181 148 1338 176 ARCHIEP.

1780 147 1834 174 3%

211 209 322 240 bantur,
338 215 387 243 pro
405 212 526 243 tempore
541 207 762 242 conscripsimus,
775 211 803 234 et
816 206 927 241 quidem
948 206 993 232 tali

1050 205 1183 240 ἀναγκαῖά
1203 215 1262 238 πως
1283 204 1317 242 ἦν
1345 207 1392 232 καὶ
1413 206 1454 232 ὅτι
1480 206 1595 241 μάλιστα
1621 206 1832 240 χρειωίέστατα,

209 255 308 282 ordine
328 255 379 290 qui
399 255 547 290 unicuique
567 254 648 289 capiti
669 253 785 281 maxime
803 252 993 279 conveniebat.

210 301 249 328 Ea
263 308 327 328 vero
343 308 391 335 per
405 308 465 335 quae
476 308 526 335 par
539 304 597 327 erat
613 299 715 327 Christi
737 299 896 334 mysterium
908 299 994 326 veluti

211 346 240 373 in
260 346 376 378 umbris,
395 346 484 380 quoad
499 346 557 373 fieri
581 349 680 380 potest,
702 345 916 380 praemonstrari,
931 345 996 373 huic

212 391 355 426 posteriori
377 392 453 426 operi
477 392 675 419 reservavimus
692 391 740 418 :in
757 399 811 426 quo
827 391 907 418 nobis
923 400 996 419 nunc

211 438 353 465 elaborare
372 438 537 470 volentibus,
552 438 638 464 amice
660 437 772 470 Palladi,
786 438 924 465 orationes
943 442 997 465 tuas

211 489 254 511 sat
268 484 325 511 scio
344 491 441 519 magno
453 484 611 518 adjumento
626 488 689 510 sunt
704 483 812 511 futurae.
825 483 996 518 lmpossibile

211 530 285 557 enim
306 530 357 556 hoc
375 529 457 556 fuerit
477 529 651 562 hominibus;
669 529 826 563 expeditum
845 533 946 562 tamen,
962 537 996 556 ex

211 579 289 610 parte
302 575 408 607 saltem,
428 574 538 602 Christo
556 574 635 601 nobis
646 574 680 601 ad
699 575 751 602 hoc
762 575 834 602 viam
846 576 994 611 aperiente.

212 620 280 647 Nam
302 621 359 655 ipse
376 623 418 647 est
432 620 475 647 via
497 624 524 647 et
545 620 647 647 ostium
663 621 696 653 ‘7,
717 621 799 656 inque
822 621 882 656 ipso
900 628 997 649 omnes

213 665 334 692 thesauri
353 666 493 700 sapientia:
505 671 533 693 et
549 666 712 701 cognitionis
729 672 793 695 sunt
811 667 946 694 reconditi
961 667 996 694 ⁸⁸.

211 711 394 739 Contexemus
405 716 497 739 autem
510 713 584 740 hunc
594 713 705 744 librum,
715 721 770 739 non
783 713 912 740 continua
924 714 996 741 serie

212 766 261 793 per
281 759 387 793 singula
409 759 498 793 capita
520 759 701 794 procedentes
718 758 846 794 (plurima
868 760 952 791 enim,
968 764 997 786 ut

214 804 295 831 modo
313 804 380 836 dixi,
402 804 525 832 selectim
548 804 633 839 priori
655 805 731 839 operi
754 805 854 832 inserta
875 805 996 840 reperie-

214 851 301 885 mus);
321 851 368 878 sed
387 859 448 885 qua:
465 851 591 886 praesenti
612 851 738 878 instituto
752 852 900 879 convenire
918 852 996 879 vide-

214 896 327 928 buntur,
340 904 390 931 pro
402 897 473 923 virili
489 900 615 924 accurate
629 897 819 932 subtiliterque
839 898 996 933 expenden—

214 947 264 974 tes,
280 943 406 970 veritatis
427 943 470 970 via
493 943 700 970 contendemus.
719 943 788 970 Cum
812 952 878 970 vero
898 951 997 978 scopus

214 988 295 1023 hujus
307 988 370 1015 libri
385 996 436 1016 nos
451 989 533 1016 ducat
543 989 577 1016 ad
593 989 809 1024 redemptionem
822 997 882 1025 qua:
896 994 938 1017 est
949 998 998 1025 per

213 1033 364 1066 Christum,
379 1034 565 1061 necessarium
578 1035 691 1061 omnino
703 1035 787 1063 fuerit
809 1040 839 1063 ut
856 1037 933 1071 prius
948 1037 998 1064 hu—

215 1086 324 1106 manum
333 1086 418 1114 genus
424 1079 617 1114 periclitatum,
625 1080 740 1114 atquein
746 1088 866 1108 summas
875 1082 998 1109 miserias

214 1124 370 1159 prolapsum
383 1124 467 1152 fuisse
481 1125 666 1153 ostendamus.
680 1126 719 1152 Ita
730 1126 803 1153 enim
818 1134 867 1161 par
880 1131 930 1160 est,
948 1135 998 1155 ne-

213 1177 266 1204 que
278 1169 358 1196 aliter
370 1170 463 1197 auxilii
480 1171 550 1198 ratio
566 1171 674 1198 decenti
687 1171 783 1198 ordine
800 1172 923 1200 adhibita
940 1173 999 1200 fue-

215 1215 250 1242 rit
270 1224 276 1242 :
295 1224 304 1240 ι
322 1215 416 1243 Virtus
433 1216 507 1242 enim
524 1223 595 1249 mea,
609 1216 708 1251 inquit,
722 1216 748 1244 in
763 1217 919 1245 inﬁrmitate
932 1226 996 1253 per-

215 1261 305 1288 ficitur
317 1261 350 1287 "’.
367 1270 376 1287 ι
394 1261 492 1289 Medici
505 1262 586 1289 etiam
603 1262 686 1297 periti
701 1270 733 1290 ac
747 1263 866 1298 probati,
879 1272 933 1291 non
948 1264 998 1291 ali-

215 1309 256 1333 ter
266 1305 388 1333 scientize
402 1313 457 1332 suae
470 1305 551 1333 tidem
567 1312 631 1334 sunt
649 1307 758 1339 facturi,
771 1307 824 1335 nisi
842 1308 883 1335 eis
899 1316 998 1344 propo—

214 1355 296 1379 natur
305 1359 387 1386 aeger,
401 1351 428 1378 in
442 1360 496 1386 quo
512 1353 579 1380 artis
592 1360 648 1379 sua:
665 1353 818 1388 periculum
831 1354 943 1383 faciant.

1047 252 1257 288 συντεθείκαμεν
1275 253 1319 278 ἐπι
1337 252 1443 287 καιροῦ,
1461 251 1508 278 καὶ
1523 251 1560 284 ὡς
1577 252 1605 278 ἐν
1625 250 1700 283 τάξει
1714 251 1746 286 δὴ
1762 251 1834 284 λέγω

1046 300 1078 334 τῇ
1095 298 1202 334 ἑκάστῳ
1217 297 1443 334 πρεπωδεστάτῃ·
1459 297 1493 324 τὰ
1517 297 1545 324 δὲ
1561 297 1596 323 δι’
1608 293 1646 323 ὦν
1660 294 1692 332 ἦν
1708 297 1782 328 aluo:
1803 296 1834 323 τὸ

1046 345 1164 381 Χριστοῦ
1185 346 1334 381 μυστήριον
1354 344 1392 376 ὡς
1412 345 1440 371 ἐν
1462 345 1552 376 σκιαῖς
1567 343 1606 370 ἔτι
1627 345 1688 375 ταῖς
1707 344 1777 370 κατά
1792 344 1833 370 νό-

1047 393 1155 428 nos/,6»;
1163 392 1213 425 Evt,
1231 391 1489 427 προαναεραίνεσθαι,
1503 392 1536 426 τῇ
1556 391 1614 426 μετ’
1630 390 1738 426 ἐκείνην
1754 399 1834 426 τετη-

1049 438 1172 474 ρήκαμεν
1192 439 1346 472 συγγραφῇ·
1363 437 1405 472 ἐφ’
1450 437 1497 463 καὶ
1512 436 1560 462 νῦν
1578 436 1666 471 ίδροῦν
1684 436 1833 471 ἑλομένοις,

1047 483 1171 519 ἀγαπητέ
1189 483 1330 516 Παλλάδιε,
1349 483 1527 518 συναθλήσεις
1540 479 1589 509 οἷδ’
1604 483 1645 509 ὅτι
1663 482 1706 509 διὰ
1720 491 1836 518 προσευ-

1047 530 1107 565 χῆς.
1124 529 1240 565 Βάδιμον
1255 529 1303 564 μὲν
1316 529 1416 564 ἣκιστά
1427 537 1458 562 γε
1473 529 1527 560 τοῖς
1539 528 1599 555 καθ’
1613 528 1686 563 ἡμᾶς
1699 528 1729 554 τὸ
1742 528 1837 563 χρῆμά

1046 576 1123 608 ἐστι,
1143 575 1246 610 γένοιτο
1264 575 1287 602 δ’
1307 575 1340 602 ἂν
1358 574 1410 601 κᾶν
1429 574 1494 608 γοῦν
1516 575 1548 600 ἐκ
1565 574 1666 609 μέρους
1691 574 1815 605 εὐστιϐὲς
1827 592 1835 605 ,

1048 619 1166 655 Χριστοῦ
1182 619 1214 656 δὴ
1237 620 1316 646 πάλιν
1331 619 1380 655 τὴν
1395 619 1422 650 ἐς
1437 628 1467 653 γε
1487 619 1562 646 τουτὶ
1581 618 1767 654 διευρὺνοντος
1780 618 1836 654 τρί-

1048 667 1104 692 ϐον.
1122 666 1208 695 Αὐτὸς
1221 667 1275 700 γάρ
1289 666 1362 692 ἐστιν
1379 667 1394 700 ἡ
1410 665 1478 697 ὁδὸς,
1496 666 1544 691 καὶ
1562 665 1643 696 αὐτὸς
1657 665 1673 700 ἡ
1692 664 1773 700 θύρα,
1788 664 1837 690 καὶ

1048 712 1077 737 ἐν
1093 711 1166 746 αὺτῷ
1182 712 1280 742 πάντες
1295 711 1364 737 εἰσὶν
1375 711 1400 737 οἱ
1417 710 1547 745 θησαυροὶ
1558 711 1607 745 τῆς
1621 709 1716 743 σοφίας
1727 709 1773 735 καὶ
1787 710 1837 744 τῆς

1048 756 1174 791 γνώσεως
1202 757 1367 792 ἀπόκρυφοι.
1397 755 1569 790 Homo/41.50:
1597 755 1625 781 δὲ
1649 755 1696 781 τοῦ
1733 754 1836 789 βιϐλίου

1049 803 1209 838 συγγραφὴν
1224 803 1274 829 οὐκ
1286 801 1496 837 ἁπαραλείπτως
1511 802 1557 828 καὶ
1571 801 1670 836 ἐφεξῆς
1682 801 1725 828 διὰ
1736 799 1837 833 παντὸς

1049 849 1190 884 ἐρχόμενοι
1216 847 1362 883 κεφαλαίου
1386 848 1517 883 (πλεῖστα
1542 847 1596 883 γὰρ
1618 847 1685 880 ὅσα,
1710 847 1838 882 καθάπερ

1049 894 1118 930 ἔφην
1140 894 1257 930 ἀρτίως,
1278 893 1430 928 ἀπολέγδην
1446 893 1673 927 εἰσπεποιήμεθα,
1699 894 1732 928 τῇ
1757 892 1839 928 ἑτέρᾳ

1051 939 1174 972 συντάξει
1193 938 1347 974 περισανῶς
1363 939 1515 974 εὑρήσομεν
1525 939 1534 972 )
1545 947 1552 953 ·
1568 938 1586 965 ἃ.
1597 937 1618 964 δ’
1634 937 1667 964 ἂν
1682 938 1769 973 ὁρῷτο
1783 939 1836 964 λοι-

1051 985 1101 1011 πὸν
1117 984 1155 1020 τῷ
1168 984 1340 1020 προκειμένῳ
1356 983 1449 1020 σκοπῷ
1465 986 1598 1020 χρήσιμα,
1617 985 1703 1011 ταῦτα
1719 984 1789 1011 κατὰ
1805 992 1838 1017 γε

1051 1033 1080 1059 τὸ
1097 1031 1234 1068 ἐγχωροῦν
1249 1031 1438 1067 βασανίζοντες
1452 1031 1576 1067 ἀκριϐῶς
1585 1040 1614 1058 τε
1629 1032 1677 1058 καὶ
1687 1031 1838 1066 διεσμιλευ-

1053 1079 1156 1114 μένως,
1178 1078 1295 1105 κατευθὺ
1320 1077 1369 1113 τῆς
1388 1077 1515 1113 ἀληθείας
1542 1077 1654 1113 ἥξομεν.
1683 1077 1758 1103 Ἐπεὶ
1779 1077 1807 1103 δὲ
1823 1077 1838 1102 ὁ

1051 1126 1096 1153 τοῦ
1116 1125 1218 1160 βιϐλίου
1236 1124 1335 1156 σκοπὸς
1351 1126 1390 1159 εἰς
1409 1124 1541 1159 λύτρωσιν
1556 1123 1635 1159 φέρει
1649 1123 1697 1158 τὴν
1711 1123 1754 1149 διὰ
1771 1123 1839 1158 Χρι-

1052 1171 1134 1205 στοῦ,
1159 1172 1233 1198 πᾶσά
1255 1180 1313 1203 πως
1332 1171 1439 1205 ἀνάγκη
1461 1169 1720 1205 προκεκινδυνευκδς
1739 1168 1770 1195 οὐ
1792 1177 1840 1203 με-

1051 1220 1134 1255 τρίως
1155 1218 1184 1245 τὺ
1200 1217 1368 1253 ἀνθρώπινον
1384 1217 1514 1249 ἐπιδεῖξαι
1528 1216 1623 1250 γένος,
1646 1215 1693 1242 καὶ
1708 1216 1747 1247 εἰς
1761 1214 1840 1249 λῆξιν

1051 1265 1101 1301 ἤδη
1115 1265 1161 1298 τῆς
1177 1264 1306 1290 ἀνωτάτω
1318 1263 1505 1298 ταλαιπωρίας
1516 1262 1705 1297 ἐνηνεγμένον.
1719 1261 1840 1296 Προήκοι

1051 1311 1104 1345 γὰρ
1123 1310 1156 1337 ἂν
1177 1307 1228 1336 ὧδέ
1243 1318 1272 1335 τε
1289 1310 1336 1336 καὶ
1358 1309 1408 1343 οὐχ
1430 1309 1531 1344 ἑτέρως
1550 1309 1578 1334 ἐν
1595 1307 1689 1342 κόσμῳ
1708 1307 1746 1341 τῷ
1774 1305 1841 1341 πρέ-

1051 1365 1128 1384 ποντι
1139 1356 1188 1392 τῆς
1201 1354 1360 1390 ἐπικουρίας
1371 1356 1385 1381 ὁ
1398 1354 1487 1388 λόγος’
1504 1363 1513 1380 ι
1537 1354 1568 1380 ἰι
1581 1353 1635 1388 γὰρ
1647 1352 1760 1387 δύναμίς
1776 1359 1841 1387 μου.

214 1400 305 1435 φησὶν,
328 1400 358 1426 ἐν
379 1400 505 1436 ἀσθενείᾳ
526 1401 683 1428 τελειοῦται.
705 1411 715 1427 ›
744 1404 806 1429 Δεῖν
826 1404 854 1430 δὲ
873 1404 948 1441 οἶμαι
965 1410 1012 1436 καὶ
1030 1410 1086 1440 got;
1107 1405 1206 1441 ἰατρῶν
1225 1403 1388 1438 ὲπιστήμοσι
1416 1402 1462 1428 καὶ
1478 1401 1682 1436 δοκιμωτάτοις,
1707 1402 1732 1427 εί
1746 1401 1777 1435 δὴ
1795 1404 1841 1425 ποι

217 1447 341 1482 μέλλοιεν
354 1447 395 1481 ἐφ’
411 1444 452 1479 οἷς
467 1447 499 1474 ἂν
514 1445 569 1474 εἷεν
584 1449 659 1482 σοφοὶ
675 1449 862 1485 θαυμάζεσθαί
893 1461 956 1487 που,
975 1455 1136 1492 προκεῖσθαι
1163 1453 1210 1480 τὸν
1226 1451 1377 1487 ἄρρωστον,
1397 1449 1460 1484 περὶ
1476 1448 1505 1475 ὃν
1518 1448 1552 1475 ἂν
1567 1448 1671 1482 γένοιτο
1696 1448 1742 1474 καί
1755 1448 1771 1482 ὴ
1790 1446 1841 1481 τῆς

215 1492 329 1527 ἐνούσης
344 1492 436 1524 αὐτοῖς
450 1493 588 1527 εὐτεχνίας
602 1493 740 1527 ἐπίδειξις.

248 1539 276 1566 2.
296 1539 424 1567 Dicamus
442 1539 524 1574 igitur
546 1539 620 1574 quod
638 1545 755 1569 vexante
774 1542 840 1569 olim
856 1548 937 1579 atque
953 1554 998 1573 ιιι·-

1087 1546 1120 1581 β’.
1141 1544 1255 1576 Οὐκοῦν,
1277 1543 1327 1578 ήδη
1349 1542 1484 1577 λέγωμεν,
1503 1541 1544 1568 ὅτι
1560 1539 1640 1575 λιμοῦ
1656 1539 1840 1572 κατωθοῦντος

213 1589 294 1618 gente
307 1585 442 1612 lsraelitas
455 1585 614 1620 gravissima
626 1585 708 1618 fame,
723 1588 951 1623 transmigrarunt
966 1599 1000 1618 ex

213 1631 343 1659 Chanaan
361 1631 388 1658 in
407 1631 552 1667 Egyptum
568 1631 596 1658 in
616 1633 787 1667 septuaginta
801 1635 919 1670 quinque
939 1637 1000 1664 ani-

215 1677 321 1710 mabus,
348 1681 378 1704 ut
389 1678 519 1712 scriptum
544 1681 587 1704 est
598 1678 631 1704 '°.
644 1678 813 1706 Procedente
829 1686 917 1708 autem
931 1687 1000 1710 tem-

215 1730 281 1759 pore
294 1723 322 1750 in
336 1723 563 1750 innumerabilem
581 1723 784 1751 multitudinem
803 1734 898 1754 eorum
916 1736 1001 1762 genus

215 1772 258 1794 est
274 1771 465 1802 propagatum;
478 1767 522 1794 'lta
542 1768 616 1794 enim
634 1768 717 1796 habet
735 1769 895 1805 Scriptura:
915 1782 924 1797 ι
940 1773 1000 1800 Filii

215 1817 307 1840 autem
319 1813 426 1840 lsraelis
437 1813 509 1840 aucti
525 1818 600 1846 sunt,
618 1818 645 1841 et
661 1815 835 1850 multiplicati
853 1821 881 1844 et
898 1817 999 1852 ditiusi,

215 1858 351 1893 nimisque
371 1859 492 1886 roborati
514 1864 587 1886 sunt.
608 1859 694 1887 Terra
711 1861 785 1888 enim
804 1863 1002 1898 multiplicabat

214 1912 264 1933 eos
275 1905 309 1932 ".
330 1914 338 1930 ›
359 1905 505 1940 Postquam
517 1913 582 1932 vero
595 1905 619 1933 is
632 1906 679 1941 qui
691 1906 840 1943 Egyptiaci
855 1910 932 1944 regni
951 1919 1000 1945 gu-

215 1948 362 1976 bernacula
375 1949 495 1982 tenebat,
509 1953 613 1977 tantum
628 1951 786 1978 Judaaorum
801 1953 1000 1982 incrementum

215 1999 372 2028 suspectum
389 1995 492 2023 habere
513 1996 605 2031 coepit,
621 1996 735 2024 insidias
747 1999 788 2025 eis
801 2001 911 2027 struxit.
927 2001 1000 2030 Prag-

215 2039 280 2066 fecit
302 2041 386 2073 enim,
409 2041 508 2076 inquit,
527 2041 611 2069 duros
636 2050 751 2077 operum
775 2045 931 2079 magistros,
953 2048 1000 2082 qui

215 2085 366 2120 atiligcrent
387 2087 460 2121 ipsos
482 2087 508 2114 in
528 2087 678 2115 laboribus.
696 2088 777 2124 246
797 2090 892 2118 Modus
907 2097 1001 2120 autem

216 2131 372 2158 adiit-tionis
397 2136 457 2159 erat
478 2132 555 2160 labor
579 2133 710 2165 fodiendi,
727 2135 862 2163 confectio
884 2137 1000 2166 laterum

216 2178 347 2207 diuturna
357 2182 385 2205 et
396 2178 499 2213 absque
518 2179 653 2206 mercede.
671 2179 738 2207 ltem
754 2180 864 2208 urbium
882 2184 1001 2211 munita-

1052 1592 1117 1619 ποτὲ
1129 1591 1175 1618 καὶ
1186 1590 1329 1625 ἀφορήτως
1343 1588 1539 1622 ἐνσκήπτοντος
1550 1586 1596 1613 καὶ
1609 1585 1768 1621 ἐκκειμένου
1784 1585 1840 1615 τοῖς

1051 1639 1119 1669 υἱοῖς
1151 1635 1273 1672 Ἰσραὴλ,
1300 1633 1453 1669 κατῴχοντο
1470 1633 1519 1669 μὲν
1543 1635 1575 1659 ἐκ
1597 1633 1649 1668 γῆς
1672 1632 1781 1659 Χαναὰν
1801 1632 1840 1663 είς

1051 1683 1188 1716 Αἴγυπτον
1212 1682 1241 1707 ἐν
1262 1678 1450 1714 ἑϐδομήκοντὰ
1470 1687 1521 1705 που
1545 1678 1592 1705 καὶ
1615 1678 1696 1704 πέντε
1723 1677 1838 1712 ψυχαῖς,

1051 1727 1121 1754 καθὰ
1146 1727 1309 1762 γέγραπται.
1330 1725 1491 1760 Διέρποντος
1510 1724 1538 1751 δὲ
1555 1724 1602 1750 τοῦ
1621 1723 1718 1758 καιροῦ
1736 1723 1839 1754 λοιπὸν,

1051 1773 1091 1803 εἱς
1114 1771 1219 1807 πληθὺν
1239 1772 1287 1807 τὴν
1308 1770 1426 1806 ἀριθμοῦ
1445 1770 1586 1806 κρείττονα
1606 1770 1637 1796 τὸ
1657 1769 1733 1804 γένος
1751 1769 1840 1801 αὐτοῖς

1051 1817 1205 1850 ἐξετείνετο.
1222 1817 1378 1852 Γέγραπται
1395 1815 1449 1851 γάρ
1463 1823 1471 1830 ο
1487 1825 1496 1842 ι
1511 1816 1544 1842 Οί
1557 1815 1586 1842 δὲ
1599 1815 1652 1842 υἱοὶ
1673 1814 1779 1850 Ἰσραὴλ
1792 1815 1842 1850 ηὑ-

1053 1863 1183 1898 ξήθησαν,
1193 1863 1240 1889 καὶ
1249 1861 1467 1897 ὲπληθύνθησαν,
1478 1863 1524 1888 καὶ
1536 1862 1638 1897 χυδαῖοι
1650 1861 1783 1896 ἐγένοντο,
1795 1860 1842 1886 καὶ

1051 1909 1196 1944 κατίσχυον
1209 1908 1319 1943 σφόδρα”
1332 1907 1466 1943 ἐπλήθυνε
1476 1908 1505 1934 δὲ
1516 1909 1532 1943 ἡ
1544 1907 1580 1942 γῆ
1591 1907 1688 1938 αὐτοὺς
1702 1905 1812 1941 σφόδρα.
1829 1915 1838 1931 ι

1058 1954 1168 1990 Ἐπειδὴ
1181 1954 1208 1981 δὲ
1222 1956 1272 1989 τῆς
1294 1953 1451 1988 Αἰγυπτίων
1465 1953 1555 1989 χώρας
1568 1954 1582 1979 ὁ
1597 1953 1773 1987 καθηγεῖσθαι
1794 1951 1841 1978 λα-

1051 1999 1117 2035 χὼν,
1125 2000 1173 2034 τὴν
1186 2001 1225 2032 εἰς
1238 2000 1340 2034 πληθὺν
1353 2000 1472 2026 ἐπίδοσιν
1485 1999 1677 2035 τῶνἘϐραίων
1690 1999 1740 2025 οὐκ
1755 1997 1838 2024 ἀνύπν

1052 2054 1134 2073 οπτον
1145 2045 1227 2081 εῖχεν,
1242 2046 1432 2077 ἐπεϐουλεύσε,
1449 2046 1496 2071 καὶ
1506 2045 1655 2079 ἐπέστησεν
1671 2045 1761 2074 αὐτοῖς
1780 2044 1839 2070 ἐπι-

1053 2092 1152 2122 στάτας
1174 2091 1228 2118 τῶν
1250 2092 1349 2127 ἔργων,
1370 2092 1413 2118 ἴνα
1434 2090 1714 2121 κακώσωσινάὺτοὺς
1740 2091 1768 2116 ἐν
1785 2091 1840 2121 τοῖς

1052 2137 1152 2173 ἔργοις.
1176 2137 1204 2164 '0
1215 2137 1243 2164 δὲ.
1255 2138 1287 2173 δὴ
1299 2137 1346 2164 τοῦ
1360 2137 1511 2164 κακοῦσθαι
1525 2136 1625 2172 τρόπος
1636 2135 1669 2172 ἦν
1682 2137 1696 2163 ὁ
1714 2137 1760 2163 ἐπὶ
1775 2143 1839 2163 σκα-

1054 2183 1152 2214 πάναις
1168 2183 1258 2218 ἱδρὼς,
1274 2183 1450 2218 πλινθουργία
1465 2183 1560 2218 μακρὰ
1577 2184 1625 2210 καὶ
1644 2183 1776 2218 ἄμισθος,
1792 2183 1840 2210 καὶ

215 2232 276 2250 rum
295 2223 455 2256 exstructio,
473 2223 525 2250 hoc
537 2229 588 2256 est,
602 2232 663 2259 quae
678 2225 784 2252 turritae
802 2232 904 2260 essent,
917 2229 998 2256 adeo-

1055 2228 1107 2264 μὴν
1123 2229 1169 2255 καὶ
1184 2229 1214 2255 τὸ
1231 2229 1425 2264 ἀναδείμασθαι
1441 2229 1532 2260 πόλεις
1549 2229 1650 2264 ὀχυρὰς
1670 2229 1708 2264 τῷ
1722 2227 1821 2264 Φαραὼ
1831 2247 1838 2259 ,

215 2277 267 2304 quc
285 2270 352 2296 laxae
372 2273 400 2296 et
417 2270 523 2304 amplae,
540 2274 571 2297 ut
591 2270 781 2299 munitissima:
793 2275 821 2300 et
835 2273 1001 2308 inexpugna-

215 2315 284 2342 biles
293 2323 349 2350 prre
360 2315 422 2341 aliis
434 2315 603 2348 viderentur,
615 2323 712 2350 nempe
724 2323 834 2353 propter
848 2319 999 2347 incolarum

216 2360 430 2387 multitudinem.
442 2360 526 2387 Erant
540 2364 631 2387 autem
643 2361 722 2389 Pitho
735 2366 762 2389 et
775 2363 912 2396 Ramesse,
928 2365 1001 2392 aliaa-

215 2413 269 2440 que
283 2405 417 2432 civitates.
436 2405 570 2433 Creterum
583 2407 691 2442 tyranni
704 2409 847 2436 consilium
862 2409 940 2445 longe
953 2411 1002 2438 ali-

216 2453 258 2477 ter
278 2457 360 2484 quam
379 2454 512 2485 sperarat,
534 2451 572 2478 illi
592 2452 700 2480 accidit.
721 2453 766 2480 Ait
785 2454 859 2481 enim
875 2463 880 2481 :
895 2454 1002 2488 Quanto

215 2495 301 2530 magis
317 2496 533 2524 humiliabantur
551 2497 684 2533 depressi,
700 2504 775 2527 tanto
790 2501 878 2536 majus
894 2502 1002 2536 pericu-

215 2542 271 2568 lum
289 2541 314 2568 ei
330 2542 487 2575 creabatur,
501 2543 647 2579 pluresque
661 2545 855 2573 exoriebantur
866 2555 915 2582 per
930 2547 1001 2582 idip-

216 2595 276 2614 sum
297 2596 352 2623 quo
374 2588 448 2623 ipsos
468 2589 587 2624 afﬂigere
610 2591 724 2624 solebat,
743 2592 851 2620 volente
871 2593 1001 2621 nimirum

216 2633 282 2665 Deo,
297 2641 344 2660 eos
356 2635 402 2668 qui
421 2635 523 2670 iniquis
542 2637 714 2664 contumeliis
733 2637 930 2672 adiciebantur,
943 2640 1002 2667 vin-

215 2677 316 2705 dicare.
337 2679 414 2712 Quod
433 2687 495 2707 cum
517 2681 695 2710 intellexisset
709 2686 849 2717 tyrannus,
866 2684 937 2711 ultra
952 2685 1002 2712 hos

216 2723 324 2751 labores
339 2725 406 2752 alias
417 2725 497 2753 etiam
511 2725 624 2754 insidias
638 2728 763 2756 tetendit.
776 2729 913 2757 lllandavit
927 2731 1001 2757 enim

216 2769 371 2797 Judazorum
390 2771 585 2800 obstetricibus
601 2778 641 2806 ut,
661 2773 771 2808 quando
792 2775 954 2804 mulieribus
972 2776 1001 2803 in

1052 2276 1192 2308 τουτέστι,
1207 2276 1439 2311 πεπυργωμένας,
1461 2276 1478 2311 ἢ
1500 2275 1586 2307 οὕτως
1600 2276 1706 2311 εὐρείας
1722 2277 1769 2302 καὶ
1787 2284 1837 2310 μα-

1053 2322 1132 2357 κρὰς,
1144 2322 1181 2353 ὡς
1198 2322 1293 2358 κομιδῇ
1303 2321 1476 2358 [ἁναλώτους]
1485 2324 1544 2354 ταῖς
1556 2322 1647 2353 ἄλλαις
1658 2319 1727 2348 εἶναι
1741 2322 1838 2353 δοκεῖν.

1052 2367 1096 2394 διὰ
1123 2367 1228 2401 πληθὺν
1253 2367 1373 2402 δηλονότι
1399 2368 1452 2394 τῶν
1481 2368 1674 2404 ἐνῳκηκότων.
1701 2368 1790 2394 Πειθὼ
1811 2368 1839 2394 δὲ

1050 2411 1121 2449 ἦσαν
1131 2413 1177 2440 καὶ
1191 2413 1341 2448 Ῥαμεσσῆ,
1351 2415 1397 2440 καὶ
1409 2414 1487 2441 ἄλλαι
1496 2414 1598 2446 πόλεις.
1609 2415 1800 2448 Περιειστὴκει
1812 2413 1840 2440 δὲ

1051 2459 1090 2494 τῷ
1097 2459 1221 2495 τυράννῳ
1233 2460 1300 2495 πρὸς
1315 2460 1345 2486 τὸ
1358 2461 1422 2495 παρ’
1438 2460 1549 2492 ἐλπῖδας
1560 2461 1577 2494 ἡ
1595 2460 1700 2495 σκέψις.
1724 2460 1768 2486 Ἐν
1786 2460 1841 2495 γάρ

1051 2513 1091 2531 τοι
1099 2505 1135 2540 τῷ
1142 2496 1343 2537 ταπεινοῦσθαι,
1350 2506 1412 2540 φησῖ
1418 2526 1425 2538 ,
1433 2506 1495 2537 τοὺς
1502 2505 1698 2540 κολαζομένους
1704 2506 1731 2532 ἐν
1740 2505 1841 2540 ὑπερο-

1052 2553 1112 2585 χαῖς
1128 2551 1158 2577 τὸ
1173 2551 1272 2585 δεῖγμα
1286 2552 1315 2577 ὲν
1327 2551 1447 2586 μείζοσιν
1462 2549 1505 2586 ἦν,
1519 2552 1566 2578 καὶ
1583 2551 1690 2582 πλείους
1706 2551 1838 2585 ἐγένοντο,

1055 2594 1097 2621 διὰ
1111 2595 1157 2621 τοῦ
1173 2594 1273 2622 κακοῦν
1287 2595 1411 2626 εἰωθότος
1429 2595 1543 2629 ὠφελεῖν
1557 2595 1694 2627 ἐθέλοντος
1710 2596 1757 2622 τοῦ
1770 2595 1838 2622 Θεοῦ

1053 2641 1116 2672 τοὺς
1133 2641 1246 2672 ἀνοσίως
1267 2640 1500 2676 ὲξυϐριζομένους.
1529 2642 1561 2668 '0
1585 2641 1617 2677 δὴ
1641 2643 1687 2668 καὶ
1711 2642 1811 2674 συνιεὶς
1825 2643 1839 2668 ὁ

1054 2686 1196 2720 τύραννος.
1212 2687 1366 2721 προσετίθει
1380 2689 1435 2719 τοῖς
1459 2688 1549 2719 πόνοις
1564 2689 1660 2724 ἑτέραν
1681 2688 1837 2723 ἐπιϐουλήν.

1054 2731 1121 2762 Ταῖς
1135 2731 1188 2766 γὰρ
1196 2731 1329 2758 Ἰουδαίων
1338 2733 1444 2760 ἐκέλευε
1452 2734 1554 2769 μαίαις,
1563 2735 1587 2760 εἰ
1601 2733 1779 2772 μαιεύο[ι]ντο
1793 2742 1840 2768 γυ-

1055 2778 1149 2809 ναῖκας
1164 2777 1211 2809 τὰς
1230 2777 1273 2804 ἐπ’
1284 2778 1375 2805 ὠδῖσιν
1387 2779 1436 2815 ἤδη
1449 2780 1495 2806 καὶ
1512 2780 1611 2813 τόκοις,
1623 2781 1655 2807 τὸ
1668 2782 1696 2808 ἐν
1712 2779 1840 2815 ὑποψίαις

258 2856 279 2872 ⁸⁷
309 2857 384 2885 Joan.
405 2866 430 2891 ιι,
444 2859 479 2892 9;
499 2867 550 2894 m',
567 2859 592 2887 6.
633 2860 720 2889 “Col.
741 2869 769 2894 ιι,
787 2862 812 2889 5.
852 2863 873 2878 δ’
890 2862 911 2889 ll
926 2861 989 2890 Cor.

1050 2863 1093 2897 ,3.
1131 2865 1153 2881 ⁸⁸
1167 2865 1252 2892 Exod.
1273 2873 1292 2899 ι,
1314 2865 1339 2893 5.
1373 2866 1474 2894 "Ibid.
1490 2867 1513 2893 7.
