1999 3056
194 143 248 171 389

701 143 961 171 CLAPHYRORUM
980 143 1014 172 IN
1034 145 1176 173 EXODUM
1195 146 1260 173 LIB.
1276 147 1296 173 l.

1778 150 1830 177 ἷιέὈ

194 201 283 228 αὐτῶν
302 201 479 235 καταπνίγειν
495 200 589 235 γένος,
608 201 740 234 τουτέστι,
757 203 788 228 τὸ
809 203 902 237 ἄρσεν,
921 203 980 235 ζωσ

1039 208 1119 239 partu
1144 205 1282 238 adessent,
1305 209 1463 240 suspectum
1486 206 1537 241 ipsi
1559 215 1654 241 genus,
1677 210 1828 237 masculum

193 248 283 281 γονεῖν
304 246 332 272 δὲ
347 247 375 273 τὸ
393 247 471 281 θῆλυ.
488 247 575 280 ,λόγου
590 247 644 282 γὰρ
664 247 750 274 ἐδόκει
769 248 987 282 μηδενὸςλάξιοῦν

192 293 224 319 τὸ
235 291 331 319 ἄναλκι
351 293 397 318 καὶ
410 292 619 328 ἀψιλοπέλεμον,
633 294 680 320 καὶ
695 295 734 325 είς
750 294 850 325 δειλίας
867 294 986 327 εὔκολον,

193 338 242 365 καὶ
261 338 334 373 νόμῳ
350 337 455 372 φύσεως
471 339 669 373 τεθρυμμένον.
700 339 771 365 Ἀλλ’
785 339 836 365 οὐκ
860 339 944 374 ἔδρων
960 340 988 366 αι

193 385 274 419 μαῖαι
286 384 316 410 τὸ
329 384 467 417 δυσσεῦὲς,
484 385 601 420 ἤρεσκέν
616 393 645 411 τε
660 385 703 411 διὰ
718 385 804 411 ταῦτα
813 384 882 419 Θεῷ.
897 385 929 411 Τί
942 384 988 412 οὖν

191 431 205 455 ὁ
218 430 372 466 ἀλιτήριο;;
392 430 609 465 Ἀπαμφιέννυσι
621 430 669 466 τὴν
686 429 780 466 ὀργὴν,
796 430 843 456 καὶ
859 430 921 462 τοὺς
939 432 988 466 τῆς

191 476 364 511 ἀνοσιότητος
378 476 494 511 τρόπους
511 477 699 511 ἀναισχυντεῖν
719 475 870 502 ἀναπείθει.
887 485 895 501 ι
915 476 982 502 Συν-

191 523 270 556 έταξε
287 523 340 560 γὰρ
362 522 462 559 Φαραὼ
480 522 561 549 παντὶ
575 523 614 558 τῷ
629 522 685 558 λαῴ
708 521 789 549 αὑτοῦ
810 521 908 556 λέγων·
932 523 989 549 Πᾶν

191 569 287 605 ἄρσεν,
304 569 318 595 ὃ
336 569 370 596 ἂν
396 569 476 604 τεχθῇ
496 570 550 600 τοῖς
573 568 721 604 Ἑϐραίοις,
741 569 781 601 εἰς
797 568 842 594 τὸν
867 568 988 604 ποταμὸν

191 615 300 650 ῥίψατε,
316 615 363 643 καὶ
378 617 431 642 πᾶν
444 615 510 651 θῆλυ
528 614 685 649 ζωογονείτε
703 615 778 641 αὑτό.
796 624 803 640 ι

1038 250 1180 283 nimirum,
1206 251 1382 283 suffocarent,
1406 252 1567 280 femininum
1592 257 1683 281 autem
1707 255 1735 282 in
1759 256 1829 284 vivis

1024 297 1199 331 Iretinerent.
1213 297 1318 332 Quippe
1332 297 1405 332 quod
1417 298 1492 325 nullo
1505 298 1532 325 in
1545 306 1658 326 numero
1671 301 1827 333 ponendum

1038 341 1179 369 videretur
1194 342 1330 370 imbecille
1343 342 1415 369 istud
1428 347 1456 370 et
1469 343 1589 375 imbelle,
1604 347 1685 378 atque
1699 344 1732 370 ad
1746 349 1829 373 timo—

1039 395 1097 414 rem
1124 388 1256 423 proclive,
1277 388 1390 424 legeque
1417 393 1522 416 natura;
1544 389 1710 416 diminutum
1732 398 1828 425 genus.

1041 433 1074 460 At
1082 441 1148 460 vero
1158 434 1321 462 obstetrices
1332 434 1435 462 crudeli
1448 435 1539 462 edicto
1550 443 1722 470 nequaquam
1733 443 1830 470 parue-

1040 483 1113 511 runt,
1128 487 1180 514 qua
1194 479 1227 506 de
1239 487 1320 507 causa
1332 484 1359 507 et
1373 481 1428 508 Deo
1443 481 1615 516 placuerunt.
1629 482 1663 509 At
1677 482 1743 517 quid
1761 486 1830 509 teter

1040 524 1090 552 iste
1103 526 1251 560 tyrannus?
1269 526 1449 554 Excandescit
1464 526 1514 559 ira,
1528 531 1556 554 et
1570 527 1717 555 inusitatos
1732 527 1829 555 crude-

1038 571 1126 598 litatis
1144 572 1240 599 modos
1261 572 1353 600 animo
1367 573 1496 608 concipit.
1512 573 1552 600 Ita
1564 573 1638 600 enim
1657 574 1696 600 ait
1716 577 1828 601 textus:

1044 626 1052 641 ε
1068 617 1201 652 Praecepit
1213 622 1304 645 autem
1319 619 1424 646 Pharao
1436 619 1510 646 omni
1523 620 1624 654 populo
1637 627 1696 652 suo,
1711 619 1806 647 dicens
1820 628 1827 646 :

189 660 306 688 Omnem
322 660 474 688 masculum
492 660 539 695 qui
555 664 635 687 natus
652 659 736 687 fuerit
761 659 892 692 llebrmis,
922 658 950 686 in
980 658 1081 687 ﬂumen
1105 662 1241 697 projicite,
1260 666 1288 690 et
1320 671 1429 691 omnem
1450 663 1586 691 femellam
1609 665 1636 691 in
1658 664 1712 692 vita
1735 671 1827 691 reser-

191 711 252 734 vate
268 701 330 732 ⁵⁸⁸.)

226 757 260 787 γ’.
278 753 346 779 Ἀλλ’
358 751 478 779 ἱστάσῡω
488 752 536 788 μὲν
545 752 573 778 ὲν
583 751 668 786 τούτῳ
676 751 724 787 τῆς
741 752 861 786 ἱστορίας
873 752 886 778 ὁ
894 752 982 785 λόγος.

189 799 340 834 Φρόιζωμεν
355 798 383 825 δὲ
400 799 461 833 ἤδη,
475 800 530 830 τοῖς
542 798 670 824 ἐσωτάτω
680 798 855 833 θεωρήμασιν
869 798 984 829 ἐνιέντες

1072 752 1098 779 5.
1120 752 1208 788 Atque
1229 753 1256 780 in
1272 753 1314 780 his
1328 753 1440 788 quidem
1458 753 1574 781 historia
1591 754 1732 782 subsistat.
1749 754 1826 782 Nunc

1037 798 1070 824 ad
1090 798 1244 825 intimiores
1262 798 1441 834 cogitationes
1460 803 1578 826 mentem
1596 799 1733 834 erigentes
1752 800 1825 827 dica-

188 845 234 871 τὺν
247 844 320 877 νοῦν,
336 845 386 876 ὅτι,
398 844 447 879 τῆς
460 843 604 879 ἀνθρώπου
618 843 734 875 διανοίας
750 844 912 879 ἐγκειμένης
926 845 980 871 ἐπι-

1038 850 1113 875 mus;
1129 843 1202 877 quod
1220 851 1282 870 cum
1303 851 1380 870 mens
1398 844 1517 871 hominis
1529 845 1563 872 ab
1574 844 1755 873 adolescentia
1776 854 1824 873 sua

191 891 279 926 μελῶς
296 892 341 917 ἐπὶ
356 890 391 917 τὰ
408 890 512 926 πονηρὰ
532 891 564 916 ἐκ
577 890 702 925 νεότητος
717 889 811 921 αὐτοῦ,
827 890 915 924 ἐνδείᾳ.
929 890 982 917 τῶν

189 936 293 963 ἄνωθεν
314 935 434 970 ἀγαθῶν,
460 936 543 968 ἆπαν,
563 935 600 966 ὡς
616 935 680 967 ἔπος
692 936 788 966 εἰπεῖν,
808 935 838 961 τὸ
861 935 907 961 ἐπὶ
932 935 982 970 γῆς

188 982 332 1017 ὲξοθείρετο
347 982 434 1016 γένος,
447 981 495 1008 καὶ
507 981 585 1016 λιμὸς
596 977 640 1007 οἷά
651 990 692 1012 τις
701 981 755 1007 τῶν
765 981 897 1017 οὐρανίων
909 981 982 1016 ἡμᾶς

188 1028 370 1055 κατεῦόσκετο
387 1028 567 1063 μαθημάτων,
586 1028 710 1063 καθάπερ
732 1028 828 1062 ἀμέλει
844 1028 981 1063 καταθρή-

188 1083 288 1110 σαιμεν
305 1073 336 1101 ἂν
357 1075 403 1100 καί
417 1074 462 1100 τὸν
479 1074 517 1105 ὼς
532 1075 559 1100 ὲν
576 1074 654 1109 τύπῳ
669 1074 828 1109 παραϐολῆς
842 1074 980 1109 γραφόμε-

189 1129 233 1147 νον
250 1121 363 1152 ἄσωτον,
377 1120 462 1155 ὅςτὴν
476 1120 605 1156 πατρῴαν
619 1121 714 1147 οὐσίαν
726 1122 753 1148 ὲν
763 1120 898 1156 ἀλλοδαπῇ
914 1129 981 1147 κατ-

188 1166 326 1202 εδήδοκεν,
343 1166 474 1201 ἐπεθύμει
482 1175 511 1192 τε
520 1166 702 1202 χορτασθῆναι
715 1167 768 1193 τῶν
779 1166 914 1202 κερατίων
932 1163 981 1202 [ὧν

188 1211 293 1249 ἧσθιον]
313 1213 336 1238 οἱ
356 1214 451 1248 χοῖροι.
476 1211 610 1249 Ταύτῃτοι
626 1212 908 1249 προσδεδραμήκαμεν
925 1213 981 1244 τοῖς

188 1257 395 1293 γεωδεστίέροις,
407 1257 522 1292 ἀφέντες
535 1257 565 1283 τὸ
574 1257 685 1292 ἄμεινον
697 1258 781 1285 καὶτὸ
793 1258 847 1284 δεῖν
857 1258 980 1293 ἐφίεσθαι

188 1302 242 1329 τῶν
251 1303 491 1338 λυσιτελεστέρων,
501 1303 535 1330 δι’
542 1300 579 1330 ὦν
586 1301 618 1339 ἦν
625 1304 698 1336 εἰκὸς
706 1305 735 1330 εὑ
741 1313 803 1339 μενε
809 1304 848 1336 tot;
854 1305 903 1339 τῆς
912 1305 980 1332 ἄνω-

188 1348 234 1375 θεν
250 1349 298 1383 οὐχ
317 1349 458 1385 ἁμαρτεῖν,
476 1349 522 1375 καὶ
536 1349 690 1384 οἰκειότητα
711 1350 760 1385 τὴν
774 1349 810 1381 ὡς
827 1350 894 1384 πρὸς
914 1349 980 1376 Θεὸν

188 1394 371 1426 πλουτοῦντας
388 1395 514 1430 ὁρᾶσθαι.
534 1395 748 1431 Διωλισθηκότες
768 1395 799 1431 δὴ
816 1393 862 1422 οὖν
881 1395 980 1427 παντὸς

186 1440 234 1468 τοῦ
255 1441 362 1476 ἀνέχειν
384 1441 520 1476 ἰσχύοντος
540 1441 581 1473 εἵς
597 1449 629 1475 γε
652 1442 683 1468 τὸ
705 1440 734 1468 εὖ
754 1440 824 1469 εἶναι
847 1442 894 1468 κα)⁸
912 1442 981 1476 μετὰ

187 1486 270 1518 Θεοῦ,
287 1487 389 1522 ταμίαν
407 1487 455 1523 μὲν
473 1487 564 1514 οὐκέτι
578 1487 632 1514 τῶν
648 1487 708 1514 καθ’
726 1489 799 1523 ἡμᾶς
815 1488 980 1523 ἐποιούμεθα

1034 898 1120 924 prona
1133 890 1167 917 sit
1179 890 1212 917 ad
1226 890 1328 917 malum
1340 891 1374 918 ob
1392 891 1571 926 indigentiam
1584 899 1764 926 supernorum
1777 893 1825 920 bo-

1033 944 1130 963 norum
1144 937 1177 968 5’,
1194 940 1293 969 totum,
1315 941 1345 964 ut
1368 945 1422 964 uno
1443 937 1528 964 verbo
1550 937 1649 970 dicam,
1667 938 1824 968 mortalium

1032 989 1119 1016 genus
1134 986 1294 1017 corruptum
1312 981 1374 1013 fuit,
1389 990 1419 1010 ac
1432 982 1518 1009 veluti
1531 982 1616 1010 fames
1630 983 1753 1017 quaedam
1767 991 1823 1011 cm-

1032 1027 1109 1054 lestis
1129 1027 1262 1054 doctrinae
1281 1034 1331 1055 nos
1347 1028 1458 1062 depasta
1472 1033 1524 1060 est,
1537 1028 1767 1062 quemadmodum
1779 1036 1826 1056 ex-

1031 1080 1127 1107 presse
1151 1072 1245 1100 videre
1268 1068 1425 1108 possumus,
1445 1074 1530 1101 veluti
1550 1073 1578 1100 in
1604 1077 1668 1109 typo
1689 1074 1824 1108 parabolae

1031 1117 1170 1153 depictum
1194 1118 1349 1154 prodigum,
1378 1118 1442 1153 quia
1461 1119 1583 1154 paternis
1604 1118 1780 1146 facultatibus
1795 1119 1824 1146 in

1031 1168 1145 1191 externa
1168 1164 1278 1199 regione
1304 1164 1471 1199 dilapidatis,
1491 1164 1598 1199 siliquis
1621 1165 1722 1199 quibus
1746 1166 1823 1200 porci
1855 1173 1863 1178 ·

1031 1211 1225 1246 pascebantur,
1247 1211 1364 1238 saturari
1387 1211 1515 1245 cupiebat
1529 1211 1562 1237 ⁵³.
1582 1210 1700 1245 Ideoque
1719 1211 1752 1238 ad
1771 1215 1826 1238 ter-

1031 1262 1097 1284 rena
1110 1256 1295 1292 confugimus,
1311 1256 1409 1283 relicto
1422 1264 1455 1283 eo
1472 1256 1546 1291 quod
1564 1260 1624 1284 erat
1639 1257 1748 1290 melius,
1761 1265 1824 1285 cum

1031 1302 1123 1337 potius
1145 1302 1338 1330 debuissemus
1361 1303 1471 1330 utiliora
1495 1302 1670 1338 expetivisse,
1693 1311 1743 1338 per
1764 1311 1825 1338 qua

1031 1351 1104 1375 certe
1124 1356 1265 1383 nunquam
1287 1356 1407 1383 superno
1424 1348 1517 1376 favore
1538 1349 1747 1382 excidissemus,
1768 1351 1824 1378 imo

1030 1401 1095 1420 vero
1116 1393 1163 1420 Dei
1186 1394 1333 1421 amicitiam
1357 1394 1475 1421 ubertim
1497 1395 1638 1421 consecuti
1662 1394 1820 1423 fuissemus.

1031 1438 1112 1474 Lapsi
1134 1439 1217 1474 igitur
1238 1439 1273 1466 ab
1295 1439 1340 1471 iis,
1354 1447 1415 1474 qua:
1434 1447 1484 1466 nos
1503 1440 1531 1466 in
1549 1439 1620 1467 bono
1638 1440 1822 1474 continerent,

1031 1485 1142 1520 Deoque
1180 1486 1328 1518 satiarent,
1353 1486 1401 1520 qui
1432 1490 1527 1520 suapte
1559 1490 1658 1513 natura
1696 1494 1728 1513 ac
1757 1494 1822 1514 vere

187 1533 233 1559 τὸν
257 1533 337 1567 φύσει
358 1542 387 1559 τε
411 1533 458 1560 καὶ
482 1533 590 1569 ἀληθῶς
615 1534 679 1560 ὂντα
703 1534 851 1569 Δεσπότην.
875 1535 929 1569 Γῆς
951 1535 979 1561 δὲ

1033 1530 1164 1558 Dominus
1194 1535 1254 1564 est,
1277 1539 1332 1558 non
1357 1531 1475 1566 amplius
1498 1536 1640 1558 auctorem
1663 1536 1822 1559 nostrorum

187 1578 282 1614 ὥσπερ
294 1579 384 1613 ἁγίας,
402 1580 448 1614 τῆς
461 1579 582 1614 φιλοθέου
595 1576 669 1614 ζωῆς
680 1579 914 1615 ἐκκεχιιψηκότες,
933 1581 978 1606 καὶ

187 1625 227 1656 εἰς
251 1625 301 1660 τὴν
326 1625 424 1661 αἰσχίω
441 1633 470 1651 τε
494 1625 541 1651 καὶ
563 1625 775 1661 ἀκαλλεστέραν,
800 1626 847 1652 καὶ
867 1625 920 1651 ὑπὸ
941 1625 980 1660 τῷ

187 1671 304 1705 διαϐόλῳ
319 1671 448 1706 κειμένην
465 1671 606 1707 μονονουχὶ
624 1670 860 1706 κατερῤυηκότες,
887 1672 916 1697 ἐν
930 1671 980 1705 ἴσῳ

187 1718 339 1753 γεγόναμεν
359 1719 414 1748 τοῖς
429 1718 461 1744 ἐκ
474 1709 592 1744 Χαναςὶιν⁴
605 1717 809 1752 κατοιχομένοις
833 1718 873 1748 εἰς
894 1716 978 1751 Δίγυ-

188 1772 266 1794 πτον,
295 1764 343 1790 καὶ
367 1763 420 1790 ὑπὸ
435 1765 515 1798 χεῖρα
535 1763 729 1798 γεγενημένοις
753 1763 803 1798 τὴν
826 1762 926 1798 Φαραώ
949 1771 979 1789 τε

188 1809 236 1836 καὶ
251 1810 417 1844 Αἰγυπτίων,
438 1809 461 1835 οἳ
476 1810 535 1840 ταῖς
551 1808 605 1835 τῶν
620 1808 765 1841 δαιμονίων
780 1808 918 1843 λατρείαις
934 1809 980 1834 ἐκ-

187 1855 278 1886 τόπως
303 1855 478 1890 ἐγκείμενοι,
501 1855 547 1881 καὶ
573 1855 627 1880 πᾶν
650 1852 719 1885 εἶδος
745 1854 910 1889 φαυλότητος
929 1854 979 1881 οὐκ

187 1900 395 1936 ἀνεπιτήδευτον
414 1899 520 1935 ἔχοντες
530 1919 537 1931 ,
554 1899 745 1933 παραδείξειαν
756 1898 788 1926 ἃν
800 1900 836 1931 ὡς
852 1900 880 1926 ὲν
895 1900 978 1926 εἰκόνι

187 1944 280 1970 λοιπὸν
296 1945 324 1970 ὲν
335 1944 440 1976 ἑαυτοῖς
453 1945 534 1971 αὐτόν
549 1954 579 1970 τε
592 1944 636 1971 τὸν
650 1945 780 1975 Σατανᾶν,
796 1946 842 1971 καὶ
855 1946 918 1976 τοὺς
933 1945 978 1972 ὑπ’

187 1989 279 2025 αὐτῷ,
296 1990 342 2022 οὒς
356 1991 403 2017 καὶ
418 1990 495 2021 θεοὺς
511 1990 647 2025 ἐνόμιζον,
663 1990 914 2025 ὲκκεκρουσμένους
930 1991 978 2026 μὲν

187 2035 239 2070 τῆς
251 2035 365 2072 ἀρίστης
384 2037 539 2072 φρονήσεως
550 2057 557 2069 ,
575 2036 659 2071 ἀχλύν
672 2045 701 2062 τε
717 2037 765 2063 καὶ
781 2036 874 2063 σκότον
889 2036 933 2063 τὸν
949 2037 979 2069 ἐξ

187 2081 324 2115 ὰμαθείας
347 2081 568 2117 ὴρῤωστηκότες.
594 2082 701 2117 Ἐπειδὴ
725 2081 752 2107 δὲ
766 2081 818 2108 ὑπὸ
837 2081 915 2115 δεινῷ
931 2081 978 2107 καὶ

188 2126 319 2162 ἀλιτηρίῳ
333 2127 449 2162 δεσπότῃ
466 2128 628 2163 γεγόναμεν,
652 2128 724 2162 φημὶ
744 2127 775 2156 δὴ
793 2127 831 2162 τῷ
852 2128 958 2162 Σατανᾷ
969 2147 976 2158 ,

188 2171 268 2207 πηλῷ
291 2173 336 2199 καὶ
364 2172 488 2208 πλινθεία
512 2173 754 2208 κατετρυχόμεθα,
774 2173 845 2208 φημὶ
869 2172 899 2208 δὴ
923 2174 978 2204 τοῖς

1032 1577 1168 1605 bonorum
1208 1577 1379 1612 agnovimus.
1416 1576 1469 1604 Sed
1509 1584 1572 1604 cum
1613 1577 1822 1605 discesserimus

1031 1631 1064 1651 ex
1086 1624 1130 1658 pia
1161 1623 1233 1655 vita,
1264 1628 1395 1657 tanquam
1424 1630 1459 1650 ex
1491 1626 1565 1650 terra
1601 1628 1710 1656 sancta,
1741 1623 1821 1659 247

1031 1673 1060 1696 et
1082 1669 1110 1696 in
1125 1669 1268 1696 foediorem
1295 1669 1502 1703 tetrioremque,
1519 1676 1579 1703 qua:
1599 1669 1708 1696 diabolo
1732 1676 1820 1704 paret,

1032 1715 1109 1750 quasi
1130 1715 1233 1742 detrusi
1245 1715 1388 1747 fuerimus,
1403 1718 1467 1741 tunc
1492 1714 1547 1741 illis
1569 1714 1674 1742 similes
1694 1715 1757 1742 facti
1773 1723 1820 1742 su-

1032 1768 1103 1792 mus,
1117 1760 1163 1795 qui
1183 1768 1216 1787 ex
1230 1759 1358 1787 Chanaan
1382 1760 1410 1786 in
1421 1759 1568 1795 {Egyptum
1594 1760 1819 1795 commigrarunt,

1031 1811 1059 1834 et
1071 1807 1221 1834 Pharaonis
1238 1805 1483 1841 {Egyptiorumque
1500 1807 1631 1841 potestati
1648 1807 1774 1842 subjecti,
1793 1811 1822 1834 et

1032 1853 1152 1879 cultibus
1175 1852 1319 1880 diabolicis
1334 1852 1435 1879 mirum
1460 1853 1488 1879 in
1504 1853 1616 1880 modum
1639 1853 1737 1886 dediti,
1755 1854 1820 1881 nul-

1032 1899 1143 1933 lumque
1160 1898 1254 1933 ﬂagitii
1273 1906 1358 1934 genus
1370 1899 1623 1933 prmtermittentes,
1643 1903 1772 1934 tanquam
1792 1900 1820 1927 in

1032 1943 1150 1978 imagine
1165 1951 1220 1978 prae
1236 1951 1264 1970 se
1280 1943 1371 1970 ferunt
1385 1943 1475 1977 ipsum
1491 1943 1618 1970 Satanam
1629 1944 1743 1979 ejusque
1767 1945 1819 1971 mi-

1031 1991 1143 2022 nistros,
1161 1997 1230 2024 quos
1243 1993 1271 2016 et
1287 1988 1354 2016 deos
1368 1989 1569 2022 existimarunt,
1590 1990 1624 2016 ab
1644 1990 1747 2024 optima
1760 1990 1821 2025 qui—

1032 2034 1093 2062 dem
1105 2034 1270 2070 cogitatione
1292 2035 1410 2070 depulsi,
1430 2035 1546 2070 caligine
1559 2043 1625 2062 vero
1652 2043 1684 2063 ac
1698 2036 1820 2064 tenebris

1032 2079 1193 2116 ignorantire
1217 2079 1369 2114 praepediti.
1391 2080 1537 2115 Postquam
1549 2083 1640 2106 autem
1653 2080 1722 2108 duro
1737 2085 1819 2116 atque

1031 2125 1134 2152 exitiali
1148 2125 1270 2157 domino,
1286 2125 1403 2157 Satanae,
1419 2126 1539 2160 inquam,
1560 2125 1676 2160 subjecti
1698 2126 1817 2160 fuimus,

1033 2174 1089 2197 tum
1102 2171 1158 2198 luto
1171 2178 1202 2197 ac
1215 2171 1348 2198 lateribus
1359 2179 1453 2198 sumus
1463 2171 1565 2204 vexati,
1591 2172 1643 2199 hoc
1651 2176 1702 2205 est,
1730 2177 1818 2200 terre-

188 2220 252 2254 περὶ
268 2219 320 2254 γῆν
341 2228 370 2245 τε
391 2219 438 2246 καὶ
456 2221 512 2250 τοῖς
529 2219 557 2245 ἐν
570 2219 638 2254 αὐτῇ
661 2219 871 2254 βδελυρωτάτοις
896 2227 978 2245 σπου-

1033 2216 1074 2243 nis
1088 2221 1169 2251 atque
1184 2217 1414 2244 abominabilibus
1426 2217 1565 2252 operibus,
1578 2225 1639 2252 qua:
1648 2226 1704 2245 non
1714 2219 1816 2254 absque

188 2265 323 2299 δάσμασιν
336 2265 386 2291 οὐκ
402 2265 530 2301 ἀνιδρωτὶ
546 2265 730 2300 τελουμένοις.
756 2265 792 2291 Οὐ
816 2264 870 2300 γὰρ
888 2264 977 2300 ἀπήλ-

187 2311 286 2337 λακται
301 2311 399 2342 πόνων,
419 2311 471 2338 κᾶν
489 2312 513 2337 εί
529 2311 559 2337 τὸ
574 2312 677 2337 εἰκαῖον
689 2311 745 2346 ἔχοι
762 2311 853 2345 τυχὸν,
865 2311 878 2336 ὁ
899 2310 977 2337 τοῦδε

187 2356 234 2382 τοῦ
256 2356 312 2391 βίου
337 2356 537 2391 περισπασμός.
572 2355 735 2386 Ἐπιστάτας
753 2355 780 2381 δὲ
804 2355 898 2391 ὥσπερ
925 2355 978 2381 τῶν

188 2401 277 2436 ἔργων
290 2401 342 2429 τῶν
357 2402 398 2428 ὃτι
419 2402 537 2437 μάλιστα
553 2401 687 2436 φιλτάτων
702 2401 775 2436 αὐτῷ
792 2401 978 2436 κατεχειροτό-

188 2456 255 2483 νησε
272 2447 325 2474 τῶν
342 2447 527 2482 ἀδικουμένων
545 2449 559 2475 ὁ
583 2448 705 2479 Σατανᾶς
726 2448 788 2479 τοὺς
808 2447 979 2482 ἀκαθάρτους

189 2493 335 2528 δαίμονας,
353 2494 412 2529 ἦτοι
428 2494 476 2525 τὰς
492 2494 538 2520 ὑπ’
560 2493 636 2529 αὑτῴ
652 2493 793 2528 δυνάμεις,
813 2492 837 2519 οἳ
855 2493 913 2524 ταῖς
929 2501 979 2519 πο-

189 2539 332 2574 λυτρόποις
350 2540 404 2566 τῶν
424 2539 517 2566 παθῶν
535 2539 702 2572 πλεονεξίαις
722 2539 767 2565 τὸν
789 2538 905 2565 ἑκάστου
926 2538 979 2564 τῶν

190 2586 236 2612 ἐπὶ
254 2585 304 2620 τῆς
327 2585 379 2620 γῆς
402 2585 630 2621 καταφορτίζουσι
646 2585 718 2616 νοῦν,
735 2585 850 2622 δεδιότες
861 2605 868 2616 ,
885 2582 960 2620 οἶμαι
971 2604 978 2616 ,

191 2633 230 2669 μὴ
242 2633 295 2668 ἄρα
308 2641 359 2658 που
375 2633 495 2667 σχολαῖον
507 2632 556 2667 τῆς
570 2631 688 2663 διανοίας
701 2631 745 2657 τὸν
756 2631 893 2666 ὀρθαλμὸν
907 2631 979 2657 ἀνέν-

188 2687 235 2711 τες
252 2679 319 2714 προς
330 2679 406 2711 Θεὸν,
421 2680 469 2714 τῆς
486 2679 531 2705 ὑπ’
547 2678 621 2713 αὑτῷ
640 2678 762 2709 δουλείας
777 2678 920 2704 ἐκλύσειαν
934 2677 979 2703 τὸν

189 2723 300 2758 αὐχένα·
323 2723 501 2758 φιλελευθέρα
521 2723 576 2759 γὰρ
596 2723 656 2750 λίαν
679 2723 696 2758 ἡ
720 2723 863 2758 ἀνθρώπου
888 2723 978 2757 φύσις.

190 2767 253 2795 Ὅτι
271 2769 299 2795 δὲ
315 2769 378 2802 δόξα
403 2770 449 2796 καὶ
465 2769 579 2801 πλοῦτος
601 2770 656 2801 τοῖς
681 2769 846 2805 ἀκαθάρτοις
870 2768 979 2803 δαίμοσι

227 2856 249 2872 ⁸¹
263 2857 360 2885 'Exod.
378 2863 398 2890 ι,
419 2858 463 2886 2‘2.
502 2859 523 2874 "
541 2858 608 2886 Gen.
630 2868 687 2894 vm,
703 2859 734 2886 21

788 2860 810 2875 ⁸³
827 2859 895 2888 Luc.
918 2867 960 2888 xv.
980 2860 1023 2888 16.

1030 2263 1129 2291 sudore
1149 2267 1328 2298 peraguntur.
1342 2264 1434 2299 Neque
1450 2264 1522 2291 enim
1537 2264 1630 2292 libera:
1644 2270 1707 2292 sunt
1739 2273 1753 2293 a
1776 2266 1817 2293 la-

1031 2309 1155 2341 boribus,
1169 2310 1277 2336 etiamsi
1295 2317 1369 2337 vanae
1381 2309 1445 2341 sint,
1460 2310 1542 2344 hujus
1554 2309 1649 2336 mundi
1661 2311 1819 2344 occupatio-

1029 2363 1087 2383 nes.
1101 2356 1186 2383 Porro
1198 2355 1312 2383 Satanas
1320 2355 1412 2390 posuit
1422 2355 1529 2382 afflictis
1540 2355 1684 2390 praefectos
1691 2363 1817 2390 operum,

1029 2410 1090 2437 quae
1107 2402 1158 2437 ipsi
1174 2401 1309 2436 imprimis
1330 2405 1406 2437 grata
1424 2405 1499 2434 sunt,
1530 2401 1652 2436 impuros
1681 2402 1820 2430 daemones

1030 2448 1086 2475 sive
1102 2451 1252 2483 potestates
1276 2447 1327 2482 ipsi
1352 2447 1485 2480 subditas,
1505 2447 1553 2482 qui
1577 2448 1721 2483 multiplici
1748 2448 1819 2476 allii-

1030 2495 1152 2522 ctionum
1163 2494 1199 2527 vi,
1213 2495 1429 2530 uniuscujusque
1443 2495 1600 2522 mortalium
1619 2501 1738 2522 mentem
1753 2504 1819 2524 one—

1030 2547 1134 2574 rarent,
1154 2542 1247 2574 veriti,
1263 2546 1294 2568 ut
1307 2542 1436 2572 arbitror,
1457 2542 1604 2576 nequando
1615 2542 1704 2569 otioso
1718 2543 1819 2570 mentis

1030 2587 1113 2623 oculo
1128 2587 1155 2614 in
1167 2587 1254 2613 Deum
1267 2591 1361 2614 erecto
1382 2586 1524 2614 servitutis
1543 2587 1638 2622 jugum
1663 2587 1818 2614 cervicibus

1030 2634 1087 2661 suis
1104 2638 1274 2661 excuterem.
1288 2633 1415 2661 Studiosa
1427 2634 1501 2661 enim
1519 2633 1698 2661 vehementer
1720 2638 1763 2660 est
1782 2633 1818 2660 li-

1030 2680 1146 2707 bertatis
1171 2679 1291 2708 humana
1314 2688 1401 2708 mens.
1418 2680 1496 2714 Quod
1513 2687 1578 2707 vero
1595 2680 1720 2711 Satanas,
1733 2683 1817 2713 atque

1031 2727 1132 2762 impuri
1147 2727 1260 2761 spiritus
1273 2735 1324 2762 pro
1340 2727 1427 2762 gloria
1440 2735 1472 2754 ac
1484 2727 1590 2754 divitiis
1603 2726 1721 2753 habeant
1735 2732 1818 2752 vanas

1031 2778 1139 2801 nostras
1147 2774 1354 2808 occupationes,
1380 2778 1408 2801 et
1423 2773 1533 2801 labores
1559 2773 1631 2801 circa
1650 2778 1770 2803 carnem,
1789 2775 1818 2799 et
