1999 3056
203 187 252 215 SOI

720 187 748 214 S.
768 184 903 214 CYRlLLl
924 183 1156 212 ALEXANDRINI
1176 184 1333 213 ARClllEP.

1774 183 1826 212 592

205 251 376 274 terrenarum
398 253 488 273 rerum
514 253 627 279 curam;
662 245 776 281 ﬁgurate
803 243 938 280 signiﬁcat
959 243 984 270 id

1039 243 1085 269 καὶ
1099 242 1174 278 αὑτῷ
1184 243 1223 278 τῷ
1232 244 1338 279 Σατανᾷ
1352 242 1504 277 λελόγισται
1516 251 1544 269 τε
1557 242 1602 269 καὶ
1616 241 1689 268 ἔστιν
1700 242 1713 268 ὀ
1725 241 1827 273 εἰκαῖος

203 292 276 327 quod
297 291 426 329 lsraelilaa
440 292 498 320 luto
511 300 542 320 ac
561 292 694 319 lateribus
709 291 860 326 coquendis
884 291 985 323 vexati,

203 338 328 366 civitates
341 342 486 366 exstruunt
498 337 632 366 Pharaoni
651 347 657 365 2
672 338 744 373 quod
757 345 823 365 vero
834 337 921 364 odiosi
937 337 988 372 ipsi

202 386 259 412 sint
272 385 395 417 masculi,
407 385 458 412 hoc
471 389 523 417 est,
537 385 583 420 qui
610 385 643 412 ad
663 384 851 411 fortitudinem
873 388 988 410 conten-

203 431 280 462 dunt,
296 435 428 457 Virtutum
440 430 580 457 nimirum.
594 430 795 464 Propemodum
804 434 894 456 autem
906 429 989 456 suﬂ‘o-

202 479 246 502 cat
258 482 338 502 omne
356 474 384 501 id
396 475 468 509 quod
480 475 639 502 bellicosum
653 478 704 506 est,
714 474 884 509 voluptatum
909 482 988 501 caeno

203 520 367 555 immergens
392 529 398 546 :
419 519 538 547 admittit
547 527 614 546 vero
634 519 662 546 id
682 519 754 554 quod
768 520 880 547 minime
905 520 987 547 robu—

202 569 333 597 stumest,
347 569 376 592 et
389 569 517 599 tanquam
531 565 628 592 inutile
637 565 740 600 absque
754 573 845 600 pugna
862 572 912 592 suo
923 566 988 601 jugo

201 612 338 646 subjiciat,
351 619 406 639 non
418 611 534 638 obscure
545 611 715 639 demonstrat
723 611 796 647 quod
808 611 875 639 dicit
883 618 989 639 mascu-

201 657 257 684 lum
270 660 297 684 in
309 665 406 692 aquam
419 657 500 692 abjici
526 656 637 686 debere.
660 657 783 684 femellas
799 661 889 684 autem
913 657 988 684 vivas

201 703 359 730 servandas.
382 703 448 730 Nam
471 703 522 730 ista
549 711 609 737 qua:
623 703 650 731 in
659 704 754 731 oculos
776 707 936 735 occurrunt,
957 711 988 730 ac

200 748 277 782 quasi
292 748 319 774 in
330 752 477 782 conspectu
491 752 564 779 sunt,
576 748 631 783 typi
650 753 714 775 sunt
733 756 828 775 eorum
844 756 904 783 quae
925 752 989 775 sunt

200 793 359 821 obscuriora
372 795 511 829 magisque
525 799 638 822 remota.
663 794 731 822 Cum
756 794 848 829 itaque
865 802 915 822 nos
932 795 987 830 jam

200 838 263 865 inde
284 846 299 865 a
324 838 421 873 primis
438 839 602 874 parentibus
615 839 803 866 laboraremus
827 843 948 874 peccato,
960 843 988 866 et

199 883 335 911 bonorum
353 884 503 919 indigentia
514 884 619 921 gravati
632 892 767 917 essemus,
787 889 869 920 atque
889 885 987 912 immiti

1040 287 1118 322 ἡμῶν
1140 288 1348 323 περισπασμὸς,
1373 287 1420 314 καὶ
1441 287 1544 323 οἱπερὶ
1565 287 1652 322 σάρκα
1674 286 1766 317 πόνοι,
1779 287 1827 312 καὶ

1041 333 1142 369 σπουδὴ
1157 334 1291 369 βλέπουσα
1308 334 1373 369 πρὸς
1387 334 1422 360 τὰ
1437 334 1607 369 γεωδέστερα
1617 353 1624 364 ,
1640 330 1826 369 παραδείξειεν

1039 380 1072 407 ἂν
1087 380 1293 416 αἰνιγματωδῶς
1308 380 1338 406 τὸ
1355 379 1446 411 πόλεις
1462 380 1578 415 ἐγείρειν
1598 380 1636 415 τῷ
1655 377 1754 424 ιξαραὼ
1770 379 1826 410 tot;

1039 425 1069 457 ἐξ
1089 425 1210 461 Ἰσραὴλ,
1240 425 1317 461 πηλῷ
1338 426 1385 453 καὶ
1408 425 1532 461 πλινθείᾳ
1552 425 1742 462 τρυχομένοις·
1759 433 1826 450 κατ-

1039 470 1203 505 εστυγμὲνον
1217 479 1246 497 τε
1261 471 1301 497 ὅτι
1317 473 1431 497 ποιεῖται
1445 470 1474 496 τδ
1489 470 1723 506 ἄρσεν,τουτέστι,
1738 470 1769 497 τὸ
1783 479 1828 497 vs-

1039 516 1134 548 νευκὸς
1153 517 1192 548 εἰς
1213 516 1348 552 ἀνδρείαν,
1370 517 1448 552 δῆλον
1465 516 1493 543 δὲ
1511 516 1552 543 ὅτι
1571 515 1620 551 τὴν
1638 515 1681 542 ἐπ’
1705 516 1826 550 ἀρεταῖς.

1039 563 1188 597 Μονονουχλ⁸
1212 563 1239 589 δὲ
1262 563 1308 590 καὶ
1329 562 1473 596 ἀποπνίγει
1497 562 1528 589 τὸ
1551 562 1670 597 μάχιμον
1694 562 1750 592 τοῖς
1773 560 1827 587 τῶν

1039 606 1138 642 ἡδονῶν
1169 607 1306 641 ὲγκαθιεὶς
1329 607 1476 642 τέλμασιν,
1508 607 1649 643 προσίεται
1680 606 1708 632 δὲ
1737 606 1766 632 τὺ
1789 605 1827 641 μὴ

1039 652 1180 684 εὐσθενὲς,
1203 653 1250 679 καὶ
1271 653 1308 684 ὡς
1332 654 1467 689 ἄχρηστον
1483 653 1584 689 ἀμαχεὶ
1609 653 1665 684 τοῖς
1678 652 1752 684 ίδίοις
1762 653 1828 678 ὑπο-

1039 698 1115 734 φέρει
1137 698 1245 732 ζυγοῖς,
1263 698 1405 731 ὲκδείξειεν
1421 699 1471 726 οὐκ
1488 698 1655 734 ἀσυμφανῶς
1677 698 1707 725 τὺ
1733 698 1826 734 ῥίπτε-

1040 744 1100 770 σθαι
1119 744 1168 779 μὲν
1183 745 1237 771 δεῖν
1253 744 1282 771 τὺ
1296 745 1378 781 ἄρσεν
1391 746 1419 772 ὲν
1431 745 1508 772 ὕδασι
1522 745 1622 779 λέγειν,
1637 744 1827 778 ζωογονεῖσθαι

1038 789 1106 816 δὲτὸ
1120 789 1196 824 θῆλυ.
1215 789 1305 822 Τύπος
1320 790 1374 825 γάρ
1390 790 1421 817 ἂν
1436 791 1555 825 γένοιντο
1565 790 1619 816 τῶν
1636 790 1828 825 ἀφανεστέρων

1037 836 1071 861 τὰ
1083 835 1120 867 ὡς
1136 837 1165 862 ὲν
1178 836 1237 871 ὄψει
1251 845 1280 862 τε
1294 837 1341 863 καὶ
1355 837 1492 873 ἐναργείᾳ.
1506 836 1610 864 Οὐκοῦν
1625 837 1727 864 ἄνωθέν
1739 844 1766 862 τε
1781 837 1828 862 καὶ

1038 881 1070 906 ἐκ
1090 881 1216 915 πατέρων
1241 881 1451 918 ἠρρωστηχότες
1477 882 1527 917 τὴν
1549 881 1697 917 ἁμαρτίαν,
1722 881 1769 908 καὶ
1793 882 1827 916 τῇ

199 929 256 956 fere
268 930 356 957 omnis
369 930 498 965 nequitia:
509 930 627 965 principi
642 930 790 966 subjugati,
817 931 984 965 privatisque

1038 925 1093 952 τῶν
1108 926 1217 960 ἀγαθῶν
1233 927 1321 963 ἐνδείᾳ
1335 927 1522 963 πεπιεσμένοι,
1534 928 1604 962 τάχα
1620 935 1671 954 που
1686 927 1732 953 καὶ
1748 927 1828 953 ἀϐου-

200 975 363 1010 przesidibus
377 976 504 1011 subjecti,
524 976 682 1008 immundis,
696 976 818 1010 inquam,
831 976 985 1011 spiritibus,

199 1024 280 1055 atque
293 1021 330 1048 ita
342 1021 376 1048 ad
392 1026 542 1049 extremam
559 1022 742 1049 calamitatem
755 1029 798 1049 res
811 1027 910 1049 nostra?
922 1030 986 1057 per~

199 1065 348 1097 venissent,
379 1065 462 1101 248
483 1065 608 1100 nihilque
630 1065 664 1093 ad
687 1073 820 1093 summam
848 1066 986 1093 miseriam

200 1115 282 1146 atque
307 1119 444 1139 azrumnas
472 1112 553 1146 adjici
570 1115 677 1146 posset,
701 1112 773 1139 Deus
794 1112 923 1139 misertus
945 1115 987 1140 est

200 1157 297 1190 nostri,
314 1157 470 1192 eripuitque
484 1165 533 1185 nos
544 1165 576 1184 ac
586 1157 709 1184 saltavit.
723 1156 782 1190 Quo
794 1162 884 1185 autem
893 1157 984 1190 modo.

199 1210 248 1236 per
262 1210 295 1230 ea
314 1211 374 1237 quae
386 1203 516 1237 deinceps
535 1202 711 1238 adjiciuntur,
735 1203 928 1239 intelligemus.
948 1204 986 1231 Ea

198 1248 272 1275 enim
285 1256 345 1283 quae
357 1249 390 1276 de
410 1248 481 1276 Mose
493 1249 595 1283 scripta
606 1252 680 1280 sunt,
697 1249 724 1276 in
737 1253 830 1285 typum
845 1258 876 1277 ac
895 1251 984 1285 [meﬁ-

198 1295 367 1330 gurationem
377 1295 473 1322 salutis
487 1302 547 1330 qua:
558 1294 638 1322 nobis
652 1303 700 1330 per
719 1294 859 1323 Christum
888 1296 986 1324 collata

197 1343 250 1372 est,
270 1340 427 1368 aﬁ'eremus.

233 1432 258 1458 4.
275 1441 283 1457 ι
302 1431 364 1458 Fuit
376 1436 467 1459 autem
479 1432 601 1467 quidam,
615 1433 749 1468 inquit,de
757 1434 830 1462 tribu
849 1434 924 1468 Levi,
938 1436 984 1471 qui

197 1478 302 1513 accepit
315 1485 427 1506 uxorem
448 1478 483 1506 de
500 1478 608 1506 ﬁliabus
624 1479 700 1512 Levi,
714 1485 743 1507 et
757 1480 854 1508 habuit
867 1489 937 1514 eam,
958 1486 986 1509 et

197 1523 226 1550 in
241 1527 337 1552 ventre
350 1525 486 1559 concepit,
501 1528 529 1552 et
546 1525 653 1560 peperit
668 1526 830 1556 masculum.
855 1527 986 1555 Videntes

196 1573 288 1597 autem
301 1569 377 1597 illum
390 1570 553 1605 elegantem,
566 1570 769 1599 absconderant
788 1572 864 1599 illum
882 1574 984 1601 mensi-

197 1615 248 1644 bus
258 1616 355 1643 tribus.
369 1616 437 1649 Quia
451 1621 542 1644 autem
555 1623 610 1644 non
619 1620 768 1652 potuerunt
783 1618 859 1645 illum
868 1619 985 1653 amplius

196 1662 375 1694 abscondere,
389 1663 496 1697 accepit
521 1663 560 1689 illi
573 1667 661 1690 mater
687 1664 748 1699 ejus
766 1664 896 1692 ﬁscellam
917 1666 986 1692 scir-

197 1716 286 1743 peam,
299 1712 327 1736 et
340 1708 429 1735 linivit
440 1715 501 1736 eam
514 1709 650 1736 bitumine
660 1714 688 1736 et
712 1710 783 1744 pice,
799 1715 826 1738 et
856 1711 986 1746 imposuit

196 1762 311 1789 puerum
324 1755 351 1782 in
364 1762 406 1786 ea,
419 1758 447 1781 et
458 1756 550 1789 posuit
557 1762 616 1782 eam
635 1755 662 1782 in
676 1756 774 1790 palude
784 1757 860 1792 juxta
872 1757 983 1785 ﬁumen.

196 1801 231 1828 Et
253 1801 446 1836 speculabatur
473 1808 552 1829 soror
572 1802 631 1837 ejus
659 1802 692 1829 de
707 1803 787 1839 longe
814 1809 844 1831 ut
869 1805 986 1833 disceret

194 1847 261 1881 quid
272 1847 409 1874 accideret
420 1847 468 1874 illi.
481 1847 629 1874 Descendit
641 1852 734 1875 autem
751 1848 807 1876 ﬁlia
832 1849 985 1880 Pharaonis

195 1893 372 1920 utlavaretur
381 1892 415 1920 ad
426 1893 527 1921 flumen
541 1902 547 1920 :
561 1897 588 1921 et
599 1895 705 1922 ancilla:
717 1896 776 1930 ejus
787 1897 983 1930 gradiebantur

195 1947 278 1974 super
290 1938 400 1966 ﬁumen.
414 1939 447 1966 Et
461 1939 558 1966 videns
566 1940 689 1967 arculam
701 1941 732 1974 in
746 1942 855 1976 palude,
871 1945 984 1973 mittens

195 1985 341 2017 ancillam,
370 1985 478 2019 accepit
507 1985 591 2012 illam.
617 1985 752 2020 Aperieus
775 1992 868 2016 autem
893 1992 984 2020 cernit

194 2031 339 2065 parvulum
383 2031 536 2066 vagientem
574 2032 602 2058 in
648 2034 758 2066 arcula,
793 2039 822 2062 et
871 2037 983 2066 miserta

194 2080 236 2104 est
258 2076 332 2104 illius
354 2076 408 2104 ﬁlia
435 2077 595 2111 Pharaonis,
616 2083 645 2105 et
656 2079 723 2106 dixit
742 2088 748 2106 :
768 2080 806 2107 De
831 2082 982 2112 infantibus

195 2120 372 2148 Hebraeorum
386 2121 440 2148 hic.
465 2121 498 2149 Et
510 2122 578 2149 dixit
594 2130 673 2150 soror
684 2125 763 2158 pueri
785 2125 847 2154 filire
861 2127 980 2157 Pharao—

194 2167 254 2194 nis:
270 2167 317 2195 Vis
328 2175 422 2194 vocem
454 2168 502 2195 tibi
516 2169 660 2196 mulierem
672 2178 732 2205 quae
747 2172 850 2200 nutriat
876 2182 909 2201 ex
928 2175 982 2202 He-

194 2211 284 2242 braeis,
313 2215 340 2238 et
354 2211 466 2238 lactabit
489 2211 538 2238 tibi
558 2212 745 2241 iuiantulum?
763 2215 807 2242 Ait
831 2221 923 2245 autem
941 2219 980 2246 illi

194 2256 249 2305 ﬁlia
259 2257 413 2284 Pharaonis
431 2257 536 2305 ιβ’αάθῖ
555 2258 674 2294 Pcrgens
685 2264 776 2287 autem
789 2263 879 2297 puella
896 2272 978 2292 voca-
994 2277 1016 2305 υ

193 2302 232 2328 vit
245 2306 360 2329 matrem
376 2302 464 2336 pueri.
479 2303 552 2330 Dixit
569 2308 661 2331 autem
674 2306 708 2332 ad
733 2306 806 2333 illam
833 2307 887 2335 ﬁlia
909 2309 979 2337 Plia—

194 2347 402 2374 raonis:Serva
423 2348 489 2375 mihi
513 2357 629 2384 puerum
653 2351 746 2384 istum,
774 2357 801 2379 et
827 2354 897 2382 laeta
912 2357 980 2384 mihi

193 2393 269 2420 illum
291 2402 297 2419 :
315 2400 365 2427 ego
383 2398 474 2421 autem
504 2395 553 2422 tibi
575 2395 646 2423 dabo
674 2398 839 2426 mercedem.
867 2400 979 2437 Accepit

191 2443 283 2465 autem
295 2439 393 2466 mulier
406 2439 548 2471 infantem,
560 2445 587 2468 et
597 2441 707 2469 lactavit
719 2443 805 2471 illum.
817 2445 917 2474 Adulto
929 2457 979 2475 au—

192 2488 245 2511 tem
258 2491 354 2518 puero,
368 2484 460 2511 attulit
477 2485 552 2512 illum
565 2486 600 2513 ad
612 2486 696 2514 ﬁliam
711 2488 870 2524 Pharaonis,
893 2498 920 2520 et
936 2493 978 2521 fa-

190 2533 251 2556 ctus
276 2533 318 2556 est
330 2529 370 2556 illi
395 2529 421 2556 in
434 2529 530 2557 ﬁlium.
547 2531 661 2559 Vocavit
682 2537 773 2561 autem
788 2542 888 2564 nomen
904 2539 974 2573 ejus,

189 2574 292 2605 Mosen.
317 2574 421 2607 dicens,
435 2574 568 2607 Quoniam
591 2585 625 2604 ex
647 2586 717 2613 aqua
742 2578 819 2608 illum
844 2583 893 2610 tuli
910 2584 943 2610 ".
962 2594 971 2610 ι

188 2618 336 2653 Ροέιψιαιη
347 2619 420 2646 enim
433 2619 505 2648 Deus
515 2621 704 2651 misericordia
717 2625 832 2654 affectus
851 2633 894 2655 est
912 2637 976 2664 erga

189 2664 332 2696 mundum,
357 2665 404 2699 qui
428 2668 498 2693 tetro
515 2669 543 2693 et
554 2668 659 2696 crudeli
688 2674 804 2706 tyranno
827 2673 976 2706 serviebat,

188 2710 301 2746 preprio
312 2710 381 2737 Filio
393 2718 443 2738 suo
455 2719 508 2739 non
519 2715 653 2748 pepercit,
662 2715 734 2744 sicut
746 2718 879 2752 scriptum
888 2724 930 2746 est
941 2719 975 2752 ";

188 2756 235 2783 sed
253 2763 316 2783 eum
327 2764 377 2791 pro
388 2757 516 2786 omnibus
527 2760 606 2788 nobis
616 2762 740 2790 tradidit.
760 2763 790 2791 In
807 2764 894 2792 forma
903 2766 976 2793 enim

186 2801 330 2835 exsistens,
343 2806 371 2829 et
382 2803 536 2837 aequalitate
550 2806 583 2832 ad
598 2807 686 2841 ipsum
699 2815 733 2835 ex
747 2808 815 2843 ipso,
828 2815 855 2837 et
875 2810 902 2838 in
918 2811 977 2846 ipso

225 2888 250 2904 “
273 2889 358 2917 Exod.
374 2899 403 2924 ιι,
421 2891 497 2920 1-10.
536 2894 559 2910 ⁸⁵
578 2894 656 2922 Rom.
677 2904 734 2929 v1",
750 2897 793 2925 52.

1038 972 1126 1007 λήτως
1142 973 1166 998 οἱ
1179 972 1292 1004 τάλανες
1314 973 1352 1008 τῷ
1368 974 1416 1009 τῆς
1435 974 1534 1005 κακίας
1555 972 1697 1009 ἐξάρχοντι
1721 972 1828 1007 Σατανᾷ

1039 1017 1260 1053 κατεζεύγμεθα,
1276 1019 1323 1045 καὶ
1339 1020 1394 1051 τοῖς
1413 1021 1462 1055 τῆς
1486 1019 1652 1054 φαυλότητος
1668 1019 1828 1049 ἐπιστάταις

1039 1064 1257 1100 ὑπενηνέγμεθα,
1269 1065 1340 1101 φημὶ
1354 1065 1385 1101 δὴ
1399 1067 1454 1097 τοῖς
1465 1065 1631 1101 ἀκαθάρτοις
1645 1065 1765 1099 δαίμοσι,
1781 1064 1828 1091 καὶ

1038 1108 1073 1146 ἦν
1095 1111 1124 1137 ὲν
1140 1110 1239 1147 λοίσθῳ
1252 1111 1298 1138 τοῦ
1314 1112 1414 1143 παντὸς
1431 1112 1481 1147 ἤδη
1498 1111 1584 1138 κακοῦ
1606 1111 1640 1138 τὰ
1658 1111 1717 1137 καθ’
1734 1111 1827 1146 ἡμᾶς,

1038 1156 1225 1189 ἐκλελοιπότος
1247 1157 1352 1189 οὐδενὸς
1375 1157 1430 1184 τῶν
1452 1158 1492 1189 είς
1509 1157 1654 1196 ἀθλιότητα
1672 1158 1718 1183 καὶ
1734 1157 1828 1184 ταλαιο

1039 1202 1156 1238 πωρίαν,
1180 1203 1250 1240 πλὴν
1269 1203 1344 1239 ἠλέει
1362 1203 1428 1236 Θεὸς
1440 1224 1446 1236 ,
1465 1203 1582 1237 ὲξείλετό
1599 1212 1628 1230 τε
1648 1204 1694 1230 καὶ
1711 1204 1826 1230 σέσωκε.

1039 1249 1094 1276 Καὶ
1109 1249 1169 1276 τίνα
1183 1249 1216 1284 δὴ
1226 1249 1336 1285 τρόπον,
1349 1249 1393 1276 διὰ
1408 1249 1462 1276 τῶν
1474 1249 1573 1285 ἑφεξῆς
1585 1250 1631 1276 καὶ
1644 1249 1827 1285 παρεζευγμέ-

1039 1301 1091 1321 νων
1105 1294 1245 1329 εἰσόμεθα.
1264 1294 1436 1329 Παροίσομεν
1455 1295 1509 1330 γὰρ
1527 1295 1567 1326 είς
1582 1295 1675 1322 εἰκόνα
1698 1295 1744 1321 καὶ
1762 1295 1828 1321 ὑπο-

1035 1339 1156 1367 τύπωσιν
1171 1341 1219 1375 τῆς
1232 1340 1275 1367 διὰ
1290 1340 1409 1376 Χριστοῦ
1424 1341 1560 1376 σωτηρίας
1573 1341 1607 1368 τὰ
1620 1341 1666 1368 ἐπὶ
1681 1340 1828 1376 τῷθεσπε-

1037 1387 1087 1422 σίῳ
1102 1387 1196 1414 Μωσεῖ
1212 1387 1404 1422 γεγραμμένα.

1071 1432 1102 1460 δ’.
1122 1442 1131 1458 ‹
1152 1431 1207 1460 Ἦν
1225 1433 1254 1460 δέ
1275 1442 1317 1465 τις
1336 1434 1368 1460 ὲκ
1390 1433 1441 1468 τῆς
1466 1432 1552 1469 φυλῆς
1580 1433 1657 1466 Λευτ,
1677 1433 1705 1466 ὃς
1731 1433 1827 1460 ἓλαὸεν

1037 1478 1071 1505 ἐκ
1089 1478 1145 1505 τῶν
1165 1479 1324 1514 θυγατέρων
1335 1477 1412 1511 Λευτ,
1440 1478 1486 1505 καὶ
1515 1477 1593 1513 ἔσχεν
1612 1477 1712 1513 αὐτὴν,
1730 1478 1776 1504 καὶ
1798 1479 1827 1504 ἐν

1036 1524 1136 1559 γαστρὶ
1149 1524 1255 1556 ελαῦεν,
1280 1524 1327 1551 καὶ
1345 1524 1438 1551 ἔτεκεν
1460 1523 1553 1559 ἄρσεν.
1577 1523 1688 1555 Ἰδόντες
1711 1524 1739 1550 δὲ
1761 1523 1827 1550 αὐτὸ

1037 1571 1155 1602 ἀστεῖον,
1179 1570 1336 1597 ἐσκέπασαν
1356 1570 1422 1598 αὐτὸ
1445 1570 1532 1606 μῆνας
1552 1572 1637 1606 τρεῖς,
1667 1569 1777 1606 Ἐπειδὴ
1797 1569 1826 1597 δὲ

1036 1616 1086 1642 οὐκ
1104 1615 1235 1651 ἠδύναντο
1253 1615 1293 1642 ἔτι
1320 1615 1452 1650 κρύπτειν
1477 1615 1552 1648 αὐτὸ,
1577 1615 1707 1651 ἐλαϐενὴ
1734 1616 1825 1652 μήτηρ

1037 1661 1119 1688 αὐτοῦ
1137 1661 1226 1697 θίϐην,
1243 1663 1290 1689 καὶ
1305 1662 1466 1698 κατέχρισεν
1484 1661 1567 1698 αὐτὴν
1584 1662 1714 1698 ἀσφάλτῳ
1728 1662 1824 1700 πίσσῃ,

1037 1708 1084 1734 καὶ
1099 1707 1208 1734 ἐνέϐαλε
1226 1708 1256 1735 τὺ
1273 1707 1377 1735 παιδίον
1395 1708 1434 1740 είς
1454 1707 1548 1744 αὐτὴν,
1564 1708 1610 1735 καὶ
1625 1707 1723 1744 ἔθηκεν
1742 1708 1825 1744 αὐτὴν

1036 1755 1077 1785 εἰς
1091 1754 1122 1780 τὸ
1137 1754 1198 1786 ἕλος
1217 1755 1282 1790 περὶ
1293 1755 1338 1781 τὸν
1356 1754 1489 1790 ποταμόν.
1515 1754 1568 1781 Καὶ
1588 1754 1787 1782 κατεσκόπευεν
1808 1755 1824 1789 ἡ

1036 1801 1139 1837 ἀδελφὴ
1152 1801 1235 1828 αὑτοῦ
1255 1801 1401 1837 μακρόθεν,
1423 1800 1517 1836 μαθεῖν
1534 1801 1560 1827 τί
1573 1800 1605 1828 τὺ
1618 1800 1824 1837 ἀποϐησόμενον

1036 1846 1118 1882 αὐτῷ.
1134 1846 1245 1882 Κατέϐη
1263 1846 1292 1873 δὲ
1310 1848 1326 1882 ἡ
1346 1847 1470 1882 θυγάτηρ
1488 1846 1588 1882 Φαραὼ
1607 1847 1755 1874 λούσασθαι
1777 1848 1823 1874 ἐπὶ

1035 1894 1080 1920 τὸν
1103 1894 1235 1929 ποταμὸν,
1260 1895 1307 1921 καὶ
1330 1895 1356 1921 αἱ
1383 1895 1466 1929 ἅϐραι
1489 1895 1574 1930 αὐτῆς
1604 1895 1823 1931 παρεπορεύοντο

1035 1940 1112 1976 παρά
1136 1940 1181 1967 τὸν
1199 1941 1332 1976 ποταμόν.
1348 1941 1403 1967 Καὶ
1426 1940 1520 1968 ἰδοῦσα
1543 1941 1622 1977 θίϐην
1643 1941 1674 1968 ἐν
1701 1941 1739 1977 τῷ
1755 1941 1821 1974 ἕλει,

1035 1987 1217 2013 ἀποστείλασα
1236 1986 1285 2021 τὴν
1302 1986 1400 2022 ἅϐραν,
1417 1986 1537 2014 ἀνείλετο
1559 1988 1654 2023 αὑτήν.
1681 1987 1822 2020 Ἀνοίξασα

1033 2032 1072 2064 δὲ,
1084 2032 1137 2068 ὁρᾷ
1153 2032 1356 2059 παιδίονκλαῖον
1368 2032 1396 2058 ὲν
1408 2033 1440 2068 τῇ
1450 2031 1524 2068 Θίϐῃ,
1537 2033 1584 2059 καὶ
1598 2032 1726 2067 ἐφείσατο
1738 2032 1820 2060 αὑτοῦ

1034 2079 1049 2114 ἡ
1068 2079 1190 2114 Θυγάτηρ
1203 2078 1313 2114 Φαραὼ,
1327 2078 1374 2105 καὶ
1396 2078 1465 2114 ἔφη·
1487 2078 1553 2105 Ἀπὸ
1569 2077 1622 2105 τῶν
1638 2078 1750 2105 παιδίων
1766 2079 1820 2105 τῶν

1040 2125 1170 2160 Ἐϐραίων
1185 2125 1274 2152 τοῦτο.
1302 2125 1358 2152 Καὶ
1375 2123 1453 2151 εἶπεν
1472 2125 1488 2160 ὴ
1506 2125 1607 2160 ἀδελφὴ
1625 2124 1706 2151 αὑτοῦ
1722 2126 1753 2160 τῇ
1771 2125 1819 2152 θυ-

1032 2170 1113 2206 γατρὶ
1132 2171 1231 2205 Φαραώ
1243 2179 1249 2186 ⁸
1266 2171 1360 2202 Θέλεις
1372 2170 1478 2197 καλέσω
1490 2179 1530 2197 σοι
1541 2171 1659 2204 γυναῖκα
1672 2170 1819 2206 τροφεὺου-

1033 2224 1082 2242 σαν
1097 2217 1129 2242 ὲκ
1149 2215 1203 2242 τῶν
1228 2215 1373 2250 Ἐϐραίων,
1389 2216 1434 2242 καὶ
1455 2215 1566 2250 Θηλάσει
1587 2224 1628 2242 σοι
1645 2216 1675 2242 τὸ
1693 2216 1817 2250 παιδίον;

1036 2261 1069 2287 Ill
1086 2262 1114 2288 δὲ
1130 2259 1200 2288 εἷπε·
1221 2261 1351 2297 Πορεύου,
1375 2261 1585 2293 ’Λπελθοῦσανδὲ
1606 2263 1622 2298 ή
1641 2263 1731 2294 νεᾶνις
1753 2264 1819 2290 ἐκά-

1030 2308 1091 2334 λεσε
1107 2308 1156 2343 τὴν
1169 2308 1275 2344 μητέρα
1293 2308 1339 2335 τοῦ
1354 2308 1471 2335 παιδίου.
1488 2306 1556 2335 Εἴπε
1573 2308 1601 2336 δὲ
1615 2309 1682 2344 αὐτῇ
1698 2310 1714 2344 ὴ
1732 2309 1818 2344 θυγά-

1029 2363 1081 2390 τηρ
1095 2354 1209 2390 Φαραώ·
1228 2354 1398 2389 Διατήρησόν
1420 2363 1464 2389 μοι
1482 2355 1512 2382 τὸ
1531 2355 1636 2382 παιδίον
1661 2355 1750 2388 τοῦτο,
1770 2355 1817 2382 καὶ

1030 2400 1146 2435 θήλασόν
1155 2409 1201 2434 μοι
1216 2401 1292 2432 αὐτὸ,
1302 2400 1356 2434 ἐγὼ
1368 2400 1396 2427 δὲ
1406 2400 1484 2427 δώσω
1494 2401 1587 2428 σοιτὸν
1601 2401 1705 2436 μισθόν.
1716 2401 1816 2428 Ἐλαὸε

1028 2447 1056 2473 δὲ
1072 2447 1088 2482 ἡ
1105 2446 1172 2482 γυνὴ
1193 2446 1223 2472 τὸ
1238 2447 1354 2480 παιδίον,
1370 2447 1417 2474 καὶ
1432 2447 1563 2482 ὲθήλασεν
1576 2447 1667 2474 αὐτόν.
1689 2447 1816 2483 Ἀνδρυν-

1029 2492 1121 2524 θέντος
1132 2492 1160 2519 δὲ
1174 2492 1223 2528 ήδη
1238 2492 1282 2519 τοῦ
1299 2493 1417 2526 παιδίου,
1438 2494 1586 2529 εισήγαγεν
1603 2494 1669 2520 αὺτδ
1684 2494 1752 2529 πρὸς
1766 2495 1815 2531 τὴν

1031 2537 1167 2572 θυγατέρα
1183 2537 1293 2572 Φαραὼ,
1312 2538 1359 2565 καὶ
1377 2538 1494 2573 ἐγενήθη
1511 2539 1580 2574 αὑτῇ
1605 2539 1642 2570 εἰς
1657 2539 1726 2565 υἱόν.
1749 2539 1816 2566 Ἐπ-

1029 2583 1153 2618 ωνόμασε
1163 2582 1191 2609 δὲ
1205 2583 1235 2609 τὺ
1251 2583 1337 2618 ὄνομα
1348 2583 1442 2616 αὐτοῦ,
1454 2584 1700 2620 Μωσῆς,λέγουσα·
1710 2585 1757 2612 Ἐκ
1768 2584 1815 2611 τοῦ

1029 2627 1124 2660 ὓδατος
1139 2629 1283 2664 ἀνειλόμην
1304 2629 1396 2656 αὐτόν.
1421 2639 1431 2655 ι
1455 2629 1564 2665 Ἐπειδὴ
1579 2631 1633 2666 γὰρ
1653 2631 1668 2657 ὁ
1684 2630 1749 2662 Θεὸς
1768 2631 1815 2658 καὶ

1028 2674 1124 2710 Πατὴρ
1137 2675 1209 2709 ἠλέει
1222 2675 1314 2702 λοιπὸν
1325 2675 1374 2712 τὴν
1387 2675 1433 2702 ὑπ’
1446 2676 1571 2711 οὐρανὸν,
1581 2675 1681 2711 ἀνοσίῳ
1691 2676 1815 2712 τυράννῳ

1027 2721 1074 2748 καὶ
1090 2721 1224 2756 ὠμοτάτῳ
1243 2721 1328 2758 λῃστῇ
1347 2721 1523 2757 θητεύουσαν,
1539 2722 1586 2749 τοῦ
1607 2723 1671 2749 ίδίου
1686 2722 1752 2749 Υίοῦ
1763 2723 1813 2749 οὐκ

1027 2766 1164 2801 ἐφείσατο,
1192 2767 1262 2794 κατά
1280 2768 1310 2794 τὸ
1331 2769 1534 2804 γεγραμμένον,
1560 2768 1618 2795 ἀλλ’
1642 2768 1713 2804 ὑπὲρ
1736 2768 1813 2804 ἡμῶν

1027 2812 1135 2840 πάντων
1153 2812 1311 2848 παρέδωκεν
1326 2814 1416 2842 αὐτόν.
1440 2814 1484 2842 Ἐν
1503 2816 1594 2850 μορφῇ
1612 2814 1666 2850 γὰρ
1683 2814 1814 2850 ὑπάρχων
