1999 3056
135 151 190 179 ωε

657 151 917 181 GLAPHYRORUM
937 152 971 180 lN
991 151 1134 180 EXODUM
1152 151 1216 179 LIB.
1237 151 1256 179 1.

1719 154 1770 182 ωε

137 212 184 237 καὶ
197 211 227 243 ἐξ
239 210 366 245 οὐρανοῦ,
387 211 434 236 καὶ
451 210 526 245 παρὰ
549 209 669 246 Πατρὸς,
685 210 811 246 καθάπερ
830 210 925 246 ἀμέλει

979 216 1061 238 tatem
1078 211 1189 238 Iudaeus
1204 218 1259 237 non
1274 213 1355 242 esset,
1368 214 1463 244 utpote
1477 210 1597 238 Verbum
1609 220 1616 244 ;
1634 213 1682 239 sed
1694 221 1709 239 e
1721 220 1769 239 su-

136 258 185 283 καὶ
206 258 220 283 ό
242 256 386 287 θεσπέσιος
407 257 520 291 Μωσῆς,
537 256 656 282 ἐτίκτετο
673 256 722 291 μὲν
737 257 766 282 ὲν
781 256 909 290 Αἰγύπτῳ
920 277 926 289 ,

137 305 185 330 7.1.".
195 302 228 339 ἦν
245 303 369 339 Ἐϐραῖος
384 303 413 334 ἐξ
432 303 563 338 Ἐϐραίων
574 324 580 333 ,
598 302 676 337 ῥίζαν
689 302 757 337 ἔχων
768 302 867 337 εὐγενῆ
881 303 944 335 καὶ,

137 350 220 383 ἁγίαν
241 349 289 375 τοῦ
307 349 418 383 πατρός.
448 348 527 375 Ἀλλὰ
543 348 595 374 τῶν
611 347 639 380 ἐξ
655 349 769 382 αἵματος
784 348 928 378 ὀνειδιζόν-

136 405 192 422 των
209 395 293 431 αὐτῷ,
320 395 365 422 καὶ
389 396 416 420 ἐν
443 395 568 430 ἐσχάταις
593 394 709 429 ἑχόντων
735 393 870 425 διαὸολαίς
895 393 929 420 τὰ

137 440 209 475 ὑπέρ
224 448 256 473 γε
275 439 349 473 σφῶν
366 439 455 465 αὐτῶν
478 439 664 474 πραττόμενα,
686 438 818 473 μετετέθη
837 437 929 464 λοιπὸν

135 489 176 517 εἰς
191 486 239 522 τὴν
252 486 362 521 Mutatio.
373 506 379 513 .
395 486 440 512 καὶ
456 486 496 514 εἰς
509 485 558 520 τὴν
570 485 622 512 τῶν
640 484 804 520 ἑτερογενῶν
822 483 928 519 μεθωρ-

137 531 233 566 μίζετο
245 529 353 566 χώραν.»
362 528 429 557 Εἶτα
443 530 609 566 προσιζήσας
623 530 662 565 τῷ
675 530 785 564 φρέατι,
802 531 861 560 ταῖς
884 529 930 555 Ἰοι

102 578 105 579 ⁷
135 578 184 612 Θδρ
199 578 323 612 ἐπήμυνε
337 577 513 612 θυγατράσιν.
528 577 559 603 At
575 577 624 611 μὲν
646 577 698 612 γὰρ
719 574 796 603 οὖσαι
808 576 852 602 τῗιν
867 576 929 611 ἀρι-

132 622 204 657 θμὸν
218 622 302 652 ἑπτὰ,
321 623 368 649 καὶ
384 623 433 654 τὰς
450 623 496 649 τοῦ
515 622 579 649 ἰδίου
592 622 694 657 πατρὸς
708 622 808 656 ἀγέλας
824 623 928 648 διαποι-

135 668 298 702 μαίνουσαι,
314 667 511 704 προσεκόμιζον
533 670 593 700 ταῖς
609 668 703 703 ληναῖς
717 667 879 702 δεδιψηκότα
893 667 927 694 τὰ

133 715 292 749 θρέμματα.
325 714 515 749 ’Δρυσαμένας
543 714 570 740 δὲ
597 713 647 749 ἤδη
678 715 725 740 καὶ
757 714 806 740 σὺν
835 712 927 748 ἱδρῶτι

134 760 235 795 πολλῷ,
252 760 566 795 πεπλεονεκτήκασιτῶν
583 760 702 786 αἰπόλων
720 760 802 792 τινές.
825 760 926 796 ’Υπερ-

133 807 236 842 ήθλησε
263 806 292 833 δὲ
322 807 438 841 Μωσῆς,
462 807 510 833 καὶ
528 807 622 842 χερσὶν
639 807 718 838 ἰδίαις
735 807 923 842 ἁνιμὼμενος,

133 852 244 878 ἑπότισε
266 852 299 878 τὰ
321 852 443 888 πρόϐατα
462 852 566 882 αὐτῶν,
590 852 660 879 καθὰ
682 853 845 887 γέγραπται.
878 853 930 882 Ἐν

132 896 209 929 τάξει
222 897 254 932 δὴ
265 895 311 924 οὖν
320 897 367 924 τοῦ
381 898 484 933 κόσμου
498 898 542 924 τὸν
564 899 647 934 ’ἰοθὸρ
659 899 880 934 παραδεξόμεθα,
896 899 925 931 ὃς

132 939 167 978 ἦν
194 943 283 979 ἱερεὺς
304 943 358 969 τῶν
380 943 573 979 Μαδιηντιίων,
591 945 621 971 οὺ
644 944 704 979 Θεῷ
719 945 758 980 τῷ
776 945 855 978 φύσει
879 946 926 972 καὶ

133 987 243 1022 ἀληθῶς
255 988 416 1022 ποιούμενος
428 988 478 1023 τὴν
490 988 630 1023 λατρείαν,
645 989 714 1016 ἀλλὰ
725 991 781 1021 τοῖς
794 989 926 1024 κτίσμασι

81 1050 90 1057 υ
134 1034 211 1069 παρὰ
234 1034 280 1062 τὸν
305 1035 435 1061 κτίσαντα
461 1035 508 1061 καὶ
525 1034 653 1070 ⁷ποιητὴν,
679 1035 695 1071 ἢ
717 1037 773 1067 τοῖς
789 1036 821 1062 ὲκ
845 1036 926 1062 λίθων

134 1080 330 1115 πεποιημένοις
340 1100 346 1112 ,
362 1081 408 1107 καὶ
423 1082 478 1112 τοῖς
489 1080 622 1107 τεκτόνων
636 1081 777 1117 φιλοτεχνὴ
783 1090 859 1116 μασι.
873 1082 926 1108 Πε-

135 1121 256 1160 πλάνητο
268 1125 296 1151 δὲ
309 1125 379 1152 καὶὸ
390 1125 501 1160 κόσμος,
514 1125 663 1161 δαιμονίοις
673 1126 720 1153 καὶ
730 1127 760 1153 οὺ
772 1126 830 1162 Θεῷ
842 1135 926 1163 προσ-

135 1171 236 1198 κυνῶν.
260 1171 458 1207 Ἑρμηνεύεται
480 1171 507 1197 δὲ
525 1173 571 1198 καὶ
591 1172 674 1208 ἰοθὺρ
693 1174 891 1207 περισσότης,
910 1172 926 1208 ἢ

133 1218 282 1251 περιττός.
297 1218 319 1243 Τ
320 1217 421 1249 οιοῦτος
435 1217 463 1244 δὲ
483 1218 529 1244 καὶ
542 1218 556 1244 ὁ
571 1218 672 1253 κόσμος
682 1239 689 1249 ,
709 1219 871 1254 περιττότης
887 1218 927 1245 ὣν

133 1263 193 1295 ὅλος
204 1272 210 1280 ·
233 1264 277 1290 διά
291 1273 332 1290 τοι
350 1264 380 1290 τὸ
395 1264 461 1300 δρᾷν
478 1265 541 1296 τοὺς
560 1265 592 1291 τὰ
607 1264 690 1291 αὑτοῦ
708 1266 816 1300 φρονεῖν
833 1264 927 1300 ἑλομέ-

133 1319 196 1342 νους
211 1311 266 1337 τῶν
279 1311 435 1344 ἀναγκαίων
455 1311 544 1343 οὐδὲν,
561 1311 675 1342 εἰκαίοις
690 1311 718 1337 δὲ
735 1311 829 1346 ὥσπερ
847 1319 929 1338 κατα-

135 1355 246 1391 μεθύειν
272 1356 488 1390 περισπασμοῖς,
514 1357 560 1382 καὶ
586 1355 805 1392 διαρῤιπτεῖσθαι
828 1356 928 1392 τρόπον

132 1401 195 1428 τινὰ
216 1401 285 1437 πρὸς
302 1401 428 1437 ἀχρείους
447 1401 553 1436 ἡδονάς.
570 1402 621 1436 Εἴη
639 1402 672 1428 ἂν
692 1401 742 1428 οὐκ
759 1401 926 1436 ἀμφίλογον,

132 1448 175 1474 δτι
198 1449 253 1479 τοῖς
275 1447 396 1474 ἐθέλουσι
423 1447 497 1483 βιοῦν
519 1447 608 1484 ὀρθῶς
625 1448 739 1483 περιττὰ
758 1448 793 1474 τὰ
809 1447 927 1483 σαρκὸς,

135 1495 183 1521 καὶ
201 1494 233 1521 τὸ
249 1496 357 1530 φρονεῖν
372 1495 405 1521 τὰ
419 1495 448 1521 ἐν
464 1495 570 1530 κόσμῳ,
595 1494 645 1530 τῆς
658 1493 705 1521 τοῦ
728 1494 863 1530 χρησίμου
883 1494 929 1520 καὶ

133 1541 284 1575 ἀναγκαίου
306 1541 477 1576 διημάρτηκε
498 1541 585 1576 θήρας
597 1546 605 1571 ,·
622 1541 700 1576 εἰπερ
721 1540 796 1567 ἐστὶν
819 1540 927 1575 ἀληθὲς,

132 1588 175 1615 δτι
192 1598 201 1614 ι
220 1588 256 1614 Τὸ
270 1588 397 1624 φρόνημα
411 1588 460 1620 τῆς
476 1587 576 1622 σαρκὸς
597 1586 683 1622 ἔχθρα
697 1587 737 1617 εἰς
753 1586 835 1613 Θεόν·
856 1596 865 1612 ι
881 1587 927 1612 καὶ

133 1636 148 1662 ὁ
161 1634 268 1670 φρονῶν
281 1633 315 1660 τὰ
328 1634 375 1660 τοῦ
391 1634 503 1666 κόσμου,
521 1633 616 1668 ἐχθρὸς
640 1632 687 1659 τοῦ
709 1632 776 1659 Θεοῦ
798 1632 928 1658 καθίστα-

133 1690 191 1708 ται.
204 1681 370 1716 ΙΙεριττότης
384 1678 430 1707 οὗν
443 1679 551 1714 ἀληθῶς
563 1680 593 1706 τὸ
607 1680 714 1715 φρονεῖν
728 1678 838 1706 ἑλέσθαι
850 1679 884 1705 τὰ
899 1680 927 1705 ὲν

134 1727 248 1762 κόσμῳ,
271 1726 317 1753 καὶ
338 1726 419 1758 αὐτὸς
441 1725 468 1752 δὲ
493 1727 506 1752 ὁ
531 1726 642 1761 κόσμος.
664 1725 737 1760 Ἔφη
761 1725 815 1760 γάρ
841 1733 892 1751 που
913 1726 927 1752 ὁ

135 1773 266 1809 Χριστός·
283 1783 292 1798 ι
316 1773 348 1799 Τί
362 1772 568 1808 ὠφεληθήσεται
588 1772 730 1808 ἄνθρωπος
753 1771 800 1797 ἐὰν
815 1770 860 1797 τὸν
882 1771 927 1797 κό-

136 1828 205 1855 σμον
220 1820 279 1846 ὅλον
294 1819 425 1854 κερδήσῃ,
442 1818 489 1853 τὴν
500 1819 528 1844 δὲ
543 1819 631 1854 ψυχὴν
646 1818 728 1845 αὑτοῦ
742 1817 927 1852 ζημιωθῇ;“Η

135 1866 161 1893 τί
176 1864 256 1893 δώσει
273 1865 413 1901 ἄνθρωπος
430 1864 607 1899 ἀντάλλαγμα
621 1865 669 1898 τῆς
687 1863 777 1898 ψυχῆς
795 1862 894 1896 motui;
915 1872 923 1888 ι

171 1913 207 1946 η’.
225 1908 446 1945 Μετακεχώρηκε
470 1910 560 1936 τοίνυν
585 1911 616 1936 ἐκ
641 1909 690 1944 τῆς
705 1908 862 1942 Αἰγυπτίων
887 1909 926 1939 εἰς

136 1957 249 1992 Μαδιὰμ
265 1958 279 1984 ό
291 1956 409 1991 Μωσῆς,
433 1957 461 1983 ὲν
485 1957 536 1992 ἴσῳ
556 1956 584 1982 δὲ
607 1955 700 1991 τρόπῳ
717 1955 764 1982 καὶ
779 1956 793 1982 ὁ
808 1954 926 1990 Χριστὸς

136 2005 169 2030 ὲκ
181 2003 231 2043 τῆς
253 2002 382 2034 Ἰουδαίας
393 2004 432 2034 είς
444 2003 492 2038 τὴν
504 2002 658 2030 Γαλιλαίαν.
671 2002 767 2038 ’Ἅθρει
781 2002 810 2028 δὲ
822 2002 864 2028 ὅτι
877 2001 926 2035 μία

138 2049 188 2085 μὲν
206 2050 223 2084 ἠ
241 2049 307 2076 Λευτ
322 2049 444 2084 θυγάτηρ
468 2049 485 2083 ἡ
505 2049 550 2075 τὸν
579 2048 650 2083 ἱερὸν
674 2048 791 2074 τεκοῦσα
813 2047 927 2075 Μωσέα.

136 2095 252 2127 Ἠλείους
268 2095 296 2122 δὲ
320 2096 372 2131 μὴν
391 2096 438 2122 καὶ
452 2095 522 2122 ἑπτὰ
539 2095 584 2121 τὸν
602 2095 717 2130 ἀριθμόν
731 2095 759 2121 αἱ
778 2093 863 2129 Ἰοθδρ
879 2092 926 2120 τοῦ

137 2142 318 2176 Μαδιηναίου.
334 2142 391 2169 Μία
407 2141 455 2174 μὲν
468 2141 522 2177 γὰρ
541 2141 588 2168 καὶ
602 2142 618 2176 ἡ
632 2141 687 2167 τῶν
711 2140 844 2167 Ἰουδαίων
859 2139 927 2174 πλη-

137 2189 197 2220 θὺς,
215 2188 244 2220 ἐξ
260 2186 294 2225 ἦς
308 2189 354 2214 καὶ
367 2188 529 2223 γεγέννηται
549 2188 618 2214 κατὰ
637 2187 726 2221 σάρκα
744 2185 872 2221 Χριστὸς,
888 2185 926 2217 ὡς

941 893 961 920 Β

943 1562 963 1590 C

981 256 1074 290 pernis
1090 259 1118 282 et
1128 263 1143 282 e
1155 255 1224 282 ccelo
1237 259 1264 282 et
1282 263 1315 282 ex
1332 255 1423 286 Patre,
1437 259 1466 280 ιιι
1490 254 1548 282 fere
1561 255 1643 282 etiam
1660 255 1771 285 divinus

980 301 1068 328 Moses
1083 305 1163 328 natus
1181 300 1292 335 quidem
1310 299 1361 327 fuit
1378 300 1405 326 in
1424 299 1550 335 Ᾱῐιςγριο,
1570 300 1617 327 sed
1638 305 1698 328 erat
1715 300 1767 329 He-

979 346 1069 374 braeus
1082 355 1115 374 ex
1126 347 1259 378 Hebrreis,
1285 351 1427 381 paternam
1452 345 1574 373 radicem
1595 345 1716 373 nobilem
1738 354 1770 374 ac

979 397 1099 420 sanctam
1117 393 1231 420 habens.
1245 392 1363 427 Ideoque
1382 400 1444 419 cum
1462 391 1517 423 isti,
1535 392 1582 426 qui
1595 392 1703 427 cognati
1719 393 1769 427 ipsi

978 443 1066 470 erant,
1079 443 1210 466 vexarent
1225 446 1290 466 eum
1307 438 1429 473 probris,
1447 443 1474 465 et
1490 446 1551 473 qua:
1566 446 1616 472 pro
1632 437 1700 472 ipsis
1712 445 1772 465 sus-

977 491 1057 518 cepta
1073 487 1152 511 erant
1171 491 1345 518 summopere
1370 478 1614 515 calumniarentur,
1635 484 1771 511 concessit

978 529 1089 556 demum
1123 528 1151 555 iu
1183 529 1299 561 Madian,
1329 529 1524 564 regionemque
1553 530 1770 565 alienigenarum

977 575 1172 609 l't'equentavit.
1192 574 1296 602 Deinde
1312 582 1374 601 cum
1398 575 1431 602 ad
1455 580 1569 610 puteum
1589 575 1769 608 consedisset,

979 620 1087 648 filiabus
1100 620 1197 648 Jethro
1212 621 1407 655 opitulabatur.
1429 622 1475 649 liae
1489 622 1562 649 enim
1575 627 1654 650 erant
1666 626 1769 657 septem

977 674 1103 700 numero,
1124 668 1210 702 patris
1226 669 1268 695 sui
1287 676 1396 704 gregem
1412 673 1566 703 pascentes,
1582 669 1771 704 eogebantque

976 719 1041 739 oves
1054 712 1098 739 siti
1115 712 1270 739 laborantes
1283 713 1316 740 ad
1330 714 1448 740 canales.
1465 713 1601 741 Caeterum
1620 721 1718 747 magno
1733 713 1772 740 la-

975 757 1042 785 bore
1063 758 1227 786 hauriebam
1247 766 1345 793 aquam
1363 759 1399 786 ob
1423 759 1606 794 quorumdam
1629 764 1770 794 pastorum

973 803 1147 838 iniquitatem
1162 804 1263 832 :Moscs
1284 810 1378 832 autem.
1392 806 1575 840 propugnavit
1596 813 1653 838 eas,
1668 810 1700 833 et.
1714 806 1772 833 suis

973 850 1061 884 ipsius
1084 850 1218 879 manibus
1233 850 1363 878 hauriens
1384 850 1531 885 adaquavit
1553 852 1676 886 ipsarum
1694 860 1768 884 oves.

976 896 1047 923 sicut
1061 896 1196 931 scriptum
1207 901 1249 924 est
1258 898 1268 912 "
1276 898 1290 923 ‘.
1303 897 1436 930 Quocirca
1444 898 1576 924 mundum
1591 906 1646 932 pra:
1657 906 1686 926 se
1699 899 1771 926 ferre

977 941 1152 970 censebimus
1164 943 1270 975 Jethr-o,
1285 943 1401 977 quierat
1410 943 1540 970 sacerdos
1549 943 1770 976 Madianitarui‘n,

976 995 1066 1022 neque
1073 995 1168 1015 verum
1182 996 1213 1015 ac
1224 993 1320 1023 suapte
1331 993 1433 1015 natura
1442 989 1527 1015 Deum
1537 988 1653 1020 colebat,
1669 989 1714 1016 sed
1725 994 1781 1016 aut.

977 1026 1117 1061 creaturas
1124 1034 1248 1062 Creatori
1260 1034 1434 1069 prwferebat,
1446 1039 1493 1062 aut
1504 1042 1536 1061 ea
1552 1043 1612 1069 qua:
1622 1043 1655 1062 cx
1682 1034 1771 1069 lapide

977 1079 1057 1115 257
1071 1084 1118 1107 aut
1140 1080 1213 1115 ligno
1233 1084 1312 1107 erant
1331 1080 1489 1107 fabrefacta.
1508 1080 1618 1107 Erravit
1631 1085 1723 1108 autem
1745 1085 1774 1108 et

977 1126 1023 1153 hic
1038 1127 1167 1159 mundus,
1181 1127 1326 1160 dmmonia,
1339 1135 1393 1154 non
1410 1128 1495 1155 Deum
1513 1127 1663 1155 adorando.
1688 1128 1774 1155 Porro

976 1170 1072 1197 Jethro
1083 1171 1230 1206 exponitur
1243 1173 1424 1207 superﬂuitas,
1439 1176 1487 1199 aut
1498 1174 1674 1208 superﬂuunt.
1691 1172 1772 1207 Ejus-

978 1217 1051 1244 modi
1064 1225 1129 1244 sane
1148 1218 1267 1245 muudus
1278 1222 1329 1251 est,
1345 1227 1408 1245 cum
1422 1223 1495 1245 totus
1517 1219 1552 1245 sit
1575 1218 1775 1254 superﬂuitas;

977 1271 1012 1291 eo
1023 1263 1096 1298 quod
1114 1264 1162 1298 qui
1174 1264 1313 1291 mundana
1324 1269 1432 1296 curant,
1454 1265 1522 1292 nihil
1540 1273 1637 1292 eorum
1652 1273 1712 1300 quae
1725 1273 1775 1293 ne-

979 1309 1097 1338 cessaria
1111 1315 1176 1337 sunt
1187 1310 1299 1342 faciant,
1314 1311 1362 1337 sed
1375 1311 1453 1337 vanis
1467 1311 1681 1346 cogitationibus
1691 1310 1772 1342 ebrii,

980 1356 1126 1384 inutilibus
1143 1356 1333 1391 voluptatibus
1349 1358 1399 1384 toti
1416 1361 1481 1384 sunt
1493 1357 1608 1384 addicti.
1629 1357 1676 1384 Est
1689 1357 1785 1392 igitur-

979 1402 1083 1437 absque
1097 1402 1183 1430 dubio
1191 1410 1297 1435 verum,
1313 1403 1387 1438 quod
1402 1403 1436 1430 iis
1446 1403 1493 1437 qui
1506 1403 1549 1438 pie
1561 1404 1654 1430 vivere
1666 1403 1773 1435 volunt,

980 1456 1184 1484 supervacanea
1196 1449 1347 1476 carnalium
1360 1457 1392 1477 ac
1405 1450 1607 1477 mundanarum
1620 1457 1714 1477 rerum
1728 1457 1776 1477 00·

979 1495 1076 1530 gitatio
1088 1495 1122 1522 ab
1135 1496 1194 1530 ejus
1205 1495 1279 1530 quod
1291 1496 1358 1523 utile
1373 1503 1405 1523 ac
1418 1496 1606 1524 necessarium
1621 1501 1664 1524 est
1677 1505 1774 1525 conse-

980 1542 1090 1569 cutione
1108 1542 1237 1575 abducat,
1260 1543 1396 1578 siquidem
1409 1551 1505 1571 verum
1519 1548 1561 1570 est
1573 1543 1638 1570 illud
1653 1553 1659 1570 :
1679 1553 1687 1569 ι
1703 1544 1786 1571 Pru-_

980 1588 1072 1615 dentia
1094 1589 1184 1615 carnis
1204 1589 1314 1616 inimica
1332 1593 1373 1616 est
1393 1589 1450 1616 Deo
1464 1590 1496 1616 ⁵⁷.
1514 1600 1521 1615 ι
1540 1589 1573 1617 Ει
1592 1589 1639 1624 qui
1659 1589 1730 1624 sapit
1741 1597 1774 1617 ea

980 1634 1141 1668 qtuemundi
1153 1639 1227 1665 sunt,
1245 1634 1375 1662 inimicus
1388 1635 1435 1662 Dei
1450 1635 1629 1662 constituitur
1640 1635 1672 1661 '“.
1687 1634 1775 1662 Nimis

979 1680 1072 1715 itaque
1093 1688 1158 1708 vere
1173 1681 1244 1715 sapit
1263 1681 1311 1715 qui
1332 1681 1427 1708 mundi
1443 1689 1487 1708 res
1499 1681 1576 1716 eligit
1591 1690 1596 1707 :
1613 1684 1694 1715 atque
1715 1680 1775 1715 ipse

978 1726 1047 1753 adeo
1060 1726 1189 1753 mundus.
1203 1726 1248 1754 Ait
1264 1727 1338 1754 enim
1355 1727 1420 1754 alibi
1433 1727 1560 1754 Christus
1575 1736 1580 1753 :
1599 1736 1607 1752 ι
1619 1726 1689 1760 Quid
1708 1734 1774 1762 pro-

977 1772 1062 1800 fuerit
1083 1773 1188 1800 homini
1211 1774 1233 1800 si
1253 1777 1339 1800 totum
1363 1773 1496 1800 mundum
1523 1774 1663 1805 lucretur,
1677 1772 1776 1800 animae

978 1821 1070 1844 autem
1094 1825 1150 1845 sum
1173 1818 1370 1845 detrimentum
1389 1818 1600 1853 patiaturiAut
1611 1818 1677 1853 quid
1700 1818 1776 1846 dabit

978 1863 1061 1891 homo
1074 1864 1101 1891 in
1116 1864 1334 1899 redemptionem
1348 1865 1447 1892 anima:
1459 1873 1516 1892 suae
1529 1865 1551 1881 ⁵⁸
1564 1865 1575 1892 ?
1590 1875 1598 1890 ι

1014 1909 1039 1936 8.
1058 1910 1188 1937 Discessit
1208 1910 1290 1945 igitur
1312 1910 1419 1945 Moyses
1430 1919 1462 1938 ex
1475 1910 1590 1946 [Egypto
1605 1910 1632 1937 in
1645 1909 1753 1937 Madian
1766 1918 1773 1942 ;

977 1955 1074 1983 eodem
1084 1955 1165 1982 modo
1177 1960 1205 1983 et
1216 1955 1343 1983 Christus
1356 1963 1390 1982 ex
1400 1956 1494 1983 Iudaea
1508 1957 1535 1983 in
1549 1956 1698 1983 Galilaeam.
1708 1955 1776 1984 Vide

978 2005 1070 2028 autem
1082 2009 1137 2035 quo
1150 2005 1229 2036 pacto
1242 2009 1296 2028 una
1309 2009 1342 2028 ex
1356 2001 1464 2029 ﬁliabus
1478 2001 1544 2029 Levi
1556 2002 1698 2037 pepererit
1714 2009 1776 2030 san-

978 2051 1052 2075 ctum
1066 2046 1188 2082 Moysen.
1206 2047 1288 2082 Atqui
1308 2047 1414 2082 plures,
1428 2047 1559 2075 nimirum
1576 2051 1680 2082 septem
1693 2067 1699 2080 ,
1714 2047 1775 2074 fue-

978 2097 1043 2120 runt
1056 2092 1119 2120 filia:
1130 2093 1227 2120 Jethro
1240 2093 1404 2121 Madianitae.
1419 2093 1486 2120 Nam
1500 2101 1553 2120 una
1566 2097 1608 2121 est
1625 2093 1775 2120 multitudo

977 2139 1151 2170 Iudaeorum,
1166 2147 1198 2166 ex
1220 2147 1277 2174 qua
1296 2145 1324 2167 et
1340 2140 1468 2167 Christus
1484 2139 1640 2167 'seeundum
1660 2147 1771 2166 carnem

971 2189 1059 2219 ,natus
1069 2190 1122 2218 est,
1136 2185 1210 2220 quod
1222 2193 1286 2213 sane
1294 2186 1369 2213 velut
1376 2186 1403 2212 in
1413 2191 1476 2222 typo
1485 2190 1560 2221 gesta
1567 2185 1669 2221 Moysis
1679 2185 1775 2212 adum—

137 2234 166 2260 ἑν
179 2233 257 2269 τύπῳ
280 2233 319 2268 τῷ
335 2234 406 2260 κατὶι
422 2233 533 2260 Μωςέα.
562 2233 663 2259 nam
681 2233 709 2259 δὲ
725 2232 786 2258 λίαν
804 2232 831 2258 αἱ
846 2231 928 2258 οἱονεὶ

981 2230 1072 2258 brant.
1086 2231 1177 2258 Multae
1188 2235 1280 2258 autem
1292 2236 1357 2259 sunt
1369 2231 1463 2258 mundi
1476 2231 1553 2266 quasi
1567 2230 1639 2263 ﬁlias,
1654 2231 1706 2258 hoc
1721 2235 1773 2263 est,

136 2280 183 2307 τοῦ
203 2281 305 2316 κόσμου
319 2280 480 2315 Θυγατέρες,
494 2279 582 2306 εῐτουν
602 2279 698 2313 ἀγέλαι
715 2279 794 2313 τυχὸν
809 2279 838 2304 ὲν
853 2277 928 2313 αὐτῷ

138 2326 340 2353 κατοικούντων
365 2325 459 2352 ὲονῶν.
483 2325 576 2360 Ἀφεὶς
594 2322 640 2351 οὖν
668 2323 722 2360 ἄρα
739 2323 857 2359 Χριστὸς
881 2322 931 2357 τὴν

137 2372 200 2399 ὅθεν
224 2372 305 2406 ἐξέφυ
329 2371 400 2398 κατὰ
417 2372 466 2407 τὴν
489 2371 580 2407 σάρκα
604 2369 786 2406 Συναγωγὴν,
807 2369 854 2395 ἐπὶ
884 2368 932 2400 τὰς

137 2418 238 2450 πολλὰς
255 2418 310 2444 τῶν
326 2417 410 2444 ὲθνῶν
425 2417 604 2443 ἀπο-νένευκεν
625 2415 726 2450 ἀγέλας
738 2423 744 2432 ·
764 2414 797 2447 ἃς
819 2414 933 2450 πονηροὶ

139 2465 270 2500 ποιμένες
285 2463 488 2496 κατεϐιάζοντο,
505 2462 653 2494 τουτέστιν,
671 2462 695 2489 οἱ
712 2461 932 2497 κοσμοκράτορες

138 2511 186 2538 τοῦ
203 2511 307 2546 κόσμου
332 2509 438 2536 τούτου.
460 2510 577 2536 Διέσωσε
604 2509 637 2545 δὴ
659 2508 749 2539 αὐτός.
771 2507 850 2534 Ἀλλὰ
868 2506 934 2542 φέρι

138 2559 266 2593 λέγωμεν
281 2558 330 2592 τῆς
350 2556 507 2589 πλεονεξίας
529 2556 574 2583 τὸν
587 2555 687 2590 τρόπον
702 2553 747 2581 τὸν
760 2554 810 2589 τῆς
822 2552 933 2588 ἀρωγῆς

137 2604 371 2641 προσεπάγοντες.
390 2603 471 2634 Ἔθος
485 2603 518 2638 τῇ
542 2601 602 2637 θείᾳ
617 2601 711 2636 Γραφῇ
733 2600 827 2634 λάκκῳ
840 2606 935 2634 παρει-

137 2653 235 2684 κάζειν
255 2651 306 2686 τὴν
325 2651 444 2685 ἔμφυτον
466 2649 495 2674 ἐν
513 2648 579 2683 ἡμῖν
601 2647 665 2682 περὶ
681 2645 748 2672 Θεοῦ
765 2645 876 2680 γνῶσιν,
888 2643 935 2670 καὶ

137 2698 201 2726 καθ’
214 2698 248 2734 ἢν
269 2697 373 2724 ἕκαστα
397 2695 451 2722 τῶν
473 2693 618 2730 πρακτέων
633 2690 832 2726 ποδηγούμεθα.
855 2689 934 2734 ἈναῘ

137 2744 217 2779 opus,
233 2742 287 2778 γὰρ
307 2741 402 2776 ὥσπερ
424 2741 452 2766 ὲν
469 2740 534 2774 ἡμῖν
553 2738 678 2773 καθάπερ
703 2736 756 2764 ἀπὸ
773 2735 865 2771 πηγῆς
885 2733 933 2760 τοῦ

141 2791 184 2818 δοῦ
197 2789 246 2816 καλ
266 2790 282 2824 ἡ
298 2788 398 2818 παντός
420 2787 522 2821 εἴδησις
540 2784 653 2819 ἀγαθοῦ,
667 2784 713 2811 καὶ
729 2783 777 2818 τῆς
790 2782 853 2816 περὶ
865 2780 932 2807 Θεοῦ

982 2284 1079 2312 greges
1089 2277 1168 2312 quasi
1180 2277 1323 2304 nationum
1341 2277 1368 2304 in
1382 2286 1415 2305 eo
1436 2277 1629 2305 habitantium.
1649 2277 1786 2304 Christus.

983 2322 1086 2357 itaque,
1099 2323 1194 2350 relicta
1216 2331 1299 2351 eaex
1320 2332 1374 2359 qua
1399 2328 1479 2350 natus
1500 2323 1651 2350 secundum
1663 2329 1774 2350 carnem

984 2368 1135 2404 Synagoga,
1159 2368 1192 2396 ad
1206 2369 1308 2396 multos
1323 2369 1445 2404 gentium
1463 2376 1559 2404 greges
1571 2367 1692 2400 deﬂexit,
1706 2375 1776 2403 quos

984 2414 1049 2441 mali
1070 2419 1194 2450 pastores
1206 2415 1306 2451 injuria
1327 2415 1491 2446 al’ﬁciebant,
1505 2415 1557 2442 hoc
1567 2419 1618 2446 est,
1636 2414 1777 2450 principes

984 2461 1068 2496 hujus
1089 2461 1194 2488 mundi.
1209 2461 1309 2489 Verum
1323 2461 1381 2496 ipse
1403 2461 1532 2488 servabat
1556 2469 1588 2488 ac
1610 2459 1788 2488 defendebat-

984 2515 1042 2535 eos.
1059 2507 1119 2535 Sed
1136 2516 1195 2543 age,
1209 2508 1334 2535 dicamus
1346 2508 1380 2535 de
1394 2508 1494 2543 injuria
1508 2507 1564 2539 illa,
1581 2511 1611 2534 ut
1622 2507 1703 2546 simul
1716 2514 1777 2534 mo-

985 2553 1050 2580 dum
1063 2553 1157 2581 auxilii
1168 2554 1334 2588 aperiamus.
1348 2554 1406 2581 Mos
1422 2558 1464 2581 est
1476 2561 1561 2581 sacrm
1575 2553 1735 2588 Scriptum,
1748 2556 1789 2579 ut»

985 2598 1095 2625 insitam
1109 2599 1189 2626 nobis
1201 2599 1249 2626 Dei
1269 2599 1465 2634 cognitionem,
1479 2607 1532 2633 qua
1549 2598 1583 2625 ad
1603 2606 1648 2626 res
1660 2598 1786 2634 agendas.

985 2642 1054 2670 duce
1070 2643 1183 2676 utimur,
1196 2647 1279 2678 puteo
1291 2651 1339 2671 seu
1357 2644 1436 2671 fossae
1447 2647 1597 2679 comparet.
1610 2643 1677 2670 Nam
1691 2643 1780 2670 scien-

987 2688 1024 2714 tia
1038 2688 1124 2716 tolius
1145 2689 1209 2716 boni
1231 2694 1360 2724 tanquam
1382 2697 1416 2717 ex
1437 2689 1512 2716 fonte
1532 2688 1632 2716 mentis
1649 2688 1676 2715 in
1699 2686 1789 2715 nobis,

986 2734 1113 2767 scaturit,
1127 2739 1156 2762 et
1177 2735 1271 2771 gloriae
1287 2735 1335 2763 Dei
1356 2736 1477 2771 cognitio
1489 2735 1573 2763 veluti
1589 2735 1618 2762 in
1629 2733 1742 2769 speculo
1753 2736 1787 2760 et.

984 2779 1012 2807 in
1030 2781 1174 2816 aenigmate
1191 2782 1223 2808 ⁵⁸³.
1239 2782 1317 2810 Unde
1333 2786 1361 2809 et
1377 2782 1444 2809 istos
1461 2782 1508 2817 qui
1527 2783 1708 2810 contemnunt
1731 2779 1779 2808 Dei

171 2879 193 2895 “
215 2877 301 2906 Exod.
314 2884 342 2907 ιι,
367 2875 406 2902 l7.
443 2875 465 2890 ⁵⁷
478 2875 556 2901 Rom.
575 2882 630 2906 vni,
649 2873 673 2899 7.
714 2870 803 2899 “Jac.
818 2878 853 2903 iV,
870 2870 894 2898 ι.

979 2869 1066 2897 llatth,
1083 2877 1135 2902 xw,
1152 2869 1194 2896 26.
1235 2869 1277 2896 °°l
1292 2869 1354 2896 Cor.
1370 2878 1427 2901 xm,
1447 2869 1488 2897 12.
