1999 3056
217 168 266 199 4H

727 169 754 197 S.
775 169 912 197 CYRILLI
930 167 1163 196 ALEXANDRINI
1185 161 1340 198 ARCIIIEP.

1792 168 1844 195 ΗΞ

217 227 353 258 homines,
365 226 528 261 virtutisque
546 231 707 261 operatores
719 226 836 254 allicere.
860 226 937 258 Quod
960 233 1007 252 au-

1063 225 1111 261 ἆρα
1133 227 1182 262 τῆς
1201 228 1320 263 ἀρρήτου
1337 227 1444 262 φύσεως
1457 226 1629 261 ἀποτέλεσμα.
1642 226 1777 261 λαμπρὴν,
1796 227 1845 261 τῂν

217 278 272 300 tein
296 273 364 300 adeo
394 272 490 307 ingens
516 277 597 306 atque
619 271 802 306 expetendum
828 271 930 297 bonum
953 278 1003 297 suo

217 324 340 354 tempore
355 318 392 345 sit
402 321 564 344 eventurum
579 317 751 347 mortalibus,
766 324 827 343 cum
841 316 1004 351 Unigenitus

217 372 279 391 sese
292 363 430 391 dimiserit
445 363 471 389 in
484 363 708 394 exinanitionem,
721 367 900 396 naturamque
909 361 1005 388 huma-

217 417 279 436 nam
292 409 485 443 assnmpscrit,
506 417 538 435 ex
560 408 645 435 sacris
658 408 770 434 Litteris
787 407 881 434 itidem
902 414 1003 441 cogno-

216 455 367 482 scemus”.
385 455 423 481 Ita
451 459 542 481 autem
564 453 687 479 habent:
708 462 717 477 ‹
745 453 809 479 Post
832 452 891 479 dies
913 456 1005 478 autern

218 500 318 527 multos
339 503 466 527 mortuus
488 503 530 526 est
553 506 599 525 rex
628 498 747 533 Egypti,
771 502 799 525 et
815 498 1006 533 ingemuerunt

217 546 266 573 ﬁlii
278 546 361 573 Israel
373 550 486 580 propter
498 551 591 579 opera,
616 548 644 570 et
658 544 897 575 exclamaverunt,
911 547 939 570 et
961 550 1005 570 as-

217 591 310 619 cendit
320 591 422 618 clamor
435 597 530 618 eorum
542 590 576 616 ad
589 589 673 616 Deum
698 589 733 616 ab
757 588 899 624 operibus,
915 592 943 615 et
956 595 1007 614 au-

217 637 285 664 divit
297 637 369 664 Deus
384 636 516 671 gemitum
536 642 642 666 eorum,
655 638 684 662 et
695 634 855 662 recordatus
867 637 910 661 est
922 637 1007 660 testa-

217 682 302 708 menti
315 681 367 713 sui,
381 681 454 716 quod
466 681 532 708 fecit
548 688 612 707 eum
624 680 773 711 Abraham,
786 680 861 707 Isaac
872 682 900 706 et
910 677 1006 706 Iacob.

216 727 251 754 Et
262 727 381 761 respexit
393 727 464 754 Deus
478 726 547 754 ﬁlios
558 725 653 758 Israel,
667 729 695 753 et
705 726 831 760 cognitus
839 729 881 752 est
893 724 972 751 eis".
995 732 1004 748 ›

216 774 333 809 Egyptii
343 773 417 801 enim
428 773 549 809 graviter
556 772 749 808 opprimebant
755 771 837 799 Israel
842 771 902 803 itas,
914 777 1009 797 neces-

217 820 321 846 sarium
345 819 487 846 servitutis
500 819 596 853 jugum
623 817 815 852 imponentes,
840 816 1009 850 acerbosque

218 864 498 898 ipsisatqueimmites
504 872 619 898 operum
627 863 752 890 dominos
762 863 953 898 praeﬁdentes,
961 863 1008 898 qui

217 912 301 936 vitam
320 911 444 945 ipsorum
467 910 668 940 excruciarent,
684 909 755 936 sicut
770 908 903 943 scriptum
917 913 959 936 est
974 910 1007 936 ⁸⁷.
1027 897 1046 924 Β

218 955 297 990 261
320 955 372 982 Sed
392 960 466 983 tanta
479 956 623 991 tyrannide
638 955 760 990 oppressi
773 960 911 990 gementes
923 960 951 982 et
969 956 1008 982 la-

217 1005 372 1036 crymantes
384 1001 493 1028 tandem
517 1001 612 1028 miseri
637 1006 768 1036 rogarunt
785 1006 815 1028 ut
828 1001 932 1028 cmlesti
959 1001 1011 1027 mi-

219 1047 368 1074 sericordia
387 1046 462 1082 digni
486 1047 665 1074 haberentur.
692 1056 700 1072 ι
721 1046 773 1074 Sed
791 1047 909 1081 respexit
926 1047 1008 1079 Deus,

218 1093 385 1124 etvisitavit,
400 1092 499 1127 inquit.
517 1092 587 1119 ﬁlios
610 1093 704 1130 Israel,
726 1097 754 1119 et
777 1093 903 1127 cognitus
919 1098 961 1120 est
975 1093 1009 1120 ab

219 1138 285 1173 ipsis
301 1138 333 1164 °“.
357 1148 365 1164 ν
380 1138 448 1165 Cum
463 1139 547 1173 igitur
561 1146 734 1165 versaremur
747 1138 774 1164 in
787 1138 937 1172 ignorantia
950 1138 1008 1169 Dei,

220 1189 285 1211 tunc
300 1184 426 1219 injuriam
445 1185 627 1212 inferentibus
650 1192 760 1211 eramus
778 1184 904 1219 subjecti,
927 1191 1010 1218 atque

219 1231 247 1256 in
261 1238 339 1257 coeno
354 1231 458 1264 peccati
476 1230 676 1262 volutabantur,
691 1231 824 1257 habentes
845 1230 970 1256 crudeles
983 1233 1011 1256 et

218 1276 333 1302 acerbos
343 1275 495 1310 prmfectos,
514 1284 611 1311 nempe
623 1276 778 1303 immundos
790 1276 1009 1303 d;eixtonas.Nam

219 1321 304 1353 gratia
321 1321 457 1349 libertatis
473 1322 585 1348 omnino
599 1322 725 1356 sequitur
742 1322 789 1349 Dei
815 1321 1008 1356 cognitionem.

220 1366 320 1394 Verum
335 1367 392 1394 hate
407 1367 477 1394 facta
492 1373 555 1394 sunt
566 1367 653 1403 typice
669 1372 696 1394 et
713 1375 761 1402 per
776 1367 900 1402 ﬁguram,
913 1375 1013 1402 propo-

219 1413 325 1447 sitaque
346 1417 410 1440 sunt
437 1413 517 1440 nobis
545 1414 571 1440 in
597 1413 813 1440 admonitionem
829 1414 927 1445 nostri,
941 1413 1011 1440 sicut

219 1457 352 1491 scriptum
368 1461 409 1484 est
421 1459 452 1484 ".
472 1458 559 1492 Atque
572 1459 653 1486 unius
669 1458 779 1493 quidem
794 1459 893 1493 gentis,
906 1458 1012 1485 Israeli-

221 1503 281 1530 ticae
290 1503 422 1530 nimirum
444 1509 524 1538 typus
539 1509 591 1531 est.
604 1504 704 1538 Aperte
722 1512 788 1530 vero
800 1503 947 1530 admodum
961 1503 1011 1531 do—

219 1553 265 1575 cet
277 1548 350 1583 quod
368 1549 517 1576 immundis
533 1549 677 1584 spiritibus
698 1554 726 1576 et
738 1549 847 1576 diabolo
862 1548 1010 1576 nihilaliud

219 1595 390 1630 propositum
416 1595 452 1622 sit
482 1603 564 1630 quam
586 1595 751 1630 compellere
771 1596 902 1622 mortales
926 1600 957 1622 ut
985 1595 1011 1622 in

221 1640 298 1668 vanis
314 1641 455 1668 laboribus
463 1641 609 1673 desudent,
624 1646 652 1668 et
663 1649 746 1675 opera
758 1641 849 1668 carnis
859 1641 1011 1675 perﬁciant,

220 1693 255 1712 ne
268 1684 338 1712 forte
353 1691 471 1712 mentem
495 1686 528 1712 ab
541 1686 584 1713 bis
599 1694 711 1713 vacuam
730 1686 861 1714 habentes
875 1691 903 1714 et
920 1687 953 1714 ad
969 1695 1014 1714 sat-

221 1737 305 1764 perna
322 1730 500 1764 aspirantem,
513 1730 594 1764 hujus
603 1731 723 1757 universi
739 1731 822 1757 Deum
838 1736 1012 1765 cognoscant,

221 1778 304 1809 atque
317 1775 354 1801 ita
375 1774 506 1809 deinceps
527 1783 556 1802 se
571 1776 602 1802 ad
618 1775 703 1810 ipsius
713 1776 879 1802 voluntatem
900 1783 1013 1810 cmnpo-

222 1825 297 1852 nant,
312 1826 340 1847 et
354 1821 498 1848 diabolicae
514 1822 656 1848 servitutis
667 1822 762 1856 jugum
778 1822 928 1848 excutiant.
944 1822 1012 1849 Cum

223 1873 287 1892 vero
301 1866 425 1894 humana:
443 1871 546 1894 natura:
564 1867 674 1895 insitum
693 1868 855 1894 sitstudium
867 1868 1012 1901 libertatis,

223 1920 276 1939 non
297 1912 480 1947 approbamus
493 1913 630 1941 interdum
646 1913 800 1940 istiusmodi
817 1914 1012 1946 calamitatem,

222 1958 268 1985 sed
284 1967 453 1991 aversantur,
467 1965 495 1986 et
509 1967 696 1994 smpenumero
708 1960 833 1987 nonnihil
847 1960 880 1987 ad
891 1968 941 1987 nos
951 1960 1013 1987 red-

221 2007 328 2037 euntes,
344 2009 372 2032 et
389 2006 539 2032 carnalium
565 2006 735 2040 voluptatum
752 2005 954 2034 deformitatem
966 2007 1015 2034 de-

223 2056 363 2083 testantes,
376 2060 525 2086 supernum
540 2060 555 2079 a
570 2053 626 2080 Deo
643 2053 752 2080 sitimus
768 2053 911 2085 auxilium,
928 2057 956 2080 et
980 2054 1014 2081 de

223 2097 340 2125 violenta
353 2098 485 2125 servitute
497 2106 551 2125 non
563 2106 659 2133 parum
680 2098 832 2132 querimur.
846 2098 913 2131 Hoc,
928 2103 958 2126 ut
972 2107 1016 2126 ar-

223 2144 321 2175 bitror,
337 2148 389 2175 est,
402 2144 474 2179 quod
499 2144 547 2171 filii
570 2144 652 2171 Israel
669 2144 702 2171 ad
719 2145 804 2171 Deum
825 2145 1014 2180 ingemiscant.

223 2189 334 2220 Verum,
353 2194 381 2216 ut
405 2194 448 2216 est
473 2190 571 2220 bonus,
590 2189 665 2216 misit
690 2189 768 2216 nobis
793 2189 961 2217 Salvatorem
984 2198 1016 2218 ac

1054 271 1170 303 ἀλαζόνα
1187 273 1233 298 καὶ
1249 272 1363 307 βέϐηλον
1374 271 1421 297 τοῦ
1438 271 1562 298 metm
1578 273 1739 298 κατασεῖσαι
1753 271 1844 298 πλεον-

1053 316 1136 349 εξίαν,
1150 316 1197 343 καὶ
1219 317 1341 348 δουλείας
1362 317 1410 352 μὲν
1425 316 1579 349 ἀπαλλάξαι
1604 317 1652 351 τῆς
1667 316 1737 343 οὕτω
1750 317 1846 350 βλαϐε-

1055 362 1178 396 ρωτάτης
1191 362 1238 389 καὶ
1254 362 1453 397 μυσαρωτάτης
1461 362 1524 393 τοὺς
1534 361 1631 396 επὶ-τῆς
1643 362 1846 397 γῆς-ἀποφῆναι

1054 407 1081 433 δὲ
1099 407 1190 433 λοιπὸν
1203 408 1252 442 τῆς
1267 407 1367 443 ἀρετῆς
1389 408 1517 443 ἐργάτας.
1538 407 1599 433 ’Ότι
1624 407 1651 434 δὲ
1676 407 1754 433 τοῦτο
1774 407 1846 433 οὕτω

1057 452 1128 487 μέγα
1148 453 1194 478 καὶ
1207 452 1372 479 πολύευκτον
1394 452 1494 486 ἀγαθὸν
1511 452 1641 487 ὑπάρξειν
1660 451 1755 486 ἔμελλε
1776 453 1847 480 κατὰ

1056 498 1169 534 καιροὺς
1179 499 1234 529 τοῖς
1246 498 1292 524 ἐπὶ
1302 498 1352 531 τῆς
1362 498 1424 532 γῆς,
1436 497 1565 528 καθέντος
1575 497 1669 523 ἑαυτὸν
1680 498 1719 528 εἰς
1732 497 1846 523 κένωσίν

1056 551 1086 568 τε
1100 542 1146 568 καὶ
1157 541 1354 577 ἀνθρωπότητα
1370 541 1416 568 τοῦ
1434 541 1612 575 Μονογενοῦς,
1630 541 1674 567 διὰ
1693 541 1746 567 τῶν
1767 542 1846 577 ἱερῶν

1058 587 1232 623 Γραμμάτων
1253 587 1328 614 οὐδὲν
1346 585 1427 624 ἦττον
1449 587 1588 621 εἰσόμεθα.
1606 587 1683 621 Ἔχει
1696 587 1723 613 δὲ
1743 587 1844 618 οὕτως’

1060 641 1070 658 ι
1084 633 1161 660 Μετὰ
1170 633 1198 660 δὲ
1210 633 1258 665 τὰς
1272 633 1377 669 ἡμέρας
1387 633 1437 664 τὰς
1462 632 1562 664 πολλὰς
1579 631 1685 664 ὲκείνας
1701 631 1843 668 ἐτελεύτη-

1059 687 1105 706 σεν
1118 680 1132 706 ὸ
1150 679 1275 714 βασιλεὺς
1297 678 1449 713 Αἰγύπτου,
1473 678 1520 705 καὶ
1534 678 1735 710 κατεστὲιιαξαν
1752 678 1777 704 οἱ
1793 678 1848 705 υἱοὶ

1065 725 1172 761 Ἰσραὴλ
1189 725 1242 752 ἀπὸ
1256 724 1311 751 τῶν
1328 725 1432 761 ἔργων,
1454 725 1502 751 καὶ
1515 724 1642 757 ἐϐόησαν,
1657 723 1705 750 καὶ
1727 723 1809 759 ἀνέϐη
1829 725 1846 759 ή

1059 769 1135 805 φωνὴ
1148 769 1236 796 αὐτῶν
1251 770 1320 806 προς
1335 770 1380 797 τὸν
1394 770 1460 797 Θεδν
1471 769 1526 796 ἀπὸ
1540 768 1595 795 τῶν
1608 768 1706 804 ἔργων,
1727 769 1775 796 καὶ
1792 769 1849 795 εἰσ-

1059 816 1174 849 ήκουσεν
1187 816 1201 841 6
1215 816 1281 848 Θεὸς
1294 816 1348 842 τῶν
1365 815 1525 850 στεναγμῶν
1539 817 1629 844 αὐτῶν
1640 838 1646 849 ,
1663 815 1710 844 καὶ
1724 815 1848 851 ἐμνήσθη

1059 862 1074 888 ὁ
1098 861 1164 893 Θεὸς
1189 862 1240 896 τῆς
1265 862 1398 898 διαθήκης
1430 862 1510 888 αὑτοῦ
1540 863 1608 898 πρὸς
1635 862 1778 897 Ἀδραὰμ,
1802 861 1849 888 καὶ

1067 907 1170 939 Ἰσαὰκ,
1193 908 1240 934 καὶ
1263 907 1370 934 Ἰακώϐ.
1395 908 1450 934 Καὶ
1465 907 1570 935 ἐπεῖδεν
1586 909 1600 934 ὁ
1615 908 1680 939 Θεδς
1697 908 1760 939 τοὺς
1775 907 1849 938 υἱοὺς

1067 954 1183 989 Ἰσραὴλ,
1210 954 1256 980 καὶ
1284 953 1407 988 ἐγνώσθη
1422 955 1524 985 αὐτοῖς.
1550 963 1559 979 ι
1579 953 1778 985 Κατεὸιάςοντο
1801 952 1850 987 μὲν

1059 999 1113 1035 γὰρ
1127 1000 1153 1025 οἱ
1166 999 1310 1033 Αἰγύπτιοι
1325 1000 1388 1030 τοὺς
1404 999 1433 1031 ἐξ
1454 998 1563 1034 Ἰσραὴλ
1580 998 1624 1025 τὸν
1638 999 1686 1033 τῆς
1700 998 1851 1032 ἀναγκαίου

1061 1045 1169 1081 θητείας
1194 1045 1420 1081 ὲπιῤῥιπτοῦντες
1441 1044 1540 1078 ζυγὸν,
1560 1044 1606 1071 καὶ
1628 1044 1742 1079 πικροὺς
1761 1043 1851 1074 αὐτοῖς

1061 1091 1108 1117 καὶ
1129 1090 1387 1126 ἀφιλοικτείρμονας
1402 1089 1584 1125 ἐργώιὼκτας
1601 1090 1807 1124 ἐπιστήσαντες,
1826 1087 1850 1114 οἳ

1061 1136 1213 1163 κατώδυνον
1229 1136 1317 1163 αὐτῶν
1336 1136 1385 1171 τὴν
1405 1135 1488 1170 ζωὴν⁷
1504 1135 1575 1161 καθὰ
1589 1135 1751 1170 γέγραπται.
1771 1135 1800 1160 0i
1822 1133 1850 1159 δὲ

1059 1185 1119 1214 ταῖς
1128 1184 1196 1217 ἄγαν
1211 1182 1378 1215 πλεονεξίαις
1394 1181 1570 1216 πεπιεσμένοι
1582 1181 1720 1212 κλαίοντες
1733 1180 1778 1206 καὶ
1787 1188 1852 1206 κατ-

1061 1228 1226 1263 οιμώζοντες
1248 1227 1298 1262 τῆς
1314 1226 1422 1253 ἄνωθεν
1437 1226 1605 1261 ἡμερότητος
1627 1224 1779 1258 ἀξιοῦσθαι,
1797 1224 1852 1250 λοι-

1062 1275 1110 1300 πον
1123 1274 1268 1308 ἐλιπάρονν
1282 1272 1440 1303 οἱτάλανες.
1460 1282 1469 1297 ι
1496 1271 1566 1297 Ἀλλ’
1581 1270 1763 1297 ἐπεσκέπτετο
1776 1269 1851 1301 Θεὸς,

1061 1322 1107 1348 καὶ
1123 1321 1230 1351 εἰσεῖδε,
1247 1319 1324 1355 φησὶ,
1337 1320 1399 1350 τοὺς
1424 1320 1498 1350 υἱοὺς
1521 1318 1641 1353 Ἰσραὴλ,
1663 1318 1710 1344 καὶ
1726 1315 1851 1351 ἐγνώσθη

1061 1365 1162 1395 αὐτοῖς.
1177 1374 1186 1389 ι
1206 1364 1272 1390 Ὅτε
1286 1364 1376 1390 τοίνυν
1389 1364 1472 1398 ἐσμὲν
1489 1364 1517 1389 ὲν
1530 1363 1628 1398 ἀγνοίᾳ
1642 1362 1719 1393 Θεοῦ,
1731 1362 1790 1387 τότε
1807 1361 1854 1387 καὶ

1061 1411 1117 1441 τοῖς
1143 1410 1279 1437 ἀδικοῦσιν
1304 1411 1524 1445 ὑποκειςόμεθα,
1540 1411 1587 1437 καὶ
1608 1412 1664 1442 τοῖς
1693 1411 1741 1444 τῆς
1766 1402 1862 1443 ἁμαρ(

1061 1456 1122 1488 τίας
1149 1456 1290 1492 βορϐόροις
1320 1457 1556 1492 ἐνκυλινδούμεθα,
1577 1457 1692 1492 πικροὺς
1704 1456 1750 1482 κα¹ι
1762 1455 1855 1489 ὠμοὺς

1062 1503 1116 1529 τῶν
1130 1503 1258 1530 τοιούτων
1280 1503 1386 1538 ἔχοντες
1412 1503 1576 1535 ἐπιστάτας,
1598 1503 1660 1534 τοὺς
1683 1500 1855 1536 ἀκαθάρτους

1026 1562 1047 1591 c
1064 1548 1205 1583 δαίμονας.
1224 1549 1339 1584 "Ed/stati.
1362 1549 1390 1575 δὲ
1415 1549 1462 1575 καὶ
1482 1549 1592 1580 πάντως
1609 1547 1655 1574 τοῦ
1672 1546 1775 1581 γνῶναι
1790 1545 1855 1571 Θεὸν

1063 1593 1113 1629 τῆς
1142 1593 1297 1629 ἐλευθερίας
1321 1595 1337 1629 ἡ
1362 1594 1450 1629 χάρις.
1481 1593 1550 1620 Ἀλλ’
1565 1594 1657 1620 ἐκεῖνα
1680 1592 1728 1627 μὲν
1751 1590 1858 1626 ὲτιρὰτ-

1063 1648 1124 1665 τετο
1150 1640 1290 1671 τυπικῶς·
1314 1640 1420 1675 ἐγράφη
1445 1640 1473 1666 δὲ
1510 1639 1576 1674 πρὸς
1601 1638 1742 1665 νουθεσίαν
1766 1636 1854 1671 ἡμῶν,

1064 1684 1154 1716 καθὼς
1168 1685 1332 1721 γέγραπται.
1360 1686 1415 1712 Καὶ
1444 1686 1485 1720 ἐφ’
1501 1685 1560 1716 ἐνὸς
1578 1685 1627 1720 μὲν
1646 1684 1738 1715 ἔθνους
1754 1683 1807 1709 τῶν
1827 1681 1857 1714 ἑξ

1064 1731 1179 1766 αἵματος
1198 1731 1306 1766 Ἰσραὴλ
1333 1733 1346 1758 ὁ
1371 1731 1464 1763 τύπος.
1493 1731 1599 1764 Διδὰξει
1623 1731 1645 1757 δ’
1668 1728 1697 1757 εὖ
1724 1729 1795 1765 μάλα
1811 1729 1856 1755 καὶ

1065 1777 1158 1812 σαφῶς
1174 1778 1215 1803 ὅτι
1232 1778 1287 1809 τοῖς
1300 1777 1463 1813 ἀκαθάρτοις
1476 1777 1612 1812 πνεύμασι
1629 1777 1676 1803 καὶ
1690 1776 1729 1810 τῷ
1741 1774 1858 1809 διαϐόλῳ

1066 1823 1176 1854 σκοπὸς,
1193 1823 1321 1849 συνωθεῖν
1340 1823 1497 1857 ἐπείγεσθαι
1522 1824 1584 1854 τοὺς
1607 1823 1652 1849 ἐπὶ
1675 1823 1725 1857 γῆς
1744 1822 1857 1852 εἰκαίοις

1065 1869 1186 1903 ὲνιδροῦν
1201 1870 1400 1904 σπουδάς-μασι,
1413 1870 1459 1895 καὶ
1470 1870 1502 1895 τὰ
1517 1869 1619 1903 σαρκὸς
1634 1869 1702 1903 ἔργα
1720 1867 1856 1901 πληροῆνσ

1065 1915 1108 1941 ἵνα
1125 1914 1161 1950 μὴ
1178 1916 1300 1949 σχολαῖον
1312 1915 1420 1950 ἔχοντες
1435 1915 1496 1941 νοῦν
1507 1915 1554 1941 καὶ
1568 1914 1724 1949 ἁναμύοντα
1741 1914 1809 1950 πρὸς
1824 1913 1858 1939 τὰ

1065 1960 1130 1991 ἄνω,
1148 1960 1194 1985 τον
1210 1961 1264 1986 τῶν
1277 1960 1348 1986 ὅλων
1360 1960 1454 1986 εἰδεῖεν
1471 1959 1552 1986 Θεὸν·
1570 1959 1640 1986 οὕτω
1657 1967 1687 1985 τε
1707 1959 1798 1984 λοιπὸν
1812 1958 1859 1984 καλ⁸

1065 2006 1104 2036 εἰς
1117 2006 1147 2032 τὸ
1164 2005 1238 2040 αὑτῴ
1260 2005 1353 2032 δοκοῦν
1371 2005 1549 2031 ὲπευθύνοντο
1563 2024 1570 2036 ,
1594 2005 1639 2031 καὶ
1660 2005 1709 2040 τῆς
1725 2004 1767 2030 ἐπ’
1783 2002 1857 2037 αὐτῷ

1065 2051 1188 2082 δουλείας
1215 2051 1377 2078 ἀπονεύουσι
1406 2051 1499 2085 ζυγόν.
1521 2050 1631 2086 Ἐπειδὴ
1658 2050 1686 2076 δὲ
1711 2049 1799 2076 ἔνεστι
1824 2050 1857 2084 τῇ

1066 2097 1224 2133 ἀνθρωπεία
1242 2097 1321 2132 φύσει
1346 2098 1377 2124 τὸ
1404 2097 1607 2133 φιλελεύθερον,
1624 2097 1673 2123 οὐκ
1692 2095 1858 2130 ἐπαινοῦμεν

1065 2144 1122 2170 ἔσθ’
1149 2144 1193 2170 ὅτε
1215 2144 1250 2170 τὰ
1275 2143 1364 2178 πάθη·
1387 2143 1653 2178 καταμυσαττόμεθα
1679 2143 1708 2169 δὲ
1728 2141 1858 2173 πολλάκις

1066 2190 1249 2224 ἁνανήςροντες
1267 2189 1353 2225 βραχὺ
1365 2209 1372 2220 ,
1390 2190 1437 2216 καὶ
1454 2189 1507 2214 τῶν
1525 2189 1574 2223 τῆς
1598 2188 1698 2224 σαρκὸς
1715 2187 1815 2222 ἡδονῶν
1827 2187 1859 2213 τὸ

225 2234 438 2268 Redemptorem
452 2242 466 2261 e
478 2234 547 2262 emlo
562 2234 674 2263 Filium.
687 2235 732 2269 qui
747 2234 835 2262 factus
848 2239 900 2266 est,
911 2239 940 2261 ut
954 2243 1010 2262 nos.

1069 2235 1161 2270 ἄχαρι,
1176 2235 1225 2270 τὴν
1250 2235 1352 2262 ἄνωθεν
1364 2235 1411 2261 καὶ
1433 2235 1507 2270 παρὰ
1528 2235 1595 2261 Θεοῦ
1613 2234 1733 2269 διψῶμεν
1751 2235 1859 2260 ἐπικου-

224 2280 315 2306 homo.
339 2280 422 2315 quue
438 2280 539 2307 iterum
559 2288 634 2307 saera
653 2280 794 2314 Scriptura
810 2281 923 2315 ﬁgurate
945 2288 1016 2314 prae-

225 2325 395 2360 signiﬁeavit.
408 2327 446 2352 lla
462 2327 534 2353 enim
547 2327 602 2353 ait:
626 2336 633 2350 ι
649 2327 682 2353 Et
697 2327 803 2362 Moyses
825 2334 940 2361 pascens
952 2334 1017 2354 oves

221 2370 317 2398 .lethro
333 2372 421 2398 soceri
435 2372 477 2398 sui
498 2372 648 2398 sacerdotis
669 2372 786 2403 Madian,
805 2372 883 2399 duxit
904 2380 968 2400 oves
989 2373 1016 2400 in

223 2416 373 2448 deserturi),
390 2417 520 2451 venitque
532 2417 565 2443 ad
577 2422 697 2444 montem
710 2417 757 2444 Dei
769 2418 870 2445 Horeb.
883 2418 1017 2452 Apparuit

223 2467 314 2490 autem
329 2463 354 2489 ei
371 2463 484 2497 angelus
495 2463 603 2489 Domini
628 2463 655 2490 in
673 2463 780 2491 ﬂamma
801 2464 870 2499 ignis
885 2472 918 2491 ex
934 2463 1012 2491 rubo.

224 2509 257 2536 Et
274 2509 348 2535 videt
362 2509 460 2535 rubum
488 2508 587 2535 ardere
617 2508 689 2543 igne,
705 2516 758 2536 nec
782 2514 873 2536 tamen
895 2510 1013 2537 absumi.

222 2554 296 2581 Dixit
325 2559 415 2580 autem
445 2554 550 2589 Moyses
570 2554 730 2582 :Accedens
757 2555 857 2582 videbo
881 2555 1014 2583 visionem

224 2607 348 2635 magnam
364 2599 444 2630 hanc.
474 2608 561 2634 quare
573 2608 629 2627 non
638 2600 811 2628 comburitur
830 2601 926 2628 rubus.
940 2601 1016 2628 Post-

223 2653 303 2680 quam
318 2650 409 2672 autem
425 2645 493 2672 vidit
507 2646 639 2673 Dominus
662 2647 734 2681 quod
751 2647 841 2682 pergit
868 2647 902 2674 ad
920 2647 1016 2674 viden-

224 2692 299 2722 dum.
316 2691 421 2719 vocavit
433 2699 496 2719 eum
512 2692 644 2720 Dominus
658 2701 691 2720 es
709 2693 789 2725 rubo,
810 2693 905 2720 dicens
919 2702 926 2719 :
941 2693 1016 2727 Moy-

224 2745 277 2769 ses,
296 2737 408 2773 Moyses.
423 2738 470 2765 Ille
483 2743 573 2765 autem
585 2739 654 2766 dixit
670 2737 755 2771 :Quid
772 2743 823 2770 est,
840 2738 968 2766 Domine?
983 2739 1017 2765 Et

224 2783 293 2810 dixlt
307 2793 313 2809 :
327 2783 367 2811 Ne
379 2785 566 2820 appropinqua
582 2785 644 2812 huc.
657 2785 737 2812 Solve
751 2785 967 2812 ealceamentum
982 2784 1016 2812 de

262 2875 284 2890 "
299 2875 397 2911 Philip.
419 2886 447 2909 ιι,
460 2878 486 2911 7,
500 2878 525 2904 8.

566 2879 588 2893 “‘
606 2878 690 2906 Exod.
707 2887 734 2911 ll,
753 2879 838 2906 “23725
888 2879 909 2892 ‘7
925 2878 991 2906 ibid.

1031 2879 1052 2894 "‘
1072 2877 1156 2905 Exod.
1175 2885 1203 2910 ll,
1219 2877 1263 2910 26,
1279 2877 1322 2904 25.

1069 2281 1139 2316 ρίαν,
1157 2281 1203 2307 καὶ
1215 2282 1264 2314 τῆς
1283 2280 1432 2316 ἀϐουλήτου
1448 2281 1570 2312 δουλείας
1587 2282 1616 2306 οὺ
1639 2280 1752 2315 μετρίαν
1767 2278 1858 2305 ποιού-

1070 2328 1139 2363 μεθα
1162 2328 1211 2363 τὴν
1227 2328 1374 2362 καταϐοήν.
1393 2327 1489 2358 Τοῦτο,
1506 2324 1593 2361 οἶμαι,
1611 2327 1666 2352 ἐστι
1682 2326 1710 2352 τὺ
1725 2333 1858 2351 καταστε-

1067 2373 1145 2405 νάξαι
1160 2374 1226 2409 πρὸς
1238 2373 1304 2399 Θεὸν
1319 2373 1382 2404 τοὺς
1393 2374 1467 2404 υἱοὺς
1485 2373 1603 2408 Ἰσραήλ.
1623 2371 1730 2406 Ἐπειδὴ
1742 2370 1768 2397 δέ
1785 2371 1859 2396 ἐστιν

1068 2418 1179 2452 ἀγαθὸς,
1198 2418 1358 2445 ἀπέστειλεν
1380 2419 1461 2454 ἡμῶν
1480 2418 1594 2453 Σωτῆρα
1609 2417 1656 2443 καὶ
1669 2417 1815 2452 Λυτρωτὴν
1830 2416 1860 2448 ἐξ

1067 2464 1182 2499 οὐρανοῦ
1200 2464 1246 2490 τὸν
1262 2464 1336 2495 Υιὸν,
1365 2463 1394 2495 ὃς
1415 2464 1512 2497 γέγονε
1537 2463 1597 2489 καθ’
1619 2463 1702 2498 ἡμᾶς,
1720 2461 1859 2499 τουτέστιν

1068 2509 1219 2544 ἄνθρωπος.
1235 2509 1290 2535 Καὶ
1304 2509 1333 2535 τὸ
1348 2509 1441 2544 χρῆμα
1457 2509 1522 2543 ἡμῖν
1541 2507 1748 2543 αἰνιγματωδῶς
1758 2515 1859 2541 προαν-

1069 2555 1167 2590 εφώνει
1187 2555 1268 2582 πάλιν
1287 2555 1318 2582 τὸ
1334 2555 1453 2590 Γράμμα
1464 2555 1493 2581 τὸ
1505 2555 1585 2589 ἱερόν.
1603 2555 1675 2588 Ἔφη
1688 2553 1741 2588 γὰρ
1751 2553 1837 2584 οὕτως
1850 2561 1857 2568 ·

1073 2613 1081 2626 ι
1102 2603 1158 2629 Καὶ
1176 2603 1278 2637 Μωσῆς
1297 2601 1331 2638 ἦν
1348 2603 1499 2638 ποιμαίνων
1518 2602 1551 2629 τὰ
1570 2601 1694 2637 πρόϐατα
1713 2601 1795 2636 Ἰτιθὸρ
1812 2600 1858 2626 τοῦ

1069 2648 1202 2684 πενθεροῦ
1229 2648 1311 2675 αὑτοῦ
1339 2647 1386 2676 τοῦ
1413 2649 1509 2683 ἱερέως
1533 2648 1664 2682 Μαδιάμ-
1691 2647 1738 2673 καὶ
1756 2644 1806 2681 ἦγε
1825 2646 1858 2672 τὰ

1069 2694 1195 2729 πρόϐατα
1211 2694 1251 2724 εἰς
1273 2694 1322 2729 τὴν
1347 2694 1460 2729 ἔρημον,
1480 2694 1526 2720 καὶ
1539 2691 1620 2728 ἦλθεν
1635 2694 1675 2724 εἰς
1696 2692 1724 2718 τὺ
1739 2691 1800 2726 ὅρος
1812 2689 1857 2717 τοῦ

1069 2739 1136 2766 Θεοῦ
1164 2739 1262 2774 Χορέῦ.
1283 2740 1337 2766 Καὶ
1361 2739 1437 2774 (bqu
1456 2740 1529 2774 αὐτῷ
1557 2739 1670 2772 ἄγγελος
1701 2737 1804 2773 Κυρίου
1831 2737 1858 2762 ἐν

1070 2786 1148 2820 φλογὶ
1169 2787 1252 2821 πυρεις
1263 2786 1295 2812 ἐκ
1312 2786 1358 2812 τοῦ
1374 2786 1464 2820 βάτου.
1481 2786 1534 2812 Καὶ
1552 2786 1602 2820 ὀρᾷ
1623 2786 1662 2811 ὅτι
1677 2786 1690 2811 ό
1711 2784 1789 2818 βάτος
1810 2790 1856 2810 κα-

1363 2877 1383 2892 "‘
1402 2877 1485 2904 lCor.
1504 2885 1529 2905 Χ.
1550 2877 1590 2903 ll.
