1999 3056
79 162 128 188 MK

600 166 860 195 GLAPHYRORUM
880 168 913 195 IN
934 168 1076 196 EXODUM
1096 170 1160 197 LIB.
1182 170 1202 196 l.

1656 165 1711 194 Ml

77 221 218 249 τακαίεται
244 222 322 257 πυρὶ,
342 223 356 248 6
378 222 405 249 δὲ
425 222 502 257 βάτος
521 224 549 250 σὺ
566 226 735 252 κατεκαίετο.
751 225 817 252 Εῐπε
839 226 867 253 δὲ

926 228 1036 262 aedibus
1058 229 1122 261 tuis,
1140 229 1216 256 locus
1236 227 1308 254 enim
1324 227 1351 253 in
1377 233 1432 261 quo
1444 229 1509 257 stas,
1529 229 1601 253 terra
1617 231 1710 252 sancta

79 269 179 302 Μωσῆς
189 276 196 283 “
216 267 363 303 Παρελθὼν
378 268 479 304 ὂψομαι
494 270 524 295 τὸ
540 270 631 305 ὅραμα
645 271 675 297 τὸ
688 272 758 306 μέγα
777 272 865 304 τοῦτο,

79 314 118 340 δτι
132 314 163 339 οὐ
185 313 364 339 κατακαίεται
380 314 394 339 6
409 313 500 348 βάτος.
523 315 567 346 Ὠς
586 314 614 341 δὲ
637 314 689 341 εἶδε
710 315 809 351 Κύριος
827 317 867 342 ὅτι

79 359 211 394 προσάγει
223 359 297 389 ίδεῑν,
314 359 444 385 ἐκάλεσεν
456 361 537 386 αὑτὸν
549 362 563 386 6
576 355 675 396 Κύριος
686 362 718 388 ὲκ
728 361 774 388 τοῦ
787 362 867 396 βάτου

79 404 163 438 λέγων
174 413 180 419 -
194 405 292 440 Μωσῆ,
308 405 407 438 Μωσῆ.
419 405 448 431 ’0
459 405 487 431 δὲ
500 404 559 431 εἶπε
570 410 578 419 ⁴
593 406 624 432 Τί
638 407 710 438 ἐστις
723 407 777 433 Καὶ
790 405 849 433 εἷπε
860 416 867 422 ”

81 452 124 483 Μὴ
141 451 253 486 ἐγγίσῃς
275 448 335 477 ὦδε.
354 451 441 477 Λῦσον
458 451 488 477 τὸ
503 452 626 487 ὑπόδημα
649 453 680 478 ὲκ
703 453 757 479 τῶν
782 453 869 480 ποδῶν

83 505 137 527 σου,
197 496 251 532 γὰρ
268 497 349 528 τόπος
373 496 401 522 ὲν
423 493 444 530 ᾦ
465 497 497 523 σὺ
513 497 641 532 ἕστηκας,
659 499 694 533 γῆ
713 499 778 532 ἁγία
800 499 867 526 ἐστὶ.

80 542 134 569 Καὶ
150 539 228 568 εἶπεν
246 541 335 576 αὐτῷ·
361 541 430 575 Ἐγώ
450 542 507 577 είμι
521 543 535 568 ὁ
550 542 615 574 Θεὸς
630 544 677 569 τοῦ
697 545 800 579 πατρός
813 553 867 575 σου,

80 590 93 614 6
111 589 178 619 Θεὸς
199 587 334 623 ’Λσραὰμη
352 589 399 615 καὶ
414 588 503 620 ὀΘεδς
524 589 627 629 Ἰσαᾲκ,
645 590 692 617 καὶ
707 591 720 617 ό
733 590 798 622 Θεὸς
818 591 869 617 Ἰα-

81 632 148 660 κώὃ.
172 633 340 669 ’Λπέστρεψε
367 633 396 660 δὲ
419 634 521 670 Μωσῆς
547 635 578 660 τὺ
601 635 746 670 πρόσωπον
771 635 869 662 αὑτοῦ·

81 678 224 706 εὐλαῦεῖτο
246 678 300 714 γὰρ
317 678 485 714 καταϐλέψαι
499 678 614 706 ἐνώπιον
629 679 677 706 τοῦ
690 679 768 706 Θεοῦ.
789 689 798 706 ι
819 680 871 706 N6-

82 733 132 759 μον
155 725 205 759 μὲν
221 725 274 760 γὰρ
291 725 331 756 είς
345 724 470 759 βοήθειαν
483 725 583 752 ἔδωκεν
598 725 612 752 6
623 725 706 757 Θεὸς,
728 726 799 753 κατὰ
821 726 870 761 τὴν

80 770 128 796 τοῦ
145 770 285 805 προφήτου
305 770 397 805 φωνὴν
415 770 604 806 (προαπέφηνι
617 769 672 807 γὰρ
691 772 871 806 οίκονομικῶς

81 815 189 864 Eli-passa~
208 815 411 864 παιδαγωγὸν),
435 817 579 851 μονονουχὶ
596 816 625 843 δὲ
647 816 716 852 πρὸς
733 817 870 849 ἀνάδειξιν

82 858 138 884 τῶν
151 858 324 894 τελειοτέρων
345 859 463 886 ἐποιεῖτο
479 860 528 895 τὴν
545 861 622 887 σκιάν
632 868 640 876 ’
659 861 728 896 πλὴν
745 861 785 888 ὅτι
800 862 870 889 κατά

83 905 195 940 καιροὺς
215 904 376 939 ἀναϐλέψειεν
399 905 512 940 ἔμελλεν
537 907 553 941 ἡ
575 906 700 942 ἀλήθεια.
719 908 774 934 Καὶ
795 907 872 939 τέλος
887 900 908 927 Β

83 948 118 985 ἦν
141 950 192 985 τῆς
215 950 421 985 παιδαγωγίας,
441 951 472 977 τὸ
493 952 610 986 Χριστοῦ
627 953 789 988 μυστήριον,
804 954 872 988 ὅπερ

81 999 127 1025 διὰ
141 998 191 1033 τῆς
208 998 341 1030 ὀπτασίας
353 996 383 1025 εὖ
398 998 471 1033 μάλα
491 999 710 1026 κατεπαιδεύετο.
725 1000 810 1026 Φυτὸν
824 1000 874 1035 μὲν

82 1045 136 1079 γάρ
160 1045 176 1070 ὁ
199 1045 278 1079 βάτος
297 1045 356 1070 ἐστὶ
375 1043 531 1079 θαμνοειδές
548 1054 577 1071 τε
601 1046 649 1072 καὶ
672 1046 806 1082 ἄκαρπον,
828 1047 876 1073 καὶ

83 1090 215 1122 ἀκάνθαις
232 1090 310 1125 ὀλίγα
325 1091 516 1127 παραχωροῦν.
541 1091 629 1127 Πολλὴ
645 1091 673 1118 δὲ
696 1093 776 1119 αὐτὴν
797 1101 874 1128 περι-

83 1134 170 1168 εχεῖτο
184 1132 260 1168 φλόξ.
270 1134 314 1160 Ἐν
330 1134 395 1161 εῖδει
406 1135 460 1170 γὰρ
473 1135 557 1171 πυρὸς
571 1135 647 1170 ἅγιος
664 1136 778 1170 ἄγγελος
791 1138 874 1173 ἐπλή-

84 1187 132 1213 ρου
147 1179 179 1205 τὸ
195 1179 288 1214 χρῆμα
299 1188 306 1195 ·
325 1180 373 1206 καὶ
395 1178 463 1216 ἦρτο
481 1181 539 1215 μὲν.
562 1181 628 1216 ὑψοῦ
649 1182 676 1208 δὲ
689 1182 749 1209 λίαν
766 1184 781 1218 ἡ
797 1183 873 1217 φλὸξ.

84 1225 173 1258 ἠδίκει
187 1225 214 1251 δὲ
231 1225 298 1257 ὅλως
314 1225 359 1252 τὸν
379 1227 407 1253 ἐν
459 1227 563 1262 πέφηνε
586 1227 676 1262 βάτον,
701 1228 787 1256 οὐδέν.
816 1230 876 1256 Ἀν-

84 1270 162 1296 όσιον
178 1271 285 1303 ἀληθῶς
311 1272 357 1297 καὶ
380 1272 451 1306 πέρα
470 1271 549 1306 λόγου
572 1273 671 1304 παντὸς
694 1274 723 1299 τὸ
739 1273 876 1309 δρώμενον

85 1316 129 1351 ἦν.
148 1316 207 1351 Πῦρ
223 1317 354 1349 ἀκάνθαις
369 1317 517 1351 συμϐαῖνον
531 1319 577 1343 καὶ
597 1318 775 1353 ἡμεροτάτοις
791 1319 876 1354 αὐτὴν

85 1372 118 1389 πε
124 1362 254 1398 ριθάλπον
265 1363 438 1398 προσῦολαῖς.
451 1363 590 1398 μονονουχὶ
602 1364 652 1398 τῆς
665 1364 785 1398 ἐμφύτου
799 1364 878 1391 δυνά-

87 1417 159 1442 μεως
179 1409 380 1444 κατημεληκὸς,
397 1409 443 1436 καὶ
469 1409 591 1444 ῥᾴθυμον
607 1410 705 1445 κομιδῇ
721 1412 778 1442 τοῖς
798 1410 876 1445 φθεί-

87 1455 182 1486 ρεσθαι
208 1455 367 1490 δυναμένοις
394 1454 528 1490 ἐνιζηκός.
556 1455 700 1491 Τοιγάρτοι
730 1457 830 1490 Μωσῆς
863 1457 877 1482 6

86 1501 229 1532 θεσπέσιος
251 1501 433 1536 κατατεθήπει
453 1501 502 1534 τὴν
528 1501 602 1535 ὄψιν.
622 1501 670 1533 Ἰῖίς
685 1500 732 1528 οὖν
751 1504 766 1528 6
779 1502 875 1536 λόγος;

88 1547 160 1581 (lupi.
175 1547 224 1581 τὴν
241 1546 314 1573 θείαν
331 1547 493 1581 παρεικάζει
515 1546 594 1582 φύσιν
611 1547 641 1573 τὸ
663 1547 734 1582 ἱερὸν
747 1548 875 1583 Γράμμα,

87 1592 131 1619 διά
151 1601 193 1619 τοι
208 1593 237 1619 τὸ
252 1593 401 1624 παναλκὲς,
419 1592 467 1618 καὶ
492 1593 523 1619 τὸ
544 1593 643 1624 παντὸς
662 1592 790 1619 δύνασθαι
813 1602 877 1620 κατ-

89 1637 180 1665 αθλεῖν
194 1638 328 1670 εὐκόλως,
349 1638 438 1670 ξύλοις
460 1638 507 1665 καὶ
522 1639 601 1670 πόαις
617 1640 678 1670 ταῖς
693 1639 721 1665 ὲν
743 1639 820 1674 ἀγρῷ
832 1638 879 1664 τὸν

89 1685 145 1712 ἀπὸ
156 1685 209 1720 γῆς
221 1685 373 1721 ἄνθρωπον.
388 1685 532 1720 Τοιγάρτοι
550 1688 626 1720 φησι,
644 1686 709 1712 ποτὲ
726 1685 792 1720 μέν·
815 1695 824 1710 ε
848 1685 878 1712 Ὁ

89 1731 156 1762 Θεὸς
173 1731 252 1766 ήμῶν
274 1731 330 1766 πῦρ
349 1730 546 1758 καταναλίσκον
566 1732 651 1758 ἐστίν’
673 1741 682 1756 ι
707 1731 771 1757 ποτὲ
785 1731 813 1758 δὲ
832 1730 877 1757 αὖ·

92 1785 101 1800 ε
128 1775 290 1811 Ἀνθρωπος
313 1776 378 1802 ὡσεὶ
394 1777 508 1812 χόρτος·
532 1777 560 1803 αἱ
580 1776 684 1811 ἡμέραι
706 1776 798 1808 αὑτωῦ,
814 1777 879 1803 ὡσεὶ

90 1821 170 1854 ἄνθος
186 1822 232 1849 τοῦ
252 1822 347 1857 ἀγροῦ,
371 1822 457 1854 οὓτως
481 1822 633 1858 ὲξανθήσει.
649 1832 658 1848 ι
691 1823 760 1849 Ἀλλ’
785 1823 879 1859 ὥσπερ

91 1869 165 1894 ἐστὶν
184 1869 215 1894 οὐ
229 1869 345 1904 φορητὸν
359 1868 490 1900 ἀκάνθαις
503 1869 534 1895 τὸ
545 1870 612 1904 πῦρ,
632 1869 703 1896 οὕτω
724 1870 770 1896 καὶ
784 1870 879 1905 θεότης

91 1913 291 1949 ἀνθρωπότητι.
315 1914 388 1949 Πλὴν
404 1914 432 1940 ὲν
449 1914 558 1950 Χριστῷ
583 1914 680 1950 συνέὃη
704 1916 751 1942 καὶ
769 1916 879 1950 γέγονεν

89 1958 195 1994 οίστήΛ
208 1959 361 1994 Κατῴκηκε
378 1959 433 1994 γὰρ
445 1960 474 1985 ὲν
489 1959 564 1994 αὐτῷ
574 1960 628 1986 πᾶν
641 1960 672 1986 τὺ
685 1961 820 1996 πλήρωμα
831 1961 880 1996 τῆς

90 2003 219 2040 θεότητος
234 2005 409 2040 σωματικῶς,
428 2014 436 2031 ι
454 2004 524 2032 καθὰ
539 2005 585 2032 καὶ
609 2007 624 2032 6
642 2006 722 2040 σοφὸς
738 2006 880 2042 μεμαρτὺ-

92 2059 161 2086 ρηκε
182 2050 297 2082 Παῦλος.
309 2051 363 2077 Καὶ
379 2061 388 2077 ι
407 2051 421 2077 6
440 2050 498 2085 φῶς
509 2051 590 2078 οἰκῶν
601 2051 758 2086 ἀπρόσιτον,
777 2062 786 2078 ι
803 2062 880 2079 τουτ-

90 2097 150 2123 έστι
164 2096 243 2128 Θεὸς,
256 2096 296 2131 τῷ
316 2097 348 2122 ὲκ
368 2097 502 2132 παρθένον
515 2096 571 2132 ναῷ
583 2097 771 2133 κατηυλίζετο,
785 2098 880 2131 καθεὶς

91 2142 188 2168 ἑαυτὸν
197 2142 236 2174 είς
244 2142 406 2176 ὰξιάγαστον
417 2142 583 2178 ἡμερότητα,
593 2143 639 2170 καὶ
647 2144 729 2170 οἱονεὶ
740 2145 881 2180 περιστέλ-

90 2188 145 2214 λων
163 2188 212 2223 τὴν
225 2186 345 2223 ἄκρατον
356 2188 405 2222 τῆς
422 2189 490 2220 ἰδίας
510 2189 618 2222 φύσεως
639 2190 811 2225 προσϐολὴν,
837 2191 880 2218 ἵνα

919 278 969 301 est.
987 275 1020 302 Et
1034 275 1102 301 dixit
1114 275 1139 302 ei
1152 284 1157 301 :
1174 274 1230 309 Ego
1242 281 1303 300 sum
1317 273 1389 300 Deus
1398 272 1485 306 patris
1505 270 1544 298 tui
1559 270 1708 300 Abraham,

920 323 1000 357 262
1012 327 1040 349 et
1049 323 1122 349 Deus
1141 322 1226 352 Isaac,
1251 325 1279 347 et
1299 320 1372 346 Deus
1392 318 1486 345 Jacob.
1499 317 1606 344 Avertit
1619 320 1709 342 autcm

919 368 1025 403 Moyses
1036 367 1131 395 faciem
1150 375 1236 394 suam.
1258 365 1362 392 Timuit
1380 364 1453 391 enim
1479 362 1600 397 aspicere
1616 364 1710 387 contra

920 414 1005 441 Deum
1019 414 1052 440 ".
1068 423 1077 438 ι
1094 413 1160 440 Nam
1192 413 1277 447 legem
1295 410 1404 445 quidem
1425 409 1500 436 dedit
1523 408 1550 435 in
1567 407 1710 436 auxilium,

917 459 992 494 juxta
1006 458 1120 485 verbum
1135 457 1274 492 propheta:
1289 456 1311 471 '”
1330 452 1560 490 (praemonstravit
1585 451 1658 478 enim
1671 450 1712 476 di-

921 504 984 531 vino
996 503 1111 530 consilio
1133 503 1242 537 Moysen
1257 499 1442 536 patdagogum)
1458 508 1464 525 :
1479 502 1583 526 tantum
1594 504 1648 523 non
1665 504 1712 522 au-

920 555 975 578 tem
991 549 1266 577 constituitumbram
1279 548 1306 574 in
1326 546 1432 581 signum
1447 544 1653 580 perfectim'um,
1664 542 1712 568 do-

921 603 971 622 nec
983 595 1092 622 tandem
1107 594 1209 621 veritas
1224 600 1273 620 suo
1287 597 1408 626 tempore
1422 593 1494 617 esset
1504 589 1618 615 oritura.
1636 587 1714 614 Ideo—

921 649 975 676 que
991 640 1052 667 linis
1071 640 1224 674 disciplinae
1239 637 1363 665 Mosaicae.
1374 636 1436 668 fuit,
1457 634 1617 671 mysterium
1632 633 1713 660 Chri-

921 688 967 720 sti,
984 686 1058 722 quod
1075 693 1124 721 per
1149 686 1222 713 hanc
1245 684 1379 711 visionem
1404 682 1544 716 eleganter
1566 678 1712 707 admodum

920 733 1103 768 signiﬁcatum
1116 735 1168 759 est.
1183 731 1251 758 Nam
1269 729 1356 757 rubus
1371 732 1413 755 est
1427 727 1520 762 planta
1535 726 1665 753 fruticosa
1685 728 1714 751 et

922 776 1095 813 infrugil‘era,
1108 784 1205 812 parum
1222 775 1353 802 diﬂ'erens
1364 781 1379 799 a
1392 772 1488 807 spinis.
1506 771 1604 806 Ingens
1621 774 1713 796 autem

921 824 1028 851 ﬂamma
1039 824 1064 851 ei
1076 822 1240 850 circumfusa
1251 825 1320 848 erat.
1335 819 1453 846 Sanctus
1468 817 1541 844 enim
1554 815 1666 851 angelus
1686 814 1715 840 in

922 868 1012 904 specie
1032 868 1102 903 ignis
1127 867 1155 894 id
1186 865 1334 901 praestabat
1359 872 1365 890 :
1385 862 1492 889 ﬂamma
1515 865 1605 887 autem
1632 858 1716 886 nimis

922 915 950 942 in
968 915 1052 941 altum
1079 913 1188 940 sublata
1212 915 1265 942 est,
1293 917 1381 944 neque
1397 908 1467 935 ltesit
1483 907 1582 934 rubum
1611 905 1639 932 in
1660 912 1716 939 quo

924 959 1059 994 apparuit.
1081 957 1220 992 Stupenda
1240 960 1314 982 certe
1339 962 1393 986 res,
1408 957 1435 980 et
1454 952 1588 979 rationem
1607 957 1715 977 omnem

924 1005 1072 1033 excedens!
1092 1004 1164 1039 Ignis
1180 1003 1264 1038 spinae
1279 1001 1405 1028 admotus
1422 997 1607 1034 placidissima
1622 1003 1716 1023 acces-

924 1051 1001 1079 sionc
1022 1051 1107 1085 ipsam
1131 1049 1250 1079 fovebat,
1277 1052 1305 1074 et
1328 1044 1526 1081 propemodum
1550 1043 1638 1070 insita:
1661 1048 1718 1068 suae

925 1096 1054 1132 potentia:
1066 1096 1177 1127 oblitus,
1187 1095 1274 1121 otiose
1287 1093 1321 1120 iis
1339 1099 1399 1126 quae
1410 1093 1517 1125 poterat
1528 1094 1715 1121 corrumpere,

925 1142 1037 1169 insedit.
1050 1141 1184 1174 Quocirca
1194 1139 1298 1174 Moyses
1305 1136 1447 1172 obstupuit
1455 1136 1507 1163 hac
1514 1135 1627 1162 visione.
1637 1133 1718 1166 Qum-

924 1196 988 1215 nam
1007 1188 1089 1222 igitur
1106 1187 1175 1213 ratio
1196 1185 1257 1212 est?
1279 1184 1369 1211 Sacra:
1384 1183 1532 1217 Scriptura:
1545 1178 1717 1207 consuetudo

923 1237 966 1261 est
980 1233 1101 1259 divinam
1114 1235 1238 1258 naturam
1252 1230 1307 1265 igni
1320 1235 1490 1263 comparare,
1503 1226 1538 1253 ob
1551 1225 1716 1252 immensum

926 1286 1005 1305 suum
1020 1277 1105 1303 robur
1119 1281 1146 1303 et
1161 1282 1285 1310 magnam
1304 1272 1464 1300 absumendi
1477 1271 1531 1298 vim
1550 1269 1651 1305 :lignis
1668 1276 1720 1295 au-

927 1329 981 1351 tem
998 1328 1026 1351 et
1034 1323 1129 1350 herbis
1142 1329 1202 1356 quae
1216 1326 1280 1348 sunt
1295 1320 1321 1346 in
1339 1319 1422 1354 agris,
1441 1323 1580 1345 terrenum
1595 1315 1719 1349 aequipa-

926 1375 968 1398 rat
993 1370 1141 1397 hominem.
1170 1368 1247 1395 Unde
1280 1365 1392 1401 quidem
1418 1363 1556 1391 interdum
1584 1362 1622 1388 ita
1653 1361 1719 1388 ait:

930 1425 939 1441 ι
954 1416 1027 1443 Deus
1042 1418 1137 1441 noster
1154 1413 1224 1448 ignis
1244 1418 1410 1439 consumens
1426 1413 1468 1436 est
1486 1409 1523 1434 τέ
1548 1417 1556 1432 1
1579 1405 1718 1434 interdum

925 1468 992 1487 vero
1002 1460 1042 1486 sic
1060 1468 1065 1485 :
1081 1470 1089 1484 ι
1107 1459 1194 1485 Homo
1210 1462 1337 1491 tanquam
1356 1455 1460 1487 fenum,
1471 1457 1498 1481 et
1511 1453 1570 1480 dies
1584 1452 1644 1487 ejus
1658 1455 1720 1478 lan-

927 1514 1008 1546 quam
1022 1506 1071 1532 llos
1086 1503 1185 1538 campi,
1198 1503 1234 1530 ita
1246 1506 1352 1529 arescet
1368 1502 1417 1527 ".u
1435 1501 1532 1531 Porro,
1550 1499 1621 1526 sicut
1634 1497 1721 1532 spinae

928 1544 1018 1588 ignem
1037 1552 1109 1579 ferre
1120 1554 1269 1584 nequeunt,
1287 1549 1325 1575 ita
1337 1555 1426 1582 neque
1438 1546 1606 1574 divinitatem
1621 1544 1722 1571 huma-

927 1600 1010 1627 nitas.
1035 1598 1172 1625 Cteterum
1197 1596 1225 1622 in
1251 1593 1361 1622 Christo
1387 1592 1457 1619 facta
1486 1595 1528 1618 est
1557 1589 1720 1618 tolerabilis.

933 1655 941 1669 ι
956 1645 1023 1671 Nam
1042 1643 1069 1669 in
1089 1642 1149 1677 ipso
1172 1639 1306 1667 habitavit
1328 1638 1418 1666 omnis
1447 1636 1588 1672 plenitudo
1609 1635 1721 1662 deitatis

929 1688 1108 1723 corporaliter
1125 1686 1159 1718 ⁷⁸,
1173 1696 1181 1710 ι
1197 1685 1269 1712 sicut
1284 1683 1393 1717 sapiens
1411 1685 1526 1709 testatus
1538 1685 1579 1707 est
1601 1679 1719 1706 Paulus:

933 1744 942 1760 ι
962 1734 995 1761 Et
1009 1733 1098 1760 lucem
1112 1730 1269 1758 inhabitans
1284 1726 1501 1755 inaccessibilem
1513 1726 1554 1758 7l’;
1575 1735 1582 1750 ι
1602 1725 1653 1751 hoc
1667 1727 1719 1756 est,

929 1781 1001 1807 Deus
1024 1779 1050 1805 in
1078 1777 1180 1812 templo
1204 1774 1325 1809 Virginis
1347 1777 1469 1799 moratus
1492 1776 1543 1802 est,
1571 1770 1720 1798 demittens

929 1827 1049 1860 seipsum
1063 1825 1090 1851 in
1102 1820 1288 1850 admirandam
1311 1819 1506 1849 humilitatem,
1523 1824 1554 1844 ac
1566 1815 1643 1851 quasi
1655 1823 1721 1843 con-

930 1872 1041 1899 trahens
1053 1869 1182 1897 invictam
1201 1874 1257 1894 sua:
1270 1870 1374 1892 natura:
1397 1863 1558 1898 potentiam,
1573 1866 1602 1889 ut
1622 1861 1681 1895 capi
1693 1865 1721 1888 et

929 1917 1016 1953 aptari
1032 1915 1111 1943 nobis
1122 1918 1224 1949 posset,
1239 1912 1310 1938 sicut
1324 1918 1417 1937 revera
1430 1909 1499 1944 ignis
1509 1916 1538 1935 se
1549 1907 1653 1942 aptavit
1664 1906 1722 1941 spi—

930 1963 983 1991 nis.
997 1961 1075 1995 Quod
1090 1965 1181 1987 autem
1199 1958 1227 1985 id
1240 1956 1313 1992 quod
1339 1960 1434 1990 suapte
1450 1958 1548 1981 natura
1573 1957 1666 1987 aptum
1679 1956 1721 1979 est

930 2008 965 2036 ad
977 2005 1222 2041 corrumpendum,
1237 2004 1290 2030 hoc
1311 2005 1353 2030 est
1377 2007 1497 2031 carnem,
1518 1999 1575 2033 ipse
1598 1997 1721 2024 olfecerit

930 2052 1115 2088 corruptionis
1139 2054 1290 2085 expertem,
1306 2051 1451 2080 morteque
1472 2043 1642 2079 superiorem
1656 2041 1720 2069 red-

930 2100 1042 2131 diderit.
1055 2099 1224 2126 demonstrat
1234 2095 1319 2130 ﬁgura
1331 2092 1402 2128 ignis
1409 2092 1437 2118 in
1452 2091 1521 2117 rubo
1533 2089 1647 2116 illaesum
1659 2095 1720 2114 om-

930 2147 996 2174 nino
1012 2151 1124 2173 servans
1138 2143 1252 2178 lignum.
1265 2139 1343 2172 Quod
1364 2142 1454 2165 autem
1471 2143 1551 2163 suum
1563 2133 1719 2161 viviﬁcave-

931 2194 968 2220 rit
979 2191 1119 2226 templum,
1134 2193 1161 2216 et
1175 2185 1384 2220 incorruptibile
1404 2180 1591 2210 ell‘eceritvita
1605 2183 1719 2206 natura-

88 2234 205 2269 γένηται
213 2234 287 2269 χώρη
291 2234 400 2265 τος,καθ
404 2235 454 2261 ἀπε
458 2243 474 2270 ρ
481 2229 576 2269 ἀμέλει
591 2223 763 2269 καὶ’ἀκάνθας
772 2223 804 2263 ’τὸ
815 2237 849 2263 πῦ
854 2246 876 2272 ρ.

934 2239 997 2266 liter
1005 2223 1151 2266 cit-sistens,
1163 2234 1230 2272 illud
1245 2241 1277 2260 cx
1291 2232 1345 2259 Deo
1352 2229 1483 2260 Verbum,
1495 2225 1632 2261 quomodo
1642 2223 1718 2259 quis—

91 2281 156 2307 Ὀτι
180 2280 209 2306 δὲ
225 2279 256 2306 τὸ
269 2280 427 2315 φθείρεσθαι
440 2281 571 2315 πεφυκὸς,
583 2282 715 2313 τουτέστι,
729 2283 777 2318 τὴν
793 2283 881 2318 σάρκα

91 2326 195 2362 φθορᾶς
209 2326 335 2352 ἀπετέλει
356 2326 508 2361 κρεῖττονα,
527 2326 683 2358 διαδείξειεν
698 2328 730 2354 ἂν
751 2329 881 2364 αἰνιγμα-

91 2373 187 2404 τωδῶς
196 2373 226 2398 τὸ
238 2373 285 2398 ἐπὶ
297 2372 335 2406 τῷ
345 2371 418 2406 βάτῳ
432 2371 676 2407 πῦράδιαλώδητον
688 2375 825 2406 παντελῶς
838 2384 882 2409 τη-

92 2419 181 2453 ρῆσαν
193 2417 225 2444 τὸ
237 2417 324 2449 ξύλον.
339 2418 401 2444 Ὂτι
414 2417 445 2452 δὴ
461 2418 505 2444 τὸν
525 2418 589 2444 ἴδιον
607 2419 733 2450 ἐζωποίει
747 2421 820 2451 ναὸν,
835 2421 881 2447 καὶ

90 2463 230 2498 ἄφθαρτον
244 2464 424 2490 ἀπετέλεικαὶ
438 2464 553 2491 θανάτου
565 2466 718 2500 κρείττονα,
737 2467 794 2502 ζωὴ
810 2467 880 2494 κατὰ

92 2508 174 2542 φύσιν
182 2508 315 2544 ὑπάρχων
324 2510 338 2537 6
347 2509 450 2536 ὲκϐεοῦ
460 2510 556 2544 Λόγος,
566 2511 625 2543 πῶς
635 2511 668 2539 ἂν
676 2512 821 2539 ὲνδοιάσειέ
829 2522 881 2545 τις;

98 2554 241 2588 Ἐςρείδετο
273 2554 363 2582 τοίνυν
389 2556 438 2590 τῆς
464 2556 586 2591 ἀκάνθης
613 2557 644 2584 τὸ
664 2557 730 2593 πῦρ,
746 2559 792 2585 καὶ
806 2560 882 2593 οἰστὴ

91 2600 205 2634 γέγονεν
216 2601 233 2635 ή
250 2600 316 2633 φλὸξ
335 2601 445 2637 σμικρῷ
460 2602 508 2629 καὶ
523 2602 712 2637 ἀσθενεστάτῳ
727 2603 807 2638 ξύλῳ.
826 2605 883 2630 Κε-

92 2645 206 2682 χώρηκε
228 2646 292 2682 γὰρ,
311 2646 348 2677 ὡς
374 2647 453 2682 ἔφην,
480 2647 576 2683 θεότης
603 2648 802 2684 ἀνθρωπὸτητι.
830 2650 884 2676 Καὶ

92 2691 174 2718 τοῦτο
193 2690 304 2724 γέγονεν
324 2692 354 2719 ὲν
369 2692 480 2727 Χριστῷ
495 2693 525 2719 τὸ
546 2694 706 2729 μυστήριον.
731 2695 885 2731 Κατῴκηκε

91 2735 121 2762 δὲ
138 2737 188 2763 καὶ
202 2736 231 2762 ὲν
246 2737 313 2771 ἡμῖν
333 2737 347 2763 ὁ
368 2737 415 2764 τοῦ
430 2737 498 2764 Θεοῦ
524 2738 619 2772 Λόγος,
636 2739 665 2766 οὑ
682 2739 776 2772 ποινὰς
791 2739 883 2773 αἰτῶν,

928 2285 1001 2319 piam
1019 2271 1205 2310 dubitaverit?
1233 2279 1305 2314 Ignis
1328 2283 1392 2311 ergo
1421 2273 1543 2309 pepercit
1567 2271 1662 2306 spinae,
1692 2273 1719 2296 et

929 2315 1037 2356 ilamma
1048 2328 1118 2355 facta
1130 2331 1171 2354 est
1188 2333 1272 2360 parvo
1288 2322 1451 2355 inlirmoquc
1464 2319 1538 2354 ligno
1559 2315 1718 2344 tolerabilis.

930 2375 1009 2410 263
1024 2374 1114 2409 Capax
1129 2372 1204 2399 enim
1227 2369 1348 2400 deitatis,
1368 2372 1397 2394 ut
1418 2367 1472 2401 jam
1494 2364 1560 2395 dixi,
1583 2362 1653 2390 facta
1679 2366 1720 2388 cst

929 2408 1095 2449 bum—auitas.
1109 2419 1142 2446 Et
1159 2419 1210 2444 hoc
1222 2417 1324 2443 factum
1338 2419 1379 2441 est
1389 2414 1416 2440 in
1426 2412 1534 2439 Christo
1549 2408 1718 2445 mysterium.

934 2466 1073 2495 Habitavit
1088 2464 1161 2492 enim
1175 2464 1202 2490 in
1214 2462 1294 2494 nobis
1305 2460 1351 2488 Dei
1362 2459 1491 2489 Verbum,
1502 2464 1557 2484 non
1570 2462 1663 2490 pmnas
1671 2462 1720 2481 ex—

935 2518 1041 2548 petens,
1058 2518 1110 2538 nec
1131 2510 1207 2536 litem
1228 2507 1308 2536 nobis
1330 2504 1486 2536 intendens,
1503 2501 1550 2529 sed
1570 2499 1721 2528 commodis

934 2566 966 2586 ac
984 2557 1098 2592 placidis
1109 2555 1242 2590 all'ulgens
1256 2550 1468 2580 accessionibus.
1486 2547 1562 2576 Sicut
1578 2546 1650 2574 enim
1664 2545 1721 2580 ipse

935 2603 1000 2631 alibi
1015 2603 1062 2634 ait,
1085 2611 1094 2626 ‹
1114 2601 1172 2628 Non
1188 2598 1262 2626 misit
1275 2598 1349 2625 Deus
1371 2595 1469 2622 Filium
1488 2600 1569 2621 suum
1589 2592 1616 2618 in
1639 2598 1720 2617 mnu-

935 2650 1011 2681 dum,
1031 2651 1061 2675 ut
1085 2647 1222 2682 judicaret
1247 2642 1390 2672 mundum,
1412 2640 1459 2667 sed
1476 2643 1506 2666 ut
1530 2638 1622 2666 salvus
1643 2635 1720 2664 ﬁeret

936 2692 1206 2728 mundusperipsmn
1215 2691 1264 2717 ⁷⁸.»
1279 2689 1338 2715 Non
1351 2686 1435 2722 igitur
1444 2683 1658 2712 comburebatur
1674 2689 1722 2708 ru-

937 2741 988 2768 bus
1006 2741 1039 2769 ab
1055 2737 1229 2766 incumbente
1242 2734 1292 2769 ipsi
1311 2732 1429 2759 ﬂamma.
1444 2729 1536 2765 Neque
1554 2728 1627 2756 enim
1638 2733 1721 2761 expc-

131 2844 155 2879 ἶο
179 2842 267 2871 Exod.
292 2844 405 2879 nul-6.
445 2843 466 2879 τῇ
487 2842 573 2870 Galnt.
590 2851 627 2879 ιιι,
644 2844 687 2872 24.
726 2845 747 2862 "
762 2845 841 2874 Dent.
859 2854 873 2873 Χ

926 2846 975 2879 24;
991 2845 1072 2873 Hebr.
1096 2843 1203 2876 “,29.
1242 2842 1266 2857 τ³
1285 2841 1354 2868 Psal.
1374 2847 1418 2870 cu,
1445 2836 1485 2863 Η.
1523 2833 1615 2862 "Col.
1639 2840 1670 2866 II,
1693 2830 1711 2859 9

98 2872 121 2887 ⁷⁸
136 2878 146 2907 1
160 2879 232 2906 Tim.
256 2886 293 2911 vi,
313 2878 355 2906 l6.
412 2878 435 2894 τε
454 2878 530 2905 Joan.
548 2872 639 2912 "1,17.
