1999 3056
227 135 277 162 ιὲὅ

735 134 763 162 S.
783 133 921 163 CYRILLI
941 131 1174 160 ALEXANDRINI
1193 133 1352 163 ARCHIEP.

1799 137 1851 166 ιρι

225 193 297 227 Quid
319 193 364 220 hic
380 193 458 222 statis
483 197 539 222 tota
561 193 605 221 die
631 193 734 221 otiosi?
760 193 860 220 Dicunt
878 192 903 219 ei
921 201 926 218 :
947 191 1005 224 Qui:

1069 191 1132 226 περὶ
1154 191 1202 226 τὴν
1220 192 1302 228 ἕκτην
1320 193 1392 228 ὤραν
1413 193 1458 220 καὶ
1475 193 1588 230 ὲννὰτην
1612 194 1740 229 ἐποίησεν
1761 195 1852 222 ὡσαύ-

228 246 308 266 nemo
330 246 379 266 nos
393 239 534 266 conduxit.
551 239 622 266 Dicit
633 239 672 266 cis
689 249 694 265 :
710 239 748 266 Ite
768 243 795 266 et
808 246 856 266 vos
868 239 895 265 iu
906 238 1013 265 vineam

229 292 317 311 meam
326 285 377 310 ⁹⁷.›
396 284 478 312 Vides
489 285 516 312 in
530 285 583 317 his,
601 289 629 313 et
640 285 750 320 quidem
765 284 906 311 manifeste
920 284 1003 311 adma

227 330 304 361 dum,
318 330 391 365 quod
405 335 528 358 nostrum
547 331 675 358 saeculum
692 331 727 358 sit
749 330 777 357 in
804 329 926 364 quinque
949 333 1016 356 tem—

227 383 293 410 pora
303 375 456 410 partitum?
481 375 520 402 Ac
541 375 659 410 primum
677 374 804 409 quidem,
829 375 1016 401 existimamus

227 419 305 451 iilud,
323 419 350 446 in
369 427 424 454 quo
444 419 534 447 adhuc
546 419 705 446 versabatur
723 419 750 445 in
763 418 889 453 paradiso
912 418 1016 453 primus

227 469 304 499 pater
313 465 409 492 Adam.
421 464 576 492 Secundum
585 469 646 498 post
662 464 723 496 hoc,
741 468 769 490 et
785 464 868 490 veluti
883 464 910 490 in
921 473 929 488 ι
948 464 1015 491 hora

227 510 337 542 tertia,'i
349 510 527 545 signiﬁcatur,
542 510 568 536 iu
579 516 634 543 quo
645 509 754 535 vivebat
768 509 835 541 Noe,
851 515 879 540 et
891 510 916 536 ei
926 517 1016 544 aequa-

226 554 276 582 les.
287 554 419 586 Tertium,
436 554 512 588 quasi
525 554 552 580 in
571 563 579 578 l
595 553 660 580 hora
681 558 767 585 sexta,
783 563 792 578 ι
810 553 838 580 in
860 562 915 588 quo
935 562 1015 582 voca-

227 604 271 627 tus
284 604 326 627 est
337 599 474 626 Abraham
488 599 522 626 ad
535 599 720 634 cognitionem
740 599 864 626 veritatis
879 600 913 626 ab
934 600 1016 635 hujus

227 645 347 672 universi
379 645 444 672 Deo.
468 644 602 677 Quartum
621 652 688 671 vero
716 652 811 672 rursus
837 649 963 680 tanquam
987 646 1014 673 in

231 700 239 714 ι
255 690 320 716 hora
335 697 416 721 noua,
433 699 442 715 ι
461 694 502 717 est
525 689 607 717 Mosis
628 695 656 717 et
677 691 883 725 prophetarum.
911 701 919 716 ι
935 691 1014 719 Circa

226 735 418 769 undecimam.»
434 740 535 766 autem,
548 736 599 763 hoc
611 740 663 768 est,
675 736 770 770 quinto
782 737 892 767 seculo,
904 742 1014 764 contra-

225 784 271 807 cto
285 780 340 815 jam
353 780 554 814 quodammodo
569 783 624 814 die,
639 786 666 809 et
681 782 714 809 ad
730 790 856 810 occasum
873 789 1012 819 vergente,

225 829 283 852 tum
304 825 429 853 Christus
446 826 578 854 conduxit
599 831 704 862 gentes,
719 836 779 862 qua:
799 836 813 855 a
831 829 905 856 nullo
924 830 1015 857 hacte-

1066 245 1128 268 τως.
1153 238 1220 273 Περῖ
1233 238 1260 264 δὲ
1280 240 1328 274 τὴν
1344 240 1490 274 ἑνδεκάτην
1507 240 1638 272 ἐξελθὼν,
1660 237 1739 275 εὗρεν
1757 241 1852 273 ἄλλους

1066 283 1202 314 ἑστῶτας,
1217 284 1265 310 καὶ
1290 284 1363 318 λέγει
1390 285 1480 316 αὐτοῖς
1514 286 1546 312 Τί
1562 282 1612 311 ὧδε
1634 286 1769 320 ἑστήκατε
1789 287 1853 320 ὃλην

1065 328 1114 364 τὴν
1137 330 1242 364 ἡμέραν
1269 331 1363 365 ἀργοί;
1390 331 1521 364 Λέγουσιν
1550 331 1636 366 αὐτῷ·
1661 330 1753 357 Οὐδεὶς
1779 332 1852 366 ἡμᾶς

1065 375 1248 410 ἐμισθώσατο.
1269 376 1351 409 Λέγει
1371 376 1472 408 αὐτοῖς’
1493 377 1627 411 Ὑπάγετε
1645 377 1691 404 καὶ
1711 378 1789 412 ὑμεῖς
1814 380 1852 409 είς
1891 382 1896 383 ⁷

1065 421 1110 447 τὸν
1131 421 1281 456 ἀμπελῶνα
1302 431 1362 457 μου.
1383 431 1391 446 ι
1417 422 1498 457 Ὁρᾷς
1518 422 1550 457 δὴ
1571 421 1616 448 οὖν
1632 424 1659 449 ἐν
1682 423 1786 455 τούτοις
1807 426 1865 450 καὶ·

1065 466 1125 493 λίαν
1144 468 1330 503 ἐναργέστατα
1352 469 1399 494 καὶ
1415 469 1508 502 alqui);
1529 469 1569 500 είς
1592 469 1670 500 ὅλους
1691 469 1770 496 πέντε
1791 479 1853 496 και-

1069 513 1131 548 ροὺς
1149 514 1194 539 τὸν
1211 513 1272 539 καθ’
1287 515 1360 548 ἡμᾶς
1376 514 1460 541 αἰῶνα
1474 514 1657 550 διῃρημένονς
1672 515 1725 541 Καὶ
1746 515 1853 550 πρῶτον

1067 558 1116 593 μὲν
1141 557 1210 585 εἶναι
1231 559 1411 594 λογιούμεθα,
1433 560 1491 586 καθ’
1505 561 1534 586 ὃν
1557 558 1591 595 ἦν
1607 560 1646 586 ἔτι
1657 560 1705 591 τὰς
1721 562 1749 587 ἐν
1766 569 1853 597 παρα-

1065 605 1146 641 δείσῳ
1162 606 1303 642 διατριῦἁς
1320 608 1333 634 ό
1353 608 1503 643 προπάτωρ
1518 608 1587 643 ἔχων
1614 608 1710 644 Ἀδάμ·
1728 609 1852 644 δεύτερον

1065 648 1092 675 δὲ
1110 651 1168 685 μετ’
1185 652 1288 677 ἐκεῖνον
1311 651 1358 677 καὶ
1377 651 1414 683 ὡς
1437 662 1446 676 ‹
1467 651 1527 688 ὥρᾳ
1546 652 1625 688 τρίτῃ
1644 661 1653 677 ›
1676 652 1851 688 δηλούμενον,

1066 696 1125 723 καθ’
1136 696 1165 722 ὂν
1178 697 1239 723 Νῶε
1254 697 1301 723 καὶ
1320 698 1343 724 οἱ
1364 697 1412 724 σὺν
1424 698 1508 733 αὐτῷ·
1524 699 1615 734 τρίτον
1633 699 1661 726 δὲ
1680 700 1717 731 ὠς
1735 710 1744 726 ι
1760 701 1789 726 ὲν
1804 701 1850 727 ἕκ-

1066 751 1117 778 τῃ,
1135 752 1144 768 ι
1169 743 1271 770 καθ’ὂν
1297 743 1390 770 ἐκάλει
1413 744 1458 770 τὸν
1488 745 1612 780 ’Λϐραὰμ
1635 747 1676 778 εὶς
1703 746 1852 781 ἐπίγνωσιν

1065 790 1114 824 τῆς
1132 789 1261 827 ἀληθείας
1284 791 1298 816 ὀ
1318 791 1363 817 ἐπὶ
1386 791 1493 817 πάντων
1515 791 1590 823 Θεός·
1609 792 1639 819 τὸ
1663 794 1792 828 τέταρτον
1812 794 1851 825 δὲ,

1065 836 1101 868 ὡς
1124 846 1132 862 ι
1153 837 1182 863 ἐν
1197 836 1257 872 ὥρα
1273 837 1353 863 πάλιν
1372 837 1482 873 ἐννάτῃ.
1501 848 1510 864 ›
1530 838 1576 864 τοῦ
1597 839 1718 871 Μωσέως
1732 840 1851 875 δηλονότι

225 879 277 899 nus
290 873 433 900 retroactis
450 873 620 908 temporibus
635 878 736 901 vocata:
751 879 814 902 sunt
827 875 861 902 ad
878 877 1005 912 cognitio-

1064 883 1112 908 καὶ
1127 882 1182 909 τῶν
1200 883 1357 918 προφητῶν.
1384 893 1392 909 ι
1412 884 1481 920 Περὶ
1497 884 1546 921 τὴν
1560 886 1718 922 ἑνδεκάτην,
1743 896 1751 912 ι
1776 896 1852 914 τουτ-

223 925 286 944 nem
309 918 367 945 Dei.
385 918 456 945 Hinc
471 920 604 954 postremi
620 920 715 947 dicunt
732 930 738 947 :
757 931 764 946 ι
782 922 868 949 Nemo
884 931 934 950 nos
946 931 1013 950 con—

224 964 311 992 duxit.
329 975 337 990 ι
354 964 494 1000 Aecipitur
511 966 604 1001 itaque
623 975 709 1002 agnus
723 968 750 994 in
769 969 890 1003 quinque
914 969 1013 996 borum

223 1010 330 1038 dierum
348 1011 448 1045 primo,
470 1011 522 1039 hoe
533 1017 585 1045 est,
599 1012 626 1039 in
643 1013 759 1046 decimo,
775 1014 820 1048 qui
834 1018 927 1049 typum
944 1016 1014 1050 gerit

222 1056 351 1091 principii
370 1058 512 1092 temporis,
530 1063 693 1086 etservatus
707 1060 735 1086 in
745 1060 871 1087 ultimum
894 1065 1011 1096 tempus,

223 1102 275 1130 hoc
292 1107 344 1136 est,
357 1104 384 1131 in
396 1104 534 1131 decimum
548 1109 686 1139 quartum,
709 1110 844 1133 mactatur
867 1107 901 1134 ad
918 1115 1014 1142 vespe-

222 1155 295 1182 ram,
310 1154 343 1176 ut
364 1150 463 1177 iterum
484 1151 618 1186 intelligas
642 1152 706 1179 hinc
731 1153 804 1187 quod
827 1160 881 1180 non
904 1161 1010 1187 recens,

222 1202 274 1222 nec
297 1203 387 1231 nuper
409 1201 503 1224 natum
517 1198 551 1224 sit
565 1197 667 1225 Christi
686 1200 857 1235 mysterium,
875 1200 922 1227 sed
938 1200 1011 1235 quod

222 1245 390 1268 reservatum
405 1241 488 1268 fuerit
502 1242 530 1269 in
549 1243 720 1277 praescientia
737 1245 839 1277 Patris,
861 1249 889 1272 et
908 1246 942 1272 ab
968 1246 1010 1281 ip-

220 1286 278 1313 sius
298 1287 391 1314 mundi
404 1287 639 1316 constitutione".
653 1289 777 1317 Mortuus
797 1295 839 1317 est
851 1295 942 1319 autem
961 1300 1011 1327 pro

220 1332 299 1360 nobis
318 1333 420 1361 ultimis
433 1334 523 1361 saeculi
542 1335 725 1370 temporibus,
742 1344 804 1364 cum
827 1338 949 1365 nondum
967 1338 1010 1365 in-

220 1378 371 1413 telligibilis
385 1386 417 1406 ac
429 1379 521 1406 divina
534 1380 581 1407 lux
594 1381 792 1415 resplenderet,
811 1382 859 1409 sed
874 1387 945 1410 terra
964 1391 1009 1410 es—

219 1427 261 1451 set
275 1423 364 1451 adhue
378 1424 536 1459 ignorantia:
551 1425 673 1453 tenebris
684 1426 836 1458 submersa,
849 1432 876 1453 et
885 1427 1010 1454 tenebrae

219 1477 280 1495 rum
292 1469 390 1496 harum
405 1470 545 1505 principes
557 1471 698 1498 erroribus
710 1472 833 1499 omnium
848 1473 929 1500 corda
942 1481 1010 1508 quo-

217 1514 363 1543 dammodo
373 1516 559 1544 obfuscarent.
574 1516 680 1544 Idcirco
691 1517 815 1545 Salvator
829 1526 891 1545 eum
909 1519 942 1545 ad
959 1527 1009 1546 nos

1067 928 1152 960 ἐστιν,
1166 930 1194 955 ὲν
1210 929 1247 963 τῷ
1260 929 1377 966 πέμπτῳ
1391 932 1494 968 καιρῷ,
1508 932 1721 967 συστελλομένης
1737 933 1787 969 ἤδη
1803 935 1851 968 τῆς

1065 974 1188 1010 ἡμέρας,
1209 975 1256 1001 καὶ
1272 976 1354 1002 οἶονεὶ
1377 977 1556 1008 καταλύοντος
1579 979 1619 1010 εἰς
1638 978 1712 1011 τέλος
1733 980 1783 1015 ἤδη
1803 980 1851 1006 τοῦ

1064 1020 1196 1055 παρόντος
1215 1021 1322 1054 αἰῶνος,
1343 1023 1514 1056 ἐμισθώσατο
1535 1024 1568 1050 τὰ
1585 1024 1650 1059 ἔονη
1664 1025 1779 1060 Χριστὸς
1803 1035 1849 1052 κε-

1064 1064 1187 1100 κλημένα
1206 1067 1274 1102 πρὸς
1291 1067 1339 1102 τὴν
1356 1067 1504 1102 ἐπίγνωσιν
1521 1068 1585 1103 παρ’
1602 1069 1696 1105 ἐτέρου
1717 1070 1850 1106 μηδαμῶς

1064 1112 1134 1138 κατά
1156 1113 1219 1143 τοὺς
1242 1112 1346 1139 ἄνωθεν
1370 1114 1416 1140 καὶ
1436 1114 1635 1149 παρῳχηκότας
1658 1116 1780 1151 καιρούς.
1803 1117 1850 1143 Διὸ

1062 1157 1093 1193 δὴ
1115 1157 1192 1193 παρὰ
1216 1159 1320 1191 πάντας
1345 1160 1370 1185 οἱ
1393 1159 1541 1187 τελευταῖοι
1565 1169 1630 1196 φασι
1656 1162 1696 1187 τό·
1723 1172 1731 1188 ι
1754 1163 1849 1195 Οὐδεὶς

1062 1205 1135 1239 ἡμᾶς
1155 1204 1336 1239 ἐμισθώσατο.
1357 1215 1365 1230 ι
1389 1205 1565 1242 Λαμϐάνεται
1584 1197 1672 1234 τοίνυν
1692 1209 1722 1234 τὺ
1746 1209 1848 1243 7:966:1-

1061 1258 1106 1276 τον
1120 1250 1189 1277 κατὰ
1210 1250 1258 1285 τὴν
1275 1252 1381 1287 ἡμέραν
1395 1251 1447 1286 τῆς
1466 1252 1639 1288 πενθημέρου
1654 1253 1703 1289 τὴν
1724 1254 1847 1290 πρώτην,

1060 1297 1193 1329 τουτέστι,
1203 1297 1253 1333 τὴν
1267 1293 1392 1333 δεκάτην,
1403 1298 1489 1325 τύπον
1504 1299 1654 1334 ἐπέχουσαν
1668 1300 1716 1335 τῆς
1732 1300 1777 1326 τοῦ
1786 1300 1849 1327 αἰῶ-

1060 1351 1105 1374 νος
1122 1343 1221 1379 ἀρχῆς,
1237 1345 1284 1370 καὶ
1301 1343 1466 1379 διατηρηοὲν
1489 1345 1518 1370 ὲν
1531 1344 1571 1379 τῷ
1586 1345 1732 1381 τελευταίῳ
1747 1346 1846 1382 καιρῷ,

1059 1389 1209 1420 τουτέστιν,
1225 1390 1254 1415 ὲν
1267 1391 1299 1425 τῇ
1319 1390 1622 1427 τεσσαρεσκαιδεκάτῃ,
1635 1391 1766 1426 σφάζεται
1780 1392 1848 1428 πρὸς

1061 1434 1190 1470 ἑσπέραν·
1209 1435 1251 1461 ἴνα
1263 1435 1345 1462 πάλιν
1356 1437 1464 1472 ὲννοῇς,
1480 1437 1517 1468 ὡς
1529 1436 1591 1463 οὔτε
1610 1437 1668 1464 νέον
1681 1438 1755 1464 ἐστὶν
1764 1459 1771 1470 ,
1787 1438 1847 1465 οὑδὲ

1060 1479 1216 1515 πρόσφατον
1229 1480 1259 1507 τὸ
1277 1481 1323 1507 τοῦ
1338 1481 1457 1516 Χριστοῦ
1479 1483 1636 1517 μυστήριον·
1658 1483 1713 1510 ἀλλ’
1730 1484 1847 1517 ἐφυλάτ-

1058 1533 1120 1551 τετο
1141 1524 1190 1560 μὲν
1214 1526 1242 1551 ὲν
1266 1526 1418 1560 προγνώσει
1442 1527 1490 1553 τοῦ
1515 1527 1631 1562 Πατρὸς.
1646 1529 1692 1554 καὶ
1713 1528 1743 1560 ἐξ
1762 1529 1846 1563 αὐτῆς

218 1561 336 1589 venisset
350 1570 357 1588 :
373 1571 382 1587 ‹
396 1562 463 1597 Ego,
474 1562 572 1597 inquit,
585 1563 699 1591 sumlux
707 1564 801 1590 mundi
814 1565 848 1590 99.
863 1574 871 1589 ›
888 1565 954 1592 ltern
966 1566 1005 1592 lu-

1058 1570 1109 1605 τῆς
1123 1570 1168 1597 τοῦ
1186 1571 1288 1606 κόσμου
1309 1571 1473 1606 καταϐολῆς.
1496 1572 1629 1599 Ἀπέθανε
1643 1574 1671 1600 δὲ
1684 1574 1755 1609 ὑπὲρ
1768 1574 1846 1609 ἡμῶν

217 1607 332 1634 minaria
343 1608 369 1634 in
382 1607 485 1635 mundo
494 1609 677 1636 verbumvilae
688 1609 850 1637 sustinentia
858 1611 945 1638 sancti
957 1618 1007 1638 vo—

216 1657 324 1684 cantur,
337 1661 369 1680 ac
384 1654 482 1681 merito
495 1654 628 1681 audiunt:
641 1663 650 1679 ι
660 1655 714 1682 Vos
722 1656 789 1682 estis
800 1655 847 1682 lux
858 1657 952 1683 mundi
964 1657 982 1688 ¹,
994 1665 1003 1683 ι

217 1703 311 1733 utpote
325 1699 372 1733 qui
386 1700 492 1734 possint
502 1699 658 1728 illuminare
673 1705 813 1728 versantes
830 1701 858 1728 in
871 1702 1003 1730 tenebris.

216 1744 298 1778 269
312 1744 499 1772 Admiraberis
510 1749 601 1773 autem
615 1754 712 1773 rursus
726 1746 809 1773 etiam
825 1747 899 1774 aliud
913 1747 940 1774 in
953 1747 1005 1775 hoc

215 1789 276 1816 loco
297 1789 467 1824 mysterium.
490 1790 557 1819 Nam
579 1798 664 1825 agnus
690 1796 826 1818 mactatur
849 1792 876 1819 in
899 1792 1004 1820 decimo

215 1838 315 1869 quarto
336 1835 449 1867 mensis,
472 1843 534 1862 cum
553 1836 658 1864 lunaris
680 1837 801 1864 circulus
820 1838 903 1866 habet
926 1847 1003 1867 suam

215 1879 424 1913 plenitudinem,
434 1884 461 1908 et
475 1882 552 1916 quasi
566 1882 657 1917 spuria
672 1883 733 1910 luce
748 1884 843 1911 orbem
856 1885 1001 1917 illuminat,

214 1925 363 1959 incipiente
383 1933 448 1953 vero
461 1927 516 1961 jam
531 1928 662 1962 paulatim
676 1928 847 1962 decrescere,
867 1938 899 1957 ac
917 1931 1001 1959 veluti

213 1978 247 1996 ex
268 1971 433 1998 necessitate
454 1972 586 2000 honorem
608 1977 636 2001 et
653 1975 767 2009 gratiam
789 1984 849 2010 quae
866 1977 915 2011 ipsi
931 1977 1002 2004 inest

212 2016 402 2044 contralientc.
418 2017 453 2045 Ut
464 2018 569 2046 scilicet
582 2019 623 2046 vel
640 2020 705 2047 hinc
721 2021 856 2056 intelligas
872 2026 1000 2057 tanquam

211 2069 246 2089 ex
263 2062 380 2098 imagine
399 2067 427 2090 et
447 2064 544 2092 umbra
569 2065 608 2092 rei
631 2067 787 2100 propositze,
804 2068 945 2096 traductus
965 2070 998 2096 ad

211 2109 350 2136 veriorum
371 2111 655 2145 comprehensionem,
669 2114 741 2148 quod
758 2115 884 2150 princeps
898 2117 997 2149 noctis,

211 2153 263 2182 hoc
278 2159 329 2187 est,
347 2155 482 2189 diabolus,
499 2165 547 2191 per
566 2162 653 2185 totum
672 2160 876 2194 gloriﬁcabatur
891 2163 996 2194 orbem,

1059 1617 1087 1642 ἐν
1109 1618 1164 1648 τοῖς
1183 1617 1307 1652 ἐσχάτοις
1324 1617 1370 1644 τοῦ
1393 1618 1489 1650 αἰῶνος
1505 1620 1625 1654 καιροῖς,
1639 1620 1714 1646 οὔπω
1734 1620 1782 1655 μὲν
1798 1620 1845 1646 τοῦ

1058 1662 1152 1697 νοητοῦ
1174 1663 1220 1689 καὶ
1241 1663 1312 1689 θείου
1341 1663 1430 1698 φωτὸς
1452 1663 1686 1699 καταλάμποντος
1711 1666 1750 1701 τῷ
1771 1666 1794 1692 δ’
1815 1666 1844 1698 ἐξ

1057 1707 1169 1742 ἀγνοίας
1191 1709 1278 1744 σκότῳ
1296 1709 1516 1744 βεῦαπτισμένης
1530 1710 1570 1736 ἑτι
1582 1711 1633 1746 τῆς
1653 1713 1715 1747 γῆς.
1735 1712 1780 1738 καὶ
1796 1713 1844 1744 τὰς

1058 1753 1185 1780 ἁπάντων
1207 1754 1319 1789 καρδίας
1333 1756 1576 1789 καταμολυνόντων
1590 1757 1647 1787 ταῖς
1660 1756 1777 1789 πλάναις
1790 1757 1844 1784 τῶν

1056 1800 1285 1836 κοσμοκρατόρων
1304 1801 1350 1827 τοῦ
1369 1802 1482 1833 σκότους
1499 1801 1604 1829 τούτου.
1628 1803 1677 1830 Διὰ
1693 1803 1772 1830 τοῦτο
1785 1805 1841 1836 καὶ,

1059 1857 1067 1873 ί
1080 1847 1151 1881 Ἐγώ
1171 1849 1228 1883 εἰμι
1245 1849 1275 1875 τὸ
1294 1849 1351 1883 φῶς
1365 1850 1411 1876 τοῦ
1427 1850 1541 1885 κόσμου,
1565 1859 1574 1875 ι
1588 1849 1758 1885 ἐπιδημήσας
1774 1852 1841 1886 ἑφα-

1055 1902 1119 1920 σκεν
1138 1894 1152 1919 ὁ
1165 1894 1271 1929 Σωτήρ.
1292 1895 1347 1921 Καὶ
1367 1895 1508 1930 φωστῆρες
1522 1896 1550 1921 ἐν
1565 1896 1660 1930 γόσμῳ
1674 1890 1751 1929 λόγον
1768 1896 1840 1932 ζωῆς

1053 1938 1207 1974 ἐπέχοντες.
1220 1941 1245 1965 οἱ
1256 1940 1327 1974 am:
1339 1941 1550 1976 χρηματίζουσι·
1565 1941 1610 1968 καὶ
1622 1942 1734 1978 προσέτι
1750 1943 1836 1969 τοῦτο’

1056 1995 1064 2010 ι
1089 1985 1143 2011 Καὶ
1157 1985 1235 2020 ὑμεῖς
1249 1987 1309 2012 ἐστε
1329 1985 1359 2011 τὸ
1380 1987 1437 2020 φῶς
1450 1987 1497 2012 τοῦ
1520 1988 1634 2022 κόσμου,
1655 1997 1664 2014 ›
1687 1988 1730 2015 διὰ
1749 1989 1778 2015 τὸ
1793 1989 1838 2016 διὶ-

1053 2030 1150 2057 νασθαι
1181 2030 1309 2065 φωτίζειν
1334 2032 1396 2062 τοὺς
1427 2032 1506 2064 ὄντας
1534 2034 1562 2059 ἐν
1593 2034 1698 2069 σκότῳ,
1727 2035 1839 2067 δικαίως

1053 2075 1207 2102 ἀκούουσιν.
1234 2076 1453 2112 Ἀποοαυμὰσεις
1469 2078 1496 2105 δὲ
1521 2078 1603 2106 πάλιν
1624 2081 1670 2106 καὶ
1693 2081 1788 2116 ἑτέραν
1810 2083 1838 2108 ὲν

1050 2121 1137 2156 τούτῳ
1150 2122 1283 2157 μυστικὴν
1299 2123 1435 2158 εὑρίσκων
1448 2125 1614 2160 οἰκονομίαν.
1636 2126 1771 2160 Σφάζεται
1784 2128 1836 2164 γὰρ

1050 2167 1063 2192 ὁ
1088 2167 1172 2201 ἀμνὸς
1196 2167 1224 2193 ὲν
1247 2169 1530 2204 τεσσαρεσκαιδεκάτῃ
1555 2170 1601 2196 τοῦ
1628 2171 1711 2206 μηνὸς
1734 2172 1835 2207 ἡμέρᾳ,

210 2200 257 2233 qui
272 2208 322 2234 per
335 2200 429 2228 lunam
442 2202 527 2228 veluti
541 2202 567 2229 in
581 2207 643 2238 typo
651 2203 819 2238 signiﬁcatur
834 2206 908 2242 (luna
923 2208 996 2234 enim

1057 2213 1140 2248 πλήρη
1168 2213 1217 2247 τὴν
1244 2214 1348 2240 οἰκείαν
1377 2214 1483 2249 ἔχοντος
1512 2215 1590 2248 δόξαν
1616 2216 1663 2242 τοῦ
1695 2218 1836 2248 σεληναῖον

210 2245 281 2272 nocti
294 2247 439 2281 praposita
452 2247 516 2282 est),
527 2252 554 2275 et
565 2249 729 2276 mundanam
745 2252 905 2286 sapientiam
918 2254 995 2288 quasi

211 2289 378 2323 illegitimam
402 2291 491 2318 lucem
516 2293 667 2320 immittens
686 2294 712 2320 in
734 2295 815 2323 corda
832 2299 994 2331 errantium,

210 2335 404 2369 ampliSsimam
425 2337 476 2364 sibi
496 2338 608 2372 gloriam
629 2345 747 2375 arrogat.
770 2340 903 2370 Caeterum
924 2352 995 2372 mor—

210 2385 273 2407 tuus
286 2387 327 2408 est
338 2388 450 2418 propter
470 2392 530 2416 nos,
547 2390 574 2412 et
589 2393 639 2420 pro
656 2387 736 2414 nobis
749 2386 873 2416 Christus
888 2390 932 2418 ille
946 2400 993 2419 ve—

208 2433 255 2452 rus
271 2425 373 2460 Agnus,
388 2429 433 2462 qui
450 2429 520 2456 tollit
539 2435 650 2464 peccata
665 2433 758 2459 mundi
776 2434 796 2466 ',
820 2434 992 2472 dcslruilque

207 2470 308 2497 diaboli
324 2472 448 2506 gloriam.
465 2474 580 2502 Necesse
593 2480 634 2503 est
647 2477 719 2504 enim
737 2486 796 2506 eam
816 2481 929 2514 posthac
944 2470 992 2509 de-

207 2515 297 2543 sinere
309 2522 336 2544 et
349 2518 476 2551 paulatim
496 2520 613 2555 absumi,
629 2530 691 2550 cum
706 2525 853 2553 multitudo
868 2529 989 2561 gentium

206 2561 239 2593 ad
250 2569 346 2596 pacem
359 2571 390 2591 ac
402 2564 576 2594 dilectionem
595 2568 642 2595 Dei
656 2570 804 2598 ascendere
820 2571 929 2600 festinat
945 2582 993 2608 per

205 2608 413 2636 conversionem
433 2611 467 2637 ad
489 2611 577 2646 ipsum
598 2618 626 2642 et
647 2615 737 2643 ﬁdem.
757 2619 845 2653 Atque
870 2619 922 2647 hoc
950 2626 992 2648 est

205 2654 277 2688 quod
287 2655 341 2690 jam
357 2656 421 2683 olim
440 2657 467 2684 in
486 2658 601 2687 Psalmis
617 2661 790 2690 decantatum
803 2664 854 2691 fuit
866 2665 898 2692 de
913 2665 992 2694 Chri-

204 2702 248 2724 sto
269 2707 274 2724 :
290 2708 299 2723 ‹
317 2698 426 2728 Orietur
441 2702 469 2728 in
483 2702 579 2732 diebus
599 2706 658 2740 ejus
674 2707 788 2742 justitia,
803 2713 829 2735 ct
842 2712 990 2738 multitudo

204 2744 289 2779 pacis,
301 2744 389 2773 donec
401 2754 495 2775 contra
510 2750 649 2778 auferatur
662 2752 725 2780 luna
740 2753 758 2780 ³.
776 2764 784 2779 ›
801 2755 867 2782 Nam
885 2757 911 2783 in
929 2757 988 2784 die-

209 2828 218 2844 .
285 2801 383 2844 .Manh-
404 2812 448 2844 Χέ-
465 2805 519 2833 1-7-
576 2809 598 2824 ’⁸
618 2809 717 2844 Ephes.
745 2819 782 2843 ui,
810 2812 836 2838 9.

232 2835 301 2863 Psal.
319 2845 390 2870 LXXI,
418 2839 442 2866 7.

890 2814 912 2828 “
929 2814 1006 2842 Joan.
1034 2825 1090 2847 vin,
1117 2818 1165 2849 12;
1185 2826 1222 2851 rx,
1242 2818 1267 2846 5.

1050 2259 1166 2289 κύκλου,
1184 2260 1231 2285 καὶ
1252 2260 1322 2294 νὸοῳ
1338 2260 1386 2294 μὲν
1406 2260 1500 2296 ὥσπερ
1523 2262 1591 2296 φωτὶ
1608 2263 1656 2298 τὴν
1674 2263 1836 2298 οἰκουμένην

1049 2306 1282 2339 καταυγὰζοντος,
1306 2308 1459 2342 ἀρχομένου
1475 2308 1496 2334 δ’
1521 2307 1566 2335 οὖν
1592 2309 1666 2344 ὅμως
1687 2310 1836 2344 ἀπολήγει-ι

1049 2351 1118 2377 κατὰ
1140 2351 1238 2386 βραχὺ,
1255 2353 1302 2379 καὶ
1314 2352 1409 2388 ὥσπερ
1423 2354 1452 2386 ἐξ
1467 2354 1590 2389 ἀνάγκης
1604 2356 1654 2390 ἤδη
1678 2356 1835 2383 συστέλλον-

1047 2403 1093 2427 τος
1121 2397 1170 2432 τὴν
1194 2398 1353 2425 ἐνοικοῦσαν
1372 2399 1446 2434 αὐτῷ
1468 2401 1551 2436 τιμήν
1571 2410 1599 2427 τε
1622 2403 1668 2428 καὶ
1682 2403 1772 2438 χάριν·
1793 2403 1834 2430 ἵνα

1049 2443 1148 2477 νοήσῃς
1162 2443 1298 2476 ἐντεῦθεν,
1315 2445 1352 2476 ὡς
1365 2445 1394 2477 ἐξ
1410 2446 1512 2477 εἰκόνος
1527 2455 1556 2472 τε
1571 2448 1617 2473 καὶ
1630 2449 1706 2479 σκιᾶς
1717 2448 1764 2475 τοῦ
1783 2458 1834 2476 πα-

1049 2487 1174 2522 ραΟέντος
1188 2489 1350 2524 πράγματος
1373 2491 1418 2517 ἐπὶ
1438 2492 1486 2526 τὴν
1502 2492 1556 2518 τῶν
1576 2493 1764 2530 ἀληθεστέρων
1783 2504 1833 2521 κα-

1046 2533 1159 2568 τάληψιν
1194 2537 1458 2571 χειραγωγούμενος,
1492 2539 1532 2565 ὅτι
1567 2540 1636 2566 κατὰ
1666 2542 1756 2567 πᾶσαν
1783 2542 1832 2575 μὲν

1044 2577 1184 2611 ἐδοξάζετο
1198 2580 1247 2614 τὴν
1264 2580 1427 2616 οἰκουμένην
1442 2583 1455 2608 ὁ
1471 2583 1520 2618 τῆς
1534 2584 1629 2616 νυκτὸς
1643 2585 1830 2620 {ignavae-ar

1044 2623 1117 2650 ἐστιν
1142 2625 1155 2651 ὀ
1177 2624 1315 2658 διάϐολος,
1345 2626 1388 2653 διὰ
1420 2628 1468 2663 τῆς
1495 2629 1610 2664 σελήνης
1637 2631 1673 2662 ὡς
1700 2632 1728 2657 ἐν
1752 2632 1830 2666 τύπῳ

1042 2669 1205 2706 δηλούμενος
1232 2671 1240 2705 (
1266 2672 1363 2708 σελήνη
1383 2673 1436 2709 γὰρ
1460 2676 1499 2707 εἰς
1523 2677 1612 2712 ἀρχὴν
1637 2677 1754 2705 τέθειται
1777 2679 1829 2713 τῆς

1044 2715 1162 2749 νυκτὸς),
1184 2716 1230 2741 καὶ
1252 2716 1346 2752 ὥσπερ
1368 2718 1443 2744 νόθον
1463 2728 1488 2746 τι
1512 2723 1569 2753 φῶς
1593 2721 1642 2756 τὴν
1661 2722 1707 2749 τοῦ
1724 2724 1827 2758 κόσμου

1043 2760 1136 2794 σοφίαν
1161 2762 1221 2792 ταῖς
1250 2761 1305 2788 τῶν
1337 2763 1519 2800 πλανωμένων
1553 2767 1677 2801 καρδίαις
1702 2769 1826 2800 ἐντιθεὶς,

1329 2821 1336 2834 ¹
1358 2820 1451 2848 Matth.
1475 2831 1498 2854 ν,
1520 2823 1562 2850 M.
1616 2825 1625 2838 ¹
1640 2824 1718 2852 Joan.
1741 2833 1759 2858 ι,
1781 2826 1826 2855 ΞΕ).
