1999 3056
147 160 199 187 625

659 157 917 185 GLAPIIYRORUM
938 157 970 184 IN
990 156 1131 184 EXODllii
1152 156 1214 184 LIB.
1237 158 1267 184 ll.

1723 165 1774 195 £26

145 215 339 251 πληρεστάτην
353 214 441 250 ἐαυτῷ
455 214 502 249 τὴν
521 214 600 246 δόξαν
616 216 849 251 ἐπραγματεύετο.
873 215 934 243 Ἀπ-

988 216 1040 242 bus
1052 215 1152 243 Christi
1165 221 1260 243 exorta
1276 221 1318 244 est
1332 217 1438 252 iustitia
1457 227 1504 253 per
1522 220 1615 254 ﬁdem,
1629 225 1778 254 multitudo

146 262 227 288 έΟανε
243 261 271 287 δὲ
285 260 318 287 δι’
329 261 404 296 ἡμᾶς
419 261 465 286 καὶ
479 260 550 295 ὑπὲρ
564 261 642 296 ἡμῶν
655 262 669 287 ὁ
679 261 806 296 Χριστὸς,
816 261 935 296 όἍμνὺς

145 309 159 335 ὁ
175 307 313 343 ἀληθινὸς,
333 308 347 333 ὁ
365 307 450 342 αἴρων
466 307 516 340 τὴν
534 307 673 342 ἁμαρτίαν
688 307 734 334 τοῦ
753 307 855 342 κόσμου
866 327 873 339 ,
890 308 936 334 καὶ

146 355 196 391 τὴν
211 354 257 381 τοῦ
280 353 405 380 διαϐόλου
428 353 561 379 κατέλυσε
584 353 672 386 δόξαν.
699 353 862 389 Ἀπολήγειν
883 354 937 389 γὰρ

146 401 254 435 ὰίάγκη
281 399 364 433 αὕτὴν
387 399 433 425 καὶ
453 398 625 426 δαπανᾶσθαι
652 399 724 426 κατὰ
747 399 853 435 βραχὺ,
870 400 938 435 πρὸς

134 440 196 481 ’τὴν
213 446 323 479 εἰρήνην
344 444 390 470 καὶ
409 443 520 478 ἀγάπην
539 443 590 479 ήδη
605 444 653 480 τὴν
667 444 703 476 ὡς
724 443 793 479 πρὸς
809 444 875 470 Θεὸν
888 444 937 479 τῆς

147 492 201 518 τῶν
216 490 300 518 ἐθνῶν
316 490 434 525 πληθύος
452 490 607 517 ἀναϐαίνειν
624 491 804 526 ἐπειγομένης
828 490 872 517 διὰ
888 491 937 525 τῆς

147 537 216 573 πρὸς
228 536 312 572 αὐτὴν
327 537 501 571 ἀποστροφῆς
524 536 570 562 καὶ
588 535 714 568 πίστεως.
731 536 787 562 Καὶ
808 535 887 562 τοῦτο
903 533 936 571 ἦν

146 583 201 618 ἄρα
222 582 250 609 τὺ
274 583 302 608 ἐν
317 582 442 616 Ψαλμοῖς
466 581 596 617 ᾀδόμενον
617 582 699 609 πάλαι
721 582 784 617 περὶ
806 582 935 617 Χριστοῦ’

150 637 159 652 ι
186 626 321 653 Ἀνατελεῐ
340 628 369 652 ὲν
389 628 449 658 ταῖς
463 626 580 661 ἡμέραις
597 626 680 653 αὑτοῦ
704 626 871 662 δικαιοσύνη,
890 627 937 653 καὶ

146 673 248 708 πλῆθος
263 674 384 708 εἰρήνης,
399 673 451 704 ἕως
462 669 492 699 οὗ
508 673 688 708 ἀνταναιρεθῇ
704 674 720 708 ἡ
736 672 844 708 σελήνη.
858 683 867 699 ι
879 673 937 699 ‘Av-

146 719 233 746 έτειλε
248 719 301 754 γὰρ
316 720 344 745 ἐν
368 719 485 754 ἡμέραις
503 718 624 753 Χριστοῦ
646 718 802 753 δικαιοσύνη
824 718 868 744 διὰ
890 718 935 744 πί-

147 773 243 797 στεως·
262 765 363 800 πλῆθος
383 764 410 790 δὲ
428 765 550 799 εἰρήνης,
566 763 610 791 διὰ
629 764 678 799 τῆς
702 764 769 799 πρὸς
791 764 857 790 Θεὸν
876 765 936 790 ἐπι-

146 812 276 848 στροφῆς.
301 811 356 837 Καὶ
377 811 451 846 πρδς.
468 810 573 843 τούτοις
601 811 640 838 ἔτι
666 811 714 838 καὶ
733 812 747 837 ὁ
766 811 815 846 τῆς
840 812 936 843 νυκτὸς

146 858 237 893 ἄρχων
252 856 448 892 ἁντανῄρηται,
463 856 601 883 τουτέστιν
617 857 631 883 ὁ
642 856 774 888 διάϐολος.
795 857 936 892 Ἐπιτὴρει

144 903 174 929 δὲ
204 904 277 934 ὅπως
308 903 357 929 οὐκ
389 901 617 937 ἀναιρεθήσεσθαι
641 910 707 937 φησι
738 901 787 937 τὴν
821 901 936 937 σελήνην
954 894 973 921 Β

144 950 239 981 ἁπλῶς
251 971 258 981 ,
271 948 549 985 ἀνταναιρεθήσεσθαι
559 947 587 974 δὲ
604 947 720 983 μᾶλλον
745 947 784 980 ὡς
807 947 862 983 γὰρ
887 947 936 983 ἤδη

145 995 311 1030 προανελὼν,
324 995 403 1029 δῆλον
421 995 448 1021 δὲ
470 994 556 1029 δήπου
578 993 699 1025 πάντως,
720 993 761 1020 ὅτι
776 993 821 1020 τὸν
832 993 937 1029 ἄνθρω-

145 1051 197 1069 πον
212 1042 416 1077 ἀνταναιρεῖται
429 1041 443 1066 ὀ
457 1040 591 1071 διὰὗολος.
613 1049 622 1065 ι
648 1039 814 1066 Λαϐέτωσαν
835 1039 935 1072 τοίνυν,

146 1089 240 1124 φησὶν,
258 1088 371 1118 ἕκαστος
388 1087 524 1122 πρόϐατον
539 1086 598 1113 κατ’
612 1086 711 1113 οἰκίαν.
729 1095 739 1112 ι
760 1086 868 1118 Τέλειος
882 1086 936 1122 γὰρ

144 1135 173 1160 ὲν
191 1134 298 1168 ἑκάστῳ
323 1132 439 1168 Χριστὸς
453 1131 497 1158 διὰ
513 1131 629 1167 μετοχῆς
643 1130 690 1157 τοῦ
713 1131 792 1164 ἁγίου
808 1130 936 1166 Πνεύμα-

143 1188 190 1211 τος
206 1178 382 1209 ἐνοικίζεται,
401 1179 448 1204 καὶ
464 1178 493 1204 οὐ
514 1177 689 1213 μεμέρισται,
701 1176 826 1212 καθάπερ
842 1178 855 1203 ὁ
867 1176 937 1203 Παῦ-

142 1225 188 1256 λος
203 1234 279 1260 φησι.
296 1224 369 1260 Πλὴν
387 1224 434 1251 ἐὰν
448 1221 509 1255 ὦσι,
524 1224 617 1260 φησὶν,
630 1223 763 1258 ὁλιγοστοὶ
776 1223 814 1255 ὼς
825 1224 862 1259 μὴ
877 1224 936 1251 ἱκα-

143 1271 206 1302 νοὺς
227 1269 295 1297 εἶναι
321 1272 359 1302 εἰς
383 1270 536 1305 πρόϐατον,
563 1269 728 1305 συλλήψεται
755 1269 812 1305 μεθ’
838 1269 934 1296 ἑαυτοῦ

143 1317 188 1343 τὸν
203 1318 312 1351 γείτονα
327 1317 373 1343 τὸν
395 1316 507 1351 πλησίον
520 1315 613 1343 αὑτοῦ.
632 1317 663 1342 υἱ
685 1315 739 1351 γὰρ
758 1316 807 1342 οὐκ
828 1315 936 1351 ἔχοντες

144 1361 175 1394 ἐξ
185 1362 289 1390 ἑαυτῶν
301 1363 401 1390 τέλειον
410 1362 539 1389 δύνασθαι
552 1362 670 1389 συνιέναι
686 1362 760 1397 μόνοι
774 1361 804 1388 τὸ
817 1361 934 1396 Χριστοῦ

146 1409 304 1444 μυστήριον,
319 1409 335 1443 ἢ
352 1409 399 1435 καὶ
421 1409 471 1435 οὐκ
488 1408 636 1444 ἀρκοῦντες
652 1409 692 1440 είς
708 1408 871 1443 κατανόησιν
886 1408 935 1443 τὴν

144 1455 209 1490 περὶ
223 1455 305 1481 αὑτοῦ
322 1452 366 1482 διὰ
387 1454 434 1490 τὴν
454 1454 503 1489 τῆς
528 1454 633 1485 οἰκείας
655 1454 759 1485 ἐννοίας
781 1453 933 1486 ἀσθένειαν,

145 1500 288 1535 μεθέξουσι
304 1501 395 1531 πάλιν,
410 1501 507 1532 αὐτοὺς
520 1500 690 1536 συνεργάτας
702 1499 797 1535 ὥσπερ
812 1499 860 1526 καὶ
873 1499 932 1526 συλ-

990 267 1081 289 autem
1103 263 1178 297 pacis
1196 271 1245 298 per
1266 264 1474 292 conversionem
1491 266 1526 293 ad
1544 267 1643 302 ipsum.
1661 270 1732 303 Quin
1749 278 1778 301 et

989 308 1078 335 noctis
1099 309 1236 343 princeps,
1252 309 1304 337 hoc
1321 315 1363 337 est
1385 311 1521 344 diabolus,
1537 319 1632 342 contra
1653 317 1778 346 sublatus

988 358 1039 382 cst.
1057 354 1179 382 Observa
1198 364 1263 383 vero
1283 364 1338 392 quo
1360 362 1439 392 pacto
1452 366 1507 385 non
1524 360 1686 395 simpliciter
1704 364 1779 393 dicat

989 401 1165 428 auferendam
1179 410 1242 430 esse
1254 403 1357 435 lunam,
1371 404 1419 431 sed
1433 406 1525 439 potius
1541 407 1672 440 vicissim,
1687 409 1745 438 sive
1762 419 1778 438 e

987 447 1127 474 contrario
1148 447 1326 475 auferendam
1340 456 1411 481 esse,
1430 453 1459 476 ut
1474 451 1529 486 jam
1542 452 1676 485 sublatus,
1696 459 1779 490 atque

988 492 1056 520 adeo
1076 493 1198 526 omnino,
1223 494 1287 528 quia
1310 494 1435 523 diabolus
1461 497 1539 531 prius
1561 498 1663 526 occidit
1686 500 1777 529 homi-

988 546 1068 571 nem,
1088 538 1204 573 ideoque
1222 543 1250 566 et
1267 540 1324 575 ipse
1341 540 1461 569 vicissim
1481 543 1589 572 occisus
1601 549 1653 572 est.
1673 556 1682 571 ι
1698 547 1778 575 Acci—

988 584 1063 619 piant
1076 584 1170 620 igitur,
1186 586 1234 618 ait,
1253 588 1441 623 unusquisque
1454 597 1554 624 agnum
1573 599 1622 626 per
1637 593 1743 622 domos.
1765 604 1774 620 ι

987 630 1055 658 Nam
1078 631 1203 659 Christus
1224 633 1345 667 perfecte
1367 634 1471 663 habitat
1495 637 1524 663 in
1545 646 1711 675 unoquoque
1727 648 1777 676 per

988 675 1107 710 Spiritus
1123 677 1210 704 sancti
1226 679 1475 714 participationem,
1491 689 1543 709 nec
1561 686 1651 711 tamen
1672 685 1778 714 divisus

987 727 1038 755 est,
1059 723 1130 751 sicut
1150 725 1188 751 ait
1203 725 1304 753 Paulus
1315 726 1334 752 ⁵.
1357 727 1459 755 Verum
1477 729 1500 756 si
1516 730 1619 758 fuerint
1633 733 1777 766 pauciores

987 776 1068 803 quam
1080 773 1110 796 ut
1120 770 1227 804 possint
1237 771 1320 799 edere
1332 780 1441 807 agnum,
1450 781 1592 804 aceersent
1601 778 1635 804 ad
1647 785 1676 805 se
1686 780 1779 813 proxi-

988 822 1063 842 mum
1082 816 1202 843 vicinum
1221 824 1312 844 suum.
1333 817 1385 851 Qui
1407 819 1480 846 enim
1499 829 1555 849 non
1576 815 1679 851 habent
1696 832 1729 852 ex
1747 834 1777 854 se

989 859 1064 894 ipsis,
1075 865 1105 887 ut
1115 861 1165 888 soli
1174 869 1223 896 per
1232 870 1260 889 se
1269 863 1375 897 possint
1385 865 1505 899 perfecte
1515 867 1668 903 intelligere
1676 869 1777 898 Christi

988 906 1160 941 mysterium,
1173 915 1225 934 nec
1237 908 1375 936 sutIiciunt
1389 910 1423 937 ad
1440 911 1648 947 intelligentiam
1662 923 1722 950 quae
1736 922 1778 944 est

988 952 1022 980 de
1042 953 1111 987 ipso,
1125 958 1237 988 propter
1251 955 1351 982 mentis
1368 963 1424 984 suae
1440 957 1638 992 inﬁrmitatem,
1654 965 1711 988 tum
1731 962 1776 989 iti-

987 998 1049 1026 dem
1063 999 1211 1034 participes
1224 999 1291 1027 ﬁent
1304 1001 1390 1035 ipsius
1409 1003 1530 1037 acceptis
1545 1004 1579 1031 ad
1595 1013 1624 1033 se
1639 1006 1777 1040 ﬁdelibus,

988 1049 1117 1080 tanquam
1129 1047 1297 1081 cooperariis
1310 1051 1392 1082 atque
1407 1048 1589 1084 adjutoribus.
1609 1052 1692 1087 270
1709 1053 1778 1080 Nam

988 1098 1177 1125 saepenumero
1191 1091 1231 1124 ﬁt,
1245 1097 1275 1119 ut
1290 1100 1339 1127 per
1353 1098 1478 1121 mutuam
1495 1095 1708 1130 institutionem,
1721 1106 1779 1125 ma-

985 1137 1059 1172 jores
1078 1145 1160 1172 quam
1181 1146 1230 1172 per
1251 1147 1301 1166 nos
1319 1139 1394 1174 ipsos
1411 1141 1437 1168 in
1454 1149 1537 1169 sensu
1558 1143 1780 1179 spirituali'pro-

988 1190 1096 1217 gressus
1109 1183 1252 1211 faciamus.
1272 1184 1350 1212 Sicut
1366 1185 1451 1220 igitur
1464 1187 1510 1214 ille
1524 1194 1589 1215 vere
1608 1189 1718 1223 sapiens
1732 1197 1777 1217 eu-

988 1228 1095 1256 nuchus
1107 1229 1294 1265 interrogabat
1304 1231 1460 1266 Philippum
1472 1233 1644 1268 prophetiam
1657 1234 1691 1262 de
1700 1235 1779 1262 Chri-

988 1277 1040 1306 sto,
1056 1282 1138 1309 quam
1161 1275 1285 1309 audiens,
1307 1276 1377 1306 dixit
1396 1286 1402 1304 :
1426 1287 1435 1303 ι
1451 1279 1528 1314 Rogo
1551 1283 1586 1312 te,
1603 1279 1636 1307 de
1659 1288 1714 1315 quo
1734 1281 1780 1309 hic

987 1320 1111 1355 loquitur
1123 1321 1258 1356 propheta
1272 1331 1278 1348 :
1293 1322 1327 1349 de
1341 1330 1380 1356 se,
1398 1331 1432 1350 an
1445 1324 1500 1352 alio
1513 1324 1606 1360 aliquo
1619 1325 1647 1352 ’Ἰ
1664 1335 1673 1351 ι
1697 1326 1780 1354 Vides

986 1374 1041 1400 quo
1056 1372 1136 1402 pacto
1157 1367 1287 1395 habuerit
1307 1369 1462 1403 proximum
1482 1370 1604 1398 vicinum
1620 1372 1779 1407 (propinqui

986 1412 1059 1439 enim
1078 1413 1196 1440 invicem
1215 1421 1310 1441 omnes
1327 1422 1432 1448 sumus,
1448 1420 1582 1450 quantum
1601 1418 1635 1444 ad
1652 1426 1735 1447 unam
1751 1424 1780 1446 et

987 1465 1160 1486 communem
1174 1459 1238 1486 ﬁdei
1254 1460 1389 1488 rationem
1407 1461 1516 1497 attinet)
1529 1467 1557 1490 et
1569 1463 1708 1498 particeps
1720 1465 1778 1499 spi-

987 1505 1095 1533 ritualis
1113 1506 1175 1541 agni
1190 1514 1239 1541 per
1255 1506 1326 1534 hanc
1338 1507 1545 1542 inquisitionem
1559 1509 1595 1535 sit
1612 1509 1777 1538 declaratus.

143 1545 283 1581 λήπτορας
304 1546 365 1577 τοὺς
382 1545 548 1580 ὁμοπίστους
569 1545 722 1580 δεξάμενοι.
745 1545 794 1571 Διὰ
815 1544 869 1580 γὰρ
884 1544 933 1580 τῆς

986 1550 1134 1578 Confestim
1150 1551 1224 1578 enim
1241 1551 1341 1587 dignus
1350 1552 1476 1580 redditus
1490 1557 1533 1580 est
1546 1554 1690 1589 baptizari,
1706 1556 1779 1583 sicut

141 1593 264 1628 ἀλλήλων
277 1591 417 1623 νουθεσίας
432 1591 488 1618 ἔσθ’
509 1592 553 1618 ὅτε
576 1591 624 1618 καὶ
644 1593 684 1622 είς
707 1591 819 1626 μείζους
837 1591 853 1626 ἢ
877 1590 938 1616 καθ’

141 1638 217 1672 ἡμᾶς
248 1637 365 1672 θεωρίας
399 1635 556 1663 ἀναϐαίνειν
588 1635 728 1672 ίσχύομεν.
757 1636 865 1670 Ὥσπερ
892 1633 939 1662 οὖν

141 1683 240 1718 ἀμέλει
261 1683 307 1709 καὶ
330 1684 343 1709 ὁ
360 1683 441 1717 σοφὸς
458 1682 561 1713 ἐκεῖνος
583 1681 710 1716 εὐνοῦχος
734 1681 938 1708 ἀνεπυνθάνετο

140 1729 189 1755 τοῦ
210 1728 363 1760 Φιλίππου,
388 1728 437 1763 τῆς
460 1728 525 1762 περὶ
548 1727 668 1762 Χριστοῦ
693 1727 863 1762 προφητείας
886 1728 935 1753 ὲπ-

142 1774 328 1810 ακροώμενος·
350 1783 359 1799 ι
378 1773 478 1809 Δέομαί
500 1781 557 1805 σου,
572 1772 637 1807 περὶ
662 1772 734 1804 τίνος
757 1774 771 1799 ὁ
792 1773 937 1808 προφήτης

141 1821 233 1855 λέγει,
259 1820 323 1855 περὶ
347 1819 446 1847 ἑαυτοῦ
468 1820 484 1855 ἢ
508 1819 572 1854 περὶ
595 1818 689 1855 ἐτέρου
713 1819 803 1850 τινό;;
824 1828 833 1844 ι
854 1819 936 1854 Ὁρᾷς

141 1867 216 1897 ὅπως
236 1867 283 1893 τὸν
307 1866 417 1900 γείτονα
435 1865 573 1892 συλλαϐὼν
590 1865 684 1900 (ἐγγὺς
706 1865 759 1898 γὰρ
775 1864 896 1900 ἀλλήλων
911 1865 935 1891 οἱ

142 1913 244 1943 πάντες
267 1913 362 1947 ἐσμὲν,
381 1912 439 1938 ὅσοι
459 1912 499 1943 εἰς
519 1911 565 1938 τὸν
581 1912 629 1938 ἕνα
647 1911 692 1937 καὶ
711 1909 799 1937 κοινὸν
819 1911 867 1945 τῆς
889 1910 935 1936 πί-

142 1967 228 1991 στεως
236 1958 337 1994 λόγον),
348 1958 459 1993 μέτοχος
466 1959 517 1994 ήδη
524 1958 571 1984 τοῦ
582 1957 677 1992 νοητοῦ
689 1957 824 1992 προϐάτου
833 1956 876 1983 διὰ
885 1956 936 1991 τῆς

141 2006 257 2043 ὲρεύνης
268 2005 464 2032 ἀνεδεικνὺετο.
484 2005 575 2038 Ἠξίου
586 2005 641 2040 γὰρ
656 2004 736 2035 εὐθὺς
750 2004 798 2030 καὶ
811 2002 935 2038 βεϐαπτί-

143 2053 217 2084 σθαι,
233 2052 280 2078 καὶ
294 2051 325 2086 δὴ
343 2052 390 2078 καὶ
409 2051 599 2086 βεϐάπτισται.
622 2059 630 2076 ι
647 2050 738 2076 Ἔστω
756 2049 796 2081 δὲ,
812 2048 889 2083 φησὶ,
904 2048 936 2074 τὸ

142 2096 283 2131 πρόϐατον
301 2097 414 2123 τέλειον.
441 2105 450 2121 ι
478 2096 572 2123 Πάντα
597 2095 652 2130 γὰρ
676 2093 711 2130 ἦν
725 2095 754 2121 ὲν
775 2093 886 2129 Χριστῷ
901 2093 935 2119 τὰ

141 2143 282 2178 θεοπρεπῆ
299 2143 488 2178 γνωρίσματα.
515 2142 584 2169 Ἀλλ’
596 2141 666 2168 ἐστιν
684 2141 731 2167 καὶ
749 2140 842 2176 ἄρσεν,
860 2141 875 2166 ὁ
891 2147 935 2166 νο·-

143 2189 261 2224 μοοέτης
286 2189 449 2224 διήγγειλεν.
467 2187 555 2219 Αὐτὸς
573 2187 627 2222 γὰρ
646 2184 679 2222 ἦν
700 2195 730 2213 τε
747 2186 795 2213 καὶ
817 2185 900 2216 ἔστιν,
919 2184 933 2210 ὁ

989 1600 1017 1623 et
1036 1596 1190 1631 baptizatus
1212 1601 1263 1624 est.
1285 1607 1294 1623 (
1317 1597 1358 1625 Sit
1382 1602 1486 1631 autem,
1507 1600 1556 1631 ait,
1576 1608 1663 1635 agnus
1685 1601 1778 1637 perfe-

989 1645 1060 1673 ctus,
1077 1650 1085 1667 ι
1109 1641 1173 1676 quia
1195 1649 1291 1670 omnes
1312 1642 1412 1670 divinae
1434 1643 1607 1678 cognitiones
1627 1649 1693 1672 sunt
1714 1654 1778 1681 per-

988 1686 1067 1714 fecta:
1084 1686 1112 1714 in
1134 1686 1254 1714 Christo.
1275 1686 1358 1722 Atqui
1379 1692 1409 1714 ut
1426 1688 1462 1715 sit
1479 1690 1627 1722 masculus,
1642 1690 1719 1718 addit
1738 1692 1778 1718 le-

987 1731 1110 1766 gislator.
1131 1731 1198 1758 Nam
1217 1731 1275 1766 ipse
1291 1736 1351 1760 erat
1370 1736 1398 1759 et
1415 1737 1458 1760 est
1472 1733 1496 1761 is
1510 1734 1558 1769 qui
1568 1735 1699 1763 omnibus
1713 1743 1779 1772 sug-

987 1778 1058 1812 gerit
1077 1777 1177 1804 divinaa
1195 1778 1362 1813 cognitionis
1384 1780 1499 1812 sentina,
1513 1788 1546 1808 ac
1566 1782 1652 1810 veluti
1675 1786 1778 1811 terram

986 1822 1133 1856 quamdam
1149 1822 1300 1850 lubentem.
1315 1823 1509 1857 Quamobrem,
1523 1825 1596 1854 sicut
1612 1831 1644 1854 et
1660 1829 1779 1863 prophe-

986 1868 1058 1896 ticus
1078 1868 1161 1896 habet
1178 1876 1280 1901 sermo,
1299 1869 1323 1896 is
1339 1869 1448 1904 perficit
1464 1871 1521 1898 Deo
1537 1879 1569 1899 ac
1587 1872 1660 1901 Patri
1679 1873 1778 1902 buma-

986 1921 1049 1941 nam
1067 1918 1193 1941 naturam
1209 1923 1261 1949 per
1273 1915 1413 1950 Evangelii
1430 1918 1577 1950 praeconia.
1599 1919 1734 1948 Praeterea
1747 1925 1779 1948 ut

985 1960 1130 1987 anniculus
1148 1960 1184 1987 sit
1199 1961 1288 1995 jubet,
1309 1967 1356 1988 aut
1373 1961 1479 1989 ratione
1498 1965 1641 1998 temporis,
1654 1973 1689 1993 ne
1706 1966 1778 1994 forte

986 2005 1021 2032 sit
1041 2005 1233 2040 imperfectus,
1255 2006 1356 2041 quippe
1378 2007 1426 2042 qui
1449 2009 1572 2035 nondum
1599 2011 1778 2046 compleverit

985 2057 1086 2076 annum
1101 2058 1107 2076 ς
1121 2054 1168 2077 aut
1180 2055 1254 2078 certe
1268 2051 1332 2085 quia
1349 2051 1448 2079 festum
1463 2053 1519 2080 Deo
1531 2055 1700 2084 conveniens
1711 2065 1776 2092 pro-

985 2099 1046 2129 pter
1063 2095 1218 2130 passioncm
1234 2096 1350 2131 singulis
1362 2097 1441 2125 annis
1456 2098 1597 2126 celebrare
1612 2099 1714 2128 debent
1725 2102 1775 2134 illi,

985 2141 1031 2176 qui
1052 2141 1123 2169 bona
1141 2149 1191 2176 per
1205 2141 1292 2177 ipsam
1305 2143 1461 2178 passionem
1476 2144 1664 2174 lucrifaciunt.
1677 2147 1712 2176 Ut
1727 2156 1776 2175 au-

986 2192 1039 2215 tem
1055 2195 1087 2215 ex
1107 2189 1184 2224 agnis
1200 2192 1229 2216 et
1246 2189 1336 2217 hmdis
1355 2190 1516 2225 accipiatur,
1532 2192 1665 2227 praecipit.
1682 2193 1776 2229 Agnus

140 2236 225 2261 πᾶσιν
240 2236 305 2270 ἡμῖν
321 2235 402 2266 ἐνιεὶς
415 2234 466 2269 τῆς
481 2233 647 2268 θεογνωσίας
661 2232 696 2259 τὰ
717 2232 872 2267 σπέρματα,
886 2231 933 2257 καὶ

986 2234 1097 2269 quidem
1119 2238 1249 2270 tanquam
1271 2243 1372 2270 purum
1393 2241 1420 2263 et
1443 2237 1649 2266 immaculatum
1670 2240 1775 2267 sacriﬁ—

101 2306 108 2312 _
139 2281 236 2315 ὥσπερ
253 2281 314 2308 τινὰ
327 2281 379 2316 γῆν
394 2281 519 2316 θελητήν.
537 2280 643 2315 Ὥσπερ
664 2276 711 2306 οὖν
728 2278 773 2305 καὶ
792 2278 808 2303 ὂ
821 2285 928 2313 προφη-

139 2327 216 2358 τικδς
232 2326 288 2361 ἔχει
310 2326 387 2360 λόγος
400 2346 407 2358 ,
425 2325 558 2352 ἐπιτελῶν
578 2324 617 2360 τῷ
635 2324 695 2360 Θεῷ
715 2325 762 2350 καὶ
779 2323 867 2358 Πατρὶ
883 2323 932 2358 τὴν

140 2373 341 2407 ἀνθρωπότητα
361 2372 405 2398 διὰ
431 2371 487 2398 τῶν
519 2369 703 2405 εὐαγγελικῶν
731 2370 930 2405 κηρυγμάτων.

146 2417 228 2444 Ἀλλὰ
250 2418 318 2453 πρὸς
333 2417 439 2449 τούτοις
455 2418 502 2444 καὶ
517 2417 651 2444 ἐνιαύσιον
674 2416 754 2448 ἔστω,
772 2416 789 2451 ἢ
804 2416 874 2443 κατὰ
885 2415 930 2441 τὸν

140 2465 247 2500 χρόνον,
262 2464 306 2490 ἵνα
324 2464 360 2499 μὴ
412 2464 450 2495 ὡς
467 2463 570 2495 ἀτελὲς,
586 2462 663 2490 οὕπω
682 2461 872 2497 πληρωθέντος
888 2462 930 2487 ἐπ’

140 2510 217 2545 αὐτῷ
236 2510 283 2536 τοῦ
298 2510 384 2542 ἔτουςν
403 2510 420 2545 ἢ
440 2509 540 2545 ὂτιτὴν
559 2509 605 2535 ἐπὶ
619 2508 657 2544 τῷ
680 2508 762 2534 πάθει
785 2507 930 2542 θεοπρεπε-

141 2557 242 2590 στατην
259 2556 355 2591 ἑορτὴν
370 2555 430 2582 καθ’
445 2556 560 2582 ἕκαστον
577 2556 638 2586 ἔτος
651 2553 765 2589 ἔμελλον
783 2553 930 2585 ἐπιτελεῖν,

140 2602 212 2628 οἰτὰ
233 2603 265 2628 ἐκ
281 2602 328 2628 τοῦ
350 2601 451 2634 πάθους
472 2601 718 2637 ἀποκερδαίνοντες
739 2599 839 2634 ἀγαθά.
867 2599 933 2626 Ἀπὸ

90 2654 102 2660 '
140 2649 170 2675 δὲ
182 2648 236 2675 τῶν
250 2649 344 2683 ἁμνῶν
360 2649 406 2675 καὶ
419 2649 473 2675 ἀπὸ
492 2648 546 2675 τῶν
565 2648 667 2683 ἐρίφων
687 2647 875 2682 λαμϐάνεσθαι
889 2647 933 2673 λέο

140 2703 196 2727 γει.
216 2695 271 2721 Καὶ
287 2695 301 2721 ὁ
319 2695 368 2730 μὲν
392 2695 478 2730 ἅμνὶς
501 2694 538 2726 ὡς
555 2693 674 2729 καθαρόν
693 2701 722 2719 τε
746 2693 793 2719 καὶ
815 2693 931 2728 ἄμωμον

141 2739 216 2774 θῦμα
229 2741 299 2767 κατὰ
321 2741 404 2776 νόμον
432 2742 543 2772 νοεῖται,
567 2740 599 2766 τὸ
613 2740 641 2766 δὲ
660 2739 715 2767 τῶν
735 2740 836 2776 ἐρίφων
854 2739 931 2773 γένος

141 2786 213 2821 ὑπὲρ
231 2786 283 2812 τῶν
298 2787 439 2823 ἁμαρτιῶν
455 2787 498 2813 ἀεὶ
518 2785 557 2821 τῷ
571 2786 757 2821 θυσιαστηρίῳ
778 2786 930 2821 προσφέρε-

982 2280 1055 2306 cium
1077 2279 1241 2315 intelligitur
1255 2280 1408 2308 secundum
1430 2281 1517 2316 legem
1535 2290 1541 2307 ε
1556 2281 1702 2310 hcedorum
1723 2291 1775 2310 au--

986 2330 1039 2353 tem
1059 2333 1146 2361 genus
1163 2334 1213 2361 pro
1227 2327 1348 2362 peccatis
1367 2335 1476 2362 semper
1492 2328 1607 2355 otfertur
1619 2329 1685 2356 Deo.
1701 2330 1776 2358 ldem

983 2376 1012 2399 ct
1027 2372 1054 2400 in
1068 2372 1178 2400 Christo
1194 2373 1326 2408 reperies.
1341 2373 1409 2400 Nam
1423 2377 1450 2401 et
1463 2374 1522 2408 ipse
1540 2378 1600 2402 erat
1613 2375 1775 2404 immacula-

985 2417 1048 2444 tum‘
1062 2417 1239 2450 sacriﬁcium,
1256 2421 1284 2445 et
1303 2418 1331 2445 in
1349 2418 1462 2445 odorem
1482 2419 1626 2447 suavitatis
1641 2421 1776 2449 oﬂerebat

983 2464 1103 2498 seipsum
1116 2464 1171 2491 Deo
1182 2471 1214 2490 ac
1224 2463 1309 2496 Patri,
1323 2467 1405 2498 atque
1417 2471 1467 2492 ceu
1483 2465 1582 2493 haedus
1593 2474 1643 2501 pro
1656 2467 1776 2501 peccatis

983 2509 1087 2536 nostris
1108 2509 1279 2536 mactabatur
1294 2509 1314 2536 ⁸.
1335 2509 1472 2537 Caeterum
1496 2515 1557 2545 post
1581 2513 1775 2540 mactationem

981 2555 1060 2590 jubet
1084 2555 1217 2590 sanguine
1244 2555 1312 2582 illini
1338 2560 1431 2592 postes
1454 2556 1602 2585 domorum
1621 2563 1649 2586 et
1666 2558 1772 2586 limen:

983 2601 1052 2628 nihil
1064 2600 1149 2633 aliud,
1157 2608 1217 2628 mea
1229 2601 1341 2635 quidem
1351 2602 1498 2635 sententia,
1505 2602 1660 2638 signiﬁcare
1669 2603 1774 2635 volens,

984 2655 1066 2682 quam
1079 2653 1109 2675 ut
1119 2647 1277 2674 venerando
1288 2652 1316 2675 et
1326 2648 1448 2681 pretioso
1461 2649 1563 2677 Christi
1575 2651 1708 2685 sanguine
1721 2655 1775 2678 ter-

984 2701 1077 2721 renam
1096 2699 1219 2721 nostram
1235 2694 1347 2721 domum
1361 2695 1518 2724 muniamus
1530 2700 1613 2731 atque
1629 2697 1773 2728 vallemus.

985 2740 1037 2767 hoc
1048 2745 1100 2772 est,
1114 2748 1214 2775 corpus
1230 2746 1367 2773 nostrum,
1384 2746 1501 2769 mortem
1519 2750 1600 2777 quam
1619 2751 1668 2777 per
1687 2746 1780 2769 trans-

984 2786 1151 2821 gressionem
1169 2786 1373 2815 incurreramus
1388 2796 1437 2823 per
1454 2788 1516 2815 vitae
1535 2787 1773 2823 participationem

175 2873 190 2892 ι
217 2873 228 2902 1
252 2873 316 2901 Cor.
338 2883 384 2906 xu,
403 2874 429 2901 4.
468 2875 478 2890 ⁵
496 2874 556 2902 Act.
579 2883 634 2907 \'lll,
658 2874 700 2901 Μ.
740 2874 748 2889 ⁵
767 2874 866 2908 Eplics.
882 2881 908 2906 v,
923 2873 956 2907 2;
975 2873 1093 2908 Philipp.
1110 2873 1192 2906 H.318.

264 2923 400 2954 ΡΑτιιοι.
424 2923 482 2953 Gn.
508 2923 615 2954 LXIX.

1597 2921 1634 2953 14
