1999 3056
219 166 268 193 ﬂ?

717 164 746 192 S.
762 163 902 192 CYRILLI
921 162 1156 192 ALEXANDle
1175 166 1334 195 ARCIIlEl”.

1796 171 1848 198 J38

215 223 392 259 depellentes.
416 223 477 251 Vita
505 222 579 250 enim
603 226 631 250 et
656 222 837 250 sanctiﬁcatio
859 226 902 249 est
926 221 1001 248 nobis

1059 232 1113 250 ται.
1137 224 1272 260 Εὑρήσεις
1291 226 1319 252 δὲ
1335 226 1414 254 τοῦτο
1437 228 1482 254 καὶ
1501 230 1529 254 ἐν
1551 229 1671 264 Χριστῷ.
1688 227 1741 256 Ἦν
1766 230 1818 265 γὰρ
1834 231 1847 256 ὁ

214 270 316 297 Christi
334 269 501 303 communio.
519 269 554 296 Et
568 277 630 297 cum
647 269 840 304 propulsemus
855 267 943 302 ipsum
959 274 1006 294 ex-

214 315 432 346 terminatorem,
445 314 658 350 longissimeque
670 322 684 341 a
700 313 781 341 nobis
795 313 948 339 daemonem
965 312 1005 339 in-

213 361 359 388 sidiantem
376 361 550 395 sejungamus
568 367 617 395 per
635 360 805 390 unctionem,
820 363 876 385 tum
891 357 1004 385 aﬂectus

212 407 365 441 carnalium
377 407 616 442 perturbationum
628 405 835 433 mortiﬁcamus.
854 414 862 430 ι
875 405 980 437 Portas,
991 414 1000 430 ι

213 457 304 481 autem
324 453 407 486 illius,
423 453 457 480 de
474 461 527 488 qua
544 452 625 479 modo
638 452 769 484 diximus,
790 451 899 483 domus,
921 451 1003 478 intel-

213 501 281 535 liges
303 508 400 528 sensus
420 506 539 533 nostros,
560 509 609 535 per
628 508 698 536 quos
724 500 856 528 cordibus
879 501 1003 527 omnium

212 548 291 582 271
312 547 538 574 subministratur
551 554 644 574 rerum
659 547 787 582 qualitas,
801 552 883 582 atque
896 546 1003 574 inﬁnita

212 593 392 628 cupiditatum
406 593 554 620 multitudo
565 593 731 620 infunditur.
745 593 823 620 Unde
831 597 859 620 et
869 592 1002 628 propheta

211 640 268 668 Joel
289 643 367 667 vocat
381 640 520 674 fenestras,
535 639 650 666 dicens:
669 649 678 664 ι
697 639 779 672 Quasi
799 647 849 674 per
868 638 1002 667 fenestras

211 691 319 714 nostras
342 686 453 721 quidam
483 686 557 714 fures
580 686 771 721 ingredientur
788 687 810 718 ⁷,
828 696 837 712 ν
862 686 926 721 quia
947 693 1000 712 non

210 735 289 759 erant
302 732 433 767 sanguine
446 731 550 759 Christi
565 733 650 759 uncti.
669 732 803 767 Praecepit
817 737 909 759 autem
926 736 956 758 ut
973 731 1000 759 in

211 776 262 803 hac
283 780 364 803 nocte
385 783 450 803 caro
473 776 646 809 comedatur,
659 777 711 804 hoc
728 781 779 810 est,
792 777 819 804 in
837 777 937 804 szcculo
957 777 1000 804 in-

210 825 309 850 stante.
327 809 452 858 lta'enim
470 822 522 850 hoc
536 823 637 850 Paulus
651 823 770 855 vocavit,
783 823 879 851 dicens
892 833 899 850 :
918 833 926 848 ι
942 823 1001 850 Nox

209 866 360 902 praecessit,
383 866 443 895 dies
467 872 558 894 autem
584 867 849 902 appropinquavit‘.
870 877 878 892 ι
905 867 934 894 ln
957 867 1000 894 his

1058 270 1148 303 αὐτὸς,
1167 272 1213 298 καὶ
1235 272 1273 304 ὡς
1297 273 1411 307 ἄμωμον
1434 275 1542 309 ἱερεῖον,
1560 276 1600 306 είς
1621 275 1709 311 ὀσμὴν
1732 275 1845 307 εὐωδίας

1058 315 1204 351 ἀναφέρων
1216 318 1313 344 ἑαυτὸν
1328 319 1365 354 τῷ
1382 319 1441 354 Θεῷ
1457 320 1502 346 καί
1523 321 1621 356 Πατρὶ,
1641 321 1687 347 καὶ
1703 321 1740 352 ὡς
1755 321 1847 356 ἔριφος

1059 361 1129 396 ὑπὲρ
1142 362 1197 389 τῶν
1211 364 1352 399 ἡμετέρων
1372 365 1514 401 ἁμαρτιῶν
1531 367 1711 401 σφαζόμενος.
1726 367 1804 394 Μετὰ
1818 368 1846 393 δέ

1058 415 1089 441 γε
1111 409 1161 444 τὴν
1184 411 1310 445 σφαγὴν,
1335 412 1494 447 καταχρίειν
1516 412 1555 447 τῷ
1583 414 1680 448 αἵματι
1705 414 1768 444 τοὺς
1791 405 1846 439 τῶν

1057 451 1216 486 οἰκημάτων
1242 453 1382 489 σταθμοὺς
1397 457 1444 482 καὶ
1464 456 1514 491 τὴν
1531 457 1610 491 φλιὰν
1628 458 1780 489 ἐπιτάττει,
1797 459 1846 492 οὐχ

1057 496 1152 532 ἕτερόν
1163 507 1189 524 τι
1203 500 1346 535 σημαίνειν
1357 500 1467 534 ἐθέλων,
1480 502 1517 534 ὥς
1532 503 1563 536 γέ
1575 511 1619 538 μοι
1633 503 1720 536 δοκεῖ,
1732 504 1797 540 ἦότι
1808 504 1846 539 τῷ

1058 543 1150 579 σεπτῷ
1165 545 1212 571 καὶ
1232 546 1315 582 τιμίῳ
1330 547 1426 582 αἵματι
1445 548 1491 574 τοῦ
1509 549 1644 584 Χριστοῦ,
1660 550 1709 586 τὴν
1725 551 1846 585 ἐπίγειον

1057 589 1163 616 ἑαυτῶν
1194 591 1283 618 οὶκίαν
1307 592 1529 628 ἀσφαλιζόμεοα,
1555 595 1677 622 τουτέστι
1700 596 1730 622 τὸ
1753 596 1843 631 σῶμα,

1056 635 1105 670 τὴν
1118 636 1151 662 ἐκ
1166 637 1350 672 παραϐάσεως
1368 639 1503 674 νέκρωσιν
1515 639 1557 666 διὰ
1577 641 1693 676 μετοχῆς
1706 642 1755 676 τῆς
1772 641 1845 678 ζωῆς

1055 681 1252 713 ἐξελαύνοντες.
1276 682 1337 718 Ζωὴ
1363 683 1418 719 γὰρ
1441 684 1489 710 καὶ
1513 685 1662 720 ἁγιασμὸς,
1682 686 1698 720 ἠ
1725 685 1843 721 Χριστοῦ

1057 726 1167 761 μετοχή.
1184 726 1238 753 Καὶ
1251 726 1332 754 αὑτὸν
1343 727 1371 754 δὲ
1388 727 1591 765 θορν66[ὖ]ντες
1605 729 1650 756 τὸν
1669 730 1841 766 ὀλοθρευτὴν,

1054 770 1092 802 ὡς
1113 771 1183 805 ἄγαν
1201 771 1329 799 ἀποτάτω
1349 773 1506 808 ποιούμενοι
1534 774 1579 801 διὰ
1594 775 1642 809 τῆς
1663 775 1780 810 κρίσεως
1798 775 1842 801 τὸν

1055 816 1267 844 ἐπιϐουλεύοντα
1288 818 1419 852 δαίμονα,
1431 819 1465 845 τὰ
1475 820 1507 846 ὲκ
1520 820 1659 855 σαρκικῶν
1684 820 1843 855 κινημάτων

1053 862 1284 898 ἁπονεκρούμεθα
1309 863 1394 899 πάθη,
1421 873 1430 890 ι
1457 864 1548 901 Θύρας
1578 875 1587 891 ι
1611 865 1638 891 δὲ
1663 867 1768 900 νοήσεις
1792 866 1842 900 τῆς

210 917 304 948 aperte
322 913 414 941 innuit
427 913 556 941 saeculum
572 913 705 947 futurum,
719 914 792 949 quod
807 914 864 949 ipse
875 913 1001 941 Christus

1053 908 1156 943 ἀρτίως
1171 909 1238 944 ήμῑν
1257 909 1407 945 είρημένης
1426 911 1525 943 οίκίας,
1541 911 1591 942 τὰς
1613 912 1643 937 ὲν
1662 913 1729 947 ἡμῖν
1744 912 1840 946 αίσθή-

210 959 338 986 illustrat.
351 959 503 987 Comedent
515 967 580 995 ergo
593 967 703 987 carnem
721 960 749 987 in
763 960 815 987 hoc
826 960 938 992 stmulo,
952 960 998 986 ait.

209 1004 278 1030 Nam
287 1004 377 1038 quoad
387 1011 482 1032 sumus
493 1005 520 1031 in
531 1004 581 1032 hac
588 1005 655 1037 vita,
663 1005 774 1032 Christo
786 1005 1002 1032 communicabi-

210 1057 281 1082 mus,
291 1057 340 1085 per
357 1054 479 1077 sanctam
496 1058 606 1077 carnem
619 1055 648 1077 et
658 1050 809 1085 pretiosum
827 1050 999 1085 sanguinem,

209 1095 354 1130 pinguiore
363 1095 509 1130 loquentes
517 1096 608 1123 modo.
618 1095 686 1123 Cum
697 1100 788 1123 autem
798 1097 1002 1124 occurrerimus

211 1141 240 1168 in
251 1141 297 1168 die
312 1142 441 1176 potentia:
451 1146 480 1169 et
491 1142 601 1169 virtutis
612 1143 681 1178 ejus,
693 1143 765 1171 sicut
777 1144 910 1178 scriptum
926 1141 1000 1176 est”,

210 1192 292 1223 atque
310 1188 339 1215 in
357 1188 511 1216 claritatem
527 1192 686 1216 sanctorum
706 1189 921 1222 ascenderimus,
943 1194 1001 1217 tum

211 1242 308 1262 rursus
317 1234 372 1261 alio
385 1234 467 1262 modo
482 1234 725 1267 sanctificabimur,
741 1243 823 1270 quem
838 1236 915 1263 novit
929 1236 1003 1263 futu-

211 1288 303 1307 rorum
327 1280 463 1308 bonorum
487 1280 652 1308 distributor
673 1285 755 1316 atque
780 1281 906 1309 donator.
927 1281 1003 1310 Alias

209 1330 301 1354 autem
328 1326 542 1354 communicatio
566 1330 668 1354 sanctae
686 1326 773 1361 ipsius
798 1327 901 1360 carnis,
919 1331 1002 1363 atque

210 1374 275 1400 item
304 1373 433 1408 poculum
452 1380 487 1400 ex
511 1373 624 1400 salutari
647 1373 733 1408 ipsius
754 1374 898 1409 sanguine,
920 1374 1003 1402 habet

209 1419 409 1446 confessionem
431 1418 530 1446 mortis
547 1418 661 1448 Christi.
682 1426 743 1453 quae
760 1424 875 1454 propter
888 1427 939 1447 nos
953 1428 1002 1455 pa-

210 1465 308 1492 tefacta
321 1469 373 1492 est.
386 1463 425 1491 lta
438 1464 512 1491 enim
531 1463 588 1499 ipse
603 1463 669 1491 alibi
685 1464 734 1496 ait,
747 1464 806 1491 suis
821 1464 917 1492 amicis
929 1465 1003 1500 leges

209 1511 243 1539 de
262 1511 314 1538 hoc
329 1510 460 1547 mysterio
477 1510 660 1545 prmscribens
674 1518 680 1536 :
697 1519 706 1534 ι
721 1509 834 1543 Quoties
850 1511 935 1542 enim,
952 1511 1001 1543 ait,

210 1557 443 1584 manducaveritis
461 1563 559 1591 panem
582 1555 655 1583 hunc
669 1560 698 1583 et
712 1557 840 1591 poculum
859 1557 911 1584 hoc
923 1557 1003 1584 bibe-

208 1604 281 1636 ritis,
302 1607 420 1630 mortem
438 1602 546 1630 Domini
566 1601 738 1628 annuntiatis
751 1601 782 1628 ¹⁰.
801 1611 809 1627 ι
831 1603 859 1629 In
878 1603 929 1629 hoc
948 1602 999 1637 igi-

211 1654 255 1676 tur
264 1647 392 1683 praesenti
404 1647 504 1674 saeculo
516 1654 566 1682 per
581 1646 819 1681 participationem
832 1655 929 1674 eorum
941 1655 1002 1682 quat

210 1696 292 1723 modo
312 1698 473 1722 enumerata
485 1697 552 1722 sunt
567 1693 667 1721 merito
685 1693 910 1721 annuntiabimus
929 1701 1002 1721 mor-

211 1747 265 1768 tem
279 1739 376 1775 ipsius.
391 1739 461 1768 Cum
473 1743 566 1767 autem
576 1739 631 1775 jam
645 1739 681 1766 sit
694 1739 722 1766 in
734 1739 821 1774 gloria
835 1739 933 1771 Patris,
945 1746 1001 1766 non

210 1791 365 1822 opportune
379 1785 414 1812 de
429 1785 556 1820 passione
567 1784 767 1813 confessionem
779 1784 881 1812 edituri
895 1791 1000 1816 sumus,

211 1837 239 1860 at
264 1832 355 1867 potius
373 1839 437 1859 eum
463 1838 644 1866 agnoscemus
666 1838 735 1866 pure
763 1834 894 1866 tanquam
914 1831 1001 1858 Deum

215 1889 225 1905 ε
240 1879 309 1906 facie
329 1878 361 1905 sd
382 1877 481 1905 faciem
493 1878 526 1910 “,
543 1887 551 1903 ι
568 1881 599 1904 ut
613 1877 714 1904 Paulus
727 1876 765 1904 ait
779 1885 786 1903 :
806 1885 815 1901 ι
832 1876 1002 1904 Gloriﬁcabi-

212 1933 273 1952 mus
292 1929 384 1952 autem
406 1924 493 1956 illum,
511 1923 565 1956 ait,
581 1927 712 1958 tanquam
733 1923 889 1950 Dominum.
912 1923 1001 1950 Semel

211 1972 285 2000 enim
305 1975 432 1998 mortuus
453 1974 505 2002 est,
519 1977 569 1997 nec
587 1970 705 2004 amplius
722 1969 842 1997 moritur
858 1978 863 1995 :
880 1977 955 1996 mors
976 1969 1001 1997 ei

212 2026 267 2045 non
286 2016 404 2052 amplius
427 2015 586 2043 dominatur
601 2015 633 2048 ",
652 2024 661 2040 ι
688 2015 765 2050 juxta
791 2021 887 2041 vocem
914 2014 1002 2042 Pauli.

212 2065 330 2099 Ideoque
343 2067 371 2091 et
384 2062 457 2090 idem
468 2062 535 2090 alibi
550 2062 588 2089 ait
602 2070 608 2088 :
627 2071 636 2088 ι
650 2062 684 2089 Ει
698 2061 721 2089 si
733 2062 913 2097 cognmimus
925 2061 1003 2089 Chri-

1053 962 1110 986 σεις
1136 954 1248 990 δηλαδή·
1280 955 1314 982 δι’
1346 952 1384 983 ὦν
1409 957 1469 989 ταῖς
1503 958 1633 985 ἁπάντων
1671 958 1796 993 καρδίαις
1824 959 1840 993 ἡ

1051 1001 1105 1026 τῶν
1131 1001 1303 1036 πραγμάτων
1331 1003 1496 1030 διακονεῖται
1533 1004 1655 1040 ποιότης,
1675 1005 1722 1030 καὶ
1745 1005 1761 1039 ή
1787 1005 1841 1030 τῶν

1052 1047 1207 1083 ἐπιθυμιῶν
1234 1049 1389 1085 ἀμέτρητος
1408 1051 1544 1085 ἐπιχεῖται
1569 1050 1683 1086 πληθύς.
1699 1051 1789 1086 eisng
1812 1051 1840 1077 δὲ

1052 1093 1136 1126 αὑτὰς
1150 1093 1198 1120 καὶ
1211 1095 1224 1121 ὁ
1247 1095 1390 1130 προφήτης
1409 1095 1484 1130 Ίωὴλ
1501 1096 1629 1128 ὀνομάζει
1648 1095 1749 1130 λέγων·
1770 1105 1779 1122 ι
1797 1096 1841 1127 Ὠς

1052 1139 1252 1166 εἰσελεύσονταί
1269 1148 1341 1172 τινες
1350 1140 1465 1167 κλέπται
1476 1140 1521 1167 διὰ
1535 1141 1589 1167 τῶν
1603 1141 1718 1177 θυρίδων
1731 1141 1838 1176 ἡμῶνιι

1052 1185 1082 1212 οὐ
1097 1185 1152 1222 γὰρ
1169 1184 1240 1221 ἦσαν
1261 1186 1514 1222 κατακεχρισμέναι
1534 1187 1573 1222 τῷ
1591 1187 1686 1222 αἵματι
1707 1187 1753 1214 τοῦ
1773 1188 1840 1222 Χρι-

1053 1231 1128 1258 στοῦ.
1153 1231 1307 1259 Ἐσθίεσθαι
1324 1231 1352 1259 δὲ
1377 1232 1541 1268 προστάττει
1560 1233 1593 1259 τὰ
1616 1234 1684 1268 κρέα
1707 1233 1791 1269 ταύτῃ
1806 1235 1839 1269 τῇ

1053 1277 1147 1310 νυκτὶ,
1165 1278 1300 1310 τουτέστι,
1322 1277 1394 1305 κατὰ
1413 1278 1459 1305 τὸν
1477 1278 1562 1305 αίῶνα
1590 1278 1635 1305 τὸν
1663 1279 1838 1314 ἐνεστηκότα.

1053 1323 1132 1350 Οὕτω
1142 1323 1196 1360 γὰρ
1211 1323 1292 1351 αὑτὸν
1305 1324 1351 1350 καὶ
1361 1324 1375 1350 ὁ
1395 1324 1500 1356 Παῦλος
1516 1324 1655 1357 ἐπεκάλει,
1671 1325 1757 1359 λέγων
1767 1333 1773 1340 '
1784 1335 1793 1351 ι
1809 1326 1841 1351 Ἢ

1053 1369 1100 1403 νὺξ
1116 1363 1295 1405 προέκοψε,ὴ
1319 1370 1347 1396 δὲ
1369 1370 1459 1406 ἡμέρα
1487 1370 1610 1405 ἧγγικεν.
1624 1379 1633 1395 ι
1661 1370 1784 1406 Ἦμέραν
1813 1372 1842 1397 ὲν

1052 1415 1158 1447 τούτοις
1174 1415 1325 1451 διαρρήδην
1338 1415 1423 1443 είπὼν
1437 1415 1482 1442 τὸν
1494 1416 1580 1442 αἰῶνα
1597 1416 1642 1442 τὸν
1659 1416 1799 1452 μέλλοντα,
1812 1417 1843 1443 ὃν

1053 1462 1134 1494 αὐτὸς
1155 1461 1268 1496 φωτίζει
1289 1462 1415 1497 Χριστός.
1438 1462 1572 1495 Φάγονται
1602 1462 1693 1489 τοίνυν
1716 1462 1750 1488 τὰ
1772 1462 1841 1497 κρέα

1054 1507 1125 1535 κατὰ
1141 1508 1186 1534 τὸν
1201 1507 1287 1534 αἰῶνα
1303 1508 1412 1540 τοῦτον,
1430 1508 1522 1542 φησίν.
1540 1508 1610 1540 Ἕως
1628 1507 1678 1542 μὲν
1691 1508 1745 1542 γὰρ
1758 1507 1843 1543 ἐσμὲν

1046 1554 1076 1580 ὲν
1088 1553 1154 1589 τῷδε
1163 1553 1203 1588 τῷ
1213 1552 1307 1587 κόσμῳ
1317 1551 1362 1577 διὰ
1377 1551 1426 1585 τῆς
1441 1550 1519 1584 ἁγίας
1534 1550 1632 1585 σαρκός
1641 1558 1670 1576 τε
1685 1550 1732 1576 καὶ
1743 1549 1790 1576 τοῦ
1799 1556 1839 1573 τι-

1016 1587 1036 1616 (¹
1049 1587 1253 1636 μίουναϊματος,
1270 1598 1316 1624 καὶ
1333 1597 1493 1632 παχυτέρως
1508 1596 1546 1622 ἔτι
1565 1596 1773 1631 μεταληψόμεὼ
1791 1597 1839 1623 τοῦ

1047 1645 1174 1682 Χριστοῦ.
1190 1644 1237 1676 Εἰς
1247 1644 1273 1670 δὲ
1284 1643 1333 1678 τὴν
1345 1642 1452 1678 ἡμέραν
1463 1644 1680 1677 καταντήσαντες
1695 1643 1744 1678 τῆς
1759 1643 1839 1670 δυνά-

1049 1699 1121 1726 μεως
1137 1689 1231 1721 αὑτοῦ,
1246 1689 1336 1721 καθὼς
1349 1688 1514 1723 γέγραπται,
1528 1688 1575 1715 καὶ
1589 1689 1629 1719 είς
1645 1688 1695 1721 τὴν
1715 1689 1837 1724 λαμπρό-

1047 1745 1117 1772 τητα
1130 1736 1185 1762 τῶν
1195 1736 1280 1770 ἁγίων
1296 1734 1506 1769 ἀναὸεόηκότες,
1521 1733 1581 1760 καθ’
1595 1733 1688 1768 ἔτερόν
1698 1742 1759 1760 τινα
1775 1733 1837 1768 τρό-

1048 1791 1099 1810 πον
1110 1780 1333 1816 ἀγιασθησόμεθα
1362 1780 1452 1813 πάλιν,
1468 1780 1514 1806 καὶ
1536 1779 1574 1811 ὠς
1589 1778 1658 1805 οἶδεν
1674 1780 1688 1805 6
1709 1779 1765 1805 τῶν
1781 1780 1842 1805 ἐσο-

1051 1828 1138 1864 μένων
1152 1828 1262 1862 ἀγαθῶν
1276 1827 1420 1861 διανομεϋς
1446 1826 1492 1852 καὶ
1506 1826 1598 1860 δοτήρ.
1617 1825 1720 1856 Ἀλλως
1736 1834 1766 1851 τε
1793 1826 1841 1851 καὶ

1048 1874 1191 1909 ὁμολογίαν
1205 1872 1315 1908 ἔχειτοῦ
1329 1871 1439 1903 πάθους,
1457 1871 1560 1898 καὶτοῦ
1576 1871 1609 1897 δι’
1622 1871 1695 1906 ἡμᾶς
1707 1871 1842 1905 οἰκονομι-

1050 1920 1106 1952 κῶς
1120 1919 1345 1954 παραδειχθέντος
1363 1917 1477 1944 θανάτου
1489 1917 1535 1943 τοῦ
1552 1915 1680 1952 Χριστοῦ,
1699 1917 1749 1951 τῆς
1761 1916 1842 1949 ἁγίας

1049 1965 1132 1993 αὐτοῦ
1147 1965 1246 2000 σαρκὸς
1255 1964 1271 1999 ή
1282 1963 1431 1999 μετάληψις
1441 1984 1448 1995 ,
1459 1963 1527 1998 καὶὴ
1539 1963 1617 1993 πόσις
1627 1962 1748 1997 ὁμοίωςὴ
1757 1963 1788 1988 ὲκ
1796 1961 1843 1987 τοῦ

1052 2011 1185 2046 σωτηρίου
1194 2010 1320 2045 αἵματος.
1330 2008 1407 2036 Οὕτω
1418 2009 1452 2043 γὰ
1456 2017 1471 2043 ρ
1481 2008 1563 2040 αὐτὸς
1572 2008 1622 2034 πού
1633 2016 1726 2042 φησιν,
1735 2008 1778 2034 ὅτε
1787 2008 1844 2038 τοῖς

1055 2057 1152 2084 ἑαυτοῦ
1160 2057 1309 2091 γνωρίμοις
1318 2054 1431 2086 τοὺςὲπὶ
1438 2053 1477 2089 τῷ
1487 2053 1628 2089 μυστηρίῳ
1639 2053 1738 2088 νόμους
1745 2052 1838 2079 ἐτίθει·

212 2117 284 2139 stum
311 2109 463 2138 secundum
486 2116 609 2140 carnem,
631 2107 680 2135 sed
706 2115 781 2135 nunc
806 2115 862 2135 non
886 2108 1001 2142 amplius

1057 2114 1066 2130 ‹
1084 2104 1194 2134 Ὁσάκις
1207 2103 1261 2138 γὰρ
1273 2101 1306 2128 ἂν
1319 2101 1427 2136 ὲιθίητε
1440 2101 1485 2126 τὸν
1496 2100 1577 2135 ἄρτον
1590 2099 1694 2131 τοῦτον,
1705 2100 1799 2134 πίνητε
1814 2099 1841 2126 δὲ

211 2157 403 2192 cognoscimus
414 2156 446 2182 ¹⁸.
471 2165 480 2180 ι
499 2155 577 2182 Tunc
591 2155 665 2181 enim
679 2161 734 2181 non
750 2161 784 2181 ex
799 2154 844 2186 iis,
856 2161 890 2181 ex
903 2154 1001 2188 quibus

1053 2148 1084 2174 τὸ
1095 2148 1221 2182 ποτήριον
1234 2146 1322 2178 τοῦτο,
1334 2145 1379 2172 τὸν
1393 2145 1458 2180 ὲμὺν
1471 2145 1585 2171 θάνατον
1603 2144 1811 2178 καταγγέλλετε.
1831 2156 1838 2169 ι

211 2209 252 2230 est
269 2204 341 2230 Deus
356 2210 449 2233 verus,
464 2201 622 2229 evidentius
639 2207 847 2235 cognoscemus,
865 2207 927 2227 cum
946 2201 1001 2235 jam

1055 2191 1159 2218 Οὐκοῦν
1169 2192 1214 2217 ἐπὶ
1226 2191 1275 2226 μὲν
1288 2189 1335 2216 τοῦ
1344 2190 1478 2225 παρόντος
1489 2188 1596 2221 αἰῶνος,
1608 2189 1652 2215 διὰ
1665 2190 1714 2224 μὲν
1731 2189 1780 2224 τῆς
1795 2198 1841 2223 μεθ

212 2250 318 2284 expleta
333 2251 577 2283 consummataque
593 2246 677 2273 fuerit
693 2245 780 2280 ipsius
795 2245 958 2277 incarnatio,
977 2246 1001 2273 in

1055 2238 1137 2273 τοχῆς
1146 2237 1200 2264 τῶν
1209 2236 1310 2272 ἀρτίως
1325 2235 1535 2270 ὠνομασμένων,
1543 2234 1710 2268 χαταγγελοῦ
1715 2242 1764 2269 μεν
1772 2234 1844 2259 εικό-

211 2303 265 2330 qua
275 2299 303 2322 et
314 2295 372 2330 ipse
385 2294 472 2321 factus
483 2297 526 2321 est
537 2299 610 2320 caro.
622 2289 776 2319 Cessabunt
786 2291 872 2324 enim,
885 2295 916 2318 ut
926 2299 1003 2318 vero‘

211 2340 312 2372 simile,
331 2346 473 2368 sermones
492 2338 526 2366 de
541 2337 628 2372 ipsius
645 2336 845 2369 incarnatione,
860 2337 1003 2372 majorque

211 2386 331 2422 cognitio
347 2385 471 2420 incipiet,
486 2388 515 2411 et
530 2383 623 2410 divina
638 2382 666 2409 in
680 2382 762 2409 nobis
777 2382 881 2410 lucebit
900 2383 1002 2411 intelli—

211 2432 302 2468 gentia
315 2431 400 2466 ipsius
412 2430 518 2461 salutis,
532 2436 593 2464 qua:
603 2432 645 2455 est
657 2428 684 2455 in
699 2427 784 2463 gloria
797 2428 898 2455 divina.
916 2428 1002 2455 Porro

209 2477 288 2512 jubet
298 2483 345 2503 eos
355 2475 438 2503 edere
444 2474 524 2509 272
536 2481 633 2501 carnes
644 2473 706 2508 agni
715 2481 790 2500 assas
800 2473 874 2508 igne,
885 2481 917 2501 eo
928 2473 1001 2508 quod

212 2526 336 2557 oporteat
348 2528 397 2549 eos
412 2528 472 2548 esse
487 2519 670 2546 inﬂammatos
686 2519 783 2554 spiritu
797 2520 844 2554 qui
858 2520 954 2547 volunt
968 2520 1001 2547 ad

213 2566 433 2594 communionem
449 2564 552 2592 Christi
567 2563 707 2591 accedere.
722 2563 785 2591 ldeo
805 2568 832 2591 et
849 2564 950 2591 Paulus
961 2565 1004 2599 ju—

214 2613 260 2639 bet
278 2619 326 2639 eos
349 2620 358 2637 ι
378 2610 476 2646 spiritu
498 2610 606 2637 fervere
622 2609 654 2637 "'.
672 2619 680 2635 ι
705 2609 759 2637 Sed
784 2617 869 2644 panes
895 2619 1004 2645 quoque

214 2658 421 2685 infermentatos
443 2663 506 2684 cum
530 2655 683 2691 agrestibus
708 2656 822 2683 lactucis
848 2657 1004 2689 comedunt,

213 2703 261 2734 ait,
282 2702 396 2737 ﬁgurate
423 2701 590 2737 signiﬁcans,
609 2701 683 2735 quod
700 2701 739 2728 illi
754 2702 799 2736 qui
816 2701 918 2729 Christi
940 2710 1004 2736 par-

215 2749 312 2784 ticipes
336 2753 400 2776 sunt
421 2748 522 2781 etl‘ecti,
539 2747 659 2775 debeant
682 2755 787 2775 animus
807 2755 871 2775 suas
892 2756 1004 2784 pascere

249 2851 258 2865 ⁷
274 2850 340 2877 Jocl.
355 2859 384 2882 ιι,
403 2851 428 2877 9.
479 2851 489 2867 ⁵
503 2851 650 2881 Rom.xm,
668 2849 706 2876 12
754 2850 764 2866 ’
779 2850 850 2879 Psal.
868 2859 920 2882 cn,
940 2851 966 2877 5.

216 2885 237 2901 ”
251 2885 274 2914 ll
289 2886 351 2914 Cor.
368 2894 394 2920 ν,
414 2887 456 2914 16.
481 2887 517 2925 λδ
537 2886 674 2917 Ποιιι,ι;ιι,
694 2884 723 2910 ll

1008 2851 1026 2866 ”’
1049 2849 1130 2876 iCLH'.
1152 2856 1193 2880 ιι,
1215 2847 1258 2875 ‘26.
1299 2848 1318 2863 “
1333 2848 1341 2875 Ι
1357 2848 1420 2874 Cor.
1446 2856 1501 2875 xm.
1524 2847 1564 2874 12.

1055 2292 1108 2316 τως
1122 2283 1168 2310 τὸν
1181 2282 1294 2309 θάνατον
1301 2280 1468 2307 αὺτοῦ-ὃταν
1482 2281 1511 2307 δὲ
1524 2280 1616 2307 λοιπὸν
1626 2281 1654 2306 ὲν
1669 2281 1700 2315 τῇ
1714 2279 1778 2316 δόξῃ
1791 2288 1841 2305 πα-

1057 2329 1158 2365 ραγένῃ
1166 2327 1213 2355 τοῦ
1221 2327 1338 2364 Πατρὸς,
1349 2327 1400 2353 οὐκ
1409 2326 1544 2362 εὐκαίρως
1553 2326 1592 2352 ἐτι
1602 2326 1651 2361 τὴν
1661 2326 1707 2352 ὲπὶ
1715 2325 1753 2360 τῷ
1762 2325 1844 2352 πάθει
1858 2351 1860 2356 ,

1056 2376 1238 2411 προσοίσομεν
1247 2374 1393 2410 ὁμολογίαν
1407 2373 1491 2408 αὐτῷ,
1504 2372 1560 2399 ἀλλ’
1573 2371 1782 2407 ἑπιγνωσόμεθα
1796 2372 1845 2407 μὲν

1056 2422 1183 2458 καθαρῶς
1189 2421 1225 2454 ὡς
1232 2421 1298 2448 Θεδν
1307 2430 1316 2446 ι
1328 2420 1472 2456 πρόσωπον
1477 2419 1545 2454 πρὸς
1552 2419 1705 2454 πρόσωπον,
1713 2428 1722 2444 ι
1730 2419 1766 2450 ὡς
1773 2419 1846 2445 Παῦ-

1056 2469 1100 2500 λός
1113 2476 1179 2504 φησι
1188 2477 1194 2483 ·
1209 2478 1218 2494 ι
1230 2467 1448 2502 Δοξολογήσομεν
1458 2465 1521 2501 γὰρ,
1538 2465 1630 2500 φησὶν,
1644 2465 1680 2496 ὡς
1694 2465 1844 2499 Δεσπότην.

1058 2515 1207 2550 Ἅπαξγὰρ
1215 2513 1357 2541 ἀποθανὼν
1363 2511 1635 2546 οὐκέτιᾶποθνὴτκει,
1642 2511 1756 2542 θάνατος
1762 2511 1845 2538 αὐτοῦ

1058 2561 1150 2588 οὐκέτι
1167 2560 1300 2595 κυριεύει,
1314 2568 1322 2584 ι
1343 2559 1413 2585 κατὰ
1428 2558 1477 2593 τὴν
1489 2558 1535 2584 τοῦ
1559 2558 1665 2585 Παύλου
1685 2558 1787 2592 φωνήν.
1801 2557 1846 2583 Διὸ

1053 2607 1084 2643 δὴ
1099 2607 1146 2633 καὶ
1158 2607 1276 2640 ἔφασκεν
1286 2614 1292 2621 ·
1311 2615 1320 2631 ι
1333 2605 1363 2631 Ei
1377 2605 1423 2631 καὶ
1439 2605 1560 2639 ἔγνωμεν
1582 2603 1652 2630 κατὰ
1667 2604 1756 2638 σάρκα
1779 2604 1846 2638 Χρι-

1054 2655 1126 2686 στὸν,
1152 2653 1221 2679 ἀλλὰ
1238 2652 1286 2679 νῦν
1309 2652 1400 2678 οὐκέτι
1424 2651 1604 2685 γινώσκομεν,
1619 2660 1629 2675 ι
1644 2650 1710 2676 Τότε
1727 2650 1782 2686 γὰρ
1796 2650 1846 2676 οὐκ

1053 2701 1099 2734 ἀφ’
1112 2696 1150 2725 ὧν
1167 2699 1240 2724 ἐστιν
1255 2697 1408 2732 ἅνθρωπος,
1431 2695 1487 2722 ἀλλ’
1502 2695 1532 2727 ἐξ
1555 2692 1592 2722 ὧν
1611 2697 1670 2727 ἐστι
1694 2695 1760 2727 Θεὸς
1781 2695 1846 2730 ἀλη-

1055 2744 1282 2780 θινὸς,).αμπρότε
1288 2751 1332 2779 ρον
1344 2742 1563 2778 ὲπιγνωσόμεθα,
1574 2742 1846 2778 συμπεπερασμένης

1623 2849 1643 2864 ι’
1661 2847 1740 2876 Rom.
1757 2855 1794 2880 vt.
1817 2848 1843 2880 9.
