1999 3056
149 147 199 174 ΩΟ

643 137 901 167 GLAPIiYBORUM
921 135 954 164 IN
973 135 1114 163 EXODUM
1133 135 1195 161 LIB.
1216 134 1248 161 ll.

1719 136 1770 162 tan

150 203 198 239 ἢδη
219 202 266 237 τῆς
286 201 450 236 οἰκονομίας,
470 199 511 233 ἐφ’
565 198 611 225 καὶ
627 197 721 232 γέγονε
737 197 814 233 σάρξ.
833 195 934 245 ἰξργή-

999 191 1142 219 ηπίεείιηὶε
1168 190 1353 223 conseientiis,
1375 191 1586 217 assuefacientes
1610 190 1691 218 se'acl
1716 192 1772 219 doli

150 257 226 276 σηυσι
237 248 302 283 γὰρ,
319 247 391 273 κατὰ
405 246 436 272 τὺ
453 245 536 278 εἰκὸς,
549 245 574 271 οἰ
589 245 653 280 περί
667 243 832 279 σαρκώσεως
849 241 934 275 λόγοι,

148 293 248 327 γνῶσις
254 293 305 327 δὲή
315 292 415 327 μείζων
424 290 589 326 εἰσϐήσεται,
597 291 644 316 καὶ
651 289 710 316 Θεία
718 297 758 320 τις
766 288 795 314 ἐν
803 287 868 322 ἡμῖν
876 287 938 313 ἀνα-

150 338 252 374 λάμψει
264 338 371 370 σύνεσις
390 337 428 372 (I)
443 337 507 372 παρ’
522 334 605 362 αὐτοῦ
619 335 756 372 σωτηρίας
767 334 816 369 τῆς
835 334 863 359 ὲν
876 331 939 366 δόξῃ

151 383 304 417 Θεοπρεπεῐ.
314 380 417 416 Πυρίδὲ
425 379 591 416 όπτῶ[ν]τα;
600 379 738 406 ἐσθίεσθαι
744 378 791 405 τοῦ
799 377 937 413 προϐάτου

151 427 255 454 κελεύει
267 427 302 454 τὰ
315 425 445 461 κρέα,διά
461 434 502 452 τοι
516 426 546 452 τὸ
565 425 662 461 χρῆναι
676 424 795 460 θερμοὺς
815 421 885 450 εἶναι
898 422 938 458 τῷ

151 471 285 506 πνεύματι
301 471 362 502 τοὺς
375 470 416 501 εἰς
432 470 581 505 κατάληψιν
598 469 792 501 ἀναϐαίνοντας
805 468 853 496 τοῦ
869 469 937 503 Χρι-

152 516 225 542 στοῦ.
247 516 322 542 Ζέειν
346 516 374 542 δὲ
397 516 495 547 αὐτοὺς
520 515 558 551 τῷ
582 515 728 550 πνεύματι,
757 515 863 542 κελεύει
892 515 939 542 καί¹

152 562 265 592 Παῦλος.
287 561 367 588 ’Ᾱλλὰ
392 562 439 588 καὶ
464 561 561 596 ἄρτους
586 560 706 596 ἀζύμους
733 561 780 587 ἐπὶ
808 559 939 596 πικρίδων

152 607 294 641 φάγονται,
321 606 398 642 φησὶ,
418 606 451 633 δι’
468 606 626 641 αἰνίγματος
652 605 818 640 ὑποφαίνων,
845 605 940 640 ὅτιπερ

150 654 175 679 οἰ
192 653 300 688 μέτοχοι
323 652 464 687 γεγονότες
487 651 534 678 τοῦ
555 651 683 686 Χριστοῦ,
705 651 820 686 ἀζύμοις
846 650 940 686 ὥσπερ

153 700 201 726 καὶ
224 699 434 734 καθαρωτάτοις
457 698 617 733 ἐπιθυμίαις
632 697 681 734 τὴν
698 697 804 724 ἑαυτῶν
820 696 941 731 ὀφείλου-

154 752 196 770 σιν
221 743 385 779 ἀποτρέψειν
409 743 508 778 ψυχὴν,
526 744 565 774 εἰς
580 742 673 770 ἄδολον
695 751 756 769 τινα
781 743 827 769 καὶ
850 741 940 777 ἀμιγῆ

153 789 318 824 φαυλότητος
333 788 538 824 προσεθίζοντες
556 788 703 815 πολιτείαν
720 788 767 815 καὶ
789 787 827 823 μὴ
845 796 942 823 παραι-

152 835 258 861 τεῖσθαι
282 835 327 861 διὰ
351 834 430 861 τοῦτο
445 834 495 866 τὰς
510 835 542 861 ὲκ
565 834 620 861 τῶν
644 834 806 870 πειρασμῶν
818 835 940 870 πικρίας,

986 241 1126 271 expertem
1143 241 1169 264 et
1187 244 1283 272 puram
1295 237 1542 264 conversationem.
1559 237 1670 264 interim
1683 243 1772 265 tamen
1817 258 1821 263 .

986 289 1043 309 non
1065 282 1247 309 succumbant
1273 282 1454 309 tentationum
1479 282 1684 314 acerbitatibus,
1703 284 1774 310 sicut

988 327 1092 355 dictum
1109 333 1151 356 est
1169 335 1183 355 a
1200 328 1318 363 quodam
1333 337 1339 355 :
1359 338 1367 354 ι
1384 328 1446 361 Fili,
1459 329 1481 355 si
1496 327 1603 356 accedis
1618 332 1648 355 ut
1660 329 1775 356 Domino

988 373 1102 406 servias,
1115 381 1237 409 praepara
1251 374 1371 401 animam
1387 378 1460 401 tuam
1473 373 1506 401 ad
1521 373 1696 401 tentationem
1711 383 1718 400 :
1731 373 1783 401 di-.

989 418 1045 454 rige
1055 426 1103 446 cor
1113 423 1202 453 tuum,
1213 424 1242 448 et
1254 421 1339 448 tolera
1355 421 1387 447 ιθ.
1402 420 1437 447 At
1448 428 1503 447 non
1515 420 1603 447 edatis
1615 420 1649 447 de
1662 420 1713 450 eis,
1726 421 1774 452 ait,

989 464 1106 492 crudum
1119 465 1150 492 ".
1165 475 1173 490 ι
1192 466 1296 501 Ecquid
1322 466 1374 494 hoc
1392 466 1449 493 est?
1467 465 1518 499 Qui
1534 466 1650 493 crudum
1670 465 1736 498 edit,
1752 465 1777 493 is

989 517 1044 537 non
1063 510 1092 538 in
1115 510 1296 546 digestionem
1310 512 1376 543 edit,
1396 512 1450 539 imo
1468 511 1603 547 ejusmodi
1623 511 1702 539 cibus
1719 518 1778 538 om-

990 555 1056 584 nino
1070 564 1126 584 non
1140 558 1268 585 convenit
1279 558 1418 585 dentibus.
1436 558 1493 586 Hoc
1505 562 1596 586 autem
1615 562 1688 586 recte
1702 557 1778 585 dixe,

991 602 1029 629 ris
1051 603 1113 630 illos
1137 603 1226 632 facere
1247 604 1294 639 qui
1318 612 1367 639 per
1387 609 1543 633 accuratam
1570 605 1777 640 inquisitionem

991 648 1075 676 verba
1087 649 1120 676 de
1132 648 1241 678 Christo
1251 658 1305 678 non
1319 655 1476 683 extenuant,
1491 651 1607 687 igneque
1620 652 1777 680 examinant

991 698 1019 721 et
1040 695 1258 730 probant,juxta
1282 696 1349 724 illud
1373 705 1389 724 a
1414 697 1556 725 Psalmista
1579 697 1775 725 decantatum:

996 751 1004 767 ι
1017 741 1051 769 Et
1069 741 1096 769 in
1113 742 1290 770 meditatione
1309 750 1369 770 mea
1389 743 1460 779 ignis
1481 744 1680 772 exardescet".
1697 754 1705 770 ι
1724 745 1778 772 De-

992 788 1056 816 inde
1081 797 1191 824 quoque
1211 789 1351 824 prohibet,
1372 797 1407 817 ne
1429 790 1532 817 elixum
1559 798 1630 825 aqua
1651 791 1775 823 edamus,

992 835 1065 869 quod
1078 835 1180 863 indicat
1193 835 1306 863 dilutam
1319 836 1464 871 quamdam
1477 836 1511 863 de
1524 837 1582 872 ipso
1594 837 1778 872 cognitionem

154 880 226 907 κατὰ
240 880 270 906 τὸ
286 879 430 916 εἰρημένον
446 880 498 907 ὑπό
512 888 583 911 τινος
594 888 601 895 '
619 889 629 906 ι
643 880 752 911 Τέκνον,
767 881 791 906 εἰ
804 881 939 916 προσέρχῃ

999 881 1052 908 sive
1073 881 1240 915 opinionem,
1259 881 1470 916 haudquaquam
1494 879 1718 910 fore‘salutarem
1739 884 1780 910 ci—

154 926 288 953 δουλεύειν
312 925 382 961 Θεῷ,
410 926 554 961 ἑτοίμασον
569 926 619 961 τὴν
641 925 730 961 ψυχήν
753 934 800 952 σου
820 927 860 957 εἰς
884 935 943 952 πει-

156 972 271 1008 ρασμὸν,
286 971 396 998 εὔθυνον
410 971 459 1008 τὴν
474 971 586 1007 καρδίαν
597 980 643 998 σου
659 972 705 998 καὶ
719 972 897 1007 καρτέρησον.
909 986 945 991 --

162 1017 242 1045 ’Δλλὰ
264 1018 311 1045 καὶ
337 1018 386 1044 οὑκ
409 1017 509 1050 ἔδεσθε,
525 1018 616 1053 φησὶν,
632 1017 772 1045 ἀπἀὺτοῦ
786 1018 870 1053 ὠμόν.
886 1027 895 1044 ›
912 1018 944 1044 Τί

155 1061 203 1090 οὖν
218 1064 270 1099 ἄρα
297 1064 344 1090 καὶ
362 1063 441 1090 τοῦτό
468 1065 558 1096 tio-rw;
581 1064 609 1090 '0
621 1063 814 1098 ὠμὺνὲσοίων,
836 1064 885 1090 οὐκ
905 1065 944 1096 εἰς

157 1108 239 1142 πέψιν
255 1108 338 1134 ὲσῦίει
348 1115 355 1122 ·
371 1107 427 1134 ἀλλ’
451 1108 511 1134 οὐδὲ
533 1108 638 1134 ὑπείκει
658 1109 713 1140 τοῖς
727 1107 830 1135 ὀδοῦσιν
846 1108 912 1140 ὅλως
928 1108 944 1144 ἠ

157 1154 245 1180 τοιάδε
266 1154 364 1189 τροφή.
379 1153 465 1180 Τοῦτο
484 1154 512 1181 δὲ
537 1154 569 1181 ἂν
591 1153 676 1190 δρῷεν
692 1155 804 1187 εἰκότως
819 1155 843 1181 οἰ
861 1155 897 1189 μὴ
911 1154 944 1180 δι’

159 1199 271 1235 ἐρεύνης
289 1200 334 1226 τδν
349 1200 394 1227 ἐπὶ
414 1200 452 1236 τῷ
467 1200 577 1236 Χριστῷ
593 1200 839 1232 κατειλεπτύνοντες
855 1201 943 1235 λόγον,

158 1245 309 1280 πυροῦντες
336 1254 366 1272 τε
390 1247 435 1272 καὶ
457 1246 660 1281 δοκιμάζοντες,
680 1246 751 1273 κατὰ
767 1246 798 1272 τὸ
823 1246 875 1273 ὑπὸ
897 1246 944 1273 τοῦ

159 1289 241 1316 Δασὶδ
261 1290 476 1326 μελῳδούμενον·
498 1301 507 1318 ‹
522 1292 576 1319 Καὶ
596 1293 623 1319 ὲν
643 1294 676 1327 τῇ
700 1292 799 1328 μελέτῃ
823 1301 874 1328 μου
902 1293 946 1319 ὲκ-

159 1335 326 1370 καυθήσεται
344 1337 407 1372 πῦρ.
423 1346 431 1361 ι
450 1337 557 1364 κωλύει
575 1337 603 1364 δὲ
619 1338 698 1364 πάλιν
724 1338 824 1364 ἐσθίειν
839 1337 946 1374 ἡψημέ-

159 1390 204 1408 νον
219 1383 248 1408 ὲν
263 1382 348 1415 ὕδατι,
359 1383 409 1418 τὴν
424 1382 604 1419 ὑδαρεστέραν
625 1384 671 1410 καὶ
686 1383 866 1418 ἐκλελυμένην
883 1383 947 1419 περὶ

160 1427 243 1454 αὑτοῦ
261 1426 393 1463 διάληψιν,
410 1429 440 1454 οὺ
469 1428 553 1464 καλὴν
578 1428 686 1455 ἔσεσθαι
707 1427 808 1464 τροφὴν
819 1429 878 1460 ταῖς
894 1428 947 1455 τῶν

162 1474 345 1500 πιστευόντων
376 1474 506 1506 διανοίαις
537 1474 687 1509 ὑποδηλῶν.
713 1474 892 1510 Ὑδαρεστέρα
920 1474 948 1500 δὲ

160 1520 226 1555 περί
240 1519 323 1546 αὑτοῦ
337 1520 472 1555 διὰληψις,
487 1521 518 1547 τὺ
533 1520 570 1556 μὴ
581 1520 646 1547 Θεὸν
661 1520 764 1547 οἴεσθαι
779 1521 849 1547 κατὰ
866 1520 947 1554 φύσιν

160 1566 295 1602 ὑπάρχειν
309 1566 399 1600 αὐτρν,
417 1566 473 1593 ἀλλ’
491 1555 538 1598 εἰςν
550 1555 599 1602 τὴν
613 1566 666 1593 τῶν
681 1566 840 1602 ποιημάτων
863 1574 945 1593 κατα·
961 1555 982 1584 C

162 1611 287 1647 κομίζειν
298 1611 375 1644 τάξιν
386 1620 392 1627 ·
408 1611 422 1638 δ
438 1613 485 1638 καὶ
497 1612 562 1647 δρᾷν
577 1611 690 1647 ἀμαθῶς
706 1612 735 1638 οὐ
754 1611 947 1646 καταναρκῶσί

161 1666 246 1689 τινες,
265 1657 299 1684 τὰ
323 1657 501 1693 οἰκονομικῶς
521 1652 654 1692 εἰρημένα
669 1658 732 1692 περὶ
745 1657 828 1684 αὑτοῦ
844 1657 887 1684 διὰ
900 1657 948 1692 τὴν

162 1702 378 1738 ὲνανθρώπησιν,
399 1704 438 1735 εἰς
459 1703 488 1729 τὸ
508 1704 606 1729 οἰκεῖον
631 1703 819 1738 περιέλκοντες
834 1702 948 1738 θέλημα,

164 1750 212 1781 καὶ
230 1750 332 1785 τροφὴν
349 1749 444 1786 ὥσπερ
462 1750 522 1777 τινὰ
542 1751 591 1784 τῆς
612 1750 725 1785 ἐνούσης
746 1750 837 1781 αὐτοῖς
853 1749 949 1777 δυσσε-

164 1796 240 1828 ϐείας
262 1796 426 1831 ποιούμενοι.
449 1797 525 1823 (Οὐκ
541 1796 630 1823 ἕδεσθε
653 1797 752 1828 τοίνυν,
769 1796 863 1831 φησὶν,
880 1797 951 1832 ἡψη-

166 1841 245 1876 μένον
271 1842 299 1868 ἑν
323 1841 407 1873 ὕδατι,
436 1841 493 1869 ἀλλ’
522 1841 538 1877 ἢ
560 1841 629 1868 ὀπτὰ
653 1842 750 1878 πυρίη
767 1841 812 1868 διὰ
826 1841 875 1877 τὴν
900 1842 950 1877 ἠδη

164 1887 398 1922 προαποδοθεῖσαν
421 1887 521 1920 αἰτίαν,
544 1887 590 1914 καὶ
606 1888 647 1914 ὅτι
666 1897 674 1913 ι
688 1887 723 1915 τὰ
742 1886 820 1921 λόγια
848 1887 951 1923 Κυρίου

165 1932 360 1968 πεπυρωμένα.
372 1942 381 1958 ι
393 1932 495 1968 Θερμοί
511 1933 564 1968 γὰρ
581 1932 681 1965 πάντες
701 1933 769 1959 εἰσὶν
783 1933 808 1959 οἱ
820 1932 884 1968 περὶ
904 1933 953 1966 τῆς

164 1978 291 2013 Θεότητος
313 1978 394 2005 αὐτοῦ
411 1978 496 2012 λόγοι,
523 1979 570 2006 καὶ
593 1979 669 2006 οὐδὲν
692 1978 798 2013 ἔχοντες
819 1978 916 2014 ὑδαρὲς
937 1978 953 2014 ἢ

163 2024 366 2060 ἀπεψυγμένον,
380 2025 449 2052 κατὰ
463 2025 508 2052 τὸν
518 2025 631 2060 λέγοντα
646 2025 728 2052 πάλιν
741 2026 769 2052 ὲν
783 2024 867 2060 sum;
881 2024 954 2051 Ψαλ-

171 2071 240 2106 μῶν·
257 2081 266 2097 ‹
280 2071 480 2107 Πεπυρωμένον
499 2071 530 2098 τὺ
547 2071 636 2107 λόγιόν
666 2080 713 2098 σου
740 2070 852 2105 σφόδρα,
875 2070 922 2097 καὶ
940 2070 954 2097 ό

166 2117 260 2149 δοῦλός
272 2126 318 2145 σου
337 2118 478 2153 ¹ὴγάπησεν
494 2117 569 2145 αὐτό.
580 2126 589 2143 ι
608 2116 736 2152 Κεφαλήν
754 2116 782 2143 δὲ
806 2116 887 2143 πάλιν
905 2115 955 2142 σὺν

165 2164 224 2194 τοῖς
236 2163 300 2189 ποσὶ
316 2163 364 2190 καὶ
384 2164 440 2194 τοῖς
453 2163 600 2194 ὲντοσθίοις
616 2162 755 2189 ἐπιτάττει
772 2163 879 2197 φαγεῖν,
890 2161 955 2196 ὅλην

166 2209 196 2243 ἐξ
209 2209 270 2236 ὅλου
292 2209 339 2235 τοῦ
353 2210 413 2236 κατ’
426 2208 508 2236 αὐτοῦ
536 2207 684 2244 μυστηρίου
707 2207 758 2243 τὴν
781 2206 880 2242 γνῶσιν
895 2207 955 2238 ταῖς

165 2255 222 2282 τῶν
240 2255 422 2282 πιστευόντων
441 2255 571 2286 διανοίαις
589 2254 769 2286 ἐνοικίζεσθαι
783 2254 878 2281 Θέλων.
895 2254 955 2289 Χρὴ

165 2301 221 2335 γὰρ
236 2301 336 2328 εἰδέναι
358 2300 412 2336 πρὸ
427 2301 546 2333 πάντων,
563 2301 660 2336 ὅτιπερ
672 2298 706 2336 ἦν
717 2299 769 2336 [ἐν]
795 2300 876 2335 ἀρχῇ,
892 2299 958 2330 Θεὸς

166 2346 204 2373 ῶν
221 2347 234 2373 ό
247 2347 343 2381 Λόγος,
357 2347 386 2373 ὲν
399 2347 487 2383 Πατρὶ
506 2347 554 2374 καὶ
570 2347 639 2383 μετὰ
651 2345 766 2382 Πατρός
786 2344 926 2372 τουτέστιν
940 2345 956 2380 ἡ

167 2392 283 2428 κεφαλὴ,
311 2392 382 2428 ἀρχὴ
405 2391 451 2419 τοῦ
483 2393 582 2425 παντὸς
607 2392 767 2428 ὺπάρχουσα
794 2391 954 2427 μυστηρίου.

167 2437 298 2472 Δεύτερον
312 2437 340 2463 δὲ
355 2438 395 2464 ὅτι
407 2438 454 2464 καὶ
463 2438 528 2469 Θεὸς
542 2437 590 2471 ὢν,
607 2438 687 2464 πάλιν
702 2436 842 2472 ἐπανήξει,
858 2437 954 2472 κριτὴς

168 2481 244 2512 τέλος
259 2482 396 2518 ἐπιθήσων
416 2483 449 2518 τῇ
476 2483 536 2509 καθ’
551 2483 624 2518 ἡμᾶς
638 2482 779 2517 οἰκονομίᾳ.
792 2490 798 2497 ·
812 2481 891 2508 τοῦτο
904 2481 958 2516 γὰρ

170 2527 234 2562 ἡμῖν
261 2527 437 2562 σημαίνουσιν
456 2528 480 2554 οἱ
498 2527 588 2561 πόδες,
601 2528 632 2555 τὺ
646 2528 720 2559 τέλος
737 2527 811 2559 ὖντες
826 2527 886 2553 ὅλου
909 2527 956 2553 τοῦ

170 2572 308 2607 σώματος.
323 2574 438 2609 Νοήσεις
450 2574 477 2601 δὲ
497 2574 531 2601 τὰ
543 2574 666 2601 ὲντόσθια
677 2574 722 2600 τὸν
743 2574 957 2609 ἀποκεκρυμμέ-

169 2628 214 2646 νον
231 2621 278 2647 ml.
294 2621 375 2647 οἰονεὶ
390 2621 472 2655 μέσον
488 2621 533 2648 τὸν
555 2621 786 2657 ἐνανθρωπήσεως
809 2621 897 2655 λόγον.
911 2621 959 2647 οὺ-

169 2665 236 2692 κοῦν
259 2665 404 2702 όλόκληρος
428 2668 477 2702 μὲν
501 2667 545 2694 διὰ
572 2667 673 2693 τούτων
687 2667 704 2702 ή
720 2667 828 2698 πίστις·
852 2667 911 2698 ὅλος
930 2666 959 2693 δὲ

170 2711 217 2737 καὶ
229 2711 332 2744 τέλειος
353 2713 383 2739 ὲν
398 2714 464 2748 ἡμῖν
478 2713 520 2739 διὰ
535 2713 585 2748 τῆς
603 2713 709 2739 τοιᾶσδε
724 2712 851 2747 γνώσεως
861 2713 875 2738 ὁ
892 2713 958 2747 Χρι-

171 2757 358 2793 στός-Ταύτης
368 2758 422 2794 γὰρ
439 2758 520 2784 ἕνεκα
531 2759 578 2793 τῆς
587 2757 674 2789 αἰτίας
689 2758 808 2793 οἰηθείην
825 2758 858 2784 ἂν
871 2757 958 2791 ἔγωγε

973 2235 994 2261 ι)

993 927 1059 954 bum
1085 927 1224 954 mentibus
1249 927 1432 955 credentium.
1458 927 1549 955 Diluta
1571 933 1662 956 autem
1687 929 1781 964 opinio

994 977 1046 1005 est,
1064 973 1088 1000 si
1111 980 1166 1000 non
1186 973 1282 1001 eredas
1300 980 1363 1000 eum
1380 981 1440 1001 esse
1458 977 1553 1009 suapte
1571 978 1668 1002 natura
1683 975 1779 1006 Deum,

995 1018 1043 1045 sed
1060 1018 1086 1045 in
1099 1017 1224 1045 ordinem
1237 1022 1426 1046 creaturarum
1440 1018 1548 1054 redigas
1562 1027 1569 1045 :
1586 1019 1658 1054 quod
1671 1020 1781 1055 quidem

995 1072 1044 1099 pro
1059 1072 1109 1092 sua
1128 1064 1265 1099 imperitia
1288 1072 1343 1092 non
1361 1069 1493 1092 verentur
1516 1065 1651 1096 nonnulli,
1665 1066 1711 1100 qui
1723 1074 1783 1101 qua:

995 1115 1070 1148 certa
1083 1111 1189 1138 ratione
1204 1110 1238 1138 de
1251 1111 1309 1146 ipso
1321 1110 1395 1139 dicta
1412 1115 1476 1138 sum
1492 1115 1604 1146 propter
1617 1111 1783 1140 incarnatio-

996 1163 1071 1187 nem,
1081 1154 1115 1182 ad
1123 1162 1202 1182 suum
1215 1155 1381 1190 detorquent
1392 1155 1547 1188 arbitrium,
1560 1161 1641 1191 atque
1654 1157 1690 1183 ita
1700 1157 1784 1185 veluti

997 1199 1248 1239 cibum‘quemdam
1270 1207 1327 1227 suat
1341 1200 1475 1235 impietati
1495 1201 1677 1229 constituunt.
1696 1212 1705 1227 ι
1725 1203 1785 1230 Non

997 1245 1099 1281 itaque,
1113 1245 1211 1280 inquit,
1220 1246 1308 1274 edetis
1319 1250 1427 1274 coetum
1439 1255 1519 1282 aqua,
1529 1247 1576 1275 sed
1590 1247 1644 1283 igni
1657 1256 1760 1281 assum;
1772 1260 1781 1274 ν

997 1292 1033 1318 ob
1054 1291 1212 1326 praadictam
1235 1299 1360 1324 causam,
1379 1297 1406 1320 et
1426 1293 1491 1328 quia
1517 1302 1526 1318 ι
1545 1293 1655 1329 eloquia
1678 1294 1786 1322 Domini

998 1337 1059 1372 igne
1074 1337 1227 1365 examinata
1244 1337 1275 1364 ‘".
1293 1347 1301 1362 ι
1323 1337 1424 1365 Omnes
1437 1338 1510 1365 enim
1527 1338 1562 1366 de
1582 1338 1668 1373 ipsius
1685 1339 1786 1367 deitate

998 1389 1140 1409 sermones
1164 1386 1228 1409 sunt
1253 1381 1367 1414 fervidi,
1397 1390 1485 1416 neque
1510 1382 1613 1410 habent
1636 1383 1786 1418 quidquam

999 1434 1118 1462 aqueum
1131 1432 1179 1455 aut
1190 1427 1329 1463 frigidum,
1341 1429 1418 1463 juxta
1435 1427 1522 1461 illum,
1535 1429 1582 1463 qui
1601 1429 1700 1456 iterum
1718 1429 1788 1458 dixit

1000 1470 1028 1498 in
1056 1471 1126 1498 libro
1153 1471 1349 1499 Psalmorum:
1374 1472 1520 1507 «Ignitum
1545 1473 1684 1508 eloquium
1710 1478 1787 1502 tuum

1000 1517 1091 1549 valde,
1104 1521 1132 1544 et
1145 1525 1241 1545 servus
1253 1521 1318 1545 tuus
1334 1517 1430 1545 dilexit
1441 1518 1508 1546 illud
1524 1519 1555 1546 ι’.
1568 1529 1580 1544 θ
1594 1519 1681 1554 Caput
1696 1525 1787 1547 autem

999 1570 1061 1590 cum
1077 1563 1194 1598 pedibus
1210 1568 1238 1590 et
1257 1563 1394 1591 intestinis
1405 1564 1487 1592 edere
1497 1565 1585 1600 jubet,
1598 1565 1727 1593 nimirum
1741 1574 1789 1593 vo-

999 1609 1058 1636 lens
1075 1613 1159 1637 totam
1180 1616 1214 1636 ex
1233 1613 1289 1636 tota
1309 1609 1431 1645 mysterii
1444 1610 1487 1637 sui
1501 1610 1684 1645 cognitionem
1699 1611 1789 1638 inesse

1001 1654 1122 1682 ﬁdelium
1142 1655 1292 1682 mentibus.
1307 1655 1375 1682 Nam
1392 1659 1456 1682 ante
1473 1655 1566 1683 omnia
1582 1661 1690 1692 oportet
1707 1657 1789 1690 scire,

1000 1701 1073 1735 quod
1092 1701 1223 1734 Verbum,
1236 1709 1299 1728 cum
1316 1701 1351 1728 sit
1364 1701 1446 1734 Deus,
1457 1701 1541 1728 fuerit
1560 1702 1588 1729 in
1606 1703 1742 1738 principio
1761 1702 1790 1731 in

1001 1747 1080 1774 Patre
1110 1751 1139 1774 et
1166 1755 1229 1774 eum
1252 1747 1354 1774 Patre:
1372 1746 1424 1774 hoc
1447 1747 1582 1782 signiﬁcat
1605 1753 1696 1783 caput,
1716 1748 1791 1783 quod

1001 1800 1043 1821 est
1078 1793 1163 1821 totius
1198 1793 1322 1829 mysterii
1359 1793 1537 1829 principium.
1570 1794 1674 1822 Deinde
1705 1803 1790 1827 vero,

1002 1840 1075 1875 quod
1102 1845 1130 1867 et
1170 1841 1241 1867 Deus
1260 1847 1322 1867 cum
1349 1839 1397 1872 sit,
1430 1847 1526 1867 rursus
1554 1844 1688 1868 venturus
1711 1841 1792 1876 273

1003 1885 1039 1912 sit
1059 1885 1158 1920 iudex,
1185 1884 1266 1912 linem
1293 1883 1358 1911 huic
1383 1887 1484 1911 nostra:
1513 1884 1711 1919 dispensationi
1739 1886 1791 1911 im—

1004 1930 1160 1965 positurus,
1186 1929 1330 1965 designant
1363 1929 1464 1964 pedes,
1491 1929 1539 1964 qui
1563 1929 1647 1957 totius
1669 1930 1794 1965 corporis

1007 1976 1068 2004 linis
1095 1983 1143 2003 seu
1173 1975 1341 2002 extremitas.
1363 1974 1450 2002 Porro
1473 1974 1635 2002 intestinum
1658 1975 1794 2010 intelliges

1006 2021 1119 2048 verbum
1131 2019 1333 2052 absconditum,
1353 2023 1381 2047 et
1394 2020 1472 2054 quasi
1493 2019 1565 2048 intra
1576 2020 1722 2047 humanam
1742 2029 1792 2048 na-

1008 2073 1094 2094 turam
1123 2066 1270 2094 inclusum.
1305 2065 1441 2099 Quocirca
1475 2065 1543 2093 ﬁdes
1579 2066 1665 2094 solida
1692 2071 1720 2094 et
1749 2067 1793 2094 in-

1008 2118 1082 2148 tegra
1112 2120 1161 2148 per
1183 2111 1242 2140 hac
1265 2111 1399 2145 iunuitur,
1427 2111 1550 2147 adeoque
1582 2111 1709 2140 Christus
1730 2121 1794 2148 per-

1007 2159 1113 2191 lectus,
1139 2157 1187 2193 qui
1212 2165 1262 2193 per
1283 2157 1419 2194 ejusmodi
1448 2158 1632 2193 cognitionem
1659 2159 1687 2185 in
1713 2158 1794 2186 nobis

1008 2204 1123 2231 habitat.
1152 2203 1194 2231 Ob
1221 2203 1292 2231 hanc
1329 2203 1403 2231 enim
1430 2211 1540 2231 causam
1579 2204 1794 2232 existimaverim

1008 2254 1036 2277 et
1056 2250 1188 2278 Joannem
1210 2248 1313 2277 dixisse
1335 2258 1342 2275 :
1370 2259 1379 2274 ‹
1400 2248 1452 2282 Qui
1484 2252 1543 2281 est,
1567 2249 1614 2284 qui
1644 2252 1714 2281 erat,
1744 2249 1793 2284 qui

1008 2301 1142 2324 venturus
1180 2300 1223 2324 est
1250 2296 1284 2323 '°.
1319 2306 1331 2322 ι
1365 2295 1488 2323 Posthaee
1525 2295 1650 2330 praecipit
1688 2295 1795 2330 legisla-

1009 2345 1061 2374 tor,
1084 2349 1118 2369 ne
1139 2340 1205 2376 quid
1223 2340 1257 2368 de
1277 2340 1344 2375 ipsis
1359 2340 1529 2375 relinquatur
1544 2347 1630 2374 usque
1647 2339 1682 2367 ad
1703 2347 1794 2372 mane,

1008 2387 1132 2422 ﬁgurate,
1153 2391 1183 2414 ut
1203 2386 1322 2418 videtur,
1338 2393 1387 2421 per
1409 2385 1467 2414 haec
1486 2385 1636 2420 prohibens
1653 2386 1739 2414 malas
1760 2385 1794 2413 ad

1007 2432 1126 2468 perfecte
1138 2431 1346 2467 intelligendum
1358 2431 1627 2466 procrastinatioues.
1637 2431 1697 2459 Non
1708 2432 1793 2463 enim,

1010 2479 1058 2510 ait,
1074 2478 1217 2506 differatur
1243 2481 1290 2504 aut
1303 2477 1521 2511 procrastinetur
1537 2477 1658 2513 perfecta
1675 2485 1796 2512 veraque

1010 2525 1057 2552 Dei
1070 2523 1199 2559 cognitio,
1214 2530 1265 2550 nec
1278 2523 1325 2550 ulli
1341 2522 1394 2550 sibi
1410 2527 1552 2550 reservent
1573 2523 1794 2558 intempestivum

1010 2575 1128 2606 tempus,
1143 2577 1198 2604 quo
1211 2569 1258 2596 Dei
1272 2569 1392 2604 perfecte
1407 2570 1555 2605 participes
1572 2569 1648 2602 ﬁant,
1662 2578 1724 2598 cum
1740 2571 1796 2606 jam

1011 2617 1095 2644 semel
1110 2617 1135 2643 ei
1152 2615 1391 2647 communicarint,
1410 2620 1456 2643 aut
1479 2615 1506 2642 in
1523 2616 1682 2643 universum
1699 2616 1796 2652 attige-

1012 2663 1076 2690 rint.
1100 2661 1158 2689 Hoc
1180 2669 1244 2689 sane
1267 2661 1372 2688 faciunt
1394 2662 1441 2696 qui
1458 2669 1520 2689 eum
1538 2669 1587 2696 per
1599 2662 1796 2690 eatechismum

1011 2709 1138 2744 dogmata
1152 2707 1185 2735 de
1200 2707 1309 2735 Christo
1325 2707 1505 2742 degustarint,
1518 2708 1649 2735 diﬂ’ernnt
1660 2708 1797 2735 illumina-

1012 2756 1113 2784 tionem
1126 2754 1410 2789 Spiritus,etgratiam
1422 2762 1471 2789 per
1477 2754 1641 2789 baptismum
1650 2754 1677 2781 in
1685 2754 1796 2788 lengum

199 2820 221 2839 ³³
233 2820 318 2848 Eccli.
330 2828 360 2852 ιι,
377 2822 402 2854 Ι,
416 2821 443 2848 2.
483 2821 504 2836 ”
513 2819 597 2846 Exod.
612 2828 659 2852 xu,
673 2819 699 2846 9.
740 2819 759 2834 ¹⁷
769 2817 840 2846 Psal.
851 2825 948 2846 xxxvm

999 2838 1004 2844 .
1044 2817 1144 2845 “Psal.
1157 2825 1195 2850 xi,
1206 2816 1232 2844 7.
1272 2816 1292 2832 "
1305 2815 1376 2844 Psal.
1388 2821 1482 2848 cxvm,
1497 2813 1558 2842 “0.
1597 2813 1619 2831 '°
1632 2808 1714 2849 hpcc.
1730 2821 1748 2846 ι,
1764 2813 1792 2843 8.

199 2869 237 2904 (ἰ)
250 2868 342 2897 Codex
355 2868 510 2896 llailmanus
524 2867 607 2900 addit,
623 2866 790 2902 τελειοτάτην
803 2865 935 2893 ὲντιθεῖεα

999 2863 1113 2899 anew.
