1999 3056
213 163 257 190 531
711 162 737 190 S.
759 162 896 190 CYRILH
917 160 1152 188 ALEXANDRINI
1173 161 1331 190 ARCIIH‘IP.

1792 165 1844 193 ‘32

207 226 291 256 atque
307 220 530 255 intempestivum
544 224 663 256 tempus,
684 220 712 248 in
731 225 900 248 senectutem
917 218 997 245 nimi-

1053 219 1231 256 τὸνΊωὰννην
1247 221 1332 246 είπεῖν
1343 230 1349 236 ’
1365 231 1372 245 ι
1386 221 1470 252 ”Ο‹ἲ›ν,
1481 221 1494 248 ὀ
1507 219 1550 256 ἦν,
1561 221 1575 247 ὁ
1589 221 1744 257 ἐρχόμενος.
1758 232 1767 248 ι
1778 221 1844 250 Εἶτα.

155 289 157 291 .
209 274 280 293 rum.
296 267 394 301 Ingens
408 265 481 292 cnim
494 263 624 292 damnum
640 265 702 292 hinc
713 269 741 292 et
754 265 864 300 quidem
878 264 1001 298 inopina-

209 318 236 339 to
248 311 358 339 accidit.
380 310 439 338 Etsi
453 311 527 338 cnim
545 311 607 346 quis
618 311 727 338 consilii
747 311 788 338 sui
809 317 921 345 compos
943 308 1000 341 ﬁat,

196 392 199 395 ί
209 363 300 385 tamen
311 365 367 384 non
379 362 420 384 est
433 357 510 384 ﬁrma
523 365 594 392 spes.
606 356 674 383 Cum
687 363 752 383 vero
764 363 864 390 scopas
875 355 909 382 ad
920 354 1001 381 linem

207 403 293 431 fuerit
303 403 463 438 perductus,
477 402 664 429 sanctiﬁcatur
675 401 802 436 quidem;
817 405 947 428 caeterum
959 407 1003 427 so-

207 451 262 478 lam
276 453 451 485 peccatorum
466 449 656 476 remissionem
669 447 858 482 consequitur,
872 449 899 473 et
915 445 1002 481 patri-

208 497 326 524 familias
339 496 471 523 talentum
491 494 582 522 reddit
601 494 808 529 infrugil'erum,
832 493 900 520 nihil
923 493 1002 528 plane

207 542 233 569 ei
247 541 465 576 superlucratus.
483 549 492 564 ‹
509 539 562 567 Sed
575 543 646 567 etos
665 546 698 566 ex
718 539 778 574 ipso
799 546 854 566 non
877 542 1003 565 contere-

209 588 244 616 tis
259 588 291 614 ¹¹.
308 597 318 613 ι
334 587 401 614 Ossa
418 586 548 614 dentibus
561 585 664 613 nostris
679 586 776 612 contiei
799 592 855 612 non
877 588 1000 620 possunt.

208 633 274 659 Tale
286 636 377 659 autem
390 635 431 658 est
443 630 572 658 humanis
580 630 719 657 mentibus
730 630 876 658 candidum
889 629 966 662 illud,
974 634 1004 656 ut

207 679 244 706 ita
259 678 360 710 dicam,
379 681 407 704 et
423 676 616 704 absconditum
639 676 750 704 deitatis
768 677 854 712 ipsius
870 676 1001 703 Verbum.

206 724 285 758 Quod
298 723 373 751 enim
386 722 469 750 etiam
493 722 580 750 Filius
598 727 695 757 suapte
718 726 816 750 natura
829 722 866 749 sit
878 722 962 754 Dcus,
976 726 1004 749 et

206 769 279 804 quod
301 769 374 796 idem
394 769 504 805 genitus
520 769 557 796 sit
578 777 611 796 ex
626 769 681 795 Deo
693 776 724 796 ac
737 769 826 800 Patre,
851 771 925 795 recte
939 776 1003 795 sen-

207 815 306 842 tiehtes
317 815 467 847 credimus,
481 822 570 849 neque
583 814 655 841 ultra
671 813 830 848 qnmrimus,
840 814 917 849 juxta
930 813 1004 840 illius

206 861 293 889 sancti
311 862 486 889 sententiam.
509 861 576 894 Quis
589 860 662 887 enim
678 859 790 886 modum
814 860 901 894 ipsius
922 867 1004 895 gene-

207 906 321 934 rationis
334 906 427 933 verbis
441 906 580 941 explicare
592 906 699 933 valeat?
712 909 759 932 aut
779 913 833 940 quo
850 910 928 940 pacto
946 913 1000 932 non

208 960 289 979 verax
302 952 338 979 sit
354 952 489 986 propheta
499 951 656 978 exclamns
671 960 677 977 :
694 960 702 976 ι
717 950 928 978 Generationcm
941 951 1002 985 ejus

207 998 271 1033 quis
284 998 442 1025 enarrabit?
453 997 571 1024 Tollitur
581 996 655 1023 enim
666 1003 683 1023 a
692 1000 766 1023 terra
778 996 834 1023 vita
847 995 933 1030 ipsius
944 996 975 1022 ".
988 1005 997 1021 ι

207 1045 274 1071 Ossa
292 1044 376 1079 igitur
390 1043 442 1070 hoc
458 1042 518 1069 loco
529 1045 609 1069 vocat
620 1041 787 1068 soliditatem
799 1041 931 1068 doctrinae
947 1048 1002 1068 eo:-

208 1090 295 1121 lcstis,
304 1096 365 1124 qua:
379 1092 497 1116 mentem
508 1092 630 1115 nostram
642 1087 760 1114 excedit.
774 1087 850 1114 Hanc
862 1087 1002 1122 legislator

208 1143 263 1163 non
273 1135 340 1162 sinit
356 1142 408 1162 nos
420 1133 606 1169 confringere,
628 1140 787 1168 quanquam
808 1133 940 1165 hazretici,
954 1133 1000 1168 qui

208 1184 282 1208 recta
295 1180 457 1214 depravant,
466 1182 601 1213 quantum
613 1177 641 1204 in
654 1177 722 1212 ipsis
732 1181 784 1209 est,
798 1177 868 1205 hanc
881 1177 1002 1204 confrin-

207 1230 281 1261 gant,
298 1233 361 1252 cum
373 1224 474 1252 divina:
483 1228 512 1251 et
523 1223 671 1251 inell‘abilis
691 1223 878 1258 generationis
890 1223 1001 1250 modum

208 1272 317 1300 curiose
336 1274 506 1302 scrutantur,
523 1269 623 1304 insigni
636 1269 756 1296 amentia
769 1269 852 1304 capti,
865 1276 917 1296 nec
934 1269 1001 1296 illud

207 1317 281 1353 quod
301 1317 433 1351 scriptum
447 1320 489 1343 est
501 1315 754 1343 animadvertean
768 1324 773 1341 :
791 1324 801 1340 ι
816 1315 884 1348 Quis
896 1315 1002 1342 dimen-

207 1371 254 1390 sus
265 1367 306 1390 est
321 1362 419 1389 caelum
434 1361 524 1395 palmo
535 1360 578 1386 “?
593 1370 601 1385 ι
615 1359 694 1393 Quod
705 1367 771 1387 sane
787 1367 838 1387 nos
850 1360 948 1387 merito
959 1360 1001 1387 vi-

209 1412 308 1438 tamus,
320 1407 471 1442 prudcnter
484 1405 595 1433 reveriti
605 1405 688 1440 274
698 1405 759 1440 agni
774 1412 834 1432 ossa
847 1409 1000 1437 conterere,

208 1454 255 1481 sed
268 1453 360 1488 potius
373 1452 409 1479 ita
429 1451 532 1483 allecti,
545 1456 575 1478 ut
587 1459 647 1486 quae
659 1458 742 1486 supra
753 1458 804 1478 nos
815 1455 880 1477 sunt
893 1451 945 1478 [ide
955 1459 1002 1478 ea-

208 1507 359 1535 pcssamus.
375 1498 530 1526 Meminisse
542 1505 608 1525 vero
620 1501 739 1532 oportet,
754 1496 827 1531 quod
849 1501 876 1524 et
895 1497 1002 1532 planius

208 1546 261 1573 hoc
283 1546 372 1580 ipsum
395 1545 429 1572 de
454 1545 595 1572 Salvatore
616 1549 712 1571 nostro
736 1544 900 1578 recipiatur,
923 1543 1001 1578 cujus

207 1600 287 1620 crura
301 1599 355 1619 non
368 1591 563 1625 confregerunt
576 1590 655 1617 Pilati
665 1590 776 1621 milites,
786 1589 857 1617 sicut
868 1589 1001 1624 scriptum

207 1643 259 1667 est.
274 1639 339 1672 Quae
351 1642 443 1665 autem
457 1637 561 1672 reliqua
574 1636 677 1664 fuerint
687 1645 720 1663 ex
732 1644 802 1671 agno
813 1644 899 1671 usque
910 1644 1000 1668 mane,

208 1685 270 1720 igne
285 1683 471 1711 comburenda
491 1690 551 1710 esse
570 1683 646 1710 dicit.
667 1683 717 1710 llic
735 1683 836 1710 iterum
855 1690 934 1709 mane
953 1690 1001 1717 ap-

208 1730 292 1766 pellat
313 1730 387 1756 illam
405 1729 644 1760 illuminationem,
660 1736 721 1763 quae
744 1728 771 1755 in
794 1728 881 1755 altero
903 1728 1002 1755 sacculo

209 1776 301 1803 mtura
315 1779 367 1807 est.
381 1774 492 1810 quando
505 1774 574 1801 facie
593 1774 626 1801 ad
649 1774 748 1801 faciem
762 1778 886 1801 nostrum
909 1781 1002 1808 regem

209 1829 242 1848 ac
265 1821 351 1848 Deum
375 1827 470 1847 sumus
492 1819 682 1854 conspecturi,
705 1827 761 1846 non
791 1819 909 1854 amplius
932 1819 1003 1846 sicut

209 1876 292 1901 nune,
307 1868 334 1894 in
345 1866 499 1902 mnigmate,
513 1870 541 1893 et
554 1867 580 1893 in
595 1866 707 1901 speculo
718 1870 799 1900 atque
812 1865 920 1897 umbra,
930 1870 958 1892 et
969 1873 1002 1892 ex

210 1918 297 1949 parte,
318 1917 349 1940 ut
368 1913 469 1940 Paulus
482 1912 520 1939 ait
538 1912 570 1941 ".
584 1912 653 1945 Quia
667 1912 751 1947 igitur
770 1911 955 1939 consideratio
969 1911 1002 1938 de

210 1961 271 1995 ipso
284 1967 344 1994 qua:
357 1959 403 1985 hie
413 1962 455 1986 est
469 1963 599 1994 tanquam
621 1958 648 1985 in
670 1957 825 1993 aenigmate,
850 1962 915 1985 tunc
933 1965 1002 1992 quo-

210 2005 356 2034 dammodo
369 2012 418 2040 per
432 2003 610 2032 illustriorem
635 2004 820 2039 cognitionem
844 2008 887 2031 est
910 2003 1003 2030 decla—

212 2052 306 2083 randa.
321 2051 384 2078 ideo
397 2050 471 2078 velut
483 2051 511 2077 in
525 2054 589 2086 typo
603 2050 703 2077 iterum
716 2050 793 2081 dicit,
814 2057 874 2084 qua:
898 2049 1003 2084 reliqua

211 2097 314 2126 fuerint
324 2105 358 2124 ex
369 2104 440 2132 agno
453 2103 540 2131 usque
553 2103 643 2126 mane,
659 2095 720 2129 igne
732 2094 919 2122 comburenda
931 2101 1002 2122 esse.

211 2143 374 2179 llujusmodi
385 2150 451 2169 vero
463 2141 558 2168 habitu
570 2141 646 2168 indui
658 2141 737 2176 jubet
748 2139 877 2167 convivas
889 2148 895 2166 :
909 2140 1004 2167 «Lum-

211 2190 249 2222 bi,
267 2189 368 2224 inquit,
382 2188 466 2216 vestri
480 2187 535 2215 sint
556 2187 707 2222 praecincti,
730 2190 757 2213 et
777 2186 961 2213 calceamenta
975 2187 1004 2213 in

1053 265 1134 292 πάλιν
1148 267 1162 292 ὀ
1176 267 1325 302 νομοθέτης
1338 267 1485 298 ἐπιτάττει,
1497 267 1585 301 λέγων
1595 276 1601 284 ·
1615 267 1672 295 Οὐκ
1686 269 1844 305 ἁπολείψετε

1052 310 1099 336 ἀπ’
1121 311 1210 338 αὐτῶν
1228 311 1280 343 ἕως
1306 311 1386 345 πρωϊ,
1402 313 1619 347 αἰνιγματωδῶς,
1644 317 1682 344 ὡς
1701 314 1786 348 ἔοικε,
1801 315 1847 342 διὰ

1052 355 1154 382 τούτων
1171 356 1338 383 ἀποκωλύων
1355 357 1404 388 τὰς
1426 357 1472 383 ὲπί
1490 365 1521 391 γε
1538 357 1567 383 τὸ
1590 357 1733 392 βούλεσθαι
1750 359 1844 395 νοῆσαι

1052 401 1162 433 τελείως
1176 402 1225 428 οὐκ
1233 402 1339 436 ἀγαθὰς
1351 402 1521 438 ὑπερθέσεις.
1542 402 1588 438 Μὴ
1602 403 1657 439 γὰρ
1676 404 1844 440 πεπέμφθω,

1053 447 1144 481 φησιν,
1162 448 1202 479 είς
1213 447 1348 484 ἀναϐολὴν
1361 449 1378 484 ἡ
1397 449 1487 475 τελεία
1499 457 1528 475 τε
1543 450 1589 476 καὶ
1605 449 1707 485 ἀληθὴς
1723 450 1786 486 περὶ
1797 451 1846 477 αὺ-

1052 492 1099 519 τοῦ
1119 492 1229 526 γνῶσις,
1256 493 1324 528 μηδὲ
1348 494 1557 529 φυλαττέτωσάν
1582 504 1653 527 τινες
1679 497 1782 527 ἑαυτοῖς
1806 497 1846 528 εἰς

1053 539 1219 574 ὑπέρκαιρον
1234 539 1314 574 χάριν
1328 539 1359 566 τὸ
1378 541 1523 575 μετασχεῖν
1541 540 1649 572 τελείως
1666 540 1764 572 αὑτοῦ,
1783 550 1847 576 μετ-

1053 584 1197 619 εσχηκότες
1218 584 1292 617 ἅπαξ
1313 585 1359 612 καὶ
1382 585 1450 617 ὅλως
1486 585 1625 621 ἁψάμενοι.
1651 585 1735 612 Τοῦτο
1757 587 1847 622 μέντοι

1053 629 1175 656 ποιοῦσιν
1191 630 1216 656 οἱ
1234 630 1278 657 διὰ
1293 631 1344 666 μὲν
1362 631 1411 665 τῆς
1426 632 1604 667 κατηχήσεως
1626 631 1678 658 τῶν
1695 632 1758 667 περὶ
1779 633 1847 667 Χρι-

1054 675 1117 702 στοῦ
1132 675 1275 711 δογμάτων
1295 677 1523 712 ἀπογευσάμενοι,
1546 677 1727 712 φυλάττοντες
1750 677 1778 704 δὲ
1800 678 1846 704 τὸν

1052 721 1096 748 διὰ
1109 721 1155 748 τοῦ
1174 721 1332 757 Πνεὺματος
1359 723 1509 758 φωτισμὸν,
1526 723 1573 750 καὶ
1593 723 1642 759 τὴν
1664 723 1708 750 διὰ
1725 723 1772 751 τοῦ
1797 723 1846 759 βα-

1053 768 1206 803 πτίσματος
1224 768 1315 804 χάριν,
1338 769 1378 800 είς
1401 768 1510 804 μακρὰν
1529 768 1577 796 καὶ
1591 769 1733 805 ὑπέρωρον
1744 771 1844 796 ἀναδε-

1055 813 1112 848 λὴν,
1127 813 1175 849 τὴν
1190 814 1236 841 ἐπὶ
1257 815 1341 850 γήρᾳ,
1360 814 1437 849 φησί.
1454 814 1524 841 Πολὺ
1540 815 1593 849 γὰρ
1607 815 1638 851 δή
1652 823 1682 841 τε
1699 815 1729 841 τὺ
1744 815 1843 850 βλάόος

1055 859 1179 886 ἐντεῦθεν
1201 859 1247 886 καὶ
1261 860 1400 895 ἀδοκήτως
1416 860 1570 894 συμϐαίνει.
1586 860 1712 887 Μάλιστα
1729 861 1779 896 μὲν
1791 862 1846 897 γὰρ

1019 896 1039 923 8
1054 906 1078 931 εί
1102 906 1149 932 καὶ
1172 905 1228 932 τῶν
1248 906 1356 932 οἰκείων
1380 906 1551 939 ὲπιτεὺξεται
1575 905 1776 941 βουλευμάτων,
1795 908 1846 934 οὐκ

1053 951 1176 986 ἀσφαλὴς
1192 952 1209 985 ή
1231 951 1318 983 ἐλπίς.
1339 951 1534 987 Ἐκῦεὸηκότος
1558 952 1586 978 δὲ
1605 953 1684 979 πάλιν
1709 954 1748 984 είς
1770 953 1846 981 τέλος

1052 997 1126 1032 αὐτῷ
1141 996 1187 1023 τοῦ
1200 997 1314 1030 σκοποῦ,
1327 997 1469 1032 ἁγιάζεται
1477 997 1535 1033 μὲν,
1547 997 1616 1034 πλὴν
1629 998 1712 1033 μόνην
1724 999 1778 1034 ἔχει
1791 999 1846 1025 τῶν

1053 1042 1296 1078 πλημμελημάτων
1312 1043 1361 1078 τὴν
1379 1042 1486 1078 ἄφεσιν,
1504 1043 1550 1070 καὶ
1574 1044 1604 1070 τὸ
1622 1043 1752 1071 τάλαντον
1775 1045 1846 1071 ἀπο-

1052 1088 1159 1124 κομίζει
1179 1088 1220 1124 τῷ
1239 1089 1332 1124 οἰκείῳ
1351 1089 1469 1126 δεσπότῃ
1487 1089 1578 1126 ξηρὸν,
1596 1090 1672 1117 οὐδὲν
1689 1091 1845 1127 ἐπεργάσα-

1055 1133 1120 1160 σθαι
1139 1133 1273 1168 σχολάσας
1292 1134 1376 1170 αὐτῷ.
1393 1145 1402 1161 ι
1421 1135 1500 1162 Ἀλλὰ
1519 1136 1567 1162 καὶ
1579 1137 1674 1163 ὀστοῦν
1691 1137 1722 1163 οὺ
1737 1137 1846 1172 συντρί-

1051 1179 1131 1213 ψεται
1143 1179 1190 1205 ἀπ’
1206 1179 1299 1212 αὐτοῦ,
1314 1189 1323 1206 ι
1341 1180 1432 1215 φησίν.
1448 1180 1576 1216 ’Λϐρωτα
1596 1181 1650 1216 γὰρ
1671 1184 1727 1214 τοῖς
1747 1183 1846 1218 ἡμετέ-

1054 1233 1111 1260 ροις
1128 1225 1233 1251 ὀδοῦσιν
1248 1226 1291 1252 ἀεὶ
1311 1226 1346 1252 τὰ
1369 1226 1445 1252 ὀστᾶ.
1467 1227 1593 1260 Τοιοῦτος
1606 1227 1633 1253 δέ
1651 1227 1691 1259 τίς
1706 1229 1763 1254 ἑστι
1784 1229 1844 1260 ταῖς

1053 1271 1236 1306 ἀνθρωπίναις
1249 1271 1378 1304 διανοίαις
1397 1272 1443 1298 καὶ
1464 1273 1478 1299 ὁ
1497 1272 1602 1305 λευκὸς,
1619 1273 1652 1299 ἵν’
1663 1273 1750 1305 οὕτως
1765 1273 1846 1307 εἴπω,

1053 1318 1100 1344 καὶ⁸
1112 1318 1303 1353 κεκρυμμένος
1317 1318 1366 1353 τῆς
1384 1317 1510 1354 θεότητος
1520 1319 1603 1346 αὐτοῦ
1615 1319 1710 1353 Λόγος.
1723 1319 1783 1346 Ὅτι
1796 1320 1847 1354 μὲν

1054 1364 1108 1399 γὰρ
1128 1363 1198 1390 κατά
1224 1364 1305 1397 φύσιν
1327 1363 1401 1390 ἐστὶν
1423 1365 1438 1390 ὁ
1462 1364 1535 1396 Υἱὸς,
1557 1366 1602 1391 καὶ
1621 1365 1662 1391 ὅτι
1686 1365 1848 1400 γεγέννηται

1053 1408 1129 1444 παρὰ
1144 1408 1190 1435 τοῦ
1210 1408 1278 1435 Θεοῦ
1295 1409 1341 1435 καὶ
1354 1409 1471 1445 Πατρδς,
1486 1409 1574 1446 ὀρθῶς
1588 1410 1620 1445 δὴ
1636 1411 1737 1446 σφόδρα
1756 1411 1847 1437 νοοῦν-

1052 1463 1097 1486 τες
1113 1454 1288 1489 πιστεύομεν,
1307 1455 1441 1490 ζητοῦμεν
1461 1455 1490 1482 δὲ
1507 1456 1612 1490 οὐκέτι,
1641 1456 1711 1483 κατὰ
1726 1457 1776 1492 τὴν
1799 1456 1848 1483 τοῦ

1053 1501 1130 1535 ἁγίου
1147 1501 1250 1536 φωνήν.
1265 1501 1313 1532 Τίς
1329 1500 1383 1536 γὰρ
1397 1500 1467 1528 οἶδεν
1486 1502 1573 1528 εἰπεῖν
1586 1502 1631 1528 τὸν
1646 1503 1695 1537 τῆς
1714 1502 1849 1537 γενέσεως

1053 1547 1167 1582 τρόπον;
1184 1547 1246 1579 Πῶς
1260 1547 1288 1574 δὲ
1304 1548 1354 1573 οὐκ
1370 1547 1473 1583 ἀληθὴς
1488 1548 1502 1574 ὀ
1519 1549 1662 1584 προφήτης
1675 1549 1760 1584 βοῶν’
1777 1549 1848 1584 «Τὴν

1054 1593 1149 1628 γενεὰν
1172 1593 1253 1620 αὑτοῦ
1266 1593 1309 1625 τίς
1327 1594 1505 1630 διηγήσεταις
1525 1594 1588 1621 Ὅτι
1604 1594 1710 1630 αἴρεται
1727 1595 1781 1622 ἀπὸ
1797 1595 1848 1630 τῆς

1052 1639 1104 1674 γῆς
1119 1640 1136 1674 ὴ
1153 1639 1207 1674 ζωὴ
1223 1639 1315 1666 αὐτοῦ.
1328 1649 1337 1666 ι
1357 1639 1462 1666 Οὐκοῦν
1481 1641 1510 1666 ὲν
1525 1640 1629 1672 τούτοις
1651 1640 1685 1667 τὰ
1707 1641 1783 1674 ὀστᾶ,
1799 1641 1848 1676 τὴν

1053 1685 1106 1712 τῶν
1121 1685 1192 1720 ὑπὲρ
1216 1685 1277 1711 νοῦν
1298 1685 1441 1721 δογμάτων
1466 1686 1635 1721 στερῤότητα
1652 1686 1738 1720 λέγει.
1755 1686 1847 1714 Ταῦτα

1054 1731 1205 1766 συντρίῦειν
1221 1731 1294 1766 ἡμᾶς
1306 1731 1319 1757 ὁ
1334 1730 1480 1766 νομοθέτης
1503 1731 1552 1758 οὐκ
1569 1732 1615 1767 ἑᾷ·
1635 1731 1806 1767 συντρίϐουσι
1819 1732 1848 1759 δὲ

1053 1776 1113 1803 δλον
1128 1777 1171 1810 ἐφ’
1186 1776 1302 1807 ἑαυτοῖς,
1323 1777 1346 1802 οί
1364 1775 1398 1802 τὰ
1424 1776 1491 1811 ὀρθὰ
1516 1776 1725 1812 διαστρέφοντες
1747 1778 1847 1813 αἱρετι-

1054 1823 1106 1849 κοί.
1120 1823 1172 1849 Τὸν
1188 1822 1242 1858 γὰρ
1255 1823 1302 1856 τῆς
1318 1821 1392 1853 Θείας
1416 1822 1461 1848 καὶ
1489 1823 1612 1858 ἀρρήτου
1627 1824 1780 1859 γεννήσεως
1799 1833 1848 1850 πε-

1056 1867 1242 1904 ριεργάζονται
1266 1867 1387 1903 τρόπον,
1418 1866 1584 1902 ἀσύγκριτον
1612 1876 1672 1894 τινα
1707 1869 1847 1901 νοσοῦντες

1054 1913 1192 1944 ἀϐουλίαν,
1207 1913 1254 1939 καὶ
1267 1913 1296 1939 τὸ
1308 1912 1501 1948 γεγραμμένον
1515 1913 1554 1944 εἰς
1569 1913 1630 1940 νοῦν
1642 1914 1672 1940 οὗ
1688 1914 1828 1949 δεχόμενοι
1838 1923 1845 1930 ο

1058 1968 1067 1984 ι
1082 1958 1128 1989 Τίς
1142 1957 1293 1993 ἐμέτρησεν
1314 1957 1359 1983 τὸν
1380 1956 1495 1993 οὐρανὸν
1520 1957 1681 1993 σπιθαμῇμ
1700 1959 1787 1994 Ὅπερ
1801 1958 1848 1986 οὖν

1054 2004 1166 2036 εἰκότως
1180 2004 1261 2039 ἡμεῖς
1277 2002 1494 2038 παραιτούμεθα,
1506 2002 1536 2029 τὸ
1562 2003 1713 2038 συντρίϐειν
1730 2003 1776 2030 τοῦ
1792 2005 1846 2039 ἀμ-

1055 2050 1100 2076 νοῦ
1122 2049 1156 2076 τὰ
1175 2050 1242 2075 ὀστᾶ
1269 2049 1415 2084 σωφρόνως
1436 2049 1689 2084 ἀποναρκήσαντες,
1711 2050 1800 2076 πίστει
1819 2050 1847 2076 δὲ

1057 2095 1155 2131 μᾶλλον
1170 2095 1204 2122 τὰ
1222 2095 1293 2130 ὑπὲρ
1314 2095 1387 2130 ἡμᾶς
1402 2094 1552 2130 δεχόμενοι.
1572 2095 1737 2130 Μεμνῆσθαί
1748 2104 1780 2130 γε
1794 2096 1847 2131 μὴν

1055 2141 1213 2174 ἀναγκαῖον,
1231 2140 1271 2166 ὅτι
1295 2139 1341 2165 καὶ
1357 2139 1565 2175 ίστορικώτερον
1582 2141 1645 2175 περὶ
1662 2139 1710 2166 τοῦ
1722 2141 1848 2177 Σωτῆρος

1055 2185 1133 2221 ἡμῶν
1150 2185 1253 2220 ἐλήφθη
1271 2185 1301 2211 τὺ
1313 2185 1515 2220 γεγραμμένον,
1533 2185 1562 2211 οὐ
1586 2185 1783 2221 συντριψόντων
1794 2187 1847 2213 τῶν

212 2236 329 2272 pedibus
351 2235 462 2265 vestris,
484 2238 512 2261 et
533 2233 623 2260 baculi
647 2233 675 2260 in
698 2232 826 2260 manibus
846 2232 955 2260 vestris.
969 2233 1002 2260 Et

1056 2231 1103 2258 τοῦ
1117 2231 1234 2258 Πιλάτου
1257 2229 1431 2266 στρατιωτῶν
1451 2229 1485 2256 τὰ
1508 2230 1589 2266 σκέλη
1603 2231 1695 2264 αὑτοῦ,
1712 2231 1784 2258 καθὰ
1800 2232 1847 2266 γέ-

211 2282 348 2311 comedite
371 2281 448 2308 illum
471 2279 644 2308 festinanter.
666 2278 735 2311 Quia
764 2279 864 2313 pascha
886 2279 1003 2307 Domino

211 2329 296 2356 est”.
317 2338 325 2353 ι
341 2326 419 2360 Quod
437 2326 520 2361 igitur
538 2325 698 2359 succingant
715 2324 834 2356 lumbos,
857 2325 1004 2359 vigilantia:

212 2375 320 2409 signum
329 2377 372 2400 est
382 2376 410 2400 et
422 2371 573 2399 voluntatis
583 2374 724 2406 promptae,
732 2370 808 2405 juxta
823 2370 888 2397 illud
901 2371 1004 2398 dictum

211 2429 226 2447 a
239 2420 295 2446 Deo
307 2419 340 2446 ad
357 2419 461 2453 justum
477 2417 528 2444 Job
542 2426 548 2443 :
566 2426 574 2442 ι
597 2416 716 2451 Accingc
736 2420 864 2450 tanquam
879 2417 921 2443 vir
933 2417 1005 2444 lum-

213 2465 262 2492 bos
281 2468 343 2491 tuos
359 2463 392 2489 “.
410 2472 418 2488 ι
441 2463 475 2489 Ει
498 2468 606 2489 rursum
630 2461 701 2497 apud
724 2462 886 2496 prophetam
908 2471 1006 2497 quem-

213 2511 276 2538 dam
293 2519 299 2536 :
318 2519 327 2535 ‹
344 2509 378 2536 Et
390 2509 444 2535 erit
456 2508 602 2543 utjustitia
615 2508 738 2543 accingat
750 2508 858 2536 lumbos
869 2509 929 2543 ejus
941 2510 974 2541 ’⁷,
993 2520 1001 2535 ι

213 2563 264 2591 pro
277 2563 312 2583 co
324 2554 398 2590 quod
410 2558 462 2586 est,
476 2553 554 2589 agilis
565 2558 594 2580 et
605 2553 684 2581 fortis
695 2553 749 2580 erit
760 2553 794 2581 ad
803 2546 940 2590 justitiam'
958 2562 1006 2583 co-

214 2602 332 2630 lendam.
346 2601 462 2628 Calceus
473 2604 564 2627 autem
575 2599 709 2634 signiﬁcat
721 2601 947 2635 praeparationem
960 2609 1007 2627 vo-

214 2646 328 2675 luntatis
340 2645 374 2673 ad
386 2645 507 2673 eundum
521 2645 580 2672 sine
592 2652 669 2671 mora
680 2644 713 2671 ad
730 2645 757 2672 id
775 2645 849 2679 quod
871 2645 927 2672 Deo
948 2646 1006 2680 pla-

215 2692 314 2720 cuerit.
330 2692 369 2719 [ta
381 2690 455 2718 enim
470 2690 570 2717 Paulus
582 2689 609 2716 id
623 2689 760 2717 intellexit
771 2690 894 2718 scribens
909 2699 915 2716 :
933 2701 941 2716 ι
962 2691 1005 2718 ln-

215 2737 274 2764 duti
288 2737 396 2764 calceos
407 2736 434 2762 in
452 2735 680 2770 prmparationem
701 2735 841 2770 Evangelii
858 2736 932 2771 pacis
944 2737 976 2763 ".
994 2747 1002 2762 ι

250 2837 271 2853 υ
286 2835 422 2868 Exodatr,
440 2837 483 2872 467.
505 2835 543 2872 7"
554 2835 605 2864 lsa.
621 2843 676 2872 Lm,
692 2838 718 2865 8.
759 2839 782 2854 ’³
794 2839 867 2866 Eccl.
883 2847 901 2871 l,
914 2839 940 2865 2.
981 2839 1002 2855 “

1056 2838 1214 2872 υῐ.κιιι,ιὲ.
1235 2839 1258 2853 ’⁵
1272 2837 1356 2865 Exod.
1371 2845 1417 2869 xu,
1439 2838 1480 2868 li,
1500 2835 1541 2862 l‘l.

213 2875 235 2891 ¹¹
253 2872 303 2899 lsa.
322 2872 387 2905 x1,5.
426 2872 448 2887 ν
461 2871 562 2906 Ephes.
582 2879 617 2904 vr,
635 2871 676 2898 15.

1055 2285 1184 2312 γραπται.
1197 2276 1236 2303 Τὰ
1247 2276 1274 2303 δὲ
1291 2275 1509 2310 καταλειπόμενα
1526 2276 1573 2302 ἀπ’
1590 2277 1686 2310 αὑτοῦ,
1709 2278 1760 2310 ἕως
1777 2278 1848 2314 πρωϊ

1057 2323 1089 2358 δὴ
1110 2323 1208 2357 χρῆναι
1225 2320 1424 2348 κατακαίεσθαι
1436 2320 1521 2354 λέγει.
1533 2321 1608 2357 Πρωῒ
1617 2321 1645 2348 δὲ
1655 2323 1734 2349 πάλιν
1749 2323 1848 2359 ὀνομά-

1057 2368 1111 2401 ζων
1124 2368 1169 2394 τὸν
1193 2367 1234 2398 είς
1252 2366 1338 2394 αίῶνα
1357 2367 1403 2393 τὸν
1428 2367 1559 2402 μέλλοντα
1575 2368 1725 2403 φωτισμὸν,
1742 2369 1786 2395 ὅτε
1801 2371 1848 2396 καὶ

1057 2415 1201 2450 πρόσωπον
1212 2413 1284 2440 κατὰ
1296 2413 1440 2449 πρόσωπον
1454 2413 1500 2439 τὸν
1517 2413 1622 2440 ἑαυτῶν
1640 2414 1760 2449 ὀψόμεθα
1772 2414 1848 2450 βασι-

1055 2461 1103 2488 λέα
1124 2461 1172 2487 καὶ
1195 2459 1270 2489 Θεὸν.
1286 2459 1377 2486 οὐκέτι
1393 2458 1520 2494 καθάπερ
1537 2459 1584 2486 καὶ
1600 2459 1647 2486 νῦν
1661 2459 1689 2487 ὲν
1704 2461 1847 2495 αἰνίγματι

1057 2507 1104 2534 καὶ
1122 2506 1256 2541 ἐσόπτρῳ.
1270 2506 1317 2532 καὶ
1332 2506 1404 2540 σκιᾷ,
1422 2506 1467 2532 καὶ
1481 2506 1513 2531 ὲκ
1535 2505 1644 2540 μέρους,
1658 2505 1697 2537 ὡς
1715 2506 1729 2532 ὁ
1743 2506 1847 2537 Παῦλος

1058 2562 1134 2590 φησι.
1153 2554 1198 2584 Ὠς
1210 2551 1257 2579 οὖν
1279 2551 1428 2587 μελλούσης
1442 2551 1472 2577 τὸ
1491 2551 1617 2586 τηνικάδε
1631 2551 1675 2578 διὰ
1695 2551 1846 2586 λαμπροτέ-

1058 2607 1108 2634 ρας
1124 2597 1251 2632 γνώσεως
1269 2595 1450 2631 ἀφανισθῆναι
1479 2595 1579 2630 τρόπον
1603 2595 1664 2622 τινὰ
1681 2594 1753 2631 [τῆς]
1768 2595 1805 2627 ὡς
1819 2597 1847 2622 ἐν

1058 2644 1200 2680 αἰνίγματι
1215 2643 1279 2678 περὶ
1292 2642 1375 2669 αὐτοῦ
1389 2641 1517 2677 Θεωρίας,
1530 2640 1626 2676 ὥσπερ
1637 2641 1666 2667 ὲν
1679 2641 1756 2676 τύπῳ
1767 2642 1847 2668 πάλιν

1057 2691 1122 2726 πυρὶ
1137 2687 1394 2723 κατακαυθήσεσθαι
1407 2686 1480 2720 λέγει
1499 2685 1534 2712 τὰ
1557 2686 1778 2721 καταλειπόμενα
1797 2685 1845 2713 ἀπ’

1057 2735 1139 2764 αὐτοῦ
1158 2735 1210 2766 ἕως
1233 2734 1315 2769 πρωϊ.
1333 2732 1429 2767 Σχῆμα
1444 2731 1471 2758 δὲ
1485 2732 1548 2763 τοὺς
1563 2731 1726 2768 δαιτυμόνας
1741 2730 1847 2759 κελεύει

1589 2835 1612 2850 ’⁸
1626 2833 1678 2862 Job
1692 2839 1803 2865 xxxvm,
1816 2832 1844 2861 5.
