1999 3056
162 176 215 204 653

681 171 939 200 GLAPHYRORUM
956 170 990 197 IN
1010 170 1151 200 EXODUM
1171 171 1234 198 LIB.
1255 171 1286 199 ll.

1735 171 1787 200 454

163 233 283 260 τοιοῦτον
299 231 386 268 ἔχειν·
408 231 461 258 «Αἱ
478 230 576 265 ὀσφύες
594 231 669 266 ὑμῶν
688 231 808 258 ἔστωσαν
820 230 952 265 περιεζω-

1006 230 1069 257 [tem
1085 230 1218 266 propheta
1240 228 1391 256 .leremias:
1409 236 1417 252 ι
1437 227 1470 254 Et
1483 234 1565 257 nunc.
1579 227 1672 259 Israel,
1694 228 1788 255 Domi-

165 279 273 314 σμέναι,
294 277 386 312 φησὶν,
405 277 451 303 καὶ
466 278 500 302 τὰ
514 276 673 311 ὑποδήματα
689 276 717 302 ὲν
736 276 792 307 τοῖς
812 275 885 308 ποσὶ,
904 275 950 301 καὶ

164 326 190 351 αἱ
211 323 355 359 βακτηρίαι
377 324 405 349 ἐν
421 323 479 353 ταῖς
493 322 586 356 χεριήν
597 320 681 356 ὑμῶν.
701 321 755 347 Καὶ
775 320 892 355 φάγεσθε
904 320 951 346 αὺ-

163 371 194 396 τδ
212 369 280 405 μετὰ
295 368 422 403 σπουδῆς.
444 368 539 403 Πάσχα
556 367 614 394 ἐστὶ
639 367 744 402 Κυρίῳ.
758 377 766 392 ι
781 367 817 393 Τὸ
839 367 887 401 μὲν
904 364 950 393 οὗν

164 416 281 448 sanatam
298 416 346 451 τὴν
361 415 457 448 ὀσφὺν,
470 414 634 449 γοργότητος
647 413 679 439 ἂν
691 413 733 449 εἴη
750 413 892 448 σύμϐολον,
905 414 951 440 καὶ

164 462 337 496 φρονήματος
350 458 486 490 νεανικοῦ,
504 461 574 486 κατὰ
589 458 618 485 το
634 459 778 494 εἰρημένον
795 458 869 493 παρὰ
883 457 950 484 Θεοῦ

164 505 231 541 πρὸς
251 504 296 531 τὸν
325 504 428 530 δίκαιον
451 503 526 529 Ἰώϐ-
549 503 660 529 «Ζῶσαι
690 503 783 538 ὥσπερ
807 503 876 539 ἀνὴρ
902 503 951 538 τὴν

164 552 249 586 όσίρύν
276 560 353 577 σου.)
376 550 431 576 Καὶ
457 549 535 576 πάλιν
558 550 622 583 περί
637 558 708 580 τινος
730 550 758 575 ὲν
786 551 949 584 προφήταις,

167 607 175 623 ι
186 598 240 624 Καὶ
252 597 327 623 ἔσται
344 595 499 629 δικαιοσὺνῃ
511 594 664 630 ὲζωσμένος
679 595 727 630 τὴν
739 595 823 629 ὀσφὺν
840 595 931 627 αὐτοῦ,
940 605 948 620 ι

163 643 224 669 ἀντὶ
238 642 296 674 τοῦ,
312 641 410 676 γοργὸς
431 641 477 667 καὶ
497 641 615 675 ἀνδρεῖος
638 642 678 671 εἰς
699 640 880 675 δικαιοσύνην.
901 641 951 675 Ση-

165 687 254 723 μαίνει
279 686 350 712 δὲτὸ
365 685 491 720 ὑπόδημα
511 685 560 719 τὴν
581 685 744 719 ἑτοιμότητα
766 686 814 719 τῆς
839 684 951 720 γνώμης

164 733 231 768 προς
249 732 279 758 τὸ
299 731 415 766 βαδίζειν
440 730 597 766 summa
625 731 692 766 πρὸς
703 731 770 766 ὅπερ
781 730 813 757 ἂν
827 731 950 765 βούληται

163 777 239 808 Θεός.
262 776 338 802 Ἐπεὶ
357 777 403 802 καὶ
417 775 522 806 Παῦλος
544 775 657 810 τοιούτῳ
675 775 715 801 νοῒ
733 776 833 811 γράφει
846 784 852 790 ·
872 785 880 801 ι
896 776 951 802 Καὶ

164 822 364 857 ὑποδησάμενοι
379 821 440 852 τοὺς
460 821 543 851 πόδας
560 821 588 846 ἐν
606 821 747 855 ἑτοιμασίᾳ
766 821 812 847 τοῦ
832 821 951 855 Εὐαγγε-

163 867 221 893 λίου
233 867 282 902 τῆς
297 866 416 902 είρήνης.
429 875 437 891 ι
460 865 514 892 Καὶ
526 866 636 900 προσέτι
653 865 740 901 τούτῳ
753 867 799 892 καὶ
815 867 828 893 ό
843 867 950 902 προφή-

163 922 214 948 της
237 912 380 949 Ἱερεμίας,
397 922 406 938 ‹
418 912 473 939 Καὶ
490 911 546 943 νῦν,
569 911 684 947 Ἰσραὴλ,
700 913 727 938 τί
743 912 843 947 Κύριος
856 913 870 938 ὁ
883 913 949 945 Θεὸς

165 968 212 987 σου
227 961 298 986 αιτεῐ
320 959 394 995 παρὰ
424 959 481 990 σοῦ,
499 959 557 984 ἀλλ’
581 958 596 993 ἢ
623 957 764 992 φοὸεἴσθαι
788 959 888 992 Κύριον
903 966 949 985 τον

164 1006 230 1032 Θεόν
248 1013 304 1036 σου,
321 1004 483 1040 πορεύεσθαι
495 1005 524 1030 ὲν
541 1003 641 1034 πάσαις
660 1005 719 1034 ταῖς
734 1003 802 1034 ὁδοῖς
821 1003 922 1035 animi);
937 1013 946 1029 ι

170 1052 280 1082 Ῥὰῧδος
312 1051 340 1077 δὲ
376 1051 392 1085 ἠ
415 1051 485 1077 καΞᾶ
508 1051 611 1085 χεῖρας,
635 1050 683 1085 τὴν
710 1051 950 1085 ἁντιττηρίζουσαν

165 1098 238 1133 ἡμᾶς
253 1097 347 1124 ἐλπίδα
363 1097 410 1122 καὶ
425 1096 573 1131 ἀνέχουσαν
589 1096 628 1126 είς
640 1095 778 1130 ὑπομονὴν
796 1095 949 1129 ὑποφαίνει,

165 1143 236 1170 κατὰ
250 1142 278 1168 τὸ
297 1143 325 1168 ὲν
339 1141 490 1176 προφήταις
505 1139 644 1174 κείμενον”
663 1149 671 1164 ι
689 1139 832 1166 Ἐλπίσατε
851 1140 897 1166 ἐπὶ
912 1139 951 1174 τῷ

165 1189 270 1224 Κυρίῳ.
298 1188 344 1214 καὶ
368 1185 594 1221 ἁντιστηρίσασθε
617 1185 663 1211 ἐπὶ
689 1185 727 1220 τῷ
754 1185 846 1219 Θεῷ.»
875 1185 952 1212 Μετὰ

166 1234 284 1269 σπουδῆς
295 1233 324 1259 δὲ
342 1233 422 1259 πάλιν
442 1231 579 1258 ἐσθίεσθαι
597 1231 643 1257 τὸν
659 1230 743 1266 ἀμνὸν
754 1231 909 1258 ἐπιτάττει·
923 1231 952 1257 τὸ

166 1281 204 1316 μὴ
223 1279 326 1314 νωθρδν
349 1278 416 1314 μηδὲ
430 1277 595 1312 παρειμένον
611 1278 639 1303 ὲν
656 1276 746 1312 ἔργοις
760 1277 871 1309 ἀγαθοῖς
889 1277 954 1302 dum

165 1325 306 1360 φαίνεσθαι
321 1324 375 1350 δεῖν
391 1324 433 1350 τὸν
448 1324 476 1349 ὲν
491 1322 598 1357 μεθέξει
621 1323 749 1356 γεγονότα
765 1321 893 1357 Χριστοῦ,
907 1330 953 1348 σα-

166 1372 223 1407 φῶς
235 1372 273 1406 δὴ
286 1371 350 1397 ’λίαν
363 1369 519 1401 ὑποτυπῶν,
539 1368 595 1395 ἀλλ’
612 1368 716 1394 ἔντονόν
735 1376 764 1394 τε
780 1368 827 1394 καὶ
841 1367 953 1399 ζέουσαν

165 1418 209 1452 ἐφ’
223 1414 320 1452 οἷσπερ
340 1416 373 1443 ἂν
403 1416 491 1450 οἴηται
510 1414 696 1448 λυσιτελήσειν
710 1413 784 1448 αὑτῷ
801 1413 954 1448 προθυμίαν

166 1462 336 1498 εἰσφέροντα.
351 1461 405 1488 Καί
424 1468 469 1495 μοι
488 1459 569 1486 πάλιν
581 1459 665 1485 ἐννόει
684 1458 730 1485 τὸν
749 1458 881 1493 μακάριον
895 1459 955 1484 ἐπι-

167 1508 308 1535 στέλλοντα
330 1506 434 1533 Παῦλον
444 1513 451 1520 ·
465 1515 473 1531 ι
486 1505 543 1532 Οὐκ
556 1505 643 1532 οἴδατε
653 1505 692 1530 ὅτι
707 1505 731 1530 οἱ
742 1504 770 1530 ὲν
783 1503 880 1538 σταδίῳ
892 1503 955 1539 τρέ-

1001 283 1054 303 nus
1070 276 1142 302 Deus
1156 279 1218 302 tuus
1229 273 1295 308 quid
1315 272 1382 307 petit
1395 271 1444 299 abs
1457 275 1493 301 te,
1510 271 1562 297 nisi
1577 275 1606 297 ιιι
1619 271 1713 298 timeas
1734 272 1788 299 Do-

1002 322 1107 349 minum
1129 321 1214 348 Deum
1234 324 1321 351 tuum,
1346 322 1374 344 ut
1398 317 1522 344 ambules
1545 316 1570 342 in
1593 316 1721 342 omnibus
1739 317 1789 343 viis

1001 368 1061 403 ejus
1072 368 1112 394 "Y
1128 377 1136 392 ι
1151 367 1232 401 Virga
1246 369 1338 392 autem
1351 368 1379 391 et
1391 363 1505 391 baculus
1520 363 1546 389 in
1560 370 1641 388 manu
1655 362 1788 397 signiﬁcat

1002 422 1088 449 spem.
1108 421 1168 448 quae
1185 421 1235 440 nos
1254 411 1398 439 conﬁrmat
1420 417 1451 436 ac
1472 411 1607 436 sustentat
1619 415 1668 442 per
1682 407 1787 442 patien-

1003 458 1066 484 tiam
1084 457 1232 484 secundum
1257 455 1332 487 illud,
1351 454 1423 489 quod
1439 453 1465 480 in
1485 452 1626 487 prophetis
1649 452 1765 478 habetur
1781 461 1786 478 :

1006 513 1014 528 ‹
1029 503 1141 538 Sperate
1155 503 1181 529 in
1194 502 1319 531 Domino,
1334 505 1361 527 et
1373 499 1465 527 fulcite
1478 506 1526 524 vos
1539 498 1565 524 in
1579 498 1634 524 Deo
1648 497 1679 523 ευ.
1694 508 1702 521 ι
1719 497 1789 523 Rur—

1002 557 1061 576 sum
1084 548 1224 583 prreeepit,
1252 551 1281 574 ut
1308 554 1406 581 agnum
1430 545 1590 572 festinanter
1617 543 1710 574 edant,
1734 550 1788 577 quo

1002 593 1131 624 Ostendit,
1149 600 1182 619 ne
1195 592 1283 627 segnis
1296 595 1342 618 ant
1355 589 1483 617 remissus
1507 588 1535 615 in
1557 588 1627 615 bene
1650 586 1788 621 operando

1003 644 1131 674 appareat
1144 638 1167 665 is
1177 638 1223 673 qui
1236 637 1338 665 Christi
1352 635 1488 672 particeps
1501 634 1588 661 factus
1600 633 1646 665 sit,
1659 633 1706 660 sed
1723 632 1787 659 dili-

1001 684 1119 719 gentiam
1133 688 1160 710 et
1174 683 1315 710 ardentem
1337 681 1509 708 sedulitatem
1533 680 1560 706 in
1584 679 1618 705 iis
1635 686 1696 713 qum
1711 681 1787 712 putet

1002 730 1052 756 sibi
1087 729 1241 764 profutura,
1277 727 1415 754 adhibeat.
1442 725 1492 752 llic
1513 731 1579 759 ergo
1602 722 1788 750 animadverte

1002 775 1074 810 quod
1087 775 1183 802 beatus
1196 774 1296 801 Paulus
1309 772 1404 799 scribit
1423 779 1472 806 per
1484 770 1625 804 epistolam
1642 777 1648 794 :
1666 777 1675 793 ‹
1688 767 1729 794 An
1742 775 1788 794 ne-

1002 821 1088 851 scitis,
1104 820 1242 854 inquiens,
1255 818 1338 852 quod,
1359 816 1439 850 275
1452 815 1498 849 qui
1518 815 1546 841 in
1561 813 1649 840 stadio
1661 816 1786 841 currunt,

1002 874 1097 893 omnes
1119 865 1231 900 quidem
1259 867 1391 893 currant,
1409 868 1481 888 unus
1493 863 1583 887 autem
1597 858 1713 892 accipiat
1725 857 1787 883 bra-

1002 912 1092 939 vium?
1104 911 1148 939 Sic
1160 910 1272 940 currite,
1287 913 1316 935 ut
1328 905 1539 942 apprehendatis
1553 905 1585 931 ³¹.
1602 913 1610 929 ι
1629 903 1714 930 Porro
1727 909 1788 928 cum

1001 958 1153 985 existimem
1175 963 1225 982 nos
1242 954 1344 988 ubique
1358 953 1459 979 debere
1472 950 1567 978 venari
1588 949 1614 976 id
1631 948 1704 982 quod
1723 955 1789 974 con-

1001 1003 1119 1031 ducibile
1132 1006 1183 1034 est,
1199 1001 1301 1028 idcirco
1313 1006 1385 1026 nunc
1399 998 1432 1024 ad
1445 997 1527 1024 alium
1540 1001 1651 1021 sensum
1670 993 1787 1020 veniam.

1001 1050 1060 1077 Non
1072 1049 1231 1079 delicatum,
1246 1053 1337 1080 neque
1352 1043 1515 1071 dissolutum
1537 1041 1623 1068 videri
1641 1040 1698 1066 vult
1714 1046 1789 1067 eum.

1002 1096 1047 1131 qui
1064 1096 1119 1130 jam
1132 1102 1181 1129 per
1192 1092 1332 1121 Christum
1345 1093 1387 1118 est
1399 1087 1594 1118 sanctiﬁcatus,
1607 1086 1655 1113 sed
1672 1086 1715 1112 lex
1726 1092 1789 1111 eum

1003 1142 1049 1169 tali
1062 1140 1169 1168 inducit
1179 1139 1285 1170 habitu,
1301 1137 1348 1172 qui
1361 1135 1513 1163 viatoribus
1524 1132 1667 1163 convenit;
1681 1132 1739 1158 haec
1749 1130 1791 1156 ni-

1002 1189 1103 1215 mirum
1116 1187 1170 1214 duo
1182 1185 1303 1213 studiose
1316 1173 1468 1213 insinuans,
1479 1187 1578 1215 nempe
1590 1178 1664 1214 quod
1680 1181 1727 1204 aut
1739 1177 1790 1203 ista

1003 1242 1063 1269 qum
1082 1237 1146 1260 sunt
1158 1232 1184 1258 in
1199 1235 1263 1266 typo
1276 1233 1303 1256 et
1315 1229 1411 1255 umbra
1426 1227 1526 1262 posita,
1540 1224 1650 1252 tandem
1673 1222 1705 1250 ad
1719 1222 1791 1249 veri-

1005 1283 1086 1305 tatem
1102 1275 1269 1304 traducenda
1287 1274 1341 1301 sint
1355 1281 1361 1299 :
1375 1275 1423 1299 aut
1437 1271 1509 1306 quod
1522 1272 1649 1304 oporteat
1661 1275 1724 1295 eum
1744 1268 1791 1302 qui

1004 1323 1089 1350 semel
1102 1321 1314 1349 communicavit
1326 1319 1446 1349 Christo,
1458 1317 1536 1352 quasi
1548 1316 1661 1343 incitato
1672 1313 1792 1341 ardenti-

1005 1377 1057 1405 que
1067 1369 1157 1396 animo
1167 1368 1199 1395 ad
1210 1372 1319 1394 omnem
1330 1365 1461 1392 virtutem
1471 1361 1649 1392 contendere,
1660 1365 1688 1387 et
1699 1360 1790 1390 istam,

1005 1423 1065 1451 qua:
1086 1415 1112 1441 in
1125 1413 1227 1441 mundo
1239 1416 1291 1443 est,
1306 1410 1516 1438 abominabilem
1538 1408 1704 1442 voluptatem
1722 1413 1792 1440 prae—

1007 1461 1152 1496 terfugere.
1168 1458 1306 1487 Continuo
1327 1460 1419 1484 autem
1439 1461 1548 1481 causam
1569 1451 1693 1482 adducit,
1708 1458 1792 1485 quare

1006 1511 1132 1543 oporteat
1141 1506 1328 1534 Christianum
1343 1502 1389 1537 qui
1398 1502 1451 1536 jam
1462 1509 1476 1527 a
1484 1500 1565 1527 nobis
1576 1498 1730 1532 descriptus
1739 1501 1791 1528 est,

167 1562 259 1589 χοντες
271 1553 369 1584 πάντες
382 1552 429 1587 μὲν
439 1551 589 1586 τρέχουσιν,
608 1548 647 1581 εἷς
658 1550 685 1576 δὲ
699 1549 830 1585 λαμϐάνει
842 1550 872 1576 τὸ
890 1548 954 1584 βρα-

1009 1550 1087 1580 talem
1109 1551 1207 1582 videri,
1229 1559 1237 1575 ι
1263 1549 1361 1579 Phase,
1383 1547 1518 1581 inquiens,
1544 1543 1650 1571 Domini
1672 1546 1724 1573 est,
1741 1541 1793 1568 hoc

167 1600 238 1625 ϐεἶον
251 1597 344 1630 ;Οὖτω
351 1597 469 1632 τρέχετε,
477 1596 519 1622 ἵνα
531 1595 727 1630 καταλάὸητε.»
741 1595 845 1630 Χρῆναι
855 1594 883 1620 δὲ
893 1595 958 1620 ὑπο-

167 1644 310 1680 λαμὸάνων
325 1643 490 1678 πανταχόθεν
500 1643 572 1676 ἡμᾶς
583 1641 717 1677 θηρᾶσθαι
730 1640 759 1668 τὸ
769 1640 899 1676 ὠφελοῦν,
916 1640 958 1675 ἐφ’

167 1691 263 1726 ἑτέραν
277 1690 333 1726 ἥξω
355 1690 482 1716 διάνοιαν.
498 1688 553 1723 Οὐχ
571 1687 738 1723 ἁὸροδίαιτόν
755 1695 815 1713 τινα
830 1687 875 1713 καὶ
886 1687 958 1713 ἀνει-

172 1737 251 1771 μένον
262 1735 376 1772 ὁρᾶσθαι
391 1734 512 1770 βούλεται
532 1733 577 1759 τὸν
597 1733 760 1768 ἡγιασμένον
772 1733 815 1759 διὰ
829 1732 957 1768 Χριστοῦ,

169 1781 237 1808 ἀλλὰ
247 1782 338 1817 σχῆμα
347 1781 377 1806 τὸ
383 1781 439 1812 τοῖς
451 1780 548 1811 όδίταις
558 1779 660 1814 πρέπον
673 1779 867 1814 περιτίθησινό
879 1779 958 1813 νόμος

169 1827 261 1862 αὐτῷ’
283 1827 329 1853 δύο
348 1826 442 1858 ταῦτα,
467 1825 538 1853 κατὰ
557 1825 587 1851 τὸ
615 1825 698 1856 εἰκὸς,
725 1825 917 1860 ὑπεμφαίνων·
941 1825 956 1860 ἣ

168 1872 224 1907 γὰρ
244 1872 284 1899 ὅτι
302 1871 459 1907 διαϐήσεταί
482 1879 547 1897 ποτε
575 1870 621 1897 καὶ
636 1870 778 1905 δραμεῖται
803 1870 869 1905 πρὸς
896 1870 959 1905 ἁλή-

169 1917 248 1943 θειαν
270 1915 303 1944 τὰ
327 1916 356 1942 ὲν
379 1915 456 1950 τύπῳ
476 1915 524 1941 καὶ
544 1914 656 1950 σκιᾷ-ἢ
681 1914 722 1940 ὅτι
753 1915 886 1950 προσήκοι
913 1915 957 1941 τον

172 1961 246 1993 ἅπαξ
271 1961 455 1996 μετεσχηκότα
467 1960 597 1996 Χριστοῦ,
616 1961 725 1995 γοργοϊς
745 1959 839 1994 ὥσπερ
852 1960 899 1986 καὶ
913 1960 958 1986 εὐ-

170 2008 354 2043 τροχωτὰτοις
385 2007 449 2033 ποτὶ
471 2008 532 2038 ταῖς
557 2008 596 2038 είς
619 2005 649 2032 τὸ
670 2005 772 2040 ἀγαθὸν
793 2005 958 2041 προθυμίαις

171 2053 407 2088 ἀποκεχρημένον,
422 2053 469 2079 ἐπὶ
489 2053 576 2079 πᾶσαν
601 2052 700 2086 ἀρετὴν
716 2051 791 2083 ἰέναι,
813 2051 860 2086 τὴν
873 2052 900 2077 ὲν
914 2052 959 2078 κό-

173 2108 234 2134 σμῳ
248 2098 377 2134 βδελυρὰν
399 2097 494 2133 ἡδονὴν
510 2097 723 2132 παρατρέχοντα.
747 2096 859 2130 Ἐπάγει
871 2097 899 2123 δὲ
911 2096 959 2132 τὴν

172 2145 263 2171 αἰτίαν
276 2144 355 2175 εὐθὺς
370 2143 417 2170 τοῦ
440 2143 494 2169 δεῖν
517 2142 630 2177 ὁρᾶσθαι
649 2142 769 2168 τοιοῦτον
793 2142 838 2168 τὸν
859 2142 959 2176 ἀρτίως

172 2191 239 2225 ἡμῖν
254 2189 509 2224 κατωνομασμένον,
518 2198 527 2213 ι
537 2188 641 2223 Πάσχα,
654 2187 749 2221 λέγων,
761 2188 818 2213 ἐστὶ
830 2187 956 2223 Κυρίου,›

173 2235 309 2266 τουτέστι,
333 2235 516 2270 διαϐατήριον.
542 2234 719 2264 Διαϐαίνομεν
743 2234 798 2269 γὰρ
830 2234 885 2260 ἀπὸ
911 2235 959 2270 τῆς

173 2282 203 2308 ὲν
219 2281 314 2316 κόσμῳ
337 2280 418 2315 ζωῆς,
436 2281 475 2312 είς
490 2279 598 2315 θεοιριλῆ
623 2279 769 2306 πολιτείαν.
794 2277 860 2306 Εἶτα
880 2280 959 2307 πάλιν

175 2327 266 2359 εὐθὺς,
286 2327 346 2353 τίνα
361 2327 408 2353 καὶ
436 2327 521 2362 πόσην
545 2325 783 2361 ἀποκερδαίνουσιν
809 2326 841 2352 ὲκ
866 2326 959 2352 τούτου

175 2373 225 2408 τὴν
239 2373 340 2408 δνησιν,
351 2373 466 2408 φανερὸν
487 2374 578 2404 αὐτοῖς
596 2372 744 2403 καθιστάς·
763 2372 817 2398 πᾶν
836 2372 884 2408 μὲν
907 2373 960 2408 γὰρ

176 2419 349 2455 πρωτότοκον
364 2420 392 2445 ὲν
406 2420 441 2454 γῇ
461 2419 591 2454 Αἰγύπτῳ
607 2418 734 2450 πατάξειν
749 2418 959 2452 ἐπαγγέλλεται·

176 2466 270 2497 αὐτοῖς
290 2465 318 2491 δὲ
340 2467 395 2497 τοῖς
425 2465 470 2491 τὸν
491 2465 575 2500 ἀμνὸν
603 2465 778 2500 βεϐρωκόσιν,
805 2465 833 2490 ὲν
856 2465 960 2500 σημείῳ

176 2511 340 2546 γενήσεσθαι
355 2511 385 2537 τὸ
402 2509 472 2546 αἷμά
487 2519 579 2545 φησιν,
597 2510 634 2541 ὡς
651 2510 703 2536 ὑπὸ
722 2510 826 2543 σκέπην
839 2510 961 2536 ἐντεῦθεν

176 2556 302 2590 γενέσθαι
331 2556 379 2592 τὴν
400 2557 465 2590 παρ’
480 2555 572 2587 αὑτοῦ,
596 2556 662 2590 πρὸς
686 2555 715 2581 τὸ
743 2556 778 2591 μὴ
803 2555 960 2590 ἐκτριϐἧναι

177 2603 240 2629 οταν
258 2603 325 2636 παίῃ
348 2602 376 2628 ὲν
396 2603 430 2636 γῇ
450 2601 590 2636 Αἰγύπτῳ.
605 2601 720 2633 Κολάζει
736 2601 784 2635 μὲν
807 2601 860 2636 γὰρ
872 2602 885 2627 ὁ
898 2601 962 2632 Θεὸς

179 2649 225 2674 τον
244 2647 344 2682 ἀπειθῆ
367 2647 412 2673 καὶ
434 2647 558 2682 ἀνήκοον,
574 2648 621 2673 καὶ
635 2647 684 2681 τῆς
700 2647 841 2680 ἁγιότητος
862 2647 961 2682 ἀμέτο-

178 2704 225 2729 χον
253 2694 302 2729 τῆς
321 2693 396 2728 παρὰ
425 2693 552 2727 Χριστοῦ.
578 2692 705 2726 Γνωρίζει
731 2692 758 2718 δὲ
792 2693 896 2726 μόνους,
918 2693 963 2718 καὶ

179 2739 318 2774 φροντίδος
335 2738 440 2774 ἀγαθῆς
457 2738 528 2770 ἀξιοῖ
546 2739 617 2769 τοὺς,
645 2738 722 2772 οἵπερ
745 2737 777 2764 ἂν
801 2737 963 2772 φαὲνο[ι]ντο

179 2784 424 2820 κατακεχρισμένοι
447 2784 485 2819 τῷ
502 2785 596 2818 αἵματι
615 2783 660 2810 τοῦ
675 2784 759 2818 ἀμνοῦ
770 2783 815 2809 τοῦ
827 2783 962 2817 ἀληθινοῦ,

216 2886 238 2900 ¹⁴²
253 2884 330 2911 Deut.
345 2891 370 2915 κ,
386 2881 428 2908 li.
467 2882 488 2897 ³⁰
506 2881 555 2908 lsa.
569 2889 593 2914 L,
608 2881 650 2908 l0.

705 2881 724 2896 ³³
740 2881 749 2907 l
767 2880 828 2908 Cor.
845 2888 880 2912 ιχ,
894 2879 994 2912 21,95.

1008 1602 1059 1630 est,
1076 1597 1206 1624 transitus
1217 1596 1249 1622 ἐ.
1267 1604 1276 1620 ι
1295 1593 1455 1621 Transimus
1464 1591 1536 1618 enim
1557 1597 1573 1616 a
1587 1589 1642 1615 vita
1656 1587 1792 1614 mundana

1008 1646 1036 1673 in
1048 1642 1284 1672 conversationem
1296 1641 1351 1667 Deo
1363 1641 1513 1672 acceptam.
1527 1635 1623 1663 Statim
1636 1641 1701 1660 vero
1712 1639 1793 1667 quem

1007 1696 1032 1719 et
1046 1694 1178 1726 quantum
1196 1688 1315 1715 fructum
1329 1686 1393 1712 hinc
1406 1681 1560 1718 percepturi
1575 1681 1639 1711 sint,
1651 1678 1794 1706 manifeste

1008 1737 1043 1764 ob
1055 1735 1149 1763 oculos
1159 1733 1247 1769 ponit,
1268 1732 1333 1758 dum
1347 1728 1492 1757 annuntiat
1503 1727 1543 1754 eis
1556 1734 1585 1753 se
1597 1732 1678 1753 omne
1692 1724 1794 1759 primo-

1008 1783 1129 1818 genitum
1142 1781 1169 1807 in
1183 1784 1254 1807 terra
1277 1777 1383 1812 [Egypti
1396 1780 1592 1811 percussurum
1605 1779 1676 1803 esse,
1688 1777 1720 1798 ac
1731 1777 1794 1796 san—

1008 1828 1118 1863 guinem
1142 1826 1175 1853 iis
1187 1825 1235 1860 qui
1249 1822 1420 1851 comederint
1439 1827 1538 1856 agnum
1560 1818 1619 1846 fore
1631 1817 1658 1843 in
1676 1816 1793 1851 signum,

1008 1860 1080 1909 quod
1103 1872 1158 1899 sint
1174 1871 1225 1898 sub
1237 1870 1296 1905 ejus
1309 1866 1489 1903 protectione,
1512 1871 1546 1891 ne
1562 1866 1676 1899 pereant
1686 1860 1794 1896 quando

1009 1907 1174 1953 percusserit
1188 1921 1287 1943 terram
1304 1913 1420 1948 Egypli.
1443 1911 1509 1938 Nam
1531 1911 1604 1937 Deus
1619 1909 1653 1936 de
1667 1907 1794 1935 incredu-

1008 1952 1042 1991 lis
1065 1968 1092 1990 et
1116 1959 1351 1989 inobedientibus,
1385 1955 1664 1988 sanctiﬁcationisque
1693 1952 1794 1979 Christi

1008 2009 1164 2037 exsortibus
1175 2005 1338 2041 supplicium
1350 2003 1443 2031 sumit.
1455 2001 1601 2036 Cognoscit
1612 2003 1702 2026 autem
1713 1998 1794 2029 solos,

1009 2056 1119 2090 acrique
1135 2062 1200 2081 cura
1213 2053 1339 2087 dignatur
1357 2056 1414 2079 eos,
1428 2048 1474 2083 qui
1494 2047 1568 2074 uncti
1581 2050 1646 2072 sunt
1665 2043 1796 2078 sanguine

1010 2102 1067 2129 veri
1080 2101 1157 2136 Agni,
1171 2106 1259 2133 neque
1274 2097 1338 2124 sinit
1354 2094 1552 2123 sanctiﬁcatum
1567 2099 1619 2118 una
1632 2098 1693 2118 cum
1706 2089 1797 2123 impiis

1012 2148 1134 2178 interire,
1152 2150 1179 2173 at
1194 2145 1284 2180 potius
1298 2141 1426 2177 singulari
1446 2148 1494 2167 sua
1515 2137 1682 2172 benignitate
1698 2143 1745 2162 eos
1756 2134 1796 2161 io—

1011 2197 1066 2222 vet.
1085 2193 1118 2220 At
1131 2179 1268 2225 veropost
1289 2193 1360 2215 totos
1377 2191 1480 2220 seplem
1500 2185 1558 2211 dies
1575 2182 1692 2218 panibus
1713 2179 1797 2207 infer-

975 2235 996 2262 D
1012 2238 1139 2267 mentatis
1151 2235 1223 2263 vesci
1233 2234 1311 2269 jubet
1321 2241 1378 2264 cos,
1391 2232 1437 2266 qui
1450 2237 1557 2258 sacrum
1572 2234 1670 2262 agnum
1683 2225 1800 2252 mandu-

1009 2288 1081 2315 eant,
1097 2290 1161 2317 quo,
1179 2285 1209 2308 ut
1229 2280 1295 2307 mihi
1316 2278 1436 2308 videtur,
1457 2273 1605 2310 persuadet
1622 2270 1797 2298 sanctificatis

1009 2331 1037 2357 in
1054 2329 1175 2359 Christo,
1193 2330 1223 2354 ut
1240 2332 1316 2353 suam
1338 2324 1459 2358 ipsorum
1473 2320 1591 2347 animam
1606 2321 1717 2352 pascant
1730 2323 1796 2342 con-

1010 2372 1187 2408 cupiscentiis
1199 2369 1363 2406 purissimis,
1379 2366 1550 2399 maximeque
1568 2363 1602 2390 ab
1616 2362 1689 2389 omni
1704 2360 1797 2396 pravi-

1011 2424 1065 2447 tate
1084 2405 1224 2453 sejunctis.
1245 2426 1252 2440 ι
1271 2415 1361 2442 Prima
1378 2417 1468 2440 autem
1490 2414 1517 2438 et
1536 2409 1651 2444 septima
1667 2407 1736 2438 dies,
1756 2405 1797 2432 in-

1014 2463 1083 2497 quit,
1101 2465 1233 2488 vocentur
1248 2462 1347 2486 sanctm
1359 2457 1390 2483 ³³.
1416 2466 1424 2481 ι
1445 2455 1563 2489 Tempus
1579 2453 1652 2480 enim
1672 2451 1698 2478 in
1722 2449 1797 2485 prin-

1014 2509 1085 2543 cipio
1098 2505 1281 2543 generationis
1298 2503 1350 2531 fuit
1360 2507 1494 2532 sanctum,
1507 2507 1568 2527 cum
1583 2499 1687 2534 primus
1702 2503 1799 2532 parens

1016 2552 1098 2582 Adam
1111 2552 1230 2579 nondum
1242 2551 1345 2585 ejectus
1360 2552 1432 2575 esset
1447 2546 1571 2581 paradiso
1586 2548 1697 2579 propter
1709 2547 1796 2569 traus-
1816 2546 1819 2575 ξ

1015 2601 1199 2636 gressionem;
1214 2597 1259 2623 sed
1286 2596 1375 2622 adhuc
1393 2595 1420 2621 in
1438 2602 1470 2621 eo
1491 2593 1611 2627 degeret,
1624 2589 1797 2617 mandatum-

1016 2633 1067 2680 que
1085 2645 1137 2672 sibi
1153 2644 1243 2670 datum
1258 2640 1416 2668 custodiret.
1432 2639 1561 2666 Sanctum
1576 2637 1639 2663 item
1658 2639 1700 2661 est
1718 2633 1798 2660 etiam

1017 2690 1192 2717 novissimum
1205 2692 1320 2721 tempus,
1333 2694 1380 2721 per
1393 2685 1542 2715 Christum,
1553 2683 1599 2718 qui
1614 2682 1639 2708 in
1655 2681 1706 2707 fide
1718 2679 1799 2714 just’-

1018 2737 1076 2763 iieat
1090 2743 1137 2761 eos
1151 2734 1196 2768 qui
1210 2733 1241 2759 ad
1258 2733 1345 2766 ipsum
1366 2730 1508 2758 accedunt,
1522 2733 1602 2762 atque
1625 2726 1651 2752 in
1676 2724 1702 2751 id
1725 2722 1797 2757 quml

1017 2789 1124 2809 eramus
1139 2779 1164 2806 in
1183 2778 1326 2813 principio,
1338 2777 1452 2803 reducit.
1469 2775 1550 2809 276
1561 2772 1692 2806 Quocirca
1713 2773 1798 2796 totum

1306 2875 1327 2890 "
1341 2873 1407 2900 Ibid.
1427 2870 1465 2897 ιο.

1034 2879 1053 2893 ³³
1068 2877 1151 2904 Mosi.
1166 2885 1210 2908 xu,
1228 2876 1266 2902 ll.
