1999 3056
202 175 251 213 ιτς

713 187 740 214 S.
761 186 898 215 CYRILLI
917 187 1153 217 AEEXANDRINI
1173 190 1330 217 ARCIllEP.

1774 191 1828 219 4.36

200 242 281 270 nobis
296 250 324 269 in
345 241 419 270 hisce
439 242 587 270 Salvatorts
599 242 692 270 ‘nostri
712 244 873 279 mysterium
892 244 989 270 adum-

1049 247 1087 272 ιαὶ
1109 248 1165 278 τοῖς
1182 247 1307 274 ἀσεῦέσιν
1330 247 1380 273 οὐκ
1400 247 1541 283 ἐπιτρέπει
1567 245 1769 273 συνὸιόλλυσοαι
1782 246 1827 273 τὸν

200 289 309 316 bratum
321 294 372 317 est.
387 289 463 317 Unde
480 294 507 317 et
523 290 660 325 eleganter
676 289 821 316 admodum
833 289 867 316 ad
880 290 989 318 Iudaeos

200 335 236 362 ait
250 344 256 361 :
272 345 281 360 ι
297 335 324 362 Si
337 336 488 363 crederetis
501 336 576 367 Mosi,
589 335 739 363 crederetis
751 335 844 370 utique
862 340 889 362 et
905 335 990 362 mihi:

200 383 234 411 de
254 392 297 411 me
308 384 381 411 enim
402 384 446 411 ille
461 384 570 418 scripsit
585 384 617 410 ".
634 393 643 409 ι

1042 292 1221 326 ἡγιασμένονι
1251 292 1308 318 ἀλλ’
1327 292 1465 328 ἐξαίρετον
1496 293 1587 324 αὐτοῖς
1608 293 1740 329 ἀπονέμει
1767 292 1827 328 φιλ-

1040 337 1206 372 ανθρωπίαν.
1216 339 1274 373 Ἐφ’
1284 338 1353 365 ἑπτὰ
1365 339 1393 365 δὲ
1400 339 1598 374 δλαιςήμέραις
1608 339 1699 374 ἄρτοις
1713 338 1828 374 ἀζύμοις

1041 383 1258 418 προστρέφεσθαι
1289 383 1395 410 κελεύει
1426 384 1488 415 τοὺς
1515 384 1561 410 τὸν
1598 384 1669 420 ἱερὸν
1692 384 1828 419 φαγόντας

201 429 303 464 ἀμνόψ
318 429 526 465 καθαρωτάταις
546 427 714 463 ἐπιθυμίαις,
736 427 773 460 ὣς
793 427 824 461 γέ
841 435 886 462 μοι
904 426 1038 461 φαίνεται,
1057 428 1103 453 καὶ
1119 428 1229 463 ἁπάσης
1253 428 1420 464 φαυλότητος
1446 430 1664 465 ἀπῳκισμέναις,
1701 431 1748 457 καὶ
1780 430 1828 465 τὴν

201 476 304 501 ἑαυτῶν
332 475 494 510 ἀποτρέψειν
514 475 601 510 ψυχὴν
627 474 780 501 ἀναπείθων
801 475 862 506 τοὺς
878 475 1058 510 ήγιασμὲνους
1087 474 1130 501 διὰ
1146 475 1275 510 Χριστοῦ.
1294 486 1302 501 ι
1320 476 1397 510 Ἀγία
1414 477 1442 503 δὲ
1461 478 1477 512 ἡ
1495 477 1590 514 πρώτη
1618 477 1664 504 καὶ
1691 478 1708 513 ἡ
1727 477 1827 512 ἐδεόμη

201 522 347 553 καλείσθω,
378 522 470 557 φησὶν,
501 521 600 557 ἡμέρα.
616 530 624 546 ι
644 521 738 556 ’Ἄγιος
762 521 815 557 γὰρ
838 522 943 558 ήμῶνὸ
963 524 992 549 ἐν
1010 523 1081 558 ἀρχῇ
1109 523 1158 558 τῆς
1192 523 1326 558 γενέσεως
1364 525 1474 559 χρόνοςι
1497 524 1574 552 οὔπω
1597 525 1643 551 τὸν
1665 524 1829 561 παράδεισον

201 568 384 603 ὲκϐεὗηκότυς
413 567 456 593 διὰ
477 567 526 601 τὴν
556 567 711 602 παράϐασιν
742 567 788 594 τοῦ
818 568 990 604 προπάτορος
1015 568 1112 603 Ἂδὰμ,
1127 569 1184 595 ἀλλ’
1204 570 1233 595 ἐν
1256 569 1329 605 αὑτῷ
1350 570 1398 604 μὲν
1433 570 1623 605 διαιτωμένου,
1650 570 1831 605 φυλάττοντος

200 615 229 642 δὲ
246 615 287 641 ἔτι
308 614 357 650 τὴν
376 613 498 640 δοθεῖσαν
524 613 642 647 ἐντολήν.
660 613 754 648 Ἀγιος
773 613 802 640 δὲ
815 613 901 646 ,πάλιν
933 614 948 639 ὁ
964 613 1011 640 καὶ
1031 615 1059 640 ἐν
1075 615 1210 649 ἐσχάτοις,
1230 615 1274 641 διὰ
1296 616 1426 650 Χριστοῦ,
1441 615 1608 647 δικαιοῦντος
1619 617 1648 642 ἐν
1664 616 1755 643 πίστει
1768 617 1830 649 τοὺς

205 660 368 697 προσιόντας
390 658 474 694 αὐτῷ,
508 659 554 685 καὶ
571 659 610 690 εἰς
628 660 715 686 ἐκεῖνο
740 659 821 687 πάλιν
842 660 1064 696 ἀνακομίζοντος,
1085 661 1124 693 εἰς
1143 661 1211 696 ὅπερ
1246 658 1317 696 ἦμεν
1328 663 1356 688 ὲν
1375 662 1483 697 ἀρχαῖς.
1502 663 1607 690 Οὐκοῦν
1639 663 1699 690 ὅλον
1720 665 1786 699 ἡμῖν
1802 664 1830 690 ἐν

203 706 308 737 τούτοις
328 705 358 732 τὸ
375 705 439 741 περὶ
456 703 503 731 τοῦ
529 704 654 740 Σωτῆρος
679 704 758 740 ήμῶν
778 704 998 740 προανετυποῦτο
1019 706 1178 741 μυστήριον.
1190 705 1236 732 Διὸ
1248 705 1279 741 δὴ
1291 706 1339 733 καὶ
1355 706 1458 741 σφόδρα
1473 706 1562 739 καλῶς
1596 708 1664 743 πρὸς
1685 708 1830 741 Ἰουδαίους

201 752 282 784 αὐτὸς
295 752 386 786 ἐλεγε-
406 761 414 776 ι
427 751 459 777 Et
471 749 627 777 ἐπιστεύετε
637 749 750 786 Μωῡσῇ,
764 751 857 786 φησιν,
868 750 1046 777 ἐπιστεύσατε
1067 750 1099 777 ἂν
1117 751 1178 786 ἐμοί
1189 759 1195 765 ·
1214 751 1278 786 περὶ
1292 751 1346 787 γὰρ
1366 751 1432 786 ἐμοῦ
1448 752 1551 784 ἐκεῖνος
1565 752 1678 787 ἔγραψε.
1693 763 1702 779 ι

341 808 381 836 De
399 808 593 835 consecratione
611 807 856 842 primogenitorum.

237 856 263 883 Ι.
277 853 422 889 Redempti
437 853 548 888 quidem
567 860 662 880 sumus
681 860 696 879 a
713 853 801 888 prisca
814 853 859 880 illa
875 860 991 880 conver-

201 903 307 931 satione
327 909 388 936 quae
410 900 535 935 patribus
557 899 609 926 fuit.
631 899 742 931 tradita,
767 899 838 926 sicut
859 898 992 934 scriptum

201 953 266 976 est:
288 956 297 973 ‹
323 947 384 974 Non
407 944 636 980 corruptibilibus
659 947 771 979 argento
793 947 821 970 et
845 950 923 975 auro,
946 942 994 970 sed

202 993 324 1029 pretioso
335 991 468 1027 sanguine
480 995 608 1024 tanquam
625 989 686 1024 agni
699 988 866 1016 immaculati
880 987 994 1020 Christi,

202 1038 361 1075 praecogniti
377 1036 489 1072 quidem
503 1039 566 1062 ante
578 1034 802 1062 constitutionem
820 1032 926 1065 mundi,
939 1040 995 1060 ma—

201 1084 324 1113 nifestati
333 1087 424 1111 autem
441 1082 469 1109 in
486 1080 683 1109 novissimis".
699 1089 708 1106 ι
724 1079 793 1107 Cum
805 1079 880 1107 enim
899 1083 996 1114 suapte

203 1136 302 1159 natura
318 1131 391 1158 Deus
405 1133 478 1157 esset
497 1132 525 1155 et
539 1128 567 1155 in
582 1127 670 1154 forma
684 1134 716 1154 ac
730 1126 887 1161 aqualitate
903 1125 951 1153 Dei
967 1129 996 1153 et

204 1177 304 1208 Patris,
322 1176 351 1203 in
371 1179 444 1202 terra
457 1175 532 1201 Visus
546 1177 598 1206 est,
619 1177 648 1200 et
668 1180 730 1200 cum
751 1171 910 1199 hominibus
928 1179 995 1198 eon-

204 1227 339 1253 versatus,
350 1220 512 1255 Unigenilus
525 1224 617 1246 autem
631 1218 722 1246 dictus
732 1222 774 1245 est
788 1217 994 1253 primogenitus.

205 1268 250 1296 Ait
263 1267 337 1294 enim
352 1266 380 1293 in
391 1266 506 1294 Psalmis
520 1265 555 1292 ad
571 1265 654 1292 Deum
675 1272 707 1291 ac
725 1264 834 1291 Patrem
857 1263 996 1291 cmlestem

205 1312 240 1338 de
273 1312 354 1339 nobis
376 1320 383 1338 :
410 1321 419 1337 ‹
443 1310 621 1338 Annuntiabo
646 1317 746 1337 nomen
763 1313 840 1335 tuum
863 1307 997 1335 fratribus

206 1357 285 1390 meis,
303 1357 332 1384 in
353 1357 445 1384 medio
460 1356 589 1384 Ecclesia:
603 1355 720 1383 laudabo
736 1359 761 1382 te
773 1355 806 1382 “.
825 1364 833 1380 ι
853 1354 921 1382 Nam
934 1362 997 1382 cum

181 1406 186 1408 “
205 1403 399 1437 assumpsisset
419 1403 564 1429 humanam
593 1406 731 1434 naturam,
749 1404 777 1428 et
793 1409 823 1428 se
841 1401 996 1428 admirabili

206 1449 321 1476 consilio
340 1449 495 1476 demisisset
506 1448 535 1475 in
551 1455 593 1481 ea,
611 1455 672 1482 quae
688 1455 739 1475 nos
755 1455 861 1479 sumus,
875 1455 931 1474 non
944 1455 996 1482 pu-

1134 807 1203 840 Πρρὶ
1214 806 1269 840 τῆς
1282 806 1453 841 ἀναθέσεως
1465 808 1524 835 τῶν
1538 811 1742 842 πρωτοτόκων.

1080 856 1114 879 α’.
1132 852 1331 888 Λελυτρώμεθα
1347 853 1396 888 μὲν
1410 854 1442 880 ἐκ
1465 854 1516 888 τῆς
1537 855 1653 890 ἀρχαίας
1672 856 1750 892 ἡμῶν
1767 857 1831 884 ἀνα-

1045 899 1149 934 τροφῆς
1177 899 1435 934 πατροπαραδότου,
1467 900 1538 926 κατὰ
1564 900 1594 926 τὸ
1622 903 1831 938 γεγραμμένον.

1047 955 1057 971 ι
1076 946 1113 972 Οὐ
1130 946 1259 981 φθαρτοῖς
1274 946 1397 982 ἀργυρίῳ
1407 946 1424 981 ἦ
1437 947 1551 982 χρυσίῳ,
1564 947 1632 974 ἀλλὰ
1646 949 1728 985 τιμίῳ
1736 950 1832 985 αἵματι

1045 990 1082 1022 ὡς
1102 990 1189 1026 ἀμνοῦ
1212 990 1328 1026 ἀμώμου
1350 991 1397 1017 καὶ
1412 991 1527 1018 ἀσπίλου
1544 993 1678 1028 Χριστοῦ,
1694 1002 1832 1029 προεγνω-

1046 1036 1146 1071 σμένου
1159 1037 1209 1072 μὲν
1224 1037 1276 1072 πρὸ
1290 1037 1443 1072 κατασολῆς
1459 1038 1573 1073 κόσμου,
1590 1040 1792 1074 φανερωθέντος
1804 1041 1832 1069 δὲ

1045 1082 1089 1108 in‘
1104 1082 1229 1117 ἐσχάτου.
1255 1091 1264 1107 ι
1281 1082 1347 1108 Ἀτε
1363 1081 1429 1114 Θεὸς
1448 1082 1486 1109 ὣν
1506 1083 1606 1118 φύσει,
1627 1085 1675 1111 καὶ
1692 1086 1719 1111 ὲν
1741 1088 1831 1122 μορφῇ

1046 1128 1094 1154 καὶ
1111 1127 1214 1162 ἰσότητι
1236 1127 1305 1154 Θεοῦ
1327 1129 1375 1155 καὶ
1392 1128 1513 1163 Πατρδς,
1529 1129 1575 1156 καὶ
1596 1130 1658 1156 ἐπεὶ
1675 1130 1831 1166 ὠνόμασται

1047 1173 1094 1200 καὶ
1124 1174 1294 1208 πρωτότοκος
1311 1175 1325 1200 ὁ
1344 1175 1500 1209 Μονογενὴς
1513 1194 1520 1207 ,
1539 1175 1584 1201 ἐπὶ
1603 1176 1654 1210 γῆς
1671 1176 1749 1212 ὤφθη
1761 1198 1769 1209 ,
1786 1178 1833 1204 καὶ

1045 1218 1100 1248 τοῖς
1122 1216 1274 1252 ἀνθρώποις
1295 1218 1512 1254 συνανεστράφη.
1533 1219 1605 1254 Ἔφη
1625 1220 1680 1255 γάρ
1696 1229 1746 1248 που
1768 1223 1833 1258 περὶ

1046 1263 1124 1297 ἡμῶν
1139 1264 1167 1289 ὲν
1183 1263 1307 1298 Ψαλμοῖς
1324 1265 1393 1298 πρὸς
1409 1264 1457 1291 τὸν
1469 1266 1499 1292 ὲν
1516 1265 1642 1301 οὐρανοῖς
1659 1267 1767 1302 Πατέρα
1785 1269 1833 1294 καὶ

1046 1308 1129 1334 Θεόν·
1154 1318 1162 1333 ‹
1195 1308 1356 1342 Ἀπαγγελῶ
1381 1309 1412 1336 τὸ
1432 1309 1519 1345 ὄνομα
1548 1319 1595 1337 σου
1623 1312 1680 1343 τοῖς
1709 1312 1833 1346 ἀδελφοῖς

1049 1362 1099 1388 μου
1116 1373 1122 1383 ,
1152 1354 1181 1380 ὲν
1215 1353 1290 1389 μέσῳ
1315 1354 1479 1389 Ἐκκλησίας
1507 1355 1620 1390 ὑμνήσω
1646 1365 1686 1383 σε.
1708 1365 1717 1381 ι
1754 1357 1833 1383 Ἀνα-

1046 1397 1137 1424 λαϐὼν
1164 1397 1216 1439 γὰρ
1235 1398 1274 1430 εἰς
1296 1398 1392 1425 ἑαυτὸν
1419 1398 1454 1426 τὰ
1480 1399 1658 1434 ἀνθρώπινα,
1685 1401 1733 1427 καὶ
1760 1394 1834 1428 καθ-

1053 1444 1093 1475 εὶς
1113 1444 1293 1478 οἰκονομικῶς
1314 1445 1344 1470 ἐν
1365 1445 1420 1476 τοῖς
1442 1445 1588 1480 καθ’ὴμᾶς
1604 1445 1638 1472 τὰ
1653 1446 1714 1473 καθ’
1727 1447 1834 1479 ἑαυτὸν,

205 1495 267 1521 duit
279 1502 342 1522 eum
355 1502 406 1522 nos
426 1502 525 1522 vocare
540 1493 660 1521 fratres:
681 1494 816 1528 siquidem
837 1501 886 1528 per
907 1493 995 1528 ipsum

1049 1489 1179 1524 ἀδελφοὺς
1195 1491 1270 1524 ἡμᾶς
1291 1490 1439 1517 ἀποκαλεῖν
1458 1490 1508 1516 οὐκ
1536 1491 1709 1526 αἰσχύνεται,
1731 1492 1834 1519 ἔπείτοι

206 1540 295 1567 vocati
307 1548 402 1567 sumus
414 1540 441 1567 iu
458 1540 635 1575 adoptionem
651 1539 768 1566 ﬁliorum
782 1540 814 1565 ⁸⁷.
828 1539 936 1566 Etenim
951 1547 998 1566 vc—

206 1593 267 1612 rnm
281 1590 332 1617 est,
346 1585 469 1620 adeoque
482 1592 515 1612 ex
527 1583 593 1619 ipsis
612 1587 796 1610 eontestatum
813 1583 904 1615 rebus,
923 1582 997 1617 quod

206 1632 287 1659 Pater
308 1639 387 1658 suum
409 1631 549 1665 proprium
571 1629 669 1657 Filium
692 1628 799 1656 dederit
823 1628 857 1655 ad
882 1628 997 1655 salutem

207 1676 336 1703 omnibus
365 1676 561 1703 redimendam.
592 1675 721 1710 Ideoque,
747 1678 778 1701 ut
805 1674 905 1702 Paulus
926 1673 965 1701 ait
989 1682 995 1700 :

211 1733 220 1747 ι
236 1723 327 1749 Pretio
336 1722 419 1757 empti
433 1729 528 1749 sumus
540 1721 571 1753 ³⁸,
588 1731 597 1746 ι
612 1729 701 1756 neque
713 1729 807 1748 sumus
818 1722 905 1749 nostri
916 1721 996 1756 juris.

212 1779 220 1792 ι
237 1768 290 1796 Sed
305 1775 375 1795 unus
386 1775 434 1802 pro
449 1766 578 1794 omnibus
593 1771 717 1794 mortuus
731 1771 783 1798 est,
795 1771 825 1794 ut
836 1774 932 1794 omnes
943 1775 996 1793 non

208 1812 327 1848 amplius
340 1811 546 1846 nobismetipsis
557 1811 690 1843 vivamus,
703 1811 750 1838 sed
764 1811 789 1838 ei
803 1811 849 1846 qui
860 1819 909 1846 pro
919 1811 998 1838 nobis

208 1862 335 1885 mortuus
354 1861 396 1885 est
413 1861 441 1884 et
459 1856 610 1883 resurrexit
625 1855 667 1882 ³⁸’.
689 1865 698 1881 ι
714 1855 792 1888 Quod
811 1859 901 1882 autem
913 1863 997 1882 unus—

209 1903 326 1938 quisque
353 1910 449 1930 eorum
472 1902 518 1936 qui
539 1910 588 1937 per
605 1901 744 1929 Christum
761 1901 860 1928 servati
875 1905 949 1933 sunt,
971 1906 999 1928 et

208 1949 286 1984 quasi
297 1948 440 1984 imaginem
453 1948 538 1982 ipsius
549 1942 688 1974 consecuti
703 1954 751 1981 per
765 1946 884 1982 Spiritus
896 1945 997 1973 sancti-

209 1995 375 2026 ticationem,
389 1994 502 2029 posthac
519 1993 602 2020 vitam
614 2000 690 2019 suam
701 1995 843 2019 consecret
855 1991 921 2022 Deo,
939 1998 996 2018 ma-

209 2038 338 2066 nifestum
354 2038 437 2065 fuerit
455 2046 488 2065 ex
505 2038 626 2073 sapiente
644 2037 727 2069 Mose,
749 2036 796 2071 qui
817 2035 944 2070 antiquos
961 2035 998 2062 ita

209 2084 332 2111 aﬁ‘atur:
359 2093 367 2109 ι
394 2084 428 2110 Et
443 2083 507 2114 erit,
525 2090 588 2110 cum
610 2081 794 2109 introduxerit
818 2086 843 2109 te
866 2081 999 2109 Dominus

209 2129 282 2157 Deus
293 2134 355 2157 tuus
366 2130 392 2156 in
406 2134 507 2157 terram
521 2128 747 2157 Cbananazorum.
761 2127 831 2154 sicut
840 2126 940 2162 iuravit
952 2133 998 2161 pa-

1048 1534 1203 1570 κεκλήμεοα
1216 1534 1283 1570 προς
1305 1535 1416 1569 υἰότητα
1437 1533 1470 1560 δι’
1491 1533 1582 1561 αὑτοῦ.
1607 1535 1661 1561 Καὶ
1684 1536 1738 1570 γάρ
1761 1536 1835 1562 ἐστιν

1048 1579 1156 1615 ἀληθὲς,
1170 1579 1217 1605 καὶ
1228 1579 1255 1611 ἐξ
1268 1578 1356 1605 αὐτῶν
1368 1579 1577 1614 μεμαρτύρηται
1585 1579 1639 1605 τῶν
1653 1579 1833 1614 πραγμάτιον,

1046 1624 1087 1650 ὅτι
1099 1623 1144 1650 τὸν
1157 1623 1220 1650 ἴδιον
1238 1623 1299 1650 Υἱδν
1309 1622 1358 1658 τῆς
1375 1623 1502 1650 ἁπάντων
1521 1623 1598 1659 ἡμῶν
1618 1624 1753 1660 σωτηρίας
1768 1624 1835 1651 ἀντ-

1047 1669 1171 1704 άλλαγμα
1192 1668 1306 1695 δέδωκεν
1327 1670 1340 1695 ό
1359 1669 1462 1705 Πατήρ.
1489 1669 1593 1696 Οὐκοῦν
1629 1670 1666 1701 ὡς
1695 1671 1709 1696 ό
1731 1670 1836 1702 Παῦλός

1048 1723 1131 1750 φησι,
1149 1724 1158 1740 ι
1178 1715 1266 1750 Τιμῆς
1284 1715 1471 1750 ἡγοράσμεθα,
1487 1725 1496 1740 ι
1509 1715 1556 1742 καὶ
1568 1716 1617 1742 οὐκ
1627 1717 1709 1751 ἐσμὲν
1719 1716 1833 1744 ἑαυτῶν.

1051 1771 1060 1787 «
1089 1761 1158 1787 Ἀλλ’
1183 1759 1222 1792 εἷς
1247 1761 1316 1796 ὑπὲρ
1339 1762 1448 1788 πάντων
1472 1761 1616 1794 ἀπέθανεν,
1636 1762 1680 1790 ἵνα
1695 1765 1720 1791 οἱ
1735 1762 1835 1795 πάντες

1051 1807 1148 1843 μηκέτι
1162 1807 1266 1838 ἑαυτοῖς
1285 1807 1385 1842 ζῶμεν,
1398 1807 1466 1834 ἀλλὰ
1481 1808 1519 1842 τῷ
1530 1808 1600 1843 ὑπὲρ
1615 1807 1693 1843 ἡμῶν
1708 1807 1836 1834 τεθνεῶτι

1049 1853 1096 1879 καὶ
1119 1852 1307 1888 ἐγηγερμένῳ.
1333 1862 1343 1879 ι
1375 1853 1438 1880 ’Ὁτι
1465 1853 1554 1879 τοίνυν
1581 1853 1695 1885 ἕκαστος
1717 1853 1771 1879 τῶν
1790 1853 1835 1880 διὰ

1048 1898 1167 1934 Χριστοῦ
1191 1898 1381 1933 σεσωσμένων,
1405 1899 1451 1926 καὶ
1478 1899 1559 1925 οἱονεὶ
1586 1899 1761 1934 συμμορφίαν
1785 1899 1836 1939 τὴν

1049 1945 1117 1980 πρὸς
1137 1945 1218 1972 αὐτὸν
1235 1943 1263 1972 εὖ
1291 1945 1364 1980 μάλα
1393 1945 1620 1980 πεπλουτηκότων
1639 1945 1673 1972 δι’
1697 1945 1835 1980 ἁγιασμοῦ

1049 1991 1076 2016 ἐν
1092 1990 1240 2025 Πνεύματι,
1258 1991 1318 2026 Θεῷ
1334 1991 1383 2026 τὴν
1397 1991 1498 2018 οἰκείαν
1513 1992 1618 2026 ἑπόφλῃ
1648 1991 1731 2026 ζωὴν,
1750 1991 1836 2025 σαφὲς

1048 2037 1081 2063 ἂν
1094 2037 1199 2071 γένοιτο
1213 2037 1427 2072 προσλαλοῦντος
1438 2039 1493 2069 τοῖς
1507 2037 1694 2073 ἀρχαιοτέροις
1709 2037 1755 2064 τοῦ
1768 2046 1836 2063 παν-

1049 2082 1130 2116 σόφου
1154 2083 1290 2114 Μωσέως·
1317 2092 1325 2108 ι
1354 2083 1408 2109 Καὶ
1427 2083 1521 2115 ἔσται,
1545 2082 1582 2114 ὡς
1606 2082 1638 2109 ἂν
1652 2082 1786 2117 εἰσαγάγῃ
1805 2089 1834 2108 σε

1048 2128 1150 2163 Κύριος
1175 2128 1188 2154 ὁ
1203 2128 1268 2159 Θεός
1286 2136 1332 2154 σου
1351 2129 1391 2160 εἰς
1405 2128 1453 2164 τὴν
1468 2128 1519 2163 γῆν
1542 2127 1597 2154 τῶν
1618 2127 1789 2158 Χαναναίων,
1805 2125 1836 2152 ὃν

211 2176 299 2203 tribus
324 2175 389 2207 tuis,
409 2180 438 2202 et
458 2174 535 2202 dabit
555 2174 605 2201 tibi
624 2181 700 2206 eam;
719 2178 747 2200 et
761 2172 900 2207 Separabis
918 2180 996 2199 omne

1051 2174 1150 2209 τρόπον
1165 2173 1256 2208 ὤμοσε
1279 2175 1334 2205 τοῖς
1348 2174 1468 2210 πατράσι
1483 2182 1541 2205 σου,
1559 2174 1605 2200 καὶ
1619 2173 1656 2207 δῷ
1679 2181 1719 2199 σοι
1732 2173 1817 2207 αὑτήν
1827 2179 1834 2187 ·

209 2222 335 2257 aperiens
346 2221 453 2248 vulvam
469 2221 588 2248 mascula
602 2219 726 2251 Domino,
741 2223 769 2246 et
781 2226 861 2245 omne
873 2218 999 2252 aperiens

209 2267 319 2294 vulvam
330 2275 363 2295 ex
378 2267 510 2294 armentis
519 2271 547 2293 et
563 2265 590 2292 in
603 2264 734 2301 jumentis
745 2264 815 2291 tuis:
829 2271 998 2298 quaecunque

210 2313 313 2340 fuerint
332 2312 382 2339 tibi
398 2311 547 2339 masculina
564 2311 748 2338 sanctiﬁcabis
764 2309 889 2337 Domino.
912 2309 998 2336 Omne

211 2358 338 2393 aperiens
352 2358 459 2384 vulvam
472 2357 563 2389 asinae,
580 2356 699 2384 mutabis
710 2364 760 2383 ove
778 2365 784 2382 :
801 2355 823 2382 si
836 2359 927 2382 autem
943 2362 997 2381 non

211 2403 370 2434 mutaveris.
385 2402 503 2429 redimes
517 2401 594 2428 illud.
614 2401 699 2429 Omne
719 2401 929 2436 primogenitum
948 2400 998 2427 ho-

211 2449 293 2476 minis
307 2448 424 2475 ﬁliornm
439 2453 547 2475 tuorum
559 2447 716 2475 redimes".
734 2457 741 2472 ι
754 2447 922 2482 congregata
933 2454 999 2474 vero

211 2501 262 2521 suo
284 2498 407 2528 tempore
420 2493 559 2529 Synagoga
573 2493 600 2520 in
608 2493 691 2525 Oreb,
705 2493 784 2527 2'77
795 2492 894 2527 aequali
911 2492 999 2519 utitur

211 2547 346 2571 sermone,
361 2539 398 2565 ita
413 2546 509 2566 rursus
516 2547 575 2565 eam
590 2538 725 2566 allocutus
741 2538 895 2573 lcgislator:
916 2547 924 2562 ‹
939 2537 998 2563 Pri—

211 2583 365 2618 mogenitos
375 2582 491 2610 ﬁliorum
504 2587 611 2610 tuorum
622 2583 699 2610 dabis
710 2583 786 2610 mihi.
806 2583 851 2609 Sic
864 2582 1000 2609 sacriﬁea-

211 2629 254 2656 bis
268 2629 384 2656 vitulum
396 2634 472 2656 tuum
482 2634 509 2656 et
521 2637 597 2656 ovem
612 2634 684 2656 tuam
701 2633 728 2656 et
743 2629 896 2663 jumentum
910 2632 998 2654 tuum.

211 2674 322 2708 Septem
339 2674 397 2701 dies
417 2675 470 2701 erit
489 2673 560 2709 apud
578 2678 703 2705 matrem,
723 2677 818 2700 octavo
842 2677 933 2699 autem
955 2672 999 2699 die

212 2720 279 2747 mihi
290 2720 389 2748 reddes
404 2720 480 2747 illud.
492 2720 525 2747 lit
539 2720 589 2746 \‘iri
602 2719 686 2746 sancti
699 2718 775 2746 eritis
785 2718 851 2745 mihi
865 2718 896 2744 ⁵ο.
920 2728 928 2742 ι

250 2870 270 2885 ³⁵
297 2870 373 2896 .loan.
392 2879 415 2895 \.
430 2871 471 2896 Hi.
511 2870 532 2885 ”
547 2870 555 2897 Ι
571 2871 642 2897 I‘elr.
658 2879 676 2898 ι,
692 2871 731 2896 18.
772 2870 793 2885 “ﬁ
810 2870 877 2896 Psal.
894 2878 946 2900 xu.
961 2871 1003 2896 ΞΒ.

216 2905 262 2933 15.
282 2905 320 2931 ιο.
361 2906 381 2919 ίτν
399 2905 481 2931 [κως.
503 2913 558 2936 xz",
583 2904 669 2931 Ηηὶ).
710 2905 731 2919 "“
751 2905 835 2932 Exod.
867 2913 930 2937 nu,
960 2905 1046 2932 [9—50.

1050 2219 1096 2246 καὶ
1115 2220 1237 2255 ἀφοριεῐς
1253 2220 1306 2246 πᾶν
1321 2220 1454 2254 διανοῖγον
1480 2220 1587 2255 μήτραν
1600 2219 1634 2245 τὰ
1654 2217 1786 2254 ἀρσενικὰ
1798 2216 1837 2252 τῷ

1051 2266 1157 2302 Κυρίῳ,
1173 2267 1228 2293 πᾶν
1249 2265 1384 2300 διανοῖγον
1408 2266 1514 2301 μήτραν
1529 2267 1561 2292 ὲκ
1579 2265 1633 2292 τῶν
1649 2264 1806 2300 βουκολίων,
1818 2264 1835 2298 ἢ

1050 2310 1078 2336 ἐν
1090 2313 1144 2342 τοῖς
1155 2311 1266 2346 κτήνεσί
1282 2320 1339 2342 σου,
1353 2311 1402 2338 ὅσα
1413 2311 1445 2338 ἂν
1461 2311 1572 2346 γένηταί
1589 2319 1629 2337 σοι
1644 2310 1678 2337 τὰ
1694 2310 1836 2345 ἀρσενικὰ,

1049 2356 1174 2389 ἁγιάσεις
1185 2355 1255 2382 αὐτὰ
1264 2355 1303 2391 τῷ
1314 2356 1417 2391 Κυρίῳ.
1432 2356 1488 2383 Πᾶν
1500 2356 1633 2389 διανοῖγον
1646 2356 1753 2390 μήτραν
1765 2355 1835 2385 ὂνου,

1049 2402 1174 2434 ἀλλάξεις
1195 2402 1323 2438 προϐάτῳ
1336 2410 1342 2416 ·
1370 2402 1418 2429 ἐὰν
1439 2402 1466 2429 δὲ
1492 2402 1532 2438 μὴ
1553 2402 1686 2438 ἁλλάξῃς,
1712 2401 1836 2436 λυτρώσῃ

1050 2448 1125 2476 αὐτό,
1148 2449 1205 2475 Πᾶν
1222 2448 1394 2483 πρωτότοκον
1407 2448 1550 2483 ἀνθρώπου
1568 2449 1622 2474 τῶν
1642 2447 1708 2473 υἱῶν
1726 2455 1773 2472 σου
1790 2447 1836 2472 λυ-

1049 2493 1152 2529 τρώςῃ.
1172 2503 1181 2519 ν
1201 2494 1445 2530 Συναγηγερμένης
1467 2494 1495 2519 δὲ
1515 2494 1563 2529 τῆς
1588 2493 1736 2528 ἐκκλησίας
1767 2492 1838 2518 κατὰ

1051 2541 1164 2575 καιροὺς
1180 2541 1208 2566 ὲν
1225 2540 1328 2575 Χωρὴϐ
1342 2560 1349 2571 ,
1372 2540 1416 2566 διὰ
1437 2540 1491 2566 τῶν
1518 2541 1583 2567 ἴσων
1601 2539 1710 2574 ἔρχεται
1730 2539 1817 2573 λόγων
1829 2558 1836 2569 ,

1049 2585 1223 2620 ἐθεσμοθέτει
1245 2586 1274 2612 δὲ
1295 2586 1384 2618 πάλιν,
1402 2585 1489 2620 λέγων
1505 2585 1568 2612 ὡδί·
1587 2594 1596 2610 ι
1623 2585 1664 2611 Τὰ
1678 2585 1838 2620 πρωτότοκα

1049 2631 1104 2658 τῶν
1117 2631 1182 2657 υἱῶν
1196 2640 1242 2657 σου
1258 2631 1354 2663 δώσεις
1366 2631 1437 2666 ἐμοί.
1453 2631 1530 2657 Οὕτω
1543 2632 1668 2666 ποιήσεις
1681 2631 1726 2657 τὸν
1740 2630 1838 2665 μόσχον

1051 2685 1098 2702 σου
1114 2698 1121 2709 ,
1145 2677 1192 2703 καὶ
1209 2677 1239 2703 τὸ
1255 2677 1390 2712 πρόϐατόν
1416 2685 1462 2703 σου
1475 2697 1482 2707 .
1501 2677 1548 2703 καὶ
1565 2676 1595 2702 τὸ
1612 2675 1758 2710 ὑποζύγιον
1779 2684 1837 2702 σον.

1056 2723 1142 2749 Ἑπτὰ
1162 2722 1280 2758 ἡμέραις
1295 2723 1371 2749 ἔσται
1392 2723 1444 2749 ὑπὸ
1458 2722 1506 2758 τὴν
1526 2722 1632 2757 μητέρα
1643 2743 1650 2755 ,
1666 2724 1699 2757 τῇ
1716 2722 1743 2748 δὲ
1758 2721 1836 2756 ὀγδόῃ

1051 2769 1142 2804 ἡμέρᾳ
1157 2769 1307 2800 ἀποδώσεις
1326 2777 1370 2803 μοι
1387 2769 1462 2795 αὐτὸ.
1479 2769 1534 2794 Καὶ
1546 2767 1640 2803 ἄνδρες
1658 2767 1730 2801 ἆγιοι
1744 2767 1838 2793 ἔσεσοέ

1054 2821 1107 2848 μοι.
1129 2827 1137 2838 1

1063 2871 1083 2884 ³⁷
1101 2871 1199 2906 Ephes.
1220 2878 1237 2901 ι,
1253 2871 1276 2896 ἵ».
1329 2871 1348 2883 “
1368 2870 1452 2897 I(‘.or.
1470 2878 1505 2901 γι,
1528 2870 1570 2896 in.
1627 2869 1657 2884 ³⁸·
1677 2869 1699 2896 ll
1722 2868 1785 2896 Cor.
1811 2875 1839 2902 V,
