1999 3056
171 148 224 178 457

670 150 933 179 GLAPIIYRORUM
951 150 985 177 ΙΝ
1004 148 1147 177 EXODUM
1168 149 1231 177 LIB.
1252 149 1284 176 ll.

1758 148 1810 176 458

209 207 241 242 β’.
257 207 427 243 Εὑαφόρμως
453 208 501 243 μὲν
515 205 561 235 οὖν
579 209 592 235 ὁ
609 208 663 236 τῶν
679 210 748 236 ὅλων
762 209 828 242 Θεὸς
847 209 896 245 τὴν
910 209 964 236 τῶν

1050 210 1077 236 ‘2.
1093 210 1301 244 Peropportune
1314 207 1397 242 igitur
1411 207 1576 234 Deustot'ius
1591 206 1712 235 universi
1723 211 1812 242 poscit

172 253 240 280 ὅλων
255 253 383 281 ἀνάθεσιν
405 255 485 287 αίτεῖ,
505 255 553 282 καὶ
566 255 640 290 αὐτῴ
652 256 751 291 χρῆναι
766 256 964 292 διισχυρίζεται

171 299 318 335 καθιεροῦν
334 300 407 335 ἡμᾶς
422 299 456 326 τὰ
469 301 612 336 ἀρῤενικά.
635 301 745 337 Ἐπειδὴ
758 302 812 338 γὰρ
824 302 965 330 διολώλασι

174 344 224 379 μὲν
237 344 270 370 τά
285 344 339 370 τῶν
351 345 507 378 Αἰγυπτίων
521 346 691 381 πρωτότοκα,
703 347 837 374 σέσωσται
851 347 880 374 δὲ
899 356 966 374 παν-

172 391 228 417 οικὶ
250 391 297 417 καὶ
320 391 411 426 διέδρα
433 391 479 418 τὸν
503 392 667 428 ὀλοθρευτὴν
685 394 698 420 ὁ
713 393 891 428 ἡγαπημένος
913 394 964 420 Ὶσ-

175 436 253 472 ραὴλ,
268 436 307 472 τῷ
319 436 414 472 αἵματι
427 436 474 464 τοῦ
488 437 573 472 ἀμνοῦ
589 439 840 474 κατακεχρισμένος
853 439 914 466 ὅσον
925 440 966 471 εἰς

173 482 258 509 τύπον
271 483 390 518 Χριστοῦ
406 483 452 510 τοῦ
465 483 497 509 δι’
519 484 594 518 ἡμᾶς
617 484 646 510 ἐν
663 486 780 520 νεκροῖς,
797 485 841 511 ἵνα
860 493 964 521 καταρ-

173 529 245 564 γήσῃ
260 528 304 555 τὸν
320 529 446 561 θάνατον,
462 529 590 566 ταύτῃτοι
608 530 720 562 δικαίως
737 529 791 557 εἷεν
814 531 846 558 ἂν
860 531 965 558 ἑαυτῶν

175 575 224 609 μὲν
237 575 328 601 οὐκέτι
342 575 376 602 τὰ
393 575 551 611 σεσωσμένα
564 584 570 590 ·
585 576 683 611 πρέποι
697 577 719 603 δ’
734 577 766 603 ἂν
781 577 880 612 μᾶλλον
895 577 964 604 αὐτὰ

173 621 368 656 διακεκτῆσοαι
383 622 474 648 λοιπον
488 622 525 654 ὡς
539 623 591 649 ίδια
608 623 654 649 τὸν
672 623 742 659 ὑπὲρ
756 623 858 650 ἑαυτῶν
872 632 963 650 κεκιν-

173 667 330 694 δυνευκότα.
357 668 405 694 ’ον
426 668 480 703 γὰρ
502 668 602 703 τρόπον
618 669 643 694 ot
664 670 728 700 τοὺς
752 669 802 704 ἥδη
819 669 965 703 γεγονότας

174 713 347 748 ὑποχειρίους
363 713 540 749 βαρϐαρικοῖς
555 714 736 741 ἀπαλλάττειν
749 715 895 750 ἰσχύοντες,
917 715 964 741 καὶ

173 759 223 793 τῆς
243 759 382 794 ἀδοκήτως
397 760 591 796 ὲπενεχθείσης
615 761 737 792 δουλείας
751 760 910 796 ἐλευθεροῦν
920 761 963 788 διὰ

174 803 222 830 τοῦ
244 805 292 840 τὴν
308 804 376 840 πρὸς
391 805 513 837 ἐκείνους
533 806 680 840 ἀνατλῆναι
702 806 803 842 μάχην,
824 807 963 842 μονονουχὶ

174 850 223 884 τὴν
243 850 374 877 δεσπότου
389 851 481 878 λοιπὸν
498 852 631 888 ἐπέχουσι
642 853 729 886 τάξιν,
744 853 839 888 αἵματι
851 853 890 888 τῷ
907 853 964 890 ἰδίῳ

175 897 238 928 τοὺς
255 897 369 929 ἁλόντας
387 898 595 933 κατακτώμενοι
606 907 613 913 ”
630 898 700 925 κατὰ
718 898 762 925 τὸν
777 899 845 929 ἴσον,
866 896 942 933 οἶμαι
955 920 962 931 ,

174 943 270 969 τοῦτον
289 943 367 977 λόγον
390 944 436 970 καὶ
458 945 471 970 ὁ
497 943 598 979 Κύριος
618 943 696 979 ἡμῶν
720 943 822 979 Ἰησοῦς
836 943 963 979 Χριστὸς,

174 990 205 1015 τὸ
220 989 274 1016 τῶν
294 989 456 1026 ἀκαθάρτων
472 990 606 1026 δαιμόνων
623 990 780 1025 καταδήσας
796 991 900 1025 στῖφος,
916 990 964 1017 καὶ

176 1035 206 1062 το
232 1036 296 1062 ἴδιον
313 1033 382 1071 αἷμα
401 1036 532 1068 τεθεικὼς
554 1036 623 1071 ὑπὲρ
643 1036 738 1071 ἡμῶν·
762 1037 918 1070 ἀποστήσας
934 1044 964 1062 τε

175 1081 246 1108 οὕτω
257 1082 301 1109 τὸν
320 1082 444 1116 θάνατον,
457 1083 504 1109 καὶ
522 1082 678 1114 καταλύσας
691 1083 739 1118 τὴν
756 1082 870 1118 φθορὰν,
885 1082 964 1114 ἰδίους

176 1129 249 1163 ἡμᾶς
265 1130 382 1155 ποιεῖται
405 1129 517 1161 λοιπὸν,
535 1128 573 1160 ὡς
589 1128 638 1164 τὴν
662 1129 765 1155 ἑαυτῶν
788 1129 836 1164 μὲν
862 1128 965 1163 οὐκέτι,

175 1175 227 1210 τὴν
249 1174 331 1201 αὑτοῦ
354 1175 382 1201 δὲ
400 1175 501 1210 μᾶλλον
524 1174 673 1207 διαζῶντας
690 1174 774 1209 ζωήν.
793 1175 823 1202 Et
850 1175 887 1210 μὴ
911 1174 966 1210 γὰρ

175 1221 310 1248 ἀπέθανεν
333 1221 402 1256 ὑπὲρ
426 1221 513 1256 ἡμῶν,
531 1221 581 1248 οὐκ
601 1221 634 1248 ἂν
658 1221 827 1256 διεσώθημεν
840 1229 846 1236 ·
876 1221 921 1247 καὶ
941 1221 966 1248 εί

176 1267 214 1302 μὴ
227 1267 338 1302 γέγονεν
352 1268 380 1293 ἐν
397 1269 514 1303 νεκροῖς,
530 1268 580 1294 οὐκ
592 1268 625 1294 ἂν
639 1268 669 1294 τὸ
683 1268 846 1303 δυσάντητον
859 1267 906 1294 τοῦ
918 1267 964 1293 0:1.-

176 1313 255 1339 νόιτου
280 1313 440 1349 κατεσείσθη
468 1314 577 1348 κράτος.
608 1314 686 1341 Οὕτω
713 1315 759 1340 καὶ
783 1315 797 1340 ὸ
822 1314 965 1347 θεσπέσιος

176 1358 282 1390 Παῦλος
307 1359 562 1395 μεμυσταγώγηκε,
580 1360 677 1394 λέγων,
701 1360 764 1393 τοὺς
777 1360 822 1387 διὰ
846 1360 964 1396 Χριστοῦ

177 1405 377 1440 σεσωσμένους·
399 1415 408 1432 ε
427 1405 539 1442 Χριστῷ
556 1406 783 1442 συνεσταύρωμαι
794 1416 800 1422 ·
817 1406 856 1439 ζῶ
875 1407 904 1433 δὲ
919 1407 965 1433 οὺ-

176 1451 236 1478 κὲτι
255 1451 322 1486 ἐγώ·
341 1452 373 1488 ζῇ
394 1452 421 1479 δὲ
442 1454 469 1479 ιν
493 1453 555 1488 ἐμοὶ
574 1453 702 1488 Χριστός.
723 1454 754 1480 "0
771 1453 799 1479 δὲ
816 1452 863 1480 νῦν
878 1453 917 1486 ζῶ
936 1453 966 1482 ὲν

177 1497 270 1532 σαρκὶ,
286 1498 315 1524 ὲν
337 1499 428 1525 πίστει
449 1497 486 1530 ζῶ
499 1499 531 1533 τῇ
545 1498 592 1525 τοῦ
610 1498 674 1525 Υἰοῦ
686 1498 732 1525 τοῦ
747 1498 814 1525 Θεοῦ
830 1498 876 1525 τοῦ
893 1499 966 1534 ἀγα-

177 1543 312 1593 πέλσαντός
326 1552 369 1579 με,
381 1544 427 1570 καὶ
441 1544 530 1576 δόντος
541 1545 636 1593 ἑαυτδν
649 1545 724 1581 ὑπὲρ,
735 1545 819 1593 ἐμοῦ.Δ
831 1555 839 1570 ι
859 1545 965 1593 ’Ὠσπερ
977 1563 1001 1593 c

178 1586 225 1615 οὖν
242 1590 385 1624 μονονουχὶ
403 1589 452 1626 τὴν
468 1589 514 1616 τοῦ
534 1589 685 1624 σφαγέντος
703 1589 789 1625 ἀμνοῦ
810 1589 882 1624 ζωὴν
897 1589 966 1622 ἔζων

175 1635 202 1661 οἱ
217 1634 247 1667 ἑξ
265 1635 382 1670 Ἰσραὴλ,
398 1635 469 1662 οὕτω
483 1636 530 1662 καὶ
545 1636 624 1671 ἡμεῖς
635 1636 695 1671 οὐχὶ
705 1635 757 1670 τὴν
776 1636 843 1662 ίδὶαν
860 1635 900 1662 ἔτι
915 1634 966 1669 ζῶ-

179 1689 229 1715 μεν
243 1680 325 1716 ζωὴν,
348 1681 415 1708 ἀλλὰ
432 1681 481 1716 τὴν
495 1680 542 1708 τοῦ
560 1681 594 1708 δι’
609 1682 684 1717 ἡμᾶς
697 1681 880 1713 ἀποθανόντος
900 1683 968 1718 Χρι-

178 1726 243 1753 στοῦ
253 1747 260 1760 ,
277 1728 301 1753 εί
315 1727 362 1753 καὶ
376 1727 476 1754 ἀνεϐίω
490 1727 583 1754 πάλιν.
598 1727 658 1763 Ζωὴ
671 1727 725 1763 γὰρ
739 1725 772 1763 ἦν
786 1728 856 1754 κατὰ
873 1727 964 1762 φύσιν,

177 1772 215 1804 ὡς
228 1772 303 1804 Θεός.
328 1773 388 1808 Χρὴ
405 1773 495 1800 τοίνυν
521 1773 598 1809 ἡμῶν
618 1773 698 1808 ἁγίαν
717 1771 787 1801 εἶναι
806 1774 854 1810 τὴν
872 1774 962 1810 ζωήν·

177 1818 288 1854 τοιαύτη
303 1819 384 1855 γάρὴ
399 1819 529 1855 Χριστοῦ.
545 1819 736 1855 Ἀγίωςδὲζῇν
752 1820 899 1856 ᾑρημένοι,
916 1819 965 1856 τὴν

177 1865 341 1899 ἀξιάγαστον
353 1865 436 1892 αὐτοῦ
448 1865 711 1901 καταπλουτήσομεν
727 1867 829 1898 είκόνα,
846 1866 966 1901 σύμμορ-

177 1911 222 1944 φοί
238 1919 267 1937 τε
280 1911 423 1945 γεγονότες
437 1910 476 1946 τῷ
491 1911 524 1938 δι’
539 1912 612 1947 ἡμᾶς
629 1911 690 1938 καθ’
706 1913 797 1947 ἡμᾶς,
813 1912 861 1940 καὶ
878 1914 965 1940 Μονο-

177 1957 253 1989 γενεῖ
265 1956 314 1991 μὲν
327 1956 365 1988 ὼς
374 1956 443 1992 Θεῷ,
460 1957 626 1993 πρωτοτόκῳ
637 1957 665 1984 δὲ
677 1957 721 1984 διὰ
737 1959 766 1984 τὸ
781 1958 964 1994 ἀνθρώπινον,

178 2002 275 2036 ἱερεῖον
291 2001 415 2037 ἀνάθεμα
430 2001 477 2029 καὶ
494 2001 656 2038 ἀξιόληπτον
676 2004 784 2039 ἀληθῶς
800 2004 916 2040 ἐσόμεθα
927 2003 966 2040 τῷ

177 2047 237 2083 Θεῷ
252 2048 298 2074 καὶ
315 2048 411 2084 Πατρί.
434 2049 589 2083 Ἀγιάζεται
603 2050 692 2077 τοίνυν
701 2051 735 2077 τὰ
746 2050 906 2086 πρωτότοκα
919 2051 966 2078 καὶ

177 2093 328 2128 ἀρσενικὰ,
350 2094 394 2121 διά
413 2103 454 2121 τοι
477 2094 507 2121 τὸ
530 2097 559 2121 ἐν
583 2095 667 2122 εἰκόνι
693 2095 813 2122 νοεῖσθαι
834 2096 964 2130 Χριστοῦ.

178 2140 286 2176 ’Ὠσπερ
301 2140 355 2176 γὰρ
368 2141 401 2168 τὰ
413 2141 500 2177 βρέφη
514 2141 713 2178 προσεκόμιζον
725 2142 774 2177 μὲν
785 2142 813 2169 αἱ
829 2143 946 2178 μητέρες
957 2150 963 2157 ·

178 2187 305 2221 προσίετο
314 2187 341 2213 δὲ
353 2188 400 2214 καὶ
413 2188 471 2214 λίαν
484 2188 608 2223 ἀσμένως
622 2189 636 2215 ὁ
650 2188 751 2223 Κύριος
765 2188 845 2223 ἡμῶν
861 2188 966 2224 Ἰησοῦς

1016 264 1032 284 a
1050 256 1130 283 nobis
1158 254 1403 291 primogenitorum
1428 253 1679 286 consecrationem,
1703 255 1812 290 sibique

1017 302 1153 329 masculos
1165 310 1180 328 a
1192 301 1273 328 nobis
1284 299 1498 333 sanctiﬁcandos
1515 307 1576 327 esse
1595 299 1721 327 aﬂirmat.
1742 300 1811 328 Cum

1015 349 1088 375 enim
1102 347 1284 382 primogenita
1296 346 1488 382 Egyptiorum
1502 345 1649 380 periissent
1671 354 1678 372 :
1693 345 1812 372 dilectus

1016 398 1108 422 autem
1121 393 1203 421 Israel
1216 400 1265 428 per
1276 393 1372 419 domos
1388 392 1510 427 singulas
1523 391 1558 419 sit
1571 396 1708 423 servatus,
1729 395 1812 425 atque

1016 440 1135 467 evaserit
1144 440 1388 467 exterminatorem
1401 448 1408 471 ;
1424 442 1524 465 unctus
1535 437 1665 464 nimirum
1678 437 1812 471 sanguine

1015 487 1088 522 agni,
1103 487 1150 522 qui
1163 490 1221 514 erat
1243 491 1322 522 typus
1337 486 1440 514 Christi
1455 490 1568 520 propter
1595 493 1645 512 nos
1663 485 1763 512 mortui
1782 489 1812 512 ut

1016 533 1138 560 aboleret
1150 536 1283 565 mortem;
1301 531 1404 559 idcirco
1422 531 1495 558 haud
1523 530 1662 558 immerito
1684 538 1739 557 non
1760 529 1810 558 de—

1017 579 1211 613 bentamplius
1233 586 1292 606 esse
1318 578 1359 605 sui
1374 578 1446 612 juris
1461 585 1522 612 qua:
1539 582 1647 604 servata
1678 579 1760 609 sunt;
1782 580 1811 603 at

1015 625 1107 660 potius
1122 633 1172 659 par
1194 624 1277 651 fuerit
1291 632 1323 651 ea
1335 624 1451 659 posthac
1471 624 1505 650 ab
1529 631 1562 650 eo
1580 622 1726 658 possideri,
1748 626 1810 652 tan-

1015 679 1097 706 quam
1109 671 1230 706 propria,
1243 670 1289 705 qui
1303 678 1352 705 pro
1368 670 1433 705 ipsis
1450 670 1621 705 periclitatus
1632 673 1683 696 est.
1708 669 1810 702 Quem-

1014 717 1161 744 admodum
1184 717 1257 743 enim
1279 716 1325 750 qui
1340 715 1467 750 potestati
1479 715 1659 742 barbarorum
1672 713 1811 748 subjectos

1014 763 1144 794 liberant,
1159 767 1187 789 et
1199 761 1361 789 servitutem
1379 761 1446 795 ipsis
1470 768 1503 787 ex
1523 760 1673 796 improviso
1697 759 1811 794 imposi-

1016 812 1070 836 tam
1081 809 1223 843 dcpellunt
1231 814 1350 843 pugnam
1364 814 1425 834 cum
1436 806 1502 841 ipsis
1511 805 1694 839 conserendo,
1704 805 1809 832 domini

1015 854 1218 890 quodammodo
1233 862 1330 881 eorum
1342 853 1421 885 ﬁunt,
1435 857 1530 887 utpote
1542 860 1611 887 quos
1624 851 1738 887 proprio
1748 859 1810 879 san-

1015 901 1096 937 guine
1121 900 1307 935 acquisierint
1321 908 1328 926 :
1351 899 1449 926 eodem
1464 898 1558 930 modo,
1579 898 1712 930 arbitror,
1724 898 1809 925 etiam

1014 946 1140 974 Christus
1153 945 1287 973 Dominus
1298 950 1403 977 noster,
1428 944 1634 972 i‘mmundorlm
1654 944 1809 971 dmmonum

1015 992 1096 1019 turba
1121 991 1281 1027 proﬂigata,
1303 991 1470 1026 proprioque
1501 990 1633 1025 sanguine
1654 998 1704 1025 pro
1729 990 1810 1016 nobis

1015 1037 1113 1068 ell'uso,
1128 1041 1154 1064 et
1166 1041 1254 1063 morte
1268 1036 1407 1063 destructa
1422 1041 1504 1071 atque
1511 1036 1687 1071 corruptione
1695 1035 1808 1066 abolita.

1015 1091 1066 1112 nos
1079 1083 1131 1111 sibi
1146 1084 1173 1110 in
1187 1087 1328 1118 posterum
1343 1081 1510 1117 maneipavit
1524 1085 1606 1117 atque
1618 1082 1745 1117 subjecit,
1774 1089 1809 1108 ne

1016 1129 1130 1164 posthac
1143 1129 1309 1164 nobisipsis,
1325 1129 1372 1156 sed
1380 1129 1474 1163 potius
1485 1128 1510 1155 ei
1524 1128 1657 1154 vivamus.
1670 1127 1726 1154 Nisi
1735 1127 1808 1154 enim

1016 1184 1066 1211 pro
1072 1176 1152 1203 nobis
1163 1180 1236 1203 esset
1245 1180 1381 1207 mortuus,
1392 1183 1532 1210 nunquam
1541 1179 1615 1202 certe
1627 1174 1678 1209 ipsi
1687 1181 1809 1201 essemus

1016 1221 1127 1248 servati.
1153 1221 1220 1248 Item
1243 1220 1296 1248 nisi
1312 1221 1368 1256 ipse
1385 1225 1511 1248 mortuus
1533 1220 1648 1252 fuisset,
1667 1227 1807 1254 nunquam

1016 1271 1090 1294 certe
1104 1274 1174 1293 saeva
1186 1266 1283 1294 mortis
1294 1267 1415 1301 potentia
1430 1271 1503 1295 esset
1511 1269 1702 1301 conquassata.
1720 1266 1766 1293 Sic
1781 1271 1808 1293 et

1016 1312 1095 1339 divus
1107 1312 1208 1338 Paulus
1224 1319 1274 1339 nos
1289 1312 1418 1345 instituit,
1431 1312 1465 1339 iis
1477 1312 1523 1347 qui
1537 1319 1586 1346 per
1597 1311 1737 1338 Christum
1748 1319 1808 1338 ser-

1015 1359 1070 1386 vati
1083 1361 1146 1385 sunt
1168 1357 1278 1385 dicens:
1295 1367 1304 1383 (
1319 1358 1376 1393 Ego
1388 1357 1536 1386 cruciﬁxus
1543 1364 1603 1384 sum
1613 1365 1675 1384 cum
1683 1356 1806 1384 Christo:

1016 1406 1078 1433 vivo
1091 1411 1181 1433 autem
1194 1406 1251 1442 jam
1262 1413 1317 1433 non
1329 1413 1390 1441 ego,
1405 1406 1454 1433 sed
1469 1405 1536 1433 vivit
1559 1405 1586 1432 in
1602 1413 1644 1432 me
1670 1405 1806 1433 Christus.

1015 1451 1199 1485 Quod'autem
1210 1459 1285 1479 nunc
1309 1451 1372 1478 vivo
1385 1452 1411 1478 in
1427 1459 1518 1483 carne,
1548 1452 1574 1478 in
1597 1451 1650 1479 (ide
1672 1452 1734 1478 vivo
1749 1452 1808 1479 Filii

1015 1496 1075 1530 Dei,
1087 1497 1133 1532 qui
1143 1497 1240 1524 dilexit
1248 1505 1291 1524 me
1304 1497 1433 1533 deditque
1447 1498 1623 1533 semetipsum
1638 1506 1688 1533 pro
1702 1498 1781 1525 me“.
1796 1509 1804 1523 ι

1015 1541 1251 1578 Quemadmodum
1267 1544 1351 1579 igitur
1362 1544 1491 1572 Israelita:
1504 1544 1707 1579 quodammodo
1722 1544 1808 1579 ipsius

1017 1587 1198 1623 agnimactati
1213 1589 1298 1616 vitam
1310 1589 1454 1623 vixerunt;
1469 1590 1508 1616 sic
1520 1593 1548 1617 et
1559 1598 1610 1617 nos
1622 1598 1677 1617 non
1690 1590 1809 1625 amplius

1016 1633 1156 1668 propriam
1176 1634 1259 1661 vitam
1274 1634 1402 1666 vivimus,
1427 1635 1474 1662 sed
1491 1635 1575 1667 illius,
1597 1635 1644 1670 qui
1665 1643 1715 1670 pro
1728 1635 1808 1662 nobis

1016 1682 1144 1706 mortuus
1162 1683 1205 1707 est
1227 1679 1331 1707 Christi
1351 1680 1504 1716 :siquidem
1521 1685 1549 1708 et
1569 1681 1670 1709 revixit
1695 1681 1816 1710 iterum._

1015 1725 1077 1753 Vita
1090 1726 1163 1753 enim
1177 1731 1237 1754 erat
1249 1730 1345 1762 suapte
1362 1731 1471 1760 natura,
1483 1732 1614 1763 tanquam
1627 1729 1709 1756 Deus.
1722 1728 1808 1763 Opor-

1017 1775 1056 1798 tet
1071 1772 1161 1807 itaque
1185 1773 1267 1800 vitam
1284 1778 1404 1801 nostram
1427 1778 1549 1801 sanctam
1564 1782 1625 1802 esse
1648 1783 1655 1801 :
1673 1775 1815 1810 ejusmodi.

1016 1818 1089 1844 enim
1106 1818 1157 1845 fuit
1169 1819 1224 1846 vita
1236 1818 1348 1847 Christi.
1368 1819 1466 1847 Sancte
1477 1824 1568 1848 autent
1580 1820 1674 1847 vivere
1684 1821 1809 1848 volentes

1016 1862 1207 1890 admirabilem
1221 1864 1305 1899 ipsius
1315 1864 1460 1900 imaginem
1471 1873 1683 1902 consequemur,
1706 1871 1734 1894 et
1742 1875 1808 1894 con-

1017 1907 1119 1935 l'ormes
1130 1908 1194 1935 facti
1207 1909 1243 1941 ei,
1256 1910 1302 1944 qui
1320 1914 1432 1944 propter
1444 1918 1494 1938 nos
1510 1916 1540 1938 ut
1553 1919 1603 1939 nos
1613 1917 1655 1942 est
1679 1913 1807 1945 etl'eetus,

1017 1953 1178 1989 Unigenitus
1190 1954 1300 1988 quidem
1313 1959 1342 1981 ut
1357 1955 1439 1987 Deus,
1453 1956 1536 1991 278
1550 1957 1749 1992 primogenitus
1758 1967 1807 1986 au-

1017 2002 1071 2025 tem
1087 2004 1199 2034 propter
1212 2000 1360 2027 humanam
1377 2004 1516 2034 naturam,
1531 2007 1625 2029 sancta
1647 1993 1808 2039 acceptissi-

1017 2052 1116 2079 maque
1133 2045 1222 2073 hostia
1233 2046 1337 2074 erimus
1351 2047 1406 2074 Deo
1423 2047 1507 2074 Patri.
1527 2047 1739 2076 Sanctiticantur
1756 2050 1807 2077 ita-

1017 2099 1070 2126 que
1090 2092 1270 2127 primogenita
1282 2094 1443 2126 masculina,
1461 2097 1491 2121 ut
1509 2094 1535 2120 in
1560 2094 1679 2130 imgine
1706 2095 1805 2123 Christi

1017 2136 1214 2173 intelligantur.
1231 2139 1466 2172 Quemadmodum
1483 2140 1556 2167 enim
1571 2144 1670 2168 matres
1697 2142 1807 2176 quando

1018 2181 1135 2211 infantes
1152 2184 1315 2217 oﬂ‘erehant,
1329 2185 1456 2213 Christus
1476 2186 1608 2214 Dominus
1623 2191 1716 2214 noster
1727 2187 1806 2214 belli--

177 2233 311 2268 Χριστὸς,
328 2234 375 2260 καὶ
395 2235 451 2266 τοῖς
468 2234 555 2268 ἁγίοις
573 2234 792 2270 προσπεφώνηκε
812 2235 961 2270 μαθηταῖς·

1017 2239 1069 2267 gae
1092 2230 1239 2258 admodum
1264 2231 1384 2263 admisit,
1409 2231 1510 2261 sanctis
1525 2232 1668 2267 discipulis
1688 2233 1783 2260 dicens
1800 2243 1805 2259 :

180 2287 189 2303 Ι
215 2279 314 2312 Ἅφετε
330 2279 364 2306 τὰ
383 2279 487 2311 παιδία,
505 2279 552 2306 καὶ
567 2280 604 2315 μὴ
619 2279 738 2306 κωλύετε
754 2279 826 2306 αὑτά
836 2278 964 2314 ἔρχεσθαι

177 2324 244 2359 πρός
263 2332 306 2359 με·
320 2325 374 2350 τῶν
386 2324 441 2360 γὰρ
456 2324 583 2352 τοιούτων
598 2325 669 2351 ἐστὶν
682 2325 698 2360 ἡ
710 2324 834 2359 βασιλεία
848 2324 902 2351 τῶν
919 2324 964 2351 οὑ-

178 2369 278 2404 ραυῶνο
302 2379 312 2396 ι
336 2369 407 2396 οὕτω
420 2370 535 2396 κάνθάδε
553 2371 659 2406 νοήσεις
671 2378 677 2385 ·
698 2370 794 2405 ἀγαπᾷ
813 2369 843 2396 τὸ
858 2369 962 2405 πρωτό-

176 2422 255 2441 τοκον
274 2416 288 2442 ό
303 2414 367 2447 Θεὸς
385 2416 432 2442 καὶ
451 2415 554 2450 Πατὴρ,
574 2416 611 2447 ὡς
627 2417 654 2442 ὲν
669 2415 753 2442 εἰκόνι
768 2414 887 2450 Χριστοῦ
905 2415 964 2441 δια-

178 2460 293 2495 πρέπον.
312 2461 388 2488 Μόνα
405 2461 434 2488 δὲ
458 2462 597 2488 ἀπόλεκτοι
611 2461 646 2487 τὰ
661 2461 794 2496 ἀρσενικὰ
812 2461 866 2487 τῶν
885 2469 963 2496 πρω-

174 2506 305 2534 τοτόκων.
332 2507 407 2534 Ἔδει
423 2507 495 2542 γὰρ,
516 2507 569 2533 ἔδει
592 2507 726 2539 σώζεσθαι
748 2507 787 2541 τῷ
803 2506 914 2542 Χριστῷ
934 2507 964 2533 τὸ

175 2551 250 2586 αὐτῷ
263 2551 363 2588 μᾶλλον
382 2551 608 2588 πρεπωδέστατον
628 2551 743 2583 κάλλος,
763 2553 810 2578 καὶ
829 2554 885 2584 τοῖς
903 2552 963 2578 κατ’

175 2598 268 2625 εἰκόνα
284 2599 334 2634 τὴν
349 2599 417 2634 πρὸς
433 2599 514 2625 αὑτὸν
532 2599 572 2630 ὡς
584 2599 612 2625 ἐν
630 2598 695 2625 efﬁat
709 2598 762 2624 τῶν
782 2599 962 2634 πρωτοτόκων

177 2644 414 2680 μεμορφωμένοις.
431 2645 508 2671 Ἔστι
529 2645 583 2680 γὰρ
598 2645 664 2680 ὁμοῦ
677 2645 850 2680 πρωτότοκός
867 2653 896 2670 τε
917 2645 964 2672 καὶ

174 2690 273 2725 ἄρσην,
286 2691 325 2717 ὅτι
341 2691 378 2726 μὴ
390 2689 443 2728 οἵδε
459 2691 632 2726 μαλακισμὺν
650 2691 689 2722 εἰς
704 2691 851 2726 ἁμαρτίαν·
877 2691 964 2726 μαλα-

177 2736 276 2772 κισμοῦ
288 2737 316 2763 δὲ
331 2737 427 2770 τύπος,
440 2737 470 2764 τὸ
490 2737 567 2771 θῆλυ.
585 2738 629 2763 Δεῖ
641 2737 673 2772 δὴ
686 2735 731 2764 οὖν
746 2737 795 2772 τὴν
810 2737 901 2763 είκόνα
915 2746 963 2772 φο-

177 2781 290 2815 ροῦντας
304 2781 434 2817 Χριστοῦ,
450 2781 640 2817 παραιτεῖσθαι
656 2782 704 2816 μὲν
720 2782 848 2817 φρόνημα
865 2782 894 2808 τὸ
914 2782 962 2817 θη-

211 2872 232 2887 "
259 2871 336 2900 Galat
379 2882 406 2907 ιι,
442 2873 485 2907 19,
510 2873 554 2900 20.
578 2871 615 2916 ,ἥδ’
633 2871 727 2900 Matth.
746 2881 801 2908 χιι,
819 2872 862 2900 Μι

1021 2286 1030 2302 ‹
1043 2275 1129 2303 Sinite
1137 2276 1276 2310 parvulos,
1288 2284 1376 2311 neque
1388 2277 1533 2315 prohibete
1545 2286 1592 2305 eos
1602 2278 1636 2305 ad
1646 2287 1688 2306 me
1702 2279 1805 2310 venire,

1017 2323 1082 2358 quia
1112 2321 1211 2348 horum
1225 2326 1267 2349 est
1293 2330 1406 2357 regnum
1422 2323 1554 2350 cmlorum
1579 2324 1618 2356 u;
1638 2334 1646 2350 ι
1663 2325 1700 2352 ita
1720 2329 1747 2352 ct
1763 2326 1807 2353 hic

1018 2368 1165 2404 intelliges,
1181 2369 1255 2404 quod
1267 2369 1339 2398 Deus
1352 2378 1383 2398 ac
1399 2371 1480 2398 Pater
1492 2370 1588 2407 diligat
1611 2372 1805 2407 primogenita,

1019 2417 1147 2449 tanquam
1161 2414 1188 2441 in
1204 2415 1323 2450 imagine
1333 2415 1435 2443 Christi
1449 2417 1501 2443 sibi
1512 2417 1643 2445 exhibita.
1654 2418 1740 2446 Porro
1757 2420 1806 2447 soli

1019 2460 1131 2487 masculi
1146 2468 1160 2487 e
1173 2461 1362 2496 primogenitis
1383 2462 1534 2497 eliguntur.
1559 2463 1710 2498 Oportebat
1733 2466 1806 2493 enim

1017 2506 1129 2532 omnino
1142 2507 1244 2534 servari
1256 2506 1366 2534 Christo
1378 2509 1663 2537 convenientissimam
1681 2511 1732 2546 ipsi
1744 2512 1807 2546 pul-

1017 2552 1212 2583 chritudinem,
1240 2553 1322 2580 etiam
1349 2553 1377 2580 in
1402 2553 1456 2581 illis
1477 2563 1538 2590 qua:
1561 2556 1638 2591 juxta
1661 2557 1805 2593 imaginem

1018 2598 1113 2632 ipsius,
1136 2598 1221 2625 veluti
1248 2599 1276 2626 in
1306 2600 1396 2634 specie
1418 2600 1666 2637 primogenitorum
1690 2603 1805 2631 formata

1017 2647 1104 2669 erant.
1135 2643 1202 2670 Nam
1217 2644 1416 2680 primogenitus
1439 2646 1520 2674 simul
1553 2652 1595 2675 est
1619 2652 1645 2675 et
1668 2650 1806 2676 masculus

1017 2688 1152 2721 Christus,
1166 2695 1260 2724 utpote
1279 2691 1325 2726 qui
1339 2692 1442 2719 nullam
1456 2693 1597 2721 mollitiem
1608 2699 1804 2729 autpeccatum

1018 2737 1133 2764 noverit.
1151 2737 1262 2765 Femina
1276 2744 1367 2767 autem
1381 2744 1422 2767 est
1439 2744 1518 2776 typus
1531 2741 1677 2769 mollitieia
1690 2741 1805 2778 Oportet

1018 2783 1101 2818 igitur
1114 2791 1161 2810 eos
1173 2783 1219 2818 qui
1233 2783 1333 2812 Christi
1347 2785 1493 2821 imaginem
1512 2794 1567 2821 prae
1579 2794 1607 2814 se
1630 2787 1722 2814 ferunt
1743 2795 1805 2814 mu-
