1999 3056
204 158 258 186 459

716 156 744 184 S.
765 156 900 183 CYlllLLl
921 155 1154 184 ALEXLNDBINI
1175 157 1333 184 ARCHIEP.

1782 159 1845 194 tio

205 217 310 246 liebres
320 216 499 251 cogitationes
511 215 644 246 devitarc.
658 215 812 250 longevero
824 224 838 242 a
858 223 887 242 se
900 214 987 248 proﬂi-

1047 214 1197 249 λυπρεπές·
1212 213 1387 242 ἀποσείεσθαι
1397 213 1425 240 δὲ
1437 213 1506 247 λίαν,
1522 215 1560 246 ὡς
1575 215 1711 251 ἐπάρατον
1726 215 1832 253 ἀληθῶς

205 269 270 298 gare
281 261 422 288 mollitiem
434 264 515 295 atque
529 260 754 292 imbecillitatem,
782 264 875 296 utpote
896 267 990 286 revera

204 307 262 335 Deo
277 305 473 336 exsecrabilem
486 309 567 339 atque
583 304 719 337 odiosam;
737 308 762 331 at
782 304 873 338 potius
885 311 990 331 summa

205 353 289 381 animi
301 352 442 381 alacritate
454 351 685 386 contentioneque
702 351 831 377 virtutem
850 358 989 378 exercere.

209 408 218 424 ε
236 398 323 426 Omne
339 403 430 426 autem
442 397 515 433 quod
534 397 622 432 aperit
639 397 747 423 vulvam
761 397 854 429 asinae,
880 405 991 432 permu-

206 448 280 472 tatur
301 451 362 471 ove.
381 454 390 469 ι
408 443 537 476 Quaenam
548 449 614 469 vero
627 442 698 469 ratio
709 448 750 469 est
763 442 919 477 hujusmodi
933 443 992 470 rei?

205 489 273 516 Nam
287 490 381 517 asinus
402 488 553 515 secundum
571 488 658 522 legem
677 488 798 522 pollutus
816 492 858 516 est
885 493 913 516 et
939 490 991 517 im-

204 534 324 563 mundus
338 543 344 562 :
356 534 415 562 ovis
432 539 524 561 autem
536 538 578 560 est
597 533 696 560 animal
711 534 855 567 mundum,
876 533 948 562 unde
964 539 991 561 et

204 589 255 615 pro
264 581 341 607 asino
353 579 476 606 otl‘ertur.
489 578 543 606 Sed
551 579 594 605 lex
608 579 708 606 iterum
721 580 800 607 nobis
829 579 943 615 ﬁgurate
963 581 991 607 in

202 625 248 652 his
261 625 427 655 subindicat,
439 624 511 658 quod
523 623 666 658 profanum
680 632 728 658 per
739 624 879 652 Christum
893 625 991 652 redda—

204 674 249 697 tur
261 674 396 701 sanctum,
421 673 449 696 et
462 669 634 696 immundum
648 670 791 702 mundum,
804 674 831 697 et
845 671 992 705 reprobum

203 714 383 750 approbatum
396 719 602 749 acceptumque.
620 714 688 742 Cum
707 715 779 742 enim
794 723 843 742 nos
871 723 994 743 essemus

203 764 363 795 peccatores
374 764 456 794 atque
468 759 613 791 immundi,
627 759 716 787 factus
730 764 772 787 est
785 761 842 795 ipse
852 768 902 795 pro
915 760 994 788 nobis

202 805 293 832 hostia
316 809 410 833 sancta
427 810 455 833 et
476 805 503 832 in
523 805 637 833 odorem
658 805 736 833 home
750 806 916 842 fragrantia,
929 806 993 841 quia

199 855 330 880 Juortuus
346 855 389 879 est
406 860 457 886 pro
478 853 682 887 peccatoribus,
702 853 794 888 justus
810 860 860 888 pro
873 853 991 888 injustis,

1043 261 1089 287 καὶ
1105 260 1164 295 Θεῴ
1182 261 1429 294 κατεστυγημένον,
1442 260 1472 286 τὸ
1492 260 1630 295 μαλθακόν
1644 270 1672 287 τε
1689 262 1735 288 καὶ
1759 263 1832 289 ἀνει-

1044 306 1135 340 μένον,
1149 306 1196 332 καὶ
1212 305 1319 338 ἀναλκι,
1333 305 1379 332 καὶ
1393 305 1544 341 σφριγῶδες
1556 306 1671 341 ἀνέχειν·
1687 308 1732 334 καὶ
1744 308 1833 344 ἀνδρο-

1043 351 1135 386 πρεπῆ
1150 351 1303 386 προθυμίαν
1320 351 1359 381 εἰς
1375 359 1407 384 γε
1420 351 1449 377 τὸ
1465 351 1520 378 δεῖν
1536 351 1655 385 ἑλέσθαι,
1665 355 1746 388 φημὶ,
1764 362 1831 381 κατ-

1042 396 1138 431 ορθοῦν
1155 397 1268 432 ἀρετήν.
1286 406 1294 422 ι
1321 396 1493 423 Ἀλλάττεται
1518 397 1547 423 δὲ
1567 397 1694 432 προϐάτῳ
1709 399 1762 425 πᾶν
1774 399 1832 426 δια-

1043 443 1131 476 νοῖγον
1147 443 1254 478 μήτραν
1267 443 1339 470 ὄνου.
1361 452 1371 469 ι
1387 443 1442 470 Καὶ
1453 442 1494 474 τίς
1505 443 1519 469 6
1532 442 1610 477 λόγος
1623 451 1630 474 ς
1650 444 1769 479 Ἀνίερον
1783 445 1832 479 μὲν

1043 488 1098 523 γὰρ
1112 488 1157 514 καὶ
1168 487 1280 523 βέϐηλον
1296 487 1366 514 κατά
1380 488 1461 523 νόμον
1477 488 1492 523 ἠ
1508 487 1566 518 ὄνος
1577 495 1583 502 ’
1599 488 1670 523 ἱερὸν
1682 487 1709 514 δὲ
1723 488 1752 514 τὸ
1766 489 1832 524 πρό-

1044 535 1140 561 6ατον’
1157 534 1295 570 τοιγάρτοι
1313 534 1361 560 καὶ
1376 534 1446 570 ὑπὲρ
1462 533 1523 560 ὄνου
1540 533 1716 569 προσάγεται.
1737 534 1831 560 Ὑπαι-

1044 581 1165 608 νίττεται
1182 581 1210 607 δὲ
1226 580 1306 608 πάλιν
1325 581 1391 616 ἡμῖν
1408 581 1422 606 ὁ
1441 579 1522 614 νόμος
1538 581 1566 606 ὲν
1590 579 1706 612 τούτοις,
1727 580 1767 606 ὅτι
1784 581 1830 606 καὶ

1043 627 1073 653 τὸ
1090 626 1203 661 βέῦηλην
1226 626 1302 660 ἅγιον
1319 627 1346 653 ὲν
1373 625 1502 661 Χριστῷ,
1521 626 1568 652 καὶ
1591 626 1621 652 τὸ
1645 626 1760 660 ἀνίερον,
1785 626 1831 652 καὶ

1043 672 1137 706 δεκτὸν
1157 672 1190 698 δι’
1208 671 1289 698 αὑτοῦ
1311 672 1358 698 καὶ
1375 671 1405 698 τὸ
1421 671 1621 708 ἀπαράδεκτον.
1645 672 1755 707 Ἐπειδὴ
1775 671 1829 707 γὰρ

1043 715 1114 752 ἦμεν
1129 717 1286 753 ἁμαρτωλοὶ
1300 718 1346 744 καὶ
1360 717 1521 752 ἀκάθαρτοι,
1534 717 1645 751 γέγονεν
1661 718 1741 748 nam;
1760 718 1830 753 ὑπὲρ

1044 763 1122 799 ἡμῶν
1137 763 1213 797 ἅγιον
1231 763 1313 798 θῦμα,
1329 763 1375 789 καὶ
1394 763 1434 794 είς
1449 763 1536 797 ὀσμὴν
1551 762 1674 794 εὐωδίας.
1698 763 1829 790 Ἀπέθανε

1044 808 1098 843 γὰρ
1127 809 1196 844 ὑπὲρ
1217 808 1396 843 ἁμαρτωλῶν,
1413 807 1515 839 δίκαιος
1537 807 1606 842 ὑπὲρ
1625 807 1734 840 ἀδίκων,
1760 807 1829 843 ὑπὲρ

1044 854 1098 880 τῶν
1115 854 1277 889 ἀκαθάρτων
1289 855 1303 879 6
1319 853 1446 889 καθαρὸς,
1462 852 1533 880 καθά
1549 853 1595 880 καὶ
1609 853 1744 888 πρόϐατον
1759 853 1829 888 ὑπὲρ

203 898 323 925 mundus
342 905 392 933 pro
403 898 562 929 immundis,
578 899 649 926 sicut
659 904 687 926 et
699 899 758 926 ovis
777 907 826 934 pro
839 899 926 927 asino.
941 898 987 926 Re-

1043 900 1115 927 όνου.
1132 899 1284 934 Λυτροῦται
1297 899 1326 926 δὲ
1341 899 1374 926 τὰ
1386 899 1536 934 ἀνθρώπων
1547 900 1706 934 πρωτότοκα
1723 898 1828 934 δώρων,

203 943 347 970 tlimuntur
358 946 450 979 autem
463 943 606 970 hominum
620 944 811 979 primogenita,
830 949 859 971 ut
873 952 921 978 par
939 947 990 975 est.

203 989 284 1016 donis
299 989 356 1016 sive
378 989 558 1017 aestimatione
571 989 671 1017 oblata.
695 989 782 1023 Quam
807 990 842 1016 ob
862 989 993 1016 causam?

203 1035 272 1068 Quia
284 1035 357 1070 quod
369 1035 530 1070 simpliciter
537 1039 725 1063 consecratum
741 1041 783 1063 est
795 1040 823 1062 et
836 1035 991 1062 sanctiﬁca-

204 1087 262 1108 tum
274 1082 340 1115 Deo,
354 1082 381 1109 id
389 1090 470 1110 omne
487 1082 631 1117 oportebat
639 1081 783 1109 immolari.
795 1081 932 1108 Abhorret
944 1088 992 1107 au-

204 1133 259 1154 tem
270 1128 305 1155 ab
319 1128 469 1156 homicidio
482 1129 565 1160 Deus,
579 1128 626 1162 qui
638 1127 741 1154 creavit
753 1127 844 1154 omnia
863 1127 890 1153 in
902 1126 991 1153 ineor-

204 1174 342 1208 ruptione.
359 1184 368 1200 ι
383 1174 476 1208 Neque
488 1173 561 1201 enim
574 1173 678 1200 ereavit
692 1176 818 1204 mortem,
832 1179 922 1207 neque
944 1171 991 1198 de-

202 1219 320 1246 lectatur
339 1219 451 1246 interitu
464 1219 623 1250 viventium,
642 1228 650 1244 I
664 1219 735 1246 sicut
749 1218 880 1253 scriptum
903 1222 945 1245 est
956 1218 988 1244 ".

202 1265 296 1300 Neque
309 1266 373 1292 item
387 1266 535 1293 immundis
550 1266 691 1294 daemoniis
715 1266 894 1300 pereuntibus
912 1265 989 1292 lzeta-

203 1316 261 1344 tur;
278 1311 325 1338 sed
341 1311 433 1346 potius
443 1312 577 1346 pnecipit,
593 1316 622 1339 ut
634 1319 683 1347 pro
701 1312 759 1346 ipsa
778 1315 866 1338 morte
889 1319 988 1346 repen-

201 1357 299 1383 damus
308 1356 503 1391 redemptionis
518 1357 647 1391 pretium,
661 1356 743 1392 279
756 1361 837 1391 atque
853 1358 889 1383 ita
900 1357 988 1391 palam

201 1401 382 1430 conﬁteamur
399 1410 451 1429 nos
463 1403 487 1430 ei
507 1403 608 1430 debere
624 1403 694 1430 hanc
706 1404 801 1430 vitam.
818 1403 846 1430 ld
861 1403 935 1430 enim
944 1402 988 1428 iu—

200 1448 303 1476 nuebat
314 1453 342 1476 et
355 1448 525 1481 didrachma,
538 1449 610 1484 quod
621 1449 734 1484 jubebat
748 1450 859 1476 Petrum
872 1450 986 1477 solvere.

201 1493 260 1528 Ipse
273 1498 365 1521 autem
378 1494 503 1522 Christus
514 1502 609 1521 verum
622 1494 736 1529 intelligi
758 1494 840 1522 debet
867 1495 987 1529 pretium

201 1540 408 1575 redemptionis,
437 1549 486 1576 per
503 1549 583 1576 quem
610 1545 638 1568 et
654 1541 680 1568 in
706 1548 760 1576 quo
781 1542 986 1577 corruptionem
1002 1557 1022 1585 ο

199 1587 327 1619 vicimus,
349 1588 483 1622 siquidem
509 1588 685 1622 semetipsum
705 1595 755 1622 pro
774 1588 853 1615 nobis
865 1588 983 1616 dedit“.

200 1634 286 1661 Porro
294 1638 398 1668 septeni
410 1634 469 1661 dies
481 1634 519 1661 ait
530 1638 656 1668 oportere
670 1641 768 1669 agnum
781 1634 918 1669 complere
934 1634 985 1662 sub

201 1682 288 1706 matre
303 1684 419 1706 :octavo
432 1684 524 1706 autem
542 1679 586 1706 die
603 1679 712 1706 adduci.
736 1679 795 1706 Non
815 1687 889 1716 enim
904 1679 984 1707 simul

201 1732 232 1751 ac
245 1728 324 1751 natus
336 1729 408 1751 esset
419 1724 606 1757 mactabatur;
626 1725 673 1752 sed
688 1732 750 1752 cum
764 1729 890 1752 materno
916 1725 986 1752 lacte

200 1769 330 1804 paulatim
344 1770 471 1805 pinguior
482 1777 513 1798 ac
525 1770 662 1798 robustior
674 1770 761 1797 factus
777 1770 870 1802 fuerit,
892 1775 985 1805 aptum

202 1815 253 1842 sibi
268 1815 295 1841 in
313 1815 426 1842 odorem
441 1815 518 1842 bona:
526 1815 681 1851 fragrantize
703 1816 826 1843 futurum
844 1816 915 1843 Deus
937 1817 986 1844 de-

201 1861 295 1888 clarat.
310 1861 391 1895 Atqui
404 1861 455 1888 hoc
466 1861 554 1896 ipsum
561 1865 650 1896 potest
659 1869 718 1888 esse
729 1866 808 1896 typus
816 1861 854 1893 rei
867 1862 986 1897 mysticae

201 1910 281 1940 atque
291 1906 462 1938 uecessariw,
477 1914 536 1940 qua:
550 1906 576 1934 in
587 1906 660 1934 hunc
671 1914 756 1941 usque
768 1906 841 1934 diem
855 1907 985 1934 observa-

203 1954 248 1975 Iur
261 1957 276 1976 a
288 1950 376 1982 nobis,
389 1950 436 1985 qui
456 1951 596 1978 rationalia
609 1951 790 1986 primogenita
813 1951 868 1978 Deo
888 1960 985 1979 conse-

201 2003 278 2022 crare
303 1996 504 2023 consuevimus.
528 1996 668 2024 Noncnim
698 1997 830 2024 continuo
844 1997 986 2024 oderimus

202 2041 257 2068 Deo
275 2048 371 2068 recens
382 2047 503 2074 vocatos,
515 2046 543 2069 et
559 2042 671 2069 vixdum
693 2043 789 2077 primis
805 2042 868 2070 ﬁdei
882 2051 984 2078 μικρο-

201 2088 255 2122 ptis
269 2087 399 2119 imbutos,
425 2092 506 2122 atque
527 2089 648 2115 nondum
674 2088 797 2124 initiatos
816 2098 821 2115 :
845 2093 872 2116 at
892 2089 985 2124 potius

200 2131 367 2158 catechismo
380 2132 563 2164 instituentes,
581 2141 612 2160 ac
624 2133 824 2167 quodammodo
833 2134 884 2161 sub
898 2138 984 2161 matre

200 2177 314 2209 alentes,
325 2177 377 2204 hoc
391 2183 442 2210 est,
459 2179 510 2205 sub
520 2178 651 2210 Ecclesia,
664 2186 696 2206 ac
714 2179 798 2205 veluti
823 2179 892 2206 lacte
915 2188 983 2214 quo-

1043 947 1113 974 κατὰ
1122 946 1152 973 τὸ
1167 947 1250 978 εἰκὸς.
1267 946 1325 981 ἦτοι
1338 946 1448 981 τίμημα
1456 945 1510 972 τῶν
1524 944 1827 980 προσδοκιμαζομένων.

1043 993 1092 1020 Διά
1113 992 1193 1019 ποίαν
1210 991 1316 1024 αἰτίαν;
1338 991 1399 1018 Ὅτι
1416 991 1446 1017 τὸ
1465 990 1674 1025 ἀνατεθειμένον
1698 991 1766 1022 ὅλως
1783 983 1829 1017 καὶ

1041 1036 1207 1073 ἡγιασμένον
1220 1037 1258 1072 τῷ
1270 1036 1329 1070 Θεῷ
1346 1035 1530 1064 καταθύεσθαί
1544 1045 1596 1063 που
1609 1036 1693 1071 ὲχρῆν
1709 1037 1827 1068 πάντως.

1042 1085 1219 1119 Παραιτεῖται
1233 1083 1261 1109 δὲ
1278 1082 1327 1118 τὴν
1342 1082 1534 1118 ἀνδροκτονίαν
1549 1083 1563 1108 6
1577 1082 1672 1113 κτίσας
1686 1083 1714 1108 ὲν
1729 1082 1829 1118 ἀφθαρ.

1042 1129 1087 1164 σία
1099 1129 1165 1160 Θεὸς
1179 1129 1212 1155 τὰ
1226 1129 1325 1155 πάντα.
1340 1137 1354 1153 -ι
1375 1129 1413 1154 Οὐ
1428 1127 1481 1164 γὰρ
1492 1127 1620 1162 εποίησεν
1633 1127 1758 1160 θάνατον,
1769 1127 1829 1155 οὐδὲ

1042 1174 1085 1200 ἐπ’
1102 1173 1224 1209 ἀπωλείᾳ
1245 1173 1355 1206 ζώντων
1369 1172 1512 1208 τέρπεται,
1539 1181 1548 1197 ι
1571 1173 1642 1199 κατά
1659 1172 1688 1198 τὸ
1701 1181 1828 1208 γεγραμ-

1042 1220 1131 1256 μένον.
1150 1218 1218 1245 Οὔτε
1242 1219 1296 1255 μὴν
1313 1219 1342 1245 ἐν
1365 1218 1414 1253 ἴσῳ
1438 1219 1494 1250 τοῖς
1513 1218 1678 1253 ἀκαθάρτοις
1701 1218 1827 1253 δαίμοσι,

1040 1266 1095 1297 τοῖς
1112 1264 1370 1300 καταφθειρομένοις
1382 1264 1523 1299 ὲφήδεται·
1539 1265 1700 1300 προστάττει
1716 1264 1744 1290 δὲ
1761 1264 1828 1299 μᾶλ-

1039 1311 1083 1336 λον
1101 1310 1172 1345 ὑπὲρ
1189 1309 1269 1337 αὑτοῦ
1290 1309 1412 1336 καθεῖναι
1435 1309 1465 1336 τὸ
1486 1308 1602 1344 λύτρον,
1619 1309 1759 1343 μονονουχὶ
1782 1309 1828 1335 καὶ

1040 1357 1186 1392 διαρρήδην
1198 1356 1338 1392 ὁμολογεῖν
1351 1356 1389 1387 ὡς
1408 1355 1483 1391 αὑτῷ
1496 1355 1545 1390 τὴν
1562 1355 1666 1382 οἰκείαν
1682 1355 1826 1389 ὀφείλομεν

1040 1401 1122 1436 ζωήν.
1139 1400 1224 1427 Τοῦτο
1246 1400 1300 1436 γὰρ
1323 1400 1427 1427 ἐποίσει
1449 1400 1478 1426 τδ
1494 1399 1660 1435 καλούμενον
1680 1400 1828 1435 δίδραγμον

1039 1447 1173 1474 τελεῖσθαι
1186 1447 1372 1483 προστάττων.
1387 1446 1491 1482 Λύτρον
1502 1446 1529 1473 δὲ
1543 1446 1572 1472 τὺ
1584 1446 1682 1480 ἀληθὲς
1697 1447 1744 1473 καὶ
1757 1447 1828 1482 ὑπὲρ

1039 1492 1158 1525 πάντων,
1167 1492 1247 1525 αὐτὸς
1258 1493 1342 1519 νοοῖτο
1354 1492 1480 1527 Χριστὸς,
1492 1492 1523 1518 δι’
1535 1489 1575 1525 οὗ,
1593 1493 1639 1519 καὶ
1650 1493 1678 1518 ἐν
1688 1490 1708 1526 ᾧ
1720 1494 1827 1528 νενική-

1040 1547 1128 1574 καμεν
1144 1539 1193 1574 τὴν
1209 1539 1329 1574 φθοράν·
1350 1539 1450 1565 δέδωκε
1465 1538 1518 1575 γὰρ
1536 1539 1632 1566 ἑαυτὸν
1647 1539 1718 1574 ὑπὲρ
1736 1540 1825 1574 ἡμῶν.

1045 1585 1130 1612 Ἑπτὰ
1150 1584 1178 1611 δὲ
1201 1585 1256 1611 δεῖν
1276 1585 1326 1620 ἔφη
1344 1584 1464 1621 πληροῦν
1484 1586 1590 1620 ἡμέρας
1613 1586 1665 1612 ὑπὸ
1683 1586 1767 1621 μητρὶ
1782 1586 1827 1612 τὸν

1037 1630 1136 1664 ἀμνόν·
1153 1629 1385 1665 προσκομίζεσθαι
1403 1630 1431 1656 δὲ
1448 1631 1519 1657 κατὰ
1537 1630 1587 1666 τὴν
1600 1631 1704 1666 ὀγδόην.
1722 1631 1759 1657 οὐ
1772 1630 1826 1666 γάρ

1036 1684 1076 1701 τοι
1091 1675 1184 1710 τεχθὲν
1199 1677 1230 1702 ὲκ
1245 1676 1362 1711 μήτρας,
1376 1675 1456 1708 εὐθὺς
1471 1676 1672 1710 κατεσφάζετο·
1685 1676 1724 1711 τῷ
1739 1676 1767 1702 δὲ
1778 1677 1826 1710 τῆς

1037 1721 1167 1756 τεκούσης
1190 1721 1306 1754 γάλακτι
1330 1722 1523 1757 προανδρισθὲν
1535 1722 1638 1757 ἡρέμα,
1658 1722 1706 1748 καὶ
1720 1721 1826 1756 διισχυ-

1039 1776 1088 1793 σαν
1107 1767 1194 1802 βραχὺ
1208 1789 1215 1801 ,
1240 1769 1300 1794 τότε
1324 1769 1374 1804 δὴ,
1390 1769 1450 1795 τότε
1473 1770 1521 1796 καὶ
1546 1771 1586 1801 είς
1602 1769 1690 1804 ὀσμὴν
1712 1769 1825 1800 εὐωδίας

1037 1813 1194 1848 ἐπιτηδείως
1211 1814 1281 1848 ἔχειν
1293 1814 1367 1845 αὐτὸ,
1388 1815 1513 1842 διετύπου
1539 1815 1614 1846 Θεός.
1639 1815 1729 1846 Τόπος
1748 1815 1771 1841 δ’
1792 1814 1825 1840 ἇν

1037 1859 1079 1892 εἴη
1096 1858 1143 1884 καὶ
1158 1859 1217 1884 τόδε
1235 1859 1368 1894 μυστικοῦ
1388 1860 1436 1886 καὶ
1456 1861 1602 1894 ἀναγκαίου
1620 1860 1794 1895 πράγματος,
1811 1861 1825 1886 ὃ

1037 1905 1083 1931 καὶ
1104 1905 1142 1936 είς
1155 1904 1234 1938 δεῦρο
1247 1905 1396 1940 τετήρηται
1417 1906 1482 1942 παρ’
1504 1907 1571 1941 ἡμῖν
1598 1908 1654 1938 τοῖς
1676 1907 1710 1933 τὰ
1728 1906 1825 1940 λογικὰ

1037 1950 1182 1985 θρέμματα
1197 1950 1341 1987 καθιεροῦν
1358 1951 1465 1977 εἰωθόσι
1489 1951 1527 1986 τῷ
1548 1952 1658 1978 πάντων
1679 1952 1823 1986 κρατοῦντι

1035 1995 1104 2031 Θεῷ.
1131 1997 1168 2023 Οὐ
1194 1997 1247 2032 γὰρ
1265 1997 1331 2032 ὁμοῦ
1352 1998 1556 2033 κεκλημένους,
1575 1998 1622 2024 καὶ
1647 1999 1686 2029 εἰς
1714 1998 1762 2029 τας
1777 1997 1822 2024 τοῦ

1036 2042 1172 2068 πιστεύειν
1183 2043 1268 2078 ἀρχὰς
1281 2043 1473 2077 ἐκϐεϐηκότας,
1486 2044 1533 2069 καὶ
1541 2044 1682 2079 ἀμυήτους
1693 2043 1732 2069 ἔτι
1743 2051 1824 2078 προσ-

1036 2087 1184 2122 κομίζομεν
1206 2088 1238 2122 τῇ
1263 2087 1322 2123 Θείᾳ
1339 2096 1367 2114 τε
1392 2087 1440 2114 καὶ
1459 2087 1621 2122 ἀναιμάκτῳ
1645 2087 1743 2122 θυσίᾳ·
1760 2095 1823 2122 προ-

1036 2133 1217 2168 κατηχοῦντες
1231 2133 1259 2159 δὲ
1277 2133 1386 2168 μᾶλλον,
1408 2133 1549 2168 μονονουχὶ
1564 2132 1592 2158 δὲ
1609 2133 1655 2158 καὶ
1672 2132 1722 2159 ὑπὸ
1739 2132 1822 2168 μητρὶ

1035 2179 1192 2213 τρέχοντες,
1216 2179 1358 2211 τουτέστι,
1380 2181 1412 2215 τῇ
1436 2179 1585 2215 Ἐκκλησία
1599 2200 1605 2212 ,
1621 2179 1667 2205 καὶ
1689 2176 1745 2205 οἷόν
1769 2186 1821 2205 τινι

199 2224 260 2250 dam
284 2223 433 2251 infantibus
461 2229 534 2259 apto,
558 2229 585 2251 et
599 2224 698 2251 tenello
721 2225 805 2252 verbo
826 2225 983 2260 pinguiores

1038 2224 1149 2257 γάλακτι
1171 2226 1355 2261 νηπιοπρεπεῖ
1376 2225 1423 2252 καὶ
1446 2225 1573 2261 τρυφερῷ
1597 2225 1821 2257 κατακαίνοντες

200 2270 356 2296 rcddenles.
371 2270 439 2297 Hinc
457 2274 484 2297 et
498 2270 597 2298 Paulus
610 2271 643 2297 iis
663 2271 709 2305 qui
724 2271 844 2298 nondum
863 2272 984 2306 perfecto

199 2321 263 2342 sunt
275 2316 368 2343 habitu
386 2317 481 2344 scribit
494 2326 499 2342 :
517 2326 525 2341 ‹
542 2316 631 2343 Laetis
651 2322 744 2351 potuln
757 2317 834 2345 vobis
845 2317 918 2350 dedi,
928 2327 983 2346 non

197 2369 299 2388 eseam.
313 2361 439 2388 Nondum
448 2362 519 2389 enim
529 2363 669 2396 poteratis,
683 2363 730 2389 sed
743 2371 776 2390 ne
788 2371 860 2390 nunc
871 2364 981 2398 quidem

199 2408 314 2441 potestis
331 2408 372 2434 ιν.
395 2418 403 2433 ι
419 2408 538 2435 Rursum
552 2407 577 2434 in
590 2408 642 2435 alia
653 2409 764 2443 epistola
784 2418 789 2435 :
808 2419 816 2435 ι
830 2409 923 2436 Omnis
935 2411 981 2444 qui

198 2454 334 2488 particeps
346 2459 388 2480 est
400 2454 488 2484 lactis,
502 2453 645 2488 imperitus
662 2458 704 2481 est
716 2455 849 2482 sermonis
857 2456 980 2490 justitiaz.

199 2496 288 2524 Infans
299 2497 372 2524 enim
386 2502 436 2524 est.
450 2497 636 2525 Perlectorum
656 2504 745 2526 autem
759 2505 800 2527 est
820 2501 923 2528 solidus
942 2502 981 2528 υἰ-

199 2543 260 2573 lms,
273 2543 320 2577 qui
336 2551 385 2576 per
403 2544 628 2571 consuetudinem
646 2545 747 2572 habent
767 2554 862 2574 sensus
881 2548 980 2574 contir-

198 2594 286 2615 matos
298 2589 332 2616 ad
344 2588 538 2616 discretionem
551 2589 614 2617 boni
634 2599 664 2617 ac
679 2591 741 2618 mali
754 2592 786 2618 “.
803 2602 810 2617 ι
831 2593 908 2620 Viros
929 2594 979 2628 igi-

199 2639 243 2662 tur
256 2635 350 2667 l'actos,
366 2642 398 2661 ac
422 2634 491 2661 bene
522 2635 548 2661 in
568 2637 710 2671 prreceptis
721 2636 881 2664 Christianae
903 2638 980 2664 insti-

197 2680 313 2706 tutionis
337 2679 472 2706 enutritos
496 2679 656 2708 adducimus
676 2686 772 2708 oetam
787 2682 841 2713 die,
855 2682 905 2709 hoc
926 2687 977 2714 est,

197 2723 243 2750 illo
255 2727 376 2758 tempore
408 2724 434 2750 in
449 2732 502 2758 quo
536 2730 613 2752 erant
627 2726 754 2758 infantes,
771 2727 874 2761 elapso,
886 2732 911 2753 et
923 2728 976 2761 jam

196 2769 379 2800 alioineunte.
391 2770 478 2805 inquo
491 2770 590 2798 Christi
603 2771 764 2807 mysterium
774 2772 825 2798 illis
838 2773 978 2800 conmile

233 2858 254 2874 "
273 2858 334 2894 Sap.
352 2869 370 2892 ι,
390 2860 420 2887 l5

470 2863 489 2875 “
507 2861 611 2895 l‘hllipp
639 2870 666 2893 ιι,
690 2862 713 2887 7.
806 2862 813 2888 I
831 2864 882 2889 (Zur
912 2872 949 2891 με,
970 2863 995 2888 Ξ.

1038 2270 1118 2305 λόγῳ.
1136 2271 1190 2297 Καὶ
1209 2271 1274 2304 γοῦν
1293 2272 1308 2297 ό
1327 2271 1468 2302 θεσπέσιος
1489 2271 1594 2302 Παῦλος
1615 2272 1668 2301 τοῖς
1682 2270 1758 2297 οὔπω
1773 2271 1821 2306 τὴν

1036 2314 1092 2347 ἕξιν
1105 2315 1216 2347 τελείοις
1227 2315 1378 2342 ἐπιστέλλει
1391 2315 1487 2350 λέγων·
1503 2325 1512 2340 ι
1527 2315 1600 2342 Γάλα
1613 2316 1685 2349 ὑμᾶς
1698 2314 1818 2346 ἐπότισα,

1037 2362 1082 2388 καὶ
1099 2362 1128 2388 οὺ
1155 2361 1261 2396 βρῶμα.
1280 2360 1363 2388 Οΰπω
1379 2361 1432 2396 γὰρ
1447 2360 1598 2396 ἠδύνασθε,
1624 2361 1680 2387 ἀλλ’
1703 2360 1762 2386 οὐδὲ
1781 2361 1820 2386 ἔτι

1035 2407 1081 2433 νῦν
1096 2408 1238 2435 δύνασθε.»
1258 2408 1311 2434 Καὶ
1327 2407 1406 2434 πάλιν
1424 2409 1451 2434 ὲν
1465 2407 1545 2442 ἑτέρᾳ
1565 2406 1725 2442 Ἐπιστολῇ·
1738 2415 1747 2430 ι
1764 2407 1821 2436 Πᾶς

1032 2453 1085 2488 γὰρ
1101 2455 1114 2479 ὁ
1130 2453 1250 2488 μετέχων
1263 2453 1406 2487 γάλακτος,
1421 2453 1533 2488 ἄπειρος
1547 2452 1626 2486 λόγου
1637 2451 1818 2486 δικαιοσύνης.

1031 2498 1137 2533 Νὴπιος
1155 2499 1209 2534 γάρ
1225 2500 1292 2526 ἐστι.
1308 2499 1424 2524 Τελείων
1437 2498 1464 2525 δέ
1481 2500 1553 2524 ἐστιν
1572 2499 1588 2532 ὴ
1603 2497 1700 2532 στερεὰ
1720 2497 1817 2532 τροφὴ.

1030 2545 1085 2572 τῶν
1100 2545 1143 2571 διὰ
1160 2545 1208 2580 τὴν
1221 2544 1277 2577 ἕξιν
1292 2544 1324 2571 τὰ
1340 2544 1505 2580 αἰσθητήρια
1519 2545 1733 2580 γεγυμνασμένα
1748 2545 1819 2578 ἐχόν-

1029 2600 1084 2617 των
1094 2591 1159 2626 πρὸς
1167 2590 1301 2626 διάκρισιν
1311 2590 1392 2616 καλοῦ
1399 2599 1429 2616 τε
1439 2591 1486 2616 καὶ
1494 2590 1590 2617 κακοῦ.
1601 2600 1609 2615 ι
1627 2590 1700 2625 Ἀνδρ
1707 2590 1819 2620 υθέντας

1033 2637 1064 2672 δὴ
1081 2634 1127 2663 οὖν
1143 2636 1190 2662 καὶ
1203 2636 1407 2672 τεθραμμένους
1418 2634 1447 2662 εὖ
1462 2635 1534 2670 μάλα
1548 2637 1603 2667 τοῖς
1614 2636 1653 2667 εἰς
1666 2635 1818 2670 κατήχησιν

1033 2683 1120 2717 λόγοις
1131 2683 1305 2718 προσάγομεν
1316 2682 1386 2709 κατὰ
1396 2682 1444 2717 τὴν
1453 2682 1559 2717 ὀγδόην,
1576 2682 1698 2708 τουτέστι
1714 2689 1818 2717 παριπ-

1034 2729 1183 2759 πεύσαντος
1198 2728 1243 2754 τοῦ
1257 2727 1352 2763 καιροῦ
1365 2727 1424 2754 καθ’
1437 2728 1466 2754 ὃν
1478 2725 1547 2762 ἦσαν
1560 2728 1588 2754 ὲν
1601 2726 1755 2762 νηπιότητι,
1770 2725 1820 2752 καὶ

1032 2774 1122 2800 λοιπον
1139 2773 1230 2810 ἑτέρου
1256 2775 1313 2808 μετ’
1328 2775 1432 2800 ἐκεῖνον
1450 2773 1642 2805 εέτὸαίνοντος,
1666 2771 1727 2799 καθ’
1741 2771 1775 2797 δν
1788 2771 1819 2798 τὺ

1035 2865 1053 2878 δ’
1072 2864 1146 2890 Ηρῗντ
1177 2874 1201 2896 γ,
1223 2865 1262 2896 13,
1282 2864 1321 2891 Η,
