1999 3056
166 165 215 193 ΙΗ

671 162 930 190 GLAPHYRORUM
953 163 985 190 ΚΝ
1005 163 1144 191 EXODUM
1166 165 1229 191 LIB.
1251 165 1281 191 Π.

1738 170 1791 198 ΗΞ

165 223 212 250 τοῦ
231 222 349 258 Χριστοῦ
366 221 514 257 μυστήριον
532 220 725 257 παρσ[τε]οείη
745 231 786 253 τις
801 222 834 248 ἂν
854 222 948 253 αὐτοῖς

1003 224 1135 250 committi
1151 225 1246 259 possit.
1257 225 1375 251 Octavus
1391 224 1463 252 enim
1491 225 1550 253 dies
1567 227 1700 262 signiﬁcat
1711 229 1792 256 nobis

166 269 212 295 ἐπὶ
223 267 318 303 καιροῦ
336 268 382 294 καὶ
402 267 571 302 πρεπόντως.
588 267 797 302 Κατασημαίνει
810 267 865 302 γὰρ
886 268 952 302 ἡμῖν

165 316 182 350 ὴ
199 315 277 349 ὀγδόη
300 312 345 339 τὸν
367 313 417 348 τῆς
435 313 610 344 ἀναστάσεως
632 313 737 348 καιρὸν,
753 313 797 339 ὅτε
818 313 863 339 τὸν
883 313 953 348 ὑπὲρ

166 361 244 398 ἡμῶν
261 360 411 394 ὑπομείνας
433 359 563 390 θάνατον,
586 358 685 385 ἀνεϐίω
701 359 827 394 Χριστὸς,
883 367 953 394 συμ-

168 406 346 443 μορφούμεθα
369 405 472 440 νοητῶς
496 405 714 440 ἀποθνήσκοντες
742 405 786 432 διὰ
807 405 852 431 τοῦ
874 405 952 439 ἁγίου

167 453 355 488 βαπτίσματος
369 472 375 483 ,
405 451 449 477 ἴνα
469 452 518 477 καὶ
541 452 592 484 τῆς
617 451 791 483 ἀναστάσεως
815 451 951 487 τύχωμεν.

167 498 336 526 Πιστώσεται
354 498 382 524 δὲ
400 497 447 524 καὶ
462 498 475 523 6
490 497 595 529 Παῦλος
614 497 728 532 γράφων
741 506 747 513 ·
769 507 778 523 ‹
797 498 953 533 Συνετάφη-

168 554 219 580 μεν
235 546 288 579 γὰρ
302 544 377 579 αὐτῷ
389 544 433 570 διὰ
445 543 491 569 τοῦ
507 543 694 578 βαπτίσματος
707 545 747 575 είς
766 543 811 570 τὸν
826 543 951 575 θάνατον,

166 587 211 614 ἶνα
227 588 321 623 ὥσπερ
338 587 443 622 ὴγέροη
461 587 578 622 Χριστὸς
590 588 622 613 ἐκ
636 588 740 623 νεκρῶν
756 588 800 614 διὰ
811 588 860 622 τῆς
873 588 953 621 δόξης

165 633 212 659 τοῦ
228 633 343 667 Πατρὸς,
361 631 432 658 οὕτω
448 632 495 658 καὶ
506 633 585 666 ἡμεῖς
600 633 627 658 ἐν
641 632 778 667 καινότητι
791 632 862 667 ζωῆς
874 641 952 667 περι-

166 680 344 714 πατήσωμεν.
359 688 367 704 ι
389 679 606 713 ’Λνατικτόμενοι
618 678 707 705 τοίνυν
720 678 764 704 διὰ
774 678 823 713 τῆς
835 679 953 710 πίστεως

165 727 205 757 είς
223 725 367 759 ἐπίγνωσιν
384 724 524 759 ἀληθείας,
543 724 590 750 καὶ
611 724 786 759 συμμορψίαν
802 724 852 759 ¹ἤδη
868 725 951 750 πλου-

164 773 298 806 τήσαντες
312 771 361 806 τὴν
371 770 438 806 πρὸς
454 770 498 796 τὸν
511 770 612 804 Κύριον
628 769 706 803 ἡμῶν
722 769 825 805 Ἰησοῦν
837 769 953 805 Χριστὸν

165 817 211 843 τὸν
223 817 256 843 δι’
272 817 344 851 ἡμᾶς
365 825 394 842 τε
411 816 457 842 καὶ
471 816 499 842 ἐν
521 816 586 850 ἡμῖν
602 815 791 850 πρωτότοκον·
808 813 867 841 εἶτα
881 815 953 849 λογι-

166 862 213 888 κόν
228 870 257 888 τε
281 862 328 888 καὶ
349 861 441 888 ἄδολον
462 861 618 892 ἐκπίνοντες
643 860 731 894 γάλα,
753 869 762 885 ι
786 861 826 892 εἰς
849 860 950 895 μέτρον

1005 271 1112 302 tempus
1139 268 1367 300 resurrectionis,
1394 276 1455 295 cum
1487 268 1613 298 Christus
1634 280 1686 306 pro
1710 272 1792 300 nobis

1005 318 1120 340 mortem
1141 321 1238 348 passus
1263 314 1371 346 revixit,
1398 314 1442 341 cui
1477 315 1659 349 spiritualiter
1683 317 1792 344 confor—

1004 365 1110 384 mamur
1121 358 1269 385 morientes
1279 366 1327 392 per
1340 363 1463 386 sanctum
1477 359 1653 394 baptismum,
1668 365 1698 387 ut
1707 365 1735 388 et
1750 369 1792 388 re-

1001 404 1180 431 surrectionis
1210 409 1352 432 consortes
1378 405 1538 432 efﬁciamur.
1564 406 1621 434 Hoc
1647 407 1792 434 conﬁrmat

1003 450 1103 477 Paulus
1120 450 1156 477 ita
1167 450 1306 477 scribens:
1330 460 1338 475 ε
1351 450 1510 485 Consepulti
1523 451 1606 486 igitur
1631 452 1682 487 ipsi
1697 460 1792 479 sumus

1002 503 1052 530 per
1063 496 1228 530 baptismum
1239 496 1267 522 in
1281 500 1407 528 mortem,
1424 501 1454 523 ut
1468 497 1699 531 quemadmodum
1710 497 1791 525 Chri-

1003 546 1061 568 stus
1069 542 1203 568 excitatus
1217 546 1258 571 est
1273 549 1306 568 ex
1323 542 1449 574 mortuis,
1473 551 1523 577 per
1543 543 1657 578 gloriam
1681 544 1789 576 Patris;

1004 588 1040 614 ita
1063 591 1090 613 et
1111 594 1161 614 nos
1180 587 1206 613 in
1229 588 1350 614 novitate
1373 588 1487 622 spiritus
1516 589 1689 616 ambulemus
1715 589 1748 616 ⁸⁸.
1778 600 1787 615 ι

1002 634 1174 668 Quapropter
1186 641 1247 660 cum
1260 641 1438 672 renascamur
1448 643 1498 669 per
1511 635 1591 662 ﬁdem
1605 636 1633 663 in
1656 636 1791 671 cognitio-

1003 687 1066 706 nem
1081 678 1214 709 veritatis,
1229 679 1312 713 280
1320 683 1347 705 et
1359 680 1414 714 jam
1428 679 1514 707 simus
1530 680 1651 715 insigniti
1674 681 1792 715 imagine

1004 723 1112 750 Domini
1125 724 1211 750 nostri
1219 724 1283 750 Jesu
1295 723 1407 753 Christi.
1415 725 1461 759 qui
1472 729 1581 759 propter
1590 733 1649 756 nos,
1662 726 1733 752 inter
1743 734 1792 753 nos

1003 769 1092 796 factus
1102 773 1143 796 est
1156 770 1354 804 primogenitus
1368 779 1374 796 ε
1388 778 1419 797 ac
1431 770 1529 797 deinde
1542 771 1675 798 rationale
1694 775 1722 798 et
1734 772 1791 798 sin-

1005 814 1323 846 cerumlacbibcrimus,
1341 824 1349 840 ι
1374 815 1635 850 pervenerimusque
1660 816 1687 842 in
1713 824 1790 843 men—

1005 868 1097 888 suram
1106 861 1193 887 aetatis
1199 861 1378 894 plenitudinis
1388 862 1457 896 ejus,
1468 871 1477 887 )
1489 861 1561 889 sicut
1569 862 1700 897 scriptum
1706 867 1749 890 est
1757 863 1790 895 ‘7;

165 907 271 942 ἡλικίας
287 907 476 938 ἀναϐαίνοντες
492 907 539 933 τοῦ
553 906 735 941 πληρώματος
748 906 842 938 αὐτοῦ,
857 915 866 932 ι
880 906 950 932 κατὰ

1006 910 1081 937 tunc,
1097 910 1172 937 tunc,
1186 906 1308 940 inquam,
1322 906 1453 941 deinceps
1476 915 1571 934 omnes
1595 907 1679 935 futuri
1698 916 1794 936 sumus

164 954 195 979 τὸ
209 952 400 988 γεγραμμένον
412 972 419 984 ,
437 951 498 978 τότε
511 951 553 986 δὴ,
569 951 630 977 τότε
652 950 750 977 λοιπὸν
765 951 832 985 ἱεροὶ
850 951 951 982 πάντες

163 999 292 1034 ἐσόμεθα,
309 999 354 1025 καὶ
370 999 410 1029 εἰς
431 997 559 1032 ἀνάθημα
574 997 612 1032 τῷ
626 997 703 1032 Θεῷ’
724 998 771 1023 καὶ
791 997 886 1032 κόσμῳ
902 998 950 1032 μὲν

164 1044 391 1079 ἀποθνήσκοντες,
406 1043 508 1078 νοητῶς
524 1044 551 1070 δὲ
565 1043 625 1078 Θεῷ
640 1043 740 1075 ζῶντες
754 1043 849 1076 ἀγίως.
866 1043 951 1069 Τοῦτο

164 1093 228 1126 γὰρ,
245 1088 330 1125 οἶμαι,
341 1089 400 1116 ἐστὶ
419 1091 449 1116 τὺ
464 1090 527 1125 παρ⁹
544 1089 619 1124 αὐτῷ
634 1088 784 1123 σφάζεσθαι
800 1088 838 1123 τῷ
856 1088 951 1115 ουσια-

165 1137 269 1171 στηρίῳ
281 1136 334 1162 τῶν
354 1135 460 1170 κτηνῶν
477 1136 510 1161 τὰ
526 1135 696 1169 πρωτότοκα,
718 1135 821 1170 Γράφει
834 1134 862 1161 δὲ
879 1135 924 1161 καὶ
937 1134 951 1160 6

164 1182 307 1214 θεσπέσιος
328 1181 431 1212 Παῦλος
445 1182 501 1213 τοῖς
525 1181 596 1207 οὕτω
628 1180 804 1216 ἡγιασμένοις
817 1188 824 1193 ·
846 1190 854 1205 ι
885 1180 950 1206 ’Λπ-

163 1227 274 1254 eiii-Iste
284 1228 349 1262 γὰρ,
359 1227 406 1253 καὶ
421 1227 437 1262 ἡ
450 1227 506 1262 ζωὴ
518 1226 595 1261 ὑμῶν
610 1227 764 1261 κέκρυπται
781 1226 828 1254 σὺν
840 1224 950 1261 Χριστῷ

164 1273 192 1298 ἐν
209 1272 248 1307 τῷ
263 1272 331 1307 Θεῷ.
353 1282 362 1298 ι
388 1271 469 1307 Ἰερὸς
483 1269 529 1298 οὖν
547 1271 601 1306 ἄρα
617 1270 671 1297 τῶν
685 1270 769 1304 ἁγίων
785 1271 799 1297 6
814 1270 929 1301 θάνατος
943 1290 949 1303 ,

164 1319 212 1345 καί
228 1318 272 1353 μοί
285 1327 309 1345 τι
330 1317 449 1344 τοιοῦτον
460 1318 474 1344 6
490 1318 624 1353 μακάριος
643 1316 724 1343 Δαόὶδ
739 1315 891 1350 ἀναϐλέψαι
905 1315 950 1341 6o-

164 1365 223 1390 va'
238 1373 247 1389 ι
266 1363 361 1398 Τίμιος
374 1363 438 1398 γὰρ,
453 1363 546 1398 φησὶν,
560 1363 679 1389 ἐναντίον
695 1361 797 1397 Κυρίου
810 1362 824 1387 6
836 1361 949 1392 θάνατος

162 1411 218 1436 τῶν
229 1410 308 1436 ὁσίων
323 1409 416 1436 αὑτοῦ.
442 1419 451 1435 ›
469 1409 571 1444 Πρέποι
584 1409 606 1435 δ’
623 1409 666 1440 ἂν,
680 1408 805 1443 καθάπερ
829 1404 948 1442 ἐγῷμαι,

163 1455 218 1481 τῶν
231 1455 333 1490 ἀρτίως
346 1456 412 1490 ἡμῖν
429 1455 489 1490 είρη
496 1455 585 1489 μένων
603 1454 713 1481 ἐννοιῶν
728 1455 742 1480 ὁ
757 1454 869 1489 τρόπος,
890 1452 950 1487 οὐχ).

162 1502 248 1536 δήπου
267 1501 347 1536 μόνον
369 1501 425 1532 τοῖς
445 1500 474 1533 ἐξ
495 1500 579 1527 ἐθνῶν
599 1499 812 1535 ἐπιστρέφουσιν
836 1499 876 1530 εἰς
900 1498 949 1533 τὴν

163 1546 212 1581 τῆς
231 1545 358 1581 ἀληθείας
372 1545 529 1579 ἐπίγνωσιν,
546 1544 614 1571 ἀλλά
627 1546 675 1571 καὶ
696 1544 737 1570 δτι
761 1544 880 1579 μάλιστα
894 1544 949 1573 τοῖς

163 1579 196 1619 ἐκ
210 1579 324 1627 νομικῆς
338 1591 515 1626 κεκλημένοις
530 1590 657 1626 λατρείας
669 1610 675 1621 ,
694 1590 762 1624 προς
777 1589 824 1624 τὴν
838 1590 866 1614 ἐν
883 1589 949 1623 Χρι-
963 1579 983 1607 C

165 1638 221 1673 στῴ
234 1638 373 1665 δικαίωσιν
387 1638 433 1665 καὶ
449 1637 583 1672 ἁγιασμὺν
596 1637 641 1662 τὸν
658 1637 687 1662 ὲν
700 1635 848 1670 Πνεύματι.
858 1634 950 1668 Ἐτρέ-

163 1694 231 1720 φετο
250 1685 297 1718 μὲν
314 1684 367 1719 γὰρ
381 1685 394 1710 ὁ
409 1683 505 1717 ἀμνὸς,
522 1683 580 1717 ἦτοι
591 1682 620 1709 τὸ
637 1680 783 1717 μοσχάριον
800 1679 869 1706 ἑπτὰ
882 1679 950 1714 ὴμέ-

165 1739 215 1766 ρας
230 1730 281 1756 ὑπὸ
295 1730 342 1764 τὴν
359 1729 464 1764 μητέρα
477 1737 482 1742 ·
499 1728 653 1763 προσήγετο
667 1727 694 1752 δέ
705 1726 775 1752 κατὰ
785 1726 833 1761 τὴν
841 1725 948 1760 ὀγδόην,

164 1775 380 1810 αἰνιγματωδῶς,
396 1772 546 1809 οἷμαί,που,
559 1772 780 1807 παραδηλοῦντος
794 1770 860 1797 Θεοῦ
876 1770 951 1805 (σκιὰ

165 1823 219 1857 γὰρ
239 1823 252 1848 6
265 1821 356 1856 νόμος)
371 1840 377 1851 .
388 1821 425 1852 ὡς
443 1818 476 1855 ἦν
493 1820 644 1853 ἀναγκαῖον
660 1816 950 1854 προπαιδαγωγεῖσθαι

164 1867 207 1894 διὰ
220 1866 322 1898 τύπων,
337 1866 384 1892 καὶ
398 1867 478 1891 οἱονεὶ
496 1873 509 1900 ι,
523 1864 653 1899 ιοήμασιν
673 1864 728 1895 τοῖς
741 1863 771 1889 οὺ
786 1862 845 1888 λίαν
857 1861 951 1896 ἀνδρο-

165 1912 377 1949 πρεπεστέροις,
398 1910 595 1946 νηπιοπρεπτέσι
611 1910 638 1936 δὲ
654 1909 765 1944 μᾶλλον,
785 1909 848 1940 τοὺς
863 1908 952 1942 ἱεροὺς

165 1958 311 1992 ἐσομένους
323 1979 329 1988 ,
343 1957 389 1983 καὶ
405 1957 444 1988 είς
456 1956 542 1991 ὀσμὴν
555 1955 667 1986 εὐωδίας
680 1953 952 1989 ἀνακομισθήσεσθαι

167 2004 312 2040 μέλλοντας
331 2003 369 2037 τῷ
386 2002 456 2037 Θεῷ.
479 2002 581 2037 Καιρὺς
597 2001 624 2027 δὲ
640 2002 653 2027 6
677 1999 792 2034 μάλιστα
809 2000 843 2034 τῇ
862 1998 952 2034 τοιᾷδε

165 2050 303 2076 τελειώσει
321 2049 433 2084 πρέπων
449 2048 478 2074 τὸ
499 2047 616 2083 Χριστοῦ
635 2047 793 2082 μυστήριον,
814 2045 827 2071 ὃ
842 2045 885 2071 διὰ
903 2045 953 2079 τῇς

165 2096 261 2131 ὀγδόης
276 2095 450 2130 σημαίνεται.
470 2093 630 2128 ’Δπρόσιτος
649 2090 695 2119 οὖν
715 2092 760 2118 διὰ
772 2092 890 2127 νομικῆς
903 2091 952 2117 λα-

165 2142 258 2177 τρείας
274 2141 288 2166 ὁ
299 2141 376 2171 Θεὸς,
392 2140 518 2174 προσιτδς
532 2139 552 2165 δ’
566 2138 598 2165 ἂν
612 2139 716 2172 γένοιτο
731 2137 774 2163 διὰ
793 2137 873 2172 μόνου
886 2137 954 2172 Χρι-

167 2188 242 2215 στοῦ.
260 2187 298 2213 Δι’
311 2185 392 2212 αὑτοῦ
407 2185 462 2220 γὰρ
474 2185 523 2220 τὴν
535 2183 718 2220 προσαγωγὴν
731 2184 901 2219 ἐσχήκαμεν,
916 2183 954 2214 ὡς

168 2233 228 2268 μεθ’
248 2231 355 2267 ἡμέραν
372 2230 499 2265 ἑϐδόμην,
515 2230 649 2261 τουτέστι,
666 2228 888 2263 παρεληλακότος
903 2228 953 2263 ήδη

167 2278 213 2305 τοῦ
239 2277 310 2304 κατὰ
330 2277 411 2311 νόμον
432 2275 634 2311 σαίσατισμοῦ,
659 2275 718 2310 ἦτοι
740 2273 884 2301 καθολικοῦ
908 2274 954 2300 καὶ

167 2323 298 2359 γενικωτέ
304 2331 349 2358 ρου
361 2322 398 2353 ὼς
410 2324 442 2349 ἐκ
458 2322 569 2358 μέρους,
580 2321 629 2356 τῆς
641 2321 712 2347 κατὰ
723 2320 804 2355 νόμον
815 2319 954 2354 λατρείας.

166 2369 332 2396 Τετελείωκε
343 2368 396 2404 γὰρ
412 2369 426 2394 ὁ
436 2368 518 2403 νόμος
528 2367 602 2394 οὐδέν
614 2374 621 2381 ⁸
638 2367 769 2402 ἀναφέρει
780 2366 807 2392 δὲ
823 2366 862 2397 εἰς
875 2364 954 2392 τοῦτο

166 2415 299 2450 Χριστός·
320 2413 408 2448 ἄρτιοι
424 2413 478 2448 γὰρ
496 2413 535 2444 εἰς
553 2411 653 2447 ἀρετὴν
675 2412 700 2437 οἱ
720 2409 933 2440 πεπιστευκότες
945 2429 952 2442 ,

168 2461 216 2488 καὶ
229 2461 259 2487 τὸ
273 2460 374 2486 τέλειον
392 2459 499 2495 ἔχοντες
515 2460 543 2484 ἐν
562 2458 661 2492 γνώσει
680 2457 724 2483 διὰ
739 2455 858 2492 Χριστοῦ
872 2463 878 2470 ⁸
893 2454 956 2481 νοῦν

167 2506 222 2540 γὰρ
236 2506 333 2540 ἔχομεν
344 2505 388 2531 τὸν
401 2504 494 2535 αὑτοῦ,
516 2504 561 2530 καὶ
576 2503 610 2529 δι’
621 2503 702 2529 αὑτοῦ
715 2511 743 2528 τε
762 2502 808 2528 καὶ
821 2502 868 2528 σὺν
883 2500 957 2535 αὑτῴ

166 2551 207 2585 τῷ
222 2551 282 2585 Θεῷ
308 2551 355 2577 καὶ
378 2550 466 2584 Πατρὶ
488 2549 537 2575 σὺν
559 2549 628 2584 ἁγίῳ
648 2548 787 2583 Πνεύματι
807 2549 823 2583 ἡ
840 2547 902 2580 δόξα
919 2548 957 2578 εἰς

167 2601 232 2629 τοὺς
243 2596 343 2628 αίὼνας
357 2598 410 2623 τῶν
426 2596 541 2624 αἰώνων.
563 2596 659 2631 Ἀμήν.

168 2654 238 2689 Περὶ
257 2653 389 2688 Μερῤιῖς,
406 2655 453 2680 καὶ
481 2654 531 2680 τοῦ
557 2653 651 2685 ξύλου
675 2652 956 2689 τοῦμπίιραδειχθέν-

378 2697 430 2721 τος
445 2689 484 2721 τῷ
498 2689 630 2723 μακαρίῳ
644 2687 745 2721 Μωσῇ.

202 2739 237 2762 α’.
270 2735 325 2770 Τῆς
354 2734 407 2761 τῶν
430 2735 585 2769 Αἰγυπτίων
613 2735 774 2770 ἀπαίροντες
802 2735 851 2768 γῆς
877 2734 901 2759 οἱ
929 2733 958 2765 ἐξ

173 2781 292 2818 Ἰσραὴλ,
311 2781 415 2808 καὶτὸν
431 2781 550 2816 δυσαχθῆ
565 2781 613 2815 τῆς
627 2780 747 2812 δουλείας
763 2780 843 2813 ζυγὸν
859 2780 957 2805 ἀποδυ-

205 2873 228 2889 “
241 2873 322 2900 Ιιοιη.
339 2873 412 2907 νιξιί,
423 2873 447 2900 ὅ.

972 2252 992 2279 l)

488 2872 508 2888 ‘7
520 2872 620 2907 Ephes.
635 2881 668 2904 l\',
683 2872 722 2899 i5.
757 2872 776 2885 ""
791 2871 893 2899 Culuss.
905 2879 942 2903 Ill,
955 2871 980 2897 3.
1016 2872 1035 2886 "‘
1047 2870 1116 2898 l‘sal.
1133 2878 1191 2901 cxv,
1215 2870 1255 2896 lii,
1295 2870 1316 2884 “°
1333 2869 1432 2904 liphrrs.
1447 2877 1474 2900 II,
1492 2868 1531 2894 18.

1003 952 1089 979 sancti
1102 957 1130 978 et
1144 952 1199 978 Deo
1217 952 1381 984 consecrati,
1410 953 1511 979 mundo
1530 953 1641 987 quidem
1661 954 1792 988 spiritua-

1001 997 1065 1024 liter
1079 998 1237 1029 morientes,
1252 998 1307 1025 Deo
1323 1002 1518 1025 autemsancte
1529 998 1662 1026 viventes.
1676 999 1705 1026 ld
1717 1000 1791 1026 enim

1002 1047 1053 1074 est,
1070 1043 1240 1076 utarbitror,
1258 1043 1331 1078 quod
1349 1043 1382 1070 ad
1401 1044 1490 1078 ipsum
1506 1044 1590 1071 altare
1611 1045 1793 1079 primogenita

1002 1096 1133 1122 pecorum
1148 1092 1319 1120 mactentur.
1350 1089 1451 1116 Scribit
1463 1094 1555 1116 autem
1578 1090 1661 1116 etiam
1683 1090 1794 1118 divinus

1001 1134 1102 1161 Paulus
1125 1134 1158 1161 iis
1171 1135 1219 1169 qui
1244 1135 1282 1162 ita
1297 1140 1361 1162 sunt
1383 1135 1546 1162 sanctiﬁcati
1569 1145 1575 1162 :
1596 1146 1605 1160 ι
1621 1136 1732 1168 Mortui,
1750 1137 1793 1163 in-

1001 1178 1108 1212 quiens,
1131 1178 1208 1211 estis,
1238 1184 1267 1206 et
1289 1179 1343 1206 vita
1371 1183 1461 1207 vestra
1482 1180 1643 1207 abscondita
1666 1186 1708 1208 est
1731 1189 1793 1208 cum

1000 1223 1110 1251 Christo
1123 1224 1150 1251 in
1170 1224 1225 1251 Deo
1239 1224 1271 1251 ⁸⁸.
1286 1234 1295 1250 ι
1309 1225 1407 1252 Sancta
1420 1225 1503 1260 igitur
1524 1231 1565 1253 est
1590 1234 1664 1253 mors
1682 1231 1794 1253 saneto-

1002 1277 1073 1301 rum,
1100 1270 1133 1296 ad
1146 1270 1220 1304 quod
1247 1271 1330 1298 etiam
1348 1271 1444 1298 beatus
1459 1272 1544 1299 David
1577 1271 1687 1299 videtur
1698 1280 1794 1307 respe-

1000 1315 1072 1342 xisse
1090 1324 1096 1341 :
1115 1325 1124 1340 ‹
1153 1315 1276 1343 Pretiosa
1287 1316 1371 1347 enim,
1395 1317 1442 1347 ait,
1464 1316 1492 1343 in
1514 1321 1663 1351 conspectu
1683 1317 1793 1344 Domini

1000 1368 1075 1387 mors
1094 1364 1252 1387 sanctorum
1272 1361 1333 1396 ejus
1347 1362 1379 1388 ⁸³.
1399 1371 1408 1387 ι
1430 1361 1583 1389 Conveniet
1617 1366 1719 1393 autem,
1734 1369 1794 1388 mea

999 1405 1111 1439 quidem
1124 1405 1271 1436 sententia,
1291 1412 1389 1432 sensus
1400 1411 1496 1432 eorum
1510 1413 1572 1439 quas
1588 1405 1670 1432 modo
1689 1413 1703 1432 a
1714 1405 1795 1431 nobis

1000 1451 1072 1477 dicta
1091 1455 1164 1482 sunt,
1188 1458 1243 1477 non
1264 1451 1299 1478 iis
1323 1451 1411 1478 solum
1433 1451 1480 1486 qui
1496 1459 1529 1478 ex
1545 1451 1673 1486 gentibus
1684 1458 1744 1478 sese
1760 1450 1794 1478 ad

1000 1497 1124 1524 veritatis
1142 1496 1327 1530 cognitionem
1349 1497 1505 1529 conferunt,
1528 1505 1624 1524 verum
1649 1497 1744 1529 etiam,
1762 1506 1794 1525 ae

1000 1544 1134 1579 prateipue
1144 1544 1265 1578 quidem,
1278 1544 1336 1571 istis
1349 1545 1395 1578 qui
1408 1552 1440 1572 ex
1452 1545 1530 1580 legali
1544 1545 1618 1572 cultu
1632 1546 1720 1572 vocati
1731 1550 1795 1572 suut

1000 1590 1033 1616 ad
1043 1589 1267 1625 justiﬁcationem
1277 1590 1302 1616 in
1313 1589 1432 1622 Christo,
1442 1596 1469 1617 et
1480 1590 1722 1617 sanetiﬁealionem
1732 1590 1794 1625 Spi-

1001 1636 1148 1663 ritus.Nam
1156 1644 1242 1668 agnus
1249 1640 1296 1662 aut
1305 1636 1407 1663 vitulus
1416 1640 1519 1670 septem
1527 1636 1643 1663 dicbusa
1651 1640 1738 1663 matre
1745 1644 1795 1663 nu-

1002 1683 1147 1713 triebatur,
1158 1686 1351 1709 oetavoautem
1360 1681 1558 1714 adducebatur;
1567 1690 1621 1716 quo
1631 1682 1742 1716 quidem
1751 1690 1796 1709 ar-

1001 1733 1088 1760 hitror
1094 1732 1179 1759 Deum
1189 1731 1301 1766 ﬁgurate
1311 1731 1477 1766 signiﬁcasse
1485 1730 1538 1765 (lex
1547 1730 1619 1757 enim
1629 1729 1794 1765 estumbra),

1001 1777 1073 1812 quod
1087 1782 1159 1804 esset
1171 1776 1353 1803 necessarium
1367 1776 1443 1810 prius
1468 1774 1610 1802 informari
1639 1783 1687 1809 pcr
1702 1779 1790 1809 typos,

1001 1822 1217 1857 ac‘disciplinam
1235 1830 1289 1848 non
1302 1821 1450 1848 admodum
1466 1821 1587 1852 virilem,
1610 1820 1657 1847 sed
1684 1819 1796 1846 infanti-

1002 1869 1053 1896 bus
1066 1868 1151 1903 magis
1161 1868 1381 1898 convenientem,
1394 1874 1442 1893 eos
1455 1866 1501 1900 qui
1518 1869 1612 1900 postea
1625 1865 1712 1892 sancti
1732 1870 1797 1892 sum

1002 1915 1097 1946 futuri,
1116 1918 1199 1949 atque
1218 1913 1352 1940 oll‘erendi
1379 1913 1435 1939 Deo
1453 1912 1481 1939 in
1505 1912 1618 1938 odorem
1643 1911 1795 1938 suavitatis.

1003 1961 1161 1997 Mysterium
1185 1963 1275 1987 autem
1290 1958 1391 1985 Christi
1404 1957 1477 1991 quod
1495 1965 1544 1991 per
1570 1960 1697 1984 octavum
1722 1957 1796 1983 diem

1003 2007 1182 2043 signiﬁcatur,
1199 2009 1240 2032 est
1254 2009 1439 2039 opportunum
1456 2007 1574 2037 tempus,
1588 2001 1660 2036 quod
1679 2002 1796 2028 maxime

1004 2052 1133 2080 convenit
1154 2051 1199 2077 tali
1223 2049 1394 2084 perfectioni.
1419 2046 1619 2074 lnaccessibilis
1649 2046 1733 2080 igitur
1754 2050 1797 2072 est

1004 2099 1076 2125 Deus
1088 2105 1136 2131 per
1155 2096 1258 2123 cultum
1268 2096 1393 2129 legalem,
1407 2094 1453 2120 sed
1468 2101 1517 2128 per
1541 2093 1628 2119 solum
1654 2091 1796 2119 Christum

1005 2142 1072 2168 adiri
1091 2145 1189 2175 potest.
1211 2141 1277 2167 Nam
1292 2140 1439 2174 peripsum
1456 2145 1597 2165 accessum
1619 2137 1752 2164 habemus
1761 2137 1796 2168 ⁸³,

1006 2190 1135 2221 tanquam
1148 2190 1208 2220 post
1221 2185 1295 2212 diem
1311 2185 1471 2218 septimum,
1491 2183 1600 2218 quando
1617 2182 1722 2209 scilicet
1736 2182 1796 2209 sab-

1006 2233 1140 2259 batismus
1152 2232 1219 2267 legis
1236 2231 1380 2266 prmteriit,
1403 2230 1460 2257 sive
1479 2230 1507 2256 in
1523 2229 1680 2256 universum
1704 2236 1735 2255 ac
1753 2236 1795 2262 ge-

1007 2278 1138 2305 neraliter
1166 2276 1284 2304 ccssavit
1310 2277 1401 2303 cultus
1425 2275 1529 2310 legalis.
1561 2275 1628 2301 Nam
1660 2274 1704 2300 lcx
1727 2272 1796 2300 nihil

1008 2323 1124 2358 perfecit
1137 2323 1157 2338 "
1174 2332 1180 2349 :
1196 2322 1243 2349 scd
1258 2321 1386 2349 Christus
1407 2328 1458 2347 nos
1474 2320 1507 2346 ad
1522 2319 1574 2346 hoc
1591 2318 1714 2349 adducit,
1732 2317 1797 2352 quia

1008 2369 1058 2396 soli
1081 2368 1175 2395 ﬁdeles
1196 2371 1259 2394 sunt
1286 2366 1341 2401 apti
1354 2365 1386 2392 ad
1395 2365 1522 2396 virtutes,
1543 2369 1571 2391 et
1589 2372 1638 2398 per
1658 2363 1797 2390 Christum

1008 2415 1155 2449 perfectam
1168 2413 1351 2449 cognitionem
1367 2415 1583 2445 consequuntur,
1602 2414 1695 2444 utpote
1707 2413 1798 2435 mente

1006 2461 1091 2495 ipsius
1103 2460 1220 2495 priediti,
1235 2466 1284 2493 per
1295 2465 1376 2492 quem
1400 2461 1428 2485 et
1444 2464 1507 2484 cum
1523 2464 1577 2491 quo
1590 2456 1645 2483 Deo
1663 2463 1695 2482 ac
1725 2454 1797 2481 Patri

1006 2513 1068 2532 cum
1087 2509 1180 2532 sancto
1189 2503 1303 2538 Spiritu,
1319 2502 1355 2530 sit
1370 2502 1458 2538 gloria
1475 2502 1503 2529 in
1517 2501 1624 2528 inﬁnita
1638 2499 1737 2528 smeula
1748 2507 1798 2526 sae—

1007 2551 1141 2577 culorum.
1155 2551 1250 2578 Amen.

1046 2653 1124 2687 281
1153 2651 1188 2678 De
1211 2652 1315 2678 Merrha
1344 2656 1367 2682 ιί
1391 2652 1460 2687 ligno
1482 2651 1551 2686 quod
1577 2654 1708 2677 astensum
1729 2652 1764 2675 ινιι

1320 2687 1394 2713 beato
1417 2687 1490 2713 Mosi.

1048 2733 1072 2759 l.
1089 2732 1217 2759 Israelitze
1230 2731 1402 2759 discedentes
1416 2740 1431 2758 c
1458 2736 1528 2758 terra
1549 2738 1579 2757 ac
1596 2730 1703 2764 regione
1719 2727 1795 2761 [Egy-

1013 2780 1060 2814 pti,
1074 2779 1180 2814 alijecto
1194 2778 1356 2805 intolerabili
1374 2778 1514 2804 servitutis
1525 2778 1598 2812 iugo,
1618 2783 1667 2811 per
1679 2773 1798 2801 medium

1572 2869 1592 2883 "
1604 2867 1686 2894 llcbr.
1697 2874 1741 2894 vn.
1756 2864 1795 2893 19.
