1999 3056
210 151 263 179 415

722 147 750 174 S.
771 147 907 174 CYRILLI
927 145 1162 173 ALEXANDRINI
1183 145 1345 174 ARCHIEP.

1785 145 1837 173 ΗΞ

209 214 284 234 mare
299 204 377 240 quasi
399 212 448 240 per
470 205 571 232 aridam
595 205 647 231 iter
667 203 802 235 fecerunt,
817 203 919 237 absque
942 202 996 229 ullo

1050 202 1161 236 σάμενοι
1189 202 1280 237 μόλις,
1295 201 1339 227 διὰ
1363 199 1447 236 μέσης
1466 199 1604 235 θαλάσσης
1627 199 1712 235 ᾔεσαν
1733 199 1770 231 ὠς
1793 200 1841 227 ἐπὶ

209 252 327 287 negotio.
343 251 426 286 Aquae
442 251 514 279 enim
531 251 643 277 ﬁrmata:
664 254 728 277 sunt
744 253 773 276 ut
793 249 874 279 muri,
897 248 997 275 divinae

209 299 344 326 voluntati
358 298 587 332 obtemperantes.
599 296 703 323 Deinde
712 303 773 321 cum
786 295 918 321 vidissent
928 294 997 321 Pha-

208 351 320 370 raonem
342 350 404 370 cum
426 347 483 369 toto
496 341 616 369 exercitu
640 340 792 375 periculum
813 340 946 372 subiisse,
969 344 997 366 et

207 388 380 416 submersum
405 395 464 414 esse
484 387 511 413 in
534 386 628 420 aquis,
654 385 777 420 adeoque
802 384 997 412 miserabiliter

208 433 285 465 istos,
303 433 348 467 qui
374 433 438 459 olim
458 432 524 467 ipsis
543 432 651 459 fuerant
668 431 861 463 intolerabiles,
880 431 995 458 durissi-

208 486 305 512 meque
330 478 403 512 ipsos
427 480 591 508 tractarent,
617 476 791 511 disperiisse;
819 477 899 504 hilari
931 485 996 505 sane

207 522 299 548 animo
312 521 459 548 cantabant
471 521 526 547 Deo
540 521 614 552 udas,
627 528 745 555 eumque
754 521 840 556 gratis
854 522 995 549 celebran-

209 572 250 593 tes
273 567 389 602 hymnis,
408 567 537 594 dicebant
559 576 565 592 :
584 576 593 592 ι
614 566 762 594 Cantemus
783 567 914 599 Domino,
937 568 995 603 glo-

209 611 279 638 riose
294 611 366 638 enim
382 611 569 645 magnificatus
585 615 636 643 est;
663 619 763 645 equum
778 615 805 638 et
825 619 996 639 ascensorem

207 657 321 691 projecit
334 657 360 683 in
374 663 459 683 mare.
471 657 585 690 Adjutor
592 660 621 684 et
629 657 756 684 defensor
770 662 811 685 est
826 658 893 684 mihi
909 657 997 686 factus

207 702 234 727 in
254 701 370 728 salutem
389 702 423 728 δ’.
445 712 454 728 ι
469 702 579 730 Utiliter
593 703 665 729 enim
686 703 759 731 Deus
774 703 857 730 totius
876 705 996 732 universi

207 747 258 774 hoc
267 747 431 774 miraculum
438 747 536 775 edidit.
547 748 613 775 Nam
622 749 674 776 etsi
683 749 882 784 quamplurima
891 758 996 779 summa

205 794 387 821 admiratione
400 794 481 830 digna
497 794 525 821 in
536 794 651 830 [Egypto
661 795 737 829 signa
751 795 892 827 edidisset,
906 800 995 823 tamen

206 839 258 866 hoc
276 840 417 874 magniﬁce
438 839 553 875 adjecit,
579 843 609 866 ut
629 847 676 867 eos
694 840 794 874 quibus
810 840 913 867 subditi
936 841 995 868 fue-

207 889 277 916 rant,
294 885 375 912 etiam
391 893 440 919 per
454 885 574 912 medium
591 892 667 912 mare
682 884 843 919 effugerent,
860 889 941 920 atque
958 885 994 913 ita

206 937 239 956 ex
251 934 351 956 eventu
366 933 485 957 mentem
497 930 631 957 haberent
643 931 669 956 in
685 930 784 965 seipsis
797 930 993 964 conﬁrmatam,

205 975 404 1010 crederentque
419 975 493 1010 quod
509 983 563 1002 non
578 983 627 1010 per
642 975 701 1002 falsi
718 976 837 1003 nominis
854 976 929 1008 deos,
949 981 996 1004 aut

206 1021 332 1048 humanae
348 1021 416 1048 artis
431 1022 582 1052 inventum,
597 1024 625 1048 et
641 1021 712 1048 idola
724 1029 756 1048 ex
773 1022 847 1056 ligno
859 1029 891 1049 ac
905 1022 994 1056 lapide

206 1064 338 1092 fabricata
351 1065 376 1092 id
388 1065 561 1100 contigisset;
574 1066 622 1093 sed
634 1066 707 1100 quod
718 1066 798 1101 bujus
812 1067 931 1094 universi
941 1067 994 1094 Do—

207 1111 298 1138 minus
319 1115 408 1143 esset,
429 1111 477 1146 qui
495 1112 623 1146 subjectae
644 1116 775 1139 creaturae
789 1112 949 1147 imperaret,
965 1121 996 1142 ac

206 1156 388 1191 quodcunque
394 1157 633 1192 velletperﬁceret,
642 1157 824 1192 facillimeque
831 1159 993 1187 absolveret.

208 1201 241 1229 Ut
258 1209 323 1229 vero
338 1202 423 1237 magis
443 1203 534 1230 adhuc
553 1203 721 1231 admirantes
739 1204 910 1238 iuvarentur,
926 1213 995 1240 opu-

207 1245 338 1274 lentiores
354 1254 401 1274 eos
416 1246 557 1274 discedere
571 1248 663 1282 jussit,
680 1252 762 1283 atque
778 1249 805 1276 in
829 1255 929 1276 terram
946 1258 994 1285 pa-

207 1291 295 1318 tribus
316 1292 477 1326 promissam
501 1293 680 1326 contendere,
704 1294 827 1329 sapiente
854 1295 900 1322 illo
923 1296 996 1324 Mose-

206 1335 276 1363 duce
296 1344 329 1363 ac
351 1337 488 1371 praefecto.
516 1337 585 1370 Quid
602 1346 668 1365 vero
691 1343 824 1374 pratterea
847 1340 994 1373 acciderit,

206 1388 283 1408 sacra
304 1381 445 1416 Scriptura
467 1390 576 1410 rursum
596 1384 722 1418 explanat
743 1393 748 1410 :
769 1394 778 1410 ε
802 1385 902 1417 Eduxit
922 1387 995 1414 enim

206 1426 295 1454 Moses
315 1427 385 1455 ﬁlios
398 1428 479 1456 Israel
495 1429 529 1456 de
544 1430 611 1457 mari
626 1430 729 1463 Rubro,
746 1436 773 1458 et
786 1431 862 1459 duxit
879 1432 952 1467 ipsos
968 1433 995 1461 in

206 1471 345 1500 desertum
359 1474 421 1506 Sur,
435 1479 463 1502 et
478 1475 686 1502 ambulaverunt
700 1480 755 1504 tres
766 1476 825 1504 dies
836 1477 863 1504 in
874 1478 994 1511 deserto,

1049 247 1134 282 ξηρᾶς
1144 267 1151 278 ,
1170 246 1292 282 ἀμογητὶ
1305 246 1332 273 δὲ
1346 245 1392 272 καὶ
1408 245 1487 272 τοῦτο
1503 245 1732 280 διαπεραίνοντες.
1754 244 1838 271 Ἐπά-

1047 301 1136 328 γησαν
1154 292 1208 328 γὰρ
1222 292 1287 318 ὡσεὶ
1302 293 1390 326 τεῖχος
1406 291 1440 318 τὰ
1460 290 1543 317 ὕδατα
1558 292 1613 321 τοῖς
1633 289 1714 321 θείοις
1731 291 1839 317 εἴκοντα

1047 338 1188 373 νεύμασιν.
1202 335 1267 364 Εἶτα
1281 337 1350 372 μετὰ
1359 337 1438 364 τοῦτο
1453 338 1604 371 πανστρατὶ
1616 336 1839 363 κεκινδυνευκότα

1047 383 1204 418 τεθεαμένοι
1217 383 1262 409 τὸν
1278 382 1388 418 Φαραὼ,
1407 383 1453 409 καὶ
1467 382 1650 417 πεπνιγμένον
1664 383 1720 414 τοῖς
1733 381 1837 413 ὕδασιν,

1047 420 1164 464 οἰκτρῶς
1175 437 1203 455 τε
1210 428 1367 460 διολωλότας
1375 429 1438 460 τοὺς
1444 429 1596 464 ἀφορήτους
1606 429 1670 454 ποτὲ
1679 429 1725 455 καὶ
1736 428 1838 463 σκληρ-

1047 475 1221 508 ακίωγοῦντας
1241 475 1340 506 αὐτοὺς
1368 474 1629 510 ἁφιλοικτιρμόνως,
1641 474 1712 509 ᾠδὰς
1727 474 1838 501 ἀνίεσαν

1046 520 1085 555 τῷ
1099 519 1167 555 Θεῷ,
1184 521 1230 546 καὶ
1246 519 1340 556 ὕμνοις
1352 520 1432 547 αὐτὸν
1447 522 1504 551 τοῖς
1520 520 1708 556 χαριστηρίοις
1722 529 1838 554 καταγε-

1049 567 1187 601 ραίροντες
1201 567 1320 601 ἔφασκον
1331 575 1337 582 ·
1363 575 1372 592 ι
1395 566 1522 602 ’ᾼσωμεν
1538 567 1577 602 τῷ
1591 567 1700 602 Κυρίῳ·
1725 567 1838 599 ἐνδόξως

1047 613 1101 647 γὰρ
1122 612 1286 644 δεδόξασται·
1310 612 1410 644 ἵππους
1435 613 1483 638 καὶ
1503 612 1640 647 ἀναϐάτην
1665 611 1776 648 ἔρριψεν
1799 613 1835 643 εἰς

1047 657 1197 684 θάλασσαν.
1221 657 1322 693 Βοηθὸς
1346 658 1392 684 καὶ
1419 658 1575 692 σκεπαστὴς
1596 657 1704 691 ἐγένετό
1731 666 1775 692 μοι
1798 657 1838 688 εἰς

1048 706 1196 741 σωτηρίαν.
1217 716 1226 731 ι
1242 705 1510 741 Τεοαυματούργηκε
1526 705 1579 740 γὰρ
1596 705 1739 741 χρησίμως
1755 706 1769 731 ὸ
1785 705 1837 730 τῶν

1046 750 1114 777 ὅλων
1124 750 1199 782 Θεός.
1215 750 1312 776 Καίτοι
1335 750 1389 785 γὰρ
1401 750 1515 776 πλεῖστά
1528 759 1557 776 τε
1571 750 1620 776 ὅσα
1634 750 1680 776 καὶ
1692 749 1753 775 λίαν
1765 749 1838 782 ἀξιο-

1048 796 1192 831 θαύμαστα
1206 796 1371 832 παραδείξας
1384 796 1475 827 αὐτοῖς
1489 795 1522 822 τὰ
1535 796 1563 821 ὲν
1577 794 1708 830 Αἰγύπτῳ
1726 796 1836 829 σημεῖα,

1048 841 1159 876 προσέτι
1178 841 1326 876 φιλοτίμως
1341 841 1371 867 τὸ
1387 841 1434 868 καὶ
1455 841 1488 866 δι’
1505 840 1588 875 αὐτῆς
1603 840 1720 875 διᾴττειν
1739 838 1837 866 θαλάσ-

1047 895 1096 921 σης
1110 886 1238 912 δύνασθαι
1256 887 1318 918 τοὺς
1332 885 1376 912 ὑπ’
1389 886 1462 921 αὐτῷ
1484 886 1641 920 γεγονότας,
1664 885 1696 911 ἵν’
1711 882 1740 911 εὖ
1756 884 1837 919 βεϐη-

1046 932 1112 958 κότα
1131 932 1223 958 λοιπὸν
1237 932 1284 958 καὶ
1297 932 1491 967 ὲρηρεισμένον
1511 932 1540 958 ἐν
1556 932 1647 961 αὐτοῖς
1663 931 1748 965 ἔχοιεν
1763 929 1835 961 νοῦν,

1046 976 1092 1003 καὶ
1101 976 1132 1012 δὴ
1146 977 1191 1003 καὶ
1205 976 1357 1003 πιστεύοιεν
1368 977 1406 1008 ὼς
1419 977 1448 1003 οὺ
1459 976 1519 1003 καθ’
1530 976 1579 1002 ἕνα
1591 975 1644 1001 τῶν
1653 974 1774 1009 ψευδωνύ
1778 982 1836 1008 μων

1045 1023 1104 1049 ἐστὶ
1120 1023 1198 1055 θεῶν,
1216 1023 1300 1058 ἤγουν
1317 1023 1492 1058 ἀνθρωπίνης
1508 1022 1646 1057 εὑρέματα
1659 1021 1772 1055 τέχνης,
1789 1019 1836 1046 καὶ

1045 1069 1076 1095 τδ
1091 1069 1190 1104 βρέτας
1210 1069 1302 1100 ἁπλῶς
1319 1070 1351 1096 ὲκ
1373 1068 1451 1101 ξύλου
1469 1068 1517 1094 καὶ
1541 1067 1614 1094 λίθου
1638 1067 1834 1101 πεποιημὲιον·

1046 1115 1104 1142 ἀλλ’
1125 1116 1165 1142 ὅτι
1185 1115 1240 1142 τῶν
1256 1115 1324 1141 ὅλων
1342 1114 1471 1150 ὑπάρχων
1487 1114 1603 1150 Κύριος,
1622 1113 1658 1144 ὡς
1680 1113 1732 1139 ὑπὸ
1753 1112 1836 1142 πόδας

1046 1161 1159 1196 κειμένῃ
1172 1161 1276 1187 κελεύει
1289 1162 1321 1195 τῇ
1336 1159 1434 1191 κτίσει,
1449 1160 1496 1186 καὶ
1508 1160 1576 1194 ὅπερ
1591 1159 1622 1185 ἂν
1637 1159 1724 1184 ἕλοιτο
1738 1167 1836 1194 κατορ-

1046 1206 1111 1232 θοῦν
1125 1206 1242 1237 εὐκόλως
1255 1206 1469 1241 διαπεραίνεται.
1485 1206 1544 1232 ’Ὶνα
1557 1205 1585 1230 δὲ
1601 1204 1648 1231 καί
1663 1213 1690 1230 τι
1707 1204 1835 1239 μειζόνως

1047 1250 1230 1286 θαυμάζοντες
1244 1251 1389 1285 ὠφελοίντο
1398 1271 1405 1282 ,
1424 1249 1621 1285 πλουσιώτερον
1631 1250 1758 1285 ἀπαίρειν
1776 1249 1835 1276 ὲκέ-

1046 1296 1140 1328 λευεν,
1174 1297 1220 1323 καὶ
1253 1297 1293 1328 είς
1315 1296 1364 1331 τὴν
1387 1297 1443 1327 τοῖς
1468 1295 1601 1331 πατράσιν
1627 1294 1836 1329 ἐπηγγελμένην

1046 1341 1203 1376 ἐπείγεσθαι
1215 1342 1275 1376 γῆν,
1295 1340 1510 1377 στρατηγοῦντος
1519 1341 1565 1367 καὶ
1575 1340 1780 1375 καθηγουμένου
1788 1339 1835 1366 τοῦ

1047 1387 1183 1421 πανσόφου
1202 1386 1333 1418 Μωσέως.
1352 1384 1418 1413 Εῖτα
1437 1386 1463 1412 τί
1482 1386 1513 1412 τὸ
1531 1387 1601 1422 μετά
1613 1385 1703 1417 τοῦτο,
1711 1386 1838 1420 σαφηνιεῐ

1045 1431 1078 1467 δὴ
1096 1431 1177 1458 πάλιν
1193 1432 1224 1458 τὸ
1236 1432 1355 1466 Γρᾶμμα.
1368 1431 1398 1458 τὸ
1415 1433 1502 1467 ἱερόν·
1526 1441 1535 1457 ι
1562 1431 1656 1467 Ἐξῆρε
1670 1431 1740 1466 γὰρ,
1758 1430 1835 1466 φησὶ,

1046 1477 1159 1512 Μωσῆς.
1175 1478 1236 1508 τοὺς
1248 1477 1322 1509 υἱοὺς
1339 1477 1446 1512 Ἰσραὴλ
1458 1476 1513 1504 ἀπὸ
1525 1476 1662 1510 θαλάσσης
1689 1475 1834 1512 Ἐρυθρᾶς,

205 1520 234 1543 et
253 1525 307 1544 non
324 1518 499 1546 inveniebant
516 1527 613 1554 aquam
630 1520 663 1547 ad
679 1520 838 1549 bibendum.
856 1523 996 1552 Venerunt

1049 1523 1094 1550 καὶ
1106 1523 1208 1558 ἢγαγεν
1227 1523 1326 1554 αὐτοὺς
1340 1523 1380 1554 είς
1392 1523 1441 1558 τὴν
1452 1522 1554 1558 ἔρημον
1567 1522 1646 1558 Σοὶλρ,
1661 1523 1710 1549 καὶ
1722 1522 1835 1558 ἐπορεύ-

206 1566 298 1589 autem
316 1563 343 1590 in
361 1563 480 1597 Maratb,
497 1569 525 1592 et
546 1573 600 1592 non
619 1569 768 1600 potuerunt
784 1567 879 1595 bibere
898 1576 997 1603 aquam

207 1606 241 1633 de
257 1607 360 1634 Illarath
378 1617 384 1634 :
397 1615 489 1635 amara
502 1609 574 1636 enim
587 1615 656 1637 erat.
669 1611 785 1646 Propter
803 1612 855 1640 hoc
871 1618 996 1641 vocatum

206 1657 249 1680 est
266 1661 366 1681 nomen
390 1654 441 1682 loci
466 1655 539 1682 illius
551 1676 557 1687 ,
575 1656 744 1684 Amaritudo.
762 1657 796 1684 Et
817 1661 998 1687 murmuravit

207 1700 324 1734 populus
336 1704 430 1727 contra
442 1701 542 1733 Mosen,
555 1701 690 1729 dicentes:
700 1702 768 1735 Quid
781 1703 925 1731 bibemus?
935 1705 996 1732 Cla-

208 1746 292 1773 mavit
309 1751 400 1774 autem
415 1747 502 1774 Moses
520 1747 553 1774 ad
568 1748 725 1781 Dominum,
740 1753 767 1776 et
778 1750 898 1777 ostendit
909 1751 933 1778 ei
946 1751 998 1778 Do-

209 1792 298 1819 minus
314 1792 427 1827 lignum,
441 1799 468 1820 et
481 1794 598 1828 conjecit
617 1794 683 1821 illud
703 1795 730 1821 in
743 1802 852 1829 aquam,
869 1801 896 1823 et
909 1797 998 1826 dulcis

208 1838 279 1863 facta
291 1841 332 1863 est
346 1845 425 1872 aqua.
439 1839 495 1866 Illic
507 1840 650 1867 constituit
663 1840 688 1867 ei
700 1841 780 1875 282
790 1841 998 1875 justiﬁcationes

208 1886 236 1908 et
248 1882 361 1916 judicia.
377 1883 410 1910 Et
425 1884 462 1911 ibi
475 1892 537 1911 cum
554 1886 678 1917 tentavit,
693 1891 720 1913 et
735 1886 803 1913 dixit
819 1896 824 1913 :
840 1887 866 1914 Si
878 1888 997 1916 audieris

209 1934 304 1953 vocem
318 1928 425 1956 Domini
442 1929 489 1956 Dei
509 1927 562 1962 tui,
574 1935 601 1957 et
618 1930 715 1965 placita
735 1939 825 1958 coram
841 1939 874 1959 eo
888 1933 996 1965 feceris,

208 1979 235 2001 ct
250 1974 364 2001 auribus
386 1976 542 2010 perceperis
563 1977 689 2003 mandata
708 1977 777 2011 ejus,
796 1981 823 2004 et
846 1979 998 2006 servaveris

209 2027 304 2047 omnes
319 2021 438 2055 justitias
453 2023 522 2057 ejus,
539 2030 647 2049 omnem
663 2023 788 2050 morbum
804 2032 884 2058 quem
904 2025 997 2052 induxi

209 2074 291 2100 super
307 2066 449 2102 IEgyptiis,
467 2076 521 2095 non
545 2069 672 2096 inducam
693 2076 777 2103 super
795 2075 829 2096 te.
847 2070 902 2105 Ego
924 2072 996 2098 enim

209 2119 269 2138 sum
292 2112 423 2140 Dominus
440 2121 540 2141 sanans
564 2118 599 2141 te.
616 2114 650 2141 Et
667 2119 802 2141 venerunt
818 2115 845 2142 in
865 2115 934 2142 Elim
950 2137 957 2149 ,
970 2121 998 2144 et

208 2163 287 2185 erant
307 2159 344 2186 ibi
355 2159 503 2187 duodecim
520 2160 609 2187 fontes
625 2168 767 2194 aquarum,
783 2165 811 2187 et
827 2162 997 2197 septuaginta

1047 1576 1107 1594 οντο
1126 1569 1198 1603 τρεῖς
1213 1569 1318 1604 ἡμέρας
1343 1569 1370 1595 ὲν
1390 1570 1422 1604 τῇ
1447 1569 1553 1604 ἐρήμῳ,
1576 1569 1622 1595 καὶ
1641 1569 1689 1603 οὐχ
1710 1567 1836 1603 εὓρισκον

1048 1612 1120 1648 ὕδωρ
1141 1613 1211 1640 ὥστε
1231 1615 1312 1639 πιεῖν.
1336 1611 1438 1640 Ἱ1λθον
1459 1614 1486 1640 δὲ
1509 1614 1547 1645 είς
1569 1613 1700 1649 Μερῤὰν,
1723 1613 1770 1639 καὶ
1786 1612 1836 1640 οὐκ

1049 1658 1177 1692 ἠδύναντο
1190 1660 1260 1685 πιεῖν
1273 1658 1345 1694 ὕδωρ
1357 1660 1388 1686 ὲκ
1403 1660 1516 1695 Μερῤςὶς
1526 1667 1532 1674 ·
1547 1659 1642 1694 πικρὸν
1661 1658 1716 1693 γὰρ
1728 1656 1772 1693 ἦν.
1786 1657 1834 1684 Διά

1047 1703 1125 1730 τοῦτο
1141 1705 1322 1740 ἐπωνομάσθη
1340 1705 1369 1731 τὸ
1380 1705 1465 1740 θνομα
1486 1704 1532 1732 τοῦ
1554 1705 1634 1731 τόπου
1654 1704 1769 1735 ἐκείνου,
1787 1704 1832 1730 11ι‹

1048 1749 1122 1784 χρία.
1140 1749 1195 1776 Καὶ
1214 1749 1387 1784 διεγόγγυζεν
1403 1751 1417 1776 ὸ
1434 1751 1497 1782 λαὸς
1513 1751 1558 1777 ἐπὶ
1577 1749 1834 1784 Μιυσῖ·,ν,λέγοντες,

1048 1796 1080 1822 Ti
1094 1795 1230 1830 πιόμεθας
1259 1796 1370 1832 Ἐϐόησε
1392 1796 1419 1822 δὲ
1438 1797 1540 1831 Μωσῆς
1561 1796 1627 1831 πρὸς
1648 1795 1768 1830 Κύριον,
1788 1795 1835 1821 καὶ

1048 1839 1147 1872 ἔδειξεν
1159 1840 1232 1875 αὐτῷ
1248 1841 1349 1877 Κύριος
1366 1841 1454 1873 ξύλον,
1468 1841 1514 1867 καὶ
1533 1840 1659 1867 ἐνέϐαλεν
1671 1840 1736 1866 αὐτὸ
1751 1841 1790 1871 είς
1805 1839 1835 1865 τὸ

1049 1885 1131 1922 ὕδωρ.
1149 1886 1195 1912 καὶ
1215 1886 1367 1921 έγλυχάνθη
1380 1887 1410 1912 τὸ
1431 1886 1512 1923 ὕδωρ.
1535 1887 1607 1912 Ἐκεῖ
1624 1886 1698 1912 ἔθετο
1711 1885 1784 1920 αὐτῷ
1798 1885 1835 1911 δι-

1049 1931 1192 1965 καιώματα
1213 1932 1258 1958 καὶ
1273 1931 1396 1966 κρίματα
1413 1933 1460 1959 καὶ
1477 1933 1591 1968 κρίσεις.
1611 1933 1665 1959 Καὶ
1681 1934 1739 1959 ἐκεῖ
1754 1932 1835 1959 αὑτὸν

1043 1977 1183 2012 ἑπείραζε,
1200 1977 1247 2003 καὶ
1261 1974 1348 2003 εἷπεψ
1370 1976 1432 2003 Ἐὰν
1449 1977 1516 2011 ἀκοῇ
1534 1975 1654 2010 ἀκούσῃς
1669 1977 1718 2011 τῆς
1744 1975 1834 2009 φωνῆς

1044 2023 1148 2059 Κυρίου
1163 2023 1210 2049 τοῦ
1225 2022 1293 2048 Θεοῦ
1311 2030 1370 2055 σου,
1387 2022 1433 2048 καὶ
1447 2022 1482 2048 τὰ
1496 2021 1599 2056 ἀρεστὰ
1619 2021 1732 2047 ἐνώπιον
1752 2020 1834 2047 αὐτοῦ

1045 2070 1170 2105 ποιήσῃς,
1184 2069 1230 2095 καὶ
1241 2068 1356 2104 ὲνωτίσῃ
1364 2069 1424 2098 ταῖς
1432 2067 1550 2098 ἐντολαῖς
1561 2067 1654 2098 αὑτοῦ,
1664 2067 1710 2093 καὶ
1717 2066 1836 2100 φυλάξῃς

1046 2115 1134 2142 πάντα
1144 2115 1177 2141 τὰ
1185 2113 1356 2149 δικαιώματα
1366 2113 1457 2145 αὑτοῦ,
1471 2114 1560 2139 πᾶσαν
1568 2113 1644 2139 νόσον
1656 2113 1688 2148 ἣν
1698 2113 1837 2147 ἐπήγαγον

1045 2163 1101 2194 τοῖς
1113 2161 1282 2196 Αἰγυπτίοις,
1295 2160 1344 2187 οὐκ
1355 2158 1448 2192 ἐπάξω
1456 2160 1502 2185 ἐπὶ
1514 2159 1554 2187 σέ.
1563 2159 1633 2192 Ἐγὼ
1644 2159 1697 2193 γάρ
1710 2159 1768 2193 εἰμι
1782 2157 1836 2184 Κύ-

209 2205 298 2236 trunci
322 2206 484 2240 palmarum.
506 2206 541 2233 Et
561 2207 744 2234 castrametati
762 2211 825 2233 sunt
849 2207 904 2234 illic
925 2208 996 2243 apud

1049 2212 1105 2239 ριος
1124 2205 1138 2231 ό
1159 2203 1272 2239 ἰώμενός
1288 2212 1327 2231 σε.
1348 2204 1404 2230 Καὶ
1425 2201 1507 2238 ἦλθον
1520 2205 1560 2235 εἰς
1586 2203 1688 2238 Ἐλεὶμ-
1705 2203 1752 2229 καὶ
1766 2201 1836 2238 ὴσαν

209 2258 293 2285 aquas
303 2252 336 2278 “.
354 2261 361 2276 ι
378 2251 443 2279 Vide
455 2251 600 2286 igiturquo
609 2257 688 2287 pacto
698 2260 730 2279 ex
742 2252 832 2280 divina
849 2261 897 2280 sua
908 2253 998 2288 provi-

210 2296 300 2324 dentia
316 2306 369 2324 non
387 2299 422 2325 sit
436 2306 532 2332 passus
547 2306 604 2330 eos,
620 2306 689 2332 quos
705 2299 775 2325 haud
794 2299 861 2326 citra
877 2300 997 2327 laborem

210 2342 336 2375 redemit,
349 2343 450 2371 ketitize
468 2343 654 2378 magnitudine
669 2344 765 2374 elatos,
784 2352 842 2371 sese
863 2344 896 2371 ad
911 2345 997 2372 otium

210 2388 343 2422 recipere,
359 2397 393 2415 ne
406 2389 476 2416 forte
489 2389 565 2416 brevi
578 2389 703 2416 venirent
719 2389 746 2415 in
757 2389 923 2416 oblivionem
939 2391 998 2425 ejus

211 2433 256 2467 qui
272 2441 381 2460 servare
392 2438 490 2468 potest,
506 2438 587 2469 atque
599 2434 638 2460 sic
650 2434 676 2460 in
687 2441 797 2460 errores
809 2433 996 2469 [Egyptiorum

212 2479 289 2506 facile
308 2479 523 2507 revolverentur.
543 2479 663 2506 Labores
683 2479 756 2507 enim
772 2479 932 2515 plerumque
948 2488 998 2508 nos

211 2530 341 2553 revocant
356 2526 388 2552 ad
406 2527 500 2553 Deum.
514 2526 583 2553 Hine
595 2530 622 2553 et
635 2526 766 2561 propheta
778 2526 815 2553 ait
827 2535 832 2552 :
849 2536 857 2551 ι
872 2527 995 2559 Domine,

210 2570 238 2598 in
254 2571 399 2598 afﬂictione
422 2571 555 2598 recordati
569 2579 664 2598 sumus
681 2572 736 2603 tui,
752 2576 779 2598 et
800 2571 826 2598 in
845 2580 926 2606 parva
949 2573 997 2599 tri-

211 2616 350 2643 bulatione
365 2617 720 2652 disciplinatuanobisfh”.
735 2627 743 2642 ι
758 2617 826 2645 Cum
838 2617 929 2652 itaque
941 2618 1000 2645 lon-

211 2671 271 2697 gam
294 2662 529 2698 aridissimamque
548 2659 647 2691 terram
669 2668 868 2698 peragrassent,
892 2664 999 2690 labora—

212 2713 276 2735 runt
296 2708 387 2743 inopia
409 2717 499 2736 rerum
514 2717 574 2744 qua:
587 2709 621 2736 ad
638 2709 721 2736 vitam
744 2713 806 2735 sunt
829 2709 997 2735 necessarize.

212 2754 305 2789 Neque
329 2755 401 2782 enim
430 2755 604 2783 inveniebant
630 2762 727 2789 aquam
752 2762 834 2788 quam
858 2754 998 2787 biberent;

252 2843 274 2860 ⁸¹
291 2844 374 2873 ΙίιιοιΙ.
390 2854 432 2879 xv,
450 2847 472 2879 1Ι
491 2847 514 2872 ‘2.

555 2847 577 2862 ⁵³
592 2846 659 2874 ibid.
681 2846 770 2872 22-27.
810 2846 869 2866 δεμ
887 2847 924 2873 lsa

1047 2251 1105 2277 ἐκεῖ
1119 2250 1224 2277 δώδεκα
1240 2250 1327 2285 πηγαὶ
1339 2250 1453 2281 ὑδάτων,
1467 2249 1514 2276 καὶ
1528 2250 1712 2285 ἑϐδομήκοντα
1724 2249 1835 2284 στελέχη

1047 2295 1185 2330 φοινίκων.
1217 2294 1405 2330 Παρενέϐαλον
1430 2294 1459 2321 δὲ
1486 2295 1543 2321 ἐκεῖ
1569 2296 1614 2321 ἐπὶ
1642 2295 1675 2321 τὰ
1701 2294 1796 2322 ὕδατα.
1824 2303 1833 2319 ι

1048 2341 1143 2376 ’Δθρει
1156 2341 1188 2376 δὴ
1205 2338 1251 2367 οὖν
1265 2339 1323 2372 πῶς
1335 2340 1384 2367 οὐκ
1400 2340 1582 2375 ἀγυμνάστως
1595 2339 1693 2371 αὐτοὺς
1705 2339 1837 2375 λελυτρω-

1048 2387 1155 2422 μένους,
1170 2386 1230 2413 οὐδὲ
1243 2386 1282 2421 τῷ
1302 2386 1352 2421 τῆς
1371 2386 1504 2421 εὐθυμίας
1521 2386 1711 2422 ἐντρυφῶντας
1728 2386 1833 2417 πλάτει,

1049 2432 1284 2467 παρακομίζεσθαι
1306 2431 1373 2468 πρὸς
1390 2431 1419 2458 τὸ
1440 2432 1560 2467 ῥᾴθυμον
1573 2432 1681 2467 ἐφίησιν
1697 2433 1834 2467 οἰκονομι-

1049 2478 1116 2512 κῶς,
1134 2478 1176 2505 ἵνα
1191 2478 1227 2514 μὴ
1244 2478 1314 2505 κατὰ
1329 2478 1415 2514 βραχὺ
1431 2478 1498 2514 πρὸς
1513 2478 1598 2514 λήθην
1613 2479 1697 2510 ιόντες
1712 2479 1759 2505 τοῦ
1775 2478 1834 2506 δια-

1049 2523 1146 2555 σώζειν
1167 2523 1312 2558 ίσχὺοντος,
1328 2524 1367 2555 εἰς
1383 2524 1433 2559 τὴν
1447 2525 1476 2551 ὲν
1497 2524 1627 2559 Αἰγύπτῳ
1645 2524 1777 2559 πλάνησιν
1792 2524 1835 2550 εὐ-

1049 2569 1134 2601 κόλως
1152 2570 1373 2605 ὑπονοστήσειαν.
1388 2570 1549 2605 Συλλέγουσι
1563 2570 1617 2606 γὰρ
1637 2571 1663 2597 oi
1679 2570 1754 2597 πόνοι
1769 2570 1836 2605 πρὸς

1047 2617 1123 2643 Θεόν.
1138 2617 1191 2642 Καὶ
1205 2616 1269 2649 γοῦν
1280 2617 1294 2642 ὸ
1309 2617 1451 2651 προφήτης
1467 2617 1549 2652 φησίν
1561 2625 1568 2631 ·
1588 2627 1597 2642 ι
1617 2617 1712 2652 Κύριε,
1732 2617 1760 2642 ὲν
1780 2616 1833 2642 θλί-

1047 2661 1287 2697 ψει,ὲμνήσθημέν
1303 2670 1359 2694 σου,
1369 2662 1397 2688 ὲν
1406 2662 1494 2697 θλίψει
1504 2664 1589 2698 μικρᾷ
1603 2664 1620 2698 ἡ
1637 2661 1772 2698 παιδ[ε]ία
1789 2670 1834 2688 σου

1048 2708 1124 2742 ἡμῖν.
1149 2718 1157 2732 ι
1175 2708 1292 2743 Μαχρὰν
1305 2709 1451 2744 τοιγαροῦν
1467 2710 1514 2736 καὶ
1527 2709 1624 2744 διψάδα
1645 2709 1759 2740 διιόντες
1773 2709 1834 2743 γῆν,

1050 2755 1078 2780 ὲν
1093 2755 1187 2781 σπάνει
1203 2754 1328 2788 γεγόνασι
1341 2755 1394 2781 τῶν
1410 2756 1565 2790 ἀναγκαίων
1579 2757 1616 2788 εἰς
1631 2755 1714 2791 ζωήν.
1734 2755 1769 2781 Οὺ
1782 2754 1835 2790 γὰρ

931 2869 934 2873 .
954 2855 1022 2878 \'\".‘l_
1043 2847 1082 2873 lli.
