1999 3056
164 166 215 195 ιάζὶ

667 165 923 196 GLAPHYRORUM
945 169 977 195 IN
999 167 1141 195 EXODUM
1161 167 1225 194 LIB.
1245 167 1278 194 Π.

1736 169 1788 198 Ηδ

162 224 289 259 εῖρισκον
306 223 377 258 ὕδωρ
400 222 468 249 ὥστε
494 223 580 249 πιεῖν·
605 225 835 260 παρατεινομένου
853 225 880 251 δὲ
901 224 948 251 τοῦ

1000 232 1117 259 cumque
1136 224 1162 251 in
1184 224 1294 251 tertium
1311 231 1396 258 usque
1411 224 1482 252 diem
1497 225 1690 253 sustinuissent
1705 227 1788 260 sitim,

161 270 242 304 διψᾷν
259 269 306 296 καὶ
320 269 359 299 είς
373 269 469 303 τρίτην
487 268 603 303 ἡμέραν,
624 269 699 304 μόλις
721 270 812 301 αὐτοῖς
828 269 951 306 εὑρίσκε‹

161 325 206 342 ται
219 315 249 341 τὸ
262 313 437 349 ποθούμενον.
457 314 525 341 ’Δλλ’
537 312 570 349 ἦν
583 315 629 341 καὶ
644 315 723 342 τοῦτο
737 315 871 351 ἄχρηστον
884 324 950 342 παν-

161 361 256 392 τελῶς.
274 361 375 396 Πικρδν
390 360 445 396 γὰρ
462 361 491 387 τὸ
506 362 619 398 Μερῤἆς
636 359 670 397 ἦν
686 361 768 398 ὕδωρ,
786 362 832 388 καὶ
848 363 903 394 τοῖς
916 361 950 388 δι-

160 407 248 442 ψῶσιν
264 407 314 433 οὐκ
333 407 453 441 ἀσφαλὲς
468 407 507 439 εἰς
523 416 554 442 γε
573 407 603 434 τὸ
615 407 753 440 δύνασθαι,
772 408 853 443 φησὶν
866 428 873 439 ,
894 408 951 434 δια-

160 453 255 488 δρίναι
281 452 409 486 θάνατον·
429 452 591 488 δυσφοροῦσί
616 462 646 479 τε
669 453 810 484 ἐντεῦθεν,
834 453 881 479 καὶ
903 452 950 479 τοῦ

162 499 273 534 μεσίτου
296 498 546 534 κατακεκράγασιν·
572 498 647 525 ἀλύει
667 499 696 526 δὲ
718 500 732 526 ὁ
755 499 866 534 Μωσῆς.
884 498 950 524 Εἶτα.

160 543 208 570 τοῦ
223 543 311 570 πάντα
329 543 428 574 εἰδότος
444 543 511 569 Θεοῦ
529 543 607 576 ξύλον
623 544 698 579 αὐτῷ
720 542 930 579 παραδείξαντος
943 563 949 574 ,

160 589 290 624 ἐμϐάλλει
304 589 361 620 τοῖς
376 587 469 622 ὕδασι,
486 588 521 614 τὰ
535 588 564 614 δὲ
585 588 743 623 παραδόξως
763 589 801 620 εἰς
818 587 903 622 γλυκύ
920 596 950 614 τε

162 634 209 660 καὶ
226 634 410 669 ποτιμώτατον
434 634 609 669 μεθίστανται
632 635 715 669 νᾶμα.
743 633 950 665 Ἐκπεπωκότες

159 677 206 705 οὖν
224 680 271 706 καὶ
288 678 476 714 ὠφελημένοι,
496 679 686 715 τεθαυμάκασι
707 679 755 714 τὴν
775 679 948 714 Θεοσημείαν,

161 725 382 760 παρεμϐάλλουσι
407 725 477 760 μετά
490 724 569 752 τοῦτο
593 726 638 752 καλ¹
657 727 757 760 πηγαῖς
777 725 880 753 ὑδάτων
901 725 951 752 δώ-

159 771 243 803 δεκα,
263 770 327 798 ἔνθα
342 770 390 797 καὶ
414 769 599 806 ἐϐδομήκοντα
617 771 730 806 στελέχη
753 771 881 806 φοινίκων
903 769 948 806 ἦν.

160 816 364 851 Κατηυλίξοντο
375 816 403 843 δὲ
415 816 474 842 τότε
489 816 646 851 τρυφῶντες
661 816 727 843 ἐκεῖ.
745 816 804 843 Ὅτι
820 816 909 844 τοίνυν
922 817 951 843 ὲν

160 862 251 888 πίστει
269 862 315 889 καὶ
329 862 378 897 οὺχ
392 862 493 897 ἑτέρως
509 863 599 898 εὑρεῖν
611 860 644 898 ἦν
658 857 786 889 δύνασθαι
798 863 848 898 τῆς
863 871 950 897 σωτη-

162 909 224 942 ρίας
234 908 284 944 τὴν
295 908 363 940 ὁδὸν,
373 908 416 935 διὰ
428 909 507 940 σκιᾶς
519 909 566 935 καὶ
575 908 668 935 τύπων
681 908 862 944 ἐπληροφόρει
872 908 948 940 θεός.

161 953 297 989 Ταύτῃτοι
325 953 370 980 καὶ
399 952 512 988 σφάζειν
537 954 679 981 ἐκέλευσεν
702 955 730 980 ὲν
751 953 881 989 Αἰγύπτῳ
905 953 950 980 τὸν

160 1000 257 1034 ἀμνὸν,
276 1000 322 1026 καὶ
337 1001 475 1027 πιστεύειν
491 999 596 1035 ἤθελον,
612 1001 654 1027 ὅτι
667 1000 707 1036 τῷ
722 1001 818 1036 αἵματι
834 1009 951 1027 κατακε-

160 1046 314 1081 γρισμὲνοι,
323 1046 368 1072 τὸν
388 1047 445 1078 τοῖς
465 1046 646 1081 πρωτοτόκοις
669 1047 871 1082 ὲπερῤιμμένον
891 1046 950 1072 δια-

161 1091 322 1126 κρούσονται
335 1091 460 1119 θάνατον.
484 1093 518 1118 Ἣ
540 1092 593 1127 γὰρ
608 1092 669 1127 οὐχὶ
686 1092 752 1127 φαίη
775 1101 816 1125 τις
836 1092 881 1123 ἂν,
903 1091 950 1118 καὶ

163 1137 237 1172 μάλα
252 1138 373 1169 εὶγὸτως,
393 1138 433 1164 ὅτι
453 1138 657 1174 προγύμνασμα
672 1139 789 1170 πίστεως
802 1139 832 1165 τὺ
848 1138 950 1174 δρώμε-

161 1192 208 1209 νον
224 1180 269 1218 ip;
280 1183 346 1210 Τίνα
358 1183 410 1218 γὰρ
422 1183 464 1215 ἂν,
475 1185 533 1210 εἰπέ
544 1193 600 1219 μοι,
609 1185 708 1220 τρόπον
719 1184 950 1220 κατορῤωδήσειεν

161 1230 177 1255 ὀ
196 1229 312 1261 θάνατος
328 1230 463 1265 προϐάτου
480 1230 602 1264 way-qv;
622 1229 691 1256 Ἀλλ’
707 1227 740 1265 ἦν
755 1230 905 1264 μυστηρίου
918 1228 949 1254 τὸ

161 1275 257 1309 χρῆμα
273 1275 367 1306 τύπος.
387 1275 529 1310 Ἐκρύεται
548 1275 603 1310 γὰρ
624 1276 638 1301 ὁ
660 1275 779 1311 Χριστος
798 1275 894 1310 αἵματι
910 1273 949 1309 τῷ

163 1321 221 1355 ἰδίῳ
235 1321 298 1352 τοὺς
310 1321 492 1356 ἡγιασμένους
504 1322 531 1348 ὲν
546 1321 644 1352 πίστει,
659 1320 706 1347 καὶ
721 1320 834 1347 θανάτου
847 1319 949 1355 φθορᾶς

161 1366 305 1400 ἀποφαίνει
319 1366 483 1401 κρείττονας.
499 1366 532 1393 Τί
551 1366 580 1393 δὲ
594 1366 625 1401 δὴ
643 1366 724 1392 πάλιν
737 1365 795 1392 ἐστὶ
809 1365 838 1391 τὸ
855 1364 902 1391 ἐπὶ
915 1366 947 1400 τῇ

161 1412 277 1447 Μερῤᾇν
295 1411 360 1446 φέρε
374 1411 498 1447 λέγωμεν
515 1411 551 1443 ὡς
565 1411 614 1438 ἔνι.

198 1455 230 1491 β’.
243 1456 336 1483 ’Υδατι
346 1456 391 1482 τὸν
403 1456 472 1483 θεῖον
483 1456 645 1492 παρεικάζει
653 1456 756 1492 λόγονή
770 1457 949 1490 Θεόπνευστος

160 1501 266 1537 Γραφή.
282 1501 386 1538 Ὥσπερ
400 1502 453 1536 γάρ
469 1503 525 1529 ἐττι
540 1503 673 1538 σωμάτων
689 1502 819 1534 ζωοποιδν
834 1502 864 1529 τὸ
877 1502 948 1538 ὕδωρ

161 1548 191 1574 τὸ
211 1548 352 1584 αἰσθητόν·
366 1547 438 1574 οὕτω
452 1549 499 1574 καὶ
514 1549 526 1575 ὁ
543 1548 613 1580 θεῖος
629 1549 653 1575 εί
666 1548 805 1575 καθίκοιτο
818 1548 895 1583 λόγος
908 1550 948 1580 εἰς
961 1562 982 1590 c

161 1593 234 1624 νοῦν,
244 1593 388 1630 ὀνήσει[εν]
400 1594 432 1621 ἂν
442 1595 471 1620 οὺ
486 1594 602 1630 μετρίως
618 1594 709 1620 αὐτόν.
721 1594 865 1630 Τοιγάρτοι
875 1595 923 1621 καὶ
934 1596 948 1621 ὁ

160 1639 277 1674 Χριστὸς
297 1640 357 1670 ταῖς
380 1639 513 1665 Ἰουδαίων
533 1639 644 1673 ἀγέλαις
668 1639 826 1674 προσλαλῶν
850 1640 948 1666 ἀνακε-

160 1685 268 1719 κράγῖι,
284 1684 387 1718 λέγων·
405 1694 414 1710 (
435 1685 467 1711 Εἴ
478 1693 519 1726 τις
534 1685 607 1720 διψᾷ,
621 1685 742 1720 ἐρχέσθω
756 1685 823 1720 πρός
839 1694 884 1720 με,
901 1685 948 1711 καὶ

161 1730 270 1757 πινέτω.
291 1740 300 1756 ι
321 1730 375 1756 Καὶ
395 1730 462 1765 πρός
477 1739 507 1764 γε
527 1730 575 1766 τὴν
592 1732 708 1765 γυναῖκα
725 1731 756 1757 ὲκ
773 1731 946 1767 Σαμαρείας,

163 1785 172 1801 ι
183 1775 240 1802 Kal
253 1776 305 1807 na;
317 1777 331 1802 ὁ
346 1776 430 1802 ¹ιτίνων
445 1776 476 1802 ἐκ
489 1775 535 1802 τοῦ
547 1776 641 1808 ὕδατος
656 1776 762 1808 τούτου,
776 1776 883 1811 διψήσει
896 1777 947 1802 τιά-

160 1822 202 1847 λιν
212 1830 219 1836 ·
234 1821 263 1852 ὃς
275 1821 297 1848 δ’
310 1820 342 1848 ἂν
358 1821 406 1857 πίῃ
418 1822 448 1847 ὲκ
459 1820 506 1847 τοῦ
518 1820 612 1852 ὕδατος
625 1818 654 1848 οἴ)
664 1820 718 1854 ὲγὼ
729 1820 806 1847 δώσω
821 1820 905 1855 αὐτῷ,
917 1820 946 1846 οὐ

163 1867 200 1902 μὴ
211 1867 318 1902 διψήσει
331 1868 370 1898 εἰς
380 1867 424 1893 τὸν
436 1866 530 1893 αἰῶνα.
546 1876 555 1892 ι
570 1866 647 1902 Ἀρτι
659 1867 747 1893 τοίνυν
758 1867 781 1892 οἱ
793 1867 822 1898 ἐξ
840 1866 947 1902 Ἰσραὴλ

160 1913 210 1947 τὴν
221 1912 333 1947 θεομισῆ
350 1912 403 1939 τῶν
416 1912 570 1946 Αἰγυπτίων
586 1912 699 1946 ἀφέντες
720 1912 858 1947 λατρείαν,
883 1921 947 1947 μετ-

161 1959 253 1985 ἑἾεντο
264 1961 323 1991 ταῖς
339 1959 461 1994 γνώμαις
475 1960 515 1990 εἰς
530 1959 559 1985 τὸ
574 1959 745 1994 τελεσφορεῖν
761 1959 832 1994 ἆπερ
841 1958 873 1984 ἂν
886 1958 947 1993 βού-

161 2005 233 2031 λοιτο
248 2004 323 2036 θεός.
347 2005 415 2031 Ἀλλ’
436 2004 511 2031 οὔπω
532 2006 587 2037 τοῖς
602 2005 705 2032 ἄνωθέν
725 2014 754 2031 τε
774 2004 948 2039 πεπαιδαγώ-

162 2058 259 2085 γηνται
278 2050 380 2085 νόμοις,
396 2050 471 2077 οὗπω
486 2050 539 2078 τῶν
552 2050 654 2086 νοητῶν
672 2051 775 2077 ὑδάτων
793 2050 947 2085 ἀπογευσά-

164 2105 248 2131 μενοι,
263 2098 402 2133 μονονουχὶ
416 2097 496 2133 ξηρὸν
508 2098 555 2124 καὶ
569 2097 730 2133 δεδιῴηκότα
744 2098 790 2125 τὸν
802 2097 863 2125 νοῦν
877 2095 948 2132 εἶχον

161 2144 190 2169 ἐν
211 2144 326 2174 ἑαυτοῖς.
349 2141 415 2170 Εἶτα
433 2144 509 2179 μόλις
530 2145 773 2179 περιτυγχάνουσιν
787 2146 819 2180 τῇ
835 2145 946 2180 Nape;-

160 2188 219 2215 ἀλλ’
248 2189 298 2215 οὐκ
325 2188 454 2224 ἠδύναντο
482 2190 554 2215 πιεῖν
579 2189 666 2225 ὕδωρ·
695 2190 794 2225 πικρὸν
821 2190 874 2225 γὰρ
901 2188 945 2224 ἦν.

1001 273 1047 299 vix
1064 271 1174 299 tandem
1188 278 1269 305 quam
1288 270 1481 297 desiderabant
1501 277 1673 305 receperunt.
1692 272 1748 299 Imo
1762 280 1789 300 et

1001 318 1059 345 hate
1075 323 1135 345 erat
1151 325 1262 352 prorsus
1283 316 1388 344 inutilis
1403 317 1436 344 ad
1453 316 1612 343 bibendum.
1633 317 1700 344 Cum
1716 318 1788 344 enim

1001 370 1071 397 aqua
1083 362 1196 389 Merrhze
1206 367 1278 389 esset
1287 369 1387 393 amara,
1399 365 1426 389 et
1439 361 1596 389 bibentibus
1609 369 1705 397 parum
1721 366 1788 392 tuta,

1002 408 1132 435 nimirum
1144 408 1177 435 ad
1188 412 1303 435 mortem
1317 407 1510 442 elTugiendam,
1524 407 1637 434 moleste
1648 407 1675 434 id
1686 407 1787 438 ferunt,

1001 459 1082 489 atque
1102 454 1129 480 in
1146 453 1323 481 mediatorem
1346 461 1425 480 suum
1447 453 1651 480 debaccliantur
1672 462 1679 479 :
1702 453 1790 480 MOSes

1001 506 1067 526 vero
1081 506 1197 526 mmrore
1216 498 1393 526 adiciebatur.
1408 498 1475 526 Cum
1491 506 1556 525 vero
1567 498 1649 529 Deus,
1665 498 1712 532 qui
1728 505 1787 524 om-

1001 544 1046 570 nia
1068 544 1153 576 novit,
1174 543 1339 570 ostendisset
1363 543 1388 570 ei
1409 543 1522 579 lignum,
1538 543 1655 578 conjecit
1675 542 1741 569 illud
1760 543 1788 570 in

1001 597 1095 624 aquas,
1113 597 1173 624 quae
1187 589 1349 618 miraculose
1361 589 1512 616 redduntur
1527 589 1621 616 dulces
1636 593 1664 616 et
1679 588 1787 624 potabi—
1833 585 1837 588 “

1001 636 1050 663 les.
1064 636 1123 663 Poti
1134 643 1208 670 ergo,
1220 639 1248 662 et
1258 634 1309 662 ﬁde
1320 635 1471 662 conﬁrmati
1489 634 1705 669 (admirabantur
1714 634 1787 661 enim

1001 681 1069 709 illud
1084 681 1207 708 divinum
1222 680 1351 716 signum),
1361 685 1588 708 castrametantur
1602 680 1673 715 apud
1685 680 1788 707 duode—

1001 728 1054 755 cim
1068 727 1166 759 fontes,
1182 727 1227 754 ubi
1243 732 1271 754 et
1289 727 1458 761 septuaginta
1477 727 1574 761 stirpes
1586 730 1666 754 erant
1683 727 1786 762 palma-

1002 781 1072 800 rum.
1089 773 1335 800 Commorabantur
1347 777 1437 799 autem
1460 771 1496 799 ibi
1518 771 1686 799 deliciantes.
1709 771 1788 805 Quod

1002 819 1084 854 igitur
1096 819 1123 845 in
1138 819 1201 850 ﬁde,
1217 822 1244 846 et
1257 826 1390 853 nusquam
1402 817 1467 845 alibi
1484 817 1568 852 possit
1585 817 1702 845 inveniri
1717 817 1792 844 salu-

1003 864 1038 893 tis
1051 864 1105 897 via,
1122 864 1193 891 Deus
1217 871 1264 898 per
1283 864 1408 890 umbram
1430 867 1457 890 et
1472 867 1549 898 typos
1564 863 1720 898 plenissime
1736 862 1785 890 do-

1002 910 1067 937 cuit.
1081 910 1198 944 Ideoque
1212 914 1239 935 et
1253 909 1280 935 in
1292 908 1531 944 [Egyptojubebat
1545 916 1642 943 agnum
1663 909 1785 939 mactari,

1001 961 1028 983 ct
1041 955 1116 983 credi
1129 955 1248 986 volebat,
1264 954 1337 989 quod
1355 954 1485 989 sanguine
1502 953 1578 981 tincti
1598 958 1713 981 mortem
1729 954 1785 988 pri-

1000 1001 1145 1037 mogenitis
1165 1001 1265 1028 illatam
1281 1009 1295 1027 a
1309 1008 1337 1027 se
1352 1000 1491 1034 depulsuri
1505 1003 1604 1027 essent.
1620 999 1697 1027 Dicat
1712 999 1785 1026 enim

1000 1047 1072 1082 quis,
1089 1055 1179 1081 neque
1194 1046 1304 1081 injuria,
1320 1046 1393 1081 quod
1407 1046 1464 1073 haec
1479 1053 1522 1073 res
1535 1049 1610 1080 gesta
1624 1045 1706 1072 fuerit
1716 1053 1785 1080 pra:-

1000 1090 1105 1118 ludium
1130 1089 1203 1117 ﬁdei.
1223 1089 1283 1122 Quo
1305 1094 1399 1124 pacto,
1423 1090 1553 1121 obsecro,
1570 1089 1692 1116 timuerit
1713 1096 1786 1116 mors

1000 1137 1061 1172 agni
1080 1136 1291 1163 mactationem?
1302 1135 1403 1163 Verum
1422 1135 1474 1162 hoc
1491 1134 1613 1171 mysterii
1628 1139 1708 1171 typus
1724 1134 1783 1161 fuit.

999 1182 1066 1209 Nam
1084 1181 1209 1209 Christus
1230 1190 1280 1209 suo
1297 1182 1426 1217 sanguine
1439 1189 1502 1208 vere
1515 1181 1597 1216 eripit
1610 1182 1636 1208 in
1652 1181 1704 1208 fide
1723 1189 1785 1208 san-

1000 1227 1142 1259 etiticatos,
1157 1231 1185 1254 et
1202 1227 1297 1254 mortis
1311 1227 1484 1262 corruptione
1503 1234 1550 1254 eos
1566 1226 1721 1261 superiores
1738 1226 1785 1266 dc—

1000 1272 1093 1300 clarat.
1111 1272 1246 1299 Caeterum
1259 1272 1339 1307 283
1352 1272 1417 1306 quid
1433 1272 1485 1299 sibi
1498 1272 1556 1299 vult
1571 1272 1647 1305 illud,
1661 1271 1733 1307 quod
1750 1271 1785 1300 ad

1000 1317 1134 1345 Merrham
1147 1317 1264 1345 accidit?
1278 1325 1327 1353 age
1342 1325 1393 1352 pro
1405 1317 1476 1344 virili
1494 1317 1627 1345 dicamus.

1034 1457 1059 1484 Ξ.
1077 1457 1158 1484 Sacra
1173 1456 1313 1491 Scriptura
1330 1461 1469 1491 comparat
1489 1456 1536 1484 Dei
1556 1456 1670 1483 verbum
1691 1464 1783 1492 aquae,

999 1503 1062 1538 quia
1078 1503 1149 1529 sicut
1165 1502 1223 1530 haec
1239 1502 1376 1530 sensibilis
1390 1510 1459 1537 aqua
1474 1502 1592 1529 vivilicat
1606 1510 1730 1537 corpora,
1746 1502 1783 1529 ita

998 1548 1047 1575 Dei
1061 1548 1173 1574 verbum
1192 1547 1214 1575 si
1230 1552 1348 1575 mentem
1369 1551 1489 1574 nostram
1510 1547 1615 1580 subeat,
1629 1548 1702 1575 baud
1724 1556 1783 1575 me—

998 1593 1128 1620 diocriter
1143 1601 1202 1620 cam
1217 1593 1352 1620 refecerit.
1367 1593 1442 1621 Unde
1455 1599 1482 1620 et
1495 1593 1621 1620 Christus
1636 1594 1730 1621 turbas
1737 1593 1784 1621 Ju-

998 1638 1118 1666 dreorum
1142 1638 1284 1673 alloquens
1309 1639 1442 1666 exclamat
1462 1648 1468 1663 τ
1498 1649 1506 1664 ι
1521 1639 1547 1666 Si
1566 1639 1628 1674 quis
1647 1639 1719 1671 silit,
1739 1647 1784 1666 νε-

997 1685 1054 1711 niat
1069 1684 1102 1711 ad
1118 1692 1171 1717 me,
1185 1689 1212 1712 et
1225 1685 1300 1711 bibat
1312 1684 1344 1711 ⁵⁵,
1362 1694 1370 1709 ι
1387 1684 1453 1711 Item
1467 1685 1500 1711 ad
1514 1685 1710 1712 Samaritanam
1722 1693 1783 1712 mu—

996 1730 1198 1765 lierem.inquit
1220 1739 1226 1757 :
1245 1740 1254 1755 ι
1278 1729 1328 1763 Qui
1355 1730 1455 1757 biberit
1476 1738 1509 1758 ex
1529 1731 1581 1758 hac
1604 1739 1687 1766 aqua,
1710 1731 1785 1758 sitiet

997 1777 1114 1809 iterum;
1131 1777 1177 1811 qui
1195 1781 1286 1804 autem
1302 1777 1401 1803 biberit
1416 1784 1448 1804 ex
1464 1785 1534 1812 aqua
1554 1785 1635 1812 quam
1648 1785 1698 1812 ego
1714 1777 1785 1804 dabo

996 1822 1032 1853 ei,
1055 1829 1110 1849 non
1128 1822 1201 1850 sitiet
1223 1822 1248 1848 in
1261 1827 1393 1850 aeternum
1405 1823 1438 1848 ⁸⁷.
1460 1832 1468 1848 ι
1484 1823 1611 1850 lsraelilze
1632 1823 1724 1858 igitur,
1741 1823 1784 1850 di-

998 1869 1080 1896 misso
1098 1868 1207 1903 quidem
1221 1868 1407 1903 {Egyptiorum
1427 1869 1503 1896 cultu
1520 1876 1600 1903 quem
1620 1869 1691 1896 Deus
1705 1877 1784 1896 aver-

997 1919 1082 1947 satur,
1097 1914 1278 1941 traduxerunt
1291 1918 1409 1941 mentem
1425 1922 1512 1946 suam,
1528 1919 1558 1942 ut
1572 1915 1700 1949 deinceps
1711 1914 1784 1949 quod

997 1961 1053 1988 Deo
1073 1965 1216 1995 acceptum
1233 1964 1314 1993 esset,
1331 1964 1466 1994 saperent.
1484 1959 1619 1987 Caeterum
1636 1968 1698 1987 cum
1714 1969 1784 1987 non-

998 2006 1062 2033 dum
1075 2006 1201 2041 supernis
1217 2005 1323 2041 legibus
1338 2010 1430 2033 essent
1445 2006 1555 2038 eruditi,
1573 2006 1688 2033 necdum
1697 2007 1783 2034 intel-

997 2052 1114 2088 ligibiles
1125 2060 1209 2087 aquas
1218 2052 1436 2087 degustaverant,
1447 2052 1562 2087 ideoque
1577 2057 1695 2080 mentem
1707 2053 1784 2087 quasi

998 2097 1102 2124 aridam
1127 2102 1154 2124 et
1171 2097 1339 2124 siticulosam
1366 2097 1392 2124 in
1415 2105 1443 2124 se
1463 2097 1609 2125 habebant.
1635 2097 1737 2124 Deinde
1754 2105 1785 2124 ac

999 2142 1108 2177 quidem
1122 2149 1192 2177 aegre
1203 2142 1367 2176 perveniunt
1378 2141 1523 2173 Merrham,
1536 2141 1582 2168 ubi
1593 2149 1648 2168 non
1660 2144 1786 2176 poterant

999 2196 1097 2223 aquam
1107 2188 1213 2220 bibere,
1228 2188 1291 2223 quia
1304 2191 1362 2215 erat
1379 2195 1479 2215 amara.
1491 2187 1525 2215 At
1541 2191 1716 2222 posteaquam
1727 2187 1784 2214 Mo-

163 2235 279 2261 Ἔπειτα
289 2235 409 2266 Μωσέως
420 2235 450 2261 τὸ
460 2234 537 2268 ξύλον
548 2235 756 2271 ἐμϐεϐληκότος,
768 2235 817 2270 τῆς
827 2235 946 2270 ἐμφύτου

1000 2242 1042 2261 ses
1054 2234 1211 2261 immisisset
1225 2234 1338 2269 lignum,
1354 2233 1445 2261 amisit
1458 2241 1527 2268 aqua
1543 2242 1619 2261 suam
1633 2234 1786 2266 naturalem

161 2281 275 2316 πικρίας
297 2281 327 2307 τὸ
342 2281 414 2316 ὕδωρ
439 2281 633 2315 ἀπηλλάττετο.
655 2281 703 2313 Τίς
724 2279 771 2307 οῦν
793 2282 809 2316 ἡ
834 2280 947 2316 Μερῤἀ;

161 2327 247 2361 Φαίην
262 2327 295 2354 ἂν
314 2327 354 2353 ὅτι
374 2327 403 2353 τὸ
414 2327 534 2362 Γράμμα
557 2327 588 2353 τὸ
605 2327 725 2362 νομικόν.
749 2327 850 2362 Πικρὺς
867 2326 921 2362 γὰρ
935 2327 949 2353 ὁ

162 2371 260 2405 νόμος,
278 2370 356 2407 εἴπερ
374 2371 432 2397 ἐστὶ
446 2371 591 2406 κολαστής.
608 2371 664 2398 Καὶ
686 2371 749 2405 γοῦν
771 2373 785 2398 ὸ
809 2371 950 2402 θεσπέσιος

161 2417 214 2452 ἔφη
234 2417 354 2448 Παῦλος·
374 2426 383 2442 ι
408 2417 555 2452 ’Δθετὴσας
571 2425 613 2448 τις
632 2417 712 2452 νόμον
727 2417 847 2447 Μωσέως
866 2416 949 2452 χωρὶς

162 2461 312 2498 οἰκτιρμῶν
322 2462 368 2488 ἐπὶ
379 2462 454 2489 δυσὶν
467 2462 484 2498 ἦ
497 2463 584 2498 τρισὶν
598 2463 730 2498 μάρτυσιν
741 2462 917 2497 ἀποθνήσκει.
937 2471 945 2487 ι

168 2507 251 2542 Ὀρᾷς
270 2508 311 2534 ὅτι
328 2507 424 2542 πιχρὸς
441 2505 475 2543 ἦν
491 2508 536 2534 καὶ
551 2507 689 2539 δύσοιστος
710 2507 756 2534 καὶ
771 2508 862 2539 αὺτοῖς
878 2507 950 2543 τάχα

164 2561 216 2578 που
229 2554 285 2584 τοῖς
300 2552 422 2579 ἐθέλουσι
441 2552 608 2586 κατορθοῦνς
624 2552 678 2578 Καὶ
689 2551 753 2586 γοῦν
770 2552 794 2578 οἱ
812 2552 950 2578 θεσπέσιοι

165 2599 285 2634 μαθηταὶ
307 2600 361 2629 τοῖς
385 2598 454 2634 μετὰ
475 2599 523 2634 τὴν
543 2599 635 2625 πίστιν
657 2598 804 2626 ἀνάπτουσί
822 2606 896 2629 τινας
914 2598 954 2629 εἰς

163 2645 290 2680 λατρείαν
320 2642 396 2676 αὖθις
419 2645 468 2681 τὴν
494 2645 620 2681 νομικὴν,
649 2645 797 2681 διαρρήδην
825 2644 952 2679 ἔφασκον

168 2700 177 2716 ι
196 2691 253 2717 Καὶ
269 2690 315 2717 νῦν
328 2691 354 2717 τί
368 2691 512 2726 πειράζετε
527 2691 573 2718 τὸν
589 2691 655 2718 Θεὸν
669 2691 801 2718 ἐπιθεῖναι
814 2691 894 2725 ζυγὸν
908 2690 953 2717 ἐπὶ

164 2737 210 2763 τὸν
228 2737 363 2772 τράχηλον
385 2737 440 2763 τῶν
459 2736 598 2772 μαθητῶν,
615 2736 645 2763 ὃν
661 2737 722 2763 οὔτε
743 2737 839 2772 ἡμεῖς.
850 2735 910 2763 οὔτε
929 2737 954 2762 oi

165 2782 281 2817 πατέρες
297 2782 374 2817 ἡμῶν
389 2782 538 2817 ἰσχύσαμεν
547 2782 695 2817 pastini;
713 2792 721 2808 ι
735 2783 788 2809 Καὶ
796 2782 859 2816 γοῦν
871 2783 884 2809 ὁ
900 2791 953 2818 μα-

203 2876 226 2893 ¹⁶
241 2876 319 2904 Joan.
339 2886 382 2904 vn.
397 2877 439 2904 37.

479 2877 498 2892 "‘
515 2877 581 2905 Joan
611 2885 645 2910 ιγ,
667 2877 706 2908 15.
737 2878 757 2893 υ
775 2878 847 2905 Hebr
876 2887 902 2915 χ,
922 2877 966 2904 τε.

1000 2279 1221 2306 amaritudinem.
1231 2279 1359 2312 Qutenam
1370 2283 1458 2306 autem
1467 2283 1508 2306 est
1519 2278 1570 2305 ista
1578 2278 1700 2306 Merrba?
1708 2278 1788 2306 Dixe-

1001 2325 1052 2351 rim
1070 2333 1129 2352 esse
1145 2325 1264 2352 litteram
1280 2325 1404 2360 legalem.
1425 2324 1488 2352 llaec
1500 2324 1574 2351 enim
1595 2324 1693 2351 acerba
1707 2329 1748 2351 est
1760 2327 1789 2351 et

1001 2379 1102 2403 amara,
1117 2374 1211 2405 utpote
1227 2378 1287 2406 qure
1305 2378 1354 2398 nos
1366 2371 1470 2406 puniat.
1486 2370 1555 2397 Hinc
1567 2370 1676 2397 divinus
1688 2370 1789 2397 Paulus

1002 2417 1059 2444 ait:
1076 2427 1085 2442 ι
1100 2417 1297 2452 Transgressus
1315 2418 1448 2453 quispiam
1471 2418 1557 2452 legem
1578 2417 1669 2449 Mosis,
1686 2417 1789 2452 absque

1003 2463 1178 2490 miseratione
1199 2463 1250 2490 sub
1272 2463 1380 2491 duobus
1400 2467 1446 2490 aut
1464 2463 1552 2491 tribus
1574 2463 1690 2490 testibus
1705 2463 1789 2490 mori-

1003 2512 1048 2535 tur
1061 2509 1094 2535 ".
1112 2518 1119 2534 ι
1133 2509 1250 2536 Videsne
1265 2517 1325 2537 eam
1338 2517 1397 2537 esse
1410 2517 1539 2540 amaram.
1554 2513 1581 2536 et
1596 2508 1731 2536 dimcilem
1746 2512 1788 2535 to-

1003 2554 1102 2586 leratu,
1116 2554 1198 2581 etiam
1219 2554 1273 2582 illis
1287 2555 1333 2589 qui
1348 2555 1443 2581 volunt
1457 2563 1516 2582 eam
1532 2562 1595 2582 cum
1609 2554 1711 2581 virtute
1725 2561 1788 2588 per-

1003 2600 1101 2628 ﬁcere?
1114 2600 1191 2628 Unde
1204 2605 1232 2628 et
1252 2601 1337 2628 sancti
1352 2600 1477 2636 discipuli
1498 2601 1587 2635 palam
1608 2600 1735 2627 dicebant
1756 2599 1789 2627 iis

1002 2645 1048 2680 qui
1063 2645 1204 2673 nonnullis
1217 2645 1297 2672 [idem
1316 2646 1371 2681 jam
1390 2646 1556 2673 habentibus
1573 2645 1788 2681 persuadebunt,

1002 2695 1032 2717 ut
1052 2691 1086 2718 ad
1107 2691 1209 2718 cultum
1231 2691 1299 2727 legis
1314 2691 1456 2719 redirent:
1475 2701 1482 2715 ι
1503 2691 1574 2724 Quid
1598 2691 1722 2721 tentatis,
1746 2690 1789 2717 in-

1002 2737 1137 2772 quientcs,
1163 2737 1259 2770 Deum,
1279 2742 1308 2765 ut
1331 2738 1477 2772 imponatis
1491 2738 1585 2772 jugum
1606 2737 1633 2764 in
1653 2737 1787 2764 cervicem

1002 2783 1210 2818 discipulorum,
1227 2783 1298 2818 quod
1319 2792 1406 2819 neque.
1421 2792 1480 2816 nos,
1497 2791 1583 2818 neque
1598 2788 1688 2818 patres
1702 2782 1787 2810 nostri
