1999 3056
201 159 254 187 4H7

717 160 745 188 S.
767 158 905 188 CYRlLLI
925 156 1160 184 ALEXANDRINI
1179 156 1338 185 ARCHIEP.

1779 155 1831 184 H8

202 216 342 250 potuerint
351 217 501 252 portam”.
514 228 522 243 ι
534 216 604 251 Quin
615 221 642 245 et
654 217 750 244 beatus
763 215 866 243 Paulus
879 212 990 240 manda-

1048 211 1138 248 κάριος
1155 212 1259 244 Παῦὶος
1273 212 1461 247 κατακρίσεως
1474 210 1611 237 διακονίαν
1629 209 1762 236 ἀποκαλεῖ
1783 209 1832 243 τὴν

202 264 259 286 tum
277 261 408 295 sapientis
421 261 501 289 Mosis
519 262 666 297 appellavit
683 259 865 288 ministerium
877 258 992 285 damna-

202 306 294 333 tionis.
304 307 342 334 lta
353 308 426 334 enim
437 308 490 335 ait:
505 318 513 333 ‹
524 307 551 335 Si
565 307 748 334 ministerium
758 304 942 333 damnationis
951 308 993 331 est

202 352 230 379 in
242 352 338 387 gloria,
351 357 454 388 quanto
466 354 550 389 magis
560 353 723 381 exuberabit
735 352 920 379 ministerium
949 353 994 388 ju-

201 398 284 426 stitire
297 400 323 426 in
335 400 421 434 gloria
430 400 468 426 ‘°?
483 410 491 423 ι
506 400 550 428 Ait
561 400 633 427 enim
647 399 729 426 etiam
741 399 822 434 paqu
833 402 909 425 ante:
921 408 929 424 ε
939 399 996 425 Lit-

203 449 260 471 tera
273 445 384 478 occidit,
394 447 507 481 spiritus
518 451 609 473 autem
621 445 742 472 vivificat
754 445 786 471 θ’,
800 454 808 470 ι
820 444 993 472 Manifestum

202 494 245 517 est
258 496 349 518 autem
364 492 438 526 quod
456 500 506 527 per
519 493 638 519 litteram
660 491 795 526 intelligat
814 491 911 526 legem,
926 491 996 518 sicut

203 543 251 570 per
261 537 398 571 spiritum,
409 537 560 573 designavit
571 538 674 565 cultum
687 538 868 572 spiritualem,
881 538 933 565 hoc
942 543 993 572 est,

162 608 165 610 _
203 582 390 617 Evangelium.
405 584 522 618 Ideoque
536 584 579 610 lex
591 589 632 611 est
644 584 753 611 acerba.
768 583 836 611 Nam
849 588 877 611 et
888 584 995 612 lllerrha

202 629 348 663 exponitur
357 638 458 656 amara.
475 630 559 657 Porro
585 630 658 665 quod
683 630 828 666 disciplina
848 631 916 666 legis
937 630 995 665 ipsa

202 681 251 708 per
265 674 393 708 seipsam,
410 678 543 709 quatenus
566 674 592 701 in
616 675 686 710 typis
707 674 995 707 consistit,vivitieare

202 726 338 755 nequeat,
366 722 527 749 conﬁrmare
560 730 792 758 supervacaneum
826 726 876 749 est.
900 722 996 750 Nullus

201 766 274 796 enim
293 774 342 801 per
359 767 446 802 legem
461 768 627 803 justiﬁcalur
642 769 714 803 apud
726 768 822 800 Deum,
838 769 908 795 sicut
925 769 995 796 scri—

202 815 278 846 ptum
296 817 347 840 est.
361 812 444 848 284
456 813 508 840 Sed
521 813 594 848 quod
607 814 664 848 ipsa
678 814 721 841 lex
734 818 799 841 tunc
810 813 943 841 etliciatur
956 814 996 840 vi-

201 855 324 887 vificans.
338 862 366 884 et
379 857 534 885 amaritudo
550 867 609 894 quae
621 864 661 887 est
674 859 700 886 in
716 859 818 890 littera,
837 860 959 892 tollatur,
972 860 994 887 si

202 901 258 936 ipsa
273 903 453 937 spiritualiter
469 904 606 931 intellecta
619 903 766 939 patefaciat
778 904 878 932 Christi
893 909 994 941 myste-

203 947 274 974 rium
286 948 359 982 (finis
373 949 447 976 enim
460 950 527 985 legis
537 949 663 977 Christus
674 956 727 983 est,
752 951 777 978 in
793 951 907 978 salutem
921 951 995 978 omni

203 993 326 1021 credenti
338 994 384 1030 “),
395 995 477 1022 etiam
487 995 512 1023 id
525 996 597 1031 quod
611 996 637 1023 in
646 996 754 1023 Mcrrha
768 996 869 1023 factum
882 1001 932 1028 est,
942 1004 997 1024 ma-

205 1039 319 1067 nffestus
341 1044 419 1076 typus
435 1049 495 1068 esse
511 1046 609 1076 potest.
633 1041 748 1077 Lignum
768 1042 842 1069 enim
863 1042 997 1077 signiﬁcat

204 1084 353 1113 Salvatoris
375 1087 461 1114 nostri
486 1095 612 1120 crucem,
637 1093 685 1116 aut
711 1088 798 1123 ipsius
821 1089 994 1124 mysterium,

203 1131 276 1165 quod
290 1140 352 1159 cum
370 1132 404 1159 ab
422 1133 476 1160 illis
498 1134 544 1168 qui
565 1134 616 1161 sub
638 1135 698 1170 lege
721 1140 796 1167 sunt,
812 1134 895 1162 fuerit
919 1143 996 1162 recc-

203 1180 290 1211 ptum,
303 1177 385 1206 dulce
402 1179 485 1206 etiam
503 1180 530 1207 id
551 1180 624 1215 quod
645 1185 685 1207 est
699 1188 832 1213 amarum,
846 1180 996 1213 invenient,

202 1221 266 1256 quia
285 1222 328 1249 lex
340 1231 394 1250 non
407 1228 528 1256 accusat,
548 1232 599 1251 nec
620 1225 699 1259 punit
712 1232 760 1251 eos
776 1225 823 1259 qui
840 1224 957 1252 credunt
971 1225 997 1252 iu

202 1267 353 1301 Christum,
367 1269 413 1297 sed
426 1270 521 1305 potius
536 1278 584 1298 eos
601 1270 732 1302 vivificat,
751 1271 881 1297 translata
897 1275 970 1298 recte
982 1279 997 1298 a

203 1313 283 1341 nobis
296 1312 410 1342 historia
423 1316 456 1343 ad
469 1316 638 1344 intellectum
649 1316 831 1351 spiritualem,
843 1320 870 1343 et
880 1316 998 1344 ducente

203 1359 237 1385 ad
250 1359 399 1393 Christum,
417 1362 464 1396 qui
486 1366 528 1389 est
542 1362 597 1390 vita
612 1367 639 1390 et
653 1362 805 1391 vivificans.
820 1363 898 1391 Tunc
912 1363 996 1395 enim,

203 1406 281 1438 tunc,
292 1406 504 1441 inquam,etiam
518 1408 561 1435 lex
574 1408 686 1435 definiet
699 1409 998 1444 nobisjustificationes

203 1458 231 1482 et
245 1453 358 1490 judicia,
372 1458 466 1488 utpote
481 1462 541 1489 qua:
555 1462 605 1481 nos
622 1457 696 1481 recta
717 1454 800 1482 ducat
819 1454 852 1481 ad
877 1455 903 1481 id
924 1454 997 1489 quod

204 1500 260 1528 Deo
271 1500 369 1535 placet,
385 1499 512 1535 viamque
532 1500 565 1527 ad
589 1508 670 1527 omne
691 1500 764 1535 quod
786 1500 905 1528 salutare
918 1500 998 1528 nobis

202 1551 255 1579 est,
270 1546 396 1574 ostendat
415 1555 421 1573 :
442 1550 524 1581 atque
549 1551 626 1574 extra
644 1547 768 1574 timorem
791 1554 933 1582 poenaeque
949 1555 997 1574 ex-

203 1592 399 1626 spectationem
423 1593 458 1619 sit
477 1593 652 1619 collocatura.
669 1593 713 1619 Ait
734 1593 807 1619 enim
825 1602 830 1619 :
853 1602 862 1617 ι
881 1592 995 1620 Omnem

202 1638 308 1673 plagam
329 1646 410 1673 quam
433 1638 526 1666 induxi
547 1639 574 1665 in
589 1637 740 1674 Egyptios,
757 1646 812 1665 non
829 1638 954 1664 inducam
968 1637 995 1664 in

203 1691 252 1711 vos
267 1684 298 1710 ".
316 1694 324 1708 ι
339 1684 473 1718 Quocirca
487 1692 549 1719 spes
565 1684 698 1711 evadendi
713 1691 820 1719 pinnam
833 1683 886 1711 illis
898 1692 997 1720 propo—

203 1731 255 1757 sita
271 1734 322 1761 est,
336 1730 383 1764 qui
399 1730 558 1766 mysterium
573 1729 674 1758 Christi
693 1730 719 1757 iu
737 1731 795 1765 lege
815 1731 995 1765 comprehen-

203 1786 263 1804 sum
282 1778 432 1812 accipiunt.
456 1777 545 1812 Atque
568 1777 630 1809 hoc,
649 1777 779 1809 arbitror,
801 1781 853 1808 est,
875 1770 947 1814 quod
970 1782 998 1804 et

205 1823 262 1857 ipse
288 1823 412 1850 Salvator
433 1823 502 1850 dixit
524 1823 631 1858 populis
650 1822 805 1850 Judzcorum
824 1822 852 1849 in
875 1826 996 1856 tempore

204 1876 260 1895 sua:
283 1868 513 1903 peregrinationis
535 1878 540 1895 :
568 1878 576 1893 ι
601 1868 698 1900 Amen,
722 1876 800 1895 amen
818 1867 880 1895 dico
902 1867 995 1899 vobis,

204 1915 277 1949 quod
296 1915 385 1941 onmis
401 1914 448 1950 qui
469 1914 544 1942 audit
563 1922 719 1945 sermonem
739 1921 840 1945 meum,
862 1918 890 1941 ct
909 1913 997 1940 credit

206 1961 243 1988 illi
253 1961 299 1996 qui
310 1961 382 1988 misit
393 1969 445 1993 me,
455 1961 537 1989 habet
549 1961 630 1988 vitam
637 1965 777 1992 :clernam,
790 1964 817 1987 et
829 1959 995 1995 injudicium

205 2015 259 2034 non
283 2008 371 2039 venit,
394 2008 440 2035 sed
457 2008 554 2035 transit
577 2016 591 2035 a
614 2012 701 2034 mortc
725 2006 758 2033 ad
776 2006 859 2033 vitam
883 2006 914 2032 ⁸⁵.
941 2006 997 2033 »Ει

206 2062 321 2081 rursus:
341 2064 348 2079 I
365 2054 415 2088 Qui
429 2054 516 2082 credit
534 2055 560 2081 in
577 2054 686 2085 Filium,
704 2060 757 2080 non
777 2052 916 2088 judicatur
931 2053 964 2078 ⁶¹⁵.
984 2062 992 2077 ι

204 2100 272 2128 Cum
283 2101 367 2136 igitur
378 2101 563 2135 receperimus
573 2099 673 2128 Christi
686 2099 906 2134 justificationes,
921 2103 995 2129 tune,

205 2150 281 2179 tunc,
297 2146 453 2181 inquatu,iu
469 2146 539 2173 Elim
552 2145 703 2176 veniemus,
717 2143 790 2179 quod
804 2149 844 2170 cst
862 2143 995 2171 ascensio.

204 2192 393 2227 Transivimus
407 2193 479 2220 enim
495 2200 527 2220 ex
541 2191 626 2220 veteri
639 2190 730 2218 nostra
750 2189 864 2216 infantia
879 2189 906 2215 in
919 2196 996 2215 men-

1043 257 1087 284 διὰ
1097 257 1143 284 τοῦ
1160 259 1298 292 ﬂavo/£2,502)
1312 257 1434 288 Μωσέως
1446 256 1564 290 ἐντολήν.
1581 256 1652 290 Ἔφη
1667 255 1721 290 γὰρ
1733 254 1830 285 οὕτως·

1047 312 1056 327 ι
1079 303 1111 329 Εἰ
1125 303 1179 339 γὰρ
1199 304 1214 339 ἡ
1232 303 1353 330 διακινία
1371 303 1420 336 τῆς
1440 301 1629 336 κατακρίσεως
1651 300 1724 333 δόξα,
1743 300 1832 335 πολλῷ

1046 348 1145 383 μᾶλλον
1169 349 1325 384 περισσεύει
1349 349 1364 383 ἡ
1387 347 1510 374 διακονία
1532 347 1581 382 τῆς
1609 346 1780 382 δικαιοσύνης
1804 348 1832 373 ἐν

1043 394 1117 431 δόξῃ.
1138 405 1146 421 ι
1161 396 1232 429 Ἔφη
1241 395 1267 421 δὲ
1278 395 1324 421 καὶ
1336 394 1458 429 ὲτέρωῦι”
1471 403 1480 419 ι
1493 393 1529 420 Τὸ
1539 393 1656 428 γράμμα
1666 393 1831 425 ἀποκτείνει,

1043 438 1074 465 τὸ
1088 439 1116 465 δὲ
1130 439 1237 474 πνεῦμα
1251 439 1387 472 ζωοποιεῖ.
1405 448 1414 464 υ
1430 438 1551 474 Γράμμα
1563 439 1666 473 στιιιρῶς⁷
1681 437 1758 473 οἶμαί
1770 448 1832 472 που,

1043 485 1089 511 τὸν
1099 486 1190 520 νόμον,
1206 486 1310 522 πνεῦμα
1323 486 1350 512 δὲ
1364 486 1455 517 πάλιν,
1466 485 1516 521 τὴν
1526 486 1553 511 ἐν
1564 485 1697 520 πνεύματι
1707 485 1833 520 λατρείαν

1044 531 1199 564 ἀποκαλῶν,
1216 532 1351 563 τουτέστι,
1365 532 1414 566 τὴν
1424 531 1616 566 εὐαγγελικήν·
1635 531 1732 566 πικρὸς
1752 530 1807 565 γὰρ
1820 531 1834 557 ὁ

1045 577 1134 612 νόμος.
1157 577 1354 612 Ἐρμηνεύεται
1368 577 1395 603 δὲ
1412 577 1498 612 πικρὰ.
1514 576 1560 602 καὶ
1576 577 1591 611 ἡ
1608 576 1713 612 Μερῤἀ.
1731 577 1792 602 Ὀτι
1806 576 1835 602 δὲ

1045 623 1121 657 ἡδιὰ
1138 623 1218 658 νόμον
1240 624 1380 654 παίδευσις
1401 623 1469 658 αὑτὴ
1490 622 1551 649 καθ’
1571 623 1685 658 ἑαυτὴν,
1705 623 1752 649 καὶ
1773 623 1835 649 ὅσον

1044 667 1110 704 ἧκεν
1122 669 1161 700 είς
1170 669 1281 700 τύπους,
1295 669 1435 700 ζωοποιεῖν
1449 669 1496 704 οὺχ
1508 669 1550 695 οἵα
1563 677 1603 701 τε,
1617 669 1647 694 τὸ
1657 668 1834 695 διατείνεσθαι

1045 714 1181 750 περιττόν.
1199 715 1293 746 Οὐδεὶς
1306 714 1360 749 γὰρ
1374 715 1403 741 ἐν
1420 715 1495 750 νόμῳ
1510 714 1660 741 δικαιοῦται
1676 714 1752 750 παρὰ
1765 714 1834 749 θεῷ,

1045 758 1117 784 κατὰ
1128 758 1157 785 τὸ
1172 758 1373 794 γεγραμμένον.
1395 759 1475 786 Ἀλλὰ
1486 760 1533 786 καὶ
1546 760 1626 792 αὐτὸς
1641 760 1718 786 ἔσται
1728 759 1761 795 δὴ
1775 759 1834 786 τότε

1046 815 1180 847 ζωοποιὺς
1204 816 1218 842 ό
1243 815 1341 850 νόμος,
1370 815 1592 850 ἀπαλλαγήσεται
1616 817 1662 843 καὶ
1691 817 1739 852 τῆς
1766 819 1836 844 κατα

1046 860 1164 895 γράμμα
1181 861 1301 896 πικρίας,
1317 861 1340 887 εί
1352 860 1457 894 γένοιτο
1471 861 1669 896 παραδεκτικὺς
1686 863 1836 898 μυστηρίου

1046 905 1092 932 τοῦ
1108 906 1179 932 κατὰ
1191 906 1307 941 Χριστόν
1319 915 1326 921 '
1342 906 1418 938 τέλος
1432 906 1486 942 γὰρ
1502 906 1582 941 νόμου
1601 907 1716 942 Χριστὺς
1729 909 1768 940 είς
1785 917 1836 935 σω-

1046 950 1142 986 τηρίαν
1157 951 1237 978 mur).
1249 951 1414 982 πιστεύοντι,
1427 951 1570 987 νοούμενος
1584 952 1702 987 δηλονότι
1716 962 1837 989 πνευμα-

1046 995 1139 1027 τικῶς·
1151 995 1235 1028 τύπος
1249 996 1271 1023 δ’
1287 996 1320 1023 ἂν
1332 997 1373 1033 εἴη
1388 997 1435 1024 καὶ
1448 997 1523 1023 τοῦδε
1538 998 1625 1033 σαφὴς
1639 999 1668 1025 τὸ
1682 1000 1728 1026 ἐπὶ
1740 1001 1838 1036 Μεῤῥᾷ.

1048 1039 1230 1076 συμϐεϐηκός.
1237 1041 1318 1075 Δηλοῖ
1324 1042 1377 1077 γὰρ
1383 1041 1414 1067 τὸ
1422 1041 1509 1074 ξύλον,
1517 1042 1561 1069 τὸν
1568 1043 1613 1069 τοῦ
1620 1044 1746 1080 Σωτῆρος
1757 1053 1837 1072 σταυ-

1048 1084 1104 1121 ρὸν,
1115 1085 1174 1120 ἦτοι
1190 1086 1219 1111 τὸ
1231 1085 1274 1112 ἐπ’
1288 1085 1362 1121 αὐτῴ
1375 1086 1533 1121 μυστήριον·
1546 1087 1613 1122 ὅπερ
1628 1088 1651 1114 εἰ
1664 1088 1768 1121 γένοιτο
1781 1090 1838 1120 τοῖς

1047 1131 1075 1156 ἐν
1090 1131 1164 1166 νόμῳ
1179 1131 1348 1167 παραδεκτὸν
1358 1153 1365 1165 ,
1383 1132 1469 1166 γλυκὺ
1485 1134 1531 1160 καὶ
1548 1134 1577 1160 τὸ
1593 1133 1689 1168 πικρὸν
1706 1135 1833 1169 εὑρήσου›

1049 1184 1104 1202 σιν·
1123 1177 1153 1203 οὺ
1170 1177 1225 1212 γὰρ
1236 1179 1292 1208 τοῖς
1314 1178 1488 1205 πιστεύουσιν
1504 1179 1543 1210 εἰς
1557 1179 1688 1214 Χριστὶν,
1706 1179 1837 1214 φιλαίτιὸς

1047 1221 1077 1248 τέ
1099 1222 1156 1248 ἐστι
1177 1223 1222 1248 καὶ
1241 1222 1376 1259 κολαστὴς
1392 1224 1406 1250 ὀ
1426 1224 1526 1259 νόμος,
1542 1224 1598 1251 ἀλλ’
1616 1225 1665 1260 ἤδη
1688 1224 1836 1259 ζωοποιὲς,

1049 1267 1307 1304 μεταπλαττομένης
1327 1267 1355 1295 εὖ
1377 1269 1449 1304 μάλα
1466 1270 1515 1305 τῆς
1532 1270 1652 1305 ἱστορίας
1679 1272 1746 1305 ἡμῖν
1769 1271 1837 1306 πρὸς

1049 1311 1165 1348 θεωρίαν
1182 1315 1385 1350 πνευματικὴν,
1401 1316 1447 1341 καὶ
1463 1315 1634 1351 ποδηγούσης
1648 1316 1694 1342 ἐπὶ
1708 1317 1836 1351 Χριστὸν,

1048 1355 1077 1387 ὃς
1090 1356 1146 1382 ἐστι
1160 1356 1216 1392 ζωὴ
1237 1357 1283 1384 καὶ
1299 1358 1440 1390 ζωοποιός.
1457 1359 1523 1386 Τότε
1539 1360 1603 1396 γὰρ,
1620 1361 1680 1387 τότε
1695 1362 1742 1388 καὶ
1756 1362 1838 1397 νόμος

1049 1402 1113 1436 ἡμῖν
1125 1403 1194 1437 ὁριεῖ
1203 1402 1375 1438 δικαιώματά
1387 1413 1416 1431 τε
1426 1405 1473 1432 καὶ
1482 1406 1594 1442 κρίσεις.
1613 1408 1774 1442 ’Λποκομιεῖ
1783 1409 1839 1444 γὰρ

1050 1446 1128 1478 εὐθὺς
1141 1448 1186 1474 ἐπὶ
1201 1448 1231 1474 τὸ
1241 1449 1315 1484 αὐτῷ
1326 1450 1431 1482 δοκοῦν,
1446 1451 1493 1478 καὶ
1507 1451 1555 1487 τὴν
1570 1453 1608 1484 εἰς
1620 1453 1673 1479 πᾶν
1683 1454 1771 1480 ὁτιοῦν
1785 1455 1839 1481 τῶν

1050 1494 1168 1528 ἀρίστων
1181 1495 1334 1528 καταδείξει
1347 1497 1449 1532 τρίϐον,
1468 1498 1520 1530 ἔξω
1536 1507 1564 1524 τε
1582 1499 1716 1534 δειμάτων
1730 1500 1778 1527 καὶ
1791 1501 1838 1527 τοῦ

1050 1539 1210 1571 κολάζεσθαι
1225 1541 1376 1576 προσδοκᾷν
1390 1540 1515 1575 γενέσθαι
1527 1544 1738 1579 παρασκευάζει.
1755 1554 1764 1570 ι
1781 1545 1837 1571 Πᾶ-

1052 1593 1100 1611 σαν
1113 1585 1176 1620 γὰρ,
1191 1587 1267 1620 φησι,
1282 1586 1388 1622 πληγὴν
1402 1588 1434 1623 ἢν
1447 1589 1585 1623 ἐπήγαγον
1600 1591 1656 1621 τιίς
1669 1591 1838 1624 Αἰγυπτίοις,

1049 1631 1099 1658 οὐκ
1113 1631 1205 1664 ἐπάξω
1222 1633 1267 1658 ἐπὶ
1282 1633 1321 1658 σέ.
1343 1643 1352 1658 ι
1372 1633 1475 1660 Οὐκοῦν
1494 1635 1548 1666 τοῖς
1564 1635 1592 1661 ὲν
1610 1636 1684 1671 νόμῳ
1700 1636 1777 1663 τοῦτο
1794 1637 1839 1664 λα-

1051 1677 1128 1704 ϐοῦσι
1141 1678 1300 1714 μυστήριον,
1314 1678 1390 1711 ἐλπὶς
1406 1679 1495 1716 ἀγαθὴ
1511 1681 1557 1707 τοῦ
1569 1682 1743 1716 διαϐήσεσθαι
1757 1683 1837 1710 κάλα-

1052 1731 1102 1749 σιν.
1124 1723 1179 1748 Καὶ
1195 1722 1289 1753 τοῦτο.
1306 1721 1397 1758 οίμσιι,
1409 1723 1482 1750 ἐστὶν
1510 1724 1524 1750 ὅ
1541 1725 1587 1751 καὶ
1605 1725 1684 1757 αὐτὸς
1701 1725 1811 1761 εἴρηκεν
1826 1727 1840 1752 ὁ

1051 1768 1144 1804 Σωτὴρ
1161 1769 1215 1800 τοῖς
1236 1769 1369 1796 Ἰουδαίων
1382 1769 1477 1805 δήμοις
1490 1771 1560 1797 κατὰ
1575 1771 1619 1797 τὸν
1635 1772 1682 1806 τῆς
1694 1772 1838 1806 ἐπιδημίας

1051 1814 1145 1850 καιρόν
1156 1823 1162 1829 ·
1187 1824 1196 1840 ‹
1223 1815 1308 1850 Ἀμὴν
1319 1835 1326 1846 ,
1342 1815 1414 1851 ἀμὴν
1429 1815 1500 1850 λέγω
1518 1817 1592 1851 ὑμῖν,
1612 1817 1653 1843 ὅτι
1672 1818 1685 1844 ὁ
1701 1817 1745 1843 τὸν
1761 1817 1838 1851 λόγον

1053 1868 1103 1894 μου
1127 1859 1251 1893 ἁκούων,
1270 1860 1316 1886 καὶ
1334 1861 1468 1888 πιστεύων
1491 1862 1529 1897 τῷ
1550 1863 1687 1898 πέμψαντί
1712 1872 1762 1899 με,
1783 1863 1839 1898 ἔχει

1051 1906 1123 1941 ζωὴν
1137 1906 1254 1938 αἰώνιον,
1267 1907 1314 1933 καὶ
1324 1908 1362 1939 είς
1373 1909 1462 1943 κρίσιν
1479 1908 1528 1934 οὐκ
1540 1909 1658 1944 ἔρχεται*
1673 1909 1740 1936 ἀλλὰ
1756 1918 1838 1944 μετα-

1051 1951 1166 1986 ϐέϐηκεν
1182 1952 1213 1978 ὲκ
1228 1951 1274 1978 τοῦ
1293 1952 1407 1979 θανάτου
1422 1954 1462 1985 εἰς
1476 1953 1557 1989 ζωήν.
1579 1964 1588 1980 ι
1605 1955 1659 1981 Καὶ
1671 1955 1760 1981 πάλιν·
1776 1965 1784 1981 ‹
1811 1955 1839 1981 '0

1052 1997 1186 2023 πιστεύων
1202 1998 1242 2028 είς
1254 1997 1299 2023 τὸν
1311 1997 1384 2029 Υἱδν,
1399 1999 1429 2025 οὐ
1442 1999 1574 2035 κρίνεται.
1592 2010 1600 2026 ι
1614 2001 1839 2036 Παραδεξάμενος

1050 2042 1138 2068 τοίνυν
1153 2043 1186 2070 τὰ
1199 2043 1368 2080 δικαιώματα
1382 2044 1501 2081 Χριστοῦ
1512 2067 1518 2075 ,
1531 2046 1589 2072 τότε
1606 2046 1648 2081 δὴ,
1662 2047 1721 2072 τότε
1738 2047 1783 2073 καὶ
1799 2048 1839 2078 είς

1058 2087 1150 2122 Ὲλεὶμ
1166 2088 1282 2124 ἥξομεν
1297 2089 1312 2116 ὃ
1330 2091 1403 2116 ἐστιν
1414 2111 1420 2121 ,
1437 2090 1578 2122 ἁνάδασις.
1608 2091 1839 2127 Ἀναειϐαζὸμεοα

1052 2131 1105 2167 γὰρ
1124 2133 1155 2158 ἐκ
1179 2133 1229 2167 τῆς
1251 2134 1368 2169 ἀρχαίας
1395 2134 1472 2170 ἡμῶν
1496 2135 1656 2170 νηπιότητος
1679 2137 1718 2168 εἰς
1740 2136 1839 2171 ἀρτίως

1052 2179 1165 2214 ἔχουσαν
1180 2179 1275 2215 φρένα,
1286 2182 1333 2207 καὶ
1347 2182 1385 2212 είς
1397 2181 1494 2216 μέτρον
1510 2182 1616 2217 ἡλικίας
1631 2182 1677 2209 τοῦ
1692 2182 1840 2218 πληρώμα-

207 2243 259 2266 lem
276 2239 435 2274 perfectam,
448 2245 474 2266 et
492 2239 520 2266 in
540 2245 696 2265 mensuram
713 2236 802 2264 {etatis
818 2234 996 2270 plenitudinis

1051 2235 1096 2258 τος
1113 2226 1158 2253 τοῦ
1178 2226 1296 2262 Χριστοῦ
1318 2227 1553 2262 καταντήσαντες,
1578 2229 1637 2260 ταῖς
1659 2228 1713 2255 τῶν
1737 2229 1840 2264 νοητῶν

204 2286 304 2313 Christi
319 2285 351 2318 ⁸⁸,
366 2285 411 2312 ubi
427 2284 580 2312 incidentes
593 2284 620 2310 in
641 2283 729 2310 fontes
745 2289 879 2316 aquarum
896 2280 998 2307 intelli-

205 2331 329 2365 gibilium
342 2335 448 2358 nostras
461 2330 594 2357 habemus
608 2328 730 2355 delicias.
745 2327 776 2354 Hi
791 2332 883 2355 autem
896 2326 1000 2354 duode—

205 2377 258 2403 cim
272 2376 361 2403 fontes
383 2375 544 2402 describunt
557 2374 637 2401 nobis
649 2374 763 2400 chorum
777 2373 922 2400 duodecim
935 2380 999 2408 apo-

206 2423 350 2454 stolorum,
368 2422 414 2448 ubi
429 2426 457 2448 et
473 2421 645 2456 septuaginta
660 2420 766 2454 stipites
782 2420 934 2455 palmarum
954 2427 998 2446 re-

206 2467 355 2502 periemus.
379 2467 516 2502 Scriptum
537 2471 578 2494 cst
601 2466 672 2494 enim
693 2465 765 2500 quod
786 2466 918 2493 Dominus
938 2469 999 2500 post

206 2517 315 2539 sanctos
326 2512 463 2546 apostolos
476 2522 485 2537 ι
500 2511 651 2547 designarit
668 2511 736 2538 alios
750 2511 922 2545 septuaginta
937 2510 970 2536 ".
987 2519 994 2535 ι

206 2558 283 2591 Quod
298 2562 388 2585 autem
404 2558 489 2586 divini
507 2558 632 2594 discipuli
655 2565 750 2587 revera
765 2558 819 2584 sint
838 2556 938 2588 fontes,
952 2556 999 2590 qui

207 2604 287 2632 nobis
303 2604 425 2631 divinum
447 2609 474 2632 et
496 2605 613 2632 salutare
631 2604 784 2632 scaturiunt
800 2603 913 2630 verbum
926 2602 998 2633 vitae,

207 2650 435 2677 demonstraverit
449 2650 520 2678 Deus
538 2651 571 2677 iis
583 2650 629 2685 qui
644 2650 670 2676 in
691 2649 748 2683 lege
764 2647 905 2683 iustiﬁcati
924 2650 998 2678 sunt,

207 2697 243 2724 ita
256 2697 350 2724 dicetis
363 2705 369 2723 :
388 2707 395 2721 ε
412 2696 523 2724 llaurite
540 2704 635 2731 aquam
649 2703 711 2723 cum
724 2694 817 2721 laetitia
829 2701 860 2719 ex
879 2692 1000 2720 fontibus

207 2742 339 2770 Salutaris
352 2742 384 2769 “".
399 2753 408 2768 ›
421 2743 453 2770 Et
464 2743 497 2770 de
509 2742 606 2777 quovis
618 2746 713 2769 sancto
737 2740 821 2767 David
836 2739 871 2766 ita
883 2737 977 2765 scribit
992 2745 997 2762 :

823 2843 842 2856 ⁶¹
862 2841 927 2867 ibid.
949 2841 974 2867 ii.

790 2877 809 2891 θ’
832 2877 897 2903 Luc.
914 2884 939 2907 x,
958 2876 980 2902 Ι.

243 2844 266 2859 ³⁹
280 2843 337 2870 Art.
361 2853 404 2874 xv.
439 2845 479 2871 10.

208 2880 230 2894 ⁸³
242 2879 320 2906 Joan.
334 2887 372 2912 In,
395 2880 434 2906 I8.

532 2844 554 2858 ‘°
579 2843 598 2869 ll
617 2843 679 2869 Cor.
700 2851 739 2870 Ill.
758 2843 782 2868 9.

491 2881 511 2895 '3"
527 2879 627 2912 Ephes.
650 2886 686 2909 Iv,
712 2877 750 2903 15.

1015 2841 1036 2855 εί
1061 2840 1140 2866 llum.
1167 2847 1192 2866 κ.
1213 2839 1237 2864 ὦ.

1023 2876 1044 2890 θη
1061 2875 1111 2901 lsa.
1131 2882 1176 2906 xu,
1191 2874 1218 2900 5.

1051 2271 1152 2298 ὑδάτων
1171 2273 1273 2306 πηγαῖς
1290 2272 1502 2308 ἐντρυφήσομεν.
1526 2273 1693 2300 Δυοκαίδεκα
1714 2273 1741 2299 δὲ
1761 2271 1839 2300 αὗται

1048 2318 1093 2344 τὸν
1109 2318 1164 2344 τῶν
1180 2318 1264 2352 ἁγίων
1278 2318 1434 2345 ἀποστόλων
1446 2319 1512 2354 ἡμῖν
1530 2320 1736 2354 καταγράφουσι
1748 2321 1837 2355 χορόν

1049 2363 1265 2398 περιτευξόμεθα
1276 2363 1304 2389 δὲ
1315 2363 1427 2394 καὶτοῖς
1438 2363 1624 2399 ἑϐδομήκοντα
1635 2364 1772 2399 στελέχεσι
1786 2365 1840 2390 τῶν

1049 2408 1356 2444 φοινίκων.Γέγραπται
1367 2409 1431 2444 γὰρ,
1449 2409 1489 2435 ὅτι
1507 2410 1575 2444 μετά
1590 2410 1653 2442 τοὺς
1669 2410 1762 2444 ἁγίους
1774 2411 1837 2436 ἁπο-

1049 2454 1157 2486 στό>.ονς
1174 2463 1183 2479 ι
1198 2453 1331 2487 ἀνέδειξεν
1345 2455 1358 2481 ὀ
1372 2454 1474 2490 Κύριος
1490 2454 1599 2490 ἐτέρους
1613 2454 1807 2490 ἑῦδομήκοντα.
1827 2465 1836 2479 )

1050 2500 1110 2526 Ὄτι
1124 2500 1151 2526 δὲ
1166 2499 1254 2535 πηγαὶ
1265 2499 1334 2526 κατὰ
1351 2499 1379 2526 τὺ
1396 2499 1494 2533 ἀληθὲς
1511 2501 1535 2526 at
1553 2499 1692 2526 Θεσπέσιοι
1708 2500 1838 2536 μαθηταὶ,

1047 2548 1093 2574 τὸν
1108 2547 1178 2574 Θεῖον
1194 2547 1259 2582 ἡμῖν
1272 2547 1319 2573 καὶ
1336 2546 1469 2581 σωτήριον
1484 2546 1531 2572 καὶ
1546 2546 1694 2580 ἀναγκαῖον
1711 2547 1750 2578 εἰς
1767 2545 1838 2582 ζωὴν

1049 2592 1229 2627 ἀναῦρύοντες
1241 2592 1330 2626 λόγον,
1347 2591 1533 2625 παραδείξειεν
1549 2590 1581 2616 ἂν
1596 2588 1625 2617 εὖ
1646 2590 1717 2625 μάλα
1740 2593 1794 2622 τοῖς
1811 2593 1838 2617 ὲν

1049 2639 1123 2674 νόμῳ
1135 2638 1354 2672 δεδικαιωμένοις
1370 2638 1383 2663 ὀ
1399 2636 1452 2663 τῶν
1465 2636 1534 2662 ὅλων
1547 2636 1613 2668 Θεὸς
1623 2657 1630 2669 ,
1648 2636 1719 2663 οὕτω
1735 2636 1820 2670 λέγων
1831 2644 1837 2650 ”

1052 2695 1060 2710 ι
1076 2685 1172 2720 Ἀντλή
1178 2693 1239 2711 σατε
1248 2683 1320 2720 ὕδωρ
1330 2683 1388 2718 μετ’
1399 2682 1566 2717 εὐφροσύνης
1579 2683 1609 2708 ἐκ
1619 2682 1673 2708 τῶν
1686 2683 1780 2717 πηγῶν
1792 2681 1838 2708 τοῦ

1050 2731 1197 2766 Σωτηρίου.
1210 2740 1218 2756 ν
1241 2729 1331 2763 Ἀγίου
1351 2729 1378 2755 δὲ
1401 2729 1462 2764 πέρι
1484 2728 1582 2759 παντὸς
1598 2729 1611 2754 ὁ
1627 2728 1768 2760 θεσπέσιος
1784 2729 1839 2754 Με-

1278 2839 1300 2853 ”
1317 2838 1402 2865 Exod.
1432 2846 1476 2869 xv,
1504 2838 1547 2864 '20.
1588 2837 1609 2851 "‘
1633 2836 1710 2863 Joan.
1738 2843 1763 2867 ν,
1793 2835 1835 2862 24.
