1999 3056
147 162 200 191 M9

662 156 922 186 GLAPHYRORUM
940 156 974 183 ΙΝ
994 155 1136 183 EXODUM
1154 155 1218 182 LIB.
1239 155 1271 182 ll.

1728 153 1783 182 450

148 220 243 254 λῳδὺς,
256 228 264 244 ι
282 218 399 248 Δίκαιος,
413 218 504 252 φησιν,
519 217 556 248 ὡς
571 216 657 250 φοῖνιξ
667 215 788 250 ἀνθήσει.
809 225 818 240 ι
833 214 887 241 Καὶ
903 214 938 249 μή

1017 213 1112 241 Justus
1123 217 1152 239 ut
1164 213 1253 247 palma
1266 209 1374 238 llorebit
1388 210 1420 235 ".
1436 219 1445 234 ι
1460 209 1540 244 285
1552 209 1644 244 Neque
1655 217 1720 242 vero
1731 209 1784 237 hoc

150 274 190 291 τοι
207 265 358 300 θαυμάσῃς.
383 264 457 289 Ἐπεὶ
473 263 518 289 καὶ
538 262 616 294 αὐτὸς
636 263 651 288 ὸ
665 261 782 296 Χριστὸς
797 261 831 296 τῇ
853 259 941 295 τοιᾷδε

149 310 246 345 κλήσει
256 307 470 343 κατονομάζεται
481 308 556 342 παρά
566 315 597 341 γε
607 308 640 342 τῇ
652 305 824 340 θεοπνεύστῳ
835 305 940 339 Γραφῇ.

153 357 226 389 Ἔφη
254 354 307 388 γάρ
325 362 376 380 που
401 353 482 380 πάλιν
507 353 523 388 ἡ
545 351 626 387 νοητὴ
650 351 758 386 νύμφη,
778 349 902 377 τουτέστι
926 349 942 383 ἡ

158 400 316 436 Ἐκκλησία,
330 400 393 435 περὶ
406 399 451 426 τοῦ
465 398 568 425 ἄνωθεν
581 399 628 424 καὶ
643 397 672 430 ἐξ
682 395 798 432 οὐρανοῦ
813 394 943 429 νυμφίου,

152 447 225 482 φημὶ
237 447 268 482 δὴ
285 446 414 481 Χριστοῦ·
436 455 444 471 ι
466 443 547 472 Εἴπω
569 443 754 479 Ἀναὸήσομαι
773 442 819 467 ἐπὶ
832 441 870 476 τῷ
885 439 944 473 φοί-

153 501 225 519 νικι·
253 492 383 527 κρατήσω
396 491 449 518 τῶν
472 491 547 525 ὑψῶν
563 490 657 516 αὐτοῦ.
681 499 690 514 ι
720 489 775 515 Ἀεὶ
793 487 848 522 γάρ
872 487 945 512 ἐστιν

153 537 267 568 εὐθαλὲς
283 536 312 562 τὸ
328 535 410 570 φυτὸν
421 555 428 567 ,
444 534 529 569 γλυκύ
547 542 577 560 τε
590 534 637 560 καὶ
653 532 759 568 εὕριζον
769 552 776 564 ,
792 531 839 557 καὶ
853 528 946 555 λελευ-

155 582 297 617 κασμένην
323 581 383 616 ἕχον
410 581 459 616 τὴν
483 579 608 615 καρδίαν.
634 577 818 611 Τοιουτοειδὴς
840 575 866 601 δέ
889 573 946 605 πώς

154 629 229 654 ἐστιν
248 629 261 654 ό
278 627 393 662 Χριστὸς
408 625 524 660 νοητῶς,
539 625 573 651 δι’
588 622 618 651 οὗ
641 623 689 650 καὶ
707 622 766 658 μεθ’
784 619 814 649 οὗ
828 620 867 655 τῷ
888 619 947 654 Θεῷ

154 674 203 700 καὶ
218 674 304 709 Πατρὶ
319 674 335 708 ἡ
352 672 425 709 δόξα,
442 673 490 698 σὺν
504 671 574 706 ἁγίῳ
592 669 731 705 Πνεύματι
749 669 789 700 εἰς
805 667 868 698 τοὺς
883 665 948 693 αἰῶ-

155 729 204 751 νας
217 720 270 746 τῶν
286 718 402 746 αἰώνων.
422 718 520 752 ’Δμήν.

226 786 294 820 Περὶ
310 786 363 813 τοῦ
377 785 494 820 μάννα,
510 783 558 811 καὶ
573 782 627 816 τῆς
643 772 873 816 ὀρτυγομήτρας.

189 843 224 870 α’.
235 843 289 870 Θαυ
295 842 444 878 ματουργεῖ
452 841 479 867 δὲ
490 840 568 867 πάλιν
577 840 590 866 ὁ
600 838 653 865 τῶν
664 839 732 865 ὅλων
744 837 819 868 Θεὸς,
829 837 876 863 καὶ
885 845 948 871 μετ-

994 258 1102 286 mireris
1112 280 1119 292 ,
1135 258 1270 294 siquidem
1285 262 1312 284 et
1330 257 1387 292 ipse
1400 255 1524 283 Christus
1538 255 1565 282 in
1578 255 1664 283 sacris
1674 256 1786 283 Litteris

994 305 1046 332 hoc
1056 305 1167 332 nomine
1180 304 1343 339 appellatur.
1358 303 1401 329 Ait
1413 302 1486 329 enim
1498 301 1564 328 alibi
1576 308 1676 335 sponsa
1687 302 1786 328 intelli-

994 351 1095 386 gibilis,
1104 351 1156 378 hoe
1162 355 1204 378 est
1213 350 1343 381 Ecclesia,
1351 349 1385 376 de
1394 356 1512 383 superno
1522 355 1553 374 ac
1561 346 1664 374 coalesti
1675 354 1785 381 sponso,

994 397 1105 425 Christo
1116 397 1247 424 nimirum
1261 405 1267 423 :
1285 406 1293 421 ι
1309 395 1379 427 Dixi,
1394 394 1545 422 Ascendam
1559 394 1586 420 in
1599 393 1728 428 palmam,
1740 392 1785 419 ob:

997 443 1089 471 tinebo
1105 442 1265 470 altitudines
1279 442 1339 477 ejus
1353 442 1386 467 7°.
1404 451 1411 466 ι
1428 440 1542 474 Semper
1553 439 1626 466 enim
1640 438 1719 465 ﬂoret
1732 437 1788 464 hmc

996 489 1088 521 arbor,
1099 493 1195 523 estque
1207 488 1295 515 dulcis
1306 491 1334 514 et
1348 487 1417 514 bene
1431 485 1562 517 radicata,
1574 492 1634 519 qua:
1645 489 1673 511 et
1683 491 1730 511 cor
1741 484 1789 510 ba-

996 535 1043 562 bet
1055 535 1230 562 candescens.
1244 534 1317 561 Talis
1326 535 1470 570 autemest
1481 531 1607 559 Christus
1617 529 1788 566 spiritaliter,

997 590 1047 618 per
1060 589 1141 617 quem
1151 586 1178 609 et
1188 588 1250 608 eum
1262 588 1316 615 quo
1329 580 1384 607 Deo
1394 579 1467 606 Patri
1480 579 1515 605 sit
1525 578 1610 613 gloria
1621 585 1682 605 eum
1695 580 1789 603 sancto

999 627 1114 663 Spiritu,
1131 627 1157 654 in
1173 626 1272 654 saecula
1283 629 1395 653 aeterna.
1411 624 1507 652 Amen.

1217 776 1256 802 De
1271 784 1370 802 manna
1390 781 1413 802 et
1429 776 1569 802 coturnice.

1036 833 1062 859 1.
1091 832 1154 860 Edit
1175 840 1285 859 rursum
1308 832 1440 859 miracula
1461 833 1543 859 totius
1564 831 1683 862 universi
1706 831 1789 863 Dens,

156 889 213 924 ίησι
230 889 278 924 μὲν
291 876 321 914 Ex
335 876 477 922 δυνέιμεως
509 887 549 916 είς
569 884 695 920 δύναμιν,
706 883 776 910 κατὰ
787 882 816 909 τὸ
829 891 949 917 γεγραμ-

1005 879 1153 913 transitque
1177 878 1211 905 de
1232 877 1334 904 virtute
1355 877 1381 903 in
1408 877 1549 908 virtutem,
1569 876 1639 903 sicut
1657 876 1790 911 scriptum

158 937 252 971 μένον·
270 936 326 965 τοῖς
341 934 368 960 δὲ
378 932 530 969 ἀμηχάνοις
552 931 674 967 εὑρίσκει
691 930 800 964 πόρους,
815 928 865 963 τῆς
882 929 945 954 ἑαυ-

155 980 203 1006 τοῦ
216 979 294 1014 δόξης
309 977 464 1012 ἁπανταχοῦ
478 976 611 1011 προνοῶν,
627 974 674 1001 καὶ
690 973 867 1008 πολυτρόπως
883 973 949 998 ἀπο-

156 1026 262 1056 δεικνὺς
272 1045 278 1057 ,
294 1025 334 1050 ὅτι
355 1024 386 1058 δὴ
414 1023 486 1058 μόνῳ
502 1022 626 1057 μέτεστιν
640 1019 714 1054 αὑτῷ
727 1019 756 1045 τὸ
772 1018 891 1054 ἀμογητὶ
905 1017 950 1044 δύ-

156 1071 253 1098 νασθαι
279 1069 427 1104 κατορθοῦν
451 1069 497 1095 καὶ
519 1067 553 1093 τὰ
577 1066 648 1101 πέρα
672 1065 767 1099 λόγον,
789 1063 837 1090 κα)⁸
853 1061 893 1095 οἷς
916 1062 949 1089 ἃν

156 1117 271 1147 εἰκότως
285 1116 376 1142 ἕποιτο
392 1114 460 1150 πρὸς
474 1113 552 1148 ἡμῶν
568 1112 598 1138 τὺ
611 1109 869 1145 χαταθαυμάζεσθαι
884 1109 948 1140 δεῖν,

157 1163 202 1189 ἵνα
222 1162 266 1188 διὰ
293 1162 401 1188 πάντων
422 1159 508 1195 ὁρῷτο
531 1159 613 1190 Θεὸς,
636 1158 665 1184 οὺ
689 1156 749 1183 καθ’
771 1156 820 1182 ἕνα
841 1155 895 1181 τῶν
918 1155 950 1182 ὲκ

156 1209 255 1243 τέχνης
271 1206 420 1241 ἀνθρώπων
431 1225 437 1234 .
452 1205 535 1240 ἤγουν
551 1203 665 1234 ἀνοσίως
678 1201 868 1237 ἐξῃρημένων,
883 1199 951 1226 ἀλλὰ

157 1255 238 1289 φύσει
254 1262 283 1279 τε
299 1253 345 1280 καὶ
361 1251 478 1286 ἀληθῶς.
507 1249 573 1276 ’Λπὸ
585 1249 638 1284 γὰρ
656 1247 711 1274 τῶν
726 1246 837 1279 ἐνδόξως
851 1246 945 1272 ἀποτε-

158 1299 296 1334 λουμένων
312 1295 493 1332 καταθρήσειὲ
508 1304 550 1326 τις
568 1294 601 1321 ἂν
620 1294 667 1320 καὶ
684 1291 882 1326 ἀταλαιπώρως
906 1298 950 1316 κο-

161 1346 224 1382 μιδῇ
245 1345 293 1381 τὴν
310 1345 446 1379 ἀκήρατον
463 1342 558 1376 φύσιν·
611 1340 742 1374 πρόσεστι
762 1337 811 1371 μὲν
827 1337 864 1368 ὠς
886 1335 951 1362 ἴδιον

159 1392 270 1426 ἀγαθὸν,
283 1391 312 1416 τὸ
328 1389 463 1419 πάναλκές
475 1397 505 1413 τε
523 1387 569 1414 καὶ
584 1387 689 1420 ἄμαχον
713 1384 780 1419 πρὸς
796 1382 850 1409 πᾶν
863 1380 951 1407 ὁτιοῦν

158 1435 197 1465 ὤν
214 1437 247 1464 ἂν
262 1437 347 1463 ἕλοιτο
367 1435 442 1470 δρᾷν.
467 1434 601 1469 Πρόσεστι
623 1431 650 1458 δὲ
666 1430 713 1457 και)¹
730 1429 799 1464 μετὰ
813 1427 906 1454 τούτου
923 1426 952 1453 τὸ

160 1483 331 1516 ἀνεξίκακον.
349 1481 413 1507 Ἴδοι
427 1481 448 1506 δ’
463 1480 495 1507 ἂν
509 1480 523 1506 ὅ
535 1487 606 1513 φημι
617 1497 623 1509 ,
639 1477 686 1503 καὶ
704 1476 775 1512 μάλα
790 1474 892 1508 σαφῶς,
905 1473 953 1499 καὶ

161 1530 190 1556 ὲν
207 1530 262 1559 τοῖς
284 1526 384 1563 ἀρτίως
407 1526 472 1561 ἡμῖν
497 1523 697 1560 προκειμένοις.
713 1521 868 1556 Γέγραπται
886 1519 951 1554 γὰρ,

999 928 1040 952 est
1073 933 1079 950 ε
1110 924 1270 958 exitumque
1305 922 1408 957 reperit
1440 922 1667 957 impossibilibus,
1688 922 1791 956 ubique

999 977 1056 997 suae
1070 969 1163 1004 gloria:
1189 968 1346 1003 providens,
1361 972 1443 1001 atque
1456 967 1633 993 multifariam
1645 967 1794 994 ostendens

999 1016 1089 1051 ipsum
1106 1016 1194 1043 solum
1205 1022 1284 1050 posse
1297 1014 1364 1041 citra
1377 1014 1462 1040 ullum
1475 1013 1596 1040 laborem
1612 1017 1740 1048 praestare
1760 1021 1792 1040 ea

1000 1069 1060 1096 quae
1071 1061 1204 1087 rationem
1219 1064 1359 1094 superant,
1377 1066 1491 1094 qumque
1505 1059 1600 1085 merito
1613 1058 1792 1089 admiramur,

1000 1109 1031 1133 ut
1052 1106 1092 1132 sic
1120 1113 1169 1140 per
1188 1105 1280 1132 omnia
1302 1107 1484 1139 cognoscatur
1500 1103 1582 1135 Deus,
1601 1111 1656 1130 non
1673 1107 1702 1130 ut
1716 1103 1792 1137 quis-

1000 1151 1073 1186 piam
1085 1159 1118 1178 ex
1130 1149 1289 1177 artificiosis
1304 1149 1463 1175 hominibus
1477 1153 1524 1175 aut
1537 1149 1583 1183 qui
1595 1149 1678 1183 impie
1689 1148 1794 1183 aliquid

1001 1196 1177 1226 invenerunt,
1188 1194 1234 1221 sed
1245 1202 1308 1221 vere
1325 1201 1356 1220 ac
1368 1193 1541 1220 naturaliter.
1559 1193 1626 1220 Nam
1639 1193 1718 1220 exiis
1734 1201 1794 1228 qua:

1000 1241 1117 1277 gloriose
1141 1244 1261 1276 praestat,
1287 1239 1416 1266 facillime
1439 1239 1501 1273 quis
1521 1239 1687 1266 intellexerit
1704 1238 1794 1273 perfe-

1001 1287 1150 1327 ctissimam
1178 1286 1263 1321 ipsius
1287 1289 1437 1318 naturam;
1461 1285 1504 1312 cui
1526 1285 1597 1312 inest
1612 1285 1722 1320 quidem
1736 1289 1796 1312 tan-

1002 1339 1084 1367 quam
1099 1332 1241 1366 proprium
1259 1332 1373 1364 bonum,
1395 1331 1604 1365 omnipotentia,
1622 1334 1649 1358 et
1662 1330 1795 1358 invictum

1002 1378 1087 1404 robur
1110 1377 1144 1404 ad
1165 1377 1350 1412 quodcunque
1377 1377 1497 1404 voluerit
1519 1376 1684 1404 faciendum.
1711 1376 1797 1404 Adest

1002 1423 1085 1450 etiam
1104 1423 1215 1457 insuper
1235 1423 1260 1449 ei
1284 1422 1483 1457 longanimitas.
1500 1422 1598 1449 Videas
1617 1425 1707 1448 autem
1723 1421 1796 1456 quod

1004 1469 1076 1500 dico,
1094 1468 1243 1503 etquidem
1254 1468 1399 1495 manifeste
1409 1467 1568 1499 admodum,
1583 1467 1609 1493 in
1623 1466 1656 1494 iis
1669 1475 1729 1502 qua:
1742 1474 1797 1501 prae

1005 1514 1132 1541 manibus
1156 1514 1299 1541 habemus.
1324 1513 1462 1548 Scriptum
1484 1516 1526 1540 est
1543 1513 1639 1539 enim:
1659 1522 1668 1538 ‹
1686 1512 1798 1540 Decimo

162 1576 203 1601 ὅτι
217 1583 226 1600 ι
242 1573 280 1609 Τῇ
295 1571 524 1605 πεντεκαιδεκάτῃ
536 1569 638 1606 ἡμέρᾳ,
650 1567 688 1602 τῷ
701 1567 767 1602 μηνὶ
776 1565 814 1601 τῷ
824 1565 952 1600 δευτέρῳ,

1005 1559 1102 1594 quinto
1117 1558 1162 1586 die
1175 1558 1278 1585 mensis
1293 1557 1417 1590 secundi,
1436 1565 1499 1584 eum
1513 1557 1564 1592 ipsi
1581 1565 1614 1585 ex
1627 1557 1741 1594 Egypto
1756 1566 1799 1585 es-

162 1621 361 1656 ὲξεληλυθότων
384 1619 472 1646 αὐτῶν
494 1619 525 1644 ὲκ
547 1617 599 1652 γῆς
619 1615 775 1650 Αἰγύπτου,
796 1611 954 1647 διεγόγγυζε

163 1669 239 1694 πᾶσα
264 1666 409 1701 συναγωγὴ
437 1665 502 1691 υἱῶν
531 1662 638 1698 Ἰσραὴλ
659 1660 705 1687 ὲπί
729 1668 758 1686 τε
793 1658 881 1693 Μωσῆ
909 1657 955 1684 καὶ

170 1712 293 1749 Ἀαρὼν,
318 1712 365 1739 καὶ
389 1710 464 1737 εἶπον
488 1709 556 1746 πρὸς
578 1708 676 1738 αὐτοὺς
699 1706 723 1732 οἱ
746 1705 799 1731 υἱοὶ
830 1703 953 1739 Ἰσραήλ·

166 1759 282 1794 Ὄφελον
303 1758 474 1792 ἀπεθάνομεν
495 1755 645 1790 πληγέντες
671 1752 723 1779 ὑπὸ
743 1750 846 1786 Κυρίου
869 1750 897 1775 ὲν

165 1804 315 1838 Αἰγύπτου,
338 1803 401 1829 ὅταν
418 1801 584 1834 ἐκαθίσαμεν
612 1797 657 1824 ἐπὶ
682 1795 735 1823 τῶν
756 1794 879 1830 λεϐήτων
902 1792 956 1818 τῶν

166 1851 264 1888 κρεῶν,
284 1850 331 1876 καὶ
357 1848 488 1884 ἡσθίομεν
514 1845 613 1881 ἄρτους
633 1844 674 1875 εἰς
696 1841 871 1876 πλησμονήνῑ
896 1840 956 1865 Ὀτι

167 1886 316 1932 ὲξηγὰγετε
330 1895 403 1930 ἡμᾶς
417 1894 456 1924 εἰς
472 1891 519 1927 τὴν
534 1890 635 1926 ἔρημον
657 1888 758 1923 ταύτην
768 1907 775 1918 ,
798 1886 957 1913 ἀποκτεῖναι

166 1944 258 1970 πᾶσαν
272 1942 321 1976 τὴν
336 1939 496 1973 συναγωγὴν
515 1937 617 1971 ταύτην
632 1936 660 1961 ὲν
673 1934 761 1969 λιμῷς
776 1930 843 1959 Εἷπε
858 1932 886 1958 δὲ
903 1930 958 1958 Κύ-

170 1995 225 2022 ριος
242 1975 308 2020 πρὸς
323 1984 440 2018 Mani-Iw
463 1982 529 2008 Ἰδοὺ
550 1980 605 2014 ἐγὼ
621 1979 660 2005 ὓω
673 1979 735 2013 ὑμῖν
751 1978 850 2013 ἄρτους
865 1978 896 2002 ἐκ
912 1975 958 2002 τοῦ

169 2030 284 2068 οὐρανοῦ
295 2051 302 2063 ,
317 2030 363 2056 καὶ
378 2027 547 2062 ἐξελεύσεται
567 2027 581 2052 ὁ
596 2025 660 2056 λαὸς
670 2044 676 2056 ,
693 2023 741 2051 καὶ
758 2022 913 2055 συλλέξουσι
929 2020 959 2046 τὸ

168 2066 219 2112 τῆς
241 2075 346 2112 ἡμέρας
366 2075 405 2105 εἰς
424 2073 546 2108 ἡμέραν,
569 2072 643 2102 ὅπως
667 2069 789 2105 πειράσω
815 2067 913 2098 αὐτοὺς
935 2066 960 2092 ει

170 2124 350 2160 πορεύσονται
366 2122 394 2147 ὲν
407 2120 445 2155 τῷ
466 2119 540 2154 νόμῳ
558 2126 619 2153 μου.
643 2116 698 2143 Καὶ
721 2116 797 2142 ἔσται
821 2115 852 2149 τῇ
870 2113 961 2149 ἡμέρᾳ

169 2157 215 2206 τῇ⁷
233 2170 316 2206 ἕκτῃ,
341 2167 388 2194 καὶ
411 2165 583 2200 ἑτοιμὰσουσι
605 2163 619 2189 ὃ
636 2162 670 2189 ἂν
693 2157 888 2193 εἰπενέγκωσι,
914 2158 961 2184 καὶ

169 2203 247 2241 ἔσται
268 2203 378 2240 διπλοῦν
393 2211 406 2237 ὃ
429 2210 461 2237 ἂν
488 2207 660 2243 συναγάγωσι
676 2206 706 2232 τὸ
722 2205 782 2232 καθ’
798 2204 903 2239 ἡμέραν
922 2203 961 2233 εἰς

170 2260 287 2295 ἡμέραν.
306 2267 315 2283 ›
331 2258 371 2283 Τὰ
387 2256 435 2290 μὲν
450 2255 505 2289 γὰρ
516 2254 568 2280 τῶν
582 2250 754 2286 Αἰγυπτίων,
771 2248 898 2282 καθάπερ
911 2247 960 2282 ἤδη

172 2305 343 2341 προείπαμεν
354 2324 360 2334 ,
380 2300 521 2336 διολῴλασι
539 2297 711 2334 πρωτότοκα·
730 2294 915 2329 ἐξεπέμποντο
933 2292 962 2318 δὲ

170 2352 220 2387 τῆς
235 2350 325 2385 χώρας
345 2350 369 2375 οἱ
385 2346 539 2382 ὲξΊσραὴλ,
558 2344 629 2375 οὑδὲ,
650 2343 711 2369 ὅσον
729 2342 826 2373 εἰπεῖν,
848 2338 962 2366 ἐπισιτί-

173 2397 270 2423 σασθαι
288 2393 517 2429 συγχωρούμενα.
534 2391 570 2417 Τὸ
584 2390 638 2426 γὰρ
653 2389 727 2420 σταῖς
747 2387 836 2414 αὐτῶν
854 2385 963 2420 ἐξήνεγ-

173 2449 223 2466 καν
234 2440 286 2475 πρὸ
298 2440 345 2466 τοῦ
360 2439 518 2475 ζυμωθῆναι
533 2438 567 2465 τὰ
581 2437 729 2473 φυράματα
744 2434 830 2460 αὐτῶν
841 2433 888 2467 (ll.
898 2432 958 2465 Ἔφ-

173 2485 343 2520 οδιασάμενοι
356 2486 384 2512 δὲ
400 2486 455 2516 τοῖς
470 2483 670 2519 παρατυχοῦσιν
681 2480 782 2511 ἁπλῶς,
797 2478 909 2513 ἐξῄεσαν
930 2478 958 2502 ἐν

175 2532 276 2566 σπουδῇ
288 2551 295 2563 ,
310 2531 357 2557 καὶ
374 2530 402 2555 ὲν
417 2530 467 2564 [σῳ
488 2528 518 2555 τὸ
535 2528 614 2563 δεῖμα
626 2527 682 2557 τοῖς
708 2523 851 2551 διώκουσιν
879 2522 961 2555 Αἰγυ-

174 2579 263 2610 πτίοις
282 2578 329 2604 καὶ
350 2578 406 2608 τοῖς
419 2576 469 2611 τὴν
484 2575 574 2607 δίωξιν
597 2572 785 2607 ὑπομένουσιν.
798 2569 830 2595 Οἱ
848 2567 896 2603 μὲν
911 2567 965 2602 γὰρ

173 2625 230 2655 τοῖς
239 2623 288 2659 ἥδη
304 2622 416 2650 ὀλωλόσι
438 2618 713 2656 προςτεθήίσΠεσθαι
726 2615 904 2652 προσεδόκουν
917 2613 966 2639 οὐκ

174 2671 213 2702 εἰς
228 2658 379 2705 μακρὰν,εἱ
391 2667 427 2703 μὴ
445 2668 499 2698 τοῖς
509 2665 590 2696 θείοις
599 2664 718 2694 εἴκοντες
731 2661 862 2696 νεύμασιν
875 2658 966 2691 ἐξελὰ-

176 2724 252 2742 σαιεν
260 2715 308 2750 τῆς
321 2713 412 2749 χώρας
427 2712 472 2738 τον
492 2710 615 2746 Ἰσραήλ·
632 2709 657 2736 οἱ
671 2709 711 2741 δὲ,
730 2708 755 2734 εἰ
769 2705 966 2741 καταληφθεῖεν

176 2762 318 2800 μέλλοντες
332 2761 381 2788 καὶ
395 2758 574 2793 ἀπολυόμενοι
588 2757 637 2792 τὴν
655 2754 821 2791 ἀναδρομὴν,
836 2752 919 2788 ᾣοντο
931 2752 962 2786 δὴ

175 2797 285 2839 πάντως
299 2807 360 2838 τοὺς
375 2806 417 2832 ἐπ’
432 2805 521 2835 αὐτοῖς
536 2805 592 2835 τοῖς
610 2802 733 2838 ἐσχάτοις
754 2800 862 2834 ἀγῶνας
874 2797 964 2832 εὶσὸή-

214 2867 237 2882 ⁶⁹
245 2865 318 2892 Psal.
337 2872 389 2897 xei,
407 2863 452 2890 15.
490 2863 512 2878 ⁷⁰
525 2861 602 2889 Cant.
618 2869 663 2892 vn,
678 2859 704 2886 8.

743 2858 764 2874 ⁷¹
779 2857 862 2884 Exod.
876 2863 931 2889 xvi,
945 2853 992 2880 1-5

1006 1608 1066 1632 sent
1089 1604 1201 1639 egressi,
1224 1602 1407 1630 murmuravit
1433 1603 1522 1629 omnis
1538 1602 1712 1638 congregatio
1727 1602 1798 1630 lilio-

1006 1657 1066 1677 rum
1089 1649 1169 1676 lsrael
1191 1653 1285 1676 contra
1305 1648 1398 1675 Mosen
1415 1652 1443 1675 et
1466 1648 1565 1681 Aaron,
1583 1653 1611 1675 et
1622 1647 1750 1676 dixerunt
1764 1648 1799 1675 ad

1006 1703 1053 1722 eos
1078 1695 1125 1722 lllii
1149 1694 1232 1721 Israel
1250 1703 1255 1720 :
1272 1693 1383 1721 Utinam
1397 1694 1499 1721 mortui
1512 1701 1634 1721 essemus
1648 1694 1770 1728 percussi
1784 1702 1799 1720 τι

1007 1741 1123 1768 Domino
1133 1741 1159 1767 in
1174 1744 1246 1767 terra
1256 1739 1374 1774 Egypti,
1387 1739 1497 1774 quando
1510 1739 1672 1766 scdebamus
1688 1739 1722 1766 ad
1734 1738 1801 1766 ollas

1007 1787 1142 1817 carnium,
1158 1790 1185 1812 et
1208 1785 1421 1812 comedehamus
1444 1793 1541 1820 panem
1566 1784 1600 1812 ad
1625 1785 1799 1812 satietatem!

1007 1834 1063 1861 Cur
1077 1833 1225 1860 induxistis
1241 1840 1293 1860 nos
1313 1832 1340 1859 in
1361 1832 1502 1860 desertum
1515 1831 1576 1864 hoc,
1594 1834 1624 1858 ut
1639 1830 1802 1858 occideretis

1009 1887 1117 1907 onmem
1143 1878 1382 1913 congregationem
1411 1877 1482 1904 hanc
1503 1876 1682 1903 fame?Dixit
1708 1881 1801 1903 autem

1009 1925 1141 1953 Dominus
1160 1924 1193 1951 ad
1214 1924 1305 1950 Mosen
1320 1931 1325 1949 :
1343 1923 1411 1949 Ecce
1422 1929 1472 1956 ego
1489 1921 1579 1956 pluam
1591 1921 1670 1948 vobis
1684 1929 1767 1956 panes
1786 1929 1802 1948 e

1010 1971 1089 2004 c0310,
1104 1973 1131 1997 et
1146 1969 1303 2005 egredietur
1315 1968 1442 2002 populus,
1456 1971 1484 1993 et
1499 1966 1626 2001 colligent
1639 1967 1711 2001 quod
1729 1967 1803 1994 suill-

1011 2017 1048 2044 eit
1069 2017 1096 2043 in
1109 2016 1169 2042 dies
1184 2014 1306 2049 singulos
1321 2022 1327 2039 :
1345 2016 1374 2039 ut
1392 2016 1494 2039 tentem
1511 2019 1568 2043 cos,
1585 2012 1608 2039 si
1622 2012 1802 2039 ambulabunt

1010 2062 1039 2089 in
1050 2063 1108 2097 lege
1121 2069 1191 2088 mea.
1208 2061 1243 2087 Et
1255 2060 1309 2087 erit
1320 2059 1365 2086 die
1381 2062 1466 2091 sexta,
1478 2062 1504 2085 et
1519 2058 1712 2093 prmparabunt
1729 2059 1802 2093 quod

1012 2108 1129 2135 inferant
1143 2115 1150 2139 ;
1167 2106 1249 2141 286
1270 2109 1297 2132 et
1313 2105 1367 2131 erit
1386 2103 1498 2138 duplum
1514 2103 1572 2138 eius
1584 2102 1655 2138 quod
1674 2103 1804 2138 colligere

1011 2154 1136 2182 solebant
1157 2161 1205 2187 per
1214 2152 1273 2179 dies
1284 2150 1405 2186 singulos
1415 2150 1448 2175 7‘.
1464 2159 1472 2175 ι
1494 2147 1676 2184 Primogenita
1692 2149 1803 2183 quidem

1013 2199 1213 2235 Egyptiorum,
1228 2202 1257 2224 ut
1268 2198 1322 2232 jam
1338 2195 1466 2227 diximus,
1482 2194 1644 2230 perierunt;
1660 2193 1707 2221 sed
1718 2195 1804 2222 Israe-

979 2241 998 2268 D
1014 2246 1069 2273 litm
1085 2245 1154 2272 adeo
1167 2251 1284 2279 propere
1299 2241 1519 2273 dimittebantur,
1537 2245 1566 2267 ut
1582 2248 1615 2267 ne
1631 2239 1730 2267 viatico
1739 2241 1802 2275 qui—

1012 2292 1073 2319 dem
1091 2298 1119 2318 se
1139 2290 1274 2317 instruere
1292 2293 1412 2323 possent.
1428 2286 1553 2314 Farinam
1572 2285 1646 2312 enim
1662 2293 1737 2313 suam
1754 2294 1805 2313 ex-

1012 2338 1147 2368 tulerunt,
1168 2338 1312 2369 antequam
1333 2340 1427 2360 massa:
1439 2336 1530 2359 essent
1541 2331 1720 2364 fermentatm,
1737 2339 1807 2366 quas

1014 2379 1045 2411 in~
1059 2383 1116 2410 suis
1137 2381 1310 2409 vestimentis
1334 2379 1538 2414 eolligaverant.
1567 2377 1681 2412 Sumpto
1712 2377 1805 2412 itaque

1013 2430 1113 2457 viatico
1135 2436 1168 2455 ex
1188 2427 1221 2454 iis
1235 2434 1295 2461 quae
1308 2425 1387 2452 obvia
1401 2428 1491 2456 erant,
1505 2423 1616 2450 exibant
1632 2423 1803 2457 festinanter,

993 2498 996 2501 ι
1015 2480 1043 2503 et
1068 2474 1202 2502 timebant
1225 2473 1276 2500 sibi
1299 2475 1353 2499 tam
1376 2470 1492 2506 [Egyptii
1508 2473 1707 2506 persecutores,
1723 2477 1804 2504 quam

1016 2520 1113 2552 Judaei,
1141 2519 1189 2554 qui
1216 2517 1389 2545 sustinebant
1411 2516 1642 2551 persecutionem.
1666 2515 1733 2542 Nam
1751 2515 1806 2542 illis

1016 2567 1126 2602 quidem
1145 2564 1290 2592 videbatur
1309 2562 1385 2590 brevi
1406 2562 1474 2594 fore,
1494 2566 1523 2589 ut
1542 2561 1733 2597 primogenitis
1748 2561 1805 2596 jam

1014 2612 1164 2648 deperditis
1177 2611 1227 2646 ipsi
1242 2609 1421 2645 adderentur,
1436 2607 1488 2634 nisi
1501 2607 1594 2634 divino
1608 2607 1686 2634 nutui
1697 2607 1806 2634 obtem-

1014 2662 1151 2695 perantes.
1180 2655 1316 2684 Israelitas
1333 2662 1348 2681 e
1366 2662 1416 2681 sua
1433 2653 1544 2688 regione
1567 2653 1757 2680 dimitterent:
1775 2652 1805 2680 hi

1015 2713 1091 2737 vero,
1110 2704 1133 2731 si
1149 2701 1422 2738 deprehenderentur
1437 2699 1506 2727 tardi
1518 2704 1600 2734 atque
1611 2699 1713 2726 exitum
1727 2698 1808 2726 dide-

1016 2755 1118 2782 rcntes,
1135 2748 1269 2784 putabant
1288 2747 1422 2778 futurum,
1442 2749 1471 2772 ut
1490 2744 1518 2772 in
1540 2749 1677 2772 certamen
1693 2748 1807 2779 propter

1018 2797 1091 2831 ipsos
1117 2795 1228 2822 ultimos
1255 2793 1391 2825 venirent,
1420 2799 1452 2819 ac
1474 2791 1533 2820 sine
1552 2791 1606 2818 ulla
1630 2789 1806 2818 miseratione

216 2912 254 2948 (l)
272 2911 371 2947 Supple
383 2895 417 2938 ex
428 2908 521 2938 codice
536 2908 686 2939 llarkeano,
703 2904 863 2939 ἐνδεδὲματα
878 2903 906 2929 ἐν
921 2902 953 2928 το

1005 2898 1108 2934 ματὶοις
1125 2895 1224 2923 αὐτῶν.
