1999 3056
218 133 267 160 451

733 127 761 154 S.
782 127 920 154 CYRILLI
941 126 1175 154 ALEXANDRINI
1197 127 1356 155 ARCIIIEP.

1800 130 1853 157 ίῢῖ

217 191 432 220 trucidarentur.
447 190 555 225 Egressi
571 193 635 217 sunt
652 189 736 224 igitur
747 195 843 223 parum
861 186 1000 214 admoduu

1063 187 1167 219 σεσοαι,
1182 187 1227 214 καὶ
1238 188 1420 214 κινδυνεύσειν
1433 188 1688 223 ἁφιλοικτιρμόνως.
1706 187 1853 223 Ἐξῴχοντο

215 238 249 265 de
264 238 298 266 iis
309 245 370 272 quae
386 237 419 264 ad
431 236 630 271 profectionem
645 235 869 270 requirebantur,
888 233 1008 264 solliciti,

213 285 314 319 vixque
332 284 378 311 illa
391 291 452 318 quae
467 283 501 309 ad
515 290 625 309 manum
639 285 719 308 erant
729 284 910 315 asportantes,
926 283 1009 313 atque

213 339 246 358 ex
267 330 300 357 iis
317 338 379 365 quae
402 329 476 357 domi
493 337 550 356 sua:
571 332 651 356 erant
669 336 701 355 ea
724 331 828 354 tantum
841 327 1008 356 auferentes.

213 385 274 411 qua
304 376 461 404 necessaria
489 375 570 402 simul
595 379 624 401 et
643 378 784 408 asportatu
798 373 889 400 facilia
905 377 1008 405 essent,

215 422 315 456 quibus
333 421 480 455 assumptis
497 420 583 455 ignari
603 419 732 453 deinceps
758 419 831 446 unde
845 426 904 454 qua)
920 419 953 445 ad
967 418 1008 445 vi—

216 473 269 495 tam
284 466 488 495 sustentandam
498 465 655 492 sulliccrent
665 464 717 492 sibi
730 469 930 499 compararent.
944 472 1008 499 pro-

215 514 342 541 ciderunt
354 513 380 540 in
393 511 561 539 desiderium
575 511 641 542 cibi,
654 518 710 545 quo
726 510 753 537 iu
765 510 881 545 Aigypto
893 511 935 537 usi
949 510 1008 537 fue-

215 563 274 586 rant
290 568 296 591 ;
310 563 338 586 et
350 566 380 585 se
392 566 408 584 a
431 556 547 584 summis
566 556 687 583 miseriis
705 563 737 583 ac
749 557 883 584 servitute
899 562 1008 591 ereptos

213 604 303 635 obliti,
331 602 535 638 quodammodo
562 609 612 629 suo
631 602 752 636 ipsorum
780 601 883 628 auxilio
900 601 1008 628 obstre-

213 653 292 684 punt,
309 648 438 683 quodque
450 655 466 675 e
482 648 618 675 servitute
630 647 765 682 redempti
781 647 846 678 sint,
862 647 1007 681 indignan-

214 699 267 727 tur,
301 699 329 721 et
352 693 530 728 optatissimaa
558 693 781 727 suavissimmque
806 693 927 719 libertati
955 693 1008 719 im-

213 740 307 767 mundi
316 740 420 766 ventris
431 739 579 775 ingluviem
589 739 816 773 saturitatemque
825 742 1005 774 anteponunt.

213 785 276 812 llaec
289 785 380 819 itaque
391 793 436 811 res
446 784 525 811 valde
545 784 673 811 turbabat
685 784 876 817 mediatorem,
889 784 942 812 hoc
953 788 1004 815 est,

212 830 314 857 Mosen.
331 830 383 857 Sed
396 830 469 857 Deus
482 830 618 865 promittit
629 837 656 857 se
668 830 742 857 illico
757 831 864 864 copiam
878 830 1005 857 ciborum

212 876 279 910 ipsis
306 876 556 910 suppeditaturum,
578 883 668 910 neque
691 883 788 910 parum
806 875 924 911 benigne
945 884 1005 903 sese

214 921 362 948 rebellibus
377 921 466 948 oﬂ‘crt.
482 921 549 948 Nam
563 921 636 956 quod
651 921 808 948 necessaria
824 922 858 948 ad
869 922 931 949 vita:
943 929 1005 949 sus-

213 967 392 994 tentationem
412 967 447 994 ab
461 967 519 1002 ipso
539 967 660 1002 exigant,
675 967 891 1002 reprehensione
906 972 984 994 vacat
997 976 1003 993 :

211 1013 468 1040 obmurmuratione
494 1020 562 1040 vero
588 1012 749 1040 oll'enditur.
772 1013 858 1040 Porro
881 1012 1005 1040 Salvator

212 1059 271 1094 ipse
288 1059 315 1085 in
328 1059 500 1086 orationibus
519 1067 569 1086 nos
582 1059 676 1086 docuit
693 1059 784 1086 dicere
798 1068 804 1085 :
818 1069 826 1084 ι
841 1059 940 1086 Panem
954 1068 1006 1087 no-

211 1109 299 1132 strum
315 1104 506 1139 quotidianum
521 1105 555 1132 da
575 1105 656 1132 nobis
674 1105 756 1132 hodie
777 1105 809 1131 ⁷¹.
827 1115 835 1130 ι
855 1105 933 1138 Quod
945 1106 1006 1141 qui-

212 1151 274 1178 dem
291 1151 415 1178 dicentes
429 1151 505 1178 nullo
517 1151 598 1178 modo
612 1159 775 1178 accusamus
786 1151 942 1183 Dominum,
958 1151 1005 1179 sed

211 1198 303 1232 patius
322 1197 356 1224 ab
375 1197 434 1232 ipso
453 1197 571 1232 petimus
588 1205 649 1232 quae
669 1197 703 1223 ad
723 1197 806 1223 vitam
825 1202 889 1224 sunt
907 1205 1005 1224 neces-

211 1242 293 1268 varia.
306 1242 437 1269 Judaieus
451 1246 543 1269 autem
561 1242 688 1276 populus,
704 1249 766 1268 cum
779 1241 892 1269 deberet
911 1246 1005 1277 petere

211 1287 314 1320 cibum,
329 1289 401 1323 quod
417 1288 549 1315 liberatus
569 1289 605 1316 sit
623 1289 822 1321 stomachatur,
835 1294 917 1324 amue
936 1290 1006 1317 hanc

211 1340 266 1360 tam
301 1335 449 1368 pretiosam
472 1337 500 1361 et
521 1333 672 1369 optabilem
699 1335 816 1370 gratiam
846 1336 1006 1363 stultissime

209 1379 380 1412 criminatur,
397 1384 525 1414 tanquam
537 1387 596 1407 eam
613 1388 674 1415 qua:
691 1381 765 1415 ipsos
783 1382 1006 1409 suavissimarum

202 1433 314 1461 .rerum,
325 1426 449 1452 carnium
458 1425 588 1452 nimirum
598 1433 628 1452 ac
637 1427 724 1461 panis,
734 1434 784 1454 usu
795 1427 918 1462 privarit.
931 1429 1006 1462 Quo-

209 1468 282 1496 circa
297 1473 482 1501 murmurant,
499 1469 638 1505 impieque
651 1471 707 1497 Deo
715 1471 913 1507 obloquuntur.
924 1474 1005 1509 287

210 1514 283 1542 Deus
298 1519 391 1543 autem
404 1516 511 1551 patiens
521 1517 665 1549 malorum,
679 1519 815 1552 promittit
826 1519 866 1546 eis
879 1519 1002 1554 inspera-

211 1564 265 1587 tam
291 1561 391 1588 horum
416 1562 532 1597 copiam.
556 1562 682 1589 Demittit
704 1563 778 1590 enim
796 1571 847 1599 pro
867 1564 999 1592 inell'abili

208 1614 258 1633 sua
276 1607 400 1641 potentia
419 1607 526 1642 vesperi
539 1607 650 1642 quidem
662 1609 844 1642 coturnicem,
859 1618 938 1638 mane
950 1619 999 1638 au-

208 1656 265 1680 tem
286 1660 395 1679 manna.
418 1653 487 1680 Hine
504 1653 614 1680 divinus
630 1653 715 1680 David
740 1654 777 1681 ait
792 1664 798 1681 :
822 1665 831 1680 ι
849 1655 950 1683 Panem
965 1657 1000 1684 de

209 1698 281 1724 cmlo
297 1698 373 1725 dedit
386 1698 435 1730 eis,
452 1706 550 1733 panem
573 1700 733 1734 angelorum
756 1701 932 1729 manducavit
952 1701 1000 1728 ho-

208 1752 253 1771 mo
266 1744 299 1772 ⁷³.
317 1755 324 1769 ι
345 1744 604 1772 Ccrtissimeautem
618 1745 713 1773 docuit
724 1754 771 1774 eos
785 1747 954 1782 experientia
968 1756 999 1775 ac

208 1789 292 1817 rebus
314 1790 391 1824 ipsis.
415 1790 487 1824 quod
514 1791 586 1818 Deus
609 1791 695 1826 possit
711 1793 792 1819 etiam
806 1801 880 1820 nunc
894 1793 960 1820 dare
971 1798 999 1820 et

207 1843 305 1870 parare
328 1843 451 1863 mensam
472 1836 500 1863 in
524 1837 655 1870 deserto;
676 1839 744 1865 sicut
759 1847 855 1866 revera
866 1839 997 1867 etDomi-

207 1889 260 1909 nus
281 1887 374 1909 noster
393 1882 473 1910 Jesus
488 1882 615 1914 Christus
634 1884 734 1911 similia
753 1884 840 1912 edidit
854 1885 995 1918 miracula,

207 1934 270 1953 cum
294 1935 327 1954 ex
349 1927 471 1962 quinque
486 1928 603 1962 panibus
618 1929 711 1957 fractis
722 1930 877 1964 complures
890 1936 996 1957 satura-

205 1972 245 2000 vit
268 1973 297 2000 in
321 1973 439 2006 deserto,
462 1974 606 2002 duodecim
623 1975 737 2011 ﬁtsuper
761 1976 889 2011 cophinis
901 1985 934 2004 ex
945 1977 998 2004 fra-

206 1984 245 2000 vn
268 1984 297 2000 ιιι
321 1984 439 2006 ucserto,
462 1984 606 2002 uuouectm
645 1984 737 2010 tsuper
761 1984 889 2011 copnmis
901 1984 996 2004 extra-

206 2019 324 2054 amentis
331 2020 452 2054 repletis.
462 2020 547 2048 Porro
558 1984 764 2056 incxaicabiles
773 2026 838 2048 sunt
849 2023 922 2049 modi
933 2022 996 2057 qui-

205 2063 258 2092 bus
283 2065 414 2093 miracula
435 2066 532 2099 edidit,
558 2068 606 2094 sed
626 2075 686 2102 quae
710 2073 829 2095 mentem
847 2069 994 2101 excedunt,

206 2109 258 2137 ﬁde
284 2111 536 2146 apprehendantur,
563 2112 712 2147 audiatque
734 2113 806 2140 Deus
821 2113 855 2140 ab
867 2114 996 2142 omnibus

205 2155 252 2191 qui
264 2156 352 2191 ipsum
366 2158 538 2185 admirantur
550 2167 556 2185 :
569 2158 632 2186 Scio
644 2159 717 2193 quod
728 2159 818 2186 omnia
831 2159 929 2194 possis,
944 2168 994 2188 ne-

205 2209 258 2236 que
275 2206 316 2229 est
332 2202 481 2238 quidquam
494 2204 543 2230 tibi
559 2204 736 2238 impossibile.

239 2247 265 2274 2.
275 2248 411 2276 Hactenus
417 2258 481 2276 vero
488 2249 521 2277 de
529 2250 656 2277 sensibus
663 2258 752 2277 sermo
758 2250 924 2278 esthabitus.
931 2250 997 2284 Quis

205 2301 272 2320 vero
283 2301 380 2321 sensus
393 2295 427 2321 sit
437 2295 590 2329 spiritualis
600 2295 841 2328 considerationis,
860 2300 907 2324 aut
921 2297 995 2332 quod

204 2337 272 2371 legis
283 2337 408 2371 azuigma,
419 2339 473 2373 jam
485 2339 566 2365 nobis
586 2340 781 2374 inquirendum
802 2347 852 2374 est,
866 2342 912 2377 qui
925 2343 994 2370 assi-

204 2382 258 2408 due
269 2382 412 2408 veritatem
425 2382 630 2417 investigamus.
643 2384 804 2413 Videbimus
816 2386 899 2421 igitur
910 2388 992 2414 etiam

204 2435 253 2462 per
269 2427 327 2454 hmo
344 2427 416 2462 quod
434 2428 488 2454 vita
506 2428 600 2463 legalis
616 2430 652 2456 sit
666 2432 761 2465 procul
779 2431 864 2459 dubio
875 2441 992 2468 evange-

203 2473 256 2499 lica
276 2472 400 2505 inferior,
421 2473 540 2508 itemque
561 2475 710 2502 carnalium
729 2476 928 2505 desideriorum
948 2487 994 2506 ac-

204 2517 339 2544 cusationi
359 2518 487 2551 obnoxia,
505 2527 595 2554 neque
606 2528 621 2546 a
634 2521 749 2549 terrenis
762 2524 993 2558 concupiscentiis

203 2564 289 2590 libera
306 2573 311 2589 :
332 2563 424 2590 divina
444 2572 507 2591 vero
524 2569 607 2599 atque
618 2567 774 2601 evangelica
788 2573 830 2596 est
842 2570 992 2604 spiritualis

201 2614 229 2637 et
241 2609 381 2642 inviolata,
398 2610 571 2645 speciemque
583 2611 725 2641 habetalia
737 2614 990 2650 incomparabiliter

202 2655 397 2691 pulchriorem.
411 2656 630 2692 Uniuseujusque
646 2666 713 2686 vero
727 2660 988 2690 demonstrationem

202 2709 234 2729 ac
246 2701 337 2733 ﬁdem,
358 2702 492 2729 rationem
507 2702 649 2738 utriusque
662 2705 731 2732 bene
744 2707 942 2740 examinantes,
954 2716 987 2736 ex

201 2754 276 2775 sacra
295 2746 435 2784 Scriptura
450 2753 574 2784 petemus
590 2759 596 2776 2
619 2759 626 2775 ι
643 2750 753 2778 Factum
773 2756 815 2780 est
828 2757 920 2781 autem
939 2762 986 2781 ve-

237 2838 261 2855 "
278 2839 372 2867 Matth.
392 2849 429 2873 vl.
443 2842 486 2871 Η.
526 2843 548 2859 ⁷³
562 2843 634 2871 Psal.
651 2851 751 2878 Lxxvn,
766 2843 808 2871 ιι.

1016 1533 1038 1562 C

1010 2199 1032 2227 D

1060 232 1160 264 τοίνυν,
1171 233 1202 259 οὐ
1215 233 1313 268 κομιδῇ
1330 233 1384 259 τῶν
1401 234 1441 265 εἱς
1456 233 1612 268 ἀποδημίαν
1627 233 1852 268 πεφροντικότες,

1060 279 1107 305 καὶ
1122 279 1155 305 τὰ
1170 279 1199 306 ἐν
1215 280 1294 315 χερσὶ
1312 279 1389 314 μόλις
1402 279 1587 315 ἁρπάσαντες,
1605 281 1746 315 μονονουχὶ
1758 280 1786 306 δὲ
1798 279 1852 306 τῶν

1059 325 1128 351 οἶκοι
1143 326 1276 360 κειμένων
1290 325 1455 359 κεκλοφότες
1467 325 1624 359 ἀναγκαίως
1633 325 1666 352 τὰ
1674 325 1734 352 λίαν
1745 326 1816 352 εὐπά
1822 334 1850 361 ρ-

1059 380 1148 402 οιστα,
1172 371 1190 398 ἀ
1211 371 1244 406 δὴ
1260 372 1307 398 καὶ¹
1317 371 1536 407 κατεδηδοκότες,
1553 369 1612 399 εἶτα
1622 372 1704 398 πόθεν
1716 371 1748 398 ἃν
1762 372 1853 402 αὐτοῖς

1059 418 1088 443 ἐν
1111 417 1206 452 ἐρήμῳ
1230 417 1264 444 τὰ
1289 417 1400 452 ζωαρκῆ
1425 417 1617 452 προσγένοιντο
1641 417 1851 452 διηπορηκότες,

1059 462 1225 489 κατώλισθον
1245 464 1285 495 εἰς
1305 463 1453 499 ἐπιθυμίαν
1470 464 1518 498 τῆς
1536 464 1565 490 ὲν
1583 462 1714 498 Αἰγύπτῳ
1736 463 1851 497 τροφῆς.

1059 510 1106 536 καὶ
1120 509 1161 535 ὅτι
1175 509 1225 544 μὲν
1237 509 1290 535 τῶν
1303 509 1425 545 ἐσχάτων
1436 508 1563 544 ὲξῄροντο
1577 509 1685 536 πάντων
1702 509 1749 535 καὶ
1761 508 1808 542 τῆς
1824 509 1853 534 ‘ev

1058 555 1190 590 Αἰγύπτῳ
1213 555 1346 586 δουλείας,
1361 555 1601 588 ἐπιλανθάνονται,
1620 554 1667 581 καὶ
1689 553 1770 580 οἱονεί
1794 562 1852 585 πως

1059 599 1284 634 κατακεκράγασι
1309 599 1358 634 τῆς
1379 599 1557 635 ὲπικουρίας”
1575 600 1623 626 καὶ
1645 599 1686 626 ὅτι
1702 598 1852 634 λελύτρων-

1058 654 1113 678 ται,
1129 645 1339 680 χαλεπαίνουσι,
1363 646 1409 672 καὶ
1422 646 1472 680 τῆς
1487 645 1652 681 τριποθήτου
1668 645 1714 672 καὶ
1730 645 1852 671 εὐκταιο-

1057 692 1142 727 τάτης
1165 691 1265 718 ἅπασιν
1283 691 1436 726 ἀνθρώποις
1455 691 1629 725 ἐλευθερίας,
1645 690 1764 725 γαστρὸς
1780 691 1850 716 ἀκα-

1058 737 1157 773 θάρτου
1171 737 1352 773 προτάττουαι
1365 737 1454 772 κόρον.
1468 738 1524 763 Καὶ
1533 737 1645 773 θορυῦεῖ
1654 736 1705 772 μὲν
1716 736 1746 762 τὸ
1757 735 1850 772 χρῆμα

1057 783 1103 811 τὸν
1122 783 1313 819 μεσιτεύοντα,
1336 783 1460 810 τουτέστι
1483 783 1612 810 Μωῦσέα.
1631 783 1804 817 Χορηγήσειν
1821 781 1849 808 δὲ

1059 831 1230 867 παραχρῆμα
1242 830 1292 865 τὴν
1303 829 1358 856 τῶν
1371 829 1509 864 ἐδωδίμων
1523 828 1652 863 ἀφθονίαν
1664 828 1754 859 αὐτοῖς
1765 828 1850 861 ἐπαγ-

1058 876 1181 912 γέλλεται
1191 875 1268 908 Θεὸς,
1282 876 1329 902 καὶ
1340 874 1627 911 προσκεκρουκόσινοὺ
1639 873 1768 909 μετρίως,
1780 872 1849 908 ἠμέ-

1059 933 1112 959 ρως
1135 924 1176 950 ἔτι
1197 923 1395 959 προσφέρεται.
1422 923 1459 950 Τὸ
1483 922 1532 958 μὲν
1554 921 1608 957 γὰρ
1629 921 1694 956 παρ’
1717 919 1799 946 αὑτοῦ
1815 920 1850 946 τὰ

1057 968 1169 1005 ζωαρκῆ
1192 969 1316 1004 δέχεσθαι
1338 968 1436 1000 θέλειν,
1459 967 1553 1003 μῶμον
1572 967 1604 994 ἂν
1632 967 1687 1002 ἔχοι
1708 965 1849 997 παντελῶς

1056 1015 1168 1042 οὐδένα·
1193 1015 1274 1041 λυπεῖ
1293 1015 1320 1041 δὲ
1339 1014 1400 1041 λίαν
1422 1014 1437 1040 ὁ
1457 1014 1624 1049 γογγυσμὸς.
1651 1013 1706 1040 Καὶ
1730 1013 1784 1048 γὰρ
1800 1010 1848 1039 οὖν

1057 1061 1138 1093 αὐτὸς
1152 1062 1166 1087 ὁ
1189 1061 1286 1097 Σωτὴρ
1302 1062 1330 1087 ἐν
1348 1062 1515 1096 προσευχαῖς
1536 1060 1609 1095 ἡμᾶς
1624 1059 1726 1091 ἐδίδαξε
1744 1059 1849 1094 λέγειν·

1061 1117 1070 1132 ε
1089 1108 1141 1134 Τὸν
1155 1106 1238 1142 ἄρτον
1250 1106 1329 1142 ἡμῶν
1340 1106 1386 1134 τόν
1401 1106 1539 1133 ἐπιούσιον
1553 1105 1596 1137 δὸς
1608 1106 1673 1140 ἡμῖν
1687 1105 1817 1140 σήμερον.
1837 1114 1847 1130 ι

1063 1152 1133 1180 ’Δλλ“
1147 1153 1174 1188 εί
1190 1152 1270 1179 τοῦτο
1286 1152 1336 1188 μὲν
1351 1152 1478 1188 λέγοιμεν
1489 1172 1496 1184 ,
1511 1152 1571 1179 κατ’
1591 1152 1686 1178 οὐδένα
1703 1151 1734 1188 δὴ
1748 1151 1849 1186 τρόπον

1057 1187 1238 1233 αἰτιασόμεθα
1256 1187 1300 1225 τὸν
1319 1198 1476 1233 Δεσπότην,
1494 1197 1674 1233 ἐξαιτήσομεν
1695 1197 1723 1223 δὲ
1749 1196 1850 1232 μᾶλλον

1056 1245 1122 1279 παρ’
1146 1244 1229 1271 αὑτοῦ
1246 1244 1281 1271 τὰ
1304 1245 1344 1276 εἰς
1366 1243 1439 1280 ζωὴν
1463 1244 1612 1278 ἐπιτήδεια.
1633 1243 1665 1269 Οἱ
1687 1243 1715 1270 δέ
1741 1251 1771 1277 γε
1795 1243 1850 1269 τῶν

1063 1289 1198 1316 Ἰουδαίων
1205 1290 1299 1325 δῆμοι,
1313 1290 1372 1317 δέον
1385 1289 1497 1324 αἰτῆσαι
1510 1289 1623 1325 τροφὰς,
1642 1288 1683 1315 ἂτι
1699 1287 1850 1323 λελύτριεν-

1056 1343 1102 1362 ται
1117 1335 1310 1370 χαλεπαίνουσι
1320 1355 1329 1366 .
1344 1335 1392 1361 καὶ
1410 1334 1459 1370 τὴν
1480 1334 1550 1361 οὕτω
1563 1332 1664 1368 σεπτὴν
1676 1333 1723 1359 καὶ
1736 1332 1848 1367 ἀξιόλη-

1058 1390 1125 1408 πτον
1134 1381 1214 1416 χάριν
1227 1380 1422 1417 ἀνοή[τό]τατα
1434 1379 1646 1415 καθυϐρίζουσιν
1656 1399 1662 1409 ,
1678 1377 1715 1410 ὡς
1726 1378 1780 1405 τῶν
1792 1378 1849 1413 ἠδί-

1056 1435 1127 1453 στων
1141 1427 1240 1459 αὐτοὺς
1248 1427 1441 1462 ἐκπέμψασαν,
1451 1426 1532 1461 ἄρτου
1541 1434 1582 1455 τε,
1594 1425 1676 1460 φημὶ,
1686 1424 1733 1450 καὶ
1748 1423 1847 1459 κρεῶν.

1058 1472 1162 1499 Οὐκοῦν
1182 1472 1349 1506 γογγύζουσι
1365 1472 1432 1507 μὲν,
1458 1473 1506 1499 καὶ
1529 1470 1773 1506 κατακεκράγασιν
1798 1470 1848 1496 ἀν-

1057 1517 1151 1549 οσίως.
1161 1517 1330 1550 ’Λνεξικακεῖ
1337 1518 1365 1544 δὲ
1375 1518 1440 1550 Θεὸς
1447 1539 1454 1551 ,
1466 1518 1514 1545 καὶ
1524 1517 1653 1552 ἀδόκητον
1663 1516 1754 1548 αὐτοῖς
1766 1515 1848 1550 ἀφθο-

1057 1561 1116 1590 νίαν
1137 1563 1345 1597 ἐπαγγέλλεται.
1366 1563 1422 1590 Καὶ
1437 1563 1470 1598 δὴ
1484 1563 1532 1590 καὶ
1549 1563 1676 1597 καθίησιν
1692 1561 1788 1597 ἀφάτῳ
1802 1561 1847 1588 δυ-

1051 1608 1132 1644 νάμει
1149 1609 1269 1644 ἑσπέρας
1292 1609 1343 1644 μὲν
1359 1609 1408 1645 τὴν
1430 1609 1656 1644 ὀρτυγομήτραν·
1683 1608 1741 1643 ἆμα
1761 1608 1789 1634 δὲ
1811 1609 1846 1643 τῇ

1050 1653 1098 1688 ἕῳ,
1114 1654 1144 1680 τὸ
1160 1654 1257 1689 μάννα.
1273 1655 1328 1682 Καὶ
1353 1655 1391 1687 ὡς
1405 1655 1420 1682 ὁ
1441 1655 1512 1687 θεῖος
1526 1656 1578 1691 ἔφη
1601 1656 1698 1688 Δαῢὶδ,
1718 1665 1726 1681 ι
1747 1655 1846 1691 ’Λρτεν

1049 1698 1164 1733 οὐρανοῦ
1180 1698 1280 1726 ἔδωκεν
1301 1699 1391 1732 αὐτοῖς
1403 1721 1411 1734 ,
1433 1701 1515 1736 ἄρτον
1533 1701 1656 1735 ἀγγέλων
1679 1701 1779 1736 ἔφαγεν
1800 1701 1846 1728 ἆν-

1050 1743 1169 1778 θρωπος.
1190 1753 1198 1770 ι
1218 1745 1454 1780 Πεπληροφόρηκε
1469 1746 1498 1772 δὲ
1519 1746 1564 1773 διὰ
1579 1746 1676 1782 πείρας
1695 1746 1780 1780 αὐτῆς
1797 1740 1846 1772 καὶ

1050 1790 1232 1824 πραγμάτων,
1248 1791 1289 1817 ὃτι
1303 1791 1414 1818 δύναται
1435 1793 1449 1818 ὁ
1464 1791 1530 1823 Θεὸς
1549 1792 1630 1828 ἄρτον
1644 1800 1674 1819 τε
1690 1791 1781 1818 δοῦναι
1796 1792 1845 1818 καὶ

1050 1836 1194 1870 ἑτοιμάσαι
1211 1837 1351 1871 τράπεζαν
1370 1838 1398 1864 ἐν
1416 1838 1522 1874 ἐρήμῳ,
1540 1838 1666 1874 καθάπερ
1683 1838 1778 1874 ἀμέλει
1796 1839 1845 1866 καὶ

1048 1883 1062 1908 ὁ
1075 1882 1175 1917 Κύριος
1188 1883 1267 1918 ἡμῶν
1288 1883 1391 1919 Ἰησοῦς
1404 1884 1521 1920 Χριστὸς
1533 1885 1568 1911 τὰ
1584 1884 1628 1911 ἴσα
1640 1883 1841 1920 τερατουργῶν,

1049 1928 1129 1953 πέντε
1142 1928 1292 1961 διακλάσας
1305 1929 1413 1964 ἄρτους,
1429 1931 1539 1966 ὲκόρεσε
1559 1931 1608 1966 μὲν
1625 1932 1652 1958 ὲν
1665 1931 1761 1966 ἐρήμῳ
1775 1929 1842 1957 πολ-

1048 1973 1121 2005 λοὺς,
1137 1974 1181 2000 ὅτε
1200 1975 1435 2010 συνεκομίσοησαν
1447 1977 1582 2012 λειψάνων
1605 1977 1709 2012 κόφινοι
1725 1976 1829 2004 δώδεκα

1062 2019 1281 2055 Απεριέργαστοι
1296 2020 1323 2047 δὲ
1344 2021 1485 2053 παντελῶς
1501 2022 1550 2058 τῆς
1573 2021 1797 2058 θαυματουργίας
1813 2025 1839 2051 οι

1046 2066 1154 2102 τρόποι,
1176 2066 1266 2093 πίστει
1281 2067 1313 2102 δὴ
1336 2065 1382 2094 οὖν
1398 2067 1524 2102 τιμάσθω
1544 2067 1580 2094 τά
1602 2068 1673 2103 ὑπὲρ
1694 2067 1767 2101 νοῦν,
1791 2067 1840 2094 καὶ

1046 2111 1168 2138 ἀκουέτω
1191 2111 1258 2143 Θεὸς
1281 2112 1358 2148 παρὰ
1390 2113 1499 2140 πάντων
1524 2112 1747 2148 τεθαυμακότων·
1773 2111 1839 2140 Οἶδα

1046 2157 1087 2184 ὅτι
1109 2158 1198 2185 πάντα
1218 2157 1346 2185 δύνασαι·
1369 2159 1498 2186 ἀδυνατεῖ
1513 2159 1540 2186 δέ
1556 2168 1597 2186 σοι
1611 2159 1696 2187 οὐδέν.

1081 2253 1114 2288 β’.
1137 2254 1206 2280 Ἀλλ’
1217 2255 1245 2281 ὲν
1261 2254 1365 2286 τούτοις
1376 2255 1425 2290 μὲν
1440 2256 1506 2291 ἡμῖν
1523 2256 1538 2282 ὁ
1552 2256 1615 2292 περὶ
1631 2255 1685 2282 τῶν
1700 2254 1837 2291 αἰσθητῶν

1045 2299 1115 2326 ἔστω
1121 2299 1209 2334 λόγος.
1222 2300 1269 2332 Τίς
1281 2300 1301 2327 δ’
1317 2300 1350 2328 ἂν
1361 2302 1465 2336 γένοιτο
1479 2296 1571 2329 λοιπδν
1583 2301 1633 2337 τῆς
1648 2302 1837 2337 πνευματικῆς

1044 2345 1159 2381 θεωρίας
1177 2347 1192 2373 ὁ
1203 2346 1275 2379 νοῦς,
1286 2346 1302 2382 ἢ
1314 2347 1338 2374 τί
1348 2347 1395 2374 τοῦ
1418 2348 1500 2383 νόμου
1512 2347 1542 2374 τὸ
1552 2349 1664 2383 αἴνιγμα
1676 2348 1836 2384 πολυπραγ-

1047 2401 1109 2427 μονε
1114 2393 1138 2418 ἰν
1148 2393 1306 2426 ἀναγκαῖον,
1316 2393 1471 2429 φιλοθηρεῐν
1480 2391 1510 2420 εὖ
1525 2393 1598 2429 μάλα
1611 2394 1835 2421 διεσπουδακόσιν

1043 2437 1108 2471 ἡμῖν
1119 2437 1168 2472 τὴν
1179 2437 1315 2472 ἀλήθειαν.
1338 2439 1474 2474 Εἰσόμεθα
1491 2440 1582 2466 τοίνυν
1598 2441 1645 2466 καὶ
1663 2441 1707 2467 διὰ
1719 2441 1832 2473 τούτων,

1042 2484 1079 2515 ὼς
1091 2483 1163 2510 ἔστιν
1176 2484 1369 2519 ἀναμφιλόγως
1377 2485 1428 2520 τῆς
1437 2486 1617 2521 εὐαγγελικῆς
1624 2486 1759 2518 πολιτείας
1769 2496 1833 2513 κατ-

1043 2528 1132 2564 όπινὴ
1152 2529 1261 2565 νομικὴ,
1277 2530 1325 2556 καὶ
1341 2530 1394 2556 τῶν
1410 2532 1450 2562 εἰς
1467 2531 1646 2567 φιλοσαρκίαν
1661 2533 1832 2568 αἱτιαμάτων

1041 2573 1091 2600 οὒκ
1113 2574 1258 2609 ἐλευθέρα,
1277 2575 1448 2610 ἀπήλλακται
1469 2576 1497 2602 δὲ
1518 2578 1577 2612 οὐχὶ
1599 2578 1716 2612 γεώδους
1737 2579 1832 2606 ὲπιθυυ

1044 2618 1120 2654 μίας,
1135 2619 1193 2646 ἀλλ’
1209 2620 1226 2655 ἦ
1242 2628 1273 2654 γε
1287 2619 1346 2646 θεία
1362 2621 1409 2647 καὶ
1423 2621 1597 2658 εὐαγγελικὴ,
1611 2625 1783 2660 πνευματική
1800 2625 1830 2651 τέ

1042 2665 1099 2691 ἐστι
1124 2665 1171 2692 καὶ
1192 2665 1318 2701 ἄμωμος,
1341 2667 1388 2693 καὶ
1408 2667 1572 2703 ἀσύγκριτον
1597 2669 1653 2704 ἔχει
1675 2670 1705 2696 τὸ
1723 2671 1828 2702 κάλλος.

1041 2709 1189 2745 Ληψόμεθα
1205 2710 1294 2746 δὲτὴν
1311 2711 1354 2744 ἐφ’
1370 2711 1472 2747 ἑκάστῃ
1489 2712 1616 2746 διάδειξιν
1628 2713 1676 2740 καὶ
1691 2714 1829 2749 πληροφο-

1041 2755 1114 2790 ρίαν,
1131 2755 1176 2782 τὸν
1191 2756 1232 2783 ἐπ’
1248 2756 1349 2791 ἀμφοῖν
1363 2754 1393 2783 εὖ
1409 2757 1480 2792 μάλα
1499 2757 1690 2793 βασανίζοντες
1702 2759 1780 2794 λόγον
1797 2759 1830 2787 ἐκ
