1999 3056
177 135 231 162 453

689 136 947 164 GLAPIIYRORUM
968 136 1001 164 ΙΝ
1021 137 1163 165 EXODUM
1182 137 1246 164 LIB.
1267 137 1298 164 η.

1749 140 1802 169 £55

173 196 223 230 τὴ;
245 194 423 221 θεοπνεύστου
439 194 560 229 Γραφῆς.
590 204 598 219 ι
632 195 754 229 Ἐγένετο
779 197 844 231 γὰρ,
868 198 960 231 φησὶν,

1015 205 1106 232 spere,
1134 197 1232 231 inquit,
1255 201 1284 223 et
1301 195 1424 223 ascendit
1446 195 1571 222 coturnix
1583 216 1590 228 ,
1609 200 1642 231 et,
1655 201 1798 233 cooperuit

174 240 287 275 ἑσπέρα,
311 240 357 266 καὶ
380 240 463 275 ἀνέϐη
481 241 686 276 ὀρτυγομήτρα,
705 242 752 268 καὶ
773 242 891 277 ἐκάλυψε
914 243 964 278 τὴν

174 285 361 321 παρεμϐολήν.
372 285 407 311 Τὸ
421 285 492 320 πρωῒ
503 285 530 312 δὲ
544 286 663 319 ἐγένετο,
677 289 905 322 καταπαυομένης
916 289 964 323 τῆς

173 333 269 367 δρόσου
284 332 375 367 κύκλῳ
402 332 449 366 τὴς
470 332 656 367 παρεμϐολῆς,
678 334 724 359 καὶ
749 334 801 360 ίδοὺ
819 334 865 360 ἐπ).
882 334 964 370 πρόσ-

172 387 247 405 ωπον
259 379 307 412 τῆς
321 379 424 413 ἐρήμου
440 378 536 403 λεπτὸν
549 378 614 404 ὡσεὶ
627 378 727 413 κόριον,
735 379 829 406 λευκὸν
838 379 903 406 ὡσεὶ
913 380 964 406 πά-

172 432 219 458 γος
237 424 283 449 ἐπὶ
298 424 347 457 τῆς
356 423 417 457 γῆς.
437 422 546 454 Ἰδόντες
557 423 585 449 δὲ
601 423 701 459 cuitali]
727 426 750 450 οἱ
769 425 821 451 υἱοὶ
843 426 961 461 Ἰσραὴλ,

174 467 255 495 εἶπαν
275 469 366 505 ἕτερος
383 469 469 505 ἑτέρῳ
480 477 486 482 ·
510 469 542 495 Τί
558 470 615 496 ἐστι
629 470 724 504 toﬁ-co;
739 471 768 497 οὐ
784 471 837 506 γὰρ
855 472 963 506 ᾔδεισαν

169 515 196 540 τί
209 512 254 550 ἦν.
277 512 343 540 Εἷπε
360 514 521 548 δὲνΜωῦσῆς
537 514 606 549 πρὸς
620 515 734 546 αὐτούς·
754 511 838 547 Οὗτος
854 516 867 541 ὁ
881 516 962 550 ἄρτος

169 560 200 586 ὃν
222 560 321 586 ἔδωκεν
344 559 407 594 ὑμῖν
423 560 437 585 ὁ
460 560 562 594 Κύριος
586 562 701 593 φαγεῖν·
719 559 796 586 τοῦτο
812 560 842 586 τὸ
856 560 932 595 ῥῆμα
948 560 962 586 ὃ

171 605 299 636 συνέταξε
314 604 423 640 Κύριος.
440 604 612 638 Συναγάγετε
629 604 675 630 ἁπ¹
692 604 774 630 αὑτοῦ
789 604 904 636 ἕκαστος
921 605 962 635 εἰς

169 651 235 682 τοὺς
259 650 429 685 καθήκοντας
453 649 551 684 γόμορ,
576 649 646 675 κατὰ
668 650 798 684 κεφαλὴν,
824 650 884 676 κατ’
904 650 962 685 ἀρι-

171 697 238 731 θμὸν
250 695 341 731 ψυχῶν
358 695 443 730 ὑμῶν.
454 695 586 725 Ἕκαστος
596 695 644 720 σὺν
658 696 713 725 τοῖς
727 696 871 730 συσκήνοις
885 695 960 730 ὑμῶν

171 742 322 774 συλλέξετε.
345 741 490 777 Ἐποίησαν
508 741 537 767 δὲ
551 740 637 772 οὕτως
650 741 673 766 οἱ
692 741 747 767 υἱοὶ
768 741 889 776 Ἰσραὴλ,
914 741 960 768 καὶ

171 787 332 819 συνέλεξαν,
356 788 370 813 ὁ
386 787 416 813 τὸ
433 787 513 818 πολὺ,
531 786 577 813 καὶ
596 787 610 812 ό
631 786 662 812 τὸ
676 786 806 817 ἔλασσον,
828 787 875 812 καὶ
897 787 960 821 ὲμέ-

170 842 277 869 τρησαν
291 834 321 860 τὸ
333 833 432 869 γόμορ”
447 834 493 860 καὶ
509 833 558 859 οὐκ
574 833 735 859 ἐπλεόνασεν
750 833 763 858 ὁ
775 832 805 858 τὺ
820 832 896 862 πολὺ,
914 833 960 859 καὶ

170 881 184 906 ὀ
199 881 230 907 τὸ
245 880 421 912 ἓλαττον,οὑκ
435 879 626 915 ἠλαττόνησεν,
638 879 752 910 ἕκαστος
766 880 805 910 εἰς
816 879 878 910 τοὺς
894 879 959 905 καθ-
977 865 995 893 Β

169 928 285 961 ήκοντας
309 927 374 962 παρ’
387 926 486 961 ἐαυτῷ.
508 923 574 951 Εἷπε
590 926 617 952 δὲ
629 925 749 959 Μωῦσῆς
765 925 832 960 πρὸς
845 924 941 956 αὐτούς
951 934 957 940 ·

169 973 272 1007 Μηδεὶς
288 971 500 1007 καταλ[ε]ιπέτω
533 971 581 998 ἀπ’
598 970 681 997 αὑτοῦ
696 972 734 1002 εἰς
754 971 784 996 τὸ
803 971 885 1006 πρωῒ.
904 970 959 997 Καὶ

169 1019 219 1045 οὐκ
228 1019 347 1053 ἤκουσαν
356 1018 470 1052 Μωῡσῇ,
486 1016 553 1043 ἀλλὰ
566 1016 712 1043 κατέλιπόν
729 1025 800 1047 τινες
815 1017 862 1043 ἁπῖ
876 1016 958 1042 αὐτοῦ

170 1065 210 1095 εἰς
218 1064 248 1090 τὸ
259 1064 340 1098 πρωῒ,
350 1063 396 1090 καὶ
408 1062 515 1095 ἐξέζεσε
526 1063 679 1098 σκώληκας,
691 1063 738 1089 καὶ
753 1061 887 1094 ἐπώζεσε.
905 1063 958 1088 Καὶ

167 1110 320 1145 ἐπικράνθη
335 1110 379 1136 ἐπ’
392 1110 483 1141 αὐτοῖς
497 1109 609 1143 Μωσῆς.
632 1118 641 1133 ι
662 1109 716 1134 Καὶ
732 1108 791 1143 μεθ’
807 1108 889 1143 ἕτερα
907 1108 958 1135 πά-

167 1157 223 1183 λιν·
251 1166 259 1182 ι
279 1154 345 1182 Εἷπε
360 1156 388 1182 δὲ
402 1156 504 1190 Μωσῆς
519 1155 586 1190 πρὸς
603 1155 700 1185 αὐτούς
711 1162 717 1168 ”
734 1154 818 1181 Τοῦτο
832 1154 862 1180 τὸ
884 1154 959 1189 ῥῆμά

168 1203 251 1233 ἐστιν,
262 1202 275 1228 ὃ
288 1201 401 1232 ὲλάλησε
413 1200 512 1235 Κύριος
520 1210 527 1216 ο
543 1200 668 1226 Σάϐϐατα
680 1200 744 1234 ἅγια
755 1201 908 1237 ἀνάπαυσις
920 1199 958 1234 τῷ

169 1248 264 1282 Κυρίῳ
277 1246 381 1284 αὔριον.
407 1247 477 1272 ’Ὸσα
493 1246 541 1272 ἐὰν
556 1245 685 1280 πέσσητε,
701 1245 831 1271 πτίσσετε·
851 1246 896 1271 καί
909 1245 958 1271 ὅσα

168 1293 217 1319 ἐὰν
231 1292 314 1327 ἕψητε
331 1292 421 1327 ἐψετε,
444 1292 490 1318 καὶ
512 1293 565 1319 πᾶν
578 1292 608 1318 τὸ
625 1291 779 1323 πλεονάζον,
796 1291 957 1317 καταλίπετε

166 1338 234 1365 αὐτὸ
250 1339 289 1370 είς
306 1338 447 1373 ἀποθήκην
462 1337 501 1373 τῷ
524 1338 606 1372 πρωΐ.
626 1338 678 1364 Καὶ
693 1338 835 1363 κατέλιπον
848 1338 894 1363 ἀπ’
908 1337 957 1363 αὑ-

167 1382 216 1409 τοῦ
235 1384 275 1414 είς
294 1382 323 1409 τὸ
339 1383 421 1417 πρωῒ,
437 1383 562 1416 καθάπερ
580 1382 721 1414 συνέταξεν
738 1383 828 1412 αὐτοῖς
842 1381 956 1416 Μωσῆς,

168 1428 218 1454 καὶ
240 1428 290 1454 οὐκ
304 1427 435 1461 ἐπώζεσε,
460 1427 518 1454 οὐδὲ
537 1427 645 1463 σκώληξ
665 1427 772 1461 ἐγένετο
787 1428 815 1453 ἐν
835 1426 918 1461 αὐτῷ.
945 1435 954 1452 ι

168 1473 305 1501 Ἕκαστον
322 1473 372 1509 μὲν
387 1472 433 1500 οὖν
446 1474 475 1500 τὺ
496 1472 597 1508 ἀρκοῦν
612 1473 686 1507 αὐτῷ
704 1472 880 1507 συγκομίζειν
895 1473 957 1499 ἐκέ-

168 1520 258 1546 λευεν.
282 1520 376 1555 Εῖργει
394 1520 422 1546 δὲ
437 1519 563 1554 οὐδαμῶς
579 1519 662 1554 ἔργῳ,
678 1519 757 1554 εἴπερ
772 1519 857 1545 ἐλοιτο
878 1519 957 1553 τυχὸν

169 1566 216 1592 καὶ
232 1567 287 1597 τοῖς
298 1565 397 1592 ἀποῦσι
413 1565 559 1599 συλλέγειν,
576 1566 623 1591 καὶ
636 1564 675 1599 τῷ
687 1564 735 1599 τῆς
748 1565 858 1600 ἀγάπης
872 1574 957 1591 κατα-

169 1611 361 1645 φαιδρὺνεσθαι
377 1611 460 1646 νόμῳ.
483 1610 650 1644 Ἀποφάσκει
665 1610 693 1636 δὲ
709 1610 846 1641 παντελῶς
862 1610 892 1636 τὸ
908 1619 957 1644 φυ-

168 1656 275 1683 λάττειν
296 1657 336 1688 εἰς
356 1656 385 1682 τὸ
406 1656 487 1692 πρωῒ,
503 1655 549 1682 καὶ
566 1655 645 1682 τοῦτο
660 1655 726 1690 δρᾷν
740 1655 791 1691 ἔφη
809 1655 861 1691 πρὸ
877 1656 957 1690 μόνου

168 1701 217 1727 τοῦ
234 1701 388 1733 Σαῢϐἀτου,
407 1701 450 1727 ἵνα
473 1701 518 1726 καὶ
530 1701 544 1726 ὁ
565 1701 614 1735 τῆς
628 1701 725 1735 ἀργίας
743 1701 780 1736 μὴ
800 1701 958 1735 ὰτιμάζοιτο

169 1746 260 1780 νόμος.
279 1747 316 1772 Uti
339 1746 392 1782 γὰρ
413 1743 447 1782 ἦν
468 1747 537 1778 ὅλως
558 1746 648 1781 εὑρεῖν
671 1746 699 1772 ἐν
720 1745 862 1780 Σαϐϐάτῳ,
889 1746 958 1781 μηδέ

170 1792 311 1824 καθιέντος
324 1791 402 1825 Θεοῦ,
420 1792 561 1827 μονονουχὶ
576 1793 603 1819 δὲ
620 1792 664 1819 διὰ
678 1792 754 1819 τοῦδε
774 1792 821 1818 καὶ
837 1793 959 1826 ἀναγκάα

171 1838 263 1870 Iov-to;
285 1837 454 1873 ἁφιλοεργείν
484 1839 512 1865 ἐν
540 1839 679 1873 Σαϐϐάτῳ.
711 1838 779 1865 Ἀλλ’
802 1839 879 1873 ὀλίγα
904 1839 959 1865 τῶν

171 1884 251 1910 θείων
261 1884 505 1919 χρησμῳδημάτων
517 1884 713 1920 πεφροντίκασί
727 1893 808 1916 τινες,
823 1884 871 1911 καὶ
881 1894 959 1920 τετη-

172 1929 273 1964 ρήκασι
295 1928 347 1964 πρὸ
363 1929 513 1960 Σαῦὕάτου,
532 1930 589 1962 ναὶ,
608 1930 645 1961 ὥς
669 1938 735 1964 φησι
752 1930 781 1956 τὸ
797 1930 916 1965 Γράμμα
929 1930 960 1956 τὸ

172 1973 254 2008 ἱερὸν,
281 1983 290 1998 ε
318 1973 465 2006 Ἐπώζεσε,
489 1975 535 2000 καὶ
560 1974 666 2006 ἐξέζεσε
693 1973 845 2009 σκώληκας.
876 1985 884 2000 ι
905 1974 959 2002 Καὶ

172 2018 324 2053 ἐπικράνθη
333 2020 436 2054 Μωσῆς
445 2027 452 2034 ·
465 2019 682 2055 ἐκδεδραμήκασί
693 2029 722 2046 τε
733 2021 780 2046 καὶ
790 2021 818 2047 ὲν
830 2021 959 2056 Σαϐϐάτῳ

172 2064 354 2097 συλλέξοντες,
368 2066 415 2091 καὶ
425 2065 573 2100 ἠγανάκτει
587 2066 661 2097 Θεός.
677 2066 832 2101 Γέγραπται
846 2067 900 2102 γὰρ
912 2067 959 2093 οὖ-

170 2116 240 2139 τως·
266 2117 275 2133 t
310 2108 431 2143 Ἐγένετο
453 2109 482 2135 δὲ
498 2110 526 2135 ὲν
543 2109 634 2145 ἡμέρᾳ
657 2112 690 2145 τῇ
713 2111 825 2147 ἐϐδόμῃ,
850 2111 960 2146 ἐξῆλθόν

170 2161 244 2184 τινες
258 2154 290 2179 ὲκ
309 2153 354 2179 τοῦ
373 2154 437 2180 λαοῦ
460 2154 595 2186 συλλέξαι,
611 2155 658 2181 καὶ
680 2155 728 2190 οὺχ
741 2154 831 2191 εὖρον.
849 2154 915 2182 Eine
931 2156 960 2183 δέ

1015 248 1114 271 castra.
1137 243 1215 269 Mane
1235 247 1328 269 autem
1346 241 1448 268 factum
1464 247 1517 271 CSl.
1533 250 1596 269 cum
1607 250 1739 272 cessasset
1756 253 1802 272 ros

1015 288 1043 314 in
1060 287 1177 315 circuitu
1195 291 1360 318 castrorum,
1376 290 1402 312 et
1414 293 1478 312 ecce
1495 293 1577 320 super
1588 286 1685 313 faciem
1699 288 1801 316 deserti

1015 332 1116 359 subtile
1136 336 1166 359 ut
1184 331 1360 358 coriandrqu
1373 331 1475 363 album,
1498 335 1527 357 ut
1538 330 1637 365 pruina
1652 339 1733 366 super
1747 337 1801 360 ter-

1015 385 1082 404 ram.
1108 378 1239 405 Vidcntes
1255 381 1345 404 autem
1368 376 1416 403 lilii
1436 377 1517 403 lsracl
1535 377 1662 403 dixerunt
1682 378 1751 404 alter
1763 379 1801 405 al-

1015 424 1064 450 teri
1078 433 1084 449 :
1103 424 1173 456 Quid
1193 428 1235 450 est
1255 423 1307 449 hoc
1321 423 1332 449 ?
1347 430 1402 449 non
1418 422 1491 449 enim
1509 422 1632 449 sciebant
1647 423 1713 457 quid
1730 428 1798 450 erat.

1014 468 1087 495 Dixit
1112 473 1204 495 autem
1227 468 1315 494 Moses
1332 467 1365 493 ad
1387 474 1453 493 eos:
1475 467 1613 502 Hie‘panis
1625 475 1707 501 quem
1724 468 1800 494 dedit

1013 513 1145 540 Dominus
1162 513 1239 540 vobis
1253 513 1286 540 ad
1305 513 1502 540 comedendum
1517 521 1523 544 ;
1538 513 1590 539 hoc
1600 513 1713 539 verbum
1726 513 1799 547 quod

1013 560 1155 586 constituit
1171 559 1312 586 Dominus.
1326 558 1450 593 Colligite
1464 566 1498 585 ex
1514 566 1546 585 eo
1561 559 1748 593 unusquisque
1765 559 1799 585 ad

1012 605 1153 639 proximos
1172 612 1277 640 gomor,
1298 604 1448 631 secundum
1466 605 1644 639 caput,jlrxta
1655 613 1798 631 numerum

1011 649 1166 676 animarum
1180 654 1343 676 vestrarum.
1358 649 1550 684 Unusquisque
1568 657 1630 677 cu-m
1649 650 1798 677 contuber-

1011 695 1120 722 nalibus
1133 695 1233 722 vestris
1246 695 1376 730 colligite.
1393 695 1528 721 Fecerunt
1543 700 1634 722 autem
1649 695 1687 722 sic
1699 695 1745 722 lilii
1758 696 1797 722 ls-

1012 741 1081 772 rael,
1107 745 1135 767 et
1166 741 1336 776 collegerunt
1357 740 1428 766 alius
1451 740 1522 774 plus,
1547 740 1618 767 alius
1637 740 1747 773 minus;
1770 744 1799 767 et

1011 787 1155 813 metientes
1176 794 1281 821 gomor,
1311 794 1367 813 non
1392 786 1541 813 abundavit
1563 786 1609 821 qui
1626 787 1751 819 multum,
1770 791 1798 813 et

1011 832 1057 866 qui
1070 832 1171 864 minus,
1184 840 1238 858 non
1252 832 1342 858 minus
1354 832 1449 858 habuit
1463 841 1468 858 :
1483 832 1671 867 unusquisque
1688 833 1720 859 ad
1732 840 1797 867 pro-

1011 878 1099 904 ximos
1110 878 1161 904 sibi
1171 878 1362 917 .eollegerunt.
1386 877 1458 904 Dixit
1480 881 1570 904 autem
1581 877 1668 904 Moses
1684 878 1718 904 ad
1731 885 1796 904 eos:

1009 923 1106 950 Nullus
1128 924 1266 957 relinquat
1286 931 1319 949 ex
1342 931 1375 950 eo
1397 923 1424 949 in
1437 930 1526 949 mane.
1539 923 1573 949 Et
1582 930 1637 949 non
1651 923 1797 949 audierunt

1009 969 1111 1001 Mosen,
1124 969 1207 1004 288
1218 969 1265 996 sed
1277 969 1449 1003 reliquerunt
1459 967 1570 1002 quidam
1581 975 1614 994 ex
1624 975 1657 994 eo
1668 968 1695 994 in
1705 975 1795 998 mane,

1008 1018 1035 1040 et
1060 1013 1188 1040 ellcrbuit
1207 1020 1324 1045 vermes,
1341 1016 1368 1039 et
1391 1012 1569 1046 computruit.
1593 1011 1627 1038 Et
1642 1011 1797 1046 indignatus

1008 1065 1050 1086 est
1063 1063 1158 1086 contra
1171 1067 1219 1086 eos
1229 1059 1317 1088 Moses
1331 1059 1364 1085 ⁷⁵.
1383 1067 1391 1083 ι
1412 1058 1446 1085 Ει
1457 1062 1519 1092 post
1529 1062 1627 1084 uetera
1641 1065 1737 1085 rursus
1750 1065 1798 1084 eos

1008 1106 1156 1140 alloquitur
1177 1106 1272 1132 dicens
1286 1114 1292 1132 :
1319 1115 1327 1130 ε
1344 1104 1401 1132 Hoc
1420 1104 1535 1131 verbum
1547 1103 1675 1138 estquod
1690 1103 1798 1130 locutus

1008 1156 1049 1178 est
1068 1152 1217 1179 Dominus:
1232 1151 1350 1178 Sabbata
1361 1155 1454 1178 sancta
1468 1155 1532 1178 sunt
1548 1151 1657 1185 requies
1670 1150 1796 1181 Domino,

1008 1206 1078 1225 cras.
1099 1197 1274 1232 Quaecunque
1295 1198 1424 1224 coxeritis
1440 1197 1570 1232 coquite;
1590 1201 1618 1223 et
1627 1204 1797 1231 quaecunque

1008 1244 1176 1270 eiixaveritis
1194 1244 1304 1275 elixate,
1324 1248 1352 1270 et
1372 1251 1451 1270 omne
1469 1242 1636 1277 superfluum
1651 1241 1797 1277 relinquite

1008 1289 1076 1316 illud
1096 1290 1124 1316 in
1144 1289 1340 1324 repositionem
1360 1289 1388 1315 in
1407 1289 1567 1316 crastinum.
1581 1288 1615 1315 Et
1626 1288 1798 1323 reliquerunt

1007 1343 1041 1362 ex
1053 1343 1086 1362 co
1099 1336 1127 1362 in
1139 1343 1229 1368 mane,
1244 1335 1315 1362 sicut
1329 1338 1497 1369 praceperat
1509 1334 1606 1365 Moses,
1622 1340 1673 1360 nec
1685 1340 1797 1367 compu-

1008 1381 1084 1413 truit,
1101 1389 1190 1415 neque
1200 1380 1303 1408 vermis
1315 1385 1395 1407 natus
1405 1384 1446 1407 est
1463 1380 1490 1406 in
1504 1379 1563 1413 ipso
1573 1379 1607 1405 ⁷³.
1619 1388 1631 1404 -ι
1650 1378 1727 1411 Quod
1743 1378 1796 1414 igi-

1008 1430 1053 1453 tur
1072 1427 1220 1461 unicuique
1242 1426 1394 1454 suﬂiciebat
1412 1429 1585 1460 comportare
1599 1424 1690 1459 jussit.
1712 1424 1797 1451 Nemo

1008 1476 1099 1500 autem
1115 1472 1291 1507 prohibebat,
1305 1472 1453 1507 quominus
1465 1471 1534 1498 alter
1545 1470 1624 1497 alteri
1639 1469 1661 1496 si
1674 1469 1755 1496 vellet
1768 1469 1797 1496 in

982 1535 991 1544 η
1008 1518 1132 1545 absentia
1155 1519 1306 1553 colligeret,
1327 1522 1409 1552 atque
1426 1517 1463 1544 ita
1476 1515 1619 1543 charitatis
1630 1515 1689 1550 lege
1700 1515 1798 1542 condi-

1009 1568 1060 1591 ret.
1080 1565 1165 1599 Negat
1183 1569 1276 1592 autem
1295 1564 1407 1591 omnino
1418 1562 1568 1597 quidquam
1581 1569 1642 1589 esse
1651 1559 1796 1588 reservan-

1008 1609 1072 1636 dum
1089 1610 1116 1636 in
1131 1610 1281 1636 crastinum
1297 1618 1304 1642 ;
1322 1614 1350 1636 et
1367 1609 1389 1636 si
1407 1608 1460 1635 hoc
1470 1612 1533 1634 ante
1545 1607 1632 1634 solum
1647 1606 1796 1634 Sabbatum

1008 1655 1159 1688 permittat,
1183 1663 1217 1682 ne
1236 1654 1306 1681 forte
1328 1654 1372 1681 lex
1388 1653 1490 1688 quietis
1507 1653 1635 1680 violetur.
1652 1652 1711 1679 Non
1723 1652 1796 1679 enim

1009 1701 1121 1727 omnino
1132 1699 1323 1727 inveniebatur
1337 1699 1466 1730 Sabbato,
1481 1698 1549 1725 nihil
1560 1697 1720 1724 demittente
1729 1697 1796 1728 Deo,

1009 1750 1039 1773 ut
1054 1746 1093 1773 sic
1112 1745 1310 1780 propemodum
1333 1749 1443 1779 cogeret
1456 1752 1503 1771 eos
1516 1744 1542 1771 in
1555 1743 1674 1770 Sabbato
1685 1743 1720 1770 ab
1731 1750 1797 1777 ope-

1009 1793 1086 1819 ribus
1108 1799 1215 1819 vacare.
1240 1792 1340 1819 Verum
1364 1791 1505 1818 enimvero
1531 1790 1655 1825 plerique
1683 1798 1717 1816 ex
1745 1789 1797 1820 eis,

1008 1842 1166 1872 contempto
1177 1838 1271 1865 divino
1283 1837 1404 1868 oraculo,
1418 1837 1499 1864 etiam
1511 1837 1563 1863 hoc
1575 1840 1638 1863 ante
1650 1835 1797 1863 Sabbatum

1010 1887 1195 1915 reservarunt,
1216 1887 1308 1917 atque,
1330 1886 1361 1909 ut
1378 1882 1416 1908 ait
1438 1889 1513 1908 sacra
1527 1881 1679 1916 Scriptura,
1697 1891 1706 1905 ‹
1722 1888 1797 1907 com-

1009 1929 1116 1964 putruit
1137 1933 1166 1956 et
1190 1928 1290 1955 scatuit
1310 1928 1460 1954 vermibus.
1477 1936 1485 1952 I
1508 1927 1542 1953 Et
1561 1927 1740 1954 exacerbatus
1756 1930 1798 1952 est

1009 1975 1107 2006 Moses,
1118 1975 1182 2009 quia
1191 1974 1309 2001 etiamin
1318 1973 1437 2000 Sabbato
1446 1972 1629 1999 excurrebant
1640 1972 1796 2003 collectum,

1009 2028 1043 2047 ex
1063 2028 1118 2055 quo
1134 2025 1162 2047 et
1181 2020 1251 2047 Deus
1267 2019 1326 2054 ipse
1344 2019 1512 2046 succensuit.
1526 2019 1565 2045 lla
1576 2017 1649 2045 enim
1664 2018 1796 2051 scriptum

1010 2070 1051 2093 est
1066 2075 1072 2092 :
1088 2076 1096 2091 ε
1110 2066 1216 2093 Accidit
1228 2070 1320 2093 autem
1332 2069 1359 2092 et
1372 2065 1398 2092 in
1411 2065 1455 2092 die
1468 2065 1595 2099 septimo,
1612 2063 1714 2098 egressi
1734 2069 1798 2091 sunt

1010 2113 1094 2147 aliqui
1106 2113 1140 2140 de
1152 2113 1253 2147 popqu
1264 2117 1294 2139 ut
1304 2112 1473 2147 colligerent,
1485 2111 1532 2138 sed
1542 2110 1611 2137 nihil
1623 2110 1795 2137 invenerunt.

1011 2158 1138 2193 Dixitque
1160 2158 1292 2185 Dominus
1306 2158 1340 2185 ad
1355 2158 1446 2184 Mosen
1463 2166 1470 2183 :
1488 2157 1635 2191 Usquequo
1645 2163 1701 2182 non
1714 2156 1798 2182 vultis

173 2200 275 2233 Κύριος
298 2200 365 2234 πρὸς
388 2200 506 2235 Μωσῆν·
525 2201 596 2233 Ἕως
609 2201 681 2233 τίνος
696 2202 725 2228 οὺ
746 2201 871 2237 βούλεσθε
904 2203 960 2229 εἰσ-

1013 2204 1108 2232 audire
1119 2204 1245 2231 mandata
1255 2212 1326 2235 mea,
1339 2208 1367 2231 et
1378 2205 1463 2239 legem
1477 2202 1796 2230 meam?Dominusenim

174 2244 283 2271 ακούειν
297 2245 347 2276 τὰς
366 2245 473 2277 ἐντολάς
487 2255 536 2280 μου
558 2246 610 2272 καὶ
628 2247 675 2273 τὸν
689 2247 769 2281 νόμον
784 2256 849 2281 μους
868 2247 960 2280 Ἴδετε,

172 2291 187 2316 ὁ
210 2291 311 2325 Κύριος
332 2291 415 2318 ἔδωκε
432 2291 480 2326 τὴν
500 2292 606 2327 ἡμέραν
629 2292 730 2328 ταύτην
753 2293 889 2320 Σάϐϐατα.
914 2294 963 2320 Διὶ

172 2337 228 2372 γὰρ
242 2337 320 2363 τοῦτο
330 2338 411 2369 αὐτὸς
426 2338 525 2364 ἔδωκεν
544 2339 607 2373 ὑμῖν
625 2340 657 2374 τῇ
674 2339 764 2375 ἡμέρᾳ
775 2340 807 2374 τῇ
823 2339 890 2374 ’ἑκτῃ
912 2340 961 2374 ἄρ-

174 2391 237 2413 τους
253 2383 298 2409 δύο
310 2383 421 2419 ἡμερῶν
431 2391 437 2397 '
453 2383 601 2410 καθίσασοε
616 2384 730 2416 ἕκαστος
742 2386 781 2416 εἰς
796 2385 858 2415 τοὺς
872 2384 962 2417 οἴκους

175 2428 267 2463 ὑμῶν,
283 2429 375 2464 μηδεὶς
387 2429 463 2464 ὑμῶν
475 2429 665 2464 ἐκπορευέσθω
680 2431 710 2455 ἐκ
721 2429 767 2455 τοῦ
786 2428 866 2455 τόπου
880 2428 961 2455 αὐτοῦ

173 2475 206 2508 τῇ
221 2474 310 2510 ἡμέρᾳ
321 2477 353 2510 τῇ
369 2474 479 2511 ἐϐδόμῃ.
496 2484 505 2500 ι
521 2476 575 2501 Καὶ
588 2475 629 2507 τίς
643 2475 675 2502 ἂν
686 2475 790 2509 γένοιτο
801 2474 868 2510 πρὸς
881 2474 961 2509 ἡμῶν

174 2519 188 2544 ὁ
200 2521 256 2551 τοῖς
266 2519 420 2556 εἰρημένοις
431 2521 542 2556 πρέπων
556 2529 585 2546 τε
597 2521 643 2547 κα)⁸
655 2520 855 2555 ἁρμοδιώτατος
867 2519 960 2554 λόγος

176 2565 207 2591 Τί
223 2564 255 2600 δὴ
271 2565 301 2592 τὸ
318 2566 421 2601 ἑσπέρᾳ
437 2567 486 2601 μὲν
505 2566 553 2602 τὴν
575 2567 781 2602 ὀρτυγομήτραν
803 2566 897 2597 ἐλθεῖν,
921 2566 962 2592 δε-

175 2610 268 2637 δόσθαι
287 2611 315 2637 δὲ
336 2612 365 2638 ἐν
387 2612 456 2646 φωτὶ
480 2613 526 2638 καὶ
548 2612 638 2647 ὄρθρῳ
655 2612 684 2638 τὸ
703 2612 805 2647 nde/vat;
829 2609 913 2646 Οἶμαι
934 2612 962 2638 δὲ

176 2656 262 2690 ἔγωγε
278 2657 563 2692 πολυπραγμονεῖσθαι
581 2658 693 2692 πρέπειν
704 2666 710 2673 ·
726 2659 772 2684 καὶ
789 2658 840 2693 πρά
861 2667 892 2692 γε
907 2658 962 2684 τῶν

1011 2250 1087 2277 dedit
1098 2250 1177 2276 vobis
1188 2249 1260 2276 diem
1278 2250 1348 2277 hanc
1360 2249 1519 2277 Sabbatum.
1536 2249 1650 2282 Propter
1669 2247 1722 2274 hoc
1741 2247 1798 2281 ipse

1010 2294 1086 2321 dedit
1097 2294 1176 2320 vobis
1188 2293 1232 2321 die
1247 2298 1323 2320 sexto
1334 2302 1418 2328 panes
1433 2294 1549 2320 duorum
1569 2292 1687 2323 dierum,
1706 2291 1798 2319 sedete

1011 2340 1200 2374 unusquisque
1228 2340 1256 2366 in
1282 2340 1409 2366 domibus
1432 2339 1539 2371 vestris,
1563 2339 1656 2365 nullus
1676 2342 1797 2364 vestrum

1011 2385 1169 2419 egrediatur
1182 2393 1197 2412 e
1209 2382 1271 2417 loco
1282 2393 1332 2411 suo
1345 2385 1388 2412 die
1399 2385 1515 2419 septimo
1527 2385 1559 2411 ⁷⁸.
1577 2394 1585 2409 ι
1597 2384 1724 2417 Quaenam
1734 2390 1799 2410 vero

1014 2435 1104 2465 potest
1115 2439 1130 2458 a
1142 2430 1222 2458 nobis
1235 2431 1364 2465 assignari
1381 2431 1451 2458 ratio
1461 2431 1535 2458 hisce
1545 2431 1625 2458 dictis
1634 2430 1800 2457 conveniens

1013 2479 1186 2513 maximeque
1205 2478 1325 2505 idonea?
1344 2477 1443 2510 Quare,
1462 2478 1588 2509 obsecro,
1612 2476 1738 2504 c'oturnix
1756 2484 1799 2503 ve-

1013 2525 1086 2559 speri
1107 2524 1192 2556 venit,
1215 2532 1313 2551 manna
1338 2531 1403 2550 vero
1428 2523 1549 2550 diluculo
1562 2531 1594 2550 ac
1614 2530 1693 2549 mane
1707 2522 1799 2548 datum

1013 2569 1076 2596 est?
1088 2569 1220 2603 Equidem
1235 2577 1284 2603 par
1303 2577 1363 2598 esse
1380 2569 1509 2600 arbitror,
1525 2573 1556 2595 ut
1567 2571 1693 2595 accurate
1707 2567 1741 2593 de
1759 2566 1800 2594 his

1014 2613 1185 2647 inquiramus
1198 2621 1205 2646 ;
1218 2620 1249 2640 ac
1261 2620 1315 2647 pra:
1327 2613 1433 2639 caeteris
1441 2612 1506 2647 quid
1514 2611 1651 2642 coturnix,
1660 2609 1725 2644 quid
1735 2609 1800 2635 item

1014 2667 1114 2687 manna
1128 2659 1241 2694 ﬁgurate
1252 2668 1284 2687 ac
1297 2660 1383 2687 veluti
1400 2660 1427 2686 in
1441 2659 1546 2686 umer
1556 2658 1642 2692 ﬁgura
1654 2655 1798 2691 signiﬁcet.

175 2702 278 2735 ἄλλων,
300 2705 325 2730 τί
348 2705 398 2740 μὲν
419 2706 436 2740 ή
457 2705 659 2741 ὀρτυγομήτρα,
678 2706 747 2732 τίδὲ
766 2707 812 2732 καὶ
828 2706 856 2731 τὸ
881 2706 968 2740 μάννα
992 2707 1222 2742 κατασημαίνοιεν
1246 2708 1279 2735 ἂν
1302 2708 1506 2744 αἰνιγματωδῶς
1538 2706 1586 2733 καὶ
1619 2706 1655 2736 ὡς
1679 2704 1707 2730 ὲν
1723 2702 1801 2739 τύπῳ

178 2751 266 2782 σκιᾶς.

215 2841 238 2858 "'
250 2841 337 2869 Exod.
352 2850 406 2875 xvi,
424 2842 511 2870 meo.
549 2842 570 2856 ’⁵
589 2842 654 2869 ibid.
671 2842 715 2876 Ξῖ»,
727 2842 770 2868 Ἡ.

809 2842 831 2856 ⁷⁵
847 2841 913 2867 ibid.
929 2840 1025 2867 23-30.
