1999 3056
200 125 248 150 ἀῖξῖ
708 118 736 144 S.
757 118 891 146 CYRILLI
913 117 1147 146 ALEXANDRIM
1166 118 1324 164 ARtjlllEP.

1767 119 1819 147 456

235 181 254 206 7.
273 182 377 213 (amb-4
393 187 436 204 Lm!
445 178 497 203 vita
506 177 660 203 lmlmorum
667 184 721 203 non
730 177 764 203 sit
773 176 857 204 libera
865 185 879 204 a
887 183 984 204 eama—

1069 179 1102 209 γ’.
1119 176 1180 202 ’Ὁτι
1196 177 1284 203 τοίνυν
1296 175 1435 210 σαρκικῶν
1448 175 1600 209 ἐπιθυμιῶν
1614 174 1664 201 οὐκ
1679 175 1819 210 ἀπηλλαγε

204 224 508 259 i-I-mmpiscenliis,
518 224 595 250 facile
603 223 664 258 quis
672 223 845 255 intellexerit,
854 223 981 250 evidens—

198 282 249 305 -t_-ue
261 274 449 305 argi-cntum
458 268 551 301 fuerit,
559 268 632 303 quod
642 275 739 295 carnes
749 267 920 303 {Egyptiacas
929 266 981 294 sibi

199 327 222 343 ,ζ
242 317 333 343 ίιῦυιιι
352 318 485 349 quierant,
504 318 677 348 mentemque
690 313 733 340 his
749 313 856 340 deliciis
869 313 980 344 victam,

196 370 227 388 ac
239 359 379 395 tyrannide
391 367 549 394 oppressam
569 359 697 386 habeant.
714 358 788 385 Nihil
805 365 870 385 vero
886 358 938 385 tale
954 357 982 384 in

196 408 273 434 nobis
287 406 419 432 invenias.
437 405 604 432 Sauctiﬁcati
614 405 688 432 enim
703 412 799 431 sumus
816 404 844 431 in
860 403 981 435 Christo,

194 457 276 485 atque
292 451 342 477 ista
352 450 455 477 carnali
470 449 643 477 iuununditia
658 449 815 484 superiores
835 448 981 475 evasimus.

195 496 358 532 289Quod
368 496 478 530 quidem
491 499 608 523 testatur
621 495 731 522 divinus
747 495 849 521 Paulus
865 494 901 521 ita
914 493 983 520 scri-

194 542 263 568 betts
273 551 294 568 ει
304 542 354 574 Qui
362 546 426 568 sunt
439 542 466 568 in
472 542 581 568 Christo
587 541 661 572 Iesu,
668 548 777 567 carnem
789 539 985 566 cruciﬁxerunt

195 596 256 615 cum
271 588 416 615 aﬂ'ectibus
438 592 466 614 ct
489 587 724 622 concupiscentiis
740 587 773 613 ⁷⁷.
791 596 799 611 ι
816 585 920 620 Ecquid
943 589 985 612 est

198 643 206 659 ι
220 633 437 660 cruciﬁxerunt?
450 642 458 658 ι
478 632 531 660 nisi
543 632 616 667 quod
637 640 697 659 sese
713 631 878 659 tradiderint
890 631 984 663 morti,

195 679 332 714 spirituali
349 678 491 710 nimirum,
502 686 555 705 non
565 678 683 712 amplius
693 678 841 704 carnaliter
855 677 984 710 vivendo,

195 730 277 760 atque
294 725 460 759 temporaria
485 725 638 759 sapicndo;
663 725 711 751 sed
735 725 829 759 potius
847 734 856 749 ‹
869 723 985 751 mortiﬁ-

198 773 293 796 cantes
306 769 429 795 membra
451 773 572 800 terrena,
600 769 807 801 scortationem,
835 769 985 796 immundi-

197 813 274 845 tiam,
288 812 416 840 allectum
426 833 433 846 ,
448 814 699 848 concupiscentiam
713 813 870 846 malam”,i
887 819 915 841 et
929 821 986 841 am-

1035 221 1102 256 μένη
1113 221 1166 248 τῶν
1175 220 1405 256 Ἰουδαίωνήζωὴ,
1416 221 1494 247 νοοῖτ¹
1504 220 1537 247 ἂν
1549 220 1671 251 εἰκότως.
1687 220 1734 246 καὶ
1745 220 1819 255 ἐλέγ-

1033 267 1087 300 ξειε
1105 267 1197 302 σαφῶς
1205 268 1235 293 τὸ
1244 267 1360 302 ἐδώδιμα
1369 266 1502 293 ποιεῖσθαι
1512 266 1602 301 ζητεῖν
1610 266 1644 292 τὰ
1654 267 1682 292 ὲν
1691 266 1821 302 Αἰγύπτῳ

1033 314 1111 349 κρέα,
1128 314 1175 340 καὶ
1185 315 1244 344 ταῖς
1257 313 1296 345 εἰς
1307 313 1386 339 τοῦτο
1398 314 1493 348 ῥοπαῖς
1504 313 1720 347 ὲκνενικημένον,
1730 322 1822 348 μονον-

1032 359 1093 394 ουχὶ
1111 359 1139 384 δὲ
1155 359 1202 385 καὶ
1217 358 1432 394 τυραννούμενον
1450 359 1523 393 ἔχειν
1539 359 1584 385 τὸν
1600 358 1671 385 νοῦν.
1691 359 1760 385 Ἀλλ’
1772 359 1822 385 οὐκ

1032 405 1066 431 ἂν
1085 405 1170 440 ὁρῷτο
1187 404 1220 430 τὰ
1241 404 1301 430 καθ’
1314 405 1388 440 ἡμᾶς
1404 405 1433 431 ὲν
1449 404 1562 435 τούτοις.
1585 404 1754 439 Ἠγιάσμεθα
1769 404 1822 440 γὰρ

1034 451 1062 476 ὲν
1073 450 1193 486 Χριστῷ,
1206 451 1254 477 καὶ
1262 451 1344 486 ἐσμὲν
1359 450 1487 477 ἐπέκεινα
1498 450 1630 485 σαρκικῆς
1642 450 1821 485 ἀκαθαρσίας.

1041 496 1276 531 Ἐπιμαρτυρήσει
1301 495 1329 522 δὲ
1356 495 1469 531 γράφων
1496 495 1510 521 ὁ
1535 488 1678 526 θεσπέσιος
1700 494 1822 526 Παῦλοςσ

1038 552 1045 567 ι
1071 543 1101 569 Οί
1119 542 1146 568 δὲ
1168 542 1214 568 τοῦ
1235 541 1353 576 Χριστοῦ
1373 541 1471 577 Ἰησοῦ,
1483 541 1532 576 τὴν
1545 541 1634 576 σάρκα
1645 541 1824 577 ἐσταύρωσαν

1036 588 1083 614 σὺν
1099 589 1154 619 τοῖς
1170 587 1315 622 παθήμασι
1331 587 1377 613 καὶ
1387 588 1447 617 ταῖς
1460 586 1628 622 ἐπιθυμίαις.
1646 595 1656 612 ›
1672 587 1728 613 Καὶ
1742 586 1768 612 τί
1782 586 1822 618 τὸ,

1038 641 1047 658 t
1065 631 1259 667 ὲσταύρωσαν;
1288 641 1296 656 ι
1326 631 1384 658 ἀντὶ
1408 630 1465 663 τοῦ,
1481 630 1588 666 θανάτῳ
1604 630 1823 666 παραδεδώκασι,

1035 677 1122 713 νοητῷ
1135 678 1264 712 δηλονότι,
1279 677 1323 704 διά
1338 686 1369 711 γε
1383 677 1413 703 τὸ
1432 677 1469 712 μὴ
1489 677 1632 712 ἀνέχεσθαι
1648 677 1718 703 κατὰ
1736 677 1825 713 σάρκα

1035 722 1095 759 ζῇν,
1112 725 1181 758 μήτε
1200 724 1252 758 μὴν
1265 723 1371 749 ἑλέσθαι
1393 724 1502 758 φρονεῖν
1521 722 1556 749 τὰ
1572 723 1739 758 πρόσκαιρα,
1773 731 1825 749 κα-

1035 768 1183 806 τανεκροῦν
1203 768 1232 795 δὲ
1248 768 1347 804 μᾶλλον
1359 768 1392 795 τὰ
1410 768 1478 803 μέλη
1495 768 1527 794 τὰ
1542 768 1587 794 ἐπὶ
1604 769 1664 803 γῆς,
1688 768 1825 802 πορνείαν,

1037 815 1132 846 πάθος,
1146 814 1293 849 ἐπιθυμίαν
1300 814 1399 850 κακὴν,
1419 814 1466 840 καὶ
1477 815 1639 848 περιπατεῖν
1652 813 1700 848 μὲν
1712 813 1824 848 ὲπὶγῆς,

197 859 325 886 bulantes
338 859 451 894 quidem
466 860 585 892 interra,
600 864 658 887 toto
686 864 777 887 autem
793 865 904 895 pectore
917 868 984 888 con-

1039 861 1176 896 γλίχεσθαι
1193 860 1221 886 δὲ
1235 860 1337 895 σφόδρα
1349 860 1402 886 τῶν
1420 860 1476 887 ἄνω
1495 859 1711 894 πολιτευμάτων.
1726 859 1827 894 Διαμέ-

196 905 343 933 tendentes
359 910 442 940 atque
454 905 609 940 aspirantes
619 906 651 932 ad
664 906 747 932 vitam
757 913 916 940 supernam.
931 906 985 933 Me-

196 951 336 978 minerunt
371 951 444 977 enim
480 958 566 978 sacrae
603 951 753 986 Scriptum
789 951 984 978 exclamanlis:

202 1006 211 1022 ι
228 996 332 1031 Spiritu
348 996 499 1028 ambulate,
515 1001 543 1023 et
556 997 808 1036 concupiscentiam
823 996 915 1023 carnis
930 1003 985 1023 non

197 1042 346 1076 perticietis
354 1043 388 1069 7“.
403 1052 411 1068 ι
422 1043 497 1070 Mens
514 1043 598 1078 igitur
607 1043 765 1070 Judzeorum
777 1044 885 1070 inﬁrma
894 1047 946 1075 est,
959 1046 986 1070 et

197 1089 233 1116 ab
260 1089 408 1116 atIcctuum
434 1089 660 1123 corruptionibus
680 1089 760 1116 facile
793 1094 985 1124 expugnatur:

197 1135 298 1169 quippe
316 1140 376 1169 qua-
389 1135 480 1161 adhuc
504 1139 578 1161 amet
596 1135 727 1166 carnalia,
744 1139 772 1162 et
792 1139 900 1161 terrena
922 1142 988 1161 con-

197 1181 331 1215 cupiscat.
348 1180 405 1207 Hoc
421 1184 512 1207 autem
526 1180 616 1212 nobis,
633 1184 663 1206 ut
676 1180 744 1212 dixi,
764 1188 812 1214 per
829 1179 987 1207 coturnices

197 1226 377 1261 signiﬁcatur.
405 1226 441 1252 Ac
454 1225 558 1261 praebet
575 1225 687 1260 quidem
708 1226 780 1252 Deus
799 1225 986 1260 cupientibus,

198 1279 254 1299 non
267 1272 410 1306 impellens
430 1279 477 1299 eos
490 1271 523 1298 ad
549 1272 813 1306 concupiscendum,
835 1279 924 1306 neque
937 1271 987 1298 ad—

198 1319 253 1346 huc
264 1318 420 1345 concedens
437 1318 547 1344 fortiter
568 1318 714 1345 aﬂ‘ectibus
737 1318 882 1350 resistere;
899 1325 987 1353 neque

197 1364 273 1392 enim
291 1364 324 1390 iis
340 1364 387 1398 qui
410 1363 462 1390 sub
475 1363 534 1398 lege
557 1367 621 1390 sunt
635 1365 764 1390 convenit
784 1364 913 1398 splendor
925 1364 988 1391 vine

196 1414 226 1437 et
236 1410 357 1444 perfecta
371 1409 562 1440 sanctiﬁcatio,
579 1409 627 1436 sed
642 1409 676 1436 iis
687 1409 779 1443 potius
805 1409 851 1444 qui
867 1410 893 1436 in
909 1409 989 1437 Chri-

197 1458 241 1482 sto
252 1457 326 1486 sunt,
336 1458 473 1481 servatur.
483 1454 560 1481 Unde
572 1458 600 1481 et
610 1458 801 1481 testamentum
809 1462 910 1481 novum
923 1462 986 1489 pro-

1038 915 1136 941 μνηται
1159 906 1213 940 γὰρ
1229 906 1344 940 βοῶντος
1368 906 1532 940 Γράμματος
1549 904 1633 940 ἱεροῦ·
1654 914 1663 931 ‹
1688 904 1827 939 Πνεὺματι

1037 954 1223 988 περιπατεῖτε,
1240 952 1287 978 καὶ
1301 951 1448 986 ἐπιθυμίαν
1461 943 1562 986 σαρκὸς
1576 951 1606 977 οὺ
1618 951 1655 986 μὴ
1671 949 1824 985 τελέσητε.»

1043 998 1172 1034 Ἀδρανὴς
1188 996 1234 1024 οὖν
1256 998 1309 1033 ἄρα
1328 997 1382 1024 τῶν
1415 997 1549 1023 Ἰουδαίων
1571 997 1585 1022 ὁ
1612 996 1685 1028 νοῦς.
1707 995 1753 1022 καὶ
1767 996 1828 1027 ταῖς

1036 1044 1089 1070 τῶν
1103 1043 1197 1070 παθῶν
1209 1043 1372 1079 προσϐολαῖς
1384 1041 1451 1068 πολὺ
1463 1042 1494 1077 δὴ
1506 1042 1565 1068 λίαν
1576 1042 1810 1074 εὐκαταγώνιστος
1818 1048 1825 1055 ·

1038 1091 1087 1125 ὲρᾷ
1102 1090 1155 1125 γὰρ
1173 1089 1213 1116 ἔτι
1228 1089 1283 1115 τῶν
1297 1089 1448 1124 σαρκικῶν,
1465 1089 1512 1115 καὶ
1527 1089 1641 1124 ἡττᾶται
1654 1088 1709 1115 τῶν
1730 1087 1828 1122 γεωδε-

1038 1135 1151 1170 στέρων.
1167 1134 1252 1161 Ταυτὶ
1266 1134 1295 1160 δὲ
1313 1135 1390 1169 ἡμῖν,
1404 1134 1442 1165 ὼς
1458 1134 1537 1169 ἔφην,
1552 1133 1597 1159 διὰ
1611 1135 1661 1169 τῆς
1674 1133 1828 1168 ὀρτυγομή-

1037 1190 1105 1216 τρας
1133 1180 1304 1215 σημαίνεται.
1332 1180 1438 1215 Ὀρέγει
1461 1188 1493 1213 γε
1509 1179 1561 1214 μὴν
1576 1178 1734 1213 ἐπιζητοῦσι
1750 1178 1826 1210 Θεὸς,

1038 1227 1086 1261 οὐχ
1101 1226 1187 1252 ἕλκων
1203 1226 1284 1257 αὐτὸς
1304 1226 1344 1256 εἰς
1368 1225 1526 1260 ἐπιθυμίας,
1541 1223 1618 1251 οὔπω
1636 1225 1668 1264 ρὲ
1692 1224 1779 1255 διδοὺς
1798 1223 1828 1250 τὸ

1038 1271 1293 1299 κατα-νεανιεύεσθαι
1310 1271 1422 1297 παθῶν·
1448 1271 1488 1297 ὃτι
1520 1271 1557 1306 μὴ
1585 1272 1640 1302 τοῖς
1655 1271 1684 1297 ὲν
1710 1270 1784 1306 νόμῳ
1799 1269 1829 1296 τὸ

1039 1319 1177 1354 ἐκπρεπὲς
1191 1318 1230 1348 είς
1244 1316 1329 1351 ζωὴν,
1344 1316 1391 1343 καὶ
1410 1316 1441 1343 τὸ
1455 1317 1493 1348 εἰς
1509 1316 1583 1343 ἅπαν
1598 1316 1774 1351 ἡγιασμένον,
1785 1324 1829 1342 τε-

1038 1367 1141 1401 τήρητο
1165 1365 1193 1391 δὲ
1223 1363 1323 1399 μᾶλλον
1342 1364 1397 1394 τοῖς
1415 1363 1443 1389 ὲν
1457 1360 1603 1398 πνεῧματι.
1620 1363 1764 1398 Τοιγάρτοι
1780 1363 1830 1389 καὶ

1039 1410 1171 1446 διαθήκην
1185 1410 1281 1445 καινὴν
1296 1409 1477 1443 ἐπηγγείλατο
1491 1408 1536 1435 διὰ
1552 1409 1692 1444 προφήτου
1706 1408 1782 1440 θεὸς,
1797 1409 1828 1434 οὐ

1041 1457 1100 1483 κατ’
1117 1456 1224 1491 ἐκείνην
1239 1457 1290 1492 τὴν
1302 1456 1423 1491 πρώτην,
1439 1456 1479 1481 ὅτι
1496 1454 1532 1490 μὴ
1550 1454 1606 1489 ἔχει
1620 1455 1650 1481 τὸ
1668 1454 1828 1489 ἄμεμπτον·

199 1500 357 1527 misitDeus
369 1508 418 1534 per
433 1500 608 1534 prophetam,
623 1508 680 1527 non
706 1500 786 1535 quale
805 1501 883 1535 prius
910 1501 987 1532 illud,

1042 1501 1137 1536 ἑτέραν
1154 1501 1182 1527 δὲ
1194 1501 1241 1527 καὶ
1254 1499 1452 1535 πνευματικὴν,
1466 1499 1585 1525 τελειοῦν
1602 1498 1746 1535 ἰσχύουσαν
1760 1499 1830 1525 κατὰ

198 1546 271 1580 quod
281 1553 335 1572 non
345 1545 396 1572 fuit
407 1545 519 1572 omnino
528 1545 787 1580 irreprehensibile:
801 1546 848 1573 sed
860 1546 987 1579 alterum,

199 1591 274 1625 quod
299 1594 342 1630 est
367 1590 521 1624 spirituale,
545 1590 676 1625 quodque
692 1591 825 1625 perﬁcere
843 1595 934 1626 potest
958 1599 990 1619 ac

199 1629 390 1663 consummare
419 1643 468 1662 eos
486 1636 533 1670 qui
560 1636 742 1667 crediderint,
769 1637 797 1663 in
811 1637 990 1664 conscientia.

199 1682 268 1709 Vide
281 1686 373 1708 autem
388 1689 443 1715 quo
456 1686 536 1716 pacto
551 1682 660 1716 vesperi
680 1681 728 1708 ﬁat
757 1683 932 1710 coturnicum
945 1691 992 1711 vo-

200 1730 272 1757 latus
284 1729 317 1755 ad
331 1729 489 1756 Judreorum
502 1736 675 1763 synagogam.
692 1729 737 1756 Ait
752 1730 824 1756 enim
836 1738 842 1756 :
859 1739 868 1755 ‹
879 1730 992 1757 Factum

200 1779 244 1802 est
257 1782 384 1809 vespere,
398 1780 425 1801 et
446 1774 569 1801 ascendit
592 1775 718 1801 coturnix
733 1784 739 1801 ε
755 1784 763 1799 ι
777 1775 890 1810 oblique.
911 1775 992 1803 nobis

202 1821 334 1848 innuente
362 1820 447 1855 ﬁgura
474 1820 546 1854 quod
570 1820 617 1854 qui
642 1820 761 1847 terrenis
784 1821 867 1847 rebus
889 1820 991 1848 addicti

203 1871 281 1898 sunt,
296 1871 505 1893 nonverseutur
520 1867 548 1893 in
572 1866 633 1893 luce.
657 1866 833 1901 intelligibili,
850 1867 898 1894 sed
927 1871 990 1894 tan-

201 1920 283 1947 quam
295 1913 322 1939 in
336 1917 417 1939 nocte
433 1920 464 1939 ac
480 1905 612 1939 tenebris.
625 1912 714 1947 Atque
727 1912 764 1939 ita
778 1913 892 1939 omnino
904 1920 933 1940 se
947 1921 991 1940 res

202 1959 294 1990 habet,
307 1959 371 1993 quia
393 1966 471 1985 mens
491 1959 649 1985 Judzeornm
673 1966 848 1993 nequaquam
874 1959 992 1986 liberata

201 2009 244 2031 est
256 2005 290 2032 ab
304 2005 440 2039 imperitia
463 2009 490 2031 et
505 2005 631 2032 caecitate
654 2008 737 2038 atque
749 2005 865 2039 caligine
889 2005 991 2031 intelli-

202 2049 288 2085 gibili.
311 2049 379 2076 Hinc
392 2054 419 2075 et
430 2049 557 2076 Christus
569 2049 713 2079 exclamat.
726 2048 834 2075 dicens:
847 2048 920 2083 «Ego
931 2056 992 2075 sum

203 2096 251 2123 lux
273 2095 368 2122 mundi
385 2095 418 2121 "°.
436 2105 444 2119 ι
461 2095 491 2122 lu
513 2095 630 2129 caligine
656 2097 747 2128 itaque
776 2098 804 2121 et
818 2094 845 2121 in
872 2095 993 2122 tenebris

203 2146 276 2174 sunt,
287 2142 333 2176 qui
343 2141 464 2168 nondum
478 2144 643 2175 receperunt
656 2139 748 2171 ﬁdem,
757 2140 859 2174 quippe
869 2140 916 2174 qui
925 2148 994 2167 non-

1043 1547 1194 1582 συνείδησιν
1208 1546 1272 1577 τοὺς
1287 1546 1474 1577 πιστεύοντας,
1487 1545 1541 1572 Θέα
1555 1545 1583 1572 δὲ
1597 1545 1692 1580 ὥσπερ
1708 1545 1736 1571 ὲν
1750 1544 1831 1571 ἑσπέ-

1043 1602 1078 1629 ρᾳ
1091 1593 1130 1629 [ὴ]
1144 1594 1197 1619 τῶν
1208 1592 1421 1629 ὀρτυγομητρῶν
1433 1593 1537 1626 γίνεται
1548 1592 1615 1627 πρὸς
1625 1592 1676 1627 τὴν
1697 1591 1831 1618 Ἰουδαίων

1042 1640 1206 1675 Συναγωγὴν
1220 1640 1329 1674 πτῆσις.
1347 1639 1417 1674 Φησὶ
1431 1639 1494 1676 γάρ’
1512 1649 1520 1666 t
1541 1639 1664 1674 Ἐγένετο
1678 1639 1705 1665 δὲ
1717 1638 1830 1673 ἑσπέρα,

1042 1687 1089 1714 καὶ
1104 1686 1187 1721 ἀνέϐη
1204 1686 1410 1721 ὀρτυγομήτρα·
1432 1695 1440 1711 ι
1457 1686 1580 1720 πλαγίως
1597 1686 1663 1720 ἡμῖν
1677 1684 1724 1711 τοῦ
1740 1685 1830 1719 πράγ-

1044 1741 1127 1768 ματος
1143 1731 1370 1766 ὑπεμφαίνοντος,
1384 1732 1425 1758 ὅτι
1441 1731 1507 1766 μηδέ
1523 1732 1596 1757 ἔστιν
1615 1731 1643 1756 ἐν
1659 1731 1728 1764 φωτὶ
1743 1728 1832 1764 νοητῷ

1042 1778 1096 1805 τῶν
1110 1779 1212 1813 γηΐνων
1227 1779 1240 1804 ὁ
1256 1778 1383 1813 ἐραστὴς,
1401 1778 1456 1803 ἀλλ’
1476 1777 1514 1808 ὡς
1529 1779 1557 1803 ὲν
1571 1777 1649 1804 νυκτὶ
1666 1777 1713 1803 καὶ
1731 1775 1830 1810 σκότῳ.

1042 1825 1096 1851 Καὶ
1112 1825 1143 1850 τὸ
1162 1823 1258 1858 χρῆμά
1271 1824 1355 1855 ἐστιν,
1370 1823 1399 1849 οὺ
1412 1821 1628 1857 διεψευσμένως·
1649 1821 1767 1856 ἀμαθίας
1777 1819 1832 1856 γὰρ

1043 1869 1091 1896 καὶ
1105 1869 1270 1904 πωρώσεως,
1284 1869 1368 1903 ἦγουν
1384 1867 1482 1903 ἀχλύος
1495 1868 1545 1901 τῆς
1559 1867 1668 1902 νοητῆς,
1683 1867 1697 1893 ὁ
1706 1866 1759 1893 τῶν
1768 1866 1833 1893 Ἰου-

1022 1915 1123 1953 χδαίων
1140 1915 1193 1940 οὐκ
1212 1914 1385 1949 ἀπήλλακται
1400 1913 1471 1945 νοῦς.
1495 1913 1640 1948 Τοιγάρτοι
1665 1913 1711 1939 καὶ
1733 1912 1746 1938 ὁ
1765 1913 1830 1947 Χρι-

1043 1960 1104 1991 στὸς
1135 1959 1306 1995 προσεφώνει
1331 1959 1417 1993 λέγων
1432 1967 1439 1976 ⁸
1469 1968 1478 1983 ι
1499 1958 1569 1993 Ἐγώ
1585 1959 1643 1994 εἰμι
1659 1958 1690 1984 τὸ
1708 1957 1764 1991 φῶς
1784 1957 1832 1983 τοῦ

1042 2006 1182 2040 κόσμου.»
1211 2005 1256 2032 Ἐν
1286 2004 1366 2040 ἀχλύῐ
1395 2004 1427 2040 δὴ
1463 2002 1510 2031 οὖν
1540 2004 1588 2031 καὶ
1616 2004 1655 2036 ὼς
1688 2005 1716 2030 ὲν
1744 2003 1833 2038 σκότῳ

1042 2049 1133 2076 λοιπὸν
1158 2050 1182 2075 οι
1214 2048 1291 2076 οὖπω
1315 2049 1544 2081 πεπιστευκότες¹
1569 2049 1599 2076 οὐ
1625 2048 1680 2084 γὰρ
1703 2049 1833 2083 ἀφίκοντο

1043 2095 1112 2130 πρὸς
1138 2095 1169 2121 τὸ
1192 2095 1259 2130 φῶς.
1291 2095 1363 2129 Ἔφη
1386 2094 1414 2121 δέ
1440 2103 1491 2121 που
1523 2095 1586 2130 περί
1616 2103 1646 2121 τε
1670 2095 1724 2121 τῶν
1747 2095 1832 2130 Φαρι-

1044 2141 1127 2166 σαίων
1161 2141 1208 2167 καὶ
1241 2140 1296 2167 τῶν
1331 2140 1384 2166 ὑπὸ
1410 2141 1488 2176 χεῖρα
1522 2140 1611 2172 λαῶν,
1646 2141 1660 2167 ὸ
1694 2139 1831 2175 Χριστός·

204 2188 268 2214 dum
279 2187 406 2214 venerint
417 2186 449 2213 ad
466 2186 566 2212 lucem.
588 2185 633 2212 Ait
646 2185 720 2212 enim
733 2185 799 2211 alibi
817 2185 944 2212 Christus
956 2185 988 2212 de

1046 2195 1055 2212 ι
1079 2187 1177 2221 ’Ἅφετε
1194 2186 1301 2218 αὐτούς·
1318 2187 1413 2220 τυφλοὶ
1426 2187 1481 2222 γάρ
1491 2187 1570 2219 εἰσιν,
1586 2186 1677 2221 ὁδηγοὶ
1690 2185 1807 2219 τυφλῶν.
1820 2195 1828 2210 ι

204 2231 348 2260 ΡΙιιιιίεέιξίδ
373 2236 400 2258 et
426 2231 526 2266 populo
551 2230 618 2265 ipsis
637 2230 778 2264 subjecto:
805 2230 911 2256 «Sinite
933 2238 991 2262 eos,

205 2277 270 2304 caeci
283 2281 358 2309 sunt,
372 2281 400 2304 et
413 2277 498 2303 duces
522 2283 658 2303 caecorum
671 2274 704 2300 3‘.
717 2283 725 2299 ›
739 2275 815 2302 Mens
840 2275 924 2309 igitur
943 2275 993 2302 Ju-

204 2323 326 2350 daeorum
343 2330 414 2349 czeca
431 2326 459 2348 et
472 2321 586 2348 luminis
595 2328 705 2355 expers,
720 2321 836 2354 ideoque
849 2321 941 2348 carnis
952 2320 992 2347 af--

203 2369 323 2396 teetibus
346 2369 483 2399 laborant,
507 2371 559 2394 eta
583 2367 701 2394 terrenis
715 2367 798 2394 rebus
813 2367 991 2402 dependent;

205 2423 304 2443 manna
317 2423 382 2441 vero
409 2421 555 2441 censemus
569 2421 629 2440 esse
643 2414 766 2440 umbram
789 2421 819 2441 ac
843 2418 936 2449 typum
950 2414 993 2440 di-

205 2461 328 2495 sciplinae
340 2459 520 2486 ac‘donorum
539 2458 654 2491 Christi,
673 2466 733 2493 qua:
749 2466 764 2486 e
777 2459 904 2493 supernis
917 2464 992 2492 sunt,

206 2514 294 2540 neque
307 2505 456 2540 quidquam
464 2504 780 2537 habentterrenum,sed
789 2505 879 2539 potius
892 2505 993 2532 abhor—

205 2552 307 2579 rcntab
319 2551 885 2586 istacarnaliexsecratione290‘suntque
897 2559 993 2578 revera

206 2607 259 2626 non
273 2597 416 2624 hominum
433 2597 532 2629 solum,
550 2597 597 2624 sed
610 2597 770 2632 angelorum
780 2597 862 2624 etiam
875 2597 989 2624 cibaria.

205 2644 291 2671 Filius
299 2643 373 2671 enim
390 2643 417 2670 in
430 2643 520 2678 scipso
534 2643 643 2670 Patrem
664 2642 744 2670 nobis
756 2642 951 2674 manifestavit,
964 2647 993 2670 et

206 2697 253 2724 per
267 2689 356 2723 ipsum
368 2688 470 2716 eruditi
482 2696 577 2715 sumus
589 2691 690 2715 sanctae
706 2691 734 2715 et
750 2688 994 2715 consubstantialis

205 2734 347 2762 Trinitatis
355 2735 502 2767 rationem,
515 2734 640 2768 adeoque
650 2733 676 2760 in
684 2741 793 2760 omnem
802 2734 913 2761 virtutis
920 2734 991 2761 viam

239 2824 263 2841 ""
279 2824 364 2853 Galat.
380 2834 408 2859 v,
421 2827 464 2854 24.
498 2827 520 2844 ⁷³
531 2825 637 2854 Coloss.
653 2825 728 2859 111,5,
768 2826 789 2842 ’θ
806 2825 892 2855 Galat.
906 2835 932 2862 v,
953 2828 993 2856 l6.

1048 2233 1183 2268 Ἀφεγγὴς
1203 2231 1250 2259 οὖν
1267 2233 1320 2267 ἄρα
1340 2233 1394 2259 τῶν
1421 2232 1552 2260 Ἰουδαίων
1572 2233 1586 2258 ό
1602 2232 1678 2264 νοῦς·
1693 2233 1832 2267 τοιγάρτοι

1041 2278 1147 2304 νοσοῦσι
1163 2278 1234 2305 κατὰ
1246 2279 1357 2314 σαρκὸς,
1373 2280 1420 2306 καὶ
1433 2279 1573 2314 μονονουχὶ
1583 2279 1629 2305 xui
1647 2278 1833 2313 ὲκκρέμανται

1041 2324 1094 2350 τῶν
1110 2324 1311 2359 γεωδεστέρων.
1332 2324 1504 2360 Λογιούμεθα
1524 2323 1571 2351 οὖν
1592 2324 1622 2350 τὺ
1640 2325 1737 2359 μάννα,
1753 2323 1833 2349 σκιὰν

1043 2368 1112 2396 εἶναι
1131 2370 1178 2396 xai
1193 2369 1278 2396 τύπον
1302 2371 1355 2396 τῶν
1378 2371 1421 2397 διὰ
1445 2370 1564 2406 Χριστοῦ
1590 2370 1782 2405 παιδευμάτων
1803 2377 1834 2395 τε

1044 2416 1091 2443 καὶ
1107 2416 1295 2451 χαρισμάτων,
1311 2416 1328 2443 ἃ
1345 2417 1392 2443 καὶ
1407 2416 1509 2443 ἄνωθέν
1528 2418 1584 2443 ἐστι
1603 2417 1649 2443 καὶ
1660 2417 1689 2447 ἐξ
1705 2416 1832 2450 οὐρανοῦ,

1045 2462 1092 2488 καὶ
1104 2462 1134 2487 τὸ
1149 2462 1248 2495 γεῶδες
1264 2463 1314 2488 οὐκ
1327 2461 1383 2496 ἔχει
1399 2461 1480 2489 ποθέν
1490 2471 1496 2477 ·
1515 2463 1624 2498 ἀμοιρεῖ
1635 2463 1663 2489 δὲ
1677 2462 1775 2497 μᾶλλον
1787 2463 1834 2488 xz‘t

1045 2507 1184 2543 βδελυρίας
1200 2508 1345 2544 σαρκικῆς,
1365 2508 1410 2535 καὶ
1439 2509 1512 2534 ἔστιν
1531 2508 1637 2544 ἀληθῶς
1656 2509 1705 2535 οὐκ
1731 2508 1834 2544 ἀνθρώ-

1045 2562 1102 2580 πων
1117 2554 1206 2588 μόνον,
1232 2554 1300 2580 ἀλλά
1327 2554 1373 2580 καὶ
1395 2554 1519 2588 ἀγγέλων
1534 2555 1631 2589 τροφή.
1653 2554 1834 2589 Πεφανέρωκε

1045 2599 1099 2634 γὰρ
1117 2599 1181 2634 ἡμῖν
1198 2601 1212 2625 ὁ
1224 2599 1286 2630 TR;
1303 2600 1332 2625 ὲν
1349 2599 1436 2634 ἑαυτῷ
1451 2600 1495 2625 τὸν
1513 2601 1634 2635 Πατέρα,
1648 2601 1694 2626 καὶ
1708 2601 1753 2627 τὸν
1771 2600 1833 2635 περὶ

1047 2645 1095 2679 τῆς
1111 2645 1190 2679 ἁγίας
1203 2645 1248 2672 καὶ
1260 2645 1401 2680 ὀμοουσίου
1417 2645 1531 2681 Τριάδος
1545 2645 1623 2679 λόγον
1636 2646 1670 2672 δι’
1687 2646 1768 2673 αὑτοῦ
1787 2654 1831 2671 πε-

1047 2690 1224 2725 πιστεύμεθα,
1251 2691 1298 2716 καὶ
1319 2691 1359 2721 εἰς
1378 2691 1466 2717 πᾶσαν
1487 2690 1580 2726 τρίὸον
1602 2691 1702 2726 ἀρετῆς
1717 2689 1746 2717 εὖ
1763 2690 1833 2726 μάλα

1048 2736 1273 2771 πεποδηγήμεθα.
1290 2736 1383 2772 Τροφὴ
1395 2737 1422 2762 δὲ
1435 2736 1608 2771 πνευμάτων,
1621 2738 1636 2772 ἡ
1651 2737 1679 2763 ἓν
1689 2745 1716 2771 γε
1731 2739 1834 2769 τούτοις

1033 2829 1055 2845 ⁸⁸
1068 2828 1145 2856 Joan.
1161 2837 1216 2857 Vm.
1257 2829 1299 2855 12.
1366 2830 1395 2867 λυ
1411 2829 1507 2857 Matth.
1526 2839 1569 2864 xv,
1587 2831 1629 2858 M.
